4046 6532
551 470 692 540 1159

1437 453 2029 521 THEOPHYLACTI
2072 447 2488 515 BULGARLE
2530 445 2893 507 ARCIIILP.

3701 435 3832 501 1160

547 589 771 642 tionem.
806 580 864 637 la
889 580 1034 634 hunc
1059 589 1125 632 se
1157 571 1376 628 modum
1413 573 1644 626 mendax
1676 567 1962 640 phantasia
1993 581 2140 633 sem-

2255 566 2436 636 τασίᾳ.
2485 566 2724 617 Ἀτοπον
2753 562 2864 629 γὰρ
2926 559 3022 611 καὶ⁵
3074 554 3306 626 ἀνόητον
3359 547 3670 615 πιστεύειν,
3704 552 3777 615 ὼς
3818 553 3844 606 ὀ

549 693 647 750 per
677 681 940 731 ostentat.
1004 686 1024 720 ι
1087 665 1155 721 Et
1185 665 1450 720 habitavit
1484 663 1536 716 in
1575 662 1754 716 nobis.
1805 678 1824 712 ι
1873 657 2137 725 Quoniam

548 784 713 839 supra
774 766 1003 826 dixerat,
1042 757 1330 814 (Verbum
1375 770 1502 811 caro
1571 753 1774 808 factum
1823 763 1942 818 est,
1999 771 2016 803 ι
2084 761 2139 803 ut

547 874 615 915 tis
671 858 792 926 quis
875 854 1187 924 suspicetur
1247 849 1389 918 quod
1445 861 1548 900 una
1612 854 1805 900 natura
1867 841 2010 898 facta
2069 844 2143 896 sit

546 948 815 1011 Christus,
853 946 976 1001 ideo
1014 945 1220 1006 subdit,
1264 960 1281 994 ι
1316 937 1380 993 Ει
1413 939 1676 993 habitavit
1700 937 1752 991 in
1789 935 1967 1000 nobis,
2031 952 2047 984 ι
2082 942 2140 986 ιιι

543 1041 797 1097 ostendat
844 1041 978 1094 duas
1036 1045 1283 1098 naturas,
1325 1044 1568 1086 nostram
1607 1031 1836 1093 scilicet,
1871 1044 1932 1082 ac
1957 1026 2138 1080 Verbi.

545 1133 682 1189 Nam
715 1132 857 1188 sicut
887 1131 1110 1184 alterius
1159 1137 1366 1179 naturas
1392 1131 1480 1177 est
1521 1122 1949 1184 tabernaculum,
1982 1129 2036 1173 et
2065 1120 2142 1172 al-

547 1225 716 1279 terius
747 1224 791 1275 is
836 1220 925 1290 qui
975 1217 1241 1271 inhabitat
1289 1215 1341 1267 in
1376 1228 1440 1268 eo
1467 1233 1478 1266 :
1510 1212 1582 1264 ita
1609 1219 1664 1263 et
1701 1209 1935 1263 Vetbum
1973 1207 2024 1259 in
2049 1219 2143 1259 no-

549 1317 633 1373 bis
684 1315 930 1370 habitare
984 1314 1204 1376 dicitur,
1252 1308 1352 1362 hoc
1388 1316 1492 1370 est,
1551 1305 1605 1358 iu
1641 1312 1823 1357 nostra
1850 1310 2142 1366 natura,et

549 1410 775 1464 alterius
807 1406 967 1476 517
1009 1415 1093 1458 est
1123 1415 1330 1456 natura:
1361 1415 1520 1468 quam
1547 1399 1616 1452 sit
1665 1407 1874 1451 nostra.
1898 1392 2141 1448 Confun-

548 1500 748 1555 dantur
795 1497 1057 1558 Armenii,
1086 1497 1175 1564 qui
1203 1508 1364 1545 unam
1413 1491 1600 1545 colunt
1647 1499 1916 1542 naturam.
1955 1486 2144 1540 Disci-

549 1608 670 1646 tuus
697 1591 881 1659 igitur
922 1604 1040 1659 per,
1085 1605 1102 1638 ι
1145 1585 1382 1639 Verbum
1417 1599 1545 1639 caro
1571 1582 1772 1637 factum
1801 1593 1906 1647 cst,
1941 1599 1960 1632 ι
1997 1580 2139 1649 quod

548 1681 735 1752 ipsum
754 1677 992 1732 Verbum
1044 1677 1206 1732 homo
1236 1675 1434 1729 iactum
1475 1685 1559 1729 est
1590 1691 1604 1726 :
1635 1683 1690 1728 et
1725 1689 1847 1728 cunt
1885 1672 1954 1726 sit
1977 1671 2144 1725 Filius

548 1774 667 1839 Dei,
724 1773 927 1828 factum
975 1782 1058 1826 est
1123 1770 1266 1824 lilius
1317 1769 1580 1831 mulieris.
1621 1783 1740 1836 qua:
1773 1769 1990 1838 pr0prie
2018 1766 2141 1820 Dei-

2247 659 2372 722 Υἱὸς
2402 656 2499 712 τοῦ
2539 656 2700 718 Θεοῦ,
2735 653 2967 724 ἀλήθεια
3000 649 3075 704 ὣν
3101 651 3196 703 καὶ
3212 645 3538 716 λεγόμενος,
3574 643 3842 714 ἐψεύσατο

2242 755 2343 826 τὴν
2369 751 2785 822 ὲνανθρώπησιν
2812 764 2824 776 ·
2862 745 3104 800 τοιοῦτον
3138 743 3248 813 γὰρ
3283 743 3316 813 ή
3377 741 3674 809 φαντασία,
3717 738 3843 807 alveu-

2246 849 2342 920 δὴς
2387 848 2605 909 πάντως
2633 843 2882 908 ἔνδειξις.
2924 862 2940 893 ι
2997 839 3107 894 Καὶ
3169 837 3485 906 ἐσκήνωσεν
3542 834 3601 884 ὲν
3632 833 3785 900 ἡμῖν.
3821 850 3837 881 t

2257 940 2479 1005 Ἐπειδὴ
2513 940 2626 993 ἄνω
2651 933 2832 996 εἶπεν,
2865 935 2946 988 ὅτι
2987 953 3005 985 ι
3057 932 3117 984 '0
3152 929 3326 996 Λόγος
3350 927 3490 997 σὰρξ
3521 926 3767 991 ἐγένετο,
3821 944 3837 975 ι

2247 1037 2334 1088 ἵνα
2368 1036 2442 1104 μή
2469 1051 2552 1096 τις
2579 1029 2852 1101 ὑπολάσῃ,
2886 1029 2969 1082 ὅτι
3006 1027 3104 1097 μία
3136 1024 3300 1093 φύσις
3333 1023 3526 1073 λοιπὸν
3558 1021 3782 1087 ἐγένετο
3821 1020 3845 1071 ό

2245 1125 2504 1198 Χριστὸς.
2561 1124 2649 1177 διὰ
2697 1123 2856 1176 τοῦτο
2903 1120 3103 1187 ὲπάγει
3148 1117 3230 1180 τὸ,
3289 1133 3308 1166 ι
3370 1112 3725 1183 Ἑακήνωσεν
3790 1111 3843 1162 tv

2245 1223 2401 1291 ἡμῖν,
2441 1238 2460 1271 t
2500 1218 2588 1270 ἵνα
2615 1215 2766 1286 δείξῃ
2805 1214 2904 1278 τὰς
2939 1212 3034 1266 δύο
3070 1210 3285 1278 φύσεις,
3317 1211 3417 1278 τήν
3443 1224 3504 1258 τε
3539 1207 3843 1274 ἡμετέραν,

2246 1316 2343 1367 καὶ
2368 1313 2468 1383 τὴν
2495 1311 2589 1364 τοῦ
2624 1310 2822 1376 Λόγου.
2867 1307 3082 1374 Ὠσπερ
3109 1305 3216 1374 γὰρ
3253 1302 3420 1372 ἄλλης
3453 1297 3680 1366 φύσεώς
3705 1300 3848 1350 ἐστιν

2246 1407 2281 1475 ή
2311 1404 2505 1476 σκηνὴ,
2547 1402 2642 1455 καὶ
2691 1399 2858 1469 ἄλλης
2905 1401 2933 1452 ό
2987 1393 3353 1463 κατασκηνῶν
3390 1394 3446 1444 ὲν
3485 1392 3628 1459 αὑτῇ
3657 1405 3669 1418 ·
3710 1389 3849 1440 οὕτω

2248 1499 2343 1552 καὶ
2376 1500 2403 1550 ὁ
2428 1498 2601 1565 Λόγος
2636 1493 2914 1564 σκηνῶσαι
2943 1492 3001 1543 tv
3033 1491 3165 1559 ἡμῖν
3196 1487 3516 1557 λεγόμενος,
3540 1481 3846 1543 τουτέστιν,

2251 1594 2310 1645 tv
2351 1592 2416 1661 τῇ
2480 1589 2728 1661 ἡμετέρᾳ
2773 1587 2956 1655 φύσει,
3013 1584 3179 1653 ἄλλης
3210 1583 3276 1636 ἂν
3317 1581 3402 1652 εἴη
3451 1578 3674 1650 φύσεως
3703 1575 3851 1646 παρὰ

2248 1685 2347 1755 τὴν
2374 1684 2672 1754 ἡμετέραν.
2706 1675 3170 1750 Λίσχυνέσθωσαν
3193 1676 3241 1728 oi
3298 1675 3604 1744 Ἀρμένιοι,
3639 1672 3690 1723 oi
3721 1669 3848 1740 μίαν

2250 1777 2412 1846 φύσιν
2462 1773 2880 1846 πρεσϐεύοντες.
2911 1770 3276 1838 Μανθὰνομεν
3321 1766 3435 1828 οῦν,
3483 1765 3574 1818 διὰ
3611 1764 3712 1833 μὲν
3737 1761 3846 1824 τοῦ,

548 1884 678 1938 para
706 1867 925 1931 dicitur,
981 1879 1044 1919 eo
1069 1869 1211 1934 quod
1252 1865 1505 1933 genuerit
1532 1861 1698 1915 Deum
1737 1861 1788 1914 in
1822 1875 2004 1914 carne.
2043 1859 2145 1913 Per

2259 1889 2276 1921 ι
2322 1869 2379 1921 Ὀ
2414 1869 2586 1935 Λόγος
2627 1864 2766 1936 σὰρξ
2796 1864 3039 1931 ἐγένετο,
3096 1881 3114 1912 s
3157 1863 3238 1914 ὅτι
3288 1860 3451 1923 αὐτὸς
3478 1862 3505 1912 ὁ
3537 1859 3715 1926 Λόγος
3760 1859 3851 1912 ἆν-

549 1933 651 2015 boc
672 1971 852 2014 autem
875 1959 1016 2027 quod
1038 1933 1188 2020 dicit,
1226 1976 1243 2007 ι
1273 1955 1549 2009 Habitavit
1573 1955 1624 2008 in
1645 1954 1856 2018 nobis,»
1883 1953 2144 2007 discimus

2255 1963 2469 2033 θρωπος
2501 1933 2741 2026 ἐγένετο,
2775 1955 2870 2010 καὶ
2908 1955 3022 2018 υἱὸς
3054 1954 3132 2006 ὢν
3177 1952 3268 2006 τοῦ
3313 1951 3472 2016 Θεοῦ,
3527 1949 3726 2019 γέγονε
3754 1952 3848 2002 καὶ

550 2054 689 2106 duas
742 2061 964 2104 naturas
1011 2051 1312 2103 credendas
1342 2049 1394 2100 in
1427 2047 1665 2100 Christo.
1700 2043 1834 2098 Nam
1868 2046 1968 2099 etsi
2005 2058 2144 2098 unus

552 2145 624 2201 sit
684 2143 982 2198 secundum
1045 2141 1383 2212 liypostasiu,
1427 2142 1527 2193 hoc
1567 2149 1670 2203 est,
1701 2137 1998 2192 secundum
2025 2152 2146 2206 per-

549 2252 740 2294 sonam
785 2255 798 2290 :
834 2237 1132 2290 secundum
1164 2249 1385 2287 naturas
1415 2243 1593 2287 tamen
1624 2223 1752 2295 duo.
1793 2233 1931 2286 Deus
1958 2229 2146 2284 videli-

551 2337 641 2384 cet
696 2339 749 2381 et
805 2331 987 2381 homo.
1026 2325 1214 2379 Divina
1247 2337 1429 2379 autem
1455 2335 1649 2378 natura
1673 2333 1727 2378 et
1764 2325 1999 2378 humana
2037 2338 2146 2376 non

554 2421 753 2493 luerim
787 2435 915 2483 una,
962 2420 1177 2474 etiamsi
1237 2421 1378 2489 apud
1423 2434 1588 2472 unum
1640 2419 1948 2482 videantur,
1990 2416 2149 2472 Chri-

553 2520 695 2569 stum
721 2515 864 2567 dico.

625 2781 767 2838 Ibid.
815 2802 834 2835 ι
870 2782 936 2836 Et
958 2783 1322 2851 spectavimus
1349 2781 1575 2854 gloriam
1607 2781 1746 2851 ejus,
1775 2779 2003 2852 gloriam
2038 2779 2150 2834 vel-

2247 2054 2509 2123 γυναικὸς
2540 2053 2665 2114 Υἱός
2692 2068 2705 2081 ⁸
2739 2052 2862 2121 ἣτις
2899 2049 2992 2103 καὶ
3020 2048 3228 2117 κυρίως
3272 2046 3541 2108 Θεοτόκος
3574 2043 3848 2109 καλεῖται,

2247 2149 2321 2211 ὡς
2345 2150 2437 2200 τὸν
2454 2147 2586 2200 Θεὸν
2611 2145 2930 2218 γεννήσασα
2961 2144 3020 2194 ὲν
3051 2142 3235 2213 σαρκί,
3254 2139 3355 2193 Διὰ
3375 2139 3431 2192 δὲ
3453 2138 3574 2202 τοῦ,
3608 2156 3628 2189 ι
3655 2137 3854 2206 Ἑσκή-

2250 2258 2422 2295 νωσεν
2454 2242 2512 2293 ἐν
2559 2241 2718 2308 ἡμῖν,
2751 2257 2769 2290 t
2801 2237 2960 2290 τοῦτο
3000 2233 3394 2302 διδασκόμεθα,
3424 2231 3484 2283 τὸ
3534 2230 3632 2284 δύο
3661 2229 3854 2300 φύσεις

2250 2333 2528 2388 πιστεύειν
2556 2334 2635 2394 είς
2665 2330 2757 2382 τὸν
2783 2329 2878 2382 Eva
2905 2327 3165 2398 Χριστόν.
3209 2327 3271 2379 Εἰ
3311 2326 3419 2395 γὰρ
3453 2326 3552 2377 καὶ
3594 2318 3678 2385 εἷς
3717 2322 3858 2376 κατὰ

2251 2430 2552 2483 ὑπόστασιν
2601 2427 2774 2496 ήγουν
2813 2424 2873 2476 τὸ
2909 2423 3225 2494 πρόσωπον,
3253 2420 3390 2473 ἀλλὰ
3435 2420 3532 2472 δύο
3590 2421 3736 2472 κατὰ
3759 2418 3856 2479 τὰς

2251 2521 2442 2590 φύσεις
2463 2537 2476 2551 ο
2509 2517 2642 2580 Θεὸς
2683 2518 2795 2588 γὰρ
2831 2518 2925 2570 καὶ
2947 2514 3236 2586 ἄνθρωπος
3258 2531 3270 2545 ο
3311 2512 3432 2566 θεία
3463 2512 3522 2566 δι
3556 2510 3729 2581 φύσις
3762 2512 3856 2564 καὶ

2251 2615 2574 2686 ἀνθρωπίνη
2599 2613 2700 2666 οὐκ
2722 2611 2787 2665 ἂν
2813 2607 2922 2664 εἷεν
2951 2609 3030 2677 ἓν,
3064 2610 3114 2662 εί
3140 2610 3236 2662 καὶ
3262 2625 3327 2660 πε
3339 2609 3396 2678 ρ).
3416 2607 3516 2661 tva
3537 2606 3855 2678 θεωροῖντο,

2251 2710 2342 2763 τὸν
2381 2708 2622 2778 Χριστόν
2663 2723 2834 2777 φημι.

2330 2821 2347 2854 ι
2404 2801 2516 2856 Καὶ
2579 2797 2934 2869 ἐθεασάμεθα
2986 2796 3085 2868 τὴν
3124 2795 3285 2862 δόξαν
3329 2793 3523 2863 αὐτοῦ,
3569 2795 3734 2862 δόξαν
3782 2794 3859 2859 ὡς

553 2886 617 2932 ιιι
673 2875 1202 2947 UnigenitiaPatre,
1259 2876 1474 2945 plenum
1517 2881 1688 2945 gratia
1738 2887 1792 2929 et
1844 2876 2089 2928 veritate.
2126 2892 2143 2924 ι

2255 2893 2598 2962 Μονογενοῦς
2628 2893 2782 2964 παρὰ
2811 2892 3051 2962 Πατρὸς,
3085 2889 3304 2961 πλήρης
3350 2890 3580 2962 χάριτος
3603 2892 3701 2943 καὶ
3725 2889 3860 2960 ἁλη-

551 2967 847 3037 Postquam
880 2968 1020 3022 dixit
1054 2970 1195 3036 quod
1235 2983 1363 3021 caro
1409 2969 1607 3021 factum
1641 2973 1733 3029 sit,
1775 2966 1959 3021 subdit
1988 2980 2148 3029 nunc,

2256 2988 2431 3048 θείας.
2469 3006 2488 3040 s
2540 2985 2768 3057 Ἐπειδὴ
2805 2981 2985 3051 εἶπεν,
3015 2985 3098 3038 ὅτι
3157 3001 3175 3035 ι
3215 2983 3362 3051 Σὰρξ
3386 2983 3631 3051 ἐγόνιετο,
3669 3001 3690 3035 t
3745 2983 3862 3036 tm-

561 3059 679 3114 sEt
729 3059 1094 3130 spectavimus
1168 3058 1393 3126 gloriam
1438 3059 1578 3129 ejus,
1639 3077 1658 3111 ι
1713 3073 1834 3112 cum
1905 3058 2148 3112 videlicet

2256 3081 2413 3151 φέρει
2444 3079 2653 3146 λοιπὸν,
2686 3081 2770 3134 ὅτι
2807 3096 2825 3131 ι
2872 3077 3257 3148 Ἐθεασάμεθα
3286 3078 3386 3149 τὴν
3419 3077 3579 3144 δόξαν
3609 3077 3802 3143 αὑτοῦ,
3833 3095 3855 3129 t

553 3167 702 3213 esset
761 3158 812 3209 iu
841 3169 1025 3210 carae.
1056 3152 1270 3208 Etenim
1317 3169 1440 3208 cum
1500 3155 1689 3206 (aciem
1746 3151 1880 3207 Mosi
1931 3168 1997 3208 ex
2041 3152 2148 3206 col-

2255 3175 2314 3227 tv
2345 3172 2510 3244 σαρκὶ
2534 3172 2780 3242 δηλονότι
2819 3171 2999 3235 ὄντος.
3035 3169 3100 3224 Et
3140 3171 3250 3242 γὰρ
3280 3170 3345 3224 τὸ
3388 3170 3692 3243 πρόσωπον
3725 3170 3860 3225 Μω-

554 3251 739 3311 loauio
769 3249 863 3305 ltei
889 3248 1090 3303 factam
1122 3249 1412 3303 clariorem
1446 3248 1700 3302 lsraehne
1737 3247 1918 3302 videre
1952 3249 2146 3317 nequi-

2255 3264 2764 3338 σέωςἹαμπρυνθὶν
2783 3266 2848 3318 ὲκ
2870 3265 2970 3336 τῆς
2990 3263 3128 3336 πρὸς
3150 3264 3288 3318 Θεὸν
3309 3264 3528 3336 ὁμιλίας
3549 3265 3600 3318 oi
3639 3264 3861 3337 Ἰσραη-

554 3343 757 3406 variat,
789 3342 960 3396 multo
983 3343 1158 3412 magis
1178 3341 1406 3408 apostoli
1441 3341 1599 3394 nudae
1631 3340 1848 3394 deitatis
1876 3338 2146 3410 Unigeniti

2255 3360 2402 3412 λῖται
2440 3358 2567 3412 ἰδεῖν
2590 3357 2691 3410 οὐκ
2721 3355 3009 3426 ήδύναντο,
3036 3356 3221 3427 πολλῷ
3256 3357 3463 3427 μᾶλλον
3489 3357 3592 3430 τὴν
3616 3355 3858 3427 θεότητα

560 3448 794 3504 capaces
819 3450 926 3488 tton
969 3434 1222 3500 inissent,
1264 3434 1370 3488 nisi
1409 3449 1504 3504 per
1529 3448 1750 3488 carnem
1788 3435 2146 3502 apparuisset.

558 3510 941 3594 spectavimus
999 3533 1179 3577 autem
1231 3525 1484 3594 gloriam,
1558 3539 1666 3578 non
1724 3525 1882 3577 talem
1931 3524 2149 3593 qualem

557 3616 793 3673 habebat
841 3616 1041 3682 Moses,
1092 3616 1174 3670 vel
1211 3631 1336 3670 cunt
1387 3630 1494 3685 qua
1548 3616 1716 3686 gloria
1775 3615 2066 3672 Cberubim
2096 3625 2152 3670 et

557 3706 846 3778 Seraphint
911 3710 1190 3778 propheta:
1237 3718 1646 3778 apparuerunt:
1681 3709 1775 3762 sed
1832 3708 1991 3763 talem
2036 3708 2151 3780 glo-

556 3801 717 3867 riam,
754 3802 970 3870 qualem
1009 3801 1192 3854 decuit
1245 3815 1368 3855 esse
1414 3798 1690 3870 L‘nigeniti
1724 3816 1752 3853 a
1807 3800 1987 3867 Patre,
2030 3817 2150 3872 quae

557 3891 632 3946 llli
657 3891 982 3945 naturaliter
1013 3893 1175 3945 inest.
1207 3890 1340 3946 Nam
1375 3909 1394 3943 ι
1423 3893 1567 3946 velut
1592 3909 1612 3944 s
1653 3892 1740 3946 hic
1760 3908 1868 3947 non
1896 3893 2150 3948 similitu-

559 3983 721 4049 diuis,
736 3984 832 4038 sed
847 3984 1276 4039 conﬁrmationis
1290 3995 1343 4038 et
1357 3986 1826 4045 determinationis
1837 3985 2152 4041 indubitata:

556 4075 781 4129 verbum
823 4087 905 4130 est
945 4117 958 4130 .
991 4078 1134 4131 sicut
1175 4092 1299 4132 cum
1331 4079 1575 4132 videmus
1605 4093 1784 4148 regem
1823 4095 1943 4134 cum
1978 4080 2150 4149 gloria

556 4180 754 4236 magna
785 4169 1113 4234 Venientem,
1158 4169 1386 4224 dicimus
1420 4171 1563 4240 quod
1600 4168 1743 4225 velut
1778 4186 1870 4225 res
1902 4171 2150 4239 prodeat,

558 4259 664 4313 hoc
692 4270 801 4324 est,
834 4261 980 4330 quod
1019 4275 1144 4314 vere
1177 4262 1246 4314 sit
1275 4277 1365 4314 res
1393 4279 1407 4316 :
1455 4265 1526 4316 ita
1557 4263 1718 4317 etiam
1773 4264 1876 4319 hoc
1901 4265 2021 4318 loco
2069 4268 2154 4318 in-

561 4350 807 4420 telligere
835 4353 1020 4416 debes,
1044 4369 1065 4405 ι
1087 4353 1229 4407 velut
1253 4351 1550 4426 Uttigeuiti,
1578 4373 1597 4407 t
1633 4360 1776 4425 quod
1795 4357 1964 4426 gloria
1986 4374 2150 4428 quant

561 4445 952 4514 spectavimus,
998 4460 1184 4500 revera
1221 4445 1389 4501 fuerit
1419 4448 1591 4520 gloria
1632 4448 1752 4502 Filii
1787 4451 1942 4519 plena
1978 4452 2149 4521 gratia

560 4547 616 4588 et
651 4537 898 4590 veritate.
949 4534 1137 4592 Gratia
1193 4540 1411 4607 quidem
1459 4541 1637 4608 plena,
1682 4548 1977 4596 secundum
2007 4546 2150 4614 quod

2253 3451 2351 3506 τοῦ
2377 3449 2723 3520 Μονογενοῦς
2771 3449 2989 3522 γυμνὴν
3039 3450 3142 3504 οὐκ
3178 3449 3244 3505 ἂν
3274 3448 3570 3522 ἐχώρησαν
3631 3452 3682 3505 οι
3712 3450 3860 3506 ἀπό·

2256 3545 2458 3612 στολοι,
2493 3546 2542 3597 εί
2576 3543 2652 3614 μὴ
2680 3541 2768 3596 διὰ
2794 3545 2897 3614 τῆς
2923 3541 3126 3613 σαρκὸς
3155 3543 3426 3615 ἑπεφάνη.
3473 3540 3863 3613 Ἐθεασάμεθα

2252 3638 2311 3692 δὲ
2352 3639 2452 3710 τήν
2479 3637 2639 3703 δόξαν
2669 3639 2733 3692 οὐ
2781 3638 3066 3711 τοιαύτην,
3100 3640 3226 3694 οἵαν
3272 3639 3436 3712 ισχεν
3488 3640 3517 3694 6
3548 3640 3785 3712 Μωσῆς,
3824 3641 3858 3711 ἧ

2257 3732 2378 3802 μεθ’
2417 3731 2537 3796 οἵας
2565 3730 2726 3802 δόξης
2766 3730 3032 3802 ὤφθησαν
3059 3733 3128 3786 τὰ
3175 3733 3471 3806 Χερουϐὶμ
3511 3734 3611 3788 καὶ
3651 3733 3722 3788 τὰ
3754 3733 3861 3788 2s-

2257 3824 2435 3897 ραφὶμ
2463 3823 2542 3894 τῷ
2573 3824 2858 3899 προφήτῃ,
2883 3825 3020 3880 ἀλλὰ
3046 3825 3308 3898 τοιαύτην
3328 3827 3510 3894 δόξαν,
3543 3826 3666 3882 οἷαν
3696 3827 3863 3900 ἔπρε-

2253 3935 2356 3972 πεν
2381 3913 2521 3972 εἷναι
2573 3921 2856 3988 μονογενεῐ
2910 3918 3049 3989 Υίῷ,
3097 3921 3165 3974 ἑκ
3203 3919 3303 3973 τοῦ
3342 3918 3559 3993 Πατρὸς
3607 3922 3862 3990 φυσικῶς

2255 4006 2404 4078 αὐτῷ
2435 4007 2774 4080 προσοῦσαν.
2829 4009 2904 4062 Τὸ
2930 4011 3042 4080 γὰρ
3073 4028 3092 4062 ι
3128 4010 3204 4075 ὡς
3241 4029 3261 4064 t
3299 4010 3539 4066 ενταῦθα
3573 4012 3674 4085 οὐχ
3698 4015 3862 4083 ὁμοι-

2255 4099 2442 4166 ώσεώς
2477 4103 2650 4168 ἔστιν,
2709 4101 2846 4157 ἀλλὰ
2896 4101 3247 4174 βεϐαιώσεως
3301 4106 3398 4160 καὶ
3429 4106 3863 4179 ἀναμφισϐητή-

2253 4209 2350 4247 του
2371 4193 2680 4266 διορισμοῦ.
2719 4195 2934 4267 Ὣσπερ
2968 4195 3195 4267 βασιλέα
3245 4197 3548 4270 βλέποντες
3582 4201 3722 4272 μετὰ
3771 4202 3862 4256 δό-

2256 4286 2354 4356 ξης
2383 4286 2588 4357 πολλῆς
2619 4289 3053 4362 προερχόμενον.
3097 4290 3330 4361 λέγομεν
3360 4293 3445 4347 ὅτι
3468 4292 3546 4356 ὡς
3602 4293 3862 4364 βασιλεὺς

2255 4379 2550 4451 προῆλθεν,
2599 4381 2722 4436 ἀντὶ
2765 4381 2884 4449 τοῦ,
2915 4382 2992 4447 ὡς
3044 4383 3217 4449 ὅντως
3248 4385 3344 4440 καὶ
3402 4387 3548 4441 κατὰ
3595 4386 3863 4458 ἀλήθειαν

2257 4472 2551 4545 βασιλεύςο
2605 4475 2781 4541 οὕτως
2815 4476 2911 4531 οῦν
2971 4475 3253 4532 κάνταῦθα
3283 4479 3375 4546 τὸ,
3420 4497 3439 4531 t
3503 4480 3583 4544 ὡς
3611 4481 3863 4551 Movet:-

2256 4566 2401 4633 νοῦς,
2445 4584 2464 4619 t
2519 4567 2814 4639 ὀφείλομεν
2871 4570 3089 4642 νοῆσαι,
3145 4571 3271 4626 ἀντὶ
3315 4571 3435 4638 τοῦ,
3491 4573 3560 4628 Ἦ
3588 4574 3744 4641 δόξα,
3795 4576 3865 4648 ήν

560 4641 744 4683 sermo
769 4630 886 4699 ejus
901 4633 1171 4699 gratiosus
1202 4642 1342 4694 erat,
1371 4641 1427 4685 ut
1450 4632 1529 4688 sic
1559 4633 1758 4700 dicam,
1778 4635 1932 4705 juxta
1959 4637 2146 4703 David,

2257 4625 2625 4730 ἐθεασάμεθα,
2661 4625 2735 4726 ὡς
2766 4661 2851 4734 τῷ
2891 4625 3006 4717 ὄντι
3053 4625 3197 4719 κατὰ
3232 4625 3866 4737 ἁλήθείανήΐνίοῦῂδόέα

569 4738 592 4774 s
637 4721 838 4776 Diﬂusa
883 4735 966 4777 est
1012 4727 1184 4794 gratia
1235 4724 1288 4779 in
1321 4725 1477 4780 labiis
1514 4729 1707 4783 tuis“.
1747 4746 1767 4779 ι
1800 4729 1868 4784 Et
1905 4729 2150 4802 Evange-

568 4815 720 4879 lista,
783 4833 803 4867 ο
867 4816 1292 4872 Aduiirabautur
1342 4836 1534 4875 omnes
1579 4830 1746 4891 super
1807 4827 2151 4883 sermonibus

561 4909 751 4981 gratiae
775 4911 866 4977 qui
904 4909 1269 4978 procedebant
1298 4929 1365 4966 ea
1396 4925 1492 4969 ore
1507 4916 1629 4984 ejus
1648 4917 1715 4970 υ.
1753 4935 1772 4968 s
1809 4917 1874 4971 Et
1901 4923 2153 4978 omnibus

564 5002 836 5056 sanitates
870 5002 1208 5071 conferebat,
1238 5015 1398 5075 prout
1425 5009 1760 5079 congruebat
1786 5013 1890 5068 eis.
1917 4996 2155 5074 Veritate

565 5103 746 5146 autem
790 5093 942 5161 plena
974 5099 1408 5152 eratsecundunt
1441 5102 1584 5168 quod
1611 5115 1676 5156 ea
1710 5117 1832 5172 qua:
1879 5105 2154 5178 prophetae

565 5193 623 5241 et
664 5184 839 5239 [loses
872 5187 987 5254 ipse
1044 5190 1125 5243 vel
1175 5189 1432 5247 diei-bant
1487 5195 1568 5249 vel
1627 5195 1920 5267 fallebant,
1971 5202 2155 5272 ﬁgura:

564 5286 724 5332 erant
771 5292 868 5348 per
895 5282 1116 5347 omnia;
1167 5293 1243 5348 at,
1275 5299 1395 5354 qua:
1449 5287 1710 5345 Christus
1742 5291 1976 5348 faciebat
2003 5295 2156 5352 dice-

568 5372 790 5440 batque,
845 5372 1000 5442 plena
1049 5384 1208 5430 erant
1254 5381 1498 5446 veritate,
1557 5399 1679 5437 cum
1733 5398 1881 5442 esset
1920 5389 2154 5459 ipsumet

572 5464 837 5532 gratia,et
865 5465 1331 5536 ipsametveritas,
1357 5472 1585 5544 aliisque
1615 5480 1986 5546 suppeditaret
2016 5497 2160 5537 eam.

572 5552 677 5611 υω
711 5565 891 5610 autem
933 5568 1243 5628 spectarunt
1291 5563 1518 5632 gloriam
1583 5568 1726 5623 illam
1747 5569 1773 5623 ‘l
1806 5569 2036 5638 Quidam
2070 5589 2163 5630 su-

573 5649 856 5728 spicantur
898 5652 1040 5720 quod
1087 5654 1334 5710 fortassis
1387 5658 1439 5712 in
1489 5671 1677 5717 monte
1743 5661 1982 5722 Thabor.
2026 5665 2167 5723 Fore

575 5741 736 5800 tassis
762 5743 942 5800 autem
974 5755 1032 5801 et
1065 5746 1165 5804 hoc
1205 5764 1388 5806 verum
1433 5764 1536 5818 est.
1562 5758 1703 5826 quod
1751 5775 1856 5817 non
1879 5743 2067 5821 solum
2109 5764 2164 5820 in

646 5923 692 5958 "
727 5923 872 5983 Psal.
905 5943 1049 6000 aLtv,
1082 5930 1136 5988 3.
1216 5934 1263 5967 “
1293 5933 1425 5993 Luc.
1455 5952 1529 6007 tv,
1559 5941 1649 5996 22.

2255 4747 2348 4824 ἦν.
2384 4770 2402 4804 ι
2434 4752 2660 4826 Πλήρης
2691 4757 2915 4826 χάριτος
2942 4758 3037 4812 καὶ
3066 4757 3353 4828 ἀληθείας.
3393 4777 3412 4812 s
3474 4761 3718 4834 Χάριτος
3755 4763 3862 4835 μιν

2261 4845 2499 4916 πλήρης,
2526 4847 2664 4901 καθὸ
2686 4848 2780 4901 καὶ
2813 4851 2842 4902 ὁ
2872 4850 3050 4919 Λόγος
3080 4850 3249 4905 αὐτοῦ
3275 4855 3730 4927 κεκαρπωμένος
3763 4852 3862 4932 ἦν,

2262 4937 2351 4992 ἵνα
2383 4937 2558 5015 οὕτως
2592 4938 2755 5008 εῐπω,
2801 4942 2947 4996 καθὰ
2975 4943 3072 4998 καὶ
3104 4942 3272 5009 Δαυῖδ
3303 4945 3484 5016 λέγει’
3524 4970 3542 4999 ε
3593 4947 3871 5023 Ἐξεχύθη

2263 5031 2298 5100 ἡ
2325 5030 2488 5104 χάρις
2518 5034 2576 5085 tv
2598 5033 2805 5104 χείλεσι
2855 5051 2974 5092 σου.
3029 5054 3050 5089 s
3089 5037 3204 5092 Καὶ
3240 5038 3271 5092 δ
3319 5038 3752 5113 εὐαγγελιστὴς,
3779 5044 3871 5098 δτι

2269 5141 2288 5175 ι
2341 5123 2688 5196 Ἐθαύμαζον
2719 5127 2923 5193 πάντες
2946 5129 3043 5182 ἐπὶ
3079 5132 3206 5195 τοῖς
3255 5130 3439 5201 λόγοις
3474 5136 3578 5206 τῆς
3637 5137 3874 5208 χάριτος

2261 5217 2373 5278 τοῖς
2395 5217 2857 5290 ἐκπορευομένοις
2890 5222 2956 5276 ἑκ
2997 5221 3107 5276 τοῦ
3154 5223 3426 5295 στόματος
3455 5225 3650 5281 αὐτοῦ.
3695 5246 3719 5285 s
3753 5229 3876 5283 Καὶ

2262 5307 2396 5360 πᾶσι
2423 5308 2481 5362 δὲ
2508 5311 2610 5374 τὰς
2642 5309 2814 5375 iacret;
2843 5312 3135 5384 ἐχαρίζετο
3183 5318 3295 5380 τοῖς
3325 5316 3622 5392 χρῄζουσιν
3651 5319 3871 5378 αὐτῶν.

2273 5399 2558 5470 Ἀληθείας
2593 5402 2652 5456 δὲ
2684 5404 2901 5476 πλήρης
2939 5401 3030 5477 ἦν,
3059 5408 3198 5462 καθὸ
3224 5409 3318 5463 καὶ
3344 5412 3394 5464 οἱ
3425 5412 3734 5484 προφῆται,
3771 5419 3877 5471 καὶ

2262 5491 2469 5562 Μωσῆς
2496 5494 2681 5560 αὐτὸς,
2721 5497 2824 5551 ὃσα
2852 5498 3042 5569 ελεγον
3070 5499 3103 5571 ἢ
3138 5500 3433 5573 ἔπραττον,
3465 5505 3648 5559 πάντα
3698 5507 3878 5564 τύποι

2261 5580 2406 5656 ἦσαν
2429 5603 2444 5616 ·
2469 5587 2499 5639 ό
2533 5586 2591 5640 δὲ
2631 5588 2871 5661 Χριστὸς
2897 5590 2934 5646 ἃ
2969 5591 3259 5663 ἐλεγεκαὶ
3290 5595 3586 5668 ἔπραττεν,
3640 5599 3878 5657 ἅπαντα

2264 5677 2523 5750 ἀληθείας
2573 5681 2782 5754 πλήρη,
2849 5686 3149 5758 αὐτόχαρις
3207 5688 3288 5743 ὢν
3331 5692 3427 5745 καὶ
3465 5691 3876 5768 αὺτοαλήθεια,

2264 5774 2359 5826 καὶ
2397 5772 2579 5840 ἄλλοις
2623 5776 2804 5834 ταῦτα
2843 5779 3119 5852 χορηγῶν.
3167 5783 3281 5839 Ποῦ
3310 5784 3367 5839 δὲ
3426 5786 3743 5844 ἐθεάσαντο
3769 5788 3880 5861 τὴν

3482 6515 3533 6523 τ*
3600 6514 4013 6532 τάπ’-η·-
