4046 6528
558 475 698 546 1159
1444 458 2036 526 THEOPHYI.ACT1
2079 458 2158 520 BI

2263 451 2495 514 iARLE
2538 449 2901 512 ARCIIILP.
3707 438 3844 505 1160

554 595 778 647 tionem.
812 586 871 642 In
896 585 1040 640 hunc
1067 593 1131 637 se
1164 577 1383 633 modum
1420 578 1658 646 mendax,
1683 573 1969 645 phantasia
2000 585 2147 638 sem-

2263 570 2443 641 τασίᾳ.
2491 570 2731 622 Ἀτοπον
2761 567 2871 634 γὰρ
2933 563 3028 616 καὶ
3081 558 3314 629 ἀνόητον
3367 551 3677 620 πιστεύειν,
3711 556 3784 618 ὼς
3830 557 3857 610 6

555 698 654 754 per
683 685 946 736 ostentat.
1011 691 1031 725 ι
1095 671 1162 726 Et
1192 669 1458 724 habitavit
1491 668 1544 721 in
1582 667 1761 721 nobis.
1812 683 1830 716 ι
1880 662 2144 730 Quoniam

2263 664 2380 726 Υἱὸς
2410 661 2506 716 τοῦ
2546 661 2707 723 Θεοῦ,
2742 657 2974 729 ἀλήθεια
3007 653 3083 708 ὢν
3109 655 3203 707 καὶ
3219 649 3546 720 λεγόμενος,
3581 647 3857 718 ἐψεύσατο

555 742 719 844 supra
781 770 1010 831 dixerat,
1049 763 1337 820 (Verbum
1381 775 1509 816 caro
1578 757 1781 814 factum
1830 767 1949 822 est,
2005 775 2022 808 ι
2091 766 2146 808 ιιι

2263 760 2350 831 τὴν
2377 755 2792 826 ὲνανθρώπησιν
2819 768 2832 781 °
2869 749 3111 805 τοιοῦτον
3145 747 3256 817 γὰρ
3291 748 3324 817 ἡ
3385 745 3682 814 φαντασία,
3724 742 3858 811 ψευο

554 837 641 920 ne-
678 863 799 931 quis
882 859 1194 929 suspicetur
1253 853 1397 923 quod
1453 866 1555 904 una
1619 859 1812 906 natura
1875 846 2016 902 facta
2076 848 2149 900 sit

2263 854 2349 924 5ης
2393 853 2612 913 πάντως
2640 847 2889 912 ἔνδειξις.
2931 866 2947 897 ι
3003 843 3115 898 Καὶ
3177 842 3492 910 ἐσκήνωσεν
3550 839 3609 888 ἐν
3641 837 3795 904 ἡμῖν.
3835 853 3851 885 ι

553 953 822 1015 Christus,
860 951 983 1006 ideo
1022 950 1227 1012 subdit,
1270 965 1287 998 ι
1323 942 1388 998 Ει
1420 944 1683 998 habitavit
1708 942 1759 995 in
1795 939 1974 1005 nobis,
2038 957 2054 989 ι
2089 947 2147 992 ut

2264 945 2486 1010 Ἐπειδὴ
2519 944 2634 998 ἄνω
2658 937 2838 1002 εἶπεν,
2873 939 2953 992 ὅτι
2995 957 3013 990 ι
3065 936 3125 989 ’0
3160 934 3333 1000 Λόγος
3358 931 3498 1001 σὰρξ
3529 931 3776 996 ἐγένετο,
3836 947 3852 979 ι

551 1045 803 1102 ostendat
851 1045 986 1098 duas
1043 1050 1290 1103 naturas,
1333 1049 1576 1090 nostram
1614 1035 1843 1098 scilicet,
1878 1049 1939 1086 ac
1964 1030 2144 1085 Verbi.

552 1138 689 1194 Nam
722 1137 864 1192 sicut
894 1135 1118 1188 alterius
1167 1142 1373 1184 natura:
1399 1137 1487 1182 est
1528 1127 1956 1190 tabernaculum,
1989 1134 2043 1178 et
2071 1124 2149 1177 al-

553 1231 723 1284 terius
754 1230 799 1281 is
843 1225 933 1295 qui
983 1222 1248 1276 inhabitat
1296 1220 1348 1272 in
1382 1232 1485 1272 eo:
1518 1217 1589 1269 ita
1617 1225 1671 1268 et
1708 1214 1942 1268 Verbum
1980 1211 2030 1264 in
2056 1225 2150 1263 uo-

556 1323 640 1378 bis
691 1321 937 1375 habitare
991 1319 1211 1380 dicitur,
1260 1313 1360 1368 hoc
1395 1321 1499 1375 est,
1558 1310 1612 1362 in
1649 1315 2149 1371 uostranatura,et

556 1415 783 1469 alterius
815 1411 974 1482 517
1017 1420 1100 1463 est
1131 1419 1337 1461 naturae
1367 1420 1526 1473 quam
1553 1404 1624 1457 sit
1673 1411 1881 1456 nostra.
1906 1396 2148 1454 Confun-

555 1505 755 1560 dantur
803 1502 1064 1563 Armenii,
1093 1501 1182 1569 qui
1211 1513 1371 1550 unam
1420 1495 1607 1549 colunt
1655 1505 1924 1548 naturam.
1962 1490 2151 1545 Disci-

557 1613 678 1651 mus
706 1596 889 1664 igitur
929 1608 1047 1664 per,
1092 1610 1110 1643 ι
1154 1591 1390 1645 Verbum
1424 1604 1552 1644 caro
1578 1587 1780 1642 factum
1809 1599 1913 1651 est,
1949 1603 1967 1637 ι
2005 1585 2148 1654 quod

2254 1042 2342 1094 ἵνα
2375 1041 2559 1108 μήτις
2587 1033 2860 1105 ὑπολάῦῃ,
2893 1033 2976 1086 ὃτι
3013 1031 3112 1101 μία
3143 1028 3307 1097 φύσις
3341 1027 3534 1078 λοιπὸν
3565 1026 3793 1091 ἐγένετο
3834 1024 3860 1074 6

2252 1130 2510 1202 Χριστὸς,
2567 1129 2656 1182 διὰ
2704 1127 2863 1180 τοῦτο
2910 1124 3110 1191 ἐπάγει
3155 1122 3237 1185 τὸ,
3297 1137 3316 1171 ι
3377 1116 3735 1188 Ἐσκὴνωσεν
3802 1115 3858 1166 ἐν

2253 1227 2408 1296 ἡμῖν,
2448 1242 2466 1275 ι
2508 1222 2596 1274 ἵνα
2622 1219 2773 1291 δείξῃ
2812 1218 2911 1282 τὰς
2946 1217 3041 1270 δύο
3077 1214 3293 1284 φύσεις,
3325 1215 3424 1282 τήν
3451 1228 3511 1263 τε
3547 1210 3858 1278 ἡμετέραν,

2254 1320 2350 1372 καὶ
2375 1318 2475 1388 τὴν
2502 1315 2595 1369 τοῦ
2631 1314 2829 1380 Λόγου.
2875 1311 3090 1379 Ὥσπερ
3116 1309 3223 1378 γὰρ
3260 1306 3429 1376 ἄλλης
3461 1302 3689 1370 φύσεώς
3715 1304 3862 1354 ἐστιν

2253 1412 2288 1480 ἡ
2319 1409 2512 1480 σκηνὴ,
2555 1407 2648 1460 καὶ
2698 1404 2865 1473 ἄλλης
2912 1404 2940 1456 ό
2994 1398 3360 1467 κατασκηνῶν
3397 1398 3453 1448 ὲν
3493 1396 3635 1464 αὐτῇ
3665 1409 3678 1422 ·
3719 1392 3862 1445 οὕτω

2255 1503 2350 1556 καὶ
2383 1505 2410 1556 6
2435 1501 2608 1569 Λόγος
2643 1497 2921 1568 σκηνῶσαι
2951 1496 3008 1548 ὲν
3040 1495 3173 1564 ἡμῖν
3203 1491 3524 1561 λεγόμενος,
3548 1486 3860 1547 τουτέστιν,

2258 1599 2317 1650 ἐν
2357 1597 2423 1666 τῇ
2487 1593 2736 1665 ἡμετέρᾳ
2781 1591 2963 1660 φύσει,
3020 1588 3186 1657 ἄλλης
3217 1588 3283 1640 ἂν
3324 1586 3410 1656 εἴη
3457 1582 3683 1654 φύσεως
3711 1579 3863 1651 παρὰ

555 1682 1000 1757 ipsum'Ver-hum
1051 1681 1214 1736 homo
1243 1679 1441 1734 iactent
1483 1690 1566 1734 est
1598 1696 1612 1732 :
1643 1687 1697 1732 et
1732 1694 1854 1732 cum
1891 1677 1961 1731 sit
1985 1675 2152 1730 Filius

2263 1689 2354 1760 τὴν
2381 1688 2679 1759 ἡμετέραν.
2714 1680 3177 1754 Λίσχυνέσθωσαν
3201 1681 3248 1732 οἱ
3304 1679 3613 1748 Ἀρμένιοι,
3646 1676 3698 1727 oi
3730 1673 3860 1744 μίαν

555 1779 675 1844 Dei,
731 1777 934 1832 factum
981 1786 1066 1830 est
1130 1775 1273 1829 Iilius
1325 1774 1588 1835 mulieris,
1629 1787 1748 1841 qua:
1781 1773 1998 1842 proprie
2025 1771 2149 1825 Dei-

2263 1782 2419 1851 φύσιν
2469 1778 2888 1851 πρεσϐεύοντες.
2918 1774 3283 1841 Μανθάνομεν
3329 1770 3443 1832 οὖν,
3491 1769 3582 1822 διὰ
3619 1769 3721 1838 μὲν
3745 1765 3860 1830 τοῦ,

556 1888 686 1944 para
713 1873 932 1935 dicitur,
988 1884 1052 1924 eo
1077 1873 1218 1938 quod
1259 1870 1513 1938 genuerit
1541 1866 1705 1920 Deum
1744 1867 1796 1919 in
1830 1880 2011 1920 carne.
2051 1863 2152 1918 Per

2266 1893 2283 1926 ι
2329 1874 2386 1925 '0
2421 1873 2593 1940 Λόγος
2635 1869 2774 1941 σὰρξ
2803 1869 3047 1936 ἐγένετο,
3103 1885 3122 1917 ι
3164 1866 3245 1919 ὅτι
3296 1864 3459 1927 αὐτὸς
3485 1866 3513 1916 ὁ
3544 1863 3724 1930 Λόγος
3771 1862 3863 1916 ἄν-

557 1965 658 2020 hoc
680 1976 859 2019 autem
882 1964 1024 2032 quod
1046 1937 1196 2025 dicit,
1233 1981 1250 2012 ι
1270 1937 1557 2014 Habitavit
1581 1961 1632 2012 in
1652 1959 1829 2023 nobis,
1846 1976 1864 2009 ι
1891 1957 2151 2012 discimus

2263 1967 2476 2038 θρωπος
2509 1937 2748 2030 ἐγένετο,
2782 1960 2877 2013 καὶ
2915 1960 3029 2022 υἱὸς
3062 1958 3139 2010 ὢν
3185 1956 3276 2010 τοῦ
3320 1955 3479 2021 Θεοῦ,
3533 1954 3736 2024 γέγονε
3764 1957 3858 2006 καὶ

557 2059 697 2112 duas
751 2065 971 2110 naturas
1019 2055 1320 2108 credendas
1349 2054 1402 2106 in
1435 2052 1673 2104 Christo.
1709 2048 1842 2104 Nam
1875 2050 1975 2103 etsi
2012 2063 2152 2103 unus

2263 2059 2516 2129 γυναικὸς
2546 2058 2672 2120 Υἱός
2701 2073 2713 2086 ο
2748 2056 2870 2126 ἥτις
2906 2054 3000 2106 καὶ
3028 2052 3236 2121 κυρίως
3279 2049 3549 2112 Θεοτόκος
3581 2048 3858 2114 καλεῖται,

559 2151 632 2206 sit
692 2149 990 2203 secundum
1052 2147 1390 2217 hypostasin,
1435 2147 1535 2198 hoc
1575 2153 1678 2208 est,
1708 2142 2005 2197 secundum
2033 2157 2153 2210 per-

2263 2153 2328 2216 ὡς
2353 2154 2444 2205 τὸν
2461 2151 2594 2204 Θεὸν
2618 2150 2938 2223 γεννήσασα
2969 2147 3028 2198 ἐν
3058 2146 3242 2216 σαρκί.
3261 2143 3362 2197 Διὰ
3383 2143 3438 2196 δὲ
3461 2142 3582 2205 τοῦ,
3615 2160 3636 2193 ε
3663 2142 3864 2211 Ἑσκήο

557 2257 748 2299 sonam
794 2260 806 2294 :
842 2242 1140 2295 secundum
1171 2254 1393 2292 naturas
1423 2247 1601 2292 tamen
1632 2228 1759 2299 duo,
1801 2237 1938 2290 Deus
1965 2235 2154 2289 videli-

2263 2263 2430 2300 νωσεν
2461 2247 2519 2298 ἐν
2567 2246 2725 2313 ἡμῖν,
2759 2261 2777 2295 ι
2808 2241 2968 2294 τοῦτο
3008 2237 3403 2306 διδασκόμεθα,
3431 2236 3492 2287 τὸ
3542 2234 3640 2288 δύο
3669 2233 3864 2304 φύσεις

558 2342 648 2389 cet
705 2344 757 2386 et
813 2335 994 2386 immo.
1034 2330 1222 2384 Divina
1255 2343 1436 2385 autem
1462 2339 1656 2384 natura
1681 2338 1734 2384 et
1773 2329 2006 2382 humana
2045 2343 2153 2381 non

562 2426 761 2497 iuerint
795 2440 923 2488 una,
970 2425 1184 2480 etiarnsi
1245 2427 1386 2494 apud
1431 2439 1596 2478 unum
1648 2424 1956 2487 videantur,
1997 2421 2156 2476 Chri-

560 2525 702 2575 stum
729 2520 872 2572 dico.

2258 2337 2536 2393 πιστεύειν
2563 2338 2642 2399 είς
2673 2334 2765 2387 τὸν
2791 2333 2886 2386 ἕνα
2914 2331 3173 2403 Χριστόν.
3217 2331 3279 2383 Ei
3319 2329 3427 2399 γὰρ
3460 2330 3560 2381 καὶ
3601 2322 3686 2389 εἷς
3724 2327 3866 2380 κατὰ

2258 2435 2559 2488 ὑπόστασιν
2609 2431 2781 2500 ηγουν
2821 2428 2881 2481 τὸ
2917 2427 3233 2498 πρόσωπον,
3261 2424 3397 2477 ἀλλὰ
3443 2423 3539 2476 δύο
3598 2425 3744 2475 κατὰ
3767 2422 3866 2483 τὰς

2258 2525 2449 2594 φύσεις
2471 2542 2484 2556 ·
2516 2522 2650 2584 Θεὸς
2691 2522 2803 2593 γὰρ
2839 2523 2934 2574 καὶ
2955 2519 3244 2590 ἄνθρωπος
3266 2535 3278 2548 ·
3318 2516 3439 2570 θεία
3470 2516 3529 2570 δὲ
3563 2515 3736 2584 φύσις
3771 2516 3864 2568 καὶ

2259 2619 2582 2691 ἀνθρωπίνη
2606 2617 2707 2670 οὐκ
2729 2616 2795 2670 ἂν
2820 2611 2930 2669 εἷεν
2958 2613 3037 2682 ἐν,
3071 2614 3121 2666 εί
3147 2614 3243 2666 καὶ
3270 2629 3334 2664 πε
3347 2613 3404 2682 pi.
3423 2611 3523 2665 Eva.
3544 2610 3865 2682 θεωροῖντο,

633 2786 776 2843 Ibid.
824 2807 842 2840 ι
878 2787 944 2842 Et
967 2788 1330 2856 spectavimus
1357 2786 1582 2858 gloriam
1615 2786 1754 2856 ejus,
1782 2785 2011 2856 gloriam
2047 2784 2157 2838 vei-

2263 2715 2350 2768 τδν
2388 2713 2629 2783 Χριστόν
2671 2727 2841 2782 φημι.

2337 2825 2355 2859 ι
2411 2807 2523 2861 Καὶ
2587 2801 2942 2873 ἐθεασάμεθα
2994 2801 3092 2873 τὴν
3131 2799 3292 2867 δόξαν
3336 2798 3531 2866 αὑτοῦ,
3577 2798 3743 2866 δόξαν
3793 2799 3868 2863 ὡς

561 2891 626 2937 ut
682 2879 1210 2952 UuigenitiaPatre,
1267 2881 1482 2950 plenum
1525 2885 1696 2950 gratia
1746 2892 1800 2934 et
1851 2881 2097 2932 veritate.
2134 2897 2152 2928 ι

2263 2897 2606 2967 Μονογενοῦς
2637 2897 2789 2969 παρὰ
2819 2896 3058 2967 Πατρὸς,
3093 2894 3311 2966 πλήρης
3357 2895 3588 2966 χάριτος
3610 2897 3708 2948 καὶ
3735 2893 3869 2964 ἀλη-

559 2972 856 3042 Postquam
888 2973 1028 3026 dixit
1063 2975 1203 3041 quod
1243 2987 1371 3025 caro
1417 2973 1615 3026 factum
1649 2978 1740 3034 sit,
1783 2971 1967 3026 subdit
1996 2985 2156 3033 nunc,

2264 2992 2438 3052 θείας.
2476 3010 2495 3044 ι
2548 2989 2776 3061 Ἐπειδὴ
2813 2986 2993 3056 εἶπεν,
3023 2989 3105 3042 δτι
3164 3006 3182 3040 ι
3221 2987 3370 3056 Σᾶρξ
3393 2988 3638 3056 ἐγένετο,
3677 3006 3697 3039 ι
3755 2988 3871 3041 επι-

569 3064 688 3119 ιΕι
737 3064 1102 3134 spectavimus
1176 3063 1401 3132 gloriam
1446 3064 1586 3134 ejus,
1647 3081 1666 3116 ι
1721 3078 1842 3117 cum
1913 3062 2158 3116 videlicet

2264 3084 2421 3156 φέρει
2451 3083 2661 3150 λοιπὸν,
2693 3085 2778 3138 ὄτι
2815 3100 2834 3135 ι
2880 3081 3265 3152 Ἐθεασάμεθα
3294 3082 3393 3153 τὴν
3427 3081 3587 3148 δόξαν
3615 3081 3812 3149 αὑτοῦ,
3843 3099 3863 3132 s

561 3172 710 3218 esset
769 3163 820 3215 in
849 3174 1034 3214 carae.
1065 3157 1278 3213 Etenim
1325 3173 1448 3212 cum
1507 3159 1696 3211 taciem
1754 3156 1888 3212 Mosi
1939 3173 2005 3212 ex
2049 3157 2158 3211 col-

2263 3179 2322 3232 ἐν
2353 3176 2518 3248 σαρκὶ
2541 3176 2788 3246 δηλονότι
2828 3175 3007 3239 δντος.
3042 3175 3108 3228 El
3147 3175 3258 3247 γὰρ
3287 3174 3354 3228 τὸ
3394 3175 3700 3247 πρόσωπον
3734 3175 3868 3229 Μω-

562 3255 748 3316 iouuio
778 3254 872 3310 Dei
897 3253 1098 3308 factam
1131 3253 1421 3308 clariorem
1454 3253 1707 3306 israeliue
1745 3252 1926 3307 videre
1960 3253 2153 3322 nequi-

2263 3268 2772 3342 σέωςἋαμπρυνθδν
2792 3271 2856 3322 ἐκ
2878 3269 2977 3340 τῆς
2998 3267 3136 3340 πρὸς
3158 3268 3296 3322 Θεδν
3318 3269 3536 3340 ὁμιλίας
3556 3269 3607 3322 οι
3647 3268 3869 3341 Ἰσραη-

563 3348 766 3412 verint,
797 3347 1166 3417 multomagis
1187 3346 1414 3413 apostoli
1450 3345 1607 3399 nuda
1638 3345 1856 3399 deitatis
1883 3343 2154 3415 linigeuiti

2263 3365 2410 3417 λῖται
2447 3362 2575 3417 ἰδεῖν
2598 3362 2699 3414 οὐκ
2730 3359 3017 3431 ⁴ι’γδύναντο,
3045 3359 3228 3431 πολλῷ
3263 3361 3470 3432 μᾶλλον
3496 3361 3599 3434 τὴν
3624 3360 3868 3431 θεότητα

569 3453 803 3510 capaces
828 3455 935 3493 non
977 3439 1230 3504 inissent,
1272 3439 1378 3492 nisi
1417 3454 1512 3508 per
1537 3453 1758 3492 carnem
1796 3440 2154 3507 apparuisset.

566 3515 950 3599 8pectavimus
1007 3538 1188 3582 autem
1240 3529 1491 3598 gloriam,
1566 3544 1674 3582 non
1732 3529 1890 3582 talem
1938 3528 2158 3598 qualem

566 3622 802 3678 habebat
849 3621 1050 3686 Moses,
1101 3621 1183 3675 vel
1220 3635 1344 3675 cum
1395 3635 1502 3690 qua
1556 3621 1725 3690 gloria
1783 3620 2074 3676 Cherubiin
2105 3629 2160 3675 et

565 3712 854 3784 Seraphim
919 3715 1198 3784 prapbeta:
1246 3723 1613 3782 apparuerunt
1642 3730 1655 3767 :
1688 3714 1784 3768 sed
1841 3712 1999 3768 talem
2044 3713 2159 3784 glo-

566 3807 725 3872 riam,
762 3807 978 3874 qualem
1017 3806 1200 3860 decuit
1254 3820 1376 3860 esse
1423 3803 1698 3875 Unigeuiti
1732 3821 1761 3858 a
1815 3805 1995 3872 Patre,
2039 3821 2158 3876 quae

566 3896 641 3951 illi
666 3896 990 3950 naturaliter
1021 3897 1184 3950 inest.
1216 3895 1349 3952 Nam
1384 3914 1402 3947 ι
1432 3898 1576 3951 velut
1600 3915 1620 3949 ι
1661 3897 1748 3950 hic
1768 3913 1876 3952 non
1904 3898 2158 3952 similitu-

567 3988 729 4054 dinis,
745 3989 842 4043 sed
855 3990 1285 4044 conﬁrmationis
1298 4001 1351 4044 et
1365 3990 1834 4051 determinatibnis
1846 3990 2161 4046 indubitata!

564 4081 789 4134 verbum
831 4093 913 4135 est
953 4102 966 4135 .
1000 4083 1142 4136 sicut
1183 4097 1308 4137 cum
1340 4083 1583 4138 videmus
1613 4098 1793 4152 regem
1831 4099 1952 4138 cum
1986 4085 2158 4154 gloria

564 4185 762 4241 magna
793 4175 1122 4239 venientem,
1167 4174 1394 4228 dicimus
1428 4175 1570 4244 quod
1609 4173 1751 4230 velut
1786 4191 1879 4230 rea
1910 4175 2158 4244 prodeat,

567 4265 672 4318 hoc
701 4275 810 4329 est,
843 4266 988 4335 quod
1027 4281 1153 4319 vere
1186 4267 1255 4319 sit
1283 4282 1416 4320 rex:
1463 4270 1534 4320 ita
1565 4269 1726 4321 etiam
1781 4269 1884 4323 hoc
1911 4269 2029 4323 loco
2078 4273 2162 4323 in.

569 4355 822 4425 teiligere-
843 4359 1028 4421 debes,
1052 4374 1073 4410 ι
1096 4358 1237 4412 velut
1262 4355 1558 4431 Uuigeniti,
1586 4378 1605 4412 ι
1641 4364 1785 4430 quod
1803 4362 1972 4430 gloria
1995 4379 2159 4432 quam

569 4450 960 4519 spectavimus.
1007 4465 1192 4504 revera
1230 4449 1398 4506 fuerit
1428 4453 1600 4524 gloria
1641 4453 1760 4507 Filii
1795 4455 1951 4524 plena
1987 4457 2157 4526 gratia

569 4552 624 4594 et
660 4542 906 4595 veritate.
957 4539 1145 4596 Gratia
1201 4544 1420 4612 quidem
1467 4545 1646 4612 plena,
1691 4553 1986 4602 secundum
2015 4550 2158 4618 quod

2261 3455 2359 3512 τοῦ
2384 3454 2731 3525 Μονοτενοῦς
2780 3453 2998 3526 γυμνὴν
3047 3455 3150 3508 οὐκ
3186 3454 3252 3509 ἂν
3281 3452 3578 3526 ἐχώρησαν
3638 3456 3690 3508 σί
3721 3454 3867 3509 dud-

2264 3549 2466 3617 στολοι,
2501 3550 2549 3601 εἰ
2583 3547 2659 3618 μὴ
2687 3545 2776 3602 διὰ
2801 3549 2905 3618 τῆς
2931 3545 3135 3617 σαρκὸς
3163 3547 3434 3618 ἐπεφάνη.
3481 3545 3872 3617 Ἐθεασάμεθα

2260 3643 2318 3696 δὲ
2360 3643 2460 3714 τὴν
2486 3642 2647 3708 δόξαν
2677 3643 2740 3696 οὑ
2789 3643 3074 3714 τοιαύτην,
3109 3644 3234 3697 οἵαν
3279 3643 3444 3716 ισχεν
3495 3644 3525 3698 6
3555 3644 3794 3716 Μωσῆς,
3832 3644 3868 3713 ἧ

2265 3736 2386 3806 μεθ’
2425 3736 2545 3801 οἵας
2573 3735 2734 3807 δόξης
2775 3735 3040 3806 ὤφθησαν
3067 3737 3137 3791 τὰ
3183 3736 3478 3809 Χερουϐὶμ
3518 3738 3619 3792 καὶ
3658 3737 3734 3792 τὰ
3764 3737 3872 3791 Za-

2266 3829 2443 3902 ραφὶμ
2471 3828 2550 3899 τῷ
2581 3828 2866 3903 προφήτῃ,
2891 3830 3028 3884 ἀλλὰ
3054 3829 3316 3902 τοιαύτην
3336 3830 3519 3898 δόξαν,
3551 3831 3674 3887 οἷαν
3705 3832 3874 3904 ἐπρε-

2261 3940 2364 3976 πεν
2389 3917 2529 3976 εἶναι
2581 3925 2864 3992 μονογενεῖ
2918 3922 3057 3994 Υίῷ,
3106 3926 3174 3978 ἐκ
3211 3923 3312 3978 τοῦ
3349 3924 3568 3998 Πατρδς
3615 3926 3875 3995 φυσικῶς

2263 4010 2412 4083 αὑτῷ
2443 4011 2782 4084 προσοῦσαν.
2838 4013 2912 4067 Τδ
2938 4015 3051 4084 γὰρ
3082 4032 3100 4066 ι
3136 4015 3212 4079 ὡς
3250 4033 3268 4068 ι
3308 4015 3546 4071 ενταῦθα
3581 4016 3684 4090 οὐχ
3709 4020 3876 4088 ὁμοι-

2263 4103 2450 4170 ώσεώς
2485 4108 2658 4173 ἐστιν,
2717 4105 2854 4162 ἀλλὰ
2904 4106 3255 4180 βεϐαιώσεως
3309 4110 3407 4165 καὶ
3438 4111 3878 4184 ἀναμφισϐητήο

2261 4215 2358 4252 του
2379 4198 2689 4270 διορισμοῦ.
2727 4200 2942 4272 Ὥσπερ
2977 4200 3203 4272 βασιλέα
3253 4201 3556 4274 βλέποντες
3590 4207 3735 4277 μετὰ
3782 4206 3876 4260 δό-

2264 4291 2362 4361 ξης
2391 4291 2597 4362 πολλῆς
2627 4294 3062 4366 προερχόμενον,
3104 4294 3338 4366 λέγομεν
3368 4298 3453 4352 ὅτι
3476 4297 3554 4361 ὡς
3610 4297 3879 4369 βασιλεὺς

2263 4384 2558 4456 προῆλθεν,
2607 4387 2731 4440 ἀντὶ
2773 4386 2892 4454 τοῦ,
2924 4387 3000 4452 ὡς
3053 4388 3226 4453 ὅντως
3256 4390 3352 4444 καὶ
3411 4391 3557 4445 κατὰ
3603 4391 3879 4463 ἀλήθειαν

2266 4477 2559 4550 βασιλεύςο
2613 4479 2790 4546 οὕτως
2825 4481 2919 4536 οὖν
2979 4480 3261 4536 κάνταῦθα
3292 4483 3383 4550 τὸ,
3428 4502 3448 4536 ι
3512 4484 3592 4549 ὡς
3620 4486 3880 4556 Μονογε-

2264 4570 2410 4637 νοῦς,
2453 4589 2473 4624 ι
2527 4571 2822 4644 ὀφείλομεν
2880 4575 3098 4646 νοῆσαι,
3154 4576 3279 4630 ἀντὶ⁸
3324 4576 3444 4642 τοῦ,
3500 4577 3568 4632 Ἦ
3597 4579 3753 4646 δόξα,
3809 4582 3881 4652 ἢν

569 4647 753 4689 sermo
778 4635 894 4704 ejus
909 4637 1180 4704 gratiosus
1211 4647 1351 4699 erat,
1380 4637 1537 4692 utsic
1569 4639 1766 4704 dicam,
1787 4640 1941 4710 juxta
1967 4641 2154 4708 David,

2265 4629 2634 4735 ἐθεασάμεθα,
2669 4629 2744 4730 af;
2774 4665 2859 4739 τῷ
2900 4629 3014 4721 δνέι
3062 4629 3206 4723 κατὰ
3240 4629 3882 4742 ἀλήθέὶαν“γίξιῖὲάέ4

578 4743 600 4780 ε
646 4725 847 4782 Ditl'nsa
892 4740 974 4782 est
1020 4732 1192 4799 gratia
1243 4730 1296 4784 in
1329 4731 1485 4785 labiis
1523 4733 1716 4788 tuis".
1755 4751 1776 4784 ι
1809 4734 1877 4789 Ει
1913 4734 2158 4806 Evange-

577 4819 729 4885 Iista,
791 4839 812 4872 ι
875 4821 1301 4877 Admirabautur
1351 4841 1543 4880 omnes
1587 4843 1749 4896 super
1816 4832 2159 4888 sermonibus

570 4914 760 4986 gratia
784 4915 875 4983 qui
913 4915 1277 4983 procedebant
1307 4933 1374 4971 ea
1405 4921 1638 4989 oreejus
1657 4922 1723 4975 ".
1761 4939 1780 4974 ι
1818 4922 1883 4976 Et
1909 4927 2161 4982 omnibus

573 5007 845 5062 sanitates
879 5007 1217 5076 conferebat,
1247 5019 1407 5080 prout
1434 5015 1768 5084 congruebat
1795 5018 1898 5073 eis.
1928 5017 2163 5078 Veritate

573 5107 754 5151 autem
799 5098 951 5166 plena
982 5104 1418 5158 erat-secundum
1449 5107 1593 5172 quod
1619 5120 1685 5161 ea
1719 5122 1841 5176 quae
1887 5109 2162 5182 prophetae

574 5197 632 5246 et
673 5189 848 5244 [loses
880 5192 995 5260 ipse
1052 5196 1134 5248 vel
1184 5195 1440 5251 dior-bant
1495 5200 1577 5254 vel
1635 5200 1929 5271 iaciebant,
1980 5207 2164 5276 ﬁgurae

573 5291 732 5338 erant
779 5297 876 5353 per
904 5287 1124 5352 omnia;
1176 5297 1252 5354 at,
1284 5305 1404 5359 qua:
1457 5292 1716 5350 Christus
1751 5295 1984 5353 faciebat
2011 5299 2165 5356 dice-

577 5377 799 5444 batque,
854 5377 1009 5448 plena
1058 5390 1216 5434 erant
1262 5386 1507 5450 veritate,
1566 5403 1688 5442 cum
1742 5403 1889 5447 esset
1930 5393 2163 5463 ipsamet

581 5470 846 5537 gratia,et
875 5470 1100 5537 ipsamet
1119 5474 1340 5540 veritas,
1365 5476 1594 5547 aliisque
1624 5484 1996 5551 suppeditaret
2025 5501 2170 5541 eam.

581 5557 686 5616 libi
720 5570 900 5615 autem
941 5573 1251 5633 spectarunt
1299 5568 1527 5638 gloriam
1591 5572 1782 5628 illam?
1815 5574 2046 5642 Quidam
2079 5594 2173 5634 su-

583 5653 865 5734 spitautur
907 5657 1049 5725 quod
1096 5659 1343 5715 fortassis
1396 5663 1448 5716 in
1498 5675 1686 5721 monte
1752 5666 1990 5726 Tbabor.
2034 5670 2176 5727 For~~

585 5746 745 5805 tassis
771 5746 952 5804 autem
983 5760 1045 5806 et
1073 5751 1174 5808 hoc
1213 5769 1396 5811 verum
1441 5769 1546 5823 est.
1571 5763 1712 5831 quod
1761 5780 1866 5821 non
1889 5748 2075 5825 solum
2118 5769 2174 5824 in

655 5928 700 5962 "
735 5928 881 5988 Psal.
914 5948 1057 6006 attv,
1090 5935 1144 5993 3.
1224 5939 1271 5972 "
1301 5938 1434 5998 Luc.
1465 5957 1538 6013 iv,
1568 5945 1658 6001 92.

2265 4751 2356 4829 ἦν.
2392 4775 2410 4809 ι
2443 4757 2669 4830 Πλήρης
2700 4761 2924 4831 χάριλτος
2950 4763 3046 4816 καὶ
3075 4761 3361 4833 ἀληθείας.
3401 4782 3421 4817 ι
3483 4765 3732 4838 Χάριτος
3768 4769 3878 4840 μιν

2269 4850 2507 4920 πλήρης,
2534 4852 2673 4906 καθὸ
2695 4853 2788 4906 καὶ
2822 4855 2851 4907 6
2881 4854 3059 4923 Λόγος
3088 4855 3257 4909 αὐτοῦ
3284 4860 3741 4931 κεκαρπωμένος
3775 4857 3877 4937 ἦν,

2270 4941 2359 4996 ἵνα
2392 4941 2566 5018 οὕτως
2601 4943 2764 5012 είπω,
2810 4946 2956 5001 καθὰ
2984 4947 3081 5003 καὶ
3113 4947 3281 5014 Δαυῒδ
3312 4949 3493 5020 λέγει’
3533 4974 3552 5004 ε
3603 4953 3886 5028 Ἐξεχύθη

2271 5035 2307 5105 η
2333 5035 2496 5108 χάρις
2527 5038 2584 5089 ἐν
2606 5037 2814 5108 χείλεσι
2864 5056 2982 5096 σου.
3038 5059 3058 5094 ι
3097 5041 3213 5097 Καὶ
3249 5042 3280 5097 ό
3327 5043 3766 5119 εὐαγγελιστὴς,
3795 5049 3885 5104 δτι

2277 5145 2297 5179 ι
2350 5127 2696 5201 Ἐθαύμαζον
2727 5131 2932 5197 πάντες
2955 5134 3052 5187 ἐπὶ
3089 5137 3214 5200 θοις
3263 5135 3448 5206 λόγοις
3483 5141 3586 5210 τῆς
3648 5143 3888 5213 χάριτος

2269 5222 2381 5283 τοῖς
2403 5221 2866 5294 ἐκπορευομένοις
2899 5227 2965 5280 ἐκ
3007 5225 3116 5280 τοῦ
3163 5227 3436 5300 στόματος
3465 5230 3660 5286 αὑτοῦ.
3704 5251 3729 5290 a
3767 5235 3890 5289 Καὶ

2271 5312 2404 5364 πᾶσι
2431 5313 2489 5367 δὲ
2516 5315 2618 5378 τὰς
2651 5313 2822 5379 ίάσεις
2852 5317 3144 5389 ἐχαρίζετο
3191 5322 3304 5384 τοῖς
3334 5321 3633 5394 χρῄζουσιν
3663 5323 3884 5381 αὐτῶν.

2282 5404 2566 5475 Ἀληθείας
2602 5405 2660 5461 δὲ
2693 5408 2909 5480 πλήρης
2948 5405 3040 5482 ἦν,
3068 5412 3206 5467 καθὸ
3233 5414 3326 5467 καὶ
3353 5416 3402 5468 oi
3435 5416 3746 5488 προφῆται,
3788 5424 3889 5476 καὶ

2270 5495 2478 5566 Μωσῆς
2504 5499 2690 5565 αὐτὸς,
2730 5502 2833 5555 ὃσα
2861 5503 3050 5573 ἔλεγον
3079 5505 3112 5576 ἢ
3146 5505 3443 5578 ἔπραττον,
3475 5511 3658 5564 πάντα
3705 5512 3889 5570 τύποι

2270 5584 2415 5661 ἦσαν
2438 5607 2452 5621 ·
2478 5591 2507 5643 6
2542 5591 2599 5644 δέ
2640 5592 2880 5665 Χριστὸς
2905 5594 2942 5650 ἃ
2979 5596 3136 5668 ἔλεγε
3169 5599 3268 5653 καὶ
3298 5599 3595 5674 ἔπραττεν,
3650 5604 3889 5662 ἅπαντα

2272 5683 2532 5755 ἀληθείας
2582 5685 2792 5758 πλήρη,
2858 5691 3158 5764 αὑτόχαρις
3215 5692 3296 5747 ὢν
3340 5696 3887 5771 καὶαὺτοαλήοεια,

2274 5778 2368 5830 καὶ
2405 5776 2588 5843 ἄλλοις
2631 5780 2812 5838 ταῦτα
2851 5784 3128 5856 χορηγῶν.
3177 5787 3289 5842 Ποῦ
3319 5788 3376 5843 δὲ
3435 5790 3750 5849 ἐθεάσαντο
3782 5793 3889 5864 τὴν
