4046 6532
511 559 648 627 1155

1366 545 1942 615 ΤΗΕΟΡΙΙΥΙΛΟΤΙ
1995 537 2401 603 BUI.G.\Ri/E
2442 531 2805 595 ARCllIEP.

3641 518 3778 583 1ἱίιό

512 689 761 746 gressum
802 688 861 727 ac
888 666 1143 740 copulam
1172 658 1632 733 concupiscentis,
1666 654 1759 725 qui
1792 652 1978 722 operis
2015 658 2099 705 est

2219 665 2302 700 ταν
2339 644 2474 715 πρὸς
2524 641 2673 713 μίξιν
2712 639 2809 709 τὴν
2843 636 3055 707 σάρκα’
3092 633 3305 704 θέλημα
3345 631 3402 685 δὲ
3448 628 3663 696 ἀνδρὸς,
3699 632 3799 699 τὴν

510 743 855 835 principium.
894 760 1081 813 Posuit
1120 765 1305 810 autem
1336 751 1515 816 ambo,
1545 746 1669 817 quia
1711 743 1866 799 multi
1899 756 2103 797 concu-

512 831 723 931 piscunt
778 852 1017 921 quidem,
1066 860 1123 903 at
1181 862 1285 899 non
1338 842 1520 898 statim
1579 855 1608 892 a
1661 831 2101 931 concupiscentia

511 923 925 1008 abstrahamur,
971 940 1065 995 sed
1110 940 1379 1009 imperant
1408 931 1511 999 illi,
1556 939 1611 985 et
1644 930 1695 983 in
1722 941 1859 997 opus
1887 939 1994 979 non
2022 923 2103 977 la-

512 1042 732 1105 buntur.
758 1036 1025 1093 Czeterum
1053 1033 1143 1103 qui
1170 1031 1479 1091 vincuntur,
1504 1023 1580 1079 illi
1608 1022 1842 1092 primum
1880 1034 1909 1072 a
1940 1028 2106 1072 carne

510 1144 563 1188 et
607 1131 860 1185 titillante
903 1120 1344 1193 concupiscentia
1376 1115 1628 1174 succensi
1662 1112 2012 1170 concitantur
2046 1118 2106 1163 ut

510 1222 714 1277 coitum
741 1217 932 1273 velint.
977 1217 1144 1285 Igitur
1186 1220 1332 1267 recte
1370 1206 1617 1277 adjunxit
1650 1196 1981 1275 evangelista
2011 1214 2105 1255 vo-

512 1313 774 1368 luntatem
819 1310 1009 1365 carnis
1048 1304 1313 1361 voluntati
1360 1302 1485 1367 viri,
1518 1300 1643 1371 quia
1673 1297 1873 1354 coitum
1913 1303 2104 1349 natura

517 1404 771 1471 prtecedit
829 1398 1292 1468 concupiscentia,
1344 1403 1397 1449 et
1454 1394 1505 1447 in
1556 1390 1747 1459 copula
1795 1385 2105 1443 necessario

517 1497 830 1569 praecedunt
873 1502 1123 1562 utraque.
1162 1491 1290 1544 Haec
1328 1486 1507 1543 omnia
1535 1484 1677 1541 dicta
1712 1491 1839 1537 sunt
1885 1490 2107 1550 propter

515 1602 612 1641 eos
646 1585 735 1654 qui
788 1582 955 1636 multa
1013 1593 1157 1647 saepe
1214 1578 1551 1646 interrogant
1600 1572 1790 1635 stulte,
1844 1569 2106 1639 quoniam

513 1673 735 1747 proprie
767 1672 995 1727 dicendo
1030 1684 1133 1724 una
1167 1683 1231 1723 ex
1265 1666 1517 1723 omnibus
1548 1661 1710 1734 515
1749 1661 1856 1715 illis
1887 1670 2107 1715 sentcn-

520 1770 591 1821 tia
624 1764 951 1824 declaratur.
997 1761 1166 1829 ipsius
1205 1760 1348 1824 dico,
1383 1771 1501 1826 qua:
1534 1758 1587 1810 in
1640 1753 1845 1811 carnali
1892 1762 1975 1807 est
2015 1766 2109 1821 ge-

522 1856 827 1919 neratione,
862 1854 1090 1908 vilitatis
1118 1853 1316 1906 clarior
1351 1847 1742 1904 manifestatio.
1770 1846 1911 1911 Quid
1939 1844 2107 1912 igitur

519 1948 640 2019 plus
664 1946 928 2001 habemus
953 1958 1071 2008 nos,
1102 1942 1269 2009 quiin
1300 1939 1577 1994 Christum
1610 1936 1906 1998 credimus,
1942 1946 2104 2002 quant

521 2038 778 2094 lsraelitae
812 2038 863 2089 in
894 2034 1043 2104 lege?
1071 2032 1281 2087 Etenim
1311 2038 1365 2084 et
1397 2028 1467 2084 illi
1497 2029 1814 2083 dicebantur
1858 2024 1951 2079 lilii
1988 2022 2105 2077 Dei.

522 2129 773 2198 Magnum
802 2143 934 2183 sane
969 2126 1111 2180 inter
1139 2139 1235 2177 nos
1258 2131 1310 2177 ct
1338 2123 1459 2176 illos
1494 2120 1786 2175 discrimen
1814 2132 1827 2169 :
1853 2116 2109 2185 quoniam

522 2222 609 2277 lex
654 2220 705 2275 in
738 2218 992 2274 omnibus
1025 2214 1260 2269 habebat
1286 2213 1531 2265 utnbratn
1570 2208 1901 2272 futurorum,
1936 2218 2111 2274 neque

523 2311 861 2382 adoptionem
898 2308 1132 2361 liliorum
1162 2305 1255 2359 Dei
1298 2305 1459 2359 dabat
1503 2300 1786 2367 lsraelltis,
1824 2298 1917 2356 sed
1955 2297 2110 2368 quasi

521 2403 577 2459 in
610 2402 780 2472 ﬁgura
820 2409 875 2454 et
927 2409 1075 2468 typo,
1116 2410 1216 2451 nos
1246 2404 1424 2449 autem
1464 2392 1762 2447 secundum
1808 2389 2112 2453 veritatem,

521 2500 746 2563 accepto
770 2488 977 2558 Spiritu
998 2487 1091 2541 Dei
1113 2502 1209 2555 per
1231 2486 1521 2553 baptisma,
1543 2482 1842 2537 clamamus
1866 2496 1880 2534 :
1910 2495 1928 2529 t
1959 2476 2112 2531 Abba

521 2583 683 2641 Pater
705 2582 773 2637 “.
801 2599 820 2633 ι
848 2578 1002 2634 Sicut
1022 2586 1198 2632 autem
1218 2576 1431 2631 illorum
1456 2573 1728 2643 baptisma
1762 2571 1817 2625 in
1840 2568 2030 2623 umbra
2060 2576 2117 2621 et

524 2675 579 2728 in
616 2672 783 2741 figura
820 2679 959 2733 erat,
1010 2668 1081 2721 ita
1114 2676 1169 2722 et
1204 2666 1425 2735 addptio
1453 2674 1695 2719 nostram
1732 2674 1945 2732 quoque
1978 2672 2113 2730 prte-

528 2763 814 2833 llgurabat.
836 2761 1128 2831 Propterea
1157 2759 1405 2829 quamvis
1428 2758 1607 2811 vocati
1636 2754 1840 2810 iuerint
1864 2752 1982 2815 lilii,
2011 2753 2112 2805 hoc

532 2867 713 2919 tamen
739 2853 967 2921 contigit
991 2850 1069 2906 eis
1098 2848 1395 2917 ittuntbra,
1420 2863 1595 2918 neque
1622 2847 1674 2901 iu
1708 2845 1936 2902 veritate
1966 2857 2115 2895 eant-

528 2947 649 3000 dem
677 2946 906 2997 ltliorum
930 2941 1275 3012 adoptionem
1304 2939 1636 3006 habuerunt,
1654 2951 1816 3007 qnam
1844 2948 1945 2991 nos
1973 2947 2115 2988 nunc

529 3050 625 3106 per
658 3034 949 3103 baptisma.

602 3314 766 3366 Vsus.
801 3311 887 3364 Η.
926 3326 945 3362 ι
984 3306 1053 3364 Ει
1078 3306 1313 3363 Verbum
1343 3319 1490 3400 caro
1516 3306 1715 3400 factum
1764 3310 1870 3359 est.
1905 3320 1924 3356 ι
1965 3302 2116 3358 Ροθιη
2148 3337 2195 3400 c

533 3418 697 3475 quam
729 3401 863 3456 dixit
914 3400 1055 3469 quod
1101 3413 1199 3453 nos
1234 3396 1518 3453 credentes
1556 3396 1613 3452 in
1638 3396 1911 3453 Christum
1940 3396 1985 3451 si
2022 3411 2120 3450 vo-

538 3494 823 3557 luerimus,
895 3488 1196 3545 efﬁciamur
1249 3488 1342 3542 lilii
1394 3486 1509 3553 Dei,
1564 3485 1835 3541 subiut‘ert
1878 3500 2023 3539 nunc
2072 3494 2127 3540 et

535 3603 755 3645 causam
805 3586 938 3639 tanti
985 3583 1129 3641 boui.
1182 3582 1320 3637 Dicit
1355 3583 1499 3637 enim
1539 3595 1555 3639 ;
1597 3580 1691 3635 Vis
1730 3579 1937 3634 discere
1997 3579 2124 3649 quid

542 3678 847 3737 conciliarit
904 3678 1063 3731 nobis
1109 3677 1249 3731 hanc
1301 3674 1641 3743 adoptionem
1681 3671 1944 3727 iutilius?
1988 3671 2125 3739 Quia

553 3787 575 3821 ι
610 3767 843 3823 Verbum
880 3780 1007 3821 caro
1052 3764 1252 3820 factum
1290 3773 1392 3819 est.
1429 3781 1445 3814 ι
1481 3762 1704 3831 Quando
1722 3773 1901 3818 autem
1937 3764 2124 3816 audie-

536 3861 615 3917 ris
664 3860 803 3929 quod
872 3856 1101 3913 Verbum
1158 3872 1288 3912 caro
1339 3856 1539 3911 factum
1588 3866 1708 3919 est,
1779 3872 1845 3911 ne
1887 3856 2127 3924 opineris

538 3952 682 4023 quod
716 3967 746 4005 a
783 3964 879 4005 sua
933 3960 1126 4004 natura
1166 3948 1457 4013 destiterit,
1492 3948 1622 4003 etin
1659 3964 1876 4003 carnem
1910 3963 2127 4004 versum

539 4044 632 4099 sit.
688 4043 871 4112 Neque
904 4043 1049 4097 enim
1109 4040 1249 4095 Deus
1291 4040 1501 4104 luisset,
1534 4040 1579 4094 si
1613 4055 1825 4096 versum
1853 4040 2127 4095 etalterao

542 4147 654 4191 tum
684 4134 912 4196 fuisset;
942 4136 1035 4188 sed
1070 4148 1292 4189 manens
1320 4134 1459 4202 quod
1479 4142 1619 4197 erat,
1645 4131 1846 4187 factum
1878 4141 1962 4188 est
1987 4132 2127 4201 quod

543 4244 649 4284 non
680 4239 817 4283 erat.
849 4228 1218 4297 Apollinarius
1262 4235 1444 4281 autem
1486 4225 1828 4281 Laodicenus
1868 4225 1993 4280 hinc
2021 4223 2129 4278 hae-

543 4320 707 4373 resim
760 4317 1039 4372 excitavit.
1110 4316 1311 4386 Dogma
1358 4316 1500 4371 enim
1525 4316 1643 4385 ejus
1671 4323 1810 4379 erat,
1842 4315 2127 4370 Dominum

545 4418 600 4462 ct
626 4407 791 4462 Dcunt
822 4416 1066 4463 nostrum
1098 4420 1201 4460 non
1244 4406 1546 4474 suscepisse
1578 4404 1869 4474 perfectam
1894 4404 2130 4460 hominis

545 4512 814 4567 naturam,
856 4500 1109 4557 videlicet
1181 4514 1379 4569 corpus
1444 4514 1568 4553 cum
1617 4500 1797 4555 anima
1856 4499 2129 4567 rationali,

544 4597 638 4652 sed
697 4608 916 4650 carnem
973 4594 1143 4649 solam
1207 4591 1461 4647 mentalis
1510 4600 1566 4648 et
1616 4591 1899 4649 rationalis
1930 4593 2127 4647 anima

2136 1989 2184 2049 B

2209 738 2344 807 πρὸς
2379 738 2467 791 τὸν
2504 731 2845 802 συνδυασμδν
2876 728 2972 782 τοῦ
3026 726 3429 797 ἐπιθυμοῦντος
3460 722 3800 789 συγκατάθε-

2210 847 2317 893 σιν,
2335 829 2456 899 ἥτις
2479 823 2621 897 ἀρχὴ
2638 824 2735 894 τῆς
2755 820 3029 892 πράξεως.
3060 818 3267 889 Ἔθηκε
3289 817 3347 871 δὲ
3370 818 3462 871 καὶ
3485 816 3795 887 ἁμςότερα,

2207 924 2289 976 ὅτι
2323 920 2504 975 πολλοὶ
2533 916 2864 988 ἐπιθυμοῦσι
2917 915 3039 985 μέν,
3082 913 3143 965 οῦ
3172 913 3281 981 μὴν
3328 910 3492 973 εὐθὺς
3532 910 3627 962 καὶ
3671 926 3796 960 atav-

2208 1012 2514 1080 απάγονται
2540 1012 2607 1080 τῇ
2634 1007 2929 1079 ἐπιθυμίᾳ’
2965 1005 3104 1059 ἀλλά
3131 1002 3543 1075 κατακρατοῦσι
3572 1000 3799 1068 ταύτης,

2210 1106 2303 1159 καὶ
2329 1103 2463 1175 πρὸς
2486 1103 2585 1172 τὴν
2615 1101 2813 1172 πρᾶξιν
2845 1100 2947 1154 ούκ
2977 1096 3399 1153 ὀλισθαίνουσιν.
3430 1096 3585 1148 Ὀσοι
3618 1094 3675 1147 δέ
3711 1096 3802 1163 ἡτο

2206 1198 2431 1262 τῶνται,
2464 1197 2662 1249 ἐκεῖνοι
2694 1194 2911 1263 πρῶτον
2943 1191 3050 1244 ὑπὸ
3081 1191 3180 1261 τῆς
3224 1188 3428 1262 σαρκὸς
3477 1189 3574 1241 καὶ
3605 1189 3706 1259 τῆς
3746 1190 3803 1241 ἐν

2206 1288 2381 1361 ταύτῃ
2417 1286 2844 1359 ύποσμυχούσης
2898 1284 3198 1354 ἐπιθυμίας
3230 1282 3630 1351 διακαιόμενοι,
3670 1282 3805 1352 πρὸς

2207 1382 2267 1434 τὸ
2318 1380 2496 1434 θέλειν
2570 1378 2801 1450 μιγῆναι
2851 1377 3237 1447 ἐκτρέπονται.
3301 1375 3598 1437 Εὑτάκτως
3654 1372 3805 1427 οῦνὸ

2208 1471 2604 1542 εὐαγγελιστὴς
2653 1472 2713 1524 τὸ
2755 1468 2968 1539 θέλημα
3007 1468 3106 1537 τῆς
3152 1464 3356 1537 σαρκὸς
3400 1463 3671 1537 προέταξε
3709 1462 3803 1517 τοῦ

2209 1560 2518 1633 θελήματος
2548 1560 2641 1614 τοῦ
2686 1558 2917 1630 ἀνδρὸς,
2948 1558 3024 1620 ὠς
3060 1557 3160 1626 τῆς
3207 1556 3509 1626 ἐπιθυμίαις
3552 1554 3802 1624 φυσικῶς

2212 1651 2637 1724 προηγουμένης
2688 1655 2788 1722 τῆς
2819 1650 3039 1723 μίξεως,
3086 1650 3181 1705 καὶ
3214 1648 3545 1720 ἀμφοτέρων
3580 1648 3676 1700 ἐπὶ
3712 1646 3804 1699 τοῦ

2212 1744 2554 1816 συνδυασμοῦ
2608 1745 3016 1816 συντρεχόντων
3060 1742 3119 1812 ἐξ
3176 1742 3449 1812 ἀνάγκης.
3510 1739 3701 1796 Ταῦτα
3749 1739 3807 1793 δέ

2212 1841 2391 1893 πάντα
2420 1838 2639 1910 εἴρηται
2670 1838 2758 1893 διὰ
2785 1839 2910 1902 τοὺς
2938 1839 3005 1891 τὰ
3036 1838 3241 1907 ἀνόητα
3272 1835 3538 1898 πολλάκις
3563 1835 3808 1905 ἐρωτῶν-

2211 1951 2307 1997 τας
2328 1947 2341 1961 ⁸
2368 1934 2512 1996 ἐπεὶ,
2545 1932 2607 1987 τό
2641 1950 2705 2001 γε
2734 1932 3068 2003 κυριώτερον
3104 1932 3306 1994 εἱπεῖν,
3344 1929 3443 1999 μία
3468 1927 3561 1983 διὰ
3586 1928 3806 1982 πάντων

2212 2024 2417 2077 τούτων
2447 2023 2627 2077 ῐννοια
2673 2021 2953 2092 δηλοῦται,
3000 2021 3147 2091 φημὶ
3194 2020 3279 2089 δὴ,
3319 2020 3352 2090 ἡ
3404 2019 3505 2088 τῆς
3540 2017 3634 2071 τοῦ
3674 2034 3806 2087 σαρ-

2215 2115 2373 2170 κικοῦ
2401 2117 2567 2169 τόπου
2601 2114 2881 2178 εὐτελείας
2909 2112 3172 2184 ἔμφασις.
3198 2112 3265 2166 Τί
3292 2106 3385 2165 οῦν
3414 2110 3579 2164 πλέον
3611 2110 3807 2180 ἐχθμεν

2214 2210 2261 2261 οἱ
2292 2209 2371 2270 είς
2403 2207 2643 2278 Χριστὸν
2665 2203 3019 2269 πιστεύοντες
3040 2205 3147 2257 τῶν
3172 2205 3229 2257 ἐν
3252 2202 3331 2273 τῷ
3358 2202 3511 2273 νόμῳ
3541 2201 3806 2271 Ἰσραηλι-

2214 2298 2361 2363 τῶν;
2398 2297 2511 2351 Καὶ
2539 2296 2919 2370 γὰρζκάκεῖνοι
2950 2296 3055 2349 υἱοὶ
3088 2292 3227 2347 Θεοῦ
3256 2293 3528 2362 ἐλέγοντο.
3570 2292 3715 2346 Πολὺ
3750 2291 3810 2345 τὸ

2214 2393 2475 2464 διάφορον
2503 2393 2661 2465 ἡμῶν
2687 2392 2984 2446 κάκείνων.
3020 2391 3176 2445 Ἐπεὶ
3205 2387 3317 2460 γὰρ
3348 2390 3377 2442 6
3403 2388 3568 2458 νόμος
3595 2390 3655 2441 ἐν
3680 2388 3810 2441 πᾶσι

2218 2486 2379 2540 σκιὰν
2412 2480 2529 2555 εἶχε
2562 2486 2672 2539 τῶν
2706 2482 3040 2555 μελλόντων,
3068 2482 3191 2537 οὐδὲ
3222 2481 3324 2552 τὴν
3356 2480 3635 2533 υἱοθεσίαν
3666 2479 3811 2550 ἔχειν

2216 2579 2387 2633 ἐδίδου
2414 2580 2529 2642 τοῖς
2567 2576 2959 2649 Ἰσραηλίταις,
2996 2575 3113 2631 ἀλλ’
3136 2575 3213 2639 ὡς
3247 2574 3307 2627 ἐν
3340 2572 3497 2643 τύπῳ
3538 2572 3637 2627 καὶ
3682 2573 3813 2642 σχὴο

2221 2688 2381 2739 ματι·
2430 2673 2592 2743 ἡμεῖς
2630 2671 2687 2725 δὲ
2721 2670 2866 2724 κατὰ
2894 2670 3157 2741 ἀλήθειαν
3186 2668 3443 2732 λαϐόντες
3486 2668 3547 2720 τὸ
3583 2665 3813 2737 Πνεῦμα

2216 2756 2311 2809 τοῦ
2342 2756 2478 2811 Θεοῦ
2503 2759 2593 2812 διὰ
2627 2758 2721 2813 τοῦ
2756 2758 3153 2829 βαπτίσματος,
3190 2757 3497 2829 κράζομεν·
3526 2775 3544 2809 t
3587 2756 3761 2811 Ἀϐεᾶ
3787 2757 3815 2809 6

2220 2850 2431 2921 Πατήρ.
2478 2869 2497 2903 ε
2552 2850 2816 2915 Ἐκείνοις
2850 2851 2909 2905 δέ
2942 2851 3135 2922 ὥσπερ
3171 2850 3231 2903 τδ
3272 2850 3557 2921 βάπτισμα
3584 2850 3813 2902 τυπικὺν

2217 2937 2286 3013 ἦν
2322 2944 2418 2996 καὶ
2447 2944 2699 3009 σκιῶδες,
2734 2944 2879 2999 οὔτω
2907 2945 3002 2999 καὶ
3036 2947 3068 3014 ἡ
3115 2944 3365 2998 υἱοθεσία
3401 2947 3501 3013 τὴν
3530 2944 3813 3014 ἡμετέραν

2220 3036 2601 3105 προτυποῦσα.
2632 3036 2751 3092 Κᾶν
2775 3035 2867 3091 οὖν
2888 3038 2996 3091 υἱοὶ
3028 3038 3343 3101 ἐκαλοῦντο,
3377 3037 3513 3091 ἀλὶὰ
3545 3036 3812 3099 σκιιυδὼς,

2219 3128 2315 3181 καὶ
2366 3130 2467 3181 ούκ
2504 3128 2679 3199 αὐτὴν
2721 3129 2821 3202 τὴν
2869 3129 3133 3201 ἀλήθειαν
3174 3132 3274 3200 τῆς
3318 3130 3600 3192 υἱοθεσίας
3643 3124 3810 3199 εἶχον,

2218 3220 2293 3285 ὡς
2324 3222 2487 3290 ἡμεῖς
2523 3219 2619 3273 νῦν
2647 3220 2737 3275 διὰ
2771 3220 2867 3275 τοῦ
2904 3222 3300 3293 βαπτίσματος.

2302 3326 2321 3363 ι
2370 3312 2479 3364 Καὶ
2512 3312 2538 3362 6
2572 3311 2745 3378 Λόγος
2772 3310 2911 3383 σὰρξ
2954 3312 3191 3380 ἐγένετο.
3233 3331 3251 3364 ι
3286 3312 3469 3366 Εἰπὼν
3512 3314 3595 3367 ὅτι
3646 3314 3811 3367 τέκνα

2225 3402 2491 3473 γινόμεθα
2518 3403 2679 3469 Θεοῦ,
2712 3405 2760 3456 εἱ
2788 3404 3038 3474 θέλομεν,
3066 3406 3116 3457 οἱ
3144 3403 3542 3468 πιστεύσαντες
3572 3407 3655 3470 εἱς
3673 3407 3813 3478 Χρι-

2230 3497 2379 3559 στὸν,
2414 3496 2669 3567 ἐπιφέρει
2704 3496 2798 3550 καὶ
2825 3496 2923 3567 τὴν
2962 3497 3145 3550 αίτίαν
3174 3497 3269 3550 τοῦ
3315 3497 3643 3567 τηλικούτου
3674 3502 3814 3567 ἀγαο

2229 3586 2346 3642 θοῦ.
2378 3588 2443 3641 Τί
2473 3590 2603 3660 γὰρ,
2631 3590 2787 3659 φησὶ,
2815 3589 3184 3659 προεξένησεν
3215 3591 3347 3661 ἡμῖν
3376 3590 3478 3661 τὴν
3530 3591 3816 3645 υἱοθεσίαν

2228 3682 2453 3754 ταύτην,
2484 3683 2665 3752 βούλει
2686 3683 2877 3755 μαθεῖν
2895 3702 2910 3752 ;
2932 3684 3007 3737 T6
3028 3683 3119 3737 τὸν
3139 3684 3311 3753 Λόγον
3334 3684 3513 3757 σάρκα
3533 3685 3815 3753 γενέσθαι.

2230 3772 2399 3826 ὐταν
2421 3773 2477 3827 δέ
2506 3772 2768 3846 ἀκούσῃς,
2800 3776 2882 3828 ὅτι
2921 3792 2940 3828 t
2972 3775 3119 3845 Σὰρξ
3140 3776 3378 3844 ἐγένετο,
3427 3794 3445 3828 ι
3482 3776 3561 3848 μὴ
3585 3778 3817 3851 νομίσῃς

2228 3866 2310 3919 ὅτι
2338 3864 2529 3937 ἐξέστη
2552 3867 2651 3938 τῆς
2673 3866 2879 3931 οἰκείας
2902 3866 3145 3936 φύσεως,
3168 3868 3261 3922 καὶ
3283 3869 3495 3941 ἐτράπη
3512 3872 3594 3933 εἰς
3616 3870 3816 3942 σάρκα’

2231 3960 2292 4012 ού
2323 3959 2431 4029 γὰρ
2464 3958 2531 4014 ἂν
2565 3960 2698 4025 Θεὸς
2746 3956 2838 4033 ἦν,
2894 3963 3055 4033 εἰπερ
3086 3963 3350 4035 ἐτρέπετο
3384 3964 3479 4016 καὶ
3511 3962 3817 4032 ἡλλοιοῦτω

2231 4050 2345 4104 ἀλλ’
2378 4052 2458 4105 ὅτι
2495 4054 2672 4122 μένων
2706 4054 2733 4106 δ
2761 4050 2849 4125 ἦν,
2881 4055 3102 4124 ἐγένετο
3156 4056 3186 4109 δ
3235 4058 3335 4110 ούκ
3364 4051 3453 4127 ἦν.
3501 4056 3822 4112 ’Δπολλινὰ-

2232 4159 2349 4213 ριος
2374 4142 2480 4197 δέὀ
2523 4144 2824 4210 Λαοδικεὺς
2863 4145 3117 4201 ἐντεῦθεν
3156 4148 3370 4221 αἵρεσιν
3418 4152 3815 4221 συνεστήσατο.

2246 4234 2606 4306 Ἐδογμάτισε
2637 4237 2745 4309 γὰρ
2778 4240 2859 4293 ὅτι
2897 4240 2927 4292 6
2965 4239 3172 4312 Κύριος
3202 4243 3297 4296 καὶ
3342 4242 3480 4308 Θεὸς
3538 4244 3703 4315 ἡμῶν
3725 4245 3819 4297 οὐκ

2232 4326 2463 4381 ἀνέλαϐε
2516 4327 2615 4398 τὴν
2675 4329 2771 4383 τοῦ
2824 4329 3113 4401 ἀνθρώπου
3153 4332 3317 4403 φύσιν
3368 4334 3611 4400 τελεξαν,
3657 4338 3820 4408 ἤγουν

2234 4418 2395 4488 σῶμα
2428 4420 2567 4488 μετὰ
2600 4417 2777 4490 ψυχῆς
2811 4420 3058 4493 λογικῆς,
3087 4422 3225 4478 ἀλλὰ
3261 4424 3442 4496 σάρκα
3475 4426 3674 4495 μόνην,
3721 4426 3821 4494 ψυ-

2232 4508 2335 4579 χῆς
2370 4508 2598 4578 λογικῆς
2631 4511 2725 4563 καὶ
2764 4514 2959 4583 νοερᾶς
3004 4514 3254 4585 ἄμοιρον.
3285 4516 3352 4569 Τί
3395 4517 3507 4587 γὰρ
3538 4517 3760 4591 ἐχρῃξεκ
3796 4519 3817 4551 ³

2232 4600 2364 4664 Θεὸς
2394 4601 2493 4672 τῆς
2517 4601 2719 4673 ψυχῆς,
2770 4604 2908 4675 ἔχων
2948 4606 3047 4678 τὴν
3080 4606 3311 4679 θεότητα
3361 4608 3732 4681 κυδερνῶσαν
3761 4612 3817 4667 τὸ

547 4696 849 4758 expertem.
901 4684 1041 4753 Quid
1094 4684 1239 4741 enim
1295 4698 1430 4754 opus
1486 4683 1716 4740 habebat
1746 4686 1926 4740 anima
1965 4684 2116 4740 Deus

2240 4693 2423 4765 σῶμα,
2456 4694 2515 4749 ὂν
2547 4694 2743 4766 τρόπον
2770 4696 2967 4768 ἔχομεν
2992 4698 3157 4769 ἡμεῖς
3202 4698 3303 4771 τὴν
3330 4700 3513 4773 ψυχὴν
3539 4702 3821 4773 διεξάγου-

546 4781 745 4851 inquit,
777 4782 867 4851 qui
902 4780 1138 4835 habebat
1166 4780 1451 4844 deitatem,
1481 4794 1601 4850 qua:
1636 4779 1971 4849 gubernabat
2020 4794 2116 4835 cor

2238 4802 2335 4839 σαν
2386 4787 2447 4840 τὸ
2482 4788 2640 4857 ἡμῶν
2687 4788 2886 4859 σῶμα;
2937 4785 3066 4863 Εἶχε
3114 4791 3174 4845 δέ
3229 4792 3314 4857 εἱς
3356 4794 3711 4866 ἐπικουρίαν,
3751 4797 3821 4860 ὡς

548 4885 671 4938 pus,
730 4870 871 4923 sicut
923 4882 1023 4922 nos
1081 4866 1341 4921 habemus
1395 4866 1630 4920 animam
1665 4882 1861 4935 corpus
1886 4876 2116 4921 nostruu

2234 4875 2389 4973 φετο,
2409 4876 2472 4973 τὸ
2709 4879 2894 4973 ρητόνο
2933 4899 2953 4933 ε
2990 4882 3102 4936 Καὶ
3126 4883 3155 4935 6
3184 4884 3359 4953 Λόγος
3384 4884 3521 4967 σὰρξ
3545 4889 3815 4957 ἐγένετο.»

549 4962 869 5030 dirigentem
902 4959 924 5012 ‘3
972 4956 1214 5013 Habebat
1245 4968 1425 5011 autem
1451 4972 1662 5021 ansam,
1695 4967 1750 5011 ut
1778 4959 2116 5012 existimaba-

2236 4966 2313 5020 Οὐ
2362 4967 2492 5039 γὰρ,
2546 4969 2735 5037 φησὶν,
2804 4969 2979 5036 εἶπεν,
3046 4973 3131 5026 ὅτι
3190 4956 3518 5048 Ἄνθρωπος
3576 4956 3818 5047 ἐγένετο,

545 5063 654 5120 tur,
687 5069 750 5108 ex
783 5053 1036 5123 przescnti
1063 5052 1230 5115 dicto,
1272 5070 1291 5102 ι
1346 5051 1415 5106 Et
1471 5049 1707 5105 Verbum
1757 5064 1883 5104 caro
1928 5048 2116 5105 facturr

2237 5058 2395 5123 ἀλλὰ,
2436 5077 2454 5111 t
2486 5060 2642 5131 σάρξ.
2671 5080 2690 5114 ι
2727 5060 2890 5116 Ὥστε
2918 5063 3017 5116 οὐκ
3045 5064 3276 5119 ἀνέλαϐε
3300 5067 3481 5138 ψυχὴν
3514 5069 3641 5123 νοῦν
3670 5070 3819 5141 ἔχου-

548 5156 653 5201 est.
704 5164 723 5199 ι
774 5146 888 5200 Non
928 5146 1092 5210 enim,
1116 5145 1313 5217 inquit,
1355 5144 1537 5199 dixit:
1583 5162 1600 5195 ι
1637 5143 1703 5199 Et
1749 5142 1951 5199 factum
1986 5156 2068 5199 est
2109 5162 2116 5197 ι

2237 5164 2335 5203 σαν
2365 5150 2460 5204 καὶ
2482 5149 2661 5220 λόγον,
2691 5152 2826 5207 ἀλλὰ
2850 5155 3031 5225 σάρκα
3056 5155 3220 5210 ἄνουν
3242 5159 3335 5211 καὶ
3357 5158 3576 5229 ἄλογον.
3615 5161 3821 5230 ’ἱίγνόει

552 5239 736 5303 homo,
786 5240 902 5304 sed,
944 5256 963 5289 ι
1003 5253 1129 5293 caro
1185 5256 1207 5291 ι
1247 5245 1347 5293 :et
1378 5237 1447 5293 ita
1476 5251 1585 5291 non
1623 5237 1866 5307 suscepit
1889 5237 2116 5291 animam

2231 5239 2288 5294 δέ
2322 5240 2431 5315 ἄρα
2461 5244 2489 5297 6
2523 5244 2775 5311 ἐλεεινὸς,
2804 5246 2943 5317 δτιὴ
2974 5247 3167 5324 Γραφὴ
3196 5250 3306 5304 ἀπὸ
3333 5250 3427 5305 τοῦ
3463 5252 3672 5324 μέρους
3697 5254 3823 5309 πολ-

547 5346 669 5398 qua:
688 5331 849 5386 habet
881 5342 1114 5386 mentem
1146 5346 1209 5387 ac
1242 5330 1527 5397 rationem,
1561 5330 1655 5385 sed
1685 5344 1901 5383 carnem
1930 5330 2116 5399 absqui

2232 5332 2389 5397 λακις
2414 5336 2672 5406 ὀνομάζει
2704 5338 2764 5391 τὸ
2814 5337 2935 5391 ὅλον
2993 5322 3129 5405 οἷον,
3166 5342 3441 5412 μέλλουσα
3469 5322 3819 5418 ἐπιμνησθῆ-

550 5434 732 5479 mente
748 5433 799 5479 et
814 5424 1039 5479 ratione.
1060 5424 1347 5493 lgnorabat
1359 5435 1424 5475 au
1434 5431 1537 5475 tem
1554 5420 1875 5476 miserabilis
1889 5419 1975 5477 ille
1992 5436 2116 5491 quot

2235 5440 2321 5477 ναι
2348 5424 2635 5496 ἀνθρώπου
2689 5427 2831 5490 ὅλου,
2886 5430 2995 5483 ἀπὸ
3044 5431 3269 5500 μέρους,
3329 5433 3427 5503 τῆς
3459 5434 3647 5506 ψυχῆς
3684 5436 3823 5507 λόγῳ

553 5513 831 5584 Scriptura
861 5488 1171 5585 plerumque
1200 5531 1229 5569 a
1260 5524 1412 5585 parte
1450 5522 1621 5567 totum
1653 5514 1919 5579 nominet,
1952 5488 2116 5584 utpott

2233 5488 2491 5586 ὀνομάζει
2524 5519 2685 5571 αὐτόν
2712 5536 2725 5549 ⁸
2778 5488 2911 5585 οἱον,
2953 5539 2972 5571 t
3014 5488 3171 5577 [ἱᾶσα
3195 5488 3365 5595 φνχὴ,
3383 5488 3645 5597 ERN};

552 5616 1038 5662 canunemoratura
1091 5614 1257 5660 totum
1321 5605 1613 5667 hominem,
1666 5619 1696 5657 a
1746 5616 1919 5672 parte,
1948 5606 2116 5659 anima

2236 5606 2441 5677 τμηθῇ,
2470 5609 2837 5665 θανατούσθω.
2876 5631 2894 5663 ι
2914 5613 3045 5667 Ἰδοὺ
3073 5615 3181 5687 γὰρ
3208 5617 3332 5672 ἀντὶ
3354 5618 3452 5673 τοῦ
3481 5623 3689 5688 εἰπεῖν,
3721 5622 3823 5686 πᾶς

553 5698 778 5761 scilicet,
808 5699 981 5766 ipsum
1014 5698 1254 5754 nominat
1279 5714 1293 5751 :
1318 5707 1396 5763 ut,
1423 5714 1441 5748 ι
1475 5694 1663 5751 Omnis
1682 5698 1859 5750 anima
1878 5711 1998 5765 qua:
2019 5711 2116 5751 nor

2236 5696 2544 5769 ἄνθρωπος,
2574 5695 2698 5754 εἶπε
2725 5700 2787 5755 τὸ
2818 5702 3001 5772 μέρος,
3040 5705 3142 5775 τὴν
3187 5706 3368 5779 ψυχὴν
3389 5706 3560 5779 λέγω.
3579 5713 3697 5768 Καὶ
3729 5714 3826 5767 πά-

553 5789 975 5854 circumciditur,
996 5790 1277 5846 occidatur
1299 5791 1365 5842 δ’.
1393 5806 1411 5839 ι
1442 5788 1579 5843 Ecce
1608 5786 1751 5841 enim
1787 5802 1883 5857 pro
1902 5801 1965 5842 eo
1987 5803 2111 5857 quoi

2240 5791 2319 5847 λιν
2356 5791 2461 5843 ἀπὸ
2486 5790 2587 5863 τῆς
2614 5793 2812 5862 σαρκὸς
2831 5794 3087 5866 ὀνομάζει
3113 5796 3172 5849 τὸ
3199 5798 3342 5867 ὅλον,
3387 5801 3464 5867 ὡς
3498 5804 3636 5862 ὅταν
3659 5806 3789 5875 λέγῃ
3810 5819 3824 5835 '

624 5966 669 5999 “
704 5966 856 6021 ilum.
889 5983 999 6033 \‘lll,
1032 5968 1095 6022 lii
1128 5978 1179 6019 et
1211 5967 1387 6021 Gal-at.
1423 5981 1491 6031 ιν,
1517 5967 1568 6021 6.
1651 5970 1692 5997 δ”
1718 5968 1850 6023 Gen.
1880 5984 2011 6033 xvn,
2040 5971 2127 6024 Μ,
