4046 6530
554 489 693 559 1159

1440 471 2029 539 THEOPHYLACTI
2074 464 2489 532 BULGARl/E
2532 462 2895 524 ARClIlLP.

3704 451 3837 516 1160

549 608 773 661 tionem.
808 600 866 655 la
892 599 1035 653 hunc
1062 607 1127 650 se
1159 590 1378 646 modum
1415 592 1645 644 mendax
1677 586 1963 658 phantasia
1995 598 2141 649 sem-

2260 583 2437 653 τασίᾳ.
2487 583 2725 634 Ἀτοπον
2756 579 2865 646 γὰρ
2928 576 3022 629 καὶ
3076 570 3309 642 ἀνόητον
3361 563 3672 631 πιστεύειν,
3706 566 3781 629 ὡς
3824 568 3846 621 6

551 712 649 768 per
679 700 941 750 nitentat.
1007 704 1025 739 ι
1090 684 1157 739 Et
1186 683 1452 738 habitavit
1486 682 1538 734 in
1578 680 1755 734 nobis.
1807 696 1825 729 s
1874 675 2139 742 Quoniam

551 803 714 857 supra
776 785 1005 845 dixerat,
1044 776 1332 833 «Verbum
1376 789 1504 829 caro
1574 771 1775 826 factum
1826 780 1943 835 est,
2000 789 2017 820 ι
2086 780 2141 821 ut

549 893 617 934 ne
674 877 794 944 quis
878 873 1189 943 suspicetur
1249 868 1392 937 quod
1448 880 1550 917 una
1614 872 1806 916 natura
1870 860 2011 915 facta
2071 861 2143 913 sit

548 966 817 1029 Christus,
855 964 978 1020 ideo
1017 963 1222 1024 subdit,
1266 978 1282 1012 t
1318 956 1383 1011 Et
1415 958 1677 1011 habitavit
1703 955 1754 1008 in
1790 952 1969 1017 nobis,
2033 970 2049 1001 ι
2084 960 2142 1004 ιιι

546 1060 799 1116 ostendat
846 1060 981 1112 duas
1039 1064 1286 1117 naturas,
1328 1062 1571 1104 nostram
1610 1048 1838 1110 scilicet,
1873 1062 1934 1099 ac
1959 1044 2139 1098 Verbi.

548 1152 684 1208 Nam
718 1150 859 1205 sicut
890 1150 1113 1202 alterius
1162 1156 1368 1197 natura:
1394 1150 1481 1195 est
1523 1140 1950 1202 tabernaculum,
1984 1147 2037 1190 et
2067 1137 2144 1189 al-

549 1244 719 1297 terius
750 1243 793 1294 is
838 1239 928 1308 qui
978 1236 1243 1289 inhabitat
1292 1234 1343 1284 in
1378 1246 1479 1285 eo:
1513 1230 1584 1282 ita
1612 1238 1666 1281 et
1705 1227 1937 1280 Verbum
1976 1225 2025 1276 in
2052 1237 2145 1276 uo-

552 1336 637 1391 bis
686 1334 933 1388 habitare
986 1332 1206 1394 dicitur,
1255 1327 1355 1381 hoc
1391 1334 1494 1387 est,
1553 1323 1607 1376 iu
1644 1330 1825 1375 nostra
1852 1327 2144 1383 natura,et

552 1429 778 1483 alterius
811 1424 969 1495 517
1012 1433 1095 1476 est
1126 1433 1332 1474 natura:
1363 1433 1522 1486 quam
1550 1417 1619 1469 sit
1669 1424 1877 1469 ucstra.
1901 1410 2143 1466 Confun-

550 1520 750 1573 dantur
798 1515 1059 1577 Armenii,
1089 1515 1177 1582 qui
1206 1526 1367 1563 unam
1416 1509 1602 1562 colunt
1650 1517 1919 1559 naturam.
1958 1503 2146 1557 Disci-

552 1627 673 1665 IIIUS
718 1610 884 1677 igitur
925 1622 1043 1677 per,
1088 1624 1105 1656 ι
1148 1604 1385 1657 Verbum
1421 1617 1548 1657 caro
1574 1600 1775 1655 factum
1804 1612 1908 1663 est,
1944 1617 1963 1649 ι
2001 1597 2142 1666 quod

552 1701 737 1771 ipsum
758 1697 994 1751 Verbum
1047 1696 1209 1749 [mino
1240 1692 1436 1747 iactum
1478 1703 1562 1746 est
1594 1709 1607 1744 :
1639 1701 1692 1745 et
1728 1707 1849 1745 cum
1888 1690 1957 1744 sit
1980 1688 2147 1742 Filius

552 1794 670 1859 Dei,
727 1791 929 1846 factum
977 1800 1061 1843 est
1125 1789 1269 1842 lilius
1320 1788 1583 1849 mulieris,
1625 1801 1743 1853 qua:
1777 1786 1993 1855 proprie
2022 1784 2144 1837 Dei-

2248 676 2373 738 Υἱὸς
2404 673 2499 729 τοῦ
2541 673 2701 735 Θεοῦ,
2736 670 2969 741 ἀλήθεια
3001 665 3077 719 ὢν
3103 667 3197 719 καὶ
3214 662 3540 732 λεγόμενος,
3576 659 3847 730 ἐψεύσατο

2244 774 2345 843 τὴν
2371 768 2787 838 ὲνανθρώπησιν
2814 781 2826 793 °
2864 761 3105 816 τοιοῦτον
3140 758 3250 829 γὰρ
3286 760 3318 829 ή
3380 758 3677 825 φαντασία,
3719 754 3847 822 also-

2247 867 2343 937 δης
2388 866 2606 925 πάντως
2635 860 2884 924 ἔνδειξις.
2926 878 2941 908 ι
2999 855 3109 910 Καὶ
3171 854 3487 922 ἐσκήνωσεν
3545 850 3603 899 ὲν
3635 849 3790 915 ἡμῖν.
3826 866 3841 896 ι

2259 957 2481 1021 Ἐπειδὴ
2515 957 2628 1010 ἄνω
2653 950 2833 1013 εἶπεν,
2868 952 2947 1004 ὅτι
2989 969 3007 1001 ι
3060 948 3119 1001 '0
3154 946 3328 1011 Λόγος
3353 943 3492 1013 σὰρξ
3523 942 3770 1007 ἐγένετο,
3827 960 3841 991 ι

2249 1054 2337 1105 ἵνα
2370 1054 2443 1121 μή
2470 1068 2553 1113 τις
2581 1047 2854 1117 ύπολάὸῃ,
2888 1046 2971 1098 ὅτι
3008 1044 3105 1113 μία
3138 1040 3301 1110 φύσις
3336 1040 3527 1089 λοιπὸν
3560 1038 3787 1102 ἐγένετο
3826 1036 3849 1086 ὁ

2247 1143 2505 1215 Χριστὸς,
2562 1141 2651 1194 διὰ
2699 1140 2858 1192 τοῦτο
2906 1137 3105 1203 ἐπάγει
3150 1134 3231 1196 τὸ,
3292 1150 3310 1183 ι
3372 1128 3728 1199 Ἐσκήνωσεν
3795 1127 3846 1177 ὲν

2248 1240 2403 1308 ἡμῖν,
2444 1255 2461 1288 ι
2503 1235 2591 1287 ἵνα
2617 1233 2768 1303 δείξῃ
2808 1231 2906 1295 τάς
2941 1229 3036 1283 δύο
3072 1226 3288 1295 φύσεις,
3320 1228 3418 1294 τήν
3446 1240 3505 1274 τε
3542 1222 3846 1290 ἡμετέραν,

2249 1333 2345 1384 καὶ
2370 1330 2470 1400 τὴν
2498 1328 2591 1381 τοῦ
2626 1326 2823 1393 Λόγου.
2870 1324 3085 1391 Ὥσπερ
3112 1322 3219 1390 γὰρ
3255 1319 3423 1388 ἄλλης
3456 1313 3682 1382 φύσεώς
3707 1316 3850 1365 ἐστιν

2248 1426 2283 1492 ή
2314 1422 2507 1493 σκηνὴ,
2550 1420 2644 1471 καὶ
2693 1416 2860 1486 ἄλλης
2908 1417 2936 1469 ό
2990 1410 3355 1479 κατασκηνῶν
3392 1410 3448 1460 ἐν
3488 1408 3630 1475 αὐτῇ
3658 1421 3672 1434 ⁸
3712 1405 3851 1457 οὓτω

2250 1517 2345 1569 καὶ
2378 1517 2405 1567 ό
2431 1515 2603 1582 Λόγος
2638 1510 2916 1580 σκηνῶσαι
2946 1509 3003 1560 ὲν
3036 1507 3168 1576 ήμίν
3199 1503 3519 1573 λεγόμενος,
3543 1498 3849 1558 τουτέστιν,

2254 1612 2313 1663 ἐν
2354 1610 2418 1678 τῇ
2482 1606 2731 1677 ἡμετέρᾳ
2776 1604 2958 1671 φύσει,
3015 1601 3181 1669 ἄλλης
3212 1599 3279 1652 ἂν
3320 1598 3403 1667 εἴη
3453 1594 3676 1665 φύσεως
3704 1591 3852 1663 παρά

2251 1702 2350 1771 τὴν
2377 1701 2674 1771 ἡμετέραν.
2709 1692 3172 1766 Δίσχυνὲσθωσαν
3195 1692 3244 1743 oi
3300 1691 3607 1759 Ἀρμένιοι,
3641 1688 3691 1738 οἱ
3724 1686 3849 1756 μίαν

2253 1794 2415 1863 φύσιν
2465 1790 2883 1863 πρεσϐεύοντες.
2914 1786 3279 1853 Μανθάνομεν
3324 1782 3438 1844 οὖν,
3485 1781 3575 1834 διὰ
3613 1780 3713 1850 μὲν
3738 1778 3849 1841 τοῦ,

552 1902 681 1957 para
710 1887 928 1949 dicitur,
984 1898 1047 1937 eo
1072 1887 1214 1951 quod
1255 1883 1509 1951 genuerit
1535 1879 1701 1932 Deum
1740 1879 1791 1931 in
1826 1893 2006 1931 carne.
2047 1876 2148 1930 Per

2262 1906 2278 1938 ι
2325 1887 2382 1937 '0
2416 1886 2589 1952 Λόγος
2631 1881 2769 1953 σὰρξ
2799 1881 3042 1947 ἐγένετο,
3099 1898 3116 1928 ι
3160 1879 3240 1930 ὅτι
3291 1877 3453 1939 αὐτὸς
3480 1878 3508 1928 ό
3539 1875 3717 1942 Λόγος
3762 1873 3853 1928 dv-

553 1950 654 2033 lioc
676 1990 855 2032 autem
879 1978 1019 2045 quod
1042 1950 1191 2037 dicit,
1230 1994 1245 2025 ι
1270 1950 1552 2027 iiabitavit
1576 1974 1627 2025 iu
1648 1971 1859 2036 nobis,»
1887 1970 2146 2024 discimus

2260 1980 2471 2050 θρωπος
2504 1977 2743 2042 ἐγένετο,
2778 1972 2872 2025 καὶ
2911 1972 3024 2034 υἱὸς
3057 1970 3134 2023 ὢν
3180 1968 3271 2021 τοῦ
3316 1967 3474 2031 Θεοῦ,
3529 1966 3728 2035 γέγονε
3756 1968 3849 2017 καὶ

554 2072 692 2125 duas
746 2079 967 2123 naturas
1015 2070 1315 2121 credendus
1346 2068 1397 2118 in
1432 2065 1669 2118 Christo.
1705 2061 1837 2116 Nam
1871 2063 1970 2115 etsi
2007 2076 2147 2115 unus

555 2164 628 2220 sit
688 2161 986 2216 secundum
1049 2160 1387 2230 liypostasin,
1430 2160 1530 2211 boc
1570 2166 1673 2221 est,
1704 2154 2001 2209 secundum
2028 2169 2149 2223 per-

553 2271 743 2312 sonam
790 2274 802 2307 :
838 2256 1136 2309 secundum
1168 2268 1389 2305 naturas
1418 2261 1596 2305 tamen
1628 2241 1754 2313 duo,
1797 2250 1934 2303 Deus
1961 2248 2149 2302 videli-

554 2356 644 2403 cet
701 2358 753 2400 et
810 2349 990 2400 li0mo.
1030 2344 1218 2398 Divina
1252 2356 1432 2397 autem
1458 2352 1652 2396 natura
1677 2350 1730 2396 et
1768 2343 2002 2395 humana
2041 2356 2148 2393 non

558 2440 757 2511 fuerint
791 2454 919 2501 una,
967 2439 1180 2492 etiamsi
1241 2440 1381 2507 apud
1427 2452 1592 2490 unum
1644 2437 1951 2500 videantur,
1994 2434 2152 2489 Citrio

556 2539 699 2587 stum
726 2534 868 2586 dico.

629 2800 772 2857 Ibid.
821 2821 838 2853 ι
875 2800 940 2854 Et
963 2801 1325 2868 spectavimus
1353 2799 1579 2871 gloriam
1612 2799 1750 2868 ejus,
1779 2797 2007 2868 gloriam
2042 2796 2153 2851 vel-

558 2905 622 2951 ut
678 2893 1206 2965 UnigenitiaPatre,
1264 2894 1478 2963 plenum
1522 2897 1692 2962 gratia
1742 2905 1796 2946 et
1848 2894 2093 2945 veritate.
2130 2910 2147 2941 ι

556 2986 852 3055 Postquam
885 2987 1025 3039 dixit
1059 2988 1199 3053 quod
1239 3000 1366 3039 caro
1414 2986 1611 3038 factum
1646 2991 1737 3046 sit,
1780 2984 1963 3038 subdit
1992 2997 2153 3046 nunc,

566 3078 683 3133 sEt
734 3078 1098 3147 spectavimus
1172 3076 1397 3145 gloriam
1442 3078 1582 3147 ejus,
1644 3094 1662 3128 ι
1718 3091 1839 3129 cum
1910 3075 2158 3129 videlicet

557 3186 706 3231 esset
766 3177 817 3228 in
846 3188 1030 3227 carne.
1062 3171 1274 3225 Etenim
1321 3187 1444 3225 cum
1504 3172 1693 3224 (aciem
1750 3169 1884 3224 Mosi
1936 3185 2001 3225 es
2046 3170 2157 3223 col-

2250 2071 2511 2141 γυναικὸς
2543 2070 2667 2131 Υἱός
2696 2085 2708 2098 ·
2743 2068 2866 2137 ἥτις
2902 2066 2995 2118 xui.
3024 2065 3231 2132 κυρίως
3275 2062 3543 2123 Θεοτόκο;
3575 2059 3848 2126 καλεῖται,

2250 2166 2325 2228 ὡς
2349 2166 2440 2217 τὸν
2458 2164 2590 2216 Θεὸν
2615 2163 2933 2235 γεννήσασα
2965 2160 3023 2210 ὲν
3054 2158 3238 2229 σαρκί.
3257 2156 3357 2208 Διὰ
3378 2155 3433 2208 δὲ
3455 2154 3576 2217 τοῦ,
3612 2172 3631 2205 ι
3658 2153 3854 2223 Ἐσκὴ-

2253 2275 2426 2312 νωσεν
2458 2259 2515 2310 ὲν
2562 2258 2720 2325 ἡμῖν,
2754 2274 2772 2307 ι
2804 2253 2963 2306 τοῦτο
3004 2249 3397 2318 διδασκόμεθα,
3426 2247 3487 2299 τὸ
3538 2245 3635 2299 δύο
3663 2245 3853 2315 φύσεις

2254 2350 2532 2405 πιστεύειν
2560 2351 2639 2411 είς
2669 2346 2760 2399 τὸν
2786 2346 2881 2398 ἕνα
2909 2343 3168 2415 Χριστόν.
3212 2343 3274 2395 Ei
3315 2343 3422 2411 γὰρ
3455 2342 3554 2393 xui.
3598 2334 3681 2401 εἷς
3720 2339 3857 2391 κατὰ

2254 2448 2555 2499 ὑπόστασιν
2606 2444 2777 2512 ήγουν
2816 2441 2876 2493 τὸ
2913 2440 3228 2510 πρόσωπον,
3257 2436 3393 2489 ἀλλά
3438 2435 3534 2487 δύο
3594 2436 3738 2487 κατὰ
3760 2434 3855 2495 τὰς

2255 2538 2445 2607 φύσεις
2468 2554 2479 2568 ·
2513 2535 2645 2596 Θεὸς
2687 2535 2799 2605 γὰρ
2835 2534 2929 2586 xui.
2950 2531 3239 2602 ᾶνθρωπος
3261 2548 3273 2561 ο
3315 2528 3434 2582 θεία
3466 2528 3525 2581 δὲ
3558 2527 3730 2597 φύσις
3763 2529 3853 2580 καὶ

2256 2632 2577 2703 ἀνθρωπίνη
2602 2630 2703 2683 οὑκ
2725 2628 2791 2682 ἂν
2816 2624 2925 2681 εἶεν
2954 2626 3033 2694 ἓν,
3067 2627 3117 2679 εί
3143 2626 3239 2678 xui.
3265 2641 3331 2677 πε
3343 2625 3399 2694 pi.
3419 2624 3519 2676 ἕνα
3539 2622 3853 2694 θεωροῖντο,

2255 2727 2347 2780 τὸν
2368 2702 2625 2795 Χριστόν
2667 2739 2837 2793 φημι.
3386 2702 3389 2707 ’

2335 2838 2352 2871 ι
2408 2820 2519 2873 Καὶ
2582 2814 2937 2885 ἐθεασάμεθα
2990 2813 3088 2884 τὴν
3127 2812 3288 2878 δόξαν
3332 2810 3526 2878 αὐτοῦ,
3572 2810 3735 2878 δόξαν
3783 2810 3856 2875 ὡς

2258 2910 2602 2979 Μονογενοῦς
2632 2910 2786 2980 παρὰ
2815 2909 3055 2979 Πατρός,
3090 2906 3307 2977 πλήρης
3353 2907 3584 2979 χάριτος
3607 2909 3703 2959 καὶ
3728 2905 3857 2976 ἁλη-

2260 3005 2435 3065 θείας.
2473 3023 2492 3056 s
2544 3002 2772 3074 Ἐπειδὴ
2810 2998 2988 3067 εἶπεν,
3019 3001 3101 3053 ὃτι
3161 3018 3179 3051 ι
3218 2999 3365 3068 Σὶιρξ
3389 3000 3634 3067 ὲγέετο,
3674 3018 3692 3051 ι
3745 3000 3857 3053 ἐπι·

2261 3098 2417 3168 φέρει
2448 3097 2657 3162 λοιπὸν,
2690 3098 2775 3149 δτι
2812 3112 2830 3147 ι
2876 3093 3261 3165 Ἐθεασάμεθα
3290 3094 3389 3165 τὴν
3422 3094 3584 3160 δόξαν
3612 3093 3801 3160 αὑτοῦ,
3831 3111 3850 3145 s

2260 3192 2319 3244 tv
2350 3189 2514 3261 σαρκὶ
2538 3188 2785 3258 δηλονότι
2824 3188 3003 3251 ὄντος.
3039 3186 3104 3240 El
3143 3187 3255 3258 γὰρ
3284 3186 3349 3239 τὸ
3391 3187 3695 3259 πρόσωπον
3725 3187 3855 3241 Μω-

559 3270 744 3329 loouio
775 3267 868 3323 llei
894 3267 1094 3321 iactam
1128 3266 1417 3321 clariorem
1450 3266 1704 3319 Israelita:
1741 3265 1923 3320 videre
1956 3266 2149 3333 nequi-

2260 3281 2769 3354 σέωςἋαμπρυνθδν
2788 3283 2853 3334 ὲκ
2874 3281 2974 3351 τῆς
2994 3280 3133 3352 πρὸς
3154 3280 3293 3334 Θεὸν
3315 3280 3531 3351 ὁμιλίας
3554 3282 3604 3333 οί
3644 3280 3855 3353 Ἰσραη-

559 3362 761 3425 verint,
794 3360 965 3414 multo
988 3360 1162 3430 magis
1184 3360 1410 3425 apostoli
1446 3359 1603 3411 nuda:
1636 3358 1852 3411 deitatis
1880 3356 2151 3427 Unigeniti

566 3467 799 3523 capaces
824 3469 931 3507 non
974 3452 1227 3517 luissent,
1269 3452 1375 3505 nisi
1414 3467 1508 3521 per
1534 3466 1754 3505 carnem
1793 3453 2151 3519 apparuisset.

563 3530 946 3612 8pectavimus
1004 3552 1184 3595 autem
1237 3543 1488 3611 gloriam,
1562 3557 1671 3595 non
1730 3543 1887 3595 talem
1935 3542 2154 3610 qualem

563 3635 797 3691 habebat
845 3634 1045 3699 Moses,
1098 3634 1179 3688 vel
1217 3649 1341 3688 cum
1391 3649 1499 3703 qua
1553 3634 1721 3703 gloria
1780 3633 2071 3688 Cherubim
2101 3643 2156 3687 et

562 3725 851 3796 Serapbim
916 3729 1195 3797 prapbeta:
1243 3736 1609 3796 apparuerunt
1639 3744 1651 3779 :
1685 3727 1780 3780 sed
1838 3725 1995 3781 talem
2041 3725 2156 3797 glo-

563 3820 722 3885 riam,
759 3820 975 3888 qualem
1014 3820 1196 3873 decuit
1252 3833 1373 3873 esse
1420 3816 1695 3887 Unigeniti
1729 3834 1757 3870 a
1812 3818 1991 3884 Patre,
2036 3834 2155 3888 quae

563 3910 637 3965 illi
663 3910 987 3963 naturaliter
1018 3911 1181 3963 inest.
1213 3908 1346 3963 Nam
1381 3927 1399 3960 ι
1429 3911 1573 3963 velut
1598 3928 1617 3961 s
1658 3910 1745 3963 hic
1766 3926 1873 3964 non
1901 3910 2155 3964 similitu-

564 4002 726 4067 dinis,
742 4002 838 4056 sed
852 4003 1281 4057 conﬁrmationis
1296 4014 1347 4056 et
1362 4003 2157 4062 determinationisindubitata:

562 4094 786 4148 verbum
829 4107 909 4149 est
950 4137 962 4149 .
997 4097 1139 4149 sicut
1180 4110 1304 4150 cum
1337 4096 1580 4149 videmus
1610 4111 1789 4165 regem
1828 4112 1948 4150 cum
1983 4097 2155 4166 gloria

562 4199 759 4255 magna
791 4189 1119 4253 venientem,
1164 4188 1391 4241 dicimus
1426 4188 1568 4257 quod
1606 4186 1748 4241 velut
1783 4204 1876 4242 rex
1908 4188 2155 4256 prodeat,

565 4279 670 4332 hoc
699 4290 807 4344 est,
840 4281 985 4350 quod
1024 4295 1149 4333 vere
1183 4281 1252 4333 sit
1280 4296 1412 4334 res:
1460 4283 1531 4333 ita
1562 4282 1723 4335 etiam
1778 4282 1881 4335 hoc
1908 4283 2026 4335 loco
2075 4286 2159 4336 in-

567 4370 812 4439 telligere
841 4374 1025 4435 debes,
1050 4388 1070 4424 ι
1093 4373 1234 4425 velut
1259 4370 1555 4445 Unigeniti,
1583 4392 1602 4425 s
1639 4377 1781 4444 quod
1800 4375 1969 4443 gloria
1993 4392 2156 4445 quant

567 4465 957 4533 spectavimus.
1004 4479 1189 4517 revera
1228 4463 1394 4519 fuerit
1426 4467 1596 4537 gloria
1638 4466 1757 4520 Filii
1793 4469 1948 4537 plena
1984 4470 2154 4539 gratia

566 4566 622 4608 et
658 4557 903 4609 veritate.
954 4554 1143 4609 Gratia
1199 4558 1417 4625 quidem
1466 4560 1642 4625 plena,
1687 4566 1982 4614 secundum
2012 4563 2155 4631 quod

567 4661 750 4703 sermo
775 4649 891 4717 ejus
907 4652 1177 4717 gratiosus
1209 4662 1347 4711 erat,
1378 4650 1535 4705 utsic
1565 4652 1763 4717 dicam,
1784 4653 1938 4723 juxta
1965 4654 2151 4720 David,
2188 4643 2233 4698 Ῑ)

576 4757 598 4793 s
644 4739 844 4795 Dill‘usa
890 4754 971 4795 est
1018 4745 1190 4811 gratia
1240 4743 1293 4797 in
1327 4744 1483 4797 labiis
1520 4746 1712 4800 tuis“.
1752 4764 1772 4797 ι
1806 4746 1873 4801 Et
1910 4746 2155 4819 Evange-

575 4833 727 4897 lista,
790 4852 809 4885 ι
873 4835 1298 4891 Admirabautur
1348 4854 1540 4893 omnes
1584 4855 1746 4908 super
1814 4845 2157 4901 sermonibus

568 4928 757 4999 gratia
782 4929 873 4996 qui
910 4928 1274 4995 procedebant
1305 4946 1370 4983 ex
1403 4934 1634 5001 oreejus
1654 4935 1720 4987 ⁸².
1758 4953 1777 4986 ι
1815 4935 1880 4989 Et
1906 4940 2159 4994 omnibus

571 5021 843 5075 sanitates
876 5020 1214 5089 conferebat,
1245 5033 1404 5092 prout
1431 5028 1765 5096 congruebat
1792 5030 1897 5086 eis.
1924 5016 2160 5090 Veritate

572 5121 751 5164 autem
796 5112 949 5179 plena
980 5117 1414 5169 eratsecundmu
1447 5119 1590 5185 quod
1616 5133 1681 5173 ea
1716 5135 1838 5189 quae
1885 5126 2160 5195 praplietze

573 5211 629 5259 et
671 5202 845 5257 [loses
878 5205 993 5273 ipse
1050 5208 1131 5260 vel
1182 5208 1438 5263 dicebant
1493 5212 1574 5266 vel
1632 5214 1925 5283 indebant,
1978 5219 2161 5289 ﬁgura:

572 5305 730 5351 erant
777 5311 874 5366 per
902 5299 1122 5365 omnia;
1174 5311 1249 5366 at,
1282 5317 1402 5371 qua:
1455 5305 1717 5362 Christus
1748 5308 1981 5365 faciebat
2009 5312 2163 5369 dice-

575 5391 796 5459 batque,
852 5391 1005 5461 plena
1055 5402 1215 5448 erant
1260 5399 1505 5463 veritate,
1564 5417 1685 5454 cum
1740 5416 1887 5458 esset
1927 5406 2160 5475 ipsumet

579 5485 842 5551 grstia,et
871 5484 1097 5552 ipsumet
1116 5487 1338 5553 veritas,
1364 5489 1591 5560 aliisque
1622 5496 1993 5563 suppeditaret
2023 5514 2167 5553 eam.

578 5572 683 5629 υω
718 5586 895 5629 autem
938 5588 1249 5648 spectarunt
1297 5581 1525 5651 gloriam
1589 5586 1779 5640 illam?
1812 5587 2043 5655 Quidam
2076 5608 2170 5647 su-

578 5668 861 5745 spicantur
904 5674 1045 5739 quod
1093 5674 1341 5729 fortassis
1394 5677 1445 5729 in
1496 5689 1683 5733 monte
1749 5679 1988 5739 Tliabor.
2032 5683 2174 5740 For»

581 5761 741 5819 tussis
768 5760 949 5818 autem
981 5773 1038 5820 et
1071 5766 1170 5822 hoc
1210 5784 1394 5825 verum
1440 5782 1543 5836 est,
1569 5776 1709 5844 quod
1757 5793 1863 5834 non
1898 5782 2074 5838 solum
2116 5782 2172 5838 in

652 5943 697 5976 "
733 5944 877 6003 Psal.
912 5963 1055 6020 suv,
1088 5950 1142 6007 5.
1223 5954 1269 5985 “
1300 5952 1431 6011 Luc.
1462 5971 1535 6025 iv,
1566 5958 1655 6014 22.

2259 3377 2406 3429 λῖται
2444 3375 2571 3429 ἰδεῖν
2595 3374 2696 3427 οὐκ
2727 3371 3014 3443 ἠδύναντο,
3041 3372 3225 3443 πολλῷ
3261 3373 3466 3443 μᾶλλον
3492 3373 3596 3446 τὴν
3621 3372 3851 3443 θεότητα

2259 3469 2355 3523 τοῦ
2381 3466 2728 3537 Μονοτενοῦς
2776 3466 2994 3537 γυμνὴν
3044 3467 3146 3519 οὐκ
3182 3466 3249 3521 ἀν
3279 3465 3575 3538 ἐχώρησαν
3635 3468 3685 3520 οί
3714 3466 3852 3521 ἀπό·

2261 3562 2463 3629 στολοι,
2497 3563 2546 3613 εἰ
2581 3560 2656 3631 μὴ
2685 3558 2773 3613 διὰ
2799 3562 2901 3630 τῆς
2927 3558 3131 3629 σαρκὸς
3160 3559 3430 3630 ἐπεφάνη.
3477 3557 3854 3629 Ἑθεασάμεθα

2258 3655 2316 3709 δὲ
2357 3656 2457 3726 τὴν
2484 3654 2644 3720 δόξαν
2674 3656 2737 3708 οὑ
2786 3655 3071 3727 τοιαύτην,
3106 3656 3230 3709 οἵαν
3277 3656 3439 3727 ισχεν
3492 3657 3521 3709 ό
3553 3656 3785 3728 Μωσῆς,
3820 3656 3850 3726 ἢ

2262 3748 2383 3819 μεθ’
2423 3748 2541 3813 οἵας
2570 3747 2731 3819 δόξης
2771 3747 3037 3818 ὤφθησαν
3064 3750 3133 3802 τὰ
3180 3749 3475 3821 Χερουϐὶμ
3515 3750 3614 3803 καὶ
3655 3749 3725 3804 τὰ
3758 3749 3854 3803 Σε·

2263 3841 2440 3913 ραφῖμ
2469 3840 2547 3911 τῷ
2578 3842 2863 3915 προφήτῃ,
2888 3842 3025 3896 ἀλλὰ
3051 3842 3313 3915 τοιαύτην
3333 3843 3513 3909 δόξαν,
3548 3843 3670 3898 οἷαν
3700 3844 3855 3916 Enpe-

2259 3953 2361 3988 πεν
2386 3930 2526 3988 εἶναι
2578 3938 2861 4004 μονογενεῑ
2914 3935 3054 4005 Υίῷ,
3104 3938 3170 3991 ἐκ
3209 3935 3308 3989 τοῦ
3347 3936 3564 4009 [Ιατρὸς
3611 3938 3855 4005 φυσικῶς

2260 4023 2410 4095 αὑτῷ
2440 4023 2778 4095 προσοῦσαν.
2835 4025 2909 4078 Τὸ
2935 4027 3047 4096 γὰρ
3079 4045 3097 4079 ι
3133 4027 3209 4091 ὡς
3247 4045 3266 4079 s
3305 4026 3543 4082 ενταῦθα
3577 4028 3681 4101 οὐχ
3704 4031 3856 4099 ὁμοι-

2260 4116 2447 4182 ώσεώς
2483 4121 2655 4184 εστιν,
2715 4118 2851 4173 ἀλλὰ
2901 4118 3251 4191 βεϐαιώσεως
3306 4122 3403 4176 καὶ
3434 4122 3857 4196 ἀναμφισϐητή-

2259 4227 2356 4264 του
2377 4210 2686 4283 διορισμοῦ.
2724 4212 2939 4284 Ὥσπερ
2974 4212 3200 4284 βασιλέα
3251 4214 3553 4286 βλέποντες
3586 4218 3731 4288 μετὰ
3777 4218 3855 4272 δό-

2262 4304 2360 4373 ξης
2388 4304 2594 4374 πολλῆς
2625 4307 3059 4379 προερχόμενον,
3103 4306 3336 4377 λέγομεν
3365 4309 3449 4363 ὅτι
3473 4308 3550 4373 ὼς
3608 4309 3856 4381 βασιλεὺς

2261 4396 2555 4468 προῆλθεν,
2605 4399 2728 4453 ἀντὶ
2772 4398 2889 4465 τοῦ,
2921 4398 2997 4463 ὡς
3050 4400 3222 4465 δντως
3253 4402 3349 4455 xui.
3408 4402 3553 4457 κατὰ
3601 4404 3857 4475 ἀλήθειαν

2263 4489 2556 4562 βασιλεύς⁶
2611 4492 2787 4558 οὕτως
2822 4493 2916 4548 οὖν
2976 4492 3258 4549 κάνταῦθα
3289 4495 3380 4562 τὸ,
3425 4514 3444 4547 ι
3510 4496 3589 4560 ὡς
3620 4498 3856 4568 Movet:-

2262 4584 2407 4649 νοῦς,
2450 4601 2469 4635 ι
2525 4584 2820 4656 ὀφείλομεν
2877 4587 3095 4658 νοῆσαι,
3151 4588 3276 4641 ἀντὶ
3322 4588 3440 4654 τοῦ,
3498 4590 3563 4644 Ἦ
3596 4591 3753 4658 δόξα,
3800 4594 3857 4664 ἢν

2263 4676 2631 4747 ἐθεασάμεθα,
2667 4678 2741 4743 ὡς
2772 4678 2856 4751 τῷ
2897 4680 3012 4733 δντι
3059 4680 3202 4735 κατὰ
3238 4681 3506 4753 ἀλήθειαν
3558 4684 3700 4740 Υιοῡ
3741 4684 3857 4751 δόξα

2262 4764 2353 4841 ἧν.
2390 4788 2407 4821 ι
2440 4769 2667 4842 Πλήρης
2698 4774 2920 4843 χάριτος
2947 4776 3043 4827 καὶ
3073 4774 3358 4845 ἀληθείας.
3398 4794 3418 4828 s
3480 4778 3731 4849 Χάριτος
3765 4780 3853 4852 μιν

2267 4862 2505 4933 πλήρης,
2532 4864 2671 4918 καθὸ
2692 4865 2787 4917 καὶ
2819 4868 2848 4919 ό
2878 4866 3056 4935 Λόγος
3086 4867 3255 4921 αὐτοῦ
3280 4872 3742 4943 κεκαρπωμένος
3770 4868 3853 4949 ἦν,

2268 4954 2356 5009 ἵνα
2389 4954 2563 5033 οὕτως
2599 4956 2762 5025 εῐπω,
2807 4958 2953 5013 καθά
2982 4961 3079 5015 xui.
3111 4959 3277 5025 Δαυῒδ
3310 4961 3491 5031 λέγει·
3531 4988 3550 5015 ‹
3604 4964 3859 5039 Ἓξεχύθη

2269 5048 2304 5117 ὴ
2331 5047 2493 5120 χάρις
2525 5051 2581 5101 εν
2604 5049 2811 5121 χείλεσι
2861 5068 2980 5109 σου.
3036 5072 3056 5105 s
3096 5054 3211 5109 Καὶ
3246 5055 3276 5109 ό
3324 5054 3760 5131 εὐαγγελιστὴς,
3785 5061 3857 5113 ὅτι

2276 5158 2294 5191 s
2348 5140 2694 5213 Ἐθαύμαζον
2725 5144 2929 5209 πάντες
2952 5146 3049 5199 ἐπὶ
3086 5149 3212 5211 τοῖς
3261 5146 3444 5217 λόγοις
3481 5152 3586 5221 τῆς
3648 5156 3859 5224 χάριτος

2267 5234 2379 5295 τοῖς
2402 5234 2863 5307 ἐκπορευομένοις
2896 5238 2963 5291 ἐκ
3018 5237 3114 5293 τοῦ
3161 5239 3431 5311 στόματος
3462 5243 3661 5299 αὐτοῦ.
3709 5264 3730 5301 s
3762 5245 3860 5299 Kal

2268 5324 2401 5377 πᾶσι
2429 5324 2487 5379 δὲ
2515 5327 2616 5389 τάς
2648 5326 2820 5391 ίάσεις
2850 5329 3141 5401 ἐχαρίζετο
3190 5334 3301 5396 τοῖς
3331 5332 3634 5406 χρῄζουσιν
3664 5336 3856 5391 αὐτῶν.

2280 5416 2563 5487 Ἀληθείας
2600 5418 2657 5472 δὲ
2690 5421 2909 5492 πλήρης
2947 5418 3037 5494 ἦν,
3066 5424 3205 5478 καθὸ
3230 5426 3323 5478 καὶ
3349 5428 3400 5479 οἱ
3432 5429 3743 5501 προφῆται,
3776 5432 3860 5484 καὶ

2268 5508 2476 5579 Μωσῆς
2502 5511 2687 5577 αὐτὸς,
2727 5514 2831 5567 ὅσα
2859 5515 3048 5585 ἔλεγον
3077 5517 3109 5587 ἢ
3145 5518 3440 5589 ἔπραττον,
3473 5523 3660 5576 πάντα
3709 5522 3860 5581 τύποι

2268 5597 2413 5673 ἦσαν
2437 5620 2450 5633 ·
2477 5603 2505 5655 ό
2540 5603 2597 5656 δὲ
2638 5604 2877 5677 Χριστὸς
2903 5606 2940 5662 δ.
2977 5608 3133 5679 ἔλεγε
3167 5612 3265 5665 καὶ
3296 5612 3595 5685 ἔπραττεν,
3652 5616 3861 5671 ἅπαντα

2270 5696 2530 5767 ἀληθείας
2580 5698 2789 5770 πλήρη,
2856 5703 3155 5776 αὐτόχαρις
3214 5704 3293 5758 ὢν
3337 5708 3435 5761 καὶ
3474 5707 3858 5783 amasse,

2272 5792 2365 5842 καὶ
2404 5789 2585 5855 ἄλλοις
2629 5792 2809 5850 ταῦτα
2850 5796 3126 5868 χορηγῶν.
3175 5798 3287 5855 Ποῦ
3316 5800 3374 5855 δὲ
3434 5802 3745 5860 ἐθεάσαντο
3770 5801 3860 5871 τὴν
