4046 6544
578 528 720 599 1163

1399 528 1975 620 THEOPHYLACTI
2010 528 2419 589 BULGAltl/E
2461 527 2810 588 ARCI‘llEP.

3720 521 3745 586 Ι
3757 520 3846 586 Ῑ64

571 653 732 705 nibus
765 645 964 716 dignis,
985 654 1036 699 ct
1058 643 1282 698 cillueus
1333 642 1526 711 plenus
1560 649 1762 707 nmuet,
1790 653 1854 693 ac
1878 653 2145 706 nunquam

2261 637 2622 708 προφητείας,
2661 635 2994 707 ὑπερδλύζει
3029 634 3199 707 αὐτὴν
3225 636 3361 689 πᾶσι
3385 637 3498 700 τοῖς
3531 633 3728 702 ἀξίοις,
3755 637 3850 688 καὶ

567 738 1182 797 οκὴειυνὶιυτ.·ϐιίιιίοιη
1217 745 1398 790 autem
1423 737 1754 805 accepimus,
1791 732 1924 787 Novi
1951 733 2160 787 scilicet

568 834 927 898 Testamenti,
958 847 1056 902 pro
1109 831 1280 902 gratia
1348 829 1548 884 veteris
1589 828 1739 896 legis.
1778 826 1846 880 Et
1903 825 2158 895 quoniam

570 928 973 983 Testamentum
1008 924 1136 980 illud
1191 923 1530 993 antiquatum
1585 930 1691 982 est,
1723 933 1822 988 pro
1852 933 1921 973 eo
1952 916 2158 972 Novum

567 1019 896 1089 accepimus.
943 1017 1009 1072 Et
1047 1016 1337 1088 quomodo,
1371 1013 1563 1082 inquit,
1604 1011 1904 1066 nominavit
1931 1010 2158 1080 gratiam

565 1106 733 1165 Vetus
757 1108 1206 1166 Testamentum?
1235 1108 1313 1162 Eo
1345 1105 1488 1176 quod
1511 1102 1683 1159 Judaei
1745 1105 1920 1174 gratia
1953 1102 2004 1156 iu
2026 1102 2164 1156 ﬁlios

563 1202 803 1272 adoptati
829 1211 884 1257 et
913 1202 1109 1272 recepti
1160 1199 1397 1256 fuerunt.
1443 1198 1584 1252 Dicit
1604 1197 1749 1251 enim
1782 1209 1796 1255 :
1833 1214 1852 1247 ι
1882 1194 1996 1253 Non
2027 1195 2153 1265 quia

562 1309 660 1349 vos
682 1293 829 1348 multi
842 1293 994 1360 estis,
1021 1294 1113 1348 sed
1144 1303 1364 1361 propter
1391 1298 1574 1360 patres
1597 1297 1806 1344 vestros
1834 1302 1929 1342 vos
1951 1286 2109 1357 elegi.
2127 1303 2145 1336 ι

563 1380 752 1439 Patres
807 1398 1024 1454 quoque
1077 1384 1249 1456 gratia
1302 1380 1538 1451 suscepti
1589 1378 1831 1443 fuerunt,
1862 1388 1916 1433 et
1947 1393 2046 1432 nos
2081 1391 2148 1431 ex

563 1475 813 1530 confesso
841 1475 1012 1544 gratia
1043 1488 1232 1530 sumus
1263 1471 1481 1531 salvati.
1507 1477 1510 1482 '

2267 735 2323 783 ὲν
2355 731 2433 801 τῷ
2458 730 2825 802 ὑπερϐλύζειν
2875 730 3093 802 πλήρης
3135 731 3430 799 διαμένων.
3469 730 3564 782 καὶ
3595 728 3848 782 οὐδέποτε

2265 823 2613 892 κενούμενος.
2637 823 2747 876 Καὶ
2779 821 2940 892 χάριν
2981 822 3036 876 δὲ
3072 821 3366 890 ἐλάϐομεν,
3422 819 3523 891 τὴν
3577 820 3680 888 τῆς
3716 820 3851 872 Καιο

2263 916 2359 985 νῆς
2391 915 2592 986 δηλαδὴ
2616 914 2912 984 Διαθήκης,
2931 914 3052 968 ἀντὶ
3079 913 3182 982 τῆς
3212 914 3460 984 χάριτος,
3485 913 3584 983 τῆς
3609 911 3850 972 παλαιᾶς

2265 1007 2610 1076 νομοθεσίας.
2657 1007 2810 1060 Ἐπεὶ
2839 1005 2948 1076 γὰρ
3002 1006 3252 1076 ἑκείνηὴ
3314 1005 3566 1075 Διαθήκη
3613 1007 3849 1074 ἐγήρασε

2263 1093 2364 1146 καὶ
2413 1092 2724 1164 ὲσαθρώθη,
2787 1093 2905 1146 ἀντ’
2957 1094 3174 1163 ἐκείνης
3221 1093 3324 1164 τὴν
3367 1091 3514 1147 Νέαν
3558 1094 3848 1163 ἐλάϐομεν.

2263 1186 2376 1238 Καὶ
2403 1184 2543 1250 πῶς,
2577 1186 2763 1255 φησὶν,
2810 1185 3062 1254 ὠνόμασε
3103 1188 3264 1257 χάριν
3297 1185 3394 1256 τὴν
3450 1187 3698 1240 Παλαιὰν
3729 1190 3850 1239 Διειι⁸

2261 1277 2473 1350 θήκην;
2505 1278 2651 1332 Διότι
2681 1279 2777 1332 καὶ
2808 1279 2858 1332 οί
2902 1279 3147 1333 Ἰουδαῖοι
3215 1280 3403 1350 χάριτι
3455 1279 3851 1348 υἱοθετήθησαν

2261 1371 2359 1425 καὶ
2393 1370 2864 1442 προσεδέχθησαν.
2922 1373 3065 1442 Φησὶ
3095 1374 3227 1444 γὰρ,
3258 1374 3342 1426 ὅτι
3375 1392 3396 1424 ε
3438 1375 3513 1425 οὐ
3537 1373 3626 1425 διὰ
3660 1373 3724 1425 τὸ
3759 1390 3850 1424 πο-

2260 1464 2558 1535 λυπληθεῖν
2582 1466 2750 1537 ὑμᾶς.
2795 1467 2934 1520 ἀλλὰ
2958 1467 3050 1522 διὰ
3111 1469 3240 1530 τοὺς
3291 1468 3537 1538 πατέρας
3577 1468 3741 1538 ὑμῶν
3767 1469 3849 1533 ἐξα

561 1527 1064 1639 ελεήξάμηνυύμάς.
1089 1585 1109 1618 ι
1144 1527 1287 1620 καὶ(
1305 1564 1354 1617 οἱ
1395 1562 1631 1618 παλαιοὶ.
1684 1561 1862 1615 τοίνυν
1917 1527 2114 1630 Χχάριτι
2151 1527 2631 1628 προσεδέχθησαν;
2685 1527 2782 1614 διαὶ
2835 1560 2999 1630 ἡμεῖς
3051 1559 3109 1614 δὲ
3161 1527 3628 1631 ὁμολογουμένως.
3674 1527 3848 1632 χάριτί

561 1664 728 1730 ἔσμεν
756 1660 1110 1731 σεσωσμένοι.

640 1749 807 1827 519
837 1755 1001 1811 Vens.
1037 1756 1127 1810 Π.
1164 1771 1186 1809 ι
1223 1755 1360 1822 Quia
1408 1755 1496 1812 lex
1525 1771 1621 1827 per
1643 1755 1826 1811 Mosen
1867 1757 1989 1808 data
2036 1761 2142 1813 est,

2330 1766 2348 1799 ι
2387 1747 2512 1800 Ὀτι
2547 1748 2575 1800 6
2607 1746 2773 1816 νόμος
2805 1745 2895 1800 διὰ
2926 1746 3177 1810 Μωσέως
3195 1745 3374 1818 ἐδόθη,
3404 1748 3437 1819 ἡ
3485 1749 3650 1818 χάρις
3683 1748 3776 1802 καὶ
3821 1751 3851 1818 ἡ

562 1848 735 1918 gratia
765 1858 818 1903 et
847 1848 1046 1902 veritas
1086 1861 1183 1917 per
1221 1845 1407 1903 Jesum
1455 1847 1735 1903 Christum
1777 1845 1920 1900 facta
1967 1853 2069 1900 est.
2121 1861 2139 1893 ι

2255 1839 2474 1910 statim
2501 1839 2591 1892 διά
2633 1839 2810 1908 Ἰησοῦ
2834 1837 3077 1911 Χριστοῦ
3104 1839 3344 1907 ἐγένετο.
3385 1857 3405 1893 a
3450 1840 3851 1912 Έφερμηνεῦει

564 1948 953 2009 Interpretatur
995 1938 1152 1994 nobis
1189 1938 1467 2010 quomodo
1501 1939 1877 2011 acceperimus
1916 1935 2145 2007 gratiam

565 2046 814 2102 magnam
840 2040 934 2100 pro
969 2045 1131 2100 parva
1163 2031 1374 2101 gratia;
1403 2041 1457 2087 et
1481 2032 1610 2087 dicit
1641 2035 1782 2103 quod
1816 2032 1895 2084 lex
1929 2028 2144 2100 qnidem

562 2138 657 2190 per
688 2121 872 2177 Mosen
915 2121 1038 2176 data
1090 2123 1183 2186 sit,
1219 2138 1339 2178 cum
1391 2132 1634 2179 uteretur
1676 2121 1816 2178 Deus
1851 2120 2146 2177 mediatore

564 2214 783 2268 nomine
813 2213 980 2278 \lose,
1014 2212 1219 2268 Novum
1263 2223 1442 2269 autem
1481 2213 1889 2269 Testamentum
1931 2228 2026 2282 per
2058 2210 2146 2264 Je-

562 2322 680 2359 sum
707 2305 1004 2370 Christum,
1038 2306 1181 2375 quod
1231 2305 1448 2374 quidem
1491 2313 1548 2360 et
1596 2307 1772 2374 gratia
1809 2305 2141 2367 nominatur,

559 2416 625 2450 co
663 2397 806 2468 quod
849 2396 1074 2469 largitus
1104 2398 1175 2452 sit
1227 2398 1382 2454 nobis
1419 2396 1562 2452 Deus
1604 2413 1709 2452 nou
1743 2399 1918 2451 auium
1950 2410 2145 2463 pecca-

563 2501 738 2543 torum
788 2488 1202 2552 remissionem,
1253 2489 1346 2542 sed
1386 2497 1441 2542 et
1490 2487 1722 2542 ﬁliorum
1777 2487 2142 2554 adoptionem.

565 2579 780 2638 Veritas
816 2591 998 2637 autem
1032 2590 1279 2644 vocatur,
1321 2593 1387 2634 eo
1417 2581 1559 2648 quod
1596 2592 1936 2648 quacunque
1964 2587 2147 2646 patres

560 2673 688 2728 olim
724 2675 774 2726 in
811 2671 981 2740 tlgura
1014 2669 1097 2725 vel
1133 2670 1382 2725 viderunt
1411 2669 1496 2724 vel
1539 2670 1701 2725 locuti
1734 2681 1882 2733 sunt,
1910 2682 1974 2723 ea
2000 2667 2148 2723 clare

560 2764 663 2819 hoc
681 2763 1006 2834 praedicarit.
1032 2757 1242 2816 Novum
1264 2758 2142 2831 igitur,inquam,Testameutum,

559 2858 702 2925 quod
731 2852 1000 2925 et'gratia
1053 2853 1363 2908 nominatur
1397 2863 1452 2906 et
1501 2853 1729 2917 veritas,
1785 2853 2142 2906 mediatorem

563 2963 669 3002 non
727 2947 890 3002 habet
946 2946 1248 3016 simplicem
1311 2952 1365 3000 et
1405 2959 1600 3015 purum
1670 2944 1967 3008 hominem,
2049 2941 2145 2996 sed

560 3039 755 3095 Filium
787 3039 902 3094 Dei.
928 3037 993 3093 Et
1028 3036 1150 3094 vide
1193 3039 1468 3106 quomodo
1491 3036 1558 3091 de
1589 3045 1772 3090 vetere
1799 3035 1964 3090 dicit:
1997 3053 2015 3085 ι
2049 3033 2150 3087 Da-

561 3145 673 3188 tum
713 3139 794 3187 est
819 3145 916 3200 per
944 3129 1192 3185 Mosen.»
1238 3127 1485 3185 Minister
1521 3128 1666 3183 enim
1697 3136 1752 3182 et
1778 3126 2025 3182 subditus
2056 3126 2144 3182 ille

557 3235 694 3280 erat.
743 3225 817 3278 De
846 3221 994 3277 Novo
1021 3231 1201 3276 autem
1232 3219 1585 3276 Testamento
1616 3234 1720 3274 non
1751 3219 1909 3286 dixit,
1942 3217 2139 3272 Datum

557 3328 661 3382 est,
712 3315 829 3382 sed,
870 3333 889 3367 ι
929 3312 1152 3370 Factum
1175 3315 1292 3386 [est
1331 3331 1344 3370 :
1393 3331 1414 3366 ι
1455 3323 1513 3368 ut
1555 3313 1806 3370 ostendat
1858 3328 1888 3366 a
1922 3311 2149 3366 Domino

560 3419 746 3465 nostro
779 3407 904 3464 Jeau
960 3407 1196 3472 Christo,
1236 3406 1382 3462 velut
1421 3407 1666 3472 domino,
1696 3422 1805 3463 non
1856 3419 2038 3470 servo,
2068 3405 2148 3459 fa-

558 3512 703 3558 ctam
747 3509 802 3556 et
826 3502 892 3555 ad
938 3502 1099 3559 [luem
1131 3499 1446 3570 perductam
1472 3500 1702 3570 gratiam
1749 3513 1814 3555 ac
1841 3498 2144 3554 veritatem.

557 3593 690 3648 Nam
741 3593 826 3647 lex
869 3590 1086 3661 quidem
1119 3592 1241 3644 data
1285 3602 1368 3646 eat
1399 3607 1429 3646 a
1462 3589 1612 3658 Deo,
1646 3592 1947 3647 mediatore
1977 3588 2145 3655 Mose,

556 3685 727 3756 gratia
768 3693 950 3739 autem
986 3682 1125 3736 facta
1154 3692 1260 3747 est,
1293 3697 1397 3737 non
1439 3683 1588 3746 data,
1626 3698 1723 3749 per
1756 3680 1941 3737 Jesum
1973 3679 2147 3736 Chri-

515 3814 522 3818 -
555 3787 720 3831 stum.
758 3775 981 3831 Factum
1017 3789 1168 3841 esse,
1200 3775 1575 3829 auctoritatem
1607 3774 1901 3844 quamdam
1929 3780 2090 3828 sonat
2127 3787 2142 3826 :

557 3871 739 3924 datum
777 3882 925 3933 vero,
962 3867 1324 3921 ministerium
1364 3865 1586 3920 indicat.

624 3952 798 4015 ναμε.
832 3961 922 4022 18.
962 3979 979 4010 ι
1021 3959 1198 4026 Deum_
1216 3972 1378 4012 nemo
1408 3957 1543 4012 vidit
1589 3974 1851 4028 unquam,
1896 3955 2144 4026 unigeni-

562 4063 649 4106 tus
678 4051 872 4115 Filius,
921 4050 1015 4120 qui
1049 4059 1132 4104 est
1165 4033 1219 4103 in
1257 4049 1376 4104 sinu
1419 4047 1620 4111 Patris,
1665 4049 1754 4103 ille
1784 4050 2085 4103 enarravit.
2123 4065 2141 4098 ι

556 4143 824 4212 Quoniam
873 4143 1085 4197 dixerat
1126 4142 1268 4210 quod
1307 4157 1326 4192 ι
1395 4141 1569 4212 gratia
1604 4149 1657 4194 et
1690 4141 1889 4194 veritas
1930 4154 2025 4210 per
2056 4137 2147 4193 Je-

557 4252 679 4289 sum
728 4234 1005 4290 Christum
1042 4232 1182 4287 facta
1214 4233 1306 4295 sit,
1343 4249 1363 4284 ι
1419 4233 1562 4287 istud
1597 4233 1770 4301 ipsum
1819 4232 2007 4287 volens
2051 4234 2147 4286 ad-

558 4338 796 4392 struere,
831 4325 1009 4381 dicit:
1060 4325 1200 4379 Nihil
1251 4323 1565 4380 iucredibile
1606 4324 1742 4379 dixi.
1793 4323 1926 4378 Nam
1967 4321 2143 4380 Moses

558 4417 777 4483 quidem
808 4431 981 4485 neque
1013 4415 1183 4470 Deum
1217 4415 1370 4481 vidit,
1419 4417 1560 4470 sicut
1606 4430 1782 4484 neque
1813 4416 1953 4470 alius
1986 4416 2142 4486 quis-

2249 1933 2405 2000 ἡμῖν,
2449 1931 2568 1993 πῶς
2615 1930 2887 2002 ἐλάϐομεν
2945 1932 3110 2002 χάριν
3149 1932 3417 2002 μεγίστην
3472 1932 3597 1987 ἀντὶ
3652 1935 3854 2004 μικρᾶς

2249 2025 2505 2095 χάριτος⁶
2542 2023 2636 2078 καί
2685 2041 2874 2095 φησιν,
2927 2024 3010 2077 δτι
3052 2027 3080 2078 6
3136 2024 3238 2093 μὲν
3267 2023 3433 2094 νόμος
3461 2023 3552 2078 διὰ
3608 2025 3854 2090 Μωσέως

2249 2116 2432 2185 ἐδόθη,
2469 2100 2664 2188 μεσίτῃ
2699 2117 3053 2198 χρησαμένου
3085 2116 3180 2170 τοῦ
3234 2117 3372 2172 Θεοῦ
3425 2117 3726 2192 ἀνθρώπῳ,
3780 2121 3856 2190 τῲ

2250 2209 2442 2262 Μωσεῖ
2469 2226 2650 2280 φημι·
2707 2211 2740 2280 ἠ
2770 2209 2829 2262 δὲ
2881 2209 3059 2282 Καινὴ
3094 2209 3341 2282 Διαθήκη
3371 2211 3460 2266 διὰ
3494 2213 3672 2284 Ἰησοῦ
3720 2214 3856 2283 Χρι-

2252 2300 2402 2364 στοῦ,
2459 2302 2582 2372 ἥτις
2629 2301 2727 2355 καὶ
2776 2301 2936 2372 χάρις
2979 2302 3343 2372 ὀνομάζεται,
3372 2303 3510 2358 διότι
3558 2303 3861 2378 ιχαρίσατο

2251 2395 2386 2464 ἡμῖν
2415 2394 2444 2446 ό
2475 2394 2610 2458 Θεὸς
2665 2395 2726 2447 οὐ
2761 2395 2926 2464 μόνον
2977 2393 3077 2464 τὴν
3109 2395 3307 2465 ἄφεσιν
3354 2397 3468 2450 τῶν
3523 2397 3857 2468 ἁμαρτιῶν,

2249 2485 2386 2540 ἀλλὰ
2416 2487 2512 2539 παὶ
2537 2486 2637 2557 τὴν
2667 2486 2963 2542 υἱοθεσίαν.
3001 2488 3259 2559 ’Δληθεια
3289 2489 3348 2543 δι
3398 2490 3678 2557 καλεῖται,
3731 2492 3860 2546 καθ’

2247 2581 2372 2634 ὅσον
2391 2580 2490 2634 ὅσα
2513 2582 2562 2634 οι
2593 2580 2763 2633 πάλαι
2797 2580 3048 2643 τυπικῶς
3081 2581 3113 2652 ἦ
3158 2577 3322 2646 εἶδον,
3378 2582 3411 2652 ἦ
3449 2577 3631 2648 εἷπον,
3680 2583 3856 2636 ταῦτα

2248 2671 2522 2742 λαμπρῶς
2550 2671 2687 2743 αῦτη
2721 2672 3078 2744 ἀνεκήρυξεν.
3120 2672 3188 2728 Ἦ
3237 2674 3417 2728 τοίνυν
3445 2674 3627 2745 Καινη
3654 2674 3858 2739 Διαθή-

2248 2783 2343 2836 κη,
2373 2766 2406 2834 ἡ
2433 2765 2529 2819 καὶ
2587 2765 2750 2836 χάρις
2785 2765 3163 2836 ὀνομαζομένη
3199 2767 3298 2818 καὶ
3332 2767 3584 2836 ἀλήθεια.
3617 2769 3721 2820 οὐκ
3759 2771 3855 2821 άν-

2249 2853 2456 2926 θρώπῳ
2502 2853 2650 2926 ψιλῷ
2701 2855 2900 2928 μεσίτῃ
2940 2855 3251 2926 ἐχρήσατο,
3306 2854 3444 2907 ἀλλὰ
3476 2855 3555 2925 τῷ
3587 2856 3707 2926 Υίῷ
3761 2856 3856 2908 τοῦ

2249 2945 2409 3000 Θεοῦ.
2462 2946 2572 3001 Καὶ
2612 2947 2714 3017 δρα
2763 2947 2883 3008 πῶς
2930 2947 3025 2999 ἐπὶ
3057 2946 3157 3017 μὲν
3192 2945 3293 3015 τῆς
3340 2947 3589 3012 Παλαιᾶς
3611 2944 3737 3001 εἷπε
3771 2949 3851 3009 τὸ.

2257 3056 2276 3088 ι
2310 3037 2500 3106 Ἐδόθη
2521 3038 2609 3091 διά
2643 3038 2921 3100 Μωσέωςο
2952 3057 2972 3089 i
3004 3039 3281 3109 ὑπουργὸς
3306 3041 3416 3111 γὰρ
3447 3043 3542 3094 καὶ
3570 3042 3857 3112 ὑπηρέτης

2249 3123 2404 3193 οὗτος
2433 3125 2522 3200 ἦν.
2548 3129 2671 3183 Ἐπὶ
2686 3131 2743 3184 δὲ
2769 3128 2872 3198 τῆς
2893 3130 3125 3199 Καινῆς,
3149 3131 3251 3184 οὐκ
3280 3128 3402 3185 εἶπε
3430 3133 3513 3196 τὸ,
3553 3150 3573 3183 ι
3621 3153 3640 3184 ι
3676 3134 3855 3200 ἐδόθη,

2250 3220 2387 3274 ἀλλά
2419 3221 2500 3285 τὸ,
2527 3239 2547 3273 ι
2595 3221 2837 3289 ἐγένετο,
2860 3239 2879 3274 a
2917 3221 3005 3276 ἵνα
3033 3222 3182 3296 δείξῃ
3342 3224 3437 3278 τοῦ
3455 3226 3668 3296 Κυρίου
3694 3227 3851 3296 ἡμῶν

2265 3312 2441 3384 Ἰησοῦ
2472 3313 2734 3383 Χριστοῦ,
2769 3314 2846 3378 ὡς
2896 3313 3184 3378 δεσπότου,
3216 3317 3336 3387 οὐχὶ
3365 3316 3580 3383 δούλου,
3628 3319 3858 3389 γενομέ-

2249 3423 2368 3476 νην,
2403 3405 2498 3459 καὶ
2523 3407 2604 3467 είς
2630 3405 2786 3470 τέλος
2813 3405 3098 3476 προδᾶσαν
3143 3407 3244 3479 την
3264 3408 3426 3480 χάριν
3456 3409 3554 3463 καὶ
3589 3411 3692 3479 τὴν
3719 3411 3853 3482 άλη-

2249 3498 2420 3552 θειαν.
2476 3497 2658 3567 Νόμος
2695 3499 2796 3569 μὲν
2852 3499 2962 3569 γάρ
2999 3499 3158 3570 ἐδόθη
3189 3501 3342 3572 παρὰ
3373 3500 3509 3554 Θεοῦ
3541 3501 3632 3554 διά
3685 3503 3858 3572 μέσου

2249 3590 2345 3645 τοῦ
2377 3590 2651 3654 Μωσέως·
2684 3592 2717 3661 ἡ
2748 3589 2909 3662 χάρις
2937 3592 3175 3662 ἐγένετο,
3203 3594 3327 3664 οὐχὶ
3348 3594 3528 3665 ἐδόθη.
3555 3595 3646 3649 διὰ
3678 3595 3855 3667 Ἰησώ

2251 3682 2510 3754 Χριστοῦ.
2539 3683 2868 3737 Αὺθεντικδν
2915 3685 3019 3756 μὶν
3048 3687 3130 3754 τὸ,
3191 3706 3210 3740 α
3247 3687 3520 3756 Ἰιῖγένετο,
3555 3711 3574 3742 ι
3604 3692 3855 3745 δουλικὸν

2249 3777 2304 3829 δὲ
2339 3778 2418 3842 τὸ,
2465 3796 2482 3828 ι
2525 3777 2724 3848 ἐδόθη.
2770 3797 2788 3829 ›

2327 3977 2342 4007 ι
2380 3956 2513 4008 Θ-δν
2540 3956 2713 4020 οὐδεὶ,
2738 3955 2953 4027 ἑώρακε
2986 3957 3209 4012 πώποτε
3234 3976 3246 3989 ·
3301 3962 3330 4012 6
3361 3961 3668 4032 μονογενὴς
3701 3962 3850 4026 Tib;

2248 4051 2276 4101 ό
2297 4048 2373 4101 ὢν
2406 4051 2462 4100 ὲν
2479 4051 2590 4111 τοῖς
2620 4049 2841 4112 κόλποις
2867 4048 2962 4102 τοῦ
2985 4051 3220 4118 Πατρδς,
3245 4052 3453 4115 ἐκεῖνος
3477 4054 3814 4125 ἐξηγήσατο.
3830 4073 3848 4105 ι

2264 4141 2484 4211 Ἐπειδὴ
2517 4136 2692 4205 εἷπεν,
2729 4142 2811 4193 ὅτι
2862 4161 2878 4190 ι
2931 4141 2996 4194 Ἦ
3052 4144 3212 4212 χάρις
3260 4145 3354 4197 καὶ
3402 4147 3436 4214 ἡ
3487 4145 3724 4216 ἀλήθεια
3767 4148 3852 4201 διά

2264 4231 2437 4302 Ἰησοῦ
2493 4231 2730 4302 Χριστοῦ
2761 4233 2999 4299 ἐγένετο,
3031 4253 3048 4286 ι
3090 4234 3250 4288 τοῦτο
3280 4235 3454 4290 θέλων
3497 4241 3851 4292 κατασκευά-

2249 4341 2359 4390 σαι,
2392 4324 2578 4394 φησιν,
2613 4323 2696 4377 δτι
2744 4325 2911 4378 Οὐδὲν
2941 4326 3172 4380 ἄπιστον
3204 4329 3426 4399 εἴρηκα.
3489 4329 3550 4383 '0
3587 4334 3690 4400 μὲν
3733 4335 3849 4403 γὰρ

2247 4416 2453 4485 Μωσῆς
2505 4414 2627 4468 οῦτε
2657 4415 2790 4469 Θεὸν
2825 4416 3094 4488 ἑώρακεν,
3152 4418 3344 4490 ὥσπερ
3385 4423 3497 4476 οὐδ’
3528 4425 3691 4490 ἄλλος
3744 4444 3845 4492 τις,

559 4509 700 4574 piam
732 4524 747 4561 :
786 4522 884 4561 nec
912 4507 1086 4576 potuit
1119 4507 1272 4561 uobis
1307 4507 1651 4561 manifestam
1684 4517 1738 4560 et
1772 4508 2035 4577 liquidam
2075 4509 2141 4563 de

2255 4506 2373 4560 οὕτε
2401 4505 2543 4576 εἶχεν
2569 4508 2700 4576 ἡμῖν
2722 4505 2984 4577 ἐξήγησιν
3007 4510 3384 4580 τρανεστάτην
3417 4513 3512 4564 καὶ
3544 4519 3692 4585 σαφῆ
3725 4519 3856 4587 περὶ

561 4602 653 4654 illo
708 4601 1076 4655 narrationem
1125 4600 1311 4655 dicere
1365 4619 1378 4654 :
1428 4601 1524 4654 sed
1555 4615 1678 4655 cum
1726 4612 1876 4656 esset
1930 4617 2140 4666 servus,

563 4693 816 4746 minister
853 4691 952 4746 fuit
991 4693 1163 4748 solum
1208 4692 1395 4763 legalis
1418 4692 1629 4748 littera).
1672 4693 1922 4749 Christus
1963 4705 2142 4750 autem

561 4785 652 4853 qui
690 4793 772 4838 cst
821 4783 1027 4850 Filius,
1063 4795 1116 4839 et
1162 4783 1505 4855 Uuigenitus,
1556 4794 1611 4840 et
1649 4785 1702 4840 in
1751 4786 1873 4841 sinu
1917 4783 2145 4858 paterno

564 4886 667 4939 est,
699 4891 804 4929 non
839 4877 1012 4931 solum
1050 4876 1199 4929 illum
1232 4877 1396 4940 videt,
1439 4878 1531 4930 sed
1562 4878 1728 4933 etiam
1765 4879 2018 4933 omnibus
2057 4881 2147 4935 lto-

562 4967 800 5021 minibus
824 4969 888 5021 de
916 4967 1006 5022 illo
1034 4968 1356 5023 annuntiat:
1381 4979 1540 5036 atque
1567 4970 1661 5034 ita,
1691 4972 1816 5040 quia
1843 4971 2010 5027 Filius
2038 4983 2144 5039 cst,

562 5069 616 5111 et
645 5056 860 5112 Patrem
893 5058 1060 5124 videt,
1091 5067 1145 5113 et
1174 5060 1224 5112 in
1254 5061 1374 5114 sinu
1398 5060 1518 5128 ejus
1550 5071 1654 5127 est,
1687 5065 1884 5118 merito
1911 5066 2141 5132 gratiam

563 5161 620 5205 et
651 5150 932 5205 veritatem
968 5151 1127 5207 nobis
1174 5151 1343 5206 dedit.
1379 5153 1648 5208 Cteterum
1679 5153 1882 5209 dixerit
1916 5157 2004 5212 hic
2034 5157 2144 5211 l‘or-

561 5253 707 5296 tasse
737 5242 1004 5311 quispiam
1041 5260 1055 5296 :
1095 5244 1379 5310 Quomodo
1415 5246 1516 5300 hoc
1555 5245 1672 5301 loco
1705 5247 1966 5303 discimus
1995 5249 2142 5317 quod

563 5332 740 5386 nullus
787 5332 983 5387 viderit
1015 5335 1204 5399 Deum,
1242 5351 1368 5390 cum
1421 5337 1680 5406 propheta
1716 5337 1866 5392 dicat
1902 5354 1915 5391 :
1957 5357 1976 5389 ι
2016 5339 2138 5393 Vidi

563 5423 851 5477 Dominum
871 5423 960 5477 "?
996 5444 1014 5476 ι
1047 5425 1190 5479 Vidit
1211 5427 1426 5495 quidem
1453 5429 1713 5498 propheta
1737 5429 1930 5495 Deum,
1953 5441 2007 5484 at
2033 5446 2140 5485 non

563 5515 732 5582 ipsam
776 5515 1160 5582 substantiam,
1195 5518 1289 5572 sed
1333 5519 1744 5574 similitudinem
1789 5531 1844 5577 ct
1877 5535 2142 5589 apparen-

564 5610 691 5660 tiam
726 5607 1043 5676 quamdam,
1085 5610 1223 5663 sicut
1255 5625 1448 5679 capere
1496 5620 1723 5681 poterat.
1766 5613 1829 5666 Et
1869 5613 2008 5667 alius
2042 5615 2143 5668 ite-

565 5712 680 5749 rum
731 5700 782 5750 in
835 5698 938 5751 alia
996 5698 1164 5769 ﬁgura
1212 5701 1366 5765 vidit,
1413 5713 1464 5757 et
1515 5703 1657 5756 alius
1711 5708 1762 5756 iu
1821 5704 1944 5756 alia.
1991 5702 2143 5759 Unde

563 5790 768 5842 ιτα-ξηροί
799 5807 904 5845 non
954 5791 1126 5858 ipsum
1160 5794 1440 5847 veritatem
1489 5795 1740 5847 viderunt
1782 5812 1794 5846 ι
1851 5812 1955 5850 non
1993 5797 2138 5850 enim

632 5965 676 5994 ⁸³
705 5965 805 6018 lsa.
829 5979 905 6033 γι,
940 5967 988 6018 1.

2249 4600 2418 4657 αὑτοῦ
2453 4602 2662 4654 είπεϊν·
2714 4599 2853 4653 ἀλλὰ
2915 4598 3103 4664 δοῦλος
3164 4601 3261 4666 ὢν,
3315 4603 3639 4677 ὑπηρέτησε
3690 4613 3850 4678 μόνον

2251 4693 2387 4762 πρὸς
2441 4690 2540 4760 τὴν
2573 4690 2670 4744 τοῦ
2720 4691 2948 4762 νομικοῦ
2983 4694 3316 4765 γράμματος
3346 4695 3659 4755 διακονίαν.
3707 4703 3770 4756 Ὀ
3797 4704 3854 4757 δὲ

2251 4783 2506 4856 Χριστὸς,
2537 4783 2662 4848 Υἱὸς
2685 4783 2760 4836 ῶν
2792 4785 2886 4837 καὶ
2914 4785 3250 4858 Μονογενὴς,
3281 4790 3377 4842 καὶ
3401 4792 3460 4843 ιν
3482 4795 3602 4858 τοῖς
3630 4795 3850 4861 κόλποις

2249 4879 2322 4932 ὢν
2352 4883 2460 4943 τοῖς
2485 4879 2870 4948 πατρικοῖς,οὺ
2906 4880 3068 4950 μόνον
3097 4881 3258 4934 αὐτὸν
3289 4883 3417 4954 δρᾷ,
3448 4885 3593 4941 ἀλλὰ
3622 4891 3722 4942 καὶ
3752 4893 3853 4944 πᾶ-

2251 4991 2336 5026 σιν
2389 4971 2698 5042 ἀνθρώποις
2744 4971 3020 5042 ἐξηγεῖται
3053 4974 3184 5044 περὶ
3232 4975 3422 5030 αὑτοῦ.
3455 4977 3631 5033 ῗὨστε
3666 4983 3851 5052 ἐπειδὴ

2251 5065 2375 5128 Υίός
2407 5065 2547 5128 ἐστι,
2602 5062 2815 5116 καὶτὸν
2850 5063 3072 5132 Πατέρα
3101 5064 3232 5136 ὁρᾷ,
3263 5059 3353 5120 οἷα
3376 5067 3439 5138 δὴ
3493 5071 3552 5123 ἐν
3582 5076 3702 5134 τοῖς
3733 5075 3848 5128 κόλ-

2250 5172 2369 5216 ποις
2403 5153 2566 5205 αὑτοῦ
2598 5152 2692 5216 ὢν,
2729 5153 2956 5216 εἰκότως
2989 5155 3089 5224 τὴν
3128 5157 3292 5227 χάριν
3315 5160 3410 5212 καὶ
3449 5162 3550 5231 τὴν
3586 5162 3853 5237 ἀλήθειαν

2250 5249 2381 5318 ἡμῖν
2417 5246 2642 5299 ἔδωκεν.
2669 5243 2811 5297 Ἀλλ’
2836 5247 2954 5315 ἐρεῖ
2980 5262 3062 5308 τις
3095 5248 3224 5311 ἴσως
3246 5264 3259 5279 '
3295 5251 3422 5314 Πῶς
3463 5253 3714 5310 ἐνταῦθα
3754 5258 3850 5327 μὲν

2250 5336 2620 5409 μανθάνομεν,
2653 5335 2735 5388 ὅτι
2769 5334 2943 5398 οὐδεὶς
2986 5335 3203 5408 ἑώρακε
3230 5339 3322 5392 τὸν
3353 5340 3513 5408 Θεὸν,
3558 5348 3591 5398 6
3621 5349 3681 5401 δὲ
3718 5366 3850 5417 προ.

2247 5432 2423 5501 φήτης
2453 5429 2599 5496 λέγει
2627 5445 2640 5457 ·
2677 5447 2694 5478 ι
2727 5424 2877 5480 Εἶδον
2905 5428 2997 5480 τὸν
3029 5428 3273 5500 mpm;
3315 5451 3332 5484 ι
3377 5431 3501 5488 Εἷδε
3536 5438 3648 5508 μὲν
3675 5444 3704 5495 6
3725 5459 3851 5514 προ-

2249 5523 2448 5591 φήτης,
2477 5520 2592 5573 ἀλλ’
2625 5520 2722 5575 οὐκ
2752 5521 2921 5591 αὐτὴν
2949 5522 3049 5590 τὴν
3079 5523 3270 5578 οὐσίαν
3294 5566 3308 5588 ,
3355 5527 3476 5581 ἀλλ’
3507 5533 3774 5606 ὁμοίωμά
3802 5554 3850 5589 τι

2249 5615 2341 5667 καὶ
2370 5615 2666 5682 φαντασίαν
2692 5614 2830 5678 τινὰ,
2855 5614 2930 5677 ὡς
2956 5616 3153 5687 ἐχώρει
3178 5618 3327 5673 ίδεῐν.
3350 5621 3460 5674 Καὶ
3489 5625 3661 5692 ἄλλος
3695 5633 3849 5684 πάλιν

2247 5709 2304 5759 ἐν
2331 5707 2474 5778 ἄλλῳ
2504 5706 2660 5776 τύπῳ
2683 5701 2814 5770 εἶδε,
2865 5707 2960 5760 καὶ
2985 5707 3144 5772 ἄλλος
3174 5710 3232 5761 ὲν
3259 5711 3431 5782 ἄλλῳ.
3468 5716 3644 5772 Ὅθεν
3673 5722 3849 5793 δῆλον,

2247 5799 2326 5850 ὅτι
2360 5799 2460 5848 οὔκ
2492 5798 2663 5866 αὐτὴν
2698 5796 2795 5865 τὴν
2840 5797 3096 5867 ἀληθειαν
3138 5801 3399 5855 ἔϐλεπον·
3449 5808 3516 5861 οὐ
3551 5812 3666 5883 γάρ
3704 5814 3768 5868 ἂν
3793 5817 3850 5867 ἐν
