4046 6530
195 566 311 634 1165
908 564 1360 629 ENARRATIO
1403 563 1481 624 1N
1517 555 2025 623 EVANGELlUM
2063 552 2418 623 JOANNIS.
2459 579 2527 590 -
2565 553 2725 617 CAP.
2773 549 2819 612 Ι.
3346 543 3481 613 ιλιιῑ

184 684 433 756 διαφόροις
491 685 770 756 σχήμασιν
820 682 995 756 αὐτὴν
1023 683 1300 755 ἐθεώρουν
1357 682 1542 751 ἁπλῆν
1589 678 1760 732 οὖσαν

1910 677 2105 732 iversis
2135 675 2328 745 ﬁguris
2361 672 2507 727 illam
2541 671 2832 731 vidissent.
2863 683 2984 739 qua:
3023 665 3255 735 simplex
3303 678 3391 722 est
3429 678 3482 722 et

187 778 268 830 ul.
315 775 740 848 ἀσχημάτιστον.
789 775 932 828 Ἀλλ’
979 773 1100 828 οὐδὲ
1145 775 1197 827 οἱ
1229 773 1454 842 ἄγγελοι
1500 771 1764 842 βλέπουσι

1909 770 2257 844 iligurabilis.
2289 768 2432 837 Quin
2458 780 2638 836 neque
2667 764 2847 833 angeli
2883 761 3068 818 vident
3095 761 3188 818 Dei
3224 761 3483 816 substan-

184 867 302 922 Θεοῦ
333 869 536 933 οὐσίαν,
562 871 612 922 εἰ
643 870 738 923 καὶ
766 869 1019 938 λέγονται
1051 870 1111 923 τὸ
1138 868 1439 941 πρόσωπον
1479 864 1577 920 τοῦ
1625 863 1765 920 Θεοῦ

1917 881 2028 930 am,
2081 863 2335 934 quamvis
2396 863 2654 917 dicantur
2701 859 2894 913 videre
2935 856 3130 912 faciem
3180 856 3323 926 ejus.
3374 855 3487 910 lloe

184 962 301 1032 όρᾷν
323 976 336 991 ⁸
367 959 522 1014 τοῦτο
553 960 663 1032 γὰρ
698 962 1032 1016 ἐνδεικτικόν
1061 963 1179 1014 ἐστι
1214 962 1381 1032 μόνου
1433 958 1528 1014 τοῦ
1559 959 1768 1028 φαντάο

1909 958 2018 1010 nim
2070 955 2249 1012 solum
2300 954 2528 1018 indicat,
2580 967 2800 1019 semper
2849 950 3016 1004 Deum
3064 951 3147 1003 eis
3194 963 3485 1018 apparere.

187 1053 353 1117 ζεσοαι
379 1052 464 1104 ἀεὶ
487 1052 642 1107 Θεόν.
681 1054 740 1107 '0
765 1054 896 1117 Υἱὸς
940 1051 1036 1106 οῦν
1069 1052 1231 1123 μόνος
1256 1053 1360 1123 ὁρᾷ
1389 1051 1483 1105 τὸν
1520 1049 1764 1120 Πατέρα,

1909 1051 2046 1107 'ilius
2080 1051 2252 1122 igitur
2291 1049 2443 1104 solus
2487 1049 2636 1103 videt
2663 1038 2911 1111 Patrem,
2959 1053 3016 1101 et
3057 1054 3287 1100 enarrat
3334 1046 3488 1099 illum

186 1148 268 1201 καὶ
291 1145 564 1215 ἐξηγεῖται
609 1146 778 1199 αὐτὸν
810 1146 982 1199 πᾶσιν
1035 1143 1375 1216 ἀνθρώποις.
1411 1145 1664 1209 Κόλπους
1710 1144 1768 1197 δὲ

1913 1144 2131 1199 mnibus
2171 1143 2513 1198 hominibus.
2561 1135 2752 1195 Sinmn
2788 1147 2972 1194 autem
3026 1138 3259 1192 audiens
3301 1146 3490 1206 pater.

186 1237 381 1294 ἀκούων
435 1232 763 1309 πατρικοὺς,
825 1236 996 1308 μηδὲν
1047 1237 1403 1309 ὑποπτεύσῃς
1451 1236 1769 1307 σωματικὸν

1916 1248 2028 1304 nm,
2059 1254 2163 1292 non
2195 1235 2496 1306 suspiceris
2523 1234 2726 1303 aliquid
2757 1231 3045 1301 corporale
3065 1232 3130 1286 de
3151 1229 3281 1285 Deo.
3313 1231 3490 1286 Evan-

185 1331 267 1385 ἰπὶ
293 1329 442 1385 Θεοῦ.
478 1331 593 1401 Τὴν
626 1330 736 1402 γὰρ
785 1329 1124 1400 γνησιότητα
1151 1368 1168 1395 ,
1201 1330 1299 1383 καὶ
1339 1330 1402 1382 τὸ
1434 1329 1766 1400 ἀχώριστον,

1911 1331 2064 1386 elista
2093 1331 2240 1385 enim
2273 1329 2458 1386 solens
2494 1327 2653 1382 nobis
2690 1327 2935 1382 indicare
2951 1319 3156 1382 Filium
3191 1323 3340 1395 Patri
3375 1340 3498 1381 esse

184 1424 267 1477 καὶ
295 1423 559 1476 πναῖδιον
601 1421 773 1487 δεῖξαι
808 1421 1140 1493 βουλόμενος
1196 1421 1291 1475 τοῦ
1340 1422 1474 1476 Υἱοῦ
1507 1423 1644 1494 πρὸς
1675 1422 1772 1477 τὸν

1909 1436 2235 1489 oa-ternum,
2283 1438 2347 1477 ac
2382 1438 2571 1477 vermn
2604 1431 2661 1477 et
2692 1418 3144 1492 inseparabilem,
3194 1419 3360 1491 hujus
3391 1438 3496 1476 no-

185 1514 384 1585 Πατέρα
415 1517 444 1568 6
472 1512 895 1585 εὐαγγελιστὴς,
943 1512 1139 1568 τούτου
1171 1512 1267 1566 τοῦ
1299 1513 1570 1584 ὀνόματος
1604 1510 1773 1585 ἐμνήο

1909 1520 2043 1574 ainis
2075 1517 2411 1573 mentionem
2448 1516 2596 1572 ferit.

186 1605 296 1677 6οη.

252 1719 270 1751 ι
303 1699 406 1752 Καὶ
436 1697 578 1768 αὕτη
624 1697 776 1752 ἐστὶν
811 1699 844 1768 ἡ
901 1698 1183 1770 μαρτυρία
1206 1699 1301 1751 τοῦ
1366 1697 1642 1760 Ἰωάννου,
1681 1697 1772 1752 ὅτε

184 1791 497 1847 ἀπέστειλαν
529 1791 578 1844 oi
619 1791 862 1845 Ἰουδαῖοι
894 1790 954 1858 ἐξ
1002 1790 1400 1862 Ἱεροσολύμων
1454 1793 1624 1863 ίςρείς
1675 1790 1774 1846 καὶ

1955 1697 2119 1756 Vsus.
2166 1699 2255 1767 l9,
2304 1695 2398 1754 9.0.
2446 1718 2464 1750 ι
2515 1699 2584 1753 Ει
2633 1689 2738 1753 li--c
2787 1707 2879 1752 est'
2912 1695 3287 1753 testimonium
3335 1695 3504 1768 520

1877 1793 2124 1857 Joannis,
2171 1794 2393 1862 quando
2441 1792 2717 1846 miserunt
2751 1788 2925 1844 Judzni
2978 1804 3044 1846 ex
3099 1791 3502 1862 Hierosolymis

184 1885 432 1947 Λευῒτας,
477 1885 568 1939 ἶνα
619 1877 976 1958 ἐρωτήσωσιν
1038 1885 1205 1939 αὐτόν
1231 1903 1246 1917 ο
1311 1886 1385 1939 Σὺ
1425 1885 1511 1949 τίς
1539 1881 1626 1952 εῐ;
1661 1885 1774 1940 Καὶ

1911 1890 2198 1945 acerdotes
2229 1898 2286 1942 et
2318 1886 2514 1942 levitas
2542 1894 2602 1942 ut
2626 1885 3037 1954 interrogarent
3071 1899 3225 1951 eum,
3257 1883 3339 1939 Tu
3373 1887 3503 1957 quis

181 1975 510 2046 ὡμολόγησε,
541 1977 637 2029 καὶ
665 1976 767 2029 οὐκ
798 1979 1080 2048 ἠρνήσατο
1101 1994 1115 2007 ·
1148 1978 1244 2031 καὶ
1273 1977 1659 2048 ὡμολόγησεν,
1688 1979 1772 2031 ὅτι

1909 1983 1990 2039 :s?
2019 1983 2086 2037 Et
2117 1979 2404 2036 confessus
2451 1986 2560 2044 est,
2598 1989 2654 2031 et
2683 1977 3061 2046 nonnegavit.
3098 1974 3165 2030 Et
3205 1977 3500 2033 confessus

182 2068 287 2122 Οὐκ
313 2071 426 2139 εἰμὶ
444 2069 557 2136 ἐγὼ
583 2072 611 2124 6
639 2070 934 2140 Χριστός.»
961 2068 1130 2124 Εἶπεν
1160 2071 1441 2142 ἀνωτέρω,
1470 2073 1555 2126 ὅτι
1592 2072 1779 2126 Ἰωάν-

1909 2088 1995 2139 est,
2023 2076 2146 2130 Non
2180 2089 2302 2128 sum
2360 2087 2462 2144 ego
2501 2071 2776 2128 Christus.
2815 2090 2832 2122 ι
2873 2071 3021 2126 Dixit
3058 2072 3315 2142 superius
3353 2074 3501 2142 quod

183 2173 274 2236 γης
302 2166 576 2235 μαρτυρεῖ
625 2166 759 2236 περὶ
790 2166 960 2219 αὐτοῦ
992 2183 1006 2196 ·
1043 2160 1165 2219 εἶτα
1191 2165 1367 2220 εἰπὼν
1409 2165 1501 2219 διὰ
1534 2167 1703 2237 μέσου
1729 2166 1782 2219 τί

1909 2172 2128 2226 Ioannes
2176 2179 2411 2224 testetur
2456 2169 2522 2224 de
2558 2168 2650 2221 illo
2692 2185 2705 2220 :
2741 2177 2795 2221 et
2849 2178 2964 2220 tum
2999 2167 3324 2222 interseruit
3366 2169 3503 2238 quid

181 2257 554 2328 ἐμαρτύρησεν
581 2259 611 2312 6
655 2258 912 2329 Ἰωάννης
947 2260 1078 2329 περὶ
1105 2258 1202 2312 τοῦ
1238 2258 1504 2330 Χριστοῦ,
1535 2259 1616 2312 ὅτι
1647 2254 1784 2313 «Οὖ-

1909 2275 2125 2322 ,estatus
2159 2265 2231 2320 sit
2263 2262 2506 2318 Joannes
2531 2262 2599 2315 de
2640 2259 2883 2320 Christo.
2922 2278 3117 2332 nempe
3163 2264 3309 2332 quod
3347 2281 3365 2314 ι
3403 2263 3509 2317 llic

179 2366 266 2413 τος
294 2349 606 2422 ἔμπροσθέν
641 2368 745 2422 μου
793 2353 1008 2421 γέγονε,
1045 2372 1063 2404 ι
1099 2353 1196 2406 καὶ
1224 2353 1308 2406 ὅτι
1347 2372 1364 2404 ι
1412 2354 1610 2424 Ἡμεῖς
1640 2354 1782 2407 πάνθ

178 2461 264 2508 τις
290 2445 338 2499 oi
376 2445 659 2516 προφῆται
709 2449 774 2499 ὲκ
813 2446 910 2501 τοῦ
965 2446 1344 2519 πληρώματος
1380 2447 1551 2502 αὐτοῦ
1584 2447 1782 2502 E1660-

180 2554 297 2606 μεν,
335 2557 354 2588 ι
392 2537 676 2610 ἐπιφέρειο
729 2559 748 2591 ι
781 2541 897 2594 Καὶ
918 2539 1060 2609 αῦτη
1092 2542 1243 2595 ἐστὶν
1293 2544 1327 2612 ἡ
1374 2543 1659 2614 μαρτυρία
1682 2536 1780 2597 τοῦ

189 2631 454 2686 Ἰωάννου.
495 2652 513 2684 ι
553 2633 723 2700 Ποίας
783 2634 887 2688 Ἢν
919 2634 1184 2706 ἀνωτέρω
1216 2629 1395 2701 εἶπεν,
1421 2636 1504 2689 ὅτι
1536 2637 1786 2708 Ἐμπρο-

179 2723 300 2779 σθέν
324 2742 425 2795 μου
462 2725 679 2794 γέγονε,
714 2743 732 2777 ι
771 2725 955 2780 καὶτὰ
978 2725 1178 2781 λοιπά’
1207 2727 1343 2782 ἀλλὰ
1379 2731 1475 2783 καὶ
1507 2727 1543 2784 ἃ
1580 2729 1785 2800 ἐφεξῆς

175 2817 340 2885 λέγει,
369 2817 454 2870 ὅτι
489 2837 508 2869 ι
539 2818 656 2872 Οὐκ
706 2819 825 2889 εἰμί
859 2820 888 2871 6
919 2818 1181 2888 Χριστὸς,
1227 2839 1246 2872 ι
1281 2819 1374 2874 καὶ
1405 2819 1582 2873 ταῦτα
1641 2817 1785 2890 μαρ-

173 2909 334 2979 τυρία
405 2908 653 2965 Ἰωάννου
705 2913 868 2965 εἰσίν.
944 2931 962 2963 ι
994 2912 1351 2967 ’Δπέστειλαν
1413 2909 1509 2968 οὖν
1550 2915 1598 2966 οἱ
1652 2914 1787 2968 Ἰου-

173 3005 314 3059 δαῖοι
337 3005 746 3078 πρὸςἸωάννην
774 3004 869 3070 οὓς
909 3002 1059 3077 εἶχον
1091 3008 1414 3079 κρείττονας
1437 3026 1451 3039 ο
1484 3009 1655 3080 ἱερεῖς
1676 3012 1786 3080 γὰρ

173 3100 270 3153 καὶ
293 3099 552 3164 Λευῖτας,
585 3099 684 3153 καὶ
712 3099 939 3163 τούτους
985 3101 1432 3172 Ἱεροσολυμίτας
1455 3120 1468 3134 ’
1503 3103 1580 3167 ὡς
1610 3097 1789 3166 b-05-

171 3211 278 3256 τοι,
323 3187 412 3246 οἷα
453 3192 518 3264 δὴ
573 3193 954 3266 συνετώτεροι,
991 3195 1226 3249 πείσωσι
1275 3196 1367 3250 τὸν
1407 3197 1668 3268 Ἰωάννην
1698 3191 1789 3252 διὰ

173 3284 493 3352 κολακείας,
519 3287 864 3358 ὁμολογῆσαι
916 3289 1114 3342 ἑαυτὸν
1138 3289 1398 3360 Χριστόν.
1433 3290 1577 3360 Ὅρα
1609 3289 1666 3343 δὲ
1691 3291 1792 3362 τὴν

174 3377 518 3448 σκαιότητα·
567 3381 670 3433 οὐκ
721 3379 1004 3450 ἐρωτῶσιν
1058 3381 1222 3435 αὐτὸν
1278 3381 1517 3445 εὐθέως·
1557 3385 1630 3437 Σὺ
1681 3379 1733 3436 εῐ
1767 3386 1795 3438 6

171 3471 444 3540 Χριστός;
487 3473 646 3535 ἀλλὰ,
690 3493 708 3524 ι
738 3473 810 3527 Σὺ
845 3475 930 3538 τίς
963 3471 1048 3540 εἷ;
1098 3495 1118 3526 ι
1168 3476 1412 3540 Ἐκεῖνος
1444 3476 1523 3539 δὲ,
1559 3477 1661 3547 τὴν
1691 3494 1792 3530 κα-

174 3567 444 3636 κουργίαν
475 3565 632 3628 εἰδὼς
667 3567 872 3630 αὐτῶν,
907 3568 970 3622 οὐ
1005 3569 1156 3638 λέγει
1196 3570 1279 3634 τίς
1311 3566 1400 3643 ἦν,
1451 3571 1569 3624 ἀλλ’
1596 3571 1793 3641 ὁμολοι

172 3660 286 3726 γεῐ,
317 3661 401 3712 ὅτι
454 3678 471 3710 ι
505 3660 766 3732 Οὐιιοείμ)⁸
792 3661 820 3713 6
868 3663 1129 3733 Χριστὸς,
1170 3683 1190 3715 ι
1255 3666 1393 3737 πρὸς
1432 3667 1533 3718 τὸν
1587 3665 1793 3719 σκοπὸν

172 3751 363 3804 αὐτῶν
394 3753 744 3818 ἀποσλέπων,
766 3755 862 3807 καὶ
887 3757 1230 3827 πανταχόθεν
1252 3759 1454 3822 αὐτοὺς
1476 3759 1793 3829 ἐπισπώμε-

173 3863 267 3908 νος
292 3846 429 3917 τηρὺς
461 3848 522 3901 τὸ
550 3848 860 3913 πιστεῦσαι,
901 3851 985 3902 ὅτι
1033 3850 1192 3914 ἄλλος
1242 3854 1391 3905 ἐστὶν
1436 3854 1466 3905 6
1499 3854 1737 3924 Χριστὸς
1767 3856 1796 3907 6

174 3942 315 4012 παρ’
347 3940 531 3994 αὐτῶν
559 3942 918 4013 νομιζόμενος
949 3942 1197 4015 εὐτελὴς,
1255 3947 1352 3998 καὶ
1404 3945 1662 4010 εὐτελοῦς
1691 3965 1796 4000 πα-

169 4036 332 4106 τρὸς,
353 4029 606 4098 τέκτονος
637 4037 775 4107 γάρ·
813 4039 908 4090 καὶ
941 4038 1198 4102 εὐτελοῦς
1250 4039 1514 4109 πατρίδος
1536 4081 1551 4104 ,
1607 4038 1798 4103 Ναζα-

174 4129 276 4195 ρὲτ
313 4127 424 4197 γάρ
451 4144 462 4156 -
497 4127 559 4192 ἐξ
591 4123 658 4200 ἦς
688 4129 840 4182 οὐδὲν
871 4129 1082 4198 ἀγαθὸν
1128 4125 1274 4184 εἶναι
1309 4131 1625 4186 ἐπίστευον.
1661 4133 1798 4204 llsp'l

173 4218 370 4288 μέντοι
405 4218 571 4272 αὐτοῦ
601 4220 696 4273 τοῦ
740 4221 1060 4292 Προδρόμου
1105 4221 1353 4291 μεγάλην
1412 4222 1573 4287 δόξαν
1607 4218 1756 4294 εἶχον
1782 4241 1796 4255 δ

171 4315 397 4393 πατρός
425 4332 485 4367 τε
509 4317 618 4387 γάρ
641 4315 944 4387 ἀρχιερέως
967 4313 1058 4388 ἦν,
1094 4318 1189 4369 καὶ
1221 4317 1338 4386 βίου
1372 4319 1670 4385 ἀγγελικοῦ
1703 4322 1801 4372 καὶ

168 4405 354 4458 ἀΰλον
389 4406 598 4475 σχεδόν.
650 4407 815 4460 ὐοεν
865 4407 1148 4478 Θαυμάσαι
1200 4409 1434 4473 δίκαιον,
1472 4408 1588 4470 πῶς
1632 4407 1692 4474 ἐξ
1723 4401 1798 4462 ὧν

168 4498 359 4571 ᾤοντο
393 4501 593 4554 ἐκεῖνοι
624 4499 830 4570 βλάψαι
858 4502 957 4572 τὴν
983 4501 1079 4555 τοῦ
1106 4501 1348 4573 Χριστοῦ
1375 4503 1558 4567 δόξαν,
1589 4504 1653 4555 ὲκ
1676 4503 1802 4556 τού-

165 4610 294 4646 των
333 4594 782 4663 σνμποδίζονται.
835 4596 1118 4668 Ἐρωτῶσι
1168 4597 1268 4665 μὲν
1313 4599 1424 4668 γὰρ
1455 4598 1529 4660 ὡς
1586 4596 1802 4661 ἀξιόπι-

168 4703 313 4740 στον
348 4689 446 4740 τὸν
483 4689 764 4761 Ἰωάννην,
795 4690 882 4743 ἵνα
911 4692 1010 4760 τῆς
1042 4694 1121 4753 εἰς
1159 4691 1397 4762 Χριστὸν
1419 4691 1683 4753 ἀπιστίας
1703 4692 1805 4760 τὴν

1891 2372 2018 2416 ante
2055 2375 2141 2413 me
2176 2356 2353 2413 factus
2399 2362 2486 2413 est
2535 2377 2552 2409 ι
2607 2367 2662 2410 et
2707 2357 2854 2427 quod
2903 2377 2921 2409 ι
2961 2352 3073 2411 Nos
3118 2372 3316 2411 omnes
3364 2373 3506 2427 pro-

1890 2456 2069 2526 pheta:
2121 2455 2191 2508 de
2247 2452 2589 2521 plenitudine
2641 2451 2764 2519 ejus
2807 2450 3160 2519 accepimus,
3205 2468 3224 2501 ι
3279 2449 3509 2517 subdit,

1896 2569 1914 2601 ι
1963 2545 2027 2602 Et
2063 2549 2167 2602 hoc
2197 2555 2284 2599 est
2311 2542 2543 2599 Joannis
2583 2542 2988 2598 testimonium.
3039 2561 3057 2592 ι
3095 2540 3318 2609 Quale?
3351 2541 3510 2609 Quod

1888 2642 2147 2710 superius
2179 2641 2342 2705 dixit,
2376 2657 2394 2690 ι
2433 2639 2579 2692 Ante
2626 2651 2714 2691 me
2745 2634 2926 2691 lactus
2959 2645 3065 2700 est,
3109 2654 3127 2686 ι
3175 2645 3284 2690 etc.
3321 2635 3429 2689 Sed
3455 2645 3514 2689 et

1888 2750 2012 2806 qua:
2046 2734 2306 2804 deinceps
2337 2732 2514 2786 dicit:
2554 2750 2573 2783 ι
2617 2727 2737 2784 Non
2772 2745 2893 2784 sum
2923 2729 3202 2796 Christus,
3251 2748 3272 2780 ι
3309 2740 3364 2782 ct
3396 2731 3514 2785 lnec

1893 2826 2208 2882 testimonia
2245 2833 2376 2880 sunt
2409 2818 2664 2879 Joannis.
2711 2816 2884 2877 Porro
2926 2821 3100 2878 Judzei
3137 2823 3204 2876 ad
3238 2821 3509 2879 Joannem

1893 2921 2163 2976 miserant
2208 2919 2624 2991 pra‘stantiores
2667 2933 2807 2989 quos
2845 2919 3141 2984 habebant,
3192 2919 3514 2974 sacerdotes

1892 3011 2148 3070 videlicet
2193 3023 2248 3069 et
2281 3006 2502 3078 levitas,
2552 3028 2757 3082 eosque
2798 3011 3371 3081 llierosolymitanos,
3419 3015 3515 3083 qui

1893 3120 2085 3179 utpote
2129 3108 2518 3178 sapientiores,
2565 3105 2967 3175 persuaderent
3009 3104 3206 3158 Joanni
3240 3121 3338 3174 per
3373 3109 3513 3158 adu-

1893 3209 2155 3263 lationem
2213 3214 2275 3256 ut
2331 3193 2690 3258 coiiliteretur
2736 3215 2794 3255 se
2840 3215 2968 3254 esse
3019 3201 3322 3254 Christum.
3382 3199 3517 3252 νηίο-

1898 3308 2080 3352 autem
2112 3311 2276 3366 quam
2328 3295 2556 3350 sinistra
2591 3295 2666 3348 sit
2699 3294 2917 3347 illorum
2966 3307 3144 3346 mens.
3177 3287 3297 3344 Non
3340 3291 3519 3346 inter-

1903 3401 2098 3461 rogant
2131 3405 2254 3442 eum
2286 3389 2499 3449 statim,
2571 3387 2728 3440 Tune
2775 3404 2835 3440 es
2879 3385 3313 3445 Chrisms?sed,
3375 3403 3395 3436 ι
3433 3385 3515 3439 Τιι

1899 3484 2025 3554 quis
2051 3482 2147 3537 es?
2169 3503 2186 3532 ι
2219 3480 2421 3535 Verum
2441 3480 2530 3534 ille
2549 3469 2766 3549 cognita
2786 3495 2978 3533 corium
3015 3477 3376 3548 malignitate.
3406 3493 3516 3532 non

1902 3579 2034 3631 dicit
2067 3575 2191 3644 quis
2220 3577 2314 3638 sit,
2341 3573 2434 3627 sed
2461 3573 2781 3636 conﬁtetur,
2813 3589 2831 3622 ι
2860 3571 2978 3623 Non
3012 3587 3131 3624 sum
3153 3569 3409 3623 Clarisms
3443 3583 3458 3619 :
3493 3590 3512 3619 ο

1911 3673 1978 3724 ad
2008 3686 2234 3737 scopum
2289 3669 2479 3735 utique
2515 3667 2731 3719 illorum
2779 3667 3104 3735 respiciens,
3149 3676 3204 3719 et
3236 3666 3521 3732 undequa-

1903 3773 2011 3831 que
2043 3762 2162 3814 illus
2214 3760 2282 3813 ad
2345 3759 2682 3814 credendum
2741 3758 3013 3818 alliciens.
3060 3760 3206 3828 quod
3261 3759 3403 3813 alius
3447 3761 3522 3812 sit

1903 3856 2187 3917 Christus,
2217 3869 2379 3920 quem
2411 3851 2513 3919 ipsi
2551 3859 2748 3921 putant
2797 3851 2978 3915 vilem,
3021 3860 3077 3904 et
3117 3866 3181 3904 ex
3219 3851 3310 3902 vili
3338 3860 3521 3919 patre.

1908 3949 2064 4001 l'abro
2097 3943 2377 4009 videlicet,
2415 3954 2471 3996 et
2501 3952 2817 4012 cuutempta
2866 3942 3063 4012 Patria,
3103 3957 3301 4011 nempe
3347 3941 3523 3995 Naza-

1910 4042 2055 4107 reth,
2091 4057 2158 4094 ex
2207 4055 2314 4109 qua
2369 4037 2504 4092 nihil
2549 4039 2674 4092 boni
2707 4053 2829 4091 esse
2868 4037 3190 4092 credebant.
3240 4038 3405 4106 Atqui
3455 4040 3524 4093 de

1909 4134 2261 4189 Prwcursore
2307 4134 2426 4202 ipso
2462 4146 2715 4200 magnam
2759 4129 3037 4201 habebant
3079 4130 3424 4199 opiniOnem,
3456 4148 3523 4185 eo

1907 4229 2055 4300 quod
2106 4237 2268 4281 natus
2299 4234 2421 4279 erat
2471 4240 2538 4280 ex
2589 4233 2744 4294 patre
2784 4224 3134 4279 sacerdotum
3170 4226 3440 4295 principe,
3472 4239 3528 4278 et

1913 4323 2078 4374 \itam
2112 4319 2416 4389 angelicam
2447 4327 2504 4372 et
2533 4316 2690 4385 quasi
2725 4319 2973 4370 materia:
3001 4327 3284 4384 eXpertem
3314 4329 3524 4388 ageret.

1915 4414 2074 4470 Unde
2102 4413 2248 4481 juste
2279 4412 2645 4475 admiramur,
2678 4415 2953 4480 quomodo
2995 4426 3093 4480 per
3139 4411 3226 4463 illa
3281 4411 3396 4480 ipsa
3430 4425 3530 4481 per

1914 4522 2037 4577 qua:
2081 4505 2156 4558 illi
2199 4504 2389 4575 gloria:
2436 4501 2644 4556 Christi
2682 4500 2963 4556 nocituros
3008 4519 3067 4556 se
3099 4505 3384 4572 putabant,
3419 4503 3524 4558 im-

1917 4598 2236 4668 pediuntur.
2272 4595 2408 4649 Nam
2445 4595 2864 4663 interrogabant
2891 4596 3109 4664 quidem
3138 4592 3433 4658 Joannem,
3471 4610 3526 4646 ιιι

1919 4692 2024 4746 lide
2058 4692 2307 4760 dignum,
2345 4703 2457 4760 quo
2492 4689 2870 4743 testimonium
2907 4689 3058 4742 illius
3122 4704 3233 4742 sua:
3287 4689 3338 4740 in
3372 4689 3503 4742 Cltri

165 4783 402 4836 ἰκείνου
430 4787 740 4856 μαρτυρίαν
765 4783 1023 4840 ὑπόθεσιν
1050 4786 1272 4857 ἔχωσιν,
1302 4786 1461 4856 εἴπερ
1496 4786 1572 4856 μὴ
1605 4788 1795 4856 ὁμολο-

1911 4797 2056 4841 stum
2087 4785 2460 4839 incredulitati
2488 4790 2817 4852 prmtexant,
2847 4784 2893 4836 si
2925 4783 3147 4850 quidem
3174 4798 3282 4836 non
3313 4785 3534 4838 confes-

164 4881 332 4950 γήσῃ
386 4881 552 4933 αὐτὸν
603 4880 878 4952 Χριστόνο
930 4882 992 4934 τὺ
1022 4882 1079 4936 δὲ
1117 4885 1198 4945 εἰς
1263 4883 1578 4934 τούναντίον
1606 4898 1800 4951 περιε-

161 4974 375 5044 τρὰπη
424 4973 633 5037 αὐτοῖς.
669 4975 871 5029 Τοῦτον
901 4979 1030 5046 γὰρ,
1065 4977 1125 5030 ὃν
1153 4973 1300 5048 εἶχον
1330 4976 1674 5043 ἀξιόπιστον,
1718 4976 1809 5028 εὐ-

167 5069 446 5138 ρίσκουσι
475 5069 864 5142 μαρτυροῦντα
895 5073 1025 5141 περὶ
1051 5070 1316 5141 Χριστοῦ,
1350 5071 1446 5123 καὶ
1470 5069 1545 5141 μὴ
1571 5072 1648 5133 είς
1678 5070 1808 5122 ἑαυ-

164 5163 272 5215 τὸν
317 5164 557 5216 ἕλκοντα
576 5163 676 5234 τὴν
697 5166 891 5235 τιμήν.

250 5367 275 5402 ‹
325 5347 439 5401 Καὶ
453 5349 752 5420 ἠρώτησαν
778 5347 944 5401 αὐτόν
964 5365 977 5378 ·
1008 5347 1074 5400 τί
1108 5340 1240 5412 οῦν;
1276 5345 1468 5408 Ἠλίας
1495 5339 1547 5398 εἴ
1573 5345 1670 5411 σύ;
1698 5346 1811 5399 Καὶ

155 5443 336 5513 λέγει
363 5460 379 5473 ο
416 5443 532 5495 Οὐκ
563 5441 702 5511 εἰμί.
765 5440 824 5495 '0
857 5442 1151 5511 προφήτης
1186 5434 1238 5491 εἷ
1269 5441 1374 5504 σῦς
1434 5440 1544 5492 Καὶ
1572 5439 1810 5506 ἁπεκρί-

159 5540 243 5608 οη
273 5556 290 5569 ο
330 5535 436 5591 Οῦ.
474 5533 640 5589 Εἶπον
673 5535 768 5588 οὖν
802 5534 985 5605 αὐτῷ·
1019 5535 1116 5597 Τίς
1141 5531 1211 5596 εἷ,
1266 5535 1354 5586 ἵνα
1385 5525 1813 5602 ἀπόκρισινδῶ-

160 5651 289 5702 μεν
324 5633 450 5694 τοῖς
486 5629 771 5700 πέμψασιν
807 5632 996 5701 ήμᾶς;
1030 5630 1096 5682 Τί
1128 5629 1306 5697 λέγεις
1360 5631 1491 5699 περὶ
1527 5628 1761 5682 σεαυτοῦ
1791 5647 1806 5693 ς

156 5726 339 5795 Ἔφη
362 5739 378 5754 ’
433 5723 576 5792 Ἐγὼ
602 5724 758 5794 φωνὴ
786 5722 1019 5793 βοῶντος
1052 5727 1110 5775 ὲν
1139 5725 1207 5794 τῇ
1261 5723 1457 5792 ἐρήμῳ
1479 5739 1491 5751 ο
1529 5721 1807 5775 Εὐθύνατε

150 5819 280 5890 τὴν
306 5819 438 5873 ὁδὸν
471 5819 704 5890 Κυρίου,
737 5817 922 5882 καθὼς
946 5813 1103 5874 εἶπεν
1135 5817 1362 5881 Ἡσαΐας
1389 5819 1417 5868 6
1451 5817 1799 5887 προφήτης.»

154 5912 289 5964 Τὸν
347 5909 545 5964 Ἠλίαν
589 5912 940 5980 προσεδόκων
992 5911 1168 5981 ἥξειν,
1232 5911 1440 5981 ἀρχαίᾳ
1498 5910 1804 5981 παραδόσει

153 6004 516 6076 πειθόμενοι
538 6021 552 6033 ο
584 6004 666 6057 διὸ
687 6003 965 6074 ἐρωτῶσιν
992 6005 1159 6059 αὐτὸν
1188 6007 1237 6059 εἰ
1266 6005 1414 6058 ἐστιν
1448 6003 1636 6065 Ἠλίας
1663 6019 1677 6032 ο
1713 6004 1808 6057 καὶ

154 6099 295 6171 γάρ
320 6116 414 6154 τοι
449 6098 545 6153 καὶ
575 6099 604 6152 6
638 6099 753 6170 βίος
791 6099 954 6153 αὐτοῦ
989 6097 1154 6170 ἐῴκει
1185 6098 1263 6170 τῷ
1292 6097 1388 6153 τοῦ
1431 6097 1640 6153 Ἦλιού.
1686 6099 1810 6169 Ἀρι

1911 4894 2006 4933 sus
2052 4876 2246 4931 fuisset
2283 4876 2437 4929 illmn
2484 4874 2796 4930 Christum.
2863 4874 3057 4929 Verum
3110 4892 3272 4929 secus
3320 4877 3530 4940 evenit,

1911 4980 1960 5023 et
1992 4977 2184 5022 contra
2218 4982 2313 5020 eos
2340 4966 2719 5020 testimonium
2750 4981 2970 5020 versum
3001 4977 3106 5020 est.
3137 4966 3352 5019 Etenim
3378 4981 3528 5030 emn,

1911 5077 2074 5130 quem
2103 5076 2200 5128 pro
2229 5057 2374 5111 ﬁdeli
2429 5055 2730 5120 habebant,
2796 5057 3085 5111 inveniunt
3135 5057 3401 5127 prmrlara
3450 5070 3532 5112 tc-

1912 5155 2047 5209 stari
2089 5154 2154 5207 de
2211 5151 2453 5214 Christo,
2520 5161 2575 5205 et
2614 5167 2720 5206 non
2772 5151 2874 5205 sibi
2909 5152 3013 5220 ipsi
3077 5154 3342 5205 honorent
3375 5161 3532 5216 arro-

1914 5263 2067 5318 gare.

1991 5341 2155 5396 Vrsas.
2208 5342 2406 5395 Ql-QS.
2462 5359 2480 5390 ι
2545 5341 2610 5394 Et
2649 5342 3130 5410 interrogaverunt
3184 5357 3307 5396 eum
3348 5341 3532 5408 :Qnid

1913 5437 2093 5508 ergo?
2125 5436 2269 5490 Elias
2302 5451 2362 5490 cs
2409 5435 2503 5488 tu?
2533 5434 2596 5488 Et
2629 5436 2764 5488 dicit
2797 5454 2809 5489 :
2852 5437 2968 5488 Non
3013 5452 3155 5490 sum.
3203 5435 3274 5489 Es
3316 5448 3368 5488 tu
3405 5451 3534 5506 pro-

1916 5535 2080 5599 pheta
2110 5528 2248 5584 ille?
2291 5529 2355 5582 Et
2391 5530 2674 5598 respondit
2709 5548 2722 5583 :
2764 5528 2905 5582 Non.
2955 5528 3225 5582 Dixerunt
3267 5544 3399 5597 ergo
3438 5529 3484 5583 ei
3515 5546 3530 5583 :

1915 5626 2053 5690 Qtiis
2091 5639 2173 5684 es.
2218 5634 2278 5677 nt
2315 5639 2642 5692 responsum
2697 5623 2890 5677 demus
2939 5625 3045 5684 his,
3092 5623 3184 5692 qui
3232 5640 3332 5678 nos
3367 5625 3535 5679 mise-

1921 5717 2086 5770 runt?
2111 5718 2248 5784 Quid
2277 5717 2416 5771 dicis
2439 5720 2503 5769 de
2527 5726 2578 5770 te
2617 5717 2734 5786 ipso
2757 5715 2779 5767 ?
2805 5718 2933 5770 Ait:
2973 5717 3082 5787 Ego
3114 5735 3212 5772 vox
3238 5719 3532 5774 clamantis

1920 5813 1976 5866 in
2008 5813 2226 5866 deserto
2264 5827 2278 5863 :
2307 5810 2536 5879 Dirigite
2575 5811 2716 5864 viam
2753 5811 2989 5877 Domini,
3022 5813 3166 5866 sicut
3198 5812 3336 5865 dixit
3363 5811 3536 5867 Isaias

1920 5906 2214 5972 propheta.
2260 5923 2278 5956 ι
2336 5905 2509 5959 Eliam
2560 5907 2955 5960 existimabant
3014 5917 3305 5960 venturum
3361 5907 3531 5961 veteri

1925 6001 2218 6055 traditione
2252 6000 2504 6071 persuasi
2537 6017 2551 6054 :
2589 6003 2730 6055 unde
2766 6012 3023 6069 qumrunt
3071 6017 3198 6054 num
3239 6001 3313 6054 sit
3361 6001 3532 6060 Elias.

1923 6112 1988 6153 eo
2019 6096 2162 6167 quod
2194 6105 2249 6151 ct
2292 6094 2399 6149 vita
2429 6093 2552 6165 ejus
2603 6094 2800 6150 similis
2831 6103 2948 6149 erat
2985 6094 3111 6150 Vlliﬁ
3156 6092 3309 6151 Elite.
3355 6091 3534 6162 Negat
