4046 6534
244 415 379 479 um

229 555 351 608 την.
387 538 625 607 Λέγουσι
657 539 797 607 γάρ’
840 556 855 587 ι
886 536 947 589 El
990 537 1063 589 ai)‘
1090 538 1190 591 οὑκ
1220 529 1271 591 εί
1302 538 1331 589 6
1360 534 1617 604 Χριστὸς,
1654 529 1779 584 οὑτε
1810 529 1839 581 ὁ
1871 529 1913 583 Λ

235 635 559 703 umeri,th
594 652 612 683 ι
648 631 834 701 ἕτερον
859 630 1107 694 νοοῦντες
1144 632 1235 683 τὸν
1278 622 1516 699 Χριστὸν
1553 620 1712 687 εἶναι,
1745 624 1841 679 καὶ

235 723 395 776 ἀλλον
413 724 502 786 τὸν
522 723 828 792 προφήτην,
849 722 1035 785 κακῶς
1061 723 1283 783 ειδότες.
1316 722 1376 773 Ὀ
1395 722 1504 790 γὰρ
1550 722 1841 790 προφήτης

237 817 396 877 αὑτός
422 817 567 868 ἐστιν
586 816 612 867 ὁ
637 816 871 884 Χριστὸς
895 816 988 870 καὶ
1007 816 1140 879 Θεὸς
1157 815 1336 885 ἡμῶν.
1372 814 1557 867 Ταῦτα
1572 814 1628 866 δὲ
1660 815 1840 867 πάντα

238 911 446 975 ἔλεγον,
474 908 548 972 ὡς
573 907 730 976 ἔφην,
764 908 837 973 ὡς
864 909 926 961 ἂν
944 892 1461 977 θκαταναγκάσωσιν
1498 907 1840 978 ὁμολογῆσαι

239 1002 433 1054 ἑαυτὸν
464 1002 697 1071 Χριστόν
715 1017 729 1032 ⁸
759 1001 958 1069 μᾶλλον
980 1000 1056 1063 δὲ,
1078 1001 1126 1053 εἰ
1146 1000 1252 1071 χρὴ
1282 1000 1340 1054 τὸ
1374 1000 1739 1069 ἀληθέστερον
1763 998 1841 1051 εί-

242 1090 469 1155 ἕῑεῖνμῖις
508 1090 893 1161 βασκαίνοντες
923 1091 1089 1145 αὑτοῦ
1117 1095 1215 1162 τῆς
1244 1090 1720 1163 ὁὸξης,ὲρωτῶσιν
1738 1092 1838 1144 αὑ-

238 1185 352 1240 τόν.
391 1185 482 1237 Διὸ
516 1185 635 1237 οὐδὲ
654 1186 1037 1249 πυνθάνονται,
1070 1184 1299 1247 εἱαὺτός
1330 1187 1478 1237 ἐστιν
1512 1186 1541 1236 6
1576 1182 1838 1253 Χριστὸς,

239 1277 398 1341 ἀλλὰ,
447 1296 464 1329 ι
497 1279 567 1331 Σὺ
602 1279 686 1341 τίς
738 1274 824 1343 εἷ;
854 1297 873 1331 ι
912 1278 1117 1331 ὡσανεὶ
1162 1277 1416 1345 λέγοντες
1442 1294 1455 1307 θ
1496 1276 1593 1340 Τίς
1635 1272 1688 1329 εῐ
1716 1276 1779 1329 σὺ
1812 1279 1841 1331 ό

238 1370 547 1441 τηλικούτῳ
576 1372 722 1440 ἔργῳ
756 1360 1074 1441 ἐπιχειρῶν,
1097 1371 1177 1442 τῷ
1210 1370 1496 1441 βαπτίζειν
1520 1370 1616 1424 καὶ
1649 1369 1842 1424 καθαί-

244 1480 359 1536 ρειν
383 1466 509 1526 τοὺς
539 1464 1071 1534 ἑξομολογουμένους
1096 1484 1109 1531 ;
1147 1467 1257 1518 Καὶ
1283 1466 1392 1535 γάρ
1432 1482 1519 1533 μοι
1554 1466 1839 1531 φαίνονται

240 1558 290 1608 oi
340 1557 583 1610 Ἰουδαῖοι
616 1557 864 1620 θέλοντες
909 1557 1045 1627 μηδὲ
1072 1557 1165 1609 τὸν
1197 1558 1452 1625 Ἰωάννην
1492 1556 1643 1619 δόξαι
1685 1554 1843 1625 παρὰ

242 1652 356 1712 τοῖς
390 1650 604 1713 πολλοῖς
640 1651 897 1721 Χριστὸν,
936 1649 1053 1703 ἀλλ’
1090 1651 1199 1703 ἀπὸ
1254 1652 1447 1721 φθόνου
1499 1652 1593 1703 καὶ
1630 1648 1842 1720 βασκα-

243 1742 365 1805 νίας
397 1744 614 1814 ἐρωτᾷν
668 1744 861 1797 αὑτόν·
907 1763 925 1795 ι
960 1744 1033 1796 Σὺ
1079 1744 1163 1805 τίς
1196 1739 1281 1808 εἷ;
1310 1764 1327 1795 ι
1376 1743 1842 1813 Καταρατὼτατοι

241 1835 448 1898 τοίνυν,
476 1838 524 1890 οἱ
553 1836 886 1905 βαπτίζοντα
916 1838 1345 1908 ὑποδεχόμενοι,
1381 1838 1501 1907 μεθ’
1520 1838 1547 1891 ὃ
1569 1838 1625 1889 δὲ
1654 1837 1844 1906 βαπτι-

243 1925 470 1987 σθῶσιν,
501 1928 965 1998 ἀγνωμονοῦντες.
1004 1930 1173 1993 ὅντως
1203 1927 1518 1999 γεννήματα
1550 1930 1773 1999 ἐχιδνῶν
1792 1930 1843 1983 οἱ

254 2016 289 2069 Ἰ
298 2016 526 2070 ουδαίοι.
1526 2056 1533 2062 ~
1724 2071 1736 2083 ,

321 2127 342 2160 ι
379 2110 681 2182 Ἀπεκρίθη
716 2112 900 2175 αὑτοῖς
923 2114 951 2165 6
1002 2113 1256 2181 Ἰωάννης
1306 2113 1482 2179 λέγων
1505 2130 1519 2144 ’
1570 2112 1717 2181 Ἐγὼ
1742 2112 1841 2183 βα-

240 2202 423 2266 πτίζω
456 2186 514 2255 ἓν
557 2202 740 2256 ῦδατι·
780 2203 946 2272 μέσος
990 2203 1045 2256 δὲ
1084 2203 1238 2269 ὑμῶν
1274 2205 1542 2274 ἕστηκεν,
1593 2203 1653 2256 ὃν
1684 2206 1844 2274 ὑμεῖς

238 2296 345 2349 οὐκ
370 2296 579 2349 οἴδατευ
611 2297 775 2360 αὑτός
826 2296 975 2350 ἐστιν
1007 2300 1034 2351 ό
1064 2298 1241 2351 ὀπίσω
1276 2315 1378 2367 μου
1426 2298 1744 2369 ἐρχόμενος,
1785 2298 1846 2363 ὃς

240 2387 555 2457 ἔμπροσθέν
613 2406 717 2459 μου
746 2390 993 2457 γέγονεν,
1020 2384 1081 2444 οὗ
1120 2391 1219 2443 οὑκ
1246 2392 1361 2462 εἰμὶ
1389 2391 1557 2456 ἄξιος,
1589 2392 1674 2445 ἵνα
1698 2390 1846 2445 λύσω

240 2481 412 2534 αὑτοῦ
437 2482 529 2535 τὸν
554 2482 758 2551 ἱμάντα
780 2481 874 2537 τοῦ
906 2483 1307 2554 ὑποδήματος.)
1338 2484 1445 2537 Ἴδε
1470 2484 1565 2537 καὶ
1592 2483 1690 2554 τὴν
1713 2501 1847 2554 πρα-

237 2572 412 2642 ότητα
446 2573 539 2625 τοῦ
574 2574 751 2642 ἁγίου,
778 2577 874 2630 καὶ
892 2576 992 2645 τὴν
1017 2576 1311 2649 ἀλήθειαν⁸
1340 2577 1440 2647 τὴν
1484 2578 1603 2647 μὲν,
1632 2577 1716 2629 ὃτι
1748 2576 1844 2629 οὑ·-

237 2664 332 2718 δὲν
358 2665 495 2736 πρὸς
519 2667 718 2729 αὑτοὺς
738 2669 912 2737 τραχὺ
936 2667 1261 2737 φθέγγεται,
1290 2670 1469 2722 καίτοι
1493 2670 1846 2739 ἐπηρεαστὰς

236 2758 434 2820 ὂντας
470 2758 571 2828 τὴν
618 2759 675 2811 δὲ
703 2759 985 2830 ἀλήθειαν,
1031 2762 1115 2814 ὅτι
1175 2761 1391 2833 μάρτυς
1441 2764 1558 2815 ἐστὶ
1616 2763 1719 2831 τῆς
1749 2763 1844 2814 τοῦ

235 2847 485 2917 Χριστοῦ
513 2849 671 2919 δόξης
698 2852 1214 2923 εὐπαρῤησίαστος·
1241 2857 1339 2909 καὶ
1356 2856 1455 2908 οὑκ
1491 2856 1845 2925 ἀποκρύπτεο

234 2956 333 2993 ται
365 2938 465 3009 τὴν
515 2940 675 3006 δόξαν
722 2942 818 2995 τοῦ
872 2943 1116 3015 Κυρίου,
1164 2944 1343 3015 ἑαυτῷ
1383 2945 1847 3015 περιποιούμενος

236 3030 519 3097 εζικλειαν,
551 3034 671 3087 ἀλλ’
707 3036 984 3106 ὁμολογεῖ,
1022 3037 1103 3090 ὅτι
1133 3036 1279 3105 Ἐγὼ
1323 3038 1421 3108 μὲν
1469 3038 1723 3108 βαπτίζω
1753 3039 1843 3092 εὑ-

234 3126 398 3188 τελὲς
431 3126 757 3197 βάπτισμα·
804 3131 862 3182 ὲν
918 3129 1072 3183 ὕδατι
1123 3132 1231 3201 γὰρ
1290 3134 1456 3201 μόνῳ,
1502 3132 1603 3185 οὐκ
1650 3134 1846 3202 ἄφεσιν

232 3220 532 3290 ἁμαρτιῶν
585 3222 788 3291 ἔχοντι,
841 3221 976 3277 ἀλλὰ
1033 3228 1625 3295 προπαρασκευάζοντι
1666 3231 1741 3290 εἰς
1787 3228 1847 3279 τὺ
1878 3257 1921 3313 C

232 3310 498 3378 δέξασθαι
531 3314 589 3368 τὸ
627 3319 1001 3386 πνευματικὸν
1054 3318 1366 3389 βάπτισμα,
1417 3320 1477 3373 τὸ
1520 3319 1620 3390 τὴν
1655 3322 1851 3389 ἄφεσιν

233 3403 353 3458 τῶν
386 3405 674 3476 ἁμαρτιῶν
715 3408 1090 3479 δωρούμενον.
1132 3432 1149 3464 ι
1183 3412 1367 3477 Μέσος
1404 3412 1461 3465 δὲ
1498 3414 1651 3483 ὑμῶν
1685 3414 1851 3486 ἕστη-

234 3514 363 3557 κεν.
392 3496 451 3551 ὃν
498 3500 658 3569 ὑμεῖς
684 3502 784 3553 οὐκ
813 3503 1022 3555 οἴδατε’
1061 3523 1079 3555 ι
1139 3504 1606 3575 ἀναμεμιγμένος
1634 3505 1742 3577 γὰρ
1774 3506 1853 3577 τῷ

236 3592 445 3662 πλήθει
472 3593 500 3644 6
528 3592 758 3661 Κύριος,
784 3594 1035 3662 ἠγνοεῖτο
1053 3595 1137 3660 τίς
1158 3596 1247 3668 εἴη
1296 3598 1391 3651 καὶ
1414 3599 1601 3653 πόθεν.
1627 3600 1780 3670 Τάχα
1807 3602 1851 3655 δ’

227 3682 309 3738 ἄν
337 3700 424 3745 τις
453 3684 618 3745 εἴποι,
646 3685 728 3738 ὅτι
759 3687 853 3738 καὶ
879 3685 1000 3740 κατ’
1032 3687 1192 3742 ἄλλον
1221 3688 1426 3760 τρόπον
1460 3691 1622 3759 μέσος
1658 3691 1852 3745 ἵστατο

227 3776 354 3830 τῶν
376 3778 693 3847 Φαρισαίων
739 3782 766 3832 6
800 3779 1025 3849 Κύριος,
1055 3768 1172 3833 ἀλλ’
1206 3782 1437 3852 ἠγνόουν
1472 3783 1660 3837 αὑτόν.
1698 3783 1853 3838 Ἐπεὶ

225 3870 355 3941 γὰρ
377 3871 533 3925 αὐτοὶ
562 3872 659 3935 τὰς
694 3871 916 3943 Γραφὰς
949 3874 1170 3927 ὲδόκουν
1191 3876 1517 3947 ὲκμελετᾷν,
1551 3878 1609 3929 ἐν
1628 3877 1685 3930 δὲ
1718 3877 1853 3931 ταύ-

222 3980 366 4026 ταις
398 3964 811 4034 κατηγγέλλετο
838 3968 865 4021 ὁ
911 3967 1141 4038 Κύριος,
1189 3968 1356 4039 μέσος
1387 3971 1569 4023 αὐτῶν
1610 3966 1700 4039 ἦν,
1729 3988 1852 4025 του-

221 4058 453 4119 τέστιν,
479 4057 538 4109 ὲν
563 4060 686 4120 ταῖς
721 4060 977 4130 καρδίαις
1022 4062 1227 4128 αὐτῶν,
1251 4062 1367 4116 ἀλλ’
1403 4064 1635 4132 ἠγνόουν
1665 4064 1850 4126 αὑτὸν,

220 4145 329 4201 οἷα
357 4148 434 4218 μὴ
459 4148 713 4213 νοοῦντες
745 4151 843 4213 τὰς
872 4152 1125 4222 Γραφὰς,
1149 4155 1198 4206 εί
1234 4155 1329 4207 καὶ
1355 4157 1414 4208 ὲν
1447 4156 1567 4217 ταῖς
1599 4155 1853 4225 καρδίαις

216 4242 454 4302 ταύτας
485 4238 653 4311 εἶχον.
703 4245 792 4313 Μή
836 4261 970 4297 ποτε
1024 4246 1081 4299 δὲ
1121 4246 1217 4298 καὶ
1250 4246 1386 4299 καθὸ
1441 4248 1675 4317 μεσίτης
1714 4246 1852 4299 Θεοῦ

218 4336 338 4390 καὶ
373 4334 685 4405 ἀνθρώπων
713 4331 802 4408 ’ἦν
833 4339 860 4389 6
889 4337 1116 4408 Κύριος,
1165 4338 1332 4407 μέσος
1371 4339 1567 4391 ἵστατο
1601 4338 1713 4391 τῶν
1741 4340 1854 4391 Φαι-

217 4428 498 4501 ρισαίων,
531 4428 984 4495 ἀποκαταλλάξαι
1018 4431 1189 4483 θέλων
1222 4431 1419 4494 αὐτοὺς
1450 4430 1528 4502 τῷ
1556 4431 1698 4501 Θεῷ,
1736 4431 1853 4485 ἀλλ’

213 4517 478 4589 ἠγνόουν
528 4519 714 4573 αὐτόν.
767 4520 1019 4589 Συνεχῶς
1072 4520 1129 4575 δὲ
1163 4522 1347 4592 τίθησι
1374 4522 1469 4575 τό·
1514 4541 1531 4573 ι
1589 4522 1645 4575 Ὀ
1674 4522 1853 4576 ὀπίσω

1881 1894 1919 1946 Β

945 415 1401 477 ENARRATIO
1443 413 1524 474 IN
1567 404 2073 473 EVANGEUUM
2113 401 2463 465 JUANNIS.
2511 423 2575 434 -
2626 400 2788 458 CM’.
2828 396 2876 453 Ῐ.

3413 378 3564 442 1170'

1946 525 2036 593 qui
2084 516 2528 588 exstreCIabatur,
2582 518 2921 587 prephctam.
2962 506 3333 565 Dicunteuim
3370 521 3384 559 :
3429 523 3447 556 ι
3491 503 3547 558 Si

1951 632 2005 675 tu
2042 635 2146 683 non
2191 634 2249 671 es
2280 616 2559 679 Christus,
2595 627 2774 683 neque
2823 609 3088 679 propheta
3128 604 3219 659 ille
3264 622 3277 658 :
3326 620 3345 653 ι
3385 600 3551 699 alium

1948 712 2319 782 intelligentes
2351 709 2651 771 Christum,
2688 716 2742 760 et
2775 704 2941 756 alium
2991 698 3314 771 prophetam
3375 693 3551 755 illum,

1948 804 2089 858 male
2134 803 2457 857 sentientes.
2483 798 2618 853 Nam
2662 796 2927 864 propheta
2974 792 3083 856 ille,
3118 791 3237 860 ipse
3276 797 3361 842 est
3390 784 3553 840 Chri-

1946 909 2064 951 stus
2089 906 2143 949 et
2189 894 2330 947 Deus
2361 900 2566 945 noster.
2604 887 2768 959 522
2812 884 2937 939 [Lee
2972 892 3154 937 autem
3187 878 3370 933 omnia
3400 876 3553 930 dice—

1948 992 2099 1055 bant,
2136 991 2278 1043 sicut
2330 986 2463 1051 dixi,
2516 993 2574 1038 ut
2606 991 2867 1053 urgerent
2902 976 3037 1032 'eum
3077 974 3220 1046 quod
3257 970 3553 1028 conﬁtere-

1948 1098 2037 1140 tur
2070 1100 2129 1139 se
2164 1098 2287 1137 esse
2327 1081 2630 1135 Christum.
2683 1077 2797 1131 Ιιιιο
2843 1075 2887 1129 si
2922 1072 3141 1127 veriora
3187 1068 3371 1125 dicere
3404 1065 3552 1129 licet,

1946 1180 2105 1250 quasi
2132 1179 2440 1232 invidentes
2470 1174 2588 1245 ejus
2623 1174 2831 1245 gloriae,
2865 1186 2989 1224 eum
3025 1168 3391 1235 interrogant.
3430 1160 3555 1215 Ideo

1949 1290 2055 1328 non
2087 1281 2340 1341 qnazruut
2369 1286 2494 1323 num
2524 1268 2637 1338 ipse
2669 1266 2742 1320 sit
2768 1264 3050 1325 Christus,
3082 1261 3175 1315 sed
3210 1276 3222 1311 :
3259 1277 3275 1310 ι
3316 1255 3396 1310 Τιι
3432 1256 3557 1324 quis

1945 1367 2047 1424 es?
2078 1386 2095 1419 ι
2121 1364 2272 1436 quasi
2311 1363 2573 1425 dicentes,
2605 1359 2739 1427 Quis
2758 1374 2816 1414 es
2842 1367 2919 1421 tu,
2946 1356 3036 1425 qui
3074 1354 3179 1408 tale
3212 1366 3349 1422 opus
3378 1357 3557 1404 atten-

1949 1470 2054 1523 tas,
2113 1458 2399 1525 baptizaus
2446 1463 2502 1509 et
2561 1451 2857 1513 puriﬁeans
2911 1446 3288 1503 conﬁtentes?
3339 1444 3554 1497 Etenim

1949 1568 2123 1622 neque
2152 1550 2416 1605 Joannem
2451 1549 2595 1616 apud
2627 1545 2823 1601 multos
2862 1558 2957 1613 pro
2973 1542 3195 1597 Christo
3232 1538 3425 1593 haberi
3454 1534 3555 1591 Ju-

1948 1643 2049 1697 d;ei
2103 1642 2234 1696 mihi
2284 1640 2420 1695 velle
2475 1639 2750 1701 videntur,
2794 1638 2890 1690 sed
2925 1650 2991 1689 ex
3040 1634 3211 1687 livore
3247 1641 3302 1685 et
3352 1630 3555 1684 invidia

1951 1738 2295 1804 interrogare
2346 1748 2496 1796 eum,
2547 1750 2565 1781 ι
2622 1729 2703 1785 Τιι
2731 1729 2854 1799 quis
2906 1727 3009 1783 es?
3057 1747 3074 1778 ι
3111 1724 3349 1779 Maxime
3392 1722 3559 1795 igitur

1952 1828 2224 1882 maledicti
2258 1824 2452 1891 Judail,
2498 1833 2555 1878 et
2604 1838 2729 1877 vere
2758 1822 3047 1892 progenies
3086 1821 3418 1888 viperarum,
3452 1816 3545 1886 qui

1951 1922 2213 1977 Joannem
2234 1922 2454 1993 quidem
2479 1920 2845 1991 haptizantem
2874 1926 3206 1984 accepertmt
3229 1934 3243 1969 :
3270 1921 3558 1985 postquam

1955 2027 2135 2070 autem
2160 2015 2416 2083 baptizati
2443 2024 2591 2075 sunt,
2630 2013 2831 2083 ingrati
2860 2012 3105 2066 fuerunt.

2031 2107 2191 2161 Vens.
2241 2107 2335 2171 9.6,
2360 2106 2452 2159 27.
2493 2125 2509 2153 ι
2558 2103 2862 2174 Respondit
2902 2103 2982 2157 eis
3013 2100 3276 2167 Joannes,
3311 2100 3503 2155 dicens
3541 2114 3557 2153 :

1956 2198 2069 2268 Ego
2116 2198 2329 2265 b'tllllll)
2380 2198 2435 2250 in
2487 2210 2677 2264 aqua:
2722 2196 2815 2249 sed
2867 2195 3078 2248 medius
3138 2204 3381 2248 vestrmn
3426 2198 3556 2252 stat,

1956 2306 2120 2358 quem
2164 2304 2259 2343 vos
2294 2288 2511 2343 nescitis
2560 2307 2571 2341 :
2612 2288 2731 2357 ipse
2760 2297 2842 2342 est
2889 2287 2978 2357 qui
3013 2297 3137 2357 pOSt
3175 2300 3264 2339 me
3294 2292 3561 2339 venturus

1955 2397 2062 2447 est,
2107 2382 2199 2452 qni
2242 2393 2366 2436 ante
2417 2396 2502 2435 me
2550 2382 2729 2436 factus
2781 2390 2885 2443 est,
2921 2379 3080 2449 cujus
3128 2393 3229 2447 ego
3279 2394 3385 2433 non
3439 2392 3559 2432 smn

1957 2477 2153 2545 dignus
2216 2484 2274 2528 ut
2324 2474 2529 2529 solvam
2582 2474 2703 2544 ejus
2748 2474 3041 2543 corrigiam
3096 2472 3475 2527 caleeamenti.
3538 2491 3555 2521 ι

1958 2564 2097 2621 Vide
2140 2577 2193 2619 et
2232 2565 2704 2618 mansuetudinem
2756 2575 2811 2617 et
2850 2563 3137 2617 veritatem
3176 2563 3375 2619 sancti.
3406 2561 3560 2617 Man-

1958 2658 2301 2712 suetudinem
2336 2657 2579 2726 quidem,
2608 2672 2674 2711 eo
2701 2658 2845 2726 quod
2885 2656 3021 2710 nihil
3053 2672 3309 2725 asperum
3360 2658 3425 2709 ad
3470 2671 3563 2710 eos

1958 2752 2215 2818 loquitur,
2234 2750 2483 2819 quamvis
2503 2750 2793 2805 insolentes
2820 2758 3021 2804 essent.
3038 2747 3329 2805 Veritatem
3356 2761 3563 2818 auum,

1957 2845 2084 2913 quia
2136 2843 2451 2898 liberrimus
2506 2843 2661 2897 testis
2710 2853 2831 2897 erat
2878 2843 3067 2914 gloria:
3106 2842 3336 2904 Christi.
3384 2859 3565 2915 neque

1962 2935 2172 2989 Domini
2216 2935 2444 3005 gloriam
2482 2936 2822 2998 occultabat,
2857 2944 2913 2990 ut
2949 2934 3051 2990 sibi
3090 2936 3431 2991 nobilitatem
3465 2952 3561 3006 pa-

1958 3041 2124 3089 reret.
2193 3030 2287 3097 sed
2323 3029 2690 3084 confitebatur
2726 3046 2738 3082 :
2768 3029 2881 3100 Ego
2929 3028 3147 3097 quidem
3189 3030 3405 3099 baptizo
3462 3031 3563 3083 im-

1958 3119 2201 3188 perfecto
2235 3122 2505 3189 baptismo
2542 3138 2553 3172 :
2590 3132 2722 3174 nam
2759 3122 2810 3174 iu
2850 3122 2965 3176 sola
2994 3138 3155 3191 aqua,
3189 3139 3295 3177 non
3334 3125 3566 3178 habente

1960 3226 2305 3284 peccatorum
2344 3215 2745 3278 remissionem,
2781 3219 2875 3270 sed
2908 3229 3257 3286 prseparaute
3296 3219 3363 3271 ad
3393 3218 3567 3272 susci-

1958 3310 2214 3378 piendum
2266 3308 2553 3377 spirituale
2605 3308 2875 3377 baptisma
2903 3349 2918 3374 ,
2961 3310 3108 3379 quod
3150 3310 3314 3365 donat
3357 3314 3523 3366 remis

1956 3403 2167 3457 sionem
2215 3413 2586 3472 peccatorum.
2632 3420 2649 3453 ι
2685 3402 2897 3458 Medius
2926 3412 3107 3457 autem
3152 3414 3399 3459 vestium
3432 3416 3562 3471 stat,

1957 3513 2118 3567 quem
2156 3512 2252 3551 vos
2299 3495 2543 3551 nescitis.
2587 3514 2606 3549 ι
2650 3495 2787 3551 Nam
2825 3496 3092 3551 Dominus
3139 3497 3473 3552 multitudini
3508 3516 3566 3553 se

1960 3592 2279 3654 miscuerat,
2306 3598 2361 3645 et
2402 3590 2757 3661 ignorabatur
2786 3590 2909 3660 quis
2942 3601 3086 3646 esset
3145 3600 3201 3646 et
3232 3594 3398 3648 unde.
3431 3591 3565 3646 For-

1960 3685 2126 3738 tassis
2175 3696 2357 3739 autem
2394 3684 2665 3753 quispiam
2713 3683 2912 3739 dixerit
2958 3683 3104 3753 quod
3153 3692 3208 3738 et
3249 3684 3356 3738 alio
3403 3685 3565 3739 modo

1962 3778 2174 3833 medias
2205 3778 2421 3832 steterit
2453 3779 2595 3831 inter
2627 3776 2935 3833 Pharisaeos
2964 3777 3251 3844 Dominus,
3287 3780 3383 3835 sed
3419 3779 3566 3849 igno-

1961 3874 2133 3925 rarint
2174 3886 2323 3925 eum.
2365 3870 2502 3939 Quia
2537 3872 2683 3926 enim
2719 3872 3045 3928 videbantur
3095 3870 3415 3943 Scripturas
3448 3873 3563 3928 edi-

1956 3962 2177 4028 diciSse,
2214 3964 2413 4033 quibus
2463 3963 2825 4019 anniuntiatus
2874 3962 2979 4018 luit
3030 3962 3316 4032 Dominus,
3353 3966 3565 4020 medius

1961 4055 2066 4121 fuit,
2111 4056 2253 4110 inter
2297 4070 2415 4122 eos,
2473 4057 2574 4110 hoc
2625 4065 2743 4122 est,
2778 4056 2830 4110 iu
2875 4056 3139 4113 cordibus
3172 4072 3364 4113 eorum
3416 4076 3431 4113 :
3467 4061 3563 4113 sed

1959 4150 2280 4218 ignorabant
2309 4165 2457 4215 eum,
2488 4160 2745 4219 tanquam
2780 4164 2890 4204 non
2915 4149 3281 4220 intelligentes
3312 4152 3564 4222 Scriptu—

1959 4257 2089 4302 ras,
2147 4243 2399 4310 quamvis
2454 4242 2712 4297 cordibus
2769 4243 2889 4298 illas
2951 4252 3225 4299 tenerent.
3286 4231 3565 4302 Fortassis

1957 4343 2137 4389 autem
2169 4344 2224 4388 et
2256 4335 2556 4390 secumlum
2589 4335 2731 4406 quod
2765 4336 3036 4393 mediator
3068 4337 3164 4393 Dei
3195 4349 3251 4393 et
3280 4341 3563 4395 hominum

1961 4426 2061 4481 fuit
2112 4428 2394 4488 Dominus,
2433 4429 2646 4485 medius
2678 4432 2830 4486 stetit
2877 4431 3021 4486 inter
3053 4430 3398 4499 Pharisaeos,
3434 4451 3569 4493 con-2

1959 4520 2151 4574 ciliare
2193 4519 2314 4575 illos
2343 4522 2533 4576 Volens
2578 4522 2707 4589 Deo,
2743 4522 2836 4578 sed
2874 4524 3201 4595 ignorabant
3226 4542 3373 4581 eum.
3417 4528 3566 4585 Con-

213 4628 343 4683 μου
372 4609 675 4680 ἐρχόμενος
693 4628 740 4664 ⁸)
762 4612 1147 4677 δεικνύων,ὅτι
1176 4616 1235 4668 οὑ
1263 4615 1615 4671 τελειωτικόν
1642 4620 1760 4671 ἐστι
1789 4618 1847 4671 τὸ

1962 4611 2111 4667 tinue
2166 4621 2347 4667 autem
2404 4617 2557 4684 ponit
2608 4615 2743 4675 hac;
2800 4635 2818 4668 ι
2860 4617 2962 4683 Qui
3006 4628 3129 4687 post
3176 4636 3261 4675 tne
3302 4631 3567 4677 venturus

211 4703 410 4761 αὑτοῦ
451 4703 759 4775 βάπτισμα,
780 4705 920 4760 ἀλλά
952 4708 1446 4777 προτιδοποιητικὸν
1476 4710 1571 4763 τοῦ
1603 4726 1853 4779 πνευμα-

211 4797 398 4854 τικοῦ
425 4797 830 4868 βαπτίσματος.
865 4800 939 4854 Τὸ
976 4800 1052 4866 δὲ,
1097 4820 1115 4854 ι
1156 4802 1513 4873 Ἐμπροσθέν
1556 4820 1658 4873 μου
1687 4805 1851 4871 γέγο-

211 4909 350 4957 νεν,
390 4908 409 4943 ι
444 4890 568 4944 ἀντὶ
592 4890 708 4953 τοῦ,
736 4893 1109 4966 ἐντιμότερος,
1135 4894 1505 4965 ἐνδοξότερος,
1536 4898 1631 4950 καὶ
1658 4895 1851 4949 τοσοῦ-

208 5002 353 5047 τον,
396 4981 543 5036 ὥστε
578 4984 700 5038 οὐδὲ
736 4986 794 5037 ἐν
845 4989 957 5049 τοῖς
992 4989 1245 5057 ἐσχάτοις
1298 4990 1406 5043 τῶν
1441 4992 1611 5046 αὑτοῦ
1648 4994 1853 5048 δούλων

210 5076 713 5149 καταριθμεῖσθαί
750 5096 818 5148 με
845 5096 858 5109 ο
910 5079 972 5133 τὸ
1002 5080 1115 5150 γὰρ
1159 5082 1310 5135 λύειν
1342 5083 1405 5136 τὸ
1442 5085 1703 5158 ὑπόδημα
1751 5089 1853 5158 τῆς

206 5178 486 5251 ίσχάτης
511 5174 788 5241 διακονίας
812 5178 980 5230 ἐστίν.
1006 5172 1137 5231 Οἶδα
1157 5178 1213 5232 δὲ
1238 5180 1391 5250 παρά
1410 5198 1518 5234 τινι
1543 5182 1652 5234 τῶν
1678 5184 1852 5250 ἁγίων

204 5273 507 5339 τοιαύτην
542 5273 814 5341 ἀναγνοὺς
845 5272 1142 5344 ἐξήγησιν·
1178 5274 1252 5327 Τὸ
1289 5275 1548 5345 ὑπόδημα
1635 5279 1717 5339 εἰς
1750 5278 1851 5348 τὴν

203 5372 346 5428 τῶν
386 5366 738 5438 ἁμαρτωλῶν
768 5369 968 5438 σάρκα,
1008 5370 1107 5423 καὶ
1138 5374 1203 5440 τῇ
1240 5371 1417 5443 φθορᾷ
1449 5373 1848 5444 ὑποκειμένην,

205 5460 590 5534 λαμῦάνεται
623 5461 936 5533 πανταχοῦ·
993 5464 1020 5515 ὁ
1063 5463 1300 5532 δείμας,
1339 5466 1503 5535 ἤτοιό
1533 5465 1729 5535 λῶρος.
1768 5468 1849 5531 είς

202 5560 321 5614 τὸν
382 5554 591 5621 δεσμὸν
635 5554 744 5607 τῶν
784 5556 1097 5625 ἁμαρτιῶν.
1150 5557 1207 5611 ’0
1239 5561 1420 5611 τοίνυν
1486 5559 1743 5630 Ἰωάννης
1789 5562 1848 5613 ἐν

208 5653 335 5722 μὲν
374 5647 496 5708 τοῖς
524 5644 731 5711 ἄλλοις,
755 5649 867 5711 τοῖς
900 5649 1366 5718 ἐκπορευομένοις
1396 5651 1544 5720 πρδςε
1566 5652 1730 5705 αὑτὸν
1757 5654 1851 5705 καὶ

204 5737 796 5810 ἐξομοὶοχόυμένοις,
834 5740 985 5811 ίσχυε
1014 5740 1165 5794 λύειν
1186 5742 1275 5795 τὸν
1307 5744 1509 5812 ἱμάντα
1534 5743 1643 5795 τῶν
1672 5745 1850 5813 ἁμαρ-

204 5836 405 5889 τιῶνυ
455 5831 669 5900 σειραῖς
697 5833 804 5903 γὰρ
828 5833 936 5886 τῶν
963 5833 1183 5887 οἰκείων
1218 5836 1505 5904 ἁμαρτιῶν
1544 5839 1851 5905 σφιγγόμε-

224 5947 308 5984 ροι
342 5922 662 5991 ἐξῆζιχσντο
695 5926 831 5993 πρὶς
862 5926 1038 5979 αὐτόν’
1080 5927 1171 5980 καὶ
1191 5927 1277 5981 '32).
1318 5927 1409 5980 τοῦ
1439 5930 1511 5990 εἰς
1558 5930 1851 5997 μετάνοιαν

1960 4716 2091 4762 est:
2142 4727 2158 4758 ι
2199 4714 2497 4764 ostendens
2544 4712 2685 4780 quod
2720 4725 2895 4781 neque
2937 4712 3241 4785 perfectum
3295 4732 3455 4771 suum
3494 4718 3568 4773 sit

1964 4804 2249 4871 baptisma,
2297 4804 2651 4889 sed.tantum
2703 4809 2963 4876 praevium
3016 4810 3425 4881 ad»spirituale
3475 4814 3569 4867 hac

1961 4898 2182 4966 ptisma.
2224 4915 2242 4949 ι
2282 4899 2422 4954 Ante
2452 4915 2536 4952 me
2570 4900 2747 4954 lactus
2791 4911 2897 4964 est,
2938 4920 2954 4952 ι
2994 4902 3097 4957 hoc
3129 4916 3233 4971 est,
3268 4906 3484 4977 dignior
3513 4918 3568 4961 et

1961 4992 2272 5059 gloriosior,
2326 4992 2380 5045 iu
2424 5002 2633 5046 tantum
2674 5004 2729 5047 ut
2759 5008 2861 5063 ego
2892 5008 2976 5048 me
3020 5011 3127 5049 non
3162 4998 3336 5053 ausim
3378 5015 3567 5053 nume-

1962 5100 2085 5138 rare
2122 5085 2202 5137 ιιι-Ι
2254 5085 2550 5141 inultitnis
2591 5086 2711 5155 ejus
2744 5089 2940 5141 servis.
2993 5086 3220 5147 Solvere
3250 5092 3396 5146 enim
3437 5095 3567 5147 cal-

1957 5197 2116 5235 ceum
2177 5180 2409 5234 extremi
2442 5180 2734 5235 ministerii
2776 5189 2882 5237 est.
2918 5180 3045 5237 Seio
3078 5194 3259 5238 autem
3297 5201 3386 5240 me
3422 5188 3577 5257 apud

1960 5283 2280 5331 Sanctorum
2329 5277 2620 5344 quemdam
2679 5278 2845 5332 etiam
2899 5279 3040 5333 hanc
3099 5280 3297 5349 legisse
3345 5284 3566 5350 exposi-

1964 5368 2163 5421 tionem
2218 5386 2229 5420 :
2268 5366 2500 5424 Calceus
2550 5385 2766 5438 semper
2813 5372 3053 5426 sumitur
3101 5373 3167 5426 ad
3206 5375 3564 5442 peccatricem

1961 5476 2210 5524 carnem,
2254 5470 2309 5514 et
2358 5464 2699 5531 corruptioni
2748 5465 3023 5520 subditam
3063 5484 3076 5521 :
3112 5467 3344 5539 corrigia
3382 5478 3563 5522 autem

1962 5564 2018 5607 ut
2069 5554 2345 5609 vinculum
2404 5568 2779 5625 peccatorum.
2840 5559 3011 5629 Igitur
3058 5558 3297 5615 Joannes
3343 5561 3395 5615 in
3442 5563 3566 5617 aliis

1959 5649 2183 5715 quidem
2218 5650 2308 5717 qui
2355 5653 2419 5702 ad
2467 5666 2525 5705 se
2558 5651 2982 5721 egrediebantur
3042 5665 3097 5708 et
3133 5656 3562 5720 cotilitebantur,

1962 5752 2177 5810 poterat
2249 5743 2463 5799 solvere
2523 5746 2817 5815 mtt'igiattt
2886 5747 3566 5823 peccatornm.‘Vinculis

1961 5837 2107 5889 enim
2141 5853 2362 5890 suorum
2399 5851 2744 5905 paeniturum
2774 5843 3057 5896 conxtrieli
3095 5842 3159 5897 ad
3195 5843 3372 5911 ipsum
3409 5860 3566 5913 egre-

1962 5933 2272 5989 diebantur.
2326 5930 2387 5986 lit
2422 5950 2515 6002 per
2562 5936 2661 5989 hoc.
2694 5938 2833 6004 quoi
2888 5936 3113 5993 vocabat
3165 5936 3328 6011 523
3376 5958 3469 5995 eos
3504 5942 3567 5994 ad
