4046 6504
577 361 708 430 ιιτι

1422 350 2000 416 THEOPHYLACTI
2040 349 2445 411 BULGARL‘E
2486 350 2836 411 ARCHIEP.

3704 347 3833 411 1172

575 477 967 551 paenitentiam.
1005 470 1149 526 viam
1174 467 1506 539 praeparavit
1548 466 1629 521 eis
1670 467 1736 518 ad
1773 464 1874 519 hoc
1922 473 1984 518 ut
2030 477 2148 533 per-

2253 464 2453 523 αὑτοὺς
2485 462 2848 532 παρακαλεῖν.
2907 459 3266 531 προωδοποίει
3305 461 3494 524 αὐτοῖς
3524 461 3606 523 είς
3647 460 3711 513 τὸ
3743 464 3832 514 καὶ

576 575 716 627 lecte
737 565 1027 636 corrigiam
1079 560 1226 616 illam
1260 570 1315 614 et
1343 558 1770 613 calceamentum
1814 554 2020 624 peccati
2050 553 2150 608 ab-

572 661 763 732 jiciant
796 675 808 710 :
840 657 890 710 in
923 651 1145 709 Christo
1175 660 1355 706 autem
1385 662 1490 702 non
1521 647 1804 702 inveniens
1834 645 2147 713 corrigiam,

579 755 677 806 hoc
722 758 806 804 est
838 744 1110 801 vinculum
1152 740 1379 812 peccati,
1412 739 1605 792 merito
1639 751 1811 804 neque
1843 735 2024 801 solvit,
2054 747 2149 790 ne-

573 857 678 912 que
706 841 916 895 solvere
948 836 1143 909 potuit.
1175 831 1456 900 Quomodo
1480 829 1622 885 enim
1655 829 1929 892 solvisset,
1957 829 2009 881 in
2042 841 2148 897 quo

575 949 680 988 non
709 932 1016 987 inveniebat
1044 929 1069 983 ‘l
1104 946 1122 980 ι
1161 926 1452 981 Peccatum
1479 923 1627 978 enim
1660 937 1765 976 non
1799 919 1946 986 fecit,
1977 933 2149 989 neque

574 1029 825 1081 inventus
857 1033 939 1079 est
975 1021 1127 1077 dolus
1158 1020 1212 1074 in
1256 1033 1350 1073 ore
1392 1017 1512 1084 ejus
1542 1015 1610 1068 ⁸⁸.
1653 1033 1670 1065 ι
1711 1013 2146 1068 Calceamentnm

572 1127 750 1172 autem
801 1124 888 1170 est
909 1115 1173 1169 adventus
1199 1109 1412 1166 Domini
1440 1108 1505 1162 ad
1532 1120 1628 1159 nos
1658 1121 1672 1158 :
1706 1105 1936 1173 corrigia
1969 1112 2145 1156 autem

571 1211 712 1278 ejus,
738 1209 928 1262 modus
956 1201 1372 1264 incarnationis,
1405 1215 1514 1269 quo
1548 1198 1785 1253 Verbum
1812 1196 1904 1250 Dei
1935 1195 2144 1248 unitum

573 1311 628 1355 et
677 1294 1410 1368 quodammodocolligatum
1440 1291 1676 1360 corpori.
1751 1286 1948 1358 Utique
2001 1287 2146 1351 hunc

575 1392 772 1447 nodum
817 1389 1030 1444 solvere
1079 1385 1411 1456 impossibile
1454 1393 1556 1437 est.
1593 1382 1726 1460 Quis
1773 1380 1920 1434 enim
1961 1386 2147 1456 posset

571 1482 802 1546 solvere,
828 1479 1098 1551 quomodo
1134 1477 1274 1533 Deus
1303 1479 1519 1546 corpori
1548 1478 1830 1544 colligatus
1859 1474 1929 1528 sit
1955 1473 1979 1526 2

646 1575 812 1629 Vens.
840 1574 929 1630 28.
973 1592 992 1624 ι
1044 1571 1170 1627 llaec
1221 1573 1276 1626 in
1321 1571 1584 1627 Bethania
1639 1570 1780 1624 facta
1834 1576 1956 1623 sunt
1998 1577 2147 1622 trans

570 1663 887 1726 Iordanem.
940 1666 1027 1720 ubi
1071 1674 1187 1720 erat
1266 1663 1506 1720 Joannes
1550 1663 1848 1732 baptizans.
1907 1678 1924 1712 ι
1967 1660 2147 1727 Quare

573 1759 711 1812 dixit
748 1758 892 1827 quod
926 1762 1036 1812 haec
1068 1757 1124 1812 in
1152 1756 1409 1812 Bethania
1441 1755 1583 1810 facta
1615 1753 1773 1808 sint?
1802 1752 1868 1809 Ut
1895 1754 2145 1807 ostendat

2251 555 2474 622 τελείως
2496 553 2867 608 ἀποϐαλὲσθαι
2888 552 2978 605 τὸν
3008 553 3022 603 ί
3033 553 3206 620 μάντα
3223 551 3433 616 τοῦτον,
3451 551 3548 604 καὶ
3576 551 3638 605 τὸ
3664 551 3834 620 ἀμαρο

2250 644 2421 699 τωλὸν
2461 647 2716 715 ὑπόδημα
2742 661 2756 674 ο
2795 643 2891 695 ἐπὶ
2915 638 2973 695 δὲ
3005 642 3272 711 Χριστοῦ,
3328 644 3531 712 ἱμάντα
3571 643 3646 713 μὴ
3681 642 3830 713 εὑρί-

2253 756 2419 801 σκων,
2449 740 2565 809 ἦτοι
2595 738 2894 808 σύνδεσμον
2938 736 3237 806 ἁμαρτίας,
3278 736 3505 800 εἰκότως
3532 734 3660 789 οὐδὲ
3685 733 3832 787 λύειν

2250 832 2414 900 αὐτὸν
2434 832 2677 885 ἐδύνατο.
2709 833 2831 894 Πῶς
2857 831 2987 903 γὰρ,
3014 831 3073 884 ὃν
3105 830 3203 900 οὐχ
3225 830 3518 900 εῦρισκενς
3557 851 3577 882 ι
3623 829 3833 902 Ἀμαρ-

2250 924 2372 977 τίαν
2406 924 2513 992 γὰρ
2538 924 2638 977 οὐκ
2677 924 2933 994 ἐποίησεν
2956 965 2972 990 ,
2999 923 3124 978 οὐδὲ
3152 923 3354 995 εὑρέθη
3393 923 3454 976 ἐν
3483 923 3563 993 τῷ
3600 924 3830 992 στόματι

2251 1016 2416 1071 αὑτοῦ
2443 1017 2613 1080 δόλος.
2644 1035 2662 1068 ι
2721 1015 3007 1086 ’Υπόδημα
3041 1015 3098 1070 δὲ
3125 1018 3159 1087 ἠ
3193 1015 3464 1086 παρουσία
3490 1013 3586 1067 τοῦ
3623 1013 3828 1084 Κυρίου

2249 1115 2282 1183 ἡ
2315 1113 2394 1175 είς
2418 1113 2564 1182 ἡμᾶς
2582 1127 2597 1142 ⁸
2629 1111 2758 1181 ἱμὰς
2787 1112 2842 1165 δὲ
2865 1111 3058 1182 αὐτῆς,
3079 1112 3109 1163 6
3129 1112 3328 1180 τρόπος
3359 1110 3459 1180 τῆς
3479 1109 3831 1178 σαρκώσεως,

2251 1206 2346 1259 καὶ
2378 1205 2472 1263 τοῦ
2507 1205 2622 1268 πῶς
2657 1204 2913 1274 συνεδιθη
2952 1204 3031 1275 τῷ
3060 1202 3274 1273 σώματι
3296 1205 3324 1256 6
3347 1202 3522 1268 Λόγος
3548 1200 3644 1254 τοῦ
3676 1198 3827 1253 Θεοῦ.

2250 1297 2452 1351 Τοῦτον
2478 1296 2572 1354 οὖν
2603 1299 2696 1352 τὸν
2732 1299 2932 1366 τρόπον
2956 1297 3106 1350 λύων
3145 1296 3407 1350 ἀδύνατον
3445 1312 3458 1325 ·
3500 1295 3586 1357 τίς
3609 1293 3718 1366 γὰρ
3742 1291 3830 1346 δύ-

2249 1408 2407 1452 ναται
2437 1391 2596 1448 λῦσαι
2625 1390 2741 1454 πῶς
2773 1389 3031 1460 συνεδὲθη
3066 1389 3146 1457 τῷ
3179 1387 3394 1458 σώματι
3417 1387 3585 1453 Θεόςς

2328 1595 2348 1636 ι
2377 1576 2563 1630 Ταῦτα
2585 1575 2644 1628 ὲν
2670 1575 2914 1645 Βηθανίᾳ
2945 1576 3169 1644 ἐγένετο
3202 1590 3374 1643 περαν
3403 1572 3497 1624 τοῦ
3541 1570 3826 1639 Ἰορδάνου,

2247 1671 2382 1723 ὅπου
2427 1664 2495 1738 ἦν
2551 1669 2806 1737 Ἰωάννης
2871 1667 3171 1736 βαπτίζων.
3228 1666 3382 1728 Τίνος
3435 1664 3623 1718 ἕνεκεν
3657 1657 3826 1724 εἶπεν,

2249 1763 2331 1815 ὅτι
2385 1779 2402 1810 ι
2443 1760 2628 1814 Ταῦτα
2683 1762 2741 1812 ὲν
2773 1758 3012 1830 Βηθανία
3036 1759 3282 1826 ἑγὲνετο;
3323 1777 3342 1808 ι
3403 1758 3521 1809 Ἵνα
3553 1755 3702 1824 δείξῃ
3735 1753 3830 1823 τὴν

576 1851 751 1920 magni
809 1850 1071 1920 praeconis
1123 1849 1452 1913 libertatem,
1497 1850 1640 1916 quod
1688 1861 1791 1899 non
1856 1847 1907 1898 in
1963 1844 2145 1909 domo,

2253 1853 2568 1924 παρρησίαν
2620 1851 2714 1905 τοῦ
2775 1851 3012 1919 μεγάλου
3048 1852 3308 1920 κήρυκος,
3338 1849 3420 1902 ὅτι
3447 1848 3549 1899 οὐκ
3576 1848 3635 1898 ἐν
3663 1845 3829 1916 οἰκίᾳ,

575 1961 748 2016 neque
775 1947 828 1999 in
849 1945 1063 2014 angulo,
1089 1947 1182 1998 sed
1208 1944 1352 1998 circa
1384 1941 1697 2003 Jordanem,
1728 1941 1781 1992 in
1814 1937 1987 1992 media
2011 1936 2148 1992 mul-

577 2035 808 2090 titudine
859 2036 974 2090 hac
1024 2035 1089 2089 de
1131 2033 1353 2096 Christo
1406 2033 1800 2104 praedicaverit.
1855 2030 2145 2085 Sciendum

573 2141 754 2182 autem
779 2129 922 2198 quod
966 2127 1297 2197 exemplaria
1344 2126 1715 2182 emendatiora
1772 2124 1994 2187 habent,
2038 2142 2056 2175 ι
2095 2123 2147 2176 in

577 2221 898 2278 llethabara.
943 2240 961 2273 ι
1016 2220 1274 2274 Bethania
1329 2221 1474 2274 enim
1523 2235 1631 2276 non
1679 2230 1828 2272 trans
1860 2215 2148 2272 Iordanem

571 2324 678 2377 cst,
714 2315 808 2369 sed
841 2330 1006 2384 prope
1039 2313 1409 2384 Hierosolyma
1446 2313 1469 2366 ἲ

642 2403 814 2460 Vens.
842 2405 932 2460 29.
978 2424 996 2456 ι
1031 2403 1256 2459 Postero
1291 2405 1375 2458 die
1402 2403 1546 2459 videt
1575 2402 1812 2458 Joannes
1843 2404 2025 2458 Jesum
2060 2418 2150 2457 ve-

573 2500 813 2553 nicuteut
840 2497 904 2550 ad
951 2513 1033 2566 se,
1069 2504 1121 2560 et
1165 2497 1242 2550 ait
1285 2515 1298 2550 :
1348 2497 1487 2554 Ecce
1526 2511 1694 2566 agnus
1747 2498 1834 2552 ille
1872 2497 2002 2560 Dei,
2055 2497 2149 2567 qui

575 2583 1040 2660 tollit'peccatum
1088 2591 1295 2645 mundi.
1338 2610 1357 2643 ι
1392 2592 1548 2660 Saepe
1585 2591 1844 2646 Dominus
1889 2591 2038 2646 venit
2083 2594 2149 2645 ad

577 2683 1003 2752 Prmcursorem,
1049 2682 1259 2751 quare?
1301 2680 1400 2736 Vel
1441 2682 1663 2736 omnino
1716 2682 2149 2751 quandoquidem

573 2775 721 2834 sicut
761 2791 901 2830 unus
949 2791 1015 2842 ex
1052 2775 1236 2837 multis
1277 2783 1331 2829 et
1381 2775 1495 2844 ipse
1525 2789 1552 2825 a
1593 2771 1804 2830 Joanne
1846 2772 2153 2842 baptizatus

571 2875 739 2932 esset,
773 2882 840 2922 ne
869 2875 1059 2937 putent
1101 2865 1319 2935 quidam
1350 2866 1492 2935 quod
1517 2865 1677 2934 quasi
1711 2866 1948 2934 peccatis
1977 2866 2152 2919 obuo-

573 2959 714 3022 xius,
767 2957 1049 3028 aequaliter
1098 2971 1220 3010 cum
1270 2954 1390 3009 aliis
1437 2956 1746 3024 baptizatus
1799 2956 1890 3010 sit.
1942 2955 2150 3010 Idcirco

573 3051 767 3103 iterum
806 3050 970 3114 venit,
1023 3049 1160 3103 dans
1207 3047 1402 3104 Joanni
1454 3049 1794 3103 occasionem
1847 3049 2148 3117 corrigendi

2251 1945 2372 1998 οὐδὲ
2403 1947 2461 1996 ὲν
2497 1943 2688 2014 γωνίᾳ,
2743 1943 2880 1994 ἀλλά
2909 1943 3000 1995 τὸν
3051 1942 3324 2012 Ἰορδάκην
3383 1937 3726 2002 καταλαϐὼν,
3776 1939 3831 1990 ἐν

2255 2036 2406 2107 μέσῳ
2435 2036 2672 2105 πλήθους
2696 2036 2869 2088 ταῦτα
2891 2034 3020 2106 περὶ
3055 2034 3291 2104 Χριστοῦ
3323 2034 3684 2104 ἀνεκήρυττε.
3715 2032 3832 2100 Χρὴ

2251 2131 2305 2183 δὲ
2342 2129 2654 2197 γινώσκειν,
2688 2129 2770 2181 ὃτι
2799 2130 2864 2182 τὰ
2893 2128 3096 2199 ἀκριϐῆ
3134 2128 3242 2181 τῶν
3292 2126 3669 2196 ἀντιγράφων,
3721 2143 3740 2174 ι
3777 2125 3835 2176 ὲν

2255 2223 2571 2293 Βηθαϐαρᾷ,
2601 2243 2619 2274 ι
2657 2223 2768 2293 ἔχει
2791 2241 2803 2252 ·
2845 2224 2878 2291 ἡ
2908 2223 3015 2291 γὰρ
3043 2223 3282 2290 Βηθανία
3340 2222 3462 2290 οὖχὶ
3524 2219 3701 2290 πέραν
3741 2217 3836 2271 τοῦ

2265 2313 2549 2384 Ἰορδάνου.
2579 2314 2694 2368 ἀλλ’
2720 2314 2885 2380 ἐγγύς
2915 2331 3018 2367 που
3052 2315 3160 2366 τών
3200 2311 3593 2383 Ἰεροσολύμων
3629 2310 3798 2364 ἐστίν.

2327 2423 2345 2455 ι
2376 2405 2454 2474 Τῇ
2508 2404 2772 2474 ἐπαύριον
2808 2404 2994 2474 βλέπει
3031 2405 3108 2472 (a)
3139 2405 3230 2456 τὸν
3276 2402 3488 2472 Ἰησοῦν
3541 2402 3836 2472 ἐρχόμενον

2252 2498 2389 2567 πρὸς
2419 2497 2603 2562 αὐτὸν,
2637 2499 2731 2550 καὶ
2753 2497 2902 2564 λέγει
2923 2513 2938 2527 ’
2973 2498 3076 2550 Ἴδε
3108 2498 3136 2549 6
3166 2497 3338 2566 ἀμνὸς
3377 2495 3473 2549 τοῦ
3505 2496 3666 2559 Θεοῦ,
3697 2497 3727 2547 6
3749 2497 3836 2548 αῖ-

2257 2610 2364 2662 ρων
2396 2592 2494 2664 τὴν
2530 2589 2807 2661 ἁμαρτίαν
2836 2588 2929 2642 τοῦ
2969 2591 3197 2657 κόσμου.
3233 2608 3252 2642 ι
3291 2587 3538 2657 Συνεχῶς
3566 2587 3596 2638 6
3634 2585 3837 2656 Κύριος

2253 2683 2474 2753 ἔρχεται
2504 2682 2637 2754 πρὸς
2662 2683 2752 2734 τὸν
2772 2681 3272 2752 Πρόδρομονοτίνος
3297 2680 3594 2744 ἓνεκεν;⁹”11
3621 2678 3837 2739 πάντως

2251 2774 2440 2846 ιπειδὴ
2468 2774 2542 2836 ὡς
2572 2768 2652 2838 είς
2691 2774 2801 2826 τῶν
2843 2773 3053 2827 πολλῶν
3083 2772 3384 2841 ἐϐαπτίσθη
3410 2772 3504 2825 καὶ
3539 2771 3704 2834 αὐτὸς
3735 2771 3839 2824 ὑπὸ

2265 2869 2536 2933 Ἰωάννου,
2574 2867 2662 2920 ἴνα
2695 2867 2769 2936 μὴ
2806 2866 3072 2936 νομίσωσί
3106 2881 3268 2927 τινες,
3304 2865 3384 2916 ὅτι
3431 2863 3506 2926 ὡς
3537 2859 3838 2931 ἁμαρτίαις

2251 2961 2432 3030 ἔνοχος
2452 2959 2528 3015 ὢν
2555 2961 2748 3029 ὶπίσης
2765 2959 2902 3029 (Η),
2929 2959 3042 3021 τοῖς
3069 2957 3246 3017 ἄλλοις
3263 2955 3619 3017 ὲϐαπτίσατο,
3636 2954 3839 3022 ταύτην

2251 3053 2348 3125 τὴν
2383 3053 2639 3107 ὑπόνοιαν
2663 3049 3059 3121 διορθώσασθαι
3095 3049 3414 3120 βουλόμενος
3443 3049 3472 3100 6
3502 3045 3842 3116 Βαπτιστὴς,

575 3143 714 3196 hanc
779 3142 1111 3210 Opinionem.
1160 3137 1288 3195 ideo
1335 3151 1388 3194 et
1437 3139 1675 3209 Baptista
1733 3140 1884 3203 dicit,
1940 3161 1957 3192 ι
2013 3142 2148 3196 Ecce

2256 3147 2448 3216 φησίν
2479 3165 2499 3197 ι
2531 3144 2678 3200 Ἰδεό
2709 3143 2882 3208 ἀμνὸς
2913 3140 3006 3194 τοῦ
3039 3140 3198 3204 Θεοῦ,
3238 3143 3266 3195 6
3295 3141 3469 3224 αἴρων
3501 3137 3600 3190 τοῦ
3633 3139 3838 3206 κόσμου

573 3250 744 3304 agnus
776 3235 889 3304 Dei,
913 3235 1002 3304 qui
1041 3233 1182 3288 tollit
1212 3243 1431 3303 peccata
1465 3232 1666 3285 mundi.
1696 3251 1714 3284 ι
1747 3232 1876 3286 Nam
1918 3236 2008 3302 qui
2043 3248 2147 3286 tant

2253 3240 2352 3308 τὴν
2383 3239 2682 3307 ἁμαρτίαν.
2721 3255 2738 3286 ι
2783 3237 2840 3289 '0
2870 3237 2978 3306 γὰρ
2999 3235 3143 3288 οὓτω
3182 3233 3607 3305 καθαρὸςζιῖωτε
3638 3234 3736 3285 καὶ
3775 3234 3844 3286 τὰ

573 3345 738 3398 purus
760 3339 862 3392 est,
897 3340 954 3384 ut
986 3330 1214 3392 aliorum
1251 3337 1468 3396 peccata
1509 3327 1696 3387 tollere
1733 3337 1785 3382 et
1816 3328 2034 3383 abolere
2058 3346 2150 3382 va-

574 3421 702 3488 leat,
731 3422 1074 3486 manifestum
1108 3424 1247 3491 quod
1277 3438 1383 3478 non
1415 3421 1685 3490 acceperit
1720 3421 2002 3489 mqualiter
2027 3439 2148 3476 cum

570 3515 692 3570 aliis
731 3515 1094 3573 confessionis
1129 3514 1419 3583 baptisma.
1462 3513 1697 3583 Exquire
1725 3525 1905 3568 autem
1931 3514 2153 3584 diligen-

572 3605 656 3661 ter
674 3607 774 3661 hoc
800 3607 1020 3665 dictum.
1054 3625 1072 3658 ι
1110 3605 1248 3661 Ecce
1279 3622 1448 3676 agnus
1471 3607 1560 3660 ille
1593 3606 1684 3661 Dei
1722 3623 1735 3658 :
1771 3627 1788 3657 ι
1823 3607 1944 3675 quia
1973 3621 2151 3662 sermo

571 3709 654 3754 est
684 3699 748 3751 ad
783 3700 1065 3768 cupientes
1109 3709 1164 3752 et
1204 3708 1512 3769 quaerentes
1550 3699 1734 3753 videre
1769 3698 1920 3753 illum
1954 3716 2150 3768 agnum

572 3793 664 3861 qui
697 3792 766 3847 ab
792 3791 924 3845 Isaia
961 3792 1247 3863 praedictus
1272 3801 1372 3846 est.
1431 3794 1592 3856 Ecce,
1631 3794 1826 3862 inquit,
1863 3809 2032 3862 agnus
2063 3793 2152 3850 ille

571 3886 661 3954 qui
708 3889 988 3955 quzeritur,
1020 3901 1148 3940 ecce
1198 3889 1370 3949 adeSt.
1441 3887 1737 3942 Probabile
1765 3887 1913 3940 enim
1954 3886 2150 3957 multos

583 3980 901 4048 prophetico
973 3979 1113 4036 libro
1171 3978 1324 4042 Isaia:
1389 3979 1958 4046 edoctosquasivisse
1995 3979 2148 4049 quis-

573 4088 694 4124 nam
721 4072 810 4126 ille
831 4087 1002 4141 agnus
1023 4070 1625 4141 esset.clgitnr.l,oanncs
1647 4073 1981 4127 demonstrat
2001 4086 2147 4130 eum.

576 4161 686 4217 Non
723 4163 861 4219 dixit
895 4173 1099 4227 antem,
1131 4178 1324 4232 agnus,
1386 4164 1481 4218 sed
1519 4163 1675 4227 dixit,
1714 4182 1732 4213 ι
1776 4163 1867 4216 ille
1893 4178 2082 4232 agnus.
2124 4179 2143 4212 ι

573 4253 706 4308 Nam
736 4255 887 4312 multi
917 4256 1133 4325 quidem
1167 4255 1311 4324 agni,
1337 4257 1476 4308 sicut
1503 4264 1560 4310 et
1593 4255 1747 4308 multi
1777 4254 1976 4310 Christi
2003 4271 2021 4310 :
2055 4257 2150 4310 sed

575 4347 664 4402 ille
717 4356 802 4400 est
846 4363 1005 4410 verus
1045 4362 1219 4413 agnus
1271 4347 1425 4416 quia
1474 4347 1620 4402 Mose
1671 4350 1951 4419 figuratur,
1983 4359 2038 4403 et
2084 4350 2152 4404 ab

573 4440 708 4496 Isaia
748 4441 1079 4508 praedicitur.
1116 4439 1284 4494 Porro
1320 4456 1488 4508 agnus
1554 4440 1652 4498 Dei.
1696 4441 1898 4495 dicitur
1960 4441 2147 4496 Cirris.

2253 3330 2362 3382 τῶν
2391 3327 2568 3393 ἄλλων
2599 3329 2976 3398 ἁμαρτήματα
3003 3329 3182 3396 αἴρειν
3229 3327 3323 3380 καὶ
3360 3325 3676 3396 ἀφανίζειν,
3711 3326 3840 3395 πρό-

2253 3421 2434 3490 δηλον,
2469 3422 2550 3474 ἔτι
2578 3421 2678 3474 οὐκ
2713 3420 2779 3474 ἂν
2818 3419 2878 3472 τὸ
2905 3419 3006 3488 τῆς
3060 3419 3505 3488 ὲξομολογήσεως
3552 3419 3842 3489 βάπτισμα

2253 3514 2450 3583 ἐπίσης
2475 3516 2587 3577 τοῖς
2627 3513 2810 3577 ἄλλοις
2840 3512 3081 3579 ἐδέξατο.
3119 3513 3402 3579 Ἐξέτασον
3431 3512 3486 3565 δέ
3517 3529 3610 3581 μοι
3659 3512 3756 3566 καὶ
3783 3514 3844 3564 τὸ

2254 3606 2420 3677 ῥητόν,
2439 3623 2450 3635 ·
2474 3625 2493 3656 ι
2521 3607 2624 3665 Ἴδε
2649 3609 2677 3659 6
2703 3605 2874 3675 ἀμνὸς
2901 3605 3005 3658 τοῦ,
3028 3604 3221 3668 Θεοῦ,ι
3238 3597 3314 3668 ώς
3336 3604 3474 3674 πρὸς
3503 3604 3842 3676 ἐπιθυμοῦν-

2251 3716 2350 3763 τας
2384 3699 2513 3752 ἰδεῖν
2541 3701 2633 3753 τὸν
2660 3699 2764 3752 ὑπὸ
2797 3699 2890 3752 τοῦ
2936 3698 3162 3753 Ἡσαΐου
3205 3699 3617 3768 κηρυττόμενον
3645 3699 3840 3770 ἀμνὸν,

2253 3793 2281 3844 6
2325 3792 2481 3858 λόγος
2533 3793 2699 3844 ἐστίν.
2738 3792 2844 3844 Ἴδε
2877 3795 2904 3844 ὁ
2933 3791 3126 3860 ἀμνὸς,
3178 3792 3366 3858 φησὶν,
3406 3793 3434 3844 6
3479 3789 3841 3860 ζητούμενος,

2253 3885 2459 3948 ἐκεῖνος
2510 3885 2537 3936 6
2563 3884 2733 3952 ἀμνὸς
2765 3884 2874 3936 ἰδοῦ
2906 3885 3192 3953 πάρεστιν.
3226 3884 3390 3947 Εἰκὸς
3443 3884 3575 3954 γὰρ,
3613 3883 3843 3944 πολλοὺς

2253 3978 2318 4046 τῇ
2349 3979 2657 4046 προφητικῇ
2701 3975 2795 4028 τοῦ
2838 3975 3058 4029 Ἦσαϊου
3114 3974 3281 4045 βίϐλῳ
3327 3974 3840 4049 ὲμμελιτήσαντας,

2253 4069 2438 4138 ζητεῖν
2465 4069 2546 4131 τίς
2580 4067 2646 4121 ἂν
2677 4067 2762 4136 εἴη
2795 4069 2823 4120 6
2867 4067 3058 4137 ἀμνὸς.
3097 4067 3157 4120 ὐ
3181 4068 3360 4121 τοίνυν
3419 4067 3678 4138 Ἰωάννης
3710 4069 3840 4124 61:0-

2251 4163 2525 4223 δείκνυσιν
2581 4161 2777 4216 αὐτόν·
2837 4162 2936 4217 οὐκ
3002 4157 3124 4215 εἷπε
3199 4161 3277 4225 δὲ,
3339 4161 3531 4233 ἀμνὸς,
3582 4161 3724 4227 ἀλλ’,
3764 4163 3840 4216 ιό

2253 4257 2444 4326 ἀμνός.
2481 4275 2500 4310 ι
2535 4254 2727 4308 Πολλοὶ
2761 4255 2861 4325 μὲν
2907 4255 3018 4324 γὰρ
3054 4254 3241 4324 ἀμνοὶ,
3278 4253 3468 4326 ὥσπερ
3521 4253 3620 4306 καὶ
3657 4255 3839 4309 πολλοὶ

2255 4346 2481 4417 Χριστοί
2505 4362 2519 4375 ο
2572 4346 2685 4400 ἀλλ’
2722 4348 2753 4407 6
2783 4345 3036 4415 ἀληθινὸς
3085 4345 3256 4415 ἀμνὸς
3299 4348 3328 4399 6
3361 4344 3512 4414 παρά
3541 4345 3719 4415 Monii
3751 4363 3839 4398 τυ·-

2255 4443 2549 4511 ποῦμενος,
2600 4441 2694 4492 καὶ
2736 4442 2886 4510 παρὰ
2945 4439 3170 4498 Ἦσαῖου
3210 4440 3641 4510 κηρυττόμενος,
3689 4435 3840 4503 οὗτός

571 4546 677 4596 tus,
734 4534 849 4587 sive
911 4535 1050 4602 quod
1082 4533 1222 4589 Deus
1254 4535 1524 4601 acceperit
1547 4544 1774 4588 mortem
1802 4535 2004 4590 Christi
2053 4551 2148 4604 pro

2255 4538 2394 4589 ἐστι.
2427 4533 2532 4588 Τοῦ
2562 4533 2695 4587 Θεοῦ
2722 4535 2777 4588 δὲ
2823 4535 3036 4601 λέγεται
3069 4534 3240 4603 ἀμνὸς
3270 4536 3297 4587 6
3320 4533 3576 4603 Χριστὸς,
3610 4535 3728 4606 εἴτε⁴
3752 4532 3838 4587 τοῦ

574 4635 754 4679 nostra
821 4626 1035 4689 salute,
1098 4625 1214 4679 sive
1271 4626 1412 4694 quod
1489 4627 1629 4679 Deus
1659 4627 1947 4683 tradiderit
1988 4628 2141 4685 illum

572 4731 669 4782 pro
701 4716 855 4770 nobis
886 4717 952 4769 ad
987 4726 1215 4770 mortem
1243 4735 1261 4772 ι
1291 4718 1752 4790 quemadmodum
1795 4720 1980 4775 dicere
2007 4721 2149 4776 sole-

574 4825 691 4864 mus
724 4829 737 4862 :
769 4810 1110 4878 Sacriﬁcium
1147 4813 1246 4864 hoc
1274 4811 1418 4868 illius
1445 4821 1551 4876 est,
1608 4815 1708 4874 hoc
1730 4826 1834 4880 est,
1867 4813 1957 4868 ille
1985 4816 2149 4869 sacri-

571 4905 749 4958 tieium
787 4907 888 4958 hoc
936 4903 1148 4964 obtulit.
1197 4903 1289 4955 Sic
1343 4904 1506 4972 igitur
1548 4913 1603 4959 et
1644 4905 1906 4960 Dominus
1952 4907 2147 4961 dicitur

570 5011 741 5067 agnus
770 4994 884 5059 Dei,
908 4994 1134 5063 eoquod
1175 4992 1316 5053 Deus
1358 4993 1539 5063 Pater,
1571 5007 1791 5068 propter
1822 4999 2145 5053 charitatem

569 5102 723 5141 suam
756 5101 883 5155 erga
913 5102 1033 5154 nos,
1061 5086 1210 5138 illum
1243 5087 1449 5142 dederit
1480 5091 1546 5144 ad
1578 5100 1831 5146 mortem.
1864 5089 1982 5144 Non
2016 5092 2149 5144 dixit

509 5221 512 5224 .
584 5187 799 5244 autem,
834 5179 936 5244 Qui
986 5180 1212 5245 abstulit
1253 5191 1552 5254 peccatum,
1607 5182 1720 5248 sed,
1759 5203 1776 5236 ι
1812 5183 1914 5251 Qui
1959 5183 2093 5245 tollit
2123 5203 2142 5236 ι

645 5362 690 5395 ⁸⁸
733 5362 834 5416 lsa.
886 5377 1005 5430 Litt,
1041 5363 1074 5418 9
1100 5361 1368 5431 cthetr.
1404 5379 1464 5429 ιι,
1489 5362 1582 5431 22.

2253 4627 2388 4680 Θεοῦ
2417 4627 2492 4692 ὡς
2525 4627 2965 4698 προσδεξαμένου
2998 4626 3090 4679 τὸν
3142 4628 3234 4680 ἐπὶ
3279 4626 3529 4702 σωτηρίᾳ
3558 4617 3720 4699 ἡμῶν
3753 4626 3844 4680 θά-

2252 4738 2410 4773 νατον
2441 4719 2533 4773 τοῦ
2563 4720 2824 4790 Χριστοῦ,
2875 4720 2987 4772 εἴτε
3033 4719 3109 4784 ώς
3151 4719 3249 4773 τοῦ
3283 4719 3419 4773 Θεοῦ
3447 4719 3634 4786 δόντος
3685 4721 3842 4776 αὐτὸν

2256 4813 2398 4881 ὑπὲρ
2429 4812 2590 4881 ἡμῶν
2635 4814 2716 4874 είς
2747 4812 3000 4867 θάνατον.
3041 4813 3256 4885 Ὠσπερ
3290 4805 3564 4884 εἰώθαμεν
3622 4815 3804 4883 λέγειν
3827 4831 3841 4845 ⁸

2257 4903 2388 4957 Τόδε
2425 4905 2484 4956 τὸ
2529 4904 2676 4974 θῦμα
2703 4903 2795 4956 τοῦ
2845 4905 3014 4968 δεῖνός
3044 4908 3214 4968 ἐστιν,
3261 4907 3383 4960 ἀντὶ
3409 4905 3540 4959 τοῦ·
3585 4908 3649 4961 '0
3702 4909 3848 4963 δεῖνα

2257 4997 2416 5048 τοῦτο
2447 4997 2801 5066 προσήγαγεν
2825 5013 2838 5026 ο
2871 4995 3045 5060 οὕτως
3080 4996 3172 5050 οῦν
3200 4997 3293 5050 καὶ
3331 4999 3359 5051 6
3389 4997 3598 5069 Κύριος
3629 4999 3848 5071 λέγεται

2258 5090 2427 5159 ἀμνὸς
2477 5089 2569 5141 τοῦ
2603 5087 2762 5154 Θεοῦ,
2815 5088 2890 5153 ώς
2938 5089 3032 5142 τοῦ
3063 5089 3199 5142 Θεοῦ
3257 5090 3353 5143 καὶ
3385 5091 3606 5162 Πατρὸς
3634 5093 3727 5148 διὰ
3753 5095 3850 5164 τὴν

2259 5180 2395 5251 πρὸς
2423 5181 2570 5249 ἡμᾶς
2617 5180 2839 5251 ἀγάπην
2895 5180 3075 5244 δόντος
3129 5180 3296 5249 αὑτὸν
3343 5181 3425 5244 είς
3460 5183 3686 5258 σφαγὴν
3716 5183 3854 5255 ὑπὲρ

1552 5508 1642 5569 Ex
1679 5507 2025 5568 collatione
2063 5506 2252 5574 codd.
2287 5509 2511 5569 Venet.
2543 5511 2604 5570 S.
2642 5508 2861 5590 Marci.

645 5633 758 5698 (16)
782 5631 952 5687 Codd.
978 5632 1048 5686 96
1067 5641 1118 5684 et
1138 5633 1208 5697 50,
1236 5633 1314 5685 sic
1341 5651 1352 5682 :
1381 5631 1610 5698 Ἐπίσης
1641 5635 1750 5691 τοῖς
1793 5631 1969 5695 ἄλλοις
2027 5632 2157 5684 ἐϐα-

2265 5634 2468 5711 τ-αύτην
2493 5634 2590 5711 τὴν
2615 5634 2872 5711 ὑπόνοιαν
2904 5631 3327 5702 διορθώσασθαι.
3361 5633 3456 5687 Διὸ
3500 5637 3599 5692 καί
3629 5658 3796 5711 φησιν
3826 5643 3855 5697 δ

575 5694 823 5766 nimio.
855 5703 954 5756 Διὰ
977 5703 1137 5756 τοῦτο
1180 5694 1344 5756 πάλιν
1369 5694 1589 5772 ἔρχεται
1621 5701 1796 5764 διδοὺς
1825 5701 1902 5771 τῷ
1931 5703 2154 5772 Ἰωάννῃ
2266 5694 2600 5774 Βαπτὶστὴξ,
2631 5723 2681 5756 κ.
2707 5721 2756 5758 τ,
2794 5704 2844 5759 λ.

649 5824 721 5895 (τι)
758 5821 812 5892 ln
847 5832 993 5886 textu
1026 5824 1179 5880 deest
1210 5826 1235 5876 ὸ
1276 5821 1547 5889 Ἰωάννης,
1597 5824 1672 5878 uti
1713 5825 1764 5878 in
1810 5823 1928 5887 aliis
1969 5823 2248 5890 codicibus
2281 5827 2416 5897 apud
2451 5824 2608 5878 Jontt.
2650 5821 2872 5879 Miiliutu
2901 5823 2966 5878 ad
3005 5821 3145 5878 hunc
3176 5820 3375 5888 locum.
