4046 6532
234 403 370 468 1173

962 391 1410 456 ENARRATIO
1449 391 1532 452 IN
1577 385 2086 452 EVANGELIUM
2125 384 2473 448 IOANNIS.
2509 407 2584 423 --
2619 383 2783 444 CAP.
2823 382 2876 443 Ι.

3427 375 3565 442 1174

231 515 415 587 ἡμῶν.
449 513 564 568 Οὐκ
587 508 709 566 εἶπε
735 511 812 574 δδ,
839 510 866 562 6
897 508 1036 579 ἄρας
1061 506 1158 577 τὴν
1209 503 1512 576 ἁμαρτίαν,
1567 499 1709 564 ἀλλ’,
1752 517 1770 548 ι
1801 498 1830 550 6

1960 511 1991 549 ιι
2043 496 2297 565 praesenti
2349 501 2576 565 peccata
2633 504 2847 549 nostra.
2892 488 3152 558 Quotidie
3197 487 3367 562 525
3411 493 3556 546 enim

231 611 430 680 αἴρωνο
467 627 484 661 ι
546 605 670 659 καθ’
736 602 978 672 ἑκάστην
1023 601 1134 670 γὰρ
1194 599 1343 672 αἴρει
1399 596 1501 657 τὰς
1556 591 1843 665 ἁμαρτίας

229 702 415 774 ⁸ἡμῶν,
475 699 578 762 τὰς
639 697 742 769 μὲν
799 694 888 749 διὰ
942 694 1038 748 τοῦ
1073 692 1479 764 βαπτίσματος,
1511 687 1612 750 τὰς
1650 686 1710 739 δὲ
1754 682 1845 738 διὰ

232 791 548 864 μετανοίας.
588 788 700 842 Καὶ
725 786 898 857 οἱμὲν
935 784 1194 854 θυόμενοι
1228 785 1282 836 ὲν
1315 785 1382 854 τῇ
1418 777 1841 851 Παλαιᾷάμνοὶ,

225 885 447 946 οὐδενὸς
503 881 786 952 ἁμαρτίας
837 877 1124 941 παντελῶς
1183 875 1550 947 ὲξηφάνιζον·
1599 865 1756 934 οὗτος
1788 870 1846 924 δὲ

229 977 326 1030 τοῦ
359 975 572 1043 κόσμου
603 973 810 1036 παντὸς
857 972 956 1040 τὴν
1003 971 1284 1042 ἁμαρτίαν
1332 968 1502 1040 αἴρει,
1562 967 1846 1021 τουτέστιν

229 1062 510 1132 ἀφανίζει,
544 1063 609 1115 ὲκ
643 1062 811 1131 μέσου
832 1063 997 1115 ποιεί.
1032 1059 1191 1124 Τίνος
1221 1060 1280 1114 δὲ
1309 1060 1501 1114 ἕνεκεν
1527 1059 1630 1112 οὐκ
1663 1053 1842 1123 εἶπεν,

226 1157 511 1226 ἀμαρτὲςς
541 1171 553 1183 ·
590 1153 731 1220 ἀλλ’,
798 1172 817 1206 ι
858 1153 1179 1223 ἁμαρτίαν;
1220 1173 1237 1203 ι
1285 1154 1440 1224 Τάχα
1475 1153 1575 1224 μὲν
1610 1153 1702 1205 καὶ
1757 1149 1845 1204 διὰ

228 1247 328 1302 τοῦ
357 1266 376 1300 ι
414 1248 718 1318 ἁμαρτίαν,
762 1265 781 1298 ι
821 1247 1027 1310 εἰπεῖν.
1074 1247 1385 1311 καθολικῶς
1426 1243 1605 1314 εἶπεν,
1653 1246 1845 1319 ὥσπερ

229 1341 509 1409 ιίὼθαμεν
542 1339 750 1409 λέγειν,
799 1340 883 1394 ὅτι
916 1340 1130 1411 ἀπέστη
1152 1341 1180 1394 6
1212 1340 1523 1412 ἄνθρωπος,
1558 1335 1681 1395 ἀντὶ
1726 1340 1844 1407 τοῦ,

228 1438 389 1492 πᾶσα
422 1437 456 1507 ἡ
479 1434 845 1506 ἁνθρωπότης
868 1435 978 1489 ἀπὸ
1007 1434 1145 1489 Θεοῦ
1168 1451 1182 1464 ⁸
1212 1434 1406 1501 οὕτως,
1429 1432 1525 1489 οὖν
1558 1437 1848 1492 κάνταῦθα

228 1532 333 1603 τὴν
367 1530 645 1604 ἁμαρτίαν
675 1528 867 1591 είπὼν,
901 1530 1083 1594 πάσας
1099 1529 1198 1594 τὰς
1240 1528 1522 1600 ἁμαρτίας
1551 1531 1842 1602 ὲὸήλωσεν’

225 1623 371 1694 τάχα
390 1621 471 1684 δι,
507 1620 631 1674 ἐπεὶ
664 1619 1030 1690 παρακούσας
1062 1622 1090 1673 6
1119 1619 1414 1691 ἄνθρωπος
1443 1620 1538 1675 τοῦ
1573 1621 1734 1688 Θεοῦ,
1764 1623 1846 1685 είς

229 1717 300 1768 τὰ
331 1714 480 1785 πάοη
513 1712 970 1784 ἐξετραχηλίσθη,
1034 1715 1066 1783 ἡ
1115 1714 1362 1786 ἁμαρτία
1412 1715 1507 1769 τοῦ
1565 1717 1778 1788 κόσμου
1813 1718 1846 1786 ἡ

230 1806 494 1877 παρακοὴ
523 1802 613 1878 ἦν,
645 1809 714 1878 ἣν
745 1808 811 1860 ἐκ
841 1807 1010 1877 μέσου
1043 1801 1184 1878 ἦρεν
1217 1807 1245 1860 6
1280 1807 1508 1880 Κύριος,
1548 1809 1845 1878 γενόμενος

231 1900 480 1971 ὑπήκοος
510 1899 675 1971 μέχρι
705 1899 968 1965 θανάτου,
1011 1901 1103 1955 καὶ
1133 1901 1195 1954 τὸ
1229 1901 1474 1955 ἐναντίον
1504 1901 1584 1972 τῷ
1611 1900 1843 1971 ἐναντίῳ

235 1991 560 2062 ἰασάμενος.
893 2000 897 2003 ’

310 2103 334 2137 ι
361 2078 537 2147 Οὗτός
564 2085 686 2140 ἐστι
721 2085 852 2156 περὶ
882 2077 944 2139 οῦ
975 2083 1090 2154 ἐγὼ
1124 2081 1279 2140 εἷπον
1308 2107 1320 2117 ο
1371 2087 1578 2141 Ὀπίσω
1615 2107 1716 2158 μου
1748 2088 1842 2158 ἔρ-

229 2192 389 2246 χεται
417 2176 579 2248 ἀνὴρ,
612 2177 673 2242 ὃς
702 2177 1022 2249 ἔμπροσθέν
1066 2197 1172 2248 μου
1220 2181 1467 2248 γέγονεν,
1505 2183 1589 2234 ὅτι
1619 2181 1844 2253 πρῶτός

231 2285 339 2338 μου
371 2264 462 2340 ἦν.
500 2289 520 2322 ι
562 2270 711 2323 ’Δνω
741 2271 842 2340 μὲν
875 2273 987 2335 τοῖς
1024 2272 1136 2326 ἀπὸ
1161 2273 1272 2326 τῶν
1301 2275 1620 2345 Φαρισαίων
1650 2275 1842 2329 ἐλθοῦσ-

230 2377 320 2413 σιν
350 2360 379 2412 6
415 2359 674 2429 Ἰωάννης
707 2361 918 2434 ἔλεγεν,
939 2365 1028 2418 ὅτι
1060 2382 1079 2418 ι
1109 2365 1290 2427 Μέσος
1317 2367 1472 2437 ὑμῶν
1496 2367 1753 2439 ἕστηκεν,
1785 2367 1845 2422 ὃν

228 2451 392 2523 ὑμεῖς
425 2455 526 2507 οὑκ
553 2454 733 2508 οἴδατε
756 2494 773 2520 ,
827 2454 888 2519 ὃς
937 2454 1254 2528 εμπροσθέν
1288 2477 1389 2530 μου
1413 2460 1607 2530 γέγονε
1629 2479 1643 2494 ο
1686 2483 1703 2515 ι
1748 2464 1844 2517 νῦν

225 2542 286 2599 δὲ
340 2544 435 2598 καὶ
485 2545 927 2601 δακτυλοδεικτετ
986 2549 1172 2612 αὑτὸν,
1235 2551 1331 2604 καὶ
1388 2553 1684 2623 ἐμφανίζει
1728 2558 1846 2620 τοῖς

227 2637 542 2705 ἀγνοοῦσιν.
597 2634 768 2703 Οὗτος
800 2642 1012 2706 ἐκεῖνός
1043 2643 1160 2696 ἐστι
1195 2646 1324 2716 περὶ
1355 2640 1416 2700 οῦ
1465 2648 1842 2718 ἐμαρτύρουν,

229 2728 368 2800 φησὶ
417 2730 557 2800 πρὸς
589 2732 718 2796 τοὺς
745 2732 1101 2803 Φαρισαίους,
1157 2737 1240 2790 ὅτι
1271 2738 1586 2810 ἔμπροσθέν
1619 2760 1721 2812 μου
1753 2744 1849 2811 γέν

227 2834 412 2889 τονεν,
432 2822 554 2876 ἀντὶ
580 2822 700 2889 τοῦ,
738 2826 1154 2898 ἑπισημότερός
1189 2832 1292 2900 μου
1322 2816 1431 2885 ’καὶ
1470 2833 1843 2906 ἐντιμότερος.

229 2915 423 2982 Aturi;
465 2935 485 2970 ι
517 2917 642 2971 Ὅτι
672 2919 895 3000 πρῶτός
927 2940 1030 2992 μου
1059 2919 1151 2995 ἦν.
1191 2944 1209 2977 ι
1253 2927 1480 2992 Ἀκουε,
1505 2929 1714 3001 Ἀρειε.
1744 2932 1848 2986 οὐκ

229 3006 791 3084 ιῖπεν,ὃτι.Πρῶτός
847 3033 952 3086 μου
1007 3018 1256 3091 ἐκτίσθη,
1315 3018 1433 3074 ἀλλ’
1494 3043 1510 3074 ι
1552 3023 1635 3076 ὅτι
1695 3020 1785 3095 ἦν.
1821 3045 1839 3076 ι

235 3101 444 3156 ’Λκουε
479 3102 596 3168 καὶ,
631 3105 663 3175 ἡ
694 3105 792 3159 τοῦ
824 3106 1192 3177 Σαμοσατέως
1241 3112 1472 3179 φατρία,
1501 3115 1584 3168 ὅτι
1610 3117 1710 3168 οὐκ
1739 3117 1848 3184 ἀπὸ

1953 591 2087 644 tollit
2136 601 2363 661 peccata
2411 598 2624 655 nostra,
2670 596 2726 642 et
2761 587 3001 642 aliorum
3051 583 3277 655 quidem
3339 599 3437 656 per
3475 585 3566 640 ba-

1949 685 2230 752 ptismum,
2263 683 2499 737 aliorum
2527 690 2713 736 autem
2767 694 2865 750 per
2898 678 3310 748 paenitentiam.
3343 678 3408 733 Et
3439 679 3564 749 agni

1949 778 2172 848 quidem
2224 779 2318 848 qui
2371 776 2426 831 in
2467 774 2642 830 veteri
2692 773 2812 844 lege
2867 772 3318 838 immolabantur,
3357 771 3566 827 nullius

1950 883 2236 943 peccatum
2297 870 2523 926 omnino
2581 866 2878 924 abolebant
2935 884 2949 923 :
3010 866 3104 922 hic
3149 876 3332 920 autem
3393 865 3566 920 totius

1957 964 2147 1022 mundi
2197 975 2484 1034 peccatum
2535 962 2678 1028 tollit
2715 980 2745 1018 e
2782 961 2963 1018 medio
3020 969 3077 1016 et
3128 959 3335 1015 abolet.
3383 957 3566 1025 Quare

1951 1070 2136 1115 autem
2165 1074 2271 1114 non
2302 1056 2461 1122 dixit,
2498 1045 2768 1121 Peccata,‘
2787 1054 2903 1121 sed,
2944 1072 2962 1106 ι
2999 1050 3338 1109 Peccatum?
3373 1069 3392 1102 ι
3428 1048 3564 1106 For-

1953 1165 2097 1207 tasse
2122 1152 2340 1220 quidem
2368 1166 2463 1221 per
2496 1150 2599 1205 hoc
2627 1151 2770 1218 quod
2794 1148 2926 1204 dicit
2955 1155 3267 1218 peccatum,
3292 1145 3344 1200 in
3370 1159 3570 1212 genere

1952 1245 2090 1300 dixit
2126 1255 2180 1298 et
2223 1245 2290 1298 de
2327 1242 2603 1298 omnibus.
2642 1239 2800 1296 Sicut
2844 1239 2994 1296 enim
3042 1239 3229 1295 dicere
3279 1237 3566 1294 solemus:

1954 1337 2169 1392 Bel'ecit-
2198 1337 2385 1403 homo,
2436 1335 2538 1391 hoc
2576 1343 2660 1392 est
2698 1336 2882 1390 omnis
2920 1333 3264 1398 humanitas,
3312 1347 3342 1386 a
3388 1331 3501 1386 Deo
3549 1347 3566 1385 :

1952 1432 2026 1486 ita
2058 1439 2112 1487 et
2143 1431 2248 1486 hoc
2275 1430 2396 1488 loco
2429 1431 2618 1485 dicens
2654 1447 2673 1482 ι
2715 1435 3032 1498 peceatum,
3076 1445 3096 1480 ι
3129 1425 3312 1482 omnia
3345 1433 3568 1497 peccata

1951 1524 2306 1597 significavit.
2351 1523 2630 1581 Fortassis
2672 1532 2899 1584 autem,~
2927 1521 3058 1592 quia
3108 1519 3429 1575 inobediens
3467 1516 3574 1574 fuit

1956 1616 2122 1671 homo
2158 1616 2306 1681 Deo,
2342 1625 2398 1672 et
2429 1617 2482 1671 in
2516 1615 2700 1671 varias
2743 1613 3064 1670 aﬂ'cctiones
3098 1612 3294 1669 incidit
3327 1630 3341 1668 ;
3371 1627 3569 1683 pecca-

1957 1721 2070 1765 tum
2105 1709 2296 1765 mundi
2352 1709 2722 1766 inobedientia
2753 1709 2876 1776 fuit,
2920 1724 3084 1778 quam
3110 1723 3141 1764 e
3171 1708 3352 1763 medio
3383 1708 3572 1762 abstu-

1954 1803 2014 1858 lit
2053 1803 2343 1871 Dominus,
2388 1805 2567 1861 factus
2603 1805 2870 1862 obediens
2904 1820 3080 1874 usque
3114 1805 3183 1859 ad
3235 1812 3470 1859 mortem
3498 1802 3570 1868 ",

1951 1908 2004 1953 et
2032 1899 2374 1955 coutrarimn
2411 1900 2694 1956 contrario
2729 1913 2964 1955 sanans.

2026 2082 2190 2149 Vens.
2227 2084 2320 2139 30.
2372 2103 2390 2136 ι
2431 2082 2531 2141 Hic
2557 2093 2644 2141 est
2696 2084 2763 2140 de
2805 2097 2914 2154 quo
2949 2098 3050 2154 ego
3097 2083 3391 2139 dicebam:
3440 2082 3574 2139 Post

1950 2192 2038 2233 me
2068 2177 2220 2233 venit
2259 2177 2380 2245 vir,
2408 2177 2502 2249 qui
2532 2186 2664 2232 ante
2715 2191 2804 2232 me
2836 2174 3018 2232 factus
3061 2185 3166 2241 σει,
3232 2176 3362 2247 quia
3406 2175 3560 2246 prior

1951 2288 2039 2330 me
2063 2282 2208 2328 erat.
2250 2291 2270 2326 ι
2316 2272 2586 2342 Superius
2615 2271 2839 2343 quidem
2871 2271 2935 2326 iis
2959 2271 3051 2340 qui
3085 2287 3113 2324 a
3146 2269 3442 2327 Pharisaeis
3475 2283 3573 2326 ve-

1951 2373 2168 2430 nerant,
2215 2361 2457 2418 Joannes
2503 2362 2770 2418 dlccbat:
2822 2381 2840 2414 ‹
2889 2360 3100 2417 Medius
3140 2370 3386 2417 vestrum
3438 2371 3570 2427 stat,

1951 2472 2113 2527 quem
2141 2457 2393 2521 nescitis,
2422 2457 2515 2526 qui
2545 2464 2673 2510 ante
2712 2469 2799 2510 me
2829 2454 3006 2512 factus
3031 2464 3115 2510 est
3147 2472 3161 2508 ;
3201 2473 3220 2507 ι
3263 2469 3406 2509 nune
3439 2469 3573 2512 vero

1949 2547 2114 2602 etiam
2142 2547 2312 2615 digito
2353 2545 2600 2601 ostendit
2630 2545 2809 2609 illum,
2842 2551 2896 2599 et
2942 2543 3267 2598 manifestat
3304 2544 3570 2614 ignoran-

1954 2641 2120 2696 tibus.
2206 2640 2306 2696 Hic
2361 2649 2445 2697 est
2488 2640 2578 2696 ille
2644 2640 2710 2696 de
2765 2655 2877 2711 quo
2953 2639 3313 2706 testificabar,
3397 2638 3576 2709 inquit

1950 2732 2266 2802 Pharismls,
2357 2733 2501 2805 quod
2575 2742 2703 2788 ante
2745 2749 2833 2788 me
2904 2731 3085 2789 factus
3129 2732 3223 2799 sit,
3310 2732 3414 2788 hoc
3457 2741 3565 2798 est,

1953 2828 2174 2898 dignior
2217 2843 2304 2885 me
2337 2837 2392 2884 et
2437 2828 2727 2900 insignior.
2769 2827 2998 2897 Quare?
3029 2847 3048 2880 ι
3088 2826 3228 2896 Quia
3280 2828 3434 2898 prior
3487 2843 3576 2884 me

1963 2929 2104 2975 erat.
2147 2940 2167 2973 ι
2203 2920 2365 2987 Audi,
2392 2921 2510 2988 Ari,
2538 2936 2645 2976 non
2674 2921 2836 2988 dixit,
2864 2920 3024 2975 Prior
3048 2935 3140 2976 me
3181 2920 3438 2976 conditus
3466 2929 3572 2985 est,

1953 3015 2070 3081 sed,
2109 3033 2128 3067 ι
2167 3025 2307 3071 erat.
2359 3017 2554 3072 “Audi
2592 3025 2643 3072 et
2677 3028 2756 3084 tu,
2800 3015 2956 3071 Pauli
3014 3013 3365 3071 Samosateni
3399 3024 3575 3081 secta,

1953 3111 2099 3181 quod
2142 3125 2249 3164 non
2283 3126 2311 3165 a
2351 3097 2518 3165 Maria
2554 3126 2676 3166 esse
2718 3111 2953 3181 cmperit
2987 3109 3277 3174 Dominus,
3307 3110 3402 3166 sed
3435 3108 3579 3165 Pras-

231 3195 458 3266 Μαρίας
483 3195 690 3268 ἤρξατο
730 3197 824 3252 τοῦ
855 3198 996 3254 εἶναι
1027 3203 1055 3254 6
1081 3202 1312 3274 Κύριος,
1362 3205 1502 3259 ἀλλά
1531 3209 1753 3278 πρῶτος
1781 3205 1844 3281 ἦν

1958 3219 2188 3260 cursore
2233 3205 2384 3275 prior
2424 3205 2588 3259 fuerit
2641 3205 2944 3261 secundum
2994 3204 3361 3261 substantiam
3394 3220 3574 3270 suam,

226 3288 328 3344 τοῦ
366 3289 707 3361 Προδρόμου,
739 3293 882 3346 κατὰ
901 3293 1002 3365 τὴν
1036 3295 1371 3367 προαιώνιον
1399 3297 1660 3370 ὓπαρξιν.
1689 3303 1845 3356 Ἐπεὶ

228 3384 353 3449 ἐὰν,
378 3383 453 3445 ὡς
493 3384 656 3454 ὑμεῖς
691 3385 1010 3458 φλυαρεῖτε,
1067 3389 1177 3443 ἀπὸ
1214 3392 1437 3462 Μαρίας
1467 3395 1644 3465 ἀρχὴν
1682 3396 1846 3450 ἔλαϐε

224 3476 330 3530 τοῦ
364 3473 506 3531 εἶναι
549 3480 576 3532 6
613 3479 842 3548 Κύριος,
873 3479 991 3545 πῶς
1022 3476 1092 3553 ἦν
1113 3481 1330 3554 πρῶτος
1363 3485 1457 3539 τοῦ
1489 3487 1843 3559 Προδρόμου;

226 3562 406 3634 υῦτος
431 3571 540 3642 γάρ
563 3589 644 3626 τοι
673 3573 958 3644 προδήλως
984 3573 1045 3639 ἒξ
1076 3576 1212 3648 μησὶ
1233 3581 1492 3649 προτερεῖ
1511 3581 1608 3633 τοῦ
1635 3583 1845 3649 Κυρίου

227 3662 379 3717 κατὰ
411 3664 513 3734 τὴν
543 3666 601 3718 ἐν
634 3667 801 3738 σαρκὶ
829 3666 1109 3738 γέννησιν.
1161 3669 1326 3741 ’Δνὴρ
1348 3671 1404 3725 δὲ
1432 3672 1654 3740 λέγεται
1675 3678 1702 3730 6
1734 3678 1847 3730 Κύ-

228 3773 371 3829 ριος,
397 3759 538 3828 τάχα
572 3759 672 3829 μὲν
701 3762 795 3814 καὶ
825 3761 913 3814 διὰ
938 3761 998 3815 τὸ
1031 3763 1130 3832 τῆς
1166 3763 1384 3835 ἡλικίας
1403 3767 1614 3821 τέλειον
1640 3786 1653 3799 ·
1687 3787 1847 3841 τρια-

228 3851 532 3920 κονταετὴς
564 3853 681 3923 γᾶρ⁴
725 3851 1064 3909 ὲϐαπτίσατο
1088 3873 1101 3887 ο
1135 3857 1278 3930 τάχα
1321 3858 1375 3912 δὲ
1409 3860 1504 3914 καὶ
1554 3862 1632 3926 ὡς
1663 3865 1848 3936 πάσῃς

225 3941 416 4012 ψυχῆς
438 3943 600 4014 ἀνὴρ,
633 3946 727 3999 καὶ
761 3945 863 4017 τῆς
909 3948 1243 4022 Ἐκκλησίας
1273 3957 1529 4022 νυμφίος.
1569 3976 1587 4008 ι
1631 3957 1846 4029 ’Πρμο-

231 4036 422 4104 σαμην
460 4035 593 4108 γὰρ,
627 4037 797 4108 φησὶν
825 4043 852 4092 6
885 4041 1121 4108 Παῦλος,
1160 4045 1306 4115 ὑμᾶς
1346 4048 1429 4100 ἑνὶ
1460 4049 1617 4117 ἀνδρὶ
1663 4067 1848 4122 παρα-

230 4126 458 4197 στῆσαι,
489 4147 507 4180 ι
541 4129 619 4199 τῷ
651 4132 876 4204 Χριστῷ
896 4134 1121 4206 δηλαδή.
1142 4139 1312 4210 Φησὶν
1339 4139 1431 4194 οὖν
1455 4145 1482 4195 6
1502 4144 1842 4216 Πρόδρομος,

225 4220 314 4274 ὅτι
347 4218 494 4289 Ἐγὼ
529 4223 628 4291 μέν
675 4225 793 4294 ειμι
841 4226 870 4278 ὁ
899 4231 1278 4300 νυμφαγωγὸς
1318 4236 1409 4288 καὶ
1457 4238 1842 4310 προξενητὴς’

223 4315 452 4384 ἔρχεται
482 4315 539 4370 δὲ
581 4317 760 4373 ὀπίσω
795 4337 898 4390 μου
934 4322 962 4373 6
998 4324 1162 4396 ἁνήρ.
1199 4324 1344 4396 Ἐγὼ
1375 4329 1485 4396 γὰρ
1536 4331 1846 4404 ὲφέλκομαι

225 4409 329 4472 τὰς
359 4408 542 4481 ψυχὰς
591 4413 732 4482 πρὸς
760 4413 861 4486 τὴν
911 4418 990 4481 είς
1022 4420 1261 4491 Χριστὸν
1315 4423 1504 4479 πίστιν
1527 4444 1541 4458 ·
1591 4428 1756 4492 αὐτὸς
1789 4429 1846 4484 δέ

223 4504 383 4563 ἐστιν
413 4506 444 4558 6
473 4507 636 4579 ἀνὴρ,
669 4509 697 4563 6
722 4512 953 4577 ταύταις
994 4514 1208 4584 μέλλων
1235 4517 1606 4592 ἁρμοσθῆναι.
1826 4513 1829 4515 ’

311 4705 332 4737 ι
357 4687 532 4757 Κάγὼ
579 4691 682 4746 οὐκ
732 4694 884 4765 ᾔδειν
920 4696 1086 4749 αὐτόν
1116 4715 1128 4728 ·
1169 4699 1288 4754 ἀλλ’
1323 4702 1408 4756 ἵνα
1447 4707 1739 4778 φανερωθῇ
1773 4709 1852 4779 τῷ

236 4779 490 4853 ἰσραὴλ,
513 4782 603 4838 διὰ
632 4785 796 4841 τοῦτο
822 4783 989 4858 ἦλθον
1018 4789 1129 4860 ἐγὼ
1153 4793 1210 4845 ὲν
1247 4795 1324 4866 τῷ
1351 4796 1508 4851 ὕδατι
1539 4800 1850 4869 βαπτίζων.

226 4874 343 4932 Καὶ
375 4874 765 4956 ἐμαρτύρησεν
817 4882 844 4933 6
890 4881 1150 4955 Ἰωάννης
1181 4885 1384 4955 λέγων,
1441 4892 1524 4944 ὅτι
1561 4893 1850 4964 Τεθέαμαι

221 4967 288 5019 τδ
321 4967 550 5038 Πνεῦμα
577 4972 910 5026 καταϐαῖνον
950 4973 1086 5028 ὡσεὶ
1113 4982 1455 5053 περιστερὰν
1487 4984 1556 5050 ἐξ
1586 4988 1846 5058 ούρανοῦ,

223 5063 326 5114 καὶ
352 5059 574 5129 ἔμεινεν
622 5064 712 5118 ἐπ’
742 5067 930 5133 αὑτὸν,
969 5070 1067 5124 καὶ
1120 5072 1221 5126 οὐκ
1252 5074 1404 5146 ᾔδειν
1437 5079 1602 5132 αὐτόν
1629 5099 1643 5113 ο
1676 5081 1794 5136 ἀλλ’
1824 5085 1852 5136 6

222 5151 458 5224 πέμψας
492 5173 558 5224 με
610 5156 900 5227 βαπτίζειν
940 5164 1000 5216 ὲν
1036 5163 1213 5229 ὕδατι,
1273 5169 1484 5233 ἐκεῖνός
1519 5189 1608 5241 μοι
1643 5170 1799 5228 εἶπεν
1827 5193 1838 5204 ·

234 5247 361 5318 Ἐφ’
394 5248 453 5301 ὃν
485 5250 552 5337 ᾃν
576 5251 692 5326 ἴδῃς
719 5254 780 5308 τὸ
808 5256 1034 5328 Πνεῦμα
1060 5262 1396 5317 καταϐαῖνον
1429 5268 1523 5319 καὶ
1558 5269 1721 5337 μένον
1752 5271 1842 5324 ἐπ’

221 5344 419 5412 αὐτὸν,
445 5335 604 5410 οὗτός
641 5349 795 5403 ἔστιν
849 5353 876 5404 6
932 5351 1216 5422 βαπτίζων
1251 5359 1309 5411 ὲν
1348 5359 1634 5430 Πνεύματι
1673 5365 1838 5437 ἁγίῳ.

222 5437 407 5505 Κάγὼ
431 5437 681 5510 ἑώρακα,
711 5444 806 5496 καὶ
853 5447 1287 5520 μεμαρτύρηκα.
1331 5454 1345 5496 ἱ
1399 5466 1414 5506 ι
1442 5447 1598 5518 οὗτός
1634 5459 1788 5511 ἐστιν
1816 5462 1843 5513 6

227 5530 364 5594 Υίδς
390 5531 491 5594 ’τοῦ
527 5534 686 5590 Θεοῦ.
734 5555 752 5590 ›
831 5538 1051 5610 Ἐπειδὴ
1086 5543 1360 5617 συγγενὴς
1403 5543 1471 5618 ἦν
1503 5549 1596 5601 τοῦ
1629 5552 1838 5623 Κυρίου

219 5628 254 5679 ὁ
288 5624 605 5696 Πρόδρομος
643 5646 657 5658 ο
699 5630 831 5700 φησὶ
863 5633 971 5704 γὰρ
1002 5634 1028 5686 6
1059 5636 1295 5704 ἄγγελος
1346 5639 1481 5704 πρὸς
1539 5645 1642 5708 τὴν
1691 5645 1840 5716 Παρ-

221 5717 427 5785 θένον,
491 5721 574 5773 ὅτι
642 5741 661 5772 ι
723 5723 855 5778 Ἰδοὺ
920 5729 952 5798 ἡ
1035 5731 1304 5802 συγγενής
1376 5750 1469 5786 σου
1550 5737 1833 5792 Ὶεῖλισὰϐπ

305 5901 354 5937 ⁸⁵
387 5901 531 5959 ΓΙιὶΙ.
561 5919 620 5968 ιι,
659 5906 710 5960 8.

793 5907 833 5939 ³7
873 5907 911 5961 ll
963 5909 1088 5966 Cur.
1127 5927 1198 5976 λι,
1236 5913 1288 5967 :l.
1374 5914 1439 5946 Μ’
1482 5918 1526 5948 δ’
1556 5915 1687 5973 Luc.
1722 5933 1759 5980 ι,
1791 5918 1880 5973 .36.

1951 3314 2115 3369 quam
2151 3308 2275 3354 ante
2303 3299 2501 3354 szecula
2540 3299 2752 3364 habuit,
2792 3299 3056 3371 quoniam
3093 3301 3164 3369 si,
3206 3300 3575 3371 quemadmo-

1952 3391 2081 3447 dum
2125 3407 2224 3448 vos
2256 3393 2562 3462 nugamini,
2615 3391 2881 3449 Dominus
2935 3409 2964 3448 a
2997 3393 3170 3449 Maria
3203 3393 3419 3448 initium
3464 3408 3579 3449 sua:

1951 3485 2271 3541 substantia:
2293 3487 2708 3558 assumpsissct,
2731 3488 3008 3558 quomodo
3035 3491 3183 3558 prior
3205 3488 3397 3545 fuisset
3432 3488 3579 3544 [δισω-

1952 3579 2223 3635 cursore?
2266 3579 2482 3635 Etenim
2508 3580 2827 3638 Praecursor
2856 3581 3150 3638 manifeste
3172 3598 3266 3640 sex
3299 3582 3579 3638 mensibus

1951 3670 2251 3727 antecessit
2288 3671 2581 3727 Dominum
2605 3671 2765 3742 juxta
2796 3673 3138 3732 nativitatem
3170 3676 3222 3729 in
3251 3689 3440 3730 carne.
3483 3674 3579 3731 Vir

1957 3774 2142 3817 autem
2190 3763 2396 3817 dicitur
2426 3762 2719 3830 Dominus,
2774 3763 3030 3821 fortassis
3086 3777 3309 3836 propter
3355 3776 3577 3823 {etatem

1952 3853 2277 3925 perfectam,
2330 3857 2590 3925 quoniam
2668 3857 2892 3928 triginta
2957 3872 3230 3913 annorum
3284 3868 3404 3914 erat
3451 3875 3577 3915 cum

1954 3950 2360 4019 baptizaretur.
2389 3949 2670 4006 Fortassis
2694 3961 2875 4008 autem
2910 3953 3054 4021 quod
3087 3961 3142 4007 et
3168 3955 3349 4009 OllllllS
3380 3956 3579 4016 anime

1953 4046 2038 4096 vir
2069 4044 2160 4109 sit,
2196 4053 2252 4098 et
2291 4043 2553 4102 Ecclesiae
2594 4060 2854 4114 sponsus.
2898 4064 2916 4099 ι
2964 4045 3236 4117 Adaptavi
3279 4046 3450 4112 enim,
3490 4048 3576 4100 in-

1951 4142 2072 4212 quit
2101 4140 2328 4208 Paulus,
2374 4158 2474 4199 vos
2506 4141 2597 4196 uni
2630 4143 2750 4197 viro
2778 4151 2837 4198 ut
2859 4127 3380 4215 virginem'castam
3419 4144 3577 4198 exhi-

1952 4238 2139 4291 berem
2160 4238 2205 4270 ⁸⁷
2247 4254 2266 4289 ι
2296 4235 2540 4302 Christo,
2570 4237 2804 4294 scilicet.
2851 4237 2998 4292 Dicit
3025 4237 3196 4309 igitur
3215 4238 3534 4320 Prmcm‘sor
3559 4257 3573 4293 :

1953 4330 2067 4400 Ego
2091 4331 2311 4400 quidem
2347 4331 2636 4402 pronubus
2659 4341 2713 4388 et
2736 4331 3140 4398 internuntius,
3179 4334 3357 4388 veniet
3390 4348 3574 4389 autem

1951 4436 2075 4494 post
2123 4439 2207 4478 me
2263 4424 2367 4479 vir.
2421 4422 2560 4479 Nam
2616 4441 2718 4496 ego
2769 4426 2995 4497 quidem
3052 4425 3210 4481 traho
3261 4428 3475 4483 animas
3511 4429 3577 4483 ad

1957 4518 2116 4571 Iidem
2170 4517 2223 4570 in
2278 4516 2561 4572 Christum
2609 4537 2622 4572 :
2665 4519 2782 4586 ipse
2828 4527 3014 4574 autem
3068 4519 3151 4575 vir
3189 4531 3273 4576 est
3321 4520 3412 4590 qui
3458 4521 3577 4576 illus

1888 4597 1930 4651 ι)
1963 4611 2063 4664 sibi
2100 4611 2387 4681 atljuuget.

2026 4706 2192 4763 Vens.
2224 4708 2417 4763 διε-51.
2463 4726 2480 4759 ι
2532 4707 2747 4776 Etch
2787 4709 3102 4764 nescit-bam
3141 4709 3290 4764 illum
3327 4727 3341 4763 :
3377 4712 3471 4781 sed
3518 4722 3576 4765 ut

1953 4804 2345 4860 manifestetur
2403 4803 2613 4870 Israeli,
2666 4815 2956 4876 propterea
3008 4805 3132 4860 veni
3168 4816 3270 4877 ego
3321 4809 3373 4862 in
3427 4824 3571 4879 aqua

1952 4897 2262 4966 baptizans.
2312 4897 2380 4954 Et
2419 4909 2655 4955 testatus
2709 4908 2794 4954 est
2849 4897 3117 4964 Joannes,
3169 4901 3406 4956 dicens:
3441 4901 3569 4956 Vidi

1956 4992 2222 5062 Spiritum
2253 4993 2682 5050 descendentem
2710 4995 2896 5064 specie
2926 4995 3198 5051 columba:
3227 4996 3292 5049 de
3322 4996 3483 5061 ccelo,
3521 5006 3576 5051 ct

1955 5085 2159 5139 mansit
2208 5100 2375 5156 super
2415 5103 2566 5152 eum,
2605 5097 2662 5142 et
2701 5103 2804 5158 ego
2851 5089 3196 5144 nesciverunt
3251 5105 3376 5143 eum
3430 5093 3571 5144 :sed

1955 5180 2046 5234 hic
2096 5180 2189 5249 qui
2245 5180 2393 5236 misit
2445 5197 2531 5236 me
2573 5190 2630 5235 ut
2682 5182 3020 5252 baptizarem
3083 5197 3247 5253 aqua,
3296 5183 3386 5237 ille
3439 5184 3572 5238 mihi

1955 5271 2096 5326 dixit
2144 5291 2154 5325 :
2197 5271 2376 5341 Super
2430 5289 2590 5343 quem
2635 5273 2842 5330 videris
2891 5273 3158 5345 Spiritum
3214 5275 3569 5341 descendere,

1955 5377 2009 5420 et
2053 5381 2278 5420 manere
2306 5383 2473 5438 super
2511 5383 2660 5434 eum,
2697 5369 2896 5425 hiceSt
2945 5369 3036 5440 qui
3075 5369 3319 5439 bapti'zat
3363 5368 3569 5436 Spiritu

1954 5471 2170 5517 sancto.
2207 5462 2270 5514 Et
2308 5477 2408 5531 ego
2441 5463 2550 5516 vidi
2598 5473 2653 5518 et
2697 5471 2928 5519 testatus
2973 5480 3092 5518 sum
3132 5464 3276 5518 lmnc
3316 5478 3440 5520 esse
3487 5463 3573 5518 Fi-

1953 5555 2084 5609 lium
2137 5554 2257 5611 Dei.
2308 5575 2324 5607 ι
2362 5557 2630 5624 Quoniam
2678 5570 2946 5629 cognatus
2997 5558 3208 5613 Domini
3261 5570 3380 5614 erat
3423 5551 3568 5614 Prin?

1953 5665 2166 5716 cursor,
2200 5649 2331 5705 dicit
2379 5651 2524 5705 enim
2562 5651 2790 5726 angelus
2822 5653 3018 5724 virgini
3056 5671 3069 5708 :
3117 5653 3291 5708 «Ecce
3326 5664 3558 5723 cognata

1953 5743 2112 5815 525
2137 5755 2223 5799 tua
2248 5745 2528 5802 Elisabcth
2562 5747 2813 5817 concepit
2835 5746 2904 5779 "'
2925 5749 2969 5782 δ’
2997 5767 3014 5798 ι
3056 5757 3203 5804 utne
3240 5749 3360 5818 quis
3389 5749 3572 5818 suspi~
