4046 6504
206 367 335 436 1181

881 366 1332 442 ENARRATIU
1369 364 1448 426 1N
1493 363 1998 425 EVANGELIUM
2037 362 2390 425 JOAN‘NIS.
2433 387 2498 399 -
2539 360 2703 424 CAP.
2741 359 2792 419 Ι.

3382 348 3524 415 1182

201 487 276 548 ὡς
305 485 474 553 ιπισή
485 500 608 554 μου,
645 483 736 534 καὶ
763 482 838 546 ὡς
864 483 956 534 τὸν
983 481 1116 535 ἴδιον
1144 480 1379 548 ἀδελφὸν
1415 478 1800 547 προσαγαγόν-

1910 490 2050 546 erat,
2081 491 2134 534 et
2165 479 2471 533 adducebat
2496 493 2656 532 suum
2693 475 2938 528 fratrem.
2971 472 3107 526 Vide
3132 479 3336 534 autem,
3363 469 3526 523 oble-

200 597 310 644 τος.
338 579 486 648 Ὀρα
514 576 570 629 δέ
604 592 695 645 μοι
741 572 1118 642 φιλαδελιξίαν,
1159 571 1276 635 πῶς
1311 572 1412 623 οὐκ
1441 570 1806 641 ἀπεκρύψατο

199 673 290 724 τὸν
325 669 553 737 ἀδελφὸν
600 667 662 720 τὸ
714 667 945 734 ἀγαθὸν,
994 665 1132 719 ἀλλὰ
1186 665 1467 718 κοινοῦται
1515 663 1666 732 αὐτῷ
1711 664 1805 716 τὸν

201 761 500 833 θησαυρὸν,
532 761 626 813 καὶ
661 760 1022 830 περιχαρείας
1068 758 1256 828 φωνὴν
1287 758 1534 827 ἀφίησιν,
1571 777 1588 808 ι
1622 757 1806 827 Εὑρή-

200 869 400 920 καμεν,
434 871 452 902 i
493 850 708 916 λέγων·
736 851 809 912 ὠς
852 851 998 901 ἔοικε
1043 850 1177 917 γὰρ,
1231 850 1297 901 ὲκ
1338 845 1536 901 πολλοῦ
1571 847 1804 900 ἐπόθουν

199 930 295 998 καὶ
338 944 616 1012 ἐμελέ;ων
654 944 755 1013 τὴν
795 944 1047 1010 ζήτησιν.
1101 943 1213 995 Καὶ
1270 941 1368 1010 οὐχ
1401 941 1589 1003 ἁπλῶς
1625 939 1801 1008 λέγει,

205 1037 480 1099 Μεσσίαν,
517 1035 676 1092 ἀλλὰ,
717 1051 733 1083 i
773 1033 866 1085 τὶν
899 1033 1166 1092 Μεσσίαν,
1222 1050 1240 1082 ι
1276 1031 1415 1100 μετὰ
1447 1030 1540 1083 τοῦ
1567 1029 1799 1100 ἄρθρου,

199 1129 411 1179 ἐκεῖνον
434 1126 594 1179 αὑτὸν
621 1126 712 1176 τὸν
738 1123 943 1194 κυρίως
967 1124 1098 1177 ὄντα
1119 1125 1378 1191 Χριστόν.
1421 1121 1478 1175 ’0
1501 1124 1609 1193 γὰρ
1635 1109 1804 1188 προσ-

199 1221 510 1289 δοκώμενος
551 1221 736 1281 αὐτοῖς
791 1217 869 1282 εἷς,
900 1216 988 1290 ἦν,
1019 1220 1068 1271 εἰ
1099 1220 1196 1272 καὶ
1224 1218 1409 1270 πολλοὶ
1455 1217 1685 1287 Χριστοὶ
1710 1217 1805 1268 καὶ
1831 1201 1843 1214 ’

198 1316 306 1367 υἱοὶ
329 1315 421 1366 τοῦ
450 1311 583 1365 Θεοῦ
613 1311 1105 1382 προσηγορεύοντο.
1142 1312 1357 1381 Ἥγαγε
1389 1310 1444 1363 δὲ
1470 1311 1637 1363 αὑτὸν
1667 1310 1804 1381 πρὸς

195 1409 292 1460 τὸν
328 1405 557 1476 Ἰησοῦν,
594 1407 693 1476 οὺχ
725 1405 801 1469 ὡς
827 1404 1056 1458 εὕκολον
1079 1404 1209 1457 ὄντα
1233 1405 1296 1458 τὸ
1335 1401 1490 1473 ἦθος,
1521 1403 1616 1456 καὶ
1640 1403 1806 1456 παντὶ

195 1500 343 1567 λόγῳ
391 1488 971 1567 συμπεριφερόμενον,
1020 1494 1136 1547 ἀλλ’
1180 1493 1256 1557 ὡς
1306 1493 1435 1558 ὀξὺν
1472 1493 1677 1561 μᾶλλον
1709 1493 1806 1545 καὶ

198 1589 428 1660 θερμὸν,
477 1591 570 1642 καὶ
627 1588 848 1656 εὐφυῶς
900 1587 1352 1658 παραδεξάμενον
1379 1613 1385 1619 -
1415 1587 1544 1648 τοὺς
1587 1585 1804 1652 λόγους,

193 1683 290 1746 οῦς
321 1680 474 1752 αῦτῷ
501 1683 723 1753 εἷρηκεν
754 1683 782 1733 ὁ
809 1679 1039 1747 ἁδελφὸς
1066 1681 1194 1752 περὶ
1216 1678 1480 1748 Χριστοῦ.
1510 1679 1670 1739 Εἰκὸς
1695 1678 1806 1746 γὰρ

191 1778 287 1829 τὸν
334 1777 592 1847 Ἀνδρέαν
619 1775 791 1828 πλείω
812 1773 1167 1843 διαλεχθῆναι
1213 1773 1389 1842 αὐτῷ,
1437 1774 1532 1826 καὶ
1559 1773 1806 1841 ἀκριϐῶς

192 1868 264 1921 τά
300 1870 431 1937 περὶ
469 1866 712 1938 Χριστοῦ
755 1865 1107 1934 ὲπαγγεῖλαι,
1137 1866 1234 1919 ατε
1283 1865 1434 1934 παρὰ
1469 1864 1548 1935 τῷ
1581 1864 1808 1933 Χριστῷ

206 1961 473 2030 μείναντα
528 1962 625 2014 καὶ
667 1960 987 2030 διδαχθέντα
1034 1958 1423 2029 μυστικώτερά
1450 1975 1594 2011 τινα.
1648 1959 1708 2010 El
1748 1957 1806 2010 δὲ

191 2058 448 2123 ἐπιμένοι
495 2073 578 2117 τις
624 2054 882 2107 εὐκολίαν
943 2056 1384 2120 καταγινώσκων
1430 2053 1526 2107 τοῦ
1570 2054 1805 2123 Πέτρου,

194 2148 518 2219 μανθανέτω
558 2150 653 2206 καὶ
699 2147 877 2208 τοῦτο,
907 2149 990 2200 ὃτι
1024 2147 1151 2200 οὐδὲ
1182 2147 1520 2216 γέγραπται,
1553 2148 1636 2199 ὅτι
1675 2147 1803 2200 ἐπί-

193 2259 423 2294 στευσεν
453 2240 615 2304 εὐθὺς
637 2240 717 2311 τῷ
751 2241 1004 2310 ’Δνδρέμ
1029 2239 1144 2293 ἀλλ’
1175 2242 1261 2292 ὅτι
1296 2259 1314 2292 ι
1346 2239 1560 2311 ἢγαγεν
1635 2241 1806 2294 αὑτὸν

190 2334 330 2403 πρὸς
376 2335 468 2386 τὸν
520 2333 753 2399 Ἰησοῦν,
795 2353 814 2387 ι
852 2335 992 2404 ὅπερ
1030 2332 1232 2402 μᾶλλον
1287 2334 1525 2405 στερρᾶς
1566 2334 1808 2396 διανοίας

190 2433 289 2484 καὶ
313 2430 373 2482 οὐ
401 2429 966 2500 συμπεριφερομένης
989 2429 1161 2482 ἐστίν.
1221 2427 1300 2481 Οὐ
1326 2427 1436 2497 γὰρ
1458 2425 1648 2489 ἁπλῶς
1674 2443 1808 2496 παρ-

192 2506 424 2586 αῧῖξατο
445 2522 569 2583 τοὺς
608 2521 856 2592 Ἀνδρέου
885 2520 1100 2589 λόγους,
1125 2519 1240 2573 ἀλλ’
1267 2519 1537 2588 ἠθέλησεν
1557 2519 1686 2570 ἰδεῖν
1713 2519 1808 2570 καὶ

188 2615 286 2665 τὸν
323 2614 562 2682 Χριστόν
583 2627 595 2639 °
632 2611 721 2664 ἵνα
753 2613 802 2664 εἰ
837 2611 938 2680 μὲν
969 2609 1108 2681 εῦρη
1137 2628 1193 2664 τι
1225 2609 1533 2676 ἀξιόλογον,
1568 2609 1803 2661 ἀκολουφ

189 2704 356 2776 θήσῃ.
375 2705 422 2759 si
442 2703 498 2756 δὲ
527 2701 645 2768 οῦκ,
671 2703 990 2776 ἀναποόίσῃ·
1013 2701 1153 2758 ὥστε
1171 2703 1230 2754 τὸ
1259 2701 1519 2774 ἀχθῆναι,
1547 2703 1684 2772 πρὸς
1713 2703 1806 2753 τὸν

206 2798 422 2868 Ἰησοῦν
479 2799 580 2850 οὐκ
608 2797 886 2866 εὐηθείας,
917 2795 1034 2849 ἀλλ’
1063 2794 1354 2866 ἀκριϐείας
1391 2795 1706 2864 γνώρισμα.
1739 2793 1806 2844 Τί

190 2891 288 2946 οῦν
310 2892 342 2946 ὁ
359 2889 560 2962 Κύριος
583 2907 599 2957 ;
634 2891 768 2960 Ἀπὸ
787 2888 880 2942 τοῦ
903 2887 1284 2960 προφητεῦσαι
1306 2887 1438 2956 περὶ
1457 2886 1649 2950 αὑτοῦ,
1670 2888 1810 2939 ἀπο-

189 2985 493 3039 καλύπτειν
536 2983 772 3052 ᾶρχεται
814 2981 964 3052 αὐτῷ
998 2983 1213 3036 ἑαυτόν.
1254 2981 1411 3044 Ἐπεὶ
1437 2980 1548 3050 γὰρ
1582 2980 1637 3032 αἱ
1669 2996 1806 3048 προ-

188 3079 418 3155 φητεῖαι
438 3075 591 3128 οὐδὲν
611 3074 835 3127 ἔλαττον
858 3074 969 3132 τῶν
993 3075 1263 3144 σημείων,
1285 3074 1335 3126 εί
1363 3073 1438 3143 μὴ
1458 3076 1551 3125 καὶ
1577 3072 1801 3143 μᾶλλον,

191 3171 450 3224 πείθουσι
478 3171 604 3232 τοὺς
643 3167 992 3239 ἀνθρώπους,
1042 3167 1380 3240 προφητεύει
1411 3169 1543 3238 περὶ
1570 3167 1667 3220 τοῦ
1700 3169 1800 3220 Πέ-
1829 3204 1873 3262 C

184 3281 345 3334 τρου.
375 3283 390 3313 i
418 3263 634 3333 Σὺγὰρ,
660 3257 926 3332 φησὶν,εἷ
949 3262 1134 3331 Σίμων
1163 3263 1279 3324 υἱὸς
1314 3263 1520 3314 Ἰωνᾶί
1554 3257 1676 3314 εἶτα
1702 3261 1798 3314 καὶ

184 3359 250 3423 τὸ
285 3358 503 3428 μέλλονο
542 3376 560 3408 i
605 3358 676 3411 Σὺ
704 3357 954 3430 κληθήσῃ
979 3360 1201 3429 Κηφᾶς.
1243 3376 1261 3408 ›
1310 3357 1445 3410 Ἀπὸ
1477 3356 1585 3428 τὰρ
1611 3357 1705 3410 τοῦ
1737 3358 1799 3410 τὸ

187 3453 371 3524 παρὸν
397 3455 594 3516 εἰπεῖν,
621 3452 717 3506 καὶ
755 3453 815 3504 τὸ
853 3453 1048 3522 μέλλον
1079 3452 1390 3511 πιστοῦται.
1418 3453 1535 3512 Οὔκ
1566 3449 1687 3505 εἷπε
1717 3452 1797 3518 δὲ,

184 3549 272 3598 ἐτι
312 3546 546 3599 Καλέσω
581 3562 643 3598 σε
676 3546 789 3612 ἐγὼ
823 3546 1051 3616 Πέτρον,
1082 3545 1243 3611 ἀλλὰ,
1287 3565 1304 3598 ι
1352 3546 1628 3616 κληθήσῃ.
1670 3565 1690 3596 i
1720 3545 1798 3599 Οῦ

184 3639 300 3707 γὰρ
333 3635 594 3705 ἱβοᾶλετο
633 3639 693 3702 ἐξ
725 3638 901 3707 ἀρχῆς
935 3638 1002 3690 τὰ
1033 3637 1132 3705 τῆς
1165 3637 1459 3700 αύθεντίας
1487 3637 1800 3690 ἐπιδείκνυα

185 3730 339 3790 σθαι,
395 3729 520 3780 ἐπεὶ
573 3729 693 3782 οῦδὲ
748 3726 893 3798 εἶχον
926 3729 1110 3782 πίστιν
1147 3728 1375 3798 βεϐαίαν
1420 3732 1550 3800 περὶ
1605 3729 1797 3787 αὐτοῦ.

184 3823 349 3884 Τίνος
383 3822 439 3884 δὲ
465 3823 654 3876 ἕνεκεν
683 3822 876 3876 τοῦτον
913 3821 1012 3893 μὲν
1049 3824 1255 3894 Πέτρον
1284 3824 1643 3893 ἐπονομάζει,
1672 3828 1798 3887 τοὺς

181 3919 244 3978 δὲ
272 3916 367 3970 τοῦ
400 3916 711 3974 Ζεϐεδαίου.
748 3917 899 3980 υἱοὺς
931 3916 1203 3987 βροντῆς;
1237 3916 1353 3971 Ἰνα
1380 3917 1555 3988 δείξῃ,
1589 3919 1672 3977 ὅτι
1703 3918 1800 3971 καὶ

183 4012 292 4083 τὴν
344 4009 594 4064 Παλαιὰν
629 4007 792 4072 αὐτὸς
817 4011 990 4073 ,ἐστιν
1014 4009 1042 4060 ὁ
1070 4008 1347 4072 δεδωκὼς,
1393 4009 1422 4061 ὁ
1453 4009 1547 4062 καὶ
1575 4009 1644 4061 τὰ
1682 4009 1802 4061 ὀνό-

187 4120 367 4176 ματα,
421 4102 614 4174 ὥσπερ
671 4103 821 4165 τότε,
881 4104 976 4156 καὶ
1027 4101 1124 4155 νῦν
1181 4102 1518 4173 μετατιθεὶς.
1593 4103 1690 4156 τόν
1735 4115 1797 4155 τε

184 4198 422 4267 Ἀϐραμ
476 4194 752 4268 Ἀϐρααμ,
798 4195 892 4249 καὶ
919 4195 1018 4268 τὴν
1063 4197 1245 4264 Σάραν
1275 4197 1496 4268 Σάρραν
1533 4195 1794 4259 καλέσας.

185 4291 333 4362 Ἱσθι
374 4288 432 4342 δὲ
479 4289 564 4342 ὅτι
589 4288 774 4358 Σίμων
813 4288 1233 4361 ἑρμηνεύεται(
1276 4289 1515 4361 ὑπακοὴ,
1549 4309 1567 4343 ι
1616 4290 1801 4354 Ἰωνᾶς

179 4378 259 4435 δὲ’
297 4403 314 4433 ι
352 4383 678 4452 περιστερά.
719 4401 737 4433 ›
784 4382 988 4440 Τέκνον
1029 4379 1124 4445 οῦν
1154 4383 1257 4450 τῆς
1309 4383 1643 4454 πραότητος,
1676 4383 1799 4454 ἥτις

179 4473 276 4524 6.&
316 4473 417 4540 τῆς
467 4474 805 4542 περιστερᾶς
847 4472 1188 4545 δηλοῦται,ἠ
1233 4475 1486 4544 ὑπακοή·
1527 4476 1555 4526 ὁ
1595 4475 1652 4528 δὲ
1695 4477 1798 4544 τὴν

1909 590 2031 639 cro,
2068 584 2332 641 quantum
2384 572 2656 625 amaverit
2709 571 2965 629 fratrem,
3001 576 3057 621 et
3101 563 3380 633 quomodo
3415 576 3523 614 non

1910 669 2272 724 occultare-rit
2331 667 2400 720 ab
2449 682 2516 719 eo
2569 667 2811 728 bonum,
2861 664 2957 717 sed
3007 655 3438 714 communicarit
3473 653 3524 708 ei

1912 763 2251 827 thesaurum,
2276 759 2634 828 einisei-itqiie
2669 754 3033 825 iucunditatis
3063 766 3276 815 vocem,
3310 768 3329 801 ι
3365 748 3526 802 inve-

1914 857 2116 918 nimus,
2158 873 2176 905 ι
2205 856 2412 908 dicens.
2442 851 2507 906 Et
2543 849 2843 905 verisimile
2875 855 2980 911 est,
3005 843 3150 912 quod
3185 841 3356 896 multo
3386 850 3527 894 tem-

1911 954 2043 1016 pore
2077 945 2446 1000 desiderariiit
2474 956 2523 998 el
2557 941 2802 997 meditati
2835 939 3039 992 fuerint
3069 948 3317 1003 quaerere
3343 931 3522 986 illum.

1911 1037 2096 1107 Neque
2129 1037 2454 1104 simpliciter
2487 1034 2623 1088 dicit
2654 1051 2667 1085 :
2700 1031 2982 1096 Messiam,
3013 1027 3132 1093 sed,
3179 1023 3465 1078 iMessiam
3501 1039 3520 1072 ι

1909 1148 2035 1189 cum
2091 1131 2346 1192 articulo,
2405 1129 2554 1184 illum
2601 1129 2780 1196 ipsum
2837 1124 2931 1192 qui
2989 1121 3211 1191 proprie
3244 1128 3323 1174 est
3359 1118 3524 1172 Chri-

1911 1235 2051 1279 stus.
2097 1223 2249 1279 Unus
2304 1224 2450 1277 enim
2505 1221 2748 1287 eratqui
2812 1219 2880 1271 ab
2940 1216 3021 1269 eis
3078 1215 3527 1283 exspectabatur,

1909 1318 2164 1390 quamvis
2219 1316 2370 1370 inulti
2416 1313 2623 1368 Christi
2693 1322 2750 1365 et
2791 1308 2888 1363 lilii
2945 1307 3036 1362 Dei
3080 1306 3522 1376 appellarentur.

1912 1411 2155 1465 Adduxit
2184 1419 2365 1464 autem
2397 1407 2547 1462 illum
2578 1407 2644 1459 ad
2676 1403 2889 1466 Jesiim,
2925 1416 3033 1455 non
3073 1399 3217 1469 quod
3254 1408 3362 1452 tam
3394 1395 3531 1449 levi-

1913 1504 2016 1560 bus
2045 1514 2193 1559 esset
2246 1501 2517 1565 moribus,
2566 1508 2627 1552 ut
2673 1497 2740 1550 ad
2789 1509 3008 1550 omnem
3053 1503 3366 1546 sermonem
3417 1487 3530 1540 eir-

1913 1597 2300 1659 cuiiiferretur,
2367 1595 2462 1651 sed
2515 1593 2661 1664 quod
2729 1586 2965 1645 ferventi
3032 1592 3089 1638 et
3146 1581 3290 1636 bone
3345 1578 3531 1633 animo

1913 1696 2234 1756 susceperat
2257 1701 2542 1740 sermones
2569 1699 2708 1754 quos
2739 1682 2786 1736 ei
2820 1681 3037 1735 dixerat
3066 1677 3238 1730 frater
3261 1675 3327 1728 de
3368 1670 3533 1726 Chri-

1914 1789 2020 1832 sto.
2058 1776 2364 1833 Verisimile
2395 1776 2540 1830 enim
2573 1784 2679 1836 est,
2715 1771 2857 1839 quod
2891 1769 3144 1823 Andreas
3176 1765 3332 1834 plura
3377 1761 3532 1816 dixe-

1915 1871 1988 1926 rit
2018 1872 2091 1935 ei,
2125 1882 2180 1925 et
2204 1870 2497 1924 manifeste
2531 1865 2946 1922 annuutiaverit
2970 1864 3038 1915 de
3066 1860 3317 1922 Christo,
3344 1864 3533 1926 utpote

1914 1965 2142 2017 edoctus
2173 1962 2473 2016 secretiora
2501 1960 2777 2027 qiiziidani,
2810 1971 2875 2011 eo
2902 1954 3044 2024 quod
3072 1960 3353 2006 manserat
3386 1945 3531 2018 apud

1913 2057 2216 2112 Christum.
2274 2056 2428 2121 Quod
2467 2055 2511 2108 si
2555 2062 2874 2122 perseverat
2908 2048 3032 2118 quis
3082 2045 3362 2118 arguendo
3399 2041 3535 2096 fuci-

1913 2151 2120 2205 litaiem
2175 2148 2342 2213 Petri,
2390 2149 2578 2202 '(iiSCiIl
2627 2157 2684 2200 et
2739 2147 2842 2200 hoc
2890 2159 2998 2197 non
3047 2155 3172 2195 esse
3235 2136 3530 2208 scriptum.

1913 2244 2058 2313 quod
2091 2243 2391 2298 crediderit
2425 2241 2612 2294 statim
2660 2239 2919 2300 Androm.
2964 2236 3059 2292 sed
3096 2232 3243 2303 quod
3276 2231 3533 2286 Andreas

1914 2340 2132 2394 duxerit
2167 2338 2320 2392 illum
2353 2339 2417 2390 ad
2446 2334 2660 2398 Jesum,
2692 2334 2744 2387 id
2774 2333 2918 2403 quod
2950 2331 3125 2399 magis
3161 2326 3352 2383 solida:
3380 2339 3534 2378 men-

1915 2434 1986 2485 tis
2049 2431 2237 2492 fuerit,
2266 2441 2318 2482 et
2379 2445 2485 2482 non
2536 2427 2737 2496 quovis
2787 2435 2950 2481 vento
2984 2425 3354 2478 circiiiiiaetze.
3407 2414 3529 2498 Non

1911 2526 2055 2579 enim
2107 2524 2434 2594 simpliciter
2497 2522 2704 2590 recepit
2750 2535 3066 2575 sermonem
3117 2516 3378 2577 Andrea',
3433 2511 3529 2564 sed

1914 2618 2084 2670 voluit
2113 2615 2300 2670 ridere
2341 2625 2395 2668 et
2448 2613 2756 2678 Chi-istum,
2788 2622 2847 2665 iit
2893 2611 2939 2666 si
2977 2609 3200 2679 quidem
3253 2603 3532 2660 inveniret

1912 2712 2056 2780 quod
2103 2711 2326 2780 dignum
2378 2707 2518 2773 ﬁde,
2569 2714 2917 2772 sequeretur,
2988 2705 3074 2756 sin
3139 2700 3343 2761 iiiinuz,
3401 2695 3533 2750 resi-

1911 2803 2035 2857 liret
2069 2817 2084 2855 :
2111 2812 2166 2856 et
2197 2803 2268 2854 ita
2298 2801 2419 2855 duci
2467 2801 2533 2854 ad
2558 2796 2774 2862 Jesum,
2804 2813 2909 2851 non
2941 2795 3103 2860 levis,
3145 2792 3240 2847 sed
3270 2789 3532 2845 studiosa:

1912 2895 2114 2949 mentis
2163 2894 2423 2948 indicium
2467 2903 2610 2948 erat.
2647 2890 2788 2956 Quid
2833 2889 3000 2958 igitur
3057 2881 3360 2940 Dominus?
3396 2879 3532 2935 Pro-

1912 2990 2187 3060 plietando
2234 2990 2300 3042 de
2350 2988 2467 3048 illo.
2519 2986 2593 3040 illi
2639 3001 2698 3039 se
2732 2982 3092 3036 manifestare
3137 2977 3354 3046 incipit.
3387 2973 3527 3028 Nam

1910 3083 2036 3152 quia
2069 3082 2371 3151 prophetiae
2401 3096 2507 3134 iioii
2559 3080 2743 3134 minus
2790 3092 2957 3146 quam
2994 3076 3175 3144 signa,
3204 3071 3317 3126 imo
3353 3067 3532 3139 magis

1912 3177 2226 3231 hominibus
2280 3175 2652 3245 persuadent,
2704 3170 2955 3240 praedicit
3008 3167 3078 3221 de
3141 3166 3327 3229 Petro,
3391 3182 3409 3216 ι
3442 3161 3526 3217 Tu

1907 3273 2077 3337 enim,
2104 3268 2299 3338 inquit,
2331 3283 2392 3322 es
2421 3267 2610 3322 Simon
2640 3265 2783 3319 [ilius
2810 3263 2972 3319 Jona.
3012 3282 3028 3313 i
3070 3259 3272 3316 Deinde
3296 3267 3351 3314 et
3375 3259 3523 3330 quod

1907 3368 2176 3430 futurum,
2208 3379 2225 3415 i
2268 3362 2347 3417 'Pu
2393 3359 2682 3416 vocaberis
2713 3358 2951 3428 Ceplias.
2991 3376 3009 3409 ι
3043 3353 3180 3410 Nam
3224 3369 3347 3409 cum
3380 3352 3526 3422 quod

1905 3473 2146 3530 praesens
2171 3466 2254 3512 est
2281 3456 2502 3520 dicitur,
2530 3454 2696 3510 etiam
2726 3453 2970 3507 futurum
2999 3447 3267 3505 credibile
3295 3447 3374 3501 lit.
3401 3443 3522 3500 Non

1905 3551 2044 3606 dixit
2076 3558 2256 3602 autem
2287 3567 2300 3601 :
2333 3545 2446 3614 Ego
2499 3555 2550 3599 te
2585 3544 2793 3600 vocabo
2825 3542 3071 3601 Petrum,
3130 3539 3250 3602 sed,
3290 3558 3308 3591 ι
3350 3545 3518 3594 vocao‘

1906 3645 2072 3698 beris.
2113 3661 2131 3693 ι
2166 3639 2402 3694 Nolebat
2438 3640 2583 3692 cnim
2622 3636 2690 3692 ab
2727 3636 2885 3690 initio
2929 3630 3319 3688 auctoritatem
3356 3644 3513 3684 suam

1907 3737 2173 3798 iudicare,
2225 3750 2290 3788 eo
2339 3735 2485 3802 quod
2535 3732 2786 3787 nondum
2822 3730 3039 3784 firmam
3078 3727 3130 3782 in
3167 3727 3319 3782 illum
3355 3726 3517 3780 fidem

1904 3832 2196 3884 haberem.
2234 3827 2602 3895 Quamobrem
2633 3834 2815 3879 autem
2867 3825 3188 3895 agiiominat
3223 3823 3366 3876 hunc
3399 3821 3521 3891 qni-

1905 3923 2026 3977 dem
2061 3923 2308 3985 Petrum,
2358 3921 2481 3974 illos
2521 3929 2728 3981 autem,
2777 3917 2919 3972 ﬁlios
2955 3919 3185 3985 inquam
3243 3913 3521 3980 Zebedaai,

1915 4013 2058 4070 ﬁlios
2085 4012 2353 4067 tonitrui?
2384 4011 2454 4068 Ut
2480 4012 2738 4067 ostendat
2761 4011 2905 4080 quod
2933 4010 3047 4082 ipse
3072 4011 3143 4064 sit
3168 4010 3258 4080 qui
3283 4020 3338 4064 et
3359 4007 3528 4064 Vetus

1908 4107 2322 4163 Testamentum
2358 4106 2588 4168 dederit,
2628 4114 2678 4158 et
2707 4105 2847 4159 sicut
2873 4119 3042 4168 nunc,
3081 4104 3154 4158 ita
3197 4103 3364 4157 etiam
3397 4113 3528 4159 tunc

1908 4199 2202 4250 mutaverit
2245 4211 2442 4250 nomen
2473 4193 2679 4249 Abram
2722 4194 2776 4248 in
2819 4194 3099 4249 Abraham
3139 4203 3193 4247 et
3231 4193 3425 4248 Sarain
3466 4195 3519 4248 in

1907 4291 2156 4349 Sarrani.
2220 4287 2381 4345 Scias
2415 4299 2598 4343 autem
2661 4289 2806 4358 quod
2865 4287 3056 4343 Simon
3119 4288 3524 4359 interpretatur

1911 4398 1929 4431 ι
1967 4380 2297 4444 oliedieiitia,
2340 4399 2358 4432 i
2388 4382 2559 4435 Jonas
2585 4395 2718 4436 vero
2747 4401 2766 4432 ι
2800 4381 3076 4436 columba.
3112 4399 3131 4433 ι
3165 4380 3335 4453 Igitur
3363 4397 3522 4436 man-

1905 4471 2216 4527 suetudinis
2247 4488 2366 4542 qua:
2393 4489 2487 4542 per
2514 4473 2824 4527 columbam
2855 4473 3223 4545 signiﬁcatur,
3256 4472 3424 4546 529
3455 4472 3521 4529 fi-

186 4563 442 4635 ὑπακοὴν
471 4564 610 4635 ἔχων
669 4565 765 4617 καὶ
804 4565 1012 4635 Πέτρος
1052 4567 1288 4633 γίνεται,
1341 4569 1423 4629 είς
1454 4567 1797 4640 στερρότητα

1909 4566 1974 4619 lia
2002 4577 2084 4619 est
2115 4566 2421 4620 obedieiitia
2455 4584 2468 4620 :
2502 4575 2556 4620 et
2581 4569 2672 4636 qui
2704 4567 2871 4622 habet
2898 4568 3298 4635 obedientiam,
3349 4569 3518 4626 etiam

179 4654 280 4711 τοῦ
309 4656 480 4724 καλοῦ
508 4656 594 4710 διὰ
621 4657 722 4728 τῆς
758 4658 1009 4730 ὑπακοῆς
1041 4659 1529 4730 προϐιῦαξόμενος.

263 4857 282 4890 ι
323 4839 405 4909 Τῇ
437 4838 494 4910 δὲ
517 4839 779 4912 ἐπαύριον
811 4840 1079 4912 ἠθέλησεν
1113 4840 1353 4912 ἐξελθεῖν
1385 4844 1412 4896 6
1465 4845 1675 4916 Ἰησοῦς
1708 4847 1794 4910 εἰς

182 4935 288 5008 τὴν
337 4933 660 4999 Γαλιλαίαν,
703 4936 798 4988 καὶ
856 4936 1107 5008 εὑρίσκει
1141 4936 1435 5005 Φίλιππον,
1499 4941 1595 4992 καὶ
1643 4941 1795 5008 λέγει

178 5027 339 5097 αὐτῷ
359 5042 375 5059 ⁸
417 5027 730 5081 Ἀκολούθει
765 5045 877 5098 μοι.
908 5023 1017 5080 Ἦν
1046 5028 1102 5082 δὲ
1132 5029 1160 5081 ὁ
1204 5030 1478 5093 Φίλιππος
1509 5031 1618 5083 ἀπὸ
1645 5030 1793 5102 Βηθ-

177 5113 349 5176 ea.in
380 5124 446 5173 ὲκ
473 5124 572 5190 τῆς
605 5121 820 5182 πόλεως
856 5121 1112 5193 Ἀνδρέου
1139 5123 1234 5176 κα)⁵
1261 5123 1501 5194 Πέτρου.
1533 5124 1793 5194 Εὑρίσκει

174 5214 458 5277 Φίλιππος
474 5215 567 5266 τὸν
594 5214 912 5285 Ναθαναὴλ,
945 5216 1041 5269 καὶ
1065 5215 1385 5288 λέγειαὺτῷ
1409 5235 1422 5246 ·
1451 5218 1553 5271 ’ον
1583 5217 1793 5287 ἔγραψε

174 5308 398 5375 Μωσῆς
428 5308 485 5359 ὲν
508 5305 585 5377 τῷ
614 5307 763 5377 νόμῳ
842 5309 938 5361 καὶ
964 5310 1014 5361 οἱ
1066 5309 1346 5379 προφῆται
1374 5349 1390 5374 ,
1447 5310 1787 5381 εὑρήκαμεν,

184 5398 407 5469 Ἰησοῦν
426 5401 520 5454 τὸν
555 5401 667 5453 υἱὸν
701 5402 902 5472 Ἰωσὴφ
933 5403 1024 5454 τὸν
1057 5402 1167 5469 ἀπὸ
1200 5404 1482 5472 Ναζαρέτ.
1529 5424 1546 5461 i
1597 5403 1655 5464 Ὀ
1692 5406 1791 5476 μὲν

184 5494 459 5561 ⁹Διεδρέας
489 5494 585 5548 τοῦ
617 5495 942 5565 Προδρόμου
977 5496 1240 5560 ἀκούσας,
1270 5497 1368 5550 καὶ
1400 5499 1427 5550 ὁ
1455 5498 1662 5566 Πέτρος
1693 5498 1788 5551 τοῦ

182 5587 475 5658 ’Δνδρέου,
546 5588 932 5659 ἠκολούθησαν
977 5590 1055 5660 τῷ
1103 5590 1316 5660 Ἰησοῦ·
1354 5593 1382 5643 ὁ
1423 5591 1481 5644 δὲ
1518 5593 1788 5657 Φίλιππος

172 5676 440 5750 φαίνεται
472 5682 641 5752 μηδὲν
689 5682 955 5748 ἀκούσας,
999 5685 1094 5737 καὶ
1128 5686 1279 5754 ὅμως
1308 5685 1688 5755 ἀκολουθήσας
1713 5691 1790 5760 τῷ

174 5771 379 5841 Κυρίῳ
404 5772 590 5834 εὐθὺς,
628 5771 840 5825 εἰπόντι
864 5773 1000 5842 πρὸς
1054 5775 1221 5827 αὐτὸν
1251 5775 1334 5839 τὸ,
1389 5797 1408 5828 ι
1472 5778 1790 5832 Ἀκολούθει

175 5880 300 5945 μοι.
339 5883 359 5916 ›
401 5865 574 5919 Πόθεν
594 5858 689 5917 οὖν
713 5860 886 5928 οὔτως
916 5863 1118 5929 εὐθέως
1140 5863 1368 5938 ἐπείσθη
1389 5884 1402 5936 ;
1425 5871 1583 5922 Δοκεῖ
1608 5870 1786 5923 τοίνυν

1905 4661 2020 4728 ipse
2045 4659 2240 4716 Petrus
2271 4659 2524 4727 ellicitur,
2556 4677 2658 4732 per
2703 4662 3077 4718 obedientiam
3124 4664 3423 4735 proﬁciens
3461 4677 3520 4724 ut

1901 4755 2149 4809 firmetur
2185 4756 2238 4810 iii
2269 4756 2433 4811 bono.

1977 4848 2144 4905 Vens.
2179 4850 2368 4906 43-45.
2419 4868 2437 4902 ι
2488 4850 2715 4908 Pestero
2751 4853 2838 4908 die
2872 4854 3043 4909 voluit
3072 4852 3235 4912 Iesus
3261 4855 3418 4911 exire
3450 4855 3507 4912 in

1900 4938 2202 5006 Galilazam,
2229 4952 2278 4996 et
2317 4945 2514 5012 reperit
2541 4942 2852 5015 Philippum
2881 4963 2894 5012 ;
2920 4955 2974 5001 et
2997 4947 3129 5002 dicit
3153 4947 3202 5001 ei
3232 4965 3244 5002 :
3271 4947 3516 5017 Sequere

1901 5048 2008 5087 me.
2071 5033 2200 5088 Erat
2249 5045 2431 5089 autem
2505 5035 2791 5107 Philippus
2852 5055 2880 5091 a
2937 5037 3235 5094 Betlisaida
3293 5040 3516 5096 civitate

1899 5127 2135 5182 Andreae
2171 5138 2225 5182 et
2264 5128 2432 5184 Petri.
2489 5130 2716 5199 Reperit
2751 5130 3035 5202 Philippus
3085 5131 3423 5200 Natlianael,
3458 5142 3514 5189 et

1899 5219 2032 5273 dii-it
2057 5221 2106 5274 ei
2137 5239 2150 5273 :
2188 5220 2261 5275 De
2296 5237 2405 5289 quo
2431 5222 2656 5289 scripsit
2687 5223 2866 5279 Moses
2891 5225 2946 5279 in
2981 5224 3100 5296 lege
3123 5236 3179 5279 et
3208 5226 3511 5295 prophetas.

1899 5312 2233 5378 invenimus,
2266 5313 2455 5368 Jesuiii
2517 5315 2684 5368 lilium
2757 5313 3005 5387 Joseph,
3065 5316 3438 5376 Nazarenam.
3485 5336 3503 5370 ι

1897 5405 2148 5463 Andreas
2181 5405 2400 5474 quidem
2437 5405 2784 5462 Piairiirsore
2818 5411 3028 5473 audito,
3063 5420 3119 5464 et
3166 5410 3359 5466 Petrus
3399 5411 3512 5464 An-

1899 5498 2052 5562 drea,
2122 5499 2296 5554 secuti
2353 5513 2478 5554 sunt
2540 5501 2771 5556 Jesuni'.
2834 5511 2890 5556 at
2946 5501 3231 5574 Philippus
3287 5504 3509 5560 videtur

1897 5593 2105 5645 nullum
2142 5593 2447 5656 audivisse,
2476 5605 2531 5649 et
2565 5597 2750 5651 statim
2786 5608 3008 5653 secutus
3037 5614 3159 5654 esse
3192 5599 3507 5664 Dominum,

1897 5685 2166 5738 dii-cutem
2207 5687 2299 5740 ei:
2343 5703 2360 5736 i
2419 5686 2661 5755 Sequere
2712 5705 2817 5743 uie.
2871 5708 2888 5738 i
2950 5688 3106 5745 Unde
3162 5692 3265 5746 boc
3320 5691 3510 5760 igitur,

1894 5778 2036 5845 quod
2101 5777 2189 5832 ille
2252 5788 2363 5832 tam
2415 5779 2599 5833 statim
2645 5765 2992 5836 crediderit?
3060 5782 3284 5836 Videtur
3343 5781 3510 5852 igitur

1895 5871 2133 5941 primum
2168 5887 2270 5930 τοι
2307 5872 2524 5929 Domini
2557 5873 2796 5929 animant
2829 5873 2975 5932 illius
3008 5874 3232 5932 stimulo
3266 5881 3510 5948 quodam
