4046 6498
558 490 690 559 11δῖ

1448 494 2025 557 THEOPHYLACTI
2072 488 2483 554 BULGARLE
2528 482 2883 545 ARClllEP.

3692 476 3823 541 .1183

552 605 810 662 Dominus
864 604 1081 670 viderit,
1141 605 1192 675 id
1243 614 1349 667 est,
1390 607 1599 676 placide
1654 608 1883 660 intuitus
1937 608 2028 667 sit,
2086 615 2140 659 et

2256 600 2542 672 τραχύτητι
2575 597 2631 650 δὲ
2661 596 2768 649 τῶν
2794 590 3038 662 νομικῶν
3070 589 3593 661 παρατηρημάτων,
3630 590 3730 644 καὶ
3757 591 3831 659 τῷ

547 699 883 753 intellectum
917 697 1034 764 ejus
1070 698 1385 762 illustrarit,
1410 698 1661 766 quamvis
1694 699 1871 753 adhuc
1900 699 2000 750 sub
2024 698 2141 763 lege

544 799 721 843 esset.
753 791 832 843 Tu
866 800 920 843 et
946 790 1045 844 boc
1080 791 1241 855 scias,
1267 792 1312 845 si
1335 790 1461 859 quid
1485 803 1541 846 et
1570 792 1684 845 haec
1708 790 1971 855 arrident,
1996 790 2140 859 quod

551 882 936 937 Nathsnaelem
969 881 1228 936 Dominus
1262 882 1395 936 vidit
1450 882 1555 937 sub
1574 882 1698 936 dicit
1728 921 1743 945 ,
1783 883 1995 937 scilicet
2037 883 2139 936 sub

547 976 663 1046 lege
678 976 1026 1031 exsistentem
1046 974 1146 1047 (a),
1164 976 1266 1031 hoc
1285 988 1387 1037 eat,
1413 975 1550 1028 intra
1574 975 1766 1046 legem,
1789 986 1844 1030 et
1874 976 2138 1042 profunda

549 1068 678 1137 legis
725 1076 1083 1123 scrutantem.
1108 1066 1242 1122 Nam
1302 1070 1346 1122 si
1387 1084 1493 1123 non
1528 1079 1671 1124 esset
1699 1079 1977 1125 scrutatus
2012 1084 2139 1139 pro-

551 1159 717 1213 funda
791 1160 921 1228 legis
1022 1160 1337 1227 neutiquam
1397 1162 1625 1216 vidisset
1679 1176 1804 1215 eum
1860 1162 2139 1215 Dominus.

552 1249 708 1303 Scias
734 1261 914 1304 autem
962 1260 1017 1304 ct
1081 1251 1203 1313 hoc,
1267 1250 1410 1319 quod
1466 1252 1687 1306 Galilaea
1752 1254 2144 1321 interpretatur

560 1361 580 1393 ε
607 1341 990 1397 ἀενοΙιώίΙίε.»
1022 1343 1201 1398 Exivit
1229 1346 1393 1416 igitur
1424 1345 1684 1401 Dominus
1709 1346 1760 1398 in
1785 1346 2142 1402 devolubilem

557 1434 715 1503 hujus
744 1437 929 1490 mundi
980 1438 1276 1505 regionem,
1308 1439 1392 1491 vel
1427 1440 1595 1492 etiam
1638 1438 1932 1491 humanam
1980 1448 2141 1490 natu-

555 1539 706 1579 ram:
737 1537 789 1581 et
822 1543 921 1581 nos
947 1530 1047 1581 sub
1073 1528 1176 1582 ﬁcu
1212 1545 1422 1593 sumus,
1456 1530 1559 1583 hoc
1608 1539 1691 1584 est
1723 1540 1947 1599 peccato
1974 1530 2139 1592 dulci,

553 1620 639 1673 cui
672 1620 836 1673 etiam
888 1637 994 1675 non
1044 1637 1233 1688 parum
1284 1623 1668 1678 amaritudinis
1736 1628 1886 1678 adest
1921 1635 2145 1693 propter

554 1713 947 1779 paenitudinem
973 1725 1027 1768 et
1055 1715 1257 1781 judicia
1300 1725 1578 1770 secutura.
1624 1714 1777 1770 Sicut
1834 1715 2143 1769 misericors

553 1804 700 1858 videt
732 1820 795 1858 ac
824 1805 975 1873 eligit
1027 1821 1121 1861 eos
1150 1808 1242 1875 qui
1272 1808 1517 1862 fatentur
1559 1809 1737 1877 ipsum
1785 1805 1980 1860 Filium
2024 1806 2140 1870 Dei,

553 1903 610 1947 et
637 1908 815 1965 regem
844 1898 963 1966 ejus
994 1897 1160 1951 Israel
1202 1899 1291 1965 qui
1323 1898 1468 1951 videt
1510 1896 1697 1951 Deum.
1745 1896 1812 1949 Et
1841 1896 1885 1949 si
1921 1894 2139 1965 quidem

2242 693 2703 762 δυσκατεργάστῳ
2724 688 2831 741 τῶν
2858 686 3115 750 ὲντολῶν,
3154 684 3347 752 ὥςπερ
3372 683 3599 751 φύλλοις
3633 686 3831 736 σκεπόο

2247 804 2430 861 μενον.
2475 784 2644 837 ﬂuctv
2669 780 2783 842 οὖν,
2818 780 2901 833 ὅτι
2924 779 3015 832 τὸν
3042 776 3337 849 Ναθαναὴλ
3381 772 3520 829 εἶδεν
3550 776 3579 827 6
3607 774 3831 845 Κύριος,

2244 882 2364 935 ἀντὶ
2408 879 2503 932 τοῦ
2533 874 2733 945 ἱλαρῶς
2780 870 3071 940 ἰπέϐλεψε,
3110 870 3203 923 καὶ
3238 870 3338 939 τὴν
3400 866 3624 921 σύνεσιν
3668 867 3832 919 αὐτοϋ

2244 968 2600 1038 κατενόησεν,
2634 966 2729 1021 καὶ
2757 965 2837 1018 ἔτι
2868 964 2973 1017 ὑπὸ
3001 963 3093 1015 τὸν
3128 962 3298 1031 νόμον
3319 961 3496 1025 ϐντος.
3546 960 3620 1013 Σὺ
3654 959 3715 1014 δέ
3746 976 3834 1028 μοι

2243 1064 2339 1118 καὶ
2362 1059 2543 1131 τούτῳ
2567 1060 2659 1113 τὸν
2679 1057 2804 1110 νοῦν
2831 1056 3152 1125 ἒπίστησον,
3185 1053 3303 1119 εἴγε
3324 1051 3492 1122 θέλγῃ
3518 1054 3636 1114 τοῖς
3658 1048 3832 1103 τοιού-

2242 1173 2383 1220 τοις,
2411 1155 2496 1209 ὃτι
2558 1152 2651 1206 τὸν
2689 1147 2989 1218 Ναθαναὴλ
3035 1147 3065 1198 6
3114 1145 3322 1215 Κύριος
3388 1139 3534 1196 εἶδεν
3587 1143 3699 1195 ὑπὸ
3733 1142 3831 1212 τὴν

2248 1252 2445 1322 συκῆν,
2480 1248 2601 1318 ήτοι
2657 1246 2764 1299 ὑπὸ
2826 1243 2919 1297 τὸν
2969 1240 3157 1312 νόμον,
3210 1238 3495 1293 τουτέστιν
3536 1238 3692 1302 ἐντὸς
3743 1235 3838 1290 τοῦ

2245 1344 2441 1413 νόμου,
2496 1341 2592 1393 καί
2620 1339 2689 1391 τὰ
2719 1335 2859 1407 βάθη
2916 1334 3084 1388 αὑτοῦ
3124 1332 3460 1403 ἐρευνῶντα.
3494 1330 3557 1383 Et
3606 1328 3719 1401 γὰρ
3766 1330 3839 1400 μὴ

2242 1436 2314 1489 τὰ
2345 1434 2485 1505 βάθη
2514 1432 2611 1485 τοῦ
2672 1432 2842 1497 νόμον
2890 1428 3122 1500 ήρεύνα,
3152 1427 3257 1479 οὑκ
3293 1427 3359 1479 ἂν
3411 1423 3577 1478 αὐτὸν
3612 1419 3760 1476 εἶδεν
3813 1426 3842 1475 6

2244 1529 2475 1599 Κύριος.
2512 1525 2651 1580 Ἱσθι
2680 1525 2739 1580 δὲ
2778 1525 2872 1579 καὶ
2907 1522 3092 1585 τοῦτο,
3125 1522 3209 1575 ὅτι
3232 1518 3496 1574 Γαλιλαία
3529 1517 3840 1589 ἑρμηνεύε-

2242 1639 2353 1682 ται,
2391 1616 2829 1683 κατσκυλεστή.
2880 1612 3138 1685 Ἐξῆλθεν
3164 1608 3260 1667 οὖν
3300 1614 3330 1665 6
3385 1611 3594 1682 Κύριος
3628 1613 3712 1674 είς
3741 1611 3841 1679 τὴν

2243 1712 2655 1781 κατακυλιστήν
2680 1714 2873 1765 τούτου
2906 1709 3003 1763 τοῦ
3029 1708 3238 1778 κόσμου
3269 1707 3303 1778 ἢ
3338 1705 3546 1781 χώραν,
3619 1706 3718 1757 καὶ
3743 1704 3840 1774 τὴν

2243 1806 2407 1873 φύσιν
2430 1805 2528 1873 τήν
2573 1802 2953 1873 ἀνθρωπίνην,
3013 1802 3110 1854 καὶ
3164 1799 3328 1863 ὄντας
3374 1800 3527 1869 ἡμᾶς
3572 1796 3684 1850 ὑπὸ
3743 1798 3841 1866 τὴν

2245 1897 2439 1963 συκῆν,
2468 1895 2724 1948 τουτέστι
2772 1895 2875 1963 τὴν
2903 1894 3160 1963 ὲνήδονον
3185 1890 3487 1962 ἁμαρτίαν,
3582 1888 3679 1943 καὶ
3725 1889 3839 1959 δρι-

557 1987 799 2041 studium
831 1989 1265 2051 adhibuerimus.
1289 1999 1341 2043 et
1373 1988 1673 2057 majoribus
1698 2002 1797 2041 nos
1830 1986 2145 2055 dignabitur

2256 1991 2429 2060 μύτης
2450 1989 2552 2042 οὐκ
2584 1988 2739 2059 ὀλίγη
2772 1988 2992 2041 σύνεστι
3021 1987 3110 2041 διὰ
3145 1985 3248 2058 τὴν
3286 1984 3690 2055 μεταμέλειαν,
3750 1984 3845 2036 καὶ

554 2080 915 2148 spectaculis,
995 2092 1052 2135 et
1120 2081 1424 2136 videbimus
1502 2082 1727 2151 angelos
1788 2083 2145 2134 ascendentes

553 2174 771 2242 quidem
824 2174 892 2227 ad
935 2176 1303 2229 summitatem
1356 2174 1681 2244 cognitionis
1724 2173 1859 2228 Dei:
1914 2175 2145 2227 descen-

554 2271 745 2320 dentes
775 2281 903 2321 vero
948 2268 1168 2331 iterum,
1208 2268 1693 2336 incognoscibilem
1738 2268 1857 2337 ejus
1886 2270 2149 2321 substano

557 2358 688 2411 tiam
712 2358 1122 2427 deprehendere
1154 2376 1258 2414 non
1292 2362 1558 2416 valentes.
1592 2361 1689 2416 Vel
1721 2363 1898 2424 aliter,
1934 2361 2143 2415 Ascen-

558 2452 639 2506 dit
674 2453 819 2521 quis,
852 2454 1069 2522 quando
1102 2464 1350 2508 versatur
1379 2455 1436 2509 in
1464 2455 1811 2509 sermonibus
1842 2457 1909 2508 de
1941 2455 2143 2509 deitate

562 2539 845 2612 Uuigeniti
870 2562 884 2598 :
906 2546 1185 2598 descendit
1215 2556 1418 2610 autem,
1444 2547 1661 2616 quando
1690 2557 1921 2599 tractare
1951 2548 2148 2613 gaudet
2187 2614 2201 2622 .

556 2647 837 2689 sermones
865 2638 930 2690 de
956 2635 1332 2691 incarnatione
1374 2649 1429 2692 et
1461 2642 1724 2693 descensu
1749 2639 1802 2691 in
1848 2637 2143 2690 infernum.

2244 2082 2314 2135 τὰ
2367 2084 2486 2135 ἐκεῖ
2533 2080 2922 2152 δικαιωτήρια,
2968 2079 3045 2143 ὡς
3100 2079 3491 2149 φιλάνθρωπος
3555 2074 3694 2140 εἶδε,
3756 2078 3847 2128 καὶ

2248 2172 2535 2239 ἐξελέξατο
2559 2172 2963 2243 ὁμολογοῦντας
2992 2174 3158 2226 αὐτὸν
3194 2170 3325 2224 Υίὸν
3360 2169 3525 2232 Θεοῦ,
3565 2170 3666 2222 καὶ
3690 2168 3847 2238 βασι-

2252 2267 2352 2320 λέα
2379 2265 2478 2319 τοῦ
2520 2266 2738 2337 Ἰσραὴλ
2772 2264 2868 2318 τοῦ
2892 2266 3131 2336 ὁρῶντος
3164 2264 3321 2317 Θεόν.
3362 2264 3426 2317 El
3460 2263 3519 2315 δέ
3552 2279 3620 2329 γε
3646 2260 3850 2314 ἐπιτεί·

2249 2374 2438 2426 νοιμεν
2465 2357 2565 2427 τὴν
2599 2356 2857 2426 σπουδὴν,
2884 2359 2982 2409 καὶ
3020 2356 3286 2425 μειζόνων
3330 2352 3674 2417 καταξιώσει
3702 2353 3850 2422 ἡμᾶς

2251 2450 2565 2518 θεαμάτων,
2601 2452 2697 2502 καὶ
2719 2448 2968 2520 ὀψόμεθα
3000 2449 3129 2511 τοὺς
3152 2448 3422 2516 ἀγγέλους
3441 2445 3849 2507 ἀναϐαίνοντας

2255 2544 2357 2613 μὲν
2392 2544 2530 2613 πρὸς
2574 2543 2636 2595 τὸ
2671 2543 2804 2613 ὓψος
2838 2544 2937 2613 τῆς
2969 2542 3137 2597 αὑτοῦ
3177 2542 3640 2611 θείαςίγνώσεως,
3680 2555 3852 2593 κατα-

2254 2636 2549 2697 ϐαίνοντας
2613 2634 2671 2689 δὲ
2723 2636 2911 2699 πάλιν,
2944 2635 3033 2689 διὰ
3063 2634 3160 2688 τοῦ
3204 2634 3280 2705 μὴ
3308 2634 3537 2703 φθάνειν
3583 2631 3856 2698 κατανοήο

559 2743 649 2781 σαι
676 2726 775 2797 τὴν
805 2728 1085 2797 ἄγνωστον
1111 2732 1323 2784 οὐσίαν.
1362 2732 1473 2785 Kal.
1518 2730 1694 2793 ἄλλως
1718 2731 1797 2797 δὲ,
1846 2729 2133 2783 ἀναϐαίνει
2164 2745 2275 2791 τις.
2345 2730 2436 2782 ὅτε
2470 2733 2585 2793 τοῖς
2642 2729 2896 2798 περὶτῆς
2926 2728 3183 2798 θεότητος
3232 2727 3326 2781 τοῦ
3372 2726 3725 2795 Μονογενοῦς
3751 2725 3839 2779 λὸο

555 2835 675 2888 γοις
707 2820 1069 2893 ἐνδιατρίϐεισ
1106 2822 1431 2876 καταϐαίνει
1466 2823 1547 2887 δὲ,
1579 2824 1669 2875 ὅτε
1695 2826 1808 2885 τοῖς
1832 2822 1963 2892 περὶ
1999 2818 2204 2891 σαρκὸς
2232 2820 2327 2875 καὶ
2363 2820 2465 2890 τῆς
2498 2822 2557 2873 ὲν
2590 2818 2667 2891 τῷ
2691 2820 2792 2891 ᾅδῃ
2825 2820 3193 2883 καταϐάσεως
3234 2822 3635 2892 ὲμφιλοχωρεῖ.

1182 2936 1415 2993 CAPUT
1452 2939 1519 2992 ll.

561 3034 641 3090 De
665 3034 863 3103 nuptiis
888 3035 941 3087 in
968 3032 1119 3087 Cana
1160 3031 1419 3104 Gali/(ras.
1470 3032 1542 3085 De
1580 3033 1814 3097 expulsis
1847 3049 1875 3086 ε
1933 3033 2125 3104 templo

878 3104 959 3157 De
985 3105 1104 3167 hoc,
1137 3103 1339 3158 Solvite
1376 3106 1623 3173 templum
1658 3105 1823 3159 istud.

637 3286 803 3343 Vsus.
836 3286 952 3342 ιιι.
989 3306 1012 3341 ι
1049 3286 1117 3342 Et
1144 3286 1231 3342 die
1259 3287 1420 3343 tertia
1472 3285 1628 3342 facta;
1683 3296 1811 3343 sunt
1860 3287 2062 3357 nuptiae
2097 3286 2149 3339 in

560 3380 706 3436 Cana
740 3380 1011 3445 Galilaem,
1046 3392 1100 3437 et
1126 3391 1245 3436 erat
1289 3390 1462 3436 mater
1484 3380 1614 3437 Jesu
1657 3381 1753 3435 ibi.
1800 3380 2041 3436 Vocatus
2068 3390 2155 3436 est

562 3486 743 3527 autem
772 3484 825 3527 et
850 3473 1008 3528 Jesus
1037 3488 1101 3527 ac
1128 3473 1379 3541 discipuli
1420 3475 1541 3542 ejus
1566 3475 1631 3527 ad
1661 3475 1901 3541 nuptias.
1933 3474 1999 3528 Et
2029 3489 2150 3527 cum

562 3566 856 3621 defecisset
897 3568 1104 3625 vinum.
1140 3565 1273 3622 dicit
1307 3575 1482 3620 mater
1510 3565 1638 3621 Jesu
1669 3569 1734 3620 ad
1759 3583 1880 3623 eum
1910 3586 1926 3621 :
1961 3566 2152 3621 Vinum

562 3674 671 3714 non
716 3659 938 3714 habent.
978 3658 1118 3712 Dicit
1146 3658 1194 3713 ei
1241 3654 1401 3712 Jesus
1427 3674 1444 3713 :
1473 3656 1611 3723 Quid
1656 3659 1787 3713 mihi
1820 3667 1875 3713 et
1913 3659 2010 3713 tibi
2050 3668 2151 3721 est.

564 3752 805 3807 mulier?
866 3750 1114 3805 Nondum
1174 3750 1319 3805 venit
1369 3750 1503 3804 hora
1555 3764 1697 3805 mea.
1744 3773 1764 3803 ο
1828 3748 2039 3804 Vocant
2084 3750 2151 3803 ad

565 3846 782 3913 nuptias
830 3843 1140 3908 Dominum,
1174 3860 1279 3898 non
1312 3846 1454 3915 quod
1483 3844 1716 3898 viderint
1752 3843 2036 3905 miracula,
2068 3843 2151 3896 vel

565 3933 710 3987 aliud
748 3933 1007 4001 quiddam
1053 3949 1347 4008 magnum;
1382 3935 1476 3988 sed
1520 3934 1842 4003 simpliciter
1873 3942 2070 3989 vocant
2097 3943 2155 3986 ut

567 4037 777 4090 netum,
835 4028 981 4081 unde
1032 4027 1133 4081 hoc
1190 4014 1505 4095 signiﬁcans
1560 4027 1929 4098 Evangelista,
1984 4028 2153 4081 dicit:

568 4132 592 4172 ο
628 4119 758 4175 Erat
814 4128 993 4174 autem
1032 4130 1207 4174 mater
1259 4119 1388 4175 Jesu
1437 4127 1494 4175 et
1545 4120 1746 4176 fratres
1826 4120 1945 4189 ejus
1996 4119 2090 4173 ibi.
2132 4138 2151 4172 ι

568 4214 737 4279 Igitur
767 4211 910 4266 sicut
944 4210 1091 4263 illam
1122 4219 1177 4265 et
1226 4210 1447 4278 fratres,
1502 4211 1574 4265 ita
1610 4221 1667 4266 et
1706 4209 1893 4265 Jesum
1922 4225 2156 4265 vocave-

570 4311 720 4359 runt.
752 4302 923 4357 Aﬂ‘uit
944 4312 1124 4358 autem
1157 4304 1291 4373 ipse,
1325 4313 1378 4359 et
1410 4304 1751 4360 vocationem
1790 4318 1895 4358 non
1928 4304 2149 4374 repulit,

2858 2937 3114 2993 ΚΕΦΑΔ.
3166 2938 3239 2994 B'.

2259 3030 2399 3098 Περὶ
2430 3028 2539 3084 τοῦ
2574 3030 2644 3083 ἐν
2676 3028 2841 3098 Kurd
2872 3031 3087 3100 γάμου.
3112 3035 3249 3101 Περὶ
3276 3032 3398 3087 τῶν
3434 3034 3856 3101 ἐκϐληθέντων

2332 3104 2399 3153 ἐκ
2425 3100 2533 3154 τοῦ
2599 3102 2781 3169 ἱεροῦ.
2854 3103 2999 3170 Περὶ
3055 3100 3201 3169 τοῦ,
3240 3108 3485 3159 Λύσατε
3544 3100 3659 3161 τὸν
3706 3112 3855 3161 ναὸν*

2176 3166 2220 3225 ο
2321 3172 2541 3226 τοῦτον
2554 3210 2569 3225 .

2330 3302 2351 3336 ι
2393 3285 2504 3339 Καὶ
2529 3287 2595 3356 τῇ
2630 3286 2816 3360 ἡμέρᾳ
2852 3291 2920 3360 τῇ
2958 3290 3119 3363 τρίτῃ
3165 3291 3345 3363 γάμος
3379 3292 3602 3362 ἐγένετο
3634 3294 3696 3347 ἐν
3733 3296 3855 3350 Κα-

2253 3378 2320 3447 νᾷ
2342 3379 2439 3447 τῆς
2472 3378 2787 3446 Γαλιλαίας,
2821 3384 2914 3435 καὶ
2942 3379 3009 3453 ἦν
3040 3386 3073 3455 ή
3122 3387 3309 3456 μήτηρ
3341 3387 3438 3439 τοῦ
3501 3388 3684 3459 Ἰησοῦ
3715 3390 3853 3443 ἐκεῖ.

2268 3470 2504 3541 Ἐκλήθη
2551 3470 2611 3525 δὲ
2656 3472 2753 3526 καὶ
2812 3474 2841 3527 6
2891 3475 3123 3545 Ἰησοῦς,
3157 3478 3255 3531 καὶ
3308 3479 3361 3531 οἱ
3405 3480 3657 3550 μαθηταὶ
3686 3481 3855 3536 αὑτοῦ

2255 3562 2337 3626 είς
2389 3563 2485 3615 τὸν
2530 3563 2730 3632 γάμον.
2781 3566 2893 3618 Καὶ
2940 3568 3345 3639 ὑστερήσαντος
3404 3572 3575 3637 οίνου,
3638 3574 3793 3642 λέγει
3826 3577 3857 3641 ή

2258 3653 2445 3724 μήτηρ
2488 3653 2582 3718 τρῦ
2627 3654 2808 3725 Ἰησοῦ
2862 3658 3001 3727 πρὸς
3049 3660 3247 3711 αὐτόν·
3295 3656 3456 3714 Οἶνον
3493 3664 3596 3715 οὐκ
3647 3664 3853 3735 ἔχουσι.

2255 3745 2422 3813 Λέγει
2467 3748 2605 3817 αὐτῇ
2660 3748 2688 3800 6
2755 3747 2987 3818 Ἰησοῦς·
3049 3748 3115 3802 Τί
3151 3752 3275 3820 ἐμοὶ
3321 3754 3417 3805 καὶ
3486 3756 3591 3816 σοὶ,
3645 3757 3856 3823 γύναις

2254 3839 2424 3894 Οὔπω
2453 3841 2581 3911 ἥκει
2614 3842 2647 3909 ἡ
2690 3841 2810 3913 ὦρα
2848 3859 2974 3913 μου.
3018 3862 3037 3895 ι
3078 3844 3355 3900 Καλοῦσιν
3391 3848 3473 3909 είς
3524 3848 3620 3900 τὸν
3682 3852 3860 3919 γάμον

2256 3931 2347 3983 τὸν
2379 3931 2608 4000 Κύριον,
2644 3931 2745 4001 οὐχ
2780 3930 2856 3995 ὡς
2895 3932 3153 4003 θαύματα
3188 3934 3392 3997 ἰδόντες
3417 3977 3432 3999 ,
3487 3936 3600 3990 οὐδ’
3629 3938 3712 4001 ὡς
3768 3944 3861 4010 μέ-

2256 4039 2362 4089 γαν
2387 4025 2528 4084 τινά,
2569 4024 2683 4075 ἀλλ’
2710 4024 2896 4087 ἁπλως
2920 4027 3017 4079 καὶ
3050 4026 3125 4086 ὡς
3194 4026 3507 4099 γνώριμον,
3545 4028 3675 4083 ὅθεν
3703 4032 3861 4085 τοῦτο

2262 4114 2547 4183 σημαίνων
2580 4116 2607 4166 6
2631 4115 3050 4184 εὐαγγελιστὴς,
3078 4119 3243 4185 φησίν
3269 4134 3283 4148 ο
3324 4137 3343 4169 t
3380 4116 3489 4173 Ἦν
3515 4120 3573 4173 δὲ
3604 4123 3641 4191 ή
3676 4122 3861 4192 μήτηρ

2260 4206 2356 4258 τοῦ
2406 4205 2583 4276 Ἰησοῦ
2622 4207 2717 4260 καὶ
2741 4209 2789 4260 οί
2816 4208 3037 4275 ἀδελφοὶ
3070 4210 3236 4263 αὑτοῦ
3262 4212 3399 4263 ἐκεῖ.
3447 4229 3465 4263 ι
3502 4211 3728 4282 Ὠσπερ
3769 4213 3859 4267 οὖν

2258 4298 2479 4369 ἐκείνην
2528 4300 2623 4353 καὶ
2671 4302 2801 4363 τοὺς
2838 4301 3129 4371 ἀδελφοὺς,
3162 4302 3308 4357 οὕτω
3338 4306 3437 4359 καὶ
3487 4307 3583 4357 τὸν
3652 4308 3859 4378 Κύριον

568 4398 695 4460 quia
747 4412 855 4449 non
913 4397 1154 4465 respexit
1212 4399 1278 4449 ad
1334 4412 1486 4450 suam
1545 4398 1884 4467 dignitatem.
1937 4399 2029 4452 sed
2088 4399 2147 4450 ad

2261 4392 2549 4447 ἐκάλεσαν.
2598 4391 2656 4446 '0
2686 4393 2745 4447 δὲ
2771 4394 2974 4463 Κύριος
3016 4398 3405 4465 παραγίνεται,
3443 4400 3542 4452 καὶ
3576 4401 3685 4453 οὐκ
3721 4404 3862 4453 asca-

569 4489 855 4542 militatem
885 4496 940 4541 et
986 4487 1252 4543 beneﬁcia
1293 4495 1502 4541 nostra.
1534 4488 1671 4543 Nam
1711 4490 1802 4559 qui
1853 4504 1958 4542 non
2000 4490 2147 4543 dedi-

2263 4484 2366 4549 ξιοῖ
2417 4485 2518 4557 τὴν
2549 4486 2769 4557 κλῆσιν,
2791 4488 2873 4540 ὃτι
2901 4488 2975 4559 μή
3000 4492 3082 4553 είς
3126 4492 3225 4560 τὴν
3250 4492 3461 4546 οἰκείαν
3489 4492 3658 4558 ἀξίαν
3694 4496 3858 4567 ἑώρα,

568 4593 765 4651 gnatus
805 4580 967 4651 533
1017 4591 1101 4635 est
1158 4580 1272 4635 fieri
1333 4595 1523 4635 servus
1550 4620 1567 4644 ,
1610 4580 1781 4635 multo
1822 4582 1992 4649 magis
2050 4596 2147 4633 non

2264 4578 2399 4632 ἀλλά
2434 4579 2572 4648 πρὸς
2605 4581 2706 4651 τὴν
2744 4581 3019 4649 ὠφέλειαν
3055 4582 3149 4636 καὶ
3189 4584 3517 4657 εὐεργεσίαν
3551 4586 3742 4656 ήμῶν.
3807 4588 3862 4639 '0

568 4675 894 4744 dedignatus
926 4684 1010 4728 est
1043 4672 1231 4727 venire
1282 4672 1349 4727 ad
1387 4673 1629 4741 nuptias.
1671 4671 2008 4727 Exhortatur
2057 4689 2147 4726 att-

2266 4675 2376 4742 γὰρ
2428 4672 2504 4743 μὴ
2565 4672 2888 4737 ἀπαξιώσας
2950 4675 3207 4741 γενέσθαι
3266 4680 3326 4730 ὲν
3382 4677 3622 4742 δούλοις,
3675 4680 3857 4749 πολλῷ

570 4777 678 4823 tem
718 4768 867 4821 illum
904 4775 1078 4821 mater
1103 4775 1161 4819 ut
1192 4765 1355 4820 faciat
1384 4764 1727 4827 miraculum,
1755 4780 1873 4833 quae
1900 4780 2147 4835 magnam

2269 4764 2473 4835 μᾶλλον
2495 4766 2595 4819 οὑκ
2634 4767 2699 4819 ἂν
2725 4767 3042 4835 ἀπηξίωσεν
3090 4770 3173 4827 εἰς
3206 4770 3385 4839 γάμον
3431 4772 3639 4825 ἐλθεῖν.
3677 4776 3861 4844 [lapa-

570 4862 638 4913 tle
682 4860 851 4929 ipsius
900 4867 1170 4927 potestate
1217 4864 1540 4930 sumpserat
1560 4856 1901 4925 Opinionem,
1942 4867 2049 4910 tam
2086 4859 2147 4911 ob

2264 4856 2421 4911 καλεῖ
2458 4859 2514 4911 δὲ
2543 4860 2709 4912 αὑτὸν
2744 4862 2775 4931 ή
2817 4862 3004 4931 μήτηρ
3036 4864 3119 4927 είς
3168 4861 3652 4934 θαυματουργίαν,
3690 4869 3860 4937 μεγάο

571 4958 1011 5020 conceptionem,
1041 4964 1202 5018 quam
1244 4949 1314 5003 ob
1347 4958 1583 5018 partum.
1618 4940 1811 5002 Omnia
1842 4951 1987 5005 enim
2025 4965 2147 5004 con-

2259 4950 2360 5020 λην
2413 4953 2544 5023 περὶ
2598 4952 2696 5021 τῆς
2745 4952 2909 5005 αὑτοῦ
2966 4953 3253 5024 δυνάμεως
3301 4956 3548 5010 λαϐοῦσα
3583 4960 3858 5032 ὑπόληψιν

574 5044 831 5096 servabat
863 5044 915 5095 in
947 5040 1115 5096 corde
1154 5056 1255 5095 suo
1278 5041 1344 5105 “,
1379 5052 1433 5095 et
1460 5056 1524 5094 ex
1559 5040 1665 5095 illis
1683 5040 1956 5109 cogitabat
1992 5042 2147 5095 litium

2258 5043 2369 5095 ἀπό
2392 5060 2450 5096 τε
2482 5044 2583 5115 τῆς
2643 5044 2983 5116 συλλήψεως,
3024 5047 3136 5100 ἀπό
3179 5065 3239 5100 τε
3304 5050 3401 5103 τοῦ
3431 5050 3629 5106 τόκου.
3680 5054 3859 5107 Πάντα

571 5134 775 5203 aliquid
817 5147 976 5199 posse
1022 5147 1187 5203 supra
1241 5133 1543 5185 hominem.
1580 5129 1767 5199 Neque
1805 5132 1950 5183 enim
1993 5142 2147 5185 matet

2261 5134 2372 5206 γὰρ
2405 5138 2695 5207 συνετήρει
2731 5138 2792 5191 ὲν
2820 5142 2887 5209 τῇ
2939 5140 3141 5212 καρδίᾳ
3170 5143 3368 5212 αὐτῆς,
3414 5145 3512 5197 καὶ
3553 5148 3625 5199 ὲκ
3658 5147 3862 5201 τούτων

570 5228 689 5295 ejus
718 5235 778 5279 ut
802 5236 986 5280 oraret
1020 5242 1144 5280 eum
1185 5226 1251 5280 ad
1284 5224 1593 5280 faciendum
1644 5223 1863 5293 aliquod
1916 5224 2149 5277 miracu-

574 5321 707 5385 lum,
742 5336 808 5375 ex
836 5322 943 5373 alio
975 5321 1118 5388 quod
1151 5320 1302 5387 prius
1329 5321 1541 5373 viderat
1577 5320 1777 5382 facere,
1810 5318 2025 5371 inducta
2058 5331 2159 5372 est.

506 5416 507 5419 “
574 5413 707 5467 Nam
762 5428 886 5467 cum
942 5427 1073 5480 puer
1114 5422 1279 5475 esset,
1347 5411 1552 5464 nullum
1610 5410 1738 5464 fecit
1795 5410 2157 5466 miraculum:

2261 5226 2542 5294 ἐλογίζετο
2580 5227 2671 5279 τὸν
2689 5227 2806 5281 υίδν
2837 5229 2980 5299 ὑπὲρ
3004 5229 3295 5302 ἄνθρωπον
3316 5231 3608 5288 δύνασθαι,
3651 5236 3731 5287 Οὐ
3758 5236 3861 5304 γὰρ

2262 5320 2327 5391 δὴ
2355 5320 2463 5372 ἀπὸ
2484 5320 2579 5373 τοῦ
2616 5321 2711 5375 καὶ
2741 5321 2877 5375 ἄλλα
2910 5322 3172 5393 θαύματα
3208 5327 3436 5393 ποιῆσαι
3481 5328 3577 5377 τὸν
3631 5328 3859 5398 Ἰησοῦν,

2269 5416 2652 5484 παρακαλέσαι
2706 5418 2873 5471 αὑτὸν
2923 5418 3175 5490 προήχθη
3221 5420 3256 5491 ή
3296 5420 3483 5491 μήτηρ
3543 5423 3631 5483 εἰς
3686 5424 3859 5476 τοῦτο.

572 5506 698 5574 quia
745 5505 789 5558 si
842 5502 1078 5566 fecisset,
1129 5513 1292 5557 notus
1325 5502 1516 5555 fuisset
1556 5505 1829 5557 omnibus.
1865 5503 2147 5556 Audiverat

2269 5509 2405 5571 Παῖς
2438 5510 2544 5578 γὰρ
2580 5509 2678 5575 ὢν,
2735 5510 2887 5563 οὐδὲν
2940 5512 3508 5584 ὲθαυματοῦργησεν’
3551 5508 3589 5586 ἦ
3652 5515 3767 5583 γὰρ
3799 5514 3860 5566 ἂν

574 5601 701 5651 item
750 5608 925 5651 mater
970 5598 1037 5651 de
1077 5596 1404 5650 testimoniis
1449 5592 1699 5656 Joannis,
1753 5611 1871 5663 qua:
1926 5596 1993 5647 de
2047 5597 2160 5663 ipso

573 5702 690 5746 erat
733 5701 986 5757 testatus,
1025 5692 1350 5759 videbalque
1396 5690 1508 5758 jam
1555 5699 1609 5741 et
1640 5690 1934 5757 discipulos
1984 5690 2157 5758 ipsum

642 5829 685 5859 “
712 5826 842 5882 Luc.
879 5842 1035 5891 svnt,
1079 5826 1166 5881 19.

2266 5603 2539 5673 ἐπίσημος
2583 5606 2751 5658 πᾶσιν
2789 5601 2879 5675 ἦν.
2941 5606 3095 5677 ’Λμα
3154 5606 3212 5659 δὲ
3272 5609 3305 5677 ή
3363 5608 3557 5680 μήτηρ
3612 5610 3713 5662 καὶ
3762 5607 3864 5661 τῶι

2274 5698 2592 5766 μαρτυριῶν
2635 5698 2883 5753 Ἰωάννου
2909 5699 3215 5770 ἐμέμνητο.
3247 5698 3313 5763 ἃς
3332 5702 3463 5771 περὶ
3483 5701 3659 5756 αὐτοῦ
3692 5703 3863 5773 ἐμαρ-

647 5973 723 6044 (α)
744 5972 885 6026 Edit.
916 5969 1039 6026 Lul.
1081 5968 1360 6023 Dominum
1396 5968 1523 6021 cidit
1557 5970 1730 6019 adhuc
1765 5969 1856 6021 sub
1885 5969 1992 6036 lnge
2021 5970 2374 6024 arsistentem.
