  <div class='ocr_page' id='page_1' title='image "/cluster/home/n/w/nwhite01/storage/ocr_20150623/123/uva.x004884189/744.png"; bbox 0 0 4046 6506; ppageno 0'>
   <div class='ocr_carea' id='block_1_1' title="bbox 210 502 354 579">
    <p class='ocr_par' dir='ltr' id='par_1_1' title="bbox 210 502 354 579">
     <span class='ocr_line' id='line_1_1' title="bbox 210 502 354 579; baseline -0.069 0"><span class='ocrx_word' id='word_1_1' title='bbox 210 502 354 579; x_wconf 72' lang='grc'><strong>1189</strong></span> 
     </span>
    </p>
   </div>
   <div class='ocr_carea' id='block_1_2' title="bbox 835 473 2781 557">
    <p class='ocr_par' dir='ltr' id='par_1_2' title="bbox 835 473 2781 557">
     <span class='ocr_line' id='line_1_2' title="bbox 835 473 2781 557; baseline -0.013 0"><span class='ocrx_word' id='word_1_2' title='bbox 835 491 1287 557; x_wconf 71' lang='lat' dir='ltr'><strong>ENARRATIO</strong></span> <span class='ocrx_word' id='word_1_3' title='bbox 1327 490 1410 550; x_wconf 75' lang='grc' dir='ltr'><strong>ΙΝ</strong></span> <span class='ocrx_word' id='word_1_4' title='bbox 1454 482 1961 550; x_wconf 71' lang='grc' dir='ltr'><strong>ΕνΑΝῡΕιΛΠΜ</strong></span> <span class='ocrx_word' id='word_1_5' title='bbox 2000 479 2354 543; x_wconf 67' lang='grc' dir='ltr'><strong>ΙΟᾹΝἪε.</strong></span> <span class='ocrx_word' id='word_1_6' title='bbox 2393 494 2461 515; x_wconf 74' lang='grc'><strong>-“</strong></span> <span class='ocrx_word' id='word_1_7' title='bbox 2495 474 2654 537; x_wconf 81' lang='lat' dir='ltr'><strong>CAP.</strong></span> <span class='ocrx_word' id='word_1_8' title='bbox 2697 473 2781 532; x_wconf 87' lang='lat' dir='ltr'><strong>II.</strong></span> 
     </span>
    </p>
   </div>
   <div class='ocr_carea' id='block_1_3' title="bbox 3386 450 3528 532">
    <p class='ocr_par' dir='ltr' id='par_1_3' title="bbox 3386 450 3528 532">
     <span class='ocr_line' id='line_1_3' title="bbox 3386 450 3528 532; baseline -0.014 0"><span class='ocrx_word' id='word_1_9' title='bbox 3386 450 3528 532; x_wconf 79' lang='lat' dir='ltr'><strong>mo</strong></span> 
     </span>
    </p>
   </div>
   <div class='ocr_carea' id='block_1_4' title="bbox 203 583 1802 686">
    <p class='ocr_par' dir='ltr' id='par_1_4' title="bbox 203 598 1802 686">
     <span class='ocr_line' id='line_1_4' title="bbox 203 598 1802 686; baseline -0.014 -15"><span class='ocrx_word' id='word_1_10' title='bbox 203 616 474 686; x_wconf 83' lang='grc' dir='ltr'>τύρησεν,</span> <span class='ocrx_word' id='word_1_11' title='bbox 506 609 709 666; x_wconf 70' lang='grc' dir='ltr'>ἔϐλεπέ</span> <span class='ocrx_word' id='word_1_12' title='bbox 736 622 794 664; x_wconf 78' lang='grc' dir='ltr'>τε</span> <span class='ocrx_word' id='word_1_13' title='bbox 824 606 928 679; x_wconf 68' lang='grc' dir='ltr'>ἢδη</span> <span class='ocrx_word' id='word_1_14' title='bbox 962 605 1059 660; x_wconf 76' lang='grc' dir='ltr'>καὶ</span> <span class='ocrx_word' id='word_1_15' title='bbox 1087 601 1338 676; x_wconf 77' lang='grc' dir='ltr'>μαθητὰς</span> <span class='ocrx_word' id='word_1_16' title='bbox 1376 599 1529 668; x_wconf 86' lang='grc' dir='ltr'>αὑτῷ</span> <span class='ocrx_word' id='word_1_17' title='bbox 1573 598 1802 652; x_wconf 83' lang='grc' dir='ltr'>ἀκολου-</span> 
     </span>
    </p>
   </div>
   <div class='ocr_carea' id='block_1_5' title="bbox 1910 583 3522 686">
    <p class='ocr_par' dir='ltr' id='par_1_5' title="bbox 1917 583 3522 664">
     <span class='ocr_line' id='line_1_5' title="bbox 1917 583 3522 664; baseline -0.006 -17"><span class='ocrx_word' id='word_1_18' title='bbox 1917 605 2250 664; x_wconf 83' lang='lat' dir='ltr'><strong>sequentes:</strong></span> <span class='ocrx_word' id='word_1_19' title='bbox 2287 601 2340 646; x_wconf 84' lang='lat' dir='ltr'><strong>et</strong></span> <span class='ocrx_word' id='word_1_20' title='bbox 2381 606 2446 646; x_wconf 79' lang='lat' dir='ltr'><strong>ex</strong></span> <span class='ocrx_word' id='word_1_21' title='bbox 2483 590 2566 645; x_wconf 86' lang='lat' dir='ltr'><strong>his</strong></span> <span class='ocrx_word' id='word_1_22' title='bbox 2595 588 2855 644; x_wconf 84' lang='lat' dir='ltr'><strong>omnibus</strong></span> <span class='ocrx_word' id='word_1_23' title='bbox 2885 583 3229 653; x_wconf 87' lang='lat' dir='ltr'><strong>conjectabat</strong></span> <span class='ocrx_word' id='word_1_24' title='bbox 3260 583 3522 640; x_wconf 81' lang='lat' dir='ltr'><strong>virtutem</strong></span> 
     </span>
    </p>
   </div>
   <div class='ocr_carea' id='block_1_6' title="bbox 205 689 1809 770">
    <p class='ocr_par' dir='ltr' id='par_1_6' title="bbox 205 689 1809 770">
     <span class='ocr_line' id='line_1_6' title="bbox 205 689 1809 770; baseline -0.014 -8"><span class='ocrx_word' id='word_1_25' title='bbox 205 707 443 770; x_wconf 88' lang='grc' dir='ltr'>θοῦντας</span> <span class='ocrx_word' id='word_1_26' title='bbox 466 722 480 737; x_wconf 78' lang='grc' dir='ltr'><strong>ο</strong></span> <span class='ocrx_word' id='word_1_27' title='bbox 524 705 622 759; x_wconf 72' lang='grc' dir='ltr'>καὶ</span> <span class='ocrx_word' id='word_1_28' title='bbox 653 703 720 756; x_wconf 70' lang='grc' dir='ltr'>ὲκ</span> <span class='ocrx_word' id='word_1_29' title='bbox 776 697 988 754; x_wconf 85' lang='grc' dir='ltr'>τούτων</span> <span class='ocrx_word' id='word_1_30' title='bbox 1039 697 1260 750; x_wconf 80' lang='grc' dir='ltr'>πάντων</span> <span class='ocrx_word' id='word_1_31' title='bbox 1299 690 1668 760; x_wconf 68' lang='grc' dir='ltr'><strong>ἐτεκμαίρετο</strong></span> <span class='ocrx_word' id='word_1_32' title='bbox 1705 689 1809 759; x_wconf 78' lang='grc' dir='ltr'><strong>τὴν</strong></span> 
     </span>
    </p>
   </div>
   <div class='ocr_carea' id='block_1_7' title="bbox 206 784 1804 870">
    <p class='ocr_par' dir='ltr' id='par_1_7' title="bbox 206 784 1804 870">
     <span class='ocr_line' id='line_1_7' title="bbox 206 784 1804 870; baseline -0.013 -16"><span class='ocrx_word' id='word_1_33' title='bbox 206 799 446 870; x_wconf 81' lang='grc' dir='ltr'>δύναμιν</span> <span class='ocrx_word' id='word_1_34' title='bbox 471 795 567 851; x_wconf 92' lang='grc' dir='ltr'><strong>τοῦ</strong></span> <span class='ocrx_word' id='word_1_35' title='bbox 600 794 821 857; x_wconf 88' lang='grc' dir='ltr'>Παιδός.</span> <span class='ocrx_word' id='word_1_36' title='bbox 861 791 922 845; x_wconf 88' lang='lat'><strong>&#39;0</strong></span> <span class='ocrx_word' id='word_1_37' title='bbox 949 792 1008 844; x_wconf 68' lang='grc' dir='ltr'>δὲ</span> <span class='ocrx_word' id='word_1_38' title='bbox 1028 789 1260 858; x_wconf 76' lang='grc' dir='ltr'><strong>ἐπιτιμᾷ</strong></span> <span class='ocrx_word' id='word_1_39' title='bbox 1289 788 1430 858; x_wconf 72' lang='grc' dir='ltr'><strong>αὐτῇ</strong></span> <span class='ocrx_word' id='word_1_40' title='bbox 1447 785 1550 837; x_wconf 84' lang='grc' dir='ltr'>οὐκ</span> <span class='ocrx_word' id='word_1_41' title='bbox 1573 784 1804 851; x_wconf 86' lang='grc' dir='ltr'>ἀλόγως.</span> 
     </span>
    </p>
   </div>
   <div class='ocr_carea' id='block_1_8' title="bbox 207 876 1809 960">
    <p class='ocr_par' dir='ltr' id='par_1_8' title="bbox 207 876 1809 960">
     <span class='ocr_line' id='line_1_8' title="bbox 207 876 1809 960; baseline -0.012 -15"><span class='ocrx_word' id='word_1_42' title='bbox 207 893 275 946; x_wconf 82' lang='lat' dir='ltr'><strong>El</strong></span> <span class='ocrx_word' id='word_1_43' title='bbox 307 892 440 960; x_wconf 77' lang='grc' dir='ltr'>γὰρ,</span> <span class='ocrx_word' id='word_1_44' title='bbox 476 888 663 958; x_wconf 72' lang='grc' dir='ltr'>φησὶν,</span> <span class='ocrx_word' id='word_1_45' title='bbox 691 886 793 940; x_wconf 89' lang='grc' dir='ltr'><strong>οὑκ</strong></span> <span class='ocrx_word' id='word_1_46' title='bbox 826 884 976 938; x_wconf 77' lang='grc' dir='ltr'>ἔστιν</span> <span class='ocrx_word' id='word_1_47' title='bbox 999 877 1168 948; x_wconf 75' lang='grc' dir='ltr'>οἶνος,</span> <span class='ocrx_word' id='word_1_48' title='bbox 1199 880 1309 934; x_wconf 74' lang='grc' dir='ltr'>ἔδει</span> <span class='ocrx_word' id='word_1_49' title='bbox 1342 878 1541 942; x_wconf 78' lang='grc' dir='ltr'>αὑτοὺς</span> <span class='ocrx_word' id='word_1_50' title='bbox 1567 876 1809 938; x_wconf 76' lang='grc' dir='ltr'>ὲκείνους</span> 
     </span>
    </p>
   </div>
   <div class='ocr_carea' id='block_1_9' title="bbox 203 966 1807 1050">
    <p class='ocr_par' dir='ltr' id='par_1_9' title="bbox 203 966 1807 1050">
     <span class='ocr_line' id='line_1_9' title="bbox 203 966 1807 1050; baseline -0.011 -15"><span class='ocrx_word' id='word_1_51' title='bbox 203 983 336 1044; x_wconf 79' lang='grc' dir='ltr'>τοὺς</span> <span class='ocrx_word' id='word_1_52' title='bbox 372 981 446 1050; x_wconf 82' lang='grc' dir='ltr'>μὴ</span> <span class='ocrx_word' id='word_1_53' title='bbox 479 979 706 1048; x_wconf 62' lang='grc' dir='ltr'>ἔχοντας</span> <span class='ocrx_word' id='word_1_54' title='bbox 738 973 1084 1048; x_wconf 71' lang='grc' dir='ltr'><strong>προσελθεῖν,</strong></span> <span class='ocrx_word' id='word_1_55' title='bbox 1143 972 1240 1025; x_wconf 76' lang='grc' dir='ltr'><strong>καὶ</strong></span> <span class='ocrx_word' id='word_1_56' title='bbox 1278 968 1536 1034; x_wconf 80' lang='grc' dir='ltr'>ἀξιῶσαι,</span> <span class='ocrx_word' id='word_1_57' title='bbox 1568 967 1695 1036; x_wconf 69' lang='grc' dir='ltr'>οὐχ).</span> <span class='ocrx_word' id='word_1_58' title='bbox 1747 966 1807 1018; x_wconf 77' lang='grc' dir='ltr'>σὲ</span> 
     </span>
    </p>
   </div>
   <div class='ocr_carea' id='block_1_10' title="bbox 204 1059 1810 1143">
    <p class='ocr_par' dir='ltr' id='par_1_10' title="bbox 204 1059 1810 1143">
     <span class='ocr_line' id='line_1_10' title="bbox 204 1059 1810 1143; baseline -0.01 -17"><span class='ocrx_word' id='word_1_59' title='bbox 204 1080 311 1143; x_wconf 73' lang='grc' dir='ltr'>τὴν</span> <span class='ocrx_word' id='word_1_60' title='bbox 343 1072 596 1142; x_wconf 82' lang='grc' dir='ltr'>Μητέρα.</span> <span class='ocrx_word' id='word_1_61' title='bbox 636 1069 699 1122; x_wconf 85' lang='grc' dir='ltr'><strong>Ἦ</strong></span> <span class='ocrx_word' id='word_1_62' title='bbox 734 1067 843 1138; x_wconf 79' lang='grc' dir='ltr'><strong>γὰρ</strong></span> <span class='ocrx_word' id='word_1_63' title='bbox 872 1064 1136 1134; x_wconf 73' lang='grc' dir='ltr'>περὶτῶν</span> <span class='ocrx_word' id='word_1_64' title='bbox 1175 1060 1395 1115; x_wconf 80' lang='grc' dir='ltr'>οίκείων</span> <span class='ocrx_word' id='word_1_65' title='bbox 1455 1059 1810 1131; x_wconf 80' lang='grc' dir='ltr'>παράκλησις</span> 
     </span>
    </p>
   </div>
   <div class='ocr_carea' id='block_1_11' title="bbox 209 1151 1810 1230">
    <p class='ocr_par' dir='ltr' id='par_1_11' title="bbox 209 1151 1810 1230">
     <span class='ocr_line' id='line_1_11' title="bbox 209 1151 1810 1230; baseline -0.011 -10"><span class='ocrx_word' id='word_1_66' title='bbox 209 1166 512 1220; x_wconf 76' lang='grc' dir='ltr'><strong>σκάνδαλον</strong></span> <span class='ocrx_word' id='word_1_67' title='bbox 559 1165 773 1230; x_wconf 86' lang='grc' dir='ltr'>γίνεται</span> <span class='ocrx_word' id='word_1_68' title='bbox 831 1160 943 1222; x_wconf 81' lang='grc' dir='ltr'>τοῖς</span> <span class='ocrx_word' id='word_1_69' title='bbox 982 1158 1216 1228; x_wconf 73' lang='grc' dir='ltr'>ὁρῶσινο</span> <span class='ocrx_word' id='word_1_70' title='bbox 1255 1157 1404 1209; x_wconf 82' lang='grc' dir='ltr'>ὅταν·</span> <span class='ocrx_word' id='word_1_71' title='bbox 1438 1154 1496 1208; x_wconf 70' lang='grc' dir='ltr'>δὲ</span> <span class='ocrx_word' id='word_1_72' title='bbox 1531 1154 1581 1205; x_wconf 86' lang='grc' dir='ltr'>οἱ</span> <span class='ocrx_word' id='word_1_73' title='bbox 1617 1151 1810 1223; x_wconf 85' lang='grc' dir='ltr'>χρείαν</span> 
     </span>
    </p>
   </div>
   <div class='ocr_carea' id='block_1_12' title="bbox 205 1244 1808 1329">
    <p class='ocr_par' dir='ltr' id='par_1_12' title="bbox 205 1244 1808 1329">
     <span class='ocr_line' id='line_1_12' title="bbox 205 1244 1808 1329; baseline -0.01 -17"><span class='ocrx_word' id='word_1_74' title='bbox 205 1260 429 1329; x_wconf 68' lang='grc' dir='ltr'>ἔχοντες</span> <span class='ocrx_word' id='word_1_75' title='bbox 469 1257 625 1311; x_wconf 72' lang='grc' dir='ltr'>αὐτοὶ</span> <span class='ocrx_word' id='word_1_76' title='bbox 679 1254 942 1314; x_wconf 79' lang='grc' dir='ltr'>δέωνται,</span> <span class='ocrx_word' id='word_1_77' title='bbox 963 1251 1280 1305; x_wconf 80' lang='grc' dir='ltr'>ἀνύποπτον</span> <span class='ocrx_word' id='word_1_78' title='bbox 1304 1248 1364 1300; x_wconf 82' lang='grc' dir='ltr'><strong>τὸ</strong></span> <span class='ocrx_word' id='word_1_79' title='bbox 1391 1249 1629 1318; x_wconf 82' lang='grc' dir='ltr'>πρᾶγμα</span> <span class='ocrx_word' id='word_1_80' title='bbox 1654 1244 1808 1314; x_wconf 73' lang='grc' dir='ltr'>γίνεο</span> 
     </span>
    </p>
   </div>
   <div class='ocr_carea' id='block_1_13' title="bbox 205 1339 1807 1414">
    <p class='ocr_par' dir='ltr' id='par_1_13' title="bbox 205 1339 1807 1414">
     <span class='ocr_line' id='line_1_13' title="bbox 205 1339 1807 1414; baseline -0.009 -10"><span class='ocrx_word' id='word_1_81' title='bbox 205 1367 321 1405; x_wconf 87' lang='grc' dir='ltr'>ται.</span> <span class='ocrx_word' id='word_1_82' title='bbox 356 1351 431 1403; x_wconf 80' lang='grc' dir='ltr'>Τὸ</span> <span class='ocrx_word' id='word_1_83' title='bbox 454 1349 534 1414; x_wconf 71' lang='grc' dir='ltr'>δὲ,</span> <span class='ocrx_word' id='word_1_84' title='bbox 583 1367 600 1399; x_wconf 77' lang='grc' dir='ltr'><strong>ε</strong></span> <span class='ocrx_word' id='word_1_85' title='bbox 644 1346 812 1401; x_wconf 76' lang='grc' dir='ltr'>Οὔπω</span> <span class='ocrx_word' id='word_1_86' title='bbox 845 1344 1038 1414; x_wconf 77' lang='grc' dir='ltr'>ἥκειή</span> <span class='ocrx_word' id='word_1_87' title='bbox 1090 1341 1209 1412; x_wconf 90' lang='grc' dir='ltr'><strong>ὥρα</strong></span> <span class='ocrx_word' id='word_1_88' title='bbox 1244 1359 1368 1411; x_wconf 88' lang='grc' dir='ltr'>μου,</span> <span class='ocrx_word' id='word_1_89' title='bbox 1410 1359 1428 1391; x_wconf 69' lang='grc' dir='ltr'><strong>ι</strong></span> <span class='ocrx_word' id='word_1_90' title='bbox 1475 1340 1665 1409; x_wconf 71' lang='grc' dir='ltr'>φησὶν,</span> <span class='ocrx_word' id='word_1_91' title='bbox 1707 1339 1807 1408; x_wconf 71' lang='grc' dir='ltr'>οὐχ</span> 
     </span>
    </p>
   </div>
   <div class='ocr_carea' id='block_1_14' title="bbox 205 1432 1803 1511">
    <p class='ocr_par' dir='ltr' id='par_1_14' title="bbox 205 1432 1803 1511">
     <span class='ocr_line' id='line_1_14' title="bbox 205 1432 1803 1511; baseline -0.009 -15"><span class='ocrx_word' id='word_1_92' title='bbox 205 1442 285 1507; x_wconf 78' lang='grc' dir='ltr'><strong>ὡς</strong></span> <span class='ocrx_word' id='word_1_93' title='bbox 317 1441 681 1511; x_wconf 80' lang='grc' dir='ltr'>ὑποκείμενος</span> <span class='ocrx_word' id='word_1_94' title='bbox 714 1439 988 1506; x_wconf 77' lang='grc' dir='ltr'><strong>ἀνάγκαις</strong></span> <span class='ocrx_word' id='word_1_95' title='bbox 1017 1434 1249 1506; x_wconf 85' lang='grc' dir='ltr'>καιρῶν,</span> <span class='ocrx_word' id='word_1_96' title='bbox 1283 1435 1317 1508; x_wconf 75' lang='grc' dir='ltr'>ἢ</span> <span class='ocrx_word' id='word_1_97' title='bbox 1353 1432 1502 1501; x_wconf 78' lang='grc' dir='ltr'>ὥρας</span> <span class='ocrx_word' id='word_1_98' title='bbox 1545 1447 1803 1502; x_wconf 81' lang='grc' dir='ltr'>παρατη-</span> 
     </span>
    </p>
   </div>
   <div class='ocr_carea' id='block_1_15' title="bbox 209 1522 1809 1604">
    <p class='ocr_par' dir='ltr' id='par_1_15' title="bbox 209 1522 1809 1604">
     <span class='ocr_line' id='line_1_15' title="bbox 209 1522 1809 1604; baseline -0.008 -17"><span class='ocrx_word' id='word_1_99' title='bbox 209 1534 480 1604; x_wconf 84' lang='grc' dir='ltr'>ρούμενος</span> <span class='ocrx_word' id='word_1_100' title='bbox 544 1532 662 1593; x_wconf 84' lang='grc' dir='ltr'>πῶς</span> <span class='ocrx_word' id='word_1_101' title='bbox 701 1530 811 1600; x_wconf 80' lang='grc' dir='ltr'>γὰρ</span> <span class='ocrx_word' id='word_1_102' title='bbox 858 1530 886 1581; x_wconf 90' lang='grc' dir='ltr'><strong>ό</strong></span> <span class='ocrx_word' id='word_1_103' title='bbox 926 1527 1165 1597; x_wconf 78' lang='grc' dir='ltr'><strong>Ποιητής</strong></span> <span class='ocrx_word' id='word_1_104' title='bbox 1196 1526 1305 1578; x_wconf 85' lang='grc' dir='ltr'>τῶν</span> <span class='ocrx_word' id='word_1_105' title='bbox 1333 1524 1543 1595; x_wconf 85' lang='grc' dir='ltr'>χρόνων</span> <span class='ocrx_word' id='word_1_106' title='bbox 1578 1524 1670 1576; x_wconf 75' lang='grc' dir='ltr'>καὶ</span> <span class='ocrx_word' id='word_1_107' title='bbox 1699 1522 1809 1574; x_wconf 85' lang='grc' dir='ltr'>τῶν</span> 
     </span>
    </p>
   </div>
   <div class='ocr_carea' id='block_1_16' title="bbox 204 1613 1808 1693">
    <p class='ocr_par' dir='ltr' id='par_1_16' title="bbox 204 1613 1808 1693">
     <span class='ocr_line' id='line_1_16' title="bbox 204 1613 1808 1693; baseline -0.009 -14"><span class='ocrx_word' id='word_1_108' title='bbox 204 1625 482 1693; x_wconf 76' lang='grc' dir='ltr'>αίώνωνς)</span> <span class='ocrx_word' id='word_1_109' title='bbox 512 1622 628 1676; x_wconf 82' lang='grc' dir='ltr'>ἀλλ’</span> <span class='ocrx_word' id='word_1_110' title='bbox 657 1623 744 1675; x_wconf 78' lang='grc' dir='ltr'><strong>ὅτι</strong></span> <span class='ocrx_word' id='word_1_111' title='bbox 774 1623 953 1676; x_wconf 82' lang='grc' dir='ltr'>πάντα</span> <span class='ocrx_word' id='word_1_112' title='bbox 986 1617 1127 1689; x_wconf 86' lang='grc' dir='ltr'><strong>μετά</strong></span> <span class='ocrx_word' id='word_1_113' title='bbox 1153 1616 1248 1671; x_wconf 89' lang='grc' dir='ltr'><strong>τοῦ</strong></span> <span class='ocrx_word' id='word_1_114' title='bbox 1283 1613 1481 1687; x_wconf 83' lang='grc' dir='ltr'>καιροῦ</span> <span class='ocrx_word' id='word_1_115' title='bbox 1516 1613 1612 1666; x_wconf 90' lang='grc' dir='ltr'><strong>τοῦ</strong></span> <span class='ocrx_word' id='word_1_116' title='bbox 1635 1629 1808 1683; x_wconf 84' lang='grc' dir='ltr'>προσ-</span> 
     </span>
    </p>
   </div>
   <div class='ocr_carea' id='block_1_17' title="bbox 203 1702 1812 1790">
    <p class='ocr_par' dir='ltr' id='par_1_17' title="bbox 203 1702 1812 1790">
     <span class='ocr_line' id='line_1_17' title="bbox 203 1702 1812 1790; baseline -0.011 -16"><span class='ocrx_word' id='word_1_117' title='bbox 203 1721 439 1790; x_wconf 77' lang='grc' dir='ltr'>ήκοντος</span> <span class='ocrx_word' id='word_1_118' title='bbox 485 1715 807 1787; x_wconf 77' lang='grc' dir='ltr'>ἐργάζεται,</span> <span class='ocrx_word' id='word_1_119' title='bbox 864 1711 1020 1766; x_wconf 84' lang='grc' dir='ltr'>Ἐπεὶ</span> <span class='ocrx_word' id='word_1_120' title='bbox 1090 1709 1184 1764; x_wconf 85' lang='grc' dir='ltr'><strong>οῦν</strong></span> <span class='ocrx_word' id='word_1_121' title='bbox 1229 1707 1427 1778; x_wconf 74' lang='grc' dir='ltr'>ἄδηλος</span> <span class='ocrx_word' id='word_1_122' title='bbox 1455 1702 1525 1778; x_wconf 77' lang='grc' dir='ltr'>ἦν</span> <span class='ocrx_word' id='word_1_123' title='bbox 1565 1705 1670 1772; x_wconf 69' lang='grc' dir='ltr'>ἔτι,</span> <span class='ocrx_word' id='word_1_124' title='bbox 1715 1704 1812 1758; x_wconf 77' lang='grc' dir='ltr'>καὶ</span> 
     </span>
    </p>
   </div>
   <div class='ocr_carea' id='block_1_18' title="bbox 203 1797 1810 1881">
    <p class='ocr_par' dir='ltr' id='par_1_18' title="bbox 203 1797 1810 1881">
     <span class='ocr_line' id='line_1_18' title="bbox 203 1797 1810 1881; baseline -0.012 -14"><span class='ocrx_word' id='word_1_125' title='bbox 203 1814 490 1881; x_wconf 76' lang='grc' dir='ltr'>ἄγνωστος</span> <span class='ocrx_word' id='word_1_126' title='bbox 517 1811 630 1871; x_wconf 79' lang='grc' dir='ltr'>τοῖς</span> <span class='ocrx_word' id='word_1_127' title='bbox 668 1806 910 1870; x_wconf 79' lang='grc' dir='ltr'>πολλοῖς,</span> <span class='ocrx_word' id='word_1_128' title='bbox 952 1803 1048 1857; x_wconf 81' lang='grc' dir='ltr'>καὶ</span> <span class='ocrx_word' id='word_1_129' title='bbox 1069 1801 1194 1855; x_wconf 81' lang='grc' dir='ltr'>οὑδὲ</span> <span class='ocrx_word' id='word_1_130' title='bbox 1215 1799 1344 1863; x_wconf 73' lang='grc' dir='ltr'>τοὺς</span> <span class='ocrx_word' id='word_1_131' title='bbox 1385 1797 1639 1870; x_wconf 73' lang='grc' dir='ltr'>μαθητὰς</span> <span class='ocrx_word' id='word_1_132' title='bbox 1670 1797 1810 1851; x_wconf 82' lang='grc' dir='ltr'>πάν-</span> 
     </span>
    </p>
   </div>
   <div class='ocr_carea' id='block_1_19' title="bbox 203 1891 1798 1974">
    <p class='ocr_par' dir='ltr' id='par_1_19' title="bbox 203 1891 1798 1974">
     <span class='ocr_line' id='line_1_19' title="bbox 203 1891 1798 1974; baseline -0.01 -17"><span class='ocrx_word' id='word_1_133' title='bbox 203 1922 307 1967; x_wconf 85' lang='grc' dir='ltr'><strong>τας</strong></span> <span class='ocrx_word' id='word_1_134' title='bbox 333 1899 499 1974; x_wconf 69' lang='grc' dir='ltr'>εἶχεν,</span> <span class='ocrx_word' id='word_1_135' title='bbox 525 1900 642 1954; x_wconf 79' lang='grc' dir='ltr'>ἀλλ’</span> <span class='ocrx_word' id='word_1_136' title='bbox 673 1898 794 1953; x_wconf 70' lang='grc' dir='ltr'>οὑδὲ</span> <span class='ocrx_word' id='word_1_137' title='bbox 824 1899 872 1951; x_wconf 79' lang='grc' dir='ltr'>οἱ</span> <span class='ocrx_word' id='word_1_138' title='bbox 905 1898 963 1948; x_wconf 79' lang='grc' dir='ltr'>ὲν</span> <span class='ocrx_word' id='word_1_139' title='bbox 985 1894 1064 1966; x_wconf 82' lang='grc' dir='ltr'><strong>τῷ</strong></span> <span class='ocrx_word' id='word_1_140' title='bbox 1087 1893 1254 1963; x_wconf 84' lang='grc' dir='ltr'>γάμῳ</span> <span class='ocrx_word' id='word_1_141' title='bbox 1283 1891 1798 1962; x_wconf 59' lang='grc' dir='ltr'>αὑτὸνξὲγίνωσκον·</span> 
     </span>
    </p>
   </div>
   <div class='ocr_carea' id='block_1_20' title="bbox 1914 676 3524 752">
    <p class='ocr_par' dir='ltr' id='par_1_20' title="bbox 1914 676 3524 752">
     <span class='ocr_line' id='line_1_20' title="bbox 1914 676 3524 752; baseline -0.007 -10"><span class='ocrx_word' id='word_1_142' title='bbox 1914 685 2061 742; x_wconf 84' lang='lat' dir='ltr'><strong>Filii.</strong></span> <span class='ocrx_word' id='word_1_143' title='bbox 2106 689 2175 740; x_wconf 82' lang='lat' dir='ltr'><strong>At</strong></span> <span class='ocrx_word' id='word_1_144' title='bbox 2224 683 2313 739; x_wconf 83' lang='lat' dir='ltr'><strong>ille</strong></span> <span class='ocrx_word' id='word_1_145' title='bbox 2369 684 2618 752; x_wconf 88' lang='lat' dir='ltr'><strong>increpat</strong></span> <span class='ocrx_word' id='word_1_146' title='bbox 2680 695 2826 744; x_wconf 91' lang='lat' dir='ltr'><strong>eam,</strong></span> <span class='ocrx_word' id='word_1_147' title='bbox 2889 692 2998 732; x_wconf 90' lang='lat' dir='ltr'><strong>non</strong></span> <span class='ocrx_word' id='word_1_148' title='bbox 3062 677 3321 731; x_wconf 84' lang='lat' dir='ltr'><strong>absurde.</strong></span> <span class='ocrx_word' id='word_1_149' title='bbox 3382 676 3524 732; x_wconf 91' lang='lat' dir='ltr'><strong>Dicit</strong></span> 
     </span>
    </p>
   </div>
   <div class='ocr_carea' id='block_1_21' title="bbox 1913 766 3526 838">
    <p class='ocr_par' dir='ltr' id='par_1_21' title="bbox 1913 766 3526 838">
     <span class='ocr_line' id='line_1_21' title="bbox 1913 766 3526 838; baseline -0.003 -10"><span class='ocrx_word' id='word_1_150' title='bbox 1913 775 2083 837; x_wconf 85' lang='lat' dir='ltr'><strong>enim,</strong></span> <span class='ocrx_word' id='word_1_151' title='bbox 2115 771 2172 830; x_wconf 90' lang='lat' dir='ltr'><strong>Si</strong></span> <span class='ocrx_word' id='word_1_152' title='bbox 2205 788 2315 828; x_wconf 92' lang='lat' dir='ltr'><strong>non</strong></span> <span class='ocrx_word' id='word_1_153' title='bbox 2349 775 2504 828; x_wconf 90' lang='lat' dir='ltr'><strong>adest</strong></span> <span class='ocrx_word' id='word_1_154' title='bbox 2534 772 2746 836; x_wconf 86' lang='lat' dir='ltr'><strong>vinum,</strong></span> <span class='ocrx_word' id='word_1_155' title='bbox 2781 776 2998 837; x_wconf 76' lang='lat' dir='ltr'><strong>oportet</strong></span> <span class='ocrx_word' id='word_1_156' title='bbox 3032 766 3156 821; x_wconf 87' lang='lat' dir='ltr'><strong>illos</strong></span> <span class='ocrx_word' id='word_1_157' title='bbox 3185 768 3354 836; x_wconf 87' lang='lat' dir='ltr'><strong>ipsos,</strong></span> <span class='ocrx_word' id='word_1_158' title='bbox 3400 770 3526 838; x_wconf 76' lang='lat' dir='ltr'><strong>qui~</strong></span> 
     </span>
    </p>
   </div>
   <div class='ocr_carea' id='block_1_22' title="bbox 1914 868 3520 935">
    <p class='ocr_par' dir='ltr' id='par_1_22' title="bbox 1914 868 3520 935">
     <span class='ocr_line' id='line_1_22' title="bbox 1914 868 3520 935; baseline -0.006 -12"><span class='ocrx_word' id='word_1_159' title='bbox 1914 868 2016 923; x_wconf 88' lang='lat' dir='ltr'><strong>bus</strong></span> <span class='ocrx_word' id='word_1_160' title='bbox 2047 869 2223 929; x_wconf 80' lang='lat' dir='ltr'><strong>deest,</strong></span> <span class='ocrx_word' id='word_1_161' title='bbox 2254 868 2520 922; x_wconf 89' lang='lat' dir='ltr'><strong>accedere</strong></span> <span class='ocrx_word' id='word_1_162' title='bbox 2549 875 2604 921; x_wconf 88' lang='lat' dir='ltr'><strong>et</strong></span> <span class='ocrx_word' id='word_1_163' title='bbox 2638 879 2854 935; x_wconf 87' lang='lat' dir='ltr'><strong>rogare,</strong></span> <span class='ocrx_word' id='word_1_164' title='bbox 2903 870 2959 916; x_wconf 88' lang='lat' dir='ltr'><strong>et</strong></span> <span class='ocrx_word' id='word_1_165' title='bbox 3020 877 3128 916; x_wconf 90' lang='lat' dir='ltr'><strong>non</strong></span> <span class='ocrx_word' id='word_1_166' title='bbox 3165 869 3219 914; x_wconf 92' lang='lat' dir='ltr'><strong>te</strong></span> <span class='ocrx_word' id='word_1_167' title='bbox 3265 870 3520 917; x_wconf 83' lang='lat' dir='ltr'><strong>matrem.</strong></span> 
     </span>
    </p>
   </div>
   <div class='ocr_carea' id='block_1_23' title="bbox 1913 953 3521 1030">
    <p class='ocr_par' dir='ltr' id='par_1_23' title="bbox 1913 953 3521 1030">
     <span class='ocr_line' id='line_1_23' title="bbox 1913 953 3521 1030; baseline -0.005 -15"><span class='ocrx_word' id='word_1_168' title='bbox 1913 959 2048 1015; x_wconf 85' lang='lat' dir='ltr'><strong>Nam</strong></span> <span class='ocrx_word' id='word_1_169' title='bbox 2082 960 2302 1030; x_wconf 89' lang='lat' dir='ltr'><strong>quando</strong></span> <span class='ocrx_word' id='word_1_170' title='bbox 2334 960 2624 1013; x_wconf 82' lang='lat' dir='ltr'><strong>hortantur</strong></span> <span class='ocrx_word' id='word_1_171' title='bbox 2655 976 2682 1011; x_wconf 87' lang='lat' dir='ltr'><strong>a</strong></span> <span class='ocrx_word' id='word_1_172' title='bbox 2715 958 3057 1025; x_wconf 76' lang='lat' dir='ltr'><strong>domesticis,</strong></span> <span class='ocrx_word' id='word_1_173' title='bbox 3091 953 3412 1009; x_wconf 79' lang='lat' dir='ltr'><strong>scandalum</strong></span> <span class='ocrx_word' id='word_1_174' title='bbox 3462 953 3521 1007; x_wconf 78' lang='lat' dir='ltr'><strong>fit</strong></span> 
     </span>
    </p>
   </div>
   <div class='ocr_carea' id='block_1_24' title="bbox 1913 1046 3520 1119">
    <p class='ocr_par' dir='ltr' id='par_1_24' title="bbox 1913 1046 3520 1119">
     <span class='ocr_line' id='line_1_24' title="bbox 1913 1046 3520 1119; baseline -0.006 -11"><span class='ocrx_word' id='word_1_175' title='bbox 1913 1054 2246 1109; x_wconf 81' lang='lat' dir='ltr'><strong>videntibus.</strong></span> <span class='ocrx_word' id='word_1_176' title='bbox 2309 1053 2537 1119; x_wconf 81' lang='lat' dir='ltr'><strong>Quando</strong></span> <span class='ocrx_word' id='word_1_177' title='bbox 2595 1059 2778 1104; x_wconf 86' lang='lat' dir='ltr'><strong>autem</strong></span> <span class='ocrx_word' id='word_1_178' title='bbox 2846 1049 2897 1104; x_wconf 91' lang='lat' dir='ltr'><strong>hi</strong></span> <span class='ocrx_word' id='word_1_179' title='bbox 2965 1055 3163 1117; x_wconf 87' lang='lat' dir='ltr'><strong>rogant</strong></span> <span class='ocrx_word' id='word_1_180' title='bbox 3229 1046 3321 1116; x_wconf 91' lang='lat' dir='ltr'><strong>qui</strong></span> <span class='ocrx_word' id='word_1_181' title='bbox 3380 1062 3520 1115; x_wconf 81' lang='lat' dir='ltr'><strong>Opus</strong></span> 
     </span>
    </p>
   </div>
   <div class='ocr_carea' id='block_1_25' title="bbox 1916 1140 3519 1216">
    <p class='ocr_par' dir='ltr' id='par_1_25' title="bbox 1916 1140 3519 1216">
     <span class='ocr_line' id='line_1_25' title="bbox 1916 1140 3519 1216; baseline -0.008 -13"><span class='ocrx_word' id='word_1_182' title='bbox 1916 1147 2141 1210; x_wconf 87' lang='lat' dir='ltr'><strong>habent,</strong></span> <span class='ocrx_word' id='word_1_183' title='bbox 2206 1146 2521 1216; x_wconf 74' lang='lat' dir='ltr'><strong>suspicione</strong></span> <span class='ocrx_word' id='word_1_184' title='bbox 2589 1159 2676 1200; x_wconf 89' lang='lat' dir='ltr'><strong>res</strong></span> <span class='ocrx_word' id='word_1_185' title='bbox 2737 1152 2911 1197; x_wconf 88' lang='lat' dir='ltr'><strong>caret.</strong></span> <span class='ocrx_word' id='word_1_186' title='bbox 2976 1143 3247 1196; x_wconf 73' lang='lat' dir='ltr'><strong>Czeterum</strong></span> <span class='ocrx_word' id='word_1_187' title='bbox 3309 1140 3519 1204; x_wconf 81' lang='lat' dir='ltr'><strong>dicens,</strong></span> 
     </span>
    </p>
   </div>
   <div class='ocr_carea' id='block_1_26' title="bbox 1921 1233 3522 1304">
    <p class='ocr_par' dir='ltr' id='par_1_26' title="bbox 1921 1233 3522 1304">
     <span class='ocr_line' id='line_1_26' title="bbox 1921 1233 3522 1304; baseline -0.004 -12"><span class='ocrx_word' id='word_1_188' title='bbox 1921 1259 1939 1292; x_wconf 79' lang='grc' dir='ltr'><strong>ι</strong></span> <span class='ocrx_word' id='word_1_189' title='bbox 1962 1237 2209 1292; x_wconf 85' lang='lat' dir='ltr'><strong>Nondum</strong></span> <span class='ocrx_word' id='word_1_190' title='bbox 2235 1239 2387 1292; x_wconf 88' lang='lat' dir='ltr'><strong>venit</strong></span> <span class='ocrx_word' id='word_1_191' title='bbox 2414 1237 2547 1291; x_wconf 86' lang='lat' dir='ltr'><strong>hora</strong></span> <span class='ocrx_word' id='word_1_192' title='bbox 2574 1251 2714 1301; x_wconf 86' lang='lat' dir='ltr'><strong>mea,</strong></span> <span class='ocrx_word' id='word_1_193' title='bbox 2742 1255 2761 1288; x_wconf 73' lang='grc' dir='ltr'><strong>ι</strong></span> <span class='ocrx_word' id='word_1_194' title='bbox 2793 1252 2899 1289; x_wconf 89' lang='lat' dir='ltr'><strong>non</strong></span> <span class='ocrx_word' id='word_1_195' title='bbox 2926 1236 3042 1289; x_wconf 83' lang='lat' dir='ltr'><strong>vult</strong></span> <span class='ocrx_word' id='word_1_196' title='bbox 3069 1235 3216 1304; x_wconf 89' lang='lat' dir='ltr'><strong>quod</strong></span> <span class='ocrx_word' id='word_1_197' title='bbox 3246 1233 3522 1288; x_wconf 79' lang='lat' dir='ltr'><strong>obnoxius</strong></span> 
     </span>
    </p>
   </div>
   <div class='ocr_carea' id='block_1_27' title="bbox 1915 1326 3520 1399">
    <p class='ocr_par' dir='ltr' id='par_1_27' title="bbox 1915 1326 3520 1399">
     <span class='ocr_line' id='line_1_27' title="bbox 1915 1326 3520 1399; baseline -0.006 -12"><span class='ocrx_word' id='word_1_198' title='bbox 1915 1334 1989 1387; x_wconf 89' lang='lat' dir='ltr'><strong>sit</strong></span> <span class='ocrx_word' id='word_1_199' title='bbox 2025 1331 2451 1386; x_wconf 88' lang='lat' dir='ltr'><strong>necessitatilms</strong></span> <span class='ocrx_word' id='word_1_200' title='bbox 2485 1341 2831 1399; x_wconf 84' lang='lat' dir='ltr'><strong>temporum.</strong></span> <span class='ocrx_word' id='word_1_201' title='bbox 2891 1327 2976 1383; x_wconf 88' lang='lat' dir='ltr'><strong>vel</strong></span> <span class='ocrx_word' id='word_1_202' title='bbox 3034 1330 3197 1382; x_wconf 89' lang='lat' dir='ltr'><strong>horas</strong></span> <span class='ocrx_word' id='word_1_203' title='bbox 3241 1326 3520 1392; x_wconf 76' lang='lat' dir='ltr'><strong>observet,</strong></span> 
     </span>
    </p>
   </div>
   <div class='ocr_carea' id='block_1_28' title="bbox 1913 1413 3523 1496">
    <p class='ocr_par' dir='ltr' id='par_1_28' title="bbox 1913 1413 3523 1496">
     <span class='ocr_line' id='line_1_28' title="bbox 1913 1413 3523 1496; baseline -0.004 -19"><span class='ocrx_word' id='word_1_204' title='bbox 1913 1422 2211 1496; x_wconf 89' lang='lat' dir='ltr'><strong>(quomodo</strong></span> <span class='ocrx_word' id='word_1_205' title='bbox 2247 1423 2391 1475; x_wconf 87' lang='lat' dir='ltr'><strong>enim</strong></span> <span class='ocrx_word' id='word_1_206' title='bbox 2429 1421 2532 1474; x_wconf 89' lang='lat' dir='ltr'><strong>hoc</strong></span> <span class='ocrx_word' id='word_1_207' title='bbox 2594 1421 2779 1474; x_wconf 88' lang='lat' dir='ltr'><strong>dicere</strong></span> <span class='ocrx_word' id='word_1_208' title='bbox 2828 1433 3112 1488; x_wconf 77' lang='lat' dir='ltr'><strong>possemus</strong></span> <span class='ocrx_word' id='word_1_209' title='bbox 3158 1417 3226 1472; x_wconf 89' lang='lat' dir='ltr'><strong>de</strong></span> <span class='ocrx_word' id='word_1_210' title='bbox 3255 1424 3258 1426; x_wconf 67' lang='lat'><em>‘</em></span> <span class='ocrx_word' id='word_1_211' title='bbox 3286 1413 3523 1471; x_wconf 77' lang='lat' dir='ltr'><strong>Factore</strong></span> 
     </span>
    </p>
   </div>
   <div class='ocr_carea' id='block_1_29' title="bbox 1915 1511 3522 1586">
    <p class='ocr_par' dir='ltr' id='par_1_29' title="bbox 1915 1511 3522 1586">
     <span class='ocr_line' id='line_1_29' title="bbox 1915 1511 3522 1586; baseline -0.002 -18"><span class='ocrx_word' id='word_1_212' title='bbox 1915 1525 2221 1586; x_wconf 85' lang='lat' dir='ltr'><strong>temporum</strong></span> <span class='ocrx_word' id='word_1_213' title='bbox 2251 1524 2306 1567; x_wconf 89' lang='lat' dir='ltr'><strong>et</strong></span> <span class='ocrx_word' id='word_1_214' title='bbox 2331 1512 2657 1567; x_wconf 76' lang='lat' dir='ltr'><strong>szeculorum</strong></span> <span class='ocrx_word' id='word_1_215' title='bbox 2683 1511 2728 1584; x_wconf 71' lang='lat' dir='ltr'><strong>i)</strong></span> <span class='ocrx_word' id='word_1_216' title='bbox 2763 1513 2857 1566; x_wconf 89' lang='lat' dir='ltr'><strong>sed</strong></span> <span class='ocrx_word' id='word_1_217' title='bbox 2891 1512 3035 1580; x_wconf 85' lang='lat' dir='ltr'><strong>quod</strong></span> <span class='ocrx_word' id='word_1_218' title='bbox 3067 1511 3249 1564; x_wconf 89' lang='lat' dir='ltr'><strong>omnia</strong></span> <span class='ocrx_word' id='word_1_219' title='bbox 3273 1519 3522 1576; x_wconf 85' lang='lat' dir='ltr'><strong>tempore</strong></span> 
     </span>
    </p>
   </div>
   <div class='ocr_carea' id='block_1_30' title="bbox 1914 1601 3524 1676">
    <p class='ocr_par' dir='ltr' id='par_1_30' title="bbox 1914 1601 3524 1676">
     <span class='ocr_line' id='line_1_30' title="bbox 1914 1601 3524 1676; baseline -0.004 -16"><span class='ocrx_word' id='word_1_220' title='bbox 1914 1621 2156 1676; x_wconf 80' lang='lat' dir='ltr'><strong>congruo</strong></span> <span class='ocrx_word' id='word_1_221' title='bbox 2207 1615 2487 1674; x_wconf 87' lang='lat' dir='ltr'><strong>operetur.</strong></span> <span class='ocrx_word' id='word_1_222' title='bbox 2527 1601 2698 1674; x_wconf 86' lang='lat' dir='ltr'><strong>Igitur</strong></span> <span class='ocrx_word' id='word_1_223' title='bbox 2739 1603 3000 1675; x_wconf 88' lang='lat' dir='ltr'><strong>quoniam</strong></span> <span class='ocrx_word' id='word_1_224' title='bbox 3043 1603 3224 1656; x_wconf 86' lang='lat' dir='ltr'><strong>adhuc</strong></span> <span class='ocrx_word' id='word_1_225' title='bbox 3275 1601 3524 1670; x_wconf 81' lang='lat' dir='ltr'><strong>incogni-</strong></span> 
     </span>
    </p>
   </div>
   <div class='ocr_carea' id='block_1_31' title="bbox 1913 1691 3522 1758">
    <p class='ocr_par' dir='ltr' id='par_1_31' title="bbox 1913 1691 3522 1758">
     <span class='ocr_line' id='line_1_31' title="bbox 1913 1691 3522 1758; baseline -0.005 -9"><span class='ocrx_word' id='word_1_226' title='bbox 1913 1704 2000 1750; x_wconf 89' lang='lat' dir='ltr'><strong>tus</strong></span> <span class='ocrx_word' id='word_1_227' title='bbox 2060 1703 2202 1758; x_wconf 90' lang='lat' dir='ltr'><strong>erat,</strong></span> <span class='ocrx_word' id='word_1_228' title='bbox 2263 1704 2316 1748; x_wconf 91' lang='lat' dir='ltr'><strong>et</strong></span> <span class='ocrx_word' id='word_1_229' title='bbox 2355 1693 2605 1748; x_wconf 82' lang='lat' dir='ltr'><strong>occultus</strong></span> <span class='ocrx_word' id='word_1_230' title='bbox 2658 1693 2865 1756; x_wconf 88' lang='lat' dir='ltr'><strong>multis,</strong></span> <span class='ocrx_word' id='word_1_231' title='bbox 2935 1699 2989 1746; x_wconf 94' lang='lat' dir='ltr'><strong>et</strong></span> <span class='ocrx_word' id='word_1_232' title='bbox 3043 1691 3286 1745; x_wconf 88' lang='lat' dir='ltr'><strong>nondum</strong></span> <span class='ocrx_word' id='word_1_233' title='bbox 3323 1703 3522 1744; x_wconf 89' lang='lat' dir='ltr'><strong>omnes</strong></span> 
     </span>
    </p>
   </div>
   <div class='ocr_carea' id='block_1_32' title="bbox 1912 1782 3520 1855">
    <p class='ocr_par' dir='ltr' id='par_1_32' title="bbox 1912 1782 3520 1855">
     <span class='ocr_line' id='line_1_32' title="bbox 1912 1782 3520 1855; baseline -0.005 -13"><span class='ocrx_word' id='word_1_234' title='bbox 1912 1787 2152 1843; x_wconf 80' lang='lat' dir='ltr'><strong>habebat</strong></span> <span class='ocrx_word' id='word_1_235' title='bbox 2177 1786 2498 1855; x_wconf 91' lang='lat' dir='ltr'><strong>discipulos,</strong></span> <span class='ocrx_word' id='word_1_236' title='bbox 2528 1797 2582 1840; x_wconf 93' lang='lat' dir='ltr'><strong>et</strong></span> <span class='ocrx_word' id='word_1_237' title='bbox 2601 1801 2776 1852; x_wconf 89' lang='lat' dir='ltr'><strong>neque</strong></span> <span class='ocrx_word' id='word_1_238' title='bbox 2802 1784 2881 1850; x_wconf 92' lang='lat' dir='ltr'><strong>hi,</strong></span> <span class='ocrx_word' id='word_1_239' title='bbox 2902 1783 2995 1854; x_wconf 90' lang='lat' dir='ltr'><strong>qui</strong></span> <span class='ocrx_word' id='word_1_240' title='bbox 3027 1783 3080 1836; x_wconf 91' lang='lat' dir='ltr'><strong>in</strong></span> <span class='ocrx_word' id='word_1_241' title='bbox 3107 1782 3312 1852; x_wconf 80' lang='lat' dir='ltr'><strong>nuptiis</strong></span> <span class='ocrx_word' id='word_1_242' title='bbox 3338 1789 3520 1841; x_wconf 84' lang='lat' dir='ltr'><strong>erant,</strong></span> 
     </span>
    </p>
   </div>
   <div class='ocr_carea' id='block_1_33' title="bbox 1911 1876 3524 1951">
    <p class='ocr_par' dir='ltr' id='par_1_33' title="bbox 1911 1876 3524 1951">
     <span class='ocr_line' id='line_1_33' title="bbox 1911 1876 3524 1951; baseline -0.004 -16"><span class='ocrx_word' id='word_1_243' title='bbox 1911 1895 2037 1935; x_wconf 88' lang='lat' dir='ltr'><strong>eum</strong></span> <span class='ocrx_word' id='word_1_244' title='bbox 2070 1881 2438 1951; x_wconf 77' lang='lat' dir='ltr'><strong>agnoscebant</strong></span> <span class='ocrx_word' id='word_1_245' title='bbox 2477 1895 2491 1931; x_wconf 88' lang='lat'><strong>:</strong></span> <span class='ocrx_word' id='word_1_246' title='bbox 2527 1894 2652 1932; x_wconf 90' lang='lat' dir='ltr'><strong>nam</strong></span> <span class='ocrx_word' id='word_1_247' title='bbox 2681 1877 2923 1947; x_wconf 84' lang='lat' dir='ltr'><strong>alioquin</strong></span> <span class='ocrx_word' id='word_1_248' title='bbox 2974 1876 3074 1946; x_wconf 90' lang='lat' dir='ltr'><strong>ipsi</strong></span> <span class='ocrx_word' id='word_1_249' title='bbox 3131 1879 3524 1940; x_wconf 82' lang='lat' dir='ltr'><strong>accessissen&#39;,</strong></span> 
     </span>
    </p>
   </div>
   <div class='ocr_carea' id='block_1_34' title="bbox 199 1956 1802 2069">
    <p class='ocr_par' dir='ltr' id='par_1_34' title="bbox 199 1956 1802 2069">
     <span class='ocr_line' id='line_1_34' title="bbox 199 1956 1802 2069; baseline -0.015 -16"><span class='ocrx_word' id='word_1_250' title='bbox 199 1993 237 2069; x_wconf 82' lang='grc' dir='ltr'>ἦ</span> <span class='ocrx_word' id='word_1_251' title='bbox 275 1956 671 2066; x_wconf 36' lang='grc' dir='ltr'>γὰρῆᾱνιαύτοὶ</span> <span class='ocrx_word' id='word_1_252' title='bbox 701 1989 1008 2060; x_wconf 84' lang='grc' dir='ltr'>προσῆλθον</span> <span class='ocrx_word' id='word_1_253' title='bbox 1166 1956 1526 2056; x_wconf 21' lang='grc' dir='ltr'>παρεκάλουν*</span> <span class='ocrx_word' id='word_1_254' title='bbox 1551 1984 1682 2051; x_wconf 89' lang='grc' dir='ltr'><strong>περί</strong></span> <span class='ocrx_word' id='word_1_255' title='bbox 1707 1981 1802 2036; x_wconf 83' lang='grc' dir='ltr'><strong>τοῦ</strong></span> 
     </span>
    </p>
   </div>
   <div class='ocr_carea' id='block_1_35' title="bbox 1910 1956 3520 2069">
    <p class='ocr_par' dir='ltr' id='par_1_35' title="bbox 1913 1968 3520 2043">
     <span class='ocr_line' id='line_1_35' title="bbox 1913 1968 3520 2043; baseline -0.006 -14"><span class='ocrx_word' id='word_1_256' title='bbox 1913 1982 1967 2029; x_wconf 89' lang='lat' dir='ltr'><strong>et</strong></span> <span class='ocrx_word' id='word_1_257' title='bbox 2000 1981 2287 2043; x_wconf 76' lang='lat' dir='ltr'><strong>rogassent</strong></span> <span class='ocrx_word' id='word_1_258' title='bbox 2330 1987 2428 2043; x_wconf 90' lang='lat' dir='ltr'><strong>pro</strong></span> <span class='ocrx_word' id='word_1_259' title='bbox 2467 1969 2596 2025; x_wconf 85' lang='lat' dir='ltr'><strong>vino</strong></span> <span class='ocrx_word' id='word_1_260' title='bbox 2630 1971 2802 2040; x_wconf 87' lang='lat' dir='ltr'><strong>:qnia</strong></span> <span class='ocrx_word' id='word_1_261' title='bbox 2843 1971 2956 2024; x_wconf 68' lang='lat' dir='ltr'><strong>hmc</strong></span> <span class='ocrx_word' id='word_1_262' title='bbox 2983 1969 3168 2024; x_wconf 86' lang='lat' dir='ltr'><strong>omnia</strong></span> <span class='ocrx_word' id='word_1_263' title='bbox 3212 1971 3283 2025; x_wconf 77' lang='lat' dir='ltr'><strong>ita</strong></span> <span class='ocrx_word' id='word_1_264' title='bbox 3325 1983 3384 2022; x_wconf 86' lang='lat' dir='ltr'><strong>se</strong></span> <span class='ocrx_word' id='word_1_265' title='bbox 3419 1968 3520 2022; x_wconf 66' lang='lat' dir='ltr'><strong>ha-</strong></span> 
     </span>
    </p>
   </div>
   <div class='ocr_carea' id='block_1_36' title="bbox 201 2076 1802 2151">
    <p class='ocr_par' dir='ltr' id='par_1_36' title="bbox 201 2076 1802 2151">
     <span class='ocr_line' id='line_1_36' title="bbox 201 2076 1802 2151; baseline -0.01 -8"><span class='ocrx_word' id='word_1_266' title='bbox 201 2091 352 2143; x_wconf 80' lang='grc' dir='ltr'>οῐνου</span> <span class='ocrx_word' id='word_1_267' title='bbox 375 2103 388 2118; x_wconf 86' lang='grc'><strong>·</strong></span> <span class='ocrx_word' id='word_1_268' title='bbox 423 2088 550 2141; x_wconf 68' lang='grc' dir='ltr'>ἐπεὶ</span> <span class='ocrx_word' id='word_1_269' title='bbox 588 2080 682 2139; x_wconf 82' lang='grc' dir='ltr'>οὖν</span> <span class='ocrx_word' id='word_1_270' title='bbox 705 2082 880 2137; x_wconf 87' lang='grc' dir='ltr'>ταῦτα</span> <span class='ocrx_word' id='word_1_271' title='bbox 917 2081 1098 2134; x_wconf 85' lang='grc' dir='ltr'>πάντα</span> <span class='ocrx_word' id='word_1_272' title='bbox 1129 2077 1218 2151; x_wconf 76' lang='grc' dir='ltr'>ἦν,</span> <span class='ocrx_word' id='word_1_273' title='bbox 1272 2079 1364 2131; x_wconf 79' lang='grc' dir='ltr'><strong>διὰ</strong></span> <span class='ocrx_word' id='word_1_274' title='bbox 1395 2076 1556 2130; x_wconf 86' lang='grc' dir='ltr'>τοῦτό</span> <span class='ocrx_word' id='word_1_275' title='bbox 1596 2092 1765 2145; x_wconf 86' lang='grc' dir='ltr'>φησιν</span> <span class='ocrx_word' id='word_1_276' title='bbox 1788 2089 1802 2103; x_wconf 87' lang='grc'><strong>·</strong></span> 
     </span>
    </p>
   </div>
   <div class='ocr_carea' id='block_1_37' title="bbox 207 2168 1804 2252">
    <p class='ocr_par' dir='ltr' id='par_1_37' title="bbox 207 2168 1804 2252">
     <span class='ocr_line' id='line_1_37' title="bbox 207 2168 1804 2252; baseline -0.01 -17"><span class='ocrx_word' id='word_1_277' title='bbox 207 2204 226 2234; x_wconf 81' lang='grc' dir='ltr'><strong>ι</strong></span> <span class='ocrx_word' id='word_1_278' title='bbox 266 2180 439 2235; x_wconf 82' lang='grc' dir='ltr'>Οὑπω</span> <span class='ocrx_word' id='word_1_279' title='bbox 478 2182 607 2252; x_wconf 71' lang='grc' dir='ltr'>ἥκει</span> <span class='ocrx_word' id='word_1_280' title='bbox 662 2180 696 2246; x_wconf 79' lang='grc' dir='ltr'><strong>ἡ</strong></span> <span class='ocrx_word' id='word_1_281' title='bbox 749 2177 868 2246; x_wconf 97' lang='grc' dir='ltr'><strong>ὥρα</strong></span> <span class='ocrx_word' id='word_1_282' title='bbox 907 2189 1029 2246; x_wconf 86' lang='grc' dir='ltr'>μου·</span> <span class='ocrx_word' id='word_1_283' title='bbox 1068 2192 1088 2225; x_wconf 77' lang='grc' dir='ltr'><strong>ι</strong></span> <span class='ocrx_word' id='word_1_284' title='bbox 1141 2171 1446 2234; x_wconf 72' lang='grc' dir='ltr'><strong>τουτέστιν,</strong></span> <span class='ocrx_word' id='word_1_285' title='bbox 1489 2168 1804 2238; x_wconf 76' lang='grc' dir='ltr'>ἐπιτήδειος</span> 
     </span>
    </p>
   </div>
   <div class='ocr_carea' id='block_1_38' title="bbox 200 2260 1804 2346">
    <p class='ocr_par' dir='ltr' id='par_1_38' title="bbox 200 2260 1804 2346">
     <span class='ocr_line' id='line_1_38' title="bbox 200 2260 1804 2346; baseline -0.009 -19"><span class='ocrx_word' id='word_1_286' title='bbox 200 2274 397 2346; x_wconf 79' lang='grc' dir='ltr'>καιρὸς</span> <span class='ocrx_word' id='word_1_287' title='bbox 427 2274 490 2326; x_wconf 90' lang='grc' dir='ltr'><strong>οὑ</strong></span> <span class='ocrx_word' id='word_1_288' title='bbox 511 2274 798 2344; x_wconf 81' lang='grc' dir='ltr'>πάρεστιν.</span> <span class='ocrx_word' id='word_1_289' title='bbox 831 2267 976 2320; x_wconf 80' lang='grc' dir='ltr'>Ἀλλ’</span> <span class='ocrx_word' id='word_1_290' title='bbox 999 2267 1077 2318; x_wconf 74' lang='grc' dir='ltr'>ἔτι</span> <span class='ocrx_word' id='word_1_291' title='bbox 1096 2263 1380 2317; x_wconf 68' lang='grc' dir='ltr'>ἐνίσταται</span> <span class='ocrx_word' id='word_1_292' title='bbox 1411 2263 1444 2331; x_wconf 76' lang='grc' dir='ltr'>ἡ</span> <span class='ocrx_word' id='word_1_293' title='bbox 1465 2260 1558 2314; x_wconf 88' lang='grc' dir='ltr'><strong>τοῦ</strong></span> <span class='ocrx_word' id='word_1_294' title='bbox 1589 2261 1804 2330; x_wconf 79' lang='grc' dir='ltr'>Ἀρείου</span> 
     </span>
    </p>
   </div>
   <div class='ocr_carea' id='block_1_39' title="bbox 198 2353 1802 2430">
    <p class='ocr_par' dir='ltr' id='par_1_39' title="bbox 198 2353 1802 2430">
     <span class='ocr_line' id='line_1_39' title="bbox 198 2353 1802 2430; baseline -0.007 -14"><span class='ocrx_word' id='word_1_295' title='bbox 198 2364 397 2430; x_wconf 82' lang='grc' dir='ltr'>λύττα,</span> <span class='ocrx_word' id='word_1_296' title='bbox 451 2362 623 2427; x_wconf 80' lang='grc' dir='ltr'>δείξαι</span> <span class='ocrx_word' id='word_1_297' title='bbox 673 2359 993 2430; x_wconf 81' lang='grc' dir='ltr'>πειρωμένη</span> <span class='ocrx_word' id='word_1_298' title='bbox 1039 2356 1132 2409; x_wconf 82' lang='grc' dir='ltr'>τὸν</span> <span class='ocrx_word' id='word_1_299' title='bbox 1186 2353 1394 2426; x_wconf 80' lang='grc' dir='ltr'>Κύριον</span> <span class='ocrx_word' id='word_1_300' title='bbox 1431 2353 1802 2421; x_wconf 83' lang='grc' dir='ltr'>ὑποκείμενον</span> 
     </span>
    </p>
   </div>
   <div class='ocr_carea' id='block_1_40' title="bbox 199 2440 1802 2527">
    <p class='ocr_par' dir='ltr' id='par_1_40' title="bbox 199 2440 1802 2527">
     <span class='ocr_line' id='line_1_40' title="bbox 199 2440 1802 2527; baseline -0.009 -15"><span class='ocrx_word' id='word_1_301' title='bbox 199 2459 380 2527; x_wconf 79' lang='grc' dir='ltr'>ὥραις</span> <span class='ocrx_word' id='word_1_302' title='bbox 417 2455 510 2510; x_wconf 76' lang='grc' dir='ltr'>καὶ</span> <span class='ocrx_word' id='word_1_303' title='bbox 577 2456 812 2524; x_wconf 66' lang='grc' dir='ltr'>καιροῖς.</span> <span class='ocrx_word' id='word_1_304' title='bbox 849 2451 1108 2506; x_wconf 74' lang='grc' dir='ltr'>Μάνθανε</span> <span class='ocrx_word' id='word_1_305' title='bbox 1151 2448 1357 2512; x_wconf 80' lang='grc' dir='ltr'>τοίνυν,</span> <span class='ocrx_word' id='word_1_306' title='bbox 1410 2440 1455 2499; x_wconf 84' lang='grc' dir='ltr'><strong>ὥ</strong></span> <span class='ocrx_word' id='word_1_307' title='bbox 1494 2446 1802 2516; x_wconf 80' lang='grc' dir='ltr'>κατάρατε,</span> 
     </span>
    </p>
   </div>
   <div class='ocr_carea' id='block_1_41' title="bbox 199 2537 1800 2613">
    <p class='ocr_par' dir='ltr' id='par_1_41' title="bbox 199 2537 1800 2613">
     <span class='ocr_line' id='line_1_41' title="bbox 199 2537 1800 2613; baseline -0.007 -12"><span class='ocrx_word' id='word_1_308' title='bbox 199 2549 279 2611; x_wconf 76' lang='grc' dir='ltr'><strong>ὥς</strong></span> <span class='ocrx_word' id='word_1_309' title='bbox 314 2549 364 2600; x_wconf 87' lang='grc' dir='ltr'>εἱ</span> <span class='ocrx_word' id='word_1_310' title='bbox 399 2545 658 2598; x_wconf 80' lang='grc' dir='ltr'>ὑπέκειτο</span> <span class='ocrx_word' id='word_1_311' title='bbox 695 2543 890 2613; x_wconf 81' lang='grc' dir='ltr'>ὥραις,</span> <span class='ocrx_word' id='word_1_312' title='bbox 932 2541 1051 2604; x_wconf 84' lang='grc' dir='ltr'><strong>πῶς</strong></span> <span class='ocrx_word' id='word_1_313' title='bbox 1088 2539 1276 2593; x_wconf 84' lang='grc' dir='ltr'>λοιπὸν</span> <span class='ocrx_word' id='word_1_314' title='bbox 1317 2538 1546 2609; x_wconf 74' lang='grc' dir='ltr'>εποίησε</span> <span class='ocrx_word' id='word_1_315' title='bbox 1579 2538 1639 2589; x_wconf 80' lang='grc' dir='ltr'><strong>τὸ</strong></span> <span class='ocrx_word' id='word_1_316' title='bbox 1668 2537 1800 2590; x_wconf 85' lang='grc' dir='ltr'>θαῦ-</span> 
     </span>
    </p>
   </div>
   <div class='ocr_carea' id='block_1_42' title="bbox 205 2630 1804 2711">
    <p class='ocr_par' dir='ltr' id='par_1_42' title="bbox 205 2630 1804 2711">
     <span class='ocr_line' id='line_1_42' title="bbox 205 2630 1804 2711; baseline -0.008 -17"><span class='ocrx_word' id='word_1_317' title='bbox 205 2657 328 2711; x_wconf 88' lang='grc' dir='ltr'>μα;</span> <span class='ocrx_word' id='word_1_318' title='bbox 369 2638 520 2692; x_wconf 82' lang='grc' dir='ltr'>Ἔδει</span> <span class='ocrx_word' id='word_1_319' title='bbox 554 2637 686 2708; x_wconf 85' lang='grc' dir='ltr'>γὰρ,</span> <span class='ocrx_word' id='word_1_320' title='bbox 730 2638 876 2688; x_wconf 69' lang='grc' dir='ltr'>κατὰ</span> <span class='ocrx_word' id='word_1_321' title='bbox 915 2635 1006 2687; x_wconf 80' lang='grc' dir='ltr'>τὸν</span> <span class='ocrx_word' id='word_1_322' title='bbox 1053 2633 1145 2687; x_wconf 81' lang='grc' dir='ltr'><strong>σὺν</strong></span> <span class='ocrx_word' id='word_1_323' title='bbox 1191 2633 1374 2700; x_wconf 88' lang='grc' dir='ltr'>λόγον,</span> <span class='ocrx_word' id='word_1_324' title='bbox 1408 2633 1530 2684; x_wconf 77' lang='grc' dir='ltr'>ἐπεὶ</span> <span class='ocrx_word' id='word_1_325' title='bbox 1557 2630 1804 2683; x_wconf 77' lang='grc' dir='ltr'>δουλεύει</span> 
     </span>
    </p>
   </div>
   <div class='ocr_carea' id='block_1_43' title="bbox 200 2722 1805 2804">
    <p class='ocr_par' dir='ltr' id='par_1_43' title="bbox 200 2722 1805 2804">
     <span class='ocr_line' id='line_1_43' title="bbox 200 2722 1805 2804; baseline -0.008 -16"><span class='ocrx_word' id='word_1_326' title='bbox 200 2737 378 2804; x_wconf 76' lang='grc' dir='ltr'>ὥραις</span> <span class='ocrx_word' id='word_1_327' title='bbox 421 2733 518 2785; x_wconf 77' lang='grc' dir='ltr'>καὶ</span> <span class='ocrx_word' id='word_1_328' title='bbox 551 2732 792 2800; x_wconf 85' lang='grc' dir='ltr'>καιροῖς,</span> <span class='ocrx_word' id='word_1_329' title='bbox 834 2727 990 2781; x_wconf 78' lang='grc' dir='ltr'>οὑπω</span> <span class='ocrx_word' id='word_1_330' title='bbox 1023 2727 1078 2780; x_wconf 81' lang='grc' dir='ltr'>δὲ</span> <span class='ocrx_word' id='word_1_331' title='bbox 1113 2722 1250 2798; x_wconf 73' lang='grc' dir='ltr'>ἧκεν</span> <span class='ocrx_word' id='word_1_332' title='bbox 1277 2727 1310 2796; x_wconf 75' lang='grc' dir='ltr'>ἡ</span> <span class='ocrx_word' id='word_1_333' title='bbox 1343 2723 1465 2796; x_wconf 89' lang='grc' dir='ltr'><strong>ὥρα</strong></span> <span class='ocrx_word' id='word_1_334' title='bbox 1482 2723 1674 2791; x_wconf 86' lang='grc' dir='ltr'>αὑτοῦ,</span> <span class='ocrx_word' id='word_1_335' title='bbox 1728 2725 1805 2796; x_wconf 77' lang='grc' dir='ltr'>μὴ</span> 
     </span>
    </p>
   </div>
   <div class='ocr_carea' id='block_1_44' title="bbox 197 2818 1806 2897">
    <p class='ocr_par' dir='ltr' id='par_1_44' title="bbox 197 2818 1806 2897">
     <span class='ocr_line' id='line_1_44' title="bbox 197 2818 1806 2897; baseline -0.007 -16"><span class='ocrx_word' id='word_1_336' title='bbox 197 2825 502 2897; x_wconf 75' lang='grc' dir='ltr'>δυνηθῆναι</span> <span class='ocrx_word' id='word_1_337' title='bbox 534 2822 1031 2892; x_wconf 80' lang='grc' dir='ltr'>θαυμα-τουργῆσαι</span> <span class='ocrx_word' id='word_1_338' title='bbox 1058 2837 1071 2850; x_wconf 86' lang='grc'><strong>·</strong></span> <span class='ocrx_word' id='word_1_339' title='bbox 1102 2819 1240 2874; x_wconf 66' lang='grc' dir='ltr'>ἀλλὰ</span> <span class='ocrx_word' id='word_1_340' title='bbox 1269 2818 1377 2890; x_wconf 76' lang='grc' dir='ltr'><strong>μὴν</strong></span> <span class='ocrx_word' id='word_1_341' title='bbox 1421 2818 1806 2889; x_wconf 80' lang='grc' dir='ltr'>ὲθαυματούρο</span> 
     </span>
    </p>
   </div>
   <div class='ocr_carea' id='block_1_45' title="bbox 200 2910 1804 2990">
    <p class='ocr_par' dir='ltr' id='par_1_45' title="bbox 200 2910 1804 2990">
     <span class='ocr_line' id='line_1_45' title="bbox 200 2910 1804 2990; baseline -0.007 -18"><span class='ocrx_word' id='word_1_342' title='bbox 200 2935 377 2990; x_wconf 74' lang='grc' dir='ltr'>γησςν</span> <span class='ocrx_word' id='word_1_343' title='bbox 406 2935 421 2949; x_wconf 74' lang='grc' dir='ltr'><strong>ο</strong></span> <span class='ocrx_word' id='word_1_344' title='bbox 453 2917 554 2970; x_wconf 85' lang='grc' dir='ltr'><strong>οὑκ</strong></span> <span class='ocrx_word' id='word_1_345' title='bbox 608 2915 718 2986; x_wconf 84' lang='grc' dir='ltr'>ἄρα</span> <span class='ocrx_word' id='word_1_346' title='bbox 772 2913 1018 2968; x_wconf 84' lang='grc' dir='ltr'>δουλεύει</span> <span class='ocrx_word' id='word_1_347' title='bbox 1050 2912 1244 2984; x_wconf 90' lang='grc' dir='ltr'>ὥραις.</span> <span class='ocrx_word' id='word_1_348' title='bbox 1285 2911 1432 2984; x_wconf 84' lang='grc' dir='ltr'>Ὅρα</span> <span class='ocrx_word' id='word_1_349' title='bbox 1465 2912 1521 2965; x_wconf 88' lang='grc' dir='ltr'><strong>δέ</strong></span> <span class='ocrx_word' id='word_1_350' title='bbox 1557 2929 1648 2981; x_wconf 83' lang='grc' dir='ltr'><strong>μοι</strong></span> <span class='ocrx_word' id='word_1_351' title='bbox 1688 2910 1804 2973; x_wconf 81' lang='grc' dir='ltr'>πῶς</span> 
     </span>
    </p>
   </div>
   <div class='ocr_carea' id='block_1_46' title="bbox 196 3006 1800 3084">
    <p class='ocr_par' dir='ltr' id='par_1_46' title="bbox 196 3006 1800 3084">
     <span class='ocr_line' id='line_1_46' title="bbox 196 3006 1800 3084; baseline -0.007 -16"><span class='ocrx_word' id='word_1_352' title='bbox 196 3017 306 3068; x_wconf 82' lang='grc' dir='ltr'><strong>οὑκ</strong></span> <span class='ocrx_word' id='word_1_353' title='bbox 353 3016 482 3084; x_wconf 76' lang='grc' dir='ltr'>ἄχρι</span> <span class='ocrx_word' id='word_1_354' title='bbox 542 3011 757 3074; x_wconf 80' lang='grc' dir='ltr'>τέλους,</span> <span class='ocrx_word' id='word_1_355' title='bbox 815 3008 937 3061; x_wconf 80' lang='grc' dir='ltr'>οὐδὲ</span> <span class='ocrx_word' id='word_1_356' title='bbox 968 3006 1061 3061; x_wconf 62' lang='grc' dir='ltr'>διὰ</span> <span class='ocrx_word' id='word_1_357' title='bbox 1117 3007 1341 3060; x_wconf 83' lang='grc' dir='ltr'>πάντων</span> <span class='ocrx_word' id='word_1_358' title='bbox 1379 3006 1675 3059; x_wconf 85' lang='grc' dir='ltr'>ἀντιτείνει</span> <span class='ocrx_word' id='word_1_359' title='bbox 1733 3006 1800 3073; x_wconf 77' lang='grc' dir='ltr'>τῇ</span> 
     </span>
    </p>
   </div>
   <div class='ocr_carea' id='block_1_47' title="bbox 198 3096 1804 3175">
    <p class='ocr_par' dir='ltr' id='par_1_47' title="bbox 198 3096 1804 3175">
     <span class='ocr_line' id='line_1_47' title="bbox 198 3096 1804 3175; baseline -0.009 -14"><span class='ocrx_word' id='word_1_360' title='bbox 198 3107 416 3175; x_wconf 82' lang='grc' dir='ltr'>Μητρί·</span> <span class='ocrx_word' id='word_1_361' title='bbox 473 3103 588 3158; x_wconf 84' lang='grc' dir='ltr'>ἀλλ’</span> <span class='ocrx_word' id='word_1_362' title='bbox 639 3099 950 3170; x_wconf 66' lang='grc' dir='ltr'>ἔπιπλήξας</span> <span class='ocrx_word' id='word_1_363' title='bbox 996 3099 1214 3169; x_wconf 80' lang='grc' dir='ltr'>μικρὸν,</span> <span class='ocrx_word' id='word_1_364' title='bbox 1247 3098 1412 3152; x_wconf 79' lang='grc' dir='ltr'>πάλιν</span> <span class='ocrx_word' id='word_1_365' title='bbox 1445 3098 1545 3168; x_wconf 79' lang='grc' dir='ltr'>τὴν</span> <span class='ocrx_word' id='word_1_366' title='bbox 1577 3096 1804 3161; x_wconf 80' lang='grc' dir='ltr'>ἀξίωσιν</span> 
     </span>
    </p>
   </div>
   <div class='ocr_carea' id='block_1_48' title="bbox 194 3190 1799 3268">
    <p class='ocr_par' dir='ltr' id='par_1_48' title="bbox 194 3190 1799 3268">
     <span class='ocr_line' id='line_1_48' title="bbox 194 3190 1799 3268; baseline -0.006 -17"><span class='ocrx_word' id='word_1_367' title='bbox 194 3198 375 3268; x_wconf 77' lang='grc' dir='ltr'>αὐτῆς</span> <span class='ocrx_word' id='word_1_368' title='bbox 406 3196 630 3268; x_wconf 78' lang='grc' dir='ltr'>πληροῖ,</span> <span class='ocrx_word' id='word_1_369' title='bbox 663 3193 844 3264; x_wconf 83' lang='grc' dir='ltr'>τιμῶν</span> <span class='ocrx_word' id='word_1_370' title='bbox 871 3192 1066 3261; x_wconf 78' lang='grc' dir='ltr'>αὐτὴν,</span> <span class='ocrx_word' id='word_1_371' title='bbox 1096 3193 1188 3244; x_wconf 74' lang='grc' dir='ltr'>καὶ</span> <span class='ocrx_word' id='word_1_372' title='bbox 1219 3193 1356 3262; x_wconf 73' lang='grc' dir='ltr'>ἡμῖν</span> <span class='ocrx_word' id='word_1_373' title='bbox 1377 3190 1584 3254; x_wconf 80' lang='grc' dir='ltr'>τύπους</span> <span class='ocrx_word' id='word_1_374' title='bbox 1617 3190 1799 3253; x_wconf 73' lang='grc' dir='ltr'>διδοὺς</span> 
     </span>
    </p>
   </div>
   <div class='ocr_carea' id='block_1_49' title="bbox 193 3273 1230 3363">
    <p class='ocr_par' dir='ltr' id='par_1_49' title="bbox 193 3273 1230 3363">
     <span class='ocr_line' id='line_1_49' title="bbox 193 3273 1230 3363; baseline -0.005 -21"><span class='ocrx_word' id='word_1_375' title='bbox 193 3290 300 3360; x_wconf 82' lang='grc' dir='ltr'>τῆς</span> <span class='ocrx_word' id='word_1_376' title='bbox 342 3289 480 3359; x_wconf 70' lang='grc' dir='ltr'>πρὸς</span> <span class='ocrx_word' id='word_1_377' title='bbox 507 3288 637 3349; x_wconf 75' lang='grc' dir='ltr'>τοὺς</span> <span class='ocrx_word' id='word_1_378' title='bbox 662 3284 925 3347; x_wconf 85' lang='grc' dir='ltr'>τεκόντας</span> <span class='ocrx_word' id='word_1_379' title='bbox 953 3282 1158 3346; x_wconf 77' lang='grc' dir='ltr'>αἰδοῦς.</span> <span class='ocrx_word' id='word_1_380' title='bbox 1183 3273 1230 3363; x_wconf 21' lang='grc' dir='ltr'><strong>’λ</strong></span> 
     </span>
    </p>
   </div>
   <div class='ocr_carea' id='block_1_50' title="bbox 277 3459 1802 3535">
    <p class='ocr_par' dir='ltr' id='par_1_50' title="bbox 277 3459 1802 3535">
     <span class='ocr_line' id='line_1_50' title="bbox 277 3459 1802 3535; baseline -0.002 -18"><span class='ocrx_word' id='word_1_381' title='bbox 277 3484 298 3517; x_wconf 76' lang='grc' dir='ltr'><strong>ε</strong></span> <span class='ocrx_word' id='word_1_382' title='bbox 341 3465 508 3532; x_wconf 75' lang='grc' dir='ltr'>Λέγει</span> <span class='ocrx_word' id='word_1_383' title='bbox 537 3464 570 3535; x_wconf 76' lang='grc' dir='ltr'><strong>ἡ</strong></span> <span class='ocrx_word' id='word_1_384' title='bbox 602 3463 811 3534; x_wconf 84' lang='grc' dir='ltr'><strong>Μήτηρ</strong></span> <span class='ocrx_word' id='word_1_385' title='bbox 841 3459 1007 3514; x_wconf 81' lang='grc' dir='ltr'>αὑτοῦ</span> <span class='ocrx_word' id='word_1_386' title='bbox 1043 3463 1158 3525; x_wconf 77' lang='grc' dir='ltr'>τοῖς</span> <span class='ocrx_word' id='word_1_387' title='bbox 1197 3460 1472 3524; x_wconf 86' lang='grc' dir='ltr'>διακόνοις</span> <span class='ocrx_word' id='word_1_388' title='bbox 1493 3477 1507 3492; x_wconf 79' lang='grc' dir='ltr'><strong><em>ο</em></strong></span> <span class='ocrx_word' id='word_1_389' title='bbox 1540 3461 1610 3514; x_wconf 86' lang='grc' dir='ltr'><em>Ὅ</em></span> <span class='ocrx_word' id='word_1_390' title='bbox 1632 3479 1683 3514; x_wconf 89' lang='grc' dir='ltr'><strong>τι</strong></span> <span class='ocrx_word' id='word_1_391' title='bbox 1735 3460 1802 3514; x_wconf 86' lang='grc' dir='ltr'>ἂν</span> 
     </span>
    </p>
   </div>
   <div class='ocr_carea' id='block_1_51' title="bbox 190 3551 1798 3633">
    <p class='ocr_par' dir='ltr' id='par_1_51' title="bbox 190 3551 1798 3633">
     <span class='ocr_line' id='line_1_51' title="bbox 190 3551 1798 3633; baseline -0.005 -19"><span class='ocrx_word' id='word_1_392' title='bbox 190 3560 336 3633; x_wconf 59' lang='grc' dir='ltr'><strong>λέγῒ⁸</strong></span> <span class='ocrx_word' id='word_1_393' title='bbox 368 3561 516 3630; x_wconf 81' lang='grc' dir='ltr'>ὑμῖν,</span> <span class='ocrx_word' id='word_1_394' title='bbox 549 3557 844 3628; x_wconf 80' lang='grc' dir='ltr'>ποιήσατε.</span> <span class='ocrx_word' id='word_1_395' title='bbox 878 3551 1063 3607; x_wconf 83' lang='grc' dir='ltr'>Ἦσαν</span> <span class='ocrx_word' id='word_1_396' title='bbox 1104 3554 1163 3607; x_wconf 75' lang='grc' dir='ltr'>δὲ</span> <span class='ocrx_word' id='word_1_397' title='bbox 1218 3556 1336 3606; x_wconf 75' lang='grc' dir='ltr'>ἐκεῖ</span> <span class='ocrx_word' id='word_1_398' title='bbox 1362 3553 1545 3624; x_wconf 90' lang='grc' dir='ltr'>ὑδρίαι</span> <span class='ocrx_word' id='word_1_399' title='bbox 1588 3552 1798 3606; x_wconf 83' lang='grc' dir='ltr'>λίθιναι</span> 
     </span>
    </p>
   </div>
   <div class='ocr_carea' id='block_1_52' title="bbox 192 3642 1798 3718">
    <p class='ocr_par' dir='ltr' id='par_1_52' title="bbox 192 3642 1798 3718">
     <span class='ocr_line' id='line_1_52' title="bbox 192 3642 1798 3718; baseline -0.007 -12"><span class='ocrx_word' id='word_1_400' title='bbox 192 3653 260 3718; x_wconf 73' lang='grc' dir='ltr'><strong>ἒξ</strong></span> <span class='ocrx_word' id='word_1_401' title='bbox 320 3649 574 3711; x_wconf 79' lang='grc' dir='ltr'>κείμεναι</span> <span class='ocrx_word' id='word_1_402' title='bbox 626 3646 770 3700; x_wconf 87' lang='grc' dir='ltr'><strong>κατά</strong></span> <span class='ocrx_word' id='word_1_403' title='bbox 805 3645 898 3698; x_wconf 79' lang='grc' dir='ltr'><strong>τὸν</strong></span> <span class='ocrx_word' id='word_1_404' title='bbox 939 3643 1289 3715; x_wconf 73' lang='grc' dir='ltr'>καθαρισμὸν</span> <span class='ocrx_word' id='word_1_405' title='bbox 1342 3644 1450 3696; x_wconf 83' lang='grc' dir='ltr'>τῶν</span> <span class='ocrx_word' id='word_1_406' title='bbox 1494 3642 1798 3709; x_wconf 85' lang='grc' dir='ltr'>Ἰουδαίων,</span> 
     </span>
    </p>
   </div>
   <div class='ocr_carea' id='block_1_53' title="bbox 195 3734 1800 3814">
    <p class='ocr_par' dir='ltr' id='par_1_53' title="bbox 195 3734 1800 3814">
     <span class='ocr_line' id='line_1_53' title="bbox 195 3734 1800 3814; baseline -0.004 -21"><span class='ocrx_word' id='word_1_407' title='bbox 195 3738 483 3814; x_wconf 83' lang='grc' dir='ltr'>χωροῦσαι</span> <span class='ocrx_word' id='word_1_408' title='bbox 512 3737 618 3790; x_wconf 73' lang='grc' dir='ltr'><strong>ἀνὰ</strong></span> <span class='ocrx_word' id='word_1_409' title='bbox 651 3734 932 3806; x_wconf 74' lang='grc' dir='ltr'>μετρητὰς</span> <span class='ocrx_word' id='word_1_410' title='bbox 975 3734 1128 3803; x_wconf 80' lang='grc' dir='ltr'>δύοῆ</span> <span class='ocrx_word' id='word_1_411' title='bbox 1175 3736 1349 3802; x_wconf 80' lang='grc' dir='ltr'>τρεῖς.</span> <span class='ocrx_word' id='word_1_412' title='bbox 1407 3734 1572 3802; x_wconf 82' lang='grc' dir='ltr'>Λέγει</span> <span class='ocrx_word' id='word_1_413' title='bbox 1608 3735 1800 3796; x_wconf 80' lang='grc' dir='ltr'>αὑτοῖς</span> 
     </span>
    </p>
   </div>
   <div class='ocr_carea' id='block_1_54' title="bbox 191 3819 1804 3901">
    <p class='ocr_par' dir='ltr' id='par_1_54' title="bbox 191 3819 1804 3901">
     <span class='ocr_line' id='line_1_54' title="bbox 191 3819 1804 3901; baseline -0.007 -14"><span class='ocrx_word' id='word_1_414' title='bbox 191 3835 224 3888; x_wconf 81' lang='grc' dir='ltr'>ὁ</span> <span class='ocrx_word' id='word_1_415' title='bbox 277 3829 513 3901; x_wconf 83' lang='grc' dir='ltr'>Ἰησοῦς·</span> <span class='ocrx_word' id='word_1_416' title='bbox 557 3827 832 3896; x_wconf 83' lang='grc' dir='ltr'>Γεμίσατε</span> <span class='ocrx_word' id='word_1_417' title='bbox 885 3825 985 3888; x_wconf 75' lang='grc' dir='ltr'>τὰς</span> <span class='ocrx_word' id='word_1_418' title='bbox 1027 3825 1219 3896; x_wconf 80' lang='grc' dir='ltr'>ὑδρίας</span> <span class='ocrx_word' id='word_1_419' title='bbox 1263 3819 1480 3888; x_wconf 77' lang='grc' dir='ltr'>ὓδατος.</span> <span class='ocrx_word' id='word_1_420' title='bbox 1532 3826 1646 3878; x_wconf 68' lang='grc' dir='ltr'>Καὶ</span> <span class='ocrx_word' id='word_1_421' title='bbox 1679 3825 1804 3893; x_wconf 77' lang='grc' dir='ltr'>ἐγέ-</span> 
     </span>
    </p>
   </div>
   <div class='ocr_carea' id='block_1_55' title="bbox 198 3918 1802 3996">
    <p class='ocr_par' dir='ltr' id='par_1_55' title="bbox 198 3918 1802 3996">
     <span class='ocr_line' id='line_1_55' title="bbox 198 3918 1802 3996; baseline -0.006 -18"><span class='ocrx_word' id='word_1_422' title='bbox 198 3941 373 3996; x_wconf 84' lang='grc' dir='ltr'>μισαν</span> <span class='ocrx_word' id='word_1_423' title='bbox 406 3921 580 3983; x_wconf 74' lang='grc' dir='ltr'>αὑτὰς</span> <span class='ocrx_word' id='word_1_424' title='bbox 623 3920 731 3982; x_wconf 71' lang='grc' dir='ltr'>ἕως</span> <span class='ocrx_word' id='word_1_425' title='bbox 774 3919 911 3973; x_wconf 82' lang='grc' dir='ltr'>ἄνω.</span> <span class='ocrx_word' id='word_1_426' title='bbox 964 3920 1075 3971; x_wconf 75' lang='grc' dir='ltr'><strong>Καὶ</strong></span> <span class='ocrx_word' id='word_1_427' title='bbox 1123 3919 1274 3986; x_wconf 85' lang='grc' dir='ltr'>λέγει</span> <span class='ocrx_word' id='word_1_428' title='bbox 1313 3919 1531 3980; x_wconf 80' lang='grc' dir='ltr'>αὐτοῖς’</span> <span class='ocrx_word' id='word_1_429' title='bbox 1579 3918 1802 3988; x_wconf 72' lang='grc' dir='ltr'>Ἀντλή-</span> 
     </span>
    </p>
   </div>
   <div class='ocr_carea' id='block_1_56' title="bbox 1910 2060 3518 2131">
    <p class='ocr_par' dir='ltr' id='par_1_56' title="bbox 1910 2060 3518 2131">
     <span class='ocr_line' id='line_1_56' title="bbox 1910 2060 3518 2131; baseline -0.003 -12"><span class='ocrx_word' id='word_1_430' title='bbox 1910 2065 2158 2119; x_wconf 65' lang='lat' dir='ltr'><strong>bellant:</strong></span> <span class='ocrx_word' id='word_1_431' title='bbox 2201 2081 2222 2113; x_wconf 72' lang='grc' dir='ltr'><strong>ε</strong></span> <span class='ocrx_word' id='word_1_432' title='bbox 2270 2061 2522 2117; x_wconf 82' lang='lat' dir='ltr'><strong>Nondum</strong></span> <span class='ocrx_word' id='word_1_433' title='bbox 2559 2101 2575 2128; x_wconf 89' lang='lat'><strong>,</strong></span> <span class='ocrx_word' id='word_1_434' title='bbox 2630 2061 2851 2131; x_wconf 83' lang='lat' dir='ltr'><strong>inquit,</strong></span> <span class='ocrx_word' id='word_1_435' title='bbox 2905 2062 3056 2115; x_wconf 85' lang='lat' dir='ltr'><strong>venit</strong></span> <span class='ocrx_word' id='word_1_436' title='bbox 3109 2060 3241 2115; x_wconf 87' lang='lat' dir='ltr'><strong>hora</strong></span> <span class='ocrx_word' id='word_1_437' title='bbox 3293 2075 3454 2126; x_wconf 84' lang='lat' dir='ltr'><strong>mea,</strong></span> <span class='ocrx_word' id='word_1_438' title='bbox 3496 2079 3518 2114; x_wconf 75' lang='grc' dir='ltr'><strong>ι</strong></span> 
     </span>
    </p>
   </div>
   <div class='ocr_carea' id='block_1_57' title="bbox 1911 2153 3522 2224">
    <p class='ocr_par' dir='ltr' id='par_1_57' title="bbox 1911 2153 3522 2224">
     <span class='ocr_line' id='line_1_57' title="bbox 1911 2153 3522 2224; baseline -0.003 -13"><span class='ocrx_word' id='word_1_439' title='bbox 1911 2157 2015 2211; x_wconf 88' lang='lat' dir='ltr'><strong>hoc</strong></span> <span class='ocrx_word' id='word_1_440' title='bbox 2051 2168 2159 2221; x_wconf 84' lang='lat' dir='ltr'><strong>est,</strong></span> <span class='ocrx_word' id='word_1_441' title='bbox 2196 2165 2567 2224; x_wconf 88' lang='lat' dir='ltr'><strong>opportunum</strong></span> <span class='ocrx_word' id='word_1_442' title='bbox 2604 2164 2822 2224; x_wconf 90' lang='lat' dir='ltr'><strong>tempus</strong></span> <span class='ocrx_word' id='word_1_443' title='bbox 2853 2155 3095 2209; x_wconf 89' lang='lat' dir='ltr'><strong>nondum</strong></span> <span class='ocrx_word' id='word_1_444' title='bbox 3130 2153 3305 2209; x_wconf 87' lang='lat' dir='ltr'><strong>adest.</strong></span> <span class='ocrx_word' id='word_1_445' title='bbox 3333 2155 3400 2208; x_wconf 78' lang='lat' dir='ltr'><strong>At</strong></span> <span class='ocrx_word' id='word_1_446' title='bbox 3431 2153 3522 2207; x_wconf 89' lang='lat' dir='ltr'><strong>hic</strong></span> 
     </span>
    </p>
   </div>
   <div class='ocr_carea' id='block_1_58' title="bbox 1910 2247 3521 2317">
    <p class='ocr_par' dir='ltr' id='par_1_58' title="bbox 1910 2247 3521 2317">
     <span class='ocr_line' id='line_1_58' title="bbox 1910 2247 3521 2317; baseline -0.002 -15"><span class='ocrx_word' id='word_1_447' title='bbox 1910 2249 2088 2302; x_wconf 90' lang='lat' dir='ltr'><strong>adhuc</strong></span> <span class='ocrx_word' id='word_1_448' title='bbox 2116 2258 2271 2316; x_wconf 83' lang='lat' dir='ltr'><strong>urget</strong></span> <span class='ocrx_word' id='word_1_449' title='bbox 2297 2247 2413 2301; x_wconf 83' lang='lat' dir='ltr'><strong>Arii</strong></span> <span class='ocrx_word' id='word_1_450' title='bbox 2452 2247 2627 2313; x_wconf 82' lang='lat' dir='ltr'><strong>furor,</strong></span> <span class='ocrx_word' id='word_1_451' title='bbox 2665 2248 2758 2317; x_wconf 89' lang='lat' dir='ltr'><strong>qui</strong></span> <span class='ocrx_word' id='word_1_452' title='bbox 2818 2255 3127 2302; x_wconf 83' lang='lat' dir='ltr'><strong>monstrare</strong></span> <span class='ocrx_word' id='word_1_453' title='bbox 3165 2247 3360 2300; x_wconf 83' lang='lat' dir='ltr'><strong>nititur</strong></span> <span class='ocrx_word' id='word_1_454' title='bbox 3415 2247 3521 2300; x_wconf 50' lang='lat' dir='ltr'><strong>Do.</strong></span> 
     </span>
    </p>
   </div>
   <div class='ocr_carea' id='block_1_59' title="bbox 1886 2337 3520 2410">
    <p class='ocr_par' dir='ltr' id='par_1_59' title="bbox 1886 2337 3520 2410">
     <span class='ocr_line' id='line_1_59' title="bbox 1886 2337 3520 2410; baseline -0.002 -17"><span class='ocrx_word' id='word_1_455' title='bbox 1886 2339 2119 2393; x_wconf 89' lang='lat' dir='ltr'><strong>minum</strong></span> <span class='ocrx_word' id='word_1_456' title='bbox 2155 2339 2308 2393; x_wconf 89' lang='lat' dir='ltr'><strong>horis</strong></span> <span class='ocrx_word' id='word_1_457' title='bbox 2335 2350 2390 2394; x_wconf 91' lang='lat' dir='ltr'><strong>et</strong></span> <span class='ocrx_word' id='word_1_458' title='bbox 2421 2338 2764 2410; x_wconf 90' lang='lat' dir='ltr'><strong>temporibus</strong></span> <span class='ocrx_word' id='word_1_459' title='bbox 2801 2337 3108 2393; x_wconf 88' lang='lat' dir='ltr'><strong>subditum.</strong></span> <span class='ocrx_word' id='word_1_460' title='bbox 3144 2339 3301 2392; x_wconf 87' lang='lat' dir='ltr'><strong>Disce</strong></span> <span class='ocrx_word' id='word_1_461' title='bbox 3332 2337 3520 2407; x_wconf 77' lang='lat' dir='ltr'><strong>igitur,</strong></span> 
     </span>
    </p>
   </div>
   <div class='ocr_carea' id='block_1_60' title="bbox 1909 2428 3525 2500">
    <p class='ocr_par' dir='ltr' id='par_1_60' title="bbox 1909 2428 3525 2500">
     <span class='ocr_line' id='line_1_60' title="bbox 1909 2428 3525 2500; baseline -0.001 -16"><span class='ocrx_word' id='word_1_462' title='bbox 1909 2444 1944 2484; x_wconf 96' lang='lat' dir='ltr'><strong>o</strong></span> <span class='ocrx_word' id='word_1_463' title='bbox 1976 2430 2285 2494; x_wconf 84' lang='lat' dir='ltr'><strong>maledicte.</strong></span> <span class='ocrx_word' id='word_1_464' title='bbox 2338 2431 2484 2498; x_wconf 84' lang='lat' dir='ltr'><strong>quod</strong></span> <span class='ocrx_word' id='word_1_465' title='bbox 2521 2432 2566 2485; x_wconf 90' lang='lat' dir='ltr'><strong>si</strong></span> <span class='ocrx_word' id='word_1_466' title='bbox 2626 2430 2820 2485; x_wconf 84' lang='lat' dir='ltr'><strong>fuisset</strong></span> <span class='ocrx_word' id='word_1_467' title='bbox 2869 2430 3021 2484; x_wconf 89' lang='lat' dir='ltr'><strong>horis</strong></span> <span class='ocrx_word' id='word_1_468' title='bbox 3072 2439 3129 2484; x_wconf 92' lang='lat' dir='ltr'><strong>et</strong></span> <span class='ocrx_word' id='word_1_469' title='bbox 3183 2428 3525 2500; x_wconf 84' lang='lat' dir='ltr'><strong>temporibus</strong></span> 
     </span>
    </p>
   </div>
   <div class='ocr_carea' id='block_1_61' title="bbox 1909 2518 3526 2594">
    <p class='ocr_par' dir='ltr' id='par_1_61' title="bbox 1909 2518 3526 2594">
     <span class='ocr_line' id='line_1_61' title="bbox 1909 2518 3526 2594; baseline -0.002 -15"><span class='ocrx_word' id='word_1_470' title='bbox 1909 2523 2215 2594; x_wconf 83' lang='lat' dir='ltr'><strong>subjectus,</strong></span> <span class='ocrx_word' id='word_1_471' title='bbox 2278 2525 2552 2591; x_wconf 80' lang='lat' dir='ltr'><strong>quomodo</strong></span> <span class='ocrx_word' id='word_1_472' title='bbox 2617 2533 2807 2594; x_wconf 85' lang='lat' dir='ltr'><strong>postea</strong></span> <span class='ocrx_word' id='word_1_473' title='bbox 2869 2522 3096 2580; x_wconf 73' lang='lat' dir='ltr'><strong>fecisset</strong></span> <span class='ocrx_word' id='word_1_474' title='bbox 3151 2518 3526 2578; x_wconf 82' lang='lat' dir='ltr'><strong>miraculum?</strong></span> 
     </span>
    </p>
   </div>
   <div class='ocr_carea' id='block_1_62' title="bbox 1909 2617 3527 2688">
    <p class='ocr_par' dir='ltr' id='par_1_62' title="bbox 1909 2617 3527 2688">
     <span class='ocr_line' id='line_1_62' title="bbox 1909 2617 3527 2688; baseline -0.002 -15"><span class='ocrx_word' id='word_1_475' title='bbox 1909 2617 2210 2688; x_wconf 88' lang='lat' dir='ltr'><strong>Oportebat</strong></span> <span class='ocrx_word' id='word_1_476' title='bbox 2240 2619 2410 2681; x_wconf 90' lang='lat' dir='ltr'><strong>enim,</strong></span> <span class='ocrx_word' id='word_1_477' title='bbox 2446 2621 2753 2673; x_wconf 88' lang='lat' dir='ltr'><strong>secundum</strong></span> <span class='ocrx_word' id='word_1_478' title='bbox 2793 2633 3108 2673; x_wconf 79' lang='lat' dir='ltr'><strong>sermonem</strong></span> <span class='ocrx_word' id='word_1_479' title='bbox 3145 2627 3322 2682; x_wconf 87' lang='lat' dir='ltr'><strong>tuum,</strong></span> <span class='ocrx_word' id='word_1_480' title='bbox 3351 2630 3527 2687; x_wconf 85' lang='lat' dir='ltr'><strong>quan-</strong></span> 
     </span>
    </p>
   </div>
   <div class='ocr_carea' id='block_1_63' title="bbox 1910 2710 3523 2780">
    <p class='ocr_par' dir='ltr' id='par_1_63' title="bbox 1910 2710 3523 2780">
     <span class='ocr_line' id='line_1_63' title="bbox 1910 2710 3523 2780; baseline -0.002 -15"><span class='ocrx_word' id='word_1_481' title='bbox 1910 2711 2206 2780; x_wconf 89' lang='lat' dir='ltr'><strong>doquidem</strong></span> <span class='ocrx_word' id='word_1_482' title='bbox 2248 2711 2484 2768; x_wconf 76' lang='lat' dir='ltr'><strong>serviret</strong></span> <span class='ocrx_word' id='word_1_483' title='bbox 2547 2711 2699 2766; x_wconf 84' lang='lat' dir='ltr'><strong>boris</strong></span> <span class='ocrx_word' id='word_1_484' title='bbox 2753 2721 2810 2766; x_wconf 91' lang='lat' dir='ltr'><strong>et</strong></span> <span class='ocrx_word' id='word_1_485' title='bbox 2868 2711 3229 2780; x_wconf 88' lang='lat' dir='ltr'><strong>temporibus,</strong></span> <span class='ocrx_word' id='word_1_486' title='bbox 3278 2710 3523 2763; x_wconf 88' lang='lat' dir='ltr'><strong>nondum</strong></span> 
     </span>
    </p>
   </div>
   <div class='ocr_carea' id='block_1_64' title="bbox 1908 2801 3517 2874">
    <p class='ocr_par' dir='ltr' id='par_1_64' title="bbox 1908 2801 3517 2874">
     <span class='ocr_line' id='line_1_64' title="bbox 1908 2801 3517 2874; baseline -0.002 -15"><span class='ocrx_word' id='word_1_487' title='bbox 1908 2814 2088 2859; x_wconf 84' lang='lat' dir='ltr'><strong>autem</strong></span> <span class='ocrx_word' id='word_1_488' title='bbox 2126 2805 2368 2860; x_wconf 88' lang='lat' dir='ltr'><strong>venisset</strong></span> <span class='ocrx_word' id='word_1_489' title='bbox 2397 2805 2530 2857; x_wconf 89' lang='lat' dir='ltr'><strong>hora</strong></span> <span class='ocrx_word' id='word_1_490' title='bbox 2570 2804 2710 2874; x_wconf 84' lang='lat' dir='ltr'><strong>ejus,</strong></span> <span class='ocrx_word' id='word_1_491' title='bbox 2762 2813 2819 2856; x_wconf 88' lang='lat' dir='ltr'><strong>ut</strong></span> <span class='ocrx_word' id='word_1_492' title='bbox 2866 2819 2972 2856; x_wconf 91' lang='lat' dir='ltr'><strong>non</strong></span> <span class='ocrx_word' id='word_1_493' title='bbox 3023 2811 3213 2872; x_wconf 86' lang='lat' dir='ltr'><strong>posset</strong></span> <span class='ocrx_word' id='word_1_494' title='bbox 3248 2801 3517 2856; x_wconf 85' lang='lat' dir='ltr'><strong>miracula</strong></span> 
     </span>
    </p>
   </div>
   <div class='ocr_carea' id='block_1_65' title="bbox 1910 2894 3521 2966">
    <p class='ocr_par' dir='ltr' id='par_1_65' title="bbox 1910 2894 3521 2966">
     <span class='ocr_line' id='line_1_65' title="bbox 1910 2894 3521 2966; baseline -0.001 -17"><span class='ocrx_word' id='word_1_495' title='bbox 1910 2896 2095 2951; x_wconf 74' lang='lat' dir='ltr'><strong>facere</strong></span> <span class='ocrx_word' id='word_1_496' title='bbox 2121 2915 2133 2949; x_wconf 91' lang='lat'>:</span> <span class='ocrx_word' id='word_1_497' title='bbox 2163 2897 2256 2949; x_wconf 91' lang='lat' dir='ltr'><strong>sed</strong></span> <span class='ocrx_word' id='word_1_498' title='bbox 2285 2897 2610 2950; x_wconf 85' lang='lat' dir='ltr'><strong>miraculum</strong></span> <span class='ocrx_word' id='word_1_499' title='bbox 2637 2896 2792 2950; x_wconf 79' lang='lat' dir='ltr'><strong>fecit:</strong></span> <span class='ocrx_word' id='word_1_500' title='bbox 2823 2911 2929 2950; x_wconf 88' lang='lat' dir='ltr'><strong>non</strong></span> <span class='ocrx_word' id='word_1_501' title='bbox 2965 2896 3132 2966; x_wconf 79' lang='lat' dir='ltr'><strong>igitur</strong></span> <span class='ocrx_word' id='word_1_502' title='bbox 3152 2897 3320 2950; x_wconf 51' lang='lat' dir='ltr'><strong>servit</strong></span> <span class='ocrx_word' id='word_1_503' title='bbox 3350 2894 3521 2948; x_wconf 88' lang='lat' dir='ltr'><strong>horis.</strong></span> 
     </span>
    </p>
   </div>
   <div class='ocr_carea' id='block_1_66' title="bbox 1912 2989 3522 3058">
    <p class='ocr_par' dir='ltr' id='par_1_66' title="bbox 1912 2989 3522 3058">
     <span class='ocr_line' id='line_1_66' title="bbox 1912 2989 3522 3058; baseline 0.002 -15"><span class='ocrx_word' id='word_1_504' title='bbox 1912 2989 2046 3043; x_wconf 85' lang='lat' dir='ltr'><strong>\‘ide</strong></span> <span class='ocrx_word' id='word_1_505' title='bbox 2101 3000 2308 3054; x_wconf 80' lang='lat' dir='ltr'><strong>autem,</strong></span> <span class='ocrx_word' id='word_1_506' title='bbox 2347 3004 2468 3056; x_wconf 83' lang='lat' dir='ltr'><strong>oro,</strong></span> <span class='ocrx_word' id='word_1_507' title='bbox 2500 2990 2779 3058; x_wconf 90' lang='lat' dir='ltr'><strong>quomodo</strong></span> <span class='ocrx_word' id='word_1_508' title='bbox 2828 3005 2937 3043; x_wconf 89' lang='lat' dir='ltr'><strong>non</strong></span> <span class='ocrx_word' id='word_1_509' title='bbox 2991 3004 3167 3058; x_wconf 91' lang='lat' dir='ltr'><strong>usque</strong></span> <span class='ocrx_word' id='word_1_510' title='bbox 3212 2989 3278 3041; x_wconf 85' lang='lat' dir='ltr'><strong>ad</strong></span> <span class='ocrx_word' id='word_1_511' title='bbox 3332 2989 3522 3046; x_wconf 76' lang='lat' dir='ltr'><strong>finem.</strong></span> 
     </span>
    </p>
   </div>
   <div class='ocr_carea' id='block_1_67' title="bbox 1908 3083 3522 3153">
    <p class='ocr_par' dir='ltr' id='par_1_67' title="bbox 1908 3083 3522 3153">
     <span class='ocr_line' id='line_1_67' title="bbox 1908 3083 3522 3153; baseline -0.001 -15"><span class='ocrx_word' id='word_1_512' title='bbox 1908 3101 2084 3153; x_wconf 79' lang='lat' dir='ltr'><strong>neque</strong></span> <span class='ocrx_word' id='word_1_513' title='bbox 2113 3101 2211 3152; x_wconf 78' lang='lat' dir='ltr'><strong>per</strong></span> <span class='ocrx_word' id='word_1_514' title='bbox 2238 3085 2420 3136; x_wconf 81' lang='lat' dir='ltr'><strong>omnia</strong></span> <span class='ocrx_word' id='word_1_515' title='bbox 2449 3083 2655 3137; x_wconf 80' lang='lat' dir='ltr'><strong>resistit</strong></span> <span class='ocrx_word' id='word_1_516' title='bbox 2689 3084 2876 3149; x_wconf 83' lang='lat' dir='ltr'><strong>matri,</strong></span> <span class='ocrx_word' id='word_1_517' title='bbox 2903 3085 2998 3139; x_wconf 89' lang='lat' dir='ltr'><strong>sed</strong></span> <span class='ocrx_word' id='word_1_518' title='bbox 3022 3099 3145 3137; x_wconf 90' lang='lat' dir='ltr'><strong>cum</strong></span> <span class='ocrx_word' id='word_1_519' title='bbox 3175 3098 3296 3137; x_wconf 86' lang='lat' dir='ltr'><strong>eam</strong></span> <span class='ocrx_word' id='word_1_520' title='bbox 3326 3096 3522 3152; x_wconf 87' lang='lat' dir='ltr'><strong>parum</strong></span> 
     </span>
    </p>
   </div>
   <div class='ocr_carea' id='block_1_68' title="bbox 1909 3175 3527 3247">
    <p class='ocr_par' dir='ltr' id='par_1_68' title="bbox 1909 3175 3527 3247">
     <span class='ocr_line' id='line_1_68' title="bbox 1909 3175 3527 3247; baseline -0.001 -16"><span class='ocrx_word' id='word_1_521' title='bbox 1909 3177 2350 3247; x_wconf 70' lang='lat' dir='ltr'><strong>perstrinxisset,</strong></span> <span class='ocrx_word' id='word_1_522' title='bbox 2378 3177 2572 3228; x_wconf 89' lang='lat' dir='ltr'><strong>iterum</strong></span> <span class='ocrx_word' id='word_1_523' title='bbox 2611 3192 2803 3245; x_wconf 83' lang='lat' dir='ltr'><strong>preces</strong></span> <span class='ocrx_word' id='word_1_524' title='bbox 2840 3175 2960 3244; x_wconf 86' lang='lat' dir='ltr'><strong>ejus</strong></span> <span class='ocrx_word' id='word_1_525' title='bbox 3007 3175 3218 3246; x_wconf 88' lang='lat' dir='ltr'><strong>implet,</strong></span> <span class='ocrx_word' id='word_1_526' title='bbox 3244 3177 3527 3231; x_wconf 86' lang='lat' dir='ltr'><strong>honorans</strong></span> 
     </span>
    </p>
   </div>
   <div class='ocr_carea' id='block_1_69' title="bbox 1911 3269 3523 3341">
    <p class='ocr_par' dir='ltr' id='par_1_69' title="bbox 1911 3269 3523 3341">
     <span class='ocr_line' id='line_1_69' title="bbox 1911 3269 3523 3341; baseline -0.001 -16"><span class='ocrx_word' id='word_1_527' title='bbox 1911 3272 2084 3338; x_wconf 85' lang='lat' dir='ltr'><strong>illam,</strong></span> <span class='ocrx_word' id='word_1_528' title='bbox 2151 3285 2204 3325; x_wconf 88' lang='lat' dir='ltr'><strong>et</strong></span> <span class='ocrx_word' id='word_1_529' title='bbox 2243 3269 2402 3324; x_wconf 76' lang='lat' dir='ltr'><strong>nobis</strong></span> <span class='ocrx_word' id='word_1_530' title='bbox 2442 3271 2536 3323; x_wconf 90' lang='lat' dir='ltr'><strong>dat</strong></span> <span class='ocrx_word' id='word_1_531' title='bbox 2592 3271 2823 3324; x_wconf 78' lang='lat' dir='ltr'><strong>formam</strong></span> <span class='ocrx_word' id='word_1_532' title='bbox 2881 3269 3207 3325; x_wconf 56' lang='lat' dir='ltr'><strong>reverentia;</strong></span> <span class='ocrx_word' id='word_1_533' title='bbox 3256 3284 3389 3341; x_wconf 88' lang='lat' dir='ltr'><strong>erga</strong></span> <span class='ocrx_word' id='word_1_534' title='bbox 3429 3286 3523 3340; x_wconf 89' lang='lat' dir='ltr'><strong>pa-</strong></span> 
     </span>
    </p>
   </div>
   <div class='ocr_carea' id='block_1_70' title="bbox 1910 3378 2116 3420">
    <p class='ocr_par' dir='ltr' id='par_1_70' title="bbox 1910 3378 2116 3420">
     <span class='ocr_line' id='line_1_70' title="bbox 1910 3378 2116 3420; baseline -0.01 0"><span class='ocrx_word' id='word_1_535' title='bbox 1910 3378 2116 3420; x_wconf 89' lang='lat' dir='ltr'><strong>rentes.</strong></span> 
     </span>
    </p>
   </div>
   <div class='ocr_carea' id='block_1_71' title="bbox 1989 3452 3526 3526">
    <p class='ocr_par' dir='ltr' id='par_1_71' title="bbox 1989 3452 3526 3526">
     <span class='ocr_line' id='line_1_71' title="bbox 1989 3452 3526 3526; baseline 0.003 -16"><span class='ocrx_word' id='word_1_536' title='bbox 1989 3456 2157 3512; x_wconf 72' lang='lat' dir='ltr'><strong>Vsas.</strong></span> <span class='ocrx_word' id='word_1_537' title='bbox 2194 3455 2316 3512; x_wconf 86' lang='lat'><strong>5-8.</strong></span> <span class='ocrx_word' id='word_1_538' title='bbox 2357 3475 2377 3508; x_wconf 77' lang='grc' dir='ltr'><strong>ι</strong></span> <span class='ocrx_word' id='word_1_539' title='bbox 2428 3457 2563 3511; x_wconf 88' lang='lat' dir='ltr'><strong>Dicit</strong></span> <span class='ocrx_word' id='word_1_540' title='bbox 2607 3452 2781 3512; x_wconf 72' lang='lat' dir='ltr'><strong>Mater</strong></span> <span class='ocrx_word' id='word_1_541' title='bbox 2825 3456 2948 3526; x_wconf 89' lang='lat' dir='ltr'><strong>ejus</strong></span> <span class='ocrx_word' id='word_1_542' title='bbox 2982 3457 3290 3514; x_wconf 84' lang='lat' dir='ltr'><strong>ministris:</strong></span> <span class='ocrx_word' id='word_1_543' title='bbox 3334 3457 3526 3524; x_wconf 86' lang='lat' dir='ltr'><strong>Quod-</strong></span> 
     </span>
    </p>
   </div>
   <div class='ocr_carea' id='block_1_72' title="bbox 1905 3548 3527 3622">
    <p class='ocr_par' dir='ltr' id='par_1_72' title="bbox 1905 3548 3527 3622">
     <span class='ocr_line' id='line_1_72' title="bbox 1905 3548 3527 3622; baseline -0.001 -17"><span class='ocrx_word' id='word_1_544' title='bbox 1905 3566 2125 3619; x_wconf 87' lang='lat' dir='ltr'><strong>cunque</strong></span> <span class='ocrx_word' id='word_1_545' title='bbox 2151 3551 2353 3605; x_wconf 82' lang='lat' dir='ltr'><strong>dixerit</strong></span> <span class='ocrx_word' id='word_1_546' title='bbox 2377 3548 2556 3613; x_wconf 85' lang='lat' dir='ltr'><strong>vobis,</strong></span> <span class='ocrx_word' id='word_1_547' title='bbox 2594 3551 2782 3606; x_wconf 79' lang='lat' dir='ltr'><strong>facile.</strong></span> <span class='ocrx_word' id='word_1_548' title='bbox 2810 3548 2984 3605; x_wconf 85' lang='lat' dir='ltr'><strong>Erant</strong></span> <span class='ocrx_word' id='word_1_549' title='bbox 3011 3561 3195 3604; x_wconf 85' lang='lat' dir='ltr'><strong>autem</strong></span> <span class='ocrx_word' id='word_1_550' title='bbox 3224 3550 3294 3604; x_wconf 91' lang='lat' dir='ltr'><strong>ibi</strong></span> <span class='ocrx_word' id='word_1_551' title='bbox 3318 3551 3527 3622; x_wconf 74' lang='lat' dir='ltr'><strong>hydrizc</strong></span> 
     </span>
    </p>
   </div>
   <div class='ocr_carea' id='block_1_73' title="bbox 1907 3641 3526 3713">
    <p class='ocr_par' dir='ltr' id='par_1_73' title="bbox 1907 3641 3526 3713">
     <span class='ocr_line' id='line_1_73' title="bbox 1907 3641 3526 3713; baseline 0.001 -16"><span class='ocrx_word' id='word_1_552' title='bbox 1907 3643 2138 3711; x_wconf 64' lang='lat' dir='ltr'><strong>lapidea:</strong></span> <span class='ocrx_word' id='word_1_553' title='bbox 2174 3659 2266 3698; x_wconf 81' lang='lat' dir='ltr'><strong>sex</strong></span> <span class='ocrx_word' id='word_1_554' title='bbox 2306 3643 2500 3713; x_wconf 79' lang='lat' dir='ltr'><strong>posita:</strong></span> <span class='ocrx_word' id='word_1_555' title='bbox 2531 3645 2834 3698; x_wconf 87' lang='lat' dir='ltr'><strong>secundum</strong></span> <span class='ocrx_word' id='word_1_556' title='bbox 2875 3642 3320 3713; x_wconf 78' lang='lat' dir='ltr'><strong>puriﬁcatioaem</strong></span> <span class='ocrx_word' id='word_1_557' title='bbox 3346 3641 3526 3698; x_wconf 67' lang='lat' dir='ltr'><strong>Julia:-</strong></span> 
     </span>
    </p>
   </div>
   <div class='ocr_carea' id='block_1_74' title="bbox 1905 3735 3523 3804">
    <p class='ocr_par' dir='ltr' id='par_1_74' title="bbox 1905 3735 3523 3804">
     <span class='ocr_line' id='line_1_74' title="bbox 1905 3735 3523 3804; baseline 0 -13"><span class='ocrx_word' id='word_1_558' title='bbox 1905 3752 2086 3798; x_wconf 90' lang='lat' dir='ltr'><strong>orum,</strong></span> <span class='ocrx_word' id='word_1_559' title='bbox 2123 3739 2408 3804; x_wconf 86' lang='lat' dir='ltr'><strong>capientes</strong></span> <span class='ocrx_word' id='word_1_560' title='bbox 2434 3735 2665 3804; x_wconf 73' lang='lat' dir='ltr'><strong>singula:</strong></span> <span class='ocrx_word' id='word_1_561' title='bbox 2699 3745 2965 3790; x_wconf 89' lang='lat' dir='ltr'><strong>metretas</strong></span> <span class='ocrx_word' id='word_1_562' title='bbox 3003 3736 3164 3792; x_wconf 91' lang='lat' dir='ltr'><strong>binas</strong></span> <span class='ocrx_word' id='word_1_563' title='bbox 3206 3751 3270 3791; x_wconf 90' lang='lat' dir='ltr'><strong>ac</strong></span> <span class='ocrx_word' id='word_1_564' title='bbox 3312 3747 3523 3791; x_wconf 78' lang='lat' dir='ltr'><strong>ternas.</strong></span> 
     </span>
    </p>
   </div>
   <div class='ocr_carea' id='block_1_75' title="bbox 1906 3825 3522 3899">
    <p class='ocr_par' dir='ltr' id='par_1_75' title="bbox 1906 3825 3522 3899">
     <span class='ocr_line' id='line_1_75' title="bbox 1906 3825 3522 3899; baseline 0.001 -18"><span class='ocrx_word' id='word_1_565' title='bbox 1906 3826 2053 3883; x_wconf 87' lang='lat' dir='ltr'><strong>Dicit</strong></span> <span class='ocrx_word' id='word_1_566' title='bbox 2083 3828 2162 3883; x_wconf 91' lang='lat' dir='ltr'><strong>eis</strong></span> <span class='ocrx_word' id='word_1_567' title='bbox 2207 3825 2408 3883; x_wconf 81' lang='lat' dir='ltr'><strong>Jesus:</strong></span> <span class='ocrx_word' id='word_1_568' title='bbox 2447 3827 2681 3896; x_wconf 90' lang='lat' dir='ltr'><strong>lmplete</strong></span> <span class='ocrx_word' id='word_1_569' title='bbox 2723 3829 2951 3899; x_wconf 87' lang='lat' dir='ltr'><strong>hydrias</strong></span> <span class='ocrx_word' id='word_1_570' title='bbox 2988 3844 3151 3898; x_wconf 88' lang='lat' dir='ltr'><strong>aqua.</strong></span> <span class='ocrx_word' id='word_1_571' title='bbox 3198 3829 3264 3882; x_wconf 86' lang='lat' dir='ltr'><strong>Et</strong></span> <span class='ocrx_word' id='word_1_572' title='bbox 3323 3829 3522 3896; x_wconf 83' lang='lat' dir='ltr'><strong>imple-</strong></span> 
     </span>
    </p>
   </div>
   <div class='ocr_carea' id='block_1_76' title="bbox 1905 3922 3524 3996">
    <p class='ocr_par' dir='ltr' id='par_1_76' title="bbox 1905 3922 3524 3996">
     <span class='ocr_line' id='line_1_76' title="bbox 1905 3922 3524 3996; baseline 0.001 -22"><span class='ocrx_word' id='word_1_573' title='bbox 1905 3931 2102 3976; x_wconf 88' lang='lat' dir='ltr'><strong>verunt</strong></span> <span class='ocrx_word' id='word_1_574' title='bbox 2139 3937 2236 3977; x_wconf 90' lang='lat' dir='ltr'><strong>eas</strong></span> <span class='ocrx_word' id='word_1_575' title='bbox 2268 3936 2442 3993; x_wconf 85' lang='lat' dir='ltr'><strong>usque</strong></span> <span class='ocrx_word' id='word_1_576' title='bbox 2476 3924 2542 3975; x_wconf 82' lang='lat' dir='ltr'><strong>ad</strong></span> <span class='ocrx_word' id='word_1_577' title='bbox 2590 3938 2890 3977; x_wconf 85' lang='lat' dir='ltr'><strong>summum.</strong></span> <span class='ocrx_word' id='word_1_578' title='bbox 2938 3922 3004 3976; x_wconf 85' lang='lat' dir='ltr'><strong>Et</strong></span> <span class='ocrx_word' id='word_1_579' title='bbox 3038 3923 3176 3977; x_wconf 88' lang='lat' dir='ltr'><strong>dicit</strong></span> <span class='ocrx_word' id='word_1_580' title='bbox 3207 3924 3289 3977; x_wconf 89' lang='lat' dir='ltr'><strong>eis</strong></span> <span class='ocrx_word' id='word_1_581' title='bbox 3320 3940 3333 3977; x_wconf 89' lang='lat'>:</span> <span class='ocrx_word' id='word_1_582' title='bbox 3366 3922 3524 3996; x_wconf 12' lang='lat' dir='ltr'><strong>Vllau-</strong></span> 
     </span>
    </p>
   </div>
   <div class='ocr_carea' id='block_1_77' title="bbox 195 4010 1802 4083">
    <p class='ocr_par' dir='ltr' id='par_1_77' title="bbox 195 4010 1799 4083">
     <span class='ocr_line' id='line_1_77' title="bbox 195 4010 1799 4083; baseline -0.002 -15"><span class='ocrx_word' id='word_1_583' title='bbox 195 4033 330 4070; x_wconf 83' lang='grc' dir='ltr'>σατε</span> <span class='ocrx_word' id='word_1_584' title='bbox 353 4015 470 4079; x_wconf 85' lang='grc' dir='ltr'>νῦν,</span> <span class='ocrx_word' id='word_1_585' title='bbox 499 4015 597 4067; x_wconf 71' lang='grc' dir='ltr'>καὶ</span> <span class='ocrx_word' id='word_1_586' title='bbox 615 4013 813 4083; x_wconf 82' lang='grc' dir='ltr'>φέρετε</span> <span class='ocrx_word' id='word_1_587' title='bbox 832 4010 911 4082; x_wconf 84' lang='grc' dir='ltr'><strong>τῷ</strong></span> <span class='ocrx_word' id='word_1_588' title='bbox 928 4013 1343 4082; x_wconf 81' lang='grc' dir='ltr'>ἀρχιτρικλίνῳ.</span> <span class='ocrx_word' id='word_1_589' title='bbox 1369 4013 1480 4066; x_wconf 73' lang='grc' dir='ltr'><strong>Καὶ</strong></span> <span class='ocrx_word' id='word_1_590' title='bbox 1496 4013 1757 4082; x_wconf 69' lang='grc' dir='ltr'>ἤνεγκαν·</span> <span class='ocrx_word' id='word_1_591' title='bbox 1777 4029 1799 4064; x_wconf 73' lang='grc' dir='ltr'><strong>ι</strong></span> 
     </span>
    </p>
   </div>
   <div class='ocr_carea' id='block_1_78' title="bbox 1910 4010 3521 4083">
    <p class='ocr_par' dir='ltr' id='par_1_78' title="bbox 1910 4014 3521 4080">
     <span class='ocr_line' id='line_1_78' title="bbox 1910 4014 3521 4080; baseline -0.001 -11"><span class='ocrx_word' id='word_1_592' title='bbox 1910 4015 2013 4069; x_wconf 91' lang='lat' dir='ltr'><strong>rite</strong></span> <span class='ocrx_word' id='word_1_593' title='bbox 2066 4031 2238 4080; x_wconf 87' lang='lat' dir='ltr'><strong>nunc,</strong></span> <span class='ocrx_word' id='word_1_594' title='bbox 2293 4023 2347 4070; x_wconf 89' lang='lat' dir='ltr'><strong>et</strong></span> <span class='ocrx_word' id='word_1_595' title='bbox 2403 4014 2545 4070; x_wconf 79' lang='lat' dir='ltr'><strong>ferte</strong></span> <span class='ocrx_word' id='word_1_596' title='bbox 2606 4014 3030 4070; x_wconf 87' lang='lat' dir='ltr'><strong>architricllno:</strong></span> <span class='ocrx_word' id='word_1_597' title='bbox 3086 4025 3142 4071; x_wconf 93' lang='lat' dir='ltr'><strong>et</strong></span> <span class='ocrx_word' id='word_1_598' title='bbox 3195 4016 3460 4072; x_wconf 83' lang='lat' dir='ltr'><strong>tulerunt.</strong></span> <span class='ocrx_word' id='word_1_599' title='bbox 3500 4034 3521 4068; x_wconf 72' lang='grc' dir='ltr'><strong>ι</strong></span> 
     </span>
    </p>
   </div>
   <div class='ocr_carea' id='block_1_79' title="bbox 191 4105 1800 4177">
    <p class='ocr_par' dir='ltr' id='par_1_79' title="bbox 191 4105 1800 4177">
     <span class='ocr_line' id='line_1_79' title="bbox 191 4105 1800 4177; baseline -0.004 -13"><span class='ocrx_word' id='word_1_600' title='bbox 191 4112 324 4172; x_wconf 84' lang='grc' dir='ltr'>Τοῖς</span> <span class='ocrx_word' id='word_1_601' title='bbox 347 4107 622 4170; x_wconf 86' lang='grc' dir='ltr'>διακόνοις</span> <span class='ocrx_word' id='word_1_602' title='bbox 648 4105 800 4175; x_wconf 86' lang='grc' dir='ltr'>λέγει</span> <span class='ocrx_word' id='word_1_603' title='bbox 825 4107 858 4175; x_wconf 77' lang='grc' dir='ltr'><strong>ἡ</strong></span> <span class='ocrx_word' id='word_1_604' title='bbox 889 4106 1116 4176; x_wconf 82' lang='grc' dir='ltr'><strong>Μήτηρ·</strong></span> <span class='ocrx_word' id='word_1_605' title='bbox 1154 4124 1171 4157; x_wconf 78' lang='grc' dir='ltr'><strong>ι</strong></span> <span class='ocrx_word' id='word_1_606' title='bbox 1205 4107 1273 4158; x_wconf 81' lang='grc'><strong>’0</strong></span> <span class='ocrx_word' id='word_1_607' title='bbox 1303 4123 1356 4158; x_wconf 93' lang='grc' dir='ltr'>τι</span> <span class='ocrx_word' id='word_1_608' title='bbox 1385 4107 1452 4160; x_wconf 80' lang='grc' dir='ltr'>ἂν</span> <span class='ocrx_word' id='word_1_609' title='bbox 1479 4106 1614 4177; x_wconf 79' lang='grc' dir='ltr'>λέγῃ</span> <span class='ocrx_word' id='word_1_610' title='bbox 1646 4106 1674 4158; x_wconf 92' lang='grc' dir='ltr'><strong>ὑ</strong></span> <span class='ocrx_word' id='word_1_611' title='bbox 1686 4109 1800 4176; x_wconf 84' lang='grc' dir='ltr'>μίν,</span> 
     </span>
    </p>
   </div>
   <div class='ocr_carea' id='block_1_80' title="bbox 190 4197 1799 4273">
    <p class='ocr_par' dir='ltr' id='par_1_80' title="bbox 190 4197 1799 4273">
     <span class='ocr_line' id='line_1_80' title="bbox 190 4197 1799 4273; baseline -0.004 -16"><span class='ocrx_word' id='word_1_612' title='bbox 190 4204 491 4272; x_wconf 81' lang='grc' dir='ltr'>ποιήσατε·</span> <span class='ocrx_word' id='word_1_613' title='bbox 531 4218 551 4250; x_wconf 66' lang='grc' dir='ltr'><strong>ι</strong></span> <span class='ocrx_word' id='word_1_614' title='bbox 586 4197 731 4253; x_wconf 78' lang='grc' dir='ltr'>ὥστε</span> <span class='ocrx_word' id='word_1_615' title='bbox 781 4197 1022 4273; x_wconf 26' lang='grc' dir='ltr'>,πλείονα</span> <span class='ocrx_word' id='word_1_616' title='bbox 1083 4197 1346 4266; x_wconf 82' lang='grc' dir='ltr'>γενέσθαι</span> <span class='ocrx_word' id='word_1_617' title='bbox 1402 4200 1504 4268; x_wconf 81' lang='grc' dir='ltr'>τὴν</span> <span class='ocrx_word' id='word_1_618' title='bbox 1552 4203 1799 4269; x_wconf 75' lang='grc' dir='ltr'>αἴτησιν,</span> 
     </span>
    </p>
   </div>
   <div class='ocr_carea' id='block_1_81' title="bbox 191 4286 1804 4362">
    <p class='ocr_par' dir='ltr' id='par_1_81' title="bbox 191 4286 1804 4362">
     <span class='ocr_line' id='line_1_81' title="bbox 191 4286 1804 4362; baseline 0 -19"><span class='ocrx_word' id='word_1_619' title='bbox 191 4288 616 4362; x_wconf 79' lang='grc' dir='ltr'>προσελθόντων</span> <span class='ocrx_word' id='word_1_620' title='bbox 651 4286 836 4343; x_wconf 80' lang='grc' dir='ltr'>αὐτῶν</span> <span class='ocrx_word' id='word_1_621' title='bbox 864 4287 960 4341; x_wconf 76' lang='grc' dir='ltr'>καὶ</span> <span class='ocrx_word' id='word_1_622' title='bbox 999 4288 1413 4357; x_wconf 69' lang='grc' dir='ltr'>αἰτησαμένων·</span> <span class='ocrx_word' id='word_1_623' title='bbox 1447 4289 1524 4351; x_wconf 75' lang='grc' dir='ltr'>ὡς</span> <span class='ocrx_word' id='word_1_624' title='bbox 1554 4290 1623 4342; x_wconf 82' lang='grc' dir='ltr'>ἂν</span> <span class='ocrx_word' id='word_1_625' title='bbox 1658 4290 1804 4362; x_wconf 81' lang='grc' dir='ltr'>δειχ-</span> 
     </span>
    </p>
   </div>
   <div class='ocr_carea' id='block_1_82' title="bbox 191 4375 1802 4454">
    <p class='ocr_par' dir='ltr' id='par_1_82' title="bbox 191 4375 1802 4454">
     <span class='ocr_line' id='line_1_82' title="bbox 191 4375 1802 4454; baseline -0.014 -16"><span class='ocrx_word' id='word_1_626' title='bbox 191 4382 288 4453; x_wconf 77' lang='grc' dir='ltr'><strong>θῇ,</strong></span> <span class='ocrx_word' id='word_1_627' title='bbox 327 4382 412 4435; x_wconf 82' lang='grc' dir='ltr'><strong>ὅτι</strong></span> <span class='ocrx_word' id='word_1_628' title='bbox 444 4380 547 4433; x_wconf 83' lang='grc' dir='ltr'>οὐκ</span> <span class='ocrx_word' id='word_1_629' title='bbox 577 4378 866 4442; x_wconf 63' lang='grc' dir='ltr'>ἀσθενείας</span> <span class='ocrx_word' id='word_1_630' title='bbox 890 4375 958 4451; x_wconf 81' lang='grc' dir='ltr'>ἦν</span> <span class='ocrx_word' id='word_1_631' title='bbox 987 4381 1021 4450; x_wconf 80' lang='grc' dir='ltr'>ὴ</span> <span class='ocrx_word' id='word_1_632' title='bbox 1045 4382 1405 4452; x_wconf 72' lang='grc' dir='ltr'>παραίτησις,</span> <span class='ocrx_word' id='word_1_633' title='bbox 1437 4382 1577 4436; x_wconf 69' lang='grc' dir='ltr'>ἀλλὰ</span> <span class='ocrx_word' id='word_1_634' title='bbox 1595 4381 1691 4436; x_wconf 71' lang='grc' dir='ltr'><strong>τοῦ</strong></span> <span class='ocrx_word' id='word_1_635' title='bbox 1728 4383 1802 4454; x_wconf 73' lang='grc' dir='ltr'><strong>μὴ</strong></span> 
     </span>
    </p>
   </div>
   <div class='ocr_carea' id='block_1_83' title="bbox 188 4471 1803 4545">
    <p class='ocr_par' dir='ltr' id='par_1_83' title="bbox 188 4471 1803 4545">
     <span class='ocr_line' id='line_1_83' title="bbox 188 4471 1803 4545; baseline 0 -17"><span class='ocrx_word' id='word_1_636' title='bbox 188 4474 343 4539; x_wconf 73' lang='grc' dir='ltr'>δόξαι</span> <span class='ocrx_word' id='word_1_637' title='bbox 392 4473 708 4543; x_wconf 74' lang='grc' dir='ltr'>ἐπιτρέχειν</span> <span class='ocrx_word' id='word_1_638' title='bbox 739 4473 860 4534; x_wconf 73' lang='grc' dir='ltr'>ταῖς</span> <span class='ocrx_word' id='word_1_639' title='bbox 907 4471 1383 4545; x_wconf 80' lang='grc' dir='ltr'>θαυματουργίαις</span> <span class='ocrx_word' id='word_1_640' title='bbox 1431 4473 1520 4527; x_wconf 77' lang='grc' dir='ltr'><strong>διὰ</strong></span> <span class='ocrx_word' id='word_1_641' title='bbox 1573 4473 1803 4542; x_wconf 58' lang='lat' dir='ltr'><strong>esum</strong></span> 
     </span>
    </p>
   </div>
   <div class='ocr_carea' id='block_1_84' title="bbox 190 4562 1799 4635">
    <p class='ocr_par' dir='ltr' id='par_1_84' title="bbox 190 4562 1799 4635">
     <span class='ocr_line' id='line_1_84' title="bbox 190 4562 1799 4635; baseline 0.001 -16"><span class='ocrx_word' id='word_1_642' title='bbox 190 4566 291 4619; x_wconf 72' lang='grc' dir='ltr'>καὶ</span> <span class='ocrx_word' id='word_1_643' title='bbox 315 4565 473 4618; x_wconf 76' lang='grc' dir='ltr'>κενὸν</span> <span class='ocrx_word' id='word_1_644' title='bbox 508 4564 698 4635; x_wconf 83' lang='grc' dir='ltr'>τύφον.</span> <span class='ocrx_word' id='word_1_645' title='bbox 727 4565 792 4618; x_wconf 81' lang='grc' dir='ltr'>Δί</span> <span class='ocrx_word' id='word_1_646' title='bbox 815 4562 872 4616; x_wconf 80' lang='grc' dir='ltr'>δὲ</span> <span class='ocrx_word' id='word_1_647' title='bbox 903 4563 1086 4634; x_wconf 88' lang='grc' dir='ltr'>ὑδρίαι</span> <span class='ocrx_word' id='word_1_648' title='bbox 1123 4566 1184 4618; x_wconf 82' lang='grc' dir='ltr'><strong>αί</strong></span> <span class='ocrx_word' id='word_1_649' title='bbox 1215 4565 1439 4630; x_wconf 85' lang='grc' dir='ltr'>λίθιναι,</span> <span class='ocrx_word' id='word_1_650' title='bbox 1469 4567 1550 4630; x_wconf 85' lang='grc' dir='ltr'><strong>είς</strong></span> <span class='ocrx_word' id='word_1_651' title='bbox 1577 4567 1670 4620; x_wconf 86' lang='grc' dir='ltr'><strong>τὸν</strong></span> <span class='ocrx_word' id='word_1_652' title='bbox 1695 4585 1799 4621; x_wconf 82' lang='grc' dir='ltr'>κα-</span> 
     </span>
    </p>
   </div>
   <div class='ocr_carea' id='block_1_85' title="bbox 1906 4083 3512 4175">
    <p class='ocr_par' dir='ltr' id='par_1_85' title="bbox 1906 4083 3512 4175">
     <span class='ocr_line' id='line_1_85' title="bbox 1906 4083 3512 4175; baseline 0.003 -17"><span class='ocrx_word' id='word_1_653' title='bbox 1906 4083 2174 4160; x_wconf 63' lang='grc' dir='ltr'>Μὶιιίειτίε</span> <span class='ocrx_word' id='word_1_654' title='bbox 2219 4104 2357 4160; x_wconf 89' lang='lat' dir='ltr'><strong>dicit</strong></span> <span class='ocrx_word' id='word_1_655' title='bbox 2412 4104 2626 4159; x_wconf 79' lang='lat' dir='ltr'><strong>Mater:</strong></span> <span class='ocrx_word' id='word_1_656' title='bbox 2688 4125 2707 4157; x_wconf 78' lang='grc' dir='ltr'><strong>ι</strong></span> <span class='ocrx_word' id='word_1_657' title='bbox 2745 4105 3021 4175; x_wconf 85' lang='lat' dir='ltr'><strong>Quidquid</strong></span> <span class='ocrx_word' id='word_1_658' title='bbox 3077 4106 3280 4162; x_wconf 82' lang='lat' dir='ltr'><strong>dixerit</strong></span> <span class='ocrx_word' id='word_1_659' title='bbox 3331 4109 3512 4170; x_wconf 84' lang='lat' dir='ltr'><strong>vobis.</strong></span> 
     </span>
    </p>
   </div>
   <div class='ocr_carea' id='block_1_86' title="bbox 1905 4197 3522 4272">
    <p class='ocr_par' dir='ltr' id='par_1_86' title="bbox 1905 4197 3522 4272">
     <span class='ocr_line' id='line_1_86' title="bbox 1905 4197 3522 4272; baseline 0.004 -20"><span class='ocrx_word' id='word_1_660' title='bbox 1905 4197 2095 4254; x_wconf 82' lang='lat' dir='ltr'><strong>facite.</strong></span> <span class='ocrx_word' id='word_1_661' title='bbox 2163 4218 2182 4252; x_wconf 79' lang='grc' dir='ltr'><strong>ι</strong></span> <span class='ocrx_word' id='word_1_662' title='bbox 2245 4200 2425 4269; x_wconf 85' lang='lat' dir='ltr'><strong>Atque</strong></span> <span class='ocrx_word' id='word_1_663' title='bbox 2502 4200 2576 4253; x_wconf 89' lang='lat' dir='ltr'><strong>ita</strong></span> <span class='ocrx_word' id='word_1_664' title='bbox 2626 4215 2752 4253; x_wconf 85' lang='lat' dir='ltr'><strong>eum</strong></span> <span class='ocrx_word' id='word_1_665' title='bbox 2829 4199 3006 4268; x_wconf 86' lang='lat' dir='ltr'><strong>major</strong></span> <span class='ocrx_word' id='word_1_666' title='bbox 3074 4201 3234 4256; x_wconf 80' lang='lat' dir='ltr'><strong>ﬂeret</strong></span> <span class='ocrx_word' id='word_1_667' title='bbox 3287 4202 3522 4272; x_wconf 87' lang='lat' dir='ltr'><strong>petitio,</strong></span> 
     </span>
    </p>
   </div>
   <div class='ocr_carea' id='block_1_87' title="bbox 1906 4291 3523 4363">
    <p class='ocr_par' dir='ltr' id='par_1_87' title="bbox 1906 4291 3523 4363">
     <span class='ocr_line' id='line_1_87' title="bbox 1906 4291 3523 4363; baseline 0.002 -17"><span class='ocrx_word' id='word_1_668' title='bbox 1906 4307 2143 4362; x_wconf 89' lang='lat' dir='ltr'><strong>cumque</strong></span> <span class='ocrx_word' id='word_1_669' title='bbox 2204 4292 2568 4348; x_wconf 80' lang='lat' dir='ltr'><strong>accessissent</strong></span> <span class='ocrx_word' id='word_1_670' title='bbox 2628 4302 2683 4347; x_wconf 92' lang='lat' dir='ltr'><strong>et</strong></span> <span class='ocrx_word' id='word_1_671' title='bbox 2739 4291 2860 4356; x_wconf 86' lang='lat' dir='ltr'><strong>illi,</strong></span> <span class='ocrx_word' id='word_1_672' title='bbox 2937 4307 3004 4348; x_wconf 89' lang='lat' dir='ltr'><strong>ac</strong></span> <span class='ocrx_word' id='word_1_673' title='bbox 3061 4291 3334 4363; x_wconf 87' lang='lat' dir='ltr'><strong>petissent</strong></span> <span class='ocrx_word' id='word_1_674' title='bbox 3381 4312 3395 4348; x_wconf 89' lang='lat'><strong>:</strong></span> <span class='ocrx_word' id='word_1_675' title='bbox 3464 4305 3523 4349; x_wconf 93' lang='lat' dir='ltr'><strong>ut</strong></span> 
     </span>
    </p>
   </div>
   <div class='ocr_carea' id='block_1_88' title="bbox 1908 4381 3523 4456">
    <p class='ocr_par' dir='ltr' id='par_1_88' title="bbox 1908 4381 3523 4456">
     <span class='ocr_line' id='line_1_88' title="bbox 1908 4381 3523 4456; baseline 0.004 -19"><span class='ocrx_word' id='word_1_676' title='bbox 1908 4393 2246 4439; x_wconf 71' lang='lat' dir='ltr'><strong>monstretur</strong></span> <span class='ocrx_word' id='word_1_677' title='bbox 2293 4386 2443 4454; x_wconf 88' lang='lat' dir='ltr'><strong>quod</strong></span> <span class='ocrx_word' id='word_1_678' title='bbox 2499 4399 2606 4438; x_wconf 90' lang='lat' dir='ltr'><strong>non</strong></span> <span class='ocrx_word' id='word_1_679' title='bbox 2664 4382 3010 4439; x_wconf 79' lang='lat' dir='ltr'><strong>inﬁrmitatis</strong></span> <span class='ocrx_word' id='word_1_680' title='bbox 3057 4381 3226 4440; x_wconf 82' lang='lat' dir='ltr'><strong>fuerit</strong></span> <span class='ocrx_word' id='word_1_681' title='bbox 3281 4386 3523 4456; x_wconf 78' lang='lat' dir='ltr'><strong>repulsa,</strong></span> 
     </span>
    </p>
   </div>
   <div class='ocr_carea' id='block_1_89' title="bbox 1905 4477 3525 4536">
    <p class='ocr_par' dir='ltr' id='par_1_89' title="bbox 1905 4477 3525 4536">
     <span class='ocr_line' id='line_1_89' title="bbox 1905 4477 3525 4536; baseline 0.002 -4"><span class='ocrx_word' id='word_1_682' title='bbox 1905 4483 1999 4532; x_wconf 84' lang='lat' dir='ltr'><strong>sed</strong></span> <span class='ocrx_word' id='word_1_683' title='bbox 2059 4494 2125 4531; x_wconf 89' lang='lat' dir='ltr'><strong>ne</strong></span> <span class='ocrx_word' id='word_1_684' title='bbox 2176 4478 2457 4532; x_wconf 79' lang='lat' dir='ltr'><strong>videretur</strong></span> <span class='ocrx_word' id='word_1_685' title='bbox 2513 4492 2805 4532; x_wconf 85' lang='lat' dir='ltr'><strong>accurrere</strong></span> <span class='ocrx_word' id='word_1_686' title='bbox 2866 4487 2922 4534; x_wconf 91' lang='lat' dir='ltr'><strong>et</strong></span> <span class='ocrx_word' id='word_1_687' title='bbox 2978 4477 3247 4536; x_wconf 80' lang='lat' dir='ltr'><strong>festinare</strong></span> <span class='ocrx_word' id='word_1_688' title='bbox 3295 4483 3362 4534; x_wconf 88' lang='lat' dir='ltr'><strong>ad</strong></span> <span class='ocrx_word' id='word_1_689' title='bbox 3419 4483 3525 4536; x_wconf 89' lang='lat' dir='ltr'><strong>mi-</strong></span> 
     </span>
    </p>
   </div>
   <div class='ocr_carea' id='block_1_90' title="bbox 1906 4569 3521 4640">
    <p class='ocr_par' dir='ltr' id='par_1_90' title="bbox 1906 4569 3521 4640">
     <span class='ocr_line' id='line_1_90' title="bbox 1906 4569 3521 4640; baseline 0.004 -16"><span class='ocrx_word' id='word_1_690' title='bbox 1906 4569 2217 4625; x_wconf 86' lang='lat' dir='ltr'><strong>raculorum</strong></span> <span class='ocrx_word' id='word_1_691' title='bbox 2301 4571 2681 4639; x_wconf 82' lang='lat' dir='ltr'><strong>operationem</strong></span> <span class='ocrx_word' id='word_1_692' title='bbox 2770 4583 2995 4640; x_wconf 89' lang='lat' dir='ltr'><strong>propter</strong></span> <span class='ocrx_word' id='word_1_693' title='bbox 3083 4575 3521 4631; x_wconf 70' lang='lat' dir='ltr'><strong>oszentatiunem</strong></span> 
     </span>
    </p>
   </div>
   <div class='ocr_carea' id='block_1_91' title="bbox 194 4657 1802 4735">
    <p class='ocr_par' dir='ltr' id='par_1_91' title="bbox 194 4657 1798 4731">
     <span class='ocr_line' id='line_1_91' title="bbox 194 4657 1798 4731; baseline 0 -17"><span class='ocrx_word' id='word_1_694' title='bbox 194 4658 466 4730; x_wconf 69' lang='grc' dir='ltr'>θαρισμὸν</span> <span class='ocrx_word' id='word_1_695' title='bbox 493 4658 604 4711; x_wconf 85' lang='grc' dir='ltr'>τῶν</span> <span class='ocrx_word' id='word_1_696' title='bbox 665 4657 939 4712; x_wconf 84' lang='grc' dir='ltr'>Ἰουδαίων</span> <span class='ocrx_word' id='word_1_697' title='bbox 980 4659 1377 4731; x_wconf 74' lang='grc' dir='ltr'>ἐχρημάτιζον.</span> <span class='ocrx_word' id='word_1_698' title='bbox 1408 4660 1472 4713; x_wconf 83' lang='lat' dir='ltr'><strong>Ol</strong></span> <span class='ocrx_word' id='word_1_699' title='bbox 1514 4661 1624 4730; x_wconf 85' lang='grc' dir='ltr'>γὰρ</span> <span class='ocrx_word' id='word_1_700' title='bbox 1667 4660 1798 4714; x_wconf 73' lang='grc' dir='ltr'>Ἰουο</span> 
     </span>
    </p>
   </div>
   <div class='ocr_carea' id='block_1_92' title="bbox 1910 4657 3522 4735">
    <p class='ocr_par' dir='ltr' id='par_1_92' title="bbox 1910 4660 3522 4735">
     <span class='ocr_line' id='line_1_92' title="bbox 1910 4660 3522 4735; baseline 0.002 -18"><span class='ocrx_word' id='word_1_701' title='bbox 1910 4660 2071 4731; x_wconf 82' lang='lat'><strong>533</strong></span> <span class='ocrx_word' id='word_1_702' title='bbox 2104 4671 2158 4716; x_wconf 85' lang='lat' dir='ltr'><strong>et</strong></span> <span class='ocrx_word' id='word_1_703' title='bbox 2187 4677 2380 4715; x_wconf 84' lang='lat' dir='ltr'><strong>vanam</strong></span> <span class='ocrx_word' id='word_1_704' title='bbox 2415 4661 2672 4731; x_wconf 86' lang='lat' dir='ltr'><strong>gloriam.</strong></span> <span class='ocrx_word' id='word_1_705' title='bbox 2709 4660 2960 4731; x_wconf 69' lang='lat' dir='ltr'><strong>Lapidem</strong></span> <span class='ocrx_word' id='word_1_706' title='bbox 2989 4671 3172 4717; x_wconf 87' lang='lat' dir='ltr'><strong>autem</strong></span> <span class='ocrx_word' id='word_1_707' title='bbox 3215 4666 3425 4735; x_wconf 64' lang='lat' dir='ltr'><strong>hydria:</strong></span> <span class='ocrx_word' id='word_1_708' title='bbox 3452 4666 3522 4720; x_wconf 76' lang='lat' dir='ltr'><strong>ad</strong></span> 
     </span>
    </p>
   </div>
   <div class='ocr_carea' id='block_1_93' title="bbox 194 4750 1800 4821">
    <p class='ocr_par' dir='ltr' id='par_1_93' title="bbox 194 4750 1800 4821">
     <span class='ocr_line' id='line_1_93' title="bbox 194 4750 1800 4821; baseline 0 -15"><span class='ocrx_word' id='word_1_709' title='bbox 194 4753 335 4806; x_wconf 84' lang='grc' dir='ltr'>δαῖοι</span> <span class='ocrx_word' id='word_1_710' title='bbox 376 4751 502 4805; x_wconf 82' lang='grc' dir='ltr'>καθ’</span> <span class='ocrx_word' id='word_1_711' title='bbox 542 4751 783 4820; x_wconf 75' lang='grc' dir='ltr'>ἑκάστην</span> <span class='ocrx_word' id='word_1_712' title='bbox 835 4750 1023 4821; x_wconf 80' lang='grc' dir='ltr'>σχεδὸν</span> <span class='ocrx_word' id='word_1_713' title='bbox 1053 4751 1452 4818; x_wconf 87' lang='grc' dir='ltr'>ἀπεπλύνοντο,</span> <span class='ocrx_word' id='word_1_714' title='bbox 1495 4753 1592 4806; x_wconf 79' lang='grc' dir='ltr'>καὶ</span> <span class='ocrx_word' id='word_1_715' title='bbox 1627 4753 1800 4817; x_wconf 80' lang='grc' dir='ltr'>οὕτως</span> 
     </span>
    </p>
   </div>
   <div class='ocr_carea' id='block_1_94' title="bbox 193 4837 1801 4914">
    <p class='ocr_par' dir='ltr' id='par_1_94' title="bbox 193 4837 1801 4914">
     <span class='ocr_line' id='line_1_94' title="bbox 193 4837 1801 4914; baseline 0 -17"><span class='ocrx_word' id='word_1_716' title='bbox 193 4843 384 4914; x_wconf 61' lang='grc' dir='ltr'>ἢσθιον</span> <span class='ocrx_word' id='word_1_717' title='bbox 405 4859 418 4874; x_wconf 89' lang='grc'><strong>·</strong></span> <span class='ocrx_word' id='word_1_718' title='bbox 443 4837 577 4908; x_wconf 75' lang='grc' dir='ltr'>οἷον,</span> <span class='ocrx_word' id='word_1_719' title='bbox 611 4843 660 4894; x_wconf 84' lang='grc' dir='ltr'><strong>εί</strong></span> <span class='ocrx_word' id='word_1_720' title='bbox 678 4841 882 4912; x_wconf 80' lang='grc' dir='ltr'>λεπροῦ</span> <span class='ocrx_word' id='word_1_721' title='bbox 909 4842 1143 4914; x_wconf 73' lang='grc' dir='ltr'>ἥψαντο,</span> <span class='ocrx_word' id='word_1_722' title='bbox 1171 4842 1221 4895; x_wconf 82' lang='grc' dir='ltr'><strong>εί</strong></span> <span class='ocrx_word' id='word_1_723' title='bbox 1252 4841 1475 4913; x_wconf 82' lang='grc' dir='ltr'>νεκροῦ,</span> <span class='ocrx_word' id='word_1_724' title='bbox 1507 4844 1554 4894; x_wconf 83' lang='grc' dir='ltr'><strong>εί</strong></span> <span class='ocrx_word' id='word_1_725' title='bbox 1575 4843 1801 4910; x_wconf 79' lang='grc' dir='ltr'>γυναικὶ</span> 
     </span>
    </p>
   </div>
   <div class='ocr_carea' id='block_1_95' title="bbox 192 4933 1796 5007">
    <p class='ocr_par' dir='ltr' id='par_1_95' title="bbox 192 4933 1796 5007">
     <span class='ocr_line' id='line_1_95' title="bbox 192 4933 1796 5007; baseline 0.001 -18"><span class='ocrx_word' id='word_1_726' title='bbox 192 4935 506 5007; x_wconf 82' lang='grc' dir='ltr'>ὡμίλησαν,</span> <span class='ocrx_word' id='word_1_727' title='bbox 539 4935 615 4996; x_wconf 80' lang='grc' dir='ltr'><strong>ὥς</strong></span> <span class='ocrx_word' id='word_1_728' title='bbox 668 4933 973 5005; x_wconf 82' lang='grc' dir='ltr'>ἀκάθαρτοι</span> <span class='ocrx_word' id='word_1_729' title='bbox 1019 4934 1209 4988; x_wconf 83' lang='grc' dir='ltr'>λοιπὸν</span> <span class='ocrx_word' id='word_1_730' title='bbox 1238 4934 1394 4998; x_wconf 74' lang='grc' dir='ltr'>ὄντες</span> <span class='ocrx_word' id='word_1_731' title='bbox 1443 4935 1796 4990; x_wconf 85' lang='grc' dir='ltr'>ἀπελούοντο.</span> 
     </span>
    </p>
   </div>
   <div class='ocr_carea' id='block_1_96' title="bbox 203 5023 1801 5100">
    <p class='ocr_par' dir='ltr' id='par_1_96' title="bbox 203 5023 1801 5100">
     <span class='ocr_line' id='line_1_96' title="bbox 203 5023 1801 5100; baseline 0 -19"><span class='ocrx_word' id='word_1_732' title='bbox 203 5029 364 5082; x_wconf 72' lang='grc' dir='ltr'>Ἐπεὶ</span> <span class='ocrx_word' id='word_1_733' title='bbox 391 5026 485 5081; x_wconf 75' lang='grc' dir='ltr'>οὖν</span> <span class='ocrx_word' id='word_1_734' title='bbox 514 5029 548 5098; x_wconf 83' lang='grc' dir='ltr'>ὴ</span> <span class='ocrx_word' id='word_1_735' title='bbox 579 5027 916 5097; x_wconf 83' lang='grc' dir='ltr'>Παλαιστίνη</span> <span class='ocrx_word' id='word_1_736' title='bbox 942 5026 1172 5097; x_wconf 78' lang='grc' dir='ltr'>ἄνυδρος</span> <span class='ocrx_word' id='word_1_737' title='bbox 1207 5023 1297 5100; x_wconf 79' lang='grc' dir='ltr'>ἦν,</span> <span class='ocrx_word' id='word_1_738' title='bbox 1330 5028 1423 5081; x_wconf 76' lang='grc' dir='ltr'>καὶ</span> <span class='ocrx_word' id='word_1_739' title='bbox 1446 5027 1547 5080; x_wconf 84' lang='grc' dir='ltr'>οὐκ</span> <span class='ocrx_word' id='word_1_740' title='bbox 1574 5023 1643 5098; x_wconf 82' lang='grc' dir='ltr'>ἦν</span> <span class='ocrx_word' id='word_1_741' title='bbox 1673 5029 1801 5081; x_wconf 90' lang='grc' dir='ltr'>πολ-</span> 
     </span>
    </p>
   </div>
   <div class='ocr_carea' id='block_1_97' title="bbox 187 5119 1802 5193">
    <p class='ocr_par' dir='ltr' id='par_1_97' title="bbox 187 5119 1802 5193">
     <span class='ocr_line' id='line_1_97' title="bbox 187 5119 1802 5193; baseline -0.001 -17"><span class='ocrx_word' id='word_1_742' title='bbox 187 5121 364 5193; x_wconf 83' lang='grc' dir='ltr'>λαχοῦ</span> <span class='ocrx_word' id='word_1_743' title='bbox 410 5120 597 5190; x_wconf 71' lang='grc' dir='ltr'>πηγὰς</span> <span class='ocrx_word' id='word_1_744' title='bbox 649 5119 955 5192; x_wconf 85' lang='grc' dir='ltr'>εὑρίσκειν,</span> <span class='ocrx_word' id='word_1_745' title='bbox 997 5120 1274 5188; x_wconf 78' lang='grc' dir='ltr'>ἐπλήρουν</span> <span class='ocrx_word' id='word_1_746' title='bbox 1325 5121 1412 5174; x_wconf 75' lang='grc' dir='ltr'>ἀεὶ</span> <span class='ocrx_word' id='word_1_747' title='bbox 1459 5120 1560 5184; x_wconf 83' lang='grc' dir='ltr'><strong>τὰς</strong></span> <span class='ocrx_word' id='word_1_748' title='bbox 1611 5120 1802 5191; x_wconf 86' lang='grc' dir='ltr'>ὑδρίας</span> 
     </span>
    </p>
   </div>
   <div class='ocr_carea' id='block_1_98' title="bbox 193 5214 1801 5286">
    <p class='ocr_par' dir='ltr' id='par_1_98' title="bbox 193 5214 1801 5286">
     <span class='ocr_line' id='line_1_98' title="bbox 193 5214 1801 5286; baseline -0.004 -14"><span class='ocrx_word' id='word_1_749' title='bbox 193 5217 416 5282; x_wconf 73' lang='grc' dir='ltr'>ὓδατος,</span> <span class='ocrx_word' id='word_1_750' title='bbox 447 5214 588 5268; x_wconf 85' lang='grc' dir='ltr'>ὥστε</span> <span class='ocrx_word' id='word_1_751' title='bbox 627 5214 704 5286; x_wconf 82' lang='grc' dir='ltr'>μὴ</span> <span class='ocrx_word' id='word_1_752' title='bbox 733 5215 950 5285; x_wconf 83' lang='grc' dir='ltr'>τρέχειν</span> <span class='ocrx_word' id='word_1_753' title='bbox 985 5216 1065 5278; x_wconf 83' lang='grc' dir='ltr'>εἰς</span> <span class='ocrx_word' id='word_1_754' title='bbox 1096 5217 1404 5285; x_wconf 74' lang='grc' dir='ltr'>ποταμοὺς,</span> <span class='ocrx_word' id='word_1_755' title='bbox 1446 5215 1635 5268; x_wconf 74' lang='grc' dir='ltr'>εἴποτε</span> <span class='ocrx_word' id='word_1_756' title='bbox 1667 5216 1801 5268; x_wconf 77' lang='grc' dir='ltr'>ἀκά-</span> 
     </span>
    </p>
   </div>
   <div class='ocr_carea' id='block_1_99' title="bbox 189 5303 1792 5379">
    <p class='ocr_par' dir='ltr' id='par_1_99' title="bbox 189 5303 1792 5379">
     <span class='ocr_line' id='line_1_99' title="bbox 189 5303 1792 5379; baseline -0.001 -15"><span class='ocrx_word' id='word_1_757' title='bbox 189 5311 388 5379; x_wconf 84' lang='grc' dir='ltr'>θαρτοι</span> <span class='ocrx_word' id='word_1_758' title='bbox 429 5309 691 5375; x_wconf 82' lang='grc' dir='ltr'>γένοιντο.</span> <span class='ocrx_word' id='word_1_759' title='bbox 740 5309 853 5377; x_wconf 82' lang='grc' dir='ltr'><strong>Οὐχ</strong></span> <span class='ocrx_word' id='word_1_760' title='bbox 885 5307 1072 5371; x_wconf 82' lang='grc' dir='ltr'>ἁπλῶς</span> <span class='ocrx_word' id='word_1_761' title='bbox 1110 5303 1205 5361; x_wconf 79' lang='grc' dir='ltr'>οὖν</span> <span class='ocrx_word' id='word_1_762' title='bbox 1254 5303 1431 5372; x_wconf 74' lang='grc' dir='ltr'>εἶπεν,</span> <span class='ocrx_word' id='word_1_763' title='bbox 1464 5308 1547 5361; x_wconf 83' lang='grc' dir='ltr'><strong>ὅτι</strong></span> <span class='ocrx_word' id='word_1_764' title='bbox 1588 5328 1606 5359; x_wconf 73' lang='grc' dir='ltr'><strong>ι</strong></span> <span class='ocrx_word' id='word_1_765' title='bbox 1648 5310 1792 5364; x_wconf 83' lang='grc' dir='ltr'><strong>κατά</strong></span> 
     </span>
    </p>
   </div>
   <div class='ocr_carea' id='block_1_100' title="bbox 183 5399 1802 5471">
    <p class='ocr_par' dir='ltr' id='par_1_100' title="bbox 183 5399 1802 5471">
     <span class='ocr_line' id='line_1_100' title="bbox 183 5399 1802 5471; baseline -0.001 -14"><span class='ocrx_word' id='word_1_766' title='bbox 183 5403 285 5457; x_wconf 73' lang='grc' dir='ltr'>τὸν</span> <span class='ocrx_word' id='word_1_767' title='bbox 319 5401 671 5471; x_wconf 82' lang='grc' dir='ltr'>καθαρισμὸν</span> <span class='ocrx_word' id='word_1_768' title='bbox 720 5399 829 5453; x_wconf 83' lang='grc' dir='ltr'><strong>τῶν</strong></span> <span class='ocrx_word' id='word_1_769' title='bbox 874 5399 1178 5454; x_wconf 79' lang='grc' dir='ltr'>Ἰουδαίων·</span> <span class='ocrx_word' id='word_1_770' title='bbox 1221 5420 1239 5453; x_wconf 78' lang='grc' dir='ltr'><strong>ι</strong></span> <span class='ocrx_word' id='word_1_771' title='bbox 1276 5400 1393 5456; x_wconf 72' lang='grc' dir='ltr'>ἀλλ’</span> <span class='ocrx_word' id='word_1_772' title='bbox 1428 5402 1513 5454; x_wconf 83' lang='grc' dir='ltr'>ἵνα</span> <span class='ocrx_word' id='word_1_773' title='bbox 1557 5403 1630 5471; x_wconf 84' lang='grc' dir='ltr'>μή</span> <span class='ocrx_word' id='word_1_774' title='bbox 1656 5417 1802 5465; x_wconf 85' lang='grc' dir='ltr'>τινες</span> 
     </span>
    </p>
   </div>
   <div class='ocr_carea' id='block_1_101' title="bbox 184 5489 1802 5564">
    <p class='ocr_par' dir='ltr' id='par_1_101' title="bbox 184 5489 1802 5564">
     <span class='ocr_line' id='line_1_101' title="bbox 184 5489 1802 5564; baseline -0.001 -16"><span class='ocrx_word' id='word_1_775' title='bbox 184 5494 302 5548; x_wconf 83' lang='grc' dir='ltr'><strong>τῶν</strong></span> <span class='ocrx_word' id='word_1_776' title='bbox 334 5493 582 5546; x_wconf 84' lang='grc' dir='ltr'>ἀπίστων</span> <span class='ocrx_word' id='word_1_777' title='bbox 634 5492 1078 5559; x_wconf 80' lang='grc' dir='ltr'>ὑποπτεύσωσιν,</span> <span class='ocrx_word' id='word_1_778' title='bbox 1111 5494 1196 5547; x_wconf 85' lang='grc' dir='ltr'><strong>ὃτι</strong></span> <span class='ocrx_word' id='word_1_779' title='bbox 1229 5494 1431 5564; x_wconf 83' lang='grc' dir='ltr'>τρυγία</span> <span class='ocrx_word' id='word_1_780' title='bbox 1466 5489 1645 5564; x_wconf 82' lang='grc' dir='ltr'>τις,ἧν</span> <span class='ocrx_word' id='word_1_781' title='bbox 1678 5496 1802 5546; x_wconf 83' lang='grc' dir='ltr'>ὲνα-</span> 
     </span>
    </p>
   </div>
   <div class='ocr_carea' id='block_1_102' title="bbox 185 5579 1803 5655">
    <p class='ocr_par' dir='ltr' id='par_1_102' title="bbox 185 5579 1803 5655">
     <span class='ocr_line' id='line_1_102' title="bbox 185 5579 1803 5655; baseline -0.001 -17"><span class='ocrx_word' id='word_1_782' title='bbox 185 5584 528 5655; x_wconf 76' lang='grc' dir='ltr'>πομείνατα,</span> <span class='ocrx_word' id='word_1_783' title='bbox 563 5579 685 5636; x_wconf 76' lang='grc' dir='ltr'>εἶτα</span> <span class='ocrx_word' id='word_1_784' title='bbox 718 5583 810 5636; x_wconf 79' lang='grc' dir='ltr'><strong>τοῦ</strong></span> <span class='ocrx_word' id='word_1_785' title='bbox 844 5583 1036 5647; x_wconf 88' lang='grc' dir='ltr'>ῦδατος</span> <span class='ocrx_word' id='word_1_786' title='bbox 1066 5585 1455 5654; x_wconf 76' lang='grc' dir='ltr'>ὲπιΰληθέντος</span> <span class='ocrx_word' id='word_1_787' title='bbox 1508 5586 1602 5636; x_wconf 74' lang='grc' dir='ltr'>καὶ</span> <span class='ocrx_word' id='word_1_788' title='bbox 1636 5603 1803 5655; x_wconf 82' lang='grc' dir='ltr'>κερα-</span> 
     </span>
    </p>
   </div>
   <div class='ocr_carea' id='block_1_103' title="bbox 188 5672 1800 5744">
    <p class='ocr_par' dir='ltr' id='par_1_103' title="bbox 188 5672 1800 5744">
     <span class='ocr_line' id='line_1_103' title="bbox 188 5672 1800 5744; baseline -0.001 -12"><span class='ocrx_word' id='word_1_789' title='bbox 188 5679 438 5741; x_wconf 81' lang='grc' dir='ltr'>σθέντος,</span> <span class='ocrx_word' id='word_1_790' title='bbox 498 5672 641 5738; x_wconf 78' lang='grc' dir='ltr'>οἶνος</span> <span class='ocrx_word' id='word_1_791' title='bbox 702 5677 1035 5739; x_wconf 80' lang='grc' dir='ltr'>λεπτότατος</span> <span class='ocrx_word' id='word_1_792' title='bbox 1091 5678 1309 5744; x_wconf 80' lang='grc' dir='ltr'>γέγονε,</span> <span class='ocrx_word' id='word_1_793' title='bbox 1368 5677 1666 5742; x_wconf 76' lang='grc' dir='ltr'>δείκνυσιν,</span> <span class='ocrx_word' id='word_1_794' title='bbox 1718 5681 1800 5731; x_wconf 84' lang='grc' dir='ltr'>ὅτι</span> 
     </span>
    </p>
   </div>
   <div class='ocr_carea' id='block_1_104' title="bbox 182 5768 1801 5842">
    <p class='ocr_par' dir='ltr' id='par_1_104' title="bbox 182 5768 1801 5842">
     <span class='ocr_line' id='line_1_104' title="bbox 182 5768 1801 5842; baseline -0.001 -17"><span class='ocrx_word' id='word_1_795' title='bbox 182 5772 450 5824; x_wconf 74' lang='grc' dir='ltr'>οὐδέποτε</span> <span class='ocrx_word' id='word_1_796' title='bbox 483 5771 666 5822; x_wconf 80' lang='grc' dir='ltr'>ὲκ;ῖνα</span> <span class='ocrx_word' id='word_1_797' title='bbox 698 5771 989 5838; x_wconf 80' lang='grc' dir='ltr'>γεγόνασιν</span> <span class='ocrx_word' id='word_1_798' title='bbox 1020 5772 1163 5822; x_wconf 82' lang='grc' dir='ltr'>οἴνου</span> <span class='ocrx_word' id='word_1_799' title='bbox 1193 5770 1396 5838; x_wconf 60' lang='grc' dir='ltr'>δουλεία.</span> <span class='ocrx_word' id='word_1_800' title='bbox 1418 5768 1546 5842; x_wconf 72' lang='grc' dir='ltr'><strong>⁷Λρ’</strong></span> <span class='ocrx_word' id='word_1_801' title='bbox 1577 5771 1670 5823; x_wconf 71' lang='grc' dir='ltr'>οὖν</span> <span class='ocrx_word' id='word_1_802' title='bbox 1700 5773 1801 5824; x_wconf 71' lang='grc' dir='ltr'>οὐκ</span> 
     </span>
    </p>
   </div>
   <div class='ocr_carea' id='block_1_105' title="bbox 181 5864 1802 5937">
    <p class='ocr_par' dir='ltr' id='par_1_105' title="bbox 181 5864 1802 5937">
     <span class='ocr_line' id='line_1_105' title="bbox 181 5864 1802 5937; baseline 0.001 -20"><span class='ocrx_word' id='word_1_803' title='bbox 181 5867 426 5934; x_wconf 72' lang='grc' dir='ltr'>ἡδύ-,ατο</span> <span class='ocrx_word' id='word_1_804' title='bbox 456 5865 553 5917; x_wconf 67' lang='grc' dir='ltr'>καὶ</span> <span class='ocrx_word' id='word_1_805' title='bbox 598 5866 771 5935; x_wconf 74' lang='grc' dir='ltr'>χωρὶς</span> <span class='ocrx_word' id='word_1_806' title='bbox 803 5864 897 5916; x_wconf 80' lang='grc' dir='ltr'><strong>τοῦ</strong></span> <span class='ocrx_word' id='word_1_807' title='bbox 932 5864 1268 5934; x_wconf 74' lang='grc' dir='ltr'>γεμισθῆναι</span> <span class='ocrx_word' id='word_1_808' title='bbox 1309 5866 1408 5928; x_wconf 63' lang='grc' dir='ltr'>τὰς</span> <span class='ocrx_word' id='word_1_809' title='bbox 1442 5867 1630 5937; x_wconf 69' lang='grc' dir='ltr'>ὑδρίας</span> <span class='ocrx_word' id='word_1_810' title='bbox 1677 5867 1802 5918; x_wconf 78' lang='grc' dir='ltr'>ὓδα-</span> 
     </span>
    </p>
   </div>
   <div class='ocr_carea' id='block_1_106' title="bbox 182 5953 1062 6029">
    <p class='ocr_par' dir='ltr' id='par_1_106' title="bbox 182 5953 1062 6029">
     <span class='ocr_line' id='line_1_106' title="bbox 182 5953 1062 6029; baseline 0 -20"><span class='ocrx_word' id='word_1_811' title='bbox 182 5975 306 6020; x_wconf 68' lang='grc' dir='ltr'>τος,</span> <span class='ocrx_word' id='word_1_812' title='bbox 352 5955 761 6029; x_wconf 72' lang='grc' dir='ltr'>δημεουργῆσαι</span> <span class='ocrx_word' id='word_1_813' title='bbox 812 5953 954 6010; x_wconf 72' lang='grc' dir='ltr'>οἶνον</span> <span class='ocrx_word' id='word_1_814' title='bbox 1003 5959 1062 6021; x_wconf 78' lang='grc' dir='ltr'>ἐξ</span> 
     </span>
    </p>
   </div>
   <div class='ocr_carea' id='block_1_107' title="bbox 1111 5959 1794 6022">
    <p class='ocr_par' dir='ltr' id='par_1_107' title="bbox 1111 5959 1794 6022">
     <span class='ocr_line' id='line_1_107' title="bbox 1111 5959 1794 6022; baseline 0.006 -12"><span class='ocrx_word' id='word_1_815' title='bbox 1111 5959 1208 6010; x_wconf 67' lang='grc' dir='ltr'>οὐκ</span> <span class='ocrx_word' id='word_1_816' title='bbox 1261 5961 1316 6009; x_wconf 67' lang='grc' dir='ltr'>ὃν</span> <span class='ocrx_word' id='word_1_817' title='bbox 1328 5978 1432 6013; x_wconf 84' lang='grc' dir='ltr'><strong>των</strong></span> <span class='ocrx_word' id='word_1_818' title='bbox 1454 5980 1465 6022; x_wconf 88' lang='grc'>;</span> <span class='ocrx_word' id='word_1_819' title='bbox 1532 5962 1659 6012; x_wconf 67' lang='grc' dir='ltr'>Ἡδύ</span> <span class='ocrx_word' id='word_1_820' title='bbox 1669 5981 1728 6013; x_wconf 83' lang='grc' dir='ltr'><strong>να</strong></span> <span class='ocrx_word' id='word_1_821' title='bbox 1740 5980 1794 6014; x_wconf 81' lang='grc' dir='ltr'><strong>το</strong></span> 
     </span>
    </p>
   </div>
   <div class='ocr_carea' id='block_1_108' title="bbox 1905 4753 3518 4824">
    <p class='ocr_par' dir='ltr' id='par_1_108' title="bbox 1905 4753 3518 4824">
     <span class='ocr_line' id='line_1_108' title="bbox 1905 4753 3518 4824; baseline 0.003 -17"><span class='ocrx_word' id='word_1_822' title='bbox 1905 4755 2346 4824; x_wconf 79' lang='lat' dir='ltr'><strong>puriﬁcationem</strong></span> <span class='ocrx_word' id='word_1_823' title='bbox 2407 4753 2723 4809; x_wconf 77' lang='lat' dir='ltr'><strong>Judzeorum</strong></span> <span class='ocrx_word' id='word_1_824' title='bbox 2800 4756 3057 4810; x_wconf 87' lang='lat' dir='ltr'><strong>aderant.</strong></span> <span class='ocrx_word' id='word_1_825' title='bbox 3134 4754 3308 4812; x_wconf 69' lang='grc' dir='ltr'><strong>,ιυόωὶ</strong></span> <span class='ocrx_word' id='word_1_826' title='bbox 3367 4761 3518 4814; x_wconf 87' lang='lat' dir='ltr'><strong>enim</strong></span> 
     </span>
    </p>
   </div>
   <div class='ocr_carea' id='block_1_109' title="bbox 1904 4847 3520 4916">
    <p class='ocr_par' dir='ltr' id='par_1_109' title="bbox 1904 4847 3520 4916">
     <span class='ocr_line' id='line_1_109' title="bbox 1904 4847 3520 4916; baseline 0.005 -14"><span class='ocrx_word' id='word_1_827' title='bbox 1904 4847 2078 4902; x_wconf 70' lang='lat' dir='ltr'><strong>ferme</strong></span> <span class='ocrx_word' id='word_1_828' title='bbox 2130 4847 2361 4916; x_wconf 87' lang='lat' dir='ltr'><strong>singulis</strong></span> <span class='ocrx_word' id='word_1_829' title='bbox 2411 4847 2566 4904; x_wconf 89' lang='lat' dir='ltr'><strong>horis</strong></span> <span class='ocrx_word' id='word_1_830' title='bbox 2622 4847 3011 4914; x_wconf 87' lang='lat' dir='ltr'><strong>abluebantur,</strong></span> <span class='ocrx_word' id='word_1_831' title='bbox 3047 4861 3102 4905; x_wconf 91' lang='lat' dir='ltr'><strong>et</strong></span> <span class='ocrx_word' id='word_1_832' title='bbox 3137 4852 3219 4906; x_wconf 90' lang='lat' dir='ltr'><strong>sic</strong></span> <span class='ocrx_word' id='word_1_833' title='bbox 3255 4855 3520 4910; x_wconf 88' lang='lat' dir='ltr'><strong>comede-</strong></span> 
     </span>
    </p>
   </div>
   <div class='ocr_carea' id='block_1_110' title="bbox 1901 4940 3522 5014">
    <p class='ocr_par' dir='ltr' id='par_1_110' title="bbox 1901 4940 3522 5014">
     <span class='ocr_line' id='line_1_110' title="bbox 1901 4940 3522 5014; baseline 0.005 -20"><span class='ocrx_word' id='word_1_834' title='bbox 1901 4941 2040 4994; x_wconf 86' lang='lat' dir='ltr'><strong>baut</strong></span> <span class='ocrx_word' id='word_1_835' title='bbox 2072 4959 2086 4995; x_wconf 90' lang='lat'><strong>:</strong></span> <span class='ocrx_word' id='word_1_836' title='bbox 2121 4949 2179 4994; x_wconf 89' lang='lat' dir='ltr'><strong>ut</strong></span> <span class='ocrx_word' id='word_1_837' title='bbox 2202 4940 2249 4994; x_wconf 89' lang='lat' dir='ltr'><strong>si</strong></span> <span class='ocrx_word' id='word_1_838' title='bbox 2286 4941 2598 5012; x_wconf 87' lang='lat' dir='ltr'><strong>tetigissent</strong></span> <span class='ocrx_word' id='word_1_839' title='bbox 2627 4941 2931 5012; x_wconf 85' lang='lat' dir='ltr'><strong>leprosum,</strong></span> <span class='ocrx_word' id='word_1_840' title='bbox 2971 4944 3052 4998; x_wconf 91' lang='lat' dir='ltr'><strong>vel</strong></span> <span class='ocrx_word' id='word_1_841' title='bbox 3098 4957 3397 5014; x_wconf 89' lang='lat' dir='ltr'><strong>mortuum,</strong></span> <span class='ocrx_word' id='word_1_842' title='bbox 3431 4949 3522 5002; x_wconf 83' lang='lat' dir='ltr'><strong>vel</strong></span> 
     </span>
    </p>
   </div>
   <div class='ocr_carea' id='block_1_111' title="bbox 1906 5033 3518 5110">
    <p class='ocr_par' dir='ltr' id='par_1_111' title="bbox 1906 5033 3518 5110">
     <span class='ocr_line' id='line_1_111' title="bbox 1906 5033 3518 5110; baseline 0.006 -24"><span class='ocrx_word' id='word_1_843' title='bbox 1906 5047 2020 5086; x_wconf 88' lang='lat' dir='ltr'><strong>rem</strong></span> <span class='ocrx_word' id='word_1_844' title='bbox 2083 5033 2410 5089; x_wconf 88' lang='lat' dir='ltr'><strong>habuissent</strong></span> <span class='ocrx_word' id='word_1_845' title='bbox 2462 5049 2584 5088; x_wconf 89' lang='lat' dir='ltr'><strong>cum</strong></span> <span class='ocrx_word' id='word_1_846' title='bbox 2635 5033 2885 5102; x_wconf 77' lang='lat' dir='ltr'><strong>muliere,</strong></span> <span class='ocrx_word' id='word_1_847' title='bbox 2920 5051 2981 5091; x_wconf 92' lang='lat' dir='ltr'><strong>se</strong></span> <span class='ocrx_word' id='word_1_848' title='bbox 3024 5036 3304 5103; x_wconf 85' lang='lat' dir='ltr'><strong>lavabaut,</strong></span> <span class='ocrx_word' id='word_1_849' title='bbox 3357 5043 3518 5110; x_wconf 85' lang='lat' dir='ltr'><strong>quasi</strong></span> 
     </span>
    </p>
   </div>
   <div class='ocr_carea' id='block_1_112' title="bbox 1905 5124 3519 5199">
    <p class='ocr_par' dir='ltr' id='par_1_112' title="bbox 1905 5124 3519 5199">
     <span class='ocr_line' id='line_1_112' title="bbox 1905 5124 3519 5199; baseline 0.008 -22"><span class='ocrx_word' id='word_1_850' title='bbox 1905 5124 2171 5178; x_wconf 88' lang='lat' dir='ltr'><strong>immundi</strong></span> <span class='ocrx_word' id='word_1_851' title='bbox 2199 5124 2396 5180; x_wconf 79' lang='lat' dir='ltr'><strong>forent.</strong></span> <span class='ocrx_word' id='word_1_852' title='bbox 2428 5125 2641 5180; x_wconf 86' lang='lat' dir='ltr'><strong>Etcum</strong></span> <span class='ocrx_word' id='word_1_853' title='bbox 2668 5126 2959 5183; x_wconf 70' lang='lat' dir='ltr'><strong>Palaestina</strong></span> <span class='ocrx_word' id='word_1_854' title='bbox 2994 5131 3256 5199; x_wconf 87' lang='lat' dir='ltr'><strong>inaquosa</strong></span> <span class='ocrx_word' id='word_1_855' title='bbox 3287 5134 3379 5197; x_wconf 88' lang='lat' dir='ltr'><strong>sit,</strong></span> <span class='ocrx_word' id='word_1_856' title='bbox 3416 5149 3519 5190; x_wconf 85' lang='lat' dir='ltr'><strong>nec</strong></span> 
     </span>
    </p>
   </div>
   <div class='ocr_carea' id='block_1_113' title="bbox 1906 5217 3519 5295">
    <p class='ocr_par' dir='ltr' id='par_1_113' title="bbox 1906 5217 3519 5295">
     <span class='ocr_line' id='line_1_113' title="bbox 1906 5217 3519 5295; baseline 0.009 -28"><span class='ocrx_word' id='word_1_857' title='bbox 1906 5217 2109 5286; x_wconf 84' lang='lat' dir='ltr'><strong>ubique</strong></span> <span class='ocrx_word' id='word_1_858' title='bbox 2135 5219 2486 5272; x_wconf 85' lang='lat' dir='ltr'><strong>inveniantur</strong></span> <span class='ocrx_word' id='word_1_859' title='bbox 2509 5219 2705 5287; x_wconf 82' lang='lat' dir='ltr'><strong>fontes,</strong></span> <span class='ocrx_word' id='word_1_860' title='bbox 2733 5221 3035 5288; x_wconf 88' lang='lat' dir='ltr'><strong>implebant</strong></span> <span class='ocrx_word' id='word_1_861' title='bbox 3056 5238 3274 5293; x_wconf 84' lang='lat' dir='ltr'><strong>semper</strong></span> <span class='ocrx_word' id='word_1_862' title='bbox 3295 5226 3519 5295; x_wconf 87' lang='lat' dir='ltr'><strong>hydrias</strong></span> 
     </span>
    </p>
   </div>
   <div class='ocr_carea' id='block_1_114' title="bbox 1905 5301 3524 5385">
    <p class='ocr_par' dir='ltr' id='par_1_114' title="bbox 1905 5301 3524 5385">
     <span class='ocr_line' id='line_1_114' title="bbox 1905 5301 3524 5385; baseline 0.006 -23"><span class='ocrx_word' id='word_1_863' title='bbox 1905 5320 2071 5377; x_wconf 81' lang='lat' dir='ltr'><strong>aqua,</strong></span> <span class='ocrx_word' id='word_1_864' title='bbox 2103 5319 2160 5363; x_wconf 90' lang='lat' dir='ltr'><strong>ut</strong></span> <span class='ocrx_word' id='word_1_865' title='bbox 2191 5326 2298 5364; x_wconf 89' lang='lat' dir='ltr'><strong>non</strong></span> <span class='ocrx_word' id='word_1_866' title='bbox 2345 5301 2636 5366; x_wconf 77' lang='lat' dir='ltr'><strong>currerent</strong></span> <span class='ocrx_word' id='word_1_867' title='bbox 2671 5313 2738 5366; x_wconf 86' lang='lat' dir='ltr'><strong>ad</strong></span> <span class='ocrx_word' id='word_1_868' title='bbox 2789 5312 3040 5379; x_wconf 77' lang='lat' dir='ltr'><strong>ﬂumina,</strong></span> <span class='ocrx_word' id='word_1_869' title='bbox 3071 5316 3116 5370; x_wconf 89' lang='lat' dir='ltr'><strong>si</strong></span> <span class='ocrx_word' id='word_1_870' title='bbox 3157 5320 3380 5385; x_wconf 87' lang='lat' dir='ltr'><strong>quando</strong></span> <span class='ocrx_word' id='word_1_871' title='bbox 3412 5318 3524 5372; x_wconf 82' lang='lat' dir='ltr'><strong>im-</strong></span> 
     </span>
    </p>
   </div>
   <div class='ocr_carea' id='block_1_115' title="bbox 1907 5403 3516 5474">
    <p class='ocr_par' dir='ltr' id='par_1_115' title="bbox 1907 5403 3516 5474">
     <span class='ocr_line' id='line_1_115' title="bbox 1907 5403 3516 5474; baseline 0.005 -18"><span class='ocrx_word' id='word_1_872' title='bbox 1907 5403 2090 5456; x_wconf 87' lang='lat' dir='ltr'><strong>mundi</strong></span> <span class='ocrx_word' id='word_1_873' title='bbox 2115 5403 2329 5458; x_wconf 81' lang='lat' dir='ltr'><strong>ﬁerent.</strong></span> <span class='ocrx_word' id='word_1_874' title='bbox 2366 5404 2482 5458; x_wconf 85' lang='lat' dir='ltr'><strong>Non</strong></span> <span class='ocrx_word' id='word_1_875' title='bbox 2520 5417 2726 5459; x_wconf 88' lang='lat' dir='ltr'><strong>temere</strong></span> <span class='ocrx_word' id='word_1_876' title='bbox 2757 5406 2923 5474; x_wconf 83' lang='lat' dir='ltr'><strong>igitur</strong></span> <span class='ocrx_word' id='word_1_877' title='bbox 2952 5409 3087 5463; x_wconf 79' lang='lat' dir='ltr'><strong>dixit</strong></span> <span class='ocrx_word' id='word_1_878' title='bbox 3117 5427 3130 5463; x_wconf 90' lang='lat'><strong>:</strong></span> <span class='ocrx_word' id='word_1_879' title='bbox 3159 5428 3179 5460; x_wconf 71' lang='grc' dir='ltr'><strong>ι</strong></span> <span class='ocrx_word' id='word_1_880' title='bbox 3210 5413 3516 5465; x_wconf 90' lang='lat' dir='ltr'><strong>secundum</strong></span> 
     </span>
    </p>
   </div>
   <div class='ocr_carea' id='block_1_116' title="bbox 1907 5491 3520 5574">
    <p class='ocr_par' dir='ltr' id='par_1_116' title="bbox 1907 5491 3520 5574">
     <span class='ocr_line' id='line_1_116' title="bbox 1907 5491 3520 5574; baseline 0.006 -27"><span class='ocrx_word' id='word_1_881' title='bbox 1907 5497 2347 5568; x_wconf 76' lang='lat' dir='ltr'><strong>puriﬁcationem</strong></span> <span class='ocrx_word' id='word_1_882' title='bbox 2380 5498 2720 5554; x_wconf 63' lang='lat' dir='ltr'><strong>Judmorum.</strong></span> <span class='ocrx_word' id='word_1_883' title='bbox 2753 5520 2771 5551; x_wconf 78' lang='grc' dir='ltr'><strong>ι</strong></span> <span class='ocrx_word' id='word_1_884' title='bbox 2815 5499 2923 5555; x_wconf 89' lang='lat' dir='ltr'><strong>Sed</strong></span> <span class='ocrx_word' id='word_1_885' title='bbox 2957 5517 3024 5556; x_wconf 92' lang='lat' dir='ltr'><strong>ne</strong></span> <span class='ocrx_word' id='word_1_886' title='bbox 3057 5504 3359 5559; x_wconf 78' lang='lat' dir='ltr'><strong>inﬁdelium</strong></span> <span class='ocrx_word' id='word_1_887' title='bbox 3393 5491 3520 5574; x_wconf 69' lang='lat' dir='ltr'><strong>qui.</strong></span> 
     </span>
    </p>
   </div>
   <div class='ocr_carea' id='block_1_117' title="bbox 1906 5595 3519 5663">
    <p class='ocr_par' dir='ltr' id='par_1_117' title="bbox 1906 5595 3519 5663">
     <span class='ocr_line' id='line_1_117' title="bbox 1906 5595 3519 5663; baseline 0.003 -16"><span class='ocrx_word' id='word_1_888' title='bbox 1906 5595 2030 5647; x_wconf 85' lang='lat' dir='ltr'><strong>dam</strong></span> <span class='ocrx_word' id='word_1_889' title='bbox 2091 5595 2506 5663; x_wconf 85' lang='lat' dir='ltr'><strong>suspicarentur</strong></span> <span class='ocrx_word' id='word_1_890' title='bbox 2556 5596 2700 5663; x_wconf 86' lang='lat' dir='ltr'><strong>quod</strong></span> <span class='ocrx_word' id='word_1_891' title='bbox 2763 5599 3098 5651; x_wconf 86' lang='lat' dir='ltr'><strong>mansissent</strong></span> <span class='ocrx_word' id='word_1_892' title='bbox 3149 5599 3204 5651; x_wconf 89' lang='lat' dir='ltr'><strong>in</strong></span> <span class='ocrx_word' id='word_1_893' title='bbox 3252 5615 3315 5652; x_wconf 84' lang='lat' dir='ltr'><strong>ea</strong></span> <span class='ocrx_word' id='word_1_894' title='bbox 3368 5599 3519 5655; x_wconf 72' lang='lat' dir='ltr'><strong>fa‘cis</strong></span> 
     </span>
    </p>
   </div>
   <div class='ocr_carea' id='block_1_118' title="bbox 1907 5687 3519 5764">
    <p class='ocr_par' dir='ltr' id='par_1_118' title="bbox 1907 5687 3519 5764">
     <span class='ocr_line' id='line_1_118' title="bbox 1907 5687 3519 5764; baseline 0.004 -30"><span class='ocrx_word' id='word_1_895' title='bbox 1907 5687 2154 5756; x_wconf 61' lang='lat' dir='ltr'><strong>qum-dam</strong></span> <span class='ocrx_word' id='word_1_896' title='bbox 2190 5689 2454 5757; x_wconf 65' lang='lat' dir='ltr'><strong>reliquim,</strong></span> <span class='ocrx_word' id='word_1_897' title='bbox 2488 5701 2538 5743; x_wconf 83' lang='lat' dir='ltr'><strong>et</strong></span> <span class='ocrx_word' id='word_1_898' title='bbox 2573 5690 2698 5743; x_wconf 88' lang='lat' dir='ltr'><strong>dein</strong></span> <span class='ocrx_word' id='word_1_899' title='bbox 2734 5706 2872 5764; x_wconf 83' lang='lat' dir='ltr'><strong>aqua</strong></span> <span class='ocrx_word' id='word_1_900' title='bbox 2924 5690 3102 5745; x_wconf 77' lang='lat' dir='ltr'><strong>infusa</strong></span> <span class='ocrx_word' id='word_1_901' title='bbox 3130 5703 3179 5745; x_wconf 88' lang='lat' dir='ltr'><strong>et</strong></span> <span class='ocrx_word' id='word_1_902' title='bbox 3218 5695 3398 5757; x_wconf 74' lang='lat' dir='ltr'><strong>mista,</strong></span> <span class='ocrx_word' id='word_1_903' title='bbox 3439 5699 3519 5746; x_wconf 78' lang='lat' dir='ltr'><strong>vi-</strong></span> 
     </span>
    </p>
   </div>
   <div class='ocr_carea' id='block_1_119' title="bbox 1908 5783 3517 5855">
    <p class='ocr_par' dir='ltr' id='par_1_119' title="bbox 1908 5783 3517 5855">
     <span class='ocr_line' id='line_1_119' title="bbox 1908 5783 3517 5855; baseline 0.003 -21"><span class='ocrx_word' id='word_1_904' title='bbox 1908 5798 2035 5834; x_wconf 86' lang='lat' dir='ltr'><strong>num</strong></span> <span class='ocrx_word' id='word_1_905' title='bbox 2062 5783 2257 5836; x_wconf 76' lang='lat' dir='ltr'><strong>deinde</strong></span> <span class='ocrx_word' id='word_1_906' title='bbox 2296 5784 2682 5839; x_wconf 72' lang='lat' dir='ltr'><strong>tenuissimum</strong></span> <span class='ocrx_word' id='word_1_907' title='bbox 2721 5786 2786 5836; x_wconf 62' lang='lat' dir='ltr'><strong>lat</strong></span> <span class='ocrx_word' id='word_1_908' title='bbox 2810 5793 2924 5836; x_wconf 88' lang='lat' dir='ltr'><strong>tum</strong></span> <span class='ocrx_word' id='word_1_909' title='bbox 2970 5786 3064 5850; x_wconf 86' lang='lat' dir='ltr'><strong>sit,</strong></span> <span class='ocrx_word' id='word_1_910' title='bbox 3095 5790 3334 5842; x_wconf 86' lang='lat' dir='ltr'><strong>ostendit</strong></span> <span class='ocrx_word' id='word_1_911' title='bbox 3370 5792 3517 5855; x_wconf 83' lang='lat' dir='ltr'><strong>quod</strong></span> 
     </span>
    </p>
   </div>
   <div class='ocr_carea' id='block_1_120' title="bbox 1909 5873 3512 5944">
    <p class='ocr_par' dir='ltr' id='par_1_120' title="bbox 1909 5873 3512 5944">
     <span class='ocr_line' id='line_1_120' title="bbox 1909 5873 3512 5944; baseline 0.004 -20"><span class='ocrx_word' id='word_1_912' title='bbox 1909 5888 2186 5940; x_wconf 80' lang='lat' dir='ltr'><strong>Ituuquam</strong></span> <span class='ocrx_word' id='word_1_913' title='bbox 2243 5873 2330 5926; x_wconf 89' lang='lat' dir='ltr'><strong>illa</strong></span> <span class='ocrx_word' id='word_1_914' title='bbox 2370 5874 2572 5926; x_wconf 78' lang='lat' dir='ltr'><strong>fuerint</strong></span> <span class='ocrx_word' id='word_1_915' title='bbox 2614 5875 2722 5928; x_wconf 64' lang='lat' dir='ltr'><strong>vini</strong></span> <span class='ocrx_word' id='word_1_916' title='bbox 2775 5878 3142 5944; x_wconf 81' lang='lat' dir='ltr'><strong>receptacula.</strong></span> <span class='ocrx_word' id='word_1_917' title='bbox 3197 5878 3343 5942; x_wconf 82' lang='lat' dir='ltr'><strong>Jam,</strong></span> <span class='ocrx_word' id='word_1_918' title='bbox 3383 5881 3512 5932; x_wconf 86' lang='lat' dir='ltr'><strong>nu&#39;m</strong></span> 
     </span>
    </p>
   </div>
   <div class='ocr_carea' id='block_1_121' title="bbox 1909 5963 3520 6040">
    <p class='ocr_par' dir='ltr' id='par_1_121' title="bbox 1909 5963 3520 6040">
     <span class='ocr_line' id='line_1_121' title="bbox 1909 5963 3520 6040; baseline 0.002 -25"><span class='ocrx_word' id='word_1_919' title='bbox 1909 5963 2088 6032; x_wconf 74' lang='lat' dir='ltr'><strong>putuit</strong></span> <span class='ocrx_word' id='word_1_920' title='bbox 2147 5965 2314 6016; x_wconf 81' lang='lat' dir='ltr'><strong>etiam</strong></span> <span class='ocrx_word' id='word_1_921' title='bbox 2372 5968 2580 6036; x_wconf 79' lang='lat' dir='ltr'><strong>absque</strong></span> <span class='ocrx_word' id='word_1_922' title='bbox 2624 5981 2689 6017; x_wconf 88' lang='lat' dir='ltr'><strong>eo</strong></span> <span class='ocrx_word' id='word_1_923' title='bbox 2722 5967 2865 6034; x_wconf 82' lang='lat' dir='ltr'><strong>quod</strong></span> <span class='ocrx_word' id='word_1_924' title='bbox 2902 5968 3261 6036; x_wconf 74' lang='lat' dir='ltr'><strong>implcrentur</strong></span> <span class='ocrx_word' id='word_1_925' title='bbox 3308 5971 3520 6040; x_wconf 70' lang='lat' dir='ltr'><strong>hydria:</strong></span> 
     </span>
    </p>
   </div>
  </div>
