  <div class='ocr_page' id='page_1' title='image "/cluster/home/n/w/nwhite01/storage/ocr_20150623/123/uva.x004884189/747.png"; bbox 0 0 4046 6530; ppageno 0'>
   <div class='ocr_carea' id='block_1_1' title="bbox 641 511 779 577">
    <p class='ocr_par' dir='ltr' id='par_1_1' title="bbox 641 511 779 577">
     <span class='ocr_line' id='line_1_1' title="bbox 641 511 779 577; baseline 0.007 -1"><span class='ocrx_word' id='word_1_1' title='bbox 641 511 779 577; x_wconf 75' lang='lat'><strong>1195</strong></span> 
     </span>
    </p>
   </div>
   <div class='ocr_carea' id='block_1_2' title="bbox 1493 506 2926 571">
    <p class='ocr_par' dir='ltr' id='par_1_2' title="bbox 1493 506 2926 571">
     <span class='ocr_line' id='line_1_2' title="bbox 1493 506 2926 571; baseline 0.001 -1"><span class='ocrx_word' id='word_1_2' title='bbox 1493 508 2075 571; x_wconf 76' lang='lat' dir='ltr'><strong>THEOPHYLACTI</strong></span> <span class='ocrx_word' id='word_1_3' title='bbox 2114 506 2529 570; x_wconf 69' lang='lat' dir='ltr'><strong>BULGARHE</strong></span> <span class='ocrx_word' id='word_1_4' title='bbox 2571 510 2926 571; x_wconf 78' lang='lat' dir='ltr'><strong>ARCHIEP.</strong></span> 
     </span>
    </p>
   </div>
   <div class='ocr_carea' id='block_1_3' title="bbox 3767 509 3892 575">
    <p class='ocr_par' dir='ltr' id='par_1_3' title="bbox 3767 509 3892 575">
     <span class='ocr_line' id='line_1_3' title="bbox 3767 509 3892 575; baseline 0 0"><span class='ocrx_word' id='word_1_5' title='bbox 3767 509 3892 575; x_wconf 73' lang='grc' dir='ltr'>ιιυι</span> 
     </span>
    </p>
   </div>
   <div class='ocr_carea' id='block_1_4' title="bbox 634 619 2211 697">
    <p class='ocr_par' dir='ltr' id='par_1_4' title="bbox 634 619 2211 692">
     <span class='ocr_line' id='line_1_4' title="bbox 634 619 2211 692; baseline -0.004 -11"><span class='ocrx_word' id='word_1_6' title='bbox 634 628 783 681; x_wconf 61' lang='lat' dir='ltr'><strong>lane:</strong></span> <span class='ocrx_word' id='word_1_7' title='bbox 816 640 942 678; x_wconf 81' lang='lat' dir='ltr'><strong>naut</strong></span> <span class='ocrx_word' id='word_1_8' title='bbox 997 638 1117 678; x_wconf 83' lang='lat' dir='ltr'><strong>cum</strong></span> <span class='ocrx_word' id='word_1_9' title='bbox 1146 623 1298 692; x_wconf 82' lang='lat' dir='ltr'><strong>plura</strong></span> <span class='ocrx_word' id='word_1_10' title='bbox 1329 622 1403 677; x_wconf 84' lang='lat' dir='ltr'><strong>ibi</strong></span> <span class='ocrx_word' id='word_1_11' title='bbox 1443 620 1638 677; x_wconf 72' lang='lat' dir='ltr'><strong>fecerit</strong></span> <span class='ocrx_word' id='word_1_12' title='bbox 1666 622 1841 691; x_wconf 78' lang='lat' dir='ltr'><strong>signa,</strong></span> <span class='ocrx_word' id='word_1_13' title='bbox 1888 619 1988 676; x_wconf 86' lang='lat' dir='ltr'><strong>hoc</strong></span> <span class='ocrx_word' id='word_1_14' title='bbox 2035 629 2211 675; x_wconf 90' lang='lat' dir='ltr'><strong>tamen</strong></span> 
     </span>
    </p>
   </div>
   <div class='ocr_carea' id='block_1_5' title="bbox 2312 619 3898 697">
    <p class='ocr_par' dir='ltr' id='par_1_5' title="bbox 2322 623 3898 697">
     <span class='ocr_line' id='line_1_5' title="bbox 2322 623 3898 697; baseline 0.002 -21"><span class='ocrx_word' id='word_1_15' title='bbox 2322 623 2569 695; x_wconf 85' lang='grc' dir='ltr'>σημείων</span> <span class='ocrx_word' id='word_1_16' title='bbox 2601 624 2763 696; x_wconf 83' lang='grc' dir='ltr'>αὕτη,</span> <span class='ocrx_word' id='word_1_17' title='bbox 2793 623 2911 677; x_wconf 81' lang='grc' dir='ltr'>ἀλλ’</span> <span class='ocrx_word' id='word_1_18' title='bbox 2944 624 3064 694; x_wconf 80' lang='grc' dir='ltr'>οὐχὶ</span> <span class='ocrx_word' id='word_1_19' title='bbox 3093 625 3336 690; x_wconf 81' lang='grc' dir='ltr'>πάντων,</span> <span class='ocrx_word' id='word_1_20' title='bbox 3358 624 3499 679; x_wconf 80' lang='grc' dir='ltr'><strong>ἀλλά</strong></span> <span class='ocrx_word' id='word_1_21' title='bbox 3523 624 3637 679; x_wconf 80' lang='grc' dir='ltr'><strong>τῶν</strong></span> <span class='ocrx_word' id='word_1_22' title='bbox 3662 626 3721 678; x_wconf 69' lang='grc' dir='ltr'>ἐν</span> <span class='ocrx_word' id='word_1_23' title='bbox 3756 624 3898 697; x_wconf 59' lang='grc' dir='ltr'>Κανά</span> 
     </span>
    </p>
   </div>
   <div class='ocr_carea' id='block_1_6' title="bbox 637 712 2213 788">
    <p class='ocr_par' dir='ltr' id='par_1_6' title="bbox 637 712 2213 788">
     <span class='ocr_line' id='line_1_6' title="bbox 637 712 2213 788; baseline -0.003 -17"><span class='ocrx_word' id='word_1_24' title='bbox 637 720 872 788; x_wconf 82' lang='lat' dir='ltr'><strong>primum</strong></span> <span class='ocrx_word' id='word_1_25' title='bbox 904 714 1025 771; x_wconf 81' lang='lat' dir='ltr'><strong>fuit.</strong></span> <span class='ocrx_word' id='word_1_26' title='bbox 1066 716 1133 769; x_wconf 79' lang='lat' dir='ltr'><strong>Et</strong></span> <span class='ocrx_word' id='word_1_27' title='bbox 1162 717 1275 771; x_wconf 68' lang='lat' dir='ltr'><strong>hec</strong></span> <span class='ocrx_word' id='word_1_28' title='bbox 1305 715 1521 785; x_wconf 83' lang='lat' dir='ltr'><strong>quidem</strong></span> <span class='ocrx_word' id='word_1_29' title='bbox 1558 714 1633 769; x_wconf 85' lang='lat' dir='ltr'><strong>illi</strong></span> <span class='ocrx_word' id='word_1_30' title='bbox 1665 712 1901 769; x_wconf 78' lang='lat' dir='ltr'><strong>dixerint</strong></span> <span class='ocrx_word' id='word_1_31' title='bbox 1934 730 1947 765; x_wconf 90' lang='lat'><strong>:</strong></span> <span class='ocrx_word' id='word_1_32' title='bbox 1982 725 2081 767; x_wconf 83' lang='lat' dir='ltr'><strong>nos</strong></span> <span class='ocrx_word' id='word_1_33' title='bbox 2110 726 2213 766; x_wconf 89' lang='lat' dir='ltr'><strong>au-</strong></span> 
     </span>
    </p>
   </div>
   <div class='ocr_carea' id='block_1_7' title="bbox 642 801 2210 875">
    <p class='ocr_par' dir='ltr' id='par_1_7' title="bbox 642 801 2210 875">
     <span class='ocr_line' id='line_1_7' title="bbox 642 801 2210 875; baseline -0.003 -13"><span class='ocrx_word' id='word_1_34' title='bbox 642 820 748 862; x_wconf 80' lang='lat' dir='ltr'><strong>tem</strong></span> <span class='ocrx_word' id='word_1_35' title='bbox 800 806 1046 875; x_wconf 75' lang='lat' dir='ltr'><strong>quamvis</strong></span> <span class='ocrx_word' id='word_1_36' title='bbox 1105 805 1275 859; x_wconf 88' lang='lat' dir='ltr'><strong>multa</strong></span> <span class='ocrx_word' id='word_1_37' title='bbox 1341 805 1640 861; x_wconf 83' lang='lat' dir='ltr'><strong>habeamus</strong></span> <span class='ocrx_word' id='word_1_38' title='bbox 1677 801 1747 858; x_wconf 91' lang='lat' dir='ltr'><strong>ad</strong></span> <span class='ocrx_word' id='word_1_39' title='bbox 1799 801 2210 858; x_wconf 88' lang='lat' dir='ltr'><strong>monstrandum</strong></span> 
     </span>
    </p>
   </div>
   <div class='ocr_carea' id='block_1_8' title="bbox 636 894 2213 970">
    <p class='ocr_par' dir='ltr' id='par_1_8' title="bbox 636 894 2213 970">
     <span class='ocr_line' id='line_1_8' title="bbox 636 894 2213 970; baseline -0.003 -16"><span class='ocrx_word' id='word_1_40' title='bbox 636 899 779 970; x_wconf 86' lang='lat' dir='ltr'><strong>quod</strong></span> <span class='ocrx_word' id='word_1_41' title='bbox 809 898 1021 952; x_wconf 89' lang='lat' dir='ltr'><strong>initium</strong></span> <span class='ocrx_word' id='word_1_42' title='bbox 1059 897 1222 953; x_wconf 91' lang='lat' dir='ltr'><strong>fuerit</strong></span> <span class='ocrx_word' id='word_1_43' title='bbox 1247 898 1494 952; x_wconf 85' lang='lat' dir='ltr'><strong>omnium</strong></span> <span class='ocrx_word' id='word_1_44' title='bbox 1523 894 1804 966; x_wconf 90' lang='lat' dir='ltr'><strong>signorum</strong></span> <span class='ocrx_word' id='word_1_45' title='bbox 1841 895 2062 962; x_wconf 88' lang='lat' dir='ltr'><strong>(etenim</strong></span> <span class='ocrx_word' id='word_1_46' title='bbox 2088 909 2213 950; x_wconf 83' lang='lat' dir='ltr'><strong>cum</strong></span> 
     </span>
    </p>
   </div>
   <div class='ocr_carea' id='block_1_9' title="bbox 634 987 2217 1060">
    <p class='ocr_par' dir='ltr' id='par_1_9' title="bbox 634 987 2217 1060">
     <span class='ocr_line' id='line_1_9' title="bbox 634 987 2217 1060; baseline -0.004 -12"><span class='ocrx_word' id='word_1_47' title='bbox 634 992 807 1055; x_wconf 90' lang='lat' dir='ltr'><strong>dicit,</strong></span> <span class='ocrx_word' id='word_1_48' title='bbox 845 1009 863 1042; x_wconf 85' lang='grc' dir='ltr'><strong>ι</strong></span> <span class='ocrx_word' id='word_1_49' title='bbox 906 990 1269 1046; x_wconf 74' lang='lat' dir='ltr'><strong>Manifestavlt</strong></span> <span class='ocrx_word' id='word_1_50' title='bbox 1299 989 1524 1060; x_wconf 90' lang='lat' dir='ltr'><strong>gloriam</strong></span> <span class='ocrx_word' id='word_1_51' title='bbox 1571 1001 1748 1054; x_wconf 85' lang='lat' dir='ltr'><strong>suam,</strong></span> <span class='ocrx_word' id='word_1_52' title='bbox 1782 997 1837 1043; x_wconf 89' lang='lat' dir='ltr'><strong>et</strong></span> <span class='ocrx_word' id='word_1_53' title='bbox 1869 987 2217 1043; x_wconf 83' lang='lat' dir='ltr'><strong>crediderunt</strong></span> 
     </span>
    </p>
   </div>
   <div class='ocr_carea' id='block_1_10' title="bbox 633 1080 2213 1153">
    <p class='ocr_par' dir='ltr' id='par_1_10' title="bbox 633 1080 2213 1153">
     <span class='ocr_line' id='line_1_10' title="bbox 633 1080 2213 1153; baseline -0.003 -15"><span class='ocrx_word' id='word_1_54' title='bbox 633 1083 688 1139; x_wconf 90' lang='lat' dir='ltr'><strong>in</strong></span> <span class='ocrx_word' id='word_1_55' title='bbox 715 1098 837 1137; x_wconf 86' lang='lat' dir='ltr'><strong>eum</strong></span> <span class='ocrx_word' id='word_1_56' title='bbox 869 1082 1115 1153; x_wconf 74' lang='lat' dir='ltr'><strong>discipuli</strong></span> <span class='ocrx_word' id='word_1_57' title='bbox 1148 1082 1290 1152; x_wconf 83' lang='lat' dir='ltr'><strong>ejus.</strong></span> <span class='ocrx_word' id='word_1_58' title='bbox 1344 1098 1363 1132; x_wconf 79' lang='grc' dir='ltr'><strong>ι</strong></span> <span class='ocrx_word' id='word_1_59' title='bbox 1398 1080 1603 1135; x_wconf 89' lang='lat' dir='ltr'><strong>indicat</strong></span> <span class='ocrx_word' id='word_1_60' title='bbox 1628 1080 1773 1147; x_wconf 89' lang='lat' dir='ltr'><strong>quod</strong></span> <span class='ocrx_word' id='word_1_61' title='bbox 1812 1089 1939 1135; x_wconf 89' lang='lat' dir='ltr'><strong>ante</strong></span> <span class='ocrx_word' id='word_1_62' title='bbox 1976 1081 2079 1136; x_wconf 85' lang='lat' dir='ltr'><strong>hoc</strong></span> <span class='ocrx_word' id='word_1_63' title='bbox 2107 1093 2213 1134; x_wconf 86' lang='lat' dir='ltr'><strong>non</strong></span> 
     </span>
    </p>
   </div>
   <div class='ocr_carea' id='block_1_11' title="bbox 632 1169 2217 1238">
    <p class='ocr_par' dir='ltr' id='par_1_11' title="bbox 632 1169 2217 1238">
     <span class='ocr_line' id='line_1_11' title="bbox 632 1169 2217 1238; baseline -0.004 -8"><span class='ocrx_word' id='word_1_64' title='bbox 632 1175 827 1230; x_wconf 78' lang='lat' dir='ltr'><strong>fecerit</strong></span> <span class='ocrx_word' id='word_1_65' title='bbox 864 1173 1182 1229; x_wconf 83' lang='lat' dir='ltr'><strong>miraculum</strong></span> <span class='ocrx_word' id='word_1_66' title='bbox 1237 1172 1407 1238; x_wconf 84' lang='lat' dir='ltr'><strong>aliud,</strong></span> <span class='ocrx_word' id='word_1_67' title='bbox 1442 1173 1510 1227; x_wconf 87' lang='lat' dir='ltr'><strong>ab</strong></span> <span class='ocrx_word' id='word_1_68' title='bbox 1552 1172 1644 1227; x_wconf 83' lang='lat' dir='ltr'><strong>illo</strong></span> <span class='ocrx_word' id='word_1_69' title='bbox 1670 1175 1817 1227; x_wconf 89' lang='lat' dir='ltr'><strong>enim</strong></span> <span class='ocrx_word' id='word_1_70' title='bbox 1848 1169 2217 1226; x_wconf 85' lang='lat' dir='ltr'><strong>manifestavit</strong></span> 
     </span>
    </p>
   </div>
   <div class='ocr_carea' id='block_1_12' title="bbox 632 1266 2215 1339">
    <p class='ocr_par' dir='ltr' id='par_1_12' title="bbox 632 1266 2215 1339">
     <span class='ocr_line' id='line_1_12' title="bbox 632 1266 2215 1339; baseline -0.001 -16"><span class='ocrx_word' id='word_1_71' title='bbox 632 1270 857 1339; x_wconf 80' lang='lat' dir='ltr'><strong>gloriam</strong></span> <span class='ocrx_word' id='word_1_72' title='bbox 884 1270 1087 1339; x_wconf 87' lang='lat' dir='ltr'><strong>suam),</strong></span> <span class='ocrx_word' id='word_1_73' title='bbox 1106 1277 1343 1325; x_wconf 88' lang='lat' dir='ltr'><strong>attamen</strong></span> <span class='ocrx_word' id='word_1_74' title='bbox 1372 1284 1478 1324; x_wconf 91' lang='lat' dir='ltr'><strong>non</strong></span> <span class='ocrx_word' id='word_1_75' title='bbox 1508 1267 1951 1339; x_wconf 80' lang='lat' dir='ltr'><strong>disceptabimus,</strong></span> <span class='ocrx_word' id='word_1_76' title='bbox 1975 1267 2087 1321; x_wconf 84' lang='lat' dir='ltr'><strong>sive</strong></span> <span class='ocrx_word' id='word_1_77' title='bbox 2112 1266 2215 1321; x_wconf 92' lang='lat' dir='ltr'><strong>hoc</strong></span> 
     </span>
    </p>
   </div>
   <div class='ocr_carea' id='block_1_13' title="bbox 632 1357 2216 1427">
    <p class='ocr_par' dir='ltr' id='par_1_13' title="bbox 632 1357 2216 1427">
     <span class='ocr_line' id='line_1_13' title="bbox 632 1357 2216 1427; baseline -0.002 -12"><span class='ocrx_word' id='word_1_78' title='bbox 632 1359 748 1415; x_wconf 79' lang='lat' dir='ltr'><strong>sive</strong></span> <span class='ocrx_word' id='word_1_79' title='bbox 783 1360 929 1414; x_wconf 85' lang='lat' dir='ltr'><strong>aliud</strong></span> <span class='ocrx_word' id='word_1_80' title='bbox 967 1358 1131 1415; x_wconf 84' lang='lat' dir='ltr'><strong>fuerit</strong></span> <span class='ocrx_word' id='word_1_81' title='bbox 1161 1362 1331 1427; x_wconf 89' lang='lat' dir='ltr'><strong>prius.</strong></span> <span class='ocrx_word' id='word_1_82' title='bbox 1376 1360 1657 1427; x_wconf 87' lang='lat' dir='ltr'><strong>Quomodo</strong></span> <span class='ocrx_word' id='word_1_83' title='bbox 1688 1369 1868 1415; x_wconf 91' lang='lat' dir='ltr'><strong>autem</strong></span> <span class='ocrx_word' id='word_1_84' title='bbox 1902 1357 2216 1414; x_wconf 81' lang='lat' dir='ltr'><strong>manifesta—</strong></span> 
     </span>
    </p>
   </div>
   <div class='ocr_carea' id='block_1_14' title="bbox 629 1448 2217 1519">
    <p class='ocr_par' dir='ltr' id='par_1_14' title="bbox 629 1448 2217 1519">
     <span class='ocr_line' id='line_1_14' title="bbox 629 1448 2217 1519; baseline 0.001 -16"><span class='ocrx_word' id='word_1_85' title='bbox 629 1448 711 1503; x_wconf 85' lang='lat' dir='ltr'><strong>vit</strong></span> <span class='ocrx_word' id='word_1_86' title='bbox 756 1448 984 1519; x_wconf 89' lang='lat' dir='ltr'><strong>gloriam</strong></span> <span class='ocrx_word' id='word_1_87' title='bbox 1014 1449 1210 1505; x_wconf 71' lang='lat' dir='ltr'><strong>suam?</strong></span> <span class='ocrx_word' id='word_1_88' title='bbox 1238 1448 1355 1505; x_wconf 84' lang='lat' dir='ltr'><strong>Non</strong></span> <span class='ocrx_word' id='word_1_89' title='bbox 1391 1450 1545 1504; x_wconf 85' lang='lat' dir='ltr'><strong>multi</strong></span> <span class='ocrx_word' id='word_1_90' title='bbox 1603 1450 1988 1514; x_wconf 87' lang='lat' dir='ltr'><strong>interfuerunt,</strong></span> <span class='ocrx_word' id='word_1_91' title='bbox 2040 1464 2217 1519; x_wconf 86' lang='lat' dir='ltr'><strong>neque</strong></span> 
     </span>
    </p>
   </div>
   <div class='ocr_carea' id='block_1_15' title="bbox 632 1536 2212 1609">
    <p class='ocr_par' dir='ltr' id='par_1_15' title="bbox 632 1536 2212 1609">
     <span class='ocr_line' id='line_1_15' title="bbox 632 1536 2212 1609; baseline -0.002 -14"><span class='ocrx_word' id='word_1_92' title='bbox 632 1553 817 1596; x_wconf 85' lang='lat' dir='ltr'><strong>coram</strong></span> <span class='ocrx_word' id='word_1_93' title='bbox 850 1538 1042 1608; x_wconf 87' lang='lat' dir='ltr'><strong>p0pulo</strong></span> <span class='ocrx_word' id='word_1_94' title='bbox 1061 1536 1162 1593; x_wconf 87' lang='lat' dir='ltr'><strong>fuit</strong></span> <span class='ocrx_word' id='word_1_95' title='bbox 1193 1539 1419 1595; x_wconf 86' lang='lat' dir='ltr'><strong>factum.</strong></span> <span class='ocrx_word' id='word_1_96' title='bbox 1454 1538 1651 1594; x_wconf 74' lang='lat' dir='ltr'><strong>Verum</strong></span> <span class='ocrx_word' id='word_1_97' title='bbox 1677 1538 1896 1609; x_wconf 87' lang='lat' dir='ltr'><strong>quidem</strong></span> <span class='ocrx_word' id='word_1_98' title='bbox 1922 1553 2028 1593; x_wconf 91' lang='lat' dir='ltr'><strong>non</strong></span> <span class='ocrx_word' id='word_1_99' title='bbox 2065 1548 2212 1603; x_wconf 90' lang='lat' dir='ltr'><strong>tunc,</strong></span> 
     </span>
    </p>
   </div>
   <div class='ocr_carea' id='block_1_16' title="bbox 632 1630 2213 1699">
    <p class='ocr_par' dir='ltr' id='par_1_16' title="bbox 632 1630 2213 1699">
     <span class='ocr_line' id='line_1_16' title="bbox 632 1630 2213 1699; baseline -0.003 -12"><span class='ocrx_word' id='word_1_100' title='bbox 632 1631 728 1687; x_wconf 86' lang='lat' dir='ltr'><strong>sed</strong></span> <span class='ocrx_word' id='word_1_101' title='bbox 761 1641 949 1699; x_wconf 90' lang='lat' dir='ltr'><strong>postea</strong></span> <span class='ocrx_word' id='word_1_102' title='bbox 998 1630 1318 1686; x_wconf 83' lang='lat' dir='ltr'><strong>miraculum</strong></span> <span class='ocrx_word' id='word_1_103' title='bbox 1357 1632 1460 1686; x_wconf 89' lang='lat' dir='ltr'><strong>hoc</strong></span> <span class='ocrx_word' id='word_1_104' title='bbox 1511 1630 1748 1685; x_wconf 88' lang='lat' dir='ltr'><strong>audituri</strong></span> <span class='ocrx_word' id='word_1_105' title='bbox 1800 1638 1958 1684; x_wconf 90' lang='lat' dir='ltr'><strong>erant</strong></span> <span class='ocrx_word' id='word_1_106' title='bbox 2003 1643 2213 1693; x_wconf 85' lang='lat' dir='ltr'><strong>omnes,</strong></span> 
     </span>
    </p>
   </div>
   <div class='ocr_carea' id='block_1_17' title="bbox 635 1720 2217 1789">
    <p class='ocr_par' dir='ltr' id='par_1_17' title="bbox 635 1720 2217 1789">
     <span class='ocr_line' id='line_1_17' title="bbox 635 1720 2217 1789; baseline -0.003 -12"><span class='ocrx_word' id='word_1_107' title='bbox 635 1720 778 1777; x_wconf 87' lang='lat' dir='ltr'><strong>unde</strong></span> <span class='ocrx_word' id='word_1_108' title='bbox 806 1736 978 1789; x_wconf 87' lang='lat' dir='ltr'><strong>usque</strong></span> <span class='ocrx_word' id='word_1_109' title='bbox 1008 1721 1062 1775; x_wconf 89' lang='lat' dir='ltr'><strong>in</strong></span> <span class='ocrx_word' id='word_1_110' title='bbox 1091 1720 1233 1775; x_wconf 90' lang='lat' dir='ltr'><strong>hunc</strong></span> <span class='ocrx_word' id='word_1_111' title='bbox 1270 1721 1415 1776; x_wconf 83' lang='lat' dir='ltr'><strong>diem</strong></span> <span class='ocrx_word' id='word_1_112' title='bbox 1465 1720 1793 1786; x_wconf 74' lang='lat' dir='ltr'><strong>celebratur,</strong></span> <span class='ocrx_word' id='word_1_113' title='bbox 1830 1729 1885 1774; x_wconf 90' lang='lat' dir='ltr'><strong>et</strong></span> <span class='ocrx_word' id='word_1_114' title='bbox 1919 1720 1971 1773; x_wconf 91' lang='lat' dir='ltr'><strong>in</strong></span> <span class='ocrx_word' id='word_1_115' title='bbox 2003 1720 2217 1774; x_wconf 85' lang='lat' dir='ltr'><strong>occulto</strong></span> 
     </span>
    </p>
   </div>
   <div class='ocr_carea' id='block_1_18' title="bbox 635 1810 2218 1882">
    <p class='ocr_par' dir='ltr' id='par_1_18' title="bbox 635 1810 2218 1882">
     <span class='ocr_line' id='line_1_18' title="bbox 635 1810 2218 1882; baseline -0.002 -13"><span class='ocrx_word' id='word_1_116' title='bbox 635 1825 743 1869; x_wconf 88' lang='lat' dir='ltr'><strong>non</strong></span> <span class='ocrx_word' id='word_1_117' title='bbox 771 1821 877 1868; x_wconf 82' lang='lat' dir='ltr'><strong>est.</strong></span> <span class='ocrx_word' id='word_1_118' title='bbox 916 1811 1071 1880; x_wconf 85' lang='lat' dir='ltr'><strong>Quod</strong></span> <span class='ocrx_word' id='word_1_119' title='bbox 1125 1821 1304 1866; x_wconf 89' lang='lat' dir='ltr'><strong>autem</strong></span> <span class='ocrx_word' id='word_1_120' title='bbox 1350 1820 1405 1867; x_wconf 90' lang='lat' dir='ltr'><strong>et</strong></span> <span class='ocrx_word' id='word_1_121' title='bbox 1436 1812 1687 1881; x_wconf 83' lang='lat' dir='ltr'><strong>discipuli</strong></span> <span class='ocrx_word' id='word_1_122' title='bbox 1720 1812 1839 1882; x_wconf 86' lang='lat' dir='ltr'><strong>ejus</strong></span> <span class='ocrx_word' id='word_1_123' title='bbox 1888 1810 2218 1866; x_wconf 88' lang='lat' dir='ltr'><strong>crediderint</strong></span> 
     </span>
    </p>
   </div>
   <div class='ocr_carea' id='block_1_19' title="bbox 636 1903 2216 1973">
    <p class='ocr_par' dir='ltr' id='par_1_19' title="bbox 636 1903 2216 1973">
     <span class='ocr_line' id='line_1_19' title="bbox 636 1903 2216 1973; baseline -0.003 -14"><span class='ocrx_word' id='word_1_124' title='bbox 636 1908 689 1960; x_wconf 91' lang='lat' dir='ltr'><strong>in</strong></span> <span class='ocrx_word' id='word_1_125' title='bbox 722 1920 869 1971; x_wconf 89' lang='lat' dir='ltr'><strong>eum,</strong></span> <span class='ocrx_word' id='word_1_126' title='bbox 895 1906 965 1960; x_wconf 89' lang='lat' dir='ltr'><strong>ita</strong></span> <span class='ocrx_word' id='word_1_127' title='bbox 1000 1904 1263 1973; x_wconf 89' lang='lat' dir='ltr'><strong>intellige,</strong></span> <span class='ocrx_word' id='word_1_128' title='bbox 1300 1904 1440 1973; x_wconf 88' lang='lat' dir='ltr'><strong>quod</strong></span> <span class='ocrx_word' id='word_1_129' title='bbox 1475 1904 1631 1960; x_wconf 88' lang='lat' dir='ltr'><strong>fidem</strong></span> <span class='ocrx_word' id='word_1_130' title='bbox 1681 1905 1994 1973; x_wconf 87' lang='lat' dir='ltr'><strong>ampliorem</strong></span> <span class='ocrx_word' id='word_1_131' title='bbox 2026 1914 2080 1958; x_wconf 88' lang='lat' dir='ltr'><strong>et</strong></span> <span class='ocrx_word' id='word_1_132' title='bbox 2110 1903 2216 1956; x_wconf 86' lang='lat' dir='ltr'><strong>flr-</strong></span> 
     </span>
    </p>
   </div>
   <div class='ocr_carea' id='block_1_20' title="bbox 637 1993 2213 2066">
    <p class='ocr_par' dir='ltr' id='par_1_20' title="bbox 637 1993 2213 2066">
     <span class='ocr_line' id='line_1_20' title="bbox 637 1993 2213 2066; baseline -0.002 -15"><span class='ocrx_word' id='word_1_133' title='bbox 637 1996 865 2052; x_wconf 87' lang='lat' dir='ltr'><strong>miorem</strong></span> <span class='ocrx_word' id='word_1_134' title='bbox 916 1996 1225 2066; x_wconf 88' lang='lat' dir='ltr'><strong>acceperint</strong></span> <span class='ocrx_word' id='word_1_135' title='bbox 1252 2014 1265 2049; x_wconf 92' lang='lat'><strong>:</strong></span> <span class='ocrx_word' id='word_1_136' title='bbox 1297 1997 1420 2065; x_wconf 85' lang='lat' dir='ltr'><strong>quia</strong></span> <span class='ocrx_word' id='word_1_137' title='bbox 1451 2005 1500 2051; x_wconf 90' lang='lat' dir='ltr'><strong>et</strong></span> <span class='ocrx_word' id='word_1_138' title='bbox 1530 1996 1683 2066; x_wconf 84' lang='lat' dir='ltr'><strong>prius</strong></span> <span class='ocrx_word' id='word_1_139' title='bbox 1722 1995 1938 2065; x_wconf 83' lang='lat' dir='ltr'><strong>quidem</strong></span> <span class='ocrx_word' id='word_1_140' title='bbox 1972 1993 2213 2049; x_wconf 87' lang='lat' dir='ltr'><strong>credide-</strong></span> 
     </span>
    </p>
   </div>
   <div class='ocr_carea' id='block_1_21' title="bbox 636 2083 1507 2151">
    <p class='ocr_par' dir='ltr' id='par_1_21' title="bbox 636 2083 1507 2151">
     <span class='ocr_line' id='line_1_21' title="bbox 636 2083 1507 2151; baseline -0.003 -11"><span class='ocrx_word' id='word_1_141' title='bbox 636 2094 779 2151; x_wconf 86' lang='lat' dir='ltr'><strong>rant,</strong></span> <span class='ocrx_word' id='word_1_142' title='bbox 809 2086 901 2141; x_wconf 85' lang='lat' dir='ltr'><strong>sed</strong></span> <span class='ocrx_word' id='word_1_143' title='bbox 926 2100 1035 2141; x_wconf 89' lang='lat' dir='ltr'><strong>non</strong></span> <span class='ocrx_word' id='word_1_144' title='bbox 1076 2094 1185 2139; x_wconf 89' lang='lat' dir='ltr'><strong>tam</strong></span> <span class='ocrx_word' id='word_1_145' title='bbox 1214 2083 1467 2139; x_wconf 87' lang='lat' dir='ltr'><strong>firmiter.</strong></span> <span class='ocrx_word' id='word_1_146' title='bbox 1504 2100 1507 2103; x_wconf 93' lang='grc'><strong>·</strong></span> 
     </span>
    </p>
   </div>
   <div class='ocr_carea' id='block_1_22' title="bbox 706 2352 2213 2423">
    <p class='ocr_par' dir='ltr' id='par_1_22' title="bbox 706 2352 2213 2423">
     <span class='ocr_line' id='line_1_22' title="bbox 706 2352 2213 2423; baseline -0.001 -13"><span class='ocrx_word' id='word_1_147' title='bbox 706 2353 874 2410; x_wconf 71' lang='lat' dir='ltr'><strong>Vsus.</strong></span> <span class='ocrx_word' id='word_1_148' title='bbox 913 2354 1093 2408; x_wconf 64' lang='grc' dir='ltr'>ωσι-ι.</span> <span class='ocrx_word' id='word_1_149' title='bbox 1152 2372 1169 2407; x_wconf 78' lang='grc' dir='ltr'><strong>ι</strong></span> <span class='ocrx_word' id='word_1_150' title='bbox 1209 2354 1332 2409; x_wconf 79' lang='lat' dir='ltr'><strong>Post</strong></span> <span class='ocrx_word' id='word_1_151' title='bbox 1377 2355 1492 2409; x_wconf 59' lang='lat' dir='ltr'><strong>hac</strong></span> <span class='ocrx_word' id='word_1_152' title='bbox 1540 2354 1819 2410; x_wconf 72' lang='lat' dir='ltr'><strong>descendit</strong></span> <span class='ocrx_word' id='word_1_153' title='bbox 1872 2352 2213 2423; x_wconf 88' lang='lat' dir='ltr'><strong>Capernaum</strong></span> 
     </span>
    </p>
   </div>
   <div class='ocr_carea' id='block_1_23' title="bbox 642 2445 2211 2517">
    <p class='ocr_par' dir='ltr' id='par_1_23' title="bbox 642 2445 2211 2517">
     <span class='ocr_line' id='line_1_23' title="bbox 642 2445 2211 2517; baseline -0.001 -15"><span class='ocrx_word' id='word_1_154' title='bbox 642 2445 758 2516; x_wconf 81' lang='lat' dir='ltr'><strong>ipse</strong></span> <span class='ocrx_word' id='word_1_155' title='bbox 782 2456 837 2502; x_wconf 90' lang='lat' dir='ltr'><strong>et</strong></span> <span class='ocrx_word' id='word_1_156' title='bbox 868 2458 1041 2501; x_wconf 83' lang='lat' dir='ltr'><strong>mater</strong></span> <span class='ocrx_word' id='word_1_157' title='bbox 1067 2445 1205 2515; x_wconf 82' lang='lat' dir='ltr'><strong>ejus,</strong></span> <span class='ocrx_word' id='word_1_158' title='bbox 1234 2456 1287 2501; x_wconf 90' lang='lat' dir='ltr'><strong>et</strong></span> <span class='ocrx_word' id='word_1_159' title='bbox 1314 2445 1515 2501; x_wconf 81' lang='lat' dir='ltr'><strong>fratres</strong></span> <span class='ocrx_word' id='word_1_160' title='bbox 1545 2448 1683 2517; x_wconf 82' lang='lat' dir='ltr'><strong>ejus,</strong></span> <span class='ocrx_word' id='word_1_161' title='bbox 1710 2455 1765 2501; x_wconf 93' lang='lat' dir='ltr'><strong>et</strong></span> <span class='ocrx_word' id='word_1_162' title='bbox 1798 2446 2043 2516; x_wconf 82' lang='lat' dir='ltr'><strong>discipuli</strong></span> <span class='ocrx_word' id='word_1_163' title='bbox 2072 2447 2211 2516; x_wconf 82' lang='lat' dir='ltr'><strong>ejus,</strong></span> 
     </span>
    </p>
   </div>
   <div class='ocr_carea' id='block_1_24' title="bbox 632 2537 2215 2607">
    <p class='ocr_par' dir='ltr' id='par_1_24' title="bbox 632 2537 2215 2607">
     <span class='ocr_line' id='line_1_24' title="bbox 632 2537 2215 2607; baseline 0 -15"><span class='ocrx_word' id='word_1_164' title='bbox 632 2547 691 2592; x_wconf 90' lang='lat' dir='ltr'><strong>et</strong></span> <span class='ocrx_word' id='word_1_165' title='bbox 723 2537 794 2591; x_wconf 96' lang='lat' dir='ltr'><strong>ibi</strong></span> <span class='ocrx_word' id='word_1_166' title='bbox 826 2547 1269 2592; x_wconf 86' lang='lat' dir='ltr'><strong>manseruntnou</strong></span> <span class='ocrx_word' id='word_1_167' title='bbox 1304 2537 1488 2593; x_wconf 90' lang='lat' dir='ltr'><strong>multis</strong></span> <span class='ocrx_word' id='word_1_168' title='bbox 1512 2538 1721 2593; x_wconf 87' lang='lat' dir='ltr'><strong>diebus.</strong></span> <span class='ocrx_word' id='word_1_169' title='bbox 1748 2537 1811 2591; x_wconf 85' lang='lat' dir='ltr'><strong>Et</strong></span> <span class='ocrx_word' id='word_1_170' title='bbox 1837 2539 1891 2591; x_wconf 91' lang='lat' dir='ltr'><strong>in</strong></span> <span class='ocrx_word' id='word_1_171' title='bbox 1915 2538 2215 2607; x_wconf 84' lang='lat' dir='ltr'><strong>propinquo</strong></span> 
     </span>
    </p>
   </div>
   <div class='ocr_carea' id='block_1_25' title="bbox 633 2626 2213 2692">
    <p class='ocr_par' dir='ltr' id='par_1_25' title="bbox 633 2626 2213 2692">
     <span class='ocr_line' id='line_1_25' title="bbox 633 2626 2213 2692; baseline 0.002 -11"><span class='ocrx_word' id='word_1_172' title='bbox 633 2636 753 2681; x_wconf 90' lang='lat' dir='ltr'><strong>erat</strong></span> <span class='ocrx_word' id='word_1_173' title='bbox 788 2626 995 2683; x_wconf 82' lang='lat' dir='ltr'><strong>Pascha</strong></span> <span class='ocrx_word' id='word_1_174' title='bbox 1027 2626 1363 2692; x_wconf 59' lang='lat' dir='ltr'><strong>Iudaeorum,</strong></span> <span class='ocrx_word' id='word_1_175' title='bbox 1398 2638 1450 2683; x_wconf 90' lang='lat' dir='ltr'><strong>et</strong></span> <span class='ocrx_word' id='word_1_176' title='bbox 1483 2630 1729 2682; x_wconf 87' lang='lat' dir='ltr'><strong>ascendit</strong></span> <span class='ocrx_word' id='word_1_177' title='bbox 1760 2627 1918 2682; x_wconf 84' lang='lat' dir='ltr'><strong>Jesns</strong></span> <span class='ocrx_word' id='word_1_178' title='bbox 1948 2626 2213 2684; x_wconf 85' lang='lat' dir='ltr'><strong>Hieroso-</strong></span> 
     </span>
    </p>
   </div>
   <div class='ocr_carea' id='block_1_26' title="bbox 634 2717 2209 2791">
    <p class='ocr_par' dir='ltr' id='par_1_26' title="bbox 634 2717 2209 2791">
     <span class='ocr_line' id='line_1_26' title="bbox 634 2717 2209 2791; baseline 0.003 -22"><span class='ocrx_word' id='word_1_179' title='bbox 634 2717 798 2790; x_wconf 78' lang='lat' dir='ltr'><strong>lyma,</strong></span> <span class='ocrx_word' id='word_1_180' title='bbox 831 2729 885 2773; x_wconf 91' lang='lat' dir='ltr'><strong>et</strong></span> <span class='ocrx_word' id='word_1_181' title='bbox 913 2720 1113 2788; x_wconf 85' lang='lat' dir='ltr'><strong>reperit</strong></span> <span class='ocrx_word' id='word_1_182' title='bbox 1144 2720 1193 2772; x_wconf 91' lang='lat' dir='ltr'><strong>in</strong></span> <span class='ocrx_word' id='word_1_183' title='bbox 1234 2719 1431 2791; x_wconf 89' lang='lat' dir='ltr'><strong>templo</strong></span> <span class='ocrx_word' id='word_1_184' title='bbox 1456 2735 1549 2775; x_wconf 86' lang='lat' dir='ltr'><strong>eos</strong></span> <span class='ocrx_word' id='word_1_185' title='bbox 1578 2720 1668 2790; x_wconf 84' lang='lat' dir='ltr'><strong>qui</strong></span> <span class='ocrx_word' id='word_1_186' title='bbox 1696 2720 1999 2774; x_wconf 78' lang='lat' dir='ltr'><strong>vendebant</strong></span> <span class='ocrx_word' id='word_1_187' title='bbox 2026 2721 2209 2786; x_wconf 84' lang='lat' dir='ltr'><strong>boves,</strong></span> 
     </span>
    </p>
   </div>
   <div class='ocr_carea' id='block_1_27' title="bbox 634 2811 2214 2875">
    <p class='ocr_par' dir='ltr' id='par_1_27' title="bbox 634 2811 2214 2875">
     <span class='ocr_line' id='line_1_27' title="bbox 634 2811 2214 2875; baseline -0.001 -10"><span class='ocrx_word' id='word_1_188' title='bbox 634 2818 689 2865; x_wconf 88' lang='lat' dir='ltr'><strong>et</strong></span> <span class='ocrx_word' id='word_1_189' title='bbox 716 2824 865 2874; x_wconf 87' lang='lat' dir='ltr'><strong>oves,</strong></span> <span class='ocrx_word' id='word_1_190' title='bbox 900 2820 953 2865; x_wconf 91' lang='lat' dir='ltr'><strong>et</strong></span> <span class='ocrx_word' id='word_1_191' title='bbox 983 2812 1281 2875; x_wconf 82' lang='lat' dir='ltr'><strong>columbas,</strong></span> <span class='ocrx_word' id='word_1_192' title='bbox 1310 2823 1364 2865; x_wconf 90' lang='lat' dir='ltr'><strong>et</strong></span> <span class='ocrx_word' id='word_1_193' title='bbox 1398 2812 1792 2865; x_wconf 83' lang='lat' dir='ltr'><strong>nununnlarios</strong></span> <span class='ocrx_word' id='word_1_194' title='bbox 1842 2811 2112 2866; x_wconf 82' lang='lat' dir='ltr'><strong>sedentes.</strong></span> <span class='ocrx_word' id='word_1_195' title='bbox 2149 2811 2214 2864; x_wconf 86' lang='lat' dir='ltr'><strong>Et</strong></span> 
     </span>
    </p>
   </div>
   <div class='ocr_carea' id='block_1_28' title="bbox 633 2899 2214 2971">
    <p class='ocr_par' dir='ltr' id='par_1_28' title="bbox 633 2899 2214 2971">
     <span class='ocr_line' id='line_1_28' title="bbox 633 2899 2214 2971; baseline -0.001 -16"><span class='ocrx_word' id='word_1_196' title='bbox 633 2916 760 2955; x_wconf 86' lang='lat' dir='ltr'><strong>cum</strong></span> <span class='ocrx_word' id='word_1_197' title='bbox 809 2899 1025 2955; x_wconf 76' lang='lat' dir='ltr'><strong>fecisset</strong></span> <span class='ocrx_word' id='word_1_198' title='bbox 1060 2900 1325 2971; x_wconf 83' lang='lat' dir='ltr'><strong>flagellum</strong></span> <span class='ocrx_word' id='word_1_199' title='bbox 1358 2916 1388 2955; x_wconf 90' lang='lat' dir='ltr'><strong>e</strong></span> <span class='ocrx_word' id='word_1_200' title='bbox 1414 2900 1693 2963; x_wconf 83' lang='lat' dir='ltr'><strong>funiculis.</strong></span> <span class='ocrx_word' id='word_1_201' title='bbox 1728 2914 1923 2955; x_wconf 72' lang='grc' dir='ltr'>υιιιιιρε</span> <span class='ocrx_word' id='word_1_202' title='bbox 1955 2900 2118 2968; x_wconf 84' lang='lat' dir='ltr'><strong>ejecit</strong></span> <span class='ocrx_word' id='word_1_203' title='bbox 2148 2901 2214 2954; x_wconf 87' lang='lat' dir='ltr'><strong>de</strong></span> 
     </span>
    </p>
   </div>
   <div class='ocr_carea' id='block_1_29' title="bbox 636 2991 2213 3061">
    <p class='ocr_par' dir='ltr' id='par_1_29' title="bbox 636 2991 2213 3061">
     <span class='ocr_line' id='line_1_29' title="bbox 636 2991 2213 3061; baseline 0 -16"><span class='ocrx_word' id='word_1_204' title='bbox 636 2992 853 3061; x_wconf 87' lang='lat' dir='ltr'><strong>templo,</strong></span> <span class='ocrx_word' id='word_1_205' title='bbox 910 3007 1038 3047; x_wconf 82' lang='lat' dir='ltr'><strong>oves</strong></span> <span class='ocrx_word' id='word_1_206' title='bbox 1092 2992 1252 3048; x_wconf 89' lang='lat' dir='ltr'><strong>simul</strong></span> <span class='ocrx_word' id='word_1_207' title='bbox 1286 3009 1350 3048; x_wconf 90' lang='lat' dir='ltr'><strong>ac</strong></span> <span class='ocrx_word' id='word_1_208' title='bbox 1376 2994 1563 3054; x_wconf 81' lang='lat' dir='ltr'><strong>boves.</strong></span> <span class='ocrx_word' id='word_1_209' title='bbox 1618 3002 1671 3046; x_wconf 88' lang='lat' dir='ltr'><strong>et</strong></span> <span class='ocrx_word' id='word_1_210' title='bbox 1723 2991 2213 3045; x_wconf 78' lang='lat' dir='ltr'><strong>nummulariorum</strong></span> 
     </span>
    </p>
   </div>
   <div class='ocr_carea' id='block_1_30' title="bbox 632 3082 2213 3153">
    <p class='ocr_par' dir='ltr' id='par_1_30' title="bbox 632 3082 2213 3153">
     <span class='ocr_line' id='line_1_30' title="bbox 632 3082 2213 3153; baseline -0.002 -16"><span class='ocrx_word' id='word_1_211' title='bbox 632 3082 820 3146; x_wconf 75' lang='lat' dir='ltr'><strong>eﬂudjt</strong></span> <span class='ocrx_word' id='word_1_212' title='bbox 853 3098 947 3147; x_wconf 73' lang='lat' dir='ltr'><strong>aes,</strong></span> <span class='ocrx_word' id='word_1_213' title='bbox 1000 3099 1322 3153; x_wconf 81' lang='lat' dir='ltr'><strong>mensasque</strong></span> <span class='ocrx_word' id='word_1_214' title='bbox 1354 3084 1638 3147; x_wconf 84' lang='lat' dir='ltr'><strong>subvertit,</strong></span> <span class='ocrx_word' id='word_1_215' title='bbox 1671 3091 1726 3137; x_wconf 86' lang='lat' dir='ltr'><strong>et</strong></span> <span class='ocrx_word' id='word_1_216' title='bbox 1762 3085 1828 3137; x_wconf 90' lang='lat' dir='ltr'><strong>iis</strong></span> <span class='ocrx_word' id='word_1_217' title='bbox 1860 3084 1949 3152; x_wconf 89' lang='lat' dir='ltr'><strong>qui</strong></span> <span class='ocrx_word' id='word_1_218' title='bbox 1990 3082 2213 3137; x_wconf 91' lang='lat' dir='ltr'><strong>colum-</strong></span> 
     </span>
    </p>
   </div>
   <div class='ocr_carea' id='block_1_31' title="bbox 632 3173 2213 3240">
    <p class='ocr_par' dir='ltr' id='par_1_31' title="bbox 632 3173 2213 3240">
     <span class='ocr_line' id='line_1_31' title="bbox 632 3173 2213 3240; baseline -0.001 -11"><span class='ocrx_word' id='word_1_219' title='bbox 632 3174 729 3230; x_wconf 88' lang='lat' dir='ltr'><strong>bas</strong></span> <span class='ocrx_word' id='word_1_220' title='bbox 758 3175 1085 3240; x_wconf 75' lang='lat' dir='ltr'><strong>vendebant,</strong></span> <span class='ocrx_word' id='word_1_221' title='bbox 1119 3176 1253 3230; x_wconf 82' lang='lat' dir='ltr'><strong>dixit</strong></span> <span class='ocrx_word' id='word_1_222' title='bbox 1284 3196 1295 3230; x_wconf 91' lang='lat'>:</span> <span class='ocrx_word' id='word_1_223' title='bbox 1330 3175 1557 3231; x_wconf 78' lang='lat' dir='ltr'><strong>Auferte</strong></span> <span class='ocrx_word' id='word_1_224' title='bbox 1603 3176 1705 3229; x_wconf 80' lang='lat' dir='ltr'><strong>ista</strong></span> <span class='ocrx_word' id='word_1_225' title='bbox 1740 3174 1882 3233; x_wconf 85' lang='lat' dir='ltr'><strong>hinc.</strong></span> <span class='ocrx_word' id='word_1_226' title='bbox 1926 3188 2021 3227; x_wconf 91' lang='lat' dir='ltr'><strong>nec</strong></span> <span class='ocrx_word' id='word_1_227' title='bbox 2055 3173 2213 3228; x_wconf 75' lang='lat' dir='ltr'><strong>facite</strong></span> 
     </span>
    </p>
   </div>
   <div class='ocr_carea' id='block_1_32' title="bbox 634 3261 2211 3318">
    <p class='ocr_par' dir='ltr' id='par_1_32' title="bbox 634 3261 2211 3318">
     <span class='ocr_line' id='line_1_32' title="bbox 634 3261 2211 3318; baseline 0 -3"><span class='ocrx_word' id='word_1_228' title='bbox 634 3264 851 3317; x_wconf 89' lang='lat' dir='ltr'><strong>domum</strong></span> <span class='ocrx_word' id='word_1_229' title='bbox 876 3262 1050 3317; x_wconf 85' lang='lat' dir='ltr'><strong>Patris</strong></span> <span class='ocrx_word' id='word_1_230' title='bbox 1074 3265 1176 3318; x_wconf 85' lang='lat' dir='ltr'><strong>mei</strong></span> <span class='ocrx_word' id='word_1_231' title='bbox 1196 3264 1414 3318; x_wconf 90' lang='lat' dir='ltr'><strong>domum</strong></span> <span class='ocrx_word' id='word_1_232' title='bbox 1444 3275 1740 3318; x_wconf 84' lang='lat' dir='ltr'><strong>mercatus.</strong></span> <span class='ocrx_word' id='word_1_233' title='bbox 1774 3261 2060 3316; x_wconf 71' lang='lat' dir='ltr'><strong>hecordati</strong></span> <span class='ocrx_word' id='word_1_234' title='bbox 2084 3277 2211 3317; x_wconf 87' lang='lat' dir='ltr'><strong>vero</strong></span> 
     </span>
    </p>
   </div>
   <div class='ocr_carea' id='block_1_33' title="bbox 633 3306 2716 3423">
    <p class='ocr_par' dir='ltr' id='par_1_33' title="bbox 633 3306 2716 3423">
     <span class='ocr_line' id='line_1_33' title="bbox 633 3306 2716 3423; baseline 0 -17"><span class='ocrx_word' id='word_1_235' title='bbox 633 3363 759 3407; x_wconf 88' lang='lat' dir='ltr'><strong>sunt</strong></span> <span class='ocrx_word' id='word_1_236' title='bbox 788 3352 1041 3423; x_wconf 88' lang='lat' dir='ltr'><strong>discipuli</strong></span> <span class='ocrx_word' id='word_1_237' title='bbox 1073 3352 1191 3423; x_wconf 88' lang='lat' dir='ltr'><strong>ejus</strong></span> <span class='ocrx_word' id='word_1_238' title='bbox 1216 3353 1357 3421; x_wconf 90' lang='lat' dir='ltr'><strong>quod</strong></span> <span class='ocrx_word' id='word_1_239' title='bbox 1386 3353 1648 3423; x_wconf 77' lang='lat' dir='ltr'><strong>scriptum</strong></span> <span class='ocrx_word' id='word_1_240' title='bbox 1681 3362 1764 3409; x_wconf 89' lang='lat' dir='ltr'><strong>est</strong></span> <span class='ocrx_word' id='word_1_241' title='bbox 1792 3372 1804 3407; x_wconf 90' lang='lat'><strong>:</strong></span> <span class='ocrx_word' id='word_1_242' title='bbox 1832 3352 1991 3407; x_wconf 75' lang='lat' dir='ltr'><strong>Zelus</strong></span> <span class='ocrx_word' id='word_1_243' title='bbox 2022 3354 2214 3407; x_wconf 90' lang='lat' dir='ltr'><strong>domus</strong></span> <span class='ocrx_word' id='word_1_244' title='bbox 2240 3327 2285 3390; x_wconf 79' lang='lat' dir='ltr'>C</span> 
     </span>
    </p>
   </div>
   <div class='ocr_carea' id='block_1_34' title="bbox 633 3441 2213 3511">
    <p class='ocr_par' dir='ltr' id='par_1_34' title="bbox 633 3441 2213 3511">
     <span class='ocr_line' id='line_1_34' title="bbox 633 3441 2213 3511; baseline 0 -14"><span class='ocrx_word' id='word_1_245' title='bbox 633 3454 737 3498; x_wconf 66' lang='lat' dir='ltr'><strong>tua</strong></span> <span class='ocrx_word' id='word_1_246' title='bbox 758 3444 937 3499; x_wconf 78' lang='lat' dir='ltr'><strong>exedit</strong></span> <span class='ocrx_word' id='word_1_247' title='bbox 968 3457 1054 3498; x_wconf 88' lang='lat' dir='ltr'><strong>me</strong></span> <span class='ocrx_word' id='word_1_248' title='bbox 1071 3443 1170 3496; x_wconf 76' lang='grc'><strong>⁸⁷.»</strong></span> <span class='ocrx_word' id='word_1_249' title='bbox 1201 3443 1489 3499; x_wconf 87' lang='lat' dir='ltr'><strong>Descendit</strong></span> <span class='ocrx_word' id='word_1_250' title='bbox 1507 3444 1559 3497; x_wconf 88' lang='lat' dir='ltr'><strong>in</strong></span> <span class='ocrx_word' id='word_1_251' title='bbox 1576 3443 1910 3511; x_wconf 85' lang='lat' dir='ltr'><strong>Capernaum</strong></span> <span class='ocrx_word' id='word_1_252' title='bbox 1936 3441 2213 3508; x_wconf 84' lang='lat' dir='ltr'><strong>Dominus,</strong></span> 
     </span>
    </p>
   </div>
   <div class='ocr_carea' id='block_1_35' title="bbox 632 3534 2211 3606">
    <p class='ocr_par' dir='ltr' id='par_1_35' title="bbox 632 3534 2211 3606">
     <span class='ocr_line' id='line_1_35' title="bbox 632 3534 2211 3606; baseline -0.003 -14"><span class='ocrx_word' id='word_1_253' title='bbox 632 3551 740 3592; x_wconf 89' lang='lat' dir='ltr'><strong>non</strong></span> <span class='ocrx_word' id='word_1_254' title='bbox 789 3534 1013 3591; x_wconf 88' lang='lat' dir='ltr'><strong>alterius</strong></span> <span class='ocrx_word' id='word_1_255' title='bbox 1064 3550 1196 3590; x_wconf 90' lang='lat' dir='ltr'><strong>usus</strong></span> <span class='ocrx_word' id='word_1_256' title='bbox 1240 3537 1442 3606; x_wconf 87' lang='lat' dir='ltr'><strong>gratia,</strong></span> <span class='ocrx_word' id='word_1_257' title='bbox 1475 3551 1636 3605; x_wconf 91' lang='lat' dir='ltr'><strong>quam</strong></span> <span class='ocrx_word' id='word_1_258' title='bbox 1675 3542 1733 3589; x_wconf 93' lang='lat' dir='ltr'><strong>ut</strong></span> <span class='ocrx_word' id='word_1_259' title='bbox 1778 3545 2008 3589; x_wconf 87' lang='lat' dir='ltr'><strong>matrem</strong></span> <span class='ocrx_word' id='word_1_260' title='bbox 2058 3550 2211 3590; x_wconf 86' lang='lat' dir='ltr'><strong>suam</strong></span> 
     </span>
    </p>
   </div>
   <div class='ocr_carea' id='block_1_36' title="bbox 630 3626 2216 3697">
    <p class='ocr_par' dir='ltr' id='par_1_36' title="bbox 630 3626 2216 3697">
     <span class='ocr_line' id='line_1_36' title="bbox 630 3626 2216 3697; baseline -0.002 -15"><span class='ocrx_word' id='word_1_261' title='bbox 630 3627 741 3682; x_wconf 83' lang='lat' dir='ltr'><strong>illic</strong></span> <span class='ocrx_word' id='word_1_262' title='bbox 771 3626 1012 3683; x_wconf 88' lang='lat' dir='ltr'><strong>residere</strong></span> <span class='ocrx_word' id='word_1_263' title='bbox 1040 3628 1263 3694; x_wconf 79' lang='lat' dir='ltr'><strong>faceret,</strong></span> <span class='ocrx_word' id='word_1_264' title='bbox 1291 3636 1349 3681; x_wconf 92' lang='lat' dir='ltr'><strong>ut</strong></span> <span class='ocrx_word' id='word_1_265' title='bbox 1378 3642 1445 3682; x_wconf 91' lang='lat' dir='ltr'><strong>ne</strong></span> <span class='ocrx_word' id='word_1_266' title='bbox 1473 3627 1618 3681; x_wconf 89' lang='lat' dir='ltr'><strong>illam</strong></span> <span class='ocrx_word' id='word_1_267' title='bbox 1646 3627 1847 3697; x_wconf 89' lang='lat' dir='ltr'><strong>ubique</strong></span> <span class='ocrx_word' id='word_1_268' title='bbox 1880 3637 1999 3697; x_wconf 89' lang='lat' dir='ltr'><strong>post</strong></span> <span class='ocrx_word' id='word_1_269' title='bbox 2021 3634 2081 3681; x_wconf 85' lang='lat' dir='ltr'><strong>se</strong></span> <span class='ocrx_word' id='word_1_270' title='bbox 2111 3635 2216 3679; x_wconf 84' lang='lat' dir='ltr'><strong>tra-</strong></span> 
     </span>
    </p>
   </div>
   <div class='ocr_carea' id='block_1_37' title="bbox 629 3719 2209 3791">
    <p class='ocr_par' dir='ltr' id='par_1_37' title="bbox 629 3719 2209 3791">
     <span class='ocr_line' id='line_1_37' title="bbox 629 3719 2209 3791; baseline -0.002 -14"><span class='ocrx_word' id='word_1_271' title='bbox 629 3721 805 3777; x_wconf 87' lang='lat' dir='ltr'><strong>heret.</strong></span> <span class='ocrx_word' id='word_1_272' title='bbox 841 3720 1107 3786; x_wconf 84' lang='lat' dir='ltr'><strong>Quoniam</strong></span> <span class='ocrx_word' id='word_1_273' title='bbox 1146 3719 1289 3775; x_wconf 90' lang='lat' dir='ltr'><strong>enim</strong></span> <span class='ocrx_word' id='word_1_274' title='bbox 1324 3721 1392 3775; x_wconf 88' lang='lat' dir='ltr'><strong>ad</strong></span> <span class='ocrx_word' id='word_1_275' title='bbox 1424 3721 1639 3791; x_wconf 86' lang='lat' dir='ltr'><strong>nuptias</strong></span> <span class='ocrx_word' id='word_1_276' title='bbox 1665 3730 1929 3776; x_wconf 87' lang='lat' dir='ltr'><strong>venerant</strong></span> <span class='ocrx_word' id='word_1_277' title='bbox 1956 3720 2008 3774; x_wconf 91' lang='lat' dir='ltr'><strong>in</strong></span> <span class='ocrx_word' id='word_1_278' title='bbox 2040 3720 2209 3786; x_wconf 81' lang='lat' dir='ltr'><strong>Cana,</strong></span> 
     </span>
    </p>
   </div>
   <div class='ocr_carea' id='block_1_38' title="bbox 630 3812 2209 3880">
    <p class='ocr_par' dir='ltr' id='par_1_38' title="bbox 630 3812 2209 3880">
     <span class='ocr_line' id='line_1_38' title="bbox 630 3812 2209 3880; baseline 0 -14"><span class='ocrx_word' id='word_1_279' title='bbox 630 3812 834 3880; x_wconf 91' lang='lat' dir='ltr'><strong>nuptiis</strong></span> <span class='ocrx_word' id='word_1_280' title='bbox 883 3812 1081 3868; x_wconf 89' lang='lat' dir='ltr'><strong>habitis</strong></span> <span class='ocrx_word' id='word_1_281' title='bbox 1109 3812 1327 3867; x_wconf 85' lang='lat' dir='ltr'><strong>adducit</strong></span> <span class='ocrx_word' id='word_1_282' title='bbox 1362 3823 1589 3868; x_wconf 86' lang='lat' dir='ltr'><strong>matrem</strong></span> <span class='ocrx_word' id='word_1_283' title='bbox 1616 3813 1668 3867; x_wconf 88' lang='lat' dir='ltr'><strong>in</strong></span> <span class='ocrx_word' id='word_1_284' title='bbox 1720 3812 1938 3867; x_wconf 92' lang='lat' dir='ltr'><strong>domum</strong></span> <span class='ocrx_word' id='word_1_285' title='bbox 1973 3826 2124 3867; x_wconf 89' lang='lat' dir='ltr'><strong>suam</strong></span> <span class='ocrx_word' id='word_1_286' title='bbox 2155 3812 2209 3866; x_wconf 89' lang='lat' dir='ltr'><strong>in</strong></span> 
     </span>
    </p>
   </div>
   <div class='ocr_carea' id='block_1_39' title="bbox 626 3902 2211 3973">
    <p class='ocr_par' dir='ltr' id='par_1_39' title="bbox 626 3902 2211 3973">
     <span class='ocr_line' id='line_1_39' title="bbox 626 3902 2211 3973; baseline -0.001 -12"><span class='ocrx_word' id='word_1_287' title='bbox 626 3902 987 3973; x_wconf 86' lang='lat' dir='ltr'><strong>Capernaum.</strong></span> <span class='ocrx_word' id='word_1_288' title='bbox 1016 3903 1365 3958; x_wconf 76' lang='lat' dir='ltr'><strong>Manifestum</strong></span> <span class='ocrx_word' id='word_1_289' title='bbox 1411 3914 1593 3959; x_wconf 87' lang='lat' dir='ltr'><strong>autem</strong></span> <span class='ocrx_word' id='word_1_290' title='bbox 1632 3904 1772 3973; x_wconf 89' lang='lat' dir='ltr'><strong>quod</strong></span> <span class='ocrx_word' id='word_1_291' title='bbox 1806 3915 2027 3973; x_wconf 91' lang='lat' dir='ltr'><strong>propter</strong></span> <span class='ocrx_word' id='word_1_292' title='bbox 2071 3904 2211 3960; x_wconf 89' lang='lat' dir='ltr'><strong>hanc</strong></span> 
     </span>
    </p>
   </div>
   <div class='ocr_carea' id='block_1_40' title="bbox 629 3995 2210 4067">
    <p class='ocr_par' dir='ltr' id='par_1_40' title="bbox 629 3995 2210 4067">
     <span class='ocr_line' id='line_1_40' title="bbox 629 3995 2210 4067; baseline -0.001 -15"><span class='ocrx_word' id='word_1_293' title='bbox 629 4011 851 4053; x_wconf 89' lang='lat' dir='ltr'><strong>causam</strong></span> <span class='ocrx_word' id='word_1_294' title='bbox 882 3996 1227 4053; x_wconf 85' lang='lat' dir='ltr'><strong>descenderit</strong></span> <span class='ocrx_word' id='word_1_295' title='bbox 1262 3997 1314 4051; x_wconf 76' lang='lat' dir='ltr'><strong>in</strong></span> <span class='ocrx_word' id='word_1_296' title='bbox 1345 3995 1709 4067; x_wconf 87' lang='lat' dir='ltr'><strong>Capernaum,</strong></span> <span class='ocrx_word' id='word_1_297' title='bbox 1745 4012 1811 4053; x_wconf 78' lang='lat' dir='ltr'><strong>es</strong></span> <span class='ocrx_word' id='word_1_298' title='bbox 1841 4011 1907 4052; x_wconf 90' lang='lat' dir='ltr'><strong>eo</strong></span> <span class='ocrx_word' id='word_1_299' title='bbox 1934 3996 2076 4066; x_wconf 92' lang='lat' dir='ltr'><strong>quod</strong></span> <span class='ocrx_word' id='word_1_300' title='bbox 2113 4012 2210 4051; x_wconf 90' lang='lat' dir='ltr'><strong>ne-</strong></span> 
     </span>
    </p>
   </div>
   <div class='ocr_carea' id='block_1_41' title="bbox 628 4086 2210 4159">
    <p class='ocr_par' dir='ltr' id='par_1_41' title="bbox 628 4086 2210 4159">
     <span class='ocr_line' id='line_1_41' title="bbox 628 4086 2210 4159; baseline -0.002 -16"><span class='ocrx_word' id='word_1_301' title='bbox 628 4104 736 4159; x_wconf 89' lang='lat' dir='ltr'><strong>que</strong></span> <span class='ocrx_word' id='word_1_302' title='bbox 769 4088 954 4145; x_wconf 91' lang='lat' dir='ltr'><strong>multis</strong></span> <span class='ocrx_word' id='word_1_303' title='bbox 984 4087 1099 4143; x_wconf 90' lang='lat' dir='ltr'><strong>illic</strong></span> <span class='ocrx_word' id='word_1_304' title='bbox 1144 4087 1403 4145; x_wconf 88' lang='lat' dir='ltr'><strong>manebat</strong></span> <span class='ocrx_word' id='word_1_305' title='bbox 1432 4086 1648 4156; x_wconf 87' lang='lat' dir='ltr'><strong>diebus,</strong></span> <span class='ocrx_word' id='word_1_306' title='bbox 1684 4102 1858 4158; x_wconf 88' lang='lat' dir='ltr'><strong>neque</strong></span> <span class='ocrx_word' id='word_1_307' title='bbox 1889 4088 2210 4143; x_wconf 88' lang='lat' dir='ltr'><strong>miraculum</strong></span> 
     </span>
    </p>
   </div>
   <div class='ocr_carea' id='block_1_42' title="bbox 625 4177 2208 4251">
    <p class='ocr_par' dir='ltr' id='par_1_42' title="bbox 625 4177 2208 4251">
     <span class='ocr_line' id='line_1_42' title="bbox 625 4177 2208 4251; baseline 0 -17"><span class='ocrx_word' id='word_1_308' title='bbox 625 4179 736 4235; x_wconf 90' lang='lat' dir='ltr'><strong>illic</strong></span> <span class='ocrx_word' id='word_1_309' title='bbox 786 4178 1043 4235; x_wconf 89' lang='lat' dir='ltr'><strong>faciebat.</strong></span> <span class='ocrx_word' id='word_1_310' title='bbox 1088 4177 1358 4236; x_wconf 89' lang='lat' dir='ltr'><strong>lncreduli</strong></span> <span class='ocrx_word' id='word_1_311' title='bbox 1406 4180 1549 4237; x_wconf 87' lang='lat' dir='ltr'><strong>enim</strong></span> <span class='ocrx_word' id='word_1_312' title='bbox 1601 4190 1760 4237; x_wconf 88' lang='lat' dir='ltr'><strong>erant</strong></span> <span class='ocrx_word' id='word_1_313' title='bbox 1802 4182 1923 4251; x_wconf 87' lang='lat' dir='ltr'><strong>ejus</strong></span> <span class='ocrx_word' id='word_1_314' title='bbox 1970 4180 2208 4236; x_wconf 81' lang='lat' dir='ltr'><strong>civitatis</strong></span> 
     </span>
    </p>
   </div>
   <div class='ocr_carea' id='block_1_43' title="bbox 626 4271 2206 4344">
    <p class='ocr_par' dir='ltr' id='par_1_43' title="bbox 626 4271 2206 4344">
     <span class='ocr_line' id='line_1_43' title="bbox 626 4271 2206 4344; baseline 0.001 -19"><span class='ocrx_word' id='word_1_315' title='bbox 626 4272 751 4327; x_wconf 83' lang='lat' dir='ltr'><strong>viri.</strong></span> <span class='ocrx_word' id='word_1_316' title='bbox 784 4271 949 4344; x_wconf 74' lang='lat'><strong>536</strong></span> <span class='ocrx_word' id='word_1_317' title='bbox 976 4271 1098 4328; x_wconf 87' lang='lat' dir='ltr'><strong>ideo</strong></span> <span class='ocrx_word' id='word_1_318' title='bbox 1126 4282 1179 4328; x_wconf 90' lang='lat' dir='ltr'><strong>et</strong></span> <span class='ocrx_word' id='word_1_319' title='bbox 1204 4272 1309 4329; x_wconf 90' lang='lat' dir='ltr'><strong>alio</strong></span> <span class='ocrx_word' id='word_1_320' title='bbox 1338 4273 1457 4329; x_wconf 91' lang='lat' dir='ltr'><strong>loco</strong></span> <span class='ocrx_word' id='word_1_321' title='bbox 1502 4272 1767 4329; x_wconf 84' lang='lat' dir='ltr'><strong>Dominus</strong></span> <span class='ocrx_word' id='word_1_322' title='bbox 1797 4288 1919 4329; x_wconf 89' lang='lat' dir='ltr'><strong>eam</strong></span> <span class='ocrx_word' id='word_1_323' title='bbox 1951 4275 2206 4329; x_wconf 77' lang='lat' dir='ltr'><strong>miseram</strong></span> 
     </span>
    </p>
   </div>
   <div class='ocr_carea' id='block_1_44' title="bbox 624 4363 2208 4435">
    <p class='ocr_par' dir='ltr' id='par_1_44' title="bbox 624 4363 2208 4435">
     <span class='ocr_line' id='line_1_44' title="bbox 624 4363 2208 4435; baseline 0 -16"><span class='ocrx_word' id='word_1_324' title='bbox 624 4377 747 4419; x_wconf 86' lang='lat' dir='ltr'><strong>esse</strong></span> <span class='ocrx_word' id='word_1_325' title='bbox 776 4364 906 4419; x_wconf 89' lang='lat' dir='ltr'><strong>dicit</strong></span> <span class='ocrx_word' id='word_1_326' title='bbox 934 4364 1001 4417; x_wconf 81' lang='grc'><strong>⁸⁸.</strong></span> <span class='ocrx_word' id='word_1_327' title='bbox 1032 4363 1186 4431; x_wconf 86' lang='lat' dir='ltr'><strong>Quod</strong></span> <span class='ocrx_word' id='word_1_328' title='bbox 1238 4374 1419 4420; x_wconf 88' lang='lat' dir='ltr'><strong>autem</strong></span> <span class='ocrx_word' id='word_1_329' title='bbox 1477 4365 1604 4420; x_wconf 89' lang='lat' dir='ltr'><strong>dicit</strong></span> <span class='ocrx_word' id='word_1_330' title='bbox 1659 4365 1986 4435; x_wconf 87' lang='lat' dir='ltr'><strong>evangelista</strong></span> <span class='ocrx_word' id='word_1_331' title='bbox 2038 4364 2208 4419; x_wconf 85' lang='lat' dir='ltr'><strong>fuisse</strong></span> 
     </span>
    </p>
   </div>
   <div class='ocr_carea' id='block_1_45' title="bbox 626 4451 2207 4525">
    <p class='ocr_par' dir='ltr' id='par_1_45' title="bbox 626 4451 2207 4525">
     <span class='ocr_line' id='line_1_45' title="bbox 626 4451 2207 4525; baseline 0.001 -17"><span class='ocrx_word' id='word_1_332' title='bbox 626 4468 799 4525; x_wconf 89' lang='lat' dir='ltr'><strong>prope</strong></span> <span class='ocrx_word' id='word_1_333' title='bbox 829 4451 1063 4521; x_wconf 81' lang='lat' dir='ltr'><strong>Pascha,</strong></span> <span class='ocrx_word' id='word_1_334' title='bbox 1099 4453 1339 4509; x_wconf 88' lang='lat' dir='ltr'><strong>ostendit</strong></span> <span class='ocrx_word' id='word_1_335' title='bbox 1376 4456 1518 4523; x_wconf 88' lang='lat' dir='ltr'><strong>quod</strong></span> <span class='ocrx_word' id='word_1_336' title='bbox 1549 4467 1655 4509; x_wconf 92' lang='lat' dir='ltr'><strong>non</strong></span> <span class='ocrx_word' id='word_1_337' title='bbox 1688 4463 1815 4509; x_wconf 90' lang='lat' dir='ltr'><strong>ante</strong></span> <span class='ocrx_word' id='word_1_338' title='bbox 1847 4454 2048 4508; x_wconf 88' lang='lat' dir='ltr'><strong>multos</strong></span> <span class='ocrx_word' id='word_1_339' title='bbox 2089 4454 2207 4509; x_wconf 90' lang='lat' dir='ltr'><strong>dies</strong></span> 
     </span>
    </p>
   </div>
   <div class='ocr_carea' id='block_1_46' title="bbox 623 4540 2203 4613">
    <p class='ocr_par' dir='ltr' id='par_1_46' title="bbox 623 4540 2203 4613">
     <span class='ocr_line' id='line_1_46' title="bbox 623 4540 2203 4613; baseline 0 -15"><span class='ocrx_word' id='word_1_340' title='bbox 623 4544 845 4598; x_wconf 64' lang='lat' dir='ltr'><strong>Pascha</strong></span> <span class='ocrx_word' id='word_1_341' title='bbox 876 4542 1039 4597; x_wconf 89' lang='lat' dir='ltr'><strong>fuerit</strong></span> <span class='ocrx_word' id='word_1_342' title='bbox 1074 4543 1397 4613; x_wconf 82' lang='lat' dir='ltr'><strong>baptizatus.</strong></span> <span class='ocrx_word' id='word_1_343' title='bbox 1436 4540 1606 4599; x_wconf 80' lang='lat' dir='ltr'><strong>Porro</strong></span> <span class='ocrx_word' id='word_1_344' title='bbox 1636 4544 1725 4597; x_wconf 91' lang='lat' dir='ltr'><strong>ubi</strong></span> <span class='ocrx_word' id='word_1_345' title='bbox 1755 4543 2000 4599; x_wconf 82' lang='lat' dir='ltr'><strong>ascendit</strong></span> <span class='ocrx_word' id='word_1_346' title='bbox 2027 4543 2082 4596; x_wconf 92' lang='lat' dir='ltr'><strong>in</strong></span> <span class='ocrx_word' id='word_1_347' title='bbox 2109 4540 2203 4598; x_wconf 78' lang='lat' dir='ltr'><strong>Je-</strong></span> 
     </span>
    </p>
   </div>
   <div class='ocr_carea' id='block_1_47' title="bbox 624 4632 2203 4703">
    <p class='ocr_par' dir='ltr' id='par_1_47' title="bbox 624 4632 2203 4703">
     <span class='ocr_line' id='line_1_47' title="bbox 624 4632 2203 4703; baseline 0.002 -16"><span class='ocrx_word' id='word_1_348' title='bbox 624 4632 882 4700; x_wconf 81' lang='lat' dir='ltr'><strong>rusalem,</strong></span> <span class='ocrx_word' id='word_1_349' title='bbox 917 4647 1029 4687; x_wconf 86' lang='lat' dir='ltr'><strong>rem</strong></span> <span class='ocrx_word' id='word_1_350' title='bbox 1061 4632 1190 4686; x_wconf 88' lang='lat' dir='ltr'><strong>fecit</strong></span> <span class='ocrx_word' id='word_1_351' title='bbox 1240 4646 1449 4703; x_wconf 67' lang='lat' dir='ltr'><strong>magnae</strong></span> <span class='ocrx_word' id='word_1_352' title='bbox 1482 4633 1843 4688; x_wconf 88' lang='lat' dir='ltr'><strong>auctoritatis.</strong></span> <span class='ocrx_word' id='word_1_353' title='bbox 1901 4632 2203 4690; x_wconf 81' lang='lat' dir='ltr'><strong>Vendentes</strong></span> 
     </span>
    </p>
   </div>
   <div class='ocr_carea' id='block_1_48' title="bbox 619 4676 2281 4793">
    <p class='ocr_par' dir='ltr' id='par_1_48' title="bbox 619 4676 2281 4793">
     <span class='ocr_line' id='line_1_48' title="bbox 624 4676 2203 4700; baseline 0.003 -15"><span class='ocrx_word' id='word_1_354' title='bbox 624 4676 882 4700; x_wconf 84' lang='lat'><strong>._.,_......,</strong></span> <span class='ocrx_word' id='word_1_355' title='bbox 918 4676 1028 4687; x_wconf 73' lang='grc' dir='ltr'><strong>.-.η</strong></span> <span class='ocrx_word' id='word_1_356' title='bbox 1061 4676 1190 4686; x_wconf 64' lang='grc' dir='ltr'><strong>η-..</strong></span> <span class='ocrx_word' id='word_1_357' title='bbox 1240 4676 1325 4686; x_wconf 90' lang='grc'><strong>...-</strong></span> <span class='ocrx_word' id='word_1_358' title='bbox 1369 4676 1448 4686; x_wconf 62' lang='grc' dir='ltr'><strong>...ν</strong></span> <span class='ocrx_word' id='word_1_359' title='bbox 1482 4676 1843 4688; x_wconf 74' lang='grc'><strong>----.,...-...,.</strong></span> <span class='ocrx_word' id='word_1_360' title='bbox 1914 4676 2203 4690; x_wconf 71' lang='grc' dir='ltr'><strong>.ν..ν.,......,</strong></span> 
     </span>
     <span class='ocr_line' id='line_1_49' title="bbox 619 4676 2281 4793; baseline 0.003 -17"><span class='ocrx_word' id='word_1_361' title='bbox 619 4724 763 4777; x_wconf 89' lang='lat' dir='ltr'><strong>enim</strong></span> <span class='ocrx_word' id='word_1_362' title='bbox 799 4736 928 4777; x_wconf 88' lang='lat' dir='ltr'><strong>oves</strong></span> <span class='ocrx_word' id='word_1_363' title='bbox 958 4733 1011 4777; x_wconf 82' lang='lat' dir='ltr'><strong>et</strong></span> <span class='ocrx_word' id='word_1_364' title='bbox 1043 4723 1208 4778; x_wconf 85' lang='lat' dir='ltr'><strong>boves</strong></span> <span class='ocrx_word' id='word_1_365' title='bbox 1239 4676 1420 4790; x_wconf 57' lang='lat' dir='ltr'><strong>ejegit.</strong></span> <span class='ocrx_word' id='word_1_366' title='bbox 1448 4720 1565 4775; x_wconf 81' lang='lat' dir='ltr'><strong>Jam</strong></span> <span class='ocrx_word' id='word_1_367' title='bbox 1603 4724 1744 4793; x_wconf 90' lang='lat' dir='ltr'><strong>quod</strong></span> <span class='ocrx_word' id='word_1_368' title='bbox 1780 4723 1980 4777; x_wconf 88' lang='lat' dir='ltr'><strong>factum</strong></span> <span class='ocrx_word' id='word_1_369' title='bbox 2013 4725 2115 4780; x_wconf 87' lang='lat' dir='ltr'><strong>hoc</strong></span> <span class='ocrx_word' id='word_1_370' title='bbox 2144 4736 2199 4781; x_wconf 91' lang='lat' dir='ltr'><strong>et</strong></span> <span class='ocrx_word' id='word_1_371' title='bbox 2236 4676 2281 4731; x_wconf 65' lang='grc' dir='ltr'><strong>Β</strong></span> 
     </span>
    </p>
   </div>
   <div class='ocr_carea' id='block_1_49' title="bbox 620 4812 2199 4884">
    <p class='ocr_par' dir='ltr' id='par_1_49' title="bbox 620 4812 2199 4884">
     <span class='ocr_line' id='line_1_50' title="bbox 620 4812 2199 4884; baseline 0.003 -18"><span class='ocrx_word' id='word_1_372' title='bbox 620 4812 906 4869; x_wconf 65' lang='lat' dir='ltr'><strong>latthmus</strong></span> <span class='ocrx_word' id='word_1_373' title='bbox 958 4823 1349 4869; x_wconf 85' lang='lat' dir='ltr'><strong>commemorat</strong></span> <span class='ocrx_word' id='word_1_374' title='bbox 1393 4814 1461 4880; x_wconf 79' lang='lat'><strong>&quot;,</strong></span> <span class='ocrx_word' id='word_1_375' title='bbox 1511 4815 1655 4869; x_wconf 87' lang='lat' dir='ltr'><strong>scias</strong></span> <span class='ocrx_word' id='word_1_376' title='bbox 1689 4815 1832 4884; x_wconf 89' lang='lat' dir='ltr'><strong>quod</strong></span> <span class='ocrx_word' id='word_1_377' title='bbox 1884 4829 1988 4870; x_wconf 91' lang='lat' dir='ltr'><strong>non</strong></span> <span class='ocrx_word' id='word_1_378' title='bbox 2028 4816 2199 4873; x_wconf 84' lang='lat' dir='ltr'><strong>semel</strong></span> 
     </span>
    </p>
   </div>
   <div class='ocr_carea' id='block_1_50' title="bbox 620 4904 2198 4975">
    <p class='ocr_par' dir='ltr' id='par_1_50' title="bbox 620 4904 2198 4975">
     <span class='ocr_line' id='line_1_51' title="bbox 620 4904 2198 4975; baseline 0.002 -15"><span class='ocrx_word' id='word_1_379' title='bbox 620 4906 724 4960; x_wconf 86' lang='lat' dir='ltr'><strong>hoc</strong></span> <span class='ocrx_word' id='word_1_380' title='bbox 756 4904 1006 4959; x_wconf 86' lang='lat' dir='ltr'><strong>Christus</strong></span> <span class='ocrx_word' id='word_1_381' title='bbox 1041 4904 1255 4968; x_wconf 87' lang='lat' dir='ltr'><strong>fecerit,</strong></span> <span class='ocrx_word' id='word_1_382' title='bbox 1291 4905 1385 4959; x_wconf 88' lang='lat' dir='ltr'><strong>sed</strong></span> <span class='ocrx_word' id='word_1_383' title='bbox 1422 4905 1525 4959; x_wconf 88' lang='lat' dir='ltr'><strong>hoc</strong></span> <span class='ocrx_word' id='word_1_384' title='bbox 1556 4908 1698 4975; x_wconf 90' lang='lat' dir='ltr'><strong>quod</strong></span> <span class='ocrx_word' id='word_1_385' title='bbox 1732 4905 2014 4963; x_wconf 65' lang='lat' dir='ltr'><strong>Mattheus</strong></span> <span class='ocrx_word' id='word_1_386' title='bbox 2040 4915 2198 4963; x_wconf 84' lang='lat' dir='ltr'><strong>com-</strong></span> 
     </span>
    </p>
   </div>
   <div class='ocr_carea' id='block_1_51' title="bbox 620 4991 2201 5067">
    <p class='ocr_par' dir='ltr' id='par_1_51' title="bbox 620 4991 2201 5067">
     <span class='ocr_line' id='line_1_52' title="bbox 620 4991 2201 5067; baseline 0.002 -18"><span class='ocrx_word' id='word_1_387' title='bbox 620 5004 905 5059; x_wconf 82' lang='lat' dir='ltr'><strong>memorat,</strong></span> <span class='ocrx_word' id='word_1_388' title='bbox 937 4991 1067 5047; x_wconf 87' lang='lat' dir='ltr'><strong>fecit</strong></span> <span class='ocrx_word' id='word_1_389' title='bbox 1105 5007 1272 5063; x_wconf 91' lang='lat' dir='ltr'><strong>prope</strong></span> <span class='ocrx_word' id='word_1_390' title='bbox 1306 5002 1515 5064; x_wconf 85' lang='lat' dir='ltr'><strong>tempus</strong></span> <span class='ocrx_word' id='word_1_391' title='bbox 1540 4995 1823 5064; x_wconf 87' lang='lat' dir='ltr'><strong>passionis,</strong></span> <span class='ocrx_word' id='word_1_392' title='bbox 1852 4999 1994 5067; x_wconf 88' lang='lat' dir='ltr'><strong>quod</strong></span> <span class='ocrx_word' id='word_1_393' title='bbox 2017 5008 2201 5053; x_wconf 87' lang='lat' dir='ltr'><strong>autem</strong></span> 
     </span>
    </p>
   </div>
   <div class='ocr_carea' id='block_1_52' title="bbox 616 5082 2201 5157">
    <p class='ocr_par' dir='ltr' id='par_1_52' title="bbox 616 5082 2201 5157">
     <span class='ocr_line' id='line_1_53' title="bbox 616 5082 2201 5157; baseline 0.004 -17"><span class='ocrx_word' id='word_1_394' title='bbox 616 5086 759 5157; x_wconf 85' lang='lat' dir='ltr'><strong>apud</strong></span> <span class='ocrx_word' id='word_1_395' title='bbox 809 5082 1103 5150; x_wconf 70' lang='lat' dir='ltr'><strong>Joannem,</strong></span> <span class='ocrx_word' id='word_1_396' title='bbox 1147 5087 1199 5139; x_wconf 91' lang='lat' dir='ltr'><strong>in</strong></span> <span class='ocrx_word' id='word_1_397' title='bbox 1231 5087 1457 5142; x_wconf 80' lang='lat' dir='ltr'><strong>exordio</strong></span> <span class='ocrx_word' id='word_1_398' title='bbox 1509 5087 1809 5157; x_wconf 85' lang='lat' dir='ltr'><strong>signorum.</strong></span> <span class='ocrx_word' id='word_1_399' title='bbox 1850 5086 2055 5144; x_wconf 87' lang='lat' dir='ltr'><strong>Idcirco</strong></span> <span class='ocrx_word' id='word_1_400' title='bbox 2099 5090 2201 5146; x_wconf 89' lang='lat' dir='ltr'><strong>hoc</strong></span> 
     </span>
    </p>
   </div>
   <div class='ocr_carea' id='block_1_53' title="bbox 616 5178 2200 5246">
    <p class='ocr_par' dir='ltr' id='par_1_53' title="bbox 616 5178 2200 5246">
     <span class='ocr_line' id='line_1_54' title="bbox 616 5178 2200 5246; baseline 0.004 -15"><span class='ocrx_word' id='word_1_401' title='bbox 616 5178 736 5234; x_wconf 82' lang='lat' dir='ltr'><strong>loco</strong></span> <span class='ocrx_word' id='word_1_402' title='bbox 766 5180 946 5233; x_wconf 88' lang='lat' dir='ltr'><strong>minus</strong></span> <span class='ocrx_word' id='word_1_403' title='bbox 979 5194 1168 5246; x_wconf 85' lang='lat' dir='ltr'><strong>aspere</strong></span> <span class='ocrx_word' id='word_1_404' title='bbox 1195 5180 1333 5234; x_wconf 77' lang='lat' dir='ltr'><strong>dixit</strong></span> <span class='ocrx_word' id='word_1_405' title='bbox 1362 5197 1375 5231; x_wconf 91' lang='lat'><strong>:</strong></span> <span class='ocrx_word' id='word_1_406' title='bbox 1407 5197 1426 5231; x_wconf 75' lang='grc' dir='ltr'><strong>ι</strong></span> <span class='ocrx_word' id='word_1_407' title='bbox 1468 5178 1544 5236; x_wconf 82' lang='lat' dir='ltr'><strong>Ne</strong></span> <span class='ocrx_word' id='word_1_408' title='bbox 1576 5180 1812 5236; x_wconf 83' lang='lat' dir='ltr'><strong>feceritis</strong></span> <span class='ocrx_word' id='word_1_409' title='bbox 1845 5183 2063 5237; x_wconf 89' lang='lat' dir='ltr'><strong>domum</strong></span> <span class='ocrx_word' id='word_1_410' title='bbox 2096 5182 2200 5237; x_wconf 85' lang='lat' dir='ltr'><strong>Pa-</strong></span> 
     </span>
    </p>
   </div>
   <div class='ocr_carea' id='block_1_54' title="bbox 618 5269 2196 5346">
    <p class='ocr_par' dir='ltr' id='par_1_54' title="bbox 618 5269 2196 5346">
     <span class='ocr_line' id='line_1_55' title="bbox 618 5269 2196 5346; baseline 0.004 -23"><span class='ocrx_word' id='word_1_411' title='bbox 618 5269 718 5325; x_wconf 88' lang='lat' dir='ltr'><strong>tris</strong></span> <span class='ocrx_word' id='word_1_412' title='bbox 748 5270 875 5335; x_wconf 88' lang='lat' dir='ltr'><strong>mei,</strong></span> <span class='ocrx_word' id='word_1_413' title='bbox 909 5273 1127 5325; x_wconf 89' lang='lat' dir='ltr'><strong>domum</strong></span> <span class='ocrx_word' id='word_1_414' title='bbox 1174 5281 1470 5327; x_wconf 88' lang='lat' dir='ltr'><strong>mercatus.</strong></span> <span class='ocrx_word' id='word_1_415' title='bbox 1513 5292 1532 5324; x_wconf 72' lang='grc' dir='ltr'><strong>ι</strong></span> <span class='ocrx_word' id='word_1_416' title='bbox 1572 5273 1784 5327; x_wconf 90' lang='lat' dir='ltr'><strong>Initium</strong></span> <span class='ocrx_word' id='word_1_417' title='bbox 1817 5275 1960 5329; x_wconf 90' lang='lat' dir='ltr'><strong>enim</strong></span> <span class='ocrx_word' id='word_1_418' title='bbox 2010 5277 2196 5346; x_wconf 78' lang='lat' dir='ltr'><strong>signo-</strong></span> 
     </span>
    </p>
   </div>
   <div class='ocr_carea' id='block_1_55' title="bbox 615 5362 2197 5435">
    <p class='ocr_par' dir='ltr' id='par_1_55' title="bbox 615 5362 2197 5435">
     <span class='ocr_line' id='line_1_56' title="bbox 615 5362 2197 5435; baseline 0.004 -20"><span class='ocrx_word' id='word_1_419' title='bbox 615 5377 736 5416; x_wconf 86' lang='lat' dir='ltr'><strong>rum</strong></span> <span class='ocrx_word' id='word_1_420' title='bbox 766 5362 949 5415; x_wconf 89' lang='lat' dir='ltr'><strong>adhuc</strong></span> <span class='ocrx_word' id='word_1_421' title='bbox 979 5374 1117 5426; x_wconf 89' lang='lat' dir='ltr'><strong>erat,</strong></span> <span class='ocrx_word' id='word_1_422' title='bbox 1148 5373 1203 5416; x_wconf 88' lang='lat' dir='ltr'><strong>et</strong></span> <span class='ocrx_word' id='word_1_423' title='bbox 1235 5363 1472 5417; x_wconf 89' lang='lat' dir='ltr'><strong>nondum</strong></span> <span class='ocrx_word' id='word_1_424' title='bbox 1526 5375 1670 5419; x_wconf 87' lang='lat' dir='ltr'><strong>tanta</strong></span> <span class='ocrx_word' id='word_1_425' title='bbox 1697 5366 1978 5435; x_wconf 87' lang='lat' dir='ltr'><strong>signorum</strong></span> <span class='ocrx_word' id='word_1_426' title='bbox 2014 5379 2197 5423; x_wconf 86' lang='lat' dir='ltr'><strong>osten-</strong></span> 
     </span>
    </p>
   </div>
   <div class='ocr_carea' id='block_1_56' title="bbox 615 5453 2192 5526">
    <p class='ocr_par' dir='ltr' id='par_1_56' title="bbox 615 5453 2192 5526">
     <span class='ocr_line' id='line_1_57' title="bbox 615 5453 2192 5526; baseline 0.003 -18"><span class='ocrx_word' id='word_1_427' title='bbox 615 5468 801 5509; x_wconf 87' lang='lat' dir='ltr'><strong>sorum</strong></span> <span class='ocrx_word' id='word_1_428' title='bbox 829 5465 946 5507; x_wconf 89' lang='lat' dir='ltr'><strong>erat</strong></span> <span class='ocrx_word' id='word_1_429' title='bbox 974 5456 1295 5509; x_wconf 88' lang='lat' dir='ltr'><strong>auctoritas.</strong></span> <span class='ocrx_word' id='word_1_430' title='bbox 1332 5453 1447 5509; x_wconf 86' lang='lat' dir='ltr'><strong>illic</strong></span> <span class='ocrx_word' id='word_1_431' title='bbox 1493 5468 1673 5511; x_wconf 87' lang='lat' dir='ltr'><strong>autem</strong></span> <span class='ocrx_word' id='word_1_432' title='bbox 1707 5460 1847 5526; x_wconf 87' lang='lat' dir='ltr'><strong>apud</strong></span> <span class='ocrx_word' id='word_1_433' title='bbox 1880 5456 2192 5513; x_wconf 78' lang='lat' dir='ltr'><strong>Matthazutn</strong></span> 
     </span>
    </p>
   </div>
   <div class='ocr_carea' id='block_1_57' title="bbox 617 5541 2188 5615">
    <p class='ocr_par' dir='ltr' id='par_1_57' title="bbox 617 5541 2188 5615">
     <span class='ocr_line' id='line_1_58' title="bbox 617 5541 2188 5615; baseline 0.001 -18"><span class='ocrx_word' id='word_1_434' title='bbox 617 5544 770 5608; x_wconf 85' lang='lat' dir='ltr'><strong>dicit,</strong></span> <span class='ocrx_word' id='word_1_435' title='bbox 806 5562 824 5594; x_wconf 82' lang='grc' dir='ltr'><strong>ι</strong></span> <span class='ocrx_word' id='word_1_436' title='bbox 860 5542 978 5599; x_wconf 83' lang='lat' dir='ltr'><strong>Non</strong></span> <span class='ocrx_word' id='word_1_437' title='bbox 1024 5544 1211 5609; x_wconf 80' lang='lat' dir='ltr'><strong>facile,</strong></span> <span class='ocrx_word' id='word_1_438' title='bbox 1249 5545 1441 5613; x_wconf 88' lang='lat' dir='ltr'><strong>inquit,</strong></span> <span class='ocrx_word' id='word_1_439' title='bbox 1477 5546 1786 5615; x_wconf 83' lang='lat' dir='ltr'><strong>speluncam</strong></span> <span class='ocrx_word' id='word_1_440' title='bbox 1820 5541 2118 5602; x_wconf 86' lang='lat' dir='ltr'><strong>latronum.</strong></span> <span class='ocrx_word' id='word_1_441' title='bbox 2168 5567 2188 5599; x_wconf 71' lang='grc' dir='ltr'><strong>ι</strong></span> 
     </span>
    </p>
   </div>
   <div class='ocr_carea' id='block_1_58' title="bbox 615 5630 2195 5707">
    <p class='ocr_par' dir='ltr' id='par_1_58' title="bbox 615 5630 2195 5707">
     <span class='ocr_line' id='line_1_59' title="bbox 615 5630 2195 5707; baseline 0.005 -21"><span class='ocrx_word' id='word_1_442' title='bbox 615 5630 901 5688; x_wconf 73' lang='lat' dir='ltr'><strong>Manifeste</strong></span> <span class='ocrx_word' id='word_1_443' title='bbox 951 5634 1098 5688; x_wconf 88' lang='lat' dir='ltr'><strong>enim</strong></span> <span class='ocrx_word' id='word_1_444' title='bbox 1132 5633 1253 5691; x_wconf 86' lang='lat' dir='ltr'><strong>illos</strong></span> <span class='ocrx_word' id='word_1_445' title='bbox 1300 5634 1539 5690; x_wconf 86' lang='lat' dir='ltr'><strong>latrones</strong></span> <span class='ocrx_word' id='word_1_446' title='bbox 1589 5637 1909 5702; x_wconf 83' lang='lat' dir='ltr'><strong>nominavit,</strong></span> <span class='ocrx_word' id='word_1_447' title='bbox 1946 5638 2091 5707; x_wconf 88' lang='lat' dir='ltr'><strong>quod</strong></span> <span class='ocrx_word' id='word_1_448' title='bbox 2126 5654 2195 5694; x_wconf 77' lang='lat' dir='ltr'><strong>ex</strong></span> 
     </span>
    </p>
   </div>
   <div class='ocr_carea' id='block_1_59' title="bbox 616 5712 2195 5801">
    <p class='ocr_par' dir='ltr' id='par_1_59' title="bbox 616 5712 2195 5801">
     <span class='ocr_line' id='line_1_60' title="bbox 616 5712 2195 5801; baseline 0.006 -24"><span class='ocrx_word' id='word_1_449' title='bbox 616 5722 834 5793; x_wconf 86' lang='lat' dir='ltr'><strong>injustis</strong></span> <span class='ocrx_word' id='word_1_450' title='bbox 864 5724 1040 5781; x_wconf 88' lang='lat' dir='ltr'><strong>modis</strong></span> <span class='ocrx_word' id='word_1_451' title='bbox 1070 5725 1279 5783; x_wconf 89' lang='lat' dir='ltr'><strong>lucrum</strong></span> <span class='ocrx_word' id='word_1_452' title='bbox 1319 5725 1582 5784; x_wconf 86' lang='lat' dir='ltr'><strong>facerent.</strong></span> <span class='ocrx_word' id='word_1_453' title='bbox 1614 5712 1842 5794; x_wconf 82' lang='lat' dir='ltr'><strong>Quando</strong></span> <span class='ocrx_word' id='word_1_454' title='bbox 1886 5732 2029 5783; x_wconf 90' lang='lat' dir='ltr'><strong>enim</strong></span> <span class='ocrx_word' id='word_1_455' title='bbox 2072 5733 2195 5801; x_wconf 89' lang='lat' dir='ltr'><strong>quis</strong></span> 
     </span>
    </p>
   </div>
   <div class='ocr_carea' id='block_1_60' title="bbox 684 5901 2280 5983">
    <p class='ocr_par' dir='ltr' id='par_1_60' title="bbox 684 5901 2280 5983">
     <span class='ocr_line' id='line_1_61' title="bbox 684 5901 2280 5983; baseline 0.009 -27"><span class='ocrx_word' id='word_1_456' title='bbox 684 5901 727 5933; x_wconf 82' lang='grc'><strong>⁸⁷</strong></span> <span class='ocrx_word' id='word_1_457' title='bbox 754 5901 899 5958; x_wconf 85' lang='lat' dir='ltr'><strong>Psal.</strong></span> <span class='ocrx_word' id='word_1_458' title='bbox 932 5921 1087 5973; x_wconf 76' lang='lat' dir='ltr'><strong>svm,</strong></span> <span class='ocrx_word' id='word_1_459' title='bbox 1120 5906 1206 5963; x_wconf 81' lang='lat' dir='ltr'><strong>li).</strong></span> <span class='ocrx_word' id='word_1_460' title='bbox 1282 5911 1326 5945; x_wconf 82' lang='lat'>“</span> <span class='ocrx_word' id='word_1_461' title='bbox 1347 5907 1483 5968; x_wconf 87' lang='lat' dir='ltr'><strong>Luc.</strong></span> <span class='ocrx_word' id='word_1_462' title='bbox 1515 5926 1571 5978; x_wconf 75' lang='grc' dir='ltr'>ι,</span> <span class='ocrx_word' id='word_1_463' title='bbox 1603 5910 1688 5967; x_wconf 76' lang='lat' dir='ltr'><strong>l5.</strong></span> <span class='ocrx_word' id='word_1_464' title='bbox 1767 5912 1811 5947; x_wconf 79' lang='grc'><strong>⁶⁹</strong></span> <span class='ocrx_word' id='word_1_465' title='bbox 1840 5909 2029 5971; x_wconf 76' lang='lat' dir='ltr'><strong>Matth.</strong></span> <span class='ocrx_word' id='word_1_466' title='bbox 2058 5929 2169 5983; x_wconf 76' lang='lat' dir='ltr'><strong>ut,</strong></span> <span class='ocrx_word' id='word_1_467' title='bbox 2200 5916 2280 5973; x_wconf 70' lang='grc'><strong>12.</strong></span> 
     </span>
    </p>
   </div>
   <div class='ocr_carea' id='block_1_61' title="bbox 2316 715 3900 789">
    <p class='ocr_par' dir='ltr' id='par_1_61' title="bbox 2316 715 3900 789">
     <span class='ocr_line' id='line_1_62' title="bbox 2316 715 3900 789; baseline 0 -18"><span class='ocrx_word' id='word_1_468' title='bbox 2316 720 2416 789; x_wconf 75' lang='grc' dir='ltr'>τῆς</span> <span class='ocrx_word' id='word_1_469' title='bbox 2453 716 2769 779; x_wconf 75' lang='grc' dir='ltr'><strong>Γαλιλαίας.</strong></span> <span class='ocrx_word' id='word_1_470' title='bbox 2798 716 3042 785; x_wconf 77' lang='grc' dir='ltr'><strong>Διάφορα</strong></span> <span class='ocrx_word' id='word_1_471' title='bbox 3076 715 3208 787; x_wconf 71' lang='grc' dir='ltr'>γὰρ,</span> <span class='ocrx_word' id='word_1_472' title='bbox 3235 718 3423 788; x_wconf 72' lang='grc' dir='ltr'>φησιν,</span> <span class='ocrx_word' id='word_1_473' title='bbox 3460 716 3724 787; x_wconf 76' lang='grc' dir='ltr'>Θαύματα</span> <span class='ocrx_word' id='word_1_474' title='bbox 3753 718 3900 788; x_wconf 65' lang='grc' dir='ltr'>ποιή-</span> 
     </span>
    </p>
   </div>
   <div class='ocr_carea' id='block_1_62' title="bbox 2319 807 3900 881">
    <p class='ocr_par' dir='ltr' id='par_1_62' title="bbox 2319 807 3900 881">
     <span class='ocr_line' id='line_1_63' title="bbox 2319 807 3900 881; baseline 0 -18"><span class='ocrx_word' id='word_1_475' title='bbox 2319 826 2512 875; x_wconf 88' lang='grc' dir='ltr'>σαντος</span> <span class='ocrx_word' id='word_1_476' title='bbox 2546 812 2605 863; x_wconf 75' lang='grc' dir='ltr'><strong>εν</strong></span> <span class='ocrx_word' id='word_1_477' title='bbox 2652 810 2832 880; x_wconf 73' lang='grc' dir='ltr'>Κανᾷ,</span> <span class='ocrx_word' id='word_1_478' title='bbox 2880 810 3020 881; x_wconf 79' lang='grc' dir='ltr'>αὕτη</span> <span class='ocrx_word' id='word_1_479' title='bbox 3071 808 3221 862; x_wconf 66' lang='grc' dir='ltr'>εστὶν</span> <span class='ocrx_word' id='word_1_480' title='bbox 3260 811 3293 879; x_wconf 70' lang='grc' dir='ltr'><strong>η</strong></span> <span class='ocrx_word' id='word_1_481' title='bbox 3336 808 3502 880; x_wconf 83' lang='grc' dir='ltr'>ἀρχή.</span> <span class='ocrx_word' id='word_1_482' title='bbox 3565 807 3760 864; x_wconf 86' lang='grc' dir='ltr'>Ταῦτα</span> <span class='ocrx_word' id='word_1_483' title='bbox 3809 807 3900 879; x_wconf 64' lang='grc' dir='ltr'><strong>μιν</strong></span> 
     </span>
    </p>
   </div>
   <div class='ocr_carea' id='block_1_63' title="bbox 2317 901 3902 974">
    <p class='ocr_par' dir='ltr' id='par_1_63' title="bbox 2317 901 3902 974">
     <span class='ocr_line' id='line_1_64' title="bbox 2317 901 3902 974; baseline -0.001 -16"><span class='ocrx_word' id='word_1_484' title='bbox 2317 905 2460 958; x_wconf 73' lang='grc' dir='ltr'>εἴποι</span> <span class='ocrx_word' id='word_1_485' title='bbox 2489 921 2572 969; x_wconf 82' lang='grc' dir='ltr'><strong>τις</strong></span> <span class='ocrx_word' id='word_1_486' title='bbox 2602 904 2668 959; x_wconf 79' lang='grc' dir='ltr'><strong>ἀν</strong></span> <span class='ocrx_word' id='word_1_487' title='bbox 2688 918 2703 935; x_wconf 84' lang='lat'>&#39;</span> <span class='ocrx_word' id='word_1_488' title='bbox 2736 904 2898 974; x_wconf 75' lang='grc' dir='ltr'>ἡμεῖς</span> <span class='ocrx_word' id='word_1_489' title='bbox 2916 902 2994 971; x_wconf 64' lang='grc' dir='ltr'><strong>δὲ,</strong></span> <span class='ocrx_word' id='word_1_490' title='bbox 3024 902 3203 957; x_wconf 82' lang='grc' dir='ltr'>καίτοι</span> <span class='ocrx_word' id='word_1_491' title='bbox 3228 902 3400 958; x_wconf 81' lang='grc' dir='ltr'>πολλά</span> <span class='ocrx_word' id='word_1_492' title='bbox 3424 903 3647 974; x_wconf 68' lang='grc' dir='ltr'>ἔχοντες</span> <span class='ocrx_word' id='word_1_493' title='bbox 3681 902 3819 974; x_wconf 69' lang='grc' dir='ltr'>πρὸς</span> <span class='ocrx_word' id='word_1_494' title='bbox 3846 901 3902 957; x_wconf 60' lang='grc' dir='ltr'>τὶ</span> 
     </span>
    </p>
   </div>
   <div class='ocr_carea' id='block_1_64' title="bbox 2316 996 3899 1069">
    <p class='ocr_par' dir='ltr' id='par_1_64' title="bbox 2316 996 3899 1069">
     <span class='ocr_line' id='line_1_65' title="bbox 2316 996 3899 1069; baseline -0.001 -16"><span class='ocrx_word' id='word_1_495' title='bbox 2316 998 2509 1065; x_wconf 78' lang='grc' dir='ltr'>δεῖξαι,</span> <span class='ocrx_word' id='word_1_496' title='bbox 2556 1001 2641 1053; x_wconf 86' lang='grc' dir='ltr'>ὅτι</span> <span class='ocrx_word' id='word_1_497' title='bbox 2690 1001 2784 1053; x_wconf 81' lang='grc' dir='ltr'><strong>καὶ</strong></span> <span class='ocrx_word' id='word_1_498' title='bbox 2835 997 3058 1053; x_wconf 82' lang='grc' dir='ltr'>πάντων</span> <span class='ocrx_word' id='word_1_499' title='bbox 3109 998 3221 1051; x_wconf 82' lang='grc' dir='ltr'><strong>τῶν</strong></span> <span class='ocrx_word' id='word_1_500' title='bbox 3277 998 3525 1069; x_wconf 87' lang='grc' dir='ltr'>σημείων</span> <span class='ocrx_word' id='word_1_501' title='bbox 3576 996 3734 1051; x_wconf 70' lang='grc' dir='ltr'>εστὶν</span> <span class='ocrx_word' id='word_1_502' title='bbox 3766 997 3899 1069; x_wconf 73' lang='grc' dir='ltr'>ἀρχὴ</span> 
     </span>
    </p>
   </div>
   <div class='ocr_carea' id='block_1_65' title="bbox 2318 1090 3902 1164">
    <p class='ocr_par' dir='ltr' id='par_1_65' title="bbox 2318 1090 3902 1164">
     <span class='ocr_line' id='line_1_66' title="bbox 2318 1090 3902 1164; baseline 0 -19"><span class='ocrx_word' id='word_1_503' title='bbox 2318 1094 2435 1162; x_wconf 78' lang='grc' dir='ltr'><strong>(καὶ</strong></span> <span class='ocrx_word' id='word_1_504' title='bbox 2466 1093 2574 1163; x_wconf 77' lang='grc' dir='ltr'><strong>γάρ</strong></span> <span class='ocrx_word' id='word_1_505' title='bbox 2594 1093 2675 1158; x_wconf 84' lang='grc' dir='ltr'><strong>τὸ,</strong></span> <span class='ocrx_word' id='word_1_506' title='bbox 2719 1110 2738 1144; x_wconf 78' lang='grc' dir='ltr'><strong>ε</strong></span> <span class='ocrx_word' id='word_1_507' title='bbox 2788 1091 3135 1164; x_wconf 68' lang='grc' dir='ltr'>Ἐφανέρὼσε</span> <span class='ocrx_word' id='word_1_508' title='bbox 3203 1090 3303 1163; x_wconf 65' lang='grc' dir='ltr'>τὴν</span> <span class='ocrx_word' id='word_1_509' title='bbox 3379 1091 3540 1158; x_wconf 76' lang='grc' dir='ltr'>δόξαν</span> <span class='ocrx_word' id='word_1_510' title='bbox 3585 1090 3782 1156; x_wconf 77' lang='grc' dir='ltr'>αὑτοῦ,</span> <span class='ocrx_word' id='word_1_511' title='bbox 3816 1091 3902 1145; x_wconf 66' lang='grc' dir='ltr'><strong>καὶ</strong></span> 
     </span>
    </p>
   </div>
   <div class='ocr_carea' id='block_1_66' title="bbox 2316 1180 3895 1255">
    <p class='ocr_par' dir='ltr' id='par_1_66' title="bbox 2316 1180 3895 1255">
     <span class='ocr_line' id='line_1_67' title="bbox 2316 1180 3895 1255; baseline -0.002 -19"><span class='ocrx_word' id='word_1_512' title='bbox 2316 1185 2379 1237; x_wconf 79' lang='grc' dir='ltr'>τὸ</span> <span class='ocrx_word' id='word_1_513' title='bbox 2420 1201 2439 1236; x_wconf 77' lang='grc' dir='ltr'><strong>ε</strong></span> <span class='ocrx_word' id='word_1_514' title='bbox 2479 1184 2839 1238; x_wconf 79' lang='grc' dir='ltr'>Ἐπίστευσαν</span> <span class='ocrx_word' id='word_1_515' title='bbox 2891 1186 2973 1247; x_wconf 86' lang='grc' dir='ltr'><strong>είς</strong></span> <span class='ocrx_word' id='word_1_516' title='bbox 3027 1184 3193 1237; x_wconf 78' lang='grc' dir='ltr'>αὑτὸν</span> <span class='ocrx_word' id='word_1_517' title='bbox 3250 1185 3299 1238; x_wconf 83' lang='lat' dir='ltr'><strong>oi</strong></span> <span class='ocrx_word' id='word_1_518' title='bbox 3353 1182 3597 1255; x_wconf 71' lang='grc' dir='ltr'>μαθηταὶ</span> <span class='ocrx_word' id='word_1_519' title='bbox 3648 1180 3840 1249; x_wconf 76' lang='grc' dir='ltr'>αὑτοῦ,</span> <span class='ocrx_word' id='word_1_520' title='bbox 3878 1200 3895 1233; x_wconf 78' lang='grc' dir='ltr'><strong>ι</strong></span> 
     </span>
    </p>
   </div>
   <div class='ocr_carea' id='block_1_67' title="bbox 2318 1273 3906 1347">
    <p class='ocr_par' dir='ltr' id='par_1_67' title="bbox 2318 1273 3906 1347">
     <span class='ocr_line' id='line_1_68' title="bbox 2318 1273 3906 1347; baseline -0.001 -18"><span class='ocrx_word' id='word_1_521' title='bbox 2318 1275 2718 1340; x_wconf 69' lang='grc' dir='ltr'>ινδείιινυνται,</span> <span class='ocrx_word' id='word_1_522' title='bbox 2788 1278 2872 1330; x_wconf 77' lang='grc' dir='ltr'>ὅτι</span> <span class='ocrx_word' id='word_1_523' title='bbox 2920 1277 3109 1347; x_wconf 83' lang='grc' dir='ltr'>ῑτερον</span> <span class='ocrx_word' id='word_1_524' title='bbox 3168 1276 3276 1343; x_wconf 75' lang='grc' dir='ltr'><strong>πρὸ</strong></span> <span class='ocrx_word' id='word_1_525' title='bbox 3321 1274 3516 1329; x_wconf 78' lang='grc' dir='ltr'>τούτου</span> <span class='ocrx_word' id='word_1_526' title='bbox 3575 1274 3770 1344; x_wconf 78' lang='grc' dir='ltr'>θαῦμα</span> <span class='ocrx_word' id='word_1_527' title='bbox 3807 1273 3906 1328; x_wconf 72' lang='grc' dir='ltr'><strong>οὐκ</strong></span> 
     </span>
    </p>
   </div>
   <div class='ocr_carea' id='block_1_68' title="bbox 2318 1361 3905 1437">
    <p class='ocr_par' dir='ltr' id='par_1_68' title="bbox 2318 1361 3905 1437">
     <span class='ocr_line' id='line_1_69' title="bbox 2318 1361 3905 1437; baseline -0.003 -18"><span class='ocrx_word' id='word_1_528' title='bbox 2318 1367 2571 1436; x_wconf 66' lang='grc' dir='ltr'>εποίησεν</span> <span class='ocrx_word' id='word_1_529' title='bbox 2598 1382 2612 1398; x_wconf 83' lang='grc'><em>’</em></span> <span class='ocrx_word' id='word_1_530' title='bbox 2659 1365 2755 1421; x_wconf 78' lang='grc' dir='ltr'>ἀπ’</span> <span class='ocrx_word' id='word_1_531' title='bbox 2797 1366 3010 1420; x_wconf 73' lang='grc' dir='ltr'>ἐκείνου</span> <span class='ocrx_word' id='word_1_532' title='bbox 3064 1366 3175 1437; x_wconf 82' lang='grc' dir='ltr'><strong>γάρ</strong></span> <span class='ocrx_word' id='word_1_533' title='bbox 3228 1367 3545 1437; x_wconf 72' lang='grc' dir='ltr'>ὶφανέρωσε</span> <span class='ocrx_word' id='word_1_534' title='bbox 3599 1364 3704 1436; x_wconf 69' lang='grc' dir='ltr'>τὴν</span> <span class='ocrx_word' id='word_1_535' title='bbox 3751 1361 3905 1431; x_wconf 76' lang='grc' dir='ltr'>δόξαν</span> 
     </span>
    </p>
   </div>
   <div class='ocr_carea' id='block_1_69' title="bbox 2318 1456 3904 1529">
    <p class='ocr_par' dir='ltr' id='par_1_69' title="bbox 2318 1456 3904 1529">
     <span class='ocr_line' id='line_1_70' title="bbox 2318 1456 3904 1529; baseline -0.001 -17"><span class='ocrx_word' id='word_1_536' title='bbox 2318 1458 2529 1529; x_wconf 78' lang='grc' dir='ltr'>αὐτοῦ),</span> <span class='ocrx_word' id='word_1_537' title='bbox 2566 1459 2713 1529; x_wconf 79' lang='grc' dir='ltr'>ὅμως</span> <span class='ocrx_word' id='word_1_538' title='bbox 2737 1458 2799 1511; x_wconf 82' lang='grc' dir='ltr'>οὐ</span> <span class='ocrx_word' id='word_1_539' title='bbox 2825 1457 3223 1529; x_wconf 76' lang='grc' dir='ltr'>διαφερόμεθα,</span> <span class='ocrx_word' id='word_1_540' title='bbox 3266 1459 3376 1511; x_wconf 86' lang='grc' dir='ltr'>εῐτε</span> <span class='ocrx_word' id='word_1_541' title='bbox 3413 1457 3577 1511; x_wconf 84' lang='grc' dir='ltr'>τοῦτο</span> <span class='ocrx_word' id='word_1_542' title='bbox 3613 1456 3904 1528; x_wconf 68' lang='grc' dir='ltr'>πρότερον,</span> 
     </span>
    </p>
   </div>
   <div class='ocr_carea' id='block_1_70' title="bbox 2320 1547 3908 1619">
    <p class='ocr_par' dir='ltr' id='par_1_70' title="bbox 2320 1547 3908 1619">
     <span class='ocr_line' id='line_1_71' title="bbox 2320 1547 3908 1619; baseline -0.001 -18"><span class='ocrx_word' id='word_1_543' title='bbox 2320 1550 2427 1602; x_wconf 81' lang='grc' dir='ltr'>εῐτε</span> <span class='ocrx_word' id='word_1_544' title='bbox 2451 1550 2637 1618; x_wconf 68' lang='grc' dir='ltr'>ἓτερον</span> <span class='ocrx_word' id='word_1_545' title='bbox 2666 1548 2879 1617; x_wconf 77' lang='grc' dir='ltr'>γέγονε.</span> <span class='ocrx_word' id='word_1_546' title='bbox 2914 1547 3041 1612; x_wconf 86' lang='grc' dir='ltr'>Πῶς</span> <span class='ocrx_word' id='word_1_547' title='bbox 3064 1547 3120 1601; x_wconf 63' lang='grc' dir='ltr'><strong>δὲ</strong></span> <span class='ocrx_word' id='word_1_548' title='bbox 3147 1548 3256 1619; x_wconf 80' lang='grc' dir='ltr'><strong>ἀρα</strong></span> <span class='ocrx_word' id='word_1_549' title='bbox 3286 1550 3604 1619; x_wconf 73' lang='grc' dir='ltr'>ἑφανέρωσε</span> <span class='ocrx_word' id='word_1_550' title='bbox 3627 1548 3734 1619; x_wconf 79' lang='grc' dir='ltr'>τὴν</span> <span class='ocrx_word' id='word_1_551' title='bbox 3752 1547 3908 1615; x_wconf 71' lang='grc' dir='ltr'>δόξαν</span> 
     </span>
    </p>
   </div>
   <div class='ocr_carea' id='block_1_71' title="bbox 2319 1640 3906 1712">
    <p class='ocr_par' dir='ltr' id='par_1_71' title="bbox 2319 1640 3906 1712">
     <span class='ocr_line' id='line_1_72' title="bbox 2319 1640 3906 1712; baseline -0.001 -18"><span class='ocrx_word' id='word_1_552' title='bbox 2319 1640 2525 1709; x_wconf 75' lang='grc' dir='ltr'>αὐτοῦς</span> <span class='ocrx_word' id='word_1_553' title='bbox 2560 1640 2695 1694; x_wconf 67' lang='grc' dir='ltr'><strong>Οὐδὲ</strong></span> <span class='ocrx_word' id='word_1_554' title='bbox 2741 1641 2849 1709; x_wconf 82' lang='grc' dir='ltr'><strong>γὰρ</strong></span> <span class='ocrx_word' id='word_1_555' title='bbox 2904 1640 3092 1695; x_wconf 71' lang='grc' dir='ltr'>πολλοὶ</span> <span class='ocrx_word' id='word_1_556' title='bbox 3146 1642 3435 1712; x_wconf 77' lang='grc' dir='ltr'><strong>προσεῖχον</strong></span> <span class='ocrx_word' id='word_1_557' title='bbox 3474 1640 3554 1711; x_wconf 81' lang='grc' dir='ltr'>τῷ</span> <span class='ocrx_word' id='word_1_558' title='bbox 3604 1641 3906 1712; x_wconf 67' lang='grc' dir='ltr'>γενομένῳ,</span> 
     </span>
    </p>
   </div>
   <div class='ocr_carea' id='block_1_72' title="bbox 2317 1731 3906 1806">
    <p class='ocr_par' dir='ltr' id='par_1_72' title="bbox 2317 1731 3906 1806">
     <span class='ocr_line' id='line_1_73' title="bbox 2317 1731 3906 1806; baseline 0.001 -19"><span class='ocrx_word' id='word_1_559' title='bbox 2317 1732 2440 1787; x_wconf 63' lang='grc' dir='ltr'><strong>οὐδὲ</strong></span> <span class='ocrx_word' id='word_1_560' title='bbox 2486 1731 2719 1786; x_wconf 76' lang='grc' dir='ltr'>ἐνώπιον</span> <span class='ocrx_word' id='word_1_561' title='bbox 2746 1732 2920 1801; x_wconf 81' lang='grc' dir='ltr'>δήμου</span> <span class='ocrx_word' id='word_1_562' title='bbox 2967 1736 3212 1803; x_wconf 83' lang='grc' dir='ltr'>γέγονεν.</span> <span class='ocrx_word' id='word_1_563' title='bbox 3258 1733 3399 1788; x_wconf 76' lang='grc' dir='ltr'>Ἀλλ’</span> <span class='ocrx_word' id='word_1_564' title='bbox 3428 1735 3478 1787; x_wconf 86' lang='grc' dir='ltr'><strong>εί</strong></span> <span class='ocrx_word' id='word_1_565' title='bbox 3512 1732 3612 1788; x_wconf 78' lang='grc' dir='ltr'><strong>καὶ</strong></span> <span class='ocrx_word' id='word_1_566' title='bbox 3656 1734 3737 1806; x_wconf 75' lang='grc' dir='ltr'>μὴ</span> <span class='ocrx_word' id='word_1_567' title='bbox 3764 1734 3906 1795; x_wconf 80' lang='grc' dir='ltr'>τότε.</span> 
     </span>
    </p>
   </div>
   <div class='ocr_carea' id='block_1_73' title="bbox 2318 1824 3905 1899">
    <p class='ocr_par' dir='ltr' id='par_1_73' title="bbox 2318 1824 3905 1899">
     <span class='ocr_line' id='line_1_74' title="bbox 2318 1824 3905 1899; baseline 0 -18"><span class='ocrx_word' id='word_1_568' title='bbox 2318 1826 2434 1881; x_wconf 68' lang='grc' dir='ltr'>ἀὶλ⁹</span> <span class='ocrx_word' id='word_1_569' title='bbox 2470 1826 2698 1899; x_wconf 79' lang='grc' dir='ltr'>ὓστερον</span> <span class='ocrx_word' id='word_1_570' title='bbox 2726 1828 2950 1899; x_wconf 77' lang='grc' dir='ltr'>ἔμελλον</span> <span class='ocrx_word' id='word_1_571' title='bbox 2984 1829 3044 1881; x_wconf 75' lang='grc' dir='ltr'>τὸ</span> <span class='ocrx_word' id='word_1_572' title='bbox 3072 1826 3259 1895; x_wconf 84' lang='grc' dir='ltr'>θαῦμα</span> <span class='ocrx_word' id='word_1_573' title='bbox 3284 1824 3625 1881; x_wconf 79' lang='grc' dir='ltr'>ἀκούσεσθαι</span> <span class='ocrx_word' id='word_1_574' title='bbox 3666 1827 3873 1890; x_wconf 68' lang='grc' dir='ltr'>πάντες</span> <span class='ocrx_word' id='word_1_575' title='bbox 3894 1842 3905 1856; x_wconf 94' lang='grc'><strong>·</strong></span> 
     </span>
    </p>
   </div>
   <div class='ocr_carea' id='block_1_74' title="bbox 2319 1919 3907 1991">
    <p class='ocr_par' dir='ltr' id='par_1_74' title="bbox 2319 1919 3907 1991">
     <span class='ocr_line' id='line_1_75' title="bbox 2319 1919 3907 1991; baseline 0.003 -19"><span class='ocrx_word' id='word_1_576' title='bbox 2319 1920 2444 1973; x_wconf 76' lang='grc' dir='ltr'>ὅθεν</span> <span class='ocrx_word' id='word_1_577' title='bbox 2490 1921 2584 1974; x_wconf 75' lang='grc' dir='ltr'><strong>καὶ</strong></span> <span class='ocrx_word' id='word_1_578' title='bbox 2626 1921 2791 1991; x_wconf 82' lang='grc' dir='ltr'>μέχρι</span> <span class='ocrx_word' id='word_1_579' title='bbox 2821 1921 2915 1975; x_wconf 88' lang='grc' dir='ltr'><strong>τοῦ</strong></span> <span class='ocrx_word' id='word_1_580' title='bbox 2949 1920 3045 1975; x_wconf 84' lang='grc' dir='ltr'><strong>νῦν</strong></span> <span class='ocrx_word' id='word_1_581' title='bbox 3097 1919 3307 1990; x_wconf 73' lang='grc' dir='ltr'>ᾅδεται,</span> <span class='ocrx_word' id='word_1_582' title='bbox 3347 1920 3441 1972; x_wconf 79' lang='grc' dir='ltr'><strong>καὶ</strong></span> <span class='ocrx_word' id='word_1_583' title='bbox 3471 1921 3532 1972; x_wconf 87' lang='grc' dir='ltr'>οὑ</span> <span class='ocrx_word' id='word_1_584' title='bbox 3565 1920 3810 1976; x_wconf 77' lang='grc' dir='ltr'>διέλαθε.</span> <span class='ocrx_word' id='word_1_585' title='bbox 3839 1921 3907 1975; x_wconf 80' lang='grc' dir='ltr'><strong>Τδ</strong></span> 
     </span>
    </p>
   </div>
   <div class='ocr_carea' id='block_1_75' title="bbox 2250 1989 3910 2081">
    <p class='ocr_par' dir='ltr' id='par_1_75' title="bbox 2250 1989 3910 2081">
     <span class='ocr_line' id='line_1_76' title="bbox 2250 1989 3910 2081; baseline 0 -18"><span class='ocrx_word' id='word_1_586' title='bbox 2250 1989 2291 2044; x_wconf 73' lang='grc' dir='ltr'><strong>Β</strong></span> <span class='ocrx_word' id='word_1_587' title='bbox 2320 2010 2398 2076; x_wconf 68' lang='grc' dir='ltr'>δι,</span> <span class='ocrx_word' id='word_1_588' title='bbox 2430 2029 2448 2063; x_wconf 75' lang='grc' dir='ltr'><strong>ι</strong></span> <span class='ocrx_word' id='word_1_589' title='bbox 2483 2012 2545 2063; x_wconf 85' lang='lat' dir='ltr'><strong>0i</strong></span> <span class='ocrx_word' id='word_1_590' title='bbox 2580 1989 2817 2081; x_wconf 75' lang='grc' dir='ltr'>μαθηταὶ</span> <span class='ocrx_word' id='word_1_591' title='bbox 2848 2010 3016 2066; x_wconf 81' lang='grc' dir='ltr'>αὐτοῦ</span> <span class='ocrx_word' id='word_1_592' title='bbox 3038 1989 3368 2065; x_wconf 68' lang='grc' dir='ltr'>ιπίστευσαν</span> <span class='ocrx_word' id='word_1_593' title='bbox 3396 2011 3477 2073; x_wconf 86' lang='grc' dir='ltr'><strong>είς</strong></span> <span class='ocrx_word' id='word_1_594' title='bbox 3497 2010 3687 2075; x_wconf 79' lang='grc' dir='ltr'>αὑτὸν,</span> <span class='ocrx_word' id='word_1_595' title='bbox 3718 2029 3739 2062; x_wconf 76' lang='lat' dir='ltr'><strong>a</strong></span> <span class='ocrx_word' id='word_1_596' title='bbox 3768 2009 3910 2063; x_wconf 71' lang='grc' dir='ltr'>οὕτω</span> 
     </span>
    </p>
   </div>
   <div class='ocr_carea' id='block_1_76' title="bbox 2322 2101 3913 2174">
    <p class='ocr_par' dir='ltr' id='par_1_76' title="bbox 2322 2101 3913 2174">
     <span class='ocr_line' id='line_1_77' title="bbox 2322 2101 3913 2174; baseline 0.001 -20"><span class='ocrx_word' id='word_1_597' title='bbox 2322 2102 2536 2167; x_wconf 80' lang='grc' dir='ltr'><strong>νόησον,</strong></span> <span class='ocrx_word' id='word_1_598' title='bbox 2563 2101 2684 2156; x_wconf 76' lang='grc' dir='ltr'>ἀντὶ</span> <span class='ocrx_word' id='word_1_599' title='bbox 2709 2102 2827 2169; x_wconf 88' lang='grc' dir='ltr'>τοῦ,</span> <span class='ocrx_word' id='word_1_600' title='bbox 2865 2103 3051 2156; x_wconf 83' lang='grc' dir='ltr'>πίστιν</span> <span class='ocrx_word' id='word_1_601' title='bbox 3076 2103 3474 2174; x_wconf 76' lang='grc' dir='ltr'><strong>περισσοτέραν</strong></span> <span class='ocrx_word' id='word_1_602' title='bbox 3508 2102 3605 2156; x_wconf 71' lang='grc' dir='ltr'>καὶ</span> <span class='ocrx_word' id='word_1_603' title='bbox 3633 2101 3913 2174; x_wconf 67' lang='grc' dir='ltr'>βεϐαιοτέ-</span> 
     </span>
    </p>
   </div>
   <div class='ocr_carea' id='block_1_77' title="bbox 2324 2194 3910 2267">
    <p class='ocr_par' dir='ltr' id='par_1_77' title="bbox 2324 2194 3910 2267">
     <span class='ocr_line' id='line_1_78' title="bbox 2324 2194 3910 2267; baseline 0 -19"><span class='ocrx_word' id='word_1_604' title='bbox 2324 2210 2422 2264; x_wconf 86' lang='grc' dir='ltr'>ραν</span> <span class='ocrx_word' id='word_1_605' title='bbox 2453 2194 2645 2249; x_wconf 71' lang='grc' dir='ltr'>ἱλαϐον</span> <span class='ocrx_word' id='word_1_606' title='bbox 2684 2198 2763 2259; x_wconf 84' lang='grc' dir='ltr'><strong>είς</strong></span> <span class='ocrx_word' id='word_1_607' title='bbox 2810 2196 3007 2250; x_wconf 76' lang='grc' dir='ltr'>αὐτόν·</span> <span class='ocrx_word' id='word_1_608' title='bbox 3052 2198 3177 2250; x_wconf 71' lang='grc' dir='ltr'>επεὶ</span> <span class='ocrx_word' id='word_1_609' title='bbox 3223 2198 3319 2251; x_wconf 68' lang='grc' dir='ltr'>καὶ</span> <span class='ocrx_word' id='word_1_610' title='bbox 3372 2196 3643 2267; x_wconf 83' lang='grc' dir='ltr'>πρότερον</span> <span class='ocrx_word' id='word_1_611' title='bbox 3696 2195 3910 2256; x_wconf 69' lang='lat' dir='ltr'><strong>suam;</strong></span> 
     </span>
    </p>
   </div>
   <div class='ocr_carea' id='block_1_78' title="bbox 2319 2290 3369 2364">
    <p class='ocr_par' dir='ltr' id='par_1_78' title="bbox 2319 2290 3369 2364">
     <span class='ocr_line' id='line_1_79' title="bbox 2319 2290 3369 2364; baseline 0.008 -23"><span class='ocrx_word' id='word_1_612' title='bbox 2319 2290 2629 2357; x_wconf 73' lang='grc' dir='ltr'>ἐπίστευον,</span> <span class='ocrx_word' id='word_1_613' title='bbox 2662 2291 2779 2345; x_wconf 83' lang='grc' dir='ltr'>ἀλλ’</span> <span class='ocrx_word' id='word_1_614' title='bbox 2806 2291 2906 2363; x_wconf 82' lang='grc' dir='ltr'>οὐχ</span> <span class='ocrx_word' id='word_1_615' title='bbox 2938 2292 3081 2347; x_wconf 78' lang='grc' dir='ltr'>οὕτω</span> <span class='ocrx_word' id='word_1_616' title='bbox 3110 2292 3369 2364; x_wconf 80' lang='grc' dir='ltr'>βεϐαίως.</span> 
     </span>
    </p>
   </div>
   <div class='ocr_carea' id='block_1_79' title="bbox 2397 2382 3911 2455">
    <p class='ocr_par' dir='ltr' id='par_1_79' title="bbox 2397 2382 3911 2455">
     <span class='ocr_line' id='line_1_80' title="bbox 2397 2382 3911 2455; baseline 0.001 -22"><span class='ocrx_word' id='word_1_617' title='bbox 2397 2401 2415 2433; x_wconf 77' lang='grc' dir='ltr'><strong>ι</strong></span> <span class='ocrx_word' id='word_1_618' title='bbox 2458 2382 2614 2435; x_wconf 82' lang='grc' dir='ltr'><strong>Μετά</strong></span> <span class='ocrx_word' id='word_1_619' title='bbox 2637 2382 2801 2437; x_wconf 83' lang='grc' dir='ltr'>τοῦτο</span> <span class='ocrx_word' id='word_1_620' title='bbox 2824 2383 3034 2455; x_wconf 82' lang='grc' dir='ltr'>κατέϐη</span> <span class='ocrx_word' id='word_1_621' title='bbox 3066 2386 3146 2449; x_wconf 88' lang='grc' dir='ltr'><strong>είς</strong></span> <span class='ocrx_word' id='word_1_622' title='bbox 3180 2384 3559 2455; x_wconf 74' lang='grc' dir='ltr'>Καπερναοὺμ</span> <span class='ocrx_word' id='word_1_623' title='bbox 3588 2382 3778 2451; x_wconf 74' lang='grc' dir='ltr'>αὐτὸς,</span> <span class='ocrx_word' id='word_1_624' title='bbox 3819 2383 3911 2437; x_wconf 74' lang='grc' dir='ltr'><strong>καὶ</strong></span> 
     </span>
    </p>
   </div>
   <div class='ocr_carea' id='block_1_80' title="bbox 2318 2474 3913 2549">
    <p class='ocr_par' dir='ltr' id='par_1_80' title="bbox 2318 2474 3913 2549">
     <span class='ocr_line' id='line_1_81' title="bbox 2318 2474 3913 2549; baseline 0.002 -23"><span class='ocrx_word' id='word_1_625' title='bbox 2318 2476 2351 2545; x_wconf 79' lang='grc' dir='ltr'>ὴ</span> <span class='ocrx_word' id='word_1_626' title='bbox 2392 2475 2577 2545; x_wconf 81' lang='grc' dir='ltr'><strong>μήτηρ</strong></span> <span class='ocrx_word' id='word_1_627' title='bbox 2609 2476 2801 2539; x_wconf 84' lang='grc' dir='ltr'>αὑτοῦ,</span> <span class='ocrx_word' id='word_1_628' title='bbox 2834 2477 2931 2530; x_wconf 80' lang='grc' dir='ltr'><strong>καὶ</strong></span> <span class='ocrx_word' id='word_1_629' title='bbox 2967 2477 3018 2529; x_wconf 83' lang='lat' dir='ltr'><strong>oi</strong></span> <span class='ocrx_word' id='word_1_630' title='bbox 3041 2474 3264 2546; x_wconf 76' lang='grc' dir='ltr'>ἀδελφοὶ</span> <span class='ocrx_word' id='word_1_631' title='bbox 3297 2476 3487 2541; x_wconf 81' lang='grc' dir='ltr'>αὐτοῦ,</span> <span class='ocrx_word' id='word_1_632' title='bbox 3525 2478 3622 2531; x_wconf 76' lang='grc' dir='ltr'><strong>καὶ</strong></span> <span class='ocrx_word' id='word_1_633' title='bbox 3647 2478 3701 2530; x_wconf 85' lang='grc' dir='ltr'><strong>οί</strong></span> <span class='ocrx_word' id='word_1_634' title='bbox 3733 2475 3913 2549; x_wconf 75' lang='grc' dir='ltr'>μαθη-</span> 
     </span>
    </p>
   </div>
   <div class='ocr_carea' id='block_1_81' title="bbox 2318 2567 3911 2641">
    <p class='ocr_par' dir='ltr' id='par_1_81' title="bbox 2318 2567 3911 2641">
     <span class='ocr_line' id='line_1_82' title="bbox 2318 2567 3911 2641; baseline 0.002 -23"><span class='ocrx_word' id='word_1_635' title='bbox 2318 2568 2407 2619; x_wconf 80' lang='grc' dir='ltr'>ταὶ</span> <span class='ocrx_word' id='word_1_636' title='bbox 2437 2567 2601 2619; x_wconf 84' lang='grc' dir='ltr'>αὐτοῦ</span> <span class='ocrx_word' id='word_1_637' title='bbox 2626 2584 2639 2595; x_wconf 80' lang='grc'><strong>”</strong></span> <span class='ocrx_word' id='word_1_638' title='bbox 2677 2570 2772 2621; x_wconf 78' lang='grc' dir='ltr'><strong>καὶ</strong></span> <span class='ocrx_word' id='word_1_639' title='bbox 2797 2571 2914 2622; x_wconf 74' lang='grc' dir='ltr'>ἐκεῖ</span> <span class='ocrx_word' id='word_1_640' title='bbox 2947 2568 3170 2639; x_wconf 74' lang='grc' dir='ltr'>ἔμειναν</span> <span class='ocrx_word' id='word_1_641' title='bbox 3201 2571 3262 2623; x_wconf 81' lang='grc' dir='ltr'>οὐ</span> <span class='ocrx_word' id='word_1_642' title='bbox 3294 2570 3495 2633; x_wconf 81' lang='grc' dir='ltr'>πολλὰς</span> <span class='ocrx_word' id='word_1_643' title='bbox 3520 2571 3763 2641; x_wconf 74' lang='grc' dir='ltr'>ἡμέρας.</span> <span class='ocrx_word' id='word_1_644' title='bbox 3807 2572 3911 2624; x_wconf 74' lang='grc' dir='ltr'><strong>Καὶ</strong></span> 
     </span>
    </p>
   </div>
   <div class='ocr_carea' id='block_1_82' title="bbox 2318 2654 3913 2733">
    <p class='ocr_par' dir='ltr' id='par_1_82' title="bbox 2318 2654 3913 2733">
     <span class='ocr_line' id='line_1_83' title="bbox 2318 2654 3913 2733; baseline 0.003 -24"><span class='ocrx_word' id='word_1_645' title='bbox 2318 2662 2486 2727; x_wconf 75' lang='grc' dir='ltr'><strong>ἐγγὺς</strong></span> <span class='ocrx_word' id='word_1_646' title='bbox 2512 2654 2581 2730; x_wconf 80' lang='grc' dir='ltr'>ἦν</span> <span class='ocrx_word' id='word_1_647' title='bbox 2627 2660 2689 2713; x_wconf 83' lang='grc' dir='ltr'>τὸ</span> <span class='ocrx_word' id='word_1_648' title='bbox 2721 2661 2914 2731; x_wconf 85' lang='grc' dir='ltr'>Πάσχα</span> <span class='ocrx_word' id='word_1_649' title='bbox 2962 2661 3072 2717; x_wconf 82' lang='grc' dir='ltr'><strong>τῶν</strong></span> <span class='ocrx_word' id='word_1_650' title='bbox 3123 2662 3415 2728; x_wconf 80' lang='grc' dir='ltr'>Ἰουδαίων,</span> <span class='ocrx_word' id='word_1_651' title='bbox 3468 2664 3562 2716; x_wconf 79' lang='grc' dir='ltr'><strong>καὶ</strong></span> <span class='ocrx_word' id='word_1_652' title='bbox 3613 2662 3794 2733; x_wconf 73' lang='grc' dir='ltr'>ἀνέϐη</span> <span class='ocrx_word' id='word_1_653' title='bbox 3835 2664 3913 2723; x_wconf 77' lang='grc' dir='ltr'><strong>είς</strong></span> 
     </span>
    </p>
   </div>
   <div class='ocr_carea' id='block_1_83' title="bbox 2328 2749 3911 2828">
    <p class='ocr_par' dir='ltr' id='par_1_83' title="bbox 2328 2749 3911 2828">
     <span class='ocr_line' id='line_1_84' title="bbox 2328 2749 3911 2828; baseline 0.002 -23"><span class='ocrx_word' id='word_1_654' title='bbox 2328 2751 2679 2825; x_wconf 79' lang='grc' dir='ltr'>Ἰεροσόλυμα</span> <span class='ocrx_word' id='word_1_655' title='bbox 2706 2757 2734 2808; x_wconf 99' lang='lat'><strong>6</strong></span> <span class='ocrx_word' id='word_1_656' title='bbox 2777 2755 3007 2827; x_wconf 85' lang='grc' dir='ltr'>Ἰησοῦς.</span> <span class='ocrx_word' id='word_1_657' title='bbox 3043 2757 3151 2809; x_wconf 78' lang='grc' dir='ltr'><strong>Καὶ</strong></span> <span class='ocrx_word' id='word_1_658' title='bbox 3198 2749 3359 2827; x_wconf 76' lang='grc' dir='ltr'>εὗρεν</span> <span class='ocrx_word' id='word_1_659' title='bbox 3398 2758 3456 2811; x_wconf 71' lang='grc' dir='ltr'>ἐν</span> <span class='ocrx_word' id='word_1_660' title='bbox 3489 2756 3568 2828; x_wconf 82' lang='grc' dir='ltr'>τῷ</span> <span class='ocrx_word' id='word_1_661' title='bbox 3602 2756 3737 2827; x_wconf 75' lang='grc' dir='ltr'>ἱερῷ</span> <span class='ocrx_word' id='word_1_662' title='bbox 3782 2758 3911 2820; x_wconf 70' lang='grc' dir='ltr'>τοὺς</span> 
     </span>
    </p>
   </div>
   <div class='ocr_carea' id='block_1_84' title="bbox 2318 2847 3910 2922">
    <p class='ocr_par' dir='ltr' id='par_1_84' title="bbox 2318 2847 3910 2922">
     <span class='ocr_line' id='line_1_85' title="bbox 2318 2847 3910 2922; baseline 0.003 -24"><span class='ocrx_word' id='word_1_663' title='bbox 2318 2847 2638 2911; x_wconf 80' lang='grc' dir='ltr'><strong>πωλοῦντας</strong></span> <span class='ocrx_word' id='word_1_664' title='bbox 2690 2848 2837 2917; x_wconf 80' lang='grc' dir='ltr'>βόας,</span> <span class='ocrx_word' id='word_1_665' title='bbox 2885 2852 2981 2903; x_wconf 77' lang='grc' dir='ltr'><strong>καὶ</strong></span> <span class='ocrx_word' id='word_1_666' title='bbox 3045 2849 3319 2921; x_wconf 87' lang='grc' dir='ltr'>πρόϐατα,</span> <span class='ocrx_word' id='word_1_667' title='bbox 3388 2852 3483 2905; x_wconf 80' lang='grc' dir='ltr'><strong>καὶ</strong></span> <span class='ocrx_word' id='word_1_668' title='bbox 3553 2851 3910 2922; x_wconf 73' lang='grc' dir='ltr'>περιστεράς,</span> 
     </span>
    </p>
   </div>
   <div class='ocr_carea' id='block_1_85' title="bbox 2320 2940 3911 3015">
    <p class='ocr_par' dir='ltr' id='par_1_85' title="bbox 2320 2940 3911 3015">
     <span class='ocr_line' id='line_1_86' title="bbox 2320 2940 3911 3015; baseline 0.004 -25"><span class='ocrx_word' id='word_1_669' title='bbox 2320 2941 2412 2991; x_wconf 72' lang='grc' dir='ltr'><strong>καὶ</strong></span> <span class='ocrx_word' id='word_1_670' title='bbox 2466 2940 2592 3003; x_wconf 78' lang='grc' dir='ltr'>τοὺς</span> <span class='ocrx_word' id='word_1_671' title='bbox 2644 2942 3018 3011; x_wconf 74' lang='grc' dir='ltr'>κερματιστὰς</span> <span class='ocrx_word' id='word_1_672' title='bbox 3073 2943 3440 3012; x_wconf 74' lang='grc' dir='ltr'>καθημένους.</span> <span class='ocrx_word' id='word_1_673' title='bbox 3502 2944 3609 2997; x_wconf 78' lang='grc' dir='ltr'><strong>Καὶ</strong></span> <span class='ocrx_word' id='word_1_674' title='bbox 3670 2946 3911 3015; x_wconf 75' lang='grc' dir='ltr'>ποιήσας</span> 
     </span>
    </p>
   </div>
   <div class='ocr_carea' id='block_1_86' title="bbox 2318 3034 3911 3104">
    <p class='ocr_par' dir='ltr' id='par_1_86' title="bbox 2318 3034 3911 3104">
     <span class='ocr_line' id='line_1_87' title="bbox 2318 3034 3911 3104; baseline 0.003 -19"><span class='ocrx_word' id='word_1_675' title='bbox 2318 3034 2685 3103; x_wconf 81' lang='grc' dir='ltr'>φραγγέλλιον</span> <span class='ocrx_word' id='word_1_676' title='bbox 2726 3037 2792 3088; x_wconf 71' lang='grc' dir='ltr'><strong>ὲκ</strong></span> <span class='ocrx_word' id='word_1_677' title='bbox 2836 3035 3110 3104; x_wconf 76' lang='grc' dir='ltr'>σχοινίων,</span> <span class='ocrx_word' id='word_1_678' title='bbox 3162 3037 3372 3099; x_wconf 75' lang='grc' dir='ltr'>πάντας</span> <span class='ocrx_word' id='word_1_679' title='bbox 3426 3036 3683 3100; x_wconf 70' lang='grc' dir='ltr'>ἐξέϐαλεν</span> <span class='ocrx_word' id='word_1_680' title='bbox 3711 3040 3784 3092; x_wconf 77' lang='grc' dir='ltr'><strong>ὲκ</strong></span> <span class='ocrx_word' id='word_1_681' title='bbox 3818 3036 3911 3089; x_wconf 81' lang='grc' dir='ltr'><strong>τοῦ</strong></span> 
     </span>
    </p>
   </div>
   <div class='ocr_carea' id='block_1_87' title="bbox 2320 3122 3916 3199">
    <p class='ocr_par' dir='ltr' id='par_1_87' title="bbox 2320 3122 3916 3199">
     <span class='ocr_line' id='line_1_88' title="bbox 2320 3122 3916 3199; baseline 0.005 -24"><span class='ocrx_word' id='word_1_682' title='bbox 2320 3122 2490 3194; x_wconf 79' lang='grc' dir='ltr'>ίεροῦ,</span> <span class='ocrx_word' id='word_1_683' title='bbox 2524 3126 2591 3178; x_wconf 83' lang='grc' dir='ltr'><strong>τά</strong></span> <span class='ocrx_word' id='word_1_684' title='bbox 2620 3143 2679 3179; x_wconf 86' lang='grc' dir='ltr'><strong>τε</strong></span> <span class='ocrx_word' id='word_1_685' title='bbox 2704 3127 2977 3195; x_wconf 85' lang='grc' dir='ltr'>πρόϐατα,</span> <span class='ocrx_word' id='word_1_686' title='bbox 3008 3130 3103 3181; x_wconf 77' lang='grc' dir='ltr'><strong>καὶ</strong></span> <span class='ocrx_word' id='word_1_687' title='bbox 3129 3128 3257 3192; x_wconf 82' lang='grc' dir='ltr'>τοὺς</span> <span class='ocrx_word' id='word_1_688' title='bbox 3285 3128 3413 3199; x_wconf 81' lang='grc' dir='ltr'>βόας</span> <span class='ocrx_word' id='word_1_689' title='bbox 3435 3147 3447 3158; x_wconf 73' lang='grc' dir='ltr'><strong><em>ο</em></strong></span> <span class='ocrx_word' id='word_1_690' title='bbox 3487 3129 3584 3182; x_wconf 79' lang='grc' dir='ltr'><strong>καὶ</strong></span> <span class='ocrx_word' id='word_1_691' title='bbox 3629 3129 3745 3182; x_wconf 84' lang='grc' dir='ltr'><strong>τῶν</strong></span> <span class='ocrx_word' id='word_1_692' title='bbox 3794 3132 3916 3183; x_wconf 80' lang='grc' dir='ltr'>κολ-</span> 
     </span>
    </p>
   </div>
   <div class='ocr_carea' id='block_1_88' title="bbox 2316 3216 3910 3294">
    <p class='ocr_par' dir='ltr' id='par_1_88' title="bbox 2316 3216 3910 3294">
     <span class='ocr_line' id='line_1_89' title="bbox 2316 3216 3910 3294; baseline 0.005 -26"><span class='ocrx_word' id='word_1_693' title='bbox 2316 3217 2582 3273; x_wconf 82' lang='grc' dir='ltr'>λυϐιστῶν</span> <span class='ocrx_word' id='word_1_694' title='bbox 2600 3216 2779 3288; x_wconf 69' lang='grc' dir='ltr'>ἐξέχεε</span> <span class='ocrx_word' id='word_1_695' title='bbox 2796 3219 2857 3272; x_wconf 80' lang='grc' dir='ltr'>τὸ</span> <span class='ocrx_word' id='word_1_696' title='bbox 2869 3219 3073 3289; x_wconf 57' lang='grc' dir='ltr'>κέρμα,</span> <span class='ocrx_word' id='word_1_697' title='bbox 3093 3220 3303 3284; x_wconf 73' lang='grc' dir='ltr'>καὶτὰς</span> <span class='ocrx_word' id='word_1_698' title='bbox 3319 3222 3598 3292; x_wconf 73' lang='grc' dir='ltr'>τραπέζας</span> <span class='ocrx_word' id='word_1_699' title='bbox 3614 3224 3910 3294; x_wconf 72' lang='grc' dir='ltr'>ἀνέτρεψε,</span> 
     </span>
    </p>
   </div>
   <div class='ocr_carea' id='block_1_89' title="bbox 2762 3310 3911 3387">
    <p class='ocr_par' dir='ltr' id='par_1_89' title="bbox 2762 3310 3911 3387">
     <span class='ocr_line' id='line_1_90' title="bbox 2762 3310 3911 3387; baseline 0.008 -27"><span class='ocrx_word' id='word_1_700' title='bbox 2762 3310 3096 3381; x_wconf 70' lang='grc' dir='ltr'>περιστερὰς</span> <span class='ocrx_word' id='word_1_701' title='bbox 3142 3311 3417 3368; x_wconf 82' lang='grc' dir='ltr'>πωλοῦσιν</span> <span class='ocrx_word' id='word_1_702' title='bbox 3454 3310 3646 3368; x_wconf 62' lang='grc' dir='ltr'>εἶπεν</span> <span class='ocrx_word' id='word_1_703' title='bbox 3695 3317 3911 3387; x_wconf 76' lang='grc' dir='ltr'>Ἀρατε</span> 
     </span>
    </p>
   </div>
   <div class='ocr_carea' id='block_1_90' title="bbox 2317 3396 3915 3473">
    <p class='ocr_par' dir='ltr' id='par_1_90' title="bbox 2317 3396 3915 3473">
     <span class='ocr_line' id='line_1_91' title="bbox 2317 3396 3915 3473; baseline 0.009 -24"><span class='ocrx_word' id='word_1_704' title='bbox 2317 3396 2491 3452; x_wconf 89' lang='grc' dir='ltr'>ταῦτα</span> <span class='ocrx_word' id='word_1_705' title='bbox 2538 3398 2811 3467; x_wconf 63' lang='grc' dir='ltr'>ἐντεῦθεν,</span> <span class='ocrx_word' id='word_1_706' title='bbox 2844 3402 2939 3455; x_wconf 79' lang='grc' dir='ltr'><strong>καὶ</strong></span> <span class='ocrx_word' id='word_1_707' title='bbox 2978 3403 3053 3473; x_wconf 79' lang='grc' dir='ltr'>μὴ</span> <span class='ocrx_word' id='word_1_708' title='bbox 3091 3406 3297 3457; x_wconf 77' lang='grc' dir='ltr'>ποιεῖτε</span> <span class='ocrx_word' id='word_1_709' title='bbox 3344 3406 3439 3459; x_wconf 80' lang='grc' dir='ltr'>τὸν</span> <span class='ocrx_word' id='word_1_710' title='bbox 3473 3402 3623 3459; x_wconf 84' lang='grc' dir='ltr'>οἷκον</span> <span class='ocrx_word' id='word_1_711' title='bbox 3670 3408 3772 3461; x_wconf 85' lang='grc' dir='ltr'><strong>τοῦ</strong></span> <span class='ocrx_word' id='word_1_712' title='bbox 3801 3410 3915 3464; x_wconf 81' lang='grc' dir='ltr'>Πα-</span> 
     </span>
    </p>
   </div>
   <div class='ocr_carea' id='block_1_91' title="bbox 2317 3486 3910 3571">
    <p class='ocr_par' dir='ltr' id='par_1_91' title="bbox 2317 3486 3910 3571">
     <span class='ocr_line' id='line_1_92' title="bbox 2317 3486 3910 3571; baseline 0.011 -32"><span class='ocrx_word' id='word_1_713' title='bbox 2317 3489 2442 3559; x_wconf 84' lang='grc' dir='ltr'>τρός</span> <span class='ocrx_word' id='word_1_714' title='bbox 2474 3507 2576 3560; x_wconf 84' lang='grc' dir='ltr'>μου</span> <span class='ocrx_word' id='word_1_715' title='bbox 2631 3486 2779 3546; x_wconf 74' lang='grc' dir='ltr'>οἷκον</span> <span class='ocrx_word' id='word_1_716' title='bbox 2810 3493 3103 3565; x_wconf 73' lang='grc' dir='ltr'>ιμπορίου.</span> <span class='ocrx_word' id='word_1_717' title='bbox 3129 3495 3510 3567; x_wconf 79' lang='grc' dir='ltr'>Ἐμνήσθησαν</span> <span class='ocrx_word' id='word_1_718' title='bbox 3543 3497 3599 3551; x_wconf 82' lang='grc' dir='ltr'><strong>δὲ</strong></span> <span class='ocrx_word' id='word_1_719' title='bbox 3635 3500 3686 3553; x_wconf 82' lang='lat' dir='ltr'><strong>oi</strong></span> <span class='ocrx_word' id='word_1_720' title='bbox 3722 3500 3910 3571; x_wconf 77' lang='grc' dir='ltr'>μαθη-</span> 
     </span>
    </p>
   </div>
   <div class='ocr_carea' id='block_1_92' title="bbox 2316 3582 3911 3661">
    <p class='ocr_par' dir='ltr' id='par_1_92' title="bbox 2316 3582 3911 3661">
     <span class='ocr_line' id='line_1_93' title="bbox 2316 3582 3911 3661; baseline 0.006 -26"><span class='ocrx_word' id='word_1_721' title='bbox 2316 3583 2407 3635; x_wconf 84' lang='grc' dir='ltr'>ταὶ</span> <span class='ocrx_word' id='word_1_722' title='bbox 2453 3582 2642 3651; x_wconf 82' lang='grc' dir='ltr'>αὑτοῦ,</span> <span class='ocrx_word' id='word_1_723' title='bbox 2693 3585 2778 3637; x_wconf 80' lang='grc' dir='ltr'>ὃτι</span> <span class='ocrx_word' id='word_1_724' title='bbox 2824 3586 3216 3657; x_wconf 74' lang='grc' dir='ltr'>γεγραμμένον</span> <span class='ocrx_word' id='word_1_725' title='bbox 3266 3588 3453 3642; x_wconf 65' lang='grc' dir='ltr'>ἐστίν·</span> <span class='ocrx_word' id='word_1_726' title='bbox 3503 3590 3562 3644; x_wconf 85' lang='grc' dir='ltr'>ὐ</span> <span class='ocrx_word' id='word_1_727' title='bbox 3593 3590 3764 3661; x_wconf 77' lang='grc' dir='ltr'>ζῆλος</span> <span class='ocrx_word' id='word_1_728' title='bbox 3815 3593 3911 3645; x_wconf 70' lang='grc' dir='ltr'><strong>τοῦ</strong></span> 
     </span>
    </p>
   </div>
   <div class='ocr_carea' id='block_1_93' title="bbox 2316 3675 3911 3754">
    <p class='ocr_par' dir='ltr' id='par_1_93' title="bbox 2316 3675 3911 3754">
     <span class='ocr_line' id='line_1_94' title="bbox 2316 3675 3911 3754; baseline 0.006 -27"><span class='ocrx_word' id='word_1_729' title='bbox 2316 3675 2465 3727; x_wconf 78' lang='grc' dir='ltr'>οἴκου</span> <span class='ocrx_word' id='word_1_730' title='bbox 2510 3692 2602 3727; x_wconf 85' lang='grc' dir='ltr'><strong>σου</strong></span> <span class='ocrx_word' id='word_1_731' title='bbox 2658 3675 2937 3745; x_wconf 75' lang='grc' dir='ltr'>κατέφαγέ</span> <span class='ocrx_word' id='word_1_732' title='bbox 2987 3693 3079 3746; x_wconf 85' lang='grc' dir='ltr'>με.</span> <span class='ocrx_word' id='word_1_733' title='bbox 3126 3696 3146 3731; x_wconf 74' lang='grc' dir='ltr'><strong>ι</strong></span> <span class='ocrx_word' id='word_1_734' title='bbox 3182 3679 3524 3750; x_wconf 82' lang='grc' dir='ltr'>Κατέρχεται</span> <span class='ocrx_word' id='word_1_735' title='bbox 3568 3684 3646 3744; x_wconf 82' lang='grc' dir='ltr'><strong>είς</strong></span> <span class='ocrx_word' id='word_1_736' title='bbox 3679 3684 3911 3754; x_wconf 61' lang='lat' dir='ltr'><strong>Kasta?-</strong></span> 
     </span>
    </p>
   </div>
   <div class='ocr_carea' id='block_1_94' title="bbox 2314 3765 3906 3841">
    <p class='ocr_par' dir='ltr' id='par_1_94' title="bbox 2314 3765 3906 3841">
     <span class='ocr_line' id='line_1_95' title="bbox 2314 3765 3906 3841; baseline -0.016 -20"><span class='ocrx_word' id='word_1_737' title='bbox 2314 3767 2491 3837; x_wconf 81' lang='grc' dir='ltr'>ναοὺμ</span> <span class='ocrx_word' id='word_1_738' title='bbox 2524 3768 2552 3820; x_wconf 94' lang='lat'><strong>6</strong></span> <span class='ocrx_word' id='word_1_739' title='bbox 2582 3765 2799 3838; x_wconf 77' lang='grc' dir='ltr'>Κύριος,</span> <span class='ocrx_word' id='word_1_740' title='bbox 2835 3768 3095 3840; x_wconf 74' lang='grc' dir='ltr'>οὐδεμιᾶς</span> <span class='ocrx_word' id='word_1_741' title='bbox 3124 3769 3292 3840; x_wconf 52' lang='lat' dir='ltr'><strong>mn;</strong></span> <span class='ocrx_word' id='word_1_742' title='bbox 3318 3770 3509 3841; x_wconf 68' lang='grc' dir='ltr'>χρείας</span> <span class='ocrx_word' id='word_1_743' title='bbox 3534 3773 3757 3839; x_wconf 51' lang='lat' dir='ltr'><strong>gyan.</strong></span> 
     </span>
    </p>
   </div>
   <div class='ocr_carea' id='block_1_95' title="bbox 2312 3862 3911 3937">
    <p class='ocr_par' dir='ltr' id='par_1_95' title="bbox 2312 3862 3911 3937">
     <span class='ocr_line' id='line_1_96' title="bbox 2312 3862 3911 3937; baseline 0.006 -23"><span class='ocrx_word' id='word_1_744' title='bbox 2312 3862 2487 3935; x_wconf 70' lang='grc' dir='ltr'>ἢτοῦ</span> <span class='ocrx_word' id='word_1_745' title='bbox 2540 3864 2995 3937; x_wconf 82' lang='grc' dir='ltr'>ἀποκαταστῆσαι</span> <span class='ocrx_word' id='word_1_746' title='bbox 3060 3865 3161 3935; x_wconf 79' lang='grc' dir='ltr'>τὴν</span> <span class='ocrx_word' id='word_1_747' title='bbox 3246 3866 3463 3937; x_wconf 77' lang='grc' dir='ltr'>μητέρα</span> <span class='ocrx_word' id='word_1_748' title='bbox 3526 3866 3695 3923; x_wconf 84' lang='grc' dir='ltr'>αὐτοῦ</span> <span class='ocrx_word' id='word_1_749' title='bbox 3770 3874 3911 3933; x_wconf 66' lang='grc' dir='ltr'>ἐκεῖ,</span> 
     </span>
    </p>
   </div>
   <div class='ocr_carea' id='block_1_96' title="bbox 2314 3954 3910 4033">
    <p class='ocr_par' dir='ltr' id='par_1_96' title="bbox 2314 3954 3910 4033">
     <span class='ocr_line' id='line_1_97' title="bbox 2314 3954 3910 4033; baseline 0.006 -27"><span class='ocrx_word' id='word_1_750' title='bbox 2314 3954 2400 4007; x_wconf 80' lang='grc' dir='ltr'>ἵνα</span> <span class='ocrx_word' id='word_1_751' title='bbox 2429 3954 2506 4026; x_wconf 79' lang='grc' dir='ltr'>μὴ</span> <span class='ocrx_word' id='word_1_752' title='bbox 2531 3956 2810 4027; x_wconf 74' lang='grc' dir='ltr'>πανταχοῦ</span> <span class='ocrx_word' id='word_1_753' title='bbox 2840 3958 3013 4029; x_wconf 76' lang='grc' dir='ltr'>αὐτὴν</span> <span class='ocrx_word' id='word_1_754' title='bbox 3031 3958 3352 4030; x_wconf 68' lang='grc' dir='ltr'>ιφιλχηται.</span> <span class='ocrx_word' id='word_1_755' title='bbox 3396 3959 3550 4013; x_wconf 75' lang='grc' dir='ltr'>Ἐπεὶ</span> <span class='ocrx_word' id='word_1_756' title='bbox 3570 3963 3680 4033; x_wconf 75' lang='grc' dir='ltr'>γὰρ</span> <span class='ocrx_word' id='word_1_757' title='bbox 3702 3962 3799 4018; x_wconf 80' lang='grc' dir='ltr'><strong>ϐιά</strong></span> <span class='ocrx_word' id='word_1_758' title='bbox 3820 3966 3910 4016; x_wconf 73' lang='grc' dir='ltr'>τὸν</span> 
     </span>
    </p>
   </div>
   <div class='ocr_carea' id='block_1_97' title="bbox 2312 4041 3913 4125">
    <p class='ocr_par' dir='ltr' id='par_1_97' title="bbox 2312 4041 3913 4125">
     <span class='ocr_line' id='line_1_98' title="bbox 2312 4041 3913 4125; baseline 0.007 -29"><span class='ocrx_word' id='word_1_759' title='bbox 2312 4044 2489 4114; x_wconf 81' lang='grc' dir='ltr'>γάμον</span> <span class='ocrx_word' id='word_1_760' title='bbox 2515 4041 2677 4116; x_wconf 77' lang='grc' dir='ltr'>ἦλθον</span> <span class='ocrx_word' id='word_1_761' title='bbox 2708 4048 2786 4110; x_wconf 83' lang='grc' dir='ltr'><strong>είς</strong></span> <span class='ocrx_word' id='word_1_762' title='bbox 2826 4048 3003 4114; x_wconf 76' lang='grc' dir='ltr'>Κανᾶ,</span> <span class='ocrx_word' id='word_1_763' title='bbox 3033 4048 3128 4101; x_wconf 86' lang='grc' dir='ltr'><strong>τοῦ</strong></span> <span class='ocrx_word' id='word_1_764' title='bbox 3158 4051 3340 4120; x_wconf 83' lang='grc' dir='ltr'>γάμου</span> <span class='ocrx_word' id='word_1_765' title='bbox 3375 4052 3772 4125; x_wconf 81' lang='grc' dir='ltr'>παρελθόντος,</span> <span class='ocrx_word' id='word_1_766' title='bbox 3816 4058 3913 4108; x_wconf 75' lang='grc' dir='ltr'>ιπ-</span> 
     </span>
    </p>
   </div>
   <div class='ocr_carea' id='block_1_98' title="bbox 2312 4138 3909 4217">
    <p class='ocr_par' dir='ltr' id='par_1_98' title="bbox 2312 4138 3909 4217">
     <span class='ocr_line' id='line_1_99' title="bbox 2312 4138 3909 4217; baseline 0.008 -28"><span class='ocrx_word' id='word_1_767' title='bbox 2312 4138 2506 4206; x_wconf 82' lang='grc' dir='ltr'>ανάγει</span> <span class='ocrx_word' id='word_1_768' title='bbox 2536 4140 2636 4207; x_wconf 79' lang='grc' dir='ltr'>τὴν</span> <span class='ocrx_word' id='word_1_769' title='bbox 2665 4141 2883 4213; x_wconf 83' lang='grc' dir='ltr'>μητέρα</span> <span class='ocrx_word' id='word_1_770' title='bbox 2908 4143 2990 4205; x_wconf 86' lang='grc' dir='ltr'><strong>είς</strong></span> <span class='ocrx_word' id='word_1_771' title='bbox 3011 4142 3105 4195; x_wconf 81' lang='grc' dir='ltr'>τὸν</span> <span class='ocrx_word' id='word_1_772' title='bbox 3133 4144 3193 4197; x_wconf 75' lang='grc' dir='ltr'>ὲν</span> <span class='ocrx_word' id='word_1_773' title='bbox 3219 4145 3599 4217; x_wconf 70' lang='grc' dir='ltr'>Κατειρναοὺμ</span> <span class='ocrx_word' id='word_1_774' title='bbox 3626 4142 3787 4201; x_wconf 73' lang='grc' dir='ltr'>οἰκον</span> <span class='ocrx_word' id='word_1_775' title='bbox 3809 4150 3909 4201; x_wconf 73' lang='grc' dir='ltr'><strong>αὖ·</strong></span> 
     </span>
    </p>
   </div>
   <div class='ocr_carea' id='block_1_99' title="bbox 2310 4228 3909 4306">
    <p class='ocr_par' dir='ltr' id='par_1_99' title="bbox 2310 4228 3909 4306">
     <span class='ocr_line' id='line_1_100' title="bbox 2310 4228 3909 4306; baseline -0.002 -24"><span class='ocrx_word' id='word_1_776' title='bbox 2310 4228 2429 4299; x_wconf 80' lang='grc' dir='ltr'>τῆς.</span> <span class='ocrx_word' id='word_1_777' title='bbox 2461 4229 2630 4299; x_wconf 82' lang='grc' dir='ltr'>Δῆλον</span> <span class='ocrx_word' id='word_1_778' title='bbox 2661 4230 2717 4283; x_wconf 66' lang='grc' dir='ltr'>δι</span> <span class='ocrx_word' id='word_1_779' title='bbox 2746 4230 2924 4297; x_wconf 85' lang='grc' dir='ltr'>τοῦτο,</span> <span class='ocrx_word' id='word_1_780' title='bbox 2952 4232 3033 4286; x_wconf 83' lang='grc' dir='ltr'>ὅτι</span> <span class='ocrx_word' id='word_1_781' title='bbox 3063 4232 3152 4286; x_wconf 79' lang='grc' dir='ltr'><strong>διὰ</strong></span> <span class='ocrx_word' id='word_1_782' title='bbox 3177 4233 3383 4305; x_wconf 67' lang='grc' dir='ltr'>ταύτην</span> <span class='ocrx_word' id='word_1_783' title='bbox 3414 4236 3516 4306; x_wconf 72' lang='grc' dir='ltr'>τὴν</span> <span class='ocrx_word' id='word_1_784' title='bbox 3539 4236 3728 4291; x_wconf 83' lang='grc' dir='ltr'>αίτίαν</span> <span class='ocrx_word' id='word_1_785' title='bbox 3768 4255 3909 4292; x_wconf 72' lang='grc' dir='ltr'>κατ-</span> 
     </span>
    </p>
   </div>
   <div class='ocr_carea' id='block_1_100' title="bbox 2308 4322 3915 4403">
    <p class='ocr_par' dir='ltr' id='par_1_100' title="bbox 2308 4322 3915 4403">
     <span class='ocr_line' id='line_1_101' title="bbox 2308 4322 3915 4403; baseline 0.007 -29"><span class='ocrx_word' id='word_1_786' title='bbox 2308 4322 2407 4393; x_wconf 81' lang='grc' dir='ltr'>έϐη</span> <span class='ocrx_word' id='word_1_787' title='bbox 2459 4325 2539 4387; x_wconf 85' lang='grc' dir='ltr'><strong>είς</strong></span> <span class='ocrx_word' id='word_1_788' title='bbox 2583 4324 2981 4396; x_wconf 77' lang='grc' dir='ltr'>Καπερναοὺμ,</span> <span class='ocrx_word' id='word_1_789' title='bbox 3030 4326 3096 4380; x_wconf 67' lang='grc' dir='ltr'>εκ</span> <span class='ocrx_word' id='word_1_790' title='bbox 3132 4326 3228 4381; x_wconf 81' lang='grc' dir='ltr'><strong>τοῦ</strong></span> <span class='ocrx_word' id='word_1_791' title='bbox 3277 4332 3417 4401; x_wconf 81' lang='grc' dir='ltr'>μήτε</span> <span class='ocrx_word' id='word_1_792' title='bbox 3461 4330 3666 4396; x_wconf 83' lang='grc' dir='ltr'>πολλάς</span> <span class='ocrx_word' id='word_1_793' title='bbox 3722 4335 3915 4403; x_wconf 62' lang='lat' dir='ltr'><strong>pain:</strong></span> 
     </span>
    </p>
   </div>
   <div class='ocr_carea' id='block_1_101' title="bbox 2307 4417 3910 4495">
    <p class='ocr_par' dir='ltr' id='par_1_101' title="bbox 2307 4417 3910 4495">
     <span class='ocr_line' id='line_1_102' title="bbox 2307 4417 3910 4495; baseline 0.005 -24"><span class='ocrx_word' id='word_1_794' title='bbox 2307 4419 2427 4471; x_wconf 66' lang='grc' dir='ltr'><strong>ἐκεῖ</strong></span> <span class='ocrx_word' id='word_1_795' title='bbox 2455 4417 2689 4488; x_wconf 75' lang='grc' dir='ltr'>ἡμέρας,</span> <span class='ocrx_word' id='word_1_796' title='bbox 2726 4418 2867 4489; x_wconf 77' lang='grc' dir='ltr'>μήτε</span> <span class='ocrx_word' id='word_1_797' title='bbox 2898 4418 3156 4488; x_wconf 83' lang='grc' dir='ltr'>Θαύματα</span> <span class='ocrx_word' id='word_1_798' title='bbox 3183 4422 3242 4474; x_wconf 71' lang='grc' dir='ltr'>ιν</span> <span class='ocrx_word' id='word_1_799' title='bbox 3271 4423 3409 4493; x_wconf 76' lang='grc' dir='ltr'>αὐτῇ</span> <span class='ocrx_word' id='word_1_800' title='bbox 3450 4426 3702 4495; x_wconf 84' lang='grc' dir='ltr'>ποιῆσαι.</span> <span class='ocrx_word' id='word_1_801' title='bbox 3749 4425 3910 4481; x_wconf 80' lang='grc' dir='ltr'>Ἀπί-</span> 
     </span>
    </p>
   </div>
   <div class='ocr_carea' id='block_1_102' title="bbox 2309 4510 3911 4592">
    <p class='ocr_par' dir='ltr' id='par_1_102' title="bbox 2309 4510 3911 4592">
     <span class='ocr_line' id='line_1_103' title="bbox 2309 4510 3911 4592; baseline 0.002 -26"><span class='ocrx_word' id='word_1_802' title='bbox 2309 4529 2455 4577; x_wconf 88' lang='grc' dir='ltr'>στως</span> <span class='ocrx_word' id='word_1_803' title='bbox 2510 4515 2618 4584; x_wconf 77' lang='grc' dir='ltr'><strong>γὰρ</strong></span> <span class='ocrx_word' id='word_1_804' title='bbox 2667 4510 2815 4584; x_wconf 84' lang='grc' dir='ltr'>είχον</span> <span class='ocrx_word' id='word_1_805' title='bbox 2863 4515 3002 4585; x_wconf 76' lang='grc' dir='ltr'>πρὸς</span> <span class='ocrx_word' id='word_1_806' title='bbox 3044 4514 3212 4570; x_wconf 73' lang='grc' dir='ltr'>αὑτὸν</span> <span class='ocrx_word' id='word_1_807' title='bbox 3250 4515 3303 4568; x_wconf 91' lang='lat' dir='ltr'><strong>ol</strong></span> <span class='ocrx_word' id='word_1_808' title='bbox 3334 4514 3432 4587; x_wconf 76' lang='grc' dir='ltr'>τὴν</span> <span class='ocrx_word' id='word_1_809' title='bbox 3477 4516 3639 4569; x_wconf 82' lang='grc' dir='ltr'>πόλιν</span> <span class='ocrx_word' id='word_1_810' title='bbox 3692 4519 3911 4592; x_wconf 78' lang='grc' dir='ltr'>ταύτην</span> 
     </span>
    </p>
   </div>
   <div class='ocr_carea' id='block_1_103' title="bbox 2307 4605 3913 4678">
    <p class='ocr_par' dir='ltr' id='par_1_103' title="bbox 2307 4605 3913 4678">
     <span class='ocr_line' id='line_1_104' title="bbox 2307 4605 3913 4678; baseline 0.006 -19"><span class='ocrx_word' id='word_1_811' title='bbox 2307 4605 2586 4669; x_wconf 81' lang='grc' dir='ltr'>οίκοῦντες</span> <span class='ocrx_word' id='word_1_812' title='bbox 2607 4622 2620 4637; x_wconf 77' lang='lat'><strong><em>°</em></strong></span> <span class='ocrx_word' id='word_1_813' title='bbox 2653 4605 2733 4659; x_wconf 84' lang='lat' dir='ltr'><em>6t6</em></span> <span class='ocrx_word' id='word_1_814' title='bbox 2765 4608 2861 4660; x_wconf 71' lang='lat' dir='ltr'><strong>atat</strong></span> <span class='ocrx_word' id='word_1_815' title='bbox 2902 4607 3139 4678; x_wconf 80' lang='grc' dir='ltr'>ἀλλαχοῦ</span> <span class='ocrx_word' id='word_1_816' title='bbox 3166 4610 3193 4662; x_wconf 88' lang='lat'><strong>6</strong></span> <span class='ocrx_word' id='word_1_817' title='bbox 3223 4607 3431 4678; x_wconf 79' lang='grc' dir='ltr'>Κύριος</span> <span class='ocrx_word' id='word_1_818' title='bbox 3480 4608 3773 4675; x_wconf 78' lang='grc' dir='ltr'>ταλανίζει</span> <span class='ocrx_word' id='word_1_819' title='bbox 3805 4615 3879 4668; x_wconf 80' lang='grc' dir='ltr'>αὐ</span> <span class='ocrx_word' id='word_1_820' title='bbox 3900 4648 3913 4655; x_wconf 83' lang='lat'><strong>-</strong></span> 
     </span>
    </p>
   </div>
   <div class='ocr_carea' id='block_1_104' title="bbox 2308 4699 3914 4775">
    <p class='ocr_par' dir='ltr' id='par_1_104' title="bbox 2308 4699 3914 4775">
     <span class='ocr_line' id='line_1_105' title="bbox 2308 4699 3914 4775; baseline 0.006 -23"><span class='ocrx_word' id='word_1_821' title='bbox 2308 4700 2432 4769; x_wconf 83' lang='grc' dir='ltr'>τήν.</span> <span class='ocrx_word' id='word_1_822' title='bbox 2490 4700 2590 4752; x_wconf 80' lang='grc' dir='ltr'>Διά</span> <span class='ocrx_word' id='word_1_823' title='bbox 2637 4700 2695 4753; x_wconf 67' lang='grc' dir='ltr'><strong>δὲ</strong></span> <span class='ocrx_word' id='word_1_824' title='bbox 2727 4699 2822 4754; x_wconf 89' lang='grc' dir='ltr'><strong>τοῦ</strong></span> <span class='ocrx_word' id='word_1_825' title='bbox 2867 4702 3042 4753; x_wconf 71' lang='grc' dir='ltr'>είπεῖν</span> <span class='ocrx_word' id='word_1_826' title='bbox 3070 4703 3100 4755; x_wconf 94' lang='lat'><strong>6</strong></span> <span class='ocrx_word' id='word_1_827' title='bbox 3130 4702 3550 4775; x_wconf 77' lang='grc' dir='ltr'>εὐαγγελιστὴς,</span> <span class='ocrx_word' id='word_1_828' title='bbox 3603 4706 3691 4759; x_wconf 83' lang='grc' dir='ltr'>ὃτι</span> <span class='ocrx_word' id='word_1_829' title='bbox 3739 4723 3760 4759; x_wconf 88' lang='grc' dir='ltr'><strong>ε</strong></span> <span class='ocrx_word' id='word_1_830' title='bbox 3796 4704 3914 4763; x_wconf 76' lang='grc' dir='ltr'>Ἢν</span> 
     </span>
    </p>
   </div>
   <div class='ocr_carea' id='block_1_105' title="bbox 2307 4795 3909 4879">
    <p class='ocr_par' dir='ltr' id='par_1_105' title="bbox 2307 4795 3909 4879">
     <span class='ocr_line' id='line_1_106' title="bbox 2307 4795 3909 4879; baseline 0.007 -31"><span class='ocrx_word' id='word_1_831' title='bbox 2307 4797 2473 4864; x_wconf 74' lang='grc' dir='ltr'>ιγγὺς</span> <span class='ocrx_word' id='word_1_832' title='bbox 2498 4795 2559 4849; x_wconf 81' lang='grc' dir='ltr'>τὸ</span> <span class='ocrx_word' id='word_1_833' title='bbox 2580 4796 2794 4867; x_wconf 86' lang='grc' dir='ltr'>Πάσχα,</span> <span class='ocrx_word' id='word_1_834' title='bbox 2831 4816 2849 4849; x_wconf 76' lang='grc' dir='ltr'><strong>ι</strong></span> <span class='ocrx_word' id='word_1_835' title='bbox 2878 4796 3153 4852; x_wconf 78' lang='grc' dir='ltr'>δείκνυσιν</span> <span class='ocrx_word' id='word_1_836' title='bbox 3186 4801 3265 4853; x_wconf 81' lang='grc' dir='ltr'><strong>ότι</strong></span> <span class='ocrx_word' id='word_1_837' title='bbox 3294 4801 3357 4853; x_wconf 82' lang='grc' dir='ltr'>οὐ</span> <span class='ocrx_word' id='word_1_838' title='bbox 3384 4802 3490 4871; x_wconf 74' lang='grc' dir='ltr'>πρὸ</span> <span class='ocrx_word' id='word_1_839' title='bbox 3519 4802 3742 4859; x_wconf 70' lang='grc' dir='ltr'>πολλῶν</span> <span class='ocrx_word' id='word_1_840' title='bbox 3769 4807 3909 4879; x_wconf 76' lang='grc' dir='ltr'>ημεο</span> 
     </span>
    </p>
   </div>
   <div class='ocr_carea' id='block_1_106' title="bbox 2312 4890 3915 4974">
    <p class='ocr_par' dir='ltr' id='par_1_106' title="bbox 2312 4890 3915 4974">
     <span class='ocr_line' id='line_1_107' title="bbox 2312 4890 3915 4974; baseline 0.011 -31"><span class='ocrx_word' id='word_1_841' title='bbox 2312 4891 2419 4960; x_wconf 87' lang='grc' dir='ltr'><strong>ρῶν</strong></span> <span class='ocrx_word' id='word_1_842' title='bbox 2450 4890 2545 4945; x_wconf 86' lang='grc' dir='ltr'><strong>τοῦ</strong></span> <span class='ocrx_word' id='word_1_843' title='bbox 2587 4893 2782 4964; x_wconf 84' lang='grc' dir='ltr'>Πάσχα</span> <span class='ocrx_word' id='word_1_844' title='bbox 2832 4893 3187 4950; x_wconf 71' lang='grc' dir='ltr'>ιϐαπτίσατο.</span> <span class='ocrx_word' id='word_1_845' title='bbox 3234 4897 3501 4952; x_wconf 83' lang='grc' dir='ltr'>’Δνελθὼν</span> <span class='ocrx_word' id='word_1_846' title='bbox 3526 4900 3587 4954; x_wconf 66' lang='grc' dir='ltr'><strong>δὲ</strong></span> <span class='ocrx_word' id='word_1_847' title='bbox 3616 4905 3704 4967; x_wconf 76' lang='grc' dir='ltr'><strong>εις</strong></span> <span class='ocrx_word' id='word_1_848' title='bbox 3739 4905 3915 4974; x_wconf 80' lang='grc' dir='ltr'>Ἰερο-</span> 
     </span>
    </p>
   </div>
   <div class='ocr_carea' id='block_1_107' title="bbox 2308 4987 3911 5069">
    <p class='ocr_par' dir='ltr' id='par_1_107' title="bbox 2308 4987 3911 5069">
     <span class='ocr_line' id='line_1_108' title="bbox 2308 4987 3911 5069; baseline 0.011 -31"><span class='ocrx_word' id='word_1_849' title='bbox 2308 4987 2539 5057; x_wconf 84' lang='grc' dir='ltr'>σόλυμα,</span> <span class='ocrx_word' id='word_1_850' title='bbox 2571 4989 2712 5041; x_wconf 77' lang='grc' dir='ltr'>ποιεῖ</span> <span class='ocrx_word' id='word_1_851' title='bbox 2736 4991 2967 5059; x_wconf 82' lang='grc' dir='ltr'>πρᾶγμα</span> <span class='ocrx_word' id='word_1_852' title='bbox 2992 4991 3197 5063; x_wconf 77' lang='grc' dir='ltr'>πολλῆς</span> <span class='ocrx_word' id='word_1_853' title='bbox 3218 4993 3506 5059; x_wconf 82' lang='grc' dir='ltr'>αὐθεντίας</span> <span class='ocrx_word' id='word_1_854' title='bbox 3532 4996 3739 5069; x_wconf 71' lang='grc' dir='ltr'>τιμον.</span> <span class='ocrx_word' id='word_1_855' title='bbox 3765 5001 3911 5067; x_wconf 54' lang='lat' dir='ltr'><strong>Teia;</strong></span> 
     </span>
    </p>
   </div>
   <div class='ocr_carea' id='block_1_108' title="bbox 2308 5079 3907 5158">
    <p class='ocr_par' dir='ltr' id='par_1_108' title="bbox 2308 5079 3907 5158">
     <span class='ocr_line' id='line_1_109' title="bbox 2308 5079 3907 5158; baseline 0.011 -26"><span class='ocrx_word' id='word_1_856' title='bbox 2308 5079 2416 5152; x_wconf 80' lang='grc' dir='ltr'><strong>γὰρ</strong></span> <span class='ocrx_word' id='word_1_857' title='bbox 2440 5080 2749 5146; x_wconf 84' lang='grc' dir='ltr'>πωλοῦντας</span> <span class='ocrx_word' id='word_1_858' title='bbox 2774 5084 2841 5137; x_wconf 78' lang='grc' dir='ltr'>τὰ</span> <span class='ocrx_word' id='word_1_859' title='bbox 2869 5082 3136 5153; x_wconf 86' lang='grc' dir='ltr'>πρόϐατα,</span> <span class='ocrx_word' id='word_1_860' title='bbox 3161 5087 3259 5140; x_wconf 74' lang='grc' dir='ltr'><strong>καὶ</strong></span> <span class='ocrx_word' id='word_1_861' title='bbox 3286 5088 3413 5150; x_wconf 74' lang='grc' dir='ltr'>τοὺς</span> <span class='ocrx_word' id='word_1_862' title='bbox 3433 5088 3590 5158; x_wconf 82' lang='grc' dir='ltr'>βόας,</span> <span class='ocrx_word' id='word_1_863' title='bbox 3620 5093 3907 5150; x_wconf 65' lang='grc' dir='ltr'>ἐκϐάλλει.</span> 
     </span>
    </p>
   </div>
   <div class='ocr_carea' id='block_1_109' title="bbox 2311 5170 3904 5253">
    <p class='ocr_par' dir='ltr' id='par_1_109' title="bbox 2311 5170 3904 5253">
     <span class='ocr_line' id='line_1_110' title="bbox 2311 5170 3904 5253; baseline 0.012 -31"><span class='ocrx_word' id='word_1_864' title='bbox 2311 5171 2373 5223; x_wconf 81' lang='lat' dir='ltr'><strong>Ei</strong></span> <span class='ocrx_word' id='word_1_865' title='bbox 2410 5170 2466 5223; x_wconf 78' lang='grc' dir='ltr'><strong>δὲ</strong></span> <span class='ocrx_word' id='word_1_866' title='bbox 2488 5170 2582 5224; x_wconf 79' lang='grc' dir='ltr'><strong>καὶ</strong></span> <span class='ocrx_word' id='word_1_867' title='bbox 2605 5174 2633 5225; x_wconf 89' lang='grc' dir='ltr'><strong>ό</strong></span> <span class='ocrx_word' id='word_1_868' title='bbox 2653 5172 2931 5237; x_wconf 80' lang='grc' dir='ltr'>Ματθαῐός</span> <span class='ocrx_word' id='word_1_869' title='bbox 2955 5190 3089 5247; x_wconf 81' lang='grc' dir='ltr'>φησι</span> <span class='ocrx_word' id='word_1_870' title='bbox 3116 5175 3276 5229; x_wconf 86' lang='grc' dir='ltr'>τοῦτο</span> <span class='ocrx_word' id='word_1_871' title='bbox 3302 5181 3679 5249; x_wconf 78' lang='grc' dir='ltr'>πεποιηκέναι</span> <span class='ocrx_word' id='word_1_872' title='bbox 3710 5187 3904 5253; x_wconf 69' lang='grc' dir='ltr'>αὐτὸν,</span> 
     </span>
    </p>
   </div>
   <div class='ocr_carea' id='block_1_110' title="bbox 2308 5263 3909 5350">
    <p class='ocr_par' dir='ltr' id='par_1_110' title="bbox 2308 5263 3909 5350">
     <span class='ocr_line' id='line_1_111' title="bbox 2308 5263 3909 5350; baseline 0.012 -34"><span class='ocrx_word' id='word_1_873' title='bbox 2308 5263 2423 5316; x_wconf 80' lang='grc' dir='ltr'>ἀλλ’</span> <span class='ocrx_word' id='word_1_874' title='bbox 2453 5264 2558 5317; x_wconf 83' lang='grc' dir='ltr'>ἴσθι</span> <span class='ocrx_word' id='word_1_875' title='bbox 2590 5265 2666 5328; x_wconf 84' lang='grc' dir='ltr'>ὼς</span> <span class='ocrx_word' id='word_1_876' title='bbox 2709 5267 2808 5336; x_wconf 82' lang='grc' dir='ltr'>οὺχ</span> <span class='ocrx_word' id='word_1_877' title='bbox 2842 5267 2992 5331; x_wconf 74' lang='grc' dir='ltr'>ἅπαξ</span> <span class='ocrx_word' id='word_1_878' title='bbox 3024 5268 3183 5322; x_wconf 81' lang='grc' dir='ltr'>τοῦτο</span> <span class='ocrx_word' id='word_1_879' title='bbox 3222 5271 3507 5341; x_wconf 73' lang='grc' dir='ltr'>εποίησεν,</span> <span class='ocrx_word' id='word_1_880' title='bbox 3532 5274 3682 5331; x_wconf 77' lang='grc' dir='ltr'><strong>ἀλλά</strong></span> <span class='ocrx_word' id='word_1_881' title='bbox 3710 5280 3775 5332; x_wconf 69' lang='grc' dir='ltr'>τὸ</span> <span class='ocrx_word' id='word_1_882' title='bbox 3803 5280 3909 5350; x_wconf 68' lang='grc' dir='ltr'>μιν</span> 
     </span>
    </p>
   </div>
   <div class='ocr_carea' id='block_1_111' title="bbox 2307 5359 3906 5431">
    <p class='ocr_par' dir='ltr' id='par_1_111' title="bbox 2307 5359 3906 5431">
     <span class='ocr_line' id='line_1_112' title="bbox 2307 5359 3906 5431; baseline 0.01 -18"><span class='ocrx_word' id='word_1_883' title='bbox 2307 5360 2454 5429; x_wconf 86' lang='grc' dir='ltr'><strong>παρά</strong></span> <span class='ocrx_word' id='word_1_884' title='bbox 2488 5359 2566 5430; x_wconf 80' lang='grc' dir='ltr'>τῷ</span> <span class='ocrx_word' id='word_1_885' title='bbox 2615 5359 2905 5431; x_wconf 81' lang='grc' dir='ltr'>Ματθαίῳ,</span> <span class='ocrx_word' id='word_1_886' title='bbox 2938 5362 3106 5430; x_wconf 68' lang='grc' dir='ltr'>ἐγγὺς</span> <span class='ocrx_word' id='word_1_887' title='bbox 3146 5362 3242 5415; x_wconf 85' lang='grc' dir='ltr'><strong>τοῦ</strong></span> <span class='ocrx_word' id='word_1_888' title='bbox 3283 5362 3489 5429; x_wconf 82' lang='grc' dir='ltr'>πάθους</span> <span class='ocrx_word' id='word_1_889' title='bbox 3529 5372 3727 5423; x_wconf 74' lang='grc' dir='ltr'>ποιεῐο</span> <span class='ocrx_word' id='word_1_890' title='bbox 3754 5373 3817 5426; x_wconf 72' lang='grc' dir='ltr'><strong>τὸ</strong></span> <span class='ocrx_word' id='word_1_891' title='bbox 3845 5375 3906 5429; x_wconf 61' lang='grc' dir='ltr'>ἃ</span> 
     </span>
    </p>
   </div>
   <div class='ocr_carea' id='block_1_112' title="bbox 2304 5450 3908 5534">
    <p class='ocr_par' dir='ltr' id='par_1_112' title="bbox 2304 5450 3908 5534">
     <span class='ocr_line' id='line_1_113' title="bbox 2304 5450 3908 5534; baseline 0.012 -32"><span class='ocrx_word' id='word_1_892' title='bbox 2304 5450 2398 5504; x_wconf 88' lang='grc' dir='ltr'><strong>νῦν</strong></span> <span class='ocrx_word' id='word_1_893' title='bbox 2429 5453 2579 5522; x_wconf 87' lang='grc' dir='ltr'><strong>παρά</strong></span> <span class='ocrx_word' id='word_1_894' title='bbox 2609 5451 2688 5521; x_wconf 87' lang='grc' dir='ltr'>τῷ</span> <span class='ocrx_word' id='word_1_895' title='bbox 2728 5453 2971 5525; x_wconf 79' lang='grc' dir='ltr'>Ἰωάννῃ,</span> <span class='ocrx_word' id='word_1_896' title='bbox 3006 5455 3118 5511; x_wconf 84' lang='grc' dir='ltr'><strong>τῶν</strong></span> <span class='ocrx_word' id='word_1_897' title='bbox 3156 5456 3401 5528; x_wconf 77' lang='grc' dir='ltr'>σημείων</span> <span class='ocrx_word' id='word_1_898' title='bbox 3435 5460 3794 5534; x_wconf 72' lang='grc' dir='ltr'><strong>ἀρχόμενος⁶</strong></span> <span class='ocrx_word' id='word_1_899' title='bbox 3822 5466 3908 5521; x_wconf 67' lang='grc' dir='ltr'><strong>διὸ</strong></span> 
     </span>
    </p>
   </div>
   <div class='ocr_carea' id='block_1_113' title="bbox 2303 5542 3905 5619">
    <p class='ocr_par' dir='ltr' id='par_1_113' title="bbox 2303 5542 3905 5619">
     <span class='ocr_line' id='line_1_114' title="bbox 2303 5542 3905 5619; baseline 0.011 -23"><span class='ocrx_word' id='word_1_900' title='bbox 2303 5545 2536 5600; x_wconf 73' lang='grc' dir='ltr'>ἐνταῦθα</span> <span class='ocrx_word' id='word_1_901' title='bbox 2574 5547 2891 5616; x_wconf 75' lang='grc' dir='ltr'>ἀφειμένως</span> <span class='ocrx_word' id='word_1_902' title='bbox 2946 5542 3066 5602; x_wconf 79' lang='grc' dir='ltr'>εἷπε</span> <span class='ocrx_word' id='word_1_903' title='bbox 3092 5564 3105 5578; x_wconf 78' lang='grc' dir='ltr'><strong>ο</strong></span> <span class='ocrx_word' id='word_1_904' title='bbox 3156 5568 3175 5601; x_wconf 76' lang='grc' dir='ltr'><strong>ι</strong></span> <span class='ocrx_word' id='word_1_905' title='bbox 3214 5550 3307 5619; x_wconf 77' lang='grc' dir='ltr'><strong>Μὴ</strong></span> <span class='ocrx_word' id='word_1_906' title='bbox 3356 5555 3573 5607; x_wconf 75' lang='grc' dir='ltr'>ποιεῖτε</span> <span class='ocrx_word' id='word_1_907' title='bbox 3610 5556 3710 5611; x_wconf 77' lang='grc' dir='ltr'><strong>τὸν</strong></span> <span class='ocrx_word' id='word_1_908' title='bbox 3754 5554 3905 5614; x_wconf 70' lang='grc' dir='ltr'>οἷκον</span> 
     </span>
    </p>
   </div>
   <div class='ocr_carea' id='block_1_114' title="bbox 2302 5636 3905 5725">
    <p class='ocr_par' dir='ltr' id='par_1_114' title="bbox 2302 5636 3905 5725">
     <span class='ocr_line' id='line_1_115' title="bbox 2302 5636 3905 5725; baseline 0.011 -36"><span class='ocrx_word' id='word_1_909' title='bbox 2302 5638 2395 5691; x_wconf 88' lang='grc' dir='ltr'><strong>τοῦ</strong></span> <span class='ocrx_word' id='word_1_910' title='bbox 2428 5640 2639 5711; x_wconf 83' lang='grc' dir='ltr'>Πατρός</span> <span class='ocrx_word' id='word_1_911' title='bbox 2680 5656 2803 5710; x_wconf 87' lang='grc' dir='ltr'>μου,</span> <span class='ocrx_word' id='word_1_912' title='bbox 2836 5636 2984 5695; x_wconf 73' lang='grc' dir='ltr'>οἷκον</span> <span class='ocrx_word' id='word_1_913' title='bbox 3012 5642 3301 5715; x_wconf 68' lang='grc' dir='ltr'>ἐμπορίου.</span> <span class='ocrx_word' id='word_1_914' title='bbox 3338 5664 3359 5697; x_wconf 76' lang='lat' dir='ltr'><strong>s</strong></span> <span class='ocrx_word' id='word_1_915' title='bbox 3403 5644 3584 5725; x_wconf 72' lang='grc' dir='ltr'>Ἀρχὴ</span> <span class='ocrx_word' id='word_1_916' title='bbox 3623 5650 3742 5720; x_wconf 70' lang='grc' dir='ltr'><strong>γὰρ</strong></span> <span class='ocrx_word' id='word_1_917' title='bbox 3768 5652 3905 5717; x_wconf 64' lang='grc' dir='ltr'>τέως</span> 
     </span>
    </p>
   </div>
   <div class='ocr_carea' id='block_1_115' title="bbox 2303 5728 3903 5819">
    <p class='ocr_par' dir='ltr' id='par_1_115' title="bbox 2303 5728 3903 5819">
     <span class='ocr_line' id='line_1_116' title="bbox 2303 5728 3903 5819; baseline 0.009 -32"><span class='ocrx_word' id='word_1_918' title='bbox 2303 5728 2371 5805; x_wconf 81' lang='grc' dir='ltr'>ἦν</span> <span class='ocrx_word' id='word_1_919' title='bbox 2416 5733 2522 5789; x_wconf 84' lang='grc' dir='ltr'><strong>τῶν</strong></span> <span class='ocrx_word' id='word_1_920' title='bbox 2572 5736 2833 5807; x_wconf 80' lang='grc' dir='ltr'>σημείων,</span> <span class='ocrx_word' id='word_1_921' title='bbox 2883 5737 2975 5790; x_wconf 79' lang='grc' dir='ltr'>καὶ</span> <span class='ocrx_word' id='word_1_922' title='bbox 3012 5734 3166 5793; x_wconf 73' lang='grc' dir='ltr'>οὔπω</span> <span class='ocrx_word' id='word_1_923' title='bbox 3210 5738 3450 5811; x_wconf 84' lang='grc' dir='ltr'>τοσαύτη</span> <span class='ocrx_word' id='word_1_924' title='bbox 3507 5744 3806 5819; x_wconf 68' lang='grc' dir='ltr'>παρρησία</span> <span class='ocrx_word' id='word_1_925' title='bbox 3832 5740 3903 5819; x_wconf 55' lang='grc' dir='ltr'>ἦν</span> 
     </span>
    </p>
   </div>
  </div>
