4046 6540
122 576 250 641 1107

854 569 1316 636 ENARRATIO
1348 570 1429 631 ΙΝ
1473 564 1987 630 EVANGELIUM
2016 550 2460 626 JOANNIS.-—
2499 560 2660 622 CAP.
2695 556 2783 620 II.

3332 550 3475 620 1198

115 687 264 757 αὐτῷ
309 687 423 744 ἀπὸ
469 686 570 758 τῆς
616 686 725 740 τῶν
764 684 1013 756 σημείων
1063 681 1406 748 ἐπιδείξεως.
1469 679 1620 732 Ἐκεῖ
1648 676 1729 740 δὲ,

1844 691 1910 731 ει
1943 687 2011 731 eo
2043 672 2192 743 quod
2232 671 2392 742 parvi
2427 669 2590 740 pretii
2627 678 2739 734 est,
2769 664 2999 721 multum
3034 664 3198 737 pretii
3223 666 3387 738 petit,
3417 677 3479 723 et

115 781 266 854 παρὰ
291 783 372 852 τῷ
400 780 694 851 Ματθαίῳ,
727 778 908 849 φημί⁶
950 797 968 830 ι
1004 775 1094 849 Μὴ
1129 778 1360 840 ποιεῖτε,
1394 774 1551 844 φησι,
1587 771 1734 841 σπή-

113 875 268 929 λαιον
315 873 556 949 λῃστῶν.
597 891 618 925 ι
653 869 913 943 Φανερῶς
944 868 1058 942 γὰρ
1109 868 1317 942 λῃστὰς
1361 865 1565 928 αὐτοὺς
1600 863 1736 917 ὠνό-

117 984 286 1039 μασε,
319 967 399 1030 ὡς
433 967 496 1033 εξ
531 964 736 1020 ἀδίκων
769 964 1160 1034 κερδαίνοντας
1190 961 1400 1032 πόρων.
1431 960 1607 1012 Ὅταν
1629 957 1737 1028 γάρ

113 1078 192 1124 τις
219 1061 287 1114 τὸ
315 1060 504 1129 ὀλίγου
529 1059 843 1129 τιμώμενον
872 1056 1078 1111 πολλοῦ
1099 1057 1418 1127 τιμήματος
1443 1053 1608 1120 ἀξιοῖ,
1642 1053 1739 1106 καὶ

112 1153 220 1208 ἀπὸ
265 1154 524 1224 πενήτων
556 1154 721 1226 τυχὸν
746 1154 841 1206 καὶ
877 1150 1066 1224 χηρῶν
1095 1151 1158 1204 τὸ
1192 1148 1388 1220 κέρδος
1411 1147 1739 1217 ὲρανίζήται

113 1248 208 1318 (ὡς
249 1247 344 1300 ἐπὶ
372 1247 434 1300 τὸ
461 1247 599 1300 πολὺ
633 1249 742 1317 γάρ
776 1239 926 1300 οὗτοι
959 1245 1008 1298 οἱ
1039 1242 1110 1296 τὰ
1138 1231 1391 1313 χρειώδηξ
1431 1237 1740 1305 ἐξωνούμε-

111 1335 210 1407 νοι,
277 1341 376 1395 καὶ
426 1342 910 1414 πιπράσκοντες),
959 1339 1011 1393 τί
1064 1336 1216 1403 ἄλλο,
1251 1335 1285 1408 ἢ
1321 1335 1483 1406 ἔργον
1532 1329 1736 1403 λῃστοῦ

108 1436 284 1498 ποιεῖ,
316 1437 380 1488 ὲκ
408 1435 709 1505 συμφορῶν
734 1433 941 1504 ἑτέρων
967 1432 1138 1502 κέρδη
1165 1426 1698 1502 πραγματευόμενος
1722 1442 1734 1485 ;

111 1527 277 1592 Τίνος
305 1528 361 1582 δὲ
391 1528 582 1581 ἕνεκεν
610 1529 750 1590 ὅλως
778 1525 1034 1580 ἐκϐάλλει
1064 1525 1194 1587 τοὺς
1229 1519 1518 1582 τοιούτους
1550 1520 1615 1571 ἐκ
1638 1516 1735 1571 τοῦ

110 1620 266 1693 ἱεροῦ
293 1639 308 1687 ;
343 1623 458 1675 Οὐκ
520 1623 734 1689 ἀλόγως
758 1637 772 1651 ·
811 1619 929 1675 ἀλλ’
965 1622 1093 1674 ἐπεὶ
1124 1617 1354 1689 ἔμελλεν
1385 1618 1442 1670 ὲν
1468 1613 1736 1682 Σαϐϐάτῳ

108 1713 471 1785 θεραπεύειν,
524 1714 620 1767 καὶ
656 1711 970 1782 παραλύειν
1005 1709 1097 1764 τὸν
1137 1710 1327 1780 νόμον,
1375 1706 1464 1760 ἵνα
1498 1704 1575 1776 μὴ
1605 1703 1736 1776 δόξῃ

103 1807 365 1871 ἀντίθεος
411 1801 594 1870 εἶναι,
639 1805 952 1876 διορθοῦται
1004 1801 1263 1856 ἐντεῦθεν
1321 1798 1422 1873 τὴν
1476 1795 1739 1866 τοιαύτην

105 1897 412 1968 ὑπόληψιν.
450 1898 528 1951 Ob
559 1896 670 1968 γάρ
719 1896 786 1951 ἂν
817 1897 846 1950 6
872 1895 1138 1949 τοσοῦτον
1179 1892 1342 1964 ζῆλον
1394 1889 1742 1961 ἐπιδειξάμε-

1849 783 1880 822 a
1918 762 2265 838 pauperibus
2319 762 2577 819 fortassis
2611 771 2669 817 et
2701 758 2883 816 viduis
2932 758 3152 815 lucrum
3203 761 3477 828 corradit,

1846 863 1992 918 sicut
2033 861 2212 916 ferme
2241 858 2421 915 solent
2449 857 2509 913 hi
2541 856 2633 928 qui
2664 854 2983 912 necessaria
3009 855 3315 923 venditant,
3345 855 3479 927 quid

1845 956 1992 1011 aliud
2044 970 2212 1025 quam
2262 967 2402 1024 opus
2449 951 2685 1007 latronis
2736 949 2893 1015 facit,
2940 963 3008 1005 ex
3066 949 3481 1005 calamitatibus

1845 1050 2080 1104 aliorum
2133 1048 2288 1103 lucra
2318 1045 2725 1116 comportans?
2758 1043 2825 1098 Et
2856 1059 3030 1114 quare
3063 1042 3186 1099 illos
3215 1059 3246 1100 e
3277 1042 3482 1114 templo

1848 1144 1999 1216 cjicit
2019 1142 2042 1197 ?
2064 1141 2182 1198 Non
2219 1141 2517 1197 immerito.
2547 1139 2684 1207 Quia
2716 1139 2864 1196 enim
2893 1139 2946 1193 in
2977 1138 3226 1195 Sabhato
3253 1122 3482 1194 senatui

1851 1254 1943 1293 rus
1981 1249 2125 1301 erat,
2164 1246 2219 1292 et
2254 1236 2538 1292 soluturus
2585 1235 2760 1306 legem
2798 1250 2813 1289 ;
2849 1242 3010 1289 utne
3044 1233 3296 1288 videatur
3341 1248 3480 1289 cono

1846 1333 2054 1388 trarius
2109 1331 2242 1396 Deo,
2299 1331 2528 1402 corrigit
2584 1330 2690 1385 hoc
2747 1329 2872 1384 loco
2924 1325 3242 1399 opinionem
3302 1328 3477 1386 illam.

1846 1420 2041 1490 Neque
2068 1422 2218 1475 enim
2272 1429 2485 1475 tantum
2535 1420 2981 1491 zeluntipropter
3023 1423 3246 1476 domum
3282 1432 3476 1480 osten-

1846 1513 2006 1582 dens,
2039 1515 2345 1586 spretisset
2378 1514 2574 1582 Deum,
2619 1515 2908 1569 dominum
2937 1514 3156 1570 domus.
3187 1513 3306 1570 Non
3327 1516 3474 1571 enim

1847 1609 2175 1680 simpliciter
2229 1611 2403 1683 ejicit,
2455 1610 2552 1667 sed
2583 1621 2638 1666 et
2667 1610 2887 1682 flagello
2920 1611 3083 1682 plexo
3115 1609 3386 1682 percutit,
3421 1621 3477 1666 et

1847 1704 2117 1759 subvertit
2147 1719 2392 1773 mensas,
2428 1717 2484 1762 ct
2514 1721 2611 1772 aes,
2646 1706 2754 1761 hoc
2781 1716 2866 1762 est
2896 1705 3186 1777 pecuniam
3219 1721 3479 1761 nummu-

1849 1793 2112 1850 lariorum
2169 1794 2422 1854 effundit.
2460 1798 2528 1852 Et
2561 1812 2702 1869 opus
2755 1797 3127 1868 periculosum
3165 1805 3473 1866 attentans,

1849 1903 1959 1943 non
1991 1901 2052 1943 se
2086 1888 2142 1942 in
2176 1887 2485 1959 periculum
2521 1889 2858 1960 conjecisset
2886 1903 2986 1960 pro
3017 1889 3182 1944 domo
3217 1888 3335 1957 Dei,
3365 1889 3478 1946 sol-

101 2004 198 2057 νος
244 1993 389 2064 ὑπὲρ
417 1991 510 2046 τοῦ
540 1994 715 2058 οἴκου,
753 1991 846 2045 τὸν
873 1989 972 2044 τοῦ
997 1992 1152 2044 οἴκου
1181 1987 1456 2059 δεσπότην
1483 1986 1576 2040 τὸν
1603 1985 1736 2039 Θεὸν

1851 1993 1986 2036 Vrns
2060 1980 2237 2052 legem
2294 1978 2392 2037 Dei
2446 1990 2505 2037 ut
2556 1981 2959 2039 adversarius:
3003 1982 3102 2038 sed
3151 1984 3379 2039 omnino
3414 1996 3478 2040 ut

101 2045 404 2158 ᾕθέτῆσεῦ.
566 2088 675 2158 γάρ
703 2045 901 2150 ἀπλῶς
948 2083 1230 2150 ἐξέϐαλεν,
1283 2045 1423 2136 ἀλλά
1457 2080 1551 2166 καὶ
1593 2097 1736 2150 φρα-

1844 2071 2016 2129 Filius
2042 2045 2160 2139 Dei,
2188 2084 2244 2130 et
2265 2075 2536 2146 aequalem
2573 2076 2786 2132 habens
2811 2084 3140 2148 potestatem
3176 2075 3352 2145 Patri,
3377 2078 3476 2150 qui

100 2179 318 2249 γελλίῳ
370 2179 596 2250 πλεκτῷ
647 2178 897 2244 τύπτων,
952 2178 1049 2232 καὶ
1090 2175 1424 2248 ἀνατρέπων
1462 2173 1564 2238 τὰς
1603 2189 1738 2244 τρα-

101 2273 314 2339 πέζας,
350 2272 446 2326 καὶ
474 2273 534 2326 τὸ
559 2273 768 2344 κέρμα,
801 2274 923 2344 ἦτοι
956 2273 1019 2326 τὸ
1051 2271 1301 2342 νόμισμα
1334 2269 1444 2324 τῶν
1477 2267 1736 2322 κολλυὸι-

102 2366 283 2432 στῶν,
338 2367 574 2436 ὲκχέων,
626 2367 723 2420 καὶ
765 2365 915 2437 ἔργῳ
949 2362 1587 2437 παρακεκινδυνευμένῳ
1616 2361 1737 2414 ἐπι-

99 2461 340 2532 χειρῶν.
392 2461 509 2514 Οὐκ
549 2459 616 2514 ἂν
656 2455 750 2514 οὖν
779 2462 808 2514 6
834 2460 916 2522 είς
970 2457 1222 2515 κίνδυνον
1272 2457 1486 2530 ῥίπτων
1537 2454 1736 2508 ἑαυτὴν

97 2554 259 2622 ὑπὲρ
291 2554 388 2608 τοῦ
423 2554 578 2608 οἴκου
629 2552 726 2606 τοῦ
758 2551 921 2618 Θεοῦ,
981 2552 1226 2624 παρέλυε
1275 2551 1367 2603 τὸν
1415 2550 1582 2621 νόμον
1639 2548 1736 2603 τοῦ

95 2644 249 2700 Θεοῦ
285 2645 362 2708 ὡς
395 2645 664 2712 ἀντίθεος,
691 2645 831 2699 ἀλλὰ
860 2645 1082 2706 πάντως
1115 2644 1192 2708 ὡς
1225 2644 1354 2708 Υίδς
1377 2643 1476 2709 ῶν,
1507 2645 1606 2698 καὶ
1635 2642 1736 2713 τὴν

94 2742 236 2812 [σήν
282 2739 538 2806 ἐξουσίαν
583 2739 723 2810 ἔχων
772 2739 852 2811 τῷ
883 2738 1005 2809 Θεῷ
1052 2739 1148 2794 καὶ
1179 2739 1377 2810 Πατρὶ,
1410 2737 1490 2810 τῷ
1520 2737 1617 2791 καὶ
1644 2735 1738 2790 τὸν

97 2833 246 2905 περὶ
277 2833 374 2888 τοῦ
411 2833 701 2888 Σαδδάῖου
737 2835 904 2905 νόμον
944 2834 1114 2888 δόντι.
1147 2832 1240 2885 Διὸ
1271 2831 1395 2887 οὐδὲ
1449 2827 1596 2886 εἴπεο
1630 2831 1737 2885 Τὸν

89 2923 258 2982 οἷκον
291 2925 387 2980 τοῦ
424 2927 586 2991 Θεοῦ,
613 2927 772 2993 ἀλλά,
802 2947 820 2979 ι
861 2928 967 2982 Τὸν
995 2923 1146 2981 οἶκον
1172 2927 1266 2980 τοῦ
1289 2927 1507 2998 Πατρός
1533 2945 1640 2998 μου
1662 2943 1674 2955 ·
1711 2931 1731 2979 i‘

90 3020 382 3075 δεικνύων
419 3021 506 3074 ὅτι
543 3021 877 3088 ἐξουσιάζει,
910 3021 987 3085 ὼς
1032 3022 1183 3086 Υίδς,
1223 3021 1336 3074 τῶν
1385 3020 1480 3074 τοῦ
1522 3021 1737 3093 Πατρδς

92 3115 358 3169 πάντων.
389 3114 762 3168 Κολλυδισταὶ
794 3114 849 3167 δὲ
876 3113 1021 3168 είσὶν
1043 3116 1094 3168 οἱ
1119 3115 1188 3168 τά
1216 3113 1393 3167 λεπτά
1416 3113 1736 3186 νομίσματα

93 3205 453 3273 πωλοῦντες,
490 3207 613 3279 ήτοι
649 3209 775 3272 τοὺς
815 3205 1124 3279 νούμμους.
1180 3206 1460 3273 Κόλλυὸος
1492 3208 1604 3281 γὰρ
1643 3207 1736 3262 λέ.-

90 3316 270 3370 γεται
306 3300 368 3354 τὸ
399 3300 595 3354 λεπτὸν
629 3301 876 3373 νόμισμα
913 3303 1043 3374 παρ’
1073 3301 1360 3374 Ἕλλησιν,
1396 3302 1425 3356 ὃ
1469 3299 1734 3374 Ῥωμαῖοι

1843 2169 2018 2241 legem
2054 2171 2122 2226 de
2161 2169 2407 2226 Sabbato
2457 2179 2752 2225 statuerat.
2792 2169 2918 2226 Ideo
2944 2180 3130 2226 autem
3177 2185 3284 2227 non
3335 2171 3479 2228 dixit

1842 2263 2065 2319 domum
2107 2262 2230 2330 Dei,
2258 2263 2356 2319 sed
2401 2281 2420 2315 ι
2451 2264 2677 2319 domum
2719 2262 2904 2322 Patris
2938 2267 3069 2327 mei,
3115 2285 3134 2318 ι
3172 2266 3476 2322 05tendens

1841 2354 1986 2425 quod
2037 2365 2369 2427 potestatem
2405 2355 2606 2411 habeat
2653 2357 2800 2413 sicut
2830 2354 3004 2414 Filius
3047 2358 3102 2412 in
3135 2360 3320 2414 omnia
3352 2373 3476 2429 quae

1844 2449 2023 2507 Patris
2059 2461 2242 2506 erant.
2277 2451 2646 2508 Nummularii
2679 2462 2890 2521 autem,
2924 2453 3019 2525 qui
3054 2464 3110 2508 et
3139 2453 3473 2525 collybistte,

1841 2555 1968 2600 sunt
1993 2544 2047 2599 hi
2068 2546 2160 2616 qui
2182 2561 2351 2616 parva
2385 2546 2719 2601 numisntata
2747 2547 3014 2603 vendunt.
3041 2546 3301 2620 Collybos
3325 2547 3474 2603 enim

1843 2640 1985 2706 apud
2022 2637 2246 2695 Graecos
2279 2638 2549 2694 minutum
2595 2639 2872 2694 nutnisma
2906 2651 3016 2706 est,
3049 2643 3198 2712 quod
3239 2641 3476 2697 Romani

1843 2747 2131 2787 nummum
2180 2742 2402 2788 vocant.
2450 2731 2606 2788 Multi
2660 2742 2847 2788 autem
2893 2748 2962 2788 ex
3013 2734 3372 2804 pontificibus
3419 2736 3474 2791 in

1842 2825 1989 2881 hunc
2047 2826 2270 2880 modum
2324 2829 2582 2896 pecca‘nt.
2646 2823 2787 2883 Nam
2838 2836 2893 2884 et
2948 2826 3051 2899 ipsi
3103 2830 3477 2898 negotiatores

1841 2922 2091 2976 vendunt
2131 2920 2297 2976 boves
2325 2920 2379 2976 in
2402 2921 2636 2977 ecclesia
2674 2939 2688 2975 :
2728 2922 2832 2978 hoc
2867 2931 2975 2990 est,
3013 2924 3108 2994 qui
3145 2934 3476 2994 pr:eslantcs

1841 3022 1968 3068 sunt
1999 3015 2050 3068 in
2087 3016 2254 3070 verbo
2285 3015 2573 3084 docttinze,
2610 3031 2717 3072 non
2765 3027 3081 3086 assumunt,
3118 3019 3217 3076 sed
3247 3022 3477 3076 tradunt

1844 3108 1930 3163 his
1963 3110 2054 3179 qui
2091 3108 2338 3180 aflligere
2384 3111 2601 3167 volunt.
2661 3110 2894 3185 insuper
2939 3125 2994 3170 et
3030 3130 3184 3180 oves,
3232 3116 3340 3173 hoc
3367 3127 3474 3182 est,

1841 3202 2241 3274 simpliciorem
2271 3213 2326 3260 et
2356 3219 2709 3262 communem
2737 3207 3002 3279 populutn
3032 3226 3046 3264 :
3080 3219 3137 3265 et
3161 3209 3473 3280 columbas,

1844 3297 1947 3353 hoc
1974 3306 2078 3352 est.
2105 3298 2420 3367 spiritualia
2452 3299 2597 3355 dona
2638 3302 2903 3370 vendunt,
2937 3303 3264 3374 evntajores
3295 3305 3479 3376 digni-

87 3391 362 3464 νοῦμμον
417 3394 771 3465 ὀνομάζουσι.
842 3395 1041 3449 Πολλοὶ
1101 3396 1197 3449 καὶ
1255 3395 1368 3466 τῶν
1425 3397 1734 3469 ἀρχιερέων

1844 3399 1986 3446 tates
2018 3393 2316 3447 conferunt
2353 3393 2439 3449 his
2475 3393 2569 3464 qui
2602 3393 2763 3464 plura
2800 3394 2977 3451 dant:
3007 3412 3149 3468 quos
3203 3399 3477 3455 Dominus

89 3486 502 3558 ἁμαρτάνουσι
535 3487 786 3552 τοιαῦτα,
811 3483 906 3542 οἷα
929 3488 1050 3542 τότε
1075 3491 1124 3541 οἱ
1157 3487 1422 3560 κάπηλοι,
1454 3492 1582 3553 τοὺς
1603 3489 1735 3560 βόας

87 3578 429 3643 πωλοῦντες
462 3583 520 3633 ἐν
547 3583 614 3652 τῇ
665 3577 987 3654 Ἐκκλησία,
1017 3581 1164 3652 λέγω
1209 3583 1297 3654 δὴ,
1326 3584 1455 3648 τοὺς
1487 3587 1545 3638 ὲν
1590 3584 1736 3654 λόγῳ

83 3674 490 3745 διδασκαλικῷ
523 3674 934 3747 διαπρέποντας
972 3677 1048 3748 μή
1085 3678 1570 3748 περιποιούμενοι,
1617 3678 1735 3732 ἀλλ’

82 3766 419 3829 ἐκδιδόντες
454 3768 568 3829 τοῖς
604 3771 949 3837 κακουργεῖν
1010 3768 1401 3840 βουλομένοιςο
1445 3769 1584 3822 ἀλλά
1639 3770 1737 3822 καὶ

80 3860 170 3914 τὰ
195 3857 499 3930 κπρόὸατα,
531 3858 623 3912 τὸν
659 3859 1031 3932 ἀφελέστερον
1078 3861 1173 3915 καὶ
1223 3862 1407 3915 κοινὸν
1436 3862 1589 3928 λαὸν,
1639 3864 1736 3918 καὶ

77 3954 208 4018 τὰς
255 3952 620 4024 περιστερὰς,
652 3953 723 4006 τά
772 3955 1126 4024 πνευματικά
1186 3974 1331 4028 φημι
1387 3958 1735 4029 χαρίσματα,

80 4046 549 4117 πιπράσκοντες,
586 4047 683 4099 καὶ
723 4046 850 4110 τοὺς
883 4046 1114 4104 πλείονα
1163 4048 1428 4115 διδόντας,
1457 4053 1570 4114 τοῖς
1615 4052 1737 4122 μεί-

75 4141 232 4206 ζοσι
265 4137 500 4210 βαθμοῖς
530 4139 1041 4210 ὲγκατατάττοντες
1063 4157 1076 4170 ο
1115 4139 1213 4204 οὒς
1246 4143 1273 4194 6
1299 4142 1506 4214 Κύριος
1537 4144 1738 4198 €7.66).-

77 4236 188 4287 λει
221 4232 324 4287 τοῦ
363 4232 536 4305 ἱεροῦ,
571 4233 830 4299 ἀναξίους
884 4233 985 4306 τῆς
1033 4234 1458 4307 ἀρχιερωσύνης
1506 4237 1734 4309 κρίνων.

93 4327 295 4384 Ἀλλά
333 4328 435 4382 κάν
469 4344 554 4393 τις
588 4328 775 4400 κέρμα
809 4329 907 4383 καὶ⁵
957 4327 1232 4402 νόμισμα,
1266 4331 1385 4403 ἦτοι
1428 4332 1604 4403 δόγμα
1641 4335 1739 4386 καὶ

70 4425 290 4492 λόγον,
331 4423 511 4495 πωλῇ,
545 4424 642 4476 καὶ
667 4423 832 4495 τυχὸν
856 4422 1186 4489 διδάσκαλος
1209 4425 1306 4489 ῶν,
1339 4427 1400 4479 οὗ
1421 4425 1736 4496 καταγγέλ-

1841 3485 1991 3556 ejicit
2016 3501 2046 3542 e
2075 3485 2300 3558 templo,
2331 3487 2865 3560 indignosjudicans
2895 3492 3230 3547 sacerdotio.
3259 3496 3331 3547 At
3357 3493 3476 3549 haec

1842 3580 1885 3634 si
1921 3581 2047 3649 quis
2086 3595 2163 3636 aes
2197 3591 2253 3636 et
2304 3598 2615 3648 nummum,
2672 3583 2777 3641 hoc
2822 3595 2930 3653 est,
2968 3594 3022 3643 et
3071 3602 3387 3646 sermonem
3419 3602 3477 3644 et

1843 3672 2040 3742 dogma
2073 3675 2299 3744 vendat,
2329 3686 2384 3732 et
2419 3676 2679 3734 fortassis
2722 3695 2851 3736 cum
2881 3681 2957 3736 sit
2986 3683 3200 3748 doctor,
3239 3699 3344 3739 non
3371 3701 3474 3739 an-

1844 3767 2064 3823 nuntiet
2110 3769 2368 3837 verbum,
2418 3770 2526 3825 nisi
2578 3771 2792 3827 lucrum
2852 3776 3088 3842 habeat,
3141 3777 3304 3832 etiam
3344 3779 3476 3850 ejus

1843 3877 2093 3918 mensam
2143 3865 2418 3919 subvertit
2466 3865 2759 3934 Dominus,
2797 3869 2986 3924 sedem
3030 3870 3153 3924 dico
3185 3873 3473 3937 doctrinae.

1843 3966 1898 4010 et
1929 3971 2244 4012 sermonem
2277 3973 2442 4029 quem
2487 3958 2579 4015 ille
2627 3959 2850 4018 cohibet
2891 3972 3120 4033 propter
3172 3967 3474 4034 malitiam,

1845 4050 2010 4123 537
2065 4067 2172 4108 non
2211 4055 2351 4109 dans
2385 4054 2539 4109 illum
2582 4055 2842 4113 omnibus
2874 4071 3037 4126 quem
3073 4057 3343 4116 Dominus
3381 4061 3473 4117 Je-

1842 4159 1937 4201 sus
1958 4161 2056 4215 per
2073 4147 2518 4205 misericordiam
2541 4148 2797 4218 effundit,
2822 4153 3152 4225 populisque
3175 4156 3294 4223 dat,
3322 4159 3474 4212 illum

1843 4239 2066 4309 quidem
2097 4256 2126 4295 a
2153 4241 2468 4312 principatu
2505 4244 2797 4315 dejiciens,
2834 4257 2890 4302 et
2921 4249 3091 4304 alium
3128 4251 3182 4305 in
3210 4254 3478 4309 doctrina:

1843 4334 2030 4389 sedem
2057 4336 2358 4392 collocans.
2384 4328 2683 4396 Recortfati
2707 4351 2840 4397 sunt
2864 4352 3047 4398 antem
3073 4344 3334 4416 discipuli
3354 4347 3476 4418 ejus

1843 4428 1990 4498 quod
2022 4431 2291 4501 scriptum
2319 4433 2413 4499 sit,
2445 4453 2463 4485 ι
2502 4433 2668 4492 Zelus
2691 4437 2888 4494 domus
2918 4447 3027 4494 tuae
3048 4441 3291 4497 comedit
3317 4458 3426 4498 me.
3450 4464 3470 4496 ι

69 4519 184 4572 λει
241 4515 338 4571 τὸν
385 4515 569 4584 λόγον,
603 4518 653 4569 εί
687 4518 764 4587 μὴ
797 4515 994 4587 κέρδος
1054 4517 1193 4590 ἔχει,
1246 4520 1343 4572 καὶ
1398 4519 1594 4573 τούτου
1636 4519 1736 4592 τὴν

1844 4521 2116 4579 Paulatim
2133 4527 2278 4582 enim
2306 4528 2646 4585 incrementa
2666 4532 2796 4588 boni
2827 4547 3136 4602 sumentes,
3152 4547 3207 4593 et
3229 4535 3478 4610 Scriptu-

68 4607 401 4684 τράπεζαν
440 4610 745 4683 ἀνατρέπει
774 4612 802 4664 6
832 4612 1064 4682 Κύριος,
1094 4613 1186 4667 τὸν
1223 4612 1419 4686 θρόνον
1459 4613 1604 4684 λέγω
1633 4613 1736 4686 τῆς

1846 4631 2032 4672 rarum
2064 4623 2455 4690 recordentur,
2484 4625 2633 4680 unde
2659 4627 2978 4683 testimonia
3008 4607 3478 4702 recipiendo,—flr-

65 4708 498 4775 διδασκαλίας,
547 4709 648 4764 καὶ
698 4711 790 4763 τὸν
820 4709 1006 4777 λόγον,
1047 4707 1108 4760 ὃν
1137 4708 1346 4769 ἐκεῖνος
1403 4707 1621 4779 συνέχει
1650 4707 1736 4762 διὰ

1848 4711 2082 4767 miorem
2120 4715 2186 4768 de
2218 4713 2447 4773 Christo
2501 4720 2793 4776 scientiam
2828 4723 2975 4793 apud
3006 4739 3067 4781 se
3103 4727 3475 4786 constituunt.

70 4806 346 4872 κακίαν,
378 4806 456 4879 μὴ
481 4803 656 4870 διδοὺς
689 4805 856 4860 αὐτὸν
892 4806 1086 4870 πᾶσιν,
1123 4804 1182 4858 ὃν
1213 4806 1242 4857 6
1273 4804 1480 4874 Κύριος
1559 4805 1772 4877 Ἰησοῦς
1821 4807 2008 4879 ὲκχέει
2053 4811 2144 4865 διά
2191 4813 2642 4887 φιλανθρωπίαν,
2689 4818 2791 4874 καὶ
2858 4823 2975 4886 τοῖς
3022 4823 3175 4890 λαοῖς
3230 4824 3476 4895 δίδωσιν,

65 4901 331 4961 ὲκεϊνον
388 4899 488 4970 μὲν
538 4897 841 4970 παραλύων
903 4897 1003 4967 τῆς
1057 4897 1262 4968 ἀρχῆς,
1325 4895 1489 4952 ἄλλον
1537 4896 1595 4951 δὲ
1644 4898 1735 4952 τὸν
1776 4899 1930 4969 ἀξιον
1982 4902 2076 4955 ἐπὶ
2138 4903 2233 4958 τὸν
2298 4905 2400 4975 τῆς
2491 4905 2851 4975 διδασκαλίας
2948 4911 3142 4983 θρόνον
3205 4901 3477 4983 καθίζων,

79 4994 520 5068 Ἐμνήσθησαν
543 4995 602 5049 δὲ
628 4995 678 5048 oi
713 4994 980 5066 μαθηταὶ,
1007 4994 1092 5048 ὃτι
1122 4994 1521 5065 γεγραμμένον
1587 4996 1772 5050 ἐστίν’
1863 5017 1882 5052 ι
1935 4998 1995 5053 '0
2047 4999 2211 5071 ζῆλος
2259 5001 2356 5056 τοῦ
2407 5004 2563 5059 οἴκου
2618 5025 2716 5062 σου
2775 5008 3063 5083 κατέφαγέ
3115 5030 3206 5084 με.
3252 5033 3271 5067 ι
3315 5016 3480 5071 Κατά

67 5094 298 5170 βραχὺ
332 5090 444 5165 γὰρ
481 5091 582 5164 τὴν
613 5093 709 5146 ἐπὶ
738 5092 801 5145 τὸ
834 5093 1089 5161 κρεῖττον
1140 5091 1388 5145 ἐπίδοσιν
1462 5092 1866 5164 λαμῆἀνοντες,
1938 5097 2041 5169 ήδη
2068 5099 2165 5152 καὶ
2226 5101 2338 5154 τῶν
2410 5102 2647 5174 Γραφων
2693 5105 3240 5179 ἀναμιμνήσκονται,
3286 5112 3478 5168 κάκεῖ-

67 5193 204 5248 θεν
247 5188 353 5252 τὰς
405 5186 716 5258 μαρτυρίας
771 5185 1171 5257 λαμϐάνοντες,
1231 5185 1586 5259 βεϐαιοτέραν
1634 5189 1734 5260 τήν
1778 5192 1912 5263 περὶ
1941 5193 2182 5262 Χριστοῦ
2211 5195 2418 5263 γνῶσιν
2447 5199 2788 5255 καθιστῶσιν
2829 5203 3071 5268 ἑαυτοῖς.

177 5308 212 5344 α
253 5287 670 5360 ’Δπεκρίθησαν
703 5283 800 5340 οὖν
835 5286 885 5340 oi
927 5285 1196 5354 Ἰουδαῖοι,
1237 5288 1335 5341 καὶ
1368 5281 1524 5340 εἷπον
1548 5287 1700 5358 αὐτῷ
1724 5304 1736 5318 ·

1925 5290 2093 5349 Vens.
2131 5294 2322 5351 18-22.
2359 5315 2377 5348 ι
2414 5295 2841 5367 Responderunt
2879 5317 3011 5372 ergo
3045 5302 3251 5371 Judaei,
3290 5316 3346 5362 ct
3378 5309 3478 5365 di-

61 5386 165 5444 Τι
213 5382 447 5454 σημεῖον
481 5379 752 5445 δεικνύεις
794 5382 950 5451 ἡμῖν,
987 5380 1094 5450 ὅτιε
1127 5379 1305 5435 ταῦτα
1356 5383 1568 5448 ποιεῖς;
1613 5383 1736 5434 Ἀπ-

1851 5397 2056 5442 xerunt
2086 5388 2138 5442 ei
2168 5405 2184 5447 :
2222 5389 2380 5455 Quod
2419 5372 2635 5462 signum
2667 5395 2916 5453 ostendis
2979 5397 3140 5453 nobis
3175 5400 3322 5469 quod
3367 5402 3474 5459 ista

58 5475 318 5549 εκρίθη
351 5476 380 5528 6
419 5473 652 5546 Ἰησοῦς,
688 5475 785 5529 καὶ
807 5469 965 5528 εἶπεν
997 5475 1205 5538 αὐτοῖς·
1241 5475 1458 5530 Λύσατε
1483 5475 1577 5528 τὸν
1609 5474 1736 5530 ναίιν

1847 5479 2057 5535 facias?
2114 5480 2426 5554 Respondit
2476 5486 2662 5552 Jesus,
2719 5503 2775 5544 et
2845 5489 2987 5544 dixit
3023 5491 3108 5546 eis
3144 5509 3158 5546 :
3199 5496 3475 5550 Destruite

58 5569 333 5635 τοῦτον,
368 5568 465 5623 καὶ
490 5570 550 5622 ὲν
573 5571 754 5640 τρισὶν
798 5568 1047 5639 ήμέραις
1080 5567 1263 5638 ἐγερῶ
1313 5567 1501 5622 αὐτόν.
1569 5565 1736 5624 Εἶπον

1850 5575 2110 5643 templum
2160 5577 2286 5644 hoc,
2335 5589 2392 5633 et
2432 5578 2484 5632 in
2541 5580 2720 5636 tribus
2783 5581 2985 5639 diebus
3029 5585 3240 5655 erigam
3311 5587 3469 5643 illud.

55 5666 207 5725 οὖν
241 5661 297 5716 oi
343 5660 631 5716 Ἰουδαῖοι·
667 5661 1101 5734 Τεσσαράκοντα
1143 5660 1243 5716 καὶ
1275 5658 1336 5726 ἓξ
1370 5659 1553 5713 ἔτεσιν
1595 5660 1736 5730 ᾠκο-

1847 5667 2114 5726 Dixerunt
2147 5686 2282 5744 ergo
2313 5672 2487 5728 Judmi
2513 5692 2526 5728 :
2551 5672 2932 5748 Quadraginta
2967 5692 3064 5734 sex
3099 5679 3258 5736 annis
3280 5692 3472 5737 extru-

53 5753 336 5830 δομήθη
369 5754 398 5806 6
422 5753 549 5818 ναὸς
579 5747 758 5822 οὗτος,
801 5753 900 5810 καὶ
932 5754 998 5808 σὺ
1024 5754 1083 5807 ὲν
1112 5753 1296 5824 τρισὶν
1331 5753 1574 5826 ἡμέραις
1608 5755 1736 5824 ἐγε-

1847 5768 1994 5814 ctum
2036 5771 2120 5817 est
2156 5764 2425 5835 templum
2449 5765 2572 5828 hoc,
2602 5775 2656 5821 et
2685 5774 2742 5820 tu
2770 5747 2825 5821 in
2868 5769 3043 5824 tribus
3071 5769 3270 5826 diebus
3291 5772 3471 5843 eriges

65 5851 240 5927 ρεῖς
280 5847 488 5915 αὐτόνς
534 5848 778 5914 Ἐκεῖνος
827 5848 886 5902 δὲ
938 5848 1097 5918 ἔλεγε
1137 5848 1268 5921 περὶ
1295 5847 1393 5902 τοῦ
1449 5848 1581 5902 ναοῦ
1640 5848 1736 5903 τοῦ

1849 5853 2022 5908 illud?
2054 5855 2123 5909 At
2150 5855 2241 5910 ille
2266 5857 2576 5914 dicebatdc
2622 5863 2822 5930 :rmgzlu
2859 5864 3110 5933 corporis
3163 5865 3272 5920 sui.
3327 5864 3472 5923 Cum

61 5947 380 6014 σώματος
420 5941 616 5998 αὑτοῦ.
645 5942 781 5996 Ὅτε
807 5941 901 5996 οῦν
926 5942 1139 6015 ἠγέρθη
1180 5945 1246 5998 ὲκ
1299 5943 1538 6014 νεκρῶν,
1574 5944 1736 6014 ὲμνή.

1848 5958 1980 6015 ergo
2015 5946 2418 6004 resurrexisset
2447 5964 2477 6003 α
2513 5950 2776 6021 mortuis,
2809 5954 3089 6012 recordati
3123 5965 3254 6011 sunt
3304 5958 3471 6015 disci-

55 6041 335 6108 σθησαν
361 6037 414 6090 oi
452 6036 702 6110 μαθηταὶ
732 6035 927 6103 αὑτοῦ,
963 6038 1048 6090 ὅτι
1089 6036 1249 6091 τοῦτο
1305 6037 1497 6108 ἔλεγεν
1529 6037 1736 6107 αὐτοῖς,

1851 6037 1963 6108 puli
2005 6037 2124 6109 ejus
2183 6039 2330 6111 quod
2373 6042 2476 6097 hoc
2506 6040 2768 6111 dixisset,
2815 6054 2871 6101 et
2911 6047 3272 6103 crediderunt
3320 6046 3472 6108 Scri-

55 6131 216 6193 καὶ
239 6130 582 6190 ιπίστευσαν
629 6136 698 6207 τῇ
723 6133 947 6207 Γραφῇ,
976 6134 1072 6189 καὶ
1104 6132 1184 6206 τῷ
1235 6131 1378 6204 Mam)
1424 6125 1469 6205 ᾧ
1505 6127 1662 6190 εἷπεν
1713 6135 1736 6189 ό

1853 6141 2052 6206 ptum,
2079 6144 2136 6194 et
2164 6137 2410 6196 sermoni
2446 6152 2612 6198 quem
2649 6139 2865 6198 dixerat
2891 6138 3075 6201 Jesus.
3117 6161 3136 6197 ι
3164 6141 3466 6204 Posumam
