4052 6532
638 333 781 401 1203

1497 340 2080 403 THEOPHYLACTI
2115 339 2526 404 BULGARLE
2568 340 2928 404 ARCHIEP.

3774 335 3906 406 i201

703 452 870 512 Vens.
890 457 942 510 5.
966 455 1266 526 Respondit
1283 455 1464 524 Iesus,
1492 460 1697 515 etdisit
1721 463 1770 517 ei
1799 479 1811 514 :
1839 462 2031 526 Amen,
2061 475 2207 516 amcr

2402 479 2421 512 ι
2474 461 2779 533 Ἀπεκρίθη
2805 461 2833 514 ὁ
2873 457 3106 530 Ἰησοῦς,
3160 457 3250 513 καὶ
3284 451 3440 513 εἶπεν
3481 457 3672 531 αὐτῷ·
3728 458 3909 531 Ἆμίρ,

628 547 752 601 dico
789 547 908 610 tibi,
955 548 1058 605 nisi
1093 549 1219 620 quis
1251 560 1416 607 natus
1465 552 1630 606 fuerit
1661 567 1916 622 superne.
1953 567 2062 605 non
2116 568 2216 623 pu-

628 648 732 694 test
763 640 948 696 videre
995 657 1220 715 rcgnum
1274 643 1392 700 Dei.
1439 666 1457 698 ε
1499 645 1765 700 Videntur
1817 647 1981 701 verba
2031 663 2151 717 qua:
2188 662 2218 700 a

2325 554 2470 624 ἀμὴν
2504 543 2646 620 λέγω
2690 571 2794 617 σοι,
2827 552 2921 606 ἐὰν
2958 551 3144 622 μήτις
3168 553 3412 623 γεννηθῇ
3442 551 3691 619 ἄνωθεν,
3722 555 3784 606 οὺ
3829 554 3912 608 δύο

2322 665 2479 702 νιται
2517 649 2645 701 ἰδεῖν
2700 647 2802 718 τὴν
2863 645 3151 717 βασιλείαν
3208 645 3306 699 τοῦ
3346 645 3506 700 Θεοῦ.
3566 664 3586 697 ι
3633 647 3800 700 Δοκεῖ
3847 646 3909 702 τὰ

627 733 914 790 Salvatore
940 737 1107 803 dicta,
1151 738 1287 795 nihil
1340 739 1582 796 alludere
1609 742 1676 795 ad
1702 757 1788 804 ea,
1824 757 1946 812 qua!
1978 756 2005 793 a
2062 739 2207 793 Nim-

2321 740 2474 809 παρα
2529 738 2623 791 τοῦ
2674 739 2930 808 Σωτῆρος
2971 736 3107 808 προς
3138 737 3232 790 τὸν
3266 736 3585 807 Νικόδημον
3642 736 3901 806 ρηθέντα,

623 829 784 882 demo
819 831 962 884 dicta
995 848 1010 886 :
1042 842 1093 885 at
1122 833 1167 889 si
1197 833 1322 902 quis
1369 843 1513 890 recte
1558 835 1877 899 attenderit,
1913 836 2068 891 valde
2089 851 2218 889 con-

627 934 826 988 gruere
869 922 1129 979 inveniet.
1172 924 1626 993 Quandoquidem
1679 924 2011 982 Nicodcmus
2041 928 2217 980 humi-

623 1010 728 1066 lctn
763 1014 828 1068 de
867 1013 1084 1070 Christo
1142 1016 1376 1072 habebat
1419 1018 1758 1082 opinionem,
1825 1033 2020 1084 nempe
2070 1017 2215 1086 quod

625 1103 892 1172 magister
925 1116 1093 1171 esset,
1154 1122 1217 1161 ac
1256 1106 1398 1161 Deus
1432 1119 1579 1162 esset
1625 1123 1748 1162 cmn
1804 1109 1918 1170 illo,
1980 1107 2117 1164 dicit
2165 1109 2214 1164 ei

624 1193 924 1252 Dominus:
960 1197 1152 1254 Merito
1186 1200 1259 1252 ita
1293 1200 1359 1254 de
1409 1216 1496 1255 tne
1527 1201 1731 1266 sentis;
1792 1201 2029 1255 nondum
2067 1203 2213 1255 enim

623 1297 781 1342 natus
808 1303 1142 1361 essuperne,
1181 1292 1280 1346 hoc.
1322 1302 1426 1354 cst,
1465 1308 1492 1344 a
1536 1293 1642 1346 lico
1687 1291 1955 1359 spirituaii
2013 1290 2216 1345 nativi-

625 1391 755 1444 tate,
779 1384 886 1437 sed
921 1383 1157 1438 carnalis
1184 1399 1278 1438 cs:
1310 1383 1615 1453 etcOguitio
1633 1401 1798 1454 quam
1831 1385 1897 1439 de
1917 1400 2002 1438 me
2021 1385 2211 1448 habes,

619 1488 725 1527 non
762 1487 843 1528 est
871 1476 1198 1544 spiritualis,
1249 1479 1342 1530 sed
1379 1477 1651 1541 animalis,
1703 1485 1759 1530 et
1804 1477 2064 1529 humana.
2104 1476 2214 1542 Ego

617 1575 800 1618 autem
832 1566 955 1618 dico
989 1567 1111 1630 tibi,
1169 1568 1314 1634 quod
1370 1567 1472 1620 nisi
1530 1576 1610 1632 tu,
1665 1576 1719 1620 et
1763 1566 2015 1635 quisquis
2075 1565 2213 1618 alius

617 1657 804 1721 fuerit,
841 1673 1080 1727 superne
1115 1669 1170 1713 ct
1202 1677 1268 1715 cx
1306 1659 1416 1714 Deo
1443 1661 1552 1713 uati
1600 1659 1835 1714 fueritis.
1882 1670 1936 1713 et
1973 1658 2115 1728 piam
2157 1667 2212 1710 et

617 1751 838 1820 dignam
877 1753 1052 1805 deme
1082 1753 1396 1821 Opinionem
1429 1753 1750 1818 habueritis,
1790 1762 1943 1807 extra
1980 1765 2207 1821 regnum

2319 833 2575 901 οὖδεμιαν
2605 833 2885 885 κοινωνίαν
2907 831 3051 901 ἔχειν
3092 829 3230 900 πρὸς
3275 827 3311 882 ἃ
3345 827 3572 898 εἴρηκεν
3603 830 3633 882 ό
3681 826 3910 900 Νικόδη-

2323 943 2421 995 μος
2451 939 2464 953 °
2493 924 2571 995 τῷ
2594 924 2650 978 δὲ
2680 924 3009 996 προσέχοντι
3060 923 3156 976 καὶ
3191 920 3363 990 πολλὴ
3404 921 3672 974 κοινωνία
3727 921 3906 989 ἔμφα-

2318 1019 2564 1085 νήσεται.
2611 1015 2762 1068 Ἐπεὶ
2794 1016 2901 1085 γὰρ
2925 1017 2952 1068 ὁ
2975 1014 3288 1084 Νικόδημος
3320 1011 3599 1082 ὑπόληψιν
3641 1005 3765 1082 εἶχε
3788 1013 3912 1081 rupi

2324 1115 2566 1186 Χριστοῦ
2617 1115 2907 1182 ταπεινὴν,
2963 1115 3047 1168 ὅτι
3088 1110 3414 1174 διδάσκαλός
3450 1113 3590 1176 ἑστι,
3627 1109 3727 1164 καὶ
3765 1110 3846 1163 ὃτι
3888 1108 3912 1162 ὸ

2317 1207 2451 1269 ess;
2478 1209 2594 1262 ἐστι
2636 1207 2753 1278 μετ’
2788 1205 2977 1270 αὑτοῦ,
3017 1206 3156 1276 φησὶ
3208 1204 3346 1275 πρὸς
3389 1203 3559 1257 αὑτὸν
3606 1205 3638 1256 ὁ
3687 1201 3912 1271 Κύριος,

2314 1300 2398 1353 ὃτι
2417 1300 2658 1364 Εἰκότως
2673 1300 2818 1370 ἔχεις
2839 1298 3096 1370 τοιαύτην
3121 1295 3395 1366 ὑπόληψιν
3413 1312 3480 1347 πε
3490 1295 3544 1364 pi.
3563 1292 3729 1364 ἐμοῦ.
3753 1291 3914 1347 Οὔπω

2316 1394 2424 1462 γὰρ
2454 1393 2752 1462 ἐγεννήθης
2794 1391 3028 1451 ἄνωθεν.
3053 1391 3360 1451 τουτέστιν,
3396 1390 3460 1442 ἐκ
3493 1387 3634 1441 Θεοῦ
3667 1391 3914 1456 πνενμα-

2315 1484 2475 1556 τικὴν
2503 1485 2783 1555 γέννησιν,
2826 1484 2942 1537 ἀλλ’
2982 1483 3061 1537 ἔτι
3104 1483 3371 1553 σαρκικδς
3397 1477 3470 1547 εἴ,
3499 1481 3596 1534 καὶ
3628 1482 3661 1549 ἡ
3687 1479 3913 1548 γνῶσις,

2315 1577 2382 1646 ἢν
2400 1576 2543 1646 ἔχεις
2565 1576 2695 1646 περὶ
2714 1576 2872 1647 ἐμοῦ,
2899 1577 2998 1630 οὐκ
3019 1577 3135 1629 ἔστι
3158 1592 3411 1645 πνευματ
3439 1573 3531 1644 κὴ,
3558 1571 3697 1625 ἀλλὰ
3711 1571 3912 1644 ψυχικὴ

2316 1667 2413 1720 καὶ
2446 1665 2796 1739 ἀνθρωπική.
2842 1666 2987 1735 Ἐγὼ
3009 1667 3064 1720 δὲ
3101 1666 3248 1735 λίγω
3287 1683 3392 1733 σοι,
3422 1667 3506 1719 ὅτι
3550 1667 3652 1717 καὶ
3692 1663 3784 1726 σὺ,
3821 1664 3912 1715 καὶ

2317 1759 2476 1824 ἄλλος
2505 1759 2782 1825 ὁστισοῦν,
2821 1759 2918 1814 ἐὰν
2971 1759 3046 1830 μὴ
3071 1759 3284 1813 ἄνωθεν
3328 1760 3423 1812 καὶ
3456 1760 3520 1812 ὲκ
3553 1757 3694 1812 Θεοῦ
3718 1773 3913 1825 γεννηο

614 1845 880 1899 cmlorum
909 1847 1063 1901 estis.
1109 1844 1384 1901 Nzitivitas
1435 1847 1578 1900 enim
1613 1860 1711 1916 per
1757 1847 2108 1914 baptismum,
2148 1843 2207 1898 il-

2317 1852 2522 1918 θέντες,
2560 1853 2660 1922 τὴν
2687 1852 2848 1915 ἀξίαν
2876 1851 3036 1918 δόξαν
3072 1853 3204 1923 περὶ
3226 1851 3363 1923 ιμοῦ
3395 1851 3642 1913 λάϐοιτε,
3674 1848 3786 1913 ἔξω
3807 1846 3908 1916 τῆς

615 1937 1028 1993 Iuminationem
1079 1939 1326 2006 pmbeus
1376 1939 1595 2001 animm,
1647 1952 1871 2009 regnum
1930 1935 2044 2002 Dei,
2111 1937 2213 1991 hoc

615 2039 722 2091 est,
767 2030 1110 2100 unigenitum
1150 2031 1302 2110 illius
1331 2032 1550 2096 Filium,
1580 2033 1788 2097 videre,
1822 2032 1925 2087 hoc
1963 2042 2069 2090 est.
2130 2031 2213 2085 in-

613 2122 860 2192 telligere
885 2124 998 2176 dat.
1032 2121 1168 2177 Nam
1193 2123 1335 2178 sicut
1371 2122 1461 2178 Dci
1487 2123 1759 2193 sapientia
1797 2122 1970 2179 Filius
1998 2135 2104 2187 est,
2135 2124 2208 2178 ita

613 2228 663 2270 et
694 2229 924 2285 regnum
957 2231 1178 2286 quoque
1237 2216 1331 2272 Dei
1365 2217 1588 2272 dicitur.
1626 2217 1738 2273 lloc
1797 2234 1931 2275 sane
1982 2233 2208 2289 regnum

611 2320 776 2360 nemo
809 2307 976 2372 videt,
1016 2308 1120 2363 hoc
1162 2318 1270 2376 est,
1320 2308 1595 2380 intelligit,
1650 2324 1685 2365 ο
1731 2310 2048 2372 Nicodemc,
2104 2310 2207 2365 nisi

609 2405 774 2452 natus
806 2395 970 2454 fuerit
1005 2413 1034 2452 a
1084 2398 1233 2454 Deo:
1267 2407 1435 2468 atque
1487 2399 1560 2453 ita
1603 2398 1770 2454 etiam
1807 2410 1883 2465 tu,
1947 2400 2205 2471 quoniam

611 2491 853 2547 nondum
883 2501 1042 2547 natus
1071 2507 1132 2548 es
1155 2491 1541 2562 spiritualiter,
1573 2501 1865 2562 propterea
1915 2509 2021 2548 non
2053 2494 2208 2548 vides

612 2598 699 2638 me
731 2599 954 2655 regnum
993 2586 1111 2650 Dei,
1156 2587 1299 2642 sicut
1327 2594 1568 2656 oportet,
1622 2584 1720 2642 sed
1775 2586 2040 2643 humilem
2089 2587 2209 2658 opi-

615 2678 833 2734 nionem
862 2679 930 2735 de
975 2694 1062 2735 me
1107 2679 1296 2735 babes.

681 2956 853 3018 Vsus.
887 2960 943 3030 ι,
975 2960 1031 3019 5.
1059 2981 1078 3015 ι
1107 2959 1246 3017 Dicit
1270 2960 1337 3016 ad
1372 2973 1495 3014 eum
1525 2956 1851 3013 Nicodcmus
1879 2974 1891 3009 :
1921 2953 2207 3023 Quomodo

611 3065 792 3127 potest
824 3056 988 3111 homo
1017 3054 1194 3120 nasci,
1223 3068 1347 3109 cum
1395 3053 1466 3108 sit
1506 3049 1712 3107 senex?
1747 3049 1887 3105 Num
1923 3059 2106 3118 potest
2151 3048 2204 3101 in

612 3158 862 3205 ventrem
903 3149 1095 3203 matris
1151 3161 1264 3202 sum
1305 3146 1505 3201 iterum
1543 3140 1804 3210 introire,
1831 3156 1895 3198 ac
1946 3139 2206 3196 renasci?

611 3243 916 3315 Respondit
943 3240 1104 3298 Jesus
1136 3256 1150 3292 :
1186 3242 1385 3304 Amen,
1419 3253 1580 3294 amen
1616 3236 1739 3292 dico
1781 3236 1900 3300 tibi,
1935 3233 2042 3290 nisi
2079 3217 2206 3303 quis

611 3351 835 3395 renatus
861 3336 1023 3392 fuerit
1045 3351 1111 3392 ex
1147 3350 1285 3405 aqua
1308 3343 1363 3388 et
1392 3332 1628 3402 Spiritu,
1663 3345 1770 3386 non
1795 3339 1978 3400 potest
1999 3329 2207 3383 intrare

608 3434 665 3488 in
701 3446 929 3501 regnum
989 3430 1105 3485 Dei.
1145 3447 1165 3482 ι
1207 3427 1453 3483 Audiens
1503 3425 1836 3480 Nicodcmus
1895 3421 2203 3477 doctrinam

607 3525 731 3596 plus
777 3538 944 3594 quam
977 3523 1302 3587 humanam,
1343 3520 1632 3587 stupescit,
1661 3529 1715 3572 ct
1765 3532 1961 3588 passus
2008 3517 2208 3570 huma-

607 3634 738 3672 num
763 3616 1021 3684 quiddam
1060 3615 1385 3681 interrogat,
1409 3611 1700 3678 Quomodo
1731 3609 1945 3680 potest?
1978 3609 2030 3663 id
2059 3607 2203 3677 quod

609 3705 1014 3764 Incrednlitatis
1049 3714 1135 3761 est
1155 3704 1393 3776 signum.
1425 3701 1528 3759 Ubi
1561 3702 1709 3757 enim
1759 3700 1894 3753 lides
1954 3713 2061 3752 non
2097 3707 2203 3762 est,

608 3799 776 3874 55,0
812 3799 920 3854 ill;c
939 3799 1227 3868 quzeritur,
1248 3794 1542 3863 Quomodo
1573 3790 1709 3849 hoc?
1727 3801 1780 3847 et
1803 3832 1820 3857 ,
1855 3790 2038 3858 Quare
2063 3791 2166 3844 hoc
2185 3787 2211 3844 ἳ

607 3894 906 3964 Propterea
944 3891 1176 3948 ridicula
1202 3889 1484 3945 Nicodemi
1516 3887 1679 3942 verba
1706 3895 1997 3956 apparent.
2021 3881 2206 3954 Neque

607 3989 752 4046 enim
789 3987 1054 4043 intellexit
1103 3984 1446 4056 spiritualem
1485 3981 1855 4042 nativitatem,
1899 3980 1993 4034 sed
2056 3993 2207 4031 meu-

610 4085 813 4137 tionem
871 4079 1176 4149 corporalis
1242 4077 1453 4131 ventris
1507 4076 1657 4130 facil.
1702 4073 2000 4143 Postquam
2055 4071 2202 4126 enim

608 4176 843 4235 audivit,
887 4192 906 4225 ι
940 4172 1050 4227 Nisi
1086 4171 1208 4241 quis
1260 4168 1495 4234 ἄνωθεν,
1545 4186 1564 4219 ι
1618 4181 1649 4223 e
1698 4166 1978 4237 supernis,
2038 4163 2203 4217 fuerit

610 4278 796 4332 natus,
852 4265 1208 4322 existimatur
1257 4262 1471 4319 ἄνωθεν
1521 4262 1589 4316 ab
1648 4261 1830 4323 initio,
1887 4269 1945 4313 et
1996 4259 2204 4318 denuo,

608 4368 774 4428 atque
824 4359 934 4414 tale
968 4356 1248 4427 quippiam
1281 4354 1427 4411 dici:
1483 4353 1598 4409 Nisi
1636 4354 1762 4424 quis
1805 4354 1876 4408 ab
1948 4350 2109 4406 initio
2153 4357 2209 4403 et

608 4457 787 4509 denuo
823 4461 1084 4506 nascatur
1115 4468 1128 4502 :
1160 4458 1214 4505 et
1246 4457 1532 4518 pr0pterea
1580 4447 1713 4502 dicit
1746 4464 1760 4501 :
1788 4445 2076 4514 Quomodo
2107 4463 2206 4517 po-

2231 3201 2278 3264 ο

2317 1947 2600 2018 βασιλείας
2630 1949 2775 2000 ἐστέ.
2825 1947 2888 2000 Ἦ
2919 1945 3028 2016 γὰρ
3065 1945 3157 1999 διὰ
3190 1943 3286 1998 τοῦ
3347 1941 3737 2015 βαπτίσματος
3793 1938 3914 2006 γιν-

2314 2058 2468 2110 νησις
2530 2039 2816 2111 φωτισμὸν
2851 2038 3158 2108 ἐμποιοῦσα
3195 2039 3263 2107 τῇ
3298 2035 3468 2105 ψυχῇ,
3511 2033 3614 2104 τὴν
3643 2031 3744 2084 τοῦ
3775 2025 3911 2082 Θεοῦ

2316 2134 2616 2206 βασιλείαν,
2651 2135 2771 2205 ἦτοι
2821 2133 2916 2186 τὸν
2976 2133 3248 2201 μονογενῆ
3303 2129 3432 2182 Υἰὸν
3459 2127 3632 2183 αὑτοῦ
3669 2125 3912 2196 βλέπειν,

2311 2229 2582 2287 τουτέστι.
2618 2227 2784 2287 νοεῖν,
2819 2224 3062 2278 δίδωσιν.
3102 2224 3318 2292 Ὠσπερ
3347 2223 3458 2293 γὰρ
3489 2218 3632 2274 Θεοῦ
3666 2218 3834 2286 σοφία
3885 2217 3911 2270 6

2312 2319 2460 2382 Υἱὸς,
2496 2318 2641 2372 οῦτω
2669 2317 2736 2388 δὴ
2767 2317 2862 2370 καὶ
2891 2316 3145 2386 βασιλεία
3177 2314 3317 2367 Θεοῦ
3354 2313 3520 2374 αὐτὸς
3558 2311 3629 2365 ἂν
3678 2309 3913 2376 λέγοιτο.

2309 2408 2530 2479 Ταύτην
2563 2409 2620 2462 δὲ
2658 2409 2757 2480 τὴν
2793 2407 3076 2478 βασιλείαν
3109 2407 3210 2460 οὐκ
3242 2406 3312 2460 ἂν
3344 2405 3444 2459 ῐδοι
3478 2421 3586 2468 τις,
3644 2404 3913 2468 τουτέστι,

2310 2503 2517 2572 νοήσοι,
2545 2494 2591 2554 ὦ
2619 2500 2929 2571 Νικόδημε,
2966 2501 3015 2553 εἰ
3050 2499 3128 2571 μὴ
3179 2497 3423 2568 γεννηθῇ
3479 2497 3546 2550 ὲκ
3599 2494 3700 2548 τοῦ
3748 2493 3910 2550 Θεοῦ.

2311 2599 2478 2652 ’Ὥστε
2513 2598 2608 2650 καὶ
2639 2596 2727 2661 σὺ,
2760 2597 2886 2649 ἐπεὶ
2957 2595 3058 2649 οὐκ
3098 2593 3401 2664 ἐγεννήθης
3448 2590 3609 2646 οῦπω
3659 2607 3912 2660 πνευμα-

2309 2687 2500 2751 τικῶς,
2531 2687 2619 2741 διὰ
2638 2686 2796 2741 τοῦτο
2828 2687 2888 2740 οῦ
2923 2687 3148 2757 βλέπεις
3185 2686 3309 2756 ἐμὲ,
3345 2685 3444 2754 τὴν
3479 2683 3768 2754 βασιλείαν
3817 2681 3912 2736 τοῦ

2309 2777 2471 2843 Θεοῦ,
2517 2777 2661 2832 καθὰ
2705 2778 2808 2843 δεῖ,
2863 2777 3002 2831 ἀλλὰ
3050 2776 3316 2847 ταπεινὴν
3370 2774 3529 2840 δόξαν
3576 2774 3726 2846 ἔχεις
3783 2774 3914 2843 περὶ

2309 2872 2470 2943 ἰμοῦ.

2390 2989 2409 3021 ‹
2462 2967 2627 3037 Λέγει
2681 2966 2821 3040 πρὸς
2869 2965 3034 3020 αὐτὸν
3072 2967 3101 3019 ὁ
3161 2963 3490 3035 Νικόδημος,
3528 2962 3657 3027 Πῶς
3685 2959 3914 3016 δύναται

2311 3063 2604 3137 ἅνθρωπος
2639 3061 2994 3133 γεννηθῆναι.
3053 3059 3236 3130 γέρων
3267 3057 3378 3122 ῶν;
3415 3058 3508 3128 Μὴ
3535 3055 3769 3110 δύναται
3805 3054 3910 3117 -οίς

2309 3161 2409 3233 τὴν
2439 3160 2648 3214 κοιλίαν
2703 3159 2804 3226 τῆς
2839 3155 3047 3226 μητρὸς
3100 3153 3273 3208 αὐτοῦ
3307 3151 3569 3222 δεύτερον
3615 3147 3913 3212 εἰσελθεῖν.

2312 3254 2410 3309 καὶ
2441 3254 2812 3323 γεννηθῆναι;
2866 3249 3176 3321 ’Δπεκρίθη
3226 3245 3440 3317 Ἰησοῦς
3467 3261 3482 3277 ⁶
3530 3244 3731 3315 ’Δμὴν,
3764 3242 3915 3314 ἀμὴν

2325 3344 2474 3414 λέγω
2497 3361 2602 3408 σοι,
2643 3343 2739 3396 ἐὰν
2773 3342 2939 3413 μήτις
2981 3338 3220 3410 γεννηθῇ
3261 3338 3322 3402 ἐξ
3375 3336 3572 3400 ὓδατος
3609 3339 3706 3389 καὶ
3739 3333 3914 3391 Himi-

2314 3456 2508 3510 ματος,
2540 3438 2602 3491 οὐ
2621 3436 2850 3490 δύναται
2888 3434 2969 3497 εις
2998 3434 3096 3504 τὴν
3136 3430 3418 3510 panicias:
3571 3426 3710 3490 Θεοῦ
3740 3426 3916 3490 εῑσελ⁴

2311 3505 2446 3584 θεῖν.
2478 3547 2498 3582 ι
2536 3526 2786 3583 ’Λκούων
2822 3529 2850 3580 ὁ
2886 3523 3201 3593 Νικόδημος
3238 3505 3413 3592 μείζὼ
3451 3505 3813 3589 ἀνθρωπίνης
3851 3516 3917 3571 δι-

2308 3620 2631 3685 δασκαλίας,
2658 3617 3045 3688 ἐκπλήττεται,
3077 3615 3174 3669 καὶ
3201 3612 3395 3668 ⁸ιὶαθὼν
3415 3609 3770 3682 ἀνθρώπινον
3800 3607 3910 3662 πά-

2310 3713 2426 3778 θος,
2455 3712 2669 3782 ἐρωτᾷ·
2710 3729 2728 3761 ι
2761 3707 2888 3769 Πῶς
2936 3705 3205 3772 δύναται;
3235 3724 3254 3756 ι
3296 3704 3436 3774 ὅπερ
3478 3701 3750 3764 ἀπιστίας
3801 3699 3917 3754 ἐστὶ

2312 3804 2566 3872 σημεῖον.
2596 3803 2773 3856 Ὅπου
2801 3799 2910 3869 γὰρ
2938 3799 3123 3862 πίστις
3147 3798 3250 3850 οῦκ
3295 3796 3466 3859 ἔστιν,
3515 3796 3634 3847 ἐκεῖ
3662 3793 3744 3858 τὺ,
3796 3791 3917 3857 Πῶς

2311 3897 2457 3961 τὶδες
2491 3895 2604 3959 καὶ,
2639 3895 2736 3947 Διὰ
2760 3893 2812 3945 τί
2843 3893 2998 3959 τόδε;
3027 3891 3118 3945 Διὸ
3148 3892 3244 3944 καὶ
3278 3888 3673 3956 καταγέλαστα
3710 3885 3788 3940 τὰ
3824 3883 3918 3939 τοῦ

2312 3989 2632 4058 Νικοδήμου
2696 3989 2920 4058 ῥήματα
2975 3985 3286 4054 φαίνονται.
3351 3982 3427 4036 Οὖ
3490 3979 3604 4052 γὰρ
3660 3979 3916 4047 ἐνενόησε

2312 4081 2571 4150 γέννησιν
2623 4077 3032 4149 πνευματικὴν,
3092 4075 3232 4129 ἀλλὰ
3291 4074 3534 4144 γαστρὸς
3590 4073 3919 4144 σωματικῆς

2313 4176 2612 4248 μέμνηται.
2649 4172 2804 4228 Ἐπεὶ
2829 4171 2937 4242 γὰρ
2969 4171 3172 4243 ἤκουσε
3202 4167 3284 4231 τὸ,
3317 4187 3336 4220 ι
3397 4167 3526 4220 Ἐὰν
3557 4166 3633 4236 μή
3669 4182 3758 4228 τις
3799 4180 3918 4232 γεν-

2310 4266 2450 4338 νηθῇ
2479 4265 2710 4328 ἄνωθεν,
2749 4282 2768 4317 s
2803 4263 3024 4334 ἐνόμισε
3047 4261 3109 4315 τὸ
3143 4260 3382 4314 ἄνωθεν
3430 4257 3579 4310 οῦτω
3626 4256 3914 4323 λέγεσθαι,

2311 4358 2584 4417 mnos.
2628 4356 2687 4424 se
2737 4357 2941 4426 ἀρχῆς,
2998 4355 3064 4407 ἐκ
3107 4353 3367 4424 δευτέρου
3399 4366 3414 4382 ο
3463 4350 3610 4404 ὥστε
3671 4347 3819 4405 εἶναι
3860 4350 3920 4405 τὸ

2313 4451 2610 4520 λεγόμενον
2639 4450 2881 4502 τοιοῦτον
2903 4463 2919 4479 θ
2960 4447 3086 4500 Ἐὰν
3122 4447 3198 4518 μή
3235 4462 3320 4508 τις
3343 4445 3582 4516 γεννηθῇ
3640 4445 3702 4511 ἐξ
3747 4445 3920 4516 ἀρχῆς

607 4557 713 4603 test
747 4548 794 4602 is
824 4547 914 4616 qui
954 4560 1118 4600 senex
1151 4553 1257 4604 est,
1283 4544 1463 4596 denuo
1491 4542 1697 4597 intrare
1741 4544 1794 4595 in
1828 4549 2043 4596 uterum
2082 4557 2202 4596 ma—

2314 4543 2407 4598 καὶ
2440 4545 2504 4595 ἐκ
2533 4541 2814 4613 δευτέρου.
2859 4539 2958 4593 Διά
3001 4538 3162 4592 τοῦτο
3191 4533 3287 4592 οῦν
3335 4554 3494 4607 φησι,
3526 4535 3658 4601 Πῶς
3695 4537 3920 4593 δύναται

611 4641 710 4694 tris
742 4639 895 4694 suat?
923 4637 1054 4690 Nam
1093 4638 1200 4690 dun
1231 4636 1381 4689 illum
1408 4633 1684 4688 taciebant
1712 4635 2055 4704 perplexum,
2100 4650 2200 4688 ua-

612 4733 799 4786 tivitas
828 4730 1040 4784 scilicet
1069 4727 1396 4796 spiritualis,
1429 4737 1482 4782 et
1506 4741 1755 4797 regnum.
1809 4729 2002 4797 Neque
2052 4729 2198 4784 enim

607 4838 806 4879 nomen
841 4821 989 4890 regni
1023 4820 1286 4875 cmlorum
1320 4818 1566 4872 auditum
1595 4818 2031 4889 erataliquando
2061 4821 2201 4888 apud

609 4913 848 4968 Judreos.
880 4912 1035 4966 Nunc
1061 4911 1227 4981 igitur
1251 4911 1319 4965 de
1351 4910 1637 4965 uativitate
1657 4912 1894 4976 dubitat,
1919 4922 2202 4980 propterea

611 5018 665 5062 et
713 5009 967 5063 Christus
1027 5007 1074 5061 ei
1127 5003 1476 5060 manifestius
1531 5005 1838 5075 spiritualis
1901 5005 2204 5060 nativitatis

611 5100 831 5155 modum
861 5097 1066 5153 revelat
1101 5116 1112 5152 :
1155 5116 1173 5149 ι
1223 5095 1341 5153 Nisi
1391 5098 1517 5162 quis
1555 5107 1840 5166 nascatur,
1891 5099 2100 5162 dicens,
2134 5113 2200 5153 ex

611 5209 754 5262 aqua
785 5204 840 5249 et
869 5193 1101 5263 Spiritu.
1137 5209 1158 5243 ι
1199 5188 1374 5244 Homo
1403 5206 1526 5245 cum
1559 5207 1622 5246 ex
1648 5191 1860 5246 duobus
1884 5199 2118 5252 constet,
2140 5207 2205 5246 ex

613 5302 848 5358 corpore
887 5298 940 5340 et
975 5288 1185 5352 anima,
1228 5285 1396 5341 habet
1424 5285 1732 5340 nativitatis
1763 5301 1983 5356 quoque
2027 5285 2206 5356 dupli-

614 5396 734 5436 cem
772 5381 1016 5434 modum.
1062 5382 1214 5451 Aqua
1254 5380 1401 5436 enim
1457 5383 1500 5435 si
1532 5380 1823 5435 visibiliter
1873 5382 2202 5452 accipiatur,

617 5475 682 5529 ad
718 5474 968 5541 corporis
990 5475 1224 5544 pertinet
1264 5472 1743 5542 puriﬁcationem;
1783 5473 2028 5543 Spiritus
2079 5489 2206 5529 vero

618 5567 967 5623 invisibiliter
997 5580 1358 5633 concurrens,
1381 5567 1448 5622 ad
1472 5566 1763 5623 invisibilis
1811 5569 2009 5624 anima:
2043 5584 2201 5639 rcge-

619 5662 954 5716 uerationem
983 5659 1241 5731 pertinet.
1271 5661 1424 5726 Quod
1457 5661 1500 5716 si
1526 5675 1709 5732 rogas,
1732 5662 2006 5731 quomodo
2067 5679 2207 5734 aqua

619 5760 796 5823 potest
818 5752 1478 5826 generareﬁnterrogabo
1499 5761 1554 5809 ct
1576 5769 1696 5826 ego,
1719 5757 1995 5826 quomodo
2017 5771 2204 5812 semen

619 5859 673 5903 et
709 5848 884 5921 ipsum
945 5861 1209 5918 aquosum
1235 5847 1530 5916 exsistcns,
1578 5857 1756 5920 potest
1809 5850 1862 5907 in
1927 5850 2204 5908 hominem

2309 4638 2489 4709 γέρων
2510 4635 2585 4690 ὣν
2615 4635 2868 4706 δεύτερον
2893 4631 3163 4686 εἰσελθεῖν
3195 4632 3277 4694 είς
3307 4631 3406 4702 τὴν
3429 4629 3650 4684 κοιλίαν
3685 4631 3794 4700 τῆς
3822 4646 3918 4700 μη-

2306 4730 2434 4802 τρὸς
2456 4728 2656 4794 aii-:06;
2691 4727 2796 4781 Δύο
2830 4729 2942 4797 γὰρ
2971 4721 3116 4796 ἦσαν
3157 4723 3225 4778 τὰ
3268 4722 3532 4777 ποιοῦντα
3565 4724 3744 4778 αὐτὸν
3791 4726 3919 4778 dtu-

2315 4826 2449 4894 ρεϊν,
2489 4824 2523 4894 ἦ
2559 4840 2616 4875 τε
2653 4822 2907 4892 γέννησις
2952 4822 2984 4891 ὴ
3039 4817 3418 4891 πνευματικὴ,
3452 4819 3487 4890 ἦ
3521 4830 3581 4871 τε
3639 4819 3914 4889 βασιλεία.

2311 4916 2447 4969 Οὐδὲ
2483 4917 2592 4985 γὰρ
2621 4916 2793 4982 ξιομα
2829 4911 3118 4983 βασιλείας
3174 4910 3426 4982 οὐρανῶν
3479 4910 3743 4981 ἠκούσθη
3793 4910 3920 4964 ποτὲ

2313 5009 2464 5080 παρὰ
2509 5008 2659 5062 Ἱουδ.
2691 5009 2807 5070 ἰοις.
2839 5007 2991 5069 Τέως
3029 5006 3074 5059 δ’
3116 5001 3212 5060 οῦν
3254 5005 3386 5076 περὶ
3443 5004 3544 5072 τῆς
3601 5005 3920 5075 γεννήσεως

2311 5103 2529 5173 ἀπορεῖ,
2577 5101 2658 5156 διὸ
2715 5101 2812 5155 καὶ
2844 5100 2873 5152 ὁ
2935 5098 3178 5169 Χριστὸς
3217 5097 3559 5169 σαφέστερον
3627 5100 3785 5170 αὐτῷ
3832 5098 3921 5152 τδν

2307 5195 2407 5265 τῆς
2444 5195 2758 5264 γεννήσεως
2801 5193 2903 5262 τῆς
2941 5193 3332 5262 πνευματικῆς
3361 5191 3573 5262 τρόπον
3632 5191 3917 5247 ἀποκαλύ-

2309 5306 2457 5352 πτει,
2493 5307 2512 5338 ι
2540 5287 2665 5341 Ἐὰν
2697 5288 2774 5357 μή
2815 5304 2900 5347 τις
2931 5285 3172 5356 γεννηθῇ
3211 5285 3272 5350 ἐξ
3303 5283 3524 5349 ὓδατος,
3581 5285 3790 5354 λέγων,
3825 5287 3920 5340 καὶ

2311 5383 2652 5452 Πνεύματος,
2690 5399 2707 5432 ι
2744 5379 2978 5444 Διπλοῦς
3007 5381 3119 5449 γὰρ
3144 5377 3222 5432 ὢν
3248 5379 3278 5431 ὁ
3299 5377 3621 5450 ἄνθρωπος,
3654 5381 3724 5434 ὲκ
3742 5378 3917 5450 ψυχῆς

2311 5477 2405 5532 καὶ
2453 5476 2728 5545 σώματος,
2766 5473 2993 5527 διπλοῦν
3029 5472 3145 5549 ἔχει
3187 5473 3281 5526 καὶ
3316 5469 3410 5525 τὸν
3452 5472 3555 5542 τῆς
3602 5475 3917 5543 γεννήσεως

2313 5569 2533 5639 τρόπον.
2571 5566 2647 5620 Τὸ
2676 5566 2775 5636 μὲν
2801 5567 2912 5637 γὰρ
2935 5563 3085 5636 ὕδωρ
3121 5564 3336 5636 ὁρατῶς
3357 5563 3812 5637 λαμϐανόμενον,
3839 5565 3916 5627 είς

2311 5661 2410 5734 τὴν
2441 5661 2536 5716 τοῦ
2576 5662 2832 5733 σώματος
2870 5659 3143 5730 κάθαρσιν
3177 5660 3383 5712 νοεῖται
3408 5675 3423 5690 ·
3465 5657 3530 5712 τὸ
3580 5657 3640 5714 ss
3692 5656 3915 5727 Πνεῦμα

2315 5757 2568 5827 ἀοράτως
2610 5755 2926 5826 συντρέχον,
2984 5756 3064 5818 εις
3119 5753 3222 5824 τὴν
3260 5753 3362 5824 τῆς
3421 5751 3677 5825 ἀοράτου
3742 5751 3915 5824 ψυχῆς

2312 5849 2698 5923 ἀναγέννησιν.
2747 5850 2807 5902 ΕΞ
2837 5847 2893 5902 δὲ
2926 5849 3180 5920 ἐρωτᾷςι
3233 5846 3355 5911 Πῶς
3399 5847 3462 5901 τὸ
3499 5846 3654 5920 ὕδωρ
3697 5847 3912 5903 δύναται
