4052 6552
170 407 304 473 1205

850 403 1303 466 ENARRATIO
1349 402 1428 463 IN
1462 399 1974 463 EV’ANGELIUM
2025 396 2372 462 JOANNIS.
2401 421 2470 433 —
2495 395 2656 458 CAP.
2703 392 2817 455 ΠΙ.

3353 389 3490 456 1906

165 525 446 593 γεννῆσαι,
500 523 771 594 ἐρωτήσω
815 522 1012 591 κάγώ’
1046 522 1173 586 Πῶς
1227 523 1289 575 τὸ
1341 520 1593 592 σπέρμα,
1645 522 1772 575 ὑδα-

1907 516 2305 576 ranslormari?
2335 518 2509 590 igitur
2538 516 2684 572 sicut
2741 515 2794 568 in
2821 510 3099 584 corporali
3150 511 3365 570 semine
3411 523 3494 567 to-

165 615 334 677 τώδες
373 614 434 668 δν
472 615 570 668 καὶ
610 614 767 678 αὐτὸ,
805 614 1034 668 δύναται
1069 615 1151 679 εὶς
1191 613 1484 685 ἄνθρωπον
1538 615 1771 668 διαπλα-

169 706 395 778 σθῆναις
430 706 650 778 Ὠσπερ
685 706 778 761 οῦν
807 707 900 760 ἐπὶ
927 707 1024 760 τοῦ
1051 707 1382 777 σωματικοῦ·
1420 706 1765 776 σπέρματος,

168 801 227 853 τὸ
261 802 386 861 πᾶν,
417 800 522 869 τῆς
551 801 647 853 τοῦ
694 800 832 854 Θεοῦ
866 802 1094 873 χάριτός
1142 801 1295 854 ἐστιν
1328 818 1341 832 ·
1377 800 1524 855 οὕτω
1561 802 1657 855 καὶ
1680 803 1775 856 ἐπὶ

167 893 262 946 τοῦ
289 892 695 963 βαπτίσματος,
721 894 870 965 ὕδωρ
903 895 1216 948 ὑπόκειται.
1263 895 1423 949 Ἀλλὰ
1453 894 1515 948 τὸ
1548 894 1776 966 Πνεῦμα

169 986 235 1037 τὰ
271 987 451 1039 πάντα
483 987 722 1056 ἐνεργεῖ,
761 988 912 1057 καὶὴ
975 988 1066 1041 διὰ
1093 988 1202 1042 τῶν
1237 987 1415 1059 εὐχῶν
1459 988 1771 1060 ἐπίκλησις,

168 1075 267 1128 τοῦ
297 1076 434 1130 Θεοῦ
470 1077 528 1130 δὲ
564 1077 770 1147 μᾶλλον
806 1079 1109 1149 παρουσία.
1138 1080 1331 1148 Ταφῆς
1357 1078 1469 1149 γὰρ
1497 1079 1593 1136 καὶ
1642 1080 1773 1132 ἀνα-

171 1173 418 1231 στάσεως
465 1169 714 1240 σύμϐολα
745 1172 840 1222 καὶ
871 1168 1039 1224 εἰκὼν
1087 1171 1148 1223 ὲν
1183 1171 1263 1237 τῷ
1289 1170 1445 1224 ὕδατι
1472 1168 1653 1241 τούτῳ
1680 1187 1772 1223 τε-

151 1261 371 1315 -ὶεῖται,
403 1262 465 1315 Al
510 1263 661 1332 τρεῖς
707 1261 1060 1326 καταδύσεις,
1090 1263 1192 1331 τῆς
1238 1263 1546 1335 τριημέρου
1592 1263 1775 1333 ταφῆς

1881 623 1992 668 tum
2024 622 2108 668 est
2134 611 2328 683 gratim
2357 610 2580 676 divinae,
2619 609 2691 662 ita
2727 615 2783 662 et
2835 605 2890 659 in
2960 603 3294 675 baptismate
3351 618 3494 674 aqua

1880 706 2101 763 subdita
2132 714 2238 772 est,
2270 717 2322 760 et
2352 704 2594 776 Spiritus
2612 704 2796 757 omnia
2828 707 3111 768 operatur,
3135 709 3190 753 et
3222 696 3497 753 invocatio

1882 817 1979 872 per
2020 816 2232 871 preces,
2269 799 2383 854 imo
2423 797 2515 852 Dei
2565 793 2878 866 przesentia.
2925 791 3184 864 Symbola
3221 791 3369 846 enim
3409 805 3496 846 se-

1884 896 2119 964 pultura:
2151 903 2204 948 et
2241 891 2661 948 resurrectionis
2692 891 2744 944 in
2779 902 2918 956 aqua
2960 887 3051 942 illa
3106 884 3494 956 perﬁciuntur.

1886 987 2024 1043 Tres
2051 988 2352 1042 mersiones
2381 986 2651 1040 triduana:
2677 983 2974 1052 sepulturae
3015 980 3264 1052 symbola
3325 991 3494 1034 sunt:

1885 1079 2086 1135 deinde
2116 1080 2351 1148 emergit
2392 1079 2580 1143 homo,
2639 1078 2785 1131 sicut
2812 1075 3103 1136 Dominus,
3160 1071 3419 1144 fulgidior
3444 1083 3497 1127 et

1887 1172 2111 1238 clarior,
2171 1170 2608 1240 incorruptionis
2665 1167 2851 1224 ferens
2900 1166 3248 1232 indumenta,
3288 1166 3380 1235 qui
3446 1167 3498 1218 in

1886 1278 2026 1334 aqua
2063 1263 2470 1330 corruptionem
2503 1259 2848 1317 sumutersit.

172 1357 420 1422 σῦ;ι.6ολα
450 1374 463 1386 ·
489 1351 611 1410 εἶτα
636 1357 892 1411 ἀναδύνει
925 1360 954 1412 δ
982 1358 1275 1429 ἄνθρωπος
1306 1359 1504 1429 ὥσπερ
1528 1360 1556 1413 ὁ
1628 1359 1862 1430 Κύριος,
1899 1359 2294 1431 λαμπρότερον
2342 1359 2441 1412 καὶ
2486 1356 2850 1429 φαιδρότερον
2922 1355 2986 1408 τὸ
3031 1357 3132 1427 τῆς
3185 1352 3504 1427 ἀφθαρσεας

172 1451 384 1522 ἔνδυμα
417 1452 624 1523 φορῶν,
656 1453 752 1505 καὶ
800 1453 901 1522 τὴν
947 1453 1159 1523 φθορὰν
1204 1452 1652 1522 ἐγκαταϐυθίσας
1705 1455 1785 1527 τῷ
1815 1454 1993 1509 ὕδατι.

253 1561 272 1594 ι
300 1544 374 1596 Τὸ
401 1546 807 1616 γεγεννημένον
832 1548 895 1598 ὲκ
917 1549 1018 1617 τῆς
1056 1550 1285 1618 σαρκὸς,
1319 1549 1460 1621 σάρξ
1487 1550 1607 1602 ἐστι
1644 1565 1658 1579 ο
1685 1551 1782 1602 καὶ

170 1638 235 1688 τὸ
267 1638 670 1708 γεγεννημένον
721 1641 786 1693 ἐκ
837 1639 934 1692 τοῦ
956 1641 1305 1711 Πνεῦματος.
1353 1642 1581 1711 πνεῦμᾶ
1631 1645 1773 1696 ἐστι.

1967 1548 2134 1604 Vsus.
2166 1549 2287 1604 6—8.
2327 1568 2344 1602 ι
2374 1548 2529 1616 Quod
2573 1557 2763 1603 uatum
2795 1555 2881 1604 est
2911 1546 2964 1602 in
2993 1558 3181 1608 carne,
3217 1559 3348 1601 caro
3371 1553 3455 1601 est
3485 1562 3502 1600 :

1893 1655 1947 1700 et
1983 1647 2126 1715 quod
2156 1653 2342 1698 natum
2377 1654 2456 1697 est
2483 1658 2549 1697 ex
2576 1642 2812 1712 Spiritu,
2843 1641 3071 1713 spiritus
3094 1649 3200 1696 est.
3219 1636 3298 1693 Ne
3327 1639 3506 1694 admi-

173 1732 267 1800 Μὴ
296 1730 610 1802 θαυμάσῃς,
655 1732 740 1786 δτι
795 1728 951 1786 εἶπόν
1002 1750 1107 1801 σοι,
1150 1735 1234 1789 ὅτι
1264 1736 1348 1790 δεῖ
1398 1737 1544 1808 ὑμᾶς
1586 1754 1783 1809 γεννη-

1907 1741 2033 1793 reris
2093 1738 2238 1809 quod
2281 1737 2420 1801 dixi,
2481 1737 2710 1802 Oportet
2766 1749 2864 1789 vos
2930 1731 3079 1788 nasci
3133 1748 3166 1788 e
3226 1730 3502 1800 supernis.

173 1821 340 1893 θῆναι
368 1823 599 1878 ἄνωθεν.
637 1825 711 1879 Τὸ
740 1826 962 1897 πνεῦμα
993 1827 1130 1882 ὅπου
1162 1829 1332 1889 θέλει.
1372 1833 1520 1893 πνεῖ,
1560 1832 1658 1884 καὶ
1683 1831 1784 1903 τὴν

174 1917 366 1987 φωνὴν
396 1917 562 1970 αὑτοῦ
597 1919 845 1985 ἀκούεις,
876 1921 994 1974 ἀλλ’
1024 1922 1126 1974 οὐκ
1151 1917 1301 1986 οἶδας
1335 1923 1506 1977 πόθεν
1534 1923 1780 1994 ἔρχεται,

176 2007 278 2060 καὶ
319 2006 422 2060 ποῦ
450 2008 680 2076 ὑπάγει.
714 2009 903 2072 Οὕτως
937 2011 1056 2064 ἐστὶ
1089 2012 1196 2074 πᾶς
1227 2013 1255 2065 ὁ
1288 2014 1689 2082 γεγεννημένος
1721 2015 1786 2066 ἐκ

176 2100 274 2155 τοῦ
312 2101 653 2172 Πνεύματος.
691 2122 710 2155 ι
769 2103 1030 2171 Ἀπάγων
1056 2104 1149 2158 τὸν
1175 2105 1493 2176 Νικόδημον
1524 2108 1552 2159 ὁ
1582 2107 1787 2177 Κύριος

177 2194 290 2247 ἀπὸ
328 2195 428 2264 τῆς
472 2195 746 2266 σαρκικῆς
775 2197 1111 2266 γεννήσεως,
1147 2197 1282 2267 φησι
1314 2215 1328 2229 ο
1366 2217 1382 2248 ι
1424 2199 1498 2252 Τὸ
1523 2216 1790 2269 γεγεννη-

181 2287 346 2358 μένον
375 2288 441 2341 ἐκ
463 2287 561 2358 τῆς
586 2288 810 2359 σαρκὸς,
845 2289 986 2359 σάρξ
1011 2291 1131 2343 ἐστι
1159 2305 1172 2319 °
1203 2291 1265 2344 τὸ
1291 2291 1349 2345 δὲ
1382 2293 1789 2366 γεγεννημένον

177 2383 246 2435 ἐκ
269 2382 363 2435 τοῦ
390 2381 730 2453 Πλεύματος,
758 2382 978 2454 πνεῦμα
1006 2405 1024 2437 ι
1066 2402 1078 2414 ο
1100 2384 1373 2448 τουτέστι,
1412 2387 1791 2458 πνευματικός

178 2475 330 2526 ἐστιν
364 2473 393 2525 ὀ
439 2471 731 2545 ἄνθρωπος
778 2475 806 2528 ὁ
855 2479 1261 2548 γεγεννημένος
1311 2477 1401 2532 διὰ
1449 2479 1546 2532 τοῦ
1587 2478 1787 2549 βαπτίο

181 2581 432 2636 σματσς·
481 2567 544 2620 τὸ
594 2567 705 2639 γὰρ
758 2567 1006 2639 πνεῦμα,
1045 2571 1166 2624 ἀντὶ
1219 2571 1338 2635 τοῦ,
1391 2573 1791 2644 πνευματικὸς,

182 2665 428 2734 ὀφείλεις
454 2665 671 2737 νοῆσαι.
702 2667 777 2721 Οὐ
802 2668 914 2739 γὰρ
951 2666 1018 2739 δὴ
1049 2667 1279 2740 Πνεῦμα
1308 2669 1456 2723 θεῖον
1504 2671 1719 2740 γίνεται
1765 2671 1794 2724 ὀ

191 2756 542 2829 βαπτισθεὶς,
591 2760 733 2814 ἀλλὰ
788 2762 888 2832 τὴν
941 2763 1001 2814 ὲν
1043 2761 1327 2838 [Ινεύματι
1369 2763 1652 2818 υἱοθεσίαν
1701 2765 1796 2819 καὶ

181 2849 348 2921 χάριν
371 2851 466 2905 καὶ
490 2853 658 2922 τιμὴν
687 2853 892 2920 λαϐὼν,
924 2853 1020 2909 τοῦ
1058 2857 1436 2926 πνευματικὸς
1480 2852 1628 2912 εἶναι
1663 2875 1796 2912 κατ-

181 2943 460 3010 αξιυῦται.
507 2945 684 3017 Ὀρῶν
726 2947 782 3001 δὲ
827 2948 921 3002 τὸν
941 2943 1262 3020 Νικόδημον
1286 2950 1797 3024 ἔτιθορυὸούμενον

181 3037 326 3107 φησί
358 3053 372 3068 ο
417 3057 436 3090 ι
479 3039 570 3108 Μὴ
607 3040 920 3114 θαυμάσῃς.
970 3061 989 3094 ι
1023 3038 1162 3097 Εἶτα
1191 3044 1298 3098 ἀπὸ
1319 3043 1586 3115 αἰσθητοῦ
1613 3065 1796 3119 παρα-

1894 1831 2133 1901 Spiritus
2169 1831 2256 1885 ubi
2298 1829 2408 1882 vult
2442 1829 2637 1898 spirat,
2669 1835 2725 1880 et
2777 1841 2968 1881 vocem
3010 1824 3130 1892 ejus
3177 1824 3357 1888 audis,
3413 1822 3508 1878 sed

1895 1925 2076 1980 nescis
2111 1925 2254 1977 unde
2285 1924 2490 1986 veniat,
2527 1931 2581 1976 et
2622 1934 2732 1989 uno
2763 1920 2948 1975 vadat.
2975 1917 3068 1973 Sic
3101 1925 3188 1973 est
3212 1916 3396 1971 omnis
3415 1916 3507 1984 qui

1895 2030 2055 2074 natus
2085 2027 2258 2074 estex
2295 2016 2529 2086 Spiritu.
2573 2034 2589 2066 ι
2630 2014 2931 2070 Abdueens
2965 2013 3231 2068 Dominus
3272 2007 3514 2066 Nicode-

1895 2127 2043 2166 mum
2081 2111 2339 2166 acaruali
2371 2108 2684 2173 nativilale,
2717 2107 2892 2162 dicit:
2934 2125 2953 2158 ι
2998 2105 3158 2172 Quod
3192 2115 3380 2159 natum
3425 2108 3512 2158 est

1894 2219 1961 2259 ex
1997 2218 2186 2269 carne,
2212 2218 2343 2257 caro
2375 2210 2489 2267 est;
2539 2210 2596 2255 et
2630 2199 2777 2270 quod
2824 2209 3011 2254 natum
3053 2209 3140 2256 est
3169 2214 3234 2253 ev
3274 2197 3509 2267 Spiritu,

1895 2299 2122 2368 spiritus
2146 2310 2250 2353 est.
2283 2316 2301 2349 ι
2345 2293 2460 2350 lloc
2482 2306 2588 2363 est,
2620 2294 2922 2365 spiritualis
2953 2303 3038 2349 est
3069 2293 3259 2358 homo,
3286 2292 3380 2362 qui
3416 2306 3514 2346 na-

1897 2404 1985 2450 tus
2015 2404 2097 2449 est
2126 2408 2225 2462 per
2260 2391 2616 2462 baptismum.
2653 2389 2758 2446 Per
2812 2389 3070 2461 spiritum
3118 2388 3291 2454 enim,
3336 2385 3514 2458 spiri-

1901 2487 2102 2542 tualcm
2130 2485 2441 2556 intelligere
2459 2486 2646 2540 debes.
2684 2481 2870 2554 Neque
2913 2483 3062 2539 enim
3094 2479 3342 2550 Spiritus
3377 2479 3517 2535 divi-

1900 2598 2004 2637 uns
2047 2581 2108 2636 fit
2151 2580 2490 2651 baptizatus,
2521 2579 2618 2635 sed
2676 2593 2801 2633 cum
2851 2576 3204 2646 adoptionem
3277 2573 3514 2630 ﬁliorum
3549 2583 3554 2586 ‘

1902 2676 1954 2729 in
1996 2673 2235 2740 Spiritu,
2269 2683 2320 2727 et
2351 2674 2588 2744 gratiam
2617 2673 2977 2734 ekhonorctn
3012 2669 3348 2739 susceperit,
3403 2669 3516 2739 spi-

1903 2769 2119 2826 ritualis
2165 2784 2290 2825 esse
2341 2777 2608 2824 meretur.
2664 2765 2867 2822 Videus
2906 2774 3094 2822 autem
3154 2763 3515 2820 Nicodemum

1901 2866 2082 2920 adhuc
2121 2861 2456 2934 perturbari,
2501 2862 2674 2917 dicit:
2740 2879 2758 2913 ι
2809 2861 2889 2916 Ne
2951 2858 3191 2914 mireris.
3241 2877 3260 2910 ι
3309 2857 3518 2912 Deinde

1903 2958 2146 3015 sensibili
2166 2956 2416 3026 exemplo
2433 2955 2634 3013 docere
2652 2971 2776 3011 eum
2799 2961 3003 3010 tentat:
3039 2971 3059 3005 ι
3087 2950 3328 3021 Spiritus
3345 2950 3520 3012 enim,

1907 3053 2108 3125 inquit,
2135 3053 2227 3109 ubi
2280 3051 2421 3119 vult,
2460 3051 2654 3121 spirat.
2697 3069 2716 3103 ι
2763 3051 2810 3103 Α
2857 3056 3044 3113 vento,
3103 3044 3305 3116 inquit,
3365 3045 3522 3100 disce

182 3131 486 3202 δείγματος
528 3135 795 3204 πειρᾶται
838 3135 1118 3190 διδάσκειν
1164 3138 1353 3192 αὐτόν.
1410 3159 1427 3190 ι
1465 3140 1539 3194 Τὸ
1573 3139 1795 3214 πνεῦμα

1907 3147 2140 3216 majora.
2195 3146 2400 3202 Ventus
2436 3145 2609 3209 enim,
2669 3158 2834 3213 quem
2895 3143 2998 3197 hoc
3072 3142 3198 3198 loco
3262 3141 3521 3212 spiritum

182 3223 324 3293 γὰρ,
347 3226 537 3294 φησιν,
569 3227 706 3280 ὅπου
742 3227 912 3293 θέλει,
945 3233 1094 3285 πνεῖ.
1136 3251 1154 3283 ι
1205 3231 1339 3286 ’Λπδ
1376 3233 1607 3303 ἀνέμου,
1639 3238 1798 3305 φησι,

185 3319 435 3388 μάνθανε
486 3321 555 3376 τὰ
616 3324 862 3394 μείζονα.
906 3326 964 3380 Ὀ
1022 3327 1134 3398 γὰρ
1186 3330 1392 3400 ἄνεμος
1429 3330 1646 3399 (τοῦτον
1681 3331 1793 3400 γὰρ

184 3415 431 3471 ἐνταῦθά
460 3434 598 3486 φησι
629 3420 874 3491 πνεῦμα)
931 3423 1068 3476 ὅπου
1119 3423 1288 3486 θέλει,
1353 3428 1522 3478 πνεῖ·
1565 3426 1659 3478 καὶ
1708 3427 1803 3481 τὸν

179 3505 326 3579 ἦχον
357 3508 521 3562 αὑτοῦ
547 3510 791 3577 ἀκούεις,
825 3513 942 3566 ἀλλ’
968 3516 1120 3581 ὅμως
1161 3515 1264 3568 οὐκ
1304 3511 1452 3579 οἶδας
1492 3518 1594 3586 τὴν
1621 3517 1803 3587 φορὰν

183 3603 381 3656 αὐτοῦ.
427 3603 759 3669 ’Λκάθεκτος
817 3607 927 3677 γάρ
993 3611 1136 3675 ἐστι,
1187 3610 1282 3664 καὶ
1353 3609 1801 3672 ἀκώλυτοςμκαὶ

183 3701 397 3767 φυσικῇ
428 3699 647 3769 ἐξουσίᾳ
681 3700 780 3770 τὴν
805 3702 1132 3772 ὁποιδήποτε
1162 3703 1343 3773 ὁρμὴν
1379 3702 1517 3772 ἔχει.
1578 3705 1652 3757 Τὸ
1719 3705 1800 3765 δὲ,

189 3810 215 3846 ε
253 3791 433 3844 Ὅπου
466 3791 614 3844 θέλει
658 3794 802 3857 πνεῖ,
851 3813 868 3845 ι
915 3796 1105 3863 φησιν,
1139 3795 1238 3865 οὐχ
1273 3795 1348 3858 ὡς
1399 3796 1800 3866 προαιρετικοῦ

180 3885 346 3947 ὄντος
373 3883 469 3936 τοῦ
493 3885 585 3939 ἀνέ
597 3903 722 3954 μου,
749 3885 845 3938 καὶ
864 3880 1084 3956 θέλησιν
1105 3887 1344 3958 ἔχοντος,
1376 3889 1493 3941 ἀλλ’
1540 3889 1614 3951 ὡς
1639 3892 1798 3961 ἔφην,

181 3977 295 4048 τὴν
327 3978 436 4030 ἀπὸ
462 3978 680 4046 φύσεως
713 3978 863 4049 αὑτῴ
888 3980 1206 4051 προσοῦσαν
1255 3982 1432 4050 φορὰν
1461 3985 1556 4036 καὶ
1585 3983 1802 4038 ἀκώλυο

182 4088 284 4124 τον
309 4069 560 4135 ἐξουσίαν
595 4072 768 4139 δεῖξαι
797 4073 1149 4145 βουλόμενος.
1191 4076 1252 4128 Εἰ
1301 4073 1396 4128 οῦν
1431 4076 1524 4129 τὸν
1570 4077 1800 4147 ἄνεμον,

187 4163 357 4216 τοῦτο
387 4164 452 4234 δὴ
486 4166 548 4217 τὸ
598 4167 855 4236 αἰσθήσει
906 4159 1220 4221 ῦὲτοπίπτον
1253 4168 1504 4238 πνεῦμα,
1558 4169 1801 4237 ἀγνοεῖς,

191 4256 319 4320 πῶς
353 4256 448 4310 καὶ
477 4257 582 4311 ποῦ
611 4261 756 4325 πνεῖ,
796 4258 915 4323 πῶς
943 4260 1044 4330 τὴν
1074 4261 1186 4315 ἀπὸ
1217 4261 1312 4314 τοῦ
1353 4261 1501 4316 θείου
1539 4263 1806 4332 Πνεῦμα·-

187 4365 286 4412 τος
311 4350 680 4418 ἀναγέννησιν
704 4354 1049 4425 περιεργάζῃ
1076 4372 1090 4418 ;
1119 4355 1182 4408 Εἰ
1214 4355 1375 4408 τοῦτο
1396 4355 1455 4408 τὸ
1486 4355 1710 4424 πνεῦμα
1741 4357 1802 4409 οῦ

185 4443 423 4498 δύναται
466 4445 898 4516 κατασχεθῆναι,
956 4448 1142 4519 πολλῷ
1181 4451 1387 4519 μᾶλλον
1420 4453 1452 4519 ἡ
1513 4451 1609 4504 τοῦ
1643 4451 1802 4519 ἁγίου

189 4534 520 4605 Πνεῦματος
554 4539 740 4609 χάρις,
781 4543 970 4611 νόμοις
1019 4544 1240 4610 φύσεως
1272 4545 1369 4614 οὐχ
1429 4546 1803 4615 ὑπενεχθήσε-

185 4647 308 4685 ται.
373 4631 727 4702 Αἰσχυνέσθω
795 4637 1136 4701 Μακεδόνως
1203 4640 1232 4690 ὁ
1311 4640 1806 4710 Ιῐνευματομάχος,

187 4725 294 4778 καὶ
331 4724 437 4794 πρὸ
483 4724 677 4779 τούτου
711 4727 978 4798 Εὑνόμιος
1005 4746 1019 4760 ⁸
1066 4730 1095 4782 ὁ
1154 4730 1254 4800 μὲν
1306 4732 1495 4785 δοῦλον
1540 4731 1714 4784 ποιῶν
1746 4732 1807 4784 τὸ

194 4815 455 4888 Πνεῦμα,
511 4819 690 4872 καίτοι
719 4838 782 4889 γε
827 4823 1068 4892 ἤκουσεν
1115 4824 1378 4890 ἐνταῦθα,
1429 4827 1512 4879 ὅτι
1568 4827 1808 4895 Ἄνεμος

187 4910 336 4963 ὅπου
371 4911 538 4976 θέλει,
592 4919 753 4968 πνεῖο
814 4916 1000 4988 πολλῷ
1045 4913 1140 4971 οὖν
1201 4918 1408 4989 μᾶλλον
1459 4918 1521 4971 ’τὸ
1582 4919 1809 4990 Πνεῦμα

189 5003 708 5079 αὐτεξουσιωτέραν
751 5008 864 5074 ἕξει
915 5011 1015 5080 τὴν
1071 5011 1310 5077 κίνησιν,
1346 5013 1442 5064 καὶ
1473 5013 1608 5065 ὅπου
1634 5012 1799 5077 θέλει,

191 5096 299 5150 καὶ
347 5095 425 5161 ὡς
455 5099 624 5166 θέλει,
683 5104 971 5173 ἐνεργήσει
1074 5105 1102 5156 ὁ
1149 5104 1206 5157 δὲ
1237 5105 1511 5176 Εὑνὸμιος
1570 5106 1715 5161 αὐτὰ
1747 5125 1806 5159 τε

190 5191 382 5246 ταῦτα
431 5195 696 5265 πρότερος
758 5197 1053 5268 ἁμαρτὼν,
1116 5201 1210 5251 καὶ
1254 5201 1464 5269 κτίσμα
1517 5200 1692 5254 εἰπὼν
1751 5201 1811 5253 τὸ

197 5289 454 5359 Πνεῦμα,
485 5289 581 5342 καὶ
612 5292 749 5361 πρός
773 5309 838 5360 γε
861 5293 1448 5362 ἀπαυθαδιασάμενος,
1501 5293 1650 5348 οὓτω
1704 5293 2002 5361 γινώσκειν
2063 5295 2222 5357 Θεὸν,
2283 5294 2356 5356 ὼ,
2416 5293 2614 5346 ἑαυτὸν
2669 5293 2857 5356 αὐτός.

1909 3249 2091 3303 vocat,
2149 3237 2238 3294 ubi
2271 3237 2408 3300 vult,
2465 3236 2682 3306 spirat:
2735 3243 2791 3290 et
2821 3250 3016 3290 sonum
3071 3232 3195 3305 ejus
3228 3235 3409 3296 audis,
3470 3242 3528 3287 ct

1908 3331 2131 3401 ignoras
2163 3339 2345 3382 tamen
2392 3327 2537 3382 unde
2571 3327 2782 3381 feratur
2817 3345 2832 3393 ;
2872 3327 3064 3396 nequit
3094 3325 3240 3380 enim
3271 3339 3526 3396 compreo

1909 3421 2074 3477 heudi
2109 3421 2192 3476 vel
2222 3418 2543 3490 prohiberi;
2571 3419 2807 3473 naturali
2846 3419 2992 3474 enim
3026 3427 3299 3488 potestate
3351 3417 3528 3474 fertur

1910 3516 1963 3570 in
1997 3514 2233 3584 aliquem
2249 3511 2410 3587 541
2434 3513 2612 3568 locum
2638 3513 2934 3568 incertum.
2977 3511 3254 3569 Caeterum
3291 3513 3384 3566 ubi
3413 3511 3524 3567 vult

1908 3611 2109 3678 spirat,
2142 3608 2346 3676 inquit,
2382 3623 2487 3662 non
2519 3609 2668 3677 quod
2698 3617 2894 3662 tentus
2918 3606 3261 3662 voluntatem
3301 3606 3524 3669 habeat,

1909 3702 2028 3767 sed,
2070 3711 2131 3756 ut
2168 3701 2305 3760 dixi.
2345 3715 2371 3754 a
2408 3709 2606 3754 natura
2633 3700 2803 3754 indita
2835 3700 2905 3754 illi
2950 3710 3194 3768 potestas
3224 3716 3346 3768 quae
3400 3716 3528 3772 pro-

1910 3794 2088 3849 hiberi
2144 3793 2355 3862 nequit,
2397 3793 2732 3848 ostenditur.
2788 3791 2845 3846 Si
2906 3791 3074 3862 igitur
3121 3801 3378 3858 ventum,
3432 3793 3528 3861 qui

1910 3889 2134 3957 spiritus
2155 3898 2236 3942 est
2265 3887 2522 3943 sensibus
2545 3886 2847 3955 subjectus,
2886 3887 3132 3957 ignoras,
3163 3889 3442 3956 quomodo
3472 3896 3527 3939 et

1909 3998 2016 4052 quo
2040 3985 2232 4052 spiret,
2253 3983 2529 4052 quomodo
2560 3983 3035 4053 regenerationem
3057 3996 3086 4035 a
3109 3983 3296 4038 divino
3316 3980 3527 4051 Spiritu

1911 4077 2182 4132 curiosius
2216 4075 2487 4144 inquiris?
2518 4075 2577 4129 Si
2611 4076 2698 4130 hic
2727 4075 2954 4144 spiritus
2988 4075 3386 4146 comprehendi
3426 4092 3528 4129 ne-

1909 4169 2050 4238 quit,
2085 4168 2258 4223 mnlto
2289 4169 2469 4222 minus
2502 4168 2678 4222 sancti
2712 4167 2951 4236 Spiritus
2973 4167 3148 4237 gratia
3183 4166 3399 4237 legibus
3430 4185 3530 4222 na-

1909 4269 2048 4316 tnrze
2081 4261 2372 4316 subdetur.
2430 4261 2814 4315 Couliunlatur
2875 4259 3249 4325 Macedonius,
3287 4260 3531 4330 Spiritus

1910 4362 2355 4424 Oppugnator,el
2387 4353 2805 4421 quiantecessit
2851 4353 3002 4406 illum
3047 4352 3375 4407 Eunomius.
3439 4352 3533 4407 llle

1912 4448 2057 4501 enim
2094 4462 2317 4501 servum
2348 4447 2480 4502 facit
2511 4446 2804 4516 Spiritum,
2835 4445 3089 4514 quamvis
3139 4447 3384 4501 audierit
3423 4447 3529 4501 ltoc

1916 4543 2038 4597 loco
2099 4541 2245 4610 quod
2296 4550 2494 4595 ventus
2553 4555 2662 4610 quo
2716 4540 2834 4594 vult
2890 4541 3087 4610 Spirat,
3140 4540 3311 4597 multo
3368 4541 3534 4611 igitur

1914 4638 2086 4707 magis
2125 4636 2368 4707 Spiritus
2391 4647 2617 4691 sanctus
2647 4635 2968 4690 liberiorem
3009 4634 3177 4689 habet
3206 4636 3531 4698 motionem,

1915 4741 1968 4787 et
2013 4749 2124 4802 quo
2162 4732 2295 4793 vult,
2350 4740 2405 4785 et
2456 4733 2599 4786 sicut
2637 4731 2773 4796 vult,
2828 4729 3170 4799 operahitur.
3229 4729 3537 4784 Eunomius

1916 4840 2047 4880 vero
2082 4827 2134 4878 in
2166 4825 2258 4879 illo
2293 4826 2408 4894 ipso
2437 4840 2697 4894 peccans,
2734 4833 2788 4878 ct
2822 4832 3134 4879 creaturam
3177 4822 3319 4877 dixit
3356 4821 3536 4891 Spiri-

1916 4929 2050 4984 lum,
2078 4930 2126 4972 et
2171 4919 2221 4972 iu
2265 4929 2470 4972 tantam
2505 4919 2756 4988 pervenit
2803 4918 3198 4987 pervicaciam,
3249 4917 3404 4984 quasi
3438 4931 3536 4970 co-

1916 5023 2208 5084 gnosceret
2242 5011 2412 5067 Deum
2451 5014 2595 5068 sicut
2628 5014 2742 5081 ipse
2790 5013 3062 5081 seipsum.
3124 5011 3326 5064 Audiat
3367 5010 3537 5079 igitur

1921 5110 2065 5174 quod
2101 5122 2280 5175 neque
2315 5107 2462 5160 venti
2494 5107 2756 5175 impetum
2791 5122 2970 5177 neque
2996 5107 3155 5159 linem
3175 5105 3334 5160 sciat.
3378 5103 3536 5170 Quo-

1925 5201 2087 5255 modo
2133 5202 2295 5270 igitur
2332 5200 2422 5255 Dei
2480 5201 2852 5255 snhstantiam
2885 5207 3180 5268 cognoscet
3226 5197 3536 5265 impostor?

2934 5293 3214 5345 Ἀκουὲτω
3267 5289 3386 5357 οῦν,
3451 5293 3534 5344 ὅτι

190 5386 322 5440 οὐδὲ
378 5383 467 5438 τοῦ
498 5385 707 5453 ἀνέμου
763 5385 861 5456 τὴν
913 5387 1113 5455 φορὰν,
1175 5389 1269 5439 καὶ
1299 5387 1402 5455 τὴν
1434 5389 1615 5458 ὁρμὴν
1648 5385 1758 5440 οἶδε
1789 5405 1802 5420 ο
1875 5389 1993 5453 πῶς
2027 5390 2123 5444 οὖν
2147 5389 2284 5444 Θεοῦ
2321 5390 2514 5454 οὐσίας
2550 5389 2930 5458 κατατολμᾷς,
2970 5387 3249 5458 ἀλιτήριε.

281 5498 300 5531 ι
355 5477 664 5550 ’Λπεκρίθη
712 5477 1052 5548 Νικόδημος,
1102 5480 1197 5532 κα.)⁷
1251 5476 1408 5532 εἶπεν
1445 5479 1626 5550 αὐτῷ·
1687 5479 1812 5545 Πῶς

189 5571 428 5628 δύναται
476 5571 655 5625 ταῦτα
697 5570 988 5637 γενέσθαι;
1035 5571 1341 5641 Ἀπεκρίθη
1411 5571 1660 5646 Ἰησοῦς,
1718 5577 1812 5628 καὶ

189 5665 353 5722 εἶπεν
403 5666 560 5737 αὐτῷ
586 5683 598 5696 ·
649 5664 723 5716 Σὺ
758 5657 812 5716 εἴ
845 5664 876 5716 ὁ
921 5662 1247 5727 διδάσκαλος
1281 5665 1376 5718 τοῦ
1426 5668 1644 5741 Ἰσραὴλ
1670 5710 1682 5730 ,
1718 5669 1814 5721 καὶ
1854 5734 1857 5735 ν

189 5761 368 5816 ταῦτα
403 5758 466 5808 οὺ
521 5754 860 5820 γινώσκεις;
907 5755 1105 5828 Ἀμὴν,
1150 5757 1300 5828 ἀμὴν
1349 5758 1495 5827 λέγω
1529 5777 1634 5826 σοι,
1670 5762 1751 5814 ὅτι
1786 5760 1812 5812 ὅ

183 5854 442 5916 ηῗδαμεν,
475 5843 750 5914 λαλοῦμεν
772 5887 786 5911 ,
813 5848 906 5901 καὶ⁵
937 5847 964 5900 ὃ
997 5850 1352 5919 ἑωράκαμεν,
1385 5854 1802 5925 μαρτυροῦμεν,

187 5941 286 5992 καί
319 5942 422 6014 τὴν
458 5941 777 6013 μαρτυρίαν
821 5943 980 6012 ἡμῶν
1011 5945 1072 5999 οὐ
1113 5945 1447 6017 λαμϐάνετε.
1493 5951 1549 6004 Εἰ
1586 5953 1650 6005 τὰ
1683 5951 1799 6004 ὲπὶο

1996 5485 2162 5541 νειις.
2200 5484 2354 5540 9-l‘2.
2391 5485 2698 5554 liespondit
2735 5484 3092 5544 Nicodemus,
3127 5495 3183 5539 et
3230 5484 3365 5538 dixit
3413 5484 3461 5538 ei
3517 5500 3531 5535 :

1920 5581 2213 5646 Quomodo
2269 5591 2504 5649 possunt
2555 5581 2669 5635 hinc
2723 5580 2882 5634 fieri?
2921 5578 3224 5649 ReSpondit
3267 5579 3447 5642 Jesus,
3480 5589 3533 5632 et

1919 5675 2059 5728 dixit
2089 5693 2102 5730 :
2138 5675 2216 5728 Tu
2246 5689 2306 5730 es
2343 5675 2432 5728 ille
2466 5676 2726 5745 magister
2779 5673 3016 5739 lsraelis,
3046 5684 3101 5729 et
3133 5675 3245 5728 haec
3278 5672 3538 5741 ignoras?

1922 5771 2117 5832 Amen,
2145 5782 2303 5822 amen
2349 5769 2470 5822 dico
2501 5768 2618 5832 ιὶΙιί,
2643 5767 2787 5835 quod
2819 5767 3046 5830 scimus,
3099 5765 3375 5835 loquimur
3430 5784 3442 5820 :
3480 5774 3536 5820 et

1921 5862 2066 5927 quod
2115 5860 2372 5922 vidimus,
2421 5869 2730 5914 testamur:
2777 5868 2830 5911 ct
2874 5856 3252 5910 testimonium
3283 5866 3530 5911 nostrum

1919 5967 2028 6007 non
2063 5951 2337 6022 accipitis.
2371 5951 2428 6008 Si
2465 5965 2684 6010 terrena
2708 5952 2822 6008 dixi
2853 5953 3031 6018 vobis,
3058 5962 3241 6011 etnon
3269 5955 3530 6012 creditis:
