4052 6518
630 335 772 403 1203

1489 342 2072 404 THEOPHYLACTI
2107 341 2518 406 BULGARIE
2561 341 2920 404 ARCHIEP.

3763 336 3896 408 i201

696 454 862 513 Vsus.
883 459 934 512 5.
958 456 1259 528 Respondit
1277 456 1457 526 Iesus,
1484 461 1689 516 etdixit
1713 465 1762 519 ei
1791 480 1803 516 :
1831 463 2023 527 Amen,
2053 476 2200 517 amen

2394 481 2412 514 ι
2465 461 2772 534 Ἀπεκρίθη
2797 462 2825 515 6
2865 457 3098 532 Ἰησοῦς,
3152 458 3243 514 mi.
3277 452 3433 514 εἶπεν
3473 458 3662 532 αὐτῷ’
3718 460 3898 533 ’Δμὴ-ι,

620 549 744 602 dico
782 549 901 613 tibi,
947 549 1050 606 nisi
1085 551 1211 621 quis
1243 562 1408 609 natus
1458 553 1622 608 fuerit
1653 569 1908 624 superne,
1945 568 2054 606 non
2109 569 2208 624 p0-

619 650 724 696 test
755 642 940 698 videre
987 659 1213 717 regnum
1267 645 1384 702 Dei.
1431 667 1450 700 ι
1491 646 1757 703 Videntur
1809 649 1973 703 verba
2023 664 2143 718 qme
2181 664 2210 702 a

619 735 906 792 Salvatore
932 739 1100 806 dicta,
1143 740 1280 796 nihil
1332 741 1574 797 alludere
1601 744 1668 797 ad
1695 759 1781 807 ea,
1817 759 1938 813 qua:
1970 757 1997 795 a
2054 741 2212 795 Nim-

615 831 776 885 demo
811 833 953 886 dicta
988 850 1002 888 :
1034 843 1085 888 at
1114 835 1160 890 si
1189 835 1314 904 quis
1361 844 1506 891 recte
1550 837 1870 901 attenderit,
1905 838 2060 892 valde
2081 853 2211 890 con-

619 935 818 990 gruere
860 924 1121 980 inveniet.
1165 926 1618 994 Quandoquidem
1672 926 2004 984 Nieodemus
2033 929 2209 982 humi-

522 1090 524 1092 ν
615 1012 720 1068 lem
755 1016 821 1070 de
859 1015 1077 1072 Christo
1135 1018 1370 1074 habebat
1412 1019 1750 1085 opinionem,
1818 1034 2012 1086 nempe
2063 1019 2208 1087 quod

618 1105 884 1174 magister
917 1117 1086 1172 esset,
1146 1124 1210 1164 ac
1248 1109 1391 1163 Deus
1425 1121 1571 1163 esset
1618 1125 1741 1163 cum
1797 1111 1910 1171 illo,
1972 1108 2110 1165 dicit
2157 1111 2206 1166 ei

617 1195 918 1254 Dominus:
952 1200 1144 1256 Merito
1178 1202 1251 1255 ita
1285 1202 1352 1256 de
1402 1217 1489 1257 me
1519 1203 1723 1268 sentis;
1785 1202 2022 1256 nondum
2059 1204 2206 1256 enim

615 1299 774 1345 natus
800 1305 1134 1363 essuperne,
1173 1294 1273 1348 hoc
1315 1303 1418 1357 est,
1459 1309 1484 1346 a
1528 1295 1634 1348 Deo
1679 1292 1948 1361 spiritnaii
2006 1291 2208 1346 nativi-

617 1393 748 1446 tate,
772 1386 879 1440 .scd
913 1385 1150 1440 carnalis
1177 1401 1270 1440 es:
1302 1385 1608 1455 etcoguitio
1625 1402 1790 1456 quam
1823 1387 1993 1441 deme
2015 1386 2203 1450 habes,

611 1490 718 1529 non
754 1489 835 1530 est
863 1477 1190 1546 spiritualis,
1242 1479 1335 1532 sed
1371 1479 1644 1544 animalis,
1696 1487 1752 1532 et
1797 1479 2056 1530 humana.
2097 1477 2206 1544 Ego

610 1577 793 1620 autem
825 1569 948 1621 dico
981 1568 1104 1632 tibi,
1161 1570 1307 1636 quinti
1363 1569 1465 1622 nisi
1523 1577 1603 1634 tu,
1657 1578 1711 1622 et
1755 1568 2008 1637 quisquis
2067 1567 2206 1620 alius

610 1659 796 1723 fuerit,
834 1676 1073 1730 superne
1108 1671 1163 1715 et
1195 1679 1262 1716 ex
1299 1661 1408 1717 Deo
1436 1663 1545 1716 uati
1593 1660 1828 1717 fueritis.
1875 1671 1929 1715 et
1966 1660 2108 1729 piam
2150 1667 2206 1712 et

609 1753 830 1822 dignam
869 1755 935 1808 de
961 1770 1045 1808 me
1075 1755 1388 1824 Opinionem
1421 1755 1743 1821 habueritis,
1783 1763 1935 1809 extra
1973 1767 2200 1822 regnum

2317 555 2462 625 ἁμήν
2495 545 2638 622 λέγω
2682 572 2786 617 σοι,
2819 554 2914 606 ὲάν
2950 552 3025 624 μή
3051 570 3135 617 τις
3160 553 3404 624 γεννηθῇ
3434 552 3682 621 ἀνωθεν,
3712 555 3774 608 οὗ
3819 555 3902 610 δύο

2313 666 2471 703 νιται
2509 649 2637 702 ἰδεῖν
2692 649 2794 719 τὴν
2855 646 3144 718 βασιλείαν
3201 646 3298 700 τοῦ
3339 645 3499 701 Θεοῦ.
3559 665 3579 698 ι
3624 648 3790 701 Δοκεῖ
3838 646 3899 703 τὰ

2313 742 2467 810 παρὰ
2520 739 2614 793 τοῦ
2667 740 2923 810 Σωτῆρος
2963 738 3098 810 πρδς
3131 737 3224 790 τὸν
3259 737 3578 808 Νικόδημον
3633 737 3891 808 ρηθέντα,

2311 834 2568 903 οὖδεμιαν
2596 835 2877 886 κοινωνίαν
2899 832 3043 902 ἔχειν
3084 830 3223 900 πρὸς
3268 828 3304 884 ἀ
3337 828 3566 900 εἴρηκεν
3596 831 3624 883 6
3671 827 3901 900 Νικόδη-

2316 944 2412 996 μος
2444 941 2456 954 °
2485 925 2563 996 τῷ
2587 925 2643 979 δὲ
2672 925 3001 998 προσέχοντι
3052 923 3149 977 καὶ
3183 921 3355 991 πολλὴ
3396 921 3662 975 κοινωνία
3718 921 3895 990 ἐμφα-

2311 1019 2556 1086 νήσεται.
2603 1017 2755 1070 Ἐπεὶ
2786 1015 2894 1086 γὰρ
2917 1019 2944 1069 6
2966 1015 3281 1085 Νικόδημος
3313 1012 3592 1083 ὑπόληψιν
3632 1006 3755 1083 εἶχε
3778 1013 3903 1082 περὶ

2317 1116 2558 1188 Χριστοῦ
2610 1116 2899 1183 ταπεινὴν,
2956 1116 3039 1169 δτι
3081 1111 3407 1176 διδάσκαλός
3442 1113 3583 1177 ἔστι,
3617 1109 3718 1164 καὶ
3754 1111 3836 1164 ὅτι
3877 1109 3904 1163 6

2309 1209 2442 1271 Θεός
2471 1210 2586 1263 ἑστι
2628 1208 2746 1279 μετ’
2780 1207 2968 1272 αὐτοῦ,
3011 1207 3149 1278 φησὶ
3200 1204 3338 1276 πρὸς
3382 1203 3551 1258 αὑτὸν
3599 1206 3628 1258 6
3678 1202 3903 1272 Κύριος,

2307 1302 2391 1354 ὃτι
2410 1301 2650 1366 Εἰκότως
2665 1301 2810 1372 ἔχεις
2831 1299 3088 1371 τοιαύτην
3115 1297 3388 1368 ὑπόληψιν
3406 1296 3537 1365 περὶ
3556 1292 3720 1366 ἐμοῦ.
3744 1292 3904 1348 Οὔπω

2309 1395 2416 1463 γὰρ
2446 1395 2744 1463 ἐγεννήθης
2786 1392 3021 1452 ἀνωθεν.
3046 1392 3352 1452 τουτέστιν,
3389 1391 3452 1442 ὲκ
3486 1388 3624 1441 Θεοῦ
3658 1405 3904 1457 πνεῦμα-ι

2308 1485 2468 1557 τικὴν
2494 1487 2776 1557 γέννησιν,
2819 1485 2935 1538 ἀλλ’
2974 1485 3054 1538 ἔτι
3097 1483 3363 1555 σαρκικδς
3389 1478 3462 1549 εἴ,
3493 1483 3589 1535 καὶ
3618 1483 3652 1550 ἠ
3679 1481 3902 1548 γνῶσις,

2307 1577 2374 1648 ἦν
2392 1577 2536 1647 ἔχεις
2558 1577 2688 1648 περὶ
2707 1578 2864 1648 ἐμοῦ.
2891 1579 2990 1631 οὐκ
3011 1577 3128 1630 ἔστι
3151 1593 3404 1646 πνευματ
3431 1575 3523 1646 κὴ,
3551 1572 3689 1626 ἀλλά
3705 1572 3901 1644 ψυχικὴ

2309 1669 2406 1722 καὶ
2438 1667 2788 1740 ἀνθρωπική.
2834 1667 2979 1736 Ἐγὼ
3001 1669 3057 1721 δὲ
3094 1667 3240 1737 λέγω
3279 1684 3384 1734 σοι,
3414 1667 3500 1720 ὅτι
3543 1667 3643 1718 καὶ
3685 1663 3774 1727 σὺ,
3811 1663 3901 1716 καὶ

2309 1761 2468 1826 ἄλλος
2499 1760 2775 1826 ὁστισοῦν,
2813 1759 2910 1815 ἐὰν
2963 1759 3039 1832 μὴ
3064 1759 3276 1814 ἀνωθεν
3321 1761 3415 1813 καὶ
3448 1761 3512 1812 ὲκ
3546 1757 3686 1812 Θεοῦ
3708 1774 3902 1826 γεννηο

607 1846 872 1901 emlorum
902 1849 1056 1904 estis.
1101 1846 1376 1912 Nativitas
1427 1849 1572 1902 enim
1606 1861 1704 1918 per
1749 1848 2101 1916 baptismum,
2140 1845 2200 1900 ii-

2309 1853 2515 1919 θὲντες,
2554 1854 2652 1923 τὴν
2679 1853 2840 1916 ἀξίαν
2869 1853 3029 1919 δόξαν
3065 1853 3197 1924 περὶ
3219 1852 3356 1923 ιμοῦ
3387 1851 3633 1913 λάϐοιτε..
3666 1849 3776 1914 ἔξω
3797 1846 3895 1917 τῆς

608 1939 1021 1995 lnninationem
1073 1941 1318 2008 prabens
1369 1941 1588 2003 animae,
1639 1954 1864 2011 regnum
1922 1937 2037 2004 Dei,
2104 1939 2205 1992 hoc

607 2041 715 2093 est,
760 2033 1104 2102 unigenitum
1143 2033 1295 2113 illius
1325 2033 1544 2099 Filium,
1573 2034 1780 2099 videre,
1815 2034 1918 2088 hoc
1956 2043 2061 2092 est.
2123 2033 2206 2086 in-

606 2124 852 2195 telligere
878 2125 991 2178 dat.
1025 2123 1160 2179 Nam
1187 2125 1328 2181 sicut
1363 2124 1454 2180 Dei
1480 2125 1752 2194 sapientia
1791 2123 1963 2181 Filius
1991 2136 2096 2188 est,
2127 2125 2201 2180 ita

605 2231 656 2272 et
687 2232 916 2288 regnum
949 2232 1171 2288 quoque
1230 2218 1324 2275 Dei
1357 2219 1581 2275 dicitur.
1619 2218 1731 2275 lloc
1790 2235 1924 2276 sane
1975 2235 2202 2291 regnum

604 2322 768 2363 nemo
801 2308 970 2374 videt,
1010 2310 1113 2366 hoc
1155 2319 1262 2379 est,
1313 2310 1588 2382 intelligit,
1643 2326 1678 2367 ο
1724 2312 2040 2374 Nicodeme.
2097 2312 2200 2366 nisi

603 2407 766 2454 natus
798 2397 964 2456 fuerit
999 2415 1028 2454 a
1077 2399 1226 2456 Deo:
1261 2408 1428 2470 atque
1480 2401 1553 2455 ita
1597 2400 1763 2456 etiam
1799 2411 1876 2467 tu,
1941 2402 2198 2472 quoniam

604 2493 846 2549 nondum
875 2502 1035 2549 natus
1065 2509 1124 2550 es
1148 2493 1534 2564 spiritualiter,
1567 2502 1858 2564 propterea
1908 2511 2014 2549 non
2047 2495 2200 2549 vides

605 2600 691 2640 me
724 2601 947 2657 regnum
986 2587 1104 2652 Dei,
1149 2589 1292 2644 sicut
1321 2596 1561 2659 oportet,
1615 2586 1714 2645 sed
1769 2588 2033 2644 humilem
2082 2589 2202 2660 opi-

608 2680 826 2736 nionem
855 2681 923 2737 de
967 2695 1055 2737 me
1100 2680 1290 2736 habes.

673 2959 846 3020 Vna.
880 2962 936 3032 ι,
968 2962 1024 3020 5.
1053 2983 1071 3017 ι
1100 2960 1239 3018 Dicit
1263 2961 1332 3017 ad
1365 2975 1488 3016 eum
1518 2958 1844 3015 Nicodemus
1873 2976 1884 3011 :
1914 2955 2200 3024 Quomodo

604 3067 786 3129 potest
817 3058 981 3113 homo
1010 3056 1188 3122 nasci,
1217 3070 1341 3110 cum
1389 3055 1459 3110 sit
1499 3051 1704 3109 senex‘l
1742 3051 1880 3107 Num
1915 3060 2099 3120 potest
2144 3049 2197 3103 in

603 3160 855 3207 ventrem
896 3151 1088 3205 matris
1144 3163 1257 3204 sum
1298 3147 1498 3202 iterum
1536 3140 1798 3211 introire,‘
1824 3158 1889 3199 ac
1939 3140 2199 3198 renasci?

604 3245 910 3317 Respondit
937 3241 1097 3300 Jesus
1129 3257 1144 3293 :
1179 3243 1378 3306 Amen,
1413 3255 1573 3295 amen
1610 3238 1733 3294 dico
1774 3237 1894 3302 tibi,
1928 3234 2035 3292 nisi
2073 3219 2199 3304 quis

604 3353 829 3396 renatus
855 3337 1016 3394 fuerit
1039 3353 1104 3394 ex
1141 3351 1279 3406 aqua
1301 3344 1357 3390 et
1385 3333 1621 3403 Spiritu,
1655 3345 1763 3387 non
1789 3341 1971 3401 potest
1992 3330 2200 3384 intrare

601 3435 658 3491 in
694 3448 922 3503 regnum
982 3432 1099 3487 Dei.
1139 3449 1158 3484 ι
1200 3427 1447 3484 Audiens
1496 3426 1829 3482 Nieodcmus
1889 3422 2196 3478 doctrinam

600 3527 725 3598 plus
770 3539 937 3596 quam
970 3525 1296 3588 humanam,
1337 3521 1626 3589 stupescit,
1655 3529 1709 3574 et
1758 3533 1955 3588 passus
2001 3518 2202 3571 buma-

602 3635 731 3674 num
756 3617 1015 3685 quiddam
1054 3617 1379 3682 interrogat,
1403 3612 1694 3679 Quomodo
1724 3609 1939 3681 patest‘l
1971 3610 2023 3665 ld
2051 3609 2197 3679 quod

602 3706 1007 3766 incredulitatis
1043 3715 1129 3762 est
1149 3705 1387 3777 signum.
1419 3702 1522 3760 Ubi
1555 3703 1703 3758 enim
1753 3701 1888 3755 tldes
1947 3714 2055 3753 non
2090 3708 2196 3763 est,

602 3801 770 3876 540
806 3800 914 3856 illic
933 3800 1221 3869 qumritur,
1241 3795 1536 3864 Quomodo
1567 3791 1703 3850 hoc?
1720 3802 1774 3848 et
1797 3833 1814 3858 ,
1848 3791 2031 3859 Quare
2057 3789 2204 3846 hoc?

600 3896 900 3966 Propterea
937 3893 1170 3950 ridicula
1196 3889 1478 3946 Nicodemi
1510 3888 1672 3943 verba
1700 3896 1990 3957 apparent.
2014 3883 2200 3955 Neque

601 3991 746 4047 enim
783 3989 1048 4045 intellexit
1097 3985 1440 4057 spiritualem
1479 3982 1849 4043 nativitatem.
1891 3981 1987 4036 sed
2049 3994 2201 4032 men-

604 4087 806 4138 tionem
864 4080 1170 4150 eorporalis
1236 4078 1447 4132 ventris
1501 4077 1651 4131 facit.
1696 4073 1994 4144 Postquam
2049 4072 2196 4128 enim

602 4178 837 4238 audivit,
881 4194 898 4226 ι
934 4174 1044 4229 Nisi
1080 4173 1203 4243 quis
1253 4170 1489 4236 ἀνωθεν,
1539 4187 1558 4221 ι
1612 4182 1642 4224 e
1691 4167 1972 4238 supernis,
2031 4164 2197 4219 fuerit

603 4279 790 4333 natus,
846 4267 1202 4324 existimatur
1250 4263 1465 4320 ἀνωθεν
1515 4263 1584 4318 ab
1642 4263 1824 4325 initio,
1880 4271 1938 4314 et
1989 4261 2197 4320 denuo,

602 4370 768 4430 atque
817 4360 928 4415 tale
962 4358 1242 4429 quippiam
1275 4354 1420 4413 diei:
1476 4354 1592 4410 Nisi
1629 4356 1756 4425 quis
1799 4355 1870 4409 ab
1942 4351 2103 4408 initio
2147 4359 2203 4404 et

602 4458 781 4511 denuo
817 4461 1077 4508 nascatur
1108 4469 1122 4504 :
1153 4459 1208 4506 et
1239 4459 1526 4521 prepterea
1573 4448 1707 4504 dicit
1739 4465 1754 4502 :
1782 4447 2070 4516 Quomodo
2100 4464 2200 4518 po-

2224 3202 2272 3265 α

2309 1948 2593 2020 βασιλείας
2623 1949 2768 2002 ἐστέ.
2819 1948 2880 2000 Ἦ
2911 1946 3021 2017 γὰρ
3057 1947 3150 2000 διὰ
3183 1944 3280 1999 τοῦ
3339 1943 3726 2016 βαπτίσματος
3783 1938 3904 2007 τόν·

2307 2059 2462 2112 νησις
2523 2040 2809 2112 φωτισμὸν
2843 2039 3151 2109 ἐμποιοῦσα
3188 2041 3256 2109 τῇ
3291 2036 3461 2106 ψυχῇ,
3503 2033 3605 2105 τὴν
3635 2031 3734 2085 τοῦ
3767 2027 3899 2083 Θεοῦ

2308 2135 2609 2208 βασιλείαν,
2643 2136 2764 2206 ἦτοι
2813 2134 2908 2187 τὸν
2969 2133 3240 2203 μονογενῆ
3295 2131 3425 2184 Υἱδν
3452 2128 3623 2185 αὐτοῦ
3662 2125 3902 2197 βλέπειν,

2304 2229 2576 2289 τουτέστι,
2611 2229 2777 2288 νοεῖν,
2813 2225 3055 2280 δίδωσιν.
3096 2225 3311 2293 Ὥσπερ
3340 2223 3451 2294 γὰρ
3481 2218 3624 2275 Θεοῦ
3659 2219 3823 2287 σοφία
3874 2218 3900 2271 6

2305 2319 2453 2383 Υἱὸς.
2489 2319 2634 2372 οὕτω
2662 2318 2729 2389 δὴ
2760 2319 2854 2372 καὶ
2885 2316 3138 2387 βασιλεία
3169 2315 3310 2368 Θεοῦ
3347 2315 3512 2376 αὐτὸς
3551 2312 3620 2366 ἂν
3670 2310 3901 2378 λέγοιτο.

2302 2410 2523 2481 Ταύτην
2556 2409 2613 2464 δὲ
2650 2411 2750 2482 τὴν
2786 2408 3070 2481 βασιλείαν
3102 2409 3204 2462 οὐκ
3236 2407 3305 2461 ἂν
3336 2405 3437 2460 τδοι
3470 2423 3578 2469 τις,
3637 2403 3902 2469 τουτέστι,

2302 2505 2510 2574 νοήσοι,
2539 2495 2584 2556 ὧ
2612 2502 2922 2572 Νικόδημε,
2959 2503 3008 2554 εἰ
3044 2500 3121 2572 μή
3172 2497 3416 2570 γεννηθῇ
3472 2498 3538 2551 ἐκ
3591 2495 3692 2550 τοῦ
3740 2495 3897 2550 Θεοῦ.

2303 2600 2471 2653 Ὥστε
2507 2599 2601 2652 καὶ
2632 2597 2720 2662 σὺ,
2753 2597 2880 2650 ἐπεὶ
2949 2596 3052 2650 οὐκ
3091 2594 3393 2665 ἐγεννήθης
3441 2592 3601 2646 οῦπω
3651 2608 3900 2661 πνενμα-

2302 2689 2493 2753 τικῶς,
2524 2689 2612 2742 διά
2631 2687 2790 2742 τοῦτο
2821 2689 2881 2741 οὐ
2915 2688 3142 2758 βλέπεις
3178 2687 3303 2758 ἐμὲ,
3338 2685 3438 2754 τὴν
3472 2683 3760 2754 βασιλείαν
3804 2681 3900 2737 τοῦ

2302 2779 2464 2844 Θεοῦ,
2510 2778 2654 2834 καθά
2698 2779 2801 2845 δεῖ,
2856 2777 2995 2832 ἀλλὰ
3044 2777 3309 2848 ταπεινὴν
3363 2775 3522 2841 δόξαν
3568 2775 3718 2846 ἔχεις
3774 2775 3902 2844 περὶ

2302 2873 2463 2945 ἐμοῦ.

2383 2990 2403 3022 ‹
2455 2968 2620 3038 Λέγει
2675 2967 2814 3041 πρὸς
2862 2966 3027 3021 αὑτὸν
3065 2968 3094 3020 6
3155 2964 3482 3036 Νικόδημος,
3520 2963 3649 3028 Πῶς
3677 2960 3902 3016 δύναται

2304 3063 2598 3138 ἅνθρωπος
2632 3062 2988 3134 γεννηθῆναι,
3046 3060 3228 3132 γέρων
3259 3058 3371 3123 ὢν;
3408 3058 3500 3129 Μὴ
3529 3057 3762 3112 δύναται
3794 3054 3899 3118 «εἰς

2301 3162 2402 3234 τήν
2431 3161 2641 3215 κοιλίαν
2696 3160 2798 3228 τῆς
2832 3157 3040 3227 μητρὸς
3094 3153 3266 3209 αὑτοῦ
3300 3153 3561 3224 δεύτερον
3608 3147 3902 3213 εἰσελθεῖν.

2304 3256 2403 3310 καὶ
2434 3255 2805 3324 γεννηθῆναις
2859 3250 3169 3322 Ἀπεκρίθη
3220 3246 3434 3318 Ἰησοῦς
3461 3262 3474 3277 ·
3523 3245 3725 3316 ’Δμὴν,
3755 3242 3904 3314 ἀμὴν

2318 3345 2467 3416 λέγω
2490 3363 2596 3410 σοι,
2635 3345 2733 3398 ὲάν
2767 3343 2933 3414 μήτις
2975 3339 3213 3411 γεννηθῇ
3255 3339 3315 3403 ἐξ
3368 3337 3564 3401 ὓδατος
3603 3340 3700 3389 καὶ
3733 3333 3904 3391 “veti-

2307 3457 2501 3512 ματος,
2533 3439 2595 3492 οὐ
2615 3437 2843 3491 δύναται
2880 3435 2962 3498 είς
2992 3435 3090 3504 τὴν
3129 3431 3412 3512 βασιλείαν
3434 3428 3530 3508 τοῦ
3562 3427 3704 3493 Θεοῦ
3733 3425 3906 3490 sint

2304 3505 2440 3586 θεῖν.
2471 3549 2492 3583 ι
2529 3527 2779 3584 Ἀκούων
2815 3529 2844 3581 6
2879 3524 3194 3594 Νικόδημος
3231 3505 3407 3592 μείζω
3444 3505 3800 3591 ἀνθρωπίνης
3839 3515 3908 3571 διο

2302 3622 2625 3687 δασκαλίας,
2651 3619 3039 3689 ἐκπλήττεται.
3071 3617 3167 3669 καὶ
3195 3613 3388 3668 παθὼν
3409 3611 3759 3683 ἀνθρώπινον
3789 3607 3900 3663 πά-

2304 3715 2419 3781 θος,
2449 3713 2663 3784 ὲρωτᾷο
2704 3729 2721 3762 ι
2755 3708 2882 3771 Πῶς
2930 3705 3198 3773 δύναται;
3229 3724 3248 3756 ι
3289 3704 3430 3775 ὅπερ
3472 3702 3741 3764 ἀπιστίας
3789 3699 3907 3754 ἐστὶ

2305 3805 2560 3874 σημεῖον.
2590 3804 2766 3858 Ὅπου
2795 3800 2903 3870 γὰρ
2931 3801 3116 3862 πίστις
3140 3799 3244 3851 οὐκ
3289 3797 3460 3861 ἔστιν,
3509 3797 3628 3848 ἐκεῖ
3655 3794 3735 3859 τὸ,
3783 3791 3909 3856 Πῶς

2305 3898 2451 3963 τὲδες
2484 3897 2598 3960 καὶ,
2632 3895 2730 3948 Διά
2753 3893 2806 3946 τί
2837 3893 2954 3948 τόδε
2979 3912 2992 3960 ;
3021 3892 3112 3946 Διὸ
3142 3893 3236 3945 καὶ
3271 3889 3665 3957 καταγέλαστα
3703 3886 3775 3940 τὰ
3812 3883 3908 3939 τοῦ

2305 3990 2625 4060 Νικοδήμου
2689 3990 2914 4060 ῥήματα
2969 3986 3280 4055 φαίνονται.
3344 3983 3421 4037 Οὐ
3484 3980 3599 4053 γὰρ
3651 3979 3908 4047 ἐνενόησε

2305 4083 2564 4151 γέννησιν
2616 4079 3026 4151 πνευματικὴν,
3087 4076 3226 4130 ἀλλά
3285 4075 3528 4145 γαστρὸς
3583 4073 3911 4144 σωματικῆς

2307 4177 2606 4248 μέμνηται.
2644 4173 2798 4229 Ἐπεὶ
2822 4172 2931 4244 γὰρ
2963 4172 3166 4244 ἤκουσε
3195 4168 3278 4232 τὸ,
3312 4188 3330 4221 t
3391 4168 3519 4221 Ἐὰν
3550 4167 3625 4236 μή
3660 4182 3743 4227 τις
3786 4180 3910 4232 γεν-

2303 4267 2444 4339 νηθῇ
2473 4266 2703 4330 ἄνωθεν,
2743 4283 2762 4318 ι
2797 4264 3017 4334 ἐνόμισε
3041 4263 3102 4316 τὸ
3137 4261 3375 4316 ἀνωθεν
3424 4257 3573 4312 οὕτω
3618 4257 3907 4323 λέγεσθαι,

2305 4359 2577 4418 animi},
2622 4357 2681 4424 ἐξ
2731 4359 2935 4426 ἀρχῆς,
2991 4357 3058 4408 ἐκ
3101 4354 3361 4424 δευτέρου
3394 4367 3408 4382 °
3458 4351 3604 4406 ὥστε
3661 4347 3805 4405 εἶναι
3851 4350 3912 4404 τδ

2306 4453 2603 4522 λεγόμενον
2633 4451 2874 4504 τοιοῦτον
2898 4464 2913 4480 ·
2953 4448 3080 4501 Ἐὰν
3115 4448 3192 4519 μή
3229 4463 3315 4510 τις
3336 4445 3576 4517 γεννηθῇ
3630 4445 3690 4511 ἐξ
3733 4445 3913 4516 ἀρχῆς

601 4559 707 4605 test
742 4550 788 4603 is
817 4548 908 4618 qui
947 4562 1111 4602 senex
1144 4555 1251 4606 est,
1277 4546 1457 4598 denuo
1485 4544 1691 4598 intrare
1735 4546 1788 4597 in
1822 4541 2036 4598 uterum
2076 4558 2196 4597 ma-

2307 4545 2401 4599 καὶ
2433 4546 2498 4597 ἐκ
2526 4543 2808 4614 δευτέρου.
2853 4540 2952 4594 Διά
2994 4539 3156 4594 τοῦτο
3185 4535 3281 4593 οὖν
3329 4555 3488 4608 φησι,
3519 4536 3648 4600 Πῶς
3682 4537 3912 4591 δύναται

605 4642 704 4696 tris
735 4640 890 4696 suae?
917 4639 1048 4692 Nam
1086 4639 1194 4692 duo
1225 4637 1375 4691 illum
1401 4635 1678 4690 iaciebant
1707 4636 2049 4706 perplexum,
2093 4651 2193 4689 na-

606 4734 793 4788 tivitas
822 4732 1033 4786 scilicet
1062 4729 1390 4798 spiritualis,
1423 4739 1476 4784 et
1500 4742 1750 4798 regnum.
1804 4729 1996 4798 Neque
2045 4731 2192 4786 enim

602 4840 800 4880 nomen
834 4823 982 4892 regni
1017 4822 1280 4877 caelorum
1314 4819 1560 4874 auditum
1589 4819 2024 4890 erataliquando
2056 4822 2196 4890 apud

602 4915 842 4971 Judmos.
874 4914 1029 4968 Nunc
1055 4912 1222 4982 igitur
1245 4912 1312 4967 de
1345 4912 1631 4967 uativitate
1651 4913 1888 4978 dubitat,
1913 4923 2196 4981 propterea

605 5020 660 5065 et
706 5011 962 5065 Christus
1020 5009 1068 5063 ei
1120 5005 1470 5062 manifestius
1525 5007 1832 5077 spiritualis
1895 5007 2198 5062 nativitatis

605 5102 824 5158 modum
855 5099 1060 5155 revelat
1094 5117 1106 5154 :
1149 5118 1167 5150 ε
1217 5097 1335 5154 Nisi
1384 5099 1510 5163 quis
1549 5109 1833 5168 nascatur,
1885 5101 2094 5164 dicens,
2128 5115 2194 5154 ex

605 5211 748 5266 aqua
778 5206 833 5251 et
863 5194 1095 5264 Spiritu.
1131 5211 1151 5245 ι
1193 5190 1368 5246 Homo
1399 5207 1520 5247 eum
1553 5208 1617 5248 ex
1642 5192 1854 5247 duobus
1877 5200 2112 5253 constet,
2133 5207 2199 5248 ex

607 5305 841 5360 corpore
880 5300 934 5342 et
969 5290 1178 5354 anima,
1221 5287 1390 5343 habet
1418 5287 1726 5341 nativitatis
1757 5302 1976 5356 quoque
2021 5287 2200 5357 dupli-

607 5399 727 5440 eem
765 5383 1010 5437 modum.
1056 5384 1208 5454 Aqua
1248 5382 1396 5437 enim
1451 5385 1495 5436 si
1526 5382 1817 5437 visibiliter
1866 5383 2196 5453 accipiatur,

610 5478 675 5531 ad
712 5475 962 5544 corporis
984 5477 1218 5546 pertinet
1259 5474 1737 5545 puriﬁcationem;
1777 5474 2022 5544 Spiritus
2073 5490 2201 5530 vero

611 5569 961 5624 invisibiliter
991 5582 1353 5635 concurrens,
1375 5569 1443 5623 ad
1466 5567 1757 5624 invisibilis
1805 5570 2003 5625 animm
2037 5584 2194 5640 rege-

613 5664 948 5717 nerationem
977 5661 1234 5733 pertinet.
1265 5662 1418 5728 Quod
1451 5663 1494 5717 si
1520 5677 1703 5734 rogas,
1725 5663 2001 5732 quomodo
2061 5679 2200 5735 aqua

613 5761 790 5824 potest
812 5755 1473 5828 generare?interrogabo
1493 5764 1548 5811 et
1570 5770 1690 5827 ego,
1713 5759 1989 5826 quomodo
2011 5771 2199 5813 semen

614 5860 668 5905 et
703 5850 879 5923 ipsum
939 5863 1202 5920 aquosutn
1229 5849 1524 5918 exsistens,
1571 5858 1750 5921 potest
1803 5851 1856 5908 in
1921 5851 2199 5909 hominem

2302 4639 2483 4710 γέρων
2504 4636 2579 4691 ὢν
2608 4637 2862 4706 δεύτερον
2887 4633 3156 4687 εἰσελθεῖν
3189 4633 3271 4696 είς
3300 4631 3400 4702 τὴν
3423 4631 3640 4686 κοιλίαν
3674 4630 3780 4700 τῆς
3811 4645 3911 4700 μη·

2300 4732 2428 4802 τρὸς
2450 4730 2650 4796 αὐτοῦς
2685 4729 2791 4782 Δύο
2824 4730 2936 4798 γὰρ
2965 4722 3110 4798 ἦσαν
3150 4724 3219 4779 τὰ
3262 4723 3525 4778 ποιοῦντα
3559 4724 3731 4780 αὐτὸν
3779 4726 3912 4778 ἀπη-

2308 4828 2443 4896 ρεῖν,
2482 4825 2516 4894 ἥ
2552 4841 2609 4876 τε
2646 4823 2901 4894 γέννησις
2946 4823 2978 4892 ἡ
3033 4818 3412 4892 πνευματικὴ,
3446 4820 3482 4891 ἦ
3513 4829 3575 4872 τε
3628 4818 3907 4889 βασιλεία.

2305 4917 2441 4970 Οὐδὲ
2476 4919 2585 4987 γὰρ
2615 4917 2787 4983 όομα
2823 4912 3110 4985 βασιλείας
3167 4911 3419 4984 οὐρανῶν
3473 4911 3730 4981 ἠκούσθη
3780 4909 3912 4964 ποτε

2305 5011 2458 5081 παρά
2503 5009 2653 5063 Ίουὸ.
2684 5010 2801 5071 ἔοις.
2833 5008 2986 5070 Τέως
3022 5007 3068 5060 δ’
3110 5001 3206 5061 οῦν
3249 5006 3380 5078 περὶ
3437 5005 3538 5072 τῆς
3593 5005 3913 5074 γεννήσεως

2305 5104 2522 5174 ἀπορεῖ,
2571 5103 2652 5158 διὸ
2709 5103 2805 5156 καὶ
2838 5101 2867 5154 6
2929 5099 3172 5171 Χριστὸς
3210 5098 3552 5170 σαφέστερον
3617 5099 3772 5169 αὕτῷ
3825 5097 3914 5152 τδν

2301 5196 2401 5266 τῆς
2439 5196 2753 5265 γεννήσεως
2795 5195 2898 5263 τῆς
2935 5194 3326 5262 πνευματικῆς
3357 5191 3567 5263 τρόπον
3621 5190 3910 5246 ἀποκαλὺ-

2303 5307 2451 5354 πτει,
2487 5307 2506 5340 ι
2533 5288 2658 5342 Ἐὰν
2690 5289 2767 5358 μή
2809 5305 2894 5349 τις
2925 5287 3165 5357 γεννηθῇ
3205 5286 3266 5352 ἐξ
3297 5284 3516 5351 ὓδατος,
3575 5285 3781 5356 λέγων,
3820 5285 3912 5340 καὶ

2305 5384 2646 5454 Πνεῦματος.
2683 5401 2700 5432 ι
2738 5380 2972 5446 Διπλοῦς
3001 5381 3112 5450 γὰρ
3138 5378 3216 5432 ὢν
3242 5379 3273 5433 6
3294 5378 3610 5450 ἄνθρωπος,
3643 5380 3710 5433 ἐκ
3730 5377 3910 5450 ψυχῆς

2305 5478 2399 5533 καὶ
2447 5477 2722 5546 σώματος,
2760 5474 2987 5528 διπλοῦν
3023 5473 3138 5545 ἔχει
3182 5474 3277 5527 καὶ
3311 5471 3405 5526 τὸν
3447 5473 3548 5542 τῆς
3591 5474 3911 5543 γεννήσεως

2307 5569 2528 5640 τρόπον.
2565 5567 2641 5620 Τὸ
2670 5567 2770 5638 μὲν
2795 5569 2906 5638 γὰρ
2929 5565 3078 5637 ὕδωρ
3115 5565 3330 5637 ὁρατῶς
3351 5563 3809 5635 λαμϐανόμενον,
3837 5563 3912 5626 εἰς

2305 5663 2404 5734 τὴν
2435 5662 2530 5717 τοῦ
2570 5662 2826 5734 σώματος
2863 5661 3137 5731 κάθαρσιν
3171 5661 3378 5713 νοεῖται
3402 5675 3418 5692 ο
3460 5658 3522 5712 τδ
3569 5658 3629 5713 δὲ
3679 5655 3911 5726 Πνεῦμα

2309 5757 2562 5828 ἀοράτως
2605 5756 2920 5826 συντρέχον,
2978 5757 3058 5819 είς
3113 5754 3216 5825 τὴν
3255 5753 3358 5825 τῆς
3415 5751 3662 5824 ἀοράτοῦ
3730 5750 3912 5823 ψυχῆς

2306 5850 2692 5924 ἀναγὲννησιν.
2742 5851 2802 5904 Εἰ
2832 5849 2887 5903 δὲ
2920 5849 3132 5921 ἐρωτᾷς
3164 5865 3175 5882 ο
3229 5847 3350 5912 Πῶς
3395 5847 3455 5901 τὸ
3490 5846 3638 5919 ὕδωρ
3680 5846 3910 5901 δύναται
