4052 6556
183 409 317 476 1205

865 406 1319 468 ENARRATIO
1363 404 1444 466 ΙΝ
1479 403 1988 466 EVANGELIUM
2040 399 2386 465 JOANNIS.
2415 397 2672 460 -CAP.
2718 394 2832 457 ῐΙῐ.

3367 391 3506 458 ιεοδ

178 528 460 596 ⁵γεννῆσαι,
514 526 786 598 ἐρωτήσω
830 525 1027 594 κάγώ·
1062 525 1189 588 Πῶς
1243 525 1305 578 τὸ
1357 522 1608 595 σπέρμα,
1660 524 1787 577 ὑδα-

1923 518 2319 578 ranslormari?
2349 520 2524 591 igitur
2553 518 2699 574 sicut
2757 518 2808 570 in
2836 512 3115 586 corporali
3166 513 3380 572 semine
3426 525 3509 569 to-

178 618 347 680 τώδες
387 616 448 672 δν
487 618 584 670 καὶ
625 617 782 682 αύτὸ,
819 618 1050 671 δύναται
1084 618 1166 682 εἰς
1207 616 1500 688 ἄνθρωπον
1553 617 1785 670 διαπλα-

181 709 410 782 σθῆναι;
445 709 664 782 Ὠσπερ
700 709 793 764 οῦν
822 711 915 763 ἐπὶ
943 709 1040 763 τοῦ
1067 710 1398 780 σωματικοῦ·
1435 708 1780 779 σπέρματος,

181 805 241 855 τὺ
275 805 402 864 πᾶν,
433 803 536 873 τῆς
566 803 662 856 τοῦ
708 803 847 858 Θεοῦ
881 806 1109 876 χάριτός
1156 804 1310 857 ἐστιν
1343 821 1357 835 ·
1392 803 1538 858 οὕτω
1575 804 1672 857 καὶ
1695 805 1790 858 ὲτιὶ

180 896 276 949 τοῦ
305 895 710 966 βαπτίσματος,
737 897 885 968 ὕδωρ
918 897 1231 950 ὑπόκειται.
1279 897 1439 951 Ἀλλὰ
1468 897 1531 951 τὸ
1563 896 1790 968 Πνεῦμα

181 989 249 1040 τὰ
286 991 467 1042 πάντα
499 989 736 1059 ἐνεργεῖ,
775 991 928 1060 καὶὴ
990 991 1081 1044 διὰ
1108 991 1218 1045 τῶν
1252 990 1430 1062 εὐχῶν
1475 991 1786 1062 ἐπίκλησις,

182 1078 281 1131 τοῦ
313 1079 449 1132 Θεοῦ
485 1079 543 1133 δὲ
579 1080 786 1149 μᾶλλον
822 1081 1125 1150 παρουσία.
1153 1082 1346 1150 Ταφῆς
1371 1081 1484 1152 γὰρ
1512 1081 1608 1138 καὶ
1657 1082 1788 1134 ἁνα-

185 1176 435 1234 στάσεως
481 1171 730 1242 σύμϐολα
760 1175 855 1224 καὶ
886 1172 1054 1226 εἰκὼν
1103 1174 1164 1226 ὲν
1198 1174 1278 1239 τῷ
1305 1173 1460 1226 ὕδατι
1487 1171 1668 1244 τούτῳ
1695 1189 1788 1225 τεο

164 1264 387 1318 -λεῖται,
418 1265 481 1318 Al
525 1265 676 1334 τρεῖς
723 1264 1074 1328 καταδύσεις,
1106 1265 1207 1334 τῆς
1253 1265 1561 1338 τριημέρου
1607 1265 1790 1336 ταφῆς

1895 626 2006 670 tum
2039 625 2123 670 est
2149 614 2342 686 gratiae
2372 613 2594 678 divinae,
2634 610 2706 664 ita
2743 617 2797 663 et
2850 607 2906 662 in
2975 605 3309 678 baptismate
3366 620 3509 676 aqua

1895 708 2253 774 subdita‘cst,
2285 718 2337 762 et
2367 706 2610 778 Spiritus
2628 706 2811 758 omnia
2843 709 3126 770 operatur,
3150 712 3204 754 et
3237 697 3512 754 invocatio

1897 819 1994 874 per
2035 818 2247 873 preces,
2285 801 2398 856 imo
2437 799 2530 854 Dei
2580 795 2893 868 praesentia.
2939 793 3198 866 Symbola
3236 793 3383 847 enim
3423 807 3511 848 se-

1899 897 2134 965 pultura:
2166 905 2219 951 et
2256 892 2676 950 resurrectionis
2708 893 2759 946 in
2794 904 2934 959 aqua
2975 889 3066 943 illa
3121 886 3509 958 perﬁciuntur.

1901 989 2039 1045 Tres
2065 989 2367 1045 mersioues
2397 988 2667 1042 triduana:
2692 986 2989 1052 sepultura:
3029 981 3279 1054 symbolo
3340 992 3510 1036 sunt:

1900 1082 2100 1138 deinde
2130 1083 2366 1150 emergit
2408 1081 2596 1144 homo,
2654 1079 2800 1133 sicut
2828 1077 3118 1138 Dominus,
3176 1073 3434 1146 l‘nlgidior
3459 1084 3513 1130 et

1901 1173 2125 1239 clarior,
2185 1172 2622 1243 incorruptionis
2680 1170 2866 1225 ferens
2916 1167 3263 1234 indumenta,
3303 1168 3396 1237 qui
3461 1169 3514 1220 iu

1900 1281 2040 1336 aqua
2078 1265 2486 1333 corruptionem
2519 1261 2863 1319 summersit.

185 1361 436 1426 σύμϐολα
465 1377 478 1389 ·
504 1355 626 1412 εἶτα
652 1359 908 1414 ἀναδύνει
941 1362 970 1413 6
998 1360 1291 1430 ἄνθρωπος
1321 1361 1519 1431 ὥσπερ
1543 1363 1571 1415 6
1644 1361 1877 1432 Κύριος,
1913 1361 2310 1433 λαμπρότερον
2358 1361 2456 1415 καὶ
2501 1358 2865 1431 φαιδρότερον
2937 1356 3002 1410 τὸ
3046 1359 3148 1429 τῆς
3199 1355 3520 1429 ἀφθαρσίας

185 1455 400 1524 ἔνδυμα
433 1455 640 1526 φορῶν,
672 1455 768 1508 καὶ
815 1455 916 1525 τὴν
963 1455 1175 1525 φθορὰν
1220 1454 1666 1524 ἐγκαταϐυθίσας
1719 1457 1800 1529 τῷ
1830 1456 2009 1512 ὕδατι.

265 1564 286 1597 ι
315 1547 390 1600 Τὸ
417 1549 822 1618 γεγεννημένον
848 1550 910 1600 ἐκ
933 1551 1034 1620 τῆς
1072 1552 1300 1620 σαρκὸς,
1335 1551 1476 1623 σάρξ
1503 1552 1622 1604 ἐστι
1659 1567 1673 1581 ·
1700 1553 1796 1605 καὶ

185 1641 248 1691 τὸ
281 1641 687 1711 γεγεννημένον
737 1644 802 1694 ἑκ
851 1641 949 1693 τοῦ
971 1643 1320 1714 Πνεῦματος.
1369 1644 1596 1713 πνεῦμά
1646 1647 1788 1698 ἐστι.

1982 1550 2149 1607 Vens.
2180 1551 2302 1607 6-8.
2341 1569 2360 1604 ι
2389 1549 2544 1618 Quod
2589 1559 2778 1604 natum
2811 1558 2896 1606 est
2926 1548 2980 1604 in
3007 1561 3197 1610 carne,
3233 1562 3364 1602 caro
3387 1555 3471 1603 est
3501 1564 3518 1602 :

1908 1657 1962 1702 et
1998 1649 2142 1717 qttod
2170 1656 2357 1700 uatum
2393 1656 2470 1700 est
2498 1660 2563 1699 ex
2592 1644 2827 1714 Spiritu,
2858 1643 3086 1715 spiritus
3109 1650 3215 1698 est.
3235 1638 3314 1695 Ne
3343 1642 3521 1696 admi-

185 1735 282 1804 Μὴ
311 1733 626 1805 θαυμάσῃς,
671 1735 756 1788 ὅτι
811 1730 966 1788 εἶπόν
1017 1752 1122 1803 σοι,
1165 1738 1249 1791 ὅτι
1280 1738 1363 1792 δεῖ
1414 1740 1560 1810 ὑμᾶς
1601 1757 1798 1811 γεννη-

1923 1742 2049 1796 reris
2108 1739 2254 1811 quod
2297 1740 2436 1803 dixi,
2495 1738 2726 1804 Oportet
2781 1751 2879 1791 vos
2945 1733 3095 1790 nasci
3149 1749 3182 1789 e
3241 1732 3519 1802 supernis.

188 1825 356 1896 θῆναι
383 1827 615 1881 ἄνωθεν.
652 1828 727 1882 Τὸ
755 1829 978 1899 πνεῦμα
1008 1830 1146 1884 ὅπου
1178 1831 1347 1890 θέλει.
1387 1835 1534 1896 πνεῖ,
1575 1834 1672 1886 καὶ
1697 1832 1799 1905 τὴν

189 1921 382 1990 φωνὴν
411 1921 578 1973 αὐτοῦ
613 1922 860 1988 ἀκούεις,
891 1923 1010 1976 ἀλλ’
1040 1925 1142 1977 οὐκ
1167 1919 1317 1988 οἶδας
1350 1925 1521 1980 πόθεν
1550 1925 1795 1997 ἔρχεται,

191 2011 291 2064 καὶ
334 2009 436 2063 ποῦ
465 2011 696 2080 ὑπάγει.
730 2011 918 2075 Οὕτως
952 2014 1071 2066 ἐστὶ
1103 2015 1212 2076 πᾶς
1242 2015 1270 2068 6
1303 2016 1704 2085 γεγεννημένος
1737 2017 1801 2068 ἐκ

191 2104 288 2158 τοῦ
327 2104 669 2175 Πνεῦματος.
707 2125 724 2158 ι
785 2105 1046 2174 ’Δπάγων
1071 2107 1164 2161 τὸν
1190 2109 1509 2178 Νικόδημον
1540 2110 1568 2162 6
1597 2108 1802 2180 Κύριος

193 2197 305 2251 ἀπὸ
343 2198 443 2268 τῆς
487 2199 762 2269 σαρκικῆς
791 2199 1126 2269 γεννήσεως,
1163 2200 1297 2271 φησι
1330 2218 1344 2232 -
1381 2220 1398 2251 ι
1440 2201 1514 2254 T6
1539 2218 1804 2271 γεγεννη-

197 2291 361 2362 μένον
390 2291 456 2344 tu:
479 2291 576 2362 τῆς
601 2292 826 2362 σαρκὸς,
861 2292 1002 2362 σάρξ
1027 2295 1146 2346 ἐστι
1175 2308 1187 2322 ·
1218 2295 1280 2347 τὸ
1307 2294 1364 2348 δὲ
1397 2295 1804 2368 γεγεννημένον

193 2387 260 2440 ἐκ
284 2386 379 2439 τοῦ
405 2385 744 2457 Πιεύματος,
773 2385 994 2458 πνεῦμα
1021 2408 1038 2440 ι
1081 2406 1093 2416 ·
1115 2388 1388 2451 τουτέστι.
1427 2390 1806 2461 πνευματικός

195 2479 346 2530 ἐστιν
380 2477 409 2530 6
455 2476 746 2548 ἅνθρωπος
793 2479 821 2532 6
870 2482 1276 2551 γεγεννημένος
1325 2480 1416 2535 διὰ
1465 2482 1560 2534 τοῦ
1602 2481 1802 2552 βαπτίο

197 2585 448 2640 σματος·
497 2571 559 2623 τὸ
609 2570 720 2642 γὰρ
773 2571 1021 2642 πνεῦμα,
1059 2574 1182 2628 ἀντὶ
1234 2573 1354 2639 τοῦ,
1407 2576 1806 2646 πνευματικὸς,

198 2669 444 2737 ὀφείλεις
470 2669 687 2740 νοῆσαι.
717 2671 792 2725 Οὐ
817 2672 930 2743 γὰρ
966 2671 1032 2742 δὴ
1065 2671 1294 2744 Πνεῦμα
1323 2673 1471 2727 Θεῖον
1519 2673 1734 2742 γίνεται
1779 2673 1810 2726 6

207 2761 556 2833 βαπτισθεὶς,
607 2763 748 2818 ἀλλὰ
803 2766 903 2836 τὴν
957 2767 1016 2818 ἐν
1057 2765 1342 2842 ῌνεύματι
1384 2766 1667 2822 υἱοθεσίαν
1715 2768 1812 2821 καὶ

199 2853 364 2924 χάριν
386 2855 481 2909 καὶ
505 2857 674 2925 τιμὴν
704 2857 908 2924 λαϐὼν,
939 2858 1035 2913 τοῦ
1073 2861 1451 2930 πνευματικὸς
1495 2856 1642 2916 εἶναι
1677 2878 1812 2916 κατ-

198 2947 475 3014 αξιυῦται.
522 2948 700 3020 Ὀρῶν
741 2951 798 3004 δὶ
842 2951 936 3006 τδν
956 2947 1276 3024 Νικόδημον
1301 2954 1812 3028 ἔτιθορυσούμενον

198 3041 340 3110 φησί
373 3057 386 3072 ·
432 3061 452 3093 ι
495 3042 586 3112 Μὴ
624 3043 936 3118 θαυμάσῃς.
985 3065 1004 3098 ι
1039 3042 1177 3101 Εἶτα
1206 3048 1314 3101 ἀπὸ
1334 3047 1600 3118 αἰσθητοῦ
1627 3069 1810 3122 παρα-

1909 1833 2148 1903 Spiritus
2183 1832 2272 1886 ubi
2313 1831 2424 1884 vult
2457 1832 2652 1899 spirat,
2684 1837 2740 1883 et
2793 1843 2983 1884 vocem
3025 1825 3146 1895 ejus
3192 1826 3373 1890 audis,
3429 1825 3524 1880 sed

1909 1927 2090 1982 nescis
2126 1927 2269 1979 unde
2300 1925 2506 1988 veniat,
2543 1933 2596 1978 et
2637 1936 2747 1991 quo
2777 1922 2964 1977 vadat.
2991 1919 3083 1975 Sic
3117 1927 3203 1975 est
3228 1918 3412 1973 omnis
3430 1917 3523 1986 qni

1910 2033 2070 2077 natus
2101 2030 2272 2075 estex
2311 2018 2544 2088 Spiritu.
2588 2036 2605 2068 ι
2645 2016 2946 2072 Abducens
2980 2014 3247 2070 Dominus
3287 2009 3529 2068 Nicode-

1910 2130 2058 2168 mum
2096 2113 2354 2168 acarnali
2387 2110 2700 2176 nativitate,
2733 2109 2908 2164 dicit:
2950 2127 2969 2161 ι
3013 2107 3174 2175 Quod
3207 2117 3396 2162 natum
3441 2110 3528 2160 est

1909 2221 1976 2261 ex
2011 2221 2200 2270 carne,
2227 2220 2358 2260 caro
2390 2212 2505 2269 est;
2555 2212 2611 2257 et
2646 2202 2793 2272 quod
2839 2211 3027 2257 natum
3069 2211 3156 2258 est
3185 2216 3250 2256 ex
3290 2199 3524 2269 Spiritu,

1911 2302 2138 2371 spiritus
2161 2313 2265 2356 est.
2299 2319 2316 2352 ι
2360 2296 2476 2352 Hoc
2497 2308 2603 2364 est,
2635 2296 2938 2367 spiritualis
2970 2305 3054 2351 est
3085 2295 3275 2360 homo,
3302 2295 3396 2364 qui
3431 2308 3530 2349 na-

1912 2406 2000 2453 tus
2031 2406 2113 2451 est
2142 2410 2240 2465 per
2275 2393 2632 2465 baptismum.
2669 2392 2774 2448 Per
2828 2391 3086 2464 spiritum
3135 2390 3307 2456 enim,
3352 2387 3530 2460 spiri-

1916 2490 2117 2544 tualcm
2146 2487 2456 2558 intelligere
2474 2488 2663 2543 debes.
2699 2484 2887 2557 Neque
2929 2487 3078 2541 enim
3110 2481 3357 2552 Spiritus
3392 2481 3533 2538 divi-

1915 2600 2019 2640 nus
2063 2583 2122 2638 lit
2166 2582 2505 2654 baptizatus,
2537 2582 2634 2638 sed
2692 2596 2817 2636 cum
2867 2579 3220 2650 adoptionem
3293 2576 3566 2633 ﬁliornm‘

1917 2679 1970 2732 in
2011 2675 2251 2742 Spiritu,
2284 2685 2337 2729 et
2367 2677 2604 2747 gratiam
2633 2685 2701 2737 et.
2721 2677 2994 2730 honorem
3028 2672 3365 2742 susceperit,
3418 2671 3532 2742 spi-

1917 2772 2135 2829 ritualis
2181 2787 2306 2828 csse
2357 2780 2623 2827 meretur.
2680 2767 2884 2824 Videns
2923 2777 3109 2824 autem
3170 2766 3532 2823 Nieodemum

1917 2869 2098 2924 adhuc
2137 2864 2472 2937 perturbari,
2517 2865 2690 2919 dicit:
2757 2882 2774 2916 ι
2825 2863 2905 2919 Ne
2967 2861 3206 2917 mireris.
3257 2879 3276 2914 ι
3325 2860 3535 2915 Deinde

1919 2960 2162 3018 sensibili
2181 2959 2432 3030 exemplo
2449 2958 2650 3016 docere
2669 2973 2792 3013 eum
2815 2965 3020 3013 tentat:
3055 2974 3075 3008 ι
3103 2953 3343 3024 Spiritus
3361 2953 3536 3016 enim,

1923 3056 2124 3128 inquit,
2151 3055 2242 3113 ubi
2296 3054 2436 3121 vult,
2476 3054 2670 3124 spirat.
2713 3071 2732 3105 ι
2779 3053 2826 3106 Α
2873 3059 3060 3116 vento,
3119 3047 3321 3119 inquit,
3381 3048 3538 3103 disce

199 3135 502 3205 δείγματος
544 3139 810 3207 πειρᾶται
854 3139 1133 3195 διδάσκειν
1179 3142 1368 3196 αὐτόν.
1425 3162 1442 3194 ι
1480 3144 1554 3197 T6
1588 3142 1810 3218 πνεῦμα

1923 3151 2155 3219 majora.
2211 3149 2416 3205 Ventus
2452 3148 2625 3211 enim,
2686 3161 2850 3215 quem
2911 3146 3014 3200 hoc
3089 3145 3214 3200 loco
3277 3144 3537 3214 spiritum

199 3227 338 3297 γὰρ,
362 3229 553 3298 φησιν,
585 3230 723 3284 ὅπου
757 3231 927 3296 θέλει,
961 3237 1109 3289 πνεῖ.
1151 3255 1170 3287 ι
1221 3236 1354 3289 ’Λπὸ
1391 3237 1621 3306 ἀνέμου,
1654 3241 1813 3308 φησὶ,

204 3323 451 3393 μάνθανε
501 3324 571 3379 τὰ
632 3328 878 3397 μείζονα.
922 3329 979 3383 'O
1037 3330 1150 3402 γὰρ
1202 3332 1407 3402 ἄνεμος
1444 3333 1661 3402 (τοῦτον
1696 3333 1807 3404 γὰρ

202 3419 448 3474 ἐνταῦθά
476 3438 614 3490 φησι
645 3423 889 3494 πνεῦμα)
946 3427 1083 3479 ὅπου
1134 3426 1304 3489 θέλει,
1369 3431 1538 3481 πνεῖ·
1580 3429 1674 3481 καὶ
1723 3430 1818 3484 τὸν

199 3509 340 3582 ἦχον
372 3512 536 3565 αὑτοῦ
563 3513 807 3580 ἀκούεις,
841 3516 956 3570 ἀλλ’
983 3519 1136 3584 ὅμως
1177 3518 1279 3571 οὐκ
1320 3515 1468 3582 οἶδας
1508 3521 1609 3589 τὴν
1636 3520 1818 3590 φορὰν

203 3607 397 3660 αὐτοῦ.
443 3607 775 3672 ’Λκάϐεκτος
832 3611 943 3681 γὰρ
1007 3614 1151 3678 ἐστι,
1203 3613 1298 3667 καὶ
1368 3613 1817 3675 ἀκώλυτος,.καὶ

202 3705 413 3770 φύσικῇ
444 3702 663 3773 ἐξουσία
696 3704 796 3774 τὴν
821 3705 1148 3776 ὁποιδήποτε
1177 3705 1359 3775 ὁρμὴν
1394 3705 1532 3775 ἔχει.
1593 3708 1668 3760 T6
1735 3708 1815 3768 δὲ.

209 3814 232 3849 ιι
269 3794 449 3848 "Ome
482 3795 630 3847 θέλει
675 3798 818 3859 πνεῖ,
867 3817 884 3848 ι
931 3799 1121 3866 φησιν,
1155 3799 1254 3868 οὐχ
1288 3798 1364 3862 ὡς
1415 3799 1816 3869 προαιρετικοῦ

200 3887 361 3950 ὄντος
388 3886 485 3940 τοῦ
509 3888 738 3958 ἀνέμου,
765 3889 860 3941 καὶ
880 3888 1099 3960 θέλησιν
1121 3889 1360 3960 ἔχοντος,
1392 3892 1509 3944 ἀλλ’
1555 3893 1628 3953 ὡς
1655 3894 1814 3964 ἔφην,

201 3981 310 4051 τὴν
342 3981 452 4033 ἀπὸ
478 3981 696 4050 φύσεως
729 3981 879 4052 αὑτῷ
904 3983 1221 4053 προσοῦσαν
1271 3985 1447 4054 φορὰν
1477 3987 1571 4038 καὶ
1601 3985 1817 4041 ἀκώλυ-

202 4092 299 4127 τον
323 4073 576 4138 ἐξουσίαν
611 4075 784 4142 δεῖξαι
813 4075 1164 4147 βουλόμενος.
1206 4079 1268 4130 El
1317 4075 1412 4131 οῦν
1446 4079 1539 4132 τὸν
1585 4079 1816 4149 ἄνεμον,

207 4166 372 4219 τοῦτο
403 4167 468 4236 δὴ
502 4169 564 4220 τὸ
615 4169 871 4238 αἰσθήσει
922 4161 1236 4224 ὑὲτοπίπτον
1269 4171 1521 4241 πνεῦμα,
1573 4173 1816 4240 ἀγνοεῖς,

210 4260 334 4323 πῶς
368 4260 463 4313 καὶ
493 4261 598 4313 ποῦ
628 4262 773 4327 πνεῖ,
813 4261 930 4325 πῶς
959 4263 1060 4332 τὴν
1090 4264 1202 4316 ἀπὸ
1233 4264 1328 4316 τοῦ
1369 4264 1517 4319 θείου
1556 4265 1822 4335 Πνεύμα-

206 4368 302 4414 τος
327 4353 696 4422 ἀναγέννησιν
720 4356 1065 4427 περιεργάζῃ
1092 4373 1106 4420 ;
1135 4357 1198 4410 Εἰ
1230 4357 1391 4410 τοῦτο
1412 4358 1471 4410 τὸ
1502 4358 1726 4426 πνεῦμα
1756 4359 1818 4411 ού

206 4445 438 4500 δύναται
481 4447 914 4518 κατασχεθῆναι,
973 4451 1159 4521 πολλῷ
1197 4453 1403 4522 μᾶλλον
1436 4455 1468 4522 ἡ
1531 4453 1625 4506 τοῦ
1659 4453 1818 4521 ἁγίου

209 4538 536 4609 Πνεῦματος
569 4541 757 4612 χάρις,
797 4545 987 4613 νόμοις
1036 4545 1256 4612 φύσεως
1289 4547 1385 4616 οὐχ
1445 4548 1820 4617 ὑπενεχθήσε-

207 4650 321 4688 ται.
387 4634 744 4705 Αἱσχυνέσθω
812 4638 1154 4704 Μακεδόνιος
1220 4643 1248 4693 6
1327 4643 1822 4712 Πνευματομὰχος,

208 4729 308 4781 καὶ
345 4727 452 4797 πρὸ
499 4727 694 4781 τούτου
727 4729 995 4800 Εύνόμιος
1022 4748 1036 4761 ·
1082 4733 1111 4785 6
1170 4732 1271 4802 μὲν
1322 4734 1511 4788 δοῦλον
1557 4733 1730 4786 ποιῶν
1763 4734 1824 4786 τὸ

213 4819 470 4891 Πνεῦμα,
526 4822 799 4892 καίτοιγε
844 4826 1084 4895 ἤκουσεν
1131 4827 1394 4893 ἐνταῦθα,
1446 4829 1528 4881 ὅτι
1584 4829 1824 4897 Ἄνεμος

207 4913 349 4967 ὅπου
384 4914 554 4980 θέλει,
608 4922 770 4970 πνεῖ*
831 4918 1017 4990 πολλῷ
1062 4916 1157 4974 οῦν
1217 4921 1424 4991 μᾶλλον
1475 4921 1538 4973 τὸ
1599 4921 1825 4992 Πνεῦμα

209 5007 724 5082 αὐτεξουσιωτέραν
768 5011 882 5078 ἕξει
932 5013 1032 5082 τὴν
1088 5014 1326 5079 κίνησιν,
1363 5015 1458 5066 καὶ
1489 5016 1624 5067 ὅπου
1650 5015 1815 5080 θέλει,

211 5101 312 5154 καὶ
361 5099 440 5165 ὡς
470 5103 639 5169 θέλει,
699 5107 988 5176 ἐνεργήσει
1091 5109 1119 5159 ὁ
1165 5107 1222 5160 δὲ
1253 5107 1527 5178 Εὐνόμιος
1587 5109 1732 5163 αύτά
1763 5127 1823 5161 τε

210 5195 395 5250 ταῦτα
445 5198 713 5269 πρότερος
775 5198 1070 5270 ἁμαρτὼν,
1133 5203 1227 5254 καὶ
1272 5203 1481 5272 κτίσμα
1533 5201 1708 5256 εἰπὼν
1768 5203 1828 5255 τὸ

215 5292 470 5363 Πνεῦμα,
500 5292 598 5345 καὶ
627 5295 766 5364 πρός
791 5311 856 5362 γε
877 5294 1465 5364 ἁπαυθαδιασάμενος,
1517 5295 1667 5350 οὕτω
1721 5295 2019 5363 γινώσκειν
2080 5297 2240 5358 Θεὸν,
2301 5296 2374 5359 ὡς
2434 5296 2630 5348 ἑαυτὸν
2686 5295 2874 5357 αὑτός.

209 5391 336 5445 οὐδὲ
393 5388 483 5441 τοῦ
514 5388 723 5456 ἀνέμου
780 5387 878 5458 τὴν
929 5390 1130 5458 φορὰν,
1191 5393 1286 5442 καὶ
1316 5389 1418 5458 τὴν
1450 5390 1632 5460 ὁρμὴν
1664 5387 1774 5442 οἶδε
1806 5407 1819 5422 ·

295 5503 314 5534 ι
370 5481 679 5553 Ἀπεκρίθη
730 5480 1069 5551 Νικόδημος,
1119 5483 1214 5535 καὶ
1267 5479 1425 5536 εἶπεν
1461 5482 1642 5552 αὐτῷ·
1705 5481 1829 5547 Πῶς

207 5575 444 5632 δύναται
492 5574 671 5629 ταῦτα
713 5573 1006 5640 γενέσθαις
1053 5574 1358 5645 Ἀπεκρίθη
1428 5575 1676 5648 Ἰηροῦς,
1735 5579 1829 5630 καὶ

205 5669 370 5726 εἶπεν
419 5669 576 5740 αὐτῷ
603 5686 615 5699 ο
666 5667 739 5720 Σὺ
775 5659 828 5718 εἴ
863 5667 893 5719 6
938 5665 1264 5731 διδάσκαλος
1298 5669 1393 5722 τοῦ
1443 5670 1660 5742 Ἰσραὴλ
1687 5711 1698 5731 ,
1734 5671 1831 5723 καὶ
1871 5735 1874 5738 ξ

205 5763 385 5818 ταῦτα
419 5762 482 5811 οὑ
539 5758 878 5823 γινώσκεις;
924 5757 1123 5830 Ἀμὴν,
1167 5761 1317 5831 ἀμὴν
1366 5761 1511 5830 λέγω
1546 5779 1650 5828 σοι,
1687 5764 1768 5816 ὅτι
1803 5762 1830 5814 ὃ

201 5858 459 5918 ᾔδειμεν,
491 5846 767 5916 λαλοῦμεν
789 5889 803 5914 ,
829 5851 924 5904 καὶ
955 5849 982 5903 6
1015 5853 1368 5923 ἑωράκαμεν,
1401 5857 1820 5927 μαρτυροῦμεν,

204 5945 305 5995 καί
337 5945 438 6017 την
475 5944 794 6016 μαρτυρίαν
839 5946 998 6016 ἡμῶν
1030 5948 1090 6002 οῦ
1131 5948 1464 6020 λαμϐάνετε.
1510 5954 1567 6006 Εἰ
1603 5938 1667 6007 τὰ
1700 5953 1816 6006 ἐπί-

1924 3251 2106 3305 vocat,
2164 3241 2254 3296 ubi
2287 3239 2424 3302 vult,
2481 3238 2698 3308 spirat:
2751 3247 2807 3293 et
2837 3253 3033 3292 sonum
3088 3235 3211 3307 ejus
3244 3237 3425 3299 audis,
3486 3245 3544 3290 ct

1923 3334 2147 3404 ignoras
2178 3343 2360 3385 tamen
2409 3331 2553 3385 unde
2587 3330 2799 3384 feratur
2833 3347 2849 3396 ;
2888 3329 3081 3398 nequit
3111 3327 3256 3382 enim
3288 3341 3542 3398 compre-

1925 3424 2089 3480 hendi
2125 3424 2207 3480 vel
2237 3421 2559 3492 prohiberi;
2587 3421 2823 3476 naturali
2862 3422 3008 3476 enim
3043 3430 3316 3490 potestate
3368 3419 3544 3476 fertur

1925 3519 1979 3572 in
2013 3517 2248 3587 aliquem
2265 3514 2426 3590 541
2450 3516 2627 3571 locum
2655 3516 2950 3571 incertum.
2994 3514 3270 3571 Cancrum
3307 3515 3400 3568 ubi
3429 3513 3540 3569 vult

1924 3614 2124 3680 spirat,
2158 3611 2361 3680 inquit,
2397 3626 2504 3664 non
2536 3611 2683 3679 quod
2715 3619 2910 3664 tentus
2934 3608 3277 3664 voluntatem
3317 3609 3540 3671 habeat,

1924 3705 2044 3770 sed,
2085 3713 2147 3759 ut
2184 3703 2321 3763 dixi.
2360 3718 2387 3756 a
2424 3711 2622 3757 natura
2650 3703 2818 3757 indita
2850 3703 2922 3756 illi
2967 3712 3210 3772 poteStas
3241 3718 3362 3771 qua:
3416 3717 3545 3774 pro-

1927 3797 2103 3852 hiberi
2159 3795 2370 3866 nequit,
2413 3796 2748 3851 ostenditur.
2804 3795 2861 3848 Si
2923 3793 3091 3865 igitur
3137 3803 3395 3860 ventum,
3448 3795 3543 3863 qui

1927 3892 2150 3960 spiritus
2171 3901 2253 3945 est
2281 3891 2538 3945 sensibus
2561 3889 2864 3958 subjectus,
2902 3890 3148 3960 ignoras,
3180 3892 3458 3959 quomodo
3488 3898 3543 3941 et

1926 4001 2032 4054 quo
2057 3987 2248 4055 spiret,
2269 3986 2545 4055 quomodo
2576 3986 3052 4056 regenerationem
3074 3999 3102 4038 a
3126 3985 3312 4040 divino
3332 3981 3543 4052 Spiritu

1927 4079 2198 4135 curiosius
2232 4077 2503 4146 inquiris?
2535 4078 2593 4132 Si
2627 4079 2714 4132 hic
2743 4079 2970 4147 spiritus
3004 4077 3402 4148 comprehendi
3442 4094 3544 4132 ne-

1925 4172 2067 4241 quit,
2101 4171 2274 4226 multo
2305 4173 2485 4225 minus
2519 4171 2695 4225 sancti
2728 4171 2967 4238 Spiritus
2990 4170 3165 4239 gratia
3199 4169 3415 4240 legibus
3446 4187 3546 4224 na-

1925 4272 2064 4319 turae
2097 4263 2388 4319 solidetur.
2446 4263 2831 4318 Cotil‘nndatur
2891 4261 3266 4326 Macedonius,
3303 4261 3547 4332 Spiritus

1926 4366 2372 4427 Oppugnatonel
2403 4355 2822 4424 quiantecessit
2867 4355 3018 4408 illttm
3063 4355 3391 4410 Eunomius.
3455 4355 3549 4410 Ille

1928 4451 2073 4504 enim
2110 4465 2334 4504 servum
2365 4449 2496 4504 facit
2527 4449 2820 4518 Spiritum,
2851 4447 3106 4517 quamvis
3155 4449 3400 4503 audierit
3439 4449 3546 4503 hoe

1932 4545 2054 4599 loco
2115 4544 2262 4612 quod
2313 4553 2512 4598 ventus
2569 4558 2679 4613 quo
2732 4543 2850 4597 vult
2906 4543 3102 4612 spirat,
3156 4543 3328 4599 multo
3384 4543 3550 4614 igitur

1930 4640 2102 4709 magis
2142 4638 2384 4709 Spiritus
2408 4649 2634 4694 sanctus
2663 4637 2984 4694 liberiorem
3024 4637 3193 4692 habet
3222 4638 3547 4700 motionem,

1931 4743 1984 4789 et
2029 4751 2142 4803 quo
2179 4734 2313 4796 vult,
2367 4742 2422 4788 et
2473 4735 2616 4788 sicut
2653 4734 2790 4800 vult,
2845 4731 3186 4801 cperahitur.
3246 4731 3553 4786 Eunomins

1931 4842 2063 4882 vero
2099 4828 2150 4880 in
2184 4827 2275 4880 illo
2310 4829 2425 4897 ipso
2454 4843 2714 4896 peccans,
2750 4836 2805 4881 et
2839 4835 3150 4881 creaturam
3193 4825 3335 4879 dixit
3372 4822 3551 4893 Spiri-

1933 4931 2066 4984 tum,
2095 4933 2143 4975 et
2187 4921 2238 4974 in
2283 4931 2487 4974 tantam
2523 4921 2773 4990 pervenit
2819 4921 3214 4990 pervicaciam,
3265 4920 3420 4986 quasi
3454 4933 3552 4972 co-

1932 5025 2226 5085 gnosceret
2261 5014 2428 5069 Deum
2469 5017 2612 5070 sicut
2645 5017 2760 5084 ipse
2807 5015 3077 5084 seipsum.
3139 5014 3341 5067 Audiat
3383 5012 3553 5082 igitur

1938 5113 2082 5176 quod
2119 5124 2297 5178 neque
2331 5110 2480 5162 venti
2511 5109 2773 5177 impetum
2808 5123 2986 5179 neque
3012 5109 3171 5161 linem
3191 5107 3350 5163 sciat.
3393 5106 3552 5172 Quo-

1943 5203 2104 5256 modo
2150 5204 2312 5272 igitur
2348 5202 2440 5257 Dei
2497 5203 2869 5257 substantiam
2901 5209 3195 5270 cognoscet
3241 5200 3552 5268 impostor?

2951 5295 3230 5347 Ἀκουέτω
3283 5292 3402 5358 οὖν,
3467 5295 3550 5346 ὅτι

1892 5391 2010 5454 πῶς
2045 5391 2140 5446 οὖν
2164 5391 2301 5446 Θεοῦ
2338 5392 2531 5456 οὐσίας
2567 5390 2947 5461 κατατολμᾷς»
2987 5389 3265 5459 ἀλιτήριε-

2013 5486 2179 5542 Υειις.
2217 5487 2372 5542 9-l‘2.
2409 5486 2715 5555 liespondit
2752 5485 3108 5545 Nicodemns,
3143 5496 3199 5540 et
3246 5485 3381 5540 dixit
3429 5486 3477 5539 ei
3532 5501 3546 5537 :

1936 5582 2231 5647 Quomodo
2287 5592 2521 5651 possunt
2573 5583 2686 5637 hmc
2741 5582 2899 5636 ﬂeri?
2937 5580 3240 5650 Respondit
3282 5580 3463 5643 Jcsus,
3496 5590 3548 5633 et

1936 5677 2076 5730 dixit
2107 5695 2118 5730 :
2155 5676 2234 5729 Tu
2265 5692 2324 5732 es
2361 5677 2450 5731 ille
2483 5678 2744 5747 magister
2795 5675 3032 5740 lsraclis,
3063 5685 3116 5730 et
3149 5676 3261 5729 haec
3295 5673 3554 5743 ignoras?

1939 5773 2134 5834 Amen,
2162 5784 2321 5824 amen
2367 5771 2488 5824 dico
2519 5770 2636 5833 tibi,
2661 5769 2803 5837 quod
2836 5769 3061 5831 scimus,
3115 5767 3392 5838 loquimur
3446 5786 3458 5822 :
3497 5776 3552 5822 et

1938 5863 2084 5930 quod
2132 5861 2391 5925 vidimus,
2439 5871 2747 5916 testamur:
2794 5869 2846 5913 et
2890 5858 3269 5912 testimonium
3300 5868 3548 5914 nostrum

1935 5969 2045 6010 non
2081 5955 2357 6025 accipitis.
2390 5953 2447 6010 Si
2483 5966 2702 6012 terrena
2725 5953 2839 6010 dixi
2870 5955 3048 6021 vobis,
3075 5964 3128 6011 et
3153 5972 3258 6013 non
3286 5957 3547 6013 creditis:
