4052 6554
287 447 429 513 1209

972 435 1422 504 ENARRATIO
1452 435 1534 498 IN
1568 435 2084 499 EVANGELIUM
2111 434 2535 498 JOANNIS.—
2562 435 2726 500 CAP.
2751 435 2868 497 ΙΙΙ.

3454 428 3594 497 1216

283 572 398 624 ἐστι
416 568 603 623 λοιπὸν
630 565 690 619 ἐν
709 558 949 633 οὐρανῷ,
981 556 1167 631 φησιν,
1199 576 1217 609 ι
1241 558 1303 610 '0
1323 556 1397 609 ὢν
1415 558 1474 611 ὲν
1501 556 1580 628 τῷ
1607 554 1880 628 οὐρανῷ.»

2004 558 2089 628 qui
2138 566 2222 613 est
2267 557 2323 613 in
2382 557 2543 614 emlo.
2586 576 2606 611 ι
2640 554 2766 612 Noli
2822 554 2967 611 enim
3000 553 3273 625 suspicari
3328 569 3417 610 me
3472 570 3601 625 pro-

279 661 375 733 Μὴ
429 661 545 731 γὰρ
583 657 650 727 δὴ
688 651 880 723 ἐπειδὴ
929 652 1195 723 ἤκουσας,
1234 650 1317 703 ὅτι
1352 647 1612 717 κατέϐην,
1651 648 1885 720 νομίσῃς

284 755 363 827 μὴ
399 749 539 806 εἷναί
574 768 642 817 με
691 748 788 800 καὶ
817 747 965 800 ἐκεῖ’
1004 743 1143 798 ἀλλὰ
1173 740 1455 795 κάνταῦθα
1495 741 1736 811 πάρειμι
1780 757 1886 793 σω-

283 844 557 919 ματικῶς,
588 842 754 895 κάκεῖ
791 837 1154 907 συγκάθημαι
1182 835 1259 904 τῷ
1293 834 1473 904 Πατρὶ
1501 833 1723 896 θεῖκῶς.

367 957 386 991 ι
424 938 532 991 Καὶ
555 933 743 997 καθὼς
771 932 977 999 Μωσῆς
1002 928 1187 997 ὖψωσε
1219 926 1311 980 τὸν
1337 926 1462 996 ὅφιν
1489 926 1549 977 ἐν
1571 928 1637 995 τῇ
1669 925 1883 997 ἐρήμῳ,

279 1033 459 1093 οὕτως
490 1028 777 1098 ὑψωθῆναι
800 1026 882 1080 δεῖ
901 1024 995 1077 τὸν
1024 1023 1153 1075 Υίδν
1174 1021 1269 1074 τοῦ
1295 1018 1589 1089 ἀνθρώπου
1613 1035 1627 1048 ·
1662 1017 1749 1072 ἵνα
1778 1020 1887 1082 πᾶς

276 1129 306 1179 6
351 1121 627 1185 πιστεύων
659 1122 740 1183 εἰς
770 1117 935 1171 αὑτὸν
984 1115 1059 1186 μὴ
1104 1115 1430 1184 ἀπόλληται,
1466 1113 1582 1167 ἀλλ’
1615 1113 1715 1184 ἔχῃ
1739 1112 1886 1183 ζωὴν

280 1216 523 1270 αιώνιον.
565 1234 582 1265 ι
625 1205 913 1286 Πρὸειπὼν
946 1209 1077 1277 περὶ
1121 1209 1221 1277 τῆς
1254 1207 1343 1260 διὰ
1366 1208 1461 1259 τοῦ
1505 1207 1886 1277 βαπτίσματος

278 1309 723 1377 ἀναγεννήσεως,
774 1303 926 1371 λέγει
974 1301 1163 1354 λοιπὸν
1211 1302 1307 1353 καὶ
1354 1300 1618 1371 περὶτῆς
1659 1299 1749 1353 διὰ
1788 1296 1885 1351 τοῦ

282 1403 525 1472 σταυροῦ
558 1398 861 1469 γενομένης
904 1398 1040 1464 ἡμῖν
1073 1395 1421 1465 εὐεργεσίας.
1473 1395 1532 1447 ’0
1566 1394 1678 1463 γὰρ
1720 1411 1888 1447 σταυ-

283 1496 379 1566 ρὸς
401 1536 415 1555 ,
447 1495 542 1546 καὶ
569 1494 595 1543 6
621 1490 875 1552 θάνατος,
915 1488 1092 1551 αἴτιος
1130 1490 1261 1557 ἡμῖν
1304 1487 1404 1555 τῆς
1435 1486 1524 1539 διὰ
1556 1486 1650 1539 τοῦ
1690 1485 1889 1555 βαπτί-

281 1602 494 1656 σματος
522 1583 767 1653 χάριτος,
803 1581 918 1648 εἴγε
960 1580 1377 1649 βαπτιζόμενοι,
1407 1578 1499 1631 τὸν
1528 1578 1761 1632 θάνατον
1790 1575 1887 1630 τοῦ

279 1683 492 1753 Κυρίου
557 1679 920 1748 είκονὶςομεν.
974 1678 1051 1729 Οὐ
1098 1676 1251 1744 λέγει
1310 1676 1367 1727 δὲ
1418 1674 1750 1746 προφανῶς,
1802 1674 1888 1727 ὅτι

276 1775 479 1832 suam
508 1772 935 1839 σταυρωθῆναι·
965 1769 1105 1824 ἀλλὰ
1131 1770 1227 1822 τοῦ
1254 1769 1431 1837 δφεως
1462 1767 1766 1838 μέμνηται,
1793 1768 1889 1822 καὶ

276 1871 381 1937 τῆς
415 1868 660 1924 Παλαιᾶς
694 1865 940 1931 ἱστορίας
962 1880 975 1892 ·
1011 1863 1131 1933 ἅμα
1162 1862 1262 1931 μὲν
1294 1861 1563 1915 διδάσκων
1597 1862 1771 1931 ἡμᾶς,
1804 1860 1887 1914 ὅτι

279 1960 525 2029 συγγενῆ
554 1958 623 2011 τὰ
659 1956 869 2009 παλαιὰ
899 1956 1009 2013 τοῖς
1038 1956 1271 2017 καινοῖς,
1300 1954 1398 2006 καὶ
1429 1948 1508 2016 εἷς
1533 1954 1626 2005 καὶ
1668 1956 1696 2007 6
1719 1954 1886 2018 αὐτός

280 2056 402 2107 ἔστι
434 2052 730 2122 νομοθέτης
770 2051 1014 2113 “alma;
1036 2066 1096 2102 τε
1130 2048 1227 2101 καὶ
1259 2047 1407 2110 Νέας
1443 2046 1744 2117 Διαθήκης,
1780 2046 1886 2099 κᾶν

278 2146 573 2219 Μαρκίων,
621 2146 716 2197 καὶ
762 2144 978 2212 Μάνης,
1031 2142 1127 2194 καὶ
1159 2142 1187 2193 6
1238 2140 1427 2203 λοιπὸς
1472 2139 1582 2193 τῶν
1625 2139 1888 2192 τοιούτων

281 2239 584 2308 αἱρετικεῖλν
642 2237 979 2302 κατάλογος,
1029 2233 1270 2287 ἁθετῶσι
1325 2232 1426 2304 τὴν
1478 2231 1748 2293 Παλαιὰν,
1790 2230 1887 2285 τοῦ

282 2332 527 2403 πονηροῦ
559 2328 899 2399 δημιουργοῦ
945 2327 1199 2392 λέγοντες
1267 2326 1442 2397 αὐτὴν
1488 2319 1629 2378 εἷναι
1664 2325 1890 2395 νομοθε-

284 2425 452 2478 σίαν’
505 2425 620 2493 ἃμα
669 2424 724 2475 δὲ
781 2424 877 2473 καὶ
936 2419 1235 2479 παιδεύων,
1290 2420 1372 2471 ὅτι
1422 2420 1469 2470 εἰ
1513 2418 1647 2488 πρὸς
1703 2418 1889 2470 εἰκόνα

279 2518 496 2590 χαλκῆν
530 2518 823 2587 βλέποντες
875 2516 1052 2582 ὄφεως
1090 2514 1139 2565 οἱ
1202 2513 1484 2575 Ἰουδαῖοι,
1517 2512 1609 2563 τὸν
1657 2511 1891 2565 θάνατον

282 2614 521 2680 ἔφευγον
551 2629 565 2639 ·
604 2609 785 2680 πολῗιῴ
820 2608 1020 2678 μᾶλλον
1050 2608 1234 2677 ἡμεῖς,
1290 2608 1368 2668 εἰς
1399 2606 1488 2658 τὸν
1533 2605 1892 2675 ἐσταυρωμέ-

288 2722 381 2759 νον
423 2703 737 2772 βλέποντες,
764 2700 862 2752 καὶ
898 2699 1269 2764 πιστεύοντες,
1300 2700 1390 2750 τὸν
1416 2698 1649 2767 ψυχικὸν
1682 2698 1891 2765 ἐκφεύ-

285 2814 459 2867 γομεν
493 2796 745 2849 θάνατον.
785 2797 926 2864 Ὅρα
971 2792 1030 2845 δέ
1084 2810 1173 2861 μοι
1229 2790 1322 2843 τὸν
1377 2791 1548 2844 τύπον
1596 2791 1732 2863 πρὸς
1789 2790 1891 2860 τὴν

284 2890 575 2956 ἀλήθειαν.
645 2889 797 2940 Ἐκ;ἶ
856 2887 1035 2955 ὄφεως
1083 2886 1375 2955 ὁμοίωμα,
1430 2882 1571 2947 εἶδος
1620 2886 1717 2951 μὲν
1769 2884 1892 2953 ἔχον

288 2984 510 3053 θηρίου,
542 2982 633 3034 τὸν
661 2982 735 3033 i6;
768 2982 823 3034 δὲ
854 2982 955 3033 ούκ
978 2980 1099 3049 ἕχον
1123 2996 1134 3009 ’
1164 2980 1307 3033 οὓτω
1340 2978 1645 3041 κάνταῦθα,
1676 2978 1892 3046 ἄνθρω-

289 3090 393 3135 πος
445 3073 471 3124 6
529 3070 770 3140 Κύριος,
832 3071 948 3123 ἀλλ’
996 3071 1275 3140 ἁμαρτίας
1330 3069 1410 3122 ἰοῦ
1468 3070 1773 3138 ἐλεύθερος,
1835 3071 1892 3121 ὲν

286 3162 603 3233 ὁμοιώματι
658 3162 862 3233 σαρκὸς
894 3164 1173 3233 ἁμαρτίας
1230 3162 1424 3223 ἐλθὼν,
1480 3163 1787 3225 τουτέστιν,
1836 3165 1894 3215 ὲν

1988 662 2173 723 pterea
2210 666 2319 707 non
2346 664 2471 708 esse
2500 650 2636 716 illic,
2663 650 2795 722 quia
2831 650 3087 705 descendi
3120 665 3135 703 :
3168 648 3263 704 sed
3294 655 3349 703 et
3385 647 3474 702 hic
3503 648 3602 704 ad.

1989 761 2110 803 sum
2154 746 2522 817 corporaliter
2553 756 2609 801 et
2642 746 2752 803 illic
2782 745 2951 802 sedeo
2980 759 3105 799 cum
3136 742 3303 797 Patre
3337 752 3399 797 ut
3431 743 3598 800 Deus.

2072 907 2234 983 Veiis.
2267 928 2356 992 14,
2388 926 2479 981 15.
2513 944 2534 978 ‹
2575 925 2640 980 Et
2667 924 2813 982 sicut
2844 923 3059 994 Moyses
3094 923 3601 994 exaltavitserpen-

1986 1030 2101 1075 tem
2136 1024 2187 1075 in
2220 1035 2430 1084 eremo,
2467 1020 2537 1074 ita
2582 1020 2814 1074 exaltari
2841 1028 3061 1088 oportet
3095 1020 3295 1073 Filium
3330 1018 3598 1083 hominis,

1992 1122 2053 1168 ut
2080 1113 2260 1167 omnis
2300 1113 2393 1182 qui
2424 1111 2601 1167 credit
2632 1111 2685 1166 in
2718 1111 3017 1179 ilium,uon
3049 1122 3252 1181 pereat,
3283 1111 3378 1166 sed
3402 1111 3603 1165 habeat

1995 1206 2161 1261 vitam
2193 1216 2511 1261 arternam.»
2546 1203 3003 1274 Pustquamdixit
3039 1207 3105 1260 de
3126 1205 3483 1277 generatione
3505 1218 3604 1274 per

1994 1300 2345 1378 baptismum.
2374 1316 2520 1355 nunc
2548 1301 2678 1355 dicit
2708 1300 2775 1355 de
2792 1298 3063 1354 beneﬁcio
3091 1301 3235 1369 quod
3257 1316 3353 1370 per
3381 1314 3601 1355 crucem

1992 1394 2155 1448 nobis
2185 1393 2388 1447 factum
2418 1404 2523 1449 est.
2553 1392 2699 1448 Crux
2756 1394 2901 1449 enim
2933 1404 2987 1448 et
3019 1408 3173 1448 tnors
3209 1404 3403 1448 auctor
3441 1392 3602 1449 nobis

1994 1487 2049 1541 iit
2088 1486 2302 1557 gratim,
2350 1502 2473 1556 quae
2509 1502 2605 1557 per
2637 1487 2970 1558 baptismum
3011 1487 3139 1541 data
3182 1495 3291 1551 est,
3328 1486 3602 1557 siquidem

1995 1594 2117 1633 cum
2158 1580 2530 1648 baptizamur,
2576 1590 2811 1635 mortem
2842 1578 3060 1634 Domini
3113 1586 3603 1648 repraesentamus.

1993 1670 2110 1728 Non
2138 1672 2271 1727 dicit
2302 1684 2484 1728 autem
2520 1673 2834 1738 manifeste,
2854 1670 3278 1741 Crucillgendus
3299 1684 3459 1725 sum:
3500 1668 3604 1725 sed

1995 1764 2642 1833 meminitserpentis",
2689 1773 2745 1819 et
2797 1762 3000 1818 veteris
3051 1760 3319 1825 ιιίειοιηίιε,
3377 1760 3601 1815 interim

1995 1868 2198 1914 docens
2230 1870 2413 1912 vetera
2434 1869 2666 1927 cognata
2695 1860 2877 1921 novis,
2909 1866 2964 1912 et
2992 1872 3161 1911 unum
3185 1870 3308 1911 esse
3330 1853 3603 1925 legislatu-

1994 1968 2109 2008 rem
2148 1950 2362 2007 Veteris
2388 1963 2440 2005 et
2461 1950 2593 2005 Novi
2624 1950 2962 2006 Testatnenti
2996 1949 3248 2005 :tamelsi
3279 1948 3520 2003 Marcion
3548 1955 3607 2004 et

1992 2045 2327 2100 Manicltzcus
2348 2056 2403 2101 et
2430 2046 2639 2111 reliqua
2677 2044 2729 2099 id
2764 2058 2938 2115 genus
2967 2042 3348 2098 haereticorum
3375 2041 3600 2108 cohors,

1998 2136 2475 2207 Vetusrejiciaut,
2509 2138 2756 2192 dicentes
2794 2137 2974 2206 ipsum
3007 2150 3037 2189 a
3069 2134 3214 2190 malo
3246 2133 3447 2202 opiﬂce
3479 2148 3605 2190 esse

1994 2233 2298 2291 conditum.
2334 2232 2504 2289 Docet
2561 2235 2712 2296 item,
2766 2246 2893 2287 cum
2947 2229 3118 2284 Judaei
3176 2230 3423 2285 videntes
3472 2229 3605 2286 aerei

1994 2327 2263 2395 serpentis
2336 2325 2651 2397 imaginem,
2739 2333 2971 2379 mortem
3036 2323 3367 2394 etfugerint,
3428 2323 3605 2379 multo

1997 2420 2168 2487 magis
2202 2434 2299 2473 nos
2332 2420 2398 2472 ad
2427 2418 2751 2474 cruciﬁxum
2807 2417 3167 2487 rcSpicieutcs
3216 2428 3272 2473 et
3312 2418 3613 2474 credentes

1995 2515 2193 2568 anima:
2218 2524 2448 2567 mortem
2478 2510 2965 2580 eﬂttgitttros.Vitle
2982 2520 3187 2576 autem,
3208 2527 3327 2576 oro,
3347 2511 3602 2583 ﬁguram,

1994 2618 2049 2660 et
2071 2608 2261 2662 confer
2295 2623 2416 2661 cum
2460 2608 2707 2661 veritate.
2730 2606 2841 2660 Illic
2866 2606 3137 2675 serpentis
3167 2605 3467 2660 similitudo
3502 2605 3608 2662 for-

1998 2714 2141 2752 mam
2168 2701 2388 2766 quidem
2424 2700 2585 2754 lmhet
2619 2700 2825 2765 bestia),
2858 2713 3127 2752 venenum
3161 2711 3341 2754 autem
3372 2716 3479 2755 non
3510 2701 3606 2755 ha-

1998 2792 2083 2847 bet
2118 2792 2305 2864 522,3.
2349 2792 2426 2846 Ita
2478 2803 2527 2845 et
2584 2793 2689 2845 hoc
2735 2791 2856 2844 loco
2900 2792 3065 2845 homo
3106 2791 3400 2857 Dominus,
3441 2791 3536 2848 scd
3575 2807 3608 2848 a

1998 2890 2208 2956 peccati
2246 2902 2455 2940 veneno
2486 2884 2645 2946 liber.
2685 2884 2737 2938 iu
2774 2884 3143 2939 similitudine
3178 2885 3363 2940 carnis
3394 2885 3607 2954 peccati

2000 2983 2169 3047 venit,
2204 2982 2308 3035 hoc
2336 2990 2458 3046 est,
2511 2980 2563 3032 in
2612 2979 2974 3034 similitudine
3021 2978 3207 3033 carnis
3248 2986 3476 3047 peccato
3506 2979 3610 3035 ob-

2002 3076 2199 3141 noxim,
2260 3090 2378 3143 quae
2426 3074 2653 3128 minime
2704 3088 2833 3127 caro
2874 3072 3087 3141 peccati
3138 3083 3305 3127 esset.
3361 3070 3427 3127 Et
3480 3080 3610 3130 tunc

2001 3169 2221 3238 quidem
2255 3168 2504 3222 videntes
2536 3166 2843 3222 evadebant
2878 3176 3110 3221 mortem
3140 3166 3388 3235 corporis
3416 3184 3427 3219 :
3461 3181 3611 3223 nunc

288 3258 606 3327 ὁμοιώματι
641 3257 843 3326 σαρκὸς
892 3257 1135 3325 ἁμαρτία
1167 3255 1561 3325 ὑποκειμένης,
1604 3254 1721 3309 ἀλλ’
1772 3256 1895 3326 οὐχὶ

2005 3268 2183 3311 autem
2218 3259 2307 3327 qui
2348 3256 2577 3319 vident,
2634 3264 2866 3309 nmrtem
2923 3256 3143 3310 animae.
3179 3254 3335 3311 Tunc
3389 3255 3610 3325 quidem

291 3349 433 3418 σὰρξ
471 3347 744 3418 ἁμαρτίας
778 3347 1064 3419 ὑπάρχων.
1113 3347 1225 3400 Καὶ
1254 3346 1374 3397 τότε
1412 3346 1510 3414 μὲν
1553 3348 1600 3397 oi
1632 3345 1892 3414 ὁρῶντες,

289 3441 634 3510 σωματικὸν,
668 3441 828 3509 ἡμεῖς
862 3440 919 3493 δὲ
978 3440 1209 3510 ψυχικὸν
1244 3438 1592 3509 ἐκφεύγομεν
1627 3438 1893 3492 θάνατον·

287 3535 388 3587 καὶ
427 3534 552 3585 τότε
606 3532 704 3602 μὲν
740 3534 995 3602 δήγματα
1030 3532 1209 3601 ὄφεων
1268 3534 1386 3584 ἰᾶτο
1432 3532 1460 3582 6
1503 3532 1893 3601 κρεμάμενος,

289 3627 391 3682 νῦν
422 3626 480 3680 δὲ
504 3625 601 3678 τοῦ
635 3626 832 3695 νοητοῦ
859 3625 1156 3695 δράκοντος
1198 3625 1297 3684 τας
1339 3625 1557 3693 πληγὰς
1596 3624 1899 3694 θεραπεύει

290 3720 553 3791 Χριστός.
609 3737 627 3770 ι
690 3718 1008 3787 ’Υψωθῆναι
1058 3736 1076 3769 ι
1118 3717 1175 3770 δὲ
1212 3716 1449 3780 ἀκούων,
1483 3717 1595 3769 νόει
1633 3717 1726 3779 τὸ,
1764 3734 1897 3786 κρε-

297 3814 601 3883 μασθῆναι.
657 3812 774 3880 Ἐφ’
812 3810 981 3878 ὕψους
1014 3810 1123 3881 γὰρ
1165 3810 1509 3880 ἐκρεμάσθη,
1556 3810 1644 3863 ἵνα
1678 3812 1772 3863 καὶ
1805 3809 1899 3861 τὸν

290 3906 433 3974 ἀέρα
462 3905 688 3975 ἁγιάσῃ,
719 3905 747 3957 6
781 3902 881 3970 τὴν
910 3902 1018 3972 γῆν
1058 3902 1293 3971 ἁγιάσας
1335 3901 1426 3954 διὰ
1455 3901 1551 3954 τοῦ
1588 3904 1689 3954 ἐπ’
1723 3902 1899 3972 αὐτῆς

292 3997 698 4066 περιπατῆσαι.
747 3995 880 4048 Νόει
906 3995 962 4047 δὲ
996 3997 1093 4047 καὶ
1140 3995 1221 4058 τὸ,
1252 3994 1605 4064 δοξασθῆναι.
1643 3996 1755 4048 Καὶ
1788 3995 1899 4065 γὰρ

290 4090 466 4152 ὅντως
502 4086 635 4156 ύψος
662 4088 756 4140 καὶ
780 4086 908 4152 δόξα
927 4086 1023 4138 τοῦ
1052 4085 1291 4155 Χριστοῦ
1324 4085 1351 4137 6
1388 4088 1624 4156 σταυρδς
1648 4086 1897 4155 γέγονεν.

306 4182 398 4234 Ἐν
424 4173 468 4248 ᾧ
500 4182 610 4250 γὰρ
642 4178 819 4231 ἐδόκει
845 4178 1280 4248 κατακριθῆναι,
1314 4180 1371 4231 ἐν
1393 4177 1569 4247 τούτῳ
1604 4179 1898 4249 κατέκρινε

291 4273 386 4325 τὸν
426 4272 666 4341 ἄρχοντα
696 4270 791 4324 τοῦ
828 4270 1036 4340 κόσμου
1078 4270 1293 4323 τούτου.
1352 4267 1479 4325 Οἷόν
1524 4288 1580 4322 τι
1620 4270 1798 4338 λέγωο
1841 4270 1900 4323 Ὀ

306 4365 485 4431 Ἀδὰμ
533 4364 761 4427 δικαίως
808 4364 1115 4417 ἀπέθανεν·
1150 4364 1371 4433 ἥμαρτε
1420 4365 1552 4435 γάρ.
1597 4364 1656 4416 'U
1698 4363 1901 4436 Κύριος

294 4459 501 4521 ἀδίκως
552 4457 862 4509 ἀπέθανενο
898 4455 997 4525 οὐχ
1030 4456 1250 4525 ἥμαρτε
1297 4457 1427 4525 γάρ.
1465 4459 1643 4526 Μέχρι
1680 4460 1780 4526 μὲν
1807 4454 1903 4511 οὖν

291 4554 400 4623 τῆς
443 4549 539 4604 τοῦ
585 4550 794 4620 Κυρίου
844 4548 1245 4618 σταυρώσεως,
1283 4549 1508 4613 δικαίως
1563 4552 1901 4621 κατεκρατει

293 4648 409 4699 τῶν
468 4642 776 4715 ἀνθρώπων
823 4643 849 4695 6
911 4642 1172 4706 θάνατος·
1211 4644 1333 4695 ἐπεὶ
1401 4643 1456 4695 δὲ
1511 4643 1901 4714 ἀναμάρτητος
1938 4617 1983 4674 D

294 4738 503 4809 εὑρέθη
535 4740 562 4789 6
594 4736 823 4807 Κύριος,
870 4736 922 4787 τί
955 4736 1143 4789 λοιπον
1187 4736 1396 4789 δίκαιον
1444 4739 1529 4790 ἐπ’
1571 4738 1721 4806 αὐτῷ
1755 4736 1903 4809 εἶχεν

242 4835 323 4886 --6
354 4830 629 4895 διάϐολος,
665 4831 753 4883 ἵνα
781 4829 1072 4899 θανατώσῃ
1107 4830 1305 4893 αύτὸνς
1343 4829 1508 4881 Ὥστε
1546 4830 1673 4882 ἐπεὶ
1700 4831 1902 4895 ἀδίκως

294 4923 645 4991 ἐθανατώθη,
682 4923 939 4991 νενίκηκε
994 4924 1085 4974 τὸν
1137 4921 1534 4977 θανατώσαντα
1583 4924 1770 4989 αὑτὸν,
1808 4926 1905 4979 καὶ

292 5015 476 5079 οὕτως
510 5013 859 5086 ἠλευθέρωσε
897 5012 994 5067 καὶ
1033 5014 1123 5066 τὸν
1175 5014 1356 5084 Ἀδὰμ
1406 5016 1469 5067 ὲκ
1514 5015 1610 5068 τοῦ
1644 5017 1905 5081 θανάτου,

293 5110 394 5163 τοῦ
446 5108 672 5169 δικαίως
719 5106 1057 5176 ἐπαχθέντος
1121 5106 1308 5177 αὐτῷ,
1360 5108 1435 5170 ὼς
1495 5110 1905 5181 ἀμαρτήσαντι.

302 5202 421 5255 Καὶ
451 5200 628 5262 ἄλλως
659 5199 717 5252 δέ
742 5217 757 5229 ο
788 5201 893 5253 Δύο
924 5196 1068 5273 ἦσαν
1108 5200 1177 5254 τὰ
1208 5202 1519 5271 κρατοῦντα
1559 5205 1656 5257 τοῦ
1692 5206 1912 5276 ἀνθρω-

296 5296 462 5347 aii/ou
503 5294 722 5359 γένους,
753 5292 937 5363 ἡδονὴ,
973 5294 1069 5347 καὶ
1125 5294 1276 5364 λύπη
1302 5311 1315 5324 ·
1348 5296 1436 5349 διὰ
1485 5297 1548 5367 δὴ
1587 5299 1772 5351 τοίνυν
1798 5300 1910 5354 τῶν

296 5388 397 5441 δύο
418 5386 628 5438 τούτων
648 5383 821 5437 ἐλθὼν
845 5387 872 5438 6
909 5386 1140 5456 Κύριος,
1168 5388 1437 5457 ἀήττητος
1484 5391 1705 5462 εὑρέθη.
1735 5394 1911 5463 Προσ⁶

302 5479 471 5533 ἐϐαλε
509 5477 608 5547 μὲν
635 5476 743 5546 γὰρ
762 5476 915 5549 αύτῷ
933 5478 1205 5550 πρότερον
1233 5481 1292 5533 ὲν
1319 5482 1394 5551 τῷ
1419 5483 1535 5553 ὄρει
1570 5484 1598 5534 6
1627 5486 1909 5555 πειράζων

298 5570 373 5624 δι’
403 5570 628 5639 ἡδονῆς·
672 5569 849 5639 εὑρὼν
897 5570 954 5623 δὲ
995 5571 1171 5645 ταύτῃ
1220 5574 1518 5639 ἀνάλωτον,
1567 5572 1799 5644 ὕστερον
1848 5578 1909 5630 τὸ

303 5665 452 5734 μέγα,
501 5659 810 5731 μηχάνημα
860 5660 961 5732 τὴν
1015 5660 1195 5729 λύπην
1242 5664 1621 5734 προσήγαγεν,
1675 5666 1760 5719 ἴνα
1802 5665 1907 5719 κᾶν

375 5806 420 5839 ⁷⁷
451 5804 612 5859 Num.
652 5820 802 5868 xxxi,
837 5803 870 5860 θ

379 5920 458 5987 (a)
493 5918 617 5976 Edit
648 5917 772 5977 Lut.
802 5919 930 5989 legit
963 5926 1197 5988 tantum,
1233 5918 1405 5988 gloria
1439 5918 1656 5975 Christi.

2002 3364 2329 3416 suSpeusus,
2366 3348 2703 3417 serpentium
2746 3348 2889 3403 ictus
2916 3346 3151 3403 sanabat
3188 3366 3200 3401 :
3250 3362 3395 3401 nunc
3426 3355 3613 3403 autem

2002 3441 2309 3511 spiritualis
2346 3441 2605 3495 draconis
2651 3440 2836 3510 plagas
2887 3449 3045 3495 curat
3075 3440 3352 3496 Christus.
3390 3440 3615 3495 Exalta-

2004 3533 2116 3588 tum
2151 3544 2335 3588 autem
2364 3535 2617 3598 audiens,
2652 3533 2895 3603 intellige
2941 3534 3164 3603 quidem
3198 3542 3253 3589 et
3275 3547 3613 3604 suspensum

2003 3641 2147 3680 esse.
2183 3626 2235 3679 lu
2274 3642 2491 3681 summo
2533 3628 2676 3682 enim
2712 3642 3014 3697 suspensus
3049 3634 3155 3694 est,
3217 3636 3272 3681 ut
3317 3637 3372 3682 et
3423 3641 3613 3682 aerem

2005 3719 2409 3782 sanetilicaret,
2464 3719 2555 3787 qui
2597 3728 2801 3774 terram
2837 3720 3222 3775 sanctiﬁearat
3254 3721 3307 3774 in
3355 3719 3445 3775 illa
3491 3734 3615 3774 am-

2005 3807 2267 3862 bulando.
2313 3806 2561 3877 lntellige
2596 3818 2779 3862 autem
2836 3809 2968 3878 quid
3006 3809 3078 3863 sit
3119 3809 3439 3880 gloriﬁcari.
3476 3809 3616 3865 Nam

2006 3912 2221 3962 revera,
2254 3900 2566 3955 sublimitas
2595 3909 2651 3955 et
2701 3900 2877 3972 gloria
2919 3900 3122 3957 Christi
3162 3880 3270 3973 ia),
3319 3918 3453 3957 crux
3486 3900 3612 3958 iuit.

2004 3990 2110 4046 Per
2147 3992 2250 4045 hoc
2283 3992 2429 4046 enim
2469 4008 2577 4062 quo
2608 3994 2760 4048 visus
2786 4001 2870 4048 est
2911 3994 3307 4059 condemnari,
3356 3995 3618 4049 condem-

2008 4083 2161 4137 navit
2209 4083 2372 4153 hujus
2412 4082 2601 4137 mundi
2656 4084 2982 4152 principem.
3026 4082 3101 4139 Ut
3152 4083 3358 4139 clarius
3409 4084 3614 4151 dicam,

2010 4180 2186 4233 Adam
2216 4179 2361 4249 jnste
2401 4190 2656 4233 mortuus
2688 4188 2794 4242 est,
2834 4187 3087 4248 peccarat
3120 4181 3265 4235 enim
3304 4199 3317 4234 :
3350 4179 3619 4236 Dominus

2008 4272 2213 4340 injuste
2265 4282 2518 4326 ntorluus
2570 4281 2687 4340 est,
2749 4276 2855 4325 nun
2906 4272 3051 4325 enim
3111 4281 3388 4341 peccarat.
3447 4270 3621 4343 igitur

1933 4424 1954 4445 ν
2015 4382 2188 4435 usque
2241 4368 2305 4419 ad
2350 4364 2769 4421 cruciﬁxionem
2796 4364 2946 4436 juste
2973 4366 3260 4436 praevaluit
3300 4365 3618 4423 hominibus

2011 4474 2179 4512 nunrs.
2234 4458 2374 4525 Quia
2435 4469 2619 4513 autem
2673 4460 2881 4527 absque
2941 4470 3170 4529 peccato
3232 4460 3490 4516 inventus
3537 4468 3622 4517 est

2011 4554 2290 4619 Christus,
2331 4553 2462 4622 quid
2491 4553 2662 4623 igitur
2696 4553 2752 4607 in
2787 4552 2876 4607 illo
2902 4552 3045 4623 juris
3081 4554 3315 4608 habebat
3347 4553 3620 4621 diabolus,

2014 4657 2075 4702 ut
2112 4649 2387 4702 occide-ret
2420 4648 2637 4715 ipsum?
2660 4649 2836 4717 Atque
2873 4648 2946 4701 ita
2976 4649 3102 4717 quia
3139 4648 3337 4717 injuste
3370 4660 3621 4705 mortuus

2014 4752 2118 4804 est,
2175 4741 2308 4795 vicit
2338 4756 2460 4795 eum
2494 4756 2521 4792 a
2567 4756 2677 4811 quo
2712 4741 2930 4797 occisus
2961 4750 3045 4796 est
3081 4757 3097 4795 :
3148 4753 3205 4797 et
3250 4743 3329 4797 sic
3368 4741 3622 4798 liberavit

2014 4834 2282 4886 Adamum
2314 4850 2342 4886 a
2378 4842 2575 4888 morte.
2604 4848 2723 4901 qua:
2750 4833 2825 4887 illi
2861 4834 3011 4902 juste
3044 4832 3405 4900 inferebatur,
3438 4845 3624 4905 utpote

2014 4926 2061 4978 ei
2099 4924 2189 4992 qui
2224 4936 2495 4992 pecearat.
2535 4924 2600 4979 Et
2634 4927 2790 4981 aliter
2819 4944 2832 4980 :
2875 4927 2992 4983 Duo
3027 4926 3243 4982 fuerunt
3277 4945 3399 4999 qua:
3447 4930 3624 4985 domi-

2018 5016 2165 5071 nium
2214 5016 2489 5071 habebant
2538 5018 2590 5070 in
2644 5019 2943 5073 humanum
2974 5036 3194 5089 genus:
3248 5021 3521 5089 voluptas,
3569 5033 3627 5076 ct

2017 5108 2263 5163 tristitia.
2301 5109 2343 5162 Α
2377 5108 2597 5163 duobus
2630 5120 2811 5163 autem
2846 5110 2955 5164 illis
2991 5112 3227 5166 invictus
3264 5122 3514 5181 repertus
3543 5121 3627 5167 est

2016 5204 2303 5257 Dominus.
2362 5203 2494 5257 Nam
2550 5205 2830 5259 invaserat
2890 5206 3112 5274 quidem
3166 5207 3321 5275 prius
3375 5206 3525 5260 illum
3570 5206 3625 5261 in

2017 5307 2221 5364 monte,
2256 5307 2475 5351 tentans
2505 5313 2601 5364 per
2636 5297 2969 5367 voluptatem
3003 5316 3013 5349 :
3045 5308 3097 5351 et
3126 5314 3249 5351 eum
3277 5301 3627 5367 experiretur

2020 5388 2123 5443 hac.
2171 5391 2257 5443 via
2299 5390 2441 5443 vinci
2486 5406 2592 5443 non
2631 5406 2790 5459 posse
2815 5430 2831 5455 ,
2868 5390 3134 5458 majorem
3186 5402 3371 5461 postea
3411 5392 3627 5446 machi—

2022 5498 2170 5546 nam,
2208 5482 2489 5536 tristitiam
2545 5482 2777 5543 scilicet.
2834 5482 3121 5549 adhibuit,
3173 5492 3231 5536 ut
3283 5482 3477 5538 saltem
3530 5498 3628 5552 per

2022 5576 2168 5629 illam
2224 5576 2539 5630 devinceret
2585 5593 2597 5628 :
2661 5585 2716 5629 et
2754 5585 3041 5643 prepterca
3084 5579 3384 5631 commovit
3441 5577 3624 5630 omnia

2018 5679 2209 5727 contra
2243 5669 2391 5724 illum
2434 5686 2447 5721 :
2482 5669 2801 5739 discipulos,
2837 5680 2896 5725 ut
2947 5681 3244 5739 negarent;
3301 5672 3534 5735 milites,
3568 5681 3627 5729 ut
