4052 6484
490 363 584 427 121
604 361 626 426 1
1336 340 1916 410 THEOPHYLACTI
1959 335 2367 402 BULGARIIE
2395 328 2747 393 ARCHIEP.
3622 305 3759 370 1212

476 478 798 537 illuderent;
834 474 1246 540 praetereuntes,
1282 473 1340 517 ut
1371 461 1812 531 blasphemarent
1842 473 1858 522 ;
1918 464 1972 509 et
2006 455 2058 508 in

2167 451 2257 507 διὰ
2285 448 2491 519 ταύτης
2517 445 2650 515 γοῦν
2684 439 2941 514 κρατήσῃ
2962 434 3128 491 αὑτοῦ
3151 451 3165 468 ·
3194 432 3287 488 καὶ
3317 432 3405 487 διὰ
3439 426 3600 484 τοῦτο
3623 444 3763 498 παρο

478 588 689 631 snmma
723 568 955 628 Judzeos,
990 572 1048 615 ιιι
1074 559 1454 627 cruciligerent
1491 573 1505 619 ;
1543 564 1597 608 et
1627 555 1703 607 sic.
1733 563 1951 622 quoque
1981 547 2064 602 in-

2172 545 2388 611 εκίνησε
2431 542 2607 595 πάντα
2645 537 2768 591 κατ’
2815 531 3007 596 αὑτοῦ,
3039 532 3169 594 τοὺς
3222 525 3472 599 μαθητὰς
3516 524 3761 591 ἀρνήσα-

484 666 688 719 victum
731 656 1014 726 enmperil.
1059 652 1174 704 Non
1240 648 1386 701 enim
1453 644 1630 713 potuit
1683 641 1864 695 crucis
1914 637 2068 694 dolor

2179 637 2330 695 σθαι.
2351 633 2478 696 τοὺς
2501 627 2841 702 στρατιώτας
2871 624 3190 696 ἐμπαίζειν,
3220 622 3346 684 τοὺς
3379 631 3767 690 παραπορευο-

482 753 700 810 ellieere
732 759 789 802 ut
820 711 1204 811 cruciﬁgentes
1241 711 1466 793 haberet
1492 735 1618 788 odio
1643 773 1656 797 ,
1687 734 1782 787 sed
1813 731 2070 799 diligebat

2183 727 2378 798 μένους
2433 724 2800 796 βλασφημεῖν.
2869 721 2966 773 καὶ
3036 717 3227 778 ἁπλῶς
3283 716 3414 772 τοὺς
3479 711 3769 772 Ἰουδαίους

486 859 599 910 eos,
635 849 689 895 et
747 853 844 907 pro
876 838 953 889 eis
1016 835 1205 889 orabat
1238 829 1424 882 dicens
1456 844 1469 879 :
1506 843 1524 876 ι
1566 823 1642 878 Ne
1687 831 1899 875 statuas
1941 818 2068 880 illis,

2177 818 2511 872 θανατῶσαι.
2572 813 2733 868 Ἀλλὰ
2759 811 2854 865 καὶ
2886 809 3060 872 οὕτως
3094 801 3253 878 εὗρεν
3284 805 3450 859 αὑτὸν
3476 804 3767 872 ἀήττητον.

487 937 668 995 Pater,
703 940 983 1003 peccatqu
1041 928 1218 979 hoc.»
1259 920 1424 975 Vides
1453 917 1726 988 quomodo
1754 912 1945 968 vicerit
1974 924 2068 977 per

2179 913 2254 966 οὑ
2289 912 2398 982 γὰρ
2431 907 2672 980 ἠδυνήθη
2703 908 2759 959 ἐν
2785 904 2864 976 τῷ
2889 900 3112 974 σταυρῷ
3137 900 3284 968 λύπη
3318 900 3507 950 πεῖσαι
3542 894 3634 948 τὸν
3666 892 3772 947 Κύ-

492 1034 593 1085 hoc
652 1031 850 1098 ipsum,
906 1040 1002 1094 per
1051 1021 1192 1089 quod
1235 1019 1522 1072 videbatur
1579 1015 1760 1066 victus
1796 1008 1952 1065 esse?
1981 1005 2074 1061 Sic

2187 1022 2303 1076 ριον
2359 1003 2592 1072 μισῆσαι
2640 1001 2765 1064 τοὺς
2808 997 3215 1068 σταυροῦντας,
3258 991 3396 1047 ἀλλὰ
3426 990 3537 1060 γὰρ
3583 987 3771 1058 meum

492 1123 654 1190 igitur
690 1116 949 1173 exaltatio
982 1122 1036 1168 et
1065 1111 1232 1181 gloria
1266 1109 1406 1175 eius,
1436 1119 1568 1162 crux
1602 1103 1724 1158 fuit.

2187 1097 2350 1150 πάλιν
2381 1096 2475 1150 καὶ
2502 1093 2844 1166 ὑπερηύχετς
2874 1091 3082 1160 λέγων·
3130 1107 3148 1140 t
3195 1088 3289 1157 Μὴ
3324 1086 3530 1157 στήσῃς
3556 1082 3767 1144 αὑτοῖς,

495 1173 701 1282 δατερ,
735 1211 834 1281 τὴν
865 1173 1144 1278 ἁμαρτίαν
1172 1173 1398 1272 ταύτην.
1447 1217 1464 1250 ι
1513 1197 1681 1268 Ὁρᾷς
1742 1209 1858 1256 πως
1915 1191 2202 1261 νενίκηκεν
2243 1192 2300 1243 δν
2340 1181 2385 1257 ᾧ
2417 1188 2591 1242 ἐδόκει
2658 1184 2969 1257 ἡττᾶσθαι;
3018 1181 3206 1244 Οὑτως
3244 1173 3340 1234 οὖν
3407 1176 3506 1231 καὶ
3567 1173 3774 1244 ὖψωσις

493 1281 660 1360 αὑτοὺ
694 1303 789 1356 καὶ
819 1298 944 1364 δόξα
975 1298 1198 1366 γέγονεν
1234 1295 1262 1346 6
1295 1290 1548 1361 σταυρός.
2952 1281 2956 1285 ’

572 1355 747 1450 {sum
771 1355 956 1448 15-1-7.
987 1355 1014 1442 ἰ
1053 1355 1159 1444 'Sie
1206 1388 1351 1442 enim
1397 1355 1537 1441 Deus
1576 1384 1766 1440 dilexit
1799 1382 2080 1442 mundum,

2267 1395 2286 1428 ι
2332 1372 2638 1442 Οὑτωγὰρ
2679 1369 2970 1439 ἠγάπησεν
3009 1367 3040 1420 6
3071 1363 3206 1427 Θεὸς
3263 1362 3356 1415 τὸν
3387 1359 3613 1430 κόσμον,
3642 1355 3780 1410 ὥστε

497 1498 557 1544 ut
611 1486 805 1541 Filium
857 1497 1015 1537 suum
1055 1478 1394 1546 unigenitum
1443 1477 1634 1539 daret,
1669 1483 1724 1527 ιιι
1763 1473 1942 1529 omnis
1991 1471 2083 1540 qui

2187 1470 2279 1522 τὸν
2326 1467 2454 1520 Υίὸν
2509 1461 2676 1516 αὑτοῦ
2720 1461 2813 1515 τδν
2866 1458 3138 1529 μονογενῆ
3189 1454 3415 1513 ἔδωκεν,
3471 1451 3561 1504 ἵνα
3619 1449 3727 1509 πᾶς
3755 1448 3784 1499 6

505 1579 673 1637 credit
706 1579 759 1631 in
790 1591 912 1632 eum
936 1614 951 1635 .
983 1587 1085 1627 non
1120 1578 1345 1638 pereat,
1385 1569 1478 1623 sed
1508 1567 1702 1623 habeat
1737 1567 1901 1620 vitam
1929 1539 2088 1619 aster-

2196 1559 2475 1614 πιστεύων
2505 1559 2586 1620 είς
2617 1554 2806 1617 αὑτὸν,
2850 1553 2924 1624 μὴ
2957 1551 3288 1619 ἀπόλληται,
3326 1543 3444 1599 ἀλλ’
3492 1543 3596 1614 Im
3642 1539 3788 1608 ζωὴν

506 1685 651 1725 nam.
686 1666 801 1722 Non
850 1665 996 1719 enim
1032 1662 1180 1716 misit
1220 1660 1362 1714 Deus
1392 1659 1590 1715 Filium
1648 1673 1805 1714 suum
1840 1658 1894 1711 in
1931 1671 2087 1709 mun-

2191 1653 2430 1707 αἰώνιον.
2461 1651 2538 1704 Οὑ
2578 1648 2688 1720 γὰρ
2711 1646 3030 1701 ἀπέστειλεν
3079 1643 3108 1695 6
3149 1640 3282 1703 Θεὸς
3314 1638 3408 1690 τὸν
3440 1633 3572 1689 Υίδν
3607 1630 3779 1686 αὑτοῦ

509 1765 638 1817 dum
669 1769 727 1814 ut
752 1759 1080 1813 condemnet
1106 1754 1366 1807 mundum
1397 1770 1411 1806 :
1448 1751 1545 1807 sed
1573 1759 1632 1803 ut
1661 1759 1910 1805 servetur
1933 1764 2088 1802 mun-

2196 1748 2277 1809 εἰς
2343 1745 2437 1798 τδν
2498 1742 2701 1812 κόσμον
2748 1741 2836 1793 ἵνα
2891 1737 3056 1808 κρίνῃ
3092 1734 3187 1787 τὸν
3238 1732 3472 1801 κόσμον,
3530 1726 3650 1780 ἀλλ’
3703 1726 3791 1777 ίνα

517 1855 618 1909 dus
649 1865 745 1922 per
777 1863 922 1904 eum.
961 1866 978 1898 ι
1014 1845 1144 1899 Mira
1179 1845 1270 1898 Dei
1304 1858 1430 1912 ergo
1464 1843 1724 1898 mundum
1764 1841 2003 1905 dilectio,
2036 1849 2092 1895 et

2197 1838 2344 1908 σωθῇ
2369 1839 2397 1889 6
2429 1835 2634 1905 κόσμος
2665 1833 2733 1886 δι’
2764 1830 2956 1887 αὑτοῦ.
2997 1850 3014 1882 ι
3048 1826 3229 1896 Πολλὴ
3252 1826 3286 1896 ἡ
3310 1825 3412 1893 τῆς
3445 1823 3672 1891 ἀλάπης
3699 1817 3791 1871 τοῦ

513 1911 687 2008 tanta.
729 1953 789 1996 ut
819 1957 923 1996 non
955 1939 1166 1995 dederit
1205 1937 1288 1991 vel
1322 1938 1664 2004 prophetam,
1701 1935 1781 1988 vel
1812 1934 2089 2006 angelum,

2197 1932 2336 1986 Θεοῦ
2382 1931 2518 1998 πρὸς
2561 1928 2650 1981 τὸν
2680 1927 2885 1994 κόσμον
2926 1923 3198 1984 ιπίτασις,
3232 1919 3327 1972 καὶ⁵
3355 1914 3626 1982 τοσαύτη,
3653 1911 3794 1965 ὥστε

513 2037 608 2092 sed
643 2033 835 2088 Filium
881 2042 1064 2092 suum.
1117 2040 1282 2097 atque
1322 2002 1475 2082 illum
1504 2026 1868 2095 unigenitum.
1893 2002 2094 2096 *Δηιο-

2201 2028 2300 2081 οὑκ
2325 2024 2580 2093 ἄγγελον,
2613 2022 2672 2075 οὑ
2704 2019 2994 2090 προφήτην
3023 2015 3231 2075 δοῦναι,
3265 2008 3402 2064 ἀλλὰ
3424 2008 3518 2060 τὸν
3548 2005 3678 2058 Υίδν
3702 2002 3797 2055 αὑ-

516 2129 626 2182 lum
661 2128 704 2182 si
738 2125 954 2197 quidem
981 2096 1237 2190 dedisset,
1264 2138 1369 2177 non
1394 2132 1512 2176 erat
1541 2136 1626 2176 res
1658 2134 1844 2188 parva.
1875 2117 2100 2186 Quare?

2203 2119 2320 2183 τοῦ,
2368 2117 2462 2170 καὶ
2504 2115 2691 2168 τοῦτον
2729 2110 3016 2182 μονογενῆ.
3056 2107 3163 2160 Καὶ
3197 2102 3432 2172 ἄγγελον
3457 2099 3557 2171 μὲν
3603 2098 3720 2166 γὰρ
3748 2096 3799 2147 εί

516 2221 656 2288 Quia
689 2189 926 2290 angelus
959 2219 1178 2288 quidem
1209 2215 1463 2272 minister
1512 2214 1631 2284 ejus
1666 2212 1843 2268 ﬁdelis
1884 2222 1940 2267 et
1980 2227 2101 2267 scr-

2206 2213 2426 2275 ἐδωκεν,
2459 2209 2611 2261 οὐδὲν
2626 2206 2768 2260 οὑτω
2793 2201 2988 2274 μικρὸν
3007 2194 3074 2270 ἦν
3091 2198 3152 2251 τδ
3175 2197 3430 2266 πρᾶγμα.
3456 2189 3638 2257 Διατίς
3656 2189 3802 2244 Διότι

519 2328 638 2377 vus.
660 2327 756 2367 nos
772 2321 947 2366 autem
972 2307 1174 2364 inimici
1204 2317 1258 2362 et
1277 2283 1575 2376 apostatae:
1605 2318 1748 2358 nunc
1772 2311 1955 2357 autem
1974 2303 2105 2356 dato

2207 2310 2235 2361 6
2262 2306 2364 2376 μὶν
2387 2302 2639 2371 ἄγγελος,
2672 2291 3104 2360 διάκονοςιαὺτοῦ
3134 2291 3325 2351 πιστὸς
3355 2286 3453 2342 καὶ
3483 2283 3801 2356 ὑπηρέτης·

525 2401 684 2468 Filio,
710 2409 913 2470 quanto
952 2396 1391 2455 excellentiorem
1440 2392 1690 2450 exhibuit
1735 2392 2099 2447 charitsteml

2210 2400 2369 2470 ἡμεῖς
2411 2396 2489 2456 δὲ,
2527 2393 2712 2461 ἐχθροὶ
2748 2391 2844 2444 καὶ
2876 2386 3209 2442 ἀποστάται.
3245 2382 3363 2437 Νῦν
3396 2381 3453 2434 δὲ
3495 2379 3630 2433 Υίὸν
3658 2378 3804 2439 δοὺς,

524 2494 657 2551 Item
693 2495 738 2548 si
776 2494 972 2546 multos
1001 2491 1208 2546 habens
1260 2487 1400 2541 ﬁlios
1438 2499 1603 2539 unum
1638 2482 1895 2543 dedisset.
1925 2490 1976 2535 et
2007 2480 2109 2534 hoc

2213 2491 2375 2546 ποίαν
2425 2485 2728 2555 ὑπερϐοὶὴν
2766 2482 2992 2550 ἀγάπης
3033 2478 3247 2550 παρῆκε
3280 2494 3296 2543 ;
3342 2473 3536 2537 Πάλιν,
3592 2473 3644 2525 εἰ
3679 2470 3805 2522 πολ-

528 2587 823 2646 maxlmum
860 2583 1052 2640 luisset
1081 2601 1097 2651 ;
1128 2596 1271 2636 nunc
1302 2595 1431 2635 vero
1467 2577 1809 2647 Unigenitum
1834 2572 1998 2646 5“
2018 2573 2112 2627 de-

2218 2585 2344 2646 λοῦς
2373 2581 2512 2652 ἔχων
2545 2577 2714 2640 υίοῦς,
2744 2578 2841 2630 ἕνα
2882 2571 3083 2628 δέδωκε
3106 2613 3121 2639 ,
3165 2571 3261 2624 καὶ
3290 2568 3451 2622 τοῦτο
3480 2565 3807 2635 ὑπέρμεγα·

539 2683 640 2738 dit.
672 2680 844 2752 Igitur
889 2677 1102 2731 bonitas
1133 2676 1292 2743 digne
1331 2672 1601 2726 laudanda
1647 2678 1750 2724 est.
1793 2669 1981 2722 Ariani
2018 2681 2112 2718 au-

2217 2678 2312 2729 νῦν
2347 2676 2402 2728 δὲ
2437 2673 2529 2724 τὸν
2563 2668 2844 2737 Μονογενῆ
2874 2667 3126 2720 δέδωκεν.
3162 2665 3307 2732 ’Λρα
3341 2659 3434 2714 οὖν
3462 2659 3616 2712 ἐστιν
3648 2656 3810 2722 ἀεῖως

535 2772 872 2852 tem_dicunt
905 2771 1050 2838 quod
1085 2765 1408 2836 Unigenitu:
1458 2764 1671 2817 dicatur
1699 2775 1762 2814 eo
1799 2760 1943 2828 quod
1970 2759 2116 2814 solus

2220 2771 2458 2840 ὑμνῆσαι
2498 2765 2595 2836 τὴν
2643 2762 2982 2832 ἀγαθότητα.
3021 2760 3085 2810 Ol
3125 2757 3183 2810 δὲ
3236 2752 3513 2823 ’Δρσιανοὶ
3552 2751 3811 2815 λέγουσιν

542 2844 866 2935 ἰρεέΐισιιιε
892 2861 961 2915 sit
1000 2868 1054 2914 et
1083 2858 1334 2913 conditus
1361 2872 1390 2910 a
1421 2854 1550 2921 Deo,
1586 2854 1769 2909 omnia
1806 2862 1984 2907 autem
2012 2853 2114 2905 alia

2222 2865 2307 2918 ὅτι
2358 2856 2669 2928 Μονογενὴς
2717 2855 2960 2923 λέγεται.
3007 2849 3143 2904 διότι
3190 2847 3354 2908 αὐτὸς
3388 2844 3552 2915 μόνος
3598 2842 3812 2910 γέγονε,

540 2933 610 3011 ab
631 2955 743 3011 illo.
772 2954 977 3020 Quibus
1005 2949 1326 3020 simpliciter
1357 2948 1780 3018 respondemus:
1815 2944 1871 3001 Si
1898 2946 2115 3015 quidem

2224 2960 2321 3014 καὶ
2349 2956 2578 3023 ἐκτίσθη
2608 2953 2714 3006 ὑπδ
2747 2949 2907 3012 Θεοῦ,
2952 2947 3023 3000 τὰ
3055 2943 3098 2998 δ’
3126 2943 3263 2998 ἄλλα
3291 2939 3473 2994 πάντα
3500 2935 3598 2990 ὑπ’
3626 2933 3812 2989 αὑτοῦ.

544 3048 866 3119 Unigenitus
895 3044 1072 3099 dictus
1111 3041 1322 3105 luisset,
1355 3055 1453 3094 nec
1495 3039 1734 3093 additum
1759 3046 1903 3093 esset
1925 3037 2117 3101 Filius,

2228 3054 2368 3123 Πρὸς
2409 3049 2503 3112 οὓς
2559 3046 2764 3109 ἁπλοῦς
2811 3045 2840 3097 6
2887 3043 3068 3110 λόγος.
3116 3038 3200 3091 ὅτι
3235 3037 3296 3089 Εἰ
3347 3035 3448 3104 μὲν
3502 3029 3817 3098 Μονσγενὴς

549 3144 779 3200 haberet
810 3139 1071 3194 rationem
1111 3135 1396 3204 impudens
1427 3143 1665 3188 vestrum
1699 3141 2066 3186 commentum
2102 3147 2113 3183 :

2229 3119 2451 3213 ὲὶξέγετο
2485 3142 2656 3211 χωρὶς
2687 3137 2782 3192 τοῦ
2816 3134 2966 3198 Υἱὸς,
3014 3126 3163 3201 εἶχεν
3214 3129 3282 3182 ἂν
3318 3125 3477 3194 λόγον
3503 3123 3568 3176 τὸ
3611 3119 3822 3189 κομμν

549 3247 602 3292 at
638 3249 781 3290 nunc
813 3249 935 3290 eum
986 3248 1093 3288 non
1139 3231 1313 3286 solum
1347 3228 1692 3297 Unigenitus,
1738 3229 1831 3280 sed
1863 3234 1916 3278 et
1957 3224 2125 3278 Filius

2233 3211 2386 3306 ὑμῶν
2442 3233 2661 3301 εὕρημα
2689 3249 2700 3260 ·
2734 3230 2828 3283 νῦν
2858 3229 2913 3281 δὲ
2954 3230 3092 3297 μετὰ
3127 3223 3221 3275 τοῦ
3247 3214 3596 3286 Μονογενοῦς
3629 3216 3726 3266 καὶ
3765 3211 3824 3264 τὸ

544 3329 776 3392 dicatur,
797 3342 905 3381 non
930 3325 1194 3394 permittit
1217 3324 1295 3376 sic
1320 3322 1621 3391 intelligere
1647 3318 1994 3385 Unigenitum
2021 3317 2124 3385 (α),

2233 3333 2362 3393 Υἱὸς
2395 3328 2710 3395 λεγόμενον,
2740 3324 2799 3375 οὑ
2824 3321 3038 3374 δίὂωσιν
3059 3315 3203 3370 οὕτω
3225 3315 3368 3365 νοεῖν
3396 3309 3488 3362 τὸν
3513 3304 3821 3373 Μονογενῆ,

547 3418 642 3474 Sed
673 3418 783 3472 vult
820 3416 965 3472 illum
995 3416 1168 3470 solum
1202 3429 1264 3468 ex
1299 3412 1463 3468 Patre
1496 3424 1700 3466 uatum.
1740 3412 1871 3465 Vide
1924 3411 2127 3474 auteuf,

2232 3423 2368 3480 ἀλλὰ
2401 3394 2491 3474 τὸν
2529 3394 2690 3488 μόνον
2722 3412 3054 3483 γεννηθέντα
3085 3410 3148 3461 ὲκ
3192 3405 3287 3458 τοῦ
3319 3402 3559 3471 Πατρός.
3595 3400 3742 3467 Ὅρα
3772 3394 3824 3449 δέ

553 3526 674 3576 oro,
701 3512 844 3581 quod
878 3511 1019 3564 sicut
1048 3523 1208 3577 supra
1240 3508 1371 3562 dixit
1411 3507 1603 3560 Filium
1637 3505 1875 3560 hominis
1906 3507 2130 3559 descen-

2239 3535 2348 3588 μοι,
2380 3517 2460 3568 ὅτι
2491 3512 2680 3580 ὥσπερ
2717 3509 2828 3562 ἄνω
2855 3503 3030 3566 εἶπεν,
3063 3503 3144 3555 ὅτι
3184 3502 3211 3552 6
3239 3498 3367 3560 Υίδς
3399 3495 3492 3548 τοῦ
3534 3490 3825 3562 ἀνθρώπου

555 3605 703 3659 disse
753 3604 820 3657 de
859 3603 1020 3668 ccelo,
1057 3603 1306 3670 quamvis
1368 3615 1472 3653 non
1525 3597 1863 3654 descenderit
1898 3611 2026 3650 caro
2065 3595 2133 3648 de

2238 3608 2442 3676 κατέΰη
2482 3609 2544 3656 ὲκ
2584 3601 2679 3656 τοῦ
2711 3597 2970 3669 οὐρανοῦ,
2999 3593 3177 3646 καίτοι
3210 3591 3270 3643 οὑ
3301 3586 3510 3656 κατέϐη
3543 3585 3577 3654 ή
3607 3581 3744 3653 σὰρξ
3771 3583 3829 3632 ἐκ

556 3692 717 3756 cmlo,
745 3691 840 3778 sed
865 3700 1083 3760 pmptor
1109 3707 1266 3743 unam
1294 3704 1580 3757 personam
1607 3699 1660 3741 et
1688 3703 1850 3740 unam
1883 3687 2136 3756 hyposta-

2236 3702 2330 3756 τοῦ
2363 3695 2628 3767 οὐρανοῦ,
2671 3692 2786 3745 ἀλλ’
2831 3691 2980 3759 ὅμως
3038 3686 3128 3738 διὰ
3172 3683 3233 3735 τὸ
3273 3681 3330 3733 ἓν
3366 3678 3688 3748 πρόσωπον,
3741 3669 3829 3724 καὶ

556 3785 683 3848 sim,
725 3769 788 3838 ea
817 3798 936 3853 quas
980 3782 1072 3838 Dei
1102 3793 1253 3851 sunt,
1288 3780 1536 3834 attribuit
1568 3779 1774 3833 homini
1807 3796 1819 3830 :
1851 3778 1924 3830 ita
1954 3789 2007 3830 et
2035 3777 2138 3830 hoc

2239 3797 2339 3857 τὴν
2391 3791 2520 3860 μίαν
2562 3787 2892 3844 ὑπόστασιν,
2943 3777 3012 3831 τὰ
3059 3775 3154 3829 τοῦ
3207 3772 3342 3827 Θεοῦ
3395 3767 3712 3841 προσέθηκε
3758 3763 3829 3832 τῷ

556 3877 697 3940 loco.
734 3892 794 3932 ea
828 3892 947 3945 qum
997 3876 1230 3930 hominis
1279 3884 1426 3939 sunt,
1480 3873 1730 3926 attribuit
1774 3871 1951 3925 Verbo
2008 3871 2136 3924 Deo.

2243 3883 2546 3954 ἀνθρώπῳ·
2575 3878 2719 3931 οὑτω
2748 3870 3030 3928 κάνταῦθα
3057 3870 3120 3948 το
3139 3863 3378 3936 ἔμπαλιν
3400 3861 3472 3913 τὰ
3500 3859 3597 3913 τοῦ
3629 3854 3831 3922 ἀνθρώ-

559 3969 718 4024 Dedit
743 3969 906 4035 enim,
939 3969 1133 4037 inquit,
1179 3967 1318 4021 Deus
1353 3938 1544 4019 Filium
1577 3979 1733 4019 suum
1775 3965 1825 4016 in
1856 3975 2086 4017 mortem
2119 3983 2131 4016 :

2245 3938 2702 4044 arou|1tpos1l0qst
2728 3965 2806 4036 τῷ
2836 3963 2954 4032 Θεῷ
2986 3938 3163 4030 Λόγῲ.
3195 3958 3406 4010 Ἔδωκε
3436 3954 3570 4022 γὰρ,
3599 3952 3786 4020 φησῖν,
3809 3949 3834 4000 6

560 4061 808 4130 quamvis
857 4060 1208 4125 impassibilis
1255 4056 1612 4126 permanserit
1667 4055 1811 4110 Deus
1849 4071 1862 4108 :
1903 4064 2138 4106 attamen

2245 4064 2380 4119 Θεὸς
2408 4042 2497 4112 τὸν
2529 4058 2656 4110 Υίὺν
2684 4052 2851 4109 αὑτοῦ
2884 4053 2965 4114 εἰς
2993 4050 3244 4102 θάνατον·
3278 4046 3456 4100 καίτοι
3478 4045 3505 4097 6
3539 4042 3673 4104 Θεὸς
3701 4043 3835 4094 ἀπα-

563 4151 688 4222 quia
718 4167 861 4205 unus
893 4160 948 4205 et
989 4151 1129 4205 idem
1167 4149 1267 4202 fuit
1300 4165 1394 4217 per
1424 4149 1780 4219 hypostasim,
1809 4157 1864 4200 et
1888 4147 1975 4213 qui
2009 4143 2142 4198 Ver-

2249 4156 2346 4225 θὴς
2377 4153 2647 4221 διέμεινεν
2673 4166 2685 4178 ·
2719 4146 2837 4199 ἀλλ’
2870 4144 2991 4198 ἐπεὶ
3042 4138 3125 4205 εἷς
3156 4141 3249 4194 καὶ
3275 4141 3304 4192 6
3349 4137 3511 4200 αὐτὸς
3554 4136 3678 4188 καθ’
3712 4132 3834 4186 ὑπό·

565 4245 691 4298 bum
726 4244 839 4307 Dei,
869 4251 924 4297 et
959 4244 1122 4297 homo
1151 4244 1241 4312 qni
1279 4257 1374 4311 pro
1397 4242 1554 4296 nobis
1585 4241 1815 4309 patiens,
1850 4239 2018 4293 Filius
2073 4240 2149 4291 di-

2253 4265 2443 4301 στασιν
2490 4241 2556 4315 ἦν
2597 4245 2624 4296 ὅ
2672 4260 2731 4295 τε
2766 4241 2860 4292 τοῦ
2911 4237 3049 4292 Θεοῦ
3107 4237 3309 4304 Λόγος,
3372 4233 3469 4284 καὶ
3518 4233 3546 4282 6
3593 4231 3663 4280 τὰ
3701 4226 3837 4294 πάθη

564 4336 707 4388 citur
736 4334 893 4388 datus
963 4349 1107 4396 esse.
1140 4335 1195 4388 in
1233 4343 1496 4404 quantum
1534 4343 1588 4388 et
1626 4347 1754 4387 vere
1795 4347 2008 4400 passus,
2040 4346 2146 4383 non

2254 4339 2620 4407 ὑφιστάμενος
2649 4334 2936 4404 ἄνθρωπος
2959 4350 2971 4362 ·
3008 4333 3036 4384 ὁ
3075 4329 3202 4391 Υἱὸς
3231 4326 3453 4392 λέγεται
3493 4319 3758 4383 διδὸσθαι,
3787 4317 3838 4380 ὃς

567 4426 621 4481 in
658 4443 752 4481 sua
785 4435 1002 4491 natura,
1043 4428 1136 4482 sed
1174 4430 1225 4480 in
1265 4441 1361 4480 sua
1411 4442 1596 4480 carne.
1644 4425 1795 4492 Quod
1845 4435 2023 4478 autem
2066 4423 2146 4475 Iu-

2256 4433 2349 4485 καὶ
2395 4429 2610 4498 ἀληθῶς
2644 4428 2885 4493 ἕπασγεν
2921 4425 2980 4476 ὲν
3012 4425 3079 4491 τῇ
3109 4420 3289 4489 οἰκεία
3318 4415 3483 4486 σαρκί
3515 4412 3652 4481 (19).
3689 4412 3750 4464 Τί
3792 4411 3843 4462 δὲ

568 4535 743 4585 crum,
776 4520 893 4573 dari
928 4518 1166 4572 Filium?
1195 4519 1239 4574 Ο
1274 4534 1548 4588 magnum,
1580 4528 1634 4572 et
1663 4533 1825 4588 supra
1856 4519 2146 4570 humanam

2255 4521 2316 4574 τὸ
2346 4487 2535 4588 κέρδος
2562 4487 2656 4569 τοῦ
2691 4487 2914 4585 ὼθῆναι
2949 4487 3202 4565 τὸν-’Υίόν
3226 4527 3240 4572 ;
3266 4487 3376 4570 ήὪς
3414 4507 3559 4576 μέγα
3590 4506 3686 4557 καὶ
3715 4500 3844 4570 ὑπὲρ

572 4622 806 4666 mentem
841 4613 853 4663 l
890 4620 947 4664 ut
982 4611 1161 4664 omnis
1189 4613 1278 4681 qui
1312 4613 1481 4666 credit
1507 4612 1559 4665 in
1593 4610 1766 4675 illum,
1795 4608 1902 4664 duo
1940 4610 2026 4663 illa
2062 4609 2148 4662 lu-

2259 4614 2470 4665 Ξννοιαν
2507 4606 2886 4678 ἀνθρωπίνην,
2921 4604 3010 4656 ἵνα
3043 4603 3150 4664 πᾶς
3181 4603 3209 4652 ὁ
3243 4597 3520 4651 πιστεύων
3567 4596 3650 4656 είς
3672 4591 3844 4655 αὑτὸν,

573 4709 756 4754 eretur
794 4718 808 4754 :
844 4717 1006 4753 unum
1045 4702 1298 4767 quidem,
1349 4703 1492 4768 quod
1543 4717 1648 4755 nou
1687 4702 1824 4768 perit
1856 4720 1870 4768 ;
1900 4702 2152 4761 alterunt,

2257 4704 2349 4756 δύο
2378 4702 2551 4756 ταῦτα.
2593 4700 2830 4770 κερδάνη
2852 4712 2863 4726 ·
2901 4699 2958 4749 ἓν
2993 4697 3116 4766 μὲν,
3149 4693 3210 4746 τὸ
3243 4693 3318 4761 μὴ
3366 4688 3710 4744 ἀπολέσθαι·
3741 4687 3848 4738 ἓτε-

574 4793 718 4862 quod
762 4793 926 4846 vitam
986 4795 1181 4860 habet,
1218 4807 1381 4863 atque
1433 4795 1600 4847 vitam
1654 4805 1940 4847 zetcrnam.
1990 4793 2156 4848 V’etus

2264 4815 2353 4866 ρον
2391 4795 2445 4848 δὲ
2474 4835 2487 4856 ,
2538 4795 2596 4846 τὸ
2643 4792 2739 4844 καὶ
2788 4790 2936 4857 ζωὴν
2982 4789 3148 4858 ἔχειν,
3200 4786 3295 4838 καὶ
3348 4785 3558 4852 ταύτην
3616 4779 3844 4834 αἰώνιον.

574 4885 718 4938 enim
749 4887 830 4939 lex
873 4885 1221 4954 promittebat
1250 4902 1345 4941 eos
1377 4887 1466 4955 qui
1505 4887 1556 4940 in
1586 4886 1674 4938 illa
1712 4886 1819 4939 Deo
1852 4886 2153 4953 placebant,

2274 4886 2332 4940 'll
2373 4887 2472 4955 μὲν
2507 4885 2613 4952 γὰρ
2656 4882 2890 4945 Παλαιὰ,
2949 4880 3076 4940 τοὺς
3129 4881 3186 4931 ἐν
3212 4877 3384 4945 ταύτῃ
3425 4871 3847 4944 ειϋαρεστοῦντας

579 4976 879 5045 implendas
917 4979 1251 5047 longitudine
1293 4981 1502 5034 dierum
1541 4999 1552 5034 :
1594 4981 1946 5049 Evangi-Iiutn
1975 4988 2153 5033 autem

2266 4981 2341 5050 τῷ
2375 4979 2515 5048 Θεῷ,
2558 4975 2904 5047 μακρότητος
2931 4972 3159 5043 ἡμερῶν
3195 4970 3480 5040 ὲμπιπλᾷν
3517 4964 3844 5036 ὑπισχνεῖτο·

585 5081 694 5120 non
761 5071 1143 5138 temporariam
1197 5073 1358 5125 vitam
1415 5073 1664 5141 largitur,
1739 5073 1830 5126 sed
1898 5081 2154 5126 auc-ruam

2269 5073 2327 5124 τὸ
2371 5073 2427 5124 δὲ
2458 5069 2814 5137 Εὑαγγέλιον,
2841 5068 2900 5119 οὑ
2935 5065 3261 5136 προσκαίρῳ
3289 5062 3402 5132 ζωῇ
3456 5058 3846 5130 φιλοτιμεῖται,

583 5164 640 5210 et
679 5157 1132 5214 indissolubilem.
1167 5163 1302 5225 Quia
1357 5164 1499 5215 enim
1557 5164 1664 5216 duo
1717 5173 1844 5216 sunt
1894 5163 2159 5216 at1\'0lltllS

2267 5165 2402 5216 ἀλλὰ
2430 5165 2522 5216 καὶ
2557 5165 2762 5232 αἰωνίῳ
2788 5163 2885 5214 καὶ
2919 5157 3269 5228 ἁκαταλὺτῳ.
3320 5156 3479 5208 Ἐπεὶ
3509 5154 3568 5208 δὲ
3601 5152 3694 5207 δύο
3725 5149 3847 5203 εἰσιν

581 5246 808 5316 Christi,
837 5258 891 5304 et
927 5249 1016 5303 ille
1041 5251 1131 5318 qui
1170 5251 1292 5318 luit,
1323 5262 1376 5307 et.
1403 5252 1489 5307 ille
1515 5255 1604 5323 qui
1635 5263 1892 5309 venturus
1927 5264 2010 5308 est
2042 5271 2055 5307 :
2095 5255 2160 5305 de

2269 5257 2326 5308 ai
2359 5254 2450 5307 τοῦ
2505 5253 2742 5324 Χριστοῦ
2784 5249 3110 5323 παρουσίαι,
3155 5250 3190 5320 ἦ
3232 5264 3293 5300 τε
3349 5245 3456 5316 ήδη
3488 5242 3847 5314 γεγενημένης

651 5406 701 5440 ⁷⁸
731 5407 862 5464 Luc.
884 5424 1041 5476 mn,
1073 5411 1162 5466 54.
1243 5411 1330 5466 ⁷³1
1361 5410 1517 5468 Joan.
1556 5430 1627 5469 IV.
1662 5415 1714 5468 9.

1543 5534 1633 5592 Ex
1669 5530 2014 5593 collatione
2049 5535 2231 5596 codd.
2271 5535 2500 5594 Venet.
2534 5531 2595 5590 S.
2632 5530 2852 5590 Mam.

658 5656 770 5727 (19)
809 5655 944 5711 Cod.
998 5656 1060 5710 51
1097 5656 1343 5726 plenius:
1386 5659 1480 5720 Ὃς
1510 5659 1599 5710 καὶ
1631 5658 1844 5727 ἀληθῶς
1873 5659 2128 5728 ἔπασχε-θ,
2173 5655 2230 5708 οὗ

1873 5659 2128 5728 ἔπασχε-θ,
2173 5655 2230 5708 οὗ
2272 5657 2335 5724 τῇ
2366 5654 2543 5722 οἰκείᾳ
2582 5651 2764 5719 φύσει,
2803 5649 2939 5704 ἀλλὰ
2975 5651 3039 5721 τῇ
3069 5647 3248 5718 οίκείᾳ
3277 5645 3464 5719 σαρκί.

663 5798 740 5867 (a)
769 5797 907 5854 Edil.
942 5796 1059 5855 Lut.
1096 5819 1198 5857 non
1231 5805 1382 5857 habet
1424 5801 1763 5864 uniqenimm.
