4052 6548
294 369 433 438 12H

968 370 1427 433 ENARRATIO
1467 371 1552 434 IN
1592 367 2109 436 EVANGELIUM
2147 370 2773 442 IOANNIS.—CAP.
2822 376 2947 440 III.

3506 377 3649 448 1214

293 491 440 563 καὶὴ
465 489 754 562 μέλλουσα,
783 489 912 559 περὶ
935 489 1036 560 τῆς
1087 487 1367 561 προτέρας
1394 491 1548 560 λέγει
1573 493 1904 564 παρουσίας,

2019 493 2200 564 priore
2227 497 2464 552 adventu
2502 498 2659 565 dicit,
2689 497 2839 569 quod
2875 510 2984 579 non
3017 494 3224 555 missus
3253 494 3326 554 sit
3356 495 3531 553 Filius
3570 507 3638 555 ut

293 585 375 639 ὅτι
405 585 508 638 οὐκ
537 582 820 652 ἀπεστάλη
854 584 883 635 ὁ
907 581 1036 647 Υἱὸς
1094 583 1182 642 ἶνα
1213 583 1524 656 κατακρίνῃ
1551 583 1645 638 τὸν
1677 586 1904 655 κόσμον.

305 676 464 732 Ἐπεὶ
494 677 544 730 εί
579 678 673 730 ἐπὶ
724 675 887 730 τοῦτο
912 673 1070 748 ἦλθε,
1110 679 1315 742 πάντες
1341 678 1410 733 ἂν
1453 681 1869 754 κατεκρίθησαν
1889 699 1904 714 ο

296 771 500 833 πάντες
527 769 635 839 γὰρ
669 769 947 839 ἥμαρτον,
976 769 1122 823 καθά
1154 772 1250 823 καὶ
1283 771 1501 837 Παῦλός
1533 791 1704 844 φησιν
1725 790 1740 806 ο
1770 772 1910 827 ἀλλὰ

297 861 735 930 προηγουμένως
771 861 864 914 ἐπὶ
904 862 965 915 τὸ
999 861 1177 916 σῶσαι
1232 863 1326 916 τὸν
1381 865 1590 935 κόσμον
1620 860 1778 937 ἦλθε,
1811 869 1910 922 καὶ

297 955 456 1010 τοῦτο
487 955 690 1019 σκοπὸς
719 950 788 1025 ἦν
815 956 965 1028 αύτῷ
989 972 1004 986 ·
1039 956 1184 1011 κατά
1233 958 1591 1030 συμϐεὸηκὺς
1630 960 1688 1014 δὲ
1725 961 1907 1032 κρίνει

293 1053 422 1116 τοὺς
456 1051 532 1124 μὴ
571 1053 1000 1118 πιστεύσαντας.
1047 1056 1108 1109 '0
1143 1055 1333 1126 μέντοι
1367 1057 1670 1120 Μωσαῖκδς
1715 1060 1905 1130 νόμος,

294 1147 734 1218 προηγουμένως
766 1147 848 1210 εἰς
883 1146 1109 1218 ἔλεγχον
1137 1147 1241 1219 τῆς
1293 1149 1576 1220 ἁμαρτίας
1603 1145 1738 1222 ἦλθε
1759 1190 1777 1218 ,
1811 1154 1910 1206 καὶ

291 1238 633 1308 κατάκρισιν
659 1238 771 1291 τῶν
793 1239 1277 1309 παραϐαινόντων.
1305 1242 1504 1295 Οὑδενὶ
1533 1242 1645 1315 γὰρ
1673 1242 1910 1314 συνεχώ-

293 1346 398 1399 ρει,
432 1329 550 1383 ἀλλ’
588 1329 705 1400 ἅμα
751 1347 813 1384 τε
859 1324 1023 1400 εὗρεν
1072 1332 1469 1403 ἁμαρτάνοντά
1507 1351 1597 1402 τι,
1648 1336 1745 1390 καὶ
1789 1335 1909 1406 ἅμα

288 1424 393 1492 τὴν
429 1423 588 1494 δίκην
623 1424 851 1494 ἐπῆγεν.
893 1425 958 1479 'H
999 1426 1101 1496 μὲν
1139 1423 1234 1480 οὖν
1267 1427 1464 1499 πρώτη
1495 1430 1772 1500 παρουσία
1806 1430 1909 1485 οὐκ

289 1513 407 1589 εἶχε
438 1517 644 1572 σκοπὸν
666 1518 728 1570 τδ
753 1520 988 1588 κρίνειν,
1014 1522 1062 1573 εί
1093 1520 1169 1592 μὴ
1210 1521 1356 1574 κατὰ
1383 1523 1756 1595 συμϐεόηκὸς,
1779 1525 1911 1589 τοὺς

291 1610 751 1682 ἀντιστήσαντας-ο
783 1605 933 1674 οὗτοι
981 1613 1092 1685 γὰρ
1131 1615 1233 1686 ήδη
1272 1615 1562 1688 κέκρινται
1605 1635 1618 1648 ο
1679 1618 1711 1687 ἡ
1755 1617 1813 1671 δέ
1843 1635 1909 1687 γε

286 1703 527 1774 δευτέρα
557 1706 855 1776 παρουσία,
876 1708 1099 1772 πάντως
1116 1710 1208 1762 ἐπὶ
1238 1708 1316 1778 τῷ
1342 1710 1556 1775 πάντας
1580 1713 1788 1782 κρῖναι,
1810 1711 1907 1766 καὶ

293 1797 594 1853 ἀποδοῦναι
636 1799 854 1872 ἑκάστῳ
903 1801 1051 1855 κατὰ
1105 1802 1176 1878 τά
1223 1802 1364 1876 ἔργα
1435 1803 1631 1868 αὐτοῦ,
1679 1805 1909 1877 γενήσε·

291 1907 406 1948 ται.

372 2007 391 2040 ι
453 1989 496 2042 O
538 1988 815 2044 πιστεύων
850 1989 932 2053 είς
960 1988 1053 2043 τὸν
1084 1990 1236 2056 Υίὸν,
1270 1991 1331 2045 ού
1364 1991 1619 2063 κρίνεται
1643 2008 1656 2022 ο
1691 1995 1719 2048 ό
1742 1993 1799 2048 δὲ
1833 1993 1909 2065 μὴ

293 2081 594 2149 πιστεύων,
629 2083 733 2154 ήδη
760 2082 1045 2154 κέκριται,
1079 2085 1162 2138 ὄτι
1195 2085 1274 2155 μὴ
1303 2087 1680 2142 πεπίστευκεν
1727 2090 1808 2151 είς
1847 2089 1910 2142 τὸ

286 2171 467 2242 ὄνομα
495 2170 593 2226 τοῦ
625 2173 958 2243 μονογενοῦς
999 2172 1128 2227 Υίοῦ
1158 2173 1255 2229 τοῦ
1296 2173 1457 2228 Θεοῦ.
1491 2175 1643 2246 Αὕτη
1674 2176 1733 2230 δέ
1759 2177 1912 2230 ἐστιν

287 2263 325 2335 ἠ
375 2262 595 2334 κρίσις,
629 2265 713 2319 ὅτι
758 2266 817 2318 τὸ
875 2265 996 2335 φῶς
1043 2262 1211 2339 ἦλθεν
1263 2268 1345 2328 είς
1392 2267 1488 2322 τὸν
1534 2269 1763 2339 κόσμον,
1814 2270 1912 2324 καὶ

287 2356 596 2428 ἠγάπησαν
647 2359 698 2412 oi
750 2357 1039 2430 ἄνθρωποι
1105 2359 1312 2430 μᾶλλον
1360 2361 1423 2414 τὸ
1480 2361 1710 2429 σκότος,
1755 2362 1789 2436 ἢ
1849 2363 1913 2417 τὸ

291 2447 441 2518 φῶςο
487 2444 558 2520 ἦν
615 2449 728 2520 γάρ
774 2453 994 2523 πονηρὰ
1056 2453 1242 2506 αὐτῶν
1283 2452 1354 2507 τὰ
1420 2453 1584 2524 ἔργα.
1631 2455 1748 2520 Πᾶς
1799 2455 1911 2525 γάρ

286 2541 321 2594 ὁ
364 2539 547 2610 φαῦλα
585 2542 885 2614 πράσσων,
923 2547 1078 2615 μισεῖ
1130 2545 1191 2602 τὸ
1225 2545 1366 2616 φῶς,
1409 2547 1508 2600 καὶ
1552 2548 1655 2602 οὐκ
1686 2548 1911 2619 ἔρχεται

291 2638 436 2703 πρὸς
479 2634 542 2688 τὸ
591 2635 731 2704 φῶς,
780 2637 870 2692 ἵνα
921 2639 998 2709 μὴ
1061 2640 1297 2714 ἐλεγχθῇ
1361 2640 1433 2695 τὰ
1499 2641 1640 2713 ἔργα
1702 2643 1909 2698 αὐτοῦ’

289 2727 319 2782 ό
365 2727 424 2782 δὲ
463 2728 638 2782 ποιῶν
685 2731 787 2804 τὴν
841 2731 1130 2804 ἀλήθειαν,
1168 2734 1396 2806 ἔρχεται
1445 2738 1585 2808 πρὸς
1646 2738 1710 2790 τὸ
1768 2739 1909 2807 φῶς,

291 2820 384 2876 ἵνα
426 2823 722 2895 φανερωθῇ
778 2825 949 2878 αὑτοῦ
1005 2827 1076 2882 τὰ
1127 2827 1290 2897 ἔργα,
1341 2829 1426 2883 ὅτι
1478 2830 1538 2884 ιν
1586 2830 1710 2902 Θεῷ
1761 2831 1912 2886 ἐστιν

288 2913 661 2984 εἰργασμένα.
693 2934 712 2974 ι
741 2915 818 2990 ,ιΤί
850 2918 1022 2982 ἐστιν,
1060 2937 1080 2971 ι
1131 2917 1190 2972 '0
1220 2919 1499 2974 πιστεύων
1528 2922 1611 2984 είς
1636 2921 1729 2976 τὸν
1757 2922 1909 2990 Υἱδν,

290 3006 354 3060 οὐ
386 3007 673 3077 κρίνεταις
715 3027 734 3059 ι
775 3003 923 3082 ’Δρα
955 3011 1088 3082 γὰρ,
1123 3013 1220 3066 ἑὰν
1262 3012 1588 3086 ἀκάθαρτον
1624 3016 1727 3089 ἔχῃ
1763 3015 1909 3086 βίον,

288 3097 352 3151 οὐ
381 3099 667 3170 κρίνεται;
695 3101 952 3157 Μάλιστα
993 3106 1095 3174 μὲν
1143 3105 1273 3169 τοὺς
1315 3107 1598 3172 τοιούτους
1621 3106 1746 3160 οὐδὲ
1777 3125 1912 3182 γνη-

2013 587 2352 645 condemnet
2377 593 2684 655 mundum;
2721 590 2852 662 quia
2883 589 2928 645 si
2965 598 3192 660 propter
3228 589 3334 646 hoc
3366 589 3641 656 venisset,

2013 675 2368 737 condemnati
2421 682 2656 740 fuissent
2712 684 2904 753 utique
2955 698 3172 740 omnes.
3223 681 3432 740 Omnes
3482 683 3637 740 enim

2014 785 2392 843 peccaverunt
2415 771 2487 840 ⁸θ,
2522 775 2669 830 sicut
2696 784 2759 828 et
2790 773 2994 830 Paulus
3019 775 3176 831 dicit.
3212 774 3324 830 Sed
3361 789 3641 846 praecipue

2013 867 2081 920 ad
2114 867 2220 922 hoc
2254 869 2426 932 venit,
2474 877 2534 921 ut
2566 867 2836 923 mundum
2885 877 3158 934 servaret,
3193 876 3357 938 atque
3387 868 3504 924 haec
3544 868 3645 923 in-

2015 961 2191 1016 tentio
2224 961 2344 1032 ejus
2391 959 2496 1016 fuit
2536 977 2552 1014 :
2613 975 2712 1031 per
2750 960 3013 1017 accidens
3047 971 3236 1016 autem
3283 959 3498 1030 judicat
3540 973 3640 1016 eos

2015 1051 2110 1120 qui
2162 1067 2273 1106 non
2319 1049 2697 1106 crediderunt.
2749 1047 2863 1104 Lex
2896 1064 3029 1104 vero
3079 1047 3324 1105 Mosaica
3366 1049 3648 1122 praecipue

2014 1143 2187 1207 venit,
2222 1151 2281 1197 ut
2317 1143 2753 1214 reprehenderet
2811 1153 3126 1213 peccatum,
3157 1153 3215 1200 et
3246 1144 3650 1201 condemnaret

2013 1237 2469 1307 prmvaricautes.
2501 1235 2660 1292 Nulli
2675 1237 2824 1293 enim
2851 1237 3113 1309 ignoscit.
3147 1237 3246 1294 sed
3267 1237 3432 1293 simul
3467 1246 3642 1310 atque

2015 1329 2294 1386 invenerit
2335 1337 2662 1402 peccantem
2710 1329 2765 1385 in
2803 1330 3017 1402 aliquo,
3052 1345 3276 1401 poenam
3317 1329 3508 1386 infert.
3541 1329 3651 1387 Ita-

2016 1438 2125 1492 que
2156 1424 2372 1494 primus
2403 1423 2676 1479 adventus
2709 1437 2818 1479 non
2869 1434 3102 1496 pr0pter
3125 1423 3399 1495 judicium
3442 1426 3647 1494 factus.

2016 1517 2121 1571 nisi
2151 1531 2250 1588 per
2273 1517 2555 1582 accidens,
2582 1516 2845 1585 judicans
2875 1531 2974 1573 eos
2999 1518 3093 1588 qui
3121 1533 3231 1574 non
3265 1517 3644 1584 crediderunt,

2014 1613 2106 1684 qui
2139 1611 2508 1681 jamjudicati
2549 1620 2713 1680 sunt;
2747 1610 3029 1668 secundus
3058 1627 3192 1668 vero
3213 1611 3322 1667 erit
3354 1620 3414 1667 ut
3450 1625 3646 1667 omnes

2010 1706 2246 1778 judicet,
2289 1715 2344 1762 et
2373 1706 2676 1778 unicuique
2709 1707 3020 1763 secundum
3046 1721 3216 1779 opera
3253 1721 3354 1764 sua
3381 1706 3576 1764 faciat.

2092 1979 2258 2034 Vens.
2288 1975 2476 2035 l8-2l.
2505 1996 2523 2031 ι
2551 1977 2656 2045 Qui
2682 1977 2861 2035 credit
2880 1977 2933 2034 in
2957 1977 3306 2045 Filium,non
3321 1976 3646 2052 judicatur:

2017 2073 2111 2145 qui
2146 2087 2277 2130 vero
2323 2087 2428 2128 non
2472 2072 2688 2137 credit,
2733 2073 2849 2143 jam
2877 2072 3159 2140 judicatus
3197 2082 3305 2140 est,
3361 2075 3491 2144 quia
3530 2083 3644 2134 non

2017 2168 2257 2224 credidit
2282 2167 2334 2222 in
2357 2182 2555 2223 nomen
2582 2166 2854 2237 unigeniti
2879 2164 3004 2221 Filii
3039 2164 3163 2221 Dei.
3193 2165 3322 2224 Haec
3343 2175 3432 2225 est
3457 2177 3640 2225 autem

2019 2261 2442 2329 condemnatio,
2477 2261 2628 2330 quod
2673 2260 2764 2315 lux
2796 2259 2952 2316 venit
3005 2259 3064 2314 in
3105 2260 3377 2316 mundum
3403 2299 3422 2326 ,
3457 2270 3514 2317 et
3558 2261 3650 2320 dl-

2019 2356 2278 2412 lexerunt
2304 2355 2562 2410 homines
2585 2353 2759 2426 magis
2776 2353 3040 2409 tenebras
3061 2367 3230 2424 quam
3250 2353 3452 2411 lucem.
3472 2354 3648 2412 Erant

2019 2451 2168 2507 enim
2214 2447 2408 2506 eorum
2461 2463 2629 2521 opera
2671 2447 2842 2505 mala.
2895 2445 3093 2505 Omnis
3143 2449 3292 2504 enim
3347 2447 3443 2520 qui
3499 2449 3647 2506 mala

2019 2545 2155 2613 agit,
2184 2541 2304 2597 odit
2334 2541 2542 2607 lucem,
2603 2554 2709 2595 nec
2738 2537 2890 2594 venit
2919 2538 2987 2594 ad
3013 2538 3216 2602 lucem,
3248 2552 3319 2593 ne
3341 2545 3651 2609 arguantur

2018 2652 2187 2708 opera
2219 2636 2413 2703 ipsius.
2446 2632 2552 2702 Qui
2603 2643 2788 2688 autem
2820 2642 3088 2706 operatur
3125 2634 3443 2700 veritatem,
3495 2635 3650 2690 venit

2020 2732 2085 2786 ad
2121 2731 2300 2786 lucem
2324 2773 2342 2796 ,
2370 2739 2432 2784 ut
2461 2711 2762 2801 conspicua
2805 2727 2941 2783 ﬁant
2973 2727 3114 2782 facta
3150 2726 3351 2800 ipsius,
3378 2726 3524 2798 quod
3547 2741 3654 2799 per

2022 2825 2190 2879 Deum
2215 2825 2326 2880 sint
2351 2823 2518 2880 facta.
2565 2841 2586 2875 ι
2617 2822 2758 2887 Quid
2800 2829 2922 2886 est,-
2957 2840 2976 2873 ι
3013 2821 3115 2888 Qui
3143 2821 3322 2876 credit
3349 2821 3404 2875 in
3444 2819 3650 2876 Filium

2020 2919 2184 2992 545
2216 2912 2324 2974 non
2355 2917 2677 2988 iudicatur?
2713 2936 2733 2969 ι
2771 2914 3032 2986 Nunquid
3065 2916 3110 2971 si
3147 2915 3486 2972 immundam
3519 2930 3651 2986 ege-

2021 3017 2092 3070 rit
2143 3017 2349 3080 vitam,
2401 3027 2510 3067 non
2564 3010 2882 3082 jndicatnr?
2932 3009 3173 3066 Maxime
3226 3011 3470 3080 quidem.
3523 3008 3649 3068 Non

2019 3113 2166 3168 enim
2200 3124 2328 3166 vere
2355 3108 2546 3165 ﬁdeles
2596 3118 2726 3163 sunt
2761 3106 3061 3177 ejusmodi,
3113 3115 3171 3161 ut
3222 3106 3426 3161 Paulus
3454 3106 3590 3162 dicit
3628 3123 3644 3162 :

293 3192 426 3258 σίως
467 3197 699 3259 πιστοὺς
738 3197 766 3250 ό
803 3197 1016 3262 Παῦλός
1057 3215 1217 3269 φησι.
1271 3219 1292 3252 ι
1338 3200 1473 3254 Θεὸν
1523 3202 1654 3273 γὰρ,
1706 3203 1905 3274 φησιν.

2023 3223 2042 3257 ι
2089 3206 2255 3260 Deum
2293 3205 2441 3259 enim
2466 3244 2481 3263 ,
2531 3201 2747 3266 inquit,
2785 3199 3030 3256 fatentur
3064 3215 3126 3256 se
3168 3199 3352 3264 seire,
3385 3200 3649 3270 operibus

287 3285 655 3356 ὁμολογοῦσιν
677 3289 899 3356 εἰδέναι,
923 3294 1037 3356 τοῖς
1064 3291 1121 3346 δὲ
1145 3293 1332 3364 ἔργοις
1356 3293 1684 3364 ἀρνοῦνταιε
1716 3313 1734 3346 ι
1762 3295 1912 3368 Πλὴν

289 3377 531 3432 ἐνταῦθα
567 3380 725 3433 τοῦτό
761 3398 950 3451 φησιν,
979 3383 1061 3436 ὅτι
1094 3383 1219 3437 κατ’
1249 3385 1383 3439 αὐτὸ
1410 3384 1571 3439 τοῦτο
1593 3386 1654 3440 τὸ
1685 3388 1914 3441 πιστεῦ-

291 3485 420 3531 σαι.
453 3471 515 3523 οὐ
559 3471 832 3542 κρίνεται*
865 3474 976 3526 τῶν
1008 3475 1195 3546 μέντοι
1230 3477 1485 3548 πονηρῶν
1537 3478 1722 3550 ἔργων
1749 3479 1913 3550 χαλεο

169 3626 184 3627 γ
209 3626 246 3629 _,
292 3564 555 3633 πωτέρεις
591 3565 825 3632 εὐθύνας
865 3567 1059 3622 δώσει’
1103 3569 1368 3636 ἀπιστίας
1400 3571 1459 3625 δὲ
1498 3572 1687 3626 ἕνεκεν
1713 3573 1776 3626 ού
1817 3591 1914 3628 κο-

288 3656 555 3722 λάζεται*
591 3660 742 3728 ἅπαξ
768 3661 878 3732 γάρ
903 3663 1252 3718 ἐπίστευσεν.
1285 3682 1304 3715 ι
1344 3664 1403 3719 '0
1423 3663 1481 3718 δὲ
1508 3666 1583 3737 μὴ
1611 3668 1909 3733 πιστεύων,

287 3751 395 3824 ἥδη
435 3754 721 3825 κέκριται.
766 3774 783 3807 ι
823 3756 982 3822 Πῶς,
1017 3756 1247 3827 Πρῶτον
1285 3759 1424 3828 μὲν,
1457 3759 1543 3812 ὅτι
1576 3761 1672 3814 καὶ
1699 3759 1843 3834 αὕτη
1877 3763 1910 3833 ή

289 3847 526 3901 ἀπιστία
573 3848 908 3922 κατάκρισίς
953 3851 1095 3906 ἐστι.
1139 3851 1215 3904 Τὸ
1260 3851 1373 3922 γὰρ
1408 3853 1571 3916 ἐκτὸς
1616 3850 1761 3908 εἷναι
1814 3853 1910 3912 τοῦ

289 3940 500 4012 φιιγιὺς,
528 3940 663 3995 αὐτὸ
696 3943 858 4013 μόνον
887 3943 1136 4015 τιμωρία
1183 3946 1442 4018 μεγίστη.
1481 3948 1720 4002 Ἔπειτα
1750 3951 1799 4003 εί
1834 3949 1910 4022 μὴ

289 4033 390 4087 καὶ
424 4034 681 4089 ἐντεῦθεν
733 4036 834 4108 ήδη
887 4041 952 4108 τῇ
1009 4038 1205 4111 γεέννῃ
1255 4040 1481 4107 δίδοται,
1520 4041 1641 4096 ἀλλ’
1685 4039 1782 4097 οὖν
1810 4044 1913 4110 τὰς

288 4129 555 4200 ἀφορμὰς
588 4131 691 4199 τῆς
729 4131 1040 4203 μελλούσης
1068 4135 1347 4205 rumpia;
1382 4135 1639 4190 ἐντεῦθεν
1677 4137 1907 4208 συνῆξε·

290 4223 552 4292 καθάπερ
604 4225 698 4277 καὶ
731 4225 759 4277 ό
796 4227 1027 4295 φονεὺς.
1066 4243 1098 4278 κ
1132 4245 1170 4280 ,ν
1221 4227 1298 4296 μὴ
1343 4228 1410 4298 τῇ
1460 4227 1629 4300 ψήφῳ
1661 4229 1758 4283 τοῦ
1791 4231 1913 4302 κρί-

288 4335 477 4379 νοντος
526 4316 937 4389 καταδικασθῇ,
987 4321 1052 4390 τῇ
1139 4317 1200 4372 οῦ
1249 4321 1583 4392 πράγματος
1628 4323 1914 4378 καταδεδί-

287 4426 496 4467 κασται
525 4411 723 4482 φύσει’
759 4414 855 4465 καὶ
884 4414 912 4465 ὁ
954 4413 1132 4483 ’Δδὲη
1158 4413 1236 4479 δὲ,
1341 4414 1528 4489 ἡμέρᾳ
1561 4417 1772 4486 ἔφαγεν
1803 4418 1912 4471 ἀπὸ

287 4504 390 4558 τοῦ
420 4503 579 4570 ξύλου
602 4547 616 4571 ,
659 4505 901 4560 ἀπέθανε
925 4547 940 4572 ,
970 4505 1153 4560 καίτοι
1195 4506 1292 4579 ἔζη
1311 4547 1326 4572 ,
1361 4508 1500 4562 ἀλλὰ
1529 4512 1597 4583 τῇ
1631 4511 1911 4582 ἀποφάσει
1943 4517 1970 4542 ⁶

2019 3307 2202 3354 autem
2236 3307 2438 3368 negant
2461 3295 2532 3351 ⁸⁸.
2566 3313 2584 3346 ι
2613 3294 3006 3350 Verumtamen
3041 3294 3146 3350 hoc
3169 3294 3292 3350 loco
3312 3294 3466 3361 dicit,
3499 3293 3650 3365 quod

2018 3400 2244 3463 propter
2287 3392 2466 3460 ipsum
2515 3389 2747 3445 credere
2785 3403 2894 3442 non
2924 3387 3205 3457 iudicatur
3235 3405 3250 3442 :
3283 3387 3435 3444 dabit
3462 3396 3650 3444 autem

2020 3501 2213 3556 pwnas
2247 3498 2444 3556 graves
2477 3481 2752 3537 malorum
2789 3495 3021 3550 operum
3058 3499 3073 3536 :
3123 3490 3352 3550 propter
3387 3479 3648 3536 incredu-

2021 3581 2230 3636 litatem
2269 3588 2453 3633 autem
2487 3591 2651 3646 quan.
2688 3591 2794 3631 non
2833 3575 3026 3641 habet,
3069 3589 3180 3629 non
3213 3573 3476 3644 punietur
3511 3589 3524 3626 :
3560 3586 3652 3628 se-

2019 3674 2129 3731 mel
2165 3673 2312 3728 enim
2345 3670 2609 3727 credidit.
2648 3687 2667 3721 ι
2714 3670 2785 3724 At
2815 3669 2909 3738 qui
2947 3683 3056 3722 non
3091 3666 3357 3732 credidit,
3407 3666 3521 3737 jam
3551 3663 3648 3736 ju-

2020 3769 2237 3826 dicatus
2275 3775 2383 3822 est.
2423 3785 2440 3818 ι
2476 3763 2807 3832 Quomodo?
2843 3762 3093 3819 Primum
3125 3761 3351 3832 quidem
3379 3759 3650 3831 quoniam

2018 3869 2074 3916 et
2122 3861 2238 3931 ipsa
2291 3857 2658 3915 incredulitas
2701 3857 3094 3912 condemnatio
3140 3863 3226 3910 est
3266 3871 3280 3907 :
3320 3868 3444 3910 esse
3496 3852 3649 3909 enim

2016 3963 2172 4012 extra
2229 3953 2442 4015 lucem,
2500 3965 2600 4020 per
2641 3965 2700 4005 se
2756 3950 3060 4004 maximum
3120 3946 3457 4018 supplicium
3514 3952 3647 4012 est;

2017 4046 2218 4102 deinde
2256 4042 2511 4112 quamvis
2543 4056 2652 4096 non
2689 4041 2780 4096 hic
2827 4041 3096 4111 gehennae
3143 4039 3382 4095 traditus
3408 4038 3518 4104 sit,
3549 4034 3651 4094 sed

2019 4136 2383 4206 congregavit
2414 4135 2506 4191 hic
2538 4133 2708 4189 futuri
2743 4134 2997 4206 supplicii
3030 4132 3378 4199 occasiones,
3407 4132 3556 4189 sicut
3593 4141 3650 4188 et

2020 4231 2319 4298 homicida,
2343 4229 2559 4284 tametsi
2582 4243 2692 4283 non
2711 4228 2984 4284 sententia
3000 4227 3206 4297 jndicis
3224 4228 3650 4290 condemnetur,

2018 4337 2217 4382 natura
2259 4335 2444 4378 tamen
2484 4323 2559 4378 rei
2617 4310 3027 4377 condemnatus
3072 4330 3179 4376 est.
3224 4319 3290 4375 Et
3332 4321 3510 4375 Adam
3563 4320 3653 4376 die

2019 4416 2128 4488 quo
2177 4417 2421 4473 comedit
2452 4415 2521 4471 de
2569 4415 2738 4484 ligno.
2778 4424 3029 4469 mortuus
3073 4412 3244 4479 est“,
3304 4421 3362 4468 et
3395 4411 3654 4484 quamvis

2019 4515 2258 4576 viveret,
2287 4510 2566 4565 sententia
2603 4516 2790 4564 tamen
2816 4516 2872 4563 et
2902 4519 3098 4562 natura
3129 4506 3208 4562 rei
3241 4518 3494 4563 mortuus
3523 4504 3648 4563 fuit.

292 4600 393 4652 καὶ
430 4600 496 4670 τῇ
528 4598 620 4651 τοῦ
653 4600 986 4670 πράγματος
1014 4599 1177 4670 φύσει
1206 4601 1494 4672 τεθνηκὼς
1531 4600 1624 4676 ἦν.
1672 4608 1786 4670 Πᾶς
1817 4607 1911 4662 οὖν

2025 4604 2220 4660 Omnis
2251 4604 2423 4675 igitur
2454 4601 2779 4659 incredulus
2815 4601 2906 4656 hic
2941 4600 3055 4672 jam
3094 4601 3501 4658 condemnatus
3529 4608 3650 4668 est,

290 4692 551 4756 ἄπιστος,
598 4693 933 4762 κατάκριτός
969 4694 1118 4748 ἐστιν
1151 4694 1408 4749 ἐντεῦθεν
1439 4697 1565 4768 ἤδη,
1604 4697 1682 4763 ὡς
1715 4701 1782 4770 τῇ
1814 4717 1911 4754 κο-

286 4780 454 4842 Χάσει
478 4785 701 4850 πάντως
742 4786 1297 4858 παραδοθησόμενος,
1337 4791 1432 4843 καὶ
1464 4789 1588 4844 οὐδὲ
1616 4793 1697 4856 εἰς
1729 4794 1912 4864 κρίσιν

289 4879 698 4951 ἀχθησόμενος,
736 4880 880 4932 κατὰ
912 4878 994 4943 τὸ,
1046 4898 1065 4925 σ
1104 4880 1219 4934 Ούκ
1251 4881 1656 4952 ἀναστήσονται
1692 4885 1914 4950 ἀσεϐεῖς

290 4976 354 5028 ὲν
398 4974 603 5044 κρίσειο
647 4991 664 5024 ι
707 4974 828 5027 οὐδὲ
876 4974 989 5045 γὰρ
1039 4974 1201 5043 λόγου
1249 4975 1532 5042 ἀξιοῦνται
1570 4980 1622 5032 οί
1653 4979 1909 5049 ἀσεϐεῖς,

289 5068 487 5138 ὥσπερ
526 5067 651 5122 οὐδὲ
682 5070 710 5122 ό
739 5068 1010 5132 διάϐολος.
1049 5069 1141 5122 Ἐν
1169 5071 1351 5140 κρίσει
1388 5073 1487 5143 μὲν
1518 5069 1612 5128 οῦν
1647 5075 1749 5128 οὐκ
1776 5076 1912 5129 ἀνα-

290 5161 595 5231 στήσονται
619 5202 633 5225 ,
669 5162 729 5215 ὲν
763 5161 1094 5234 κατακρίσει
1120 5162 1199 5216 δέ.
1224 5163 1384 5218 Οῦτω
1411 5167 1507 5219 καὶ
1540 5168 1598 5220 ἐν
1626 5167 1704 5238 τῷ
1731 5167 1915 5238 Εὐαγ-

291 5255 465 5327 γελίῳ
497 5257 664 5326 φησὶν
694 5256 724 5308 ό
755 5255 982 5326 Κύριος,
1017 5259 1102 5311 ὅτι
1127 5257 1155 5310 ό
1189 5258 1378 5330 ἅρχων
1409 5259 1519 5316 τοῦ,
1545 5261 1757 5332 κόσμου
1787 5260 1914 5316 τού-

289 5366 414 5410 του.
449 5350 552 5421 ήδη
587 5348 878 5419 κέκριται,
930 5349 994 5402 οὐ
1036 5349 1203 5418 μόνον
1232 5350 1310 5414 ὡς
1348 5351 1516 5414 αὐτὸς
1566 5353 1911 5425 ἀπιστήσας,

290 5442 435 5498 ἀλλὰ
485 5443 582 5496 καὶ⁵
632 5442 726 5495 τὸν
775 5442 982 5496 Ἰούδαν
1034 5445 1308 5516 προδότην
1350 5432 1608 5518 ποιήσας,
1662 5450 1756 5501 καὶ
1799 5451 1915 5513 τοῖς

291 5538 481 5601 ἄλλοις
513 5537 615 5606 τῆς
652 5537 934 5600 ἀπωλείας
969 5538 1216 5607 γεγονὼς
1247 5539 1533 5610 πρόξενος.
1563 5542 1627 5595 Ei
1659 5543 1717 5595 δὲ
1749 5544 1779 5595 ὁ
1803 5543 1916 5596 Κύ-

296 5648 416 5701 ριος
458 5631 518 5683 ἐν
565 5629 914 5700 παραϐολαῖς
963 5632 1180 5700 εἰσάγει
1225 5633 1354 5697 τοὺς
1393 5635 1913 5706 κολασθησομένους

289 5724 458 5794 λόγου
504 5722 890 5794 ἀξιουμένους,
944 5723 1022 5796 μὴ
1052 5723 1377 5798 θαυμάσει-ις’
1413 5727 1636 5799 πρῶτον
1685 5727 1788 5797 μὲν
1828 5732 1910 5786 ὅτι

371 5904 416 5938 ⁸ο
467 5904 627 5960 Rom.
675 5920 757 5970 lli,
804 5904 898 5960 25.
975 5905 1018 5938 "
1050 5903 1163 5962 Tit.
1220 5925 1262 5966 ι.
1299 5906 1386 5965 ⁸6.
1462 5910 1508 5942 θ’
1561 5908 1700 5966 Gen.
1730 5925 1814 5980 ut,
1855 5909 1939 5967 l7.

2023 4708 2081 4752 ut
2112 4698 2207 4768 qui
2254 4698 2485 4753 omnino
2511 4696 2806 4767 supplicio
2844 4695 3152 4750 tradendus
3196 4705 3312 4758 est,
3353 4703 3408 4748 et
3452 4708 3563 4749 non
3594 4693 3651 4748 in

2018 4787 2288 4860 judicium
2316 4789 2732 4859 producendus,
2777 4786 2934 4859 juxta
2963 4785 3113 4852 illud,
3152 4804 3172 4838 ι
3204 4784 3322 4840 Non
3357 4778 3653 4857 resurgant

2024 4883 2176 4951 impii
2213 4882 2268 4936 in
2304 4882 2514 4952 judicio
2544 4880 2612 4935 ⁸³.
2657 4898 2676 4932 ι
2725 4880 2941 4950 lndigni
2976 4880 3123 4934 enim
3161 4879 3439 4934 habentur
3469 4887 3525 4932 ut
3561 4893 3649 4932 ra-

2025 4977 2231 5032 tionem
2267 4977 2398 5032 dent
2437 4976 2612 5047 impii,
2659 4975 2807 5031 sicut
2849 4984 2906 5030 et
2956 4972 3230 5030 diabolus.
3282 4971 3337 5027 lu
3378 4971 3650 5043 judicium

2020 5070 2190 5141 igitur
2225 5085 2333 5126 non
2370 5078 2702 5140 resurgant,
2744 5070 2840 5124 sed
2893 5070 2947 5123 in
2996 5067 3537 5124 condemnationem.
3573 5064 3652 5120 Ita

2020 5172 2078 5220 et
2109 5163 2164 5218 in
2203 5162 2502 5234 Evangelio
2537 5163 2672 5218 dicit
2703 5164 2994 5230 Dominus,
3027 5163 3172 5233 quod
3199 5162 3457 5232 princeps
3484 5159 3652 5230 hujus

2021 5257 2237 5323 mundi,
2268 5256 2384 5328 jam
2414 5255 2696 5328 judicatus
2743 5267 2827 5312 est
2873 5257 2945 5323 “,
2983 5271 3093 5312 non
3126 5257 3307 5312 solum
3339 5256 3486 5324 quod
3533 5256 3653 5325 ipse

2024 5364 2134 5403 non
2168 5348 2495 5415 crediderit,
2544 5348 2639 5405 sed
2672 5350 2820 5418 quod
2853 5359 2908 5404 et
2951 5346 3151 5404 Judam
3188 5347 3532 5422 proditprem
3568 5346 3652 5401 fe-

2023 5444 2186 5510 cerit,
2227 5454 2283 5499 et
2333 5443 2458 5499 aliis
2503 5443 2836 5514 perditionis
2893 5443 3060 5498 fuerit
3106 5449 3328 5497 auctor.
3386 5439 3652 5508 Quamvis

2025 5548 2210 5593 autem
2271 5537 2539 5594 Dominus
2588 5540 2643 5593 in
2703 5538 2986 5609 parabolis
3042 5539 3281 5594 adducat
3339 5537 3652 5607 puniendos

2022 5632 2181 5701 quasi
2213 5646 2310 5688 eos
2344 5649 2372 5686 a
2404 5631 2612 5704 quibus
2644 5643 2899 5686 sumatur
2936 5633 3101 5696 ratio,
3139 5649 3209 5689 ne
3244 5631 3489 5687 mireris.
3528 5630 3650 5685 Pri-

2025 5743 2176 5782 mum
2207 5727 2433 5796 quidem
2463 5741 2531 5784 eo
2565 5727 2708 5797 ipso,
2755 5726 2886 5799 quia
2932 5728 3212 5798 parabolae
3242 5736 3373 5785 sunt
3410 5741 3476 5783 ea
3525 5740 3651 5799 qua:

2058 5909 2105 5944 ⁸³
2169 5911 2320 5969 Psal.
2356 5928 2392 5980 ι,
2427 5912 2481 5969 5.
2562 5913 2608 5948 “
2639 5911 2805 5969 Joan.
2838 5927 2953 5983 χιι,
2989 5912 3078 5969 ll.
