4052 6518
323 487 465 550 1217

1010 476 1464 540 ENARRATIO
1507 476 1591 540 ΙΝ
1627 474 2142 540 EVANGELIUM
2177 471 2767 537 JOANNIS.-CAP.
2810 473 2923 535 Ill.

3513 463 3652 532 1218

320 603 382 654 ἐν
432 595 610 653 Αἰνὼν
658 593 824 662 ἐγγὺς
856 590 950 643 τοῦ
1000 590 1240 660 Σαλεὶμ,
1307 590 1389 643 ὅτι
1437 588 1608 643 ὕδατα
1652 588 1828 643 πολλὰ
1861 582 1928 661 ἦν

2037 588 2184 657 iuxta
2230 586 2402 643 Salim
2442 604 2457 642 :
2512 586 2640 656 quia
2676 600 2833 655 aqua:
2868 583 3059 639 multa:
3095 592 3258 638 erant
3299 581 3431 651 illic,
3468 595 3523 639 et
3558 599 3655 640 ve-

319 695 462 751 ὲκεῐ.
497 693 593 744 καὶ
637 684 1006 757 παρεγένοντο
1050 685 1145 735 καὶ
1179 681 1562 745 ἐϐαπτίζοντο.
1605 679 1777 734 Οὔπω
1820 681 1929 750 γὰρ

317 781 388 855 ἦν
421 780 759 854 βεϐλημένος
787 778 865 841 εἰς
896 776 995 847 τὴν
1024 775 1274 846 φυλακὴν
1308 777 1334 829 ὁ
1376 774 1653 843 Ἰωάννης.
1696 792 1714 824 ι
1747 773 1928 844 Μέχρι

324 878 424 945 μὲν
459 877 490 945 η
521 871 683 942 ἑορτὴ
715 869 808 923 τοῦ
840 870 1033 939 Πάσχα
1072 868 1385 929 συνίστατο,
1427 866 1486 917 ἐν
1523 866 1929 936 Ἰεροσολύμοις

319 964 390 1039 ἦν
424 970 453 1020 6
500 964 741 1034 Ἰησοῦς·
790 962 911 1015 ἐπεὶ
946 963 1003 1015 δὲ
1044 960 1329 1031 παρῆλθεν
1364 960 1528 1030 αὕτη,
1562 959 1790 1029 ὲξῆλθεν
1837 959 1929 1013 ἐπὶ

318 1062 421 1131 τὴν
466 1057 730 1111 Ἰουδαίαν
771 1056 904 1124 γῆν,
944 1053 1041 1107 καὶ
1086 1053 1318 1121 πλησίον
1372 1053 1468 1106 τοῦ
1534 1053 1805 1123 Ἰορδάνου
1846 1052 1928 1104 δι·-

323 1151 563 1222 ἑτριὸεν,
597 1147 729 1202 ἔνθα
761 1147 942 1199 πολλοὶ
978 1146 1325 1215 συνέτρεχον.
1360 1146 1472 1197 Οὐκ
1503 1146 1687 1213 ἐζήτει
1719 1145 1775 1197 δὲ
1804 1146 1929 1209 τοὺς

323 1243 765 1315 πολυοχλοῦντας
801 1242 1002 1303 τόπους
1032 1239 1118 1292 διὰ
1159 1238 1474 1307 φιλοτιμίαν
1508 1237 1695 1306 κενὴν,
1739 1237 1770 1305 ἢ
1807 1238 1929 1289 ἐπί-

320 1338 509 1404 δειξιν,
540 1338 678 1391 ἀλλὰ
707 1334 921 1388 πλείοσι
952 1333 1051 1401 τὴν
1075 1331 1348 1398 ὠφέλειαν
1380 1333 1476 1381 κα)⁸
1497 1330 1555 1381 τὸ
1580 1329 1786 1396 ἀγαθὸν
1816 1346 1930 1381 κοι-

318 1432 547 1484 νοῦσθαι
595 1429 802 1482 θέλων·
851 1426 974 1478 ἐπεὶ
1017 1423 1112 1475 καὶ
1144 1424 1222 1484 είς
1262 1421 1359 1483 τὰς
1408 1420 1601 1494 ἑορτὰς
1650 1419 1928 1483 ἀνέϐαινε,

320 1525 393 1577 δι’
431 1522 566 1575 αὐτὸ
611 1520 793 1584 τοῦτο,
842 1519 917 1580 ὡς
965 1516 1222 1577 πλείονας
1275 1512 1585 1583 ὠφελήσων
1626 1512 1722 1565 καὶ
1764 1513 1928 1579 λόγῳ,

321 1616 419 1669 καὶ
453 1614 751 1683 θαυμάτων
779 1608 1132 1675 ἐπιδείξεσιν.
1171 1606 1414 1683 ’Δκουων
1444 1605 1501 1657 δὲ
1532 1606 1612 1657 ὄτι
1643 1604 1928 1666 ἐϐάπτιξε,

324 1706 401 1779 μὴ
434 1705 598 1760 αὐτὸν
630 1705 839 1757 ἐκεῖνον
872 1699 1059 1770 νόμιζε
1088 1698 1400 1769 βαπτίζειν,
1434 1696 1571 1749 ἀλλὰ
1601 1700 1729 1759 τοις
1761 1695 1929 1747 αὑτοῦ

322 1797 608 1868 μαθητάς
655 1796 717 1847 τὸ
752 1795 808 1847 δὲ
844 1793 951 1846 τῶν
990 1791 1253 1861 μαθητῶν
1297 1790 1480 1860 ἔργον,
1531 1792 1612 1849 εἰς
1645 1789 1735 1841 τὸν
1771 1788 1931 1841 Διδα-

321 1892 520 1944 σκαλον
542 1887 859 1957 ἀναφέρειό
891 1884 1311 1953 εὖαγγελιστής.
1362 1882 1598 1935 Ἐπείτοι
1628 1896 1689 1950 τε
1724 1881 1928 1952 προϊὼν

2038 680 2265 734 niebant
2308 686 2364 733 et
2400 677 2846 747 baptizabantur.
2882 673 3136 729 Nondum
3172 674 3320 729 enim
3368 674 3656 747 cpnjeetus

2036 770 2220 825 fuerat
2251 768 2493 825 Joannes
2526 769 2578 823 in
2620 782 2927 823 carcerem.
2972 784 2989 816 ι
3034 765 3163 820 Erat
3196 762 3359 819 Jesus
3396 765 3655 819 Hieroso-

2036 863 2198 935 lymis
2236 849 2410 933 usque
2441 866 2507 916 ad
2558 861 2757 917 festum
2797 860 3029 915 Pascha:
3060 877 3074 913 :
3106 870 3161 913 ct
3194 867 3485 929 postquam
3522 858 3654 917 illud

2035 955 2324 1025 przeteriit,
2360 956 2531 1010 exivit
2563 955 2615 1009 in
2656 964 2858 1009 terram
2901 951 3174 1015 Judaeum,
3222 961 3277 1005 et
3324 967 3494 1023 prope
3528 951 3655 1006 Jor-

2036 1055 2231 1104 danem
2287 1050 2637 1113 versabatur,
2703 1048 2793 1102 ubi
2847 1046 3001 1101 multi
3052 1047 3478 1101 cenvcuiehant.
3534 1044 3653 1101 Non

2036 1139 2316 1208 quaerebat
2348 1151 2532 1194 autem
2567 1140 2825 1208 populosa
2863 1137 2981 1193 loca
3013 1149 3243 1208 promer
3279 1139 3498 1190 inanem
3540 1137 3656 1207 glo-

2039 1234 2212 1297 riam,
2265 1233 2349 1287 vel
2402 1234 2825 1288 ostentationem
2878 1250 2891 1285 :
2947 1232 3043 1286 sed
3101 1230 3359 1299 cupiebat
3402 1228 3656 1299 pluribus

2035 1341 2189 1379 suam
2239 1325 2542 1380 bonitatem
2578 1325 3015 1389 communicare,
3056 1332 3111 1377 et
3150 1322 3270 1376 usui
3304 1337 3427 1386 esse
3461 1337 3475 1376 :
3514 1335 3655 1389 quo-

2038 1419 2184 1471 niam
2222 1428 2274 1471 et
2308 1433 2427 1472 eam
2465 1420 2536 1471 ob
2569 1432 2795 1470 Causam
2831 1418 2897 1470 ad
2932 1416 3133 1469 festum
3172 1414 3535 1476 ascenderat,
3568 1421 3655 1467 ut-

2036 1506 2441 1575 poteplurimis
2480 1506 2801 1574 profuturus
2831 1505 3084 1559 doctrina
3111 1512 3166 1557 et
3198 1502 3500 1556 miraculis.
3537 1503 3651 1554 Au-

2036 1600 2192 1651 diens
2233 1611 2415 1651 autem
2449 1596 2595 1667 quod
2629 1596 2961 1665 baptizarit,
2999 1611 3065 1649 ne
3099 1605 3257 1662 putes
3286 1594 3432 1665 quod
3466 1608 3565 1663 per
3594 1607 3656 1649 se

2037 1691 2354 1761 bapiizarit,
2386 1690 2482 1745 sed
2526 1706 2625 1761 per
2666 1690 2990 1760 discipulos.
3031 1687 3144 1743 lloc
3171 1690 3317 1742 enim
3351 1686 3655 1755 discipulo-

2038 1801 2156 1838 rum
2191 1801 2333 1853 opus
2366 1785 2421 1838 in
2461 1782 2785 1853 Magistrum
2819 1782 2986 1836 refert
3015 1781 3375 1851 evangelista.
3421 1780 3560 1833 Nam
3594 1779 3651 1835 in

2037 1890 2334 1945 progressu
2382 1876 2526 1929 idem
2580 1873 2669 1929 hic
2703 1873 3043 1943 evangelista
3075 1871 3210 1926 dicit
3246 1872 3395 1941 quod
3434 1889 3453 1924 ι
3490 1869 3653 1926 Jesus

317 1980 482 2043 αὐτὸς
534 1972 691 2042 οὗτος
746 1978 775 2031 6
831 1974 1255 2046 εὐαγγελιστὴς,
1303 1974 1491 2045 φησιν,
1531 1975 1611 2026 ὅτι
1648 1992 1665 2024 ι
1718 1974 1927 2044 Ἰησοῦς

2037 1944 2157 2020 ηοιι
2196 1968 2514 2037 baptizarit,
2563 1966 2658 2020 sed
2701 1962 2955 2034 discipuli
2982 1964 3147 2034 -cjus.
3189 1982 3207 2015 ι
3252 1962 3359 2019 Sed
3410 1964 3649 2035 quaeris,

316 2076 420 2127 οὐκ
457 2074 776 2137 ἐὸἁτττιιζεν,
832 2070 946 2123 ἀλλ’
986 2071 1033 2121 oi
1085 2069 1333 2138 μαθηταὶ
1379 2068 1569 2121 αὐτοῦ.
1614 2086 1631 2119 ι
1685 2068 1925 2139 Ἑρωτᾷς

317 2166 409 2218 δέ-
467 2167 623 2228 Τίνος
671 2166 861 2216 ἕνεκεν
899 2162 1064 2226 αὐτὸς
1122 2163 1221 2214 οὐχ
1277 2162 1575 2226 ἑϐἀπτιζε;
1628 2160 1923 2215 Μανθανε·

318 2256 621 2327 Προλαὸὼν
654 2252 809 2308 εἶπεν
844 2258 871 2308 6
918 2254 1195 2321 Ἰωάννης,
1241 2254 1322 2306 ὅτι
1363 2273 1380 2303 ι
1419 2254 1593 2317 Αὐτὸς
1633 2256 1777 2325 ὑμᾶς
1828 2253 1927 2323 βα-

321 2348 507 2402 πτίσει
540 2352 597 2401 ἐν
634 2348 915 2416 Πνεύματι
947 2347 1088 2416 ἁγίῳ
1110 2362 1122 2373 ·
1166 2364 1182 2396 ι
1236 2346 1460 2414 Πνεῦμα
1495 2348 1550 2401 δὲ
1582 2348 1739 2415 ἆγιον
1772 2346 1927 2399 οῦπω

316 2437 385 2510 ἦν
417 2440 689 2505 δεδωκὼς,
723 2440 858 2492 διότι
886 2439 1008 2491 οὐδὲ
1042 2436 1235 2507 καιρδς
1266 2433 1354 2506 ἦν.
1392 2438 1455 2491 Εἰ
1489 2439 1672 2492 τοδιυν
1704 2440 1927 2494 ἐΰάπτι·

316 2534 433 2599 ξεν,
468 2534 499 2605 ἦ
534 2536 707 2604 χωρὶς
738 2533 1057 2600 [1νεύματο;
1092 2534 1391 2598 ἐϐάπτιζεν
1424 2535 1511 2596 ἂν,
1537 2534 1630 2584 καὶ
1658 2534 1709 2585 τί
1737 2532 1926 2586 λοιπὸν

314 2627 535 2695 διέφερε
574 2626 666 2680 τοῦ
703 2625 991 2691 Ἰωάννους
1096 2626 1269 2679 ἐδίδου
1298 2627 1366 2679 ἂν
1425 2626 1649 2695 Πνεῦμα
1680 2627 1780 2678 καὶ
1818 2629 1926 2698 πρδ

316 2718 537 2786 καιροῦ,
576 2718 715 2787 ὅπερ
752 2717 963 2781 ἀνάξιον
996 2719 1087 2769 τοῦ
1123 2721 1302 2771 πάντα
1338 2720 1395 2770 ἐν
1427 2717 1607 2788 καιρῴ
1645 2718 1926 2782 ποιοῦντος

316 2809 483 2863 Θεοῦ.
515 2811 612 2873 Τίς
635 2810 692 2861 δὲ.
718 2804 784 2880 ἦν
814 2810 843 2859 6
874 2810 1064 2879 καιρδς
1096 2810 1193 2878 τῆς
1223 2810 1317 2863 τοῦ
1348 2811 1666 2880 Πνεῦματος
1692 2810 1922 2875 δόσεωςς

325 2899 388 2955 Ὀ
426 2899 565 2970 μετὰ
594 2900 695 2969 τὴν
729 2899 1023 2970 ἀνάληψιν.
1060 2901 1215 2954 Ἔδει
1248 2900 1355 2971 γὰρ
1387 2901 1795 2970 ἐμφανισθῆναι
1827 2903 1927 2970 τὴν

312 2993 672 3066 ἀνθρωπίνην
704 2991 869 3061 φύσιν
893 2991 971 3062 τῷ
996 2993 1172 3062 “arpi.
1204 2993 1595 3062 ἀναμάρτητον
1624 2994 1679 3046 ὲν
1704 2994 1927 3063 Χριστῷ

328 3086 512 3156 Ἰησοῦ
532 3101 544 3114 ·
574 3087 668 3138 καὶ
698 3084 844 3138 οὕτω
873 3086 1265 3151 διαλλαγέντος
1294 3084 1387 3137 τοῦ
1420 3084 1558 3137 Θεοῦ
1584 3086 1722 3155 πρὸς
1756 3088 1925 3155 ἡμᾶς,

311 3179 377 3232 τὸ
413 3178 639 3249 Πνεῦμα
662 3177 735 3240 ὡς
754 3177 983 3230 πλοῦτον
1015 3178 1109 3229 καὶ
1141 3175 1459 3244 φιλοτιμίαν
1482 3177 1923 3247 ἐπιπεμφθῆναι.

313 3272 382 3324 Oi
417 3270 598 3324 τοίνυν
631 3270 877 3340 μαθηταὶ
907 3268 1002 3321 τοῦ
1036 3268 1214 3339 Ἰησοῦ
1244 3268 1559 3331 ἐϐάπτιζον,
1596 3269 1682 3321 ἵνα
1705 3268 1922 3333 πλειους
1952 3291 1995 3347 c

313 3366 387 3435 τῇ
442 3361 784 3433 σωτηριώδει
832 3360 1161 3431 διδασκαλία
1212 3360 1552 3430 προσάξωσι.
1607 3360 1831 3414 Τούτων
1870 3362 1926 3415 δὲ

316 3454 721 3526 βαπτιςόντων,
759 3455 853 3509 καὶ
881 3458 910 3508 ὁ
961 3456 1215 3525 Ἰωάννης
1260 3454 1338 3507 ἔτι
1377 3453 1657 3523 βαπτίζει,
1698 3458 1792 3509 καὶ
1827 3456 1929 3509 οὐκ

313 3548 627 3613 ἐπαύσατο,
676 3546 770 3601 δύο
803 3548 1086 3618 κατορθῶν
1121 3549 1178 3600 ὲν
1226 3549 1430 3619 ταυτῷο
1472 3550 1530 3601 ἓν
1568 3550 1689 3619 μὲν,
1724 3550 1785 3602 τὸ
1816 3551 1928 3613 τοῖς

314 3639 757 3707 προστρέχουσιν
789 3638 937 3707 αὐτῷ
966 3638 1093 3708 περὶ
1116 3639 1357 3709 Χριστοὺ
1390 3638 1591 3708 λέγειν,
1626 3641 1722 3693 καὶ
1756 3655 1931 3711 προσ-

316 3732 478 3798 άγειν
506 3732 705 3793 αὐτοὺς
736 3730 885 3801 αὑτῷ
907 3747 921 3761 ο
956 3731 1147 3802 ἕτερον
1176 3731 1255 3795 δὲ,
1287 3732 1350 3785 τὸ
1386 3735 1513 3795 τοὺς
1562 3733 1813 3804 μαθητὰς
1852 3731 1929 3802 μὴ

313 3828 400 3886 εἰς
437 3823 625 3892 ζῆλον,
666 3824 760 3877 καὶ
791 3823 1017 3876 πλείονα
1050 3825 1387 3893 φιλονεικίαν
1421 3826 1688 3896 ἐρεθίσαι.
1727 3827 1788 3879 Εἰ
1820 3824 1928 3896 γὰρ

313 3913 604 3970 ἐπαύσατο
631 3916 721 3968 τοῦ
755 3914 1063 3985 βαπτίζειν,
1104 3916 1157 3969 τί
1187 3917 1287 3970 οὐκ
1324 3918 1390 3970 ἂν
1439 3918 1708 3990 ἐποίησαν
1736 3921 1783 3971 οἱ
1822 3937 1929 3988 μα-

318 4008 489 4077 θη.αὶ
520 4005 711 4069 αὐτοῦ,
740 4006 1083 4077 φθονὼτερον
1116 4008 1457 4078 διακείμενοι
1489 4010 1624 4080 πρὸς
1657 4009 1928 4079 Χριστόν;

313 4099 382 4153 Εἰ
414 4098 525 4169 γὰρ
577 4098 837 4169 μυριάκις
885 4096 1046 4168 βοῶν,
1095 4101 1191 4151 καὶ
1243 4100 1353 4153 τῶν
1406 4101 1698 4168 πρωτείων
1733 4101 1821 4154 ἀεὶ
1853 4100 1931 4170 τῷ

321 4192 552 4262 Χριστῷ
576 4191 951 4263 παραχωρῶν,
984 4191 1086 4243 οὐκ
1109 4191 1328 4244 ἔπεισεν
1357 4192 1554 4253 αὐτοὺς
1585 4192 1737 4261 αὑτῷ
1761 4210 1932 4263 προσ-

316 4282 588 4355 δραμεῖνο
621 4284 700 4347 είς
735 4284 899 4337 πόσον
927 4283 994 4335 ἂν
1039 4281 1234 4351 φθόνον
1266 4284 1366 4336 οὐκ
1395 4284 1651 4353 ἐκίνησεν
1706 4283 1929 4348 αὐτοὺς,

315 4379 438 4443 dy:
467 4376 563 4428 τοῦ
593 4375 880 4446 βαπτίζειν
909 4376 1223 4443 ὲπαύσατο;
1249 4378 1342 4430 Διὸ
1368 4378 1464 4430 καὶ
1490 4380 1517 4431 6
1546 4376 1785 4448 Χριστὸς
1807 4378 1932 4430 τότε

322 4465 563 4537 μάλιστα
581 4466 786 4538 ἠρξατο
803 4466 1119 4538 κηρύττειν,
1142 4468 1233 4520 ὅτε
1264 4466 1519 4535 Ἰωάννης
1543 4466 1929 4537 κατεκλείσθη,

320 4558 415 4611 διὰ
443 4556 536 4610 τὸν
572 4556 767 4627 φθόνον
799 4559 908 4611 τῶν
938 4559 1033 4611 τοῦ
1078 4559 1391 4612 Βαπτιστοῦ
1444 4558 1727 4627 μαθητῶν.
1762 4553 1931 4629 Οἶμαι

2032 2058 2214 2125 Quare
2245 2074 2350 2113 non
2382 2061 2495 2127 ipse
2520 2057 2855 2127 baptizavit?
2878 2043 3056 2112 Disce.
3084 2056 3486 2126 Praeoccupans
3516 2058 3657 2113 dixit

2028 2148 2271 2205 Joannes
2306 2168 2317 2204 :
2359 2168 2377 2201 ι
2414 2147 2509 2205 Ille
2542 2164 2638 2203 vos
2660 2147 2956 2217 baptizabit
2987 2148 3193 2217 Spiritu
3226 2159 3441 2203 sancto.
3482 2167 3499 2200 ι
3532 2147 3656 2217 Spi-

2032 2244 2172 2298 ritus
2200 2252 2383 2296 a’utem
2402 2252 2627 2296 sanctus
2645 2242 2885 2295 nondum
2912 2252 3034 2295 erat
3056 2243 3236 2306 datus,
3258 2255 3322 2295 co
3346 2240 3489 2307 quod
3518 2256 3656 2294 non-

2030 2336 2157 2390 dum
2188 2348 2403 2407 tempus
2425 2345 2562 2390 erat.
2582 2334 2753 2406 Igitur
2766 2338 2809 2392 si
2832 2337 3185 2405 baptizasset,
3201 2333 3284 2388 vel
3310 2336 3515 2404 absque
3529 2333 3656 2402 Spi-

2034 2432 2137 2484 ritu
2157 2428 2319 2502 547
2340 2430 2674 2499 baptizasset
2701 2447 2849 2495 :qua:
2884 2429 3446 2485 iutercessissetinter
3469 2428 3651 2497 ipsum

2030 2533 2083 2578 et
2103 2522 2369 2577 Joannem
2397 2522 2745 2579 differentia?
2770 2522 2854 2577 vel
2881 2523 3127 2578 dedisset
3168 2520 3460 2590 Spiritum,
3488 2527 3654 2590 atque

2031 2628 2157 2671 ante
2194 2626 2437 2686 tempus,
2472 2622 2565 2672 sed
2602 2618 2652 2671 id
2688 2617 2976 2688 indignum
3020 2614 3153 2683 Deo,
3188 2615 3281 2685 qui
3316 2616 3370 2669 in
3409 2624 3656 2682 tempore

2032 2709 2163 2763 facit
2212 2711 2421 2764 onmia.
2454 2709 2609 2776 Quod
2642 2716 2826 2763 autem
2862 2718 3079 2776 tempus
3125 2708 3289 2763 dandi
3348 2705 3657 2776 Spiritum?

2031 2798 2271 2869 Tempus
2302 2810 2422 2870 post
2452 2801 2909 2871 assumptioneut.
2942 2798 3241 2870 Oportebat
3275 2800 3421 2854 enim
3452 2810 3511 2853 ut
3546 2798 3654 2853 ltu-

2034 2911 2189 2947 mana
2240 2905 2432 2950 natura
2482 2895 2593 2950 Deo
2632 2895 2783 2950 Patri
2837 2896 3371 2951 demonstraretura
3427 2903 3656 2965 peccato

2032 2986 2295 3041 immunis
2328 2988 2381 3043 in
2415 2989 2642 3043 Christo
2669 2986 2799 3043 Jesu
2847 3008 2860 3043 :
2890 2999 3057 3059 atque
3104 2988 3178 3042 ita
3225 2987 3336 3043 Deo
3368 2989 3525 3045 nobis
3562 3005 3657 3045 rea

2032 3079 2349 3144 cmn'iliato,
2386 3078 2626 3148 Spiritus
2680 3089 2941 3148 tanquam
2989 3078 3248 3149 opulenta
3297 3080 3551 3148 quaedam
3590 3081 3657 3135 li-

2034 3172 2293 3226 beralitas
2322 3173 2654 3227 mitteretur.
2684 3171 2923 3228 Proinde
2963 3173 3214 3244 discipuli
3242 3172 3371 3229 Jesu
3412 3175 3631 3242 baptiza

2033 3263 2187 3327 bant,
2216 3274 2274 3319 ut
2303 3266 2486 3334 plures
2516 3264 2583 3320 ad
2618 3264 2923 3321 Salvatoris
2948 3267 3257 3322 doctrinam
3286 3267 3650 3326 adducerent.

2036 3360 2189 3414 Unde
2226 3370 2283 3414 et
2320 3361 2404 3415 his
2438 3362 2870 3430 baptizantibus,
2911 3364 3077 3418 etiam
3118 3362 3363 3420 Joannes
3407 3363 3655 3434 baptiza-

2034 3456 2144 3517 bat,
2180 3463 2236 3508 et
2269 3469 2375 3508 non
2409 3456 2685 3519 cessabat,
2721 3457 2828 3509 duo
2860 3454 2998 3508 bona
3032 3455 3278 3511 faciens:
3319 3472 3485 3510 uiuum
3535 3458 3657 3527 qui-

2033 3547 2187 3609 dem,
2226 3548 2352 3616 quia
2398 3548 2465 3601 ad
2517 3564 2577 3602 se
2606 3548 2890 3603 venientes
2924 3550 2989 3603 de
3040 3548 3262 3604 Christo
3312 3549 3543 3619 loquens
3584 3550 3655 3604 ad

2033 3640 2184 3694 illum
2221 3639 2564 3708 adducebat;
2623 3641 2858 3695 alterum
2910 3656 3075 3708 vero,
3132 3644 3259 3711 quia
3304 3643 3531 3697 curabat
3583 3658 3655 3699 ne

2034 3732 2288 3802 discipuli
2338 3733 2420 3787 sui
2457 3734 2511 3787 in
2562 3734 2826 3804 majorem
2865 3735 3043 3787 zelum
3088 3746 3144 3788 et
3183 3735 3652 3804 contemptionem

2033 3838 2492 3895 provocarentur.
2541 3827 2599 3881 Si
2650 3829 2796 3881 enim
2845 3838 3119 3883 cessasset
3171 3827 3485 3897 baptizare,
3521 3829 3654 3899 quid

2035 3933 2142 3970 non
2176 3915 2439 3970 iecissent
2468 3917 2722 3986 discipuli
2760 3917 2907 3987 ejus,
2942 3917 3148 3987 alioqui
3188 3918 3399 3987 majore
3446 3919 3652 3974 invidia

2034 4008 2315 4065 Christum
2359 4011 2801 4080 persequentes?
2834 4009 2968 4064 Nam
3002 4026 3125 4064 cum
3165 4026 3309 4081 saepe
3360 4012 3652 4075 ctamarit.

2033 4112 2088 4157 et
2118 4103 2325 4172 primas
2360 4118 2581 4172 semper
2629 4104 2854 4159 Christo
2902 4105 3186 4167 tribuerit,
3227 4119 3331 4159 non
3380 4108 3655 4174 persuasit

2034 4198 2115 4253 eis
2147 4212 2207 4253 ut
2248 4200 2581 4254 accederent
2611 4200 2677 4253 ad
2727 4200 2877 4254 illum
2916 4215 2930 4254 :
2963 4201 3016 4254 in
3053 4211 3314 4270 quantam
3344 4218 3475 4269 ergo
3513 4202 3654 4257 iuvi-

2034 4288 2181 4341 diam
2214 4287 2541 4357 impulisset,
2588 4289 2631 4342 si
2669 4298 2950 4343 cessasset
2996 4289 3316 4359 baptizare?
3354 4290 3563 4347 Idcirco
3597 4300 3654 4347 et

2035 4380 2477 4447 Christustunc
2525 4382 2766 4435 maxime
2814 4381 2989 4452 cmpit
3045 4384 3383 4452 prmdicare,
3430 4388 3654 4453 quando

2034 4471 2275 4528 Joannes
2307 4472 2552 4529 inclusus
2581 4484 2687 4541 est,
2713 4484 2937 4543 propter
2959 4474 3223 4529 invidiam
3258 4476 3652 4547 discipulorum

2040 4562 2319 4633 Baptistae.
2346 4562 2558 4635 Opinor
2588 4574 2770 4619 autem
2801 4566 3125 4634 permissam
3156 4565 3387 4622 Joannis
3419 4578 3652 4623 mortem

322 4651 383 4704 δὲ
421 4650 516 4703 καὶ
546 4652 645 4721 την
676 4650 940 4721 τελευτὴν
990 4652 1243 4703 Ἰωάννου
1296 4650 1384 4704 διὰ
1437 4650 1597 4703 τοῦτο
1638 4666 1928 4721 συγχωρη-

2042 4658 2333 4719 niatutari,
2384 4668 2441 4712 ut
2490 4657 2673 4711 οιιιιιὶε
2714 4657 2945 4727 populus
2995 4669 3221 4727 paratus
3268 4659 3334 4713 ad
3372 4659 3651 4716 Christum

321 4744 488 4815 θῆναι
516 4745 781 4813 ταχίστην
817 4744 1099 4812 γενέσθαι,
1128 4746 1270 4798 ὥστε
1308 4746 1491 4797 πᾶσαν
1518 4744 1617 4815 τὴν
1646 4744 1740 4796 τοῦ
1781 4745 1925 4813 πλη-

323 4836 454 4900 θους
488 4835 731 4890 διάθεσιν
757 4838 851 4890 ἐπὶ
877 4838 967 4891 τὸν
995 4838 1234 4909 Χριστὸν
1264 4836 1565 4907 μετελθεῖν,
1602 4836 1697 4889 καὶ
1728 4838 1927 4905 μηκέτι

321 4932 449 4992 ταῖς
486 4929 616 4999 περὶ
651 4930 1008 5003 ἀμφοτέρων,
1062 4931 1318 4983 Ἰωάννου
1359 4929 1454 4983 καὶ
1498 4928 1762 4999 Χριστοῦ,
1807 4928 1927 4998 σχί-

323 5021 520 5088 ζεσθαι
554 5021 827 5094 γνώμαις.
872 5024 1210 5087 Βαπτίξουσι
1244 5023 1428 5075 τοίνυν
1474 5024 1523 5077 oi
1553 5023 1648 5075 τοῦ
1685 5021 1927 5090 Χριστοῦ

327 5117 577 5190 μαθηταὶ
606 5117 893 5187 βάπτισμα
925 5116 1095 5186 μηδὲν
1132 5116 1297 5168 πλέον
1323 5114 1446 5183 ἔχον
1476 5112 1573 5166 τοῦ
1608 5113 1924 5184 βαπτίσμα-

322 5226 421 5274 τος
455 5210 725 5264 Ἰωάννου.
770 5211 973 5279 Ἄμφω
1005 5211 1113 5279 γὰρ
1142 5206 1339 5273 ἀτελῆ,
1371 5206 1443 5268 ὡς
1476 5206 1568 5259 τοῦ
1609 5205 1930 5274 [ινεύματος

318 5303 567 5374 ἄμοιρα·
603 5302 751 5355 αίτία
789 5303 974 5371 μέντοι
1010 5301 1347 5372 ἀμφοτέροις
1380 5300 1499 5369 μία,
1535 5298 1597 5350 τὸ
1629 5297 1930 5368 προσάγειν

324 5392 556 5468 Χριστῷ
592 5394 719 5457 τοὺς
761 5393 1215 5463 βαπτιζομένους.

410 5506 429 5539 ι
480 5486 731 5555 Ἐγένετο
757 5485 849 5540 οὖν
882 5488 1110 5557 ζήτησις
1146 5488 1210 5539 ἐκ
1238 5486 1347 5538 τῶν
1378 5485 1638 5557 μαθητῶν
1683 5483 1928 5537 Ἰωάννου

333 5579 481 5652 μετὰ
534 5580 811 5635 Ἰουδαίων
856 5582 986 5649 περὶ
1021 5578 1392 5651 καθαρισμοῦ.
1436 5581 1545 5631 Καὶ
1592 5574 1756 5649 ἦλθον
1792 5561 1931 5647 πρὸς

326 5674 423 5727 τὸν
466 5673 742 5743 Ἰωάννην,
777 5673 871 5725 καὶ
905 5667 1057 5724 εἷπον
1089 5672 1272 5743 αὐτῷ·
1354 5672 1565 5736 Ῥαόὅὶ,
1599 5671 1655 5731 ὃς
1686 5666 1754 5740 ἢν
1793 5670 1930 5739 μετὰ

330 5764 430 5819 σοῦ
464 5767 639 5819 πέοαν
684 5765 777 5820 τοῦ
822 5766 1112 5835 Ἰορδάνου,
1157 5759 1200 5834 ᾧ
1228 5766 1290 5818 σὺ
1336 5766 1796 5836 μεμαρτύρηκας,
1828 5764 1925 5829 ἴδε,

327 5849 493 5922 οὗτος
542 5856 817 5928 βαπτίζει,
869 5861 963 5912 καὶ
1011 5860 1213 5921 πάντες
1262 5859 1515 5928 ἔρχονται
1556 5857 1694 5926 πρὸς
1742 5856 1932 5912 αὐτόν.

343 5949 675 6023 ’Δπεκρίθη,
719 5950 816 6007 καὶ
854 5945 1008 6005 εἶπεν
1048 5954 1076 6005 6
1125 5952 1402 6024 Ἰωάννης*
1448 5951 1523 6005 Οὐ
1569 5950 1794 6004 δύναται
1836 5948 1932 6005 ἄν·

2040 4752 2322 4813 trausiret,
2351 4760 2404 4803 et
2442 4765 2547 4804 non
2597 4750 2977 4804 dividerentur
3010 4752 3298 4805 sententia:
3328 4752 3395 4806 de
3427 4752 3653 4809 Christo

2038 4853 2089 4898 et
2104 4842 2336 4898 Joanne.
2355 4843 2650 4912 Baptizant
2670 4841 2837 4912 igitur
2852 4841 3101 4911 discipuli
3126 4843 3331 4899 Christi
3352 4843 3650 4913 baptismo,

2039 4934 2133 5005 qui
2163 4934 2300 4988 nihil
2331 4934 2570 4988 habebat
2592 4933 2828 5002 amplius
2852 4949 3017 5003 quam
3050 4935 3344 5005 baptistqu
3373 4937 3605 4993 Joannis
3632 4954 3646 4993 ε

2041 5028 2205 5083 ambo
2236 5029 2384 5081 cnim
2424 5028 2758 5097 imperfecti,
2801 5037 2855 5082 et
2890 5029 3132 5083 nondum
3172 5029 3443 5086 habentes
3476 5028 3650 5101 Spiri-

2044 5128 2196 5185 tum,
2252 5118 2556 5188 eademque
2608 5121 2825 5191 utrique
2870 5135 3071 5189 causa,
3113 5128 3169 5175 ut
3207 5122 3554 5181 adducantur
3582 5126 3653 5180 ad

2046 5212 2330 5267 Christum
2370 5212 2657 5281 baptizati.

2119 5485 2280 5539 Vsus.
2315 5482 2508 5539 25-27.
2548 5501 2566 5533 ι
2603 5480 2734 5537 Orta
2786 5491 2968 5537 autem
3007 5492 3090 5539 est
3129 5485 3361 5553 quaestio
3392 5501 3457 5540 ex
3489 5484 3655 5541 disci-

2043 5576 2187 5647 pulis
2216 5575 2445 5630 Joannis
2476 5590 2597 5631 tum
2638 5574 2838 5630 Judaeis
2889 5577 2957 5631 de
2994 5577 3400 5647 puriﬁcatione.
3448 5578 3514 5632 Et
3560 5593 3656 5634 ve-

2043 5680 2245 5722 ueiunt
2274 5671 2341 5721 ad
2370 5666 2637 5721 Joannem
2672 5678 2726 5720 et
2758 5669 3017 5722 dixerunt
3050 5672 3100 5724 ci
3141 5689 3155 5725 :
3186 5669 3383 5731 Rahhi.
3412 5671 3509 5740 qui
3534 5680 3653 5726 erat

2045 5773 2222 5818 tecum
2276 5772 2425 5815 trans
2464 5760 2782 5823 Jordanem,
2832 5762 2918 5814 cui
2957 5772 3013 5816 tu
3057 5764 3431 5820 testimonium:
3466 5764 3654 5833 perhi-

2043 5855 2232 5919 buisti,
2281 5869 2411 5909 erce
2448 5853 2493 5907 is
2526 5854 2789 5921 baptizat,
2818 5860 2871 5906 et
2906 5868 3102 5907 omnes
3136 5856 3360 5909 veniunt
3405 5856 3472 5908 ad
3501 5872 3649 5910 eum.

2042 5947 2347 6020 iteSpondit
2370 5944 2633 6015 Joannes,
2665 5953 2718 6002 et
2750 5946 2889 6001 dixit
2916 5962 2931 6001 :
2963 5944 3079 6003 Non
3104 5957 3288 6019 potest
3320 5950 3482 6005 homo
3506 5949 3646 6005 aco"
