  <div class='ocr_page' id='page_1' title='image "/cluster/home/n/w/nwhite01/storage/ocr_20150623/123/uva.x004884189/762.png"; bbox 0 0 4052 6524; ppageno 0'>
   <div class='ocr_carea' id='block_1_1' title="bbox 331 499 466 563">
    <p class='ocr_par' dir='ltr' id='par_1_1' title="bbox 331 499 466 563">
     <span class='ocr_line' id='line_1_1' title="bbox 331 499 466 563; baseline -0.022 0"><span class='ocrx_word' id='word_1_1' title='bbox 331 499 466 563; x_wconf 73' lang='grc'><strong>1217</strong></span> 
     </span>
    </p>
   </div>
   <div class='ocr_carea' id='block_1_2' title="bbox 1012 490 2923 555">
    <p class='ocr_par' dir='ltr' id='par_1_2' title="bbox 1012 490 2923 555">
     <span class='ocr_line' id='line_1_2' title="bbox 1012 490 2923 555; baseline 0.001 -2"><span class='ocrx_word' id='word_1_2' title='bbox 1012 492 1465 554; x_wconf 77' lang='lat' dir='ltr'><strong>ENARRATIO</strong></span> <span class='ocrx_word' id='word_1_3' title='bbox 1509 492 1593 555; x_wconf 85' lang='grc' dir='ltr'><strong>ΙΝ</strong></span> <span class='ocrx_word' id='word_1_4' title='bbox 1629 491 2142 555; x_wconf 82' lang='lat' dir='ltr'><strong>EVANGELIUM</strong></span> <span class='ocrx_word' id='word_1_5' title='bbox 2177 490 2768 555; x_wconf 82' lang='lat' dir='ltr'><strong>JOANNIS.—CAP.</strong></span> <span class='ocrx_word' id='word_1_6' title='bbox 2811 492 2923 555; x_wconf 85' lang='lat' dir='ltr'><strong>Ill.</strong></span> 
     </span>
    </p>
   </div>
   <div class='ocr_carea' id='block_1_3' title="bbox 3515 484 3653 552">
    <p class='ocr_par' dir='ltr' id='par_1_3' title="bbox 3515 484 3653 552">
     <span class='ocr_line' id='line_1_3' title="bbox 3515 484 3653 552; baseline 0.007 -1"><span class='ocrx_word' id='word_1_7' title='bbox 3515 484 3653 552; x_wconf 69' lang='grc' dir='ltr'>λιιι</span> 
     </span>
    </p>
   </div>
   <div class='ocr_carea' id='block_1_4' title="bbox 327 599 1924 677">
    <p class='ocr_par' dir='ltr' id='par_1_4' title="bbox 327 599 1924 677">
     <span class='ocr_line' id='line_1_4' title="bbox 327 599 1924 677; baseline -0.005 -10"><span class='ocrx_word' id='word_1_8' title='bbox 327 616 384 666; x_wconf 76' lang='grc' dir='ltr'><strong>ὲν</strong></span> <span class='ocrx_word' id='word_1_9' title='bbox 432 608 611 666; x_wconf 79' lang='grc' dir='ltr'><strong>Αἰνὼν</strong></span> <span class='ocrx_word' id='word_1_10' title='bbox 659 606 826 675; x_wconf 68' lang='grc' dir='ltr'>ἐγγὺς</span> <span class='ocrx_word' id='word_1_11' title='bbox 858 604 952 657; x_wconf 86' lang='grc' dir='ltr'><strong>τοῦ</strong></span> <span class='ocrx_word' id='word_1_12' title='bbox 1002 604 1241 675; x_wconf 60' lang='grc' dir='ltr'>Σαλείμ,</span> <span class='ocrx_word' id='word_1_13' title='bbox 1308 606 1391 658; x_wconf 87' lang='grc' dir='ltr'><strong>ὄτι</strong></span> <span class='ocrx_word' id='word_1_14' title='bbox 1438 604 1615 659; x_wconf 70' lang='grc' dir='ltr'>ὕδατα</span> <span class='ocrx_word' id='word_1_15' title='bbox 1654 604 1830 659; x_wconf 78' lang='grc' dir='ltr'>πολλὰ</span> <span class='ocrx_word' id='word_1_16' title='bbox 1863 599 1924 677; x_wconf 72' lang='grc' dir='ltr'><strong>ἦν</strong></span> 
     </span>
    </p>
   </div>
   <div class='ocr_carea' id='block_1_5' title="bbox 2031 599 3655 677">
    <p class='ocr_par' dir='ltr' id='par_1_5' title="bbox 2032 600 3655 674">
     <span class='ocr_line' id='line_1_5' title="bbox 2032 600 3655 674; baseline 0.002 -17"><span class='ocrx_word' id='word_1_17' title='bbox 2032 604 2184 674; x_wconf 83' lang='lat' dir='ltr'><strong>juxta</strong></span> <span class='ocrx_word' id='word_1_18' title='bbox 2231 603 2402 661; x_wconf 88' lang='lat' dir='ltr'><strong>Salim</strong></span> <span class='ocrx_word' id='word_1_19' title='bbox 2443 622 2457 660; x_wconf 91' lang='lat'><strong>:</strong></span> <span class='ocrx_word' id='word_1_20' title='bbox 2512 604 2640 674; x_wconf 81' lang='lat' dir='ltr'><strong>quia</strong></span> <span class='ocrx_word' id='word_1_21' title='bbox 2678 618 2834 673; x_wconf 69' lang='lat' dir='ltr'><strong>aqua:</strong></span> <span class='ocrx_word' id='word_1_22' title='bbox 2868 602 3059 657; x_wconf 69' lang='lat' dir='ltr'><strong>multae</strong></span> <span class='ocrx_word' id='word_1_23' title='bbox 3095 611 3259 657; x_wconf 83' lang='lat' dir='ltr'><strong>crant</strong></span> <span class='ocrx_word' id='word_1_24' title='bbox 3300 600 3432 670; x_wconf 86' lang='lat' dir='ltr'><strong>illic,</strong></span> <span class='ocrx_word' id='word_1_25' title='bbox 3469 614 3525 659; x_wconf 81' lang='lat' dir='ltr'><strong>et</strong></span> <span class='ocrx_word' id='word_1_26' title='bbox 3560 618 3655 660; x_wconf 79' lang='lat' dir='ltr'><strong>re-</strong></span> 
     </span>
    </p>
   </div>
   <div class='ocr_carea' id='block_1_6' title="bbox 325 695 1930 770">
    <p class='ocr_par' dir='ltr' id='par_1_6' title="bbox 325 695 1930 770">
     <span class='ocr_line' id='line_1_6' title="bbox 325 695 1930 770; baseline -0.006 -12"><span class='ocrx_word' id='word_1_27' title='bbox 325 707 463 763; x_wconf 77' lang='grc' dir='ltr'>ἐκεί.</span> <span class='ocrx_word' id='word_1_28' title='bbox 498 704 595 756; x_wconf 78' lang='grc' dir='ltr'><strong>καὶ</strong></span> <span class='ocrx_word' id='word_1_29' title='bbox 639 698 1007 770; x_wconf 71' lang='grc' dir='ltr'><strong>παρεγένοντο</strong></span> <span class='ocrx_word' id='word_1_30' title='bbox 1052 700 1146 749; x_wconf 73' lang='grc' dir='ltr'><strong>καὶ</strong></span> <span class='ocrx_word' id='word_1_31' title='bbox 1179 696 1563 760; x_wconf 73' lang='grc' dir='ltr'>ἐϐαπτίζοντο.</span> <span class='ocrx_word' id='word_1_32' title='bbox 1607 695 1778 750; x_wconf 80' lang='grc' dir='ltr'>Οὔπω</span> <span class='ocrx_word' id='word_1_33' title='bbox 1821 697 1930 767; x_wconf 81' lang='grc' dir='ltr'><strong>γάρ</strong></span> 
     </span>
    </p>
   </div>
   <div class='ocr_carea' id='block_1_7' title="bbox 323 789 1929 867">
    <p class='ocr_par' dir='ltr' id='par_1_7' title="bbox 323 789 1929 867">
     <span class='ocr_line' id='line_1_7' title="bbox 323 789 1929 867; baseline -0.004 -19"><span class='ocrx_word' id='word_1_34' title='bbox 323 793 389 867; x_wconf 75' lang='grc' dir='ltr'><strong>ἦν</strong></span> <span class='ocrx_word' id='word_1_35' title='bbox 422 793 760 867; x_wconf 76' lang='grc' dir='ltr'>βεὸλημένος</span> <span class='ocrx_word' id='word_1_36' title='bbox 788 792 866 854; x_wconf 85' lang='grc' dir='ltr'><strong>εἰς</strong></span> <span class='ocrx_word' id='word_1_37' title='bbox 897 790 996 861; x_wconf 78' lang='grc' dir='ltr'>τὴν</span> <span class='ocrx_word' id='word_1_38' title='bbox 1024 789 1275 860; x_wconf 74' lang='grc' dir='ltr'>φυλακὴν</span> <span class='ocrx_word' id='word_1_39' title='bbox 1308 792 1334 843; x_wconf 85' lang='grc' dir='ltr'>ὁ</span> <span class='ocrx_word' id='word_1_40' title='bbox 1377 790 1654 859; x_wconf 76' lang='grc' dir='ltr'>Ἰωάννης.</span> <span class='ocrx_word' id='word_1_41' title='bbox 1697 808 1715 840; x_wconf 78' lang='grc' dir='ltr'><strong>ι</strong></span> <span class='ocrx_word' id='word_1_42' title='bbox 1748 789 1929 860; x_wconf 81' lang='grc' dir='ltr'>Μέχρι</span> 
     </span>
    </p>
   </div>
   <div class='ocr_carea' id='block_1_8' title="bbox 329 881 1930 958">
    <p class='ocr_par' dir='ltr' id='par_1_8' title="bbox 329 881 1930 958">
     <span class='ocr_line' id='line_1_8' title="bbox 329 881 1930 958; baseline -0.002 -21"><span class='ocrx_word' id='word_1_43' title='bbox 329 890 425 958; x_wconf 79' lang='grc' dir='ltr'>μὲν</span> <span class='ocrx_word' id='word_1_44' title='bbox 460 889 491 957; x_wconf 80' lang='grc' dir='ltr'>ἡ</span> <span class='ocrx_word' id='word_1_45' title='bbox 522 883 683 954; x_wconf 82' lang='grc' dir='ltr'>ἑορτὴ</span> <span class='ocrx_word' id='word_1_46' title='bbox 717 882 809 935; x_wconf 85' lang='grc' dir='ltr'><strong>τοῦ</strong></span> <span class='ocrx_word' id='word_1_47' title='bbox 841 883 1033 952; x_wconf 85' lang='grc' dir='ltr'>Πάσχα</span> <span class='ocrx_word' id='word_1_48' title='bbox 1072 883 1385 944; x_wconf 81' lang='grc' dir='ltr'>συνίστατο,</span> <span class='ocrx_word' id='word_1_49' title='bbox 1428 882 1487 932; x_wconf 75' lang='grc' dir='ltr'>ἐν</span> <span class='ocrx_word' id='word_1_50' title='bbox 1524 881 1930 952; x_wconf 65' lang='grc' dir='ltr'>Ἰεροσολύμοις</span> 
     </span>
    </p>
   </div>
   <div class='ocr_carea' id='block_1_9' title="bbox 323 974 1931 1051">
    <p class='ocr_par' dir='ltr' id='par_1_9' title="bbox 323 974 1931 1051">
     <span class='ocr_line' id='line_1_9' title="bbox 323 974 1931 1051; baseline -0.004 -18"><span class='ocrx_word' id='word_1_51' title='bbox 323 976 390 1051; x_wconf 70' lang='grc' dir='ltr'>ἦν</span> <span class='ocrx_word' id='word_1_52' title='bbox 424 982 453 1033; x_wconf 85' lang='grc' dir='ltr'><strong>δ</strong></span> <span class='ocrx_word' id='word_1_53' title='bbox 500 976 742 1046; x_wconf 79' lang='grc' dir='ltr'>Ἰησοῦς·</span> <span class='ocrx_word' id='word_1_54' title='bbox 791 974 911 1028; x_wconf 74' lang='grc' dir='ltr'>ἐπεὶ</span> <span class='ocrx_word' id='word_1_55' title='bbox 947 976 1003 1029; x_wconf 81' lang='grc' dir='ltr'>δὲ</span> <span class='ocrx_word' id='word_1_56' title='bbox 1044 974 1330 1045; x_wconf 72' lang='grc' dir='ltr'>παρῆλθεν</span> <span class='ocrx_word' id='word_1_57' title='bbox 1364 975 1528 1047; x_wconf 76' lang='grc' dir='ltr'>αῦτη,</span> <span class='ocrx_word' id='word_1_58' title='bbox 1563 976 1790 1044; x_wconf 70' lang='grc' dir='ltr'>ἐξῆλθεν</span> <span class='ocrx_word' id='word_1_59' title='bbox 1838 975 1931 1029; x_wconf 70' lang='grc' dir='ltr'><strong>ἐπὶ</strong></span> 
     </span>
    </p>
   </div>
   <div class='ocr_carea' id='block_1_10' title="bbox 322 1067 1927 1143">
    <p class='ocr_par' dir='ltr' id='par_1_10' title="bbox 322 1067 1927 1143">
     <span class='ocr_line' id='line_1_10' title="bbox 322 1067 1927 1143; baseline -0.004 -17"><span class='ocrx_word' id='word_1_60' title='bbox 322 1075 420 1143; x_wconf 82' lang='grc' dir='ltr'>τὴν</span> <span class='ocrx_word' id='word_1_61' title='bbox 466 1070 731 1123; x_wconf 72' lang='grc' dir='ltr'><strong>Ἰουδαίαν</strong></span> <span class='ocrx_word' id='word_1_62' title='bbox 771 1069 904 1136; x_wconf 74' lang='grc' dir='ltr'>γῆν,</span> <span class='ocrx_word' id='word_1_63' title='bbox 944 1067 1040 1120; x_wconf 65' lang='grc' dir='ltr'><strong>καὶ</strong></span> <span class='ocrx_word' id='word_1_64' title='bbox 1086 1067 1318 1135; x_wconf 65' lang='grc' dir='ltr'>πλησίον</span> <span class='ocrx_word' id='word_1_65' title='bbox 1373 1068 1468 1120; x_wconf 83' lang='grc' dir='ltr'><strong>τοῦ</strong></span> <span class='ocrx_word' id='word_1_66' title='bbox 1534 1068 1805 1138; x_wconf 74' lang='grc' dir='ltr'><strong>Ἰορδάνου</strong></span> <span class='ocrx_word' id='word_1_67' title='bbox 1846 1068 1927 1120; x_wconf 65' lang='grc' dir='ltr'>διο</span> 
     </span>
    </p>
   </div>
   <div class='ocr_carea' id='block_1_11' title="bbox 327 1160 1929 1234">
    <p class='ocr_par' dir='ltr' id='par_1_11' title="bbox 327 1160 1929 1234">
     <span class='ocr_line' id='line_1_11' title="bbox 327 1160 1929 1234; baseline -0.001 -19"><span class='ocrx_word' id='word_1_68' title='bbox 327 1164 564 1234; x_wconf 76' lang='grc' dir='ltr'>ἐτριὸεν,</span> <span class='ocrx_word' id='word_1_69' title='bbox 598 1160 730 1214; x_wconf 78' lang='grc' dir='ltr'>ἔνθα</span> <span class='ocrx_word' id='word_1_70' title='bbox 760 1160 943 1213; x_wconf 73' lang='grc' dir='ltr'>πολλοὶ</span> <span class='ocrx_word' id='word_1_71' title='bbox 978 1160 1325 1229; x_wconf 76' lang='grc' dir='ltr'>συνέτρεχον.</span> <span class='ocrx_word' id='word_1_72' title='bbox 1360 1161 1473 1212; x_wconf 82' lang='grc' dir='ltr'>Οὐκ</span> <span class='ocrx_word' id='word_1_73' title='bbox 1503 1160 1687 1228; x_wconf 74' lang='grc' dir='ltr'>ἐζήτει</span> <span class='ocrx_word' id='word_1_74' title='bbox 1720 1161 1774 1213; x_wconf 80' lang='grc' dir='ltr'><strong>δὲ</strong></span> <span class='ocrx_word' id='word_1_75' title='bbox 1804 1162 1929 1225; x_wconf 69' lang='grc' dir='ltr'>τοὺς</span> 
     </span>
    </p>
   </div>
   <div class='ocr_carea' id='block_1_12' title="bbox 325 1252 1929 1327">
    <p class='ocr_par' dir='ltr' id='par_1_12' title="bbox 325 1252 1929 1327">
     <span class='ocr_line' id='line_1_12' title="bbox 325 1252 1929 1327; baseline -0.003 -17"><span class='ocrx_word' id='word_1_76' title='bbox 325 1256 766 1327; x_wconf 76' lang='grc' dir='ltr'>πολυοχλοῦντας</span> <span class='ocrx_word' id='word_1_77' title='bbox 802 1256 1001 1317; x_wconf 78' lang='grc' dir='ltr'>τόπους</span> <span class='ocrx_word' id='word_1_78' title='bbox 1032 1253 1118 1305; x_wconf 71' lang='grc' dir='ltr'><strong>διὰ</strong></span> <span class='ocrx_word' id='word_1_79' title='bbox 1159 1252 1474 1322; x_wconf 79' lang='grc' dir='ltr'>φιλοτιμίαν</span> <span class='ocrx_word' id='word_1_80' title='bbox 1508 1252 1695 1321; x_wconf 74' lang='grc' dir='ltr'>κενὴν,</span> <span class='ocrx_word' id='word_1_81' title='bbox 1739 1252 1769 1320; x_wconf 87' lang='grc' dir='ltr'>ἢ</span> <span class='ocrx_word' id='word_1_82' title='bbox 1806 1254 1929 1305; x_wconf 72' lang='grc' dir='ltr'>ἐπί-</span> 
     </span>
    </p>
   </div>
   <div class='ocr_carea' id='block_1_13' title="bbox 322 1344 1929 1416">
    <p class='ocr_par' dir='ltr' id='par_1_13' title="bbox 322 1344 1929 1416">
     <span class='ocr_line' id='line_1_13' title="bbox 322 1344 1929 1416; baseline -0.004 -13"><span class='ocrx_word' id='word_1_83' title='bbox 322 1350 508 1416; x_wconf 77' lang='grc' dir='ltr'>δειξιν,</span> <span class='ocrx_word' id='word_1_84' title='bbox 539 1350 678 1403; x_wconf 78' lang='grc' dir='ltr'><strong>ἀλλὰ</strong></span> <span class='ocrx_word' id='word_1_85' title='bbox 706 1348 920 1401; x_wconf 80' lang='grc' dir='ltr'>πλείοσι</span> <span class='ocrx_word' id='word_1_86' title='bbox 951 1347 1051 1414; x_wconf 82' lang='grc' dir='ltr'><strong>τὴν</strong></span> <span class='ocrx_word' id='word_1_87' title='bbox 1074 1345 1348 1412; x_wconf 75' lang='grc' dir='ltr'>ὠφέλειαν</span> <span class='ocrx_word' id='word_1_88' title='bbox 1380 1348 1476 1396; x_wconf 74' lang='grc' dir='ltr'><strong>καὶ</strong></span> <span class='ocrx_word' id='word_1_89' title='bbox 1498 1345 1555 1395; x_wconf 78' lang='grc' dir='ltr'>τὸ</span> <span class='ocrx_word' id='word_1_90' title='bbox 1580 1344 1785 1410; x_wconf 73' lang='grc' dir='ltr'>ἀγαθον</span> <span class='ocrx_word' id='word_1_91' title='bbox 1816 1361 1929 1396; x_wconf 86' lang='grc' dir='ltr'>κοι-</span> 
     </span>
    </p>
   </div>
   <div class='ocr_carea' id='block_1_14' title="bbox 320 1434 1927 1508">
    <p class='ocr_par' dir='ltr' id='par_1_14' title="bbox 320 1434 1927 1508">
     <span class='ocr_line' id='line_1_14' title="bbox 320 1434 1927 1508; baseline -0.006 -13"><span class='ocrx_word' id='word_1_92' title='bbox 320 1444 547 1496; x_wconf 85' lang='grc' dir='ltr'>νοῦσθαι</span> <span class='ocrx_word' id='word_1_93' title='bbox 595 1441 802 1495; x_wconf 72' lang='grc' dir='ltr'><strong>θέλων·</strong></span> <span class='ocrx_word' id='word_1_94' title='bbox 851 1438 973 1491; x_wconf 71' lang='grc' dir='ltr'>ἐπεὶ</span> <span class='ocrx_word' id='word_1_95' title='bbox 1016 1436 1111 1488; x_wconf 83' lang='grc' dir='ltr'>καὶ</span> <span class='ocrx_word' id='word_1_96' title='bbox 1143 1438 1222 1498; x_wconf 78' lang='grc' dir='ltr'>είς</span> <span class='ocrx_word' id='word_1_97' title='bbox 1262 1435 1359 1497; x_wconf 74' lang='grc' dir='ltr'><strong>τὰς</strong></span> <span class='ocrx_word' id='word_1_98' title='bbox 1408 1434 1601 1508; x_wconf 75' lang='grc' dir='ltr'>ἑορτάς</span> <span class='ocrx_word' id='word_1_99' title='bbox 1650 1435 1927 1499; x_wconf 75' lang='grc' dir='ltr'>ἀνέϐαινε,</span> 
     </span>
    </p>
   </div>
   <div class='ocr_carea' id='block_1_15' title="bbox 322 1527 1928 1597">
    <p class='ocr_par' dir='ltr' id='par_1_15' title="bbox 322 1527 1928 1597">
     <span class='ocr_line' id='line_1_15' title="bbox 322 1527 1928 1597; baseline -0.007 -8"><span class='ocrx_word' id='word_1_100' title='bbox 322 1538 391 1589; x_wconf 78' lang='grc' dir='ltr'>δι’</span> <span class='ocrx_word' id='word_1_101' title='bbox 428 1535 565 1587; x_wconf 81' lang='grc' dir='ltr'>αὐτὸ</span> <span class='ocrx_word' id='word_1_102' title='bbox 611 1533 792 1596; x_wconf 87' lang='grc' dir='ltr'>τοῦτο,</span> <span class='ocrx_word' id='word_1_103' title='bbox 841 1531 916 1593; x_wconf 80' lang='grc' dir='ltr'><strong>ὡς</strong></span> <span class='ocrx_word' id='word_1_104' title='bbox 964 1530 1221 1591; x_wconf 80' lang='grc' dir='ltr'>πλείονας</span> <span class='ocrx_word' id='word_1_105' title='bbox 1275 1527 1585 1597; x_wconf 73' lang='grc' dir='ltr'><strong>ὠφελήσων</strong></span> <span class='ocrx_word' id='word_1_106' title='bbox 1625 1528 1721 1580; x_wconf 73' lang='grc' dir='ltr'><strong>καὶ</strong></span> <span class='ocrx_word' id='word_1_107' title='bbox 1763 1529 1928 1595; x_wconf 79' lang='grc' dir='ltr'>λόγῳ,</span> 
     </span>
    </p>
   </div>
   <div class='ocr_carea' id='block_1_16' title="bbox 322 1619 1927 1695">
    <p class='ocr_par' dir='ltr' id='par_1_16' title="bbox 322 1619 1927 1695">
     <span class='ocr_line' id='line_1_16' title="bbox 322 1619 1927 1695; baseline -0.007 -14"><span class='ocrx_word' id='word_1_108' title='bbox 322 1628 417 1681; x_wconf 73' lang='grc' dir='ltr'>καὶ</span> <span class='ocrx_word' id='word_1_109' title='bbox 451 1626 751 1695; x_wconf 80' lang='grc' dir='ltr'><strong>θαυμάτων</strong></span> <span class='ocrx_word' id='word_1_110' title='bbox 778 1622 1132 1688; x_wconf 75' lang='grc' dir='ltr'>ἐπιδείξεσιν.</span> <span class='ocrx_word' id='word_1_111' title='bbox 1170 1620 1414 1672; x_wconf 71' lang='grc' dir='ltr'>Ἀκοῦων</span> <span class='ocrx_word' id='word_1_112' title='bbox 1444 1620 1499 1671; x_wconf 77' lang='grc' dir='ltr'><strong>δὲ</strong></span> <span class='ocrx_word' id='word_1_113' title='bbox 1531 1620 1612 1671; x_wconf 77' lang='grc' dir='ltr'>ὅτι</span> <span class='ocrx_word' id='word_1_114' title='bbox 1642 1619 1927 1682; x_wconf 76' lang='grc' dir='ltr'>ἐϐάπτιζε,</span> 
     </span>
    </p>
   </div>
   <div class='ocr_carea' id='block_1_17' title="bbox 325 1695 1929 1791">
    <p class='ocr_par' dir='ltr' id='par_1_17' title="bbox 325 1695 1929 1791">
     <span class='ocr_line' id='line_1_17' title="bbox 325 1695 1929 1791; baseline -0.006 -19"><span class='ocrx_word' id='word_1_115' title='bbox 325 1718 399 1791; x_wconf 79' lang='grc' dir='ltr'>μὴ</span> <span class='ocrx_word' id='word_1_116' title='bbox 432 1717 596 1773; x_wconf 75' lang='grc' dir='ltr'>αὑτὸν</span> <span class='ocrx_word' id='word_1_117' title='bbox 628 1718 837 1769; x_wconf 79' lang='grc' dir='ltr'>ἐκεῖνον</span> <span class='ocrx_word' id='word_1_118' title='bbox 871 1713 1059 1785; x_wconf 76' lang='grc' dir='ltr'>νόμιζε</span> <span class='ocrx_word' id='word_1_119' title='bbox 1088 1695 1399 1783; x_wconf 72' lang='grc' dir='ltr'>βαπτίζειν,</span> <span class='ocrx_word' id='word_1_120' title='bbox 1434 1712 1571 1764; x_wconf 70' lang='grc' dir='ltr'><strong>ἀλλὰ</strong></span> <span class='ocrx_word' id='word_1_121' title='bbox 1600 1715 1727 1773; x_wconf 62' lang='grc' dir='ltr'>τοζς</span> <span class='ocrx_word' id='word_1_122' title='bbox 1760 1712 1929 1763; x_wconf 75' lang='grc' dir='ltr'>αὑτοῦ</span> 
     </span>
    </p>
   </div>
   <div class='ocr_carea' id='block_1_18' title="bbox 322 1803 1930 1880">
    <p class='ocr_par' dir='ltr' id='par_1_18' title="bbox 322 1803 1930 1880">
     <span class='ocr_line' id='line_1_18' title="bbox 322 1803 1930 1880; baseline -0.004 -17"><span class='ocrx_word' id='word_1_123' title='bbox 322 1810 606 1880; x_wconf 80' lang='grc' dir='ltr'>μαθητάς·</span> <span class='ocrx_word' id='word_1_124' title='bbox 654 1808 715 1860; x_wconf 77' lang='grc' dir='ltr'>τὸ</span> <span class='ocrx_word' id='word_1_125' title='bbox 751 1807 807 1860; x_wconf 75' lang='grc' dir='ltr'><strong>δὲ</strong></span> <span class='ocrx_word' id='word_1_126' title='bbox 843 1806 951 1859; x_wconf 82' lang='grc' dir='ltr'><strong>τῶν</strong></span> <span class='ocrx_word' id='word_1_127' title='bbox 989 1805 1253 1875; x_wconf 76' lang='grc' dir='ltr'><strong>μαθητῶν</strong></span> <span class='ocrx_word' id='word_1_128' title='bbox 1296 1805 1479 1873; x_wconf 73' lang='grc' dir='ltr'>ἔργον,</span> <span class='ocrx_word' id='word_1_129' title='bbox 1530 1806 1610 1863; x_wconf 78' lang='grc' dir='ltr'><strong>εἰς</strong></span> <span class='ocrx_word' id='word_1_130' title='bbox 1644 1804 1735 1856; x_wconf 83' lang='grc' dir='ltr'>τὸν</span> <span class='ocrx_word' id='word_1_131' title='bbox 1769 1803 1930 1857; x_wconf 77' lang='grc' dir='ltr'>Διδά-</span> 
     </span>
    </p>
   </div>
   <div class='ocr_carea' id='block_1_19' title="bbox 322 1896 1926 1970">
    <p class='ocr_par' dir='ltr' id='par_1_19' title="bbox 322 1896 1926 1970">
     <span class='ocr_line' id='line_1_19' title="bbox 322 1896 1926 1970; baseline -0.005 -14"><span class='ocrx_word' id='word_1_132' title='bbox 322 1904 517 1956; x_wconf 80' lang='grc' dir='ltr'>σκαλον</span> <span class='ocrx_word' id='word_1_133' title='bbox 540 1901 807 1970; x_wconf 77' lang='grc' dir='ltr'><strong>ἀναφέρει</strong></span> <span class='ocrx_word' id='word_1_134' title='bbox 829 1900 857 1951; x_wconf 82' lang='grc' dir='ltr'><strong>ὁ</strong></span> <span class='ocrx_word' id='word_1_135' title='bbox 890 1898 1309 1967; x_wconf 76' lang='grc' dir='ltr'>εὐαγγελιστής,</span> <span class='ocrx_word' id='word_1_136' title='bbox 1360 1896 1596 1949; x_wconf 78' lang='grc' dir='ltr'>Ἐπείτοι</span> <span class='ocrx_word' id='word_1_137' title='bbox 1627 1911 1689 1965; x_wconf 76' lang='grc' dir='ltr'><strong>γε</strong></span> <span class='ocrx_word' id='word_1_138' title='bbox 1722 1897 1926 1967; x_wconf 79' lang='grc' dir='ltr'>προϊὼν</span> 
     </span>
    </p>
   </div>
   <div class='ocr_carea' id='block_1_20' title="bbox 2038 690 3657 767">
    <p class='ocr_par' dir='ltr' id='par_1_20' title="bbox 2038 690 3657 767">
     <span class='ocr_line' id='line_1_20' title="bbox 2038 690 3657 767; baseline 0.001 -17"><span class='ocrx_word' id='word_1_139' title='bbox 2038 696 2265 751; x_wconf 86' lang='lat' dir='ltr'><strong>niebant</strong></span> <span class='ocrx_word' id='word_1_140' title='bbox 2308 704 2364 751; x_wconf 89' lang='lat' dir='ltr'><strong>et</strong></span> <span class='ocrx_word' id='word_1_141' title='bbox 2400 695 2847 765; x_wconf 83' lang='lat' dir='ltr'><strong>baptizabantur.</strong></span> <span class='ocrx_word' id='word_1_142' title='bbox 2883 690 3137 748; x_wconf 85' lang='lat' dir='ltr'><strong>Nondum</strong></span> <span class='ocrx_word' id='word_1_143' title='bbox 3173 693 3320 747; x_wconf 89' lang='lat' dir='ltr'><strong>enim</strong></span> <span class='ocrx_word' id='word_1_144' title='bbox 3369 693 3657 767; x_wconf 83' lang='lat' dir='ltr'><strong>cpnjectus</strong></span> 
     </span>
    </p>
   </div>
   <div class='ocr_carea' id='block_1_21' title="bbox 2035 781 3656 847">
    <p class='ocr_par' dir='ltr' id='par_1_21' title="bbox 2035 781 3656 847">
     <span class='ocr_line' id='line_1_21' title="bbox 2035 781 3656 847; baseline -0.002 -5"><span class='ocrx_word' id='word_1_145' title='bbox 2035 788 2220 842; x_wconf 78' lang='lat' dir='ltr'><strong>fuerat</strong></span> <span class='ocrx_word' id='word_1_146' title='bbox 2251 786 2493 843; x_wconf 84' lang='lat' dir='ltr'><strong>Joannes</strong></span> <span class='ocrx_word' id='word_1_147' title='bbox 2526 787 2578 841; x_wconf 93' lang='lat' dir='ltr'><strong>in</strong></span> <span class='ocrx_word' id='word_1_148' title='bbox 2621 801 2928 841; x_wconf 83' lang='lat' dir='ltr'><strong>carcerem.</strong></span> <span class='ocrx_word' id='word_1_149' title='bbox 2973 803 2990 847; x_wconf 75' lang='grc' dir='ltr'><strong>ι</strong></span> <span class='ocrx_word' id='word_1_150' title='bbox 3034 784 3163 838; x_wconf 86' lang='lat' dir='ltr'><strong>Erat</strong></span> <span class='ocrx_word' id='word_1_151' title='bbox 3196 781 3359 838; x_wconf 80' lang='lat' dir='ltr'><strong>Jesus</strong></span> <span class='ocrx_word' id='word_1_152' title='bbox 3396 785 3656 839; x_wconf 85' lang='lat' dir='ltr'><strong>Hieroso-</strong></span> 
     </span>
    </p>
   </div>
   <div class='ocr_carea' id='block_1_22' title="bbox 2037 866 3655 952">
    <p class='ocr_par' dir='ltr' id='par_1_22' title="bbox 2037 866 3655 952">
     <span class='ocr_line' id='line_1_22' title="bbox 2037 866 3655 952; baseline -0.001 -19"><span class='ocrx_word' id='word_1_153' title='bbox 2037 880 2197 952; x_wconf 83' lang='lat' dir='ltr'><strong>lymis</strong></span> <span class='ocrx_word' id='word_1_154' title='bbox 2235 866 2410 950; x_wconf 79' lang='lat' dir='ltr'><strong>usque</strong></span> <span class='ocrx_word' id='word_1_155' title='bbox 2442 883 2507 934; x_wconf 88' lang='lat' dir='ltr'><strong>ad</strong></span> <span class='ocrx_word' id='word_1_156' title='bbox 2557 878 2757 934; x_wconf 81' lang='lat' dir='ltr'><strong>festum</strong></span> <span class='ocrx_word' id='word_1_157' title='bbox 2797 879 3028 933; x_wconf 72' lang='lat' dir='ltr'><strong>Paschze</strong></span> <span class='ocrx_word' id='word_1_158' title='bbox 3061 896 3074 931; x_wconf 90' lang='lat'><strong>:</strong></span> <span class='ocrx_word' id='word_1_159' title='bbox 3107 889 3161 933; x_wconf 90' lang='lat' dir='ltr'><strong>ct</strong></span> <span class='ocrx_word' id='word_1_160' title='bbox 3194 887 3486 948; x_wconf 73' lang='lat' dir='ltr'><strong>postquam</strong></span> <span class='ocrx_word' id='word_1_161' title='bbox 3524 878 3655 937; x_wconf 86' lang='lat' dir='ltr'><strong>illud</strong></span> 
     </span>
    </p>
   </div>
   <div class='ocr_carea' id='block_1_23' title="bbox 2036 969 3656 1042">
    <p class='ocr_par' dir='ltr' id='par_1_23' title="bbox 2036 969 3656 1042">
     <span class='ocr_line' id='line_1_23' title="bbox 2036 969 3656 1042; baseline 0.001 -17"><span class='ocrx_word' id='word_1_162' title='bbox 2036 972 2323 1042; x_wconf 66' lang='lat' dir='ltr'><strong>praeteriit,</strong></span> <span class='ocrx_word' id='word_1_163' title='bbox 2360 974 2530 1027; x_wconf 77' lang='lat' dir='ltr'><strong>exivit</strong></span> <span class='ocrx_word' id='word_1_164' title='bbox 2562 973 2615 1027; x_wconf 86' lang='lat' dir='ltr'><strong>in</strong></span> <span class='ocrx_word' id='word_1_165' title='bbox 2656 983 2857 1027; x_wconf 88' lang='lat' dir='ltr'><strong>terram</strong></span> <span class='ocrx_word' id='word_1_166' title='bbox 2902 969 3278 1035; x_wconf 53' lang='lat' dir='ltr'><strong>Jmhcannet</strong></span> <span class='ocrx_word' id='word_1_167' title='bbox 3324 986 3495 1042; x_wconf 85' lang='lat' dir='ltr'><strong>prope</strong></span> <span class='ocrx_word' id='word_1_168' title='bbox 3529 970 3656 1026; x_wconf 85' lang='lat' dir='ltr'><strong>Jor-</strong></span> 
     </span>
    </p>
   </div>
   <div class='ocr_carea' id='block_1_24' title="bbox 2035 1063 3654 1131">
    <p class='ocr_par' dir='ltr' id='par_1_24' title="bbox 2035 1063 3654 1131">
     <span class='ocr_line' id='line_1_24' title="bbox 2035 1063 3654 1131; baseline 0 -11"><span class='ocrx_word' id='word_1_169' title='bbox 2035 1072 2231 1121; x_wconf 88' lang='lat' dir='ltr'><strong>danem</strong></span> <span class='ocrx_word' id='word_1_170' title='bbox 2287 1067 2637 1131; x_wconf 85' lang='lat' dir='ltr'><strong>versabatur,</strong></span> <span class='ocrx_word' id='word_1_171' title='bbox 2703 1066 2793 1121; x_wconf 90' lang='lat' dir='ltr'><strong>ubi</strong></span> <span class='ocrx_word' id='word_1_172' title='bbox 2847 1065 3000 1120; x_wconf 89' lang='lat' dir='ltr'><strong>multi</strong></span> <span class='ocrx_word' id='word_1_173' title='bbox 3052 1066 3477 1120; x_wconf 79' lang='lat' dir='ltr'><strong>conveniebant.</strong></span> <span class='ocrx_word' id='word_1_174' title='bbox 3534 1063 3654 1121; x_wconf 83' lang='lat' dir='ltr'><strong>Non</strong></span> 
     </span>
    </p>
   </div>
   <div class='ocr_carea' id='block_1_25' title="bbox 2036 1156 3656 1227">
    <p class='ocr_par' dir='ltr' id='par_1_25' title="bbox 2036 1156 3656 1227">
     <span class='ocr_line' id='line_1_25' title="bbox 2036 1156 3656 1227; baseline 0.001 -18"><span class='ocrx_word' id='word_1_175' title='bbox 2036 1156 2315 1224; x_wconf 70' lang='lat' dir='ltr'><strong>qumrcbat</strong></span> <span class='ocrx_word' id='word_1_176' title='bbox 2347 1168 2531 1212; x_wconf 86' lang='lat' dir='ltr'><strong>autem</strong></span> <span class='ocrx_word' id='word_1_177' title='bbox 2566 1158 2825 1226; x_wconf 87' lang='lat' dir='ltr'><strong>populosa</strong></span> <span class='ocrx_word' id='word_1_178' title='bbox 2862 1156 2980 1212; x_wconf 85' lang='lat' dir='ltr'><strong>loca</strong></span> <span class='ocrx_word' id='word_1_179' title='bbox 3013 1168 3242 1227; x_wconf 70' lang='lat' dir='ltr'><strong>promer</strong></span> <span class='ocrx_word' id='word_1_180' title='bbox 3279 1158 3498 1209; x_wconf 85' lang='lat' dir='ltr'><strong>inanem</strong></span> <span class='ocrx_word' id='word_1_181' title='bbox 3540 1157 3656 1226; x_wconf 78' lang='lat' dir='ltr'><strong>glo-</strong></span> 
     </span>
    </p>
   </div>
   <div class='ocr_carea' id='block_1_26' title="bbox 2038 1248 3655 1319">
    <p class='ocr_par' dir='ltr' id='par_1_26' title="bbox 2038 1248 3655 1319">
     <span class='ocr_line' id='line_1_26' title="bbox 2038 1248 3655 1319; baseline 0.001 -17"><span class='ocrx_word' id='word_1_182' title='bbox 2038 1250 2211 1313; x_wconf 82' lang='lat' dir='ltr'><strong>riam,</strong></span> <span class='ocrx_word' id='word_1_183' title='bbox 2264 1250 2349 1303; x_wconf 89' lang='lat' dir='ltr'><strong>vel</strong></span> <span class='ocrx_word' id='word_1_184' title='bbox 2401 1252 2824 1306; x_wconf 70' lang='lat' dir='ltr'><strong>ostentationem</strong></span> <span class='ocrx_word' id='word_1_185' title='bbox 2877 1268 2891 1304; x_wconf 91' lang='lat'><strong>:</strong></span> <span class='ocrx_word' id='word_1_186' title='bbox 2946 1250 3042 1305; x_wconf 89' lang='lat' dir='ltr'><strong>sed</strong></span> <span class='ocrx_word' id='word_1_187' title='bbox 3100 1249 3358 1317; x_wconf 84' lang='lat' dir='ltr'><strong>cupiebat</strong></span> <span class='ocrx_word' id='word_1_188' title='bbox 3402 1248 3655 1319; x_wconf 80' lang='lat' dir='ltr'><strong>pluribus</strong></span> 
     </span>
    </p>
   </div>
   <div class='ocr_carea' id='block_1_27' title="bbox 2034 1341 3654 1409">
    <p class='ocr_par' dir='ltr' id='par_1_27' title="bbox 2034 1341 3654 1409">
     <span class='ocr_line' id='line_1_27' title="bbox 2034 1341 3654 1409; baseline -0.001 -13"><span class='ocrx_word' id='word_1_189' title='bbox 2034 1358 2188 1396; x_wconf 84' lang='lat' dir='ltr'><strong>suam</strong></span> <span class='ocrx_word' id='word_1_190' title='bbox 2238 1342 2541 1397; x_wconf 77' lang='lat' dir='ltr'><strong>bonitatem</strong></span> <span class='ocrx_word' id='word_1_191' title='bbox 2578 1343 3013 1407; x_wconf 79' lang='lat' dir='ltr'><strong>communicare,</strong></span> <span class='ocrx_word' id='word_1_192' title='bbox 3055 1351 3109 1396; x_wconf 91' lang='lat' dir='ltr'><strong>et</strong></span> <span class='ocrx_word' id='word_1_193' title='bbox 3149 1341 3269 1395; x_wconf 84' lang='lat' dir='ltr'><strong>usui</strong></span> <span class='ocrx_word' id='word_1_194' title='bbox 3303 1355 3425 1405; x_wconf 76' lang='lat' dir='ltr'><strong>esse,</strong></span> <span class='ocrx_word' id='word_1_195' title='bbox 3460 1357 3475 1396; x_wconf 92' lang='lat'><strong>:</strong></span> <span class='ocrx_word' id='word_1_196' title='bbox 3513 1355 3654 1409; x_wconf 89' lang='lat' dir='ltr'><strong>quo-</strong></span> 
     </span>
    </p>
   </div>
   <div class='ocr_carea' id='block_1_28' title="bbox 2037 1434 3653 1495">
    <p class='ocr_par' dir='ltr' id='par_1_28' title="bbox 2037 1434 3653 1495">
     <span class='ocr_line' id='line_1_28' title="bbox 2037 1434 3653 1495; baseline 0 -8"><span class='ocrx_word' id='word_1_197' title='bbox 2037 1435 2182 1488; x_wconf 84' lang='lat' dir='ltr'><strong>niam</strong></span> <span class='ocrx_word' id='word_1_198' title='bbox 2222 1446 2273 1487; x_wconf 92' lang='lat' dir='ltr'><strong>et</strong></span> <span class='ocrx_word' id='word_1_199' title='bbox 2306 1449 2426 1489; x_wconf 85' lang='lat' dir='ltr'><strong>eam</strong></span> <span class='ocrx_word' id='word_1_200' title='bbox 2464 1437 2535 1487; x_wconf 90' lang='lat' dir='ltr'><strong>ob</strong></span> <span class='ocrx_word' id='word_1_201' title='bbox 2568 1449 2794 1488; x_wconf 80' lang='lat' dir='ltr'><strong>Causam</strong></span> <span class='ocrx_word' id='word_1_202' title='bbox 2829 1436 2895 1488; x_wconf 89' lang='lat' dir='ltr'><strong>ad</strong></span> <span class='ocrx_word' id='word_1_203' title='bbox 2931 1434 3131 1488; x_wconf 78' lang='lat' dir='ltr'><strong>festum</strong></span> <span class='ocrx_word' id='word_1_204' title='bbox 3171 1434 3533 1495; x_wconf 83' lang='lat' dir='ltr'><strong>ascenderat,</strong></span> <span class='ocrx_word' id='word_1_205' title='bbox 3567 1442 3653 1487; x_wconf 91' lang='lat' dir='ltr'><strong>ut-</strong></span> 
     </span>
    </p>
   </div>
   <div class='ocr_carea' id='block_1_29' title="bbox 2035 1522 3650 1591">
    <p class='ocr_par' dir='ltr' id='par_1_29' title="bbox 2035 1522 3650 1591">
     <span class='ocr_line' id='line_1_29' title="bbox 2035 1522 3650 1591; baseline -0.001 -15"><span class='ocrx_word' id='word_1_206' title='bbox 2035 1534 2159 1591; x_wconf 86' lang='lat' dir='ltr'><strong>pote</strong></span> <span class='ocrx_word' id='word_1_207' title='bbox 2192 1522 2441 1590; x_wconf 77' lang='lat' dir='ltr'><strong>plurimis</strong></span> <span class='ocrx_word' id='word_1_208' title='bbox 2478 1524 2799 1591; x_wconf 77' lang='lat' dir='ltr'><strong>profuturus</strong></span> <span class='ocrx_word' id='word_1_209' title='bbox 2830 1524 3083 1577; x_wconf 76' lang='lat' dir='ltr'><strong>doctrina</strong></span> <span class='ocrx_word' id='word_1_210' title='bbox 3110 1531 3164 1577; x_wconf 88' lang='lat' dir='ltr'><strong>et</strong></span> <span class='ocrx_word' id='word_1_211' title='bbox 3196 1522 3499 1576; x_wconf 80' lang='lat' dir='ltr'><strong>miraculis.</strong></span> <span class='ocrx_word' id='word_1_212' title='bbox 3536 1523 3650 1575; x_wconf 83' lang='lat' dir='ltr'><strong>Att-</strong></span> 
     </span>
    </p>
   </div>
   <div class='ocr_carea' id='block_1_30' title="bbox 2036 1613 3654 1684">
    <p class='ocr_par' dir='ltr' id='par_1_30' title="bbox 2036 1613 3654 1684">
     <span class='ocr_line' id='line_1_30' title="bbox 2036 1613 3654 1684; baseline 0.001 -17"><span class='ocrx_word' id='word_1_213' title='bbox 2036 1616 2191 1667; x_wconf 68' lang='lat' dir='ltr'><strong>diens</strong></span> <span class='ocrx_word' id='word_1_214' title='bbox 2231 1628 2413 1668; x_wconf 90' lang='lat' dir='ltr'><strong>autem</strong></span> <span class='ocrx_word' id='word_1_215' title='bbox 2448 1613 2594 1684; x_wconf 90' lang='lat' dir='ltr'><strong>quod</strong></span> <span class='ocrx_word' id='word_1_216' title='bbox 2628 1614 2959 1683; x_wconf 85' lang='lat' dir='ltr'><strong>baptizarit,</strong></span> <span class='ocrx_word' id='word_1_217' title='bbox 2997 1630 3064 1669; x_wconf 86' lang='lat' dir='ltr'><strong>ne</strong></span> <span class='ocrx_word' id='word_1_218' title='bbox 3097 1624 3255 1681; x_wconf 89' lang='lat' dir='ltr'><strong>putes</strong></span> <span class='ocrx_word' id='word_1_219' title='bbox 3285 1614 3430 1684; x_wconf 87' lang='lat' dir='ltr'><strong>quod</strong></span> <span class='ocrx_word' id='word_1_220' title='bbox 3465 1628 3563 1682; x_wconf 90' lang='lat' dir='ltr'><strong>per</strong></span> <span class='ocrx_word' id='word_1_221' title='bbox 3592 1628 3654 1669; x_wconf 84' lang='lat' dir='ltr'><strong>se</strong></span> 
     </span>
    </p>
   </div>
   <div class='ocr_carea' id='block_1_31' title="bbox 2035 1706 3653 1778">
    <p class='ocr_par' dir='ltr' id='par_1_31' title="bbox 2035 1706 3653 1778">
     <span class='ocr_line' id='line_1_31' title="bbox 2035 1706 3653 1778; baseline 0.001 -17"><span class='ocrx_word' id='word_1_222' title='bbox 2035 1708 2352 1777; x_wconf 78' lang='lat' dir='ltr'><strong>bapfizarit,</strong></span> <span class='ocrx_word' id='word_1_223' title='bbox 2384 1707 2480 1763; x_wconf 84' lang='lat' dir='ltr'><strong>sed</strong></span> <span class='ocrx_word' id='word_1_224' title='bbox 2525 1723 2624 1778; x_wconf 89' lang='lat' dir='ltr'><strong>per</strong></span> <span class='ocrx_word' id='word_1_225' title='bbox 2665 1708 2987 1778; x_wconf 83' lang='lat' dir='ltr'><strong>discipulos.</strong></span> <span class='ocrx_word' id='word_1_226' title='bbox 3029 1707 3142 1762; x_wconf 89' lang='lat' dir='ltr'><strong>lloe</strong></span> <span class='ocrx_word' id='word_1_227' title='bbox 3170 1709 3316 1761; x_wconf 89' lang='lat' dir='ltr'><strong>enim</strong></span> <span class='ocrx_word' id='word_1_228' title='bbox 3349 1706 3653 1776; x_wconf 81' lang='lat' dir='ltr'><strong>discipulo-</strong></span> 
     </span>
    </p>
   </div>
   <div class='ocr_carea' id='block_1_32' title="bbox 2037 1799 3650 1871">
    <p class='ocr_par' dir='ltr' id='par_1_32' title="bbox 2037 1799 3650 1871">
     <span class='ocr_line' id='line_1_32' title="bbox 2037 1799 3650 1871; baseline 0.002 -18"><span class='ocrx_word' id='word_1_229' title='bbox 2037 1817 2155 1853; x_wconf 89' lang='lat' dir='ltr'><strong>rum</strong></span> <span class='ocrx_word' id='word_1_230' title='bbox 2189 1818 2331 1871; x_wconf 89' lang='lat' dir='ltr'><strong>opus</strong></span> <span class='ocrx_word' id='word_1_231' title='bbox 2364 1802 2418 1855; x_wconf 89' lang='lat' dir='ltr'><strong>itt</strong></span> <span class='ocrx_word' id='word_1_232' title='bbox 2458 1800 2783 1871; x_wconf 78' lang='lat' dir='ltr'><strong>Magistrum</strong></span> <span class='ocrx_word' id='word_1_233' title='bbox 2816 1800 2983 1855; x_wconf 80' lang='lat' dir='ltr'><strong>refert</strong></span> <span class='ocrx_word' id='word_1_234' title='bbox 3013 1800 3374 1871; x_wconf 76' lang='lat' dir='ltr'><strong>evangelista.</strong></span> <span class='ocrx_word' id='word_1_235' title='bbox 3419 1800 3559 1853; x_wconf 87' lang='lat' dir='ltr'><strong>Nam</strong></span> <span class='ocrx_word' id='word_1_236' title='bbox 3592 1799 3650 1856; x_wconf 89' lang='lat' dir='ltr'><strong>in</strong></span> 
     </span>
    </p>
   </div>
   <div class='ocr_carea' id='block_1_33' title="bbox 2034 1889 3651 1961">
    <p class='ocr_par' dir='ltr' id='par_1_33' title="bbox 2034 1889 3651 1961">
     <span class='ocr_line' id='line_1_33' title="bbox 2034 1889 3651 1961; baseline 0.001 -16"><span class='ocrx_word' id='word_1_237' title='bbox 2034 1907 2332 1961; x_wconf 82' lang='lat' dir='ltr'><strong>progressu</strong></span> <span class='ocrx_word' id='word_1_238' title='bbox 2380 1893 2524 1946; x_wconf 82' lang='lat' dir='ltr'><strong>idem</strong></span> <span class='ocrx_word' id='word_1_239' title='bbox 2578 1891 2667 1947; x_wconf 89' lang='lat' dir='ltr'><strong>hic</strong></span> <span class='ocrx_word' id='word_1_240' title='bbox 2701 1892 3041 1960; x_wconf 77' lang='lat' dir='ltr'><strong>evangelista</strong></span> <span class='ocrx_word' id='word_1_241' title='bbox 3072 1892 3207 1946; x_wconf 82' lang='lat' dir='ltr'><strong>dicit</strong></span> <span class='ocrx_word' id='word_1_242' title='bbox 3244 1893 3393 1961; x_wconf 90' lang='lat' dir='ltr'><strong>quod</strong></span> <span class='ocrx_word' id='word_1_243' title='bbox 3432 1910 3451 1944; x_wconf 80' lang='grc' dir='ltr'><strong>ι</strong></span> <span class='ocrx_word' id='word_1_244' title='bbox 3488 1889 3651 1946; x_wconf 86' lang='lat' dir='ltr'><strong>Jesus</strong></span> 
     </span>
    </p>
   </div>
   <div class='ocr_carea' id='block_1_34' title="bbox 319 1960 1924 2060">
    <p class='ocr_par' dir='ltr' id='par_1_34' title="bbox 319 1986 1924 2060">
     <span class='ocr_line' id='line_1_34' title="bbox 319 1986 1924 2060; baseline -0.003 -14"><span class='ocrx_word' id='word_1_245' title='bbox 319 1993 479 2056; x_wconf 72' lang='grc' dir='ltr'>αὐτὸς</span> <span class='ocrx_word' id='word_1_246' title='bbox 532 1986 689 2055; x_wconf 76' lang='grc' dir='ltr'>οὗτος</span> <span class='ocrx_word' id='word_1_247' title='bbox 744 1992 773 2045; x_wconf 86' lang='grc' dir='ltr'>ὀ</span> <span class='ocrx_word' id='word_1_248' title='bbox 829 1988 1254 2059; x_wconf 69' lang='grc' dir='ltr'>εὐαγγελιστὴς,</span> <span class='ocrx_word' id='word_1_249' title='bbox 1301 1988 1489 2059; x_wconf 67' lang='grc' dir='ltr'>φησιν,</span> <span class='ocrx_word' id='word_1_250' title='bbox 1529 1990 1609 2041; x_wconf 83' lang='grc' dir='ltr'>ὅτι</span> <span class='ocrx_word' id='word_1_251' title='bbox 1646 2007 1664 2039; x_wconf 83' lang='grc' dir='ltr'><strong>ι</strong></span> <span class='ocrx_word' id='word_1_252' title='bbox 1716 1990 1924 2060; x_wconf 79' lang='grc' dir='ltr'>Ἰησοῦς</span> 
     </span>
    </p>
   </div>
   <div class='ocr_carea' id='block_1_35' title="bbox 2031 1960 3647 2060">
    <p class='ocr_par' dir='ltr' id='par_1_35' title="bbox 2031 1960 3647 2055">
     <span class='ocr_line' id='line_1_35' title="bbox 2031 1960 3647 2055; baseline 0.001 -20"><span class='ocrx_word' id='word_1_253' title='bbox 2031 1960 2157 2037; x_wconf 73' lang='lat' dir='ltr'><strong>non</strong></span> <span class='ocrx_word' id='word_1_254' title='bbox 2194 1985 2512 2054; x_wconf 83' lang='lat' dir='ltr'><strong>baptizarit,</strong></span> <span class='ocrx_word' id='word_1_255' title='bbox 2561 1985 2656 2038; x_wconf 91' lang='lat' dir='ltr'><strong>sed</strong></span> <span class='ocrx_word' id='word_1_256' title='bbox 2699 1981 2953 2053; x_wconf 90' lang='lat' dir='ltr'><strong>discipuli</strong></span> <span class='ocrx_word' id='word_1_257' title='bbox 2980 1984 3145 2053; x_wconf 39' lang='lat' dir='ltr'><strong>‘cjus.</strong></span> <span class='ocrx_word' id='word_1_258' title='bbox 3186 2002 3204 2035; x_wconf 77' lang='grc' dir='ltr'><strong>ι</strong></span> <span class='ocrx_word' id='word_1_259' title='bbox 3250 1960 3356 2039; x_wconf 82' lang='lat' dir='ltr'><strong>Sed</strong></span> <span class='ocrx_word' id='word_1_260' title='bbox 3408 1984 3647 2055; x_wconf 68' lang='lat' dir='ltr'><strong>quaeris,</strong></span> 
     </span>
    </p>
   </div>
   <div class='ocr_carea' id='block_1_36' title="bbox 317 2082 1923 2155">
    <p class='ocr_par' dir='ltr' id='par_1_36' title="bbox 317 2082 1923 2155">
     <span class='ocr_line' id='line_1_36' title="bbox 317 2082 1923 2155; baseline -0.001 -17"><span class='ocrx_word' id='word_1_261' title='bbox 317 2088 418 2139; x_wconf 81' lang='grc' dir='ltr'><strong>οὐκ</strong></span> <span class='ocrx_word' id='word_1_262' title='bbox 454 2087 774 2150; x_wconf 71' lang='grc' dir='ltr'>ὲὸάπτιιζεν,</span> <span class='ocrx_word' id='word_1_263' title='bbox 830 2084 944 2136; x_wconf 72' lang='grc' dir='ltr'><strong>ἀλλ’</strong></span> <span class='ocrx_word' id='word_1_264' title='bbox 983 2085 1030 2136; x_wconf 89' lang='grc' dir='ltr'><strong>οί</strong></span> <span class='ocrx_word' id='word_1_265' title='bbox 1083 2084 1331 2153; x_wconf 63' lang='grc' dir='ltr'><strong>μαθηταὶ⁵</strong></span> <span class='ocrx_word' id='word_1_266' title='bbox 1377 2082 1568 2135; x_wconf 83' lang='grc' dir='ltr'>αὑτοῦ.</span> <span class='ocrx_word' id='word_1_267' title='bbox 1612 2101 1629 2133; x_wconf 83' lang='grc' dir='ltr'><strong>ι</strong></span> <span class='ocrx_word' id='word_1_268' title='bbox 1684 2083 1923 2155; x_wconf 79' lang='grc' dir='ltr'>Ἐρωτᾷς</span> 
     </span>
    </p>
   </div>
   <div class='ocr_carea' id='block_1_37' title="bbox 318 2176 1922 2241">
    <p class='ocr_par' dir='ltr' id='par_1_37' title="bbox 318 2176 1922 2241">
     <span class='ocr_line' id='line_1_37' title="bbox 318 2176 1922 2241; baseline -0.001 -11"><span class='ocrx_word' id='word_1_269' title='bbox 318 2178 407 2230; x_wconf 68' lang='grc' dir='ltr'><strong>δέ’</strong></span> <span class='ocrx_word' id='word_1_270' title='bbox 464 2180 621 2241; x_wconf 80' lang='grc' dir='ltr'>Τίνος</span> <span class='ocrx_word' id='word_1_271' title='bbox 669 2179 859 2229; x_wconf 74' lang='grc' dir='ltr'>ἕνεκεν</span> <span class='ocrx_word' id='word_1_272' title='bbox 897 2176 1061 2239; x_wconf 74' lang='grc' dir='ltr'>αὐτὸς</span> <span class='ocrx_word' id='word_1_273' title='bbox 1119 2177 1219 2227; x_wconf 78' lang='grc' dir='ltr'><strong>οὐκ</strong></span> <span class='ocrx_word' id='word_1_274' title='bbox 1275 2176 1573 2240; x_wconf 80' lang='grc' dir='ltr'>ὲὸάπτιζε;</span> <span class='ocrx_word' id='word_1_275' title='bbox 1626 2176 1922 2231; x_wconf 59' lang='grc' dir='ltr'>Μάνθανε·</span> 
     </span>
    </p>
   </div>
   <div class='ocr_carea' id='block_1_38' title="bbox 318 2265 1924 2340">
    <p class='ocr_par' dir='ltr' id='par_1_38' title="bbox 318 2265 1924 2340">
     <span class='ocr_line' id='line_1_38' title="bbox 318 2265 1924 2340; baseline -0.001 -17"><span class='ocrx_word' id='word_1_276' title='bbox 318 2269 619 2339; x_wconf 77' lang='grc' dir='ltr'>Προλαὸὼν</span> <span class='ocrx_word' id='word_1_277' title='bbox 652 2265 806 2321; x_wconf 74' lang='grc' dir='ltr'>εἶπεν</span> <span class='ocrx_word' id='word_1_278' title='bbox 841 2271 868 2321; x_wconf 85' lang='grc' dir='ltr'>ὁ</span> <span class='ocrx_word' id='word_1_279' title='bbox 916 2268 1193 2335; x_wconf 80' lang='grc' dir='ltr'><strong>Ἰωάννης,</strong></span> <span class='ocrx_word' id='word_1_280' title='bbox 1238 2269 1320 2319; x_wconf 76' lang='grc' dir='ltr'><strong>ὅτι</strong></span> <span class='ocrx_word' id='word_1_281' title='bbox 1361 2287 1377 2316; x_wconf 78' lang='grc' dir='ltr'><strong>ι</strong></span> <span class='ocrx_word' id='word_1_282' title='bbox 1416 2269 1591 2331; x_wconf 54' lang='lat' dir='ltr'><strong>arma;</strong></span> <span class='ocrx_word' id='word_1_283' title='bbox 1631 2270 1775 2340; x_wconf 80' lang='grc' dir='ltr'>ὑμᾶς</span> <span class='ocrx_word' id='word_1_284' title='bbox 1826 2268 1924 2338; x_wconf 82' lang='grc' dir='ltr'>βα-</span> 
     </span>
    </p>
   </div>
   <div class='ocr_carea' id='block_1_39' title="bbox 321 2361 1925 2430">
    <p class='ocr_par' dir='ltr' id='par_1_39' title="bbox 321 2361 1925 2430">
     <span class='ocr_line' id='line_1_39' title="bbox 321 2361 1925 2430; baseline 0.001 -17"><span class='ocrx_word' id='word_1_285' title='bbox 321 2361 504 2414; x_wconf 77' lang='grc' dir='ltr'>πτίσει</span> <span class='ocrx_word' id='word_1_286' title='bbox 538 2365 594 2414; x_wconf 79' lang='grc' dir='ltr'>ἐν</span> <span class='ocrx_word' id='word_1_287' title='bbox 632 2361 913 2430; x_wconf 75' lang='grc' dir='ltr'>Πνεῦματι</span> <span class='ocrx_word' id='word_1_288' title='bbox 944 2361 1085 2429; x_wconf 82' lang='grc' dir='ltr'>ἁγίῳ</span> <span class='ocrx_word' id='word_1_289' title='bbox 1108 2376 1119 2388; x_wconf 87' lang='grc'><strong>·</strong></span> <span class='ocrx_word' id='word_1_290' title='bbox 1163 2378 1179 2410; x_wconf 83' lang='grc' dir='ltr'><strong>ι</strong></span> <span class='ocrx_word' id='word_1_291' title='bbox 1233 2361 1457 2429; x_wconf 79' lang='grc' dir='ltr'><strong>Πνεῦμα</strong></span> <span class='ocrx_word' id='word_1_292' title='bbox 1492 2362 1547 2416; x_wconf 72' lang='grc' dir='ltr'>δὲ</span> <span class='ocrx_word' id='word_1_293' title='bbox 1580 2363 1736 2430; x_wconf 78' lang='grc' dir='ltr'>ἅγιον</span> <span class='ocrx_word' id='word_1_294' title='bbox 1770 2362 1925 2415; x_wconf 80' lang='grc' dir='ltr'>οῠπω</span> 
     </span>
    </p>
   </div>
   <div class='ocr_carea' id='block_1_40' title="bbox 316 2448 1925 2522">
    <p class='ocr_par' dir='ltr' id='par_1_40' title="bbox 316 2448 1925 2522">
     <span class='ocr_line' id='line_1_40' title="bbox 316 2448 1925 2522; baseline -0.001 -14"><span class='ocrx_word' id='word_1_295' title='bbox 316 2448 383 2522; x_wconf 77' lang='grc' dir='ltr'><strong>ἦν</strong></span> <span class='ocrx_word' id='word_1_296' title='bbox 414 2453 686 2518; x_wconf 80' lang='grc' dir='ltr'>δεδωκὼς,</span> <span class='ocrx_word' id='word_1_297' title='bbox 720 2453 855 2505; x_wconf 76' lang='grc' dir='ltr'>διότι</span> <span class='ocrx_word' id='word_1_298' title='bbox 883 2453 1005 2505; x_wconf 65' lang='grc' dir='ltr'>οὐδὲ</span> <span class='ocrx_word' id='word_1_299' title='bbox 1039 2450 1231 2521; x_wconf 67' lang='grc' dir='ltr'>καιρὸς</span> <span class='ocrx_word' id='word_1_300' title='bbox 1262 2448 1351 2521; x_wconf 77' lang='grc' dir='ltr'><strong>ἦν.</strong></span> <span class='ocrx_word' id='word_1_301' title='bbox 1389 2452 1453 2506; x_wconf 76' lang='grc' dir='ltr'><strong>Εἰ</strong></span> <span class='ocrx_word' id='word_1_302' title='bbox 1486 2454 1670 2507; x_wconf 62' lang='lat' dir='ltr'><strong>tum»:</strong></span> <span class='ocrx_word' id='word_1_303' title='bbox 1700 2455 1925 2508; x_wconf 78' lang='grc' dir='ltr'>ἐὸάπτιο</span> 
     </span>
    </p>
   </div>
   <div class='ocr_carea' id='block_1_41' title="bbox 316 2545 1924 2616">
    <p class='ocr_par' dir='ltr' id='par_1_41' title="bbox 316 2545 1924 2616">
     <span class='ocr_line' id='line_1_41' title="bbox 316 2545 1924 2616; baseline 0.004 -20"><span class='ocrx_word' id='word_1_304' title='bbox 316 2545 430 2610; x_wconf 74' lang='grc' dir='ltr'>ξεν,</span> <span class='ocrx_word' id='word_1_305' title='bbox 465 2546 495 2616; x_wconf 80' lang='grc' dir='ltr'><strong>ἢ</strong></span> <span class='ocrx_word' id='word_1_306' title='bbox 531 2548 703 2615; x_wconf 65' lang='grc' dir='ltr'>χωρίς</span> <span class='ocrx_word' id='word_1_307' title='bbox 736 2546 1053 2613; x_wconf 65' lang='grc' dir='ltr'>Πνεῦματος</span> <span class='ocrx_word' id='word_1_308' title='bbox 1089 2549 1387 2613; x_wconf 75' lang='grc' dir='ltr'>ἐϐάπτιζεν</span> <span class='ocrx_word' id='word_1_309' title='bbox 1421 2549 1507 2612; x_wconf 80' lang='grc' dir='ltr'>ἂν,</span> <span class='ocrx_word' id='word_1_310' title='bbox 1534 2549 1626 2599; x_wconf 74' lang='grc' dir='ltr'><strong>καὶ</strong></span> <span class='ocrx_word' id='word_1_311' title='bbox 1654 2548 1706 2600; x_wconf 91' lang='grc' dir='ltr'><strong>τί</strong></span> <span class='ocrx_word' id='word_1_312' title='bbox 1734 2548 1924 2602; x_wconf 74' lang='grc' dir='ltr'>λοιπὸν</span> 
     </span>
    </p>
   </div>
   <div class='ocr_carea' id='block_1_42' title="bbox 314 2638 1923 2713">
    <p class='ocr_par' dir='ltr' id='par_1_42' title="bbox 314 2638 1923 2713">
     <span class='ocr_line' id='line_1_42' title="bbox 314 2638 1923 2713; baseline 0.003 -22"><span class='ocrx_word' id='word_1_313' title='bbox 314 2638 531 2708; x_wconf 76' lang='grc' dir='ltr'>διέφερε</span> <span class='ocrx_word' id='word_1_314' title='bbox 570 2638 662 2692; x_wconf 84' lang='grc' dir='ltr'><strong>τοῦ</strong></span> <span class='ocrx_word' id='word_1_315' title='bbox 700 2638 988 2704; x_wconf 69' lang='grc' dir='ltr'>Ἰωάννου,</span> <span class='ocrx_word' id='word_1_316' title='bbox 1024 2640 1055 2710; x_wconf 73' lang='grc' dir='ltr'>ἢ</span> <span class='ocrx_word' id='word_1_317' title='bbox 1092 2641 1265 2694; x_wconf 78' lang='grc' dir='ltr'><strong>ἐδίδου</strong></span> <span class='ocrx_word' id='word_1_318' title='bbox 1294 2641 1362 2694; x_wconf 82' lang='grc' dir='ltr'>ἂν</span> <span class='ocrx_word' id='word_1_319' title='bbox 1422 2642 1645 2712; x_wconf 81' lang='grc' dir='ltr'>Πνεῦμα</span> <span class='ocrx_word' id='word_1_320' title='bbox 1676 2642 1777 2694; x_wconf 77' lang='grc' dir='ltr'><strong>καὶ</strong></span> <span class='ocrx_word' id='word_1_321' title='bbox 1815 2644 1923 2713; x_wconf 65' lang='grc' dir='ltr'>πρὸ</span> 
     </span>
    </p>
   </div>
   <div class='ocr_carea' id='block_1_43' title="bbox 316 2729 1923 2803">
    <p class='ocr_par' dir='ltr' id='par_1_43' title="bbox 316 2729 1923 2803">
     <span class='ocr_line' id='line_1_43' title="bbox 316 2729 1923 2803; baseline 0.003 -21"><span class='ocrx_word' id='word_1_322' title='bbox 316 2729 534 2799; x_wconf 77' lang='grc' dir='ltr'>καιροῦ,</span> <span class='ocrx_word' id='word_1_323' title='bbox 573 2732 711 2800; x_wconf 82' lang='grc' dir='ltr'>ὅπερ</span> <span class='ocrx_word' id='word_1_324' title='bbox 748 2730 959 2795; x_wconf 69' lang='grc' dir='ltr'>ἀνάξιον</span> <span class='ocrx_word' id='word_1_325' title='bbox 992 2733 1084 2783; x_wconf 88' lang='grc' dir='ltr'><strong>τοῦ</strong></span> <span class='ocrx_word' id='word_1_326' title='bbox 1120 2734 1299 2785; x_wconf 83' lang='grc' dir='ltr'>πάντα</span> <span class='ocrx_word' id='word_1_327' title='bbox 1335 2735 1392 2784; x_wconf 80' lang='grc' dir='ltr'>ὲν</span> <span class='ocrx_word' id='word_1_328' title='bbox 1424 2732 1604 2803; x_wconf 80' lang='grc' dir='ltr'>καιρῷ</span> <span class='ocrx_word' id='word_1_329' title='bbox 1641 2734 1923 2799; x_wconf 83' lang='grc' dir='ltr'>ποιοῦντος</span> 
     </span>
    </p>
   </div>
   <div class='ocr_carea' id='block_1_44' title="bbox 316 2817 1919 2895">
    <p class='ocr_par' dir='ltr' id='par_1_44' title="bbox 316 2817 1919 2895">
     <span class='ocr_line' id='line_1_44' title="bbox 316 2817 1919 2895; baseline 0.003 -21"><span class='ocrx_word' id='word_1_330' title='bbox 316 2821 479 2875; x_wconf 87' lang='grc' dir='ltr'>Θεοῦ.</span> <span class='ocrx_word' id='word_1_331' title='bbox 512 2823 609 2885; x_wconf 78' lang='grc' dir='ltr'><strong>Τίς</strong></span> <span class='ocrx_word' id='word_1_332' title='bbox 631 2822 688 2875; x_wconf 78' lang='grc' dir='ltr'>δὲ</span> <span class='ocrx_word' id='word_1_333' title='bbox 713 2817 780 2894; x_wconf 78' lang='grc' dir='ltr'><strong>ἦν</strong></span> <span class='ocrx_word' id='word_1_334' title='bbox 811 2824 839 2873; x_wconf 80' lang='grc' dir='ltr'>ὀ</span> <span class='ocrx_word' id='word_1_335' title='bbox 870 2824 1061 2892; x_wconf 71' lang='grc' dir='ltr'>καιρδς</span> <span class='ocrx_word' id='word_1_336' title='bbox 1092 2825 1189 2893; x_wconf 76' lang='grc' dir='ltr'><strong>τῆς</strong></span> <span class='ocrx_word' id='word_1_337' title='bbox 1219 2825 1313 2878; x_wconf 85' lang='grc' dir='ltr'><strong>τοῦ</strong></span> <span class='ocrx_word' id='word_1_338' title='bbox 1344 2826 1661 2895; x_wconf 76' lang='grc' dir='ltr'>[ίνεῦματος</span> <span class='ocrx_word' id='word_1_339' title='bbox 1688 2826 1919 2892; x_wconf 51' lang='grc' dir='ltr'>δόσεως</span> 
     </span>
    </p>
   </div>
   <div class='ocr_carea' id='block_1_45' title="bbox 324 2912 1923 2987">
    <p class='ocr_par' dir='ltr' id='par_1_45' title="bbox 324 2912 1923 2987">
     <span class='ocr_line' id='line_1_45' title="bbox 324 2912 1923 2987; baseline 0.001 -20"><span class='ocrx_word' id='word_1_340' title='bbox 324 2912 384 2967; x_wconf 85' lang='grc' dir='ltr'>Ὀ</span> <span class='ocrx_word' id='word_1_341' title='bbox 421 2913 561 2983; x_wconf 70' lang='grc' dir='ltr'>μετὰ</span> <span class='ocrx_word' id='word_1_342' title='bbox 591 2915 690 2983; x_wconf 81' lang='grc' dir='ltr'>τὴν</span> <span class='ocrx_word' id='word_1_343' title='bbox 724 2913 1019 2985; x_wconf 59' lang='grc' dir='ltr'>ἀνάληψιν.</span> <span class='ocrx_word' id='word_1_344' title='bbox 1061 2916 1211 2968; x_wconf 83' lang='grc' dir='ltr'>Ἔδει</span> <span class='ocrx_word' id='word_1_345' title='bbox 1243 2915 1350 2987; x_wconf 76' lang='grc' dir='ltr'><strong>γάρ</strong></span> <span class='ocrx_word' id='word_1_346' title='bbox 1382 2917 1791 2985; x_wconf 63' lang='grc' dir='ltr'>ἐμφανισθῆναι</span> <span class='ocrx_word' id='word_1_347' title='bbox 1822 2918 1923 2986; x_wconf 78' lang='grc' dir='ltr'><strong>τὴν</strong></span> 
     </span>
    </p>
   </div>
   <div class='ocr_carea' id='block_1_46' title="bbox 313 3006 1923 3079">
    <p class='ocr_par' dir='ltr' id='par_1_46' title="bbox 313 3006 1923 3079">
     <span class='ocr_line' id='line_1_46' title="bbox 313 3006 1923 3079; baseline -0.001 -18"><span class='ocrx_word' id='word_1_348' title='bbox 313 3006 667 3079; x_wconf 75' lang='grc' dir='ltr'><strong>ἀνθρωπίνην</strong></span> <span class='ocrx_word' id='word_1_349' title='bbox 700 3006 864 3075; x_wconf 70' lang='grc' dir='ltr'>φύσιν</span> <span class='ocrx_word' id='word_1_350' title='bbox 890 3006 966 3077; x_wconf 84' lang='grc' dir='ltr'>τῷ</span> <span class='ocrx_word' id='word_1_351' title='bbox 991 3008 1167 3078; x_wconf 64' lang='lat' dir='ltr'><strong>Harp!</strong></span> <span class='ocrx_word' id='word_1_352' title='bbox 1198 3008 1591 3077; x_wconf 81' lang='grc' dir='ltr'>ἀναμάρτητον</span> <span class='ocrx_word' id='word_1_353' title='bbox 1620 3010 1675 3061; x_wconf 84' lang='grc' dir='ltr'>ὲν</span> <span class='ocrx_word' id='word_1_354' title='bbox 1698 3010 1923 3079; x_wconf 76' lang='grc' dir='ltr'>Χριστῴ</span> 
     </span>
    </p>
   </div>
   <div class='ocr_carea' id='block_1_47' title="bbox 328 3098 1919 3171">
    <p class='ocr_par' dir='ltr' id='par_1_47' title="bbox 328 3098 1919 3171">
     <span class='ocr_line' id='line_1_47' title="bbox 328 3098 1919 3171; baseline 0.002 -19"><span class='ocrx_word' id='word_1_355' title='bbox 328 3099 540 3170; x_wconf 78' lang='grc' dir='ltr'>Ἰησοῦ’</span> <span class='ocrx_word' id='word_1_356' title='bbox 570 3101 663 3152; x_wconf 73' lang='grc' dir='ltr'><strong>καὶ</strong></span> <span class='ocrx_word' id='word_1_357' title='bbox 694 3098 840 3153; x_wconf 76' lang='grc' dir='ltr'>οὕτω</span> <span class='ocrx_word' id='word_1_358' title='bbox 870 3100 1260 3167; x_wconf 70' lang='grc' dir='ltr'>διαλλαγέντος</span> <span class='ocrx_word' id='word_1_359' title='bbox 1288 3100 1381 3152; x_wconf 84' lang='grc' dir='ltr'><strong>τοῦ</strong></span> <span class='ocrx_word' id='word_1_360' title='bbox 1416 3100 1554 3152; x_wconf 84' lang='grc' dir='ltr'>Θεοῦ</span> <span class='ocrx_word' id='word_1_361' title='bbox 1580 3101 1717 3170; x_wconf 73' lang='grc' dir='ltr'>πρὸς</span> <span class='ocrx_word' id='word_1_362' title='bbox 1750 3103 1919 3171; x_wconf 77' lang='grc' dir='ltr'>ἡμᾶς,</span> 
     </span>
    </p>
   </div>
   <div class='ocr_carea' id='block_1_48' title="bbox 312 3191 1918 3264">
    <p class='ocr_par' dir='ltr' id='par_1_48' title="bbox 312 3191 1918 3264">
     <span class='ocr_line' id='line_1_48' title="bbox 312 3191 1918 3264; baseline 0.004 -20"><span class='ocrx_word' id='word_1_363' title='bbox 312 3191 373 3244; x_wconf 63' lang='grc' dir='ltr'>τὸ</span> <span class='ocrx_word' id='word_1_364' title='bbox 408 3191 635 3262; x_wconf 78' lang='grc' dir='ltr'>Πνεῦμα</span> <span class='ocrx_word' id='word_1_365' title='bbox 658 3191 730 3254; x_wconf 80' lang='grc' dir='ltr'><strong>ὡς</strong></span> <span class='ocrx_word' id='word_1_366' title='bbox 750 3192 978 3245; x_wconf 61' lang='grc' dir='ltr'>πλοῦτον</span> <span class='ocrx_word' id='word_1_367' title='bbox 1010 3194 1104 3245; x_wconf 70' lang='grc' dir='ltr'><strong>καὶ</strong></span> <span class='ocrx_word' id='word_1_368' title='bbox 1136 3192 1455 3260; x_wconf 72' lang='grc' dir='ltr'>φιλοτιμίαν</span> <span class='ocrx_word' id='word_1_369' title='bbox 1478 3194 1918 3264; x_wconf 72' lang='grc' dir='ltr'>ἐπιπεμφθῆναι.</span> 
     </span>
    </p>
   </div>
   <div class='ocr_carea' id='block_1_49' title="bbox 314 3283 1989 3364">
    <p class='ocr_par' dir='ltr' id='par_1_49' title="bbox 314 3283 1989 3364">
     <span class='ocr_line' id='line_1_49' title="bbox 314 3283 1989 3364; baseline 0.002 -28"><span class='ocrx_word' id='word_1_370' title='bbox 314 3285 377 3336; x_wconf 85' lang='grc' dir='ltr'>Οἱ</span> <span class='ocrx_word' id='word_1_371' title='bbox 412 3285 594 3337; x_wconf 84' lang='grc' dir='ltr'>τοίνυν</span> <span class='ocrx_word' id='word_1_372' title='bbox 626 3284 872 3354; x_wconf 73' lang='grc' dir='ltr'>μαθηταὶ</span> <span class='ocrx_word' id='word_1_373' title='bbox 902 3283 997 3336; x_wconf 77' lang='grc' dir='ltr'><strong>τοῦ</strong></span> <span class='ocrx_word' id='word_1_374' title='bbox 1031 3283 1209 3354; x_wconf 86' lang='grc' dir='ltr'>Ἰησοῦ</span> <span class='ocrx_word' id='word_1_375' title='bbox 1239 3284 1554 3349; x_wconf 73' lang='grc' dir='ltr'>ὲόάπτιζον,</span> <span class='ocrx_word' id='word_1_376' title='bbox 1590 3286 1676 3337; x_wconf 82' lang='grc' dir='ltr'>ἵνα</span> <span class='ocrx_word' id='word_1_377' title='bbox 1699 3284 1917 3350; x_wconf 71' lang='grc' dir='ltr'>πλείους</span> <span class='ocrx_word' id='word_1_378' title='bbox 1946 3308 1989 3364; x_wconf 76' lang='lat' dir='ltr'>c</span> 
     </span>
    </p>
   </div>
   <div class='ocr_carea' id='block_1_50' title="bbox 313 3375 1920 3448">
    <p class='ocr_par' dir='ltr' id='par_1_50' title="bbox 313 3375 1920 3448">
     <span class='ocr_line' id='line_1_50' title="bbox 313 3375 1920 3448; baseline 0.003 -21"><span class='ocrx_word' id='word_1_379' title='bbox 313 3379 381 3448; x_wconf 78' lang='grc' dir='ltr'>τῇ</span> <span class='ocrx_word' id='word_1_380' title='bbox 436 3375 779 3446; x_wconf 79' lang='grc' dir='ltr'>σωτηριώδει</span> <span class='ocrx_word' id='word_1_381' title='bbox 827 3376 1155 3445; x_wconf 45' lang='grc' dir='ltr'>διδασκαλία</span> <span class='ocrx_word' id='word_1_382' title='bbox 1207 3376 1547 3446; x_wconf 75' lang='grc' dir='ltr'>προσάξωσι.</span> <span class='ocrx_word' id='word_1_383' title='bbox 1601 3377 1825 3431; x_wconf 75' lang='grc' dir='ltr'>Τούτων</span> <span class='ocrx_word' id='word_1_384' title='bbox 1864 3378 1920 3433; x_wconf 70' lang='grc' dir='ltr'>δὲ</span> 
     </span>
    </p>
   </div>
   <div class='ocr_carea' id='block_1_51' title="bbox 317 3454 1923 3539">
    <p class='ocr_par' dir='ltr' id='par_1_51' title="bbox 317 3467 1923 3539">
     <span class='ocr_line' id='line_1_51' title="bbox 317 3467 1923 3539; baseline 0.004 -19"><span class='ocrx_word' id='word_1_385' title='bbox 317 3467 716 3538; x_wconf 73' lang='grc' dir='ltr'>βαπτιζόντων,</span> <span class='ocrx_word' id='word_1_386' title='bbox 754 3469 847 3523; x_wconf 75' lang='grc' dir='ltr'><strong>καὶ</strong></span> <span class='ocrx_word' id='word_1_387' title='bbox 876 3472 905 3521; x_wconf 85' lang='grc' dir='ltr'>ὸ</span> <span class='ocrx_word' id='word_1_388' title='bbox 955 3470 1209 3539; x_wconf 77' lang='grc' dir='ltr'><strong>Ἰωάννης</strong></span> <span class='ocrx_word' id='word_1_389' title='bbox 1255 3469 1332 3522; x_wconf 76' lang='grc' dir='ltr'>ἔτι</span> <span class='ocrx_word' id='word_1_390' title='bbox 1372 3468 1651 3539; x_wconf 60' lang='grc' dir='ltr'>βαπτίζει,</span> <span class='ocrx_word' id='word_1_391' title='bbox 1692 3476 1787 3525; x_wconf 71' lang='grc' dir='ltr'>καὶ</span> <span class='ocrx_word' id='word_1_392' title='bbox 1821 3474 1923 3526; x_wconf 68' lang='grc' dir='ltr'><strong>οὐκ</strong></span> 
     </span>
    </p>
   </div>
   <div class='ocr_carea' id='block_1_52' title="bbox 314 3560 1922 3635">
    <p class='ocr_par' dir='ltr' id='par_1_52' title="bbox 314 3560 1922 3635">
     <span class='ocr_line' id='line_1_52' title="bbox 314 3560 1922 3635; baseline 0.004 -22"><span class='ocrx_word' id='word_1_393' title='bbox 314 3561 621 3627; x_wconf 72' lang='grc' dir='ltr'>ἐπαύσατο,</span> <span class='ocrx_word' id='word_1_394' title='bbox 670 3560 764 3614; x_wconf 82' lang='grc' dir='ltr'><strong>δύο</strong></span> <span class='ocrx_word' id='word_1_395' title='bbox 797 3562 1079 3632; x_wconf 73' lang='grc' dir='ltr'>κατορθῶν</span> <span class='ocrx_word' id='word_1_396' title='bbox 1116 3564 1172 3615; x_wconf 81' lang='grc' dir='ltr'><strong>ὲν</strong></span> <span class='ocrx_word' id='word_1_397' title='bbox 1221 3564 1424 3634; x_wconf 84' lang='grc' dir='ltr'>ταυτῷ·</span> <span class='ocrx_word' id='word_1_398' title='bbox 1466 3566 1524 3617; x_wconf 85' lang='grc' dir='ltr'>ἒν</span> <span class='ocrx_word' id='word_1_399' title='bbox 1562 3566 1683 3635; x_wconf 83' lang='grc' dir='ltr'>μὲν,</span> <span class='ocrx_word' id='word_1_400' title='bbox 1718 3566 1778 3618; x_wconf 84' lang='grc' dir='ltr'>τὺ</span> <span class='ocrx_word' id='word_1_401' title='bbox 1809 3568 1922 3630; x_wconf 81' lang='grc' dir='ltr'>τοῖς</span> 
     </span>
    </p>
   </div>
   <div class='ocr_carea' id='block_1_53' title="bbox 315 3652 1924 3727">
    <p class='ocr_par' dir='ltr' id='par_1_53' title="bbox 315 3652 1924 3727">
     <span class='ocr_line' id='line_1_53' title="bbox 315 3652 1924 3727; baseline 0.006 -26"><span class='ocrx_word' id='word_1_402' title='bbox 315 3652 750 3721; x_wconf 79' lang='grc' dir='ltr'>προστρέχουσιν</span> <span class='ocrx_word' id='word_1_403' title='bbox 784 3652 931 3721; x_wconf 76' lang='grc' dir='ltr'>αὐτῷ</span> <span class='ocrx_word' id='word_1_404' title='bbox 959 3652 1088 3723; x_wconf 80' lang='grc' dir='ltr'><strong>περὶ</strong></span> <span class='ocrx_word' id='word_1_405' title='bbox 1111 3654 1352 3724; x_wconf 72' lang='grc' dir='ltr'>Χριστοῦ</span> <span class='ocrx_word' id='word_1_406' title='bbox 1384 3654 1584 3723; x_wconf 81' lang='grc' dir='ltr'>λέγειν,</span> <span class='ocrx_word' id='word_1_407' title='bbox 1620 3656 1716 3709; x_wconf 72' lang='grc' dir='ltr'><strong>καὶ</strong></span> <span class='ocrx_word' id='word_1_408' title='bbox 1750 3672 1924 3727; x_wconf 78' lang='grc' dir='ltr'>προσ-</span> 
     </span>
    </p>
   </div>
   <div class='ocr_carea' id='block_1_54' title="bbox 316 3744 1923 3819">
    <p class='ocr_par' dir='ltr' id='par_1_54' title="bbox 316 3744 1923 3819">
     <span class='ocr_line' id='line_1_54' title="bbox 316 3744 1923 3819; baseline 0.004 -24"><span class='ocrx_word' id='word_1_409' title='bbox 316 3744 471 3811; x_wconf 85' lang='grc' dir='ltr'>άγειν</span> <span class='ocrx_word' id='word_1_410' title='bbox 500 3745 699 3807; x_wconf 65' lang='grc' dir='ltr'>αὐτοὺς</span> <span class='ocrx_word' id='word_1_411' title='bbox 729 3744 879 3815; x_wconf 81' lang='grc' dir='ltr'>αὑτῷ</span> <span class='ocrx_word' id='word_1_412' title='bbox 901 3761 915 3775; x_wconf 80' lang='grc'><em>’</em></span> <span class='ocrx_word' id='word_1_413' title='bbox 951 3745 1141 3815; x_wconf 70' lang='grc' dir='ltr'>ἕτερον</span> <span class='ocrx_word' id='word_1_414' title='bbox 1171 3746 1249 3810; x_wconf 76' lang='grc' dir='ltr'><strong>δὲ,</strong></span> <span class='ocrx_word' id='word_1_415' title='bbox 1281 3747 1344 3799; x_wconf 85' lang='grc' dir='ltr'><strong>τὸ</strong></span> <span class='ocrx_word' id='word_1_416' title='bbox 1380 3751 1506 3810; x_wconf 80' lang='grc' dir='ltr'>τοὺς</span> <span class='ocrx_word' id='word_1_417' title='bbox 1555 3750 1807 3819; x_wconf 71' lang='grc' dir='ltr'>μαθητάς</span> <span class='ocrx_word' id='word_1_418' title='bbox 1845 3747 1923 3819; x_wconf 80' lang='grc' dir='ltr'>μὴ</span> 
     </span>
    </p>
   </div>
   <div class='ocr_carea' id='block_1_55' title="bbox 312 3836 1921 3912">
    <p class='ocr_par' dir='ltr' id='par_1_55' title="bbox 312 3836 1921 3912">
     <span class='ocr_line' id='line_1_55' title="bbox 312 3836 1921 3912; baseline 0.004 -24"><span class='ocrx_word' id='word_1_419' title='bbox 312 3842 395 3899; x_wconf 80' lang='grc' dir='ltr'><strong>εἰς</strong></span> <span class='ocrx_word' id='word_1_420' title='bbox 431 3836 619 3905; x_wconf 72' lang='grc' dir='ltr'>ζῆλον,</span> <span class='ocrx_word' id='word_1_421' title='bbox 660 3838 753 3890; x_wconf 75' lang='grc' dir='ltr'><strong>καὶ</strong></span> <span class='ocrx_word' id='word_1_422' title='bbox 785 3837 1011 3890; x_wconf 83' lang='grc' dir='ltr'>πλείονα</span> <span class='ocrx_word' id='word_1_423' title='bbox 1044 3839 1381 3907; x_wconf 75' lang='grc' dir='ltr'>φιλονεικίαν</span> <span class='ocrx_word' id='word_1_424' title='bbox 1415 3842 1682 3911; x_wconf 75' lang='grc' dir='ltr'>ἐρεθίσαι.</span> <span class='ocrx_word' id='word_1_425' title='bbox 1720 3843 1781 3895; x_wconf 79' lang='grc' dir='ltr'><strong>Εἰ</strong></span> <span class='ocrx_word' id='word_1_426' title='bbox 1813 3841 1921 3912; x_wconf 74' lang='grc' dir='ltr'><strong>γὰρ</strong></span> 
     </span>
    </p>
   </div>
   <div class='ocr_carea' id='block_1_56' title="bbox 313 3926 1922 4005">
    <p class='ocr_par' dir='ltr' id='par_1_56' title="bbox 313 3926 1922 4005">
     <span class='ocr_line' id='line_1_56' title="bbox 313 3926 1922 4005; baseline 0.003 -23"><span class='ocrx_word' id='word_1_427' title='bbox 313 3926 598 3982; x_wconf 69' lang='grc' dir='ltr'>ἐπαύσατο</span> <span class='ocrx_word' id='word_1_428' title='bbox 624 3928 715 3980; x_wconf 86' lang='grc' dir='ltr'><strong>τοῦ</strong></span> <span class='ocrx_word' id='word_1_429' title='bbox 748 3928 1055 3998; x_wconf 71' lang='grc' dir='ltr'>βαπτίζειν,</span> <span class='ocrx_word' id='word_1_430' title='bbox 1097 3931 1150 3983; x_wconf 90' lang='grc' dir='ltr'><strong>τί</strong></span> <span class='ocrx_word' id='word_1_431' title='bbox 1180 3932 1281 3985; x_wconf 75' lang='grc' dir='ltr'><strong>οὐκ</strong></span> <span class='ocrx_word' id='word_1_432' title='bbox 1318 3932 1383 3984; x_wconf 83' lang='grc' dir='ltr'>ἂν</span> <span class='ocrx_word' id='word_1_433' title='bbox 1433 3932 1701 4005; x_wconf 77' lang='grc' dir='ltr'>ἐποίησαν</span> <span class='ocrx_word' id='word_1_434' title='bbox 1729 3937 1777 3987; x_wconf 83' lang='grc' dir='ltr'>οἱ</span> <span class='ocrx_word' id='word_1_435' title='bbox 1815 3952 1922 4003; x_wconf 85' lang='grc' dir='ltr'>μα-</span> 
     </span>
    </p>
   </div>
   <div class='ocr_carea' id='block_1_57' title="bbox 317 4018 1921 4095">
    <p class='ocr_par' dir='ltr' id='par_1_57' title="bbox 317 4018 1921 4095">
     <span class='ocr_line' id='line_1_57' title="bbox 317 4018 1921 4095; baseline 0.002 -22"><span class='ocrx_word' id='word_1_436' title='bbox 317 4019 483 4089; x_wconf 75' lang='grc' dir='ltr'>θη.αὶ</span> <span class='ocrx_word' id='word_1_437' title='bbox 513 4018 704 4082; x_wconf 80' lang='grc' dir='ltr'>αὐτοῦ,</span> <span class='ocrx_word' id='word_1_438' title='bbox 733 4019 1076 4092; x_wconf 76' lang='grc' dir='ltr'>φθονὼτερον</span> <span class='ocrx_word' id='word_1_439' title='bbox 1109 4022 1449 4092; x_wconf 77' lang='grc' dir='ltr'>διακείμενοι</span> <span class='ocrx_word' id='word_1_440' title='bbox 1482 4025 1618 4095; x_wconf 82' lang='grc' dir='ltr'>πρὸς</span> <span class='ocrx_word' id='word_1_441' title='bbox 1651 4024 1921 4095; x_wconf 77' lang='grc' dir='ltr'>Χριστὸν;</span> 
     </span>
    </p>
   </div>
   <div class='ocr_carea' id='block_1_58' title="bbox 313 4110 1924 4185">
    <p class='ocr_par' dir='ltr' id='par_1_58' title="bbox 313 4110 1924 4185">
     <span class='ocr_line' id='line_1_58' title="bbox 313 4110 1924 4185; baseline 0.003 -22"><span class='ocrx_word' id='word_1_442' title='bbox 313 4110 375 4163; x_wconf 85' lang='grc' dir='ltr'>Εί</span> <span class='ocrx_word' id='word_1_443' title='bbox 407 4110 517 4181; x_wconf 77' lang='grc' dir='ltr'><strong>γάρ</strong></span> <span class='ocrx_word' id='word_1_444' title='bbox 570 4111 830 4181; x_wconf 81' lang='grc' dir='ltr'>μυριάκις</span> <span class='ocrx_word' id='word_1_445' title='bbox 878 4110 1038 4181; x_wconf 84' lang='grc' dir='ltr'>βοῶν,</span> <span class='ocrx_word' id='word_1_446' title='bbox 1088 4115 1183 4165; x_wconf 75' lang='grc' dir='ltr'><strong>καὶ</strong></span> <span class='ocrx_word' id='word_1_447' title='bbox 1236 4114 1346 4168; x_wconf 78' lang='grc' dir='ltr'>τῶν</span> <span class='ocrx_word' id='word_1_448' title='bbox 1399 4115 1692 4183; x_wconf 79' lang='grc' dir='ltr'>πρωτείων</span> <span class='ocrx_word' id='word_1_449' title='bbox 1726 4116 1814 4169; x_wconf 82' lang='grc' dir='ltr'><strong>ἀεὶ</strong></span> <span class='ocrx_word' id='word_1_450' title='bbox 1845 4116 1924 4185; x_wconf 83' lang='grc' dir='ltr'><strong>τῷ</strong></span> 
     </span>
    </p>
   </div>
   <div class='ocr_carea' id='block_1_59' title="bbox 318 4203 1925 4278">
    <p class='ocr_par' dir='ltr' id='par_1_59' title="bbox 318 4203 1925 4278">
     <span class='ocr_line' id='line_1_59' title="bbox 318 4203 1925 4278; baseline 0.004 -22"><span class='ocrx_word' id='word_1_451' title='bbox 318 4203 545 4273; x_wconf 81' lang='grc' dir='ltr'>Χριστῷ</span> <span class='ocrx_word' id='word_1_452' title='bbox 569 4204 944 4275; x_wconf 80' lang='grc' dir='ltr'>παραχωρῶν,</span> <span class='ocrx_word' id='word_1_453' title='bbox 977 4205 1079 4256; x_wconf 65' lang='grc' dir='ltr'>οὐκ</span> <span class='ocrx_word' id='word_1_454' title='bbox 1101 4205 1321 4259; x_wconf 76' lang='grc' dir='ltr'>ἔπεισεν</span> <span class='ocrx_word' id='word_1_455' title='bbox 1349 4206 1546 4269; x_wconf 80' lang='grc' dir='ltr'>αὐτοὺς</span> <span class='ocrx_word' id='word_1_456' title='bbox 1578 4207 1730 4277; x_wconf 79' lang='grc' dir='ltr'>αὑτῴ</span> <span class='ocrx_word' id='word_1_457' title='bbox 1754 4225 1925 4278; x_wconf 84' lang='grc' dir='ltr'>προσ-</span> 
     </span>
    </p>
   </div>
   <div class='ocr_carea' id='block_1_60' title="bbox 313 4294 1921 4368">
    <p class='ocr_par' dir='ltr' id='par_1_60' title="bbox 313 4294 1921 4368">
     <span class='ocr_line' id='line_1_60' title="bbox 313 4294 1921 4368; baseline 0.004 -21"><span class='ocrx_word' id='word_1_458' title='bbox 313 4294 581 4368; x_wconf 78' lang='grc' dir='ltr'>δραμεῖν·</span> <span class='ocrx_word' id='word_1_459' title='bbox 613 4297 692 4359; x_wconf 85' lang='grc' dir='ltr'>είς</span> <span class='ocrx_word' id='word_1_460' title='bbox 727 4296 891 4349; x_wconf 88' lang='grc' dir='ltr'>πόσον</span> <span class='ocrx_word' id='word_1_461' title='bbox 920 4296 986 4348; x_wconf 85' lang='grc' dir='ltr'>ἂν</span> <span class='ocrx_word' id='word_1_462' title='bbox 1032 4295 1227 4366; x_wconf 79' lang='grc' dir='ltr'>φθόνον</span> <span class='ocrx_word' id='word_1_463' title='bbox 1258 4299 1358 4351; x_wconf 80' lang='grc' dir='ltr'><strong>οὐκ</strong></span> <span class='ocrx_word' id='word_1_464' title='bbox 1388 4298 1645 4368; x_wconf 74' lang='grc' dir='ltr'>ἐκίνησεν</span> <span class='ocrx_word' id='word_1_465' title='bbox 1699 4299 1921 4363; x_wconf 67' lang='grc' dir='ltr'>αὐτοὺς,</span> 
     </span>
    </p>
   </div>
   <div class='ocr_carea' id='block_1_61' title="bbox 311 4388 1924 4463">
    <p class='ocr_par' dir='ltr' id='par_1_61' title="bbox 311 4388 1924 4463">
     <span class='ocr_line' id='line_1_61' title="bbox 311 4388 1924 4463; baseline 0.002 -20"><span class='ocrx_word' id='word_1_466' title='bbox 311 4391 429 4456; x_wconf 71' lang='grc' dir='ltr'>εἴγε</span> <span class='ocrx_word' id='word_1_467' title='bbox 459 4388 555 4441; x_wconf 85' lang='grc' dir='ltr'><strong>τοῦ</strong></span> <span class='ocrx_word' id='word_1_468' title='bbox 585 4388 872 4458; x_wconf 71' lang='grc' dir='ltr'>βαπτίζειν</span> <span class='ocrx_word' id='word_1_469' title='bbox 902 4390 1214 4457; x_wconf 60' lang='lat' dir='ltr'><strong>suadeam;</strong></span> <span class='ocrx_word' id='word_1_470' title='bbox 1241 4393 1334 4444; x_wconf 79' lang='grc' dir='ltr'>Διὸ</span> <span class='ocrx_word' id='word_1_471' title='bbox 1360 4393 1455 4445; x_wconf 72' lang='grc' dir='ltr'><strong>καὶ</strong></span> <span class='ocrx_word' id='word_1_472' title='bbox 1482 4395 1509 4446; x_wconf 84' lang='grc' dir='ltr'>ὀ</span> <span class='ocrx_word' id='word_1_473' title='bbox 1538 4392 1777 4463; x_wconf 78' lang='grc' dir='ltr'>Χριστὸς</span> <span class='ocrx_word' id='word_1_474' title='bbox 1800 4394 1924 4446; x_wconf 78' lang='grc' dir='ltr'>τότε</span> 
     </span>
    </p>
   </div>
   <div class='ocr_carea' id='block_1_62' title="bbox 317 4478 1921 4553">
    <p class='ocr_par' dir='ltr' id='par_1_62' title="bbox 317 4478 1921 4553">
     <span class='ocr_line' id='line_1_62' title="bbox 317 4478 1921 4553; baseline 0.004 -24"><span class='ocrx_word' id='word_1_475' title='bbox 317 4478 555 4550; x_wconf 72' lang='grc' dir='ltr'>μάλιστα</span> <span class='ocrx_word' id='word_1_476' title='bbox 572 4478 778 4550; x_wconf 73' lang='grc' dir='ltr'>ἠρξατο</span> <span class='ocrx_word' id='word_1_477' title='bbox 796 4480 1111 4551; x_wconf 83' lang='grc' dir='ltr'>κηρύττειν,</span> <span class='ocrx_word' id='word_1_478' title='bbox 1134 4482 1224 4534; x_wconf 85' lang='grc' dir='ltr'>ὅτε</span> <span class='ocrx_word' id='word_1_479' title='bbox 1257 4482 1511 4550; x_wconf 79' lang='grc' dir='ltr'><strong>Ἰωάννης</strong></span> <span class='ocrx_word' id='word_1_480' title='bbox 1535 4482 1921 4553; x_wconf 73' lang='grc' dir='ltr'>κατεκλείσθη,</span> 
     </span>
    </p>
   </div>
   <div class='ocr_carea' id='block_1_63' title="bbox 315 4569 1923 4645">
    <p class='ocr_par' dir='ltr' id='par_1_63' title="bbox 315 4569 1923 4645">
     <span class='ocr_line' id='line_1_63' title="bbox 315 4569 1923 4645; baseline 0.003 -22"><span class='ocrx_word' id='word_1_481' title='bbox 315 4571 406 4623; x_wconf 81' lang='grc' dir='ltr'>διὰ</span> <span class='ocrx_word' id='word_1_482' title='bbox 434 4569 527 4623; x_wconf 77' lang='grc' dir='ltr'><strong>τὸν</strong></span> <span class='ocrx_word' id='word_1_483' title='bbox 563 4569 760 4641; x_wconf 84' lang='grc' dir='ltr'>φθόνον</span> <span class='ocrx_word' id='word_1_484' title='bbox 791 4574 900 4625; x_wconf 77' lang='grc' dir='ltr'><strong>τῶν</strong></span> <span class='ocrx_word' id='word_1_485' title='bbox 930 4573 1025 4625; x_wconf 89' lang='grc' dir='ltr'><strong>τοῦ</strong></span> <span class='ocrx_word' id='word_1_486' title='bbox 1070 4573 1382 4627; x_wconf 81' lang='grc' dir='ltr'>Βαπτιστοῦ</span> <span class='ocrx_word' id='word_1_487' title='bbox 1436 4574 1719 4643; x_wconf 80' lang='grc' dir='ltr'>μαθητῶν.</span> <span class='ocrx_word' id='word_1_488' title='bbox 1754 4570 1923 4645; x_wconf 71' lang='grc' dir='ltr'>Οἶμαι</span> 
     </span>
    </p>
   </div>
   <div class='ocr_carea' id='block_1_64' title="bbox 2031 2074 3654 2147">
    <p class='ocr_par' dir='ltr' id='par_1_64' title="bbox 2031 2074 3654 2147">
     <span class='ocr_line' id='line_1_64' title="bbox 2031 2074 3654 2147; baseline 0.005 -22"><span class='ocrx_word' id='word_1_489' title='bbox 2031 2074 2211 2141; x_wconf 84' lang='lat' dir='ltr'><strong>Quare</strong></span> <span class='ocrx_word' id='word_1_490' title='bbox 2242 2092 2347 2130; x_wconf 86' lang='lat' dir='ltr'><strong>nou</strong></span> <span class='ocrx_word' id='word_1_491' title='bbox 2379 2078 2493 2144; x_wconf 88' lang='lat' dir='ltr'><strong>ipse</strong></span> <span class='ocrx_word' id='word_1_492' title='bbox 2517 2075 2852 2144; x_wconf 82' lang='lat' dir='ltr'><strong>baptizavit?</strong></span> <span class='ocrx_word' id='word_1_493' title='bbox 2876 2076 3054 2131; x_wconf 84' lang='lat' dir='ltr'><strong>Disce.</strong></span> <span class='ocrx_word' id='word_1_494' title='bbox 3082 2075 3483 2147; x_wconf 68' lang='lat' dir='ltr'><strong>Prazoccupans</strong></span> <span class='ocrx_word' id='word_1_495' title='bbox 3513 2078 3654 2133; x_wconf 81' lang='lat' dir='ltr'><strong>dixit</strong></span> 
     </span>
    </p>
   </div>
   <div class='ocr_carea' id='block_1_65' title="bbox 2026 2164 3654 2239">
    <p class='ocr_par' dir='ltr' id='par_1_65' title="bbox 2026 2164 3654 2239">
     <span class='ocr_line' id='line_1_65' title="bbox 2026 2164 3654 2239; baseline 0.001 -18"><span class='ocrx_word' id='word_1_496' title='bbox 2026 2164 2268 2222; x_wconf 80' lang='lat' dir='ltr'><strong>Joannes</strong></span> <span class='ocrx_word' id='word_1_497' title='bbox 2303 2186 2315 2221; x_wconf 91' lang='lat'>:</span> <span class='ocrx_word' id='word_1_498' title='bbox 2356 2185 2373 2219; x_wconf 77' lang='grc' dir='ltr'><strong>ι</strong></span> <span class='ocrx_word' id='word_1_499' title='bbox 2410 2165 2505 2222; x_wconf 84' lang='lat' dir='ltr'><strong>Ille</strong></span> <span class='ocrx_word' id='word_1_500' title='bbox 2539 2182 2635 2221; x_wconf 88' lang='lat' dir='ltr'><strong>vos</strong></span> <span class='ocrx_word' id='word_1_501' title='bbox 2657 2166 2953 2236; x_wconf 86' lang='lat' dir='ltr'><strong>baptizabit</strong></span> <span class='ocrx_word' id='word_1_502' title='bbox 2984 2168 3190 2236; x_wconf 82' lang='lat' dir='ltr'><strong>Spiritu</strong></span> <span class='ocrx_word' id='word_1_503' title='bbox 3224 2180 3438 2223; x_wconf 86' lang='lat' dir='ltr'><strong>sancto.</strong></span> <span class='ocrx_word' id='word_1_504' title='bbox 3479 2188 3497 2221; x_wconf 79' lang='grc' dir='ltr'><strong>ι</strong></span> <span class='ocrx_word' id='word_1_505' title='bbox 3529 2168 3654 2239; x_wconf 86' lang='lat' dir='ltr'><strong>Spi-</strong></span> 
     </span>
    </p>
   </div>
   <div class='ocr_carea' id='block_1_66' title="bbox 2030 2260 3653 2327">
    <p class='ocr_par' dir='ltr' id='par_1_66' title="bbox 2030 2260 3653 2327">
     <span class='ocr_line' id='line_1_66' title="bbox 2030 2260 3653 2327; baseline 0.002 -16"><span class='ocrx_word' id='word_1_506' title='bbox 2030 2260 2169 2314; x_wconf 82' lang='lat' dir='ltr'><strong>ritus</strong></span> <span class='ocrx_word' id='word_1_507' title='bbox 2198 2268 2379 2314; x_wconf 78' lang='lat' dir='ltr'><strong>a‘utt-nt</strong></span> <span class='ocrx_word' id='word_1_508' title='bbox 2398 2270 2623 2314; x_wconf 87' lang='lat' dir='ltr'><strong>sanctus</strong></span> <span class='ocrx_word' id='word_1_509' title='bbox 2641 2260 2881 2313; x_wconf 89' lang='lat' dir='ltr'><strong>nondum</strong></span> <span class='ocrx_word' id='word_1_510' title='bbox 2909 2270 3031 2314; x_wconf 89' lang='lat' dir='ltr'><strong>erat</strong></span> <span class='ocrx_word' id='word_1_511' title='bbox 3052 2262 3233 2326; x_wconf 85' lang='lat' dir='ltr'><strong>datus,</strong></span> <span class='ocrx_word' id='word_1_512' title='bbox 3255 2276 3319 2315; x_wconf 82' lang='lat' dir='ltr'><strong>eo</strong></span> <span class='ocrx_word' id='word_1_513' title='bbox 3344 2260 3485 2327; x_wconf 89' lang='lat' dir='ltr'><strong>quod</strong></span> <span class='ocrx_word' id='word_1_514' title='bbox 3514 2277 3653 2314; x_wconf 90' lang='lat' dir='ltr'><strong>nou-</strong></span> 
     </span>
    </p>
   </div>
   <div class='ocr_carea' id='block_1_67' title="bbox 2027 2352 3652 2424">
    <p class='ocr_par' dir='ltr' id='par_1_67' title="bbox 2027 2352 3652 2424">
     <span class='ocr_line' id='line_1_67' title="bbox 2027 2352 3652 2424; baseline -0.001 -18"><span class='ocrx_word' id='word_1_515' title='bbox 2027 2352 2153 2406; x_wconf 88' lang='lat' dir='ltr'><strong>dtmt</strong></span> <span class='ocrx_word' id='word_1_516' title='bbox 2185 2365 2399 2423; x_wconf 80' lang='lat' dir='ltr'><strong>tempus</strong></span> <span class='ocrx_word' id='word_1_517' title='bbox 2422 2362 2559 2407; x_wconf 88' lang='lat' dir='ltr'><strong>erat.</strong></span> <span class='ocrx_word' id='word_1_518' title='bbox 2579 2352 2750 2424; x_wconf 82' lang='lat' dir='ltr'><strong>Igitur</strong></span> <span class='ocrx_word' id='word_1_519' title='bbox 2763 2356 2807 2410; x_wconf 87' lang='lat' dir='ltr'><strong>si</strong></span> <span class='ocrx_word' id='word_1_520' title='bbox 2828 2356 3182 2423; x_wconf 77' lang='lat' dir='ltr'><strong>baptizasset,</strong></span> <span class='ocrx_word' id='word_1_521' title='bbox 3198 2352 3281 2408; x_wconf 89' lang='lat' dir='ltr'><strong>vel</strong></span> <span class='ocrx_word' id='word_1_522' title='bbox 3307 2356 3511 2424; x_wconf 81' lang='lat' dir='ltr'><strong>absque</strong></span> <span class='ocrx_word' id='word_1_523' title='bbox 3526 2353 3652 2423; x_wconf 87' lang='lat' dir='ltr'><strong>Spi-</strong></span> 
     </span>
    </p>
   </div>
   <div class='ocr_carea' id='block_1_68' title="bbox 2032 2445 3647 2519">
    <p class='ocr_par' dir='ltr' id='par_1_68' title="bbox 2032 2445 3647 2519">
     <span class='ocr_line' id='line_1_68' title="bbox 2032 2445 3647 2519; baseline 0.001 -20"><span class='ocrx_word' id='word_1_524' title='bbox 2032 2448 2133 2501; x_wconf 86' lang='lat' dir='ltr'><strong>ritu</strong></span> <span class='ocrx_word' id='word_1_525' title='bbox 2154 2445 2316 2519; x_wconf 57' lang='lat'><strong>557</strong></span> <span class='ocrx_word' id='word_1_526' title='bbox 2338 2447 2670 2516; x_wconf 85' lang='lat' dir='ltr'><strong>baptizasset</strong></span> <span class='ocrx_word' id='word_1_527' title='bbox 2698 2465 2845 2513; x_wconf 71' lang='lat' dir='ltr'><strong>:qute</strong></span> <span class='ocrx_word' id='word_1_528' title='bbox 2880 2448 3443 2504; x_wconf 86' lang='lat' dir='ltr'><strong>iutercessissetinter</strong></span> <span class='ocrx_word' id='word_1_529' title='bbox 3466 2449 3647 2518; x_wconf 89' lang='lat' dir='ltr'><strong>ipstttu</strong></span> 
     </span>
    </p>
   </div>
   <div class='ocr_carea' id='block_1_69' title="bbox 2026 2538 3650 2611">
    <p class='ocr_par' dir='ltr' id='par_1_69' title="bbox 2026 2538 3650 2611">
     <span class='ocr_line' id='line_1_69' title="bbox 2026 2538 3650 2611; baseline 0.001 -18"><span class='ocrx_word' id='word_1_530' title='bbox 2026 2549 2080 2594; x_wconf 88' lang='lat' dir='ltr'><strong>et</strong></span> <span class='ocrx_word' id='word_1_531' title='bbox 2100 2538 2365 2594; x_wconf 76' lang='lat' dir='ltr'><strong>Joannem</strong></span> <span class='ocrx_word' id='word_1_532' title='bbox 2393 2540 2740 2596; x_wconf 76' lang='lat' dir='ltr'><strong>diﬂerentia?</strong></span> <span class='ocrx_word' id='word_1_533' title='bbox 2766 2540 2849 2595; x_wconf 81' lang='lat' dir='ltr'><strong>vel</strong></span> <span class='ocrx_word' id='word_1_534' title='bbox 2878 2541 3123 2597; x_wconf 80' lang='lat' dir='ltr'><strong>dedisset</strong></span> <span class='ocrx_word' id='word_1_535' title='bbox 3165 2538 3456 2610; x_wconf 85' lang='lat' dir='ltr'><strong>Spiritum,</strong></span> <span class='ocrx_word' id='word_1_536' title='bbox 3486 2549 3650 2611; x_wconf 86' lang='lat' dir='ltr'><strong>atque</strong></span> 
     </span>
    </p>
   </div>
   <div class='ocr_carea' id='block_1_70' title="bbox 2028 2633 3651 2706">
    <p class='ocr_par' dir='ltr' id='par_1_70' title="bbox 2028 2633 3651 2706">
     <span class='ocr_line' id='line_1_70' title="bbox 2028 2633 3651 2706; baseline 0.002 -21"><span class='ocrx_word' id='word_1_537' title='bbox 2028 2645 2154 2686; x_wconf 88' lang='lat' dir='ltr'><strong>ante</strong></span> <span class='ocrx_word' id='word_1_538' title='bbox 2191 2643 2433 2703; x_wconf 82' lang='lat' dir='ltr'><strong>tempus,</strong></span> <span class='ocrx_word' id='word_1_539' title='bbox 2468 2640 2561 2689; x_wconf 87' lang='lat' dir='ltr'><strong>sed</strong></span> <span class='ocrx_word' id='word_1_540' title='bbox 2598 2635 2648 2689; x_wconf 88' lang='lat' dir='ltr'><strong>id</strong></span> <span class='ocrx_word' id='word_1_541' title='bbox 2684 2635 2973 2706; x_wconf 85' lang='lat' dir='ltr'><strong>indignum</strong></span> <span class='ocrx_word' id='word_1_542' title='bbox 3017 2633 3149 2702; x_wconf 90' lang='lat' dir='ltr'><strong>Deo,</strong></span> <span class='ocrx_word' id='word_1_543' title='bbox 3185 2635 3278 2704; x_wconf 88' lang='lat' dir='ltr'><strong>qui</strong></span> <span class='ocrx_word' id='word_1_544' title='bbox 3314 2637 3367 2689; x_wconf 92' lang='lat' dir='ltr'><strong>in</strong></span> <span class='ocrx_word' id='word_1_545' title='bbox 3406 2644 3651 2703; x_wconf 78' lang='lat' dir='ltr'><strong>tempore</strong></span> 
     </span>
    </p>
   </div>
   <div class='ocr_carea' id='block_1_71' title="bbox 2029 2725 3653 2797">
    <p class='ocr_par' dir='ltr' id='par_1_71' title="bbox 2029 2725 3653 2797">
     <span class='ocr_line' id='line_1_71' title="bbox 2029 2725 3653 2797; baseline 0.002 -19"><span class='ocrx_word' id='word_1_546' title='bbox 2029 2725 2160 2779; x_wconf 73' lang='lat' dir='ltr'><strong>facit</strong></span> <span class='ocrx_word' id='word_1_547' title='bbox 2208 2728 2416 2781; x_wconf 87' lang='lat' dir='ltr'><strong>omnia.</strong></span> <span class='ocrx_word' id='word_1_548' title='bbox 2450 2727 2605 2794; x_wconf 78' lang='lat' dir='ltr'><strong>Quod</strong></span> <span class='ocrx_word' id='word_1_549' title='bbox 2638 2735 2821 2782; x_wconf 85' lang='lat' dir='ltr'><strong>autem</strong></span> <span class='ocrx_word' id='word_1_550' title='bbox 2858 2737 3076 2795; x_wconf 85' lang='lat' dir='ltr'><strong>tempus</strong></span> <span class='ocrx_word' id='word_1_551' title='bbox 3121 2729 3286 2781; x_wconf 85' lang='lat' dir='ltr'><strong>dandi</strong></span> <span class='ocrx_word' id='word_1_552' title='bbox 3345 2726 3653 2797; x_wconf 83' lang='lat' dir='ltr'><strong>Spiritum?</strong></span> 
     </span>
    </p>
   </div>
   <div class='ocr_carea' id='block_1_72' title="bbox 2028 2814 3649 2889">
    <p class='ocr_par' dir='ltr' id='par_1_72' title="bbox 2028 2814 3649 2889">
     <span class='ocr_line' id='line_1_72' title="bbox 2028 2814 3649 2889; baseline 0.004 -21"><span class='ocrx_word' id='word_1_553' title='bbox 2028 2814 2266 2886; x_wconf 84' lang='lat' dir='ltr'><strong>Tempus</strong></span> <span class='ocrx_word' id='word_1_554' title='bbox 2298 2827 2418 2887; x_wconf 86' lang='lat' dir='ltr'><strong>post</strong></span> <span class='ocrx_word' id='word_1_555' title='bbox 2447 2820 2905 2889; x_wconf 73' lang='lat' dir='ltr'><strong>assumptione&quot;).</strong></span> <span class='ocrx_word' id='word_1_556' title='bbox 2938 2818 3235 2889; x_wconf 81' lang='lat' dir='ltr'><strong>Oportebat</strong></span> <span class='ocrx_word' id='word_1_557' title='bbox 3271 2822 3417 2874; x_wconf 77' lang='lat' dir='ltr'><strong>enim</strong></span> <span class='ocrx_word' id='word_1_558' title='bbox 3448 2831 3507 2874; x_wconf 88' lang='lat' dir='ltr'><strong>ut</strong></span> <span class='ocrx_word' id='word_1_559' title='bbox 3542 2820 3649 2874; x_wconf 74' lang='lat' dir='ltr'><strong>htt-</strong></span> 
     </span>
    </p>
   </div>
   <div class='ocr_carea' id='block_1_73' title="bbox 2029 2912 3651 2984">
    <p class='ocr_par' dir='ltr' id='par_1_73' title="bbox 2029 2912 3651 2984">
     <span class='ocr_line' id='line_1_73' title="bbox 2029 2912 3651 2984; baseline 0.006 -21"><span class='ocrx_word' id='word_1_560' title='bbox 2029 2928 2185 2963; x_wconf 80' lang='lat' dir='ltr'><strong>manu</strong></span> <span class='ocrx_word' id='word_1_561' title='bbox 2236 2922 2427 2967; x_wconf 83' lang='lat' dir='ltr'><strong>natura</strong></span> <span class='ocrx_word' id='word_1_562' title='bbox 2476 2912 2588 2966; x_wconf 88' lang='lat' dir='ltr'><strong>Deo</strong></span> <span class='ocrx_word' id='word_1_563' title='bbox 2628 2912 2778 2968; x_wconf 85' lang='lat' dir='ltr'><strong>Patri</strong></span> <span class='ocrx_word' id='word_1_564' title='bbox 2832 2914 3309 2969; x_wconf 84' lang='lat' dir='ltr'><strong>demonstraretur</strong></span> <span class='ocrx_word' id='word_1_565' title='bbox 3339 2930 3367 2967; x_wconf 89' lang='lat' dir='ltr'><strong>a</strong></span> <span class='ocrx_word' id='word_1_566' title='bbox 3422 2925 3651 2984; x_wconf 88' lang='lat' dir='ltr'><strong>peccato</strong></span> 
     </span>
    </p>
   </div>
   <div class='ocr_carea' id='block_1_74' title="bbox 2028 3002 3651 3077">
    <p class='ocr_par' dir='ltr' id='par_1_74' title="bbox 2028 3002 3651 3077">
     <span class='ocr_line' id='line_1_74' title="bbox 2028 3002 3651 3077; baseline 0.006 -21"><span class='ocrx_word' id='word_1_567' title='bbox 2028 3002 2291 3058; x_wconf 81' lang='lat' dir='ltr'><strong>immunis</strong></span> <span class='ocrx_word' id='word_1_568' title='bbox 2323 3005 2376 3059; x_wconf 90' lang='lat' dir='ltr'><strong>in</strong></span> <span class='ocrx_word' id='word_1_569' title='bbox 2411 3006 2637 3060; x_wconf 90' lang='lat' dir='ltr'><strong>Christo</strong></span> <span class='ocrx_word' id='word_1_570' title='bbox 2665 3004 2795 3060; x_wconf 89' lang='lat' dir='ltr'><strong>Jesu</strong></span> <span class='ocrx_word' id='word_1_571' title='bbox 2842 3026 2854 3061; x_wconf 91' lang='lat'><strong><em>:</em></strong></span> <span class='ocrx_word' id='word_1_572' title='bbox 2886 3018 3052 3077; x_wconf 86' lang='lat' dir='ltr'><strong>atque</strong></span> <span class='ocrx_word' id='word_1_573' title='bbox 3099 3006 3172 3061; x_wconf 89' lang='lat' dir='ltr'><strong>ita</strong></span> <span class='ocrx_word' id='word_1_574' title='bbox 3220 3006 3332 3062; x_wconf 92' lang='lat' dir='ltr'><strong>Deo</strong></span> <span class='ocrx_word' id='word_1_575' title='bbox 3364 3008 3520 3064; x_wconf 85' lang='lat' dir='ltr'><strong>nobis</strong></span> <span class='ocrx_word' id='word_1_576' title='bbox 3557 3025 3651 3065; x_wconf 59' lang='lat' dir='ltr'><strong>rea-</strong></span> 
     </span>
    </p>
   </div>
   <div class='ocr_carea' id='block_1_75' title="bbox 2026 3095 3651 3167">
    <p class='ocr_par' dir='ltr' id='par_1_75' title="bbox 2026 3095 3651 3167">
     <span class='ocr_line' id='line_1_75' title="bbox 2026 3095 3651 3167; baseline 0.004 -18"><span class='ocrx_word' id='word_1_577' title='bbox 2026 3095 2344 3161; x_wconf 63' lang='lat' dir='ltr'><strong>c0ut‘iliato,</strong></span> <span class='ocrx_word' id='word_1_578' title='bbox 2380 3095 2621 3165; x_wconf 85' lang='lat' dir='ltr'><strong>Spiritus</strong></span> <span class='ocrx_word' id='word_1_579' title='bbox 2674 3105 2936 3166; x_wconf 88' lang='lat' dir='ltr'><strong>tanquam</strong></span> <span class='ocrx_word' id='word_1_580' title='bbox 2984 3098 3242 3167; x_wconf 90' lang='lat' dir='ltr'><strong>opulenta</strong></span> <span class='ocrx_word' id='word_1_581' title='bbox 3292 3098 3545 3167; x_wconf 59' lang='lat' dir='ltr'><strong>quaedam</strong></span> <span class='ocrx_word' id='word_1_582' title='bbox 3585 3101 3651 3155; x_wconf 85' lang='lat' dir='ltr'><strong>li-</strong></span> 
     </span>
    </p>
   </div>
   <div class='ocr_carea' id='block_1_76' title="bbox 2029 3188 3625 3263">
    <p class='ocr_par' dir='ltr' id='par_1_76' title="bbox 2029 3188 3625 3263">
     <span class='ocr_line' id='line_1_76' title="bbox 2029 3188 3625 3263; baseline 0.005 -22"><span class='ocrx_word' id='word_1_583' title='bbox 2029 3188 2287 3243; x_wconf 86' lang='lat' dir='ltr'><strong>beralitas</strong></span> <span class='ocrx_word' id='word_1_584' title='bbox 2317 3190 2648 3245; x_wconf 75' lang='lat' dir='ltr'><strong>mitteretur.</strong></span> <span class='ocrx_word' id='word_1_585' title='bbox 2678 3188 2917 3246; x_wconf 88' lang='lat' dir='ltr'><strong>Proinde</strong></span> <span class='ocrx_word' id='word_1_586' title='bbox 2957 3192 3208 3263; x_wconf 87' lang='lat' dir='ltr'><strong>discipuli</strong></span> <span class='ocrx_word' id='word_1_587' title='bbox 3236 3190 3365 3248; x_wconf 91' lang='lat' dir='ltr'><strong>Jesu</strong></span> <span class='ocrx_word' id='word_1_588' title='bbox 3407 3194 3625 3261; x_wconf 81' lang='lat' dir='ltr'><strong>baptiza</strong></span> 
     </span>
    </p>
   </div>
   <div class='ocr_carea' id='block_1_77' title="bbox 2028 3280 3644 3351">
    <p class='ocr_par' dir='ltr' id='par_1_77' title="bbox 2028 3280 3644 3351">
     <span class='ocr_line' id='line_1_77' title="bbox 2028 3280 3644 3351; baseline 0.007 -17"><span class='ocrx_word' id='word_1_589' title='bbox 2028 3280 2181 3344; x_wconf 83' lang='lat' dir='ltr'><strong>bant,</strong></span> <span class='ocrx_word' id='word_1_590' title='bbox 2210 3291 2267 3336; x_wconf 84' lang='grc' dir='ltr'><strong>ιιι</strong></span> <span class='ocrx_word' id='word_1_591' title='bbox 2297 3283 2481 3351; x_wconf 81' lang='lat' dir='ltr'><strong>plures</strong></span> <span class='ocrx_word' id='word_1_592' title='bbox 2510 3282 2577 3337; x_wconf 91' lang='lat' dir='ltr'><strong>ad</strong></span> <span class='ocrx_word' id='word_1_593' title='bbox 2612 3282 2918 3339; x_wconf 83' lang='lat' dir='ltr'><strong>Salvatoris</strong></span> <span class='ocrx_word' id='word_1_594' title='bbox 2942 3285 3250 3341; x_wconf 86' lang='lat' dir='ltr'><strong>doctrinam</strong></span> <span class='ocrx_word' id='word_1_595' title='bbox 3279 3286 3644 3346; x_wconf 85' lang='lat' dir='ltr'><strong>adducerent.</strong></span> 
     </span>
    </p>
   </div>
   <div class='ocr_carea' id='block_1_78' title="bbox 2030 3376 3649 3453">
    <p class='ocr_par' dir='ltr' id='par_1_78' title="bbox 2030 3376 3649 3453">
     <span class='ocr_line' id='line_1_78' title="bbox 2030 3376 3649 3453; baseline 0.004 -21"><span class='ocrx_word' id='word_1_596' title='bbox 2030 3376 2183 3432; x_wconf 88' lang='lat' dir='ltr'><strong>Unde</strong></span> <span class='ocrx_word' id='word_1_597' title='bbox 2219 3388 2276 3432; x_wconf 91' lang='lat' dir='ltr'><strong>et</strong></span> <span class='ocrx_word' id='word_1_598' title='bbox 2314 3378 2398 3433; x_wconf 88' lang='lat' dir='ltr'><strong>his</strong></span> <span class='ocrx_word' id='word_1_599' title='bbox 2432 3379 2864 3449; x_wconf 83' lang='lat' dir='ltr'><strong>haptizantibus,</strong></span> <span class='ocrx_word' id='word_1_600' title='bbox 2904 3382 3071 3437; x_wconf 84' lang='lat' dir='ltr'><strong>etiam</strong></span> <span class='ocrx_word' id='word_1_601' title='bbox 3112 3381 3357 3438; x_wconf 80' lang='lat' dir='ltr'><strong>Joannes</strong></span> <span class='ocrx_word' id='word_1_602' title='bbox 3401 3383 3649 3453; x_wconf 82' lang='lat' dir='ltr'><strong>baptiza-</strong></span> 
     </span>
    </p>
   </div>
   <div class='ocr_carea' id='block_1_79' title="bbox 2028 3473 3651 3548">
    <p class='ocr_par' dir='ltr' id='par_1_79' title="bbox 2028 3473 3651 3548">
     <span class='ocr_line' id='line_1_79' title="bbox 2028 3473 3651 3548; baseline 0.005 -24"><span class='ocrx_word' id='word_1_603' title='bbox 2028 3473 2138 3535; x_wconf 88' lang='lat' dir='ltr'><strong>bat,</strong></span> <span class='ocrx_word' id='word_1_604' title='bbox 2173 3480 2229 3525; x_wconf 92' lang='lat' dir='ltr'><strong>et</strong></span> <span class='ocrx_word' id='word_1_605' title='bbox 2262 3487 2368 3526; x_wconf 89' lang='lat' dir='ltr'><strong>non</strong></span> <span class='ocrx_word' id='word_1_606' title='bbox 2403 3474 2679 3539; x_wconf 72' lang='lat' dir='ltr'><strong>cessabat,</strong></span> <span class='ocrx_word' id='word_1_607' title='bbox 2715 3476 2822 3527; x_wconf 87' lang='lat' dir='ltr'><strong>duo</strong></span> <span class='ocrx_word' id='word_1_608' title='bbox 2854 3473 2991 3527; x_wconf 82' lang='lat' dir='ltr'><strong>bona</strong></span> <span class='ocrx_word' id='word_1_609' title='bbox 3025 3474 3272 3530; x_wconf 80' lang='lat' dir='ltr'><strong>faciens:</strong></span> <span class='ocrx_word' id='word_1_610' title='bbox 3313 3491 3479 3530; x_wconf 90' lang='lat' dir='ltr'><strong>unum</strong></span> <span class='ocrx_word' id='word_1_611' title='bbox 3529 3478 3651 3548; x_wconf 87' lang='lat' dir='ltr'><strong>qui-</strong></span> 
     </span>
    </p>
   </div>
   <div class='ocr_carea' id='block_1_80' title="bbox 2026 3564 3648 3639">
    <p class='ocr_par' dir='ltr' id='par_1_80' title="bbox 2026 3564 3648 3639">
     <span class='ocr_line' id='line_1_80' title="bbox 2026 3564 3648 3639; baseline 0.004 -21"><span class='ocrx_word' id='word_1_612' title='bbox 2026 3564 2181 3626; x_wconf 87' lang='lat' dir='ltr'><strong>dem,</strong></span> <span class='ocrx_word' id='word_1_613' title='bbox 2219 3567 2345 3634; x_wconf 83' lang='lat' dir='ltr'><strong>quia</strong></span> <span class='ocrx_word' id='word_1_614' title='bbox 2392 3567 2458 3619; x_wconf 88' lang='lat' dir='ltr'><strong>ad</strong></span> <span class='ocrx_word' id='word_1_615' title='bbox 2510 3582 2570 3620; x_wconf 90' lang='lat' dir='ltr'><strong>se</strong></span> <span class='ocrx_word' id='word_1_616' title='bbox 2600 3567 2883 3622; x_wconf 77' lang='lat' dir='ltr'><strong>venientes</strong></span> <span class='ocrx_word' id='word_1_617' title='bbox 2918 3569 2982 3622; x_wconf 91' lang='lat' dir='ltr'><strong>de</strong></span> <span class='ocrx_word' id='word_1_618' title='bbox 3032 3568 3256 3624; x_wconf 86' lang='lat' dir='ltr'><strong>Christo</strong></span> <span class='ocrx_word' id='word_1_619' title='bbox 3306 3569 3537 3639; x_wconf 89' lang='lat' dir='ltr'><strong>loquens</strong></span> <span class='ocrx_word' id='word_1_620' title='bbox 3578 3570 3648 3625; x_wconf 86' lang='lat' dir='ltr'><strong>ad</strong></span> 
     </span>
    </p>
   </div>
   <div class='ocr_carea' id='block_1_81' title="bbox 2026 3656 3649 3730">
    <p class='ocr_par' dir='ltr' id='par_1_81' title="bbox 2026 3656 3649 3730">
     <span class='ocr_line' id='line_1_81' title="bbox 2026 3656 3649 3730; baseline 0.006 -19"><span class='ocrx_word' id='word_1_621' title='bbox 2026 3656 2177 3712; x_wconf 88' lang='lat' dir='ltr'><strong>illum</strong></span> <span class='ocrx_word' id='word_1_622' title='bbox 2214 3656 2556 3725; x_wconf 73' lang='lat' dir='ltr'><strong>adducebat;</strong></span> <span class='ocrx_word' id='word_1_623' title='bbox 2616 3659 2852 3714; x_wconf 87' lang='lat' dir='ltr'><strong>alterum</strong></span> <span class='ocrx_word' id='word_1_624' title='bbox 2903 3675 3068 3726; x_wconf 78' lang='lat' dir='ltr'><strong>vero,</strong></span> <span class='ocrx_word' id='word_1_625' title='bbox 3125 3664 3253 3730; x_wconf 90' lang='lat' dir='ltr'><strong>quia</strong></span> <span class='ocrx_word' id='word_1_626' title='bbox 3297 3663 3525 3719; x_wconf 86' lang='lat' dir='ltr'><strong>curabat</strong></span> <span class='ocrx_word' id='word_1_627' title='bbox 3577 3679 3649 3720; x_wconf 84' lang='lat' dir='ltr'><strong>ne</strong></span> 
     </span>
    </p>
   </div>
   <div class='ocr_carea' id='block_1_82' title="bbox 2027 3750 3645 3825">
    <p class='ocr_par' dir='ltr' id='par_1_82' title="bbox 2027 3750 3645 3825">
     <span class='ocr_line' id='line_1_82' title="bbox 2027 3750 3645 3825; baseline 0.005 -21"><span class='ocrx_word' id='word_1_628' title='bbox 2027 3750 2280 3820; x_wconf 84' lang='lat' dir='ltr'><strong>discipuli</strong></span> <span class='ocrx_word' id='word_1_629' title='bbox 2330 3751 2413 3806; x_wconf 88' lang='lat' dir='ltr'><strong>sui</strong></span> <span class='ocrx_word' id='word_1_630' title='bbox 2451 3752 2505 3804; x_wconf 91' lang='lat' dir='ltr'><strong>in</strong></span> <span class='ocrx_word' id='word_1_631' title='bbox 2554 3753 2819 3822; x_wconf 86' lang='lat' dir='ltr'><strong>majorem</strong></span> <span class='ocrx_word' id='word_1_632' title='bbox 2858 3753 3036 3806; x_wconf 83' lang='lat' dir='ltr'><strong>zt-lnm</strong></span> <span class='ocrx_word' id='word_1_633' title='bbox 3081 3765 3137 3808; x_wconf 89' lang='lat' dir='ltr'><strong>et</strong></span> <span class='ocrx_word' id='word_1_634' title='bbox 3176 3756 3645 3825; x_wconf 83' lang='lat' dir='ltr'><strong>contemptionem</strong></span> 
     </span>
    </p>
   </div>
   <div class='ocr_carea' id='block_1_83' title="bbox 2026 3845 3647 3920">
    <p class='ocr_par' dir='ltr' id='par_1_83' title="bbox 2026 3845 3647 3920">
     <span class='ocr_line' id='line_1_83' title="bbox 2026 3845 3647 3920; baseline 0.007 -23"><span class='ocrx_word' id='word_1_635' title='bbox 2026 3857 2485 3913; x_wconf 80' lang='lat' dir='ltr'><strong>provocarentur.</strong></span> <span class='ocrx_word' id='word_1_636' title='bbox 2533 3845 2591 3899; x_wconf 84' lang='lat' dir='ltr'><strong>Si</strong></span> <span class='ocrx_word' id='word_1_637' title='bbox 2642 3848 2789 3900; x_wconf 90' lang='lat' dir='ltr'><strong>enim</strong></span> <span class='ocrx_word' id='word_1_638' title='bbox 2837 3857 3111 3901; x_wconf 84' lang='lat' dir='ltr'><strong>cessasset</strong></span> <span class='ocrx_word' id='word_1_639' title='bbox 3164 3848 3478 3918; x_wconf 83' lang='lat' dir='ltr'><strong>baptizare,</strong></span> <span class='ocrx_word' id='word_1_640' title='bbox 3515 3851 3647 3920; x_wconf 86' lang='lat' dir='ltr'><strong>quid</strong></span> 
     </span>
    </p>
   </div>
   <div class='ocr_carea' id='block_1_84' title="bbox 2028 3933 3644 4008">
    <p class='ocr_par' dir='ltr' id='par_1_84' title="bbox 2028 3933 3644 4008">
     <span class='ocr_line' id='line_1_84' title="bbox 2028 3933 3644 4008; baseline 0.006 -22"><span class='ocrx_word' id='word_1_641' title='bbox 2028 3950 2135 3987; x_wconf 89' lang='lat' dir='ltr'><strong>non</strong></span> <span class='ocrx_word' id='word_1_642' title='bbox 2168 3933 2431 3988; x_wconf 76' lang='lat' dir='ltr'><strong>iecissent</strong></span> <span class='ocrx_word' id='word_1_643' title='bbox 2460 3935 2715 4004; x_wconf 87' lang='lat' dir='ltr'><strong>discipuli</strong></span> <span class='ocrx_word' id='word_1_644' title='bbox 2752 3936 2899 4006; x_wconf 85' lang='lat' dir='ltr'><strong>ejus,</strong></span> <span class='ocrx_word' id='word_1_645' title='bbox 2934 3936 3141 4006; x_wconf 87' lang='lat' dir='ltr'><strong>alioqui</strong></span> <span class='ocrx_word' id='word_1_646' title='bbox 3180 3939 3393 4008; x_wconf 85' lang='lat' dir='ltr'><strong>majore</strong></span> <span class='ocrx_word' id='word_1_647' title='bbox 3439 3940 3644 3996; x_wconf 86' lang='lat' dir='ltr'><strong>invidia</strong></span> 
     </span>
    </p>
   </div>
   <div class='ocr_carea' id='block_1_85' title="bbox 2027 4025 3645 4101">
    <p class='ocr_par' dir='ltr' id='par_1_85' title="bbox 2027 4025 3645 4101">
     <span class='ocr_line' id='line_1_85' title="bbox 2027 4025 3645 4101; baseline 0.004 -20"><span class='ocrx_word' id='word_1_648' title='bbox 2027 4025 2306 4081; x_wconf 87' lang='lat' dir='ltr'><strong>Christum</strong></span> <span class='ocrx_word' id='word_1_649' title='bbox 2351 4029 2794 4097; x_wconf 84' lang='lat' dir='ltr'><strong>persequentes?</strong></span> <span class='ocrx_word' id='word_1_650' title='bbox 2827 4028 2960 4082; x_wconf 79' lang='lat' dir='ltr'><strong>Nam</strong></span> <span class='ocrx_word' id='word_1_651' title='bbox 2995 4044 3117 4083; x_wconf 90' lang='lat' dir='ltr'><strong>cum</strong></span> <span class='ocrx_word' id='word_1_652' title='bbox 3157 4046 3303 4101; x_wconf 69' lang='lat' dir='ltr'><strong>saepe</strong></span> <span class='ocrx_word' id='word_1_653' title='bbox 3354 4032 3645 4095; x_wconf 86' lang='lat' dir='ltr'><strong>clamarit.</strong></span> 
     </span>
    </p>
   </div>
   <div class='ocr_carea' id='block_1_86' title="bbox 2026 4120 3647 4193">
    <p class='ocr_par' dir='ltr' id='par_1_86' title="bbox 2026 4120 3647 4193">
     <span class='ocr_line' id='line_1_86' title="bbox 2026 4120 3647 4193; baseline 0.007 -21"><span class='ocrx_word' id='word_1_654' title='bbox 2026 4128 2081 4173; x_wconf 86' lang='lat' dir='ltr'><strong>et</strong></span> <span class='ocrx_word' id='word_1_655' title='bbox 2112 4120 2316 4188; x_wconf 85' lang='lat' dir='ltr'><strong>primas</strong></span> <span class='ocrx_word' id='word_1_656' title='bbox 2352 4136 2572 4190; x_wconf 84' lang='lat' dir='ltr'><strong>semper</strong></span> <span class='ocrx_word' id='word_1_657' title='bbox 2620 4122 2846 4177; x_wconf 88' lang='lat' dir='ltr'><strong>Christo</strong></span> <span class='ocrx_word' id='word_1_658' title='bbox 2895 4124 3179 4185; x_wconf 86' lang='lat' dir='ltr'><strong>tribuerit,</strong></span> <span class='ocrx_word' id='word_1_659' title='bbox 3219 4139 3325 4178; x_wconf 90' lang='lat' dir='ltr'><strong>non</strong></span> <span class='ocrx_word' id='word_1_660' title='bbox 3373 4127 3647 4193; x_wconf 83' lang='lat' dir='ltr'><strong>persuasit</strong></span> 
     </span>
    </p>
   </div>
   <div class='ocr_carea' id='block_1_87' title="bbox 2027 4215 3647 4289">
    <p class='ocr_par' dir='ltr' id='par_1_87' title="bbox 2027 4215 3647 4289">
     <span class='ocr_line' id='line_1_87' title="bbox 2027 4215 3647 4289; baseline 0.006 -22"><span class='ocrx_word' id='word_1_661' title='bbox 2027 4215 2108 4268; x_wconf 89' lang='lat' dir='ltr'><strong>eis</strong></span> <span class='ocrx_word' id='word_1_662' title='bbox 2139 4228 2199 4269; x_wconf 90' lang='lat' dir='ltr'><strong>ut</strong></span> <span class='ocrx_word' id='word_1_663' title='bbox 2240 4216 2573 4271; x_wconf 87' lang='lat' dir='ltr'><strong>accederent</strong></span> <span class='ocrx_word' id='word_1_664' title='bbox 2602 4218 2668 4270; x_wconf 87' lang='lat' dir='ltr'><strong>ad</strong></span> <span class='ocrx_word' id='word_1_665' title='bbox 2719 4218 2869 4272; x_wconf 90' lang='lat' dir='ltr'><strong>illum</strong></span> <span class='ocrx_word' id='word_1_666' title='bbox 2908 4234 2922 4273; x_wconf 88' lang='lat'><strong>:</strong></span> <span class='ocrx_word' id='word_1_667' title='bbox 2955 4220 3009 4273; x_wconf 90' lang='lat' dir='ltr'><strong>in</strong></span> <span class='ocrx_word' id='word_1_668' title='bbox 3045 4230 3306 4288; x_wconf 88' lang='lat' dir='ltr'><strong>quantam</strong></span> <span class='ocrx_word' id='word_1_669' title='bbox 3336 4237 3467 4289; x_wconf 85' lang='lat' dir='ltr'><strong>ergo</strong></span> <span class='ocrx_word' id='word_1_670' title='bbox 3505 4222 3647 4277; x_wconf 87' lang='lat' dir='ltr'><strong>invi-</strong></span> 
     </span>
    </p>
   </div>
   <div class='ocr_carea' id='block_1_88' title="bbox 2027 4304 3646 4378">
    <p class='ocr_par' dir='ltr' id='par_1_88' title="bbox 2027 4304 3646 4378">
     <span class='ocr_line' id='line_1_88' title="bbox 2027 4304 3646 4378; baseline 0.005 -21"><span class='ocrx_word' id='word_1_671' title='bbox 2027 4306 2173 4357; x_wconf 87' lang='lat' dir='ltr'><strong>diam</strong></span> <span class='ocrx_word' id='word_1_672' title='bbox 2206 4304 2533 4373; x_wconf 79' lang='lat' dir='ltr'><strong>impulisset,</strong></span> <span class='ocrx_word' id='word_1_673' title='bbox 2579 4307 2622 4360; x_wconf 89' lang='lat' dir='ltr'><strong>si</strong></span> <span class='ocrx_word' id='word_1_674' title='bbox 2660 4316 2942 4361; x_wconf 87' lang='lat' dir='ltr'><strong>cessasset</strong></span> <span class='ocrx_word' id='word_1_675' title='bbox 2987 4308 3308 4378; x_wconf 82' lang='lat' dir='ltr'><strong>baptizare?</strong></span> <span class='ocrx_word' id='word_1_676' title='bbox 3345 4309 3555 4366; x_wconf 89' lang='lat' dir='ltr'><strong>ldcirco</strong></span> <span class='ocrx_word' id='word_1_677' title='bbox 3589 4320 3646 4367; x_wconf 88' lang='lat' dir='ltr'><strong>et</strong></span> 
     </span>
    </p>
   </div>
   <div class='ocr_carea' id='block_1_89' title="bbox 2028 4396 3647 4473">
    <p class='ocr_par' dir='ltr' id='par_1_89' title="bbox 2028 4396 3647 4473">
     <span class='ocr_line' id='line_1_89' title="bbox 2028 4396 3647 4473; baseline 0.004 -22"><span class='ocrx_word' id='word_1_678' title='bbox 2028 4396 2469 4464; x_wconf 74' lang='lat' dir='ltr'><strong>Christustunc</strong></span> <span class='ocrx_word' id='word_1_679' title='bbox 2516 4400 2758 4454; x_wconf 79' lang='lat' dir='ltr'><strong>maxime</strong></span> <span class='ocrx_word' id='word_1_680' title='bbox 2806 4400 2980 4471; x_wconf 67' lang='lat' dir='ltr'><strong>erepit</strong></span> <span class='ocrx_word' id='word_1_681' title='bbox 3036 4403 3375 4471; x_wconf 68' lang='lat' dir='ltr'><strong>praedicare,</strong></span> <span class='ocrx_word' id='word_1_682' title='bbox 3422 4407 3647 4473; x_wconf 86' lang='lat' dir='ltr'><strong>quando</strong></span> 
     </span>
    </p>
   </div>
   <div class='ocr_carea' id='block_1_90' title="bbox 2026 4488 3644 4566">
    <p class='ocr_par' dir='ltr' id='par_1_90' title="bbox 2026 4488 3644 4566">
     <span class='ocr_line' id='line_1_90' title="bbox 2026 4488 3644 4566; baseline 0.005 -21"><span class='ocrx_word' id='word_1_683' title='bbox 2026 4488 2268 4545; x_wconf 88' lang='lat' dir='ltr'><strong>Joannes</strong></span> <span class='ocrx_word' id='word_1_684' title='bbox 2299 4490 2544 4546; x_wconf 87' lang='lat' dir='ltr'><strong>inclusus</strong></span> <span class='ocrx_word' id='word_1_685' title='bbox 2572 4502 2679 4559; x_wconf 84' lang='lat' dir='ltr'><strong>est,</strong></span> <span class='ocrx_word' id='word_1_686' title='bbox 2705 4502 2928 4561; x_wconf 89' lang='lat' dir='ltr'><strong>propter</strong></span> <span class='ocrx_word' id='word_1_687' title='bbox 2950 4493 3215 4547; x_wconf 79' lang='lat' dir='ltr'><strong>invidiam</strong></span> <span class='ocrx_word' id='word_1_688' title='bbox 3249 4496 3644 4566; x_wconf 88' lang='lat' dir='ltr'><strong>discipulorum</strong></span> 
     </span>
    </p>
   </div>
   <div class='ocr_carea' id='block_1_91' title="bbox 2033 4580 3644 4653">
    <p class='ocr_par' dir='ltr' id='par_1_91' title="bbox 2033 4580 3644 4653">
     <span class='ocr_line' id='line_1_91' title="bbox 2033 4580 3644 4653; baseline 0.006 -19"><span class='ocrx_word' id='word_1_689' title='bbox 2033 4580 2311 4650; x_wconf 64' lang='lat' dir='ltr'><strong>Baptistae.</strong></span> <span class='ocrx_word' id='word_1_690' title='bbox 2337 4580 2549 4653; x_wconf 89' lang='lat' dir='ltr'><strong>Opinor</strong></span> <span class='ocrx_word' id='word_1_691' title='bbox 2580 4592 2761 4637; x_wconf 79' lang='lat' dir='ltr'><strong>autem</strong></span> <span class='ocrx_word' id='word_1_692' title='bbox 2793 4584 3117 4652; x_wconf 86' lang='lat' dir='ltr'><strong>permissam</strong></span> <span class='ocrx_word' id='word_1_693' title='bbox 3148 4582 3377 4642; x_wconf 82' lang='lat' dir='ltr'><strong>Joannis</strong></span> <span class='ocrx_word' id='word_1_694' title='bbox 3410 4599 3644 4643; x_wconf 74' lang='lat' dir='ltr'><strong>mortem</strong></span> 
     </span>
    </p>
   </div>
   <div class='ocr_carea' id='block_1_92' title="bbox 315 4662 1924 4746">
    <p class='ocr_par' dir='ltr' id='par_1_92' title="bbox 315 4662 1920 4737">
     <span class='ocr_line' id='line_1_92' title="bbox 315 4662 1920 4737; baseline 0.001 -20"><span class='ocrx_word' id='word_1_695' title='bbox 315 4664 374 4717; x_wconf 81' lang='grc' dir='ltr'>δὲ</span> <span class='ocrx_word' id='word_1_696' title='bbox 412 4662 507 4715; x_wconf 79' lang='grc' dir='ltr'>καὶ</span> <span class='ocrx_word' id='word_1_697' title='bbox 538 4666 636 4735; x_wconf 79' lang='grc' dir='ltr'>τὴν</span> <span class='ocrx_word' id='word_1_698' title='bbox 667 4664 932 4733; x_wconf 82' lang='grc' dir='ltr'>τελευτὴν</span> <span class='ocrx_word' id='word_1_699' title='bbox 982 4666 1235 4718; x_wconf 82' lang='grc' dir='ltr'>Ἰωάννου</span> <span class='ocrx_word' id='word_1_700' title='bbox 1288 4666 1376 4718; x_wconf 85' lang='grc' dir='ltr'><strong>διά</strong></span> <span class='ocrx_word' id='word_1_701' title='bbox 1430 4666 1589 4719; x_wconf 82' lang='grc' dir='ltr'>τοῦτο</span> <span class='ocrx_word' id='word_1_702' title='bbox 1630 4683 1920 4737; x_wconf 79' lang='grc' dir='ltr'>συγχωρη-</span> 
     </span>
    </p>
   </div>
   <div class='ocr_carea' id='block_1_93' title="bbox 2031 4662 3642 4746">
    <p class='ocr_par' dir='ltr' id='par_1_93' title="bbox 2035 4675 3642 4746">
     <span class='ocr_line' id='line_1_93' title="bbox 2035 4675 3642 4746; baseline 0.004 -18"><span class='ocrx_word' id='word_1_703' title='bbox 2035 4675 2325 4738; x_wconf 84' lang='lat' dir='ltr'><strong>maturari,</strong></span> <span class='ocrx_word' id='word_1_704' title='bbox 2375 4686 2433 4730; x_wconf 91' lang='lat' dir='ltr'><strong>ut</strong></span> <span class='ocrx_word' id='word_1_705' title='bbox 2482 4675 2663 4729; x_wconf 89' lang='lat' dir='ltr'><strong>omnis</strong></span> <span class='ocrx_word' id='word_1_706' title='bbox 2705 4676 2936 4746; x_wconf 89' lang='lat' dir='ltr'><strong>populus</strong></span> <span class='ocrx_word' id='word_1_707' title='bbox 2986 4687 3212 4746; x_wconf 84' lang='lat' dir='ltr'><strong>paratus</strong></span> <span class='ocrx_word' id='word_1_708' title='bbox 3260 4679 3327 4732; x_wconf 88' lang='lat' dir='ltr'><strong>ad</strong></span> <span class='ocrx_word' id='word_1_709' title='bbox 3363 4680 3642 4736; x_wconf 82' lang='lat' dir='ltr'><strong>Chrismm</strong></span> 
     </span>
    </p>
   </div>
   <div class='ocr_carea' id='block_1_94' title="bbox 314 4756 1916 4831">
    <p class='ocr_par' dir='ltr' id='par_1_94' title="bbox 314 4756 1916 4831">
     <span class='ocr_line' id='line_1_94' title="bbox 314 4756 1916 4831; baseline 0.001 -21"><span class='ocrx_word' id='word_1_710' title='bbox 314 4756 478 4827; x_wconf 81' lang='grc' dir='ltr'>θῆναι</span> <span class='ocrx_word' id='word_1_711' title='bbox 508 4758 773 4827; x_wconf 82' lang='grc' dir='ltr'>ταχίστην</span> <span class='ocrx_word' id='word_1_712' title='bbox 809 4758 1091 4826; x_wconf 79' lang='grc' dir='ltr'>γενέσθαι,</span> <span class='ocrx_word' id='word_1_713' title='bbox 1120 4759 1261 4812; x_wconf 78' lang='grc' dir='ltr'>ὥστε</span> <span class='ocrx_word' id='word_1_714' title='bbox 1300 4762 1482 4812; x_wconf 72' lang='grc' dir='ltr'>πᾶσαν</span> <span class='ocrx_word' id='word_1_715' title='bbox 1510 4760 1609 4831; x_wconf 81' lang='grc' dir='ltr'>τὴν</span> <span class='ocrx_word' id='word_1_716' title='bbox 1637 4760 1731 4812; x_wconf 89' lang='grc' dir='ltr'><strong>τοῦ</strong></span> <span class='ocrx_word' id='word_1_717' title='bbox 1772 4761 1916 4830; x_wconf 62' lang='grc' dir='ltr'><strong>πλήο</strong></span> 
     </span>
    </p>
   </div>
   <div class='ocr_carea' id='block_1_95' title="bbox 315 4848 1918 4923">
    <p class='ocr_par' dir='ltr' id='par_1_95' title="bbox 315 4848 1918 4923">
     <span class='ocr_line' id='line_1_95' title="bbox 315 4848 1918 4923; baseline 0.001 -20"><span class='ocrx_word' id='word_1_718' title='bbox 315 4848 445 4914; x_wconf 86' lang='grc' dir='ltr'>θους</span> <span class='ocrx_word' id='word_1_719' title='bbox 478 4848 721 4903; x_wconf 81' lang='grc' dir='ltr'>διάθεσιν</span> <span class='ocrx_word' id='word_1_720' title='bbox 749 4853 841 4904; x_wconf 77' lang='grc' dir='ltr'><strong>ἐπὶ</strong></span> <span class='ocrx_word' id='word_1_721' title='bbox 868 4852 958 4904; x_wconf 83' lang='grc' dir='ltr'><strong>τὸν</strong></span> <span class='ocrx_word' id='word_1_722' title='bbox 986 4852 1225 4923; x_wconf 82' lang='grc' dir='ltr'>Χριστὸν</span> <span class='ocrx_word' id='word_1_723' title='bbox 1255 4852 1556 4921; x_wconf 77' lang='grc' dir='ltr'>μετελθεῖν,</span> <span class='ocrx_word' id='word_1_724' title='bbox 1594 4853 1689 4905; x_wconf 67' lang='grc' dir='ltr'><strong>καὶ</strong></span> <span class='ocrx_word' id='word_1_725' title='bbox 1718 4854 1918 4922; x_wconf 73' lang='grc' dir='ltr'>μηκέτι</span> 
     </span>
    </p>
   </div>
   <div class='ocr_carea' id='block_1_96' title="bbox 312 4943 1917 5017">
    <p class='ocr_par' dir='ltr' id='par_1_96' title="bbox 312 4943 1917 5017">
     <span class='ocr_line' id='line_1_96' title="bbox 312 4943 1917 5017; baseline -0.001 -20"><span class='ocrx_word' id='word_1_726' title='bbox 312 4945 439 5005; x_wconf 78' lang='grc' dir='ltr'>ταῖς</span> <span class='ocrx_word' id='word_1_727' title='bbox 478 4943 606 5012; x_wconf 73' lang='grc' dir='ltr'>περὶ</span> <span class='ocrx_word' id='word_1_728' title='bbox 642 4944 998 5017; x_wconf 79' lang='grc' dir='ltr'>ἀμφοτέρων,</span> <span class='ocrx_word' id='word_1_729' title='bbox 1053 4945 1308 4997; x_wconf 79' lang='grc' dir='ltr'>Ἰωάννου</span> <span class='ocrx_word' id='word_1_730' title='bbox 1350 4944 1445 4998; x_wconf 80' lang='grc' dir='ltr'>καὶ</span> <span class='ocrx_word' id='word_1_731' title='bbox 1488 4943 1753 5013; x_wconf 80' lang='grc' dir='ltr'>Χριστοῦ,</span> <span class='ocrx_word' id='word_1_732' title='bbox 1799 4945 1917 5016; x_wconf 87' lang='grc' dir='ltr'>σχί-</span> 
     </span>
    </p>
   </div>
   <div class='ocr_carea' id='block_1_97' title="bbox 314 5035 1918 5107">
    <p class='ocr_par' dir='ltr' id='par_1_97' title="bbox 314 5035 1918 5107">
     <span class='ocr_line' id='line_1_97' title="bbox 314 5035 1918 5107; baseline 0 -18"><span class='ocrx_word' id='word_1_733' title='bbox 314 5035 509 5101; x_wconf 75' lang='grc' dir='ltr'>ζεσθαι</span> <span class='ocrx_word' id='word_1_734' title='bbox 544 5035 817 5107; x_wconf 78' lang='grc' dir='ltr'>γνώμαις.</span> <span class='ocrx_word' id='word_1_735' title='bbox 864 5037 1201 5101; x_wconf 76' lang='grc' dir='ltr'>Βαπτίζουσι</span> <span class='ocrx_word' id='word_1_736' title='bbox 1235 5038 1418 5090; x_wconf 85' lang='grc' dir='ltr'>τοίνυν</span> <span class='ocrx_word' id='word_1_737' title='bbox 1465 5039 1513 5090; x_wconf 78' lang='lat' dir='ltr'><strong>ot</strong></span> <span class='ocrx_word' id='word_1_738' title='bbox 1544 5039 1639 5090; x_wconf 84' lang='grc' dir='ltr'><strong>τοῦ</strong></span> <span class='ocrx_word' id='word_1_739' title='bbox 1676 5037 1918 5107; x_wconf 82' lang='grc' dir='ltr'>Χριστοῦ</span> 
     </span>
    </p>
   </div>
   <div class='ocr_carea' id='block_1_98' title="bbox 317 5127 1914 5203">
    <p class='ocr_par' dir='ltr' id='par_1_98' title="bbox 317 5127 1914 5203">
     <span class='ocr_line' id='line_1_98' title="bbox 317 5127 1914 5203; baseline -0.003 -18"><span class='ocrx_word' id='word_1_740' title='bbox 317 5130 567 5203; x_wconf 82' lang='grc' dir='ltr'>μαθηταὶ</span> <span class='ocrx_word' id='word_1_741' title='bbox 596 5131 883 5201; x_wconf 80' lang='grc' dir='ltr'>βάπτισμα</span> <span class='ocrx_word' id='word_1_742' title='bbox 915 5131 1085 5201; x_wconf 70' lang='grc' dir='ltr'>μηδὲν</span> <span class='ocrx_word' id='word_1_743' title='bbox 1121 5130 1287 5182; x_wconf 76' lang='grc' dir='ltr'>πλέον</span> <span class='ocrx_word' id='word_1_744' title='bbox 1313 5129 1436 5199; x_wconf 80' lang='grc' dir='ltr'>ἕχον</span> <span class='ocrx_word' id='word_1_745' title='bbox 1467 5127 1563 5181; x_wconf 89' lang='grc' dir='ltr'><strong>τοῦ</strong></span> <span class='ocrx_word' id='word_1_746' title='bbox 1599 5129 1914 5200; x_wconf 68' lang='grc' dir='ltr'>βαπτίσμα-</span> 
     </span>
    </p>
   </div>
   <div class='ocr_carea' id='block_1_99' title="bbox 313 5220 1919 5293">
    <p class='ocr_par' dir='ltr' id='par_1_99' title="bbox 313 5220 1919 5293">
     <span class='ocr_line' id='line_1_99' title="bbox 313 5220 1919 5293; baseline -0.002 -16"><span class='ocrx_word' id='word_1_747' title='bbox 313 5239 411 5287; x_wconf 80' lang='grc' dir='ltr'>τος</span> <span class='ocrx_word' id='word_1_748' title='bbox 445 5223 714 5277; x_wconf 83' lang='grc' dir='ltr'>Ἰωάννου.</span> <span class='ocrx_word' id='word_1_749' title='bbox 759 5225 963 5293; x_wconf 63' lang='grc' dir='ltr'>Ἀμφω</span> <span class='ocrx_word' id='word_1_750' title='bbox 995 5225 1103 5293; x_wconf 76' lang='grc' dir='ltr'>γὰρ</span> <span class='ocrx_word' id='word_1_751' title='bbox 1132 5220 1330 5288; x_wconf 75' lang='grc' dir='ltr'>ἀτελῆ,</span> <span class='ocrx_word' id='word_1_752' title='bbox 1361 5222 1433 5283; x_wconf 76' lang='grc' dir='ltr'>ὡς</span> <span class='ocrx_word' id='word_1_753' title='bbox 1466 5221 1559 5275; x_wconf 88' lang='grc' dir='ltr'><strong>τοῦ</strong></span> <span class='ocrx_word' id='word_1_754' title='bbox 1599 5220 1919 5289; x_wconf 77' lang='grc' dir='ltr'>Πνεῦματος</span> 
     </span>
    </p>
   </div>
   <div class='ocr_carea' id='block_1_100' title="bbox 307 5314 1921 5387">
    <p class='ocr_par' dir='ltr' id='par_1_100' title="bbox 307 5314 1921 5387">
     <span class='ocr_line' id='line_1_100' title="bbox 307 5314 1921 5387; baseline -0.001 -18"><span class='ocrx_word' id='word_1_755' title='bbox 307 5315 555 5387; x_wconf 70' lang='grc' dir='ltr'>ἄμοιρα·</span> <span class='ocrx_word' id='word_1_756' title='bbox 591 5316 741 5369; x_wconf 75' lang='grc' dir='ltr'>αἰτία</span> <span class='ocrx_word' id='word_1_757' title='bbox 778 5318 963 5385; x_wconf 80' lang='grc' dir='ltr'>μέντοι</span> <span class='ocrx_word' id='word_1_758' title='bbox 999 5315 1336 5386; x_wconf 58' lang='grc' dir='ltr'>ἀμφοτέροις</span> <span class='ocrx_word' id='word_1_759' title='bbox 1370 5314 1489 5383; x_wconf 88' lang='grc' dir='ltr'>μία,</span> <span class='ocrx_word' id='word_1_760' title='bbox 1526 5314 1587 5366; x_wconf 75' lang='grc' dir='ltr'><strong>τὸ</strong></span> <span class='ocrx_word' id='word_1_761' title='bbox 1619 5315 1921 5384; x_wconf 82' lang='grc' dir='ltr'>προσάγειν</span> 
     </span>
    </p>
   </div>
   <div class='ocr_carea' id='block_1_101' title="bbox 314 5405 1204 5480">
    <p class='ocr_par' dir='ltr' id='par_1_101' title="bbox 314 5405 1204 5480">
     <span class='ocr_line' id='line_1_101' title="bbox 314 5405 1204 5480; baseline 0 -18"><span class='ocrx_word' id='word_1_762' title='bbox 314 5405 545 5480; x_wconf 80' lang='grc' dir='ltr'>Χριστῷ</span> <span class='ocrx_word' id='word_1_763' title='bbox 582 5408 707 5470; x_wconf 81' lang='grc' dir='ltr'>τοὺς</span> <span class='ocrx_word' id='word_1_764' title='bbox 750 5407 1204 5477; x_wconf 75' lang='grc' dir='ltr'>βαπτιζομένους.</span> 
     </span>
    </p>
   </div>
   <div class='ocr_carea' id='block_1_102' title="bbox 399 5499 1918 5571">
    <p class='ocr_par' dir='ltr' id='par_1_102' title="bbox 399 5499 1918 5571">
     <span class='ocr_line' id='line_1_102' title="bbox 399 5499 1918 5571; baseline 0.001 -20"><span class='ocrx_word' id='word_1_765' title='bbox 399 5518 418 5551; x_wconf 79' lang='lat' dir='ltr'><strong>t</strong></span> <span class='ocrx_word' id='word_1_766' title='bbox 470 5500 719 5569; x_wconf 83' lang='grc' dir='ltr'>Ἐγένετο</span> <span class='ocrx_word' id='word_1_767' title='bbox 746 5500 837 5554; x_wconf 79' lang='grc' dir='ltr'><strong>οὖν</strong></span> <span class='ocrx_word' id='word_1_768' title='bbox 870 5502 1098 5571; x_wconf 76' lang='grc' dir='ltr'>ζήτησις</span> <span class='ocrx_word' id='word_1_769' title='bbox 1134 5501 1199 5553; x_wconf 82' lang='grc' dir='ltr'><strong>ἐκ</strong></span> <span class='ocrx_word' id='word_1_770' title='bbox 1228 5501 1337 5553; x_wconf 82' lang='grc' dir='ltr'>τῶν</span> <span class='ocrx_word' id='word_1_771' title='bbox 1367 5500 1628 5571; x_wconf 71' lang='grc' dir='ltr'>μαθητῶν</span> <span class='ocrx_word' id='word_1_772' title='bbox 1672 5499 1918 5553; x_wconf 81' lang='grc' dir='ltr'>Ἰωάννου</span> 
     </span>
    </p>
   </div>
   <div class='ocr_carea' id='block_1_103' title="bbox 323 5577 1920 5665">
    <p class='ocr_par' dir='ltr' id='par_1_103' title="bbox 323 5577 1920 5665">
     <span class='ocr_line' id='line_1_103' title="bbox 323 5577 1920 5665; baseline -0.002 -19"><span class='ocrx_word' id='word_1_773' title='bbox 323 5592 469 5664; x_wconf 77' lang='grc' dir='ltr'>μετὰ</span> <span class='ocrx_word' id='word_1_774' title='bbox 522 5594 799 5647; x_wconf 87' lang='grc' dir='ltr'>Ἰουδαίων</span> <span class='ocrx_word' id='word_1_775' title='bbox 845 5596 974 5664; x_wconf 76' lang='grc' dir='ltr'>περὶ</span> <span class='ocrx_word' id='word_1_776' title='bbox 1010 5592 1381 5664; x_wconf 80' lang='grc' dir='ltr'>καθαρισμοῦ.</span> <span class='ocrx_word' id='word_1_777' title='bbox 1425 5596 1535 5646; x_wconf 77' lang='grc' dir='ltr'><strong>Καὶ</strong></span> <span class='ocrx_word' id='word_1_778' title='bbox 1582 5590 1745 5665; x_wconf 60' lang='grc' dir='ltr'>ἦλθον</span> <span class='ocrx_word' id='word_1_779' title='bbox 1783 5577 1920 5664; x_wconf 73' lang='grc' dir='ltr'>πρὸς</span> 
     </span>
    </p>
   </div>
   <div class='ocr_carea' id='block_1_104' title="bbox 316 5681 1919 5758">
    <p class='ocr_par' dir='ltr' id='par_1_104' title="bbox 316 5681 1919 5758">
     <span class='ocr_line' id='line_1_104' title="bbox 316 5681 1919 5758; baseline -0.001 -19"><span class='ocrx_word' id='word_1_780' title='bbox 316 5686 413 5739; x_wconf 79' lang='grc' dir='ltr'><strong>τὸν</strong></span> <span class='ocrx_word' id='word_1_781' title='bbox 455 5685 731 5757; x_wconf 80' lang='grc' dir='ltr'>Ἰωάννην,</span> <span class='ocrx_word' id='word_1_782' title='bbox 764 5688 858 5740; x_wconf 75' lang='grc' dir='ltr'><strong>καὶ</strong></span> <span class='ocrx_word' id='word_1_783' title='bbox 893 5682 1045 5739; x_wconf 74' lang='grc' dir='ltr'>εἷπον</span> <span class='ocrx_word' id='word_1_784' title='bbox 1077 5686 1261 5758; x_wconf 78' lang='grc' dir='ltr'>αὐτῷ’</span> <span class='ocrx_word' id='word_1_785' title='bbox 1343 5687 1554 5751; x_wconf 75' lang='grc' dir='ltr'>Ῥα66“ι,</span> <span class='ocrx_word' id='word_1_786' title='bbox 1589 5686 1646 5747; x_wconf 79' lang='grc' dir='ltr'><strong>ὃς</strong></span> <span class='ocrx_word' id='word_1_787' title='bbox 1676 5681 1743 5755; x_wconf 72' lang='grc' dir='ltr'><strong>ἢν</strong></span> <span class='ocrx_word' id='word_1_788' title='bbox 1782 5686 1919 5755; x_wconf 80' lang='grc' dir='ltr'>μετὰ</span> 
     </span>
    </p>
   </div>
   <div class='ocr_carea' id='block_1_105' title="bbox 321 5774 1914 5850">
    <p class='ocr_par' dir='ltr' id='par_1_105' title="bbox 321 5774 1914 5850">
     <span class='ocr_line' id='line_1_105' title="bbox 321 5774 1914 5850; baseline -0.001 -18"><span class='ocrx_word' id='word_1_789' title='bbox 321 5776 419 5832; x_wconf 87' lang='grc' dir='ltr'><strong>σοῦ</strong></span> <span class='ocrx_word' id='word_1_790' title='bbox 452 5781 627 5832; x_wconf 83' lang='grc' dir='ltr'>πέοαν</span> <span class='ocrx_word' id='word_1_791' title='bbox 672 5779 765 5833; x_wconf 88' lang='grc' dir='ltr'><strong>τοῦ</strong></span> <span class='ocrx_word' id='word_1_792' title='bbox 810 5780 1100 5849; x_wconf 83' lang='grc' dir='ltr'>Ἰορδάνου,</span> <span class='ocrx_word' id='word_1_793' title='bbox 1144 5774 1187 5849; x_wconf 83' lang='grc' dir='ltr'>ᾧ</span> <span class='ocrx_word' id='word_1_794' title='bbox 1215 5781 1278 5833; x_wconf 74' lang='grc' dir='ltr'><strong>σὺ</strong></span> <span class='ocrx_word' id='word_1_795' title='bbox 1324 5782 1785 5850; x_wconf 72' lang='grc' dir='ltr'>μεμαρτύρηκας,</span> <span class='ocrx_word' id='word_1_796' title='bbox 1817 5780 1914 5843; x_wconf 77' lang='grc' dir='ltr'>ἴδε,</span> 
     </span>
    </p>
   </div>
   <div class='ocr_carea' id='block_1_106' title="bbox 318 5862 1920 5942">
    <p class='ocr_par' dir='ltr' id='par_1_106' title="bbox 318 5862 1920 5942">
     <span class='ocr_line' id='line_1_106' title="bbox 318 5862 1920 5942; baseline 0.004 -21"><span class='ocrx_word' id='word_1_797' title='bbox 318 5862 481 5935; x_wconf 69' lang='grc' dir='ltr'>οὗτος</span> <span class='ocrx_word' id='word_1_798' title='bbox 530 5869 805 5941; x_wconf 75' lang='grc' dir='ltr'>βαπτίζει,</span> <span class='ocrx_word' id='word_1_799' title='bbox 856 5875 950 5926; x_wconf 74' lang='grc' dir='ltr'>καὶ</span> <span class='ocrx_word' id='word_1_800' title='bbox 999 5875 1200 5936; x_wconf 83' lang='grc' dir='ltr'>πάντες</span> <span class='ocrx_word' id='word_1_801' title='bbox 1249 5873 1503 5942; x_wconf 83' lang='grc' dir='ltr'>ἔρχονται</span> <span class='ocrx_word' id='word_1_802' title='bbox 1546 5872 1683 5942; x_wconf 76' lang='grc' dir='ltr'>πρὸς</span> <span class='ocrx_word' id='word_1_803' title='bbox 1732 5872 1920 5927; x_wconf 83' lang='grc' dir='ltr'>αὐτόν.</span> 
     </span>
    </p>
   </div>
   <div class='ocr_carea' id='block_1_107' title="bbox 334 5960 1920 6038">
    <p class='ocr_par' dir='ltr' id='par_1_107' title="bbox 334 5960 1920 6038">
     <span class='ocr_line' id='line_1_107' title="bbox 334 5960 1920 6038; baseline 0.001 -22"><span class='ocrx_word' id='word_1_804' title='bbox 334 5961 663 6036; x_wconf 68' lang='grc' dir='ltr'>Ἀπεκρίθη,</span> <span class='ocrx_word' id='word_1_805' title='bbox 706 5964 803 6021; x_wconf 75' lang='grc' dir='ltr'><strong>καὶ</strong></span> <span class='ocrx_word' id='word_1_806' title='bbox 841 5960 995 6019; x_wconf 77' lang='grc' dir='ltr'>εἶπεν</span> <span class='ocrx_word' id='word_1_807' title='bbox 1035 5967 1063 6019; x_wconf 86' lang='grc' dir='ltr'><strong>δ</strong></span> <span class='ocrx_word' id='word_1_808' title='bbox 1112 5966 1389 6038; x_wconf 74' lang='grc' dir='ltr'>Ἰωάννηςο</span> <span class='ocrx_word' id='word_1_809' title='bbox 1435 5965 1511 6019; x_wconf 69' lang='grc' dir='ltr'><strong>Οὐ</strong></span> <span class='ocrx_word' id='word_1_810' title='bbox 1557 5966 1782 6019; x_wconf 73' lang='grc' dir='ltr'>δύναται</span> <span class='ocrx_word' id='word_1_811' title='bbox 1824 5962 1920 6018; x_wconf 78' lang='grc' dir='ltr'><strong>ἄν·</strong></span> 
     </span>
    </p>
   </div>
   <div class='ocr_carea' id='block_1_108' title="bbox 2032 4769 3644 4831">
    <p class='ocr_par' dir='ltr' id='par_1_108' title="bbox 2032 4769 3644 4831">
     <span class='ocr_line' id='line_1_108' title="bbox 2032 4769 3644 4831; baseline 0.004 -9"><span class='ocrx_word' id='word_1_812' title='bbox 2032 4770 2313 4831; x_wconf 87' lang='lat' dir='ltr'><strong>transiret,</strong></span> <span class='ocrx_word' id='word_1_813' title='bbox 2343 4778 2395 4821; x_wconf 92' lang='lat' dir='ltr'><strong>et</strong></span> <span class='ocrx_word' id='word_1_814' title='bbox 2434 4785 2539 4822; x_wconf 90' lang='lat' dir='ltr'><strong>non</strong></span> <span class='ocrx_word' id='word_1_815' title='bbox 2588 4769 2968 4823; x_wconf 87' lang='lat' dir='ltr'><strong>dividerentur</strong></span> <span class='ocrx_word' id='word_1_816' title='bbox 3001 4770 3291 4824; x_wconf 75' lang='lat' dir='ltr'><strong>sententia:</strong></span> <span class='ocrx_word' id='word_1_817' title='bbox 3319 4772 3386 4826; x_wconf 88' lang='lat' dir='ltr'><strong>de</strong></span> <span class='ocrx_word' id='word_1_818' title='bbox 3418 4772 3644 4829; x_wconf 78' lang='lat' dir='ltr'><strong>Christo</strong></span> 
     </span>
    </p>
   </div>
   <div class='ocr_carea' id='block_1_109' title="bbox 2030 4859 3641 4933">
    <p class='ocr_par' dir='ltr' id='par_1_109' title="bbox 2030 4859 3641 4933">
     <span class='ocr_line' id='line_1_109' title="bbox 2030 4859 3641 4933; baseline 0.001 -17"><span class='ocrx_word' id='word_1_819' title='bbox 2030 4871 2081 4916; x_wconf 89' lang='lat' dir='ltr'><strong>et</strong></span> <span class='ocrx_word' id='word_1_820' title='bbox 2096 4859 2327 4915; x_wconf 84' lang='lat' dir='ltr'><strong>Joanne.</strong></span> <span class='ocrx_word' id='word_1_821' title='bbox 2347 4861 2641 4930; x_wconf 80' lang='lat' dir='ltr'><strong>Baptizaut</strong></span> <span class='ocrx_word' id='word_1_822' title='bbox 2662 4862 2828 4931; x_wconf 80' lang='lat' dir='ltr'><strong>igitur</strong></span> <span class='ocrx_word' id='word_1_823' title='bbox 2843 4860 3092 4930; x_wconf 87' lang='lat' dir='ltr'><strong>discipuli</strong></span> <span class='ocrx_word' id='word_1_824' title='bbox 3117 4862 3323 4918; x_wconf 82' lang='lat' dir='ltr'><strong>Christi</strong></span> <span class='ocrx_word' id='word_1_825' title='bbox 3344 4863 3641 4933; x_wconf 78' lang='lat' dir='ltr'><strong>baptismo,</strong></span> 
     </span>
    </p>
   </div>
   <div class='ocr_carea' id='block_1_110' title="bbox 1994 4944 3637 5024">
    <p class='ocr_par' dir='ltr' id='par_1_110' title="bbox 1994 4944 3637 5024">
     <span class='ocr_line' id='line_1_110' title="bbox 1994 4944 3637 5024; baseline 0.005 -21"><span class='ocrx_word' id='word_1_826' title='bbox 1994 4944 1997 4945; x_wconf 48' lang='grc'><strong><em>⁷</em></strong></span> <span class='ocrx_word' id='word_1_827' title='bbox 2030 4950 2124 5023; x_wconf 90' lang='lat' dir='ltr'><strong>qui</strong></span> <span class='ocrx_word' id='word_1_828' title='bbox 2156 4951 2291 5005; x_wconf 91' lang='lat' dir='ltr'><strong>ttihil</strong></span> <span class='ocrx_word' id='word_1_829' title='bbox 2323 4950 2561 5005; x_wconf 85' lang='lat' dir='ltr'><strong>habebat</strong></span> <span class='ocrx_word' id='word_1_830' title='bbox 2584 4952 2819 5021; x_wconf 86' lang='lat' dir='ltr'><strong>amplius</strong></span> <span class='ocrx_word' id='word_1_831' title='bbox 2844 4968 3008 5022; x_wconf 82' lang='lat' dir='ltr'><strong>quam</strong></span> <span class='ocrx_word' id='word_1_832' title='bbox 3041 4954 3335 5024; x_wconf 68' lang='lat' dir='ltr'><strong>baptismo:</strong></span> <span class='ocrx_word' id='word_1_833' title='bbox 3364 4956 3595 5013; x_wconf 85' lang='lat' dir='ltr'><strong>Joannis</strong></span> <span class='ocrx_word' id='word_1_834' title='bbox 3623 4974 3637 5012; x_wconf 86' lang='lat'><strong>:</strong></span> 
     </span>
    </p>
   </div>
   <div class='ocr_carea' id='block_1_111' title="bbox 2032 5045 3641 5120">
    <p class='ocr_par' dir='ltr' id='par_1_111' title="bbox 2032 5045 3641 5120">
     <span class='ocr_line' id='line_1_111' title="bbox 2032 5045 3641 5120; baseline 0.003 -21"><span class='ocrx_word' id='word_1_835' title='bbox 2032 5045 2196 5099; x_wconf 84' lang='lat' dir='ltr'><strong>ambo</strong></span> <span class='ocrx_word' id='word_1_836' title='bbox 2228 5045 2376 5099; x_wconf 87' lang='lat' dir='ltr'><strong>enim</strong></span> <span class='ocrx_word' id='word_1_837' title='bbox 2416 5046 2750 5114; x_wconf 83' lang='lat' dir='ltr'><strong>imperfecti,</strong></span> <span class='ocrx_word' id='word_1_838' title='bbox 2793 5056 2846 5102; x_wconf 90' lang='lat' dir='ltr'><strong>et</strong></span> <span class='ocrx_word' id='word_1_839' title='bbox 2881 5048 3123 5101; x_wconf 90' lang='lat' dir='ltr'><strong>nondum</strong></span> <span class='ocrx_word' id='word_1_840' title='bbox 3162 5048 3433 5105; x_wconf 88' lang='lat' dir='ltr'><strong>habentes</strong></span> <span class='ocrx_word' id='word_1_841' title='bbox 3467 5047 3641 5120; x_wconf 85' lang='lat' dir='ltr'><strong>Spiri-</strong></span> 
     </span>
    </p>
   </div>
   <div class='ocr_carea' id='block_1_112' title="bbox 2035 5134 3643 5208">
    <p class='ocr_par' dir='ltr' id='par_1_112' title="bbox 2035 5134 3643 5208">
     <span class='ocr_line' id='line_1_112' title="bbox 2035 5134 3643 5208; baseline 0.007 -20"><span class='ocrx_word' id='word_1_842' title='bbox 2035 5145 2186 5202; x_wconf 87' lang='lat' dir='ltr'><strong>tntn,</strong></span> <span class='ocrx_word' id='word_1_843' title='bbox 2243 5134 2548 5205; x_wconf 79' lang='lat' dir='ltr'><strong>eademque</strong></span> <span class='ocrx_word' id='word_1_844' title='bbox 2599 5138 2817 5208; x_wconf 86' lang='lat' dir='ltr'><strong>utrique</strong></span> <span class='ocrx_word' id='word_1_845' title='bbox 2862 5154 3061 5207; x_wconf 83' lang='lat' dir='ltr'><strong>causa,</strong></span> <span class='ocrx_word' id='word_1_846' title='bbox 3103 5148 3159 5193; x_wconf 92' lang='lat' dir='ltr'><strong>ut</strong></span> <span class='ocrx_word' id='word_1_847' title='bbox 3198 5141 3543 5199; x_wconf 85' lang='lat' dir='ltr'><strong>adducantur</strong></span> <span class='ocrx_word' id='word_1_848' title='bbox 3572 5146 3643 5200; x_wconf 81' lang='lat' dir='ltr'><strong>ad</strong></span> 
     </span>
    </p>
   </div>
   <div class='ocr_carea' id='block_1_113' title="bbox 2036 5229 2649 5298">
    <p class='ocr_par' dir='ltr' id='par_1_113' title="bbox 2036 5229 2649 5298">
     <span class='ocr_line' id='line_1_113' title="bbox 2036 5229 2649 5298; baseline 0.002 -15"><span class='ocrx_word' id='word_1_849' title='bbox 2036 5229 2320 5283; x_wconf 83' lang='lat' dir='ltr'><strong>Christum</strong></span> <span class='ocrx_word' id='word_1_850' title='bbox 2360 5230 2649 5298; x_wconf 83' lang='lat' dir='ltr'><strong>baptizati.</strong></span> 
     </span>
    </p>
   </div>
   <div class='ocr_carea' id='block_1_114' title="bbox 2109 5498 3645 5571">
    <p class='ocr_par' dir='ltr' id='par_1_114' title="bbox 2109 5498 3645 5571">
     <span class='ocr_line' id='line_1_114' title="bbox 2109 5498 3645 5571; baseline 0 -15"><span class='ocrx_word' id='word_1_851' title='bbox 2109 5502 2269 5556; x_wconf 71' lang='lat' dir='ltr'><strong>Vsus.</strong></span> <span class='ocrx_word' id='word_1_852' title='bbox 2304 5499 2497 5556; x_wconf 69' lang='lat'><strong>25-27.</strong></span> <span class='ocrx_word' id='word_1_853' title='bbox 2539 5519 2557 5551; x_wconf 87' lang='grc'><em>‹</em></span> <span class='ocrx_word' id='word_1_854' title='bbox 2594 5498 2725 5556; x_wconf 79' lang='lat' dir='ltr'><strong>Orta</strong></span> <span class='ocrx_word' id='word_1_855' title='bbox 2776 5509 2957 5556; x_wconf 83' lang='lat' dir='ltr'><strong>autem</strong></span> <span class='ocrx_word' id='word_1_856' title='bbox 2996 5510 3080 5556; x_wconf 87' lang='lat' dir='ltr'><strong>est</strong></span> <span class='ocrx_word' id='word_1_857' title='bbox 3118 5504 3350 5571; x_wconf 68' lang='lat' dir='ltr'><strong>qumstio</strong></span> <span class='ocrx_word' id='word_1_858' title='bbox 3381 5519 3446 5557; x_wconf 80' lang='lat' dir='ltr'><strong>ex</strong></span> <span class='ocrx_word' id='word_1_859' title='bbox 3478 5502 3645 5559; x_wconf 78' lang='lat' dir='ltr'><strong>diser-</strong></span> 
     </span>
    </p>
   </div>
   <div class='ocr_carea' id='block_1_115' title="bbox 2032 5592 3646 5665">
    <p class='ocr_par' dir='ltr' id='par_1_115' title="bbox 2032 5592 3646 5665">
     <span class='ocr_line' id='line_1_115' title="bbox 2032 5592 3646 5665; baseline 0.006 -20"><span class='ocrx_word' id='word_1_860' title='bbox 2032 5593 2175 5665; x_wconf 86' lang='lat' dir='ltr'><strong>pnlis</strong></span> <span class='ocrx_word' id='word_1_861' title='bbox 2204 5592 2435 5647; x_wconf 88' lang='lat' dir='ltr'><strong>Joannis</strong></span> <span class='ocrx_word' id='word_1_862' title='bbox 2465 5608 2587 5649; x_wconf 69' lang='lat' dir='ltr'><strong>tum</strong></span> <span class='ocrx_word' id='word_1_863' title='bbox 2628 5592 2829 5649; x_wconf 66' lang='lat' dir='ltr'><strong>Judteis</strong></span> <span class='ocrx_word' id='word_1_864' title='bbox 2879 5594 2946 5650; x_wconf 86' lang='lat' dir='ltr'><strong>de</strong></span> <span class='ocrx_word' id='word_1_865' title='bbox 2984 5595 3389 5665; x_wconf 82' lang='lat' dir='ltr'><strong>puriﬁcatione.</strong></span> <span class='ocrx_word' id='word_1_866' title='bbox 3437 5594 3502 5650; x_wconf 80' lang='lat' dir='ltr'><strong>Et</strong></span> <span class='ocrx_word' id='word_1_867' title='bbox 3550 5612 3646 5654; x_wconf 81' lang='lat' dir='ltr'><strong>ve-</strong></span> 
     </span>
    </p>
   </div>
   <div class='ocr_carea' id='block_1_116' title="bbox 2032 5683 3643 5760">
    <p class='ocr_par' dir='ltr' id='par_1_116' title="bbox 2032 5683 3643 5760">
     <span class='ocr_line' id='line_1_116' title="bbox 2032 5683 3643 5760; baseline 0.005 -21"><span class='ocrx_word' id='word_1_868' title='bbox 2032 5698 2233 5739; x_wconf 84' lang='lat' dir='ltr'><strong>netuttt</strong></span> <span class='ocrx_word' id='word_1_869' title='bbox 2263 5688 2329 5738; x_wconf 88' lang='lat' dir='ltr'><strong>ad</strong></span> <span class='ocrx_word' id='word_1_870' title='bbox 2359 5683 2627 5739; x_wconf 86' lang='lat' dir='ltr'><strong>Joannem</strong></span> <span class='ocrx_word' id='word_1_871' title='bbox 2662 5696 2715 5738; x_wconf 88' lang='lat' dir='ltr'><strong>et</strong></span> <span class='ocrx_word' id='word_1_872' title='bbox 2748 5687 3005 5741; x_wconf 75' lang='lat' dir='ltr'><strong>dixerunt</strong></span> <span class='ocrx_word' id='word_1_873' title='bbox 3038 5689 3088 5742; x_wconf 90' lang='lat' dir='ltr'><strong>ci</strong></span> <span class='ocrx_word' id='word_1_874' title='bbox 3130 5707 3143 5743; x_wconf 91' lang='lat'>:</span> <span class='ocrx_word' id='word_1_875' title='bbox 3175 5688 3372 5750; x_wconf 75' lang='lat' dir='ltr'><strong>Rabiri.</strong></span> <span class='ocrx_word' id='word_1_876' title='bbox 3401 5690 3497 5760; x_wconf 89' lang='lat' dir='ltr'><strong>qui</strong></span> <span class='ocrx_word' id='word_1_877' title='bbox 3522 5701 3643 5747; x_wconf 81' lang='lat' dir='ltr'><strong>erat</strong></span> 
     </span>
    </p>
   </div>
   <div class='ocr_carea' id='block_1_117' title="bbox 2034 5778 3644 5854">
    <p class='ocr_par' dir='ltr' id='par_1_117' title="bbox 2034 5778 3644 5854">
     <span class='ocr_line' id='line_1_117' title="bbox 2034 5778 3644 5854; baseline 0.002 -20"><span class='ocrx_word' id='word_1_878' title='bbox 2034 5791 2210 5834; x_wconf 88' lang='lat' dir='ltr'><strong>tecum</strong></span> <span class='ocrx_word' id='word_1_879' title='bbox 2264 5790 2414 5832; x_wconf 88' lang='lat' dir='ltr'><strong>trans</strong></span> <span class='ocrx_word' id='word_1_880' title='bbox 2453 5778 2771 5841; x_wconf 84' lang='lat' dir='ltr'><strong>Jordaneut,</strong></span> <span class='ocrx_word' id='word_1_881' title='bbox 2821 5781 2907 5833; x_wconf 91' lang='lat' dir='ltr'><strong>cui</strong></span> <span class='ocrx_word' id='word_1_882' title='bbox 2946 5791 3002 5835; x_wconf 89' lang='grc' dir='ltr'><strong>ιιι</strong></span> <span class='ocrx_word' id='word_1_883' title='bbox 3046 5783 3420 5838; x_wconf 84' lang='lat' dir='ltr'><strong>testimonium</strong></span> <span class='ocrx_word' id='word_1_884' title='bbox 3455 5784 3644 5854; x_wconf 83' lang='lat' dir='ltr'><strong>perhi-</strong></span> 
     </span>
    </p>
   </div>
   <div class='ocr_carea' id='block_1_118' title="bbox 2031 5871 3639 5940">
    <p class='ocr_par' dir='ltr' id='par_1_118' title="bbox 2031 5871 3639 5940">
     <span class='ocr_line' id='line_1_118' title="bbox 2031 5871 3639 5940; baseline 0.004 -14"><span class='ocrx_word' id='word_1_885' title='bbox 2031 5872 2220 5937; x_wconf 81' lang='lat' dir='ltr'><strong>buisti,</strong></span> <span class='ocrx_word' id='word_1_886' title='bbox 2269 5887 2399 5924; x_wconf 76' lang='lat' dir='ltr'><strong>ecce</strong></span> <span class='ocrx_word' id='word_1_887' title='bbox 2436 5871 2481 5925; x_wconf 88' lang='lat' dir='ltr'><strong>is</strong></span> <span class='ocrx_word' id='word_1_888' title='bbox 2515 5873 2778 5940; x_wconf 80' lang='lat' dir='ltr'><strong>baptizat,</strong></span> <span class='ocrx_word' id='word_1_889' title='bbox 2806 5880 2860 5925; x_wconf 87' lang='lat' dir='ltr'><strong>et</strong></span> <span class='ocrx_word' id='word_1_890' title='bbox 2894 5886 3091 5927; x_wconf 85' lang='lat' dir='ltr'><strong>omnes</strong></span> <span class='ocrx_word' id='word_1_891' title='bbox 3126 5877 3349 5929; x_wconf 85' lang='lat' dir='ltr'><strong>veniunt</strong></span> <span class='ocrx_word' id='word_1_892' title='bbox 3394 5876 3462 5929; x_wconf 81' lang='lat' dir='ltr'><strong>ad</strong></span> <span class='ocrx_word' id='word_1_893' title='bbox 3490 5892 3639 5932; x_wconf 84' lang='lat' dir='ltr'><strong>enm.</strong></span> 
     </span>
    </p>
   </div>
   <div class='ocr_carea' id='block_1_119' title="bbox 2030 5962 3637 6038">
    <p class='ocr_par' dir='ltr' id='par_1_119' title="bbox 2030 5962 3637 6038">
     <span class='ocr_line' id='line_1_119' title="bbox 2030 5962 3637 6038; baseline 0.005 -19"><span class='ocrx_word' id='word_1_894' title='bbox 2030 5963 2333 6035; x_wconf 74' lang='lat' dir='ltr'><strong>Respondit</strong></span> <span class='ocrx_word' id='word_1_895' title='bbox 2358 5962 2622 6034; x_wconf 81' lang='lat' dir='ltr'><strong>Joannes,</strong></span> <span class='ocrx_word' id='word_1_896' title='bbox 2653 5972 2707 6022; x_wconf 85' lang='lat' dir='ltr'><strong>et</strong></span> <span class='ocrx_word' id='word_1_897' title='bbox 2739 5965 2877 6021; x_wconf 77' lang='lat' dir='ltr'><strong>dixit</strong></span> <span class='ocrx_word' id='word_1_898' title='bbox 2904 5982 2919 6021; x_wconf 87' lang='lat'><strong>:</strong></span> <span class='ocrx_word' id='word_1_899' title='bbox 2952 5964 3068 6023; x_wconf 82' lang='lat' dir='ltr'><strong>Non</strong></span> <span class='ocrx_word' id='word_1_900' title='bbox 3092 5978 3278 6038; x_wconf 80' lang='lat' dir='ltr'><strong>potest</strong></span> <span class='ocrx_word' id='word_1_901' title='bbox 3309 5971 3473 6026; x_wconf 87' lang='lat' dir='ltr'><strong>homo</strong></span> <span class='ocrx_word' id='word_1_902' title='bbox 3496 5971 3637 6027; x_wconf 57' lang='lat' dir='ltr'><strong>acc):</strong></span> 
     </span>
    </p>
   </div>
  </div>
