4052 6548
459 589 595 658 1219

1307 576 1888 641 THEOPHYLACTI
1940 571 2356 636 BULGARUE
2393 571 2751 633 ARCHIEP.

3590 562 3722 627 1220

447 711 576 770 pere
616 694 912 766 quidquam
947 692 1050 748 nisi
1078 690 1240 746 fuerit
1267 689 1315 744 ci
1345 689 1528 742 datum
1556 701 1587 741 e
1616 685 1774 740 cosio.
1817 703 1836 735 ι
1869 682 2038 738 Facta

2144 681 2363 751 Optimo;
2395 677 2697 749 λαμϐάνειν
2735 675 2908 738 οὐδὲν,
2961 674 3058 728 ἐὰν
3088 676 3162 746 μὴ
3257 673 3544 746 δεδομένον
3579 675 3725 744 αὐτῷ

443 797 533 845 est
566 788 794 859 quaestio
820 788 884 839 de
915 783 1238 851 baptismate
1264 779 1528 832 adversus
1563 774 1808 830 Judaeum
1840 788 2032 842 quem-

443 879 569 933 dam
592 873 1043 932 contendentibus
1065 866 1624 938 discipulisJoannis.
1650 864 1785 919 Nam
1811 862 2034 920 Judaeus

442 968 660 1037 quidem
693 962 1017 1034 praeferebat
1047 961 1317 1031 baptisma
1347 957 1736 1026 discipulorum
1774 956 1978 1012 Christi
2013 971 2027 1007 :

443 1055 688 1126 discipuli
721 1064 901 1111 autem
933 1053 1160 1109 Joannis
1183 1053 1448 1123 baptisma
1473 1052 1556 1106 sui
1595 1051 1860 1121 magistri.
1894 1051 2028 1104 Cum

443 1161 572 1217 crgo
601 1146 668 1200 de
696 1146 1098 1216 puriﬁcatione,
1134 1142 1235 1196 hoc
1276 1152 1379 1204 est,
1412 1141 1706 1210 baptismo,
1740 1140 2030 1208 quaesitum

442 1244 610 1298 esset,
655 1237 922 1289 accedunt
959 1234 1025 1289 ad
1075 1233 1391 1303 magistrum
1438 1247 1635 1296 suum,
1680 1240 1733 1284 et
1773 1231 2035 1298 incipiunt

443 1327 624 1381 obiter
653 1327 904 1381 vellicare
953 1340 1108 1391 eum,
1139 1325 1386 1381 dicentes
1431 1337 1446 1376 :
1499 1343 1516 1375 ι
1566 1323 1760 1386 Babbi,
1791 1322 1880 1390 qui
1914 1330 2033 1376 erat

442 1425 642 1480 tecum,
679 1434 696 1466 ι
729 1415 817 1484 qui
854 1417 905 1470 itt
939 1416 1132 1470 ordine
1149 1412 1692 1482 eratdiscipnlorum,
1719 1421 1772 1464 ut
1799 1421 1902 1462 ate
1924 1408 2023 1462 dis-

443 1507 630 1569 wssit,
673 1523 690 1556 ι
715 1507 987 1576 baptizat:
1021 1525 1039 1558 ι
1062 1536 1131 1546 —
1151 1524 1168 1555 ι
1201 1503 1296 1558 Cui
1320 1511 1372 1555 tu
1393 1503 1760 1556 testimonium
1778 1500 2026 1554 dedisti.»

443 1597 558 1652 Hoc
586 1605 690 1663 est,
739 1614 895 1666 quem
943 1597 1250 1667 baptizasti,
1283 1611 1446 1664 quem
1495 1603 1552 1648 tu
1586 1594 1793 1648 clarum
1831 1591 2030 1658 fecisti,

441 1691 630 1744 eadem
673 1705 818 1745 nunc
866 1691 1032 1746 audet
1077 1706 1196 1759 quae
1234 1701 1310 1744 tu.
1370 1688 1477 1744 Sed
1528 1697 1583 1743 et
1629 1689 1772 1741 aliud
1814 1704 1826 1740 :
1862 1687 1926 1740 ad
1983 1697 2033 1742 te

441 1779 573 1835 nulli
604 1796 747 1836 nunc
772 1781 1019 1846 veniunt,
1058 1780 1124 1833 ad
1174 1779 1321 1832 illum
1367 1792 1496 1832 vero
1549 1791 1774 1831 omnes:
1809 1777 2030 1842 Omnes,

442 1869 641 1940 inquit,
701 1871 918 1925 veniunt
969 1870 1034 1924 ad
1081 1883 1228 1933 eum,
1290 1876 1602 1937 contempto
1646 1876 1719 1921 te.
1795 1865 2032 1921 Joannes

441 1973 620 2018 autem
649 1962 836 2017 volens
857 1976 954 2017 eos
981 1970 1208 2025 terrere,
1234 1970 1291 2014 et
1313 1960 1601 2014 ostendere
1623 1959 1765 2029 quod
1795 1969 2032 2028 pugnent

442 2064 630 2109 contra
659 2053 849 2121 Deum,
877 2053 1235 2124 prohibentes
1256 2049 1551 2114 Christum,
1578 2059 1634 2104 et
1652 2047 2032 2103 abstrahentes
2065 2029 2104 2086 Β

443 2159 473 2200 a
500 2146 891 2214 glorificatione
918 2147 1058 2216 ejus,
1091 2146 1256 2200 dicit:
1294 2164 1312 2197 ι
1355 2143 1470 2198 Non
1506 2150 1686 2213 potest
1723 2145 1884 2196 homo
1915 2155 1943 2193 a
1972 2153 2030 2195 se

440 2235 738 2305 quidquam
770 2236 1040 2304 accipere,
1073 2252 1092 2285 ›
1118 2242 1224 2288 etc.
1251 2233 1383 2287 Nam
1411 2232 1511 2286 nisi
1543 2246 1803 2302 superne,
1831 2231 2025 2299 inquit,

441 2327 627 2382 datum
661 2337 832 2390 asset,
870 2327 1187 2396 neutiquam
1218 2328 1486 2382 crevisset
1523 2326 1592 2392 is,
1626 2325 1714 2379 cui
1747 2322 1914 2394 558
1945 2324 2029 2375 in-

441 2420 670 2484 videtis;
710 2430 765 2475 et
791 2421 862 2475 ita
894 2420 948 2475 in
976 2419 1190 2476 duobus
1212 2419 1452 2490 peccatis
1480 2437 1494 2473 :
1534 2434 1660 2473 nam
1691 2428 1742 2470 et
1770 2415 2031 2471 contrarii

443 2511 580 2565 estis
609 2510 793 2564 divino
825 2508 1078 2572 consilio,
1122 2519 1176 2563 et
1221 2509 1502 2564 attentatis
1535 2506 1892 2577 impossibile.
1930 2502 2022 2559 ln-

447 2602 604 2656 terim
635 2613 816 2656 autem
845 2609 900 2654 et
925 2600 1240 2654 consolatur
1269 2612 1364 2654 eos
1397 2598 1626 2668 placide,
1657 2613 1720 2653 eo
1747 2599 1892 2668 quod
1925 2612 2031 2651 non

444 2697 518 2749 sit
548 2696 710 2748 homo
739 2694 830 2762 qui
861 2693 1043 2746 vincat
1077 2693 1252 2760 ipsos,
1300 2696 1396 2748 sed
1443 2691 1610 2746 Deus.
1640 2692 1778 2757 Quin
1818 2701 1871 2744 et
1909 2706 2033 2756 nos,

445 2785 662 2856 inquit,
699 2801 931 2856 superne
969 2785 1262 2841 habuimus
1314 2786 1455 2853 quod
1493 2785 1810 2848 habuimus,
1855 2800 1962 2838 non
2003 2799 2032 2836 a

447 2878 625 2932 nobis.
657 2878 809 2944 Quod
840 2877 884 2931 si
927 2878 1268 2947 praeclariora
1299 2887 1426 2931 sunt
1453 2892 1574 2945 quae
1603 2877 1713 2947 agit
1747 2876 2032 2938 Christus,

449 2985 556 3023 non
591 2979 804 3038 Oportet
837 2968 1118 3022 admirari.
1146 2969 1288 3022 Deus
1315 2969 1458 3022 enim
1491 2968 1623 3022 vult.

525 3058 687 3114 Vens.
715 3060 908 3114 28-30.
939 3077 957 3109 ι
999 3057 1101 3128 Ipsi
1130 3073 1224 3113 vos
1255 3067 1419 3112 testes
1448 3060 1580 3112 estis
1609 3058 1751 3127 quod
1783 3058 2034 3122 dixerim,

449 3151 566 3207 Non
597 3167 713 3206 sum
741 3166 842 3220 ego
875 3150 1127 3205 Christus
1161 3167 1172 3202 :
1206 3150 1298 3204 sed
1333 3152 1534 3204 missus
1561 3166 1682 3204 sum
1713 3162 1838 3204 ante
1867 3151 2033 3205 illum.

449 3244 550 3311 Qui
605 3243 764 3298 habet
815 3258 1096 3313 sponsam,
1134 3256 1365 3311 sponsus
1414 3250 1495 3296 est
1537 3259 1551 3296 :
1604 3243 1814 3295 amicus
1854 3253 2034 3296 autem

451 3339 659 3408 sponsi,
695 3338 785 3402 qui
824 3350 933 3392 stat
979 3348 1033 3392 et
1074 3340 1222 3400 audit
1254 3353 1404 3402 eum,
1449 3335 1646 3407 gaudio
1684 3336 1879 3406 gaudet
1915 3349 2037 3405 pro-
2063 3369 2106 3427 Ο

451 3442 573 3502 pter
603 3445 793 3485 vocem
821 3430 1026 3498 sponsi.
1065 3428 1179 3483 lloc
1215 3437 1395 3482 autem
1435 3429 1692 3499 gaudium
1730 3443 1906 3481 meum
1937 3430 2036 3482 int-

453 3522 655 3589 plctum
675 3531 778 3576 est.
810 3519 963 3574 lllunt
993 3530 1205 3589 oportet
1236 3535 1511 3584 crescere,
1540 3535 1625 3573 me
1640 3533 1772 3574 vero
1791 3519 1980 3574 minui.
2014 3537 2033 3572 ι

450 3611 581 3682 ipsi,
617 3611 816 3680 inquit,
853 3626 948 3664 vos
974 3611 1129 3665 scitis
1170 3612 1313 3679 quod
1351 3625 1451 3680 ego
1487 3610 1855 3664 testimonium
1881 3611 2036 3677 dedi,

451 3705 591 3774 quod
651 3704 821 3772 major
861 3719 946 3758 me
979 3704 1070 3758 sit.
1133 3703 1302 3768 igitur
1347 3705 1392 3757 si
1459 3705 1682 3757 omnino
1731 3719 1916 3758 meum
1953 3715 2039 3758 at-

455 3795 677 3850 tenditis
709 3797 1120 3862 testimonium,
1157 3798 1354 3850 discite
1390 3796 1534 3848 illum
1570 3796 1698 3849 mihi
1742 3796 2038 3864 prmicrett-

454 3886 607 3940 dum.
649 3886 717 3940 Et
757 3886 858 3940 hoc
898 3898 981 3940 est
1020 3887 1271 3954 gaudium
1318 3902 1533 3951 meum,
1585 3889 1725 3956 quod
1771 3888 1836 3941 ad
1887 3889 2038 3941 illum

450 3993 642 4034 Omnes
696 3980 982 4033 accedant.
1039 3980 1096 4033 Si
1157 3981 1373 4048 quidem
1435 3995 1540 4033 non
1592 3982 1915 4035 accessisset
1970 3982 2038 4035 ad

451 4084 712 4140 sponsum
738 4085 961 4139 sponsa,
985 4070 1087 4124 hoc
1103 4069 1222 4134 ‘est,
1250 4070 1499 4141 populus,
1533 4072 1822 4126 doluissem
1855 4073 2041 4142 utique

451 4177 552 4231 ego
604 4164 937 4232 pronubus:
983 4179 1126 4218 nunc
1168 4175 1349 4217 autem
1405 4179 1526 4217 cum
1571 4163 1671 4217 hoc
1717 4165 1842 4229 ﬂat,
1891 4165 2042 4218 valle

453 4255 684 4324 gaudeo.
728 4253 891 4309 Video
931 4254 1077 4308 enim
1113 4270 1370 4325 sponsum
1407 4254 1683 4308 Christum
1728 4256 2040 4326 loquentem

453 4361 688 4416 sponsae,
724 4346 920 4416 papulo
955 4348 1184 4412 scilicet,
1233 4359 1289 4401 et
1339 4350 1622 4402 docentem
1674 4348 1868 4416 ipsum.
1923 4347 2040 4401 Non

454 4438 774 4508 simpliciter
809 4448 989 4490 autem
1021 4441 1180 4502 dixit,
1218 4457 1236 4488 ι
1273 4437 1374 4504 Qui
1411 4449 1536 4492 stat.
1575 4457 1592 4490 i
1621 4438 1868 4493 Ostendit
1896 4443 2040 4495 enint

455 4526 620 4580 tinem
648 4540 770 4580 esse
800 4540 1024 4595 operum
1060 4542 1280 4581 suorum
1303 4569 1317 4594 ,
1360 4539 1413 4582 et
1443 4540 1589 4582 stare
1613 4529 1725 4596 jam
1762 4545 1866 4585 non
1905 4537 2041 4586 ultra

454 4629 795 4688 operantem,
824 4620 1040 4690 etquod
1067 4635 1126 4675 se
1157 4636 1300 4675 nunc
1331 4631 1540 4690 oportet
1575 4632 1742 4685 stare,
1780 4634 1832 4678 et
1871 4626 2042 4678 solum

2136 775 2201 826 ἐκ
2223 771 2318 824 τοῦ
2349 769 2607 842 ούρανοῦ.
2647 788 2664 820 t
2715 767 2965 836 Ἐγένετο
2990 767 3218 838 ζήτησις
3249 767 3380 837 περὶ
3405 766 3503 819 τοῦ
3535 765 3726 835 βαπτί-

2138 880 2349 934 σματος
2406 862 2544 932 πρὸς
2612 860 2872 915 Ἰουδαῖον
2921 877 3044 914 τινα
3100 858 3560 928 φιλονεικούντων
3617 857 3724 912 τῶν

2148 953 2396 1007 Ἰωάννου
2432 951 2713 1022 μαθητῶν.
2757 949 2817 1002 ’0
2846 948 2946 1018 μὲν
2979 948 3089 1018 γάρ
3128 949 3405 1013 Ἰουδαῖος,
3439 947 3502 1001 τὸ
3533 947 3722 1017 βάπτι-

2138 1061 2250 1114 σμα
2277 1043 2386 1098 τῶν
2410 1042 2648 1113 Χριστοῦ
2677 1041 2936 1112 μαθητῶν
2969 1041 3246 1111 προετίθει
3269 1056 3282 1071 ο
3318 1041 3366 1092 οξ
3394 1039 3451 1092 δὶ
3481 1039 3724 1109 μαθηταὶ

2147 1137 2422 1199 Ἰωάννου,
2476 1137 2537 1188 τὸ
2578 1134 2676 1187 τοῦ
2727 1133 3070 1188 διδασκάλου.
3109 1133 3461 1203 Ζητήσαντες
3494 1132 3550 1184 δὲ
3598 1131 3727 1203 περὶ

2133 1228 2228 1281 τοῦ
2261 1227 2627 1297 καθαρισμοῦ,
2655 1228 2776 1297 ἤτοι
2808 1224 2902 1279 τοῦ
2931 1224 3331 1295 βαπτίσματος,
3366 1225 3628 1293 προσίασι
3652 1222 3728 1293 τῷ

2135 1319 2317 1372 αὐτῶν
2345 1319 2671 1386 διδασκάλῳ,
2710 1320 2803 1371 καὶ
2835 1319 3092 1387 ἄρχονται
3135 1317 3501 1386 παρακνίζειν
3539 1317 3725 1377 αὑτὸν,

2134 1408 2415 1476 λέγοντεςο
2446 1425 2466 1458 ι
2523 1407 2736 1471 Ῥαϐϐὶ,
2781 1408 2844 1472 δς
2872 1403 2940 1476 ἦν
2975 1406 3115 1476 μετὰ
3143 1405 3262 1469 σοῦ,
3299 1425 3318 1456 ι
3347 1405 3405 1466 ὃς
3429 1407 3587 1470 τάξιν
3615 1403 3727 1474 εἶχε

2139 1501 2406 1571 μαθητοῦ,
2431 1501 2737 1571 ἀποσχίσας
2767 1519 2784 1552 ι
2811 1498 3080 1569 βαπτίζει.
3111 1518 3234 1552 ›-‹
3267 1492 3338 1568 τῼ
3357 1499 3422 1551 σὺ
3444 1498 3729 1569 μεμαρτύ-

2139 1611 2332 1664 ρηκας,
2369 1611 2386 1645 ι
2414 1595 2537 1646 ἀντὶ
2563 1593 2679 1659 τοῦ,
2716 1595 2812 1647 Ὃν
2845 1594 2909 1645 σὺ
2937 1592 3265 1655 ὲϐάπτισας,
3293 1591 3352 1643 δν
3383 1591 3448 1643 σὺ
3475 1590 3730 1659 λαμπρὸν

2134 1687 2423 1755 ἐποίησας,
2454 1684 2689 1738 τοιαῦτά
2722 1686 2806 1751 (ο)
2830 1701 2910 1737 σοι
2932 1684 3129 1754 τολμᾷ·
3158 1683 3294 1737 ἀλλὰ
3314 1684 3408 1736 καὶ
3437 1685 3646 1752 ἓτερον,
3673 1683 3731 1736 τὸ

2136 1778 2219 1829 σοὶ
2253 1777 2353 1844 μὲν
2384 1775 2458 1844 μὴ
2490 1774 2782 1843 προσέχειν
2799 1775 2974 1837 τινὰς,
3001 1773 3151 1836 αύτῷ
3174 1774 3230 1826 δὲ
3260 1774 3492 1836 πάντας.
3525 1772 3729 1836 Πάντες

2138 1869 2261 1937 γὰρ,
2299 1869 2488 1937 φησὶν,
2521 1868 2772 1937 ἔρχονται
2811 1866 2946 1936 πρὸς
2987 1866 3174 1931 αὑτὸν,
3209 1865 3729 1937 καταφρονήσαντές

2137 1979 2251 2015 σου.
2288 1961 2546 2030 Ἰωάννης
2569 1960 2625 2012 δὲ
2651 1959 2821 2012 θέλων
2844 1959 3040 2022 αὐτοὺς
3063 1959 3395 2028 δκφοϐῆσαι,
3420 1956 3516 2012 καὶ
3534 1957 3728 2024 δεῖξαι,

2133 2055 2214 2106 ὅτι
2242 2053 2319 2122 τῷ
2362 2051 2480 2122 Θεῷ
2509 2052 2841 2120 πολεμοῦσι,
2875 2050 3178 2114 κωλύοντες
3209 2049 3302 2102 τὸν
3335 2048 3600 2120 Χριστὸν,
3639 2050 3732 2102 καὶ

2133 2143 2226 2196 τοῦ
2247 2140 2570 2206 δοξάζεσθαι
2596 2141 2757 2193 αὐτὸν
2772 2141 3152 2210 ἀπείργοντες,
3177 2139 3362 2210 φησίν*
3387 2140 3492 2192 «οὺ
3507 2138 3729 2193 δύναται

2133 2238 2424 2306 ἄνθρωπος
2470 2234 2657 2288 λαϐεῖν
2699 2234 2793 2304 ἀφ’
2827 2233 3023 2287 ἑαυτοῦ
3052 2233 3232 2299 οὐδὲν,
3276 2251 3295 2285 ι
3345 2234 3440 2287 καὶ
3485 2233 3554 2286 τὰ
3580 2233 3728 2304 ἑξῆς.

2138 2325 2198 2378 Et
2236 2325 2346 2396 γὰρ
2399 2323 2474 2393 μὴ
2521 2322 2750 2385 ἄνωθεν,
2802 2323 2974 2390 φησὶ,
3017 2321 3306 2390 δεδομένον
3362 2315 3452 2390 ἦν,
3508 2321 3611 2374 οὑκ
3666 2322 3732 2375 ἂν

2135 2418 2370 2490 ηῦξανεν
2395 2418 2423 2470 ὁ
2455 2419 2584 2488 παρ’
2615 2417 2770 2486 ὑμῶν
2803 2415 3189 2485 φθονούμενος.
3225 2414 3390 2468 ⁹Ωστε
3422 2415 3518 2468 δύο
3551 2416 3736 2484 άμιιρ⁶

2133 2512 2322 2564 τάνετε
2346 2512 2404 2563 ιν
2427 2509 2637 2578 ταυτῷο
2673 2509 2730 2561 ἓν
2753 2509 2871 2579 μὶν,
2897 2510 2958 2561 1:6
2982 2508 3358 2562 ἐναντιοῦσθαι
3381 2512 3448 2581 τῇ
3475 2509 3571 2564 τοῦ
3595 2510 3732 2566 Θεοῦ

2137 2604 2297 2674 βουλῇ
2319 2621 2332 2635 ο
2365 2604 2551 2674 ἓτερον
2567 2604 2642 2667 δὲ,
2672 2603 2732 2655 τὸ
2754 2602 3015 2656 ἀδύνατον
3038 2603 3359 2672 ἐπιχειρεῖν.
3386 2604 3540 2673 Ἀμα
3563 2604 3733 2659 δὲκαὶ

2139 2694 2327 2764 ἡρέμα
2349 2692 2760 2762 παραμυθεῖται
2790 2692 3010 2754 αὐτοὺς.
3035 2692 3116 2744 ὅτι
3135 2693 3248 2746 Ούκ
3277 2692 3565 2762 ἄνθρωπός
3589 2695 3734 2746 ἐστιν

2135 2786 2162 2836 6
2190 2783 2355 2837 νικῶν
2375 2784 2541 2853 ὑμᾶς,
2559 2782 2697 2836 άλλὰ
2715 2783 2869 2845 Θεός.
2901 2783 3062 2836 Ἀλλὰ
3084 2783 3178 2836 καὶ
3199 2784 3576 2854 ἡμεῖς,φησὶν,
3596 2785 3736 2838 άνω-

2137 2877 2229 2929 θεν
2245 2875 2506 2947 εῖχομενδ
2540 2875 2781 2947 εἴχομεν,
2805 2877 2904 2928 οὐκ
2935 2877 3164 2929 οἴκοθεν.
3191 2877 3253 2930 Εἰ
3284 2877 3340 2929 δὲ
3377 2876 3735 2948 λαμπρότερα

2138 2970 2203 3022 τὰ
2225 2967 2318 3021 τοῦ
2336 2968 2590 3038 Χριστοῦ,
2612 2969 2673 3021 οὺ
2697 2970 2802 3040 χρὴ
2818 2968 3121 3038 θαυμάζειν
3139 2988 3151 3000 ·
3173 2970 3305 3032 Θεὸς
3326 2972 3438 3042 γὰρ
3456 2971 3729 3039 βούλεται.

2219 3080 2236 3112 ι
2276 3063 2441 3112 Αὐτοὶ
2488 3062 2647 3129 ὑμεῖς
2680 3065 3016 3133 μαρτυρεῖτε
3059 3064 3217 3132 ἐμοὶ,
3261 3064 3344 3117 ὅτι
3383 3061 3575 3117 εἶπον·
3626 3064 3736 3118 Οὐκ

2140 3153 2260 3221 εἰμὶ
2297 3151 2410 3220 ἐγὼ
2433 3155 2460 3204 6
2493 3153 2749 3221 Χριστὸς,
2784 3153 2898 3206 ἀλλ’
2929 3155 3011 3207 ὅτι
3044 3154 3461 3225 ἀπεσταλμένος
3488 3156 3609 3226 sip}.
3641 3157 3738 3227 ἔμ-

2143 3244 2380 3316 προσθεν
2401 3247 2635 3300 ἐκείνου.
2671 3245 2732 3300 '0
2754 3246 2894 3316 έχων
2916 3247 3017 3318 τὴν
3038 3247 3280 3319 νύμφην,
3307 3250 3545 3319 νυμφίος
3568 3250 3732 3305 ἐστίν’

2139 3342 2166 3394 6
2191 3338 2246 3392 δὲ
2275 3339 2429 3409 φίλος
2455 3337 2550 3392 τοῦ
2577 3340 2814 3409 νυμφίου
2833 3341 2861 3392 6
2883 3341 3156 3411 έστηκὼς,
3181 3343 3275 3394 καὶ
3298 3341 3516 3396 ἀκούων
3544 3341 3733 3406 αὑτοῦ,

2143 3437 2287 3507 χαρᾷ
2319 3434 2502 3506 χαίρει
2530 3432 2619 3485 διὰ
2648 3433 2748 3503 τὴν
2796 3434 2984 3504 φωνὴν
3031 3434 3127 3488 τοῦ
3163 3435 3426 3505 νυμφίου.
3459 3436 3616 3506 Αὕτη
3645 3435 3736 3490 οὖν

2143 3531 2176 3598 ἡ
2215 3528 2362 3598 χαρὰ
2393 3531 2426 3598 ἡ
2460 3528 2568 3597 ἐμὴ
2600 3527 2984 3598 πεπλήρωται.
3048 3529 3288 3582 Ἐκεῖνον
3331 3528 3414 3581 δεῖ
3448 3530 3735 3597 αὐξάνειν,

2145 3622 2246 3692 ἐμὲ
2270 3621 2325 3674 δὲ
2352 3620 2732 3674 ἐλαττοῦσθαι.
2764 3641 2781 3674 ι
2811 3623 2997 3686 Αὐτοὶ,
3019 3621 3205 3692 φησὶν,
3234 3623 3389 3690 ὑμεῖς
3412 3625 3735 3690 γινώσκετε,

2142 3716 2224 3769 ὅτι
2261 3715 2370 3784 ἐγὼ
2399 3714 2804 3785 μεμαρτύρηκα
2829 3714 3002 3784 αύτῷ,
3029 3716 3111 3768 ὅτι
3143 3717 3347 3784 μείζων
3391 3715 3532 3787 ἐμοῦ
3566 3721 3736 3771 ἐστιν.

2144 3809 2206 3861 Et
2234 3805 2329 3861 οὖν
2378 3809 2517 3870 ὅλως
2562 3810 2627 3876 τῇ
2675 3809 2781 3878 ἐμῇ
2822 3808 3102 3878 μαρτυρίᾳ
3146 3810 3472 3878 προσέχετε,
3511 3809 3736 3879 μάθετε,

2142 3903 2224 3955 ὅτι
2253 3903 2461 3963 ἐκεῖνος
2488 3900 2625 3970 ἐμοῦ
2667 3900 3058 3971 προτιμητέος,
3087 3901 3180 3952 καὶ
3202 3900 3362 3954 τοῦτό
3391 3903 3544 3954 ἐστιν
3571 3903 3603 3973 ὴ
3635 3901 3738 3972 ἐμὴ

2143 3994 2309 4064 χαρὰ,
2345 3995 2406 4046 τὸ
2441 3993 2635 4063 ἐκείνῳ
2671 3995 2881 4055 πάντας
2915 3994 3339 4061 προσέρχεσθαι.
3386 3995 3448 4048 Εἰ
3493 3995 3596 4065 μὲν
3635 3997 3740 4067 γάρ

2149 4087 2223 4156 μὴ
2248 4089 2422 4156 προσή
2435 4103 2593 4156 ρχετο
2618 4086 2696 4156 τῷ
2718 4086 2936 4156 νυμφίῳ
2969 4087 3179 4157 νύμφη,
3209 4089 3510 4149 τουτέστιν,
3537 4092 3566 4142 6
3594 4089 3739 4152 λαὸς,

2145 4181 2263 4232 τότε
2295 4180 2360 4234 ἂν
2407 4181 2620 4250 ἡλγησα
2663 4179 2774 4246 εγὼ
2817 4183 2844 4232 6
2889 4181 3283 4248 νυμφαγωγός·
3321 4181 3420 4234 νῦν
3457 4182 3514 4234 δὲ
3549 4181 3736 4234 τούτου

2146 4270 2466 4341 γενομένου,
2503 4273 2647 4340 χαρᾷ
2695 4270 2894 4342 χαίρω.
2947 4271 3140 4324 Βλέπω
3191 4273 3300 4341 γὰρ
3354 4273 3448 4324 τὸν
3500 4273 3732 4343 νυμφίον

2146 4362 2189 4414 Χ
2203 4362 2382 4431 ριστὸν
2405 4361 2688 4430 φωνοῦντα
2711 4365 2776 4432 τῇ
2802 4361 2862 4413 νύ
2873 4379 3012 4432 μφῃ,
3035 4362 3111 4432 τῷ
3134 4361 3267 4432 λαῷ,
3298 4364 3391 4416 καὶ
3418 4363 3738 4418 διδάσκοντα

2147 4453 2331 4507 αὐτόν.
2391 4453 2503 4522 Οὐχ
2534 4451 2722 4515 ἁπλῶς
2765 4452 2822 4505 δὲ
2866 4447 2989 4504 εἷπε
3023 4439 3118 4505 κοὶι
3159 4453 3254 4515 τὸ,
3295 4472 3312 4504 ι
3373 4452 3676 4521 Ἐστηκώς.
3716 4474 3733 4507 ι

2148 4546 2400 4598 Δείκνυσι
2446 4548 2555 4615 γάρ
2604 4545 2686 4598 ὅτι
2735 4546 2801 4598 τὰ
2843 4545 3014 4598 αὑτοῦ
3065 4546 3383 4610 πέπαυται,
3426 4548 3522 4601 καὶ
3577 4549 3738 4619 ἔστη,

2148 4637 2333 4690 οὐκέτι
2385 4635 2742 4705 ἐνεργοῦντα,
2790 4638 2887 4689 καὶ
2936 4638 3020 4690 ὄτι
3058 4637 3224 4690 αὑτὸν
3276 4637 3466 4690 λοιπὸν
3517 4640 3739 4696 ἑστάναι

455 4712 643 4766 audire
667 4711 940 4767 Christum
974 4714 1279 4779 docentem,
1327 4723 1377 4770 et
1409 4711 1768 4774 disserentem
1806 4733 2038 4786 sponsas.

2152 4729 2279 4798 χρὴ,
2329 4730 2423 4781 καὶ
2460 4730 2621 4797 μόνον
2669 4726 2893 4782 ἀκούειν
2925 4727 3022 4780 τοῦ
3074 4728 3314 4799 Χριστοῦ
3359 4729 3735 4798 διδάσκοντος,

454 4802 631 4858 Meum
661 4805 830 4868 enim,
861 4807 1059 4874 inquit,
1083 4821 1220 4876 Opus
1253 4808 1553 4876 perfectum
1599 4819 1682 4862 est
1703 4850 1716 4872 ,
1763 4824 1815 4863 et
1847 4814 2042 4866 tradidi

461 4895 564 4966 ipsi
593 4896 872 4966 populum.
899 4900 1125 4968 Oportet
1156 4900 1321 4969 igitur
1355 4915 1528 4954 meam
1561 4903 1778 4971 quidem
1815 4903 2042 4972 gloriam

456 4989 742 5057 imminui,
775 4991 920 5048 illius
957 5004 1137 5047 autem
1173 4992 1380 5061 augeri.
1431 4994 1600 5064 Igitur
1631 4997 1900 5064 quomodo
1942 4996 2044 5050 im-

455 5081 718 5138 minuitur
748 5084 918 5154 gloria
954 5085 1353 5141 Praecursoris?
1410 5085 1502 5140 \‘el
1527 5089 1749 5142 omnino
1784 5091 2046 5144 sicut-lu-

456 5171 592 5229 cifer
621 5189 651 5229 a
689 5173 804 5230 sole
858 5177 1191 5241 occultatur,
1243 5182 1298 5230 et
1354 5178 1569 5232 videtur
1611 5181 1827 5248 quidem
1863 5181 2046 5235 multis

458 5267 603 5335 quod
633 5269 929 5324 extinctum
963 5271 1033 5325 sit
1068 5271 1270 5335 lumen,
1298 5282 1352 5325 at
1385 5287 1570 5327 revera
1605 5288 1708 5327 non
1739 5282 1822 5327 est
1844 5275 2047 5328 exstin-

460 5365 631 5427 ctum,
678 5361 774 5415 sed
828 5380 858 5415 a
895 5363 1088 5433 majori
1137 5363 1466 5432 occultatur,
1511 5366 1582 5419 ita
1636 5375 1692 5420 et
1741 5365 2046 5422 Prmcursor

459 5447 606 5504 velut
652 5449 847 5506 lucifer
877 5467 906 5506 a
954 5456 1219 5522 spirituali
1272 5459 1386 5512 sole
1415 5458 1743 5523 occultatus,
1797 5459 2046 5515 imminui

459 5539 688 5601 dicitur.
739 5543 952 5601 Crescit
1000 5557 1180 5601 autem
1223 5548 1511 5615 Christus,
1562 5553 1857 5606 secundum
1901 5553 2049 5622 quod

460 5636 724 5706 paulatim
757 5636 1071 5691 manifestat
1108 5653 1166 5692 se
1197 5653 1292 5707 per
1321 5641 1474 5710 signa
1506 5649 1560 5694 et
1606 5643 1890 5709 miracula,
1937 5658 2045 5699 non

463 5727 761 5786 secundum
794 5729 1096 5796 profectum
1122 5736 1177 5786 in
1214 5732 1502 5788 virtutibus
1530 5752 1544 5787 :
1581 5735 1753 5789 absit:
1777 5736 1876 5790 hoc
1901 5736 2046 5790 enim

463 5818 699 5875 Nestorii
729 5819 1144 5876 deliramentum
1172 5834 1319 5878 esset
1359 5844 1371 5879 :
1401 5825 1494 5877 scd
1529 5827 1830 5880 secundum
1866 5839 2048 5882 osten-

465 5913 671 5969 sionem
700 5921 755 5968 et
796 5914 1291 5974 manifestationetn
1323 5919 1564 5974 deitatis.
1597 5919 1863 5978 Paulatim
1899 5921 2045 5979 enim

537 6027 614 6099 (a)
640 6025 915 6100 lnterpres
955 6033 1083 6105 legit
1108 6037 1174 6091 τὰ
1195 6034 1354 6090 αὑτά.
1388 6034 1544 6092 Ευιτ.
1570 6035 1736 6095 Pam.

2150 4820 2243 4870 καὶ
2287 4818 2672 4889 διαλεγομένου
2707 4820 2843 4892 πρὸς
2875 4819 2976 4890 τὴν
3008 4819 3249 4890 νύμφην.
3292 4821 3366 4874 T6
3415 4823 3527 4893 γὰρ
3586 4826 3735 4894 έμδν,

2148 4911 2336 4978 φησὶν,
2373 4911 2535 4983 ἔργον
2566 4913 2818 4983 ἡννσται,
2847 4913 2944 4966 καὶ
2972 4914 3272 4985 παρέδωκα
3293 4917 3444 4988 αὑτῷ
3471 4918 3563 4972 τον
3592 4919 3734 4972 λαόν.

2147 5004 2267 5074 Χρὴ
2321 5005 2503 5058 τοίνυν
2550 5006 2650 5075 τὴν
2702 5005 2841 5075 ἐμὴν
2883 5005 3038 5073 δόξαν
3093 5006 3489 5073 ἔλαττοῦσθαι,
3542 5010 3642 5080 τὴν
3682 5009 3736 5063 δὲ

2146 5097 2357 5148 ἐκείνου
2415 5096 2692 5162 αὐξάνειν.
2744 5097 2866 5160 Πῶς
2916 5098 2973 5150 δι
3025 5097 3135 5169 ἄρα
3182 5099 3508 5154 ἐλαττοῦται
3541 5105 3574 5173 ἡ
3614 5102 3738 5166 δῦξα

2147 5187 2240 5240 τοῦ
2275 5187 2622 5259 Προδρόμους
2657 5185 2730 5242 Ἦ
2771 5190 3012 5256 πάντως,
3048 5191 3237 5264 ὥσπερ
3269 5194 3297 5244 6
3325 5194 3605 5266 ἑωσφόρος
3635 5195 3736 5250 ὑπὸ

2147 5280 2241 5334 τοῦ
2271 5281 2426 5351 ἡλίου
2457 5282 2671 5352 ἁποκρύ
2685 5301 2897 5349 πτεται,
2928 5287 3022 5337 καὶ
3039 5285 3188 5339 δοκεῖ
3217 5286 3317 5355 μὲν
3350 5291 3466 5353 τοῖς
3498 5290 3731 5355 πολλοῖς,

2148 5375 2228 5428 ὅτι
2261 5376 2514 5430 ἔσϐεσται
2543 5377 2604 5428 τὸ
2650 5377 2798 5445 φῶς,
2854 5381 2920 5448 τῇ
2951 5378 3005 5431 δὲ
3039 5379 3269 5451 ᾁληθεία
3311 5381 3412 5434 οὐκ
3460 5382 3735 5448 ἔσϐεσται,

2150 5465 2264 5520 ἀλλ’
2314 5468 2420 5520 ὑπὸ
2471 5467 2568 5522 τοῦ
2621 5468 2871 5540 μείζονος
2897 5447 3256 5542 κρύπτεται,
3290 5472 3436 5526 οὕτω
3470 5477 3566 5528 καὶ
3603 5475 3738 5545 ups-

2148 5557 2347 5628 δρομος
2374 5561 2403 5612 6
2440 5561 2719 5631 ἑωσφόρος
2750 5561 2855 5614 ὑπὸ
2882 5562 2980 5615 τοῦ
3011 5563 3204 5634 νοητοῦ
3236 5563 3392 5635 ἡλίου
3424 5568 3740 5637 κρυπτόμε-

2149 5669 2258 5718 νος,
2300 5652 2657 5708 ιλαττοῦσθαι
2689 5654 2940 5724 λέγεται·
2977 5655 3132 5720 αὔξει
3160 5657 3216 5710 δὲ
3242 5659 3270 5710 6
3302 5658 3562 5728 Χριστὸς,
3608 5658 3740 5714 καθὸ

2150 5745 2291 5800 κατὰ
2317 5746 2493 5818 βραχὺ
2526 5748 2783 5817 έκφαίνει
2820 5748 3012 5802 ἑαυτὸν
3045 5751 3136 5803 διὰ
3181 5750 3289 5803 τῶν
3321 5750 3651 5820 θαυμάτωνο
3681 5753 3738 5806 οὗ

2149 5839 2292 5893 κατὰ
2333 5839 2619 5911 προκοπὴν
2650 5839 2747 5911 τὴν
2778 5841 2836 5894 ὲν
2888 5843 3060 5912 ἀρετῇ
3100 5840 3283 5905 αὔξων
3337 5844 3457 5913 (μὴ
3493 5844 3742 5912 γένοιτόι

2148 5930 2308 5987 τοῦτο
2344 5931 2456 6004 γὰρ
2495 5933 2796 6006 Νεστορῐου
2840 5935 2903 5988 τὸ
2935 5935 3349 6008 παραλήρημα)
3372 5976 3388 6004 ,
3422 5937 3566 5994 ἀλλὰ
3604 5938 3747 5995 κατά
