4052 6572
289 527 420 596 1221

974 531 1430 596 ENARRATIO
1466 531 1550 596 IN
1589 525 2098 597 EVANGELIUM
2128 523 2484 588 JOANNIS.
2525 547 2594 558 -
2622 521 2783 585 CAP.
2821 520 2940 584 IlI.

3483 510 3627 580 1222

283 651 392 722 τὴν
403 650 672 722 ικφανσιν
699 652 798 708 καὶ
826 651 1097 718 ιπίδειειν
1119 652 1222 724 τῆς
1249 652 1529 726 θεότητος.
1557 651 1700 708 Κατ’
1718 649 1896 720 όλίγον

2010 644 2315 702 declaravit
2361 657 2423 700 se
2470 642 2642 698 Deum
2689 654 2840 707 esse,
2889 648 2948 696 et
2995 649 3104 693 non
3152 642 3377 705 repente
3407 633 3619 693 simul.

286 744 419 816 γάρ,
475 744 560 799 ὅτι
609 744 745 809 Θεός
794 746 966 812 ἔστιν,
1015 744 1312 818 ἐξέφαινε,
1355 747 1454 800 καὶ
1497 747 1601 800 οῦκ
1655 744 1899 817 ἀθρόως.

288 836 661 909 Πεπλήρωται
690 830 807 900 οὖν,
835 837 1030 907 φησὶν,
1053 837 1088 908 ἡ
1116 837 1227 909 ἐμὴ
1253 837 1401 909 χαρά
1425 835 1519 890 ἐπί
1548 834 1628 906 τῷ
1649 834 1895 907 νυμφίῳ.

287 928 362 982 Τὸ
403 929 516 999 γὰρ
546 927 734 1000 ῑργον,
779 927 810 980 ὸ
855 927 1192 1000 ἐπιστεύθην
1223 928 1301 994 ὡς
1331 927 1738 1000 νυμφαγωγὸς,
1785 926 1899 998 όρῶ

288 1021 681 1093 προχωρῆσαν.
707 1019 898 1091 Πάσης
918 1020 1109 1074 έτοίνυν
1136 1020 1317 1091 ψυχῆς
1337 1020 1595 1091 νυμφίος,
1615 1020 1643 1073 6
1666 1017 1895 1089 Κύριοςο

286 1111 517 1183 νυμφὼν
543 1111 622 1179 δὲ,
655 1110 787 1166 ἔνθα
831 1113 863 1182 ἡ
918 1112 1190 1179 συνάφεια
1234 1111 1470 1182 γίνεται,
1504 1113 1533 1166 ό
1580 1110 1746 1174 τόπος
1797 1107 1895 1165 τοῦ

287 1202 695 1276 βαπτίσματος,
722 1205 842 1276 ἢτοι
866 1205 899 1274 ἡ
945 1203 1268 1275 Ἐκκλησία.
1295 1205 1490 1258 Δίδωσι
1516 1204 1576 1258 δὶ
1596 1202 1898 1277 ἀρραϐῶνα

287 1301 356 1370 τῇ
375 1295 588 1372 νύμφῃ,
608 1297 899 1370 ἁμαρτιῶν
940 1297 1153 1366 ἄφεσιν,
1179 1297 1498 1370 ῐίνεύματος
1517 1296 1677 1366 ἀγίου
1696 1314 1894 1352 κοινω-

290 1394 433 1444 νίανο
460 1388 527 1443 τά
553 1389 610 1443 δὲ
633 1388 940 1460 τελεώτερα
961 1389 1019 1441 ιν
1041 1387 1122 1459 τῷ
1151 1389 1429 1460 μέλλοντι,
1452 1390 1542 1444 ὅτε
1563 1390 1635 1444 τά
1659 1393 1896 1462 κρείττω

287 1484 381 1537 καὶ
410 1482 723 1554 ὑψηλότερα
752 1483 1186 1553 μυσταγωγήσει
1209 1483 1325 1546 τοῐς
1345 1482 1539 1548 ἀξίοις.
1571 1482 1892 1554 Σημείωσαι

285 1576 364 1641 ιι,
401 1577 486 1630 ὅτι
532 1577 710 1639 οὐδεὶς
749 1574 912 1638 ἀλλος
957 1575 1077 1628 ἐστὶ
1120 1575 1391 1646 νυμφίος,
1449 1576 1499 1628 εί
1549 1575 1626 1646 μὴ
1674 1575 1834 1645 μόνος
1864 1577 1894 1629 6

286 1669 560 1742 Χριστός·
617 1668 823 1732 πάντες
875 1667 935 1722 δὲ
986 1667 1036 1722 oi
1086 1666 1473 1732 διδάσκοντες,
1527 1666 1892 1738 νυμφαγωγοί

285 1764 448 1828 εἰσιν,
483 1763 682 1832 ῶσπερ
708 1755 803 1816 οὖν
829 1761 925 1815 καὶ
955 1762 983 1815 6
1014 1760 1352 1832 Πρόδρομος.
1384 1759 1575 1824 Οὐδεὶς
1601 1758 1711 1827 γάρ
1731 1758 1893 1823 ἄλλος

285 1854 472 1925 δωτήρ
496 1855 614 1909 ἔστι
650 1853 762 1908 τῶν
794 1855 1042 1924 ἀγαθῶν,
1074 1855 1124 1908 εί
1158 1854 1234 1926 μὴ
1265 1855 1293 1907 6
1323 1854 1552 1925 Κύριος·
1577 1854 1629 1907 oi
1657 1853 1715 1908 δὲ
1739 1853 1892 1908 ἄλλοι

285 1951 512 2016 πάντες,
545 1951 788 2024 μῖισῐται,
823 1953 921 2007 καὶ
951 1951 1062 2006 τῶν
1093 1951 1250 2024 παρά
1277 1951 1371 2006 τοῦ
1422 1950 1633 2022 Κυρίου
1663 1947 1889 2022 δεδομέ-

285 2064 398 2100 νων
427 2044 651 2115 ἀγαθῶν
681 2046 944 2100 διάκονοι.

361 2159 386 2196 ι
437 2137 499 2194 '0
529 2140 740 2196 ἀνωθεν
773 2141 1096 2213 ἐρχόμενος,
1141 2141 1332 2196 ὲπάνω
1381 2138 1602 2193 πάντων
1645 2136 1830 2192 ἔστιν’
1867 2138 1896 2191 6

286 2233 367 2288 ῶν
399 2236 467 2289 ὲκ
497 2235 595 2306 τῆς
619 2233 744 2303 γῆς,
779 2235 844 2288 ὲκ
876 2235 976 2304 τῆς
1006 2233 1114 2304 γῆς
1138 2236 1278 2301 ἐστι,
1305 2235 1401 2288 καὶ
1431 2235 1497 2287 ὲκ
1522 2233 1623 2303 τῆς
1655 2235 1758 2304 γῆς
1795 2231 1896 2284 λα·-

287 2331 390 2388 λεϊ.
434 2331 497 2386 '0
524 2333 590 2385 ἐκ
623 2330 718 2384 τοῦ
766 2329 1002 2402 οὐρανοῦ
1045 2329 1370 2402 ἐρχόμενος,
1427 2329 1619 2383 ἐπάνω
1672 2327 1896 2381 πάντων

289 2407 442 2480 ἱστί’
474 2422 570 2477 καὶ
611 2422 640 2476 ὃ
685 2421 929 2494 ἑώρακε,
971 2421 1068 2475 καὶ
1119 2422 1346 2493 ἢκουσε,
1391 2421 1553 2476 τοῦτο
1590 2421 1892 2492 μαρτυρεΡ

290 2519 388 2574 καὶ
428 2517 529 2588 τὴν
578 2524 898 2591 μαρτυριαγ
925 2514 1094 2576 αυτοῦ
1144 2516 1322 2580 οὐδεὶς
1352 2515 1650 2587 λαμϐάνει.
1709 2514 1768 2568 '0
1801 2515 1897 2568 λα-

289 2613 404 2668 ϐὼν
449 2613 616 2667 αὑτοῦ
655 2630 756 2682 την
800 2612 1136 2684 μαρτυρίαν,
1171 2612 1509 2682 ἐσφράγισεν
1555 2610 1638 2664 δτι
1685 2611 1714 2664 6
1762 2609 1899 2674 Θεὸς

288 2704 501 2776 ἀληθής
544 2707 718 2758 ἐστιν.
777 2703 874 2759 Ὃν
911 2703 1020 2774 γὰρ
1073 2703 1397 2758 ἀπέστειλεν
1430 2706 1458 2757 6
1488 2703 1644 2767 Θεὸς,
1686 2702 1756 2760 τὰ
1795 2703 1896 2774 ῥή-

293 2815 442 2869 ματα
468 2796 564 2850 τοῦ
595 2797 730 2850 Θεοῦ
775 2797 944 2850 λαλεῖ.
986 2797 1062 2850 Οὐ
1094 2798 1205 2867 γὰρ
1239 2798 1303 2850 ὲκ
1361 2797 1566 2866 μέτρου
1617 2796 1837 2850 δίδωσιν
1869 2797 1897 2849 ό

287 2890 422 2953 Θεὸς
455 2891 517 2944 τὸ
541 2891 840 2970 Πνεῦμαεϊι
881 2892 1176 2960 Συγκρίνει
1206 2891 1444 2944 ἑαυτὸνό
1470 2891 1786 2961 Πρόδρομος
1819 2887 1897 2958 τῷ

287 2981 536 3054 Χριστῷ,
572 2984 666 3037 καί
698 2971 899 3054 ιριςθῖ
915 2985 997 3037 ὅτι
1029 2984 1272 3046 Ἐκεῖνος
1298 2982 1398 3053 μὲν
1431 2981 1640 3036 ἄνωθεν
1673 2981 1896 3052 ἔρχεται

288 3076 357 3130 ὲκ
381 3075 476 3128 τοῦ
497 3076 732 3146 Πατρὸς,
757 3078 854 3130 καὶ
886 3077 1072 3129 ἐπάνω
1097 3075 1317 3129 πάντων
1347 3073 1519 3136 ἐστὶν,
1552 3072 1896 3145 ἐξῃρημένος

289 3168 513 3222 πάντων
541 3171 636 3222 καὶ
663 3170 760 3238 τὴν
791 3168 1066 3241 Πατρῴαν
1108 3168 1386 3239 ὑπεροχὴν
1410 3165 1716 3230 ἀποσὼζων
1739 3180 1752 3196 ⁸
1782 3163 1895 3233 ἐγὼ

286 3260 347 3314 δὲ
389 3261 454 3314 ὲκ
478 3262 581 3330 γῆς
614 3258 712 3326 ῶν,
740 3265 905 3330 γήϊνα
945 3260 1115 3325 λαλῶ,
1153 3260 1345 3330 εὐτελῆ
1398 3260 1492 3314 καὶ
1530 3258 1786 3322 ταπεινὰ,
1812 3257 1896 3340 ’ὡς

288 3351 430 3422 πρὸς
460 3352 754 3423 σύγκρισιν
782 3353 879 3421 τῆς
906 3352 1002 3405 τοῦ
1031 3353 1273 3421 Χριστοῦ
1300 3350 1674 3414 διδασκαλίας.
1714 3350 1887 3403 Ἐπεί·
1923 3376 1971 3436 ο

285 3457 441 3510 τοιγε
473 3443 568 3496 καὶ
597 3443 666 3496 τά
706 3441 876 3495 αὑτοῦ
921 3440 1016 3494 τοῦ
1062 3443 1408 3513 Προδρόμου,
1447 3442 1566 3494 θεῖα
1613 3437 1786 3512 ἦσαν’
1819 3439 1898 3502 ὡς

287 3534 346 3589 δὲ
381 3535 518 3604 πρὸς
543 3534 610 3588 τά
640 3533 735 3587 τοῦ
766 3535 1008 3604 Χριστοῦ
1037 3535 1462 3605 συγκρινόμενα,
1488 3534 1624 3587 πολὺ
1658 3534 1721 3586 τὸ
1765 3534 1898 3604 χηα·

291 3627 466 3695 μαλ⁵ιν
487 3627 728 3696 ἔχουσιν.
768 3628 1028 3693 Ἐκεῖνος,
1049 3629 1237 3699 φησὶν,
1261 3627 1289 3679 ὃ
1312 3627 1529 3699 ἑώρακε
1553 3627 1650 3680 καὶ
1669 3627 1893 3697 ἡκουσε,

286 3720 445 3773 λαλεῖ
466 3736 477 3748 ·
512 3720 818 3785 τουτέστιν,
842 3720 878 3776 ἀ
904 3724 1057 3791 παρὰ
1097 3721 1193 3775 τοῦ
1228 3721 1438 3791 Πατρὸς
1480 3719 1706 3790 ἢκουσε,
1738 3718 1835 3772 καὶ
1862 3717 1898 3772 ἀ

287 3813 574 3884 δὼρακενς
595 3815 786 3885 ἤγουν,
819 3814 856 3870 ἀ
904 3815 1153 3887 ἀκριϐῶς
1187 3810 1351 3881 οἶδεν,
1395 3813 1581 3866 ἐκεῖνα
1613 3813 1768 3867 λαλεῖ
1803 3814 1899 3866 καὶ

291 3896 588 3973 μαρτυρεῖ.
653 3901 820 3956 Ἀλλά
853 3901 955 3972 τὴν
990 3901 1305 3972 μαρτυρίαν
1354 3900 1522 3952 αὑτοῦ
1553 3899 1733 3962 οὐδεὶς
1785 3898 1897 3951 τῶν

293 3990 372 4061 μὴ
417 3992 485 4058 τῇ
518 3988 751 4061 ἀληθείᾳ
783 3991 1163 4061 προσεχόντων
1193 3982 1485 4058 λαμϐάνει.
1531 3991 1628 4051 Ὃς
1657 3988 1714 4040 δὲ
1754 3987 1898 4063 λάὸῃ

288 4078 389 4148 τὴν
428 4079 760 4149 μαρτυρίαν,
795 4079 918 4150 ἢτοι
951 4077 1051 4147 τὴν
1081 4076 1440 4133 διδασκαλίαν
1468 4077 1661 4142 αὐτοῦ,
1687 4078 1895 4148 ἐσφράο

288 4185 468 4239 γισεν,
508 4171 634 4226 ἀντὶ
686 4169 808 4234 τοῦ,
860 4169 1087 4237 ἔδειξεν,
1145 4169 1503 4235 ἐϐεϐαίωσεν,
1558 4170 1643 4222 ὅτι
1687 4171 1716 4222 ό
1765 4170 1900 4235 Θεὸς

288 4262 504 4333 ἀληθὴς
557 4263 728 4315 ἐστιν.
771 4261 833 4315 '0
859 4262 968 4333 γὰρ
1005 4260 1083 4332 τῷ
1125 4263 1268 4331 ταρὰ
1318 4260 1454 4315 Θεοῦ
1495 4259 1899 4332 άπεσταλμένῳ

289 4355 590 4421 πιστεύων,
625 4354 703 4425 τῷ
736 4355 857 4427 Θεῷ
889 4354 1162 4422 πιστεύει,
1207 4356 1307 4409 καὶ
1340 4354 1530 4408 λοιπὸν
1577 4353 1896 4424 σφραγίζει,

289 4450 388 4504 καὶ
418 4449 828 4516 ἀποδείκνυσιν,
869 4450 951 4502 ὅτι
1001 4448 1078 4512 ὠς
1123 4448 1318 4519 ἀληθεῖ
1370 4447 1486 4502 ὄντι
1531 4447 1895 4501 ὲπίστευσενυ

287 4542 484 4613 ὥσπερ
536 4539 630 4596 οὖν
681 4543 844 4596 πάλιν
892 4543 922 4596 ό
955 4542 1207 4596 ἀπιστῶν
1258 4542 1338 4614 τῷ
1395 4541 1551 4612 παρά
1601 4541 1697 4595 τοῦ
1759 4541 1898 4595 Θεοῦ

287 4636 714 4709 ἀπεσταλμένῳ,
771 4637 1035 4704 δεικνύει,
1067 4639 1152 4691 ὅτι
1186 4638 1432 4708 ψεύστης
1488 4638 1630 4704 ἐστὶ,
1683 4638 1779 4690 καὶ
1810 4635 1903 4690 διὰ

1919 2015 1970 2076 Β

2014 753 2034 788 ι
2057 735 2346 807 lmpletum
2365 734 2557 806 igitur,
2577 730 2777 802 inquit,
2791 745 2972 785 meum
2991 728 3251 801 gaudium
3273 726 3328 781 in
3345 739 3570 798 sponso.
3596 744 3616 778 ι

2003 824 2142 881 Nam
2171 840 2356 890 meum
2384 838 2556 894 opus.
2595 823 2742 893 quod
2782 821 2916 877 mihi
2947 828 3007 876 ut
3039 818 3296 891 pronubo
3330 816 3625 874 concredi-

2004 923 2145 978 tum,
2173 908 2336 967 video
2362 908 2686 982 proiecisse.
2715 906 2910 964 Omnis
2940 909 3109 980 Igitur
3135 906 3335 962 anima:
3362 919 3621 977 sponsus,

2002 1002 2272 1060 Dominus
2321 1019 2336 1057 :
2378 1001 2655 1058 thalamus
2705 1011 2889 1056 autem
2940 1000 3030 1054 ubi
3067 1000 3264 1069 copula
3315 997 3408 1061 lit.
3465 997 3622 1054 locus

2000 1094 2349 1166 baptismatis
2371 1133 2387 1160 ,
2418 1093 2526 1151 hoc
2551 1101 2664 1159 est,
2695 1093 2960 1148 Ecclesia.
2989 1090 3094 1146 Dat
3131 1099 3316 1146 autem
3344 1089 3621 1146 arrhabo-

2001 1206 2123 1248 nem
2178 1203 2430 1260 sponsa,
2485 1196 2842 1259 peccatorum
2907 1185 3324 1250 remissionem,
3381 1183 3621 1255 Spiritus

1999 1284 2176 1340 san‘cti
2205 1282 2656 1338 communionem
2690 1296 2704 1335 :
2755 1278 3087 1350 perfectiora
3134 1293 3266 1334 vero
3312 1279 3365 1332 in
3402 1276 3615 1345 futuro,

1997 1380 2220 1448 quando
2249 1379 2446 1448 dignos
2482 1375 2538 1430 in
2579 1374 2807 1431 meliora
2835 1383 2886 1428 et
2923 1371 3248 1428 sublimiora
3282 1371 3615 1426 introdueet.

1996 1471 2134 1529 Nota
2162 1479 2344 1526 autem
2395 1469 2543 1540 quod
2601 1469 2783 1525 nullus
2829 1467 2971 1522 alius
3011 1476 3098 1522 est
3145 1479 3406 1536 sponsus,
3451 1479 3618 1534 quam

1997 1564 2145 1621 solus
2161 1563 2424 1619 Christus
2448 1581 2462 1616 :
2489 1576 2688 1619 omnes
2709 1572 2894 1616 autem
2923 1562 3185 1615 docentes
3209 1556 3441 1628 pronubi
3463 1568 3616 1624 sunt,

1996 1659 2138 1716 sicut
2167 1667 2224 1714 et
2264 1656 2585 1713 Praecursor
2610 1668 2852 1727 quoque.
2882 1652 3078 1709 Nullus
3106 1652 3253 1712 enim
3285 1652 3427 1707 alius
3458 1651 3620 1706 dator

1995 1761 2078 1807 est
2130 1751 2431 1815 bonorum,
2487 1763 2655 1820 quam
2711 1749 2865 1804 solus
2921 1747 3188 1805 Dominus
3245 1744 3384 1801 :alii
3428 1755 3617 1800 autem

1993 1860 2188 1902 omnes
2213 1842 2567 1910 mediatores,
2604 1851 2660 1899 et
2696 1841 2937 1898 ministri
2969 1844 3244 1898 bonorum
3276 1854 3401 1912 quae
3433 1855 3464 1897 a
3502 1839 3616 1898 Do-

1995 1939 2144 1995 mino
2179 1940 2399 1995 dantur.

2072 2120 2242 2177 Vsus.
2273 2121 2464 2178 '51-'66.
2502 2139 2522 2174 t
2559 2119 2662 2190 Qui
2691 2134 2724 2176 e
2746 2118 3004 2191 supernis
3029 2117 3200 2184 venit,
3243 2132 3408 2185 super
3436 2115 3605 2191 549

2000 2229 2197 2271 omnes
2227 2227 2313 2271 est
2344 2231 2361 2271 :
2390 2215 2482 2286 qui
2511 2230 2542 2270 a
2579 2225 2723 2270 terra
2765 2211 3049 2284 profectus
3068 2223 3177 2278 est,
3223 2221 3479 2268 terrenus
3500 2221 3612 2278 est,

2001 2318 2055 2364 et
2090 2308 2158 2363 de
2183 2319 2329 2363 terra
2362 2307 2628 2380 loquitur.
2662 2307 2764 2374 Qui
2793 2321 2824 2362 e
2858 2306 3003 2362 ccelo
3026 2307 3197 2372 venit,
3226 2321 3390 2378 supra
3418 2321 3614 2362 omnes

2001 2406 2109 2468 est,
2172 2411 2228 2457 et
2258 2402 2402 2471 quod
2446 2401 2582 2457 vidit
2611 2411 2666 2458 et
2697 2400 2936 2466 audivit,
2969 2401 3074 2457 hoc
3105 2408 3359 2466 testatur,
3408 2409 3465 2456 et
3499 2410 3614 2458 tes-

2003 2496 2294 2551 timonium
2323 2494 2442 2566 ejus
2479 2511 2642 2552 nemo
2675 2497 2894 2566 accipit.
2920 2494 3024 2563 Qui
3065 2495 3266 2566 accipit
3312 2494 3430 2564 ejus
3460 2494 3618 2550 testi-

2002 2593 2268 2658 monium,
2311 2593 2361 2647 is
2391 2593 2870 2664 obsignavitquod
2904 2593 3046 2648 Deus
3073 2606 3236 2646 verax
3269 2590 3360 2646 sit.
3396 2588 3531 2646 Nam
3567 2590 3614 2645 is

2002 2699 2166 2756 quem
2205 2684 2354 2740 misit
2380 2682 2546 2750 Deus,
2577 2686 2739 2741 verba
2772 2685 2865 2741 Dei
2903 2685 3169 2756 loquitur.
3201 2684 3319 2740 Non
3367 2683 3514 2739 enim
3543 2687 3613 2739 ad

2004 2794 2320 2834 mensuram
2366 2779 2460 2833 dat
2489 2777 2634 2833 Deus
2673 2778 2960 2848 Spiritum.
3005 2797 3024 2830 ι
3061 2778 3359 2848 Comparat
3387 2793 3447 2833 se
3472 2775 3618 2833 Prm-

2001 2885 2195 2927 cursor
2218 2870 2463 2938 Christo,
2499 2879 2555 2925 et
2591 2871 2724 2926 dicit
2754 2871 2899 2940 quod
2925 2871 3013 2926 ille
3048 2869 3270 2942 quidem
3295 2887 3325 2926 e
3355 2871 3615 2942 supernis

2004 2962 2217 3017 venerit
2247 2977 2277 3015 a
2319 2961 2505 3024 Patre.
2538 2971 2593 3018 et
2637 2976 2805 3033 super
2831 2977 3027 3018 onmes
3048 2963 3140 3028 sit,
3175 2963 3427 3032 egregius
3451 2978 3617 3034 super

2001 3070 2213 3121 omnes,
2233 3065 2286 3110 et
2302 3056 2595 3112 Paternam
2613 3069 2839 3110 servans
2855 3055 3234 3111 excellentiam
3259 3073 3272 3110 :
3298 3056 3412 3125 Ego
3430 3064 3614 3112 autent

2003 3148 2093 3216 qui
2125 3147 2191 3201 de
2225 3156 2368 3202 terra
2411 3163 2558 3213 sum,
2593 3156 2807 3203 terrena
2845 3147 3064 3218 loquor,
3102 3149 3228 3204 vilia
3257 3159 3310 3203 et
3347 3150 3574 3204 lnnnilia
3597 3189 3615 3216 ,

2003 3241 2047 3296 si
2084 3256 2204 3296 cum
2237 3241 2487 3296 doctrina
2503 3241 2714 3296 Christi
2745 3241 3124 3296 conferantur.
3149 3241 3414 3309 Quamvis
3431 3249 3618 3299 autem

2002 3349 2123 3402 qua:
2159 3349 2188 3388 a
2231 3333 2580 3391 Pmcursore
2611 3334 2838 3401 ﬂebant,
2873 3334 3058 3390 divina
3087 3348 3265 3404 erant,
3322 3337 3514 3393 collata
3535 3351 3620 3394 ta-

2004 3441 2128 3482 men
2164 3442 2288 3481 cum
2327 3427 2413 3483 his
2435 3442 2556 3498 qua:
2584 3443 2615 3481 a
2647 3426 2890 3493 Christo,
2925 3429 3083 3484 valde
3124 3429 3350 3484 humilia
3384 3445 3620 3501 appare-

2001 3517 2152 3573 bant.
2180 3517 2294 3583 Ille,
2329 3518 2527 3588 inquit,
2559 3519 2702 3588 quod
2726 3518 2931 3574 viditet
2964 3520 3198 3586 audivit,
3221 3519 3488 3591 loquitur,
3515 3522 3619 3578 hoc

2001 3621 2107 3677 est,
2132 3626 2254 3680 quas
2277 3626 2308 3665 ε
2340 3611 2498 3668 Patre
2523 3613 2752 3678 audivit,
2779 3625 2833 3666 et
2863 3629 2986 3683 quae
3016 3613 3173 3679 vidit,
3209 3616 3310 3670 hoc
3327 3627 3433 3680 est,
3466 3617 3620 3673 clare

2002 3705 2174 3771 novit,
2205 3704 2293 3759 illa
2328 3705 2569 3777 loquitur
2589 3716 2644 3762 et
2682 3715 2938 3762 testatur.
2969 3707 3038 3761 Et
3088 3709 3459 3765 testimonium
3498 3712 3620 3782 eius

2004 3798 2186 3853 nullus
2211 3814 2276 3854 ex
2311 3799 2397 3855 his
2429 3800 2524 3869 qui
2554 3800 2840 3855 veritatem
2870 3816 2979 3855 non
3014 3803 3328 3871 attendunt,
3392 3806 3614 3875 recipit.

2003 3890 2105 3956 Qui
2135 3901 2316 3946 autem
2345 3893 2538 3963 recipit
2561 3894 2960 3962 testimonium,
2987 3895 3090 3950 hoc
3145 3905 3248 3964 est,
3301 3897 3617 3953 doctrinam

2001 3985 2140 4055 ejus,
2183 3983 2516 4056 obsignavit,
2552 3987 2657 4042 hoc
2687 3999 2795 4054 est,
2856 3990 3187 4044 monstravit
3218 4000 3272 4046 et
3328 3993 3617 4060 stabilivit,

2002 4077 2151 4148 quod
2212 4080 2356 4134 Deus
2397 4095 2561 4134 verus
2591 4087 2685 4136 sit.
2719 4081 2821 4149 Qui
2851 4084 2995 4139 enim
3039 4085 3214 4139 credit
3244 4083 3292 4140 ei
3328 4087 3470 4155 quia
3507 4085 3621 4142 Deo

2004 4171 2205 4228 missus
2236 4184 2343 4239 εει,
2375 4173 2487 4228 Dco
2511 4175 2713 4239 credit,
2745 4187 2800 4231 et
2832 4189 3240 4248 consequenter
3270 4182 3523 4250 obsignat
3565 4191 3620 4238 et

2003 4266 2348 4322 demonstrat
2381 4268 2523 4337 quod
2555 4267 2603 4323 ei
2629 4268 2719 4339 qui
2751 4277 2924 4323 ‘verax
2981 4270 3073 4335 sit,
3107 4271 3405 4334 crediderit
3435 4290 3448 4327 :
3477 4275 3620 4329 sicut

2003 4375 2034 4414 e
2059 4359 2276 4414 diverso
2300 4361 2390 4428 qui
2418 4375 2524 4413 non
2550 4360 2701 4414 credi
2747 4360 2799 4416 ei
2830 4361 2923 4433 qui
2961 4379 2990 4417 a
3022 4363 3136 4417 Deo
3161 4364 3361 4418 missus
3385 4375 3489 4428 est,
3523 4381 3619 4419 os-

2003 4452 2176 4506 tendit
2212 4453 2356 4522 quod
2392 4455 2624 4508 mendax
2649 4455 2739 4522 sit,
2781 4466 2837 4510 et
2870 4467 3096 4526 propter
3140 4457 3243 4512 hoc
3270 4472 3382 4512 non
3439 4461 3621 4516 credit

2005 4546 2078 4609 ei,
2117 4555 2305 4616 utpote
2327 4549 2605 4602 mendaci.
2627 4546 2692 4601 Et
2714 4547 2788 4601 ita
2815 4549 2925 4616 qui'
2956 4549 3175 4604 Chribto
3207 4551 3402 4615 credit,
3435 4561 3621 4607 osten-

2006 4639 2086 4694 dit
2116 4641 2260 4708 quod
2284 4638 2429 4693 Deus
2453 4649 2537 4694 est
2574 4654 2764 4706 verax,
2797 4655 2864 4694 ex
2901 4654 2965 4695 eo
2996 4642 3140 4712 quod
3184 4643 3418 4698 credidit
3449 4647 3498 4698 ei
3523 4646 3618 4715 qui

287 4735 451 4790 τοῦτο
474 4736 576 4788 οὐκ
605 4735 927 4789 ἐπίστευσεν
954 4735 1130 4805 αὐτῷ,
1159 4728 1247 4788 οἶα
1270 4735 1335 4805 δὴ
1369 4732 1688 4802 ψευδομένῳ
1715 4748 1730 4763 ο
1753 4730 1896 4784 ὥστε

2004 4729 2071 4782 ab
2103 4729 2220 4797 ipso
2255 4729 2456 4783 missus
2489 4735 2595 4784 est.
2647 4727 2995 4785 Manifestum
3055 4733 3199 4786 enim
3235 4735 3381 4804 quod
3444 4734 3520 4788 illi
3560 4746 3622 4790 ut

288 4828 320 4880 ὁ
352 4827 432 4898 τῷ
463 4826 687 4898 Χριστῷ
722 4826 1021 4894 πιστεύων,
1053 4826 1298 4879 δείκνυσι
1327 4827 1419 4879 τὸν
1446 4825 1581 4878 Θεὸν
1604 4824 1805 4895 ἀληθῆ,
1836 4823 1897 4887 ἐξ

289 4920 462 4978 αὑτοῦ
496 4922 690 4975 τούτου
726 4921 968 4987 πάντως,
1011 4920 1105 4975 τοῦ
1133 4919 1424 4976 πιστεῦσαι
1457 4919 1536 4990 τῷ
1567 4920 1698 4990 παρ’
1728 4917 1895 4972 αὑτοῦ

292 5014 722 5085 ἀπεσταλμένῳ.
787 5014 1062 5086 Πρόδηλον
1115 5015 1249 5084 γὰρ,
1306 5015 1387 5067 ὅτι
1434 5012 1509 5076 ὼς
1541 5011 1735 5081 ἀληθεί
1783 5012 1898 5064 ὄντι

291 5102 446 5174 αὐτῷ
504 5104 819 5170 ἐπίστευσε,
864 5105 959 5158 καὶ
1016 5104 1267 5165 εἰκότως.
1328 5105 1391 5157 υἱ
1442 5105 1541 5172 μὲν
1580 5102 1692 5173 γὰρ
1745 5102 1897 5155 ἄλλοι

294 5197 521 5263 πάντες,
565 5197 722 5266 φησι,
790 5198 980 5267 μέτρῳ
1044 5197 1147 5269 τὴν
1208 5197 1498 5265 ἐνέργειαν
1563 5195 1755 5248 ἔλαϐον
1800 5193 1896 5248 τοῦ

295 5285 647 5356 ῐινεύματος⁶
680 5287 832 5358 αύτῷ
881 5288 937 5340 δὲ
969 5287 1045 5357 τῷ
1076 5289 1300 5357 Χριστῷ
1342 5289 1443 5340 οὐκ
1474 5289 1538 5340 ἐκ
1571 5288 1776 5358 μέτρου
1810 5287 1890 5340 δέ-

292 5380 438 5434 δωκε
477 5380 608 5450 μίαν
656 5381 820 5451 τυχὸν
870 5382 902 5451 ἢ
956 5381 1050 5433 δύο
1104 5381 1412 5451 ἐνεργείας,
1474 5380 1588 5433 ἀλλ’
1625 5381 1788 5443 αὐτὸς
1837 5380 1899 5433 τὸ

295 5472 528 5543 Πνεῦμα
562 5474 858 5546 ὁλόκληρον
887 5474 1002 5543 ἔχει
1028 5474 1303 5536 οὐσιωδῶς
1355 5475 1477 5535 Τοῖς
1514 5475 1611 5542 μὲν
1638 5468 1731 5525 οὖν
1764 5489 1900 5541 προ-

295 5566 500 5637 φήταις
526 5568 553 5619 ό
581 5567 714 5629 Θεὸς
748 5569 844 5620 καὶ
878 5567 1062 5620 δίδωσι
1094 5568 1156 5619 τὸ
1192 5568 1439 5636 Πνεῦμα,
1474 5567 1596 5636 ἤτοι
1620 5568 1719 5637 τὴν
1748 5569 1901 5636 ἐνέρ-

295 5675 458 5725 γειαν
487 5658 582 5712 τοῦ
616 5659 961 5730 Πνεύματος,
993 5660 1087 5713 καὶ
1114 5662 1172 5713 ὲν
1204 5661 1391 5730 μέτρῳ
1418 5659 1602 5712 δίδωσι
1629 5676 1641 5689 ·
1677 5659 1900 5730 Χριστῷ

299 5753 358 5806 δὲ
392 5749 515 5805 οὕτε
556 5755 617 5807 ὲν
651 5755 860 5825 μέτρῳ,
889 5753 1014 5808 οὕτε
1047 5754 1184 5818 ὅλως
1206 5754 1423 5808 δίδωσιν
1444 5771 1455 5784 ⁸
1482 5755 1595 5825 ἔχει
1627 5754 1739 5825 γὰρ
1771 5753 1902 5808 αὐτὸ

297 5844 579 5908 οὐσιωδῶς
605 5847 633 5899 6
660 5848 922 5918 Χριστός.
966 5848 1138 5901 Ὅταν
1177 5848 1235 5901 δὲ
1272 5847 1539 5920 ἀκούσῃς,
1580 5849 1663 5900 ὅτι
1690 5847 1718 5898 6
1769 5848 1904 5917 Χρι-

299 5935 449 6003 στδς,
478 5936 515 5993 ἀ
556 5938 759 6010 ἢκουσε
799 5941 952 6012 παρὰ
981 5941 1076 5995 τοῦ
1107 5941 1345 6013 Πατρὺς,
1387 5942 1572 5995 ἐκεῖνα
1601 5938 1774 6007 λαλεῖ,
1827 5939 1903 6012 μὴ

301 6029 493 6103 νόμιζε
522 6030 688 6090 αὐτὸν
711 6032 870 6093 ἐνδεᾶ
897 6034 1029 6102 ὄντα
1056 6036 1337 6107 γνώσεως,
1369 6034 1524 6109 παρά
1561 6034 1657 6092 τοῦ
1687 6035 1906 6110 Πατρὸς

2005 4820 2188 4874 veraci
2224 4819 2545 4876 crediderit.
2586 4820 2654 4875 Et
2696 4823 2916 4878 merito.
2951 4820 3066 4878 Nos
3099 4825 3244 4878 enim
3278 4826 3369 4879 alii
3424 4842 3620 4882 omnes

2005 4909 2072 4964 ad
2131 4925 2450 4965 mensuram
2517 4912 2834 4982 accepimus
2896 4915 3278 4982 operationem
3356 4912 3618 4985 Spiritus,

2006 5002 2109 5072 ipsi
2144 5012 2324 5058 autem
2352 5002 2575 5060 Christo
2611 5006 3135 5062 nonadmensuram
3164 5009 3312 5063 dedit
3336 5027 3500 5065 unam
3534 5015 3620 5069 vel

2009 5094 2149 5151 duas
2177 5097 2438 5164 virtutes,
2496 5099 2591 5153 sed
2649 5098 2764 5168 ipse
2801 5098 3066 5169 Spiritum
3141 5101 3413 5172 integrum
3458 5104 3622 5161 habet

2008 5189 2467 5245 substantialiter.
2489 5190 2662 5260 Igitur
2685 5202 2740 5245 et
2771 5193 3049 5262 prophetis
3074 5195 3226 5248 dedit
3261 5196 3403 5250 Deus
3441 5197 3620 5267 Spiri-

2007 5288 2143 5343 tum,
2173 5279 2277 5334 hoc
2303 5290 2410 5343 est,
2459 5283 2842 5350 operationem
2908 5281 3176 5352 Spiritus,
3214 5298 3269 5340 et
3297 5290 3364 5339 ad
3396 5303 3619 5345 mensu-

2010 5389 2126 5429 ram
2161 5375 2310 5430 dedit
2352 5393 2366 5428 :
2421 5374 2643 5430 Christo
2676 5386 2858 5431 autem
2893 5393 3002 5433 non
3070 5379 3137 5434 ad
3171 5397 3512 5445 mensuram,
3567 5394 3624 5440 et

2010 5484 2188 5536 neque
2232 5469 2457 5524 omnino
2505 5467 2658 5527 dedit.
2693 5485 2708 5526 :
2744 5469 2909 5523 habet
2959 5471 3104 5525 enim
3168 5473 3317 5535 illum
3365 5477 3623 5533 Christus

2010 5564 2468 5619 substantialiter.
2494 5563 2723 5631 Quando
2759 5573 2939 5621 autem
2965 5566 3125 5622 audis
3182 5569 3325 5636 quod
3365 5567 3622 5628 Christus

2012 5663 2252 5731 loquitur
2287 5664 2378 5718 illa
2414 5677 2536 5734 quae
2561 5663 2771 5718 audivit
2828 5679 2858 5717 a
2920 5662 3106 5728 Patre,
3150 5677 3217 5718 ne
3252 5675 3411 5732 putes
3471 5664 3620 5720 illum

2013 5755 2259 5826 indigere
2293 5765 2350 5811 ut
2376 5756 2664 5812 scientiam
2694 5757 2880 5812 abillo
2912 5757 3118 5822 discat,
3167 5758 3262 5813 sed
3291 5759 3417 5826 quia
3468 5774 3621 5828 quas-

2011 5862 2230 5917 cunque
2257 5847 2362 5903 scit
2393 5847 2580 5911 Filius,
2616 5864 2645 5904 a
2701 5849 2863 5904 Patre
2894 5851 3221 5905 naturaliter
3271 5852 3398 5917 scit,
3463 5854 3621 5922 quasi

2011 5940 2090 5998 illi
2122 5941 2634 6007 consubstantialis,
2667 5943 2787 6013 ejus
2814 5943 2990 6013 gratia
3021 5943 3223 5999 dicitur
3251 5958 3278 5997 a
3306 5943 3470 6001 Patre
3515 5958 3621 6004 au-

2015 6035 2134 6098 dire
2149 6051 2271 6110 qua:
2294 6039 2397 6096 scit
2420 6055 2432 6093 :
2454 6038 2919 6110 quemadmodum
2945 6037 2992 6095 si
3021 6037 3227 6096 videris
3251 6036 3429 6095 illium
3477 6039 3623 6102 patri
