  <div class='ocr_page' id='page_1' title='image "/cluster/home/n/w/nwhite01/storage/ocr_20150623/123/uva.x004884189/771.png"; bbox 0 0 4052 6552; ppageno 0'>
   <div class='ocr_carea' id='block_1_1' title="bbox 590 394 729 462">
    <p class='ocr_par' dir='ltr' id='par_1_1' title="bbox 590 394 729 462">
     <span class='ocr_line' id='line_1_1' title="bbox 590 394 729 462; baseline 0 0"><span class='ocrx_word' id='word_1_1' title='bbox 590 394 729 462; x_wconf 66' lang='lat'><strong>12.35</strong></span> 
     </span>
    </p>
   </div>
   <div class='ocr_carea' id='block_1_2' title="bbox 1442 405 2884 474">
    <p class='ocr_par' dir='ltr' id='par_1_2' title="bbox 1442 405 2884 474">
     <span class='ocr_line' id='line_1_2' title="bbox 1442 405 2884 474; baseline 0.006 -9"><span class='ocrx_word' id='word_1_2' title='bbox 1442 405 2029 466; x_wconf 69' lang='lat' dir='ltr'><strong>THEOPHYLACTI</strong></span> <span class='ocrx_word' id='word_1_3' title='bbox 2072 407 2485 468; x_wconf 67' lang='lat' dir='ltr'><strong>BULGARM!</strong></span> <span class='ocrx_word' id='word_1_4' title='bbox 2521 411 2884 474; x_wconf 78' lang='lat' dir='ltr'><strong>ARCHIEP.</strong></span> 
     </span>
    </p>
   </div>
   <div class='ocr_carea' id='block_1_3' title="bbox 3721 411 3835 477">
    <p class='ocr_par' dir='ltr' id='par_1_3' title="bbox 3721 411 3835 477">
     <span class='ocr_line' id='line_1_3' title="bbox 3721 411 3835 477; baseline 0.035 -4"><span class='ocrx_word' id='word_1_5' title='bbox 3721 411 3835 477; x_wconf 76' lang='lat'><strong>1236</strong></span> 
     </span>
    </p>
   </div>
   <div class='ocr_carea' id='block_1_4' title="bbox 589 512 2159 601">
    <p class='ocr_par' dir='ltr' id='par_1_4' title="bbox 589 512 2159 601">
     <span class='ocr_line' id='line_1_4' title="bbox 589 512 2159 601; baseline 0.006 -35"><span class='ocrx_word' id='word_1_6' title='bbox 589 512 808 568; x_wconf 80' lang='lat' dir='ltr'><strong>dicebat</strong></span> <span class='ocrx_word' id='word_1_7' title='bbox 857 527 929 570; x_wconf 70' lang='grc' dir='ltr'><strong>τι</strong></span> <span class='ocrx_word' id='word_1_8' title='bbox 984 515 1269 582; x_wconf 82' lang='lat' dir='ltr'><strong>Quomodo</strong></span> <span class='ocrx_word' id='word_1_9' title='bbox 1315 529 1540 588; x_wconf 85' lang='lat' dir='ltr'><strong>possunt</strong></span> <span class='ocrx_word' id='word_1_10' title='bbox 1597 522 1713 601; x_wconf 71' lang='lat' dir='ltr'><strong>hzec</strong></span> <span class='ocrx_word' id='word_1_11' title='bbox 1764 519 1918 574; x_wconf 84' lang='lat' dir='ltr'><strong>fieri?</strong></span> <span class='ocrx_word' id='word_1_12' title='bbox 1973 539 1990 572; x_wconf 77' lang='grc' dir='ltr'><strong>ε</strong></span> <span class='ocrx_word' id='word_1_13' title='bbox 2074 521 2159 575; x_wconf 81' lang='lat' dir='ltr'><strong>ist:</strong></span> 
     </span>
    </p>
   </div>
   <div class='ocr_carea' id='block_1_5' title="bbox 2264 512 3839 601">
    <p class='ocr_par' dir='ltr' id='par_1_5' title="bbox 2284 523 3839 601">
     <span class='ocr_line' id='line_1_5' title="bbox 2284 523 3839 601; baseline 0.004 -25"><span class='ocrx_word' id='word_1_14' title='bbox 2284 523 2676 589; x_wconf 74' lang='grc' dir='ltr'>ἀνενδοιὰστως</span> <span class='ocrx_word' id='word_1_15' title='bbox 2706 526 2976 598; x_wconf 75' lang='grc' dir='ltr'><strong>δεξαμένη</strong></span> <span class='ocrx_word' id='word_1_16' title='bbox 3008 528 3099 580; x_wconf 81' lang='grc' dir='ltr'>τὸν</span> <span class='ocrx_word' id='word_1_17' title='bbox 3127 528 3308 596; x_wconf 84' lang='grc' dir='ltr'>λόγον.</span> <span class='ocrx_word' id='word_1_18' title='bbox 3342 528 3478 601; x_wconf 76' lang='grc' dir='ltr'>φησί</span> <span class='ocrx_word' id='word_1_19' title='bbox 3507 546 3518 559; x_wconf 89' lang='grc'><strong>·</strong></span> <span class='ocrx_word' id='word_1_20' title='bbox 3562 547 3578 582; x_wconf 85' lang='grc' dir='ltr'><strong>ι</strong></span> <span class='ocrx_word' id='word_1_21' title='bbox 3609 529 3709 593; x_wconf 84' lang='grc' dir='ltr'><strong>Δός</strong></span> <span class='ocrx_word' id='word_1_22' title='bbox 3765 549 3839 600; x_wconf 83' lang='grc' dir='ltr'><strong>μοι</strong></span> 
     </span>
    </p>
   </div>
   <div class='ocr_carea' id='block_1_6' title="bbox 587 597 2166 678">
    <p class='ocr_par' dir='ltr' id='par_1_6' title="bbox 587 597 2166 678">
     <span class='ocr_line' id='line_1_6' title="bbox 587 597 2166 678; baseline 0.006 -20"><span class='ocrx_word' id='word_1_23' title='bbox 587 616 766 660; x_wconf 87' lang='lat' dir='ltr'><strong>autem</strong></span> <span class='ocrx_word' id='word_1_24' title='bbox 806 607 991 678; x_wconf 87' lang='lat' dir='ltr'><strong>incipit</strong></span> <span class='ocrx_word' id='word_1_25' title='bbox 1017 621 1364 668; x_wconf 75' lang='lat' dir='ltr'><strong>contemnere</strong></span> <span class='ocrx_word' id='word_1_26' title='bbox 1392 615 1552 669; x_wconf 85' lang='lat' dir='ltr'><strong>etiam</strong></span> <span class='ocrx_word' id='word_1_27' title='bbox 1585 597 1785 668; x_wconf 58' lang='lat' dir='ltr'><strong>fon&#39;tetn</strong></span> <span class='ocrx_word' id='word_1_28' title='bbox 1813 611 1999 668; x_wconf 85' lang='lat' dir='ltr'><strong>Jacob.</strong></span> <span class='ocrx_word' id='word_1_29' title='bbox 2033 611 2166 667; x_wconf 81' lang='lat' dir='ltr'><strong>Nam</strong></span> 
     </span>
    </p>
   </div>
   <div class='ocr_carea' id='block_1_7' title="bbox 588 698 2166 775">
    <p class='ocr_par' dir='ltr' id='par_1_7' title="bbox 588 698 2166 775">
     <span class='ocr_line' id='line_1_7' title="bbox 588 698 2166 775; baseline 0.006 -23"><span class='ocrx_word' id='word_1_30' title='bbox 588 698 754 756; x_wconf 86' lang='lat' dir='ltr'><strong>dicit:</strong></span> <span class='ocrx_word' id='word_1_31' title='bbox 787 699 844 755; x_wconf 91' lang='lat' dir='ltr'>Si</span> <span class='ocrx_word' id='word_1_32' title='bbox 878 701 1040 757; x_wconf 84' lang='lat' dir='ltr'><strong>talem</strong></span> <span class='ocrx_word' id='word_1_33' title='bbox 1066 719 1262 775; x_wconf 82' lang='lat' dir='ltr'><strong>aquam</strong></span> <span class='ocrx_word' id='word_1_34' title='bbox 1284 708 1471 771; x_wconf 79' lang='lat' dir='ltr'><strong>babes,</strong></span> <span class='ocrx_word' id='word_1_35' title='bbox 1510 707 1576 761; x_wconf 87' lang='lat' dir='ltr'><strong>da</strong></span> <span class='ocrx_word' id='word_1_36' title='bbox 1608 706 1761 772; x_wconf 87' lang='lat' dir='ltr'><strong>mihi,</strong></span> <span class='ocrx_word' id='word_1_37' title='bbox 1795 716 1854 761; x_wconf 89' lang='lat' dir='ltr'><strong>ut</strong></span> <span class='ocrx_word' id='word_1_38' title='bbox 1883 722 1991 761; x_wconf 91' lang='lat' dir='ltr'><strong>non</strong></span> <span class='ocrx_word' id='word_1_39' title='bbox 2027 706 2166 761; x_wconf 87' lang='lat' dir='ltr'><strong>ultra</strong></span> 
     </span>
    </p>
   </div>
   <div class='ocr_carea' id='block_1_8' title="bbox 585 794 2169 872">
    <p class='ocr_par' dir='ltr' id='par_1_8' title="bbox 585 794 2169 872">
     <span class='ocr_line' id='line_1_8' title="bbox 585 794 2169 872; baseline 0.008 -30"><span class='ocrx_word' id='word_1_40' title='bbox 585 795 798 846; x_wconf 77' lang='lat' dir='ltr'><strong>veniam</strong></span> <span class='ocrx_word' id='word_1_41' title='bbox 831 795 936 848; x_wconf 88' lang='lat' dir='ltr'><strong>huc</strong></span> <span class='ocrx_word' id='word_1_42' title='bbox 958 794 1027 849; x_wconf 80' lang='lat' dir='ltr'><strong>ad</strong></span> <span class='ocrx_word' id='word_1_43' title='bbox 1061 796 1438 854; x_wconf 89' lang='lat' dir='ltr'><strong>hauriendum.</strong></span> <span class='ocrx_word' id='word_1_44' title='bbox 1468 797 1628 856; x_wconf 82' lang='lat' dir='ltr'><strong>Vides</strong></span> <span class='ocrx_word' id='word_1_45' title='bbox 1677 800 1820 872; x_wconf 85' lang='lat' dir='ltr'><strong>quod</strong></span> <span class='ocrx_word' id='word_1_46' title='bbox 1875 800 2169 872; x_wconf 67' lang='lat' dir='ltr'><strong>praetulerit</strong></span> 
     </span>
    </p>
   </div>
   <div class='ocr_carea' id='block_1_9' title="bbox 589 881 1217 950">
    <p class='ocr_par' dir='ltr' id='par_1_9' title="bbox 589 881 1217 950">
     <span class='ocr_line' id='line_1_9' title="bbox 589 881 1217 950; baseline 0.016 -16"><span class='ocrx_word' id='word_1_47' title='bbox 589 883 685 950; x_wconf 86' lang='lat' dir='ltr'><strong>ipsi</strong></span> <span class='ocrx_word' id='word_1_48' title='bbox 713 881 881 940; x_wconf 77' lang='lat' dir='ltr'><strong>Jacob</strong></span> <span class='ocrx_word' id='word_1_49' title='bbox 913 886 1217 944; x_wconf 89' lang='lat' dir='ltr'><strong>Dominum.</strong></span> 
     </span>
    </p>
   </div>
   <div class='ocr_carea' id='block_1_10' title="bbox 2277 616 3843 692">
    <p class='ocr_par' dir='ltr' id='par_1_10' title="bbox 2277 616 3843 692">
     <span class='ocr_line' id='line_1_10' title="bbox 2277 616 3843 692; baseline 0.004 -24"><span class='ocrx_word' id='word_1_50' title='bbox 2277 616 2434 669; x_wconf 76' lang='grc' dir='ltr'>τοῦτο</span> <span class='ocrx_word' id='word_1_51' title='bbox 2457 617 2517 670; x_wconf 80' lang='grc' dir='ltr'>τὸ</span> <span class='ocrx_word' id='word_1_52' title='bbox 2556 617 2722 691; x_wconf 76' lang='grc' dir='ltr'>ὕδωρ.</span> <span class='ocrx_word' id='word_1_53' title='bbox 2764 638 2782 670; x_wconf 75' lang='grc' dir='ltr'>ι</span> <span class='ocrx_word' id='word_1_54' title='bbox 2815 621 3034 674; x_wconf 78' lang='grc' dir='ltr'><strong>Ἔοικεν</strong></span> <span class='ocrx_word' id='word_1_55' title='bbox 3065 617 3160 676; x_wconf 77' lang='grc' dir='ltr'>οὖν</span> <span class='ocrx_word' id='word_1_56' title='bbox 3179 620 3320 692; x_wconf 78' lang='grc' dir='ltr'>αὕτη</span> <span class='ocrx_word' id='word_1_57' title='bbox 3350 620 3693 692; x_wconf 85' lang='grc' dir='ltr'>συνετωτέρα</span> <span class='ocrx_word' id='word_1_58' title='bbox 3724 617 3843 676; x_wconf 74' lang='grc' dir='ltr'>εἶναι</span> 
     </span>
    </p>
   </div>
   <div class='ocr_carea' id='block_1_11' title="bbox 2276 707 3844 785">
    <p class='ocr_par' dir='ltr' id='par_1_11' title="bbox 2276 707 3844 785">
     <span class='ocr_line' id='line_1_11' title="bbox 2276 707 3844 785; baseline 0.004 -24"><span class='ocrx_word' id='word_1_59' title='bbox 2276 707 2372 762; x_wconf 83' lang='grc' dir='ltr'>τοῦ</span> <span class='ocrx_word' id='word_1_60' title='bbox 2421 709 2758 781; x_wconf 78' lang='grc' dir='ltr'><strong>Νικοδήμου.</strong></span> <span class='ocrx_word' id='word_1_61' title='bbox 2797 713 3035 776; x_wconf 85' lang='grc' dir='ltr'>Ἐκεῖνος</span> <span class='ocrx_word' id='word_1_62' title='bbox 3072 713 3173 783; x_wconf 73' lang='grc' dir='ltr'>μὲν</span> <span class='ocrx_word' id='word_1_63' title='bbox 3200 713 3330 785; x_wconf 76' lang='grc' dir='ltr'>γὰρ,</span> <span class='ocrx_word' id='word_1_64' title='bbox 3365 713 3578 785; x_wconf 80' lang='grc' dir='ltr'>μυρίων</span> <span class='ocrx_word' id='word_1_65' title='bbox 3627 714 3844 778; x_wconf 80' lang='grc' dir='ltr'>ἀκούσας</span> 
     </span>
    </p>
   </div>
   <div class='ocr_carea' id='block_1_12' title="bbox 2275 800 3841 874">
    <p class='ocr_par' dir='ltr' id='par_1_12' title="bbox 2275 800 3841 874">
     <span class='ocr_line' id='line_1_12' title="bbox 2275 800 3841 874; baseline 0.003 -21"><span class='ocrx_word' id='word_1_66' title='bbox 2275 800 2557 868; x_wconf 78' lang='grc' dir='ltr'><strong>τοιούτων,</strong></span> <span class='ocrx_word' id='word_1_67' title='bbox 2595 803 2770 872; x_wconf 77' lang='grc' dir='ltr'><strong>ῑλεγε·</strong></span> <span class='ocrx_word' id='word_1_68' title='bbox 2801 822 2819 855; x_wconf 81' lang='grc' dir='ltr'>ι</span> <span class='ocrx_word' id='word_1_69' title='bbox 2859 805 2982 870; x_wconf 83' lang='grc' dir='ltr'><strong>Πῶς</strong></span> <span class='ocrx_word' id='word_1_70' title='bbox 3037 805 3211 860; x_wconf 85' lang='grc' dir='ltr'>ταῦτα</span> <span class='ocrx_word' id='word_1_71' title='bbox 3253 806 3509 874; x_wconf 79' lang='grc' dir='ltr'>γενέσθαι</span> <span class='ocrx_word' id='word_1_72' title='bbox 3532 805 3796 873; x_wconf 86' lang='grc' dir='ltr'>δύναται;</span> <span class='ocrx_word' id='word_1_73' title='bbox 3829 825 3841 857; x_wconf 78' lang='grc' dir='ltr'>ι</span> 
     </span>
    </p>
   </div>
   <div class='ocr_carea' id='block_1_13' title="bbox 2274 891 3847 970">
    <p class='ocr_par' dir='ltr' id='par_1_13' title="bbox 2274 891 3847 970">
     <span class='ocr_line' id='line_1_13' title="bbox 2274 891 3847 970; baseline 0.002 -24"><span class='ocrx_word' id='word_1_74' title='bbox 2274 891 2414 963; x_wconf 74' lang='grc' dir='ltr'>αὕτη</span> <span class='ocrx_word' id='word_1_75' title='bbox 2443 893 2500 948; x_wconf 65' lang='grc' dir='ltr'><strong>δέ</strong></span> <span class='ocrx_word' id='word_1_76' title='bbox 2536 895 2766 966; x_wconf 75' lang='grc' dir='ltr'>ἄρχεται</span> <span class='ocrx_word' id='word_1_77' title='bbox 2785 901 3154 966; x_wconf 78' lang='grc' dir='ltr'><strong>καταφρονεῖν</strong></span> <span class='ocrx_word' id='word_1_78' title='bbox 3187 898 3288 970; x_wconf 75' lang='grc' dir='ltr'><strong>ἢδη</strong></span> <span class='ocrx_word' id='word_1_79' title='bbox 3311 900 3409 953; x_wconf 80' lang='grc' dir='ltr'>καὶ</span> <span class='ocrx_word' id='word_1_80' title='bbox 3438 899 3538 970; x_wconf 83' lang='grc' dir='ltr'>τῆς</span> <span class='ocrx_word' id='word_1_81' title='bbox 3554 898 3736 969; x_wconf 65' lang='grc' dir='ltr'>πηγῆς</span> <span class='ocrx_word' id='word_1_82' title='bbox 3767 896 3847 950; x_wconf 78' lang='grc' dir='ltr'>τοῦ</span> 
     </span>
    </p>
   </div>
   <div class='ocr_carea' id='block_1_14' title="bbox 585 975 3849 1066">
    <p class='ocr_par' dir='ltr' id='par_1_14' title="bbox 585 975 3849 1066">
     <span class='ocr_line' id='line_1_14' title="bbox 585 975 3849 1066; baseline 0.006 -37"><span class='ocrx_word' id='word_1_83' title='bbox 585 975 803 1033; x_wconf 72' lang='grc' dir='ltr'><strong>Ἰακώϐ.</strong></span> <span class='ocrx_word' id='word_1_84' title='bbox 833 980 897 1035; x_wconf 78' lang='lat' dir='ltr'><strong>Ei</strong></span> <span class='ocrx_word' id='word_1_85' title='bbox 934 985 1065 1054; x_wconf 78' lang='grc' dir='ltr'>γὰρ,</span> <span class='ocrx_word' id='word_1_86' title='bbox 1093 986 1249 1056; x_wconf 69' lang='grc' dir='ltr'>φησι.</span> <span class='ocrx_word' id='word_1_87' title='bbox 1288 987 1532 1041; x_wconf 80' lang='grc' dir='ltr'>τοιοῦτον</span> <span class='ocrx_word' id='word_1_88' title='bbox 1569 989 1711 1060; x_wconf 76' lang='grc' dir='ltr'>ὕδωρ</span> <span class='ocrx_word' id='word_1_89' title='bbox 1741 987 1908 1060; x_wconf 74' lang='grc' dir='ltr'>ἔχεις,</span> <span class='ocrx_word' id='word_1_90' title='bbox 1936 989 2022 1052; x_wconf 85' lang='grc' dir='ltr'><strong>δός</strong></span> <span class='ocrx_word' id='word_1_91' title='bbox 2075 1005 2187 1058; x_wconf 84' lang='grc' dir='ltr'>μοι,</span> <span class='ocrx_word' id='word_1_92' title='bbox 2230 991 2323 1043; x_wconf 77' lang='grc' dir='ltr'>καὶ</span> <span class='ocrx_word' id='word_1_93' title='bbox 2348 990 2450 1046; x_wconf 80' lang='grc' dir='ltr'>οὐκ</span> <span class='ocrx_word' id='word_1_94' title='bbox 2472 991 2553 1045; x_wconf 70' lang='lat' dir='ltr'><strong>[vt</strong></span> <span class='ocrx_word' id='word_1_95' title='bbox 2583 992 2880 1050; x_wconf 72' lang='grc' dir='ltr'>ιλεύσοιιαι</span> <span class='ocrx_word' id='word_1_96' title='bbox 2921 988 3047 1060; x_wconf 80' lang='grc' dir='ltr'>ὦδε,</span> <span class='ocrx_word' id='word_1_97' title='bbox 3081 977 3223 1049; x_wconf 76' lang='grc' dir='ltr'>ὥστε</span> <span class='ocrx_word' id='word_1_98' title='bbox 3249 994 3482 1050; x_wconf 72' lang='grc' dir='ltr'>ἀντλεῖν.</span> <span class='ocrx_word' id='word_1_99' title='bbox 3539 995 3701 1066; x_wconf 73' lang='grc' dir='ltr'>Ὁρᾷς</span> <span class='ocrx_word' id='word_1_100' title='bbox 3748 992 3849 1057; x_wconf 79' lang='grc' dir='ltr'>πῶς</span> 
     </span>
    </p>
   </div>
   <div class='ocr_carea' id='block_1_15' title="bbox 586 1070 1625 1148">
    <p class='ocr_par' dir='ltr' id='par_1_15' title="bbox 586 1070 1625 1148">
     <span class='ocr_line' id='line_1_15' title="bbox 586 1070 1625 1148; baseline 0.013 -27"><span class='ocrx_word' id='word_1_101' title='bbox 586 1070 879 1141; x_wconf 79' lang='grc' dir='ltr'><strong>προέκρινε</strong></span> <span class='ocrx_word' id='word_1_102' title='bbox 897 1075 990 1128; x_wconf 78' lang='grc' dir='ltr'>τὸν</span> <span class='ocrx_word' id='word_1_103' title='bbox 1025 1076 1229 1148; x_wconf 81' lang='grc' dir='ltr'>Κύριον</span> <span class='ocrx_word' id='word_1_104' title='bbox 1255 1078 1348 1132; x_wconf 78' lang='grc' dir='ltr'>τοῦ</span> <span class='ocrx_word' id='word_1_105' title='bbox 1406 1081 1625 1135; x_wconf 73' lang='grc' dir='ltr'>Ἰακώϐ.</span> 
     </span>
    </p>
   </div>
   <div class='ocr_carea' id='block_1_16' title="bbox 654 1167 2170 1250">
    <p class='ocr_par' dir='ltr' id='par_1_16' title="bbox 654 1167 2170 1250">
     <span class='ocr_line' id='line_1_16' title="bbox 654 1167 2170 1250; baseline 0.007 -29"><span class='ocrx_word' id='word_1_106' title='bbox 654 1167 821 1224; x_wconf 77' lang='lat' dir='ltr'><strong>Vens.</strong></span> <span class='ocrx_word' id='word_1_107' title='bbox 849 1171 1041 1228; x_wconf 67' lang='lat'><strong>16-22.</strong></span> <span class='ocrx_word' id='word_1_108' title='bbox 1065 1192 1083 1226; x_wconf 79' lang='grc' dir='ltr'><strong>ι</strong></span> <span class='ocrx_word' id='word_1_109' title='bbox 1115 1175 1316 1231; x_wconf 89' lang='lat' dir='ltr'><strong>Dicitei</strong></span> <span class='ocrx_word' id='word_1_110' title='bbox 1335 1176 1520 1233; x_wconf 86' lang='lat' dir='ltr'><strong>Jesus:</strong></span> <span class='ocrx_word' id='word_1_111' title='bbox 1549 1178 1713 1250; x_wconf 71' lang='lat'><strong>556</strong></span> <span class='ocrx_word' id='word_1_112' title='bbox 1738 1176 1900 1244; x_wconf 79' lang='lat' dir='ltr'><strong>Vade,</strong></span> <span class='ocrx_word' id='word_1_113' title='bbox 1933 1193 2064 1233; x_wconf 90' lang='lat' dir='ltr'><strong>voca</strong></span> <span class='ocrx_word' id='word_1_114' title='bbox 2090 1179 2170 1232; x_wconf 88' lang='lat' dir='ltr'><strong>vi-</strong></span> 
     </span>
    </p>
   </div>
   <div class='ocr_carea' id='block_1_17' title="bbox 592 1269 2168 1338">
    <p class='ocr_par' dir='ltr' id='par_1_17' title="bbox 592 1269 2168 1338">
     <span class='ocr_line' id='line_1_17' title="bbox 592 1269 2168 1338; baseline 0.006 -24"><span class='ocrx_word' id='word_1_115' title='bbox 592 1277 712 1314; x_wconf 90' lang='lat' dir='ltr'><strong>rum</strong></span> <span class='ocrx_word' id='word_1_116' title='bbox 742 1273 988 1331; x_wconf 89' lang='lat' dir='ltr'><strong>tuum,et</strong></span> <span class='ocrx_word' id='word_1_117' title='bbox 1013 1269 1134 1322; x_wconf 85' lang='lat' dir='ltr'><strong>veni</strong></span> <span class='ocrx_word' id='word_1_118' title='bbox 1159 1269 1283 1324; x_wconf 86' lang='lat' dir='ltr'><strong>huc.</strong></span> <span class='ocrx_word' id='word_1_119' title='bbox 1305 1269 1599 1338; x_wconf 83' lang='lat' dir='ltr'><strong>Respondit</strong></span> <span class='ocrx_word' id='word_1_120' title='bbox 1625 1271 1839 1337; x_wconf 87' lang='lat' dir='ltr'><strong>mulier,</strong></span> <span class='ocrx_word' id='word_1_121' title='bbox 1867 1271 2168 1326; x_wconf 79' lang='lat' dir='ltr'><strong>etdixitei:</strong></span> 
     </span>
    </p>
   </div>
   <div class='ocr_carea' id='block_1_18' title="bbox 581 1349 2169 1427">
    <p class='ocr_par' dir='ltr' id='par_1_18' title="bbox 581 1349 2169 1427">
     <span class='ocr_line' id='line_1_18' title="bbox 581 1349 2169 1427; baseline 0.008 -23"><span class='ocrx_word' id='word_1_122' title='bbox 581 1349 696 1406; x_wconf 78' lang='lat' dir='ltr'><strong>Non</strong></span> <span class='ocrx_word' id='word_1_123' title='bbox 724 1353 898 1410; x_wconf 87' lang='lat' dir='ltr'><strong>habeo</strong></span> <span class='ocrx_word' id='word_1_124' title='bbox 925 1357 1120 1412; x_wconf 91' lang='lat' dir='ltr'><strong>virum.</strong></span> <span class='ocrx_word' id='word_1_125' title='bbox 1151 1359 1287 1412; x_wconf 87' lang='lat' dir='ltr'><strong>Dicit</strong></span> <span class='ocrx_word' id='word_1_126' title='bbox 1315 1361 1362 1416; x_wconf 92' lang='lat' dir='ltr'><strong>ei</strong></span> <span class='ocrx_word' id='word_1_127' title='bbox 1399 1360 1558 1417; x_wconf 79' lang='lat' dir='ltr'><strong>Jcsus</strong></span> <span class='ocrx_word' id='word_1_128' title='bbox 1587 1380 1600 1415; x_wconf 89' lang='lat'><strong>:</strong></span> <span class='ocrx_word' id='word_1_129' title='bbox 1639 1361 1782 1418; x_wconf 84' lang='lat' dir='ltr'><strong>Bene</strong></span> <span class='ocrx_word' id='word_1_130' title='bbox 1809 1362 2018 1427; x_wconf 81' lang='lat' dir='ltr'><strong>dixisti,</strong></span> <span class='ocrx_word' id='word_1_131' title='bbox 2049 1361 2169 1416; x_wconf 81' lang='lat' dir='ltr'><strong>Non</strong></span> 
     </span>
    </p>
   </div>
   <div class='ocr_carea' id='block_1_19' title="bbox 586 1446 2168 1522">
    <p class='ocr_par' dir='ltr' id='par_1_19' title="bbox 586 1446 2168 1522">
     <span class='ocr_line' id='line_1_19' title="bbox 586 1446 2168 1522; baseline 0.008 -24"><span class='ocrx_word' id='word_1_132' title='bbox 586 1446 758 1502; x_wconf 82' lang='lat' dir='ltr'><strong>habeo</strong></span> <span class='ocrx_word' id='word_1_133' title='bbox 789 1451 966 1503; x_wconf 87' lang='lat' dir='ltr'><strong>virum</strong></span> <span class='ocrx_word' id='word_1_134' title='bbox 1007 1468 1018 1503; x_wconf 92' lang='lat'><strong>:</strong></span> <span class='ocrx_word' id='word_1_135' title='bbox 1045 1451 1283 1522; x_wconf 89' lang='lat' dir='ltr'><strong>quinque</strong></span> <span class='ocrx_word' id='word_1_136' title='bbox 1306 1453 1450 1509; x_wconf 91' lang='lat' dir='ltr'><strong>enim</strong></span> <span class='ocrx_word' id='word_1_137' title='bbox 1484 1455 1628 1509; x_wconf 80' lang='lat' dir='ltr'><strong>viros</strong></span> <span class='ocrx_word' id='word_1_138' title='bbox 1656 1455 1912 1519; x_wconf 81' lang='lat' dir='ltr'><strong>habuisti,</strong></span> <span class='ocrx_word' id='word_1_139' title='bbox 1935 1465 1991 1511; x_wconf 89' lang='lat' dir='ltr'><strong>et</strong></span> <span class='ocrx_word' id='word_1_140' title='bbox 2022 1469 2168 1510; x_wconf 89' lang='lat' dir='ltr'><strong>nunc</strong></span> 
     </span>
    </p>
   </div>
   <div class='ocr_carea' id='block_1_20' title="bbox 585 1540 2163 1606">
    <p class='ocr_par' dir='ltr' id='par_1_20' title="bbox 585 1540 2163 1606">
     <span class='ocr_line' id='line_1_20' title="bbox 585 1540 2163 1606; baseline 0.005 -15"><span class='ocrx_word' id='word_1_141' title='bbox 585 1552 742 1605; x_wconf 84' lang='lat' dir='ltr'><strong>quem</strong></span> <span class='ocrx_word' id='word_1_142' title='bbox 795 1540 985 1606; x_wconf 82' lang='lat' dir='ltr'><strong>habes,</strong></span> <span class='ocrx_word' id='word_1_143' title='bbox 1019 1557 1122 1596; x_wconf 89' lang='lat' dir='ltr'><strong>non</strong></span> <span class='ocrx_word' id='word_1_144' title='bbox 1179 1554 1264 1597; x_wconf 88' lang='lat' dir='ltr'><strong>est</strong></span> <span class='ocrx_word' id='word_1_145' title='bbox 1312 1552 1438 1598; x_wconf 86' lang='lat' dir='ltr'><strong>tuus</strong></span> <span class='ocrx_word' id='word_1_146' title='bbox 1482 1545 1582 1599; x_wconf 88' lang='lat' dir='ltr'><strong>vir.</strong></span> <span class='ocrx_word' id='word_1_147' title='bbox 1616 1543 1726 1599; x_wconf 90' lang='lat' dir='ltr'><strong>lloc</strong></span> <span class='ocrx_word' id='word_1_148' title='bbox 1776 1559 1903 1600; x_wconf 90' lang='lat' dir='ltr'><strong>vere</strong></span> <span class='ocrx_word' id='word_1_149' title='bbox 1954 1545 2163 1599; x_wconf 73' lang='lat' dir='ltr'><strong>dixisti.</strong></span> 
     </span>
    </p>
   </div>
   <div class='ocr_carea' id='block_1_21' title="bbox 587 1629 2165 1707">
    <p class='ocr_par' dir='ltr' id='par_1_21' title="bbox 587 1629 2165 1707">
     <span class='ocr_line' id='line_1_21' title="bbox 587 1629 2165 1707; baseline 0.007 -24"><span class='ocrx_word' id='word_1_150' title='bbox 587 1629 727 1685; x_wconf 87' lang='lat' dir='ltr'><strong>Dicit</strong></span> <span class='ocrx_word' id='word_1_151' title='bbox 777 1633 823 1685; x_wconf 88' lang='lat' dir='ltr'><strong>ei</strong></span> <span class='ocrx_word' id='word_1_152' title='bbox 867 1634 1061 1688; x_wconf 80' lang='lat' dir='ltr'><strong>mulier</strong></span> <span class='ocrx_word' id='word_1_153' title='bbox 1093 1654 1105 1688; x_wconf 89' lang='lat'><strong>:</strong></span> <span class='ocrx_word' id='word_1_154' title='bbox 1135 1635 1380 1700; x_wconf 87' lang='lat' dir='ltr'><strong>Domine,</strong></span> <span class='ocrx_word' id='word_1_155' title='bbox 1404 1637 1563 1692; x_wconf 89' lang='lat' dir='ltr'><strong>video</strong></span> <span class='ocrx_word' id='word_1_156' title='bbox 1612 1640 1756 1707; x_wconf 90' lang='lat' dir='ltr'><strong>quod</strong></span> <span class='ocrx_word' id='word_1_157' title='bbox 1805 1638 2073 1707; x_wconf 78' lang='lat' dir='ltr'><strong>propheta</strong></span> <span class='ocrx_word' id='word_1_158' title='bbox 2106 1653 2165 1694; x_wconf 81' lang='lat' dir='ltr'><strong>es</strong></span> 
     </span>
    </p>
   </div>
   <div class='ocr_carea' id='block_1_22' title="bbox 584 1722 2166 1796">
    <p class='ocr_par' dir='ltr' id='par_1_22' title="bbox 584 1722 2166 1796">
     <span class='ocr_line' id='line_1_22' title="bbox 584 1722 2166 1796; baseline 0.006 -20"><span class='ocrx_word' id='word_1_159' title='bbox 584 1735 659 1780; x_wconf 91' lang='lat' dir='ltr'><strong>tu.</strong></span> <span class='ocrx_word' id='word_1_160' title='bbox 689 1722 878 1780; x_wconf 81' lang='lat' dir='ltr'><strong>Patres</strong></span> <span class='ocrx_word' id='word_1_161' title='bbox 910 1728 1080 1782; x_wconf 79' lang='lat' dir='ltr'><strong>nostri</strong></span> <span class='ocrx_word' id='word_1_162' title='bbox 1114 1729 1165 1782; x_wconf 91' lang='lat' dir='ltr'><strong>in</strong></span> <span class='ocrx_word' id='word_1_163' title='bbox 1202 1740 1382 1783; x_wconf 90' lang='lat' dir='ltr'><strong>monte</strong></span> <span class='ocrx_word' id='word_1_164' title='bbox 1421 1731 1520 1785; x_wconf 90' lang='lat' dir='ltr'><strong>hoc</strong></span> <span class='ocrx_word' id='word_1_165' title='bbox 1552 1731 1939 1796; x_wconf 87' lang='lat' dir='ltr'><strong>adoraverunt,</strong></span> <span class='ocrx_word' id='word_1_166' title='bbox 1971 1741 2025 1785; x_wconf 90' lang='lat' dir='ltr'><strong>et</strong></span> <span class='ocrx_word' id='word_1_167' title='bbox 2071 1747 2166 1786; x_wconf 91' lang='lat' dir='ltr'><strong>vos</strong></span> 
     </span>
    </p>
   </div>
   <div class='ocr_carea' id='block_1_23' title="bbox 581 1801 2238 1892">
    <p class='ocr_par' dir='ltr' id='par_1_23' title="bbox 581 1801 2238 1892">
     <span class='ocr_line' id='line_1_23' title="bbox 581 1801 2238 1892; baseline 0.007 -24"><span class='ocrx_word' id='word_1_168' title='bbox 581 1816 764 1872; x_wconf 84' lang='lat' dir='ltr'><strong>dicitis</strong></span> <span class='ocrx_word' id='word_1_169' title='bbox 804 1822 950 1888; x_wconf 89' lang='lat' dir='ltr'><strong>quod</strong></span> <span class='ocrx_word' id='word_1_170' title='bbox 1011 1821 1400 1892; x_wconf 82' lang='lat' dir='ltr'><strong>Hierosolymis</strong></span> <span class='ocrx_word' id='word_1_171' title='bbox 1452 1834 1536 1877; x_wconf 89' lang='lat' dir='ltr'><strong>est</strong></span> <span class='ocrx_word' id='word_1_172' title='bbox 1593 1825 1742 1879; x_wconf 92' lang='lat' dir='ltr'><strong>locus</strong></span> <span class='ocrx_word' id='word_1_173' title='bbox 1773 1824 1863 1878; x_wconf 93' lang='lat' dir='ltr'><strong>ubi</strong></span> <span class='ocrx_word' id='word_1_174' title='bbox 1917 1834 2164 1892; x_wconf 83' lang='lat' dir='ltr'><strong>oporteat</strong></span> <span class='ocrx_word' id='word_1_175' title='bbox 2200 1801 2238 1854; x_wconf 72' lang='grc' dir='ltr'><strong>Β</strong></span> 
     </span>
    </p>
   </div>
   <div class='ocr_carea' id='block_1_24' title="bbox 584 1909 2165 1981">
    <p class='ocr_par' dir='ltr' id='par_1_24' title="bbox 584 1909 2165 1981">
     <span class='ocr_line' id='line_1_24' title="bbox 584 1909 2165 1981; baseline 0.007 -21"><span class='ocrx_word' id='word_1_176' title='bbox 584 1909 834 1964; x_wconf 83' lang='lat' dir='ltr'><strong>adorare.</strong></span> <span class='ocrx_word' id='word_1_177' title='bbox 873 1913 1010 1966; x_wconf 90' lang='lat' dir='ltr'><strong>Dicit</strong></span> <span class='ocrx_word' id='word_1_178' title='bbox 1061 1913 1110 1966; x_wconf 90' lang='lat' dir='ltr'><strong>ei</strong></span> <span class='ocrx_word' id='word_1_179' title='bbox 1152 1912 1310 1968; x_wconf 82' lang='lat' dir='ltr'><strong>Jesus</strong></span> <span class='ocrx_word' id='word_1_180' title='bbox 1344 1933 1358 1969; x_wconf 87' lang='lat'>:</span> <span class='ocrx_word' id='word_1_181' title='bbox 1393 1915 1606 1981; x_wconf 78' lang='lat' dir='ltr'><strong>Mulier,</strong></span> <span class='ocrx_word' id='word_1_182' title='bbox 1634 1919 1793 1971; x_wconf 88' lang='lat' dir='ltr'><strong>crede</strong></span> <span class='ocrx_word' id='word_1_183' title='bbox 1831 1917 1982 1974; x_wconf 87' lang='lat' dir='ltr'><strong>mihi.</strong></span> <span class='ocrx_word' id='word_1_184' title='bbox 2018 1917 2165 1971; x_wconf 90' lang='lat' dir='ltr'><strong>venit</strong></span> 
     </span>
    </p>
   </div>
   <div class='ocr_carea' id='block_1_25' title="bbox 585 2001 2163 2078">
    <p class='ocr_par' dir='ltr' id='par_1_25' title="bbox 585 2001 2163 2078">
     <span class='ocr_line' id='line_1_25' title="bbox 585 2001 2163 2078; baseline 0.005 -24"><span class='ocrx_word' id='word_1_185' title='bbox 585 2001 717 2055; x_wconf 90' lang='lat' dir='ltr'><strong>hora</strong></span> <span class='ocrx_word' id='word_1_186' title='bbox 755 2003 973 2070; x_wconf 81' lang='lat' dir='ltr'><strong>quando</strong></span> <span class='ocrx_word' id='word_1_187' title='bbox 1025 2021 1199 2075; x_wconf 89' lang='lat' dir='ltr'><strong>neque</strong></span> <span class='ocrx_word' id='word_1_188' title='bbox 1231 2007 1284 2061; x_wconf 91' lang='lat' dir='ltr'><strong>in</strong></span> <span class='ocrx_word' id='word_1_189' title='bbox 1327 2018 1509 2062; x_wconf 90' lang='lat' dir='ltr'><strong>monte</strong></span> <span class='ocrx_word' id='word_1_190' title='bbox 1535 2009 1656 2074; x_wconf 92' lang='lat' dir='ltr'><strong>hoc,</strong></span> <span class='ocrx_word' id='word_1_191' title='bbox 1690 2023 1864 2078; x_wconf 88' lang='lat' dir='ltr'><strong>neque</strong></span> <span class='ocrx_word' id='word_1_192' title='bbox 1891 2009 1945 2062; x_wconf 92' lang='lat' dir='ltr'><strong>in</strong></span> <span class='ocrx_word' id='word_1_193' title='bbox 1971 2007 2163 2062; x_wconf 79' lang='lat' dir='ltr'><strong>liiero-</strong></span> 
     </span>
    </p>
   </div>
   <div class='ocr_carea' id='block_1_26' title="bbox 583 2092 2160 2166">
    <p class='ocr_par' dir='ltr' id='par_1_26' title="bbox 583 2092 2160 2166">
     <span class='ocr_line' id='line_1_26' title="bbox 583 2092 2160 2166; baseline 0.004 -21"><span class='ocrx_word' id='word_1_194' title='bbox 583 2092 808 2162; x_wconf 79' lang='lat' dir='ltr'><strong>solymis</strong></span> <span class='ocrx_word' id='word_1_195' title='bbox 840 2093 1135 2152; x_wconf 82' lang='lat' dir='ltr'><strong>adorabitis</strong></span> <span class='ocrx_word' id='word_1_196' title='bbox 1160 2095 1400 2152; x_wconf 84' lang='lat' dir='ltr'><strong>Patrem.</strong></span> <span class='ocrx_word' id='word_1_197' title='bbox 1424 2099 1531 2153; x_wconf 76' lang='lat' dir='ltr'><strong>Vos</strong></span> <span class='ocrx_word' id='word_1_198' title='bbox 1561 2099 1801 2154; x_wconf 84' lang='lat' dir='ltr'><strong>adoratis</strong></span> <span class='ocrx_word' id='word_1_199' title='bbox 1850 2101 1992 2166; x_wconf 90' lang='lat' dir='ltr'><strong>quod</strong></span> <span class='ocrx_word' id='word_1_200' title='bbox 2030 2114 2160 2153; x_wconf 89' lang='lat' dir='ltr'><strong>nes-</strong></span> 
     </span>
    </p>
   </div>
   <div class='ocr_carea' id='block_1_27' title="bbox 580 2186 2164 2262">
    <p class='ocr_par' dir='ltr' id='par_1_27' title="bbox 580 2186 2164 2262">
     <span class='ocr_line' id='line_1_27' title="bbox 580 2186 2164 2262; baseline 0.005 -26"><span class='ocrx_word' id='word_1_201' title='bbox 580 2186 703 2239; x_wconf 84' lang='lat' dir='ltr'><strong>citis</strong></span> <span class='ocrx_word' id='word_1_202' title='bbox 732 2202 744 2238; x_wconf 87' lang='lat'><strong>:</strong></span> <span class='ocrx_word' id='word_1_203' title='bbox 788 2201 885 2241; x_wconf 88' lang='lat' dir='ltr'><strong>nos</strong></span> <span class='ocrx_word' id='word_1_204' title='bbox 903 2189 1191 2243; x_wconf 80' lang='lat' dir='ltr'><strong>adoramus</strong></span> <span class='ocrx_word' id='word_1_205' title='bbox 1217 2191 1356 2259; x_wconf 83' lang='lat' dir='ltr'><strong>quod</strong></span> <span class='ocrx_word' id='word_1_206' title='bbox 1380 2191 1579 2246; x_wconf 85' lang='lat' dir='ltr'><strong>scimus</strong></span> <span class='ocrx_word' id='word_1_207' title='bbox 1611 2211 1622 2245; x_wconf 88' lang='lat'>:</span> <span class='ocrx_word' id='word_1_208' title='bbox 1649 2195 1772 2262; x_wconf 87' lang='lat' dir='ltr'><strong>quia</strong></span> <span class='ocrx_word' id='word_1_209' title='bbox 1806 2193 1950 2246; x_wconf 89' lang='lat' dir='ltr'><strong>salus</strong></span> <span class='ocrx_word' id='word_1_210' title='bbox 1981 2207 2045 2245; x_wconf 78' lang='lat' dir='ltr'><strong>ex</strong></span> <span class='ocrx_word' id='word_1_211' title='bbox 2071 2190 2164 2245; x_wconf 79' lang='lat' dir='ltr'><strong>Ju-</strong></span> 
     </span>
    </p>
   </div>
   <div class='ocr_carea' id='block_1_28' title="bbox 582 2279 2164 2350">
    <p class='ocr_par' dir='ltr' id='par_1_28' title="bbox 582 2279 2164 2350">
     <span class='ocr_line' id='line_1_28' title="bbox 582 2279 2164 2350; baseline 0.002 -16"><span class='ocrx_word' id='word_1_212' title='bbox 582 2279 714 2334; x_wconf 62' lang='lat' dir='ltr'><strong>dmis</strong></span> <span class='ocrx_word' id='word_1_213' title='bbox 746 2280 1172 2349; x_wconf 51' lang='lat' dir='ltr'><strong>esto—«Vade,</strong></span> <span class='ocrx_word' id='word_1_214' title='bbox 1197 2299 1326 2337; x_wconf 87' lang='lat' dir='ltr'><strong>voca</strong></span> <span class='ocrx_word' id='word_1_215' title='bbox 1347 2284 1518 2337; x_wconf 86' lang='lat' dir='ltr'><strong>virum</strong></span> <span class='ocrx_word' id='word_1_216' title='bbox 1546 2296 1718 2339; x_wconf 86' lang='lat' dir='ltr'><strong>tuum.</strong></span> <span class='ocrx_word' id='word_1_217' title='bbox 1736 2303 1753 2335; x_wconf 74' lang='grc' dir='ltr'><strong>ι</strong></span> <span class='ocrx_word' id='word_1_218' title='bbox 1787 2285 1922 2350; x_wconf 84' lang='lat' dir='ltr'><strong>Quia</strong></span> <span class='ocrx_word' id='word_1_219' title='bbox 1946 2284 2164 2339; x_wconf 81' lang='lat' dir='ltr'><strong>videbat</strong></span> 
     </span>
    </p>
   </div>
   <div class='ocr_carea' id='block_1_29' title="bbox 582 2373 2163 2448">
    <p class='ocr_par' dir='ltr' id='par_1_29' title="bbox 582 2373 2163 2448">
     <span class='ocr_line' id='line_1_29' title="bbox 582 2373 2163 2448; baseline 0.003 -22"><span class='ocrx_word' id='word_1_220' title='bbox 582 2373 730 2427; x_wconf 88' lang='lat' dir='ltr'><strong>illam</strong></span> <span class='ocrx_word' id='word_1_221' title='bbox 768 2385 1050 2445; x_wconf 87' lang='lat' dir='ltr'><strong>urgentem</strong></span> <span class='ocrx_word' id='word_1_222' title='bbox 1083 2377 1148 2430; x_wconf 86' lang='lat' dir='ltr'><strong>ad</strong></span> <span class='ocrx_word' id='word_1_223' title='bbox 1184 2377 1574 2447; x_wconf 81' lang='lat' dir='ltr'><strong>recipiendum,</strong></span> <span class='ocrx_word' id='word_1_224' title='bbox 1612 2387 1663 2433; x_wconf 90' lang='lat' dir='ltr'><strong>et</strong></span> <span class='ocrx_word' id='word_1_225' title='bbox 1692 2388 1975 2448; x_wconf 77' lang='lat' dir='ltr'><strong>cogentem</strong></span> <span class='ocrx_word' id='word_1_226' title='bbox 2015 2393 2074 2432; x_wconf 83' lang='lat' dir='ltr'><strong>se</strong></span> <span class='ocrx_word' id='word_1_227' title='bbox 2097 2377 2163 2431; x_wconf 90' lang='lat' dir='ltr'><strong>ad</strong></span> 
     </span>
    </p>
   </div>
   <div class='ocr_carea' id='block_1_30' title="bbox 581 2467 2161 2540">
    <p class='ocr_par' dir='ltr' id='par_1_30' title="bbox 581 2467 2161 2540">
     <span class='ocr_line' id='line_1_30' title="bbox 581 2467 2161 2540; baseline 0.001 -18"><span class='ocrx_word' id='word_1_228' title='bbox 581 2467 840 2530; x_wconf 87' lang='lat' dir='ltr'><strong>dandmn,</strong></span> <span class='ocrx_word' id='word_1_229' title='bbox 871 2470 1001 2524; x_wconf 82' lang='lat' dir='ltr'><strong>dicit</strong></span> <span class='ocrx_word' id='word_1_230' title='bbox 1031 2490 1042 2523; x_wconf 91' lang='lat'><strong>:</strong></span> <span class='ocrx_word' id='word_1_231' title='bbox 1078 2489 1095 2521; x_wconf 79' lang='grc' dir='ltr'>ι</span> <span class='ocrx_word' id='word_1_232' title='bbox 1140 2469 1309 2536; x_wconf 76' lang='lat' dir='ltr'><strong>Vade,</strong></span> <span class='ocrx_word' id='word_1_233' title='bbox 1343 2487 1472 2526; x_wconf 88' lang='lat' dir='ltr'><strong>voca</strong></span> <span class='ocrx_word' id='word_1_234' title='bbox 1513 2474 1690 2526; x_wconf 90' lang='lat' dir='ltr'><strong>virum</strong></span> <span class='ocrx_word' id='word_1_235' title='bbox 1742 2482 1913 2535; x_wconf 91' lang='lat' dir='ltr'><strong>tuum,</strong></span> <span class='ocrx_word' id='word_1_236' title='bbox 1957 2489 1975 2524; x_wconf 78' lang='grc' dir='ltr'><strong>ι</strong></span> <span class='ocrx_word' id='word_1_237' title='bbox 2008 2471 2161 2540; x_wconf 88' lang='lat' dir='ltr'><strong>quasi</strong></span> 
     </span>
    </p>
   </div>
   <div class='ocr_carea' id='block_1_31' title="bbox 581 2559 2161 2632">
    <p class='ocr_par' dir='ltr' id='par_1_31' title="bbox 581 2559 2161 2632">
     <span class='ocr_line' id='line_1_31' title="bbox 581 2559 2161 2632; baseline -0.002 -19"><span class='ocrx_word' id='word_1_238' title='bbox 581 2559 830 2614; x_wconf 90' lang='lat' dir='ltr'><strong>ostendat</strong></span> <span class='ocrx_word' id='word_1_239' title='bbox 851 2559 990 2629; x_wconf 89' lang='lat' dir='ltr'><strong>quod</strong></span> <span class='ocrx_word' id='word_1_240' title='bbox 1018 2561 1180 2615; x_wconf 88' lang='lat' dir='ltr'><strong>etiam</strong></span> <span class='ocrx_word' id='word_1_241' title='bbox 1210 2561 1358 2616; x_wconf 88' lang='lat' dir='ltr'><strong>illum</strong></span> <span class='ocrx_word' id='word_1_242' title='bbox 1388 2571 1636 2632; x_wconf 86' lang='lat' dir='ltr'><strong>oporteat</strong></span> <span class='ocrx_word' id='word_1_243' title='bbox 1659 2575 1781 2617; x_wconf 86' lang='lat' dir='ltr'><strong>esse</strong></span> <span class='ocrx_word' id='word_1_244' title='bbox 1841 2559 2161 2630; x_wconf 71' lang='lat' dir='ltr'><strong>participem</strong></span> 
     </span>
    </p>
   </div>
   <div class='ocr_carea' id='block_1_32' title="bbox 584 2651 2159 2721">
    <p class='ocr_par' dir='ltr' id='par_1_32' title="bbox 584 2651 2159 2721">
     <span class='ocr_line' id='line_1_32' title="bbox 584 2651 2159 2721; baseline -0.003 -15"><span class='ocrx_word' id='word_1_245' title='bbox 584 2653 739 2721; x_wconf 84' lang='lat' dir='ltr'><strong>hujus</strong></span> <span class='ocrx_word' id='word_1_246' title='bbox 760 2653 884 2707; x_wconf 91' lang='lat' dir='ltr'><strong>doni</strong></span> <span class='ocrx_word' id='word_1_247' title='bbox 913 2653 1039 2707; x_wconf 86' lang='lat' dir='ltr'><strong>mei.</strong></span> <span class='ocrx_word' id='word_1_248' title='bbox 1077 2653 1169 2708; x_wconf 87' lang='lat' dir='ltr'><strong>illa</strong></span> <span class='ocrx_word' id='word_1_249' title='bbox 1198 2665 1378 2709; x_wconf 88' lang='lat' dir='ltr'><strong>autem</strong></span> <span class='ocrx_word' id='word_1_250' title='bbox 1405 2654 1684 2719; x_wconf 80' lang='lat' dir='ltr'><strong>festinatis,</strong></span> <span class='ocrx_word' id='word_1_251' title='bbox 1724 2659 1777 2706; x_wconf 91' lang='lat' dir='ltr'><strong>ct</strong></span> <span class='ocrx_word' id='word_1_252' title='bbox 1805 2662 1861 2705; x_wconf 91' lang='lat' dir='ltr'><strong>ut</strong></span> <span class='ocrx_word' id='word_1_253' title='bbox 1911 2651 2159 2719; x_wconf 82' lang='lat' dir='ltr'><strong>recipiat,</strong></span> 
     </span>
    </p>
   </div>
   <div class='ocr_carea' id='block_1_33' title="bbox 581 2744 2164 2809">
    <p class='ocr_par' dir='ltr' id='par_1_33' title="bbox 581 2744 2164 2809">
     <span class='ocr_line' id='line_1_33' title="bbox 581 2744 2164 2809; baseline 0.007 -16"><span class='ocrx_word' id='word_1_254' title='bbox 581 2756 634 2797; x_wconf 75' lang='lat' dir='ltr'><strong>ct</strong></span> <span class='ocrx_word' id='word_1_255' title='bbox 666 2752 721 2797; x_wconf 90' lang='lat' dir='ltr'><strong>ut</strong></span> <span class='ocrx_word' id='word_1_256' title='bbox 750 2745 910 2798; x_wconf 89' lang='lat' dir='ltr'><strong>simul</strong></span> <span class='ocrx_word' id='word_1_257' title='bbox 943 2744 1125 2809; x_wconf 86' lang='lat' dir='ltr'><strong>lateat,</strong></span> <span class='ocrx_word' id='word_1_258' title='bbox 1159 2747 1290 2800; x_wconf 90' lang='lat' dir='ltr'><strong>dicit</strong></span> <span class='ocrx_word' id='word_1_259' title='bbox 1322 2764 1332 2798; x_wconf 96' lang='lat'>:</span> <span class='ocrx_word' id='word_1_260' title='bbox 1369 2765 1386 2797; x_wconf 80' lang='grc' dir='ltr'><strong>ι</strong></span> <span class='ocrx_word' id='word_1_261' title='bbox 1415 2746 1534 2801; x_wconf 83' lang='lat' dir='ltr'><strong>Non</strong></span> <span class='ocrx_word' id='word_1_262' title='bbox 1582 2747 1758 2800; x_wconf 85' lang='lat' dir='ltr'><strong>habeo</strong></span> <span class='ocrx_word' id='word_1_263' title='bbox 1808 2749 2005 2805; x_wconf 88' lang='lat' dir='ltr'><strong>virum.</strong></span> <span class='ocrx_word' id='word_1_264' title='bbox 2055 2767 2073 2800; x_wconf 71' lang='grc' dir='ltr'><strong>ι</strong></span> <span class='ocrx_word' id='word_1_265' title='bbox 2095 2749 2164 2804; x_wconf 81' lang='lat' dir='ltr'><strong>At</strong></span> 
     </span>
    </p>
   </div>
   <div class='ocr_carea' id='block_1_34' title="bbox 583 2833 2162 2905">
    <p class='ocr_par' dir='ltr' id='par_1_34' title="bbox 583 2833 2162 2905">
     <span class='ocr_line' id='line_1_34' title="bbox 583 2833 2162 2905; baseline 0.007 -19"><span class='ocrx_word' id='word_1_266' title='bbox 583 2833 843 2888; x_wconf 87' lang='lat' dir='ltr'><strong>Dominus</strong></span> <span class='ocrx_word' id='word_1_267' title='bbox 874 2850 968 2904; x_wconf 89' lang='lat' dir='ltr'><strong>per</strong></span> <span class='ocrx_word' id='word_1_268' title='bbox 1007 2837 1345 2905; x_wconf 83' lang='lat' dir='ltr'><strong>pr0pltetiam</strong></span> <span class='ocrx_word' id='word_1_269' title='bbox 1388 2852 1533 2891; x_wconf 86' lang='lat' dir='ltr'><strong>nunc</strong></span> <span class='ocrx_word' id='word_1_270' title='bbox 1554 2839 1757 2894; x_wconf 82' lang='lat' dir='ltr'><strong>revelat</strong></span> <span class='ocrx_word' id='word_1_271' title='bbox 1783 2854 1942 2896; x_wconf 83' lang='lat' dir='ltr'><strong>suam</strong></span> <span class='ocrx_word' id='word_1_272' title='bbox 1989 2842 2162 2897; x_wconf 86' lang='lat' dir='ltr'><strong>virtu-</strong></span> 
     </span>
    </p>
   </div>
   <div class='ocr_carea' id='block_1_35' title="bbox 580 2926 2160 3004">
    <p class='ocr_par' dir='ltr' id='par_1_35' title="bbox 580 2926 2160 3004">
     <span class='ocr_line' id='line_1_35' title="bbox 580 2926 2160 3004; baseline 0.006 -24"><span class='ocrx_word' id='word_1_273' title='bbox 580 2933 711 2991; x_wconf 87' lang='lat' dir='ltr'><strong>tem,</strong></span> <span class='ocrx_word' id='word_1_274' title='bbox 763 2936 816 2981; x_wconf 91' lang='lat' dir='ltr'><strong>et</strong></span> <span class='ocrx_word' id='word_1_275' title='bbox 851 2926 1059 2996; x_wconf 89' lang='lat' dir='ltr'><strong>priores</strong></span> <span class='ocrx_word' id='word_1_276' title='bbox 1100 2929 1218 2998; x_wconf 85' lang='lat' dir='ltr'><strong>ejus</strong></span> <span class='ocrx_word' id='word_1_277' title='bbox 1273 2930 1419 2983; x_wconf 77' lang='lat' dir='ltr'><strong>viros</strong></span> <span class='ocrx_word' id='word_1_278' title='bbox 1481 2944 1731 2986; x_wconf 90' lang='lat' dir='ltr'><strong>numerat</strong></span> <span class='ocrx_word' id='word_1_279' title='bbox 1784 2947 1838 2988; x_wconf 90' lang='lat' dir='ltr'><strong>et</strong></span> <span class='ocrx_word' id='word_1_280' title='bbox 1887 2948 2008 2988; x_wconf 87' lang='lat' dir='ltr'><strong>eum</strong></span> <span class='ocrx_word' id='word_1_281' title='bbox 2067 2936 2160 3004; x_wconf 72' lang='lat' dir='ltr'><strong>qui</strong></span> 
     </span>
    </p>
   </div>
   <div class='ocr_carea' id='block_1_36' title="bbox 581 3019 2162 3097">
    <p class='ocr_par' dir='ltr' id='par_1_36' title="bbox 581 3019 2162 3097">
     <span class='ocr_line' id='line_1_36' title="bbox 581 3019 2162 3097; baseline 0.007 -27"><span class='ocrx_word' id='word_1_282' title='bbox 581 3033 724 3072; x_wconf 86' lang='lat' dir='ltr'><strong>nunc</strong></span> <span class='ocrx_word' id='word_1_283' title='bbox 770 3019 1122 3089; x_wconf 88' lang='lat' dir='ltr'><strong>ignorabatur</strong></span> <span class='ocrx_word' id='word_1_284' title='bbox 1169 3021 1363 3090; x_wconf 78' lang='lat' dir='ltr'><strong>arguit.</strong></span> <span class='ocrx_word' id='word_1_285' title='bbox 1398 3019 1650 3092; x_wconf 84' lang='lat' dir='ltr'><strong>Nunquid</strong></span> <span class='ocrx_word' id='word_1_286' title='bbox 1687 3024 1852 3094; x_wconf 79' lang='lat' dir='ltr'><strong>igitur</strong></span> <span class='ocrx_word' id='word_1_287' title='bbox 1881 3025 1970 3080; x_wconf 91' lang='lat' dir='ltr'><strong>illa</strong></span> <span class='ocrx_word' id='word_1_288' title='bbox 2017 3041 2162 3097; x_wconf 68' lang='lat' dir='ltr'><strong>argre</strong></span> 
     </span>
    </p>
   </div>
   <div class='ocr_carea' id='block_1_37' title="bbox 2353 1175 3851 1250">
    <p class='ocr_par' dir='ltr' id='par_1_37' title="bbox 2353 1175 3851 1250">
     <span class='ocr_line' id='line_1_37' title="bbox 2353 1175 3851 1250; baseline -0.001 -21"><span class='ocrx_word' id='word_1_289' title='bbox 2353 1197 2371 1228; x_wconf 74' lang='grc' dir='ltr'><strong>ε</strong></span> <span class='ocrx_word' id='word_1_290' title='bbox 2408 1180 2569 1247; x_wconf 86' lang='grc' dir='ltr'>Λέγει</span> <span class='ocrx_word' id='word_1_291' title='bbox 2627 1180 2765 1250; x_wconf 73' lang='grc' dir='ltr'>αὐτῇ</span> <span class='ocrx_word' id='word_1_292' title='bbox 2820 1181 2848 1233; x_wconf 98' lang='lat'><strong>6</strong></span> <span class='ocrx_word' id='word_1_293' title='bbox 2893 1176 3134 1250; x_wconf 77' lang='grc' dir='ltr'>Ἰησοΰςο</span> <span class='ocrx_word' id='word_1_294' title='bbox 3171 1176 3416 1245; x_wconf 82' lang='grc' dir='ltr'>Ὕπαγε,</span> <span class='ocrx_word' id='word_1_295' title='bbox 3457 1175 3712 1246; x_wconf 80' lang='grc' dir='ltr'>φώνησον</span> <span class='ocrx_word' id='word_1_296' title='bbox 3767 1175 3851 1228; x_wconf 65' lang='grc' dir='ltr'>τιν</span> 
     </span>
    </p>
   </div>
   <div class='ocr_carea' id='block_1_38' title="bbox 2275 1267 3850 1340">
    <p class='ocr_par' dir='ltr' id='par_1_38' title="bbox 2275 1267 3850 1340">
     <span class='ocr_line' id='line_1_38' title="bbox 2275 1267 3850 1340; baseline -0.002 -17"><span class='ocrx_word' id='word_1_297' title='bbox 2275 1270 2447 1340; x_wconf 79' lang='grc' dir='ltr'>ἄνδρα</span> <span class='ocrx_word' id='word_1_298' title='bbox 2491 1287 2607 1336; x_wconf 83' lang='grc' dir='ltr'>σου,</span> <span class='ocrx_word' id='word_1_299' title='bbox 2637 1269 2734 1324; x_wconf 68' lang='grc' dir='ltr'>καὶ</span> <span class='ocrx_word' id='word_1_300' title='bbox 2784 1270 2904 1323; x_wconf 62' lang='lat' dir='ltr'><strong>nos</strong></span> <span class='ocrx_word' id='word_1_301' title='bbox 2951 1268 3164 1323; x_wconf 74' lang='grc' dir='ltr'>ἐνθάδε.</span> <span class='ocrx_word' id='word_1_302' title='bbox 3200 1267 3502 1340; x_wconf 74' lang='grc' dir='ltr'><strong>Ἀπεκρίθη</strong></span> <span class='ocrx_word' id='word_1_303' title='bbox 3525 1267 3580 1321; x_wconf 77' lang='grc' dir='ltr'>δὲ</span> <span class='ocrx_word' id='word_1_304' title='bbox 3617 1270 3649 1339; x_wconf 77' lang='grc' dir='ltr'><strong>ή</strong></span> <span class='ocrx_word' id='word_1_305' title='bbox 3705 1267 3850 1338; x_wconf 77' lang='grc' dir='ltr'>γυνὴ,</span> 
     </span>
    </p>
   </div>
   <div class='ocr_carea' id='block_1_39' title="bbox 2275 1351 3853 1426">
    <p class='ocr_par' dir='ltr' id='par_1_39' title="bbox 2275 1351 3853 1426">
     <span class='ocr_line' id='line_1_39' title="bbox 2275 1351 3853 1426; baseline -0.002 -18"><span class='ocrx_word' id='word_1_306' title='bbox 2275 1358 2366 1408; x_wconf 68' lang='grc' dir='ltr'>καὶ</span> <span class='ocrx_word' id='word_1_307' title='bbox 2402 1351 2556 1408; x_wconf 78' lang='grc' dir='ltr'>εἶπεν</span> <span class='ocrx_word' id='word_1_308' title='bbox 2586 1355 2738 1424; x_wconf 83' lang='grc' dir='ltr'><strong>αύτῷ</strong></span> <span class='ocrx_word' id='word_1_309' title='bbox 2778 1371 2793 1387; x_wconf 88' lang='grc'><strong>·</strong></span> <span class='ocrx_word' id='word_1_310' title='bbox 2831 1355 2947 1408; x_wconf 80' lang='grc' dir='ltr'>Ούκ</span> <span class='ocrx_word' id='word_1_311' title='bbox 2979 1354 3087 1425; x_wconf 77' lang='grc' dir='ltr'><strong>ἔχω</strong></span> <span class='ocrx_word' id='word_1_312' title='bbox 3117 1353 3305 1426; x_wconf 79' lang='grc' dir='ltr'>ἄνδρα.</span> <span class='ocrx_word' id='word_1_313' title='bbox 3334 1353 3497 1422; x_wconf 91' lang='grc' dir='ltr'>Λέγει</span> <span class='ocrx_word' id='word_1_314' title='bbox 3529 1353 3668 1424; x_wconf 77' lang='grc' dir='ltr'>αὐτῇ</span> <span class='ocrx_word' id='word_1_315' title='bbox 3696 1356 3723 1406; x_wconf 88' lang='lat'><strong>6</strong></span> <span class='ocrx_word' id='word_1_316' title='bbox 3757 1353 3853 1422; x_wconf 67' lang='lat' dir='ltr'><strong>&#39;lrj-</strong></span> 
     </span>
    </p>
   </div>
   <div class='ocr_carea' id='block_1_40' title="bbox 2274 1442 3854 1517">
    <p class='ocr_par' dir='ltr' id='par_1_40' title="bbox 2274 1442 3854 1517">
     <span class='ocr_line' id='line_1_40' title="bbox 2274 1442 3854 1517; baseline -0.002 -18"><span class='ocrx_word' id='word_1_317' title='bbox 2274 1447 2401 1510; x_wconf 76' lang='grc' dir='ltr'>σούς</span> <span class='ocrx_word' id='word_1_318' title='bbox 2433 1464 2446 1476; x_wconf 78' lang='grc'><strong>’</strong></span> <span class='ocrx_word' id='word_1_319' title='bbox 2511 1447 2708 1510; x_wconf 84' lang='grc' dir='ltr'>Καλῶς</span> <span class='ocrx_word' id='word_1_320' title='bbox 2748 1442 2934 1513; x_wconf 76' lang='grc' dir='ltr'>εἶπας,</span> <span class='ocrx_word' id='word_1_321' title='bbox 2980 1447 3062 1500; x_wconf 75' lang='grc' dir='ltr'>ὅτι</span> <span class='ocrx_word' id='word_1_322' title='bbox 3111 1445 3316 1517; x_wconf 81' lang='grc' dir='ltr'>’Δνδρα</span> <span class='ocrx_word' id='word_1_323' title='bbox 3364 1447 3465 1500; x_wconf 83' lang='grc' dir='ltr'>οὐκ</span> <span class='ocrx_word' id='word_1_324' title='bbox 3523 1445 3655 1517; x_wconf 73' lang='grc' dir='ltr'><strong>ἔχω.</strong></span> <span class='ocrx_word' id='word_1_325' title='bbox 3698 1446 3854 1500; x_wconf 74' lang='grc' dir='ltr'>Πέντε</span> 
     </span>
    </p>
   </div>
   <div class='ocr_carea' id='block_1_41' title="bbox 2274 1537 3854 1609">
    <p class='ocr_par' dir='ltr' id='par_1_41' title="bbox 2274 1537 3854 1609">
     <span class='ocr_line' id='line_1_41' title="bbox 2274 1537 3854 1609; baseline -0.001 -19"><span class='ocrx_word' id='word_1_326' title='bbox 2274 1539 2384 1606; x_wconf 73' lang='grc' dir='ltr'><strong>γαρ</strong></span> <span class='ocrx_word' id='word_1_327' title='bbox 2412 1539 2613 1609; x_wconf 73' lang='grc' dir='ltr'>ἄνδρας</span> <span class='ocrx_word' id='word_1_328' title='bbox 2658 1538 2839 1609; x_wconf 75' lang='grc' dir='ltr'>ἔσχες,</span> <span class='ocrx_word' id='word_1_329' title='bbox 2870 1539 2965 1592; x_wconf 80' lang='grc' dir='ltr'>καὶ</span> <span class='ocrx_word' id='word_1_330' title='bbox 3016 1537 3113 1592; x_wconf 81' lang='grc' dir='ltr'>νῦν</span> <span class='ocrx_word' id='word_1_331' title='bbox 3155 1537 3215 1591; x_wconf 82' lang='grc' dir='ltr'><strong>δν</strong></span> <span class='ocrx_word' id='word_1_332' title='bbox 3262 1538 3428 1608; x_wconf 68' lang='grc' dir='ltr'>ἔχεις,</span> <span class='ocrx_word' id='word_1_333' title='bbox 3467 1538 3567 1590; x_wconf 79' lang='grc' dir='ltr'>οὐκ</span> <span class='ocrx_word' id='word_1_334' title='bbox 3616 1537 3733 1590; x_wconf 74' lang='grc' dir='ltr'>ἔστι</span> <span class='ocrx_word' id='word_1_335' title='bbox 3771 1554 3854 1590; x_wconf 82' lang='grc' dir='ltr'>σου</span> 
     </span>
    </p>
   </div>
   <div class='ocr_carea' id='block_1_42' title="bbox 2272 1629 3854 1702">
    <p class='ocr_par' dir='ltr' id='par_1_42' title="bbox 2272 1629 3854 1702">
     <span class='ocr_line' id='line_1_42' title="bbox 2272 1629 3854 1702; baseline -0.001 -18"><span class='ocrx_word' id='word_1_336' title='bbox 2272 1632 2412 1700; x_wconf 78' lang='grc' dir='ltr'>ἁνήρ</span> <span class='ocrx_word' id='word_1_337' title='bbox 2438 1649 2452 1663; x_wconf 87' lang='grc'><strong>·</strong></span> <span class='ocrx_word' id='word_1_338' title='bbox 2495 1631 2654 1684; x_wconf 81' lang='grc' dir='ltr'>τοῦτο</span> <span class='ocrx_word' id='word_1_339' title='bbox 2687 1631 2904 1702; x_wconf 78' lang='grc' dir='ltr'>ἀληθῶς</span> <span class='ocrx_word' id='word_1_340' title='bbox 2961 1631 3212 1701; x_wconf 73' lang='grc' dir='ltr'>εἴρηκας.</span> <span class='ocrx_word' id='word_1_341' title='bbox 3247 1630 3410 1698; x_wconf 88' lang='grc' dir='ltr'>Λέγει</span> <span class='ocrx_word' id='word_1_342' title='bbox 3442 1629 3594 1699; x_wconf 80' lang='grc' dir='ltr'><strong>αύτῷ</strong></span> <span class='ocrx_word' id='word_1_343' title='bbox 3621 1631 3656 1699; x_wconf 76' lang='grc' dir='ltr'>ἡ</span> <span class='ocrx_word' id='word_1_344' title='bbox 3691 1631 3854 1697; x_wconf 79' lang='grc' dir='ltr'>γυνή’</span> 
     </span>
    </p>
   </div>
   <div class='ocr_carea' id='block_1_43' title="bbox 2275 1717 3857 1794">
    <p class='ocr_par' dir='ltr' id='par_1_43' title="bbox 2275 1717 3857 1794">
     <span class='ocr_line' id='line_1_43' title="bbox 2275 1717 3857 1794; baseline -0.001 -18"><span class='ocrx_word' id='word_1_345' title='bbox 2275 1724 2469 1794; x_wconf 80' lang='grc' dir='ltr'>Κύριε,</span> <span class='ocrx_word' id='word_1_346' title='bbox 2502 1722 2714 1792; x_wconf 82' lang='grc' dir='ltr'>θεωρῶ,</span> <span class='ocrx_word' id='word_1_347' title='bbox 2745 1724 2826 1776; x_wconf 79' lang='grc' dir='ltr'><strong>ὅτι</strong></span> <span class='ocrx_word' id='word_1_348' title='bbox 2857 1724 3147 1794; x_wconf 76' lang='grc' dir='ltr'><strong>προφήτης</strong></span> <span class='ocrx_word' id='word_1_349' title='bbox 3169 1717 3221 1776; x_wconf 79' lang='grc' dir='ltr'><strong>εἷ</strong></span> <span class='ocrx_word' id='word_1_350' title='bbox 3246 1721 3331 1775; x_wconf 84' lang='grc' dir='ltr'>σύ.</span> <span class='ocrx_word' id='word_1_351' title='bbox 3353 1723 3417 1775; x_wconf 80' lang='lat' dir='ltr'><strong>Ol</strong></span> <span class='ocrx_word' id='word_1_352' title='bbox 3439 1721 3676 1792; x_wconf 76' lang='grc' dir='ltr'><strong>πατέρες</strong></span> <span class='ocrx_word' id='word_1_353' title='bbox 3709 1722 3857 1791; x_wconf 73' lang='grc' dir='ltr'>ἡμῶν</span> 
     </span>
    </p>
   </div>
   <div class='ocr_carea' id='block_1_44' title="bbox 2269 1812 3856 1886">
    <p class='ocr_par' dir='ltr' id='par_1_44' title="bbox 2269 1812 3856 1886">
     <span class='ocr_line' id='line_1_44' title="bbox 2269 1812 3856 1886; baseline -0.002 -18"><span class='ocrx_word' id='word_1_354' title='bbox 2269 1818 2327 1868; x_wconf 81' lang='grc' dir='ltr'>ὲν</span> <span class='ocrx_word' id='word_1_355' title='bbox 2355 1814 2529 1886; x_wconf 84' lang='grc' dir='ltr'>τούτῳ</span> <span class='ocrx_word' id='word_1_356' title='bbox 2560 1814 2635 1883; x_wconf 82' lang='grc' dir='ltr'>τῷ</span> <span class='ocrx_word' id='word_1_357' title='bbox 2665 1814 2782 1885; x_wconf 75' lang='grc' dir='ltr'>ὄρει</span> <span class='ocrx_word' id='word_1_358' title='bbox 2827 1814 3262 1886; x_wconf 81' lang='grc' dir='ltr'>προσεκύνησαν,</span> <span class='ocrx_word' id='word_1_359' title='bbox 3298 1812 3396 1867; x_wconf 79' lang='grc' dir='ltr'>καὶ</span> <span class='ocrx_word' id='word_1_360' title='bbox 3434 1814 3596 1882; x_wconf 80' lang='grc' dir='ltr'>ὑμεῖς</span> <span class='ocrx_word' id='word_1_361' title='bbox 3648 1813 3856 1880; x_wconf 82' lang='grc' dir='ltr'><strong>λέγετε,</strong></span> 
     </span>
    </p>
   </div>
   <div class='ocr_carea' id='block_1_45' title="bbox 2269 1905 3858 1980">
    <p class='ocr_par' dir='ltr' id='par_1_45' title="bbox 2269 1905 3858 1980">
     <span class='ocr_line' id='line_1_45' title="bbox 2269 1905 3858 1980; baseline -0.003 -18"><span class='ocrx_word' id='word_1_362' title='bbox 2269 1910 2350 1962; x_wconf 80' lang='grc' dir='ltr'><strong>ὅτι</strong></span> <span class='ocrx_word' id='word_1_363' title='bbox 2408 1910 2465 1961; x_wconf 82' lang='grc' dir='ltr'>ὲν</span> <span class='ocrx_word' id='word_1_364' title='bbox 2514 1907 2910 1980; x_wconf 84' lang='grc' dir='ltr'>Ἱεροσολύμοις</span> <span class='ocrx_word' id='word_1_365' title='bbox 2964 1909 3113 1961; x_wconf 67' lang='grc' dir='ltr'>ἐστὶν</span> <span class='ocrx_word' id='word_1_366' title='bbox 3146 1910 3174 1961; x_wconf 89' lang='lat'><strong>6</strong></span> <span class='ocrx_word' id='word_1_367' title='bbox 3205 1907 3390 1971; x_wconf 85' lang='grc' dir='ltr'>τόπος,</span> <span class='ocrx_word' id='word_1_368' title='bbox 3415 1907 3549 1960; x_wconf 84' lang='grc' dir='ltr'>ὅπου</span> <span class='ocrx_word' id='word_1_369' title='bbox 3577 1905 3660 1959; x_wconf 87' lang='grc' dir='ltr'><strong>δεῖ</strong></span> <span class='ocrx_word' id='word_1_370' title='bbox 3691 1922 3858 1976; x_wconf 81' lang='grc' dir='ltr'>προσ-</span> 
     </span>
    </p>
   </div>
   <div class='ocr_carea' id='block_1_46' title="bbox 2269 1999 3857 2070">
    <p class='ocr_par' dir='ltr' id='par_1_46' title="bbox 2269 1999 3857 2070">
     <span class='ocr_line' id='line_1_46' title="bbox 2269 1999 3857 2070; baseline -0.003 -18"><span class='ocrx_word' id='word_1_371' title='bbox 2269 2001 2470 2054; x_wconf 84' lang='grc' dir='ltr'>κυνεῖν.</span> <span class='ocrx_word' id='word_1_372' title='bbox 2523 2001 2689 2068; x_wconf 80' lang='grc' dir='ltr'><strong>Λέγει</strong></span> <span class='ocrx_word' id='word_1_373' title='bbox 2721 2001 2862 2070; x_wconf 79' lang='grc' dir='ltr'>αὐτῇ</span> <span class='ocrx_word' id='word_1_374' title='bbox 2891 2001 2920 2053; x_wconf 93' lang='lat'><strong>6</strong></span> <span class='ocrx_word' id='word_1_375' title='bbox 2952 1999 3160 2068; x_wconf 80' lang='grc' dir='ltr'>Ἰησοῦς</span> <span class='ocrx_word' id='word_1_376' title='bbox 3182 2016 3194 2030; x_wconf 89' lang='grc'><strong>·</strong></span> <span class='ocrx_word' id='word_1_377' title='bbox 3217 1999 3406 2061; x_wconf 83' lang='grc' dir='ltr'>Γύναι,</span> <span class='ocrx_word' id='word_1_378' title='bbox 3428 1999 3722 2051; x_wconf 79' lang='grc' dir='ltr'>πίστευσδν</span> <span class='ocrx_word' id='word_1_379' title='bbox 3749 2014 3857 2067; x_wconf 72' lang='grc' dir='ltr'>μοι,</span> 
     </span>
    </p>
   </div>
   <div class='ocr_carea' id='block_1_47' title="bbox 2267 2091 3861 2165">
    <p class='ocr_par' dir='ltr' id='par_1_47' title="bbox 2267 2091 3861 2165">
     <span class='ocr_line' id='line_1_47' title="bbox 2267 2091 3861 2165; baseline -0.003 -17"><span class='ocrx_word' id='word_1_380' title='bbox 2267 2098 2351 2149; x_wconf 78' lang='grc' dir='ltr'>ὅτι</span> <span class='ocrx_word' id='word_1_381' title='bbox 2411 2095 2630 2164; x_wconf 72' lang='grc' dir='ltr'>ἔρχεται</span> <span class='ocrx_word' id='word_1_382' title='bbox 2654 2093 2794 2165; x_wconf 81' lang='grc' dir='ltr'>ὥρα,</span> <span class='ocrx_word' id='word_1_383' title='bbox 2835 2095 2924 2148; x_wconf 81' lang='grc' dir='ltr'>ὅτε</span> <span class='ocrx_word' id='word_1_384' title='bbox 2951 2093 3072 2146; x_wconf 70' lang='grc' dir='ltr'>οὔτε</span> <span class='ocrx_word' id='word_1_385' title='bbox 3106 2097 3164 2147; x_wconf 80' lang='grc' dir='ltr'>ὲν</span> <span class='ocrx_word' id='word_1_386' title='bbox 3192 2093 3268 2160; x_wconf 82' lang='grc' dir='ltr'>τῷ</span> <span class='ocrx_word' id='word_1_387' title='bbox 3296 2091 3416 2165; x_wconf 74' lang='grc' dir='ltr'>δρει</span> <span class='ocrx_word' id='word_1_388' title='bbox 3437 2095 3638 2162; x_wconf 75' lang='grc' dir='ltr'>τούτῳ,</span> <span class='ocrx_word' id='word_1_389' title='bbox 3663 2091 3784 2144; x_wconf 76' lang='grc' dir='ltr'>οὔτε</span> <span class='ocrx_word' id='word_1_390' title='bbox 3805 2093 3861 2143; x_wconf 76' lang='grc' dir='ltr'>ἐν</span> 
     </span>
    </p>
   </div>
   <div class='ocr_carea' id='block_1_48' title="bbox 2280 2183 3861 2257">
    <p class='ocr_par' dir='ltr' id='par_1_48' title="bbox 2280 2183 3861 2257">
     <span class='ocr_line' id='line_1_48' title="bbox 2280 2183 3861 2257; baseline -0.002 -21"><span class='ocrx_word' id='word_1_391' title='bbox 2280 2185 2676 2257; x_wconf 83' lang='grc' dir='ltr'>Ἰεροσολύμοις</span> <span class='ocrx_word' id='word_1_392' title='bbox 2713 2186 3120 2256; x_wconf 66' lang='grc' dir='ltr'><strong>προσκυνήσετε</strong></span> <span class='ocrx_word' id='word_1_393' title='bbox 3149 2183 3226 2254; x_wconf 84' lang='grc' dir='ltr'>τῷ</span> <span class='ocrx_word' id='word_1_394' title='bbox 3249 2183 3445 2253; x_wconf 80' lang='grc' dir='ltr'>Πατρί.</span> <span class='ocrx_word' id='word_1_395' title='bbox 3463 2183 3660 2252; x_wconf 77' lang='grc' dir='ltr'>Ὑμεῖς</span> <span class='ocrx_word' id='word_1_396' title='bbox 3693 2199 3861 2250; x_wconf 75' lang='grc' dir='ltr'>προσ-</span> 
     </span>
    </p>
   </div>
   <div class='ocr_carea' id='block_1_49' title="bbox 2269 2274 3857 2347">
    <p class='ocr_par' dir='ltr' id='par_1_49' title="bbox 2269 2274 3857 2347">
     <span class='ocr_line' id='line_1_49' title="bbox 2269 2274 3857 2347; baseline -0.004 -15"><span class='ocrx_word' id='word_1_397' title='bbox 2269 2281 2481 2332; x_wconf 83' lang='grc' dir='ltr'>κυνεῖτε</span> <span class='ocrx_word' id='word_1_398' title='bbox 2511 2279 2659 2331; x_wconf 79' lang='grc' dir='ltr'>δούκ</span> <span class='ocrx_word' id='word_1_399' title='bbox 2704 2279 2903 2342; x_wconf 83' lang='grc' dir='ltr'>οῖδατε,</span> <span class='ocrx_word' id='word_1_400' title='bbox 2971 2279 3133 2346; x_wconf 83' lang='grc' dir='ltr'>ἡμεῖς</span> <span class='ocrx_word' id='word_1_401' title='bbox 3183 2274 3657 2347; x_wconf 78' lang='grc' dir='ltr'>προσκυνοῦμενδ</span> <span class='ocrx_word' id='word_1_402' title='bbox 3711 2275 3857 2327; x_wconf 77' lang='grc' dir='ltr'>οῖδα-</span> 
     </span>
    </p>
   </div>
   <div class='ocr_carea' id='block_1_50' title="bbox 2272 2367 3862 2440">
    <p class='ocr_par' dir='ltr' id='par_1_50' title="bbox 2272 2367 3862 2440">
     <span class='ocr_line' id='line_1_50' title="bbox 2272 2367 3862 2440; baseline -0.004 -18"><span class='ocrx_word' id='word_1_403' title='bbox 2272 2387 2370 2440; x_wconf 87' lang='grc' dir='ltr'><strong>μεν</strong></span> <span class='ocrx_word' id='word_1_404' title='bbox 2399 2369 2494 2440; x_wconf 83' lang='grc' dir='ltr'><strong>(α).</strong></span> <span class='ocrx_word' id='word_1_405' title='bbox 2519 2369 2899 2437; x_wconf 73' lang='grc' dir='ltr'>ι-ι”Υπαγε,</span> <span class='ocrx_word' id='word_1_406' title='bbox 2934 2367 3186 2439; x_wconf 81' lang='grc' dir='ltr'>φώνησόν</span> <span class='ocrx_word' id='word_1_407' title='bbox 3210 2384 3302 2421; x_wconf 89' lang='grc' dir='ltr'><strong>σου</strong></span> <span class='ocrx_word' id='word_1_408' title='bbox 3327 2368 3416 2420; x_wconf 77' lang='grc' dir='ltr'>τὸν</span> <span class='ocrx_word' id='word_1_409' title='bbox 3439 2367 3630 2438; x_wconf 68' lang='grc' dir='ltr'>ἄνδρα.</span> <span class='ocrx_word' id='word_1_410' title='bbox 3663 2385 3681 2418; x_wconf 74' lang='grc' dir='ltr'><strong>ι</strong></span> <span class='ocrx_word' id='word_1_411' title='bbox 3707 2367 3862 2420; x_wconf 77' lang='grc' dir='ltr'><strong>Ἐπεὶ</strong></span> 
     </span>
    </p>
   </div>
   <div class='ocr_carea' id='block_1_51' title="bbox 2269 2460 3861 2535">
    <p class='ocr_par' dir='ltr' id='par_1_51' title="bbox 2269 2460 3861 2535">
     <span class='ocr_line' id='line_1_51' title="bbox 2269 2460 3861 2535; baseline -0.001 -19"><span class='ocrx_word' id='word_1_412' title='bbox 2269 2465 2377 2535; x_wconf 76' lang='grc' dir='ltr'><strong>γὰρ</strong></span> <span class='ocrx_word' id='word_1_413' title='bbox 2435 2463 2584 2533; x_wconf 76' lang='grc' dir='ltr'>ἐώρα</span> <span class='ocrx_word' id='word_1_414' title='bbox 2634 2463 2807 2530; x_wconf 74' lang='grc' dir='ltr'>αὐτὴν</span> <span class='ocrx_word' id='word_1_415' title='bbox 2871 2461 3256 2532; x_wconf 66' lang='grc' dir='ltr'><strong>ἐπικειμένην,</strong></span> <span class='ocrx_word' id='word_1_416' title='bbox 3304 2460 3447 2514; x_wconf 80' lang='grc' dir='ltr'>ὥστε</span> <span class='ocrx_word' id='word_1_417' title='bbox 3516 2461 3732 2523; x_wconf 72' lang='grc' dir='ltr'>λαϐεῖν,</span> <span class='ocrx_word' id='word_1_418' title='bbox 3767 2461 3861 2514; x_wconf 78' lang='grc' dir='ltr'>καὶ</span> 
     </span>
    </p>
   </div>
   <div class='ocr_carea' id='block_1_52' title="bbox 2266 2552 3858 2624">
    <p class='ocr_par' dir='ltr' id='par_1_52' title="bbox 2266 2552 3858 2624">
     <span class='ocr_line' id='line_1_52' title="bbox 2266 2552 3858 2624; baseline -0.003 -15"><span class='ocrx_word' id='word_1_419' title='bbox 2266 2556 2689 2623; x_wconf 76' lang='grc' dir='ltr'>ἀναγκάζουσαν</span> <span class='ocrx_word' id='word_1_420' title='bbox 2719 2554 2884 2608; x_wconf 77' lang='grc' dir='ltr'>αὐτὸν</span> <span class='ocrx_word' id='word_1_421' title='bbox 2935 2553 3143 2619; x_wconf 80' lang='grc' dir='ltr'>δοῦναι,</span> <span class='ocrx_word' id='word_1_422' title='bbox 3170 2553 3303 2624; x_wconf 80' lang='grc' dir='ltr'>φησί</span> <span class='ocrx_word' id='word_1_423' title='bbox 3341 2569 3355 2585; x_wconf 69' lang='grc'><strong><em>⁸</em></strong></span> <span class='ocrx_word' id='word_1_424' title='bbox 3402 2572 3422 2606; x_wconf 75' lang='grc' dir='ltr'><strong>ε</strong></span> <span class='ocrx_word' id='word_1_425' title='bbox 3458 2552 3719 2622; x_wconf 74' lang='grc' dir='ltr'>Φώνησόν</span> <span class='ocrx_word' id='word_1_426' title='bbox 3767 2569 3858 2605; x_wconf 81' lang='grc' dir='ltr'><strong>σου</strong></span> 
     </span>
    </p>
   </div>
   <div class='ocr_carea' id='block_1_53' title="bbox 2265 2645 3858 2718">
    <p class='ocr_par' dir='ltr' id='par_1_53' title="bbox 2265 2645 3858 2718">
     <span class='ocr_line' id='line_1_53' title="bbox 2265 2645 3858 2718; baseline -0.004 -16"><span class='ocrx_word' id='word_1_427' title='bbox 2265 2648 2359 2702; x_wconf 75' lang='grc' dir='ltr'><strong>τὸν</strong></span> <span class='ocrx_word' id='word_1_428' title='bbox 2393 2649 2564 2718; x_wconf 78' lang='grc' dir='ltr'>ἄνδρα</span> <span class='ocrx_word' id='word_1_429' title='bbox 2601 2665 2614 2678; x_wconf 93' lang='grc'><strong>·</strong></span> <span class='ocrx_word' id='word_1_430' title='bbox 2656 2647 2896 2700; x_wconf 74' lang='grc' dir='ltr'>»ὡσανεὶ</span> <span class='ocrx_word' id='word_1_431' title='bbox 2956 2645 3394 2716; x_wconf 78' lang='grc' dir='ltr'>ἐνδεικνύμενος,</span> <span class='ocrx_word' id='word_1_432' title='bbox 3443 2646 3526 2698; x_wconf 86' lang='grc' dir='ltr'><strong>ὅτι</strong></span> <span class='ocrx_word' id='word_1_433' title='bbox 3588 2645 3858 2697; x_wconf 76' lang='grc' dir='ltr'>Κάκεῖνον</span> 
     </span>
    </p>
   </div>
   <div class='ocr_carea' id='block_1_54' title="bbox 2267 2737 3854 2809">
    <p class='ocr_par' dir='ltr' id='par_1_54' title="bbox 2267 2737 3854 2809">
     <span class='ocr_line' id='line_1_54' title="bbox 2267 2737 3854 2809; baseline -0.003 -15"><span class='ocrx_word' id='word_1_434' title='bbox 2267 2742 2348 2794; x_wconf 89' lang='grc' dir='ltr'><strong>δεῖ</strong></span> <span class='ocrx_word' id='word_1_435' title='bbox 2379 2742 2634 2794; x_wconf 75' lang='grc' dir='ltr'>κοινωνόν</span> <span class='ocrx_word' id='word_1_436' title='bbox 2689 2758 2770 2793; x_wconf 85' lang='grc' dir='ltr'><strong>σοι</strong></span> <span class='ocrx_word' id='word_1_437' title='bbox 2830 2739 3085 2808; x_wconf 85' lang='grc' dir='ltr'>γενέσθαι</span> <span class='ocrx_word' id='word_1_438' title='bbox 3142 2738 3244 2809; x_wconf 83' lang='grc' dir='ltr'>τῆς</span> <span class='ocrx_word' id='word_1_439' title='bbox 3267 2738 3478 2809; x_wconf 81' lang='grc' dir='ltr'>δωρεᾶς</span> <span class='ocrx_word' id='word_1_440' title='bbox 3522 2737 3734 2806; x_wconf 75' lang='grc' dir='ltr'>ταύτης</span> <span class='ocrx_word' id='word_1_441' title='bbox 3762 2739 3854 2806; x_wconf 67' lang='grc' dir='ltr'>τῆς</span> 
     </span>
    </p>
   </div>
   <div class='ocr_carea' id='block_1_55' title="bbox 2268 2829 3860 2905">
    <p class='ocr_par' dir='ltr' id='par_1_55' title="bbox 2268 2829 3860 2905">
     <span class='ocr_line' id='line_1_55' title="bbox 2268 2829 3860 2905; baseline -0.004 -16"><span class='ocrx_word' id='word_1_442' title='bbox 2268 2836 2430 2905; x_wconf 75' lang='grc' dir='ltr'>ἐμῆς.</span> <span class='ocrx_word' id='word_1_443' title='bbox 2457 2835 2672 2903; x_wconf 84' lang='grc' dir='ltr'>Ἐκείνη</span> <span class='ocrx_word' id='word_1_444' title='bbox 2694 2834 2752 2887; x_wconf 75' lang='grc' dir='ltr'>δὲ</span> <span class='ocrx_word' id='word_1_445' title='bbox 2787 2835 2901 2905; x_wconf 74' lang='grc' dir='ltr'>ἅμα</span> <span class='ocrx_word' id='word_1_446' title='bbox 2935 2829 3034 2902; x_wconf 82' lang='grc' dir='ltr'>μὲν</span> <span class='ocrx_word' id='word_1_447' title='bbox 3064 2831 3270 2898; x_wconf 86' lang='grc' dir='ltr'>λαθεῖν,</span> <span class='ocrx_word' id='word_1_448' title='bbox 3297 2831 3415 2903; x_wconf 66' lang='grc' dir='ltr'>ἄμα</span> <span class='ocrx_word' id='word_1_449' title='bbox 3437 2831 3493 2886; x_wconf 72' lang='grc' dir='ltr'>δὲ</span> <span class='ocrx_word' id='word_1_450' title='bbox 3524 2832 3621 2886; x_wconf 71' lang='grc' dir='ltr'>καὶ</span> <span class='ocrx_word' id='word_1_451' title='bbox 3676 2831 3860 2884; x_wconf 76' lang='grc' dir='ltr'>λαῦεῖν</span> 
     </span>
    </p>
   </div>
   <div class='ocr_carea' id='block_1_56' title="bbox 2270 2926 3858 2999">
    <p class='ocr_par' dir='ltr' id='par_1_56' title="bbox 2270 2926 3858 2999">
     <span class='ocr_line' id='line_1_56' title="bbox 2270 2926 3858 2999; baseline -0.003 -17"><span class='ocrx_word' id='word_1_452' title='bbox 2270 2929 2596 2994; x_wconf 85' lang='grc' dir='ltr'>σπεύδουσα,</span> <span class='ocrx_word' id='word_1_453' title='bbox 2627 2930 2813 2999; x_wconf 74' lang='grc' dir='ltr'>φησίν·</span> <span class='ocrx_word' id='word_1_454' title='bbox 2855 2947 2872 2978; x_wconf 81' lang='lat' dir='ltr'><strong>t</strong></span> <span class='ocrx_word' id='word_1_455' title='bbox 2901 2929 3015 2980; x_wconf 84' lang='grc' dir='ltr'><strong>Ούκ</strong></span> <span class='ocrx_word' id='word_1_456' title='bbox 3033 2927 3140 2998; x_wconf 77' lang='grc' dir='ltr'><strong>ἔχω</strong></span> <span class='ocrx_word' id='word_1_457' title='bbox 3166 2929 3352 2998; x_wconf 81' lang='grc' dir='ltr'>ἄνδρα.</span> <span class='ocrx_word' id='word_1_458' title='bbox 3383 2945 3401 2979; x_wconf 72' lang='grc' dir='ltr'><strong>ε</strong></span> <span class='ocrx_word' id='word_1_459' title='bbox 3455 2927 3514 2980; x_wconf 83' lang='grc' dir='ltr'>Ὀ</span> <span class='ocrx_word' id='word_1_460' title='bbox 3543 2927 3602 2980; x_wconf 79' lang='grc' dir='ltr'>δὲ</span> <span class='ocrx_word' id='word_1_461' title='bbox 3634 2926 3858 2997; x_wconf 83' lang='grc' dir='ltr'>Κύριος,</span> 
     </span>
    </p>
   </div>
   <div class='ocr_carea' id='block_1_57' title="bbox 2267 3019 3858 3091">
    <p class='ocr_par' dir='ltr' id='par_1_57' title="bbox 2267 3019 3858 3091">
     <span class='ocr_line' id='line_1_57' title="bbox 2267 3019 3858 3091; baseline -0.003 -17"><span class='ocrx_word' id='word_1_462' title='bbox 2267 3022 2353 3075; x_wconf 73' lang='grc' dir='ltr'><strong>διὰ</strong></span> <span class='ocrx_word' id='word_1_463' title='bbox 2407 3020 2744 3091; x_wconf 75' lang='grc' dir='ltr'>προφητεῖας</span> <span class='ocrx_word' id='word_1_464' title='bbox 2788 3021 2976 3073; x_wconf 81' lang='grc' dir='ltr'>λοιπὸν</span> <span class='ocrx_word' id='word_1_465' title='bbox 3027 3020 3434 3073; x_wconf 80' lang='grc' dir='ltr'>ἀποκαλύπτων</span> <span class='ocrx_word' id='word_1_466' title='bbox 3501 3020 3603 3089; x_wconf 72' lang='grc' dir='ltr'>τὴν</span> <span class='ocrx_word' id='word_1_467' title='bbox 3651 3019 3858 3072; x_wconf 75' lang='grc' dir='ltr'>οἰκείαν</span> 
     </span>
    </p>
   </div>
   <div class='ocr_carea' id='block_1_58' title="bbox 579 3109 2159 3197">
    <p class='ocr_par' dir='ltr' id='par_1_58' title="bbox 579 3109 2159 3189">
     <span class='ocr_line' id='line_1_58' title="bbox 579 3109 2159 3189; baseline 0.008 -25"><span class='ocrx_word' id='word_1_468' title='bbox 579 3109 813 3175; x_wconf 83' lang='lat' dir='ltr'><strong>ferebat,</strong></span> <span class='ocrx_word' id='word_1_469' title='bbox 841 3125 960 3164; x_wconf 93' lang='lat' dir='ltr'><strong>cum</strong></span> <span class='ocrx_word' id='word_1_470' title='bbox 997 3112 1122 3164; x_wconf 80' lang='lat' dir='ltr'><strong>talia</strong></span> <span class='ocrx_word' id='word_1_471' title='bbox 1152 3113 1407 3167; x_wconf 80' lang='lat' dir='ltr'><strong>audiret?</strong></span> <span class='ocrx_word' id='word_1_472' title='bbox 1443 3115 1525 3169; x_wconf 87' lang='lat' dir='ltr'><strong>vel</strong></span> <span class='ocrx_word' id='word_1_473' title='bbox 1548 3115 1738 3171; x_wconf 89' lang='lat' dir='ltr'><strong>relicto</strong></span> <span class='ocrx_word' id='word_1_474' title='bbox 1765 3117 1854 3174; x_wconf 94' lang='lat' dir='ltr'><strong>illo</strong></span> <span class='ocrx_word' id='word_1_475' title='bbox 1879 3121 2159 3189; x_wconf 85' lang='lat' dir='ltr'><strong>fugiebat?</strong></span> 
     </span>
    </p>
   </div>
   <div class='ocr_carea' id='block_1_59' title="bbox 2264 3109 3859 3197">
    <p class='ocr_par' dir='ltr' id='par_1_59' title="bbox 2266 3110 3859 3186">
     <span class='ocr_line' id='line_1_59' title="bbox 2266 3110 3859 3186; baseline -0.006 -16"><span class='ocrx_word' id='word_1_476' title='bbox 2266 3116 2522 3186; x_wconf 82' lang='grc' dir='ltr'>δύναμιν,</span> <span class='ocrx_word' id='word_1_477' title='bbox 2575 3114 2702 3178; x_wconf 88' lang='grc' dir='ltr'>τούς</span> <span class='ocrx_word' id='word_1_478' title='bbox 2759 3131 2817 3166; x_wconf 85' lang='grc' dir='ltr'>τε</span> <span class='ocrx_word' id='word_1_479' title='bbox 2869 3114 3176 3184; x_wconf 80' lang='grc' dir='ltr'>προτέρους</span> <span class='ocrx_word' id='word_1_480' title='bbox 3211 3113 3458 3183; x_wconf 80' lang='grc' dir='ltr'>ἀριθμεῖ,</span> <span class='ocrx_word' id='word_1_481' title='bbox 3501 3111 3598 3166; x_wconf 74' lang='grc' dir='ltr'>καὶ</span> <span class='ocrx_word' id='word_1_482' title='bbox 3639 3110 3735 3164; x_wconf 74' lang='grc' dir='ltr'><strong>τδν</strong></span> <span class='ocrx_word' id='word_1_483' title='bbox 3769 3110 3859 3163; x_wconf 58' lang='grc' dir='ltr'><strong>νῦν</strong></span> 
     </span>
    </p>
   </div>
   <div class='ocr_carea' id='block_1_60' title="bbox 576 3202 2154 3277">
    <p class='ocr_par' dir='ltr' id='par_1_60' title="bbox 576 3202 2154 3277">
     <span class='ocr_line' id='line_1_60' title="bbox 576 3202 2154 3277; baseline 0.008 -21"><span class='ocrx_word' id='word_1_484' title='bbox 576 3202 830 3266; x_wconf 82' lang='lat' dir='ltr'><strong>Non,sed</strong></span> <span class='ocrx_word' id='word_1_485' title='bbox 864 3205 1034 3271; x_wconf 79' lang='lat' dir='ltr'><strong>magis</strong></span> <span class='ocrx_word' id='word_1_486' title='bbox 1063 3207 1326 3260; x_wconf 85' lang='lat' dir='ltr'><strong>admirata</strong></span> <span class='ocrx_word' id='word_1_487' title='bbox 1357 3217 1440 3261; x_wconf 88' lang='lat' dir='ltr'><strong>est</strong></span> <span class='ocrx_word' id='word_1_488' title='bbox 1481 3217 1536 3264; x_wconf 88' lang='lat' dir='ltr'><strong>et</strong></span> <span class='ocrx_word' id='word_1_489' title='bbox 1559 3211 1881 3277; x_wconf 85' lang='lat' dir='ltr'><strong>confortata,</strong></span> <span class='ocrx_word' id='word_1_490' title='bbox 1925 3214 2111 3269; x_wconf 85' lang='lat' dir='ltr'><strong>dicens</strong></span> <span class='ocrx_word' id='word_1_491' title='bbox 2141 3233 2154 3268; x_wconf 92' lang='lat'><strong>:</strong></span> 
     </span>
    </p>
   </div>
   <div class='ocr_carea' id='block_1_61' title="bbox 585 3296 2158 3378">
    <p class='ocr_par' dir='ltr' id='par_1_61' title="bbox 585 3296 2158 3378">
     <span class='ocr_line' id='line_1_61' title="bbox 585 3296 2158 3378; baseline 0.009 -31"><span class='ocrx_word' id='word_1_492' title='bbox 585 3315 602 3347; x_wconf 79' lang='grc' dir='ltr'>ι</span> <span class='ocrx_word' id='word_1_493' title='bbox 644 3296 889 3361; x_wconf 89' lang='lat' dir='ltr'><strong>Domine,</strong></span> <span class='ocrx_word' id='word_1_494' title='bbox 921 3297 1076 3352; x_wconf 88' lang='lat' dir='ltr'><strong>video</strong></span> <span class='ocrx_word' id='word_1_495' title='bbox 1103 3299 1244 3367; x_wconf 90' lang='lat' dir='ltr'><strong>quod</strong></span> <span class='ocrx_word' id='word_1_496' title='bbox 1269 3300 1528 3369; x_wconf 85' lang='lat' dir='ltr'><strong>propheta</strong></span> <span class='ocrx_word' id='word_1_497' title='bbox 1559 3316 1617 3357; x_wconf 89' lang='lat' dir='ltr'><strong>es</strong></span> <span class='ocrx_word' id='word_1_498' title='bbox 1651 3311 1728 3368; x_wconf 92' lang='lat' dir='ltr'><strong>tu,</strong></span> <span class='ocrx_word' id='word_1_499' title='bbox 1767 3322 1785 3356; x_wconf 76' lang='grc' dir='ltr'>ι</span> <span class='ocrx_word' id='word_1_500' title='bbox 1843 3316 1896 3358; x_wconf 91' lang='lat' dir='ltr'><strong>et</strong></span> <span class='ocrx_word' id='word_1_501' title='bbox 1921 3305 1987 3360; x_wconf 92' lang='lat' dir='ltr'><strong>de</strong></span> <span class='ocrx_word' id='word_1_502' title='bbox 2027 3307 2158 3378; x_wconf 82' lang='lat' dir='ltr'><strong>dog-</strong></span> 
     </span>
    </p>
   </div>
   <div class='ocr_carea' id='block_1_62' title="bbox 579 3389 2158 3466">
    <p class='ocr_par' dir='ltr' id='par_1_62' title="bbox 579 3389 2158 3466">
     <span class='ocr_line' id='line_1_62' title="bbox 579 3389 2158 3466; baseline 0.007 -23"><span class='ocrx_word' id='word_1_503' title='bbox 579 3389 814 3444; x_wconf 75' lang='lat' dir='ltr'><strong>matibus</strong></span> <span class='ocrx_word' id='word_1_504' title='bbox 838 3389 1035 3446; x_wconf 82' lang='lat' dir='ltr'><strong>divinis</strong></span> <span class='ocrx_word' id='word_1_505' title='bbox 1065 3391 1244 3446; x_wconf 86' lang='lat' dir='ltr'><strong>statim</strong></span> <span class='ocrx_word' id='word_1_506' title='bbox 1282 3393 1430 3447; x_wconf 90' lang='lat' dir='ltr'><strong>illum</strong></span> <span class='ocrx_word' id='word_1_507' title='bbox 1459 3393 1779 3466; x_wconf 84' lang='lat' dir='ltr'><strong>interrogat,</strong></span> <span class='ocrx_word' id='word_1_508' title='bbox 1811 3414 1915 3451; x_wconf 93' lang='lat' dir='ltr'><strong>non</strong></span> <span class='ocrx_word' id='word_1_509' title='bbox 1947 3399 2013 3453; x_wconf 93' lang='lat' dir='ltr'><strong>de</strong></span> <span class='ocrx_word' id='word_1_510' title='bbox 2041 3415 2158 3454; x_wconf 79' lang='lat' dir='ltr'><strong>cor-</strong></span> 
     </span>
    </p>
   </div>
   <div class='ocr_carea' id='block_1_63' title="bbox 578 3483 2157 3555">
    <p class='ocr_par' dir='ltr' id='par_1_63' title="bbox 578 3483 2157 3555">
     <span class='ocr_line' id='line_1_63' title="bbox 578 3483 2157 3555; baseline 0.009 -21"><span class='ocrx_word' id='word_1_511' title='bbox 578 3483 872 3550; x_wconf 78' lang='lat' dir='ltr'><strong>poralibus,</strong></span> <span class='ocrx_word' id='word_1_512' title='bbox 907 3493 963 3536; x_wconf 92' lang='lat' dir='ltr'><strong>ut</strong></span> <span class='ocrx_word' id='word_1_513' title='bbox 993 3484 1059 3538; x_wconf 87' lang='lat' dir='ltr'><strong>de</strong></span> <span class='ocrx_word' id='word_1_514' title='bbox 1119 3486 1355 3540; x_wconf 83' lang='lat' dir='ltr'><strong>sanitate</strong></span> <span class='ocrx_word' id='word_1_515' title='bbox 1413 3489 1678 3555; x_wconf 90' lang='lat' dir='ltr'><strong>corporis,</strong></span> <span class='ocrx_word' id='word_1_516' title='bbox 1707 3490 1788 3544; x_wconf 89' lang='lat' dir='ltr'><strong>vel</strong></span> <span class='ocrx_word' id='word_1_517' title='bbox 1811 3490 2016 3549; x_wconf 88' lang='lat' dir='ltr'><strong>divitiis</strong></span> <span class='ocrx_word' id='word_1_518' title='bbox 2045 3511 2057 3547; x_wconf 90' lang='lat'>:</span> <span class='ocrx_word' id='word_1_519' title='bbox 2086 3496 2157 3549; x_wconf 87' lang='lat' dir='ltr'><strong>ita</strong></span> 
     </span>
    </p>
   </div>
   <div class='ocr_carea' id='block_1_64' title="bbox 574 3577 2154 3654">
    <p class='ocr_par' dir='ltr' id='par_1_64' title="bbox 574 3577 2154 3654">
     <span class='ocr_line' id='line_1_64' title="bbox 574 3577 2154 3654; baseline 0.006 -25"><span class='ocrx_word' id='word_1_520' title='bbox 574 3577 850 3645; x_wconf 73' lang='lat' dir='ltr'><strong>sapientia:</strong></span> <span class='ocrx_word' id='word_1_521' title='bbox 870 3577 1102 3640; x_wconf 86' lang='lat' dir='ltr'><strong>avidam,</strong></span> <span class='ocrx_word' id='word_1_522' title='bbox 1119 3587 1170 3632; x_wconf 89' lang='lat' dir='ltr'><strong>et</strong></span> <span class='ocrx_word' id='word_1_523' title='bbox 1192 3580 1370 3634; x_wconf 77' lang='lat' dir='ltr'><strong>virtuti</strong></span> <span class='ocrx_word' id='word_1_524' title='bbox 1393 3580 1628 3636; x_wconf 88' lang='lat' dir='ltr'><strong>deditam</strong></span> <span class='ocrx_word' id='word_1_525' title='bbox 1650 3582 1876 3639; x_wconf 86' lang='lat' dir='ltr'><strong>habebat</strong></span> <span class='ocrx_word' id='word_1_526' title='bbox 1896 3586 2154 3654; x_wconf 85' lang='lat' dir='ltr'><strong>animam;</strong></span> 
     </span>
    </p>
   </div>
   <div class='ocr_carea' id='block_1_65' title="bbox 575 3667 2158 3737">
    <p class='ocr_par' dir='ltr' id='par_1_65' title="bbox 575 3667 2158 3737">
     <span class='ocr_line' id='line_1_65' title="bbox 575 3667 2158 3737; baseline 0.008 -14"><span class='ocrx_word' id='word_1_527' title='bbox 575 3670 669 3724; x_wconf 76' lang='lat' dir='ltr'><strong>sed</strong></span> <span class='ocrx_word' id='word_1_528' title='bbox 705 3669 864 3737; x_wconf 81' lang='lat' dir='ltr'><strong>quid?</strong></span> <span class='ocrx_word' id='word_1_529' title='bbox 910 3688 927 3720; x_wconf 80' lang='grc' dir='ltr'>ι</span> <span class='ocrx_word' id='word_1_530' title='bbox 966 3667 1156 3726; x_wconf 80' lang='lat' dir='ltr'><strong>Patres</strong></span> <span class='ocrx_word' id='word_1_531' title='bbox 1201 3673 1370 3726; x_wconf 88' lang='lat' dir='ltr'><strong>nostri</strong></span> <span class='ocrx_word' id='word_1_532' title='bbox 1420 3673 1469 3727; x_wconf 94' lang='lat' dir='ltr'><strong>in</strong></span> <span class='ocrx_word' id='word_1_533' title='bbox 1524 3685 1709 3730; x_wconf 91' lang='lat' dir='ltr'><strong>monte</strong></span> <span class='ocrx_word' id='word_1_534' title='bbox 1753 3676 1842 3732; x_wconf 93' lang='lat' dir='ltr'><strong>illo</strong></span> <span class='ocrx_word' id='word_1_535' title='bbox 1893 3678 2158 3736; x_wconf 86' lang='lat' dir='ltr'><strong>adnrave-</strong></span> 
     </span>
    </p>
   </div>
   <div class='ocr_carea' id='block_1_66' title="bbox 580 3760 2158 3833">
    <p class='ocr_par' dir='ltr' id='par_1_66' title="bbox 580 3760 2158 3833">
     <span class='ocr_line' id='line_1_66' title="bbox 580 3760 2158 3833; baseline 0.01 -21"><span class='ocrx_word' id='word_1_536' title='bbox 580 3772 722 3814; x_wconf 85' lang='lat' dir='ltr'><strong>tttnt.</strong></span> <span class='ocrx_word' id='word_1_537' title='bbox 757 3780 775 3811; x_wconf 87' lang='grc'><strong>›</strong></span> <span class='ocrx_word' id='word_1_538' title='bbox 823 3760 974 3826; x_wconf 88' lang='lat' dir='ltr'><strong>Quod</strong></span> <span class='ocrx_word' id='word_1_539' title='bbox 1005 3763 1137 3816; x_wconf 86' lang='lat' dir='ltr'><strong>dicit</strong></span> <span class='ocrx_word' id='word_1_540' title='bbox 1180 3776 1399 3833; x_wconf 85' lang='lat' dir='ltr'><strong>pmpter</strong></span> <span class='ocrx_word' id='word_1_541' title='bbox 1428 3765 1699 3820; x_wconf 70' lang='lat' dir='ltr'><strong>Abrauam</strong></span> <span class='ocrx_word' id='word_1_542' title='bbox 1731 3780 1784 3823; x_wconf 91' lang='lat' dir='ltr'><strong>et</strong></span> <span class='ocrx_word' id='word_1_543' title='bbox 1812 3769 2005 3826; x_wconf 83' lang='lat' dir='ltr'><strong>Jacob.</strong></span> <span class='ocrx_word' id='word_1_544' title='bbox 2036 3773 2158 3827; x_wconf 82' lang='lat' dir='ltr'><strong>Ete-</strong></span> 
     </span>
    </p>
   </div>
   <div class='ocr_carea' id='block_1_67' title="bbox 576 3854 2153 3919">
    <p class='ocr_par' dir='ltr' id='par_1_67' title="bbox 576 3854 2153 3919">
     <span class='ocr_line' id='line_1_67' title="bbox 576 3854 2153 3919; baseline 0.008 -12"><span class='ocrx_word' id='word_1_545' title='bbox 576 3854 686 3907; x_wconf 86' lang='lat' dir='ltr'><strong>nim</strong></span> <span class='ocrx_word' id='word_1_546' title='bbox 739 3854 862 3909; x_wconf 90' lang='lat' dir='ltr'><strong>illuc</strong></span> <span class='ocrx_word' id='word_1_547' title='bbox 882 3855 1103 3910; x_wconf 83' lang='lat' dir='ltr'><strong>tradunt</strong></span> <span class='ocrx_word' id='word_1_548' title='bbox 1136 3856 1288 3911; x_wconf 67' lang='lat' dir='ltr'><strong>Isaac</strong></span> <span class='ocrx_word' id='word_1_549' title='bbox 1340 3857 1391 3910; x_wconf 90' lang='lat' dir='ltr'><strong>in</strong></span> <span class='ocrx_word' id='word_1_550' title='bbox 1437 3858 1765 3914; x_wconf 80' lang='lat' dir='ltr'><strong>sacrificium</strong></span> <span class='ocrx_word' id='word_1_551' title='bbox 1796 3864 2082 3918; x_wconf 89' lang='lat' dir='ltr'><strong>adductum</strong></span> <span class='ocrx_word' id='word_1_552' title='bbox 2110 3869 2153 3919; x_wconf 84' lang='lat'><strong>&#39;.</strong></span> 
     </span>
    </p>
   </div>
   <div class='ocr_carea' id='block_1_68' title="bbox 583 3946 2161 4022">
    <p class='ocr_par' dir='ltr' id='par_1_68' title="bbox 583 3946 2161 4022">
     <span class='ocr_line' id='line_1_68' title="bbox 583 3946 2161 4022; baseline 0.01 -26"><span class='ocrx_word' id='word_1_553' title='bbox 583 3965 600 3996; x_wconf 80' lang='grc' dir='ltr'><strong>ε</strong></span> <span class='ocrx_word' id='word_1_554' title='bbox 639 3946 706 4000; x_wconf 85' lang='grc' dir='ltr'>Ει</span> <span class='ocrx_word' id='word_1_555' title='bbox 733 3946 1029 4015; x_wconf 89' lang='lat' dir='ltr'><strong>quomodo,</strong></span> <span class='ocrx_word' id='word_1_556' title='bbox 1071 3947 1268 4016; x_wconf 91' lang='lat' dir='ltr'><strong>inquit,</strong></span> <span class='ocrx_word' id='word_1_557' title='bbox 1295 3965 1390 4002; x_wconf 90' lang='lat' dir='ltr'><strong>vos</strong></span> <span class='ocrx_word' id='word_1_558' title='bbox 1429 3950 1609 4006; x_wconf 87' lang='lat' dir='ltr'><strong>dicitis</strong></span> <span class='ocrx_word' id='word_1_559' title='bbox 1649 3954 1789 4022; x_wconf 92' lang='lat' dir='ltr'><strong>quod</strong></span> <span class='ocrx_word' id='word_1_560' title='bbox 1821 3955 1872 4008; x_wconf 92' lang='lat' dir='ltr'><strong>iu</strong></span> <span class='ocrx_word' id='word_1_561' title='bbox 1906 3954 2161 4012; x_wconf 83' lang='lat' dir='ltr'><strong>Hieroso-</strong></span> 
     </span>
    </p>
   </div>
   <div class='ocr_carea' id='block_1_69' title="bbox 572 4037 2151 4112">
    <p class='ocr_par' dir='ltr' id='par_1_69' title="bbox 572 4037 2151 4112">
     <span class='ocr_line' id='line_1_69' title="bbox 572 4037 2151 4112; baseline 0.009 -22"><span class='ocrx_word' id='word_1_562' title='bbox 572 4037 733 4106; x_wconf 86' lang='lat' dir='ltr'><strong>lymis</strong></span> <span class='ocrx_word' id='word_1_563' title='bbox 753 4047 964 4107; x_wconf 87' lang='lat' dir='ltr'><strong>oportet</strong></span> <span class='ocrx_word' id='word_1_564' title='bbox 985 4039 1246 4093; x_wconf 81' lang='lat' dir='ltr'><strong>adorare?</strong></span> <span class='ocrx_word' id='word_1_565' title='bbox 1289 4059 1305 4091; x_wconf 73' lang='grc' dir='ltr'>ι</span> <span class='ocrx_word' id='word_1_566' title='bbox 1340 4039 1532 4096; x_wconf 80' lang='lat' dir='ltr'><strong>Vidisti</strong></span> <span class='ocrx_word' id='word_1_567' title='bbox 1565 4047 1834 4112; x_wconf 90' lang='lat' dir='ltr'><strong>quomodo</strong></span> <span class='ocrx_word' id='word_1_568' title='bbox 1859 4048 2151 4105; x_wconf 89' lang='lat' dir='ltr'><strong>sublimior</strong></span> 
     </span>
    </p>
   </div>
   <div class='ocr_carea' id='block_1_70' title="bbox 574 4130 2156 4201">
    <p class='ocr_par' dir='ltr' id='par_1_70' title="bbox 574 4130 2156 4201">
     <span class='ocr_line' id='line_1_70' title="bbox 574 4130 2156 4201; baseline 0.009 -20"><span class='ocrx_word' id='word_1_569' title='bbox 574 4130 770 4184; x_wconf 75' lang='lat' dir='ltr'><strong>fuerit?</strong></span> <span class='ocrx_word' id='word_1_570' title='bbox 801 4130 933 4184; x_wconf 74' lang='lat' dir='ltr'><strong>Nam</strong></span> <span class='ocrx_word' id='word_1_571' title='bbox 967 4148 1085 4200; x_wconf 65' lang='lat' dir='ltr'><strong>quae</strong></span> <span class='ocrx_word' id='word_1_572' title='bbox 1106 4133 1266 4201; x_wconf 88' lang='lat' dir='ltr'><strong>paulo</strong></span> <span class='ocrx_word' id='word_1_573' title='bbox 1295 4144 1424 4188; x_wconf 87' lang='lat' dir='ltr'><strong>ante</strong></span> <span class='ocrx_word' id='word_1_574' title='bbox 1456 4135 1683 4190; x_wconf 88' lang='lat' dir='ltr'><strong>sollicita</strong></span> <span class='ocrx_word' id='word_1_575' title='bbox 1708 4148 1826 4192; x_wconf 91' lang='lat' dir='ltr'><strong>erat</strong></span> <span class='ocrx_word' id='word_1_576' title='bbox 1857 4154 1922 4193; x_wconf 91' lang='lat' dir='ltr'><strong>ne</strong></span> <span class='ocrx_word' id='word_1_577' title='bbox 1957 4142 2044 4196; x_wconf 91' lang='lat' dir='ltr'><strong>siti</strong></span> <span class='ocrx_word' id='word_1_578' title='bbox 2073 4143 2156 4196; x_wconf 82' lang='lat' dir='ltr'><strong>ul-</strong></span> 
     </span>
    </p>
   </div>
   <div class='ocr_carea' id='block_1_71' title="bbox 575 4228 2156 4301">
    <p class='ocr_par' dir='ltr' id='par_1_71' title="bbox 575 4228 2156 4301">
     <span class='ocr_line' id='line_1_71' title="bbox 575 4228 2156 4301; baseline 0.008 -25"><span class='ocrx_word' id='word_1_579' title='bbox 575 4234 657 4277; x_wconf 86' lang='lat' dir='ltr'><strong>tra</strong></span> <span class='ocrx_word' id='word_1_580' title='bbox 707 4233 1014 4288; x_wconf 76' lang='lat' dir='ltr'><strong>vexaretur,</strong></span> <span class='ocrx_word' id='word_1_581' title='bbox 1048 4239 1188 4279; x_wconf 90' lang='lat' dir='ltr'><strong>nunc</strong></span> <span class='ocrx_word' id='word_1_582' title='bbox 1245 4228 1311 4282; x_wconf 91' lang='lat' dir='ltr'><strong>de</strong></span> <span class='ocrx_word' id='word_1_583' title='bbox 1367 4228 1712 4298; x_wconf 90' lang='lat' dir='ltr'><strong>dogmatibus</strong></span> <span class='ocrx_word' id='word_1_584' title='bbox 1743 4242 1911 4301; x_wconf 78' lang='lat' dir='ltr'><strong>rogat.</strong></span> <span class='ocrx_word' id='word_1_585' title='bbox 1947 4231 2156 4290; x_wconf 84' lang='lat' dir='ltr'><strong>Idcirco</strong></span> 
     </span>
    </p>
   </div>
   <div class='ocr_carea' id='block_1_72' title="bbox 571 4311 2155 4392">
    <p class='ocr_par' dir='ltr' id='par_1_72' title="bbox 571 4311 2155 4392">
     <span class='ocr_line' id='line_1_72' title="bbox 571 4311 2155 4392; baseline 0.009 -26"><span class='ocrx_word' id='word_1_586' title='bbox 571 4322 624 4366; x_wconf 91' lang='lat' dir='ltr'><strong>et</strong></span> <span class='ocrx_word' id='word_1_587' title='bbox 656 4311 909 4368; x_wconf 88' lang='lat' dir='ltr'><strong>Christus</strong></span> <span class='ocrx_word' id='word_1_588' title='bbox 966 4315 1079 4369; x_wconf 89' lang='lat' dir='ltr'><strong>visa</strong></span> <span class='ocrx_word' id='word_1_589' title='bbox 1138 4316 1255 4385; x_wconf 83' lang='lat' dir='ltr'><strong>ejus</strong></span> <span class='ocrx_word' id='word_1_590' title='bbox 1311 4320 1575 4388; x_wconf 81' lang='lat' dir='ltr'><strong>sapientia</strong></span> <span class='ocrx_word' id='word_1_591' title='bbox 1628 4321 1729 4376; x_wconf 92' lang='lat' dir='ltr'><strong>hoc</strong></span> <span class='ocrx_word' id='word_1_592' title='bbox 1760 4324 1976 4390; x_wconf 87' lang='lat' dir='ltr'><strong>quidem</strong></span> <span class='ocrx_word' id='word_1_593' title='bbox 2038 4325 2155 4392; x_wconf 86' lang='lat' dir='ltr'><strong>ejus</strong></span> 
     </span>
    </p>
   </div>
   <div class='ocr_carea' id='block_1_73' title="bbox 573 4404 2152 4472">
    <p class='ocr_par' dir='ltr' id='par_1_73' title="bbox 573 4404 2152 4472">
     <span class='ocr_line' id='line_1_73' title="bbox 573 4404 2152 4472; baseline 0.013 -20"><span class='ocrx_word' id='word_1_594' title='bbox 573 4404 764 4471; x_wconf 81' lang='lat' dir='ltr'><strong>dogma</strong></span> <span class='ocrx_word' id='word_1_595' title='bbox 818 4419 924 4458; x_wconf 89' lang='lat' dir='ltr'><strong>non</strong></span> <span class='ocrx_word' id='word_1_596' title='bbox 953 4404 1133 4458; x_wconf 85' lang='lat' dir='ltr'><strong>solvit.</strong></span> <span class='ocrx_word' id='word_1_597' title='bbox 1180 4407 1293 4459; x_wconf 83' lang='lat' dir='ltr'><strong>Non</strong></span> <span class='ocrx_word' id='word_1_598' title='bbox 1342 4409 1486 4461; x_wconf 87' lang='lat' dir='ltr'><strong>enim</strong></span> <span class='ocrx_word' id='word_1_599' title='bbox 1522 4421 1641 4464; x_wconf 92' lang='lat' dir='ltr'><strong>erat</strong></span> <span class='ocrx_word' id='word_1_600' title='bbox 1684 4413 1816 4467; x_wconf 87' lang='lat' dir='ltr'><strong>satis</strong></span> <span class='ocrx_word' id='word_1_601' title='bbox 1845 4413 2046 4469; x_wconf 87' lang='lat' dir='ltr'><strong>serium</strong></span> <span class='ocrx_word' id='word_1_602' title='bbox 2099 4428 2152 4472; x_wconf 90' lang='lat' dir='ltr'><strong>et</strong></span> 
     </span>
    </p>
   </div>
   <div class='ocr_carea' id='block_1_74' title="bbox 2263 3203 3855 3279">
    <p class='ocr_par' dir='ltr' id='par_1_74' title="bbox 2263 3203 3855 3279">
     <span class='ocr_line' id='line_1_74' title="bbox 2263 3203 3855 3279; baseline -0.004 -18"><span class='ocrx_word' id='word_1_603' title='bbox 2263 3208 2712 3279; x_wconf 81' lang='grc' dir='ltr'>έγκρυπτόμενον</span> <span class='ocrx_word' id='word_1_604' title='bbox 2737 3208 2982 3276; x_wconf 68' lang='grc' dir='ltr'>ἤλεγξεν.</span> <span class='ocrx_word' id='word_1_605' title='bbox 3007 3203 3154 3277; x_wconf 69' lang='grc' dir='ltr'>’Λρα</span> <span class='ocrx_word' id='word_1_606' title='bbox 3169 3205 3264 3259; x_wconf 80' lang='grc' dir='ltr'>οὖν</span> <span class='ocrx_word' id='word_1_607' title='bbox 3287 3206 3650 3277; x_wconf 69' lang='grc' dir='ltr'>ἐδυσχέρανεν</span> <span class='ocrx_word' id='word_1_608' title='bbox 3675 3205 3855 3273; x_wconf 76' lang='grc' dir='ltr'>ἐκείνη</span> 
     </span>
    </p>
   </div>
   <div class='ocr_carea' id='block_1_75' title="bbox 2262 3299 3854 3371">
    <p class='ocr_par' dir='ltr' id='par_1_75' title="bbox 2262 3299 3854 3371">
     <span class='ocr_line' id='line_1_75' title="bbox 2262 3299 3854 3371; baseline -0.004 -15"><span class='ocrx_word' id='word_1_609' title='bbox 2262 3302 2434 3356; x_wconf 77' lang='grc' dir='ltr'>ταῦτα</span> <span class='ocrx_word' id='word_1_610' title='bbox 2460 3302 2745 3357; x_wconf 71' lang='grc' dir='ltr'>ἀκούσασα</span> <span class='ocrx_word' id='word_1_611' title='bbox 2773 3321 2785 3368; x_wconf 93' lang='grc'><strong>;</strong></span> <span class='ocrx_word' id='word_1_612' title='bbox 2839 3303 2870 3371; x_wconf 72' lang='grc' dir='ltr'>ἢ</span> <span class='ocrx_word' id='word_1_613' title='bbox 2901 3304 3103 3371; x_wconf 83' lang='grc' dir='ltr'>ἀφεῖσα</span> <span class='ocrx_word' id='word_1_614' title='bbox 3147 3301 3340 3355; x_wconf 80' lang='grc' dir='ltr'>τοῦτον</span> <span class='ocrx_word' id='word_1_615' title='bbox 3365 3301 3603 3370; x_wconf 72' lang='grc' dir='ltr'>εφυγεν;</span> <span class='ocrx_word' id='word_1_616' title='bbox 3627 3299 3854 3363; x_wconf 72' lang='grc' dir='ltr'>Οὔκουν,</span> 
     </span>
    </p>
   </div>
   <div class='ocr_carea' id='block_1_76' title="bbox 2263 3395 3849 3468">
    <p class='ocr_par' dir='ltr' id='par_1_76' title="bbox 2263 3395 3849 3468">
     <span class='ocr_line' id='line_1_76' title="bbox 2263 3395 3849 3468; baseline -0.004 -15"><span class='ocrx_word' id='word_1_617' title='bbox 2263 3399 2400 3453; x_wconf 72' lang='grc' dir='ltr'>ἀλλὰ</span> <span class='ocrx_word' id='word_1_618' title='bbox 2417 3398 2745 3467; x_wconf 72' lang='grc' dir='ltr'>θαυμάσασα</span> <span class='ocrx_word' id='word_1_619' title='bbox 2767 3397 2968 3466; x_wconf 77' lang='grc' dir='ltr'>μᾶλλον</span> <span class='ocrx_word' id='word_1_620' title='bbox 2993 3398 3085 3450; x_wconf 73' lang='grc' dir='ltr'>καὶ</span> <span class='ocrx_word' id='word_1_621' title='bbox 3117 3397 3661 3468; x_wconf 68' lang='grc' dir='ltr'>προσ-καρτερήσασα</span> <span class='ocrx_word' id='word_1_622' title='bbox 3686 3395 3849 3448; x_wconf 78' lang='grc' dir='ltr'>πλέον</span> 
     </span>
    </p>
   </div>
   <div class='ocr_carea' id='block_1_77' title="bbox 2263 3482 3854 3559">
    <p class='ocr_par' dir='ltr' id='par_1_77' title="bbox 2263 3482 3854 3559">
     <span class='ocr_line' id='line_1_77' title="bbox 2263 3482 3854 3559; baseline -0.002 -19"><span class='ocrx_word' id='word_1_623' title='bbox 2263 3489 2412 3557; x_wconf 79' lang='grc' dir='ltr'>λέγει</span> <span class='ocrx_word' id='word_1_624' title='bbox 2446 3505 2460 3520; x_wconf 77' lang='grc' dir='ltr'><strong><em>ο</em></strong></span> <span class='ocrx_word' id='word_1_625' title='bbox 2504 3507 2521 3540; x_wconf 82' lang='lat' dir='ltr'><strong>t</strong></span> <span class='ocrx_word' id='word_1_626' title='bbox 2567 3489 2763 3558; x_wconf 80' lang='grc' dir='ltr'>Κύριε,</span> <span class='ocrx_word' id='word_1_627' title='bbox 2797 3487 3010 3559; x_wconf 81' lang='grc' dir='ltr'>Θεωρῶ,</span> <span class='ocrx_word' id='word_1_628' title='bbox 3031 3490 3111 3541; x_wconf 80' lang='grc' dir='ltr'>ὅτι</span> <span class='ocrx_word' id='word_1_629' title='bbox 3133 3489 3423 3559; x_wconf 80' lang='grc' dir='ltr'>προφήτης</span> <span class='ocrx_word' id='word_1_630' title='bbox 3449 3482 3501 3539; x_wconf 73' lang='grc' dir='ltr'><strong>εἴ</strong></span> <span class='ocrx_word' id='word_1_631' title='bbox 3535 3487 3598 3539; x_wconf 80' lang='grc' dir='ltr'><strong>σύ</strong></span> <span class='ocrx_word' id='word_1_632' title='bbox 3638 3504 3654 3517; x_wconf 75' lang='grc' dir='ltr'><strong>ι</strong></span> <span class='ocrx_word' id='word_1_633' title='bbox 3690 3506 3708 3536; x_wconf 74' lang='grc' dir='ltr'>ι</span> <span class='ocrx_word' id='word_1_634' title='bbox 3767 3487 3854 3539; x_wconf 73' lang='grc' dir='ltr'><strong>καὶ</strong></span> 
     </span>
    </p>
   </div>
   <div class='ocr_carea' id='block_1_78' title="bbox 2263 3577 3851 3653">
    <p class='ocr_par' dir='ltr' id='par_1_78' title="bbox 2263 3577 3851 3653">
     <span class='ocr_line' id='line_1_78' title="bbox 2263 3577 3851 3653; baseline -0.003 -19"><span class='ocrx_word' id='word_1_635' title='bbox 2263 3583 2392 3653; x_wconf 71' lang='grc' dir='ltr'>περὶ</span> <span class='ocrx_word' id='word_1_636' title='bbox 2417 3581 2706 3652; x_wconf 69' lang='grc' dir='ltr'>δογμάτων</span> <span class='ocrx_word' id='word_1_637' title='bbox 2729 3581 2928 3635; x_wconf 75' lang='grc' dir='ltr'>ἐνθέων</span> <span class='ocrx_word' id='word_1_638' title='bbox 2957 3580 3122 3635; x_wconf 76' lang='grc' dir='ltr'>αὑτὸν</span> <span class='ocrx_word' id='word_1_639' title='bbox 3161 3581 3364 3651; x_wconf 70' lang='grc' dir='ltr'>ἐρωτᾷ,</span> <span class='ocrx_word' id='word_1_640' title='bbox 3388 3580 3450 3633; x_wconf 85' lang='grc' dir='ltr'><strong>ού</strong></span> <span class='ocrx_word' id='word_1_641' title='bbox 3484 3579 3616 3650; x_wconf 76' lang='grc' dir='ltr'>περὶ</span> <span class='ocrx_word' id='word_1_642' title='bbox 3665 3577 3851 3649; x_wconf 80' lang='grc' dir='ltr'>βιωτι-</span> 
     </span>
    </p>
   </div>
   <div class='ocr_carea' id='block_1_79' title="bbox 2264 3668 3852 3744">
    <p class='ocr_par' dir='ltr' id='par_1_79' title="bbox 2264 3668 3852 3744">
     <span class='ocr_line' id='line_1_79' title="bbox 2264 3668 3852 3744; baseline -0.004 -16"><span class='ocrx_word' id='word_1_643' title='bbox 2264 3674 2396 3739; x_wconf 80' lang='grc' dir='ltr'>κῶν,</span> <span class='ocrx_word' id='word_1_644' title='bbox 2433 3668 2564 3738; x_wconf 74' lang='grc' dir='ltr'>οἷον,</span> <span class='ocrx_word' id='word_1_645' title='bbox 2601 3675 2855 3743; x_wconf 72' lang='grc' dir='ltr'>σώματος</span> <span class='ocrx_word' id='word_1_646' title='bbox 2881 3674 3091 3744; x_wconf 77' lang='grc' dir='ltr'>ὑγείας,</span> <span class='ocrx_word' id='word_1_647' title='bbox 3122 3672 3154 3743; x_wconf 75' lang='grc' dir='ltr'>ἦ</span> <span class='ocrx_word' id='word_1_648' title='bbox 3194 3673 3497 3744; x_wconf 84' lang='grc' dir='ltr'>χρημάτων</span> <span class='ocrx_word' id='word_1_649' title='bbox 3522 3685 3536 3699; x_wconf 93' lang='grc'><strong>·</strong></span> <span class='ocrx_word' id='word_1_650' title='bbox 3584 3670 3731 3724; x_wconf 75' lang='grc' dir='ltr'>οὕτω</span> <span class='ocrx_word' id='word_1_651' title='bbox 3767 3687 3852 3739; x_wconf 65' lang='lat' dir='ltr'><strong>(pt-</strong></span> 
     </span>
    </p>
   </div>
   <div class='ocr_carea' id='block_1_80' title="bbox 2261 3764 3852 3836">
    <p class='ocr_par' dir='ltr' id='par_1_80' title="bbox 2261 3764 3852 3836">
     <span class='ocr_line' id='line_1_80' title="bbox 2261 3764 3852 3836; baseline 0.006 -18"><span class='ocrx_word' id='word_1_652' title='bbox 2261 3768 2485 3836; x_wconf 71' lang='grc' dir='ltr'>λόσοφον</span> <span class='ocrx_word' id='word_1_653' title='bbox 2521 3764 2664 3836; x_wconf 73' lang='grc' dir='ltr'>εἶχεν</span> <span class='ocrx_word' id='word_1_654' title='bbox 2711 3768 2805 3819; x_wconf 67' lang='grc' dir='ltr'>καὶ</span> <span class='ocrx_word' id='word_1_655' title='bbox 2858 3767 3035 3834; x_wconf 65' lang='grc' dir='ltr'>εὐφυᾶ</span> <span class='ocrx_word' id='word_1_656' title='bbox 3088 3767 3225 3835; x_wconf 78' lang='grc' dir='ltr'>πρὸς</span> <span class='ocrx_word' id='word_1_657' title='bbox 3262 3765 3465 3835; x_wconf 75' lang='grc' dir='ltr'>ἀρετὴν</span> <span class='ocrx_word' id='word_1_658' title='bbox 3508 3764 3608 3834; x_wconf 72' lang='grc' dir='ltr'>τὴν</span> <span class='ocrx_word' id='word_1_659' title='bbox 3653 3764 3852 3833; x_wconf 60' lang='grc' dir='ltr'>ψυχήν.</span> 
     </span>
    </p>
   </div>
   <div class='ocr_carea' id='block_1_81' title="bbox 2263 3855 3856 3928">
    <p class='ocr_par' dir='ltr' id='par_1_81' title="bbox 2263 3855 3856 3928">
     <span class='ocr_line' id='line_1_81' title="bbox 2263 3855 3856 3928; baseline -0.004 -16"><span class='ocrx_word' id='word_1_660' title='bbox 2263 3859 2529 3924; x_wconf 77' lang='grc' dir='ltr'>’Λλλὰτί;</span> <span class='ocrx_word' id='word_1_661' title='bbox 2568 3881 2582 3908; x_wconf 79' lang='grc' dir='ltr'>ι</span> <span class='ocrx_word' id='word_1_662' title='bbox 2614 3861 2675 3911; x_wconf 81' lang='lat' dir='ltr'><strong>Oi</strong></span> <span class='ocrx_word' id='word_1_663' title='bbox 2710 3858 2946 3928; x_wconf 79' lang='grc' dir='ltr'>πατέρες</span> <span class='ocrx_word' id='word_1_664' title='bbox 2975 3858 3129 3928; x_wconf 78' lang='grc' dir='ltr'>ἡμῶν</span> <span class='ocrx_word' id='word_1_665' title='bbox 3161 3859 3218 3911; x_wconf 81' lang='grc' dir='ltr'>ἐν</span> <span class='ocrx_word' id='word_1_666' title='bbox 3240 3857 3317 3926; x_wconf 79' lang='grc' dir='ltr'>τῷ</span> <span class='ocrx_word' id='word_1_667' title='bbox 3335 3857 3452 3927; x_wconf 77' lang='grc' dir='ltr'>δρει</span> <span class='ocrx_word' id='word_1_668' title='bbox 3487 3855 3667 3926; x_wconf 80' lang='grc' dir='ltr'>τούτῳ</span> <span class='ocrx_word' id='word_1_669' title='bbox 3688 3871 3856 3928; x_wconf 76' lang='grc' dir='ltr'>προσ-</span> 
     </span>
    </p>
   </div>
   <div class='ocr_carea' id='block_1_82' title="bbox 2261 3948 3854 4020">
    <p class='ocr_par' dir='ltr' id='par_1_82' title="bbox 2261 3948 3854 4020">
     <span class='ocr_line' id='line_1_82' title="bbox 2261 3948 3854 4020; baseline -0.002 -17"><span class='ocrx_word' id='word_1_670' title='bbox 2261 3950 2555 4020; x_wconf 81' lang='grc' dir='ltr'>εκύνησαν.</span> <span class='ocrx_word' id='word_1_671' title='bbox 2613 3969 2633 4003; x_wconf 74' lang='grc' dir='ltr'><strong>ε</strong></span> <span class='ocrx_word' id='word_1_672' title='bbox 2699 3949 2888 4002; x_wconf 71' lang='grc' dir='ltr'>Ταῦτα</span> <span class='ocrx_word' id='word_1_673' title='bbox 2945 3949 3003 4002; x_wconf 80' lang='grc' dir='ltr'>δὲ</span> <span class='ocrx_word' id='word_1_674' title='bbox 3052 3949 3200 4018; x_wconf 81' lang='grc' dir='ltr'>λέγει</span> <span class='ocrx_word' id='word_1_675' title='bbox 3243 3949 3332 4002; x_wconf 73' lang='grc' dir='ltr'>διὰ</span> <span class='ocrx_word' id='word_1_676' title='bbox 3377 3949 3504 4013; x_wconf 81' lang='grc' dir='ltr'>τοὺς</span> <span class='ocrx_word' id='word_1_677' title='bbox 3579 3949 3710 4019; x_wconf 72' lang='grc' dir='ltr'>περὶ</span> <span class='ocrx_word' id='word_1_678' title='bbox 3766 3948 3854 4000; x_wconf 67' lang='grc' dir='ltr'><strong>τὸν</strong></span> 
     </span>
    </p>
   </div>
   <div class='ocr_carea' id='block_1_83' title="bbox 2261 4039 3846 4115">
    <p class='ocr_par' dir='ltr' id='par_1_83' title="bbox 2261 4039 3846 4115">
     <span class='ocr_line' id='line_1_83' title="bbox 2261 4039 3846 4115; baseline -0.003 -18"><span class='ocrx_word' id='word_1_679' title='bbox 2261 4044 2514 4115; x_wconf 71' lang='grc' dir='ltr'>Ἀϐραάμ</span> <span class='ocrx_word' id='word_1_680' title='bbox 2551 4059 2563 4072; x_wconf 71' lang='grc' dir='ltr'><strong><em>ο</em></strong></span> <span class='ocrx_word' id='word_1_681' title='bbox 2606 4045 2701 4096; x_wconf 80' lang='grc' dir='ltr'>καὶ</span> <span class='ocrx_word' id='word_1_682' title='bbox 2724 4043 2832 4113; x_wconf 79' lang='grc' dir='ltr'><strong>γὰρ</strong></span> <span class='ocrx_word' id='word_1_683' title='bbox 2855 4045 2912 4095; x_wconf 80' lang='grc' dir='ltr'>ἐν</span> <span class='ocrx_word' id='word_1_684' title='bbox 2944 4042 3141 4113; x_wconf 77' lang='grc' dir='ltr'>ἐκείνῳ</span> <span class='ocrx_word' id='word_1_685' title='bbox 3168 4045 3330 4111; x_wconf 69' lang='grc' dir='ltr'>φασιν</span> <span class='ocrx_word' id='word_1_686' title='bbox 3354 4041 3448 4094; x_wconf 80' lang='grc' dir='ltr'><strong>ὑπ’</strong></span> <span class='ocrx_word' id='word_1_687' title='bbox 3481 4039 3656 4095; x_wconf 74' lang='grc' dir='ltr'>αὑτοῦ</span> <span class='ocrx_word' id='word_1_688' title='bbox 3708 4041 3846 4109; x_wconf 77' lang='grc' dir='ltr'><strong>ἀνη-</strong></span> 
     </span>
    </p>
   </div>
   <div class='ocr_carea' id='block_1_84' title="bbox 2258 4133 3850 4208">
    <p class='ocr_par' dir='ltr' id='par_1_84' title="bbox 2258 4133 3850 4208">
     <span class='ocr_line' id='line_1_84' title="bbox 2258 4133 3850 4208; baseline -0.004 -17"><span class='ocrx_word' id='word_1_689' title='bbox 2258 4138 2444 4208; x_wconf 81' lang='grc' dir='ltr'>νέχθαι</span> <span class='ocrx_word' id='word_1_690' title='bbox 2474 4135 2565 4189; x_wconf 75' lang='grc' dir='ltr'>τὸν</span> <span class='ocrx_word' id='word_1_691' title='bbox 2599 4134 2786 4189; x_wconf 73' lang='grc' dir='ltr'>Ἰσαὰκ</span> <span class='ocrx_word' id='word_1_692' title='bbox 2816 4136 2897 4197; x_wconf 88' lang='grc' dir='ltr'><strong>είς</strong></span> <span class='ocrx_word' id='word_1_693' title='bbox 2916 4134 3131 4188; x_wconf 84' lang='grc' dir='ltr'>θυσίαν.</span> <span class='ocrx_word' id='word_1_694' title='bbox 3153 4133 3265 4188; x_wconf 67' lang='grc' dir='ltr'><strong>Καὶ</strong></span> <span class='ocrx_word' id='word_1_695' title='bbox 3289 4133 3423 4198; x_wconf 80' lang='grc' dir='ltr'>πῶς,</span> <span class='ocrx_word' id='word_1_696' title='bbox 3444 4134 3632 4203; x_wconf 68' lang='grc' dir='ltr'>φησιν,</span> <span class='ocrx_word' id='word_1_697' title='bbox 3665 4133 3850 4202; x_wconf 72' lang='grc' dir='ltr'>«ὑμεῖς</span> 
     </span>
    </p>
   </div>
   <div class='ocr_carea' id='block_1_85' title="bbox 2257 4227 3846 4298">
    <p class='ocr_par' dir='ltr' id='par_1_85' title="bbox 2257 4227 3846 4298">
     <span class='ocr_line' id='line_1_85' title="bbox 2257 4227 3846 4298; baseline -0.003 -17"><span class='ocrx_word' id='word_1_698' title='bbox 2257 4230 2444 4298; x_wconf 79' lang='grc' dir='ltr'>λέγετε</span> <span class='ocrx_word' id='word_1_699' title='bbox 2481 4271 2494 4294; x_wconf 91' lang='grc'><strong>,</strong></span> <span class='ocrx_word' id='word_1_700' title='bbox 2549 4231 2629 4283; x_wconf 79' lang='grc' dir='ltr'>ὅτι</span> <span class='ocrx_word' id='word_1_701' title='bbox 2681 4230 2737 4281; x_wconf 82' lang='grc' dir='ltr'>ὲν</span> <span class='ocrx_word' id='word_1_702' title='bbox 2796 4227 3196 4298; x_wconf 83' lang='grc' dir='ltr'>Ἱεροσολύμοις</span> <span class='ocrx_word' id='word_1_703' title='bbox 3251 4228 3332 4281; x_wconf 84' lang='grc' dir='ltr'><strong>δεῖ</strong></span> <span class='ocrx_word' id='word_1_704' title='bbox 3402 4229 3738 4298; x_wconf 78' lang='grc' dir='ltr'>προσκυνεῖν</span> <span class='ocrx_word' id='word_1_705' title='bbox 3773 4244 3788 4293; x_wconf 86' lang='lat'>;</span> <span class='ocrx_word' id='word_1_706' title='bbox 3829 4245 3846 4276; x_wconf 77' lang='grc' dir='ltr'>ι</span> 
     </span>
    </p>
   </div>
   <div class='ocr_carea' id='block_1_86' title="bbox 2261 4316 3852 4392">
    <p class='ocr_par' dir='ltr' id='par_1_86' title="bbox 2261 4316 3852 4392">
     <span class='ocr_line' id='line_1_86' title="bbox 2261 4316 3852 4392; baseline -0.003 -18"><span class='ocrx_word' id='word_1_707' title='bbox 2261 4317 2414 4386; x_wconf 77' lang='grc' dir='ltr'>Εἶδες</span> <span class='ocrx_word' id='word_1_708' title='bbox 2456 4321 2570 4384; x_wconf 82' lang='grc' dir='ltr'>πῶς</span> <span class='ocrx_word' id='word_1_709' title='bbox 2603 4319 2911 4390; x_wconf 69' lang='grc' dir='ltr'>ὑψηλοτέρα</span> <span class='ocrx_word' id='word_1_710' title='bbox 2942 4318 3199 4388; x_wconf 79' lang='grc' dir='ltr'>γέγονεν;</span> <span class='ocrx_word' id='word_1_711' title='bbox 3255 4319 3318 4372; x_wconf 83' lang='grc' dir='ltr'><strong><em>Ἥ</em></strong></span> <span class='ocrx_word' id='word_1_712' title='bbox 3350 4318 3461 4392; x_wconf 69' lang='grc' dir='ltr'><strong>γὰρ</strong></span> <span class='ocrx_word' id='word_1_713' title='bbox 3508 4319 3616 4391; x_wconf 79' lang='grc' dir='ltr'><strong>πρὸ</strong></span> <span class='ocrx_word' id='word_1_714' title='bbox 3653 4316 3852 4390; x_wconf 72' lang='grc' dir='ltr'>μικροῦ</span> 
     </span>
    </p>
   </div>
   <div class='ocr_carea' id='block_1_87' title="bbox 2267 4411 3850 4486">
    <p class='ocr_par' dir='ltr' id='par_1_87' title="bbox 2267 4411 3850 4486">
     <span class='ocr_line' id='line_1_87' title="bbox 2267 4411 3850 4486; baseline -0.002 -19"><span class='ocrx_word' id='word_1_715' title='bbox 2267 4415 2589 4486; x_wconf 72' lang='grc' dir='ltr'>μεριμνῶσα</span> <span class='ocrx_word' id='word_1_716' title='bbox 2623 4413 2765 4483; x_wconf 72' lang='grc' dir='ltr'>ὑπὲρ</span> <span class='ocrx_word' id='word_1_717' title='bbox 2793 4413 2884 4466; x_wconf 81' lang='grc' dir='ltr'>τοῦ</span> <span class='ocrx_word' id='word_1_718' title='bbox 2912 4413 2985 4484; x_wconf 81' lang='grc' dir='ltr'>μὴ</span> <span class='ocrx_word' id='word_1_719' title='bbox 3021 4412 3352 4466; x_wconf 78' lang='grc' dir='ltr'>σκύλλεσθαι</span> <span class='ocrx_word' id='word_1_720' title='bbox 3383 4411 3471 4464; x_wconf 69' lang='grc' dir='ltr'>διὰ</span> <span class='ocrx_word' id='word_1_721' title='bbox 3527 4413 3625 4465; x_wconf 72' lang='grc' dir='ltr'>τοῦ</span> <span class='ocrx_word' id='word_1_722' title='bbox 3665 4412 3850 4483; x_wconf 66' lang='grc' dir='ltr'>διψῇ-ι,</span> 
     </span>
    </p>
   </div>
   <div class='ocr_carea' id='block_1_88' title="bbox 575 4484 2159 4576">
    <p class='ocr_par' dir='ltr' id='par_1_88' title="bbox 575 4493 2154 4575">
     <span class='ocr_line' id='line_1_88' title="bbox 575 4493 2154 4575; baseline 0.012 -33"><span class='ocrx_word' id='word_1_723' title='bbox 575 4493 753 4560; x_wconf 64' lang='lat' dir='ltr'><strong>magni</strong></span> <span class='ocrx_word' id='word_1_724' title='bbox 782 4496 1060 4556; x_wconf 79' lang='lat' dir='ltr'><strong>momenti,</strong></span> <span class='ocrx_word' id='word_1_725' title='bbox 1099 4497 1191 4549; x_wconf 89' lang='lat' dir='ltr'><strong>sed</strong></span> <span class='ocrx_word' id='word_1_726' title='bbox 1247 4495 1390 4550; x_wconf 87' lang='lat' dir='ltr'><strong>aliud</strong></span> <span class='ocrx_word' id='word_1_727' title='bbox 1434 4500 1703 4566; x_wconf 92' lang='lat' dir='ltr'><strong>quoddam</strong></span> <span class='ocrx_word' id='word_1_728' title='bbox 1761 4503 1934 4572; x_wconf 86' lang='lat' dir='ltr'><strong>majus</strong></span> <span class='ocrx_word' id='word_1_729' title='bbox 1961 4507 2154 4575; x_wconf 83' lang='lat' dir='ltr'><strong>dogma</strong></span> 
     </span>
    </p>
   </div>
   <div class='ocr_carea' id='block_1_89' title="bbox 2264 4484 3853 4576">
    <p class='ocr_par' dir='ltr' id='par_1_89' title="bbox 2264 4484 3853 4576">
     <span class='ocr_line' id='line_1_89' title="bbox 2264 4484 3853 4576; baseline -0.001 -20"><span class='ocrx_word' id='word_1_730' title='bbox 2264 4484 2710 4576; x_wconf 64' lang='grc' dir='ltr'>περιδογμάτων</span> <span class='ocrx_word' id='word_1_731' title='bbox 2765 4507 2966 4576; x_wconf 81' lang='grc' dir='ltr'>ἐρωτᾷ.</span> <span class='ocrx_word' id='word_1_732' title='bbox 3004 4505 3097 4557; x_wconf 76' lang='grc' dir='ltr'><strong>Διὸ</strong></span> <span class='ocrx_word' id='word_1_733' title='bbox 3145 4507 3290 4558; x_wconf 81' lang='grc' dir='ltr'>καὶὸ</span> <span class='ocrx_word' id='word_1_734' title='bbox 3313 4506 3550 4576; x_wconf 72' lang='grc' dir='ltr'>Χριστὸς</span> <span class='ocrx_word' id='word_1_735' title='bbox 3584 4503 3713 4558; x_wconf 72' lang='grc' dir='ltr'>ἰδὼν</span> <span class='ocrx_word' id='word_1_736' title='bbox 3756 4505 3853 4574; x_wconf 72' lang='grc' dir='ltr'>τὴν</span> 
     </span>
    </p>
   </div>
   <div class='ocr_carea' id='block_1_90' title="bbox 575 4585 2154 4665">
    <p class='ocr_par' dir='ltr' id='par_1_90' title="bbox 575 4585 2154 4665">
     <span class='ocr_line' id='line_1_90' title="bbox 575 4585 2154 4665; baseline 0.011 -29"><span class='ocrx_word' id='word_1_737' title='bbox 575 4585 908 4649; x_wconf 79' lang='lat' dir='ltr'><strong>manifestat,</strong></span> <span class='ocrx_word' id='word_1_738' title='bbox 944 4586 994 4639; x_wconf 90' lang='lat' dir='ltr'><strong>id</strong></span> <span class='ocrx_word' id='word_1_739' title='bbox 1029 4587 1169 4656; x_wconf 86' lang='lat' dir='ltr'><strong>quod</strong></span> <span class='ocrx_word' id='word_1_740' title='bbox 1203 4604 1376 4659; x_wconf 86' lang='lat' dir='ltr'><strong>neque</strong></span> <span class='ocrx_word' id='word_1_741' title='bbox 1410 4590 1702 4648; x_wconf 76' lang='lat' dir='ltr'><strong>Nicodemo</strong></span> <span class='ocrx_word' id='word_1_742' title='bbox 1734 4611 1909 4665; x_wconf 90' lang='lat' dir='ltr'><strong>neque</strong></span> <span class='ocrx_word' id='word_1_743' title='bbox 1952 4596 2154 4653; x_wconf 83' lang='lat' dir='ltr'><strong>Natha-</strong></span> 
     </span>
    </p>
   </div>
   <div class='ocr_carea' id='block_1_91' title="bbox 574 4677 2152 4758">
    <p class='ocr_par' dir='ltr' id='par_1_91' title="bbox 574 4677 2152 4758">
     <span class='ocr_line' id='line_1_91' title="bbox 574 4677 2152 4758; baseline 0.01 -28"><span class='ocrx_word' id='word_1_744' title='bbox 574 4677 712 4730; x_wconf 86' lang='lat' dir='ltr'><strong>naeli</strong></span> <span class='ocrx_word' id='word_1_745' title='bbox 751 4677 1103 4732; x_wconf 77' lang='lat' dir='ltr'><strong>revelaverat.</strong></span> <span class='ocrx_word' id='word_1_746' title='bbox 1140 4697 1159 4730; x_wconf 77' lang='grc' dir='ltr'>ι</span> <span class='ocrx_word' id='word_1_747' title='bbox 1192 4679 1538 4748; x_wconf 80' lang='lat' dir='ltr'><strong>Venitenim,</strong></span> <span class='ocrx_word' id='word_1_748' title='bbox 1578 4685 1778 4753; x_wconf 88' lang='lat' dir='ltr'><strong>inquit,</strong></span> <span class='ocrx_word' id='word_1_749' title='bbox 1815 4689 1944 4743; x_wconf 87' lang='lat' dir='ltr'><strong>hora</strong></span> <span class='ocrx_word' id='word_1_750' title='bbox 1981 4707 2152 4758; x_wconf 87' lang='lat' dir='ltr'><strong>quan-</strong></span> 
     </span>
    </p>
   </div>
   <div class='ocr_carea' id='block_1_92' title="bbox 571 4766 2153 4842">
    <p class='ocr_par' dir='ltr' id='par_1_92' title="bbox 571 4766 2153 4842">
     <span class='ocr_line' id='line_1_92' title="bbox 571 4766 2153 4842; baseline 0.012 -23"><span class='ocrx_word' id='word_1_751' title='bbox 571 4771 638 4819; x_wconf 83' lang='lat' dir='ltr'><strong>do</strong></span> <span class='ocrx_word' id='word_1_752' title='bbox 672 4783 847 4836; x_wconf 82' lang='lat' dir='ltr'><strong>neque</strong></span> <span class='ocrx_word' id='word_1_753' title='bbox 896 4772 946 4821; x_wconf 89' lang='lat' dir='ltr'><strong>in</strong></span> <span class='ocrx_word' id='word_1_754' title='bbox 975 4766 1365 4842; x_wconf 79' lang='lat' dir='ltr'><strong>Hierosolymis</strong></span> <span class='ocrx_word' id='word_1_755' title='bbox 1409 4789 1585 4842; x_wconf 88' lang='lat' dir='ltr'><strong>neque</strong></span> <span class='ocrx_word' id='word_1_756' title='bbox 1627 4778 1679 4830; x_wconf 89' lang='lat' dir='ltr'><strong>in</strong></span> <span class='ocrx_word' id='word_1_757' title='bbox 1714 4779 1814 4833; x_wconf 91' lang='lat' dir='ltr'><strong>hoc</strong></span> <span class='ocrx_word' id='word_1_758' title='bbox 1871 4780 1989 4836; x_wconf 91' lang='lat' dir='ltr'><strong>loco</strong></span> <span class='ocrx_word' id='word_1_759' title='bbox 2019 4783 2153 4837; x_wconf 84' lang='lat' dir='ltr'><strong>ado-</strong></span> 
     </span>
    </p>
   </div>
   <div class='ocr_carea' id='block_1_93' title="bbox 576 4859 2154 4938">
    <p class='ocr_par' dir='ltr' id='par_1_93' title="bbox 576 4859 2154 4938">
     <span class='ocr_line' id='line_1_93' title="bbox 576 4859 2154 4938; baseline 0.012 -27"><span class='ocrx_word' id='word_1_760' title='bbox 576 4859 789 4914; x_wconf 81' lang='lat' dir='ltr'><strong>rabitur</strong></span> <span class='ocrx_word' id='word_1_761' title='bbox 843 4860 1007 4915; x_wconf 86' lang='lat' dir='ltr'><strong>Deus.</strong></span> <span class='ocrx_word' id='word_1_762' title='bbox 1050 4881 1068 4912; x_wconf 76' lang='grc' dir='ltr'>ι</span> <span class='ocrx_word' id='word_1_763' title='bbox 1105 4862 1243 4916; x_wconf 78' lang='lat' dir='ltr'><strong>Nam</strong></span> <span class='ocrx_word' id='word_1_764' title='bbox 1301 4875 1354 4917; x_wconf 93' lang='lat' dir='ltr'><strong>tu</strong></span> <span class='ocrx_word' id='word_1_765' title='bbox 1420 4867 1662 4934; x_wconf 90' lang='lat' dir='ltr'><strong>quidem,</strong></span> <span class='ocrx_word' id='word_1_766' title='bbox 1697 4870 1894 4938; x_wconf 87' lang='lat' dir='ltr'><strong>inquit,</strong></span> <span class='ocrx_word' id='word_1_767' title='bbox 1936 4875 2154 4930; x_wconf 87' lang='lat' dir='ltr'><strong>conaris</strong></span> 
     </span>
    </p>
   </div>
   <div class='ocr_carea' id='block_1_94' title="bbox 573 4952 2152 5036">
    <p class='ocr_par' dir='ltr' id='par_1_94' title="bbox 573 4952 2152 5036">
     <span class='ocr_line' id='line_1_94' title="bbox 573 4952 2152 5036; baseline 0.011 -34"><span class='ocrx_word' id='word_1_768' title='bbox 573 4952 863 5006; x_wconf 82' lang='lat' dir='ltr'><strong>ostendere</strong></span> <span class='ocrx_word' id='word_1_769' title='bbox 919 4967 1005 5008; x_wconf 90' lang='lat' dir='ltr'><strong>res</strong></span> <span class='ocrx_word' id='word_1_770' title='bbox 1059 4952 1527 5012; x_wconf 89' lang='lat' dir='ltr'><strong>Samaritanorum</strong></span> <span class='ocrx_word' id='word_1_771' title='bbox 1591 4961 1862 5029; x_wconf 85' lang='lat' dir='ltr'><strong>digniores</strong></span> <span class='ocrx_word' id='word_1_772' title='bbox 1916 4965 2004 5031; x_wconf 90' lang='lat' dir='ltr'><strong>iis,</strong></span> <span class='ocrx_word' id='word_1_773' title='bbox 2033 4983 2152 5036; x_wconf 83' lang='lat' dir='ltr'><strong>qme</strong></span> 
     </span>
    </p>
   </div>
   <div class='ocr_carea' id='block_1_95' title="bbox 571 5044 2153 5129">
    <p class='ocr_par' dir='ltr' id='par_1_95' title="bbox 571 5044 2153 5129">
     <span class='ocr_line' id='line_1_95' title="bbox 571 5044 2153 5129; baseline 0.011 -32"><span class='ocrx_word' id='word_1_774' title='bbox 571 5044 712 5113; x_wconf 85' lang='lat' dir='ltr'><strong>apud</strong></span> <span class='ocrx_word' id='word_1_775' title='bbox 745 5044 960 5101; x_wconf 66' lang='lat' dir='ltr'><strong>Judmos</strong></span> <span class='ocrx_word' id='word_1_776' title='bbox 1008 5059 1238 5118; x_wconf 82' lang='lat' dir='ltr'><strong>aguntur</strong></span> <span class='ocrx_word' id='word_1_777' title='bbox 1277 5068 1290 5103; x_wconf 87' lang='lat'><strong><em>:</em></strong></span> <span class='ocrx_word' id='word_1_778' title='bbox 1330 5066 1430 5118; x_wconf 88' lang='lat' dir='ltr'><strong>ego</strong></span> <span class='ocrx_word' id='word_1_779' title='bbox 1483 5063 1663 5107; x_wconf 89' lang='lat' dir='ltr'><strong>autem</strong></span> <span class='ocrx_word' id='word_1_780' title='bbox 1719 5055 1838 5110; x_wconf 91' lang='lat' dir='ltr'><strong>dico</strong></span> <span class='ocrx_word' id='word_1_781' title='bbox 1869 5057 1964 5111; x_wconf 91' lang='lat' dir='ltr'><strong>tibi</strong></span> <span class='ocrx_word' id='word_1_782' title='bbox 2009 5061 2153 5129; x_wconf 86' lang='lat' dir='ltr'><strong>quod</strong></span> 
     </span>
    </p>
   </div>
   <div class='ocr_carea' id='block_1_96' title="bbox 574 5138 2150 5215">
    <p class='ocr_par' dir='ltr' id='par_1_96' title="bbox 574 5138 2150 5215">
     <span class='ocr_line' id='line_1_96' title="bbox 574 5138 2150 5215; baseline 0.013 -27"><span class='ocrx_word' id='word_1_783' title='bbox 574 5152 754 5204; x_wconf 84' lang='lat' dir='ltr'><strong>neque</strong></span> <span class='ocrx_word' id='word_1_784' title='bbox 785 5138 902 5194; x_wconf 64' lang='lat' dir='ltr'><strong>hanc</strong></span> <span class='ocrx_word' id='word_1_785' title='bbox 930 5155 1104 5210; x_wconf 88' lang='lat' dir='ltr'><strong>neque</strong></span> <span class='ocrx_word' id='word_1_786' title='bbox 1139 5141 1224 5195; x_wconf 85' lang='lat' dir='ltr'><strong>illa</strong></span> <span class='ocrx_word' id='word_1_787' title='bbox 1271 5144 1474 5198; x_wconf 88' lang='lat' dir='ltr'><strong>habent</strong></span> <span class='ocrx_word' id='word_1_788' title='bbox 1508 5146 1849 5215; x_wconf 83' lang='lat' dir='ltr'><strong>dignitatem,</strong></span> <span class='ocrx_word' id='word_1_789' title='bbox 1888 5153 1982 5206; x_wconf 91' lang='lat' dir='ltr'><strong>sed</strong></span> <span class='ocrx_word' id='word_1_790' title='bbox 2014 5154 2150 5209; x_wconf 86' lang='lat' dir='ltr'><strong>alius</strong></span> 
     </span>
    </p>
   </div>
   <div class='ocr_carea' id='block_1_97' title="bbox 571 5229 2152 5306">
    <p class='ocr_par' dir='ltr' id='par_1_97' title="bbox 571 5229 2152 5306">
     <span class='ocr_line' id='line_1_97' title="bbox 571 5229 2152 5306; baseline 0.015 -28"><span class='ocrx_word' id='word_1_791' title='bbox 571 5229 842 5297; x_wconf 89' lang='lat' dir='ltr'><strong>quispiam</strong></span> <span class='ocrx_word' id='word_1_792' title='bbox 889 5240 1062 5287; x_wconf 82' lang='lat' dir='ltr'><strong>status</strong></span> <span class='ocrx_word' id='word_1_793' title='bbox 1094 5233 1198 5286; x_wconf 88' lang='lat' dir='ltr'><strong>erit</strong></span> <span class='ocrx_word' id='word_1_794' title='bbox 1252 5234 1356 5288; x_wconf 92' lang='lat' dir='ltr'><strong>illis</strong></span> <span class='ocrx_word' id='word_1_795' title='bbox 1405 5237 1638 5306; x_wconf 87' lang='lat' dir='ltr'><strong>dignior.</strong></span> <span class='ocrx_word' id='word_1_796' title='bbox 1675 5239 2064 5298; x_wconf 84' lang='lat' dir='ltr'><strong>Verumtamen</strong></span> <span class='ocrx_word' id='word_1_797' title='bbox 2099 5255 2152 5301; x_wconf 87' lang='lat' dir='ltr'><strong>et</strong></span> 
     </span>
    </p>
   </div>
   <div class='ocr_carea' id='block_1_98' title="bbox 570 5318 2145 5400">
    <p class='ocr_par' dir='ltr' id='par_1_98' title="bbox 570 5318 2145 5400">
     <span class='ocr_line' id='line_1_98' title="bbox 570 5318 2145 5400; baseline 0.013 -28"><span class='ocrx_word' id='word_1_798' title='bbox 570 5319 648 5373; x_wconf 85' lang='lat' dir='ltr'><strong>sic</strong></span> <span class='ocrx_word' id='word_1_799' title='bbox 707 5318 924 5376; x_wconf 69' lang='lat' dir='ltr'><strong>Judazos</strong></span> <span class='ocrx_word' id='word_1_800' title='bbox 977 5323 1124 5378; x_wconf 85' lang='lat' dir='ltr'><strong>vobis</strong></span> <span class='ocrx_word' id='word_1_801' title='bbox 1184 5324 1544 5383; x_wconf 87' lang='lat' dir='ltr'><strong>Samaritanis</strong></span> <span class='ocrx_word' id='word_1_802' title='bbox 1589 5332 1862 5400; x_wconf 85' lang='lat' dir='ltr'><strong>digniores</strong></span> <span class='ocrx_word' id='word_1_803' title='bbox 1918 5336 2145 5393; x_wconf 84' lang='lat' dir='ltr'><strong>allirmo.</strong></span> 
     </span>
    </p>
   </div>
   <div class='ocr_carea' id='block_1_99' title="bbox 583 5407 2147 5490">
    <p class='ocr_par' dir='ltr' id='par_1_99' title="bbox 583 5407 2147 5490">
     <span class='ocr_line' id='line_1_99' title="bbox 583 5407 2147 5490; baseline 0.016 -29"><span class='ocrx_word' id='word_1_804' title='bbox 583 5425 600 5460; x_wconf 83' lang='grc' dir='ltr'>ι</span> <span class='ocrx_word' id='word_1_805' title='bbox 641 5407 748 5464; x_wconf 85' lang='lat' dir='ltr'><strong>Vos</strong></span> <span class='ocrx_word' id='word_1_806' title='bbox 802 5411 1191 5482; x_wconf 86' lang='lat' dir='ltr'><strong>enim,iuquit,</strong></span> <span class='ocrx_word' id='word_1_807' title='bbox 1229 5419 1467 5473; x_wconf 87' lang='lat' dir='ltr'><strong>adoratis</strong></span> <span class='ocrx_word' id='word_1_808' title='bbox 1524 5423 1667 5490; x_wconf 92' lang='lat' dir='ltr'><strong>quod</strong></span> <span class='ocrx_word' id='word_1_809' title='bbox 1732 5426 1953 5481; x_wconf 83' lang='lat' dir='ltr'><strong>nescitis</strong></span> <span class='ocrx_word' id='word_1_810' title='bbox 1997 5445 2009 5481; x_wconf 91' lang='lat'><strong>:</strong></span> <span class='ocrx_word' id='word_1_811' title='bbox 2049 5445 2147 5486; x_wconf 89' lang='lat' dir='ltr'><strong>nos</strong></span> 
     </span>
    </p>
   </div>
   <div class='ocr_carea' id='block_1_100' title="bbox 573 5501 2143 5590">
    <p class='ocr_par' dir='ltr' id='par_1_100' title="bbox 573 5501 2143 5590">
     <span class='ocr_line' id='line_1_100' title="bbox 573 5501 2143 5590; baseline 0.015 -37"><span class='ocrx_word' id='word_1_812' title='bbox 573 5510 750 5555; x_wconf 83' lang='lat' dir='ltr'><strong>autem</strong></span> <span class='ocrx_word' id='word_1_813' title='bbox 810 5501 1002 5571; x_wconf 66' lang='lat' dir='ltr'><strong>Judaei,</strong></span> <span class='ocrx_word' id='word_1_814' title='bbox 1037 5507 1180 5576; x_wconf 92' lang='lat' dir='ltr'><strong>quod</strong></span> <span class='ocrx_word' id='word_1_815' title='bbox 1204 5509 1424 5566; x_wconf 82' lang='lat' dir='ltr'><strong>scimus.</strong></span> <span class='ocrx_word' id='word_1_816' title='bbox 1465 5531 1482 5563; x_wconf 68' lang='grc' dir='ltr'>ι</span> <span class='ocrx_word' id='word_1_817' title='bbox 1542 5513 1710 5572; x_wconf 86' lang='lat' dir='ltr'><strong>Porro</strong></span> <span class='ocrx_word' id='word_1_818' title='bbox 1754 5520 1992 5590; x_wconf 89' lang='lat' dir='ltr'><strong>seipsum</strong></span> <span class='ocrx_word' id='word_1_819' title='bbox 2048 5520 2143 5577; x_wconf 80' lang='lat' dir='ltr'><strong>Ju-</strong></span> 
     </span>
    </p>
   </div>
   <div class='ocr_carea' id='block_1_101' title="bbox 641 5638 984 5696">
    <p class='ocr_par' dir='ltr' id='par_1_101' title="bbox 641 5638 984 5696">
     <span class='ocr_line' id='line_1_101' title="bbox 641 5638 984 5696; baseline 0.003 -3"><span class='ocrx_word' id='word_1_820' title='bbox 641 5642 659 5670; x_wconf 83' lang='lat'>&#39;</span> <span class='ocrx_word' id='word_1_821' title='bbox 693 5638 826 5694; x_wconf 85' lang='lat' dir='ltr'><strong>Gen.</strong></span> <span class='ocrx_word' id='word_1_822' title='bbox 853 5657 984 5696; x_wconf 75' lang='lat' dir='ltr'><strong>XXII.</strong></span> 
     </span>
    </p>
   </div>
   <div class='ocr_carea' id='block_1_102' title="bbox 637 5779 2141 5858">
    <p class='ocr_par' dir='ltr' id='par_1_102' title="bbox 637 5779 2141 5858">
     <span class='ocr_line' id='line_1_102' title="bbox 637 5779 2141 5858; baseline 0.015 -29"><span class='ocrx_word' id='word_1_823' title='bbox 637 5779 712 5858; x_wconf 65' lang='grc' dir='ltr'><strong>(ᾳ)</strong></span> <span class='ocrx_word' id='word_1_824' title='bbox 759 5779 948 5858; x_wconf 37' lang='grc' dir='ltr'>,Ὤτοή</span> <span class='ocrx_word' id='word_1_825' title='bbox 983 5784 1227 5852; x_wconf 81' lang='grc' dir='ltr'>σωτηρία</span> <span class='ocrx_word' id='word_1_826' title='bbox 1252 5787 1339 5858; x_wconf 19' lang='grc' dir='ltr'><strong>*ἐκ</strong></span> <span class='ocrx_word' id='word_1_827' title='bbox 1379 5789 1485 5858; x_wconf 80' lang='grc' dir='ltr'>τῶν</span> <span class='ocrx_word' id='word_1_828' title='bbox 1522 5792 1788 5848; x_wconf 77' lang='grc' dir='ltr'>Ἰουδαίων</span> <span class='ocrx_word' id='word_1_829' title='bbox 1819 5795 1986 5848; x_wconf 77' lang='grc' dir='ltr'>ἐστίν.</span> <span class='ocrx_word' id='word_1_830' title='bbox 2019 5796 2141 5852; x_wconf 81' lang='lat' dir='ltr'><strong>Ihec</strong></span> 
     </span>
    </p>
   </div>
   <div class='ocr_carea' id='block_1_103' title="bbox 569 5843 2139 5927">
    <p class='ocr_par' dir='ltr' id='par_1_103' title="bbox 569 5843 2139 5927">
     <span class='ocr_line' id='line_1_103' title="bbox 569 5843 2139 5927; baseline 0.017 -27"><span class='ocrx_word' id='word_1_831' title='bbox 569 5843 728 5903; x_wconf 65' lang='lat' dir='ltr'><strong>mm</strong></span> <span class='ocrx_word' id='word_1_832' title='bbox 758 5849 843 5906; x_wconf 88' lang='lat' dir='ltr'><strong>hic</strong></span> <span class='ocrx_word' id='word_1_833' title='bbox 873 5843 1084 5922; x_wconf 75' lang='lat' dir='ltr'><strong>desunt,</strong></span> <span class='ocrx_word' id='word_1_834' title='bbox 1118 5843 1175 5910; x_wconf 69' lang='lat' dir='ltr'><strong>&quot;in</strong></span> <span class='ocrx_word' id='word_1_835' title='bbox 1214 5856 1484 5927; x_wconf 78' lang='lat' dir='ltr'><strong>aliquibus</strong></span> <span class='ocrx_word' id='word_1_836' title='bbox 1513 5843 2139 5925; x_wconf 11' lang='lat' dir='ltr'><strong>eitiam’iu&#39;ali—isicodic‘i:</strong></span> 
     </span>
    </p>
   </div>
   <div class='ocr_carea' id='block_1_104' title="bbox 2263 4597 3852 4669">
    <p class='ocr_par' dir='ltr' id='par_1_104' title="bbox 2263 4597 3852 4669">
     <span class='ocr_line' id='line_1_104' title="bbox 2263 4597 3852 4669; baseline 0.001 -19"><span class='ocrx_word' id='word_1_837' title='bbox 2263 4598 2436 4667; x_wconf 78' lang='grc' dir='ltr'>αὐτῆς</span> <span class='ocrx_word' id='word_1_838' title='bbox 2467 4598 2711 4662; x_wconf 87' lang='grc' dir='ltr'>σύνεσιν,</span> <span class='ocrx_word' id='word_1_839' title='bbox 2758 4597 2917 4650; x_wconf 78' lang='grc' dir='ltr'>τοῦτο</span> <span class='ocrx_word' id='word_1_840' title='bbox 2952 4597 3053 4668; x_wconf 74' lang='grc' dir='ltr'>μὲν</span> <span class='ocrx_word' id='word_1_841' title='bbox 3077 4598 3139 4651; x_wconf 79' lang='grc' dir='ltr'>τὸ</span> <span class='ocrx_word' id='word_1_842' title='bbox 3165 4598 3430 4669; x_wconf 74' lang='grc' dir='ltr'>ἀπόρημα</span> <span class='ocrx_word' id='word_1_843' title='bbox 3455 4598 3630 4667; x_wconf 78' lang='grc' dir='ltr'>αὐτῆς</span> <span class='ocrx_word' id='word_1_844' title='bbox 3656 4599 3720 4652; x_wconf 85' lang='grc' dir='ltr'><strong>ού</strong></span> <span class='ocrx_word' id='word_1_845' title='bbox 3738 4598 3852 4652; x_wconf 80' lang='grc' dir='ltr'>λύει</span> 
     </span>
    </p>
   </div>
   <div class='ocr_carea' id='block_1_105' title="bbox 2260 4687 3851 4763">
    <p class='ocr_par' dir='ltr' id='par_1_105' title="bbox 2260 4687 3851 4763">
     <span class='ocr_line' id='line_1_105' title="bbox 2260 4687 3851 4763; baseline 0.001 -19"><span class='ocrx_word' id='word_1_846' title='bbox 2260 4692 2340 4762; x_wconf 78' lang='grc' dir='ltr'>(οὐ</span> <span class='ocrx_word' id='word_1_847' title='bbox 2373 4693 2481 4761; x_wconf 77' lang='grc' dir='ltr'>γὰρ</span> <span class='ocrx_word' id='word_1_848' title='bbox 2512 4687 2580 4763; x_wconf 80' lang='grc' dir='ltr'>ἦν</span> <span class='ocrx_word' id='word_1_849' title='bbox 2613 4691 3127 4762; x_wconf 81' lang='grc' dir='ltr'>περισπούδαστον),</span> <span class='ocrx_word' id='word_1_850' title='bbox 3155 4691 3286 4747; x_wconf 77' lang='grc' dir='ltr'>ἄλλο</span> <span class='ocrx_word' id='word_1_851' title='bbox 3339 4691 3398 4745; x_wconf 75' lang='grc' dir='ltr'>δὲ</span> <span class='ocrx_word' id='word_1_852' title='bbox 3428 4692 3617 4762; x_wconf 81' lang='grc' dir='ltr'>μεῖζον</span> <span class='ocrx_word' id='word_1_853' title='bbox 3659 4693 3851 4761; x_wconf 76' lang='grc' dir='ltr'>’δόγμα</span> 
     </span>
    </p>
   </div>
   <div class='ocr_carea' id='block_1_106' title="bbox 2256 4783 3848 4856">
    <p class='ocr_par' dir='ltr' id='par_1_106' title="bbox 2256 4783 3848 4856">
     <span class='ocr_line' id='line_1_106' title="bbox 2256 4783 3848 4856; baseline 0 -19"><span class='ocrx_word' id='word_1_854' title='bbox 2256 4784 2658 4848; x_wconf 77' lang='grc' dir='ltr'>ἀποκαλύπτει,</span> <span class='ocrx_word' id='word_1_855' title='bbox 2693 4786 2832 4855; x_wconf 85' lang='grc' dir='ltr'>ὅπερ</span> <span class='ocrx_word' id='word_1_856' title='bbox 2861 4785 2983 4839; x_wconf 76' lang='grc' dir='ltr'>οὐδὲ</span> <span class='ocrx_word' id='word_1_857' title='bbox 3015 4784 3337 4856; x_wconf 79' lang='grc' dir='ltr'>Νικοδήμῳ,</span> <span class='ocrx_word' id='word_1_858' title='bbox 3368 4783 3493 4838; x_wconf 73' lang='grc' dir='ltr'>οὐδὲ</span> <span class='ocrx_word' id='word_1_859' title='bbox 3547 4785 3848 4855; x_wconf 74' lang='grc' dir='ltr'>Ναθαναὴλ</span> 
     </span>
    </p>
   </div>
   <div class='ocr_carea' id='block_1_107' title="bbox 2257 4877 3850 4948">
    <p class='ocr_par' dir='ltr' id='par_1_107' title="bbox 2257 4877 3850 4948">
     <span class='ocr_line' id='line_1_107' title="bbox 2257 4877 3850 4948; baseline 0.001 -18"><span class='ocrx_word' id='word_1_860' title='bbox 2257 4877 2634 4947; x_wconf 75' lang='grc' dir='ltr'>ἀπεκάλυψεν.</span> <span class='ocrx_word' id='word_1_861' title='bbox 2677 4879 2938 4948; x_wconf 82' lang='grc' dir='ltr'>Ἔρχεται</span> <span class='ocrx_word' id='word_1_862' title='bbox 2963 4877 3096 4948; x_wconf 73' lang='grc' dir='ltr'>γὰρ,</span> <span class='ocrx_word' id='word_1_863' title='bbox 3131 4877 3319 4948; x_wconf 82' lang='grc' dir='ltr'>φησὶν,</span> <span class='ocrx_word' id='word_1_864' title='bbox 3352 4877 3605 4946; x_wconf 83' lang='grc' dir='ltr'>ὧρα,ὄτε</span> <span class='ocrx_word' id='word_1_865' title='bbox 3632 4878 3760 4932; x_wconf 69' lang='grc' dir='ltr'>οὔτε</span> <span class='ocrx_word' id='word_1_866' title='bbox 3792 4881 3850 4932; x_wconf 79' lang='grc' dir='ltr'><strong>έν</strong></span> 
     </span>
    </p>
   </div>
   <div class='ocr_carea' id='block_1_108' title="bbox 2267 4969 3845 5042">
    <p class='ocr_par' dir='ltr' id='par_1_108' title="bbox 2267 4969 3845 5042">
     <span class='ocr_line' id='line_1_108' title="bbox 2267 4969 3845 5042; baseline 0.002 -20"><span class='ocrx_word' id='word_1_867' title='bbox 2267 4969 2686 5040; x_wconf 84' lang='grc' dir='ltr'>Ἰεροσολύμοις,</span> <span class='ocrx_word' id='word_1_868' title='bbox 2701 4969 2827 5023; x_wconf 76' lang='grc' dir='ltr'>οὔτε</span> <span class='ocrx_word' id='word_1_869' title='bbox 2849 4969 3086 5023; x_wconf 70' lang='grc' dir='ltr'>ἐνταῦθα</span> <span class='ocrx_word' id='word_1_870' title='bbox 3105 4971 3623 5042; x_wconf 80' lang='grc' dir='ltr'>προσκυνηθήσεται</span> <span class='ocrx_word' id='word_1_871' title='bbox 3645 4975 3674 5025; x_wconf 92' lang='lat'><strong>6</strong></span> <span class='ocrx_word' id='word_1_872' title='bbox 3691 4971 3845 5035; x_wconf 73' lang='grc' dir='ltr'>Θεὸς.</span> 
     </span>
    </p>
   </div>
   <div class='ocr_carea' id='block_1_109' title="bbox 2253 5061 3846 5133">
    <p class='ocr_par' dir='ltr' id='par_1_109' title="bbox 2253 5061 3846 5133">
     <span class='ocr_line' id='line_1_109' title="bbox 2253 5061 3846 5133; baseline 0.001 -18"><span class='ocrx_word' id='word_1_873' title='bbox 2253 5062 2326 5115; x_wconf 81' lang='grc' dir='ltr'><strong>Σὺ</strong></span> <span class='ocrx_word' id='word_1_874' title='bbox 2362 5063 2463 5133; x_wconf 79' lang='grc' dir='ltr'>μὲν</span> <span class='ocrx_word' id='word_1_875' title='bbox 2493 5063 2626 5133; x_wconf 73' lang='grc' dir='ltr'>γὰρ,</span> <span class='ocrx_word' id='word_1_876' title='bbox 2659 5062 2814 5130; x_wconf 66' lang='grc' dir='ltr'>φησι,</span> <span class='ocrx_word' id='word_1_877' title='bbox 2846 5062 3174 5128; x_wconf 80' lang='grc' dir='ltr'>σπουδάζεις</span> <span class='ocrx_word' id='word_1_878' title='bbox 3216 5063 3388 5128; x_wconf 78' lang='grc' dir='ltr'>δεῖξαι</span> <span class='ocrx_word' id='word_1_879' title='bbox 3421 5061 3491 5116; x_wconf 83' lang='grc' dir='ltr'>τὰ</span> <span class='ocrx_word' id='word_1_880' title='bbox 3524 5063 3637 5116; x_wconf 85' lang='grc' dir='ltr'><strong>τῶν</strong></span> <span class='ocrx_word' id='word_1_881' title='bbox 3664 5064 3846 5133; x_wconf 85' lang='grc' dir='ltr'>Σαμα-</span> 
     </span>
    </p>
   </div>
   <div class='ocr_carea' id='block_1_110' title="bbox 2255 5154 3848 5226">
    <p class='ocr_par' dir='ltr' id='par_1_110' title="bbox 2255 5154 3848 5226">
     <span class='ocr_line' id='line_1_110' title="bbox 2255 5154 3848 5226; baseline 0.001 -18"><span class='ocrx_word' id='word_1_882' title='bbox 2255 5156 2450 5226; x_wconf 82' lang='grc' dir='ltr'>ρειτῶν</span> <span class='ocrx_word' id='word_1_883' title='bbox 2481 5155 2804 5226; x_wconf 76' lang='grc' dir='ltr'>ἐντιμότερα</span> <span class='ocrx_word' id='word_1_884' title='bbox 2839 5154 2946 5208; x_wconf 85' lang='grc' dir='ltr'><strong>τῶν</strong></span> <span class='ocrx_word' id='word_1_885' title='bbox 2976 5155 3126 5224; x_wconf 83' lang='grc' dir='ltr'>παρὰ</span> <span class='ocrx_word' id='word_1_886' title='bbox 3150 5156 3262 5218; x_wconf 90' lang='grc' dir='ltr'>τοῖς</span> <span class='ocrx_word' id='word_1_887' title='bbox 3293 5155 3577 5218; x_wconf 84' lang='grc' dir='ltr'>Ἰουδαίοις</span> <span class='ocrx_word' id='word_1_888' title='bbox 3607 5172 3621 5185; x_wconf 68' lang='grc'><strong>⁸</strong></span> <span class='ocrx_word' id='word_1_889' title='bbox 3655 5154 3770 5223; x_wconf 67' lang='grc' dir='ltr'><strong>ἐγὼ</strong></span> <span class='ocrx_word' id='word_1_890' title='bbox 3791 5154 3848 5208; x_wconf 68' lang='grc' dir='ltr'>δὶ</span> 
     </span>
    </p>
   </div>
   <div class='ocr_carea' id='block_1_111' title="bbox 2251 5245 3848 5319">
    <p class='ocr_par' dir='ltr' id='par_1_111' title="bbox 2251 5245 3848 5319">
     <span class='ocr_line' id='line_1_111' title="bbox 2251 5245 3848 5319; baseline 0 -19"><span class='ocrx_word' id='word_1_891' title='bbox 2251 5248 2396 5316; x_wconf 86' lang='grc' dir='ltr'>λέγω</span> <span class='ocrx_word' id='word_1_892' title='bbox 2423 5264 2526 5310; x_wconf 86' lang='grc' dir='ltr'>σοι,</span> <span class='ocrx_word' id='word_1_893' title='bbox 2549 5249 2629 5305; x_wconf 81' lang='grc' dir='ltr'>ὅτι</span> <span class='ocrx_word' id='word_1_894' title='bbox 2661 5246 2785 5300; x_wconf 74' lang='grc' dir='ltr'>οὔτε</span> <span class='ocrx_word' id='word_1_895' title='bbox 2818 5248 3014 5312; x_wconf 81' lang='grc' dir='ltr'>ταῦτα,</span> <span class='ocrx_word' id='word_1_896' title='bbox 3044 5245 3169 5300; x_wconf 79' lang='grc' dir='ltr'>οὕτε</span> <span class='ocrx_word' id='word_1_897' title='bbox 3189 5249 3374 5300; x_wconf 63' lang='grc' dir='ltr'>ἐκεῖνα</span> <span class='ocrx_word' id='word_1_898' title='bbox 3398 5246 3586 5319; x_wconf 73' lang='grc' dir='ltr'>ἔχουσι</span> <span class='ocrx_word' id='word_1_899' title='bbox 3615 5247 3680 5300; x_wconf 74' lang='grc' dir='ltr'><strong>τὸ</strong></span> <span class='ocrx_word' id='word_1_900' title='bbox 3715 5262 3848 5318; x_wconf 81' lang='grc' dir='ltr'>πρε-</span> 
     </span>
    </p>
   </div>
   <div class='ocr_carea' id='block_1_112' title="bbox 2258 5340 3845 5412">
    <p class='ocr_par' dir='ltr' id='par_1_112' title="bbox 2258 5340 3845 5412">
     <span class='ocr_line' id='line_1_112' title="bbox 2258 5340 3845 5412; baseline -0.001 -20"><span class='ocrx_word' id='word_1_901' title='bbox 2258 5340 2462 5406; x_wconf 76' lang='grc' dir='ltr'>σϐεῖον,</span> <span class='ocrx_word' id='word_1_902' title='bbox 2494 5340 2610 5393; x_wconf 82' lang='grc' dir='ltr'>ἀλλ’</span> <span class='ocrx_word' id='word_1_903' title='bbox 2640 5341 2802 5411; x_wconf 75' lang='grc' dir='ltr'>ἑτέρα</span> <span class='ocrx_word' id='word_1_904' title='bbox 2827 5357 2907 5404; x_wconf 88' lang='grc' dir='ltr'><strong>τις</strong></span> <span class='ocrx_word' id='word_1_905' title='bbox 2937 5341 3092 5393; x_wconf 77' lang='grc' dir='ltr'>ἔσται</span> <span class='ocrx_word' id='word_1_906' title='bbox 3117 5342 3477 5403; x_wconf 81' lang='grc' dir='ltr'>κατάστασις,</span> <span class='ocrx_word' id='word_1_907' title='bbox 3509 5341 3845 5412; x_wconf 79' lang='grc' dir='ltr'>ἀμφοτέρων</span> 
     </span>
    </p>
   </div>
   <div class='ocr_carea' id='block_1_113' title="bbox 2249 5434 3843 5507">
    <p class='ocr_par' dir='ltr' id='par_1_113' title="bbox 2249 5434 3843 5507">
     <span class='ocr_line' id='line_1_113' title="bbox 2249 5434 3843 5507; baseline -0.002 -18"><span class='ocrx_word' id='word_1_908' title='bbox 2249 5435 2508 5505; x_wconf 84' lang='grc' dir='ltr'>ἀμείνων.</span> <span class='ocrx_word' id='word_1_909' title='bbox 2539 5435 2682 5507; x_wconf 82' lang='grc' dir='ltr'>Πλὴν</span> <span class='ocrx_word' id='word_1_910' title='bbox 2715 5437 2809 5490; x_wconf 76' lang='grc' dir='ltr'>καὶ</span> <span class='ocrx_word' id='word_1_911' title='bbox 2835 5434 2977 5489; x_wconf 76' lang='grc' dir='ltr'>οὕτω</span> <span class='ocrx_word' id='word_1_912' title='bbox 3006 5435 3132 5499; x_wconf 78' lang='grc' dir='ltr'>τοὺς</span> <span class='ocrx_word' id='word_1_913' title='bbox 3163 5435 3457 5500; x_wconf 78' lang='grc' dir='ltr'>Ἰουδαίους</span> <span class='ocrx_word' id='word_1_914' title='bbox 3479 5436 3843 5507; x_wconf 75' lang='grc' dir='ltr'>σεμνοτέρους</span> 
     </span>
    </p>
   </div>
   <div class='ocr_carea' id='block_1_114' title="bbox 2241 5527 3840 5603">
    <p class='ocr_par' dir='ltr' id='par_1_114' title="bbox 2241 5527 3840 5603">
     <span class='ocr_line' id='line_1_114' title="bbox 2241 5527 3840 5603; baseline 0.001 -24"><span class='ocrx_word' id='word_1_915' title='bbox 2241 5527 2354 5579; x_wconf 71' lang='grc' dir='ltr'>τῶν</span> <span class='ocrx_word' id='word_1_916' title='bbox 2375 5527 2732 5599; x_wconf 79' lang='grc' dir='ltr'>Σαμαρειτῶν</span> <span class='ocrx_word' id='word_1_917' title='bbox 2767 5529 2919 5600; x_wconf 80' lang='grc' dir='ltr'>ὑμῶν</span> <span class='ocrx_word' id='word_1_918' title='bbox 2950 5529 3255 5598; x_wconf 82' lang='grc' dir='ltr'>ἀποφαίνω.</span> <span class='ocrx_word' id='word_1_919' title='bbox 3300 5529 3494 5601; x_wconf 85' lang='grc' dir='ltr'>Ὑμεῖς</span> <span class='ocrx_word' id='word_1_920' title='bbox 3519 5529 3657 5603; x_wconf 69' lang='grc' dir='ltr'>γὰρ,</span> <span class='ocrx_word' id='word_1_921' title='bbox 3686 5527 3840 5602; x_wconf 65' lang='grc' dir='ltr'>φησι,</span> 
     </span>
    </p>
   </div>
   <div class='ocr_carea' id='block_1_115' title="bbox 2250 5801 3832 5882">
    <p class='ocr_par' dir='ltr' id='par_1_115' title="bbox 2250 5801 3832 5882">
     <span class='ocr_line' id='line_1_115' title="bbox 2250 5801 3832 5882; baseline 0.009 -33"><span class='ocrx_word' id='word_1_922' title='bbox 2250 5801 2348 5882; x_wconf 49' lang='lat' dir='ltr'><strong>[ius</strong></span> <span class='ocrx_word' id='word_1_923' title='bbox 2379 5803 2524 5882; x_wconf 74' lang='lat' dir='ltr'><strong>apud</strong></span> <span class='ocrx_word' id='word_1_924' title='bbox 2568 5803 2826 5872; x_wconf 62' lang='lat' dir='ltr'><strong>Slilliuut;</strong></span> <span class='ocrx_word' id='word_1_925' title='bbox 2867 5822 2986 5879; x_wconf 60' lang='lat' dir='ltr'><strong>quae</strong></span> <span class='ocrx_word' id='word_1_926' title='bbox 3026 5818 3208 5865; x_wconf 80' lang='lat' dir='ltr'><strong>tamen</strong></span> <span class='ocrx_word' id='word_1_927' title='bbox 3256 5807 3395 5865; x_wconf 83' lang='lat' dir='ltr'><strong>infra</strong></span> <span class='ocrx_word' id='word_1_928' title='bbox 3433 5821 3832 5882; x_wconf 73' lang='lat' dir='ltr'><strong>exponuntltta</strong></span> 
     </span>
    </p>
   </div>
   <div class='ocr_carea' id='block_1_116' title="bbox 2248 5872 2673 5944">
    <p class='ocr_par' dir='ltr' id='par_1_116' title="bbox 2248 5872 2673 5944">
     <span class='ocr_line' id='line_1_116' title="bbox 2248 5872 2673 5944; baseline 0.005 -17"><span class='ocrx_word' id='word_1_929' title='bbox 2248 5872 2673 5944; x_wconf 80' lang='lat' dir='ltr'><strong>TbeOphylacto.</strong></span> 
     </span>
    </p>
   </div>
  </div>
