4052 6562
250 398 380 466 1237

242 512 602 582 προσκυνεῖτε

239 605 484 674 οἴδαμεν.
524 601 754 654 Ἑαυτὸν
809 600 865 652 δὲ
900 602 1040 670 μετὰ
1095 599 1204 653 τῶν
1269 597 1543 652 Ἰουδαίων
1593 595 1843 667 ἀριθμεῖ,

239 699 266 751 δ
289 698 371 751 ὁτι
403 701 540 766 πρὸς
576 694 675 764 τὴν
706 693 963 748 ὑπόνοιαν
996 692 1098 762 τῆς
1121 692 1382 760 γυναικὸς
1405 688 1731 759 φθέγγεται·
1766 688 1843 750 ὡς

243 790 532 859 προφήτην
573 786 683 856 γὰρ
711 784 969 838 Ἰουδαῖον
1012 783 1178 839 αὐτὸν
1213 784 1433 837 ὑπενόει
1476 782 1690 851 ἐκείνη,
1748 780 1848 833 καὶ

241 883 328 936 διὰ
353 881 511 934 τοῦτό
543 894 681 948 φησι
719 895 731 907 ·
772 896 792 929 t
843 878 1035 948 Ἡμεῖς
1070 875 1519 948 προσκυνοῦμεν.
1566 894 1585 928 ι
1624 873 1751 937 Πῶς
1790 873 1847 926 δὲ

239 976 338 1027 οὒκ
391 973 616 1044 ᾔδεισαν
648 973 698 1025 οἱ
757 971 1102 1042 Σαμαρεῖται
1158 969 1185 1022 ὃ
1227 968 1640 1040 προσεκύνουν;
1677 967 1848 1036 Τόπῳ

239 1060 653 1132 περικλείεσθαι
685 1061 935 1128 ἐνόμιζον
974 1059 1070 1113 τὸν
1128 1057 1288 1111 Θεόν.
1331 1057 1422 1110 Διὸ
1452 1056 1546 1111 καὶ
1591 1056 1848 1126 πέμψαν-

239 1173 348 1219 τες,
392 1156 481 1208 ὅτε
520 1155 625 1208 ὑπὸ
649 1153 755 1208 τῶν
787 1153 1020 1206 λεόντων
1061 1150 1598 1221 κατεδιϐρὼσκοντο,
1628 1149 1704 1213 ὡς
1736 1149 1849 1203 ἄνω

239 1251 484 1319 εἴρηται,
521 1247 871 1319 ἀπήγγειλαν
905 1247 983 1315 τῷ
1017 1246 1233 1317 βασιλεῖ
1265 1245 1376 1299 τῶν
1399 1245 1732 1314 Ἀσσυρίων,
1767 1244 1848 1296 ὅτι

240 1344 266 1395 ὁ
290 1341 382 1394 τοῦ
417 1340 588 1394 τόπου
611 1340 744 1404 Θεὸς
778 1338 976 1402 αὐτοὺς
1012 1338 1074 1390 οὐ
1111 1338 1508 1408 παραδέχεται.
1548 1335 1744 1389 Ἔνθεν
1767 1352 1849 1388 τοι

241 1433 333 1486 καὶ
360 1432 586 1502 ἔμειναν
623 1431 750 1502 ἄχρι
802 1431 1001 1484 πολλοῦ
1036 1432 1130 1484 καὶ
1165 1431 1366 1485 εἴδωλα
1419 1431 1850 1502 θεραπεύοντες,

241 1524 333 1576 καὶ
360 1524 463 1576 οὑκ
494 1523 657 1576 αὑτὸν
682 1522 737 1574 δὲ
772 1523 862 1575 τὸν
891 1521 1046 1577 Θεόν.
1086 1521 1332 1575 Ἰουδαῖοι
1359 1521 1418 1574 δὲ
1471 1520 1677 1590 ταύτης
1709 1514 1852 1590 ἦσαν

240 1617 657 1688 ἀπηλλαγμένοι
697 1617 796 1687 τῆς
830 1616 1110 1679 ὑπονοίας,
1148 1612 1245 1668 καὶ⁸
1278 1614 1414 1668 Θεὸν
1447 1613 1558 1666 τῶν
1589 1613 1849 1667 ἁπάντων

241 1712 402 1764 αὑτὸν
449 1711 694 1781 ᾔδεισαν,
739 1711 900 1763 είκαὶ
942 1709 1019 1779 μὴ
1063 1709 1285 1772 πάντες.
1326 1726 1344 1760 t
1377 1708 1502 1761 Ὀτι
1533 1708 1566 1776 ἡ
1599 1707 1847 1778 σωτηρία

240 1807 302 1858 ὲκ
330 1804 439 1859 τῶν
471 1803 744 1856 Ἰουδαίων
771 1802 910 1857 ἐστί.
942 1825 958 1854 ι
984 1802 1191 1872 Διπλῆν
1215 1803 1425 1856 ἔννοιαν
1443 1803 1604 1854 τοῦτο
1628 1801 1850 1855 δίδωσιν

950 396 1402 459 ENARRATIO
1438 395 1521 457 ΙΝ
1561 387 2075 454 EVANGEIJUM
2117 383 2469 450 JOANNIS.
2515 407 2585 417 -
2615 379 2776 441 CAP.
2822 377 2919 471 IV,

706 509 808 562 οὐκ
869 507 1048 560 οίδατε
1074 523 1086 536 ·
1117 508 1281 577 ἡμεῖς
1308 504 1365 559 δὲ
1390 505 1440 558 οῑ
1494 503 1765 566 Ἰουδαῖοι,
1809 500 1839 554 δ

1963 499 2074 554 Ιωίε
2127 503 2490 556 annumerat,
2547 507 2613 547 eo
2659 491 2808 561 quod
2857 489 3010 559 juxta
3065 485 3378 554 opinionem
3443 502 3562 539 mu-

3421 368 3562 432 12⁸³8

1953 592 2103 646 lieris
2149 590 2406 660 loquitur.
2472 585 2566 639 llla
2638 575 2787 638 enim
2833 581 3217 649 suspicabatur
3275 576 3563 632 Iudaicum

1954 685 2273 755 prophetam
2321 693 2468 744 esse,
2496 687 2553 734 et
2603 686 2890 746 pr0pterea
2931 672 3065 727 dicit
3099 689 3111 724 :
3154 688 3172 721 ι
3210 668 3321 724 Nos
3367 669 3566 721 adora-

1955 791 2098 831 mus.
2142 795 2162 828 ι
2223 772 2508 840 Quomodo
2572 779 2758 824 autem
2819 766 3176 821 nesciverunt
3224 759 3564 817 Samaritani

1951 871 2095 938 quod
2138 859 2656 922 adorarunt?Loco
2714 859 2985 931 putabant
3035 856 3289 913 concludi
3338 855 3510 910 Deum
3550 872 3562 903 :

1950 962 2074 1017 ideo
2098 971 2154 1017 et
2190 976 2312 1016 cum
2346 959 2648 1021 misissent,
2686 955 2912 1025 quando
2940 968 2971 1008 a
3026 949 3281 1006 leonibus
3332 947 3566 1004 devora-

1953 1057 2176 1121 bantur,
2212 1063 2270 1109 ut
2292 1068 2458 1124 supra
2491 1053 2696 1108 dictum
2727 1048 2890 1121 557
2922 1057 3029 1115 est,
3062 1056 3117 1101 et
3147 1042 3568 1098 annuntiasseut

1953 1151 2066 1221 regi
2107 1150 2464 1220 Assyriorum
2500 1161 2558 1202 sc
2582 1161 2610 1200 a
2646 1145 2755 1200 Deo
2786 1145 2886 1198 loci
2922 1158 3025 1196 non
3043 1139 3244 1209 suscipi
3271 1157 3284 1190 :
3308 1138 3377 1192 ibi
3412 1151 3568 1189 man-

1953 1251 2144 1298 serunt
2214 1241 2385 1296 multo
2448 1249 2714 1307 tempore,
2756 1246 2806 1290 et
2841 1236 3127 1292 coluerunt
3183 1232 3346 1295 idola,
3377 1239 3428 1284 et
3459 1244 3564 1282 non

1956 1339 2139 1407 ipsum
2193 1348 2413 1404 quoque
2460 1348 2649 1390 verum
2683 1331 2878 1386 Deum.
2913 1329 3088 1385 Judaei
3128 1335 3308 1382 autem
3359 1326 3427 1380 ah
3465 1324 3568 1378 hoc

1955 1445 2146 1484 errore
2174 1429 2330 1482 liberi
2368 1427 2613 1492 fuerunt,
2641 1435 2698 1480 et
2724 1425 3005 1481 sciverunt
3038 1436 3164 1477 esse
3201 1434 3368 1474 unum
3395 1419 3567 1472 Deum

1955 1524 2227 1588 omnium,
2264 1523 2483 1578 tametsi
2544 1537 2648 1575 non
2706 1534 2918 1574 omnes.
2954 1538 2973 1569 ι
3016 1516 3152 1583 Quia
3181 1515 3328 1570 salus
3363 1528 3428 1567 ex
3466 1510 3567 1566 Ju-

1955 1617 2086 1672 dtcis
2133 1625 2238 1671 est.
2284 1633 2302 1667 ι
2360 1613 2639 1679 Duplicem
2687 1626 2909 1667 sensum
2980 1611 3084 1665 hoc
3123 1606 3280 1661 nobis
3326 1605 3438 1658 dat.
3475 1603 3568 1658 \‘cl

1955 1712 2100 1766 enim
2137 1710 2283 1781 quod
2329 1708 2450 1764 orbi
2488 1725 2552 1763 ex
2581 1707 2784 1763 Judaeis
2821 1707 2964 1761 bona
2990 1701 3343 1774 provenerint
3377 1715 3390 1751 :
3425 1701 3571 1754 scire

1955 1805 2102 1859 enim
2156 1803 2348 1871 Deum,
2380 1812 2435 1857 et
2484 1809 2842 1856 contemnere
2903 1798 3068 1864 idola,
3099 1795 3226 1850 inde
3277 1794 3567 1850 exordium

241 1898 395 1966 ἡμῖν.
420 1897 490 1947 Ἦ
526 1894 632 1965 γὰρ
673 1896 759 1949 ὅτι
803 1897 870 1966 τῇ
929 1897 1230 1966 οἰκουμένῃ
1271 1895 1340 1948 τὰ
1377 1893 1562 1962 ἀγαθὰ
1619 1893 1684 1947 ἐκ
1738 1892 1850 1946 τῶν

1963 1897 2230 1961 habuere,
2268 1895 2486 1966 aliaque
2515 1895 2702 1950 omnia
2731 1908 2863 1948 sana
2892 1893 3149 1963 dogmata
3185 1908 3197 1943 :
3233 1889 3398 1943 etiam
3451 1888 3566 1956 ipsa

254 1989 530 2043 Ἰουδαίων
577 1988 771 2056 γέγονε
827 1989 909 2057 (τὸ
948 1990 1060 2059 γὰρ
1118 1989 1320 2041 εἰδέναι
1352 1987 1509 2050 Θεὸν,
1538 1991 1633 2040 καὶ
1675 2004 1849 2041 κατα-

241 2079 536 2148 γινώσκειν
561 2080 818 2143 εἰδώλων,
854 2080 1068 2133 ἐκεῖθεν
1098 2079 1197 2152 τὴν
1250 2079 1427 2150 ἀρχὴν
1455 2080 1604 2150 ἔσχε,
1630 2080 1725 2132 καὶ
1782 2079 1850 2132 τὰ

239 2171 376 2226 ἄλλα
409 2173 589 2226 πάντα
626 2173 898 2244 δόγματα,
925 2174 1024 2226 καὶ
1052 2174 1184 2226 αὐτὸ
1212 2173 1268 2226 δὲ
1285 2172 1445 2225 τοῦτο
1475 2172 1652 2242 τὸτῆς
1681 2189 1853 2244 προσ-

243 2267 523 2335 κυνήσεως
554 2266 686 2336 παρ’
717 2267 858 2337 ἡμῖν
885 2266 960 2337 ((1)
990 2267 1102 2329 τοῖς
1136 2261 1535 2335 Σαμαρείταις,
1559 2267 1614 2318 εί-
1639 2267 1735 2319 καὶ
1774 2267 1850 2338 μὴ

241 2357 441 2426 ὀρθῶς,
472 2359 580 2411 ἀπὸ
614 2359 744 2428 γοῦν
773 2359 878 2412 τῶν
913 2358 1188 2412 Ἰουδαίων
1241 2360 1342 2429 τὴν
1399 2359 1576 2428 ἀρχὴν
1638 2361 1845 2431 ἒσχεν)’

1957 1991 2231 2055 adoratio,
2266 2005 2386 2061 qua:
2443 1991 2586 2060 apud
2621 2004 2717 2043 vos
2747 1987 3150 2048 Samaritanos,
3178 1983 3401 2040 tametsi
3458 1996 3566 2034 non

1957 2094 2106 2138 recta
2135 2083 2321 2146 fuerit,
2357 2083 2613 2137 aJudmis
2651 2081 2922 2150 originem
2981 2078 3135 2132 duxit
3174 2096 3187 2131 :
3224 2075 3304 2131 vel
3333 2073 3567 2130 salutem

1961 2176 2211 2231 nominat
2266 2191 2423 2230 suum
2474 2177 2791 2241 adventum,
2832 2172 2922 2243 qui
2962 2186 3028 2226 ex
3075 2170 3274 2225 Iudaeis
3317 2168 3438 2222 fuit.
3470 2165 3571 2221 Po-

1958 2279 2064 2326 test
2097 2280 2278 2326 aulem
2324 2282 2378 2325 et
2417 2270 2680 2324 Dominus
2703 2269 2819 2339 ipse
2856 2265 2966 2321 dici
2997 2265 3166 2330 salus,
3195 2263 3321 2333 quia
3368 2277 3434 2318 ex
3467 2258 3567 2315 Ju-

1962 2361 2094 2415 dads
2131 2361 2231 2415 fuit
2260 2362 2561 2414 secundum
2593 2375 2844 2414 carnem.

243 2455 276 2530 ἢ
310 2455 584 2524 σωτηρίαν
615 2456 713 2526 τὴν
754 2455 960 2508 οἰκείαν
995 2455 1304 2524 παρουσίαν
1330 2454 1615 2524 ὀνομάζει,
1651 2455 1774 2525 ἥτις
1816 2457 1881 2508 ὲκ
1921 2455 2032 2509 τῶν
2083 2457 2358 2509 Ἰουδαίων
2414 2456 2663 2525 γέγονεν.
2697 2456 2856 2508 Ἔστι
2887 2454 2944 2508 δὲ
2976 2453 3070 2508 καὶ
3104 2452 3269 2506 αὐτὸν
3325 2451 3418 2505 τὸν
3457 2448 3572 2504 Κύ-

245 2568 364 2623 ριον
395 2549 672 2620 σωτηρίαν
720 2548 934 2618 νοῆσαι,
969 2547 1026 2608 ὃς
1058 2547 1277 2616 ἐγένετο
1325 2548 1389 2601 ὲκ
1417 2546 1530 2600 τῶν
1572 2548 1850 2602 Ἰουδαίων
1887 2549 1948 2601 τὸ
1981 2549 2124 2603 κατὰ
2157 2551 2361 2620 σάρκα.

321 2660 341 2692 ‹
397 2641 534 2696 Ἀλλ’
561 2640 785 2711 ἔρχεται
813 2637 956 2710 ὥρα,
995 2640 1092 2692 καὶ
1144 2637 1241 2692 νῦν
1286 2637 1458 2704 ἐστιν,
1489 2638 1580 2691 ὅτε
1604 2640 1654 2692 oi
1706 2638 1842 2709 ἀλη-

245 2734 386 2787 θινοὶ
451 2730 834 2802 προσκυνηταὶ
896 2731 1349 2803 προσκυνήσουσι
1412 2729 1491 2800 τῷ
1557 2731 1732 2801 Πατρὶ
1788 2732 1846 2783 ἐν

242 2828 520 2897 πνεύματι
554 2828 647 2880 καὶ
674 2826 940 2898 ἀληθεία·
975 2828 1071 2881 καὶ
1097 2827 1204 2898 γὰρ
1265 2828 1291 2880 ὁ
1327 2825 1517 2896 Πατὴρ
1565 2827 1847 2890 τοιούτους

243 2923 402 2993 ζητεῖ
428 2923 553 2984 τοὺς
614 2922 1066 2991 προσκυνοῦντας
1117 2922 1302 2976 αὐτόν.
1337 2920 1564 2991 Πνεῦμα
1620 2921 1648 2974 ὁ
1691 2920 1846 2986 Θεὸς,

245 3015 340 3068 καὶ
371 3015 497 3076 τοὺς
524 3013 966 3083 προσκυνοῦντας
998 3014 1184 3078 αὐτὸν,
1216 3014 1273 3066 ὲν
1294 3013 1568 3081 πνεύματι
1597 3010 1695 3063 καὶ
1722 3011 1855 3081 ἀλη-

249 3109 373 3178 θεία
405 3108 485 3159 δεῖ
517 3109 870 3176 προσκυνεῖν.
919 3126 937 3158 ι
973 3106 1035 3160 Εἰ
1069 3107 1163 3160 καὶ
1198 3106 1362 3159 πλέον
1391 3105 1549 3174 ὑμῶν
1601 3105 1711 3157 τῶν
1742 3105 1851 3156 Σα-

253 3200 536 3271 μαρειτῶν
569 3199 768 3270 ἔχομεν
819 3201 979 3270 ἡμεῖς
1022 3202 1071 3252 oi
1119 3202 1369 3254 Ἰουδαῖοι
1425 3201 1503 3271 τῷ
1538 3200 1725 3270 τρόπῳ
1753 3201 1852 3271 τῆς

249 3295 705 3362 προσκυνήσεως,
764 3293 900 3345 ἀλλα
961 3294 1056 3345 καὶ
1091 3294 1160 3346 τὰ
1215 3295 1322 3347 τῶν
1391 3295 1666 3349 Ἰουδαίων
1697 3294 1855 3357 τέλος

246 3388 362 3454 ἕξει
397 3386 594 3438 λοιπόν.
648 3386 724 3438 Οὐ
778 3387 888 3458 γὰρ
920 3388 988 3439 τὰ
1036 3388 1147 3440 τῶν
1205 3389 1389 3442 τόπων
1446 3389 1857 3460 ἁμειφθήσεται

253 3481 437 3546 μόνον,
472 3479 611 3532 αλλὰ
645 3480 740 3532 καὶ
773 3482 841 3533 τὰ
876 3481 971 3533 τοῦ
1035 3483 1242 3551 τρόπου
1300 3484 1396 3552 τῆς
1429 3483 1689 3554 λατρείας
1718 3500 1730 3513 ·
1762 3482 1858 3537 καὶ

247 3571 430 3624 ταῦτα
459 3571 554 3624 ἐπὶ
586 3571 781 3641 θύραις
813 3573 1106 3642 ἐφέστηκε,
1147 3576 1238 3626 καὶ
1264 3573 1359 3627 νῦν
1397 3575 1546 3629 ἔστιν
1575 3591 1586 3602 ⁸
1626 3576 1688 3627 ου
1721 3576 1854 3644 γὰρ,

248 3665 323 3727 ὡς
355 3664 424 3716 τε
465 3662 619 3733 παρὰ
675 3663 787 3716 τῶν
823 3665 1127 3734 προφητῶν
1181 3668 1475 3736 εἰρημένα,
1538 3669 1856 3738 παρ5.τασιν

251 3758 513 3826 χρονικην
541 3756 825 3825 λήψονται.
865 3758 1181 3826 Ἀληθινοὺς
1205 3759 1261 3810 δὲ
1287 3762 1673 3831 προσκυνητάς
1723 3780 1855 3831 φησι

249 3849 381 3912 τοὺς
435 3848 579 3902 κατὰ
615 3849 707 3903 τὸν
755 3849 922 3903 αὑτοῦ
972 3853 1138 3921 νόμον
1169 3852 1646 3922 πολιτευομένους,
1702 3855 1751 3906 οἳ
1794 3855 1856 3908 οῦ

250 3947 404 4013 τὶπῳ
458 3943 834 4013 περικλείουσι
886 3944 977 3998 τὸν
1029 3945 1186 4012 Θεδν,
1224 3946 1298 4008 ὡς
1334 3949 1382 3998 oi
1415 3948 1781 4018 Σαμαρεῖται,
1825 3949 1856 4019 ἢ

251 4037 484 4107 λατρεία
507 4035 907 4108 θεραπεύουσιν
943 4037 1106 4089 αὐτὸν
1133 4043 1451 4110 σωματικῇ,
1475 4041 1551 4104 ὡς
1587 4041 1856 4106 Ἰουδαῖοι,

251 4129 372 4183 ἀλλ’
430 4131 489 4181 ὲν
529 4127 806 4199 πνεύματι
848 4131 943 4183 καὶ
997 4131 1251 4202 ἀληθείᾳ,
1307 4133 1558 4186 τουτέστι
1611 4134 1700 4187 διὰ
1756 4134 1858 4202 τῆς

249 4220 454 4290 ψυχῆς,
495 4220 584 4274 διὰ
619 4222 720 4290 τῆς
748 4219 843 4273 τοῦ
879 4221 998 4283 vo’);
1035 4223 1436 4292 καθαρότητος.
1483 4225 1638 4278 Ἐπεὶ
1683 4226 1791 4298 γὰρ
1831 4230 1859 4279 ὁ

251 4315 388 4377 θεὸς
423 4313 644 4384 πνεῦμά
699 4317 840 4380 ἐστι,
880 4319 1164 4370 τουτέστιν
1205 4316 1524 4388 ἀσώματος,
1583 4320 1665 4372 δεῖ
1692 4320 1859 4374 αὑτὸν

256 4411 589 4478 προσκυνεῖν
645 4410 978 4480 ἀσωμάτως,
1016 4410 1043 4463 δ
1093 4411 1209 4464 ἔστι
1258 4412 1399 4465 κατὰ
1450 4412 1652 4483 ψυχήν.
1687 4413 1859 4466 Τοῦτο

254 4497 486 4583 γὰρπδια
509 4497 624 4564 τοῦ,
671 4518 686 4550 t
746 4502 802 4552 ἐν
834 4500 1133 4572 πνεύματι,
1173 4520 1190 4552 ι
1244 4502 1431 4572 δηλοῖ’
1477 4505 1570 4556 κα)⁸
1599 4506 1710 4572 γὰρ
1764 4503 1860 4556 καὶ

256 4589 505 4660 πνεῦμα,
569 4593 661 4644 καὶ
721 4593 1086 4664 ἁπώματονὴ
1148 4595 1319 4666 ψυχή.
1369 4594 1526 4649 Ἐπεὶ
1580 4596 1634 4649 δὲ
1672 4596 1852 4648 πολλοῖ

1973 4604 2174 4658 habent
2209 4602 2521 4665 scientiam,
2557 4601 2700 4656 sicut
2743 4601 2985 4654 haeretici
3029 4617 3042 4652 :

254 4679 479 4734 δοκοῦσι
515 4683 614 4750 μὲν
642 4683 806 4736 αὑτὸν
842 4688 1170 4754 προσκυνεῖν
1208 4686 1352 4739 κατὰ
1379 4687 1580 4759 ψυχὴν,
1629 4688 1731 4742 οὐκ
1764 4688 1862 4756 ὀρ-

253 4775 358 4846 θὴν
389 4775 446 4828 δὲ
486 4775 646 4840 δόξαν
690 4776 820 4847 περ)⁸
843 4778 1011 4830 αὑτοῦ
1055 4779 1298 4849 ἔχουσιν,
1348 4780 1424 4843 ὡς
1457 4780 1507 4832 οί
1566 4782 1858 4851 αἱρετικοὶ,

255 4868 345 4921 διὰ
371 4867 533 4921 τοῦτο
566 4868 877 4939 προσέθηκε
928 4871 1010 4923 τὸ.
1055 4891 1071 4922 ι
1141 4873 1199 4922 ὲν
1247 4871 1501 4942 ἀληθείᾳ.
1564 4891 1581 4924 ι
1622 4875 1712 4925 Δεῖ
1749 4873 1860 4944 γὰρ

262 4961 360 5014 καὶ
393 4961 534 5014 κατὰ
567 4961 694 5014 νοῦν
735 4964 1066 5032 προσκυνεῖν
1088 4963 1166 5033 τῷ
1194 4963 1337 5032 Θεῷ,
1367 4964 1505 5017 ἀλλὰ
1545 4966 1638 5018 καὶ
1678 4965 1855 5035 ἀληθῆ

256 5055 422 5123 δόξαν
449 5055 577 5125 περὶ
607 5055 773 5108 αὑτοῦ
800 5055 966 5125 ἔχειν.
994 5057 1148 5127 Τάχα
1173 5057 1228 5110 δέ
1258 5074 1340 5121 τις
1384 5059 1522 5130 ἐρεῖ,
1550 5059 1634 5111 ὅτι
1673 5060 1742 5113 τὰ
1764 5059 1859 5111 δύο

258 5155 357 5217 της
401 5149 526 5202 καθ’
557 5148 706 5218 ἡμᾶς
741 5149 1064 5218 φιλοσοφίας
1094 5148 1331 5204 ἐνταῦθα
1357 5153 1497 5223 μέρη
1534 5153 1855 5220 αἰνίττεται,

256 5243 462 5314 πρᾶξιν
487 5242 634 5311 λέγω
663 5244 759 5297 καὶ
799 5243 1055 5315 θεωρίαν,
1108 5245 1194 5297 διὰ
1225 5245 1334 5297 τῶν
1375 5246 1469 5299 δύο
1496 5246 1701 5299 τούτων
1725 5263 1736 5276 ο
1770 5246 1859 5299 διὰ

259 5338 366 5406 μὲν
400 5335 518 5400 τοῦ,
559 5354 577 5387 t
619 5338 676 5388 ὲν
708 5338 1004 5406 πνεύματι,
1037 5338 1132 5392 ιτὸ
1157 5339 1484 5410 πρακτικόν.
1528 5338 1718 5393 «Ὅσοι
1750 5341 1859 5409 γὰρ

255 5427 537 5498 πνευτυατι
567 5429 704 5482 Θεοῦ
761 5431 1007 5499 ἄγονται,
1043 5433 1137 5495 τὰς
1171 5432 1402 5504 πράξεις
1453 5431 1548 5485 τοῦ
1605 5431 1860 5502 σώματος

256 5521 610 5582 θανατοῦσι.»
647 5524 790 5576 κατὰ
827 5523 918 5577 τὸν
940 5523 1084 5578 θεῖον
1128 5525 1460 5578 ’Λπόστολον
1483 5540 1499 5557 ο
1532 5528 1626 5579 καὶ
1667 5526 1855 5582 πάλιν·

263 5633 286 5670 ο
337 5617 403 5669 Ἢ
436 5615 595 5686 σὰρξ,
655 5616 915 5688 ἐπιθυμεῖ
959 5620 1105 5672 κατὰ
1163 5620 1257 5673 τοῦ
1302 5620 1656 5690 πνεύματος·
1691 5621 1751 5674 τὸ
1803 5621 1859 5674 δὲ

900 5787 914 5806 ⁸
954 5780 1071 5834 Gul.
1107 5797 1154 5836 γ,
1196 5779 1276 5834 17.

333 5898 410 5968 (η)
459 5897 618 5969 Ἡμῖν
644 5913 744 5969 pro
779 5899 929 5970 ὑμῖν.

332 5774 351 5806 ³
389 5775 546 5829 Ιιιιιιι.
581 5792 698 5844 vm,
732 5778 815 5833 Η.

2027 2640 2313 2706 Vens.‘25,
2369 2641 2464 2698 ‘24.
2503 2659 2521 2694 ι
2589 2642 2698 2696 Sed
2747 2640 2897 2695 venit
2965 2641 3121 2708 hora,
3165 2649 3219 2695 et
3269 2654 3413 2694 nunc
3462 2648 3567 2692 est,

1948 2735 2171 2802 quando
2203 2735 2315 2788 veri
2342 2736 2668 2787 adoratores
2694 2730 3243 2785 adorabuntPatrem
3277 2731 3328 2783 in
3367 2729 3565 2798 spiritu

1951 2844 2016 2884 ac
2047 2830 2297 2884 veritate.
2338 2829 2473 2882 Nam
2500 2837 2554 2883 et
2605 2827 2766 2882 Pater
2813 2825 2951 2881 tales
2980 2827 3176 2894 quterit
3206 2825 3299 2894 qui
3338 2825 3571 2879 adorent

1955 2922 2155 2991 ipsum.
2189 2919 2428 2990 Spiritus
2485 2930 2568 2975 est
2621 2918 2787 2984 Dens,
2817 2929 2874 2974 et
2907 2935 3001 2974 eos
3028 2919 3120 2988 qui
3154 2920 3386 2972 adorant
3421 2931 3573 2979 eum,

1962 3015 2016 3068 in
2047 3015 2241 3084 spiritu
2303 3029 2368 3070 ac
2405 3015 2640 3069 veritate
2704 3021 2924 3083 oportet
2960 3012 3214 3065 adorare.
3252 3031 3269 3062 ι
3312 3009 3578 3077 Quamvis

1969 3123 2068 3163 nos
2097 3107 2293 3174 Judu‘i,
2328 3117 2592 3178 quantum
2625 3110 2691 3162 ad
2719 3107 2942 3160 modum
2988 3105 3326 3159 adoratiouis
3356 3103 3571 3163 attinet,

1965 3201 2087 3270 plus
2124 3200 2426 3255 habeamus
2479 3216 2643 3270 quam
2702 3215 2800 3255 vos
2832 3199 3190 3262 Samaritani,
3244 3207 3481 3250 attamen
3521 3208 3578 3250 et

1966 3312 2052 3353 res
2081 3295 2394 3350 Judteorttm
2433 3309 2576 3349 nunc
2605 3295 2767 3349 liuent
2802 3293 3070 3349 habitura:
3105 3301 3253 3348 sunt.
3294 3292 3409 3345 Non
3431 3293 3576 3345 enim

1963 3393 2018 3446 in
2059 3392 2194 3448 solis
2232 3391 2365 3447 locis
2395 3394 2625 3445 mutatio
2657 3392 2787 3454 erit,
2821 3390 2915 3446 s'etl
2941 3399 2993 3444 ct
3029 3389 3222 3444 modus
3255 3389 3465 3443 colendi
3495 3386 3576 3440 ul-

1965 3488 2232 3541 lerabitur
2266 3505 2279 3541 :
2311 3496 2364 3541 et
2389 3487 2504 3541 ιιωο
2537 3487 2591 3540 in
2627 3484 2834 3540 foribus
2870 3492 3017 3549 sunt,
3048 3493 3102 3537 et
3137 3499 3281 3536 nunc
3309 3492 3390 3535 est
3419 3483 3575 3533 hora.

1965 3580 2083 3634 Non
2116 3579 2259 3634 enim
2296 3580 2440 3636 sicut
2469 3594 2530 3633 ea
2573 3593 2696 3649 quae
2745 3592 2777 3631 a
2813 3576 3094 3646 prophetis
3130 3577 3272 3631 dicta
3331 3576 3383 3629 in
3450 3575 3578 3627 lon-

1964 3686 2090 3741 gum
2127 3682 2338 3739 tempus
2391 3670 2740 3727 diﬂ'erentur.
2804 3667 2973 3723 Veros
3017 3676 3202 3723 autem
3257 3667 3578 3722 atloratores

1966 3763 2098 3817 dicit
2133 3777 2230 3817 eos
2289 3762 2382 3830 qui
2431 3763 2735 3818 secundum
2788 3759 2961 3829 ipsius
3015 3759 3189 3829 legem
3225 3758 3436 3822 vivunt,
3481 3759 3575 3828 qni

1966 3871 2072 3909 non
2115 3855 2235 3908 loco
2257 3853 2441 3923 aliquo
2471 3854 2756 3908 includttnt
2791 3851 2959 3907 Deum
3006 3852 3150 3906 sicut
3213 3849 3571 3914 Samaritani,

1968 3947 2048 4001 vel
2081 3948 2229 4001 cultu
2268 3946 2454 4000 colunt
2483 3944 2783 4016 corporali,
2819 3945 2961 3999 sicut
3000 3940 3173 3998 Judaei
3217 3942 3352 3998 :sed
3381 3943 3580 4011 spiritu

1964 4051 2020 4094 et
2089 4042 2339 4105 veritate,
2407 4041 2508 4095 hoc
2545 4049 2649 4100 est.
2701 4055 2799 4110 per
2845 4039 3106 4102 animam,
3140 4053 3237 4106 per
3284 4037 3580 4106 puritate-tn

1968 4134 2186 4189 tuentis.
2224 4134 2360 4200 Quia
2394 4134 2542 4188 enim
2574 4133 2717 4187 Deus
2741 4132 2967 4202 spiritus
2992 4139 3096 4198 est,
3128 4132 3233 4186 hoc
3267 4141 3356 4185 est
3393 4132 3581 4186 incor-

1969 4242 2190 4296 poreus,
2227 4236 2443 4296 oportet
2469 4227 2647 4297 ipsum
2695 4227 2927 4280 adorare
2954 4225 3401 4294 incorporaliter,
3429 4228 3579 4278 vide--

1966 4321 2094 4376 licct
2136 4321 2185 4374 in
2217 4320 2419 4374 auinta.
2452 4319 2568 4376 lloc
2603 4321 2750 4375 enim
2786 4318 3082 4388 signiﬁcat,
3111 4320 3162 4370 in
3197 4318 3416 4387 spiritu.
3448 4321 3576 4371 lite-

1969 4417 2078 4469 nim
2114 4416 2293 4469 anima
2318 4416 2543 4485 spiritus
2567 4424 2651 4469 est
2679 4415 3059 4483 incorporeus.
3096 4415 3366 4480 Quoniam
3400 4424 3581 4465 autent

1971 4509 2124 4562 mttlti
2161 4509 2414 4560 videntur
2439 4509 2671 4562 adorare
2698 4507 2748 4562 in
2781 4509 2987 4570 anima,
3021 4523 3127 4561 non
3161 4517 3344 4560 tamen
3375 4515 3580 4560 rectam

3089 4602 3212 4654 ideo
3257 4599 3488 4660 ttdtlitlil,
3529 4611 3582 4649 ct

1971 4696 2025 4748 in
2071 4696 2321 4748 veritate.
2359 4693 2588 4762 Oportet
2626 4691 2850 4745 enimet
2880 4698 3064 4746 mente
3106 4693 3340 4744 adorare
3385 4689 3578 4752 Deutn,

1969 4798 2023 4841 et
2051 4803 2242 4840 sanam
2279 4786 2594 4857 opinionem
2625 4785 2692 4840 de
2739 4786 2861 4855 ipso
2893 4783 3120 4837 habere.
3160 4780 3440 4837 Fortassis
3473 4799 3541 4833 au
3563 4812 3576 4821 -

1968 4889 2079 4935 tem
2113 4880 2386 4949 quispiam
2415 4878 2580 4944 dicet,
2616 4879 2759 4948 quod
2795 4877 2915 4931 dna:
2941 4886 3126 4945 partes
3156 4886 3358 4928 nostra:
3395 4873 3578 4943 philo—

1970 4973 2176 5042 sophia:
2203 4971 2289 5025 Itie
2315 4971 2686 5033 insinuentur,
2719 4970 2907 5037 praxis
2931 4968 3069 5028 dico
3094 4979 3150 5021 et
3182 4967 3580 5034 contemplatio

1971 5082 2068 5135 per
2107 5067 2213 5120 duo
2251 5065 2370 5119 ista.
2409 5061 2544 5118 Nam
2567 5078 2692 5118 cum
2729 5062 2883 5126 dicit,
2927 5062 3011 5115 «in
3057 5062 3307 5131 spiritu,»
3339 5061 3581 5130 practice

1973 5161 2221 5215 docetur.
2262 5178 2280 5211 ι
2317 5158 2646 5228 Quicunque
2676 5159 2823 5211 enim
2851 5157 3051 5226 spiritu
3079 5155 3173 5211 Dei
3212 5164 3447 5226 aguntur
3474 5154 3519 5218 ⁸,
3556 5173 3574 5205 ι

1972 5267 2140 5324 Opera
2182 5252 2428 5322 corporis
2459 5252 2795 5307 mortiﬁcant
2823 5250 3125 5306 secundum
3157 5248 3403 5303 divinum
3432 5246 3579 5315 Apo-

1973 5347 2195 5411 stolum,
2250 5346 2316 5402 Et
2357 5349 2552 5402 iterum
2601 5363 2614 5400 :
2668 5365 2684 5396 ι
2740 5347 2882 5399 Caro
2921 5343 3266 5415 concupiscit
3313 5341 3580 5396 adversus

1973 5440 2252 5507 spiritum,
2288 5440 2516 5512 spiritus
2550 5449 2732 5496 autem
2770 5451 2959 5494 contra
3009 5451 3232 5491 carnem
3264 5437 3303 5487 ⁵.
3338 5453 3357 5486 ι
3402 5433 3465 5488 Et
3505 5435 3578 5487 ita

1974 5533 2212 5600 prattiee
2275 5533 2582 5588 insinuatur
2628 5549 2721 5603 per
2768 5533 2870 5586 hoc
2921 5531 3067 5600 quod
3107 5529 3262 5593 dicit,
3308 5548 3325 5579 ι
3361 5525 3415 5580 in
3461 5527 3578 5594 spi—

1974 5628 2100 5681 ritu.
2146 5642 2162 5676 ι
2196 5623 2299 5681 Per
2330 5626 2431 5683 hoc
2466 5633 2648 5682 autem
2681 5625 2825 5694 quod
2856 5622 3057 5677 dicitur
3097 5640 3114 5672 ι
3167 5620 3218 5675 in
3261 5619 3511 5681 veritate,
3551 5636 3570 5669 ι
