4052 6552
243 387 380 450 12ίό

945 387 1398 450 ΕΝΑΙιΒΑΤιΟ
1444 388 1524 448 1N
1567 386 1845 450 EVANG]

1953 387 2076 449 ΗΜ
2120 384 2472 449 JOANNIS.
2513 412 2584 423 -
2613 387 2775 448 CAP.
2821 385 2914 447 IV.

3428 381 3568 446 12i6

241 506 487 569 δοθέντες
526 504 690 576 αὐτῇ,
729 505 837 558 ὀὲν
865 501 940 573 τῷ
966 503 1308 574 παραδείσῳ,
1362 506 1390 556 6
1425 503 1520 557 ἐπὶ
1560 502 1656 556 τοῦ
1692 503 1840 567 Νῶε,

1953 504 2136 572 itaque
2158 503 2402 572 quinque
2434 500 2652 572 legibus
2704 499 3003 570 conjuncta
3054 505 3250 552 natura
3276 504 3334 552 et
3356 505 3570 552 sextam

239 600 269 652 6
297 599 392 651 ἐπὶ
420 597 515 652 τοῦ
561 597 842 670 Ἀϐραὰμ,
872 596 900 648 6
939 595 1032 648 ἐπὶ
1071 595 1166 648 τοῦ
1215 594 1482 660 Μωσέως,
1518 597 1546 647 6
1587 593 1678 648 διὰ
1731 595 1841 648 τῶν

243 691 568 764 προφητῶν.
618 688 679 742 '0
707 688 835 742 Νῶε
870 688 980 760 γὰρ
1005 688 1146 760 μετὰ
1173 688 1265 740 τὸν
1294 686 1689 757 κατακλυσμὸν
1715 687 1841 741 δια-

241 786 415 855 ταγήν
440 798 568 836 τινα
585 780 830 849 ἐδέξατο,
864 783 960 835 καὶ
989 783 1018 834 6
1052 779 1310 851 ’Λδραὰμ
1341 779 1441 851 τὴν
1486 779 1590 848 τῆς
1618 795 1844 848 περιτο-

249 879 376 950 μῆς.
410 875 638 940 Τούτοις
694 875 790 930 οὖν
830 878 945 940 τοῖς
998 875 1163 928 πέντε
1212 875 1403 944 νόμοις
1454 873 1757 941 συζυγεῖσα
1805 875 1838 944 ἡ

244 970 430 1037 φύσις,
455 969 548 1021 καὶ
589 970 750 1024 ἕκτον
781 968 1128 1041 προσέλαϐεν
1185 967 1418 1040 ὕστερον
1449 967 1509 1021 ὃν
1550 969 1651 1021 οὐκ
1695 962 1843 1038 εἶχεν

241 1057 430 1128 ἄνδρα,
464 1043 588 1112 οὐδὲ
625 1057 902 1128 συνεζύγη
931 1058 1171 1123 οὐδέπω,
1209 1058 1302 1111 τὸν
1344 1061 1445 1131 τῆς
1473 1058 1684 1128 Καινῆς
1709 1061 1842 1112 Δια-

243 1147 439 1220 θήκης.
472 1150 705 1222 Νοήσειε
739 1150 785 1204 δ’
817 1151 882 1204 ἄν
906 1167 990 1214 τις
1037 1150 1198 1204 ἕκτον
1232 1151 1418 1221 νόμον,
1459 1150 1516 1204 δν
1547 1151 1717 1224 ἄνδρα
1740 1152 1844 1204 οὐκ

242 1237 390 1312 εἶχεν
419 1244 453 1314 ἡ
485 1243 672 1313 φύσις,
707 1243 798 1296 τὸν
848 1245 948 1314 τῆς
990 1243 1470 1315 είδωλολατρείας.
1499 1242 1705 1298 Τοῦτον
1731 1244 1842 1316 γὰρ

240 1334 308 1405 δὴ
341 1335 434 1388 τὸν
463 1337 629 1406 νόμον
662 1335 764 1390 ούκ
799 1333 950 1406 εἶχεν
983 1337 1047 1391 ὲκ
1077 1335 1214 1391 Θεοῦ
1247 1337 1471 1391 δοθέντα
1503 1339 1645 1411 αὐτῇ
1677 1339 1844 1404 σύζυ-

241 1446 360 1499 γον,
390 1430 506 1482 ἀλλ’
539 1430 615 1491 ὡς
661 1430 914 1502 μοιχαλὶς
957 1430 1221 1501 ἐμίγνυτο
1279 1430 1480 1503 τούτῳ.
1517 1434 1610 1486 At’)
1675 1434 1774 1486 καὶ
1812 1435 1842 1487 6

245 1523 534 1596 προφήτης
566 1524 725 1593 φησί’
759 1542 778 1577 ι
818 1524 927 1602 Καὶ
962 1525 1267 1596 ὲμοιχῶντο
1291 1527 1347 1579 ἐν
1375 1524 1453 1597 τῷ
1480 1525 1655 1598 ξύλῳο
1691 1545 1710 1579 ι
1746 1527 1843 1580 καὶ⁵

243 1617 426 1670 πάλινο
467 1635 486 1668 ι
543 1616 985 1688 Ἐξεπόρνευσαν
1015 1618 1196 1672 ὀπίσω
1227 1619 1433 1680 παντὸς
1466 1617 1650 1684 ξύλου,
1688 1637 1708 1669 ›
1749 1619 1840 1672 διὰ

254 1706 324 1759 τὰ
354 1706 572 1772 γλυπτά
604 1707 808 1778 δηλαδὴ
830 1709 924 1762 καὶ
957 1707 1242 1780 τὰξδένδρα
1268 1709 1304 1763 ἃ.
1329 1710 1558 1781 ἐτίμων.
1586 1710 1682 1773 El;
1707 1726 1839 1762 τοσ-

240 1797 526 1870 οῦτονγὰρ
581 1801 857 1869 ανοησίαςί
897 1801 1327 1872 ἐξετραχηλίσθη
1383 1801 1416 1872 ἡ
1468 1803 1656 1872 φύσις,
1691 1800 1836 1854 ὥστε

238 1888 334 1940 καὶ
361 1888 603 1960 δένδροις
630 1891 858 1961 ὡραίοις
897 1891 987 1946 διὰ
1017 1894 1078 1945 τὸ
1105 1881 1306 1955 κάλλος
1337 1890 1512 1953 θύειν,
1563 1892 1837 1962 κυπαρίσ-

240 1997 356 2045 σοις
412 1985 509 2038 καὶ
533 1984 847 2051 πλατάνοις,
877 1985 973 2038 καὶ
1002 1989 1117 2050 τοῖς
1149 1985 1437 2047 τοιούτοις.
1480 1985 1612 2038 Ὅτε
1655 1985 1837 2038 τοίνυν

239 2079 332 2130 τὸν
372 2078 532 2131 ἕκτον
562 2078 754 2131 τοῦτον
811 2078 1000 2147 μοιχὸν
1040 2081 1068 2132 6
1115 2078 1408 2149 ἄνθρωπος
1457 2078 1705 2148 ἔστερξε,
1744 2079 1839 2131 καὶ

236 2169 318 2231 sl;
341 2166 789 2238 εἰδωλολατρείας
815 2166 1176 2239 ὲξωλίσθησε,
1207 2169 1330 2222 τότε
1354 2171 1381 2221 6
1418 2169 1625 2240 Κύριος
1665 2169 1839 2222 ἐλθὼν

237 2260 578 2314 ἀπαλλάττει
606 2263 755 2331 ἡμᾶς
793 2263 1003 2334 ταύτης
1031 2280 1046 2294 ·
1079 2262 1162 2316 διὸ
1183 2263 1276 2316 καί
1307 2280 1474 2334 φησιν
1495 2279 1509 2292 ι
1540 2282 1558 2316 ι
1597 2265 1695 2316 Ὃν
1741 2263 1839 2316 νῦν

236 2352 403 2424 ἔχεις.
447 2376 464 2405 ο
501 2355 610 2406 Καὶ
634 2353 743 2424 γὰρ
778 2353 950 2416 ὅντως
976 2355 1120 2407 κατὰ
1153 2356 1282 2418 τοὺς
1309 2355 1410 2425 τῆς
1446 2353 1540 2407 τοῦ
1589 2355 1833 2424 Χριστοῦ

237 2448 547 2520 παρουσίας
569 2448 804 2519 χρόνους
827 2450 906 2513 είς
950 2449 1313 2520 Ἐλληνισμδν
1341 2451 1436 2502 καὶ
1474 2449 1751 2502 Ἰουδαίων
1787 2451 1837 2502 οῖ

240 2543 541 2610 σοφώτεροι
578 2541 969 2613 ἐξετράπησαν
996 2559 1008 2572 ⁸
1037 2546 1127 2596 καὶ
1157 2543 1308 2615 δηλοῖ
1328 2545 1360 2615 ἡ
1383 2543 1491 2596 τῶν
1521 2544 1840 2614 Φαρισαίων

237 2633 470 2702 αἵρεσις,
495 2633 811 2704 εἱμαρμένῃ
835 2636 928 2686 καὶ
947 2635 1277 2708 ἀστρολογίᾳ
1302 2638 1656 2692 πιστεύουσα.
1682 2640 1838 2692 Ἐστι

237 2727 298 2780 δὲ’
330 2728 663 2797 Σαμαρεῖτις
694 2729 789 2782 καὶ
827 2730 982 2783 πᾶσα
1037 2729 1184 2802 ψυχὴ
1215 2733 1246 2801 ἠ
1281 2736 1402 2796 ταῖς
1427 2733 1591 2786 πέντε
1637 2735 1836 2805 αίστή-

242 2834 392 2871 σεσιν
418 2819 634 2887 ἀλόγως
700 2821 1064 2890 ὑποζυγεῖσα,
1090 2819 1208 2876 εἶτα
1238 2825 1334 2879 καὶ
1355 2822 1453 2895 τὴν
1481 2827 1613 2897 περὶ
1643 2829 1708 2879 τὰ
1750 2826 1838 2880 δό-

240 2919 434 2980 γματα
460 2910 886 2983 σφαλερώτατα,
907 2907 1020 2966 οἷόν
1043 2931 1163 2967 τινα
1183 2913 1340 2968 ἕκτον
1377 2917 1566 2986 μοιχὸν
1601 2917 1842 2988 προσλα-

239 3003 467 3074 ϐομένη,
507 3003 576 3075 ἢν
627 3006 654 3058 6
691 3003 900 3073 Ἰησοῦς
952 3006 1265 3076 εὐεργετεῖ,
1322 3007 1445 3060 εῖτε
1503 3008 1589 3062 διὰ
1622 3009 1712 3062 τοῦ
1749 3009 1843 3081 βα-

242 3096 574 3165 πτίσματος,
600 3096 710 3150 εἴτε
738 3097 826 3150 διὰ
843 3097 942 3168 τῆς
962 3099 1150 3168 πηγῆς
1180 3098 1289 3152 τῶν
1325 3099 1601 3170 δακρύων.
1635 3103 1744 3156 Καὶ
1773 3104 1842 3156 τὰ

1953 597 2189 666 accepit,
2220 612 2385 668 quam
2431 603 2614 650 tamen
2667 611 2774 650 non
2819 592 3058 648 habebat
3087 603 3145 646 ut
3185 590 3390 646 virum.
3417 589 3572 645 Non-

1951 691 2078 746 dum
2108 690 2256 745 enim
2291 689 2666 761 conjungebat
2698 688 2807 745 sibi
2834 687 3010 758 legem
3035 685 3175 742 Novi
3201 685 3570 740 Testamenti.

1951 783 2294 838 lntellexerit
2324 781 2485 854 531
2532 791 2718 836 antem
2787 781 2912 849 quis
2951 794 3051 848 per
3101 785 3318 834 sextam
3368 777 3564 845 legem,

1948 889 2115 944 quam
2145 883 2201 926 ut
2223 871 2404 927 virum
2433 888 2542 927 non
2584 869 2824 926 habebat
2850 877 3070 934 natura,
3097 867 3275 946 legem
3333 864 3566 921 idolola-

1948 967 2089 1022 trite.
2117 965 2268 1021 Hanc
2297 965 2445 1022 enim
2491 965 2668 1035 legem
2729 979 2838 1018 non
2879 962 3122 1018 habebat
3167 977 3198 1016 a
3236 961 3345 1015 Deo
3380 959 3565 1015 datam

1951 1059 2055 1113 sibi
2087 1059 2406 1130 conjugem,
2437 1058 2534 1114 sed
2564 1059 2712 1114 velut
2748 1056 3068 1112 adulterum
3117 1055 3391 1126 iungebat
3435 1053 3565 1109 sibi.

1961 1148 2090 1207 ldeo
2122 1161 2176 1206 et
2210 1152 2479 1224 prapheta
2526 1151 2701 1212 dicit:
2742 1171 2760 1205 ι
2805 1151 2873 1207 Ει
2901 1152 3361 1205 adulterabantur
3395 1149 3470 1208 .in
3503 1149 3573 1202 li-

1947 1260 2055 1316 gno
2099 1247 2163 1300 “‘.
2197 1263 2216 1299 ι
2276 1245 2345 1301 Et
2398 1246 2620 1311 iterum,
2687 1265 2706 1299 ι
2774 1245 3058 1302 Fornicati
3116 1251 3242 1313 post
3289 1257 3452 1298 omne
3499 1243 3568 1296 li-

1949 1353 2115 1409 gnum
2154 1338 2221 1405 ¹⁶,
2278 1357 2296 1390 ι
2355 1349 2582 1409 prOptel‘
2623 1336 2898 1408 sculptilia
2969 1334 3186 1392 scilicet
3238 1342 3294 1389 et
3337 1334 3569 1388 arbores

1949 1446 2086 1502 quas
2111 1430 2392 1488 colebant.
2433 1430 2514 1485 Eo
2539 1432 2687 1486 enim
2736 1430 3029 1486 dementia:
3087 1437 3418 1499 pervenerat
3463 1441 3564 1478 na-

1949 1534 2094 1590 tura,
2134 1534 2194 1580 ut
2224 1533 2280 1580 et
2305 1525 2602 1581 arboribus
2654 1523 2903 1595 pulchris
2932 1533 3162 1593 propter
3194 1519 3567 1590 pulchritudi-

1949 1635 2071 1674 nem
2129 1618 2493 1681 sacrilicaret,
2549 1619 2853 1690 cyparissis
2886 1616 3163 1681 videlicet,
3210 1624 3266 1670 et
3307 1612 3562 1681 platanis.

1948 1724 2001 1769 ct
2036 1713 2333 1768 similibus.
2359 1713 2592 1779 Quando
2626 1712 2790 1781 igitur
2815 1718 3034 1765 sextum
3060 1709 3211 1762 illum
3251 1707 3564 1762 adulterum

1950 1805 2203 1858 homines
2230 1806 2563 1870 dilexerunt,
2618 1811 2674 1858 et
2715 1803 2767 1856 in
2812 1801 3183 1872 idololatriam
3219 1799 3564 1863 exciderunt,

1947 1906 2076 1952 tunc
2105 1896 2370 1952 Dominus
2401 1899 2629 1952 veniens
2673 1896 2925 1951 liberavit
2969 1911 3070 1949 nos
3123 1893 3194 1948 ab
3216 1909 3302 1948 ea.
3347 1891 3477 1946 ldeo
3509 1899 3566 1946 et

1947 1991 2098 2056 dicit,
2135 2007 2152 2041 ι
2194 1988 2366 2056 Quem
2395 2005 2541 2044 nunc
2579 1989 2771 2045 habes.
2810 2008 2828 2040 ι
2863 1986 2994 2041 Nam
3031 1985 3281 2054 profecto
3311 1995 3561 2055 tempore

1946 2081 2213 2136 adventus
2243 2082 2372 2135 Jesu
2412 2080 2646 2146 Christi,
2695 2081 2862 2135 etiam
2899 2077 3219 2134 Judmorum
3259 2077 3568 2146 sapientio-

1946 2187 2037 2236 res
2067 2175 2119 2228 iu
2160 2173 2449 2243 gentilium
2479 2189 2727 2228 errorem
2767 2173 3100 2227 inciderant.
3135 2171 3200 2226 Et
3231 2169 3563 2225 manifesta-

1949 2249 2022 2318 vit
2055 2267 2159 2321 hoc
2211 2265 2618 2321 Pharisaeorum
2661 2265 2911 2331 haeresis,
2949 2282 3072 2336 quae
3094 2263 3209 2320 fato
3241 2273 3296 2318 et
3326 2264 3564 2319 astrolo-

1946 2361 2048 2429 gia:
2079 2361 2365 2414 credebat.
2391 2359 2490 2414 Est
2520 2367 2576 2413 et
2609 2358 2966 2414 Samaritana
2993 2357 3177 2412 omnis
3199 2358 3408 2419 anima,
3443 2371 3566 2426 qua:

1945 2454 2200 2508 sensibus
2225 2454 2472 2523 quinque
2503 2454 2887 2522 imprudenter
2926 2451 3175 2521 subjecta
3219 2461 3322 2514 est,
3368 2451 3566 2506 deinde

1947 2545 2316 2615 periculosam
2369 2546 2678 2600 det-trinam
2738 2544 2906 2600 veluti
2979 2554 3198 2598 Sextum
3272 2543 3564 2612 quemdam

1945 2638 2255 2693 adulterum
2293 2641 2546 2708 suscipit,
2576 2641 2661 2694 cui
2693 2638 2854 2694 Iesus
2884 2638 3183 2704 bettel'acit,
3210 2637 3292 2690 vel
3339 2653 3435 2706 per
3463 2638 3566 2689 ba.

1947 2735 2232 2801 ptismum,
2269 2735 2347 2787 vel
2381 2749 2478 2803 per
2512 2733 2715 2789 fontem
2766 2734 3158 2806 lacrymarum.
3201 2731 3336 2784 Nam
3381 2740 3435 2784 ct
3485 2731 3567 2784 la-

1944 2841 2145 2896 cryma:
2181 2825 2303 2881 fons
2333 2825 2504 2882 Jacob
2537 2827 2817 2892 dicuntur,
2852 2836 3036 2881 mente
3082 2824 3269 2879 nostra
3297 2823 3569 2893 supplan-

1948 2924 2096 2969 taute
2129 2916 2396 2971 malitiam
2431 2931 2538 2970 :ex
2565 2933 2672 2987 qua
2706 2933 2846 2987 aqua
2891 2927 2945 2970 et
2979 2918 3093 2984 ipsa
3128 2931 3285 2969 mens
3321 2913 3481 2977 bibit,
3514 2923 3573 2968 et

1947 3009 2310 3080 cogitationes
2335 3012 2480 3082 eius,
2507 3027 2632 3082 qua:
2656 3011 2751 3066 lilii
2802 3013 3084 3076 dicuntur,
3119 3021 3174 3066 et
3208 3025 3432 3080 pecora,
3468 3025 3568 3062 ceu

1949 3103 2304 3160 irrationalos
2362 3117 2546 3177 partes
2586 3108 2807 3172 animm,
2864 3108 2945 3161 ira
2990 3117 3046 3161 et
3088 3105 3566 3174 concupiscentia.

239 3184 578 3256 δάκρυαγαρ
606 3186 787 3258 φρέαρ
813 3186 909 3239 τοῦ
956 3187 1158 3240 Ἰακὼὸ
1186 3189 1253 3242 ἂν
1285 3188 1552 3270 λεχθεῖεν,
1576 3190 1670 3243 τοῦ
1697 3193 1835 3261 ἠμε-

1953 3198 2229 3270 Lacrymre
2262 3200 2412 3255 enim
2442 3202 2609 3256 menti
2661 3209 2717 3256 et
2769 3202 3199 3272 cogitationibus
3242 3210 3294 3254 et
3333 3200 3568 3270 reliquis

239 3273 399 3341 τέρου
457 3273 570 3340 νοῦ,
622 3274 718 3329 τοῦ
759 3277 1149 3346 πτερνίζοντος
1193 3279 1294 3349 τὴν
1345 3281 1568 3335 κακίαν.
1635 3283 1727 3349 Ἐξ
1774 3277 1836 3338 οὗ

1953 3291 2006 3344 in
2043 3291 2393 3362 refrigerium
2434 3293 2591 3348 liunt.

241 3366 434 3430 ὕδατος
465 3368 630 3432 αὑτός
656 3386 717 3422 τε
749 3369 777 3422 6
819 3369 944 3433 νοῦς
979 3371 1147 3434 πίνει,
1198 3372 1292 3424 καὶ
1321 3373 1370 3425 οί
1418 3374 1526 3426 υἱοὶ
1591 3375 1760 3431 αὑτοῦ
1826 3379 1876 3432 οἱ
1918 3381 2196 3452 λογισμοὶ,
2233 3385 2328 3438 καὶ
2376 3384 2447 3438 τὰ
2511 3384 2816 3455 θρέμματα
2849 3383 3045 3446 αὑτοῦ,
3091 3385 3160 3438 τὰ
3211 3383 3386 3454 ἄλογα
3425 3387 3576 3456 μέρη

238 3464 337 3533 τῆς
370 3461 574 3532 ψυχῆς,
604 3461 778 3532 Θυμὺς
816 3465 911 3516 καὶ
937 3462 1241 3535 ἐπιθυμίαο
1275 3465 1343 3521 τὰ
1378 3465 1489 3538 γὰρ
1514 3466 1729 3541 δάκρυα
1764 3471 1841 3542 τῷ
1883 3472 1959 3540 νῷ
2027 3476 2122 3529 καὶ
2197 3481 2310 3542 τοῖς
2347 3477 2636 3548 λογισμοῖς
2692 3479 2787 3531 καὶ
2839 3480 2957 3540 τοῖς
2986 3479 3200 3542 λοιποῖς
3239 3479 3320 3542 εἰς
3345 3478 3566 3551 ἀναψυ-

239 3558 342 3631 χὴν
367 3559 630 3628 γίνονται.

315 3676 333 3708 ι
388 3655 476 3710 Ἐν
503 3657 560 3710 δὲ
587 3650 664 3728 τῷ
697 3658 903 3729 μεταξὺ
937 3659 1167 3731 ἠρώτων
1197 3659 1363 3712 αύτδν
1390 3661 1438 3713 οἱ
1474 3662 1721 3732 μαθηταὶ
1750 3666 1844 3718 αὖ-

239 3749 368 3817 τοῦ,
415 3749 707 3820 λέγοντες·
749 3751 1004 3820 Ῥαδδεὶ,
1040 3755 1206 3822 φάγε.
1260 3754 1372 3806 Καὶ
1415 3753 1571 3808 εἶπεν
1625 3759 1843 3824 αὐτοῖς·

254 3841 396 3912 Ἐγὼ
445 3842 652 3915 βρῶσιν
703 3844 814 3916 ἔχω
870 3849 1096 3914 φαγεῖν,
1142 3847 1208 3918 ἢν
1265 3847 1423 3917 ὑμεῖς
1475 3849 1578 3903 οὐκ
1641 3851 1843 3906 οἴδατε.

243 3937 476 4007 Ἔλεγον
496 3933 590 3991 οὖν
617 3939 668 3991 ol
701 3939 949 4008 μαθηταὶ
985 3938 1120 4010 πρδς
1145 3939 1410 4010 ἀλλήλους
1429 3958 1442 3972 ο
1469 3942 1650 4012 Μῆτις
1687 3945 1849 4014 ἥνεγ-

241 4048 340 4086 κεν
379 4031 531 4102 αὐτῷ
591 4035 826 4101 φαγεῖνς
881 4033 1046 4100 Λέγει
1081 4034 1264 4096 αὐτοῖς
1306 4036 1334 4085 ὁ
1379 4035 1590 4103 Ἰησοῦς
1618 4054 1631 4068 ·
1682 4038 1847 4106 Ἐμὸν

241 4124 445 4198 βρῶμά
473 4127 643 4191 ἔστιν,
677 4125 766 4178 ἵνα
798 4125 938 4178 ποιῶ
964 4125 1024 4178 τὸ
1056 4125 1271 4197 θέλημα
1303 4125 1397 4179 τοῦ
1423 4127 1744 4197 πέμψαντός
1778 4147 1846 4199 με

241 4220 338 4273 καὶ
361 4215 639 4270 τελειώσω
673 4216 840 4270 αὑτοῦ
863 4220 924 4271 τὸ
955 4219 1135 4290 ἔργον.
1172 4239 1189 4271 ι
1237 4220 1499 4290 ’Πρώτων
1519 4223 1570 4274 οἱ
1603 4222 1851 4292 μαθηταὶ

239 4310 333 4364 τον
356 4308 587 4381 Κύριον,
620 4310 745 4364 ἀντὶ
775 4309 893 4376 τοῦ,
929 4312 1299 4381 παρεκάλουν,
1335 4311 1478 4367 ὥστε
1507 4317 1726 4383 φαγεῖν,
1750 4317 1853 4370 οὐκ

237 4407 310 4460 ἐκ
342 4403 655 4476 προπετοῦς
685 4405 935 4474 γνώμης,
973 4405 1091 4458 ἀλλ’
1126 4407 1190 4458 ὲκ
1217 4406 1424 4475 πολλῆς
1460 4409 1852 4479 φιλοστοργίας

240 4499 349 4570 τῆς
395 4497 532 4571 πρὸς
566 4498 661 4552 τὸν
706 4497 1070 4552 διδάσκαλον·
1107 4500 1204 4552 καὶ
1254 4501 1364 4572 γὰρ
1419 4502 1650 4556 ἔϐλεπον
1687 4505 1854 4558 αὑτὸν

2025 3668 2196 3724 Vsus.
2240 3669 2431 3725 {il-'56.
2478 3686 2496 3721 ι
2554 3667 2768 3723 Interea
2825 3667 3094 3736 rogabant
3142 3683 3267 3720 eum
3316 3667 3571 3736 discipuli

1948 3761 2197 3817 dicentes
2254 3779 2268 3815 :
2329 3761 2544 3825 Rabbi,
2581 3761 2827 3815 comede.
2869 3760 2961 3814 Ille
3003 3769 3187 3814 autem
3233 3760 3374 3813 dixit
3427 3761 3508 3813 eis
3557 3779 3571 3814 :

1947 3854 2061 3924 Ego
2096 3857 2277 3910 cibum
2313 3854 2488 3909 habeo
2525 3854 2952 3918 comedendum,
2987 3869 3148 3920 quem
3183 3870 3279 3907 vos
3317 3855 3572 3910 nescitis.

1949 3928 2216 4001 Dicebant
2249 3961 2382 4016 ergo
2429 3943 2683 4014 discipuli
2735 3944 2882 3998 inter
2911 3957 2970 3997 se
3001 3962 3012 3996 :
3045 3943 3189 3995 Num
3225 3944 3349 4010 quis
3386 3942 3576 4000 attulit

1946 4040 1994 4096 ei
2038 4040 2182 4109 quod
2213 4039 2439 4093 ederet?
2479 4039 2617 4092 Dicit
2646 4038 2696 4092 ei
2739 4035 2942 4091 Jesns:
2985 4035 3138 4091 Meus
3179 4035 3336 4090 cibus
3369 4045 3476 4099 est,
3515 4044 3576 4090 ut

1948 4134 2144 4188 faciam
2180 4134 2321 4201 quod
2356 4133 2470 4187 vult
2501 4133 2547 4187 is
2578 4132 2667 4201 qui
2706 4131 2858 4186 misit
2891 4145 2999 4190 nte,
3023 4137 3078 4183 et
3113 4129 3399 4198 perficiam
3433 4144 3576 4197 opus

1946 4224 2086 4294 ejus.
2121 4244 2140 4276 ι
2180 4222 2467 4293 Rogabant
2499 4223 2757 4294 discipuli
2791 4221 3112 4285 Dmninum,
3144 4222 3246 4275 hoc
3280 4230 3386 4285 est,
3413 4220 3577 4274 obsc-

1952 4305 2181 4373 Crabant
2241 4325 2299 4372 ut
2349 4297 2669 4372 coincderet
2727 4335 2740 4370 :
2808 4329 2919 4369 non
2973 4313 3270 4369 temeraria
3333 4313 3577 4382 quadam

1954 4418 2159 4475 mente,
2195 4408 2291 4464 sed
2325 4421 2522 4475 magna
2557 4405 2855 4460 dilectione
2884 4418 3014 4474 erga
3053 4402 3406 4471 magistrum.
3447 4401 3578 4454 Ete-

1958 4503 2070 4556 nim
2093 4500 2354 4555 videbant
2389 4499 2566 4568 ipsum
2607 4496 2968 4567 defatigatum
2993 4511 3058 4550 ex
3091 4493 3286 4548 itinere
3310 4501 3365 4547 et
3395 4491 3580 4546 calore

241 4593 573 4663 κικμηκότα
609 4593 716 4646 ὑπὸ
747 4593 848 4663 τῆς
881 4593 1190 4666 ὁδοιπορίας
1225 4595 1320 4647 καὶ
1351 4595 1452 4663 τῆς
1490 4598 1845 4671 ἐπικειμένης

1961 4594 2247 4664 ﬂagrante.
2280 4591 2543 4645 Dominus
2579 4599 2762 4644 autem
2798 4587 2981 4643 sciens
3017 4586 3421 4642 Samaritanam
3461 4581 3579 4636 fere

242 4688 469 4759 φλογός.
518 4687 577 4741 ’0
617 4687 672 4742 δὲ
707 4687 933 4757 Κύριος,
978 4692 1267 4755 γινώσκων
1315 4691 1397 4743 ὅτι
1441 4691 1474 4761 ὴ
1518 4691 1854 4762 Σαμαρεῖτις

247 4781 439 4855 μέλλει
471 4780 885 4838 ἐπισπάσασθαι
935 4781 1118 4833 πᾶσαν
1152 4782 1338 4852 σχεδὸν
1379 4783 1479 4853 τὴν
1526 4783 1684 4837 πόλιν
1718 4785 1855 4855 πρὸς

246 4873 440 4937 αὑτὸν,
489 4875 585 4928 καὶ
646 4874 729 4927 δτι
779 4867 1152 4928 πιστεύσωσιν
1181 4873 1333 4944 αὐτῷ
1387 4876 1438 4928 οἱ
1488 4876 1859 4946 Σαμαρεῖται,

253 4983 277 5021 ι
323 4965 485 5035 Ἐγὼ,
521 4965 686 5034 φησὶ,
722 4963 924 5035 βρῶσιν
952 4965 1061 5034 ἔχω
1134 4967 1364 5034 φαγεῖν,
1406 4984 1424 5016 ι
1468 4967 1716 5019 τουτέστι
1759 4967 1860 5037 τὴν

252 5059 537 5128 σωτηρίαν
554 5058 663 5110 τῶν
689 5056 1017 5129 ἀνθρώπωψ
1041 5056 1186 5110 οὕτω
1209 5058 1319 5130 γὰρ
1340 5059 1549 5129 ταύτης
1575 5060 1856 5127 ἐπιθυμῶ,

249 5153 329 5216 ὼς
357 5150 556 5215 ὀὐδεὶς
591 5150 748 5220 ὑμῶν
790 5151 887 5220 τῆς
924 5150 1192 5221 αἰσθητῆς
1227 5150 1506 5221 βρώσεως.
1541 5152 1762 5222 Ταύτην
1802 5153 1859 5207 δὲ

250 5248 354 5317 τὴν
390 5244 616 5317 βρῶσιν,
654 5245 722 5316 ἣν
757 5245 868 5315 ἔχω
903 5247 1132 5313 φαγεῖν,
1169 5246 1327 5316 ὑμεῖς
1368 5246 1419 5298 οῖ
1461 5247 1704 5317 μαθηταί
1759 5265 1859 5316 μου

250 5342 359 5394 οἰκ
389 5338 592 5393 οἴδατε.
626 5339 827 5408 Παχεῖς
865 5339 976 5409 γὰρ
1016 5337 1169 5400 ὄντες
1202 5337 1304 5402 ἔτι,
1340 5339 1433 5390 καὶ
1469 5338 1542 5408 μὴ
1567 5339 1861 5408 δυνάμενοι

251 5432 450 5499 νοῆσαι
485 5431 554 5484 τὰ
582 5429 1002 5500 αἰνιγματωδῶς
1033 5430 1125 5482 ὑπ’
1155 5430 1292 5500 ἐμοῦ
1325 5431 1620 5500 λεγόμενα,
1656 5433 1758 5483 οὐκ
1785 5433 1864 5484 οἵ·

235 5527 382 5580 πδατε
421 5524 503 5578 ὅτι
545 5523 748 5594 βρῶσιν
773 5523 1027 5592 ὀνομάζω
1055 5523 1155 5594 τὴν
1186 5523 1295 5576 τῶν
1328 5523 1635 5595 ἀνθρώπων
1679 5541 1855 5594 σωτη-

255 5615 553 5692 ρίαν.,Καὶ
601 5615 779 5678 ἄλλως
821 5613 875 5668 δέ
907 5631 918 5642 ·
951 5617 1066 5668 Οὐκ
1114 5615 1293 5668 οἴδατε
1329 5617 1536 5685 ταύτην
1570 5616 1667 5688 τὴν
1709 5617 1847 5688 βρῶ-

257 5727 368 5767 σινο
422 5709 485 5762 οὐ
553 5708 664 5779 γὰρ
716 5707 1060 5778 γινώσκετε,
1116 5710 1198 5764 ὅτι
1255 5709 1610 5763 πιστεύσούσί
1661 5729 1749 5782 μοι
1808 5713 1855 5765 οἱ

281 5932 287 5949 ;
339 5902 381 5935 ¹⁸
414 5898 529 5958 Jer.
581 5914 664 5966 ιιι,
697 5900 751 5956 6.
834 5901 876 5933 ³⁸
910 5900 1107 5956 Ezcth.
1148 5915 1297 5969 um,
1336 5899 1425 5955 57.

1958 4696 2129 4742 totam
2167 4685 2450 4741 civitatem
2493 4684 2560 4736 ad
2593 4697 2654 4736 se
2687 4692 3066 4743 evocatorum,
3104 4686 3158 4733 et
3194 4677 3578 4733 Samaritanus

1956 4782 2008 4836 in
2042 4796 2100 4836 se
2122 4779 2434 4834 credituros
2468 4796 2481 4831 :
2514 4797 2531 4829 ι
2571 4775 2706 4848 Ego,
2742 4776 2944 4844 inquit,
2977 4775 3160 4830 cibum
3190 4775 3366 4827 habeo
3394 4786 3582 4823 come-

1960 4875 2216 4930 .lendum.
2254 4891 2272 4924 ›
2309 4873 2412 4926 hoc
2437 4880 2544 4935 est,
2579 4870 2813 4924 salutem
2844 4867 3132 4922 hominum
3171 4885 3184 4920 :
3225 4879 3389 4935 qttam
3427 4871 3583 4917 tanto

1958 4968 2232 5024 desiderio
2261 4967 2479 5031 avebat,
2512 4974 2721 5034 quanto
2754 4962 2937 5017 nullus
2963 4965 3210 5016 nostrum
3253 4957 3577 5013 seusibilem

1959 5062 2162 5116 cibum.
2200 5058 2358 5112 Hunc
2400 5068 2582 5112 autem
2630 5056 2815 5109 cibum
2851 5071 3013 5124 quem
3058 5051 3234 5107 habeo
3261 5050 3576 5109 comedere.

1960 5170 2057 5209 vos
2108 5151 2359 5222 discipuli
2407 5151 2510 5204 mei
2562 5149 2807 5204 nescitis.
2860 5146 3047 5203 Crassi
3116 5145 3262 5200 enim
3309 5157 3434 5197 cum
3479 5153 3581 5196 vos

1961 5248 2140 5302 adhuc
2177 5247 2323 5310 sitis,
2359 5254 2415 5300 et
2448 5242 2753 5314 intelligere
2790 5240 3080 5310 nequeatis
3115 5254 3239 5308 qua:
3284 5236 3580 5291 obscurius

1962 5357 1992 5394 a
2027 5357 2110 5396 me
2140 5339 2435 5406 dicuntur,
2463 5338 2688 5392 nescitis
2723 5335 2868 5405 quod
2905 5335 3086 5388 cibum
3124 5331 3358 5386 salutent
3396 5330 3578 5383 homio

1964 5449 2093 5488 num
2125 5432 2425 5487 nominem.
2455 5431 2518 5485 Et
2548 5431 2744 5486 aliter:
2769 5429 2924 5483 llunc
2945 5427 3126 5482 cibum
3150 5423 3397 5487 nescitis,
3426 5424 3582 5490 igno~

1968 5528 2100 5582 ratis
2131 5527 2276 5581 enim
2308 5527 2452 5596 quod
2487 5525 2822 5581 Samaritani
2862 5518 3127 5576 credituri
3173 5527 3300 5572 sunt
3342 5516 3473 5570 mihi
3522 5525 3577 5569 et

1970 5619 2350 5675 S:ti\abllnl|ll‘.
2385 5619 2524 5685 Quid
2558 5617 2722 5687 igitur
2757 5613 3056 5685 discipuli?
3093 5610 3284 5665 Adhuc
3329 5608 3580 5662 dubitant

1971 5730 2097 5768 litim
2146 5715 2268 5782 quis
2311 5711 2583 5767 attulisset
2625 5711 2674 5765 ei
2721 5708 2866 5780 quod
2903 5708 3175 5764 comedat.
3232 5703 3346 5759 Non
3393 5713 3576 5757 autent
