4052 6574
243 406 382 470 12ίό

946 407 1398 469 ΕΝΑΠΒΑΤΙΟ
1443 407 1524 468 1N
1567 405 1847 468 EVANG]

1962 406 2077 468 ΗΜ
2120 403 2472 468 JOANNIS.
2513 430 2585 442 ·-
2614 405 2776 467 CAP.
2821 403 2914 465 IV.

3429 397 3570 463 12-16

240 525 488 589 δοθέντες
527 523 691 595 αὐτῇ,
730 525 758 577 6
781 524 838 576 ἐν
866 521 941 592 τῷ
967 523 1308 594 παραδείσῳ,
1363 525 1390 576 ὁ
1425 522 1520 576 ἐπὶ
1561 520 1656 574 τοῦ
1692 522 1841 586 Νῶε,

1954 523 2136 590 itaque
2159 521 2402 590 quinque
2434 519 2652 591 legibus
2705 517 3004 588 conjuncta
3055 522 3250 570 natura
3277 521 3334 569 et
3357 522 3571 569 sextam

239 620 270 672 6
298 618 393 671 ἐπὶ
421 617 516 671 τοῦ
562 616 843 688 Ἀϐραὰμ,
873 616 901 666 6
941 615 1033 667 ἐπὶ.
1071 615 1166 667 τοῦ
1216 614 1483 678 Μωσέως,
1518 616 1546 666 6
1588 613 1678 667 διὰ
1731 613 1842 667 τῶν

243 710 570 784 προφητῶν.
619 707 680 762 '0
709 707 836 761 Νῶε
871 708 981 779 γὰρ
1006 707 1146 778 μετὰ
1173 707 1266 759 τὸν
1294 705 1689 776 κατακλυσμὸν
1716 705 1842 759 δια-

241 805 416 875 ταγήν
441 817 567 856 τινα
585 799 831 868 ὲδίξατο,
866 802 961 854 καὶ
990 803 1020 853 6
1052 799 1311 869 Ἀϐραὰμ
1341 797 1440 870 τὴν
1486 797 1591 867 τῆς
1619 813 1844 866 περιτο-

249 899 376 969 μῆς,
411 894 640 958 Τούτοις
695 893 791 948 οὖν
831 898 945 959 τοῖς
999 894 1163 947 πέντε
1213 893 1403 963 νόμοις
1455 892 1758 960 συζυγεῐσα
1805 893 1839 963 ἡ

245 989 430 1057 φύσις,
456 988 549 1066 καὶ
591 989 751 1042 ἕκτον
783 987 1129 1060 προσέλαϐεν
1186 985 1419 1058 ὕστερον
1449 986 1510 1040 δν
1550 987 1652 1040 οὐκ
1695 980 1843 1056 εἶχεν

242 1076 431 1147 ἄνδρα,
465 1078 589 1130 οὐδὲ
626 1076 902 1147 συνεζύγη
933 1077 1172 1142 ούδέπω,
1209 1077 1303 1130 τὸν
1344 1079 1446 1149 τῆς
1474 1076 1685 1146 Καινῆς
1710 1080 1843 1130 Δια-

244 1167 439 1239 θήκης.
472 1169 706 1241 Νοήσειε
740 1169 786 1223 δ’
818 1170 884 1222 ἄν
907 1185 991 1232 τις
1037 1169 1198 1222 ἕκτον
1233 1169 1418 1239 νόμον,
1459 1169 1518 1222 δν
1548 1169 1717 1242 ἄνδρα
1741 1170 1846 1222 οὐκ

243 1256 391 1332 εἶχεν
421 1263 454 1332 ἡ
485 1263 674 1332 φύσις,
708 1262 799 1316 τὸν
849 1264 949 1333 τῆς
990 1261 1471 1333 είδωλολατρείας.
1499 1260 1706 1316 Τοῦτον
1732 1261 1843 1333 γὰρ

242 1353 309 1425 δὴ
342 1354 435 1407 τὸν
465 1356 631 1424 νόμον
664 1355 765 1408 ούκ
801 1351 950 1424 εἶχεν
984 1356 1048 1409 ὲκ
1077 1354 1215 1409 Θεοῦ
1248 1355 1472 1410 δοθέντα
1504 1358 1646 1429 αὐτῇ
1677 1357 1845 1422 σύζυ-

243 1465 360 1518 γον,
391 1449 507 1501 ἀλλ¹
540 1448 616 1510 ὡς
662 1449 915 1520 μοιχαλὶς
958 1448 1222 1520 ιμίγνυτο
1280 1447 1481 1520 τούτῳ.
1518 1452 1611 1504 Διδ
1675 1453 1776 1505 καὶ
1813 1453 1843 1505 6

245 1542 536 1614 προφήτης
567 1543 725 1611 φησί·
761 1561 779 1596 t
820 1542 928 1598 Καὶ
963 1543 1268 1614 ἑμοιχῶντο
1292 1546 1348 1597 ιν
1376 1543 1455 1615 τῷ
1481 1542 1656 1616 ξύλῳ’
1692 1563 1711 1596 ι
1747 1544 1843 1598 καὶ

244 1635 427 1689 πάλιν·
467 1653 487 1686 ι
544 1635 986 1706 Ἐξεπόρνευσαν
1016 1636 1196 1690 ὀπίσω
1228 1637 1434 1698 παντὸς
1467 1635 1652 1702 ξύλου,
1689 1655 1709 1688 ι
1749 1637 1841 1690 διὰ

254 1725 326 1777 τὰ
354 1724 572 1791 γλυπτὰ
606 1726 809 1796 δηλαδὴ
832 1727 926 1780 καὶ
959 1725 1244 1798 τὰξδένδρα
1269 1727 1306 1781 ἃ.
1329 1727 1560 1798 ἐτίμων.
1588 1728 1683 1791 El;
1708 1744 1840 1780 τοσ-

240 1815 527 1888 οῦτονγὰρ
582 1819 858 1887 ἀνοησίαςί
897 1819 1328 1890 ὲξετραχηλίσθη
1385 1819 1417 1889 ἡ
1470 1820 1657 1890 φύσις,
1692 1817 1838 1872 ὥστε

239 1907 335 1959 καὶ
361 1906 604 1978 δένδροις
631 1909 860 1980 ὡραίοις
898 1908 988 1964 διὰ
1018 1912 1080 1963 τὸ
1107 1901 1307 1973 κάλλος
1339 1908 1514 1971 θύειν,
1563 1909 1838 1980 κυπαρίσ-

240 2015 356 2064 σοις
413 2003 510 2056 καὶ
535 2003 849 2070 πλατάνοις,
878 2003 975 2056 καὶ
1003 2007 1118 2068 τοῖς
1151 2003 1439 2066 τοιούτοις.
1481 2003 1614 2057 Ὀτε
1657 2003 1838 2056 τοίνυν

239 2097 332 2149 τὸν
373 2097 534 2150 ἕκτον
563 2096 756 2150 τοῦτον
812 2095 1002 2166 μοιχὸν
1041 2100 1070 2150 6
1117 2096 1408 2168 ἅνθρωπος
1459 2096 1706 2166 ἔστερξε,
1745 2096 1840 2149 καὶ

235 2187 318 2250 sl;
342 2184 790 2257 είδω).ολατρείας
817 2185 1178 2257 ὲξωλίσθησε,
1209 2187 1333 2240 τότε
1355 2190 1383 2240 6
1419 2187 1626 2258 Κύριος
1666 2187 1840 2240 ἐλθὼν

237 2279 580 2334 ἀπαλλάττει
607 2281 758 2349 ἡμᾶς
794 2281 1004 2354 ταύτης
1032 2298 1047 2312 ·
1081 2281 1163 2334 διὸ
1185 2281 1277 2335 καί
1309 2299 1475 2352 φησιν
1497 2297 1510 2310 ·
1542 2300 1559 2334 ι
1598 2284 1696 2334 Ὃν
1743 2280 1840 2334 νῦν

235 2371 404 2444 ιχεις.
447 2395 465 2423 ο
501 2373 610 2424 Καὶ
635 2371 745 2442 γὰρ
779 2372 952 2436 δντως
977 2373 1122 2426 κατὰ
1155 2374 1283 2436 τοὺς
1310 2373 1411 2444 τῆς
1447 2372 1542 2426 τοῦ
1590 2373 1834 2443 Χριστοῦ

237 2466 548 2538 παρουσίας
571 2466 806 2538 χρόνους
828 2469 908 2532 είς
951 2467 1314 2538 Ἐλληνισμδν
1344 2470 1438 2521 καὶ
1475 2467 1752 2521 Ἰουδαίων
1789 2469 1839 2521 οἱ

240 2562 542 2630 σοφώτεροι
580 2560 970 2631 ἐξετράπησαν
997 2577 1010 2590 ⁸
1040 2563 1130 2615 καὶ
1159 2562 1310 2633 δηλοῖ
1330 2563 1362 2633 ἡ
1385 2561 1493 2614 τῶν
1523 2562 1841 2632 Φαρισαίων

238 2652 472 2720 αἵρεσις,
496 2652 812 2723 εἱμαρμένῃ
837 2655 929 2704 καὶ
949 2653 1279 2726 ἀστρολογίᾳ
1303 2655 1658 2710 πιστεύουσα.
1683 2658 1840 2710 Ἔστι

237 2745 300 2798 δὲ’
331 2747 664 2816 Σαμαρεῖτις
695 2747 792 2801 καὶ
830 2749 983 2801 πᾶσα
1039 2748 1186 2821 ψυχὴ
1217 2751 1249 2820 ἡ
1283 2754 1404 2814 ταῖς
1430 2752 1593 2804 πέντε
1639 2753 1838 2822 αἰσθή-

243 2853 394 2890 σεσιν
420 2837 636 2906 ἀλόγως
701 2840 1066 2909 ύποξυγεῖσα,
1092 2838 1210 2895 εἶτα
1241 2844 1337 2897 καὶ
1358 2840 1455 2914 τὴν
1483 2846 1616 2915 περὶ
1644 2848 1710 2897 τὰ
1752 2844 1840 2898 δό-

241 2938 436 2998 γματα
462 2929 888 3002 σφαλερώτατα,
909 2925 1022 2985 οἶόν
1045 2950 1165 2986 τινα
1184 2932 1342 2987 ἕκτον
1380 2936 1568 3004 μοιχὸν
1603 2935 1844 3006 προβλα-

240 3021 469 3093 6ομένη,
509 3021 578 3094 ην
629 3025 656 3076 6
693 3022 902 3092 Ἰησοῦς
954 3025 1267 3095 εὐεργετεῖ,
1325 3025 1447 3079 εἴτε
1504 3026 1591 3080 διὰ
1624 3027 1714 3080 τοῦ
1751 3027 1845 3100 βα-

243 3115 576 3184 πτίσματος,
603 3115 711 3169 εἴτε
740 3116 828 3169 διὰ
845 3116 944 3187 τῆς
963 3117 1152 3186 πηγῆς
1182 3117 1291 3170 τῶν
1327 3117 1603 3188 δακρύων.
1637 3122 1746 3174 Καὶ
1775 3122 1845 3174 τὰ

1953 616 2189 685 accepit,
2220 630 2386 685 quam
2431 622 2615 668 tamen
2667 629 2774 668 non
2820 610 3059 666 habebat
3088 619 3145 664 ut
3186 607 3390 663 virum.
3419 606 3573 662 Non-

1951 711 2078 765 dum
2109 708 2256 764 enim
2291 707 2667 779 conjungebat
2699 706 2807 763 sibi
2834 705 3010 776 legem
3036 703 3176 759 Novi
3203 701 3571 758 Testamenti.

1952 801 2295 856 lntellexerit
2325 799 2486 872 531
2533 808 2719 854 autem
2787 798 2912 866 quis
2953 811 3052 866 per
3102 803 3318 851 sextam
3369 794 3565 862 legem,

1949 907 2115 963 quam
2145 901 2202 944 ut
2225 890 2405 946 virum
2434 905 2542 945 non
2584 887 2825 944 habebat
2851 895 3070 951 natura,
3097 884 3275 953 legem
3334 881 3567 938 idolola-

1949 985 2089 1040 trite.
2117 984 2269 1039 Hanc
2297 983 2446 1040 enim
2492 983 2668 1054 legem
2729 997 2839 1036 non
2881 979 3122 1036 habebat
3168 994 3199 1032 a
3237 978 3346 1032 Deo
3380 977 3567 1032 datam

1951 1078 2056 1131 sibi
2087 1078 2407 1148 conjiigem,
2438 1077 2535 1132 sed
2566 1076 2712 1132 velut
2749 1074 3069 1130 adultermn
3117 1072 3392 1143 iungebat
3436 1070 3566 1126 sibi.

1962 1166 2090 1224 Ideo
2123 1179 2177 1224 et
2211 1171 2480 1241 pr0plieta
2527 1169 2702 1229 dicit:
2743 1189 2761 1222 ι
2806 1169 2874 1224 Et
2902 1169 3363 1223 adulterabantur
3396 1167 3471 1225 ,in
3505 1167 3574 1220 li-

1949 1278 2056 1334 gno
2099 1265 2164 1318 ⁸⁸.
2199 1281 2218 1316 ι
2277 1263 2346 1319 Et
2399 1264 2621 1329 iterum,
2687 1283 2706 1316 ι
2774 1262 3059 1318 Fornicati
3117 1268 3244 1330 post
3290 1274 3453 1315 omne
3501 1261 3569 1313 li-

1949 1371 2115 1427 gnum
2155 1356 2222 1422 “,
2279 1375 2298 1407 ι
2356 1367 2583 1426 prapter
2623 1353 2899 1426 sculptilia
2969 1351 3187 1408 scilicet
3239 1359 3294 1405 et
3338 1351 3570 1404 arbores

1950 1463 2087 1519 quas
2112 1448 2392 1505 colebant.
2435 1448 2515 1503 Eo
2540 1449 2689 1504 enim
2737 1447 3030 1503 dementiae
3089 1454 3420 1516 pervenerat
3464 1458 3566 1495 na-

1951 1551 2096 1608 tura,
2135 1551 2195 1598 ut
2225 1551 2280 1597 et
2307 1543 2604 1598 arboribus
2654 1541 2904 1613 pulchris
2933 1550 3162 1610 propter
3195 1536 3568 1608 pulchritudi-

1950 1653 2072 1692 nem
2131 1635 2495 1698 sacrificaret,
2551 1636 2854 1707 cyparissis
2887 1633 3164 1698 videlicet,
3211 1641 3267 1686 et
3309 1629 3564 1698 platanis,

1948 1741 2002 1787 ct
2037 1730 2334 1786 similibus.
2360 1729 2593 1797 Quando
2627 1729 2791 1798 igitur
2817 1734 3035 1782 sextum
3061 1726 3213 1780 illiilli
3252 1724 3565 1778 adulterum

1951 1822 2204 1876 homines
2231 1823 2565 1887 dilexerunt,
2620 1828 2675 1876 et
2716 1821 2768 1874 in
2814 1819 3184 1890 idololatriam
3220 1816 3565 1880 exciderunt,

1949 1923 2076 1969 tunc
2106 1913 2372 1971 Dominus
2403 1917 2630 1969 veniens
2676 1913 2926 1968 liberavit
2970 1927 3070 1966 nos
3124 1911 3195 1965 ab
3217 1926 3304 1965 ea.
3349 1908 3478 1963 lileo
3511 1916 3568 1962 et

1948 2008 2099 2075 dicit,
2135 2024 2153 2060 ι
2195 2006 2367 2074 Quem
2397 2023 2543 2062 nunc
2581 2007 2773 2062 lialies.
2811 2025 2830 2057 ι
2863 2003 2996 2058 Nam
3031 2002 3283 2071 profecto
3313 2011 3564 2072 tempore

1947 2099 2215 2153 adventus
2245 2099 2373 2153 Jesu
2413 2097 2648 2163 Christi,
2697 2097 2864 2153 etiam
2901 2094 3219 2150 Judreornm
3260 2094 3570 2163 sapientio-

1949 2205 2038 2253 res
2069 2193 2120 2245 iti
2161 2191 2450 2260 gentilium
2480 2206 2729 2245 criorem
2768 2190 3101 2244 inciderant.
3137 2189 3200 2242 Et
3233 2187 3566 2242 manifesta-

1950 2267 2023 2337 vit
2057 2285 2160 2338 lioc
2213 2282 2619 2339 Pharisaeorum
2663 2283 2913 2348 haeresis,
2950 2299 3074 2353 qua:
3096 2280 3211 2336 fato
3242 2290 3298 2335 et
3328 2281 3566 2336 astrolo-

1948 2378 2049 2447 βίω
2080 2379 2366 2432 credebat.
2392 2377 2492 2432 Est
2521 2385 2577 2430 et
2610 2375 2968 2432 Samaritana
2994 2374 3178 2429 omnis
3201 2375 3409 2436 anima,
3445 2387 3569 2443 qua:

1947 2472 2202 2526 sensibus
2226 2471 2474 2540 quinque
2505 2471 2889 2540 imprudenter
2927 2468 3177 2538 subjecta
3220 2478 3324 2532 est,
3370 2468 3568 2523 deinde

1949 2562 2318 2634 periculosam
2371 2563 2680 2617 dat-trinam
2740 2562 2908 2616 veluti
2981 2571 3199 2615 sextum
3273 2560 3566 2629 quemdam

1947 2656 2257 2711 adulterum
2294 2658 2547 2726 suscipit,
2578 2658 2662 2710 cui
2695 2655 2856 2712 Jesns
2885 2655 3184 2721 beiiel'acit,
3211 2655 3294 2708 vel
3341 2669 3437 2724 per
3465 2655 3567 2706 ba-

1948 2753 2234 2819 ptismum,
2269 2752 2349 2805 vel
2383 2767 2479 2821 per
2513 2751 2718 2806 fontem
2768 2752 3160 2823 lacryniarum.
3203 2749 3338 2802 Nam
3382 2757 3436 2801 et
3487 2748 3569 2801 la-

1946 2859 2147 2914 cryma:
2182 2844 2305 2899 fons
2335 2843 2506 2900 Jacob
2539 2845 2818 2909 dicuntur,
2853 2852 3038 2898 metite
3084 2852 3270 2896 nostra
3299 2840 3570 2910 supplan-

1915 2927 1920 2932 ”
1949 2942 2096 2987 tante
2129 2933 2397 2988 malitiam
2433 2950 2541 2988 :ex
2566 2951 2674 3004 qua
2707 2950 2848 3005 aqua
2893 2943 2946 2987 et
2981 2935 3094 3000 ipsa
3129 2947 3286 2985 mens
3322 2930 3482 2993 bibit,
3515 2941 3574 2984 et

1948 3027 2311 3098 Cogitationes
2337 3030 2482 3101 ejus,
2509 3045 2634 3099 qua:
2658 3029 2753 3083 lilii
2803 3030 3086 3092 dicuntur,
3121 3038 3175 3082 et
3209 3041 3434 3096 pecora,
3469 3041 3570 3078 ceu

1950 3122 2305 3178 irrationales
2364 3136 2547 3194 partes
2588 3125 2809 3190 animat,
2866 3125 2947 3178 ira
2992 3133 3048 3179 et
3089 3121 3568 3191 concupiscentia.

240 3203 454 3275 δάκρυα
471 3206 581 3275 γὰρ
609 3205 789 3276 φρέαρ
816 3205 910 3258 τοῦ
957 3205 1161 3259 ’ίακὼδ
1188 3208 1255 3260 ἂν
1288 3207 1554 3288 λεχθεῖεν,
1578 3209 1672 3262 τοῦ
1699 3211 1837 3279 ἠμε-

1954 3216 2231 3288 Lacryinze
2263 3218 2414 3272 enim
2443 3219 2610 3273 menti
2663 3226 2720 3273 et
2771 3219 3200 3289 cogitationibus
3244 3227 3296 3270 et
3335 3216 3569 3287 reliquis

239 3293 401 3361 τέρου
460 3292 573 3360 νοῦ,
625 3293 720 3348 τοῦ
761 3296 1150 3364 πτερνίζοντος
1195 3297 1296 3368 τὴν
1347 3299 1569 3353 κακίαν.
1638 3301 1729 3368 Ἐξ
1776 3295 1838 3356 οὗ

1955 3309 2008 3361 in
2045 3308 2395 3380 refrigerium
2435 3310 2592 3366 liunt.

242 3385 437 3449 ὕδατος
467 3387 633 3452 αύτός
659 3405 720 3441 τε
751 3388 779 3441 6
822 3388 946 3451 νοῦς
981 3390 1149 3453 πίνει,
1200 3390 1295 3442 καὶ
1323 3391 1372 3444 oi
1420 3392 1529 3445 υίοὶ
1593 3393 1762 3449 αὑτοῦ
1828 3397 1878 3450 οῖ
1919 3399 2198 3470 λογισμοὶ,
2234 3403 2330 3457 καὶ
2377 3402 2448 3455 τὰ
2513 3401 2818 3473 θρέμματα
2851 3400 3046 3463 αὐτοῦ,
3093 3402 3162 3455 τὰ
3213 3401 3579 3473 ἄλογα-μέρη

239 3483 339 3553 τῆς
373 3480 577 3552 ψυχῆς,
607 3480 780 3551 θυμὸς
818 3483 914 3535 καὶ
940 3481 1243 3554 ἐπιθυμία·
1277 3484 1345 3539 τὰ
1380 3483 1491 3557 γὰρ
1516 3484 1731 3559 δάκρυα
1766 3488 1843 3560 τῷ
1885 3490 1960 3558 νῷ
2029 3494 2124 3546 καὶ
2198 3499 2312 3559 τοῖς
2349 3495 2638 3566 λογισμοῖς
2693 3496 2789 3548 καὶ
2841 3497 2959 3557 τοῖς
2988 3497 3203 3559 λοιποῖς
3241 3496 3322 3559 εἰς
3347 3495 3569 3568 ἀναψυ-

240 3577 344 3651 χὴν
369 3578 632 3648 γίνονται.

317 3695 336 3727 ι
391 3675 478 3728 Ἐν
506 3676 563 3729 δὲ
589 3669 667 3748 τῷ
699 3676 906 3748 μεταξὺ
939 3677 1169 3749 ἠρώτων
1200 3678 1365 3731 αύτδν
1393 3680 1440 3731 οἱ
1475 3680 1722 3750 μαθηταὶ
1752 3684 1846 3736 a6-

241 3769 371 3836 τοῦ,
417 3769 708 3839 λέγοντες·
752 3769 1006 3839 Ῥαϐὁεὶ,
1042 3773 1208 3840 φάγε.
1263 3772 1374 3825 Καὶ
1418 3771 1573 3825 εἶπεν
1627 3776 1844 3842 αὐτοῖς·

255 3851 399 3932 Ἐγὼ
447 3861 654 3934 βρῶσιν
706 3863 816 3935 ἔχω
871 3867 1099 3933 φαγεῖν,
1145 3866 1211 3935 ἢν
1267 3865 1425 3935 ὑμεῖς
1478 3866 1581 3920 οὐκ
1642 3869 1845 3924 οἴδατε.

246 3956 478 4024 Ἔλεγον
498 3952 593 4010 οῦν
619 3957 670 4010 ol
703 3957 952 4026 μαθηταὶ
988 3956 1123 4028 πρδς
1148 3958 1413 4028 ἀλλήλους
1431 3975 1444 3990 ο
1471 3960 1652 4029 Μήτις
1688 3962 1851 4031 ἦνεγ-

243 4067 342 4105 κεν
382 4049 534 4121 αύτῷ
594 4053 828 4120 φαγεῖνς
883 4051 1048 4119 Λέγει
1083 4052 1267 4115 αὐτοῖς
1309 4054 1336 4103 ὀ
1382 4052 1592 4121 Ἰησοῦς
1620 4071 1633 4085 ο
1684 4055 1849 4123 Ἐμὸν

244 4143 448 4218 βρῶμά
475 4145 646 4209 ἔστιν,
680 4143 769 4197 ἵνα
801 4142 940 4196 ποιῶ
966 4144 1026 4197 τὸ
1060 4143 1274 4214 θέλημα
1306 4143 1400 4197 τοῦ
1426 4144 1746 4215 πέμψαντός
1780 4165 1848 4216 με

243 4239 341 4292 καὶ
365 4234 642 4289 τελειώσω
675 4235 842 4288 αὐτοῦ
866 4238 927 4289 τὸ
957 4237 1138 4308 ἔργον.
1175 4257 1192 4289 i
1241 4237 1502 4308 Ἦρώτων
1521 4240 1572 4291 οἱ
1605 4239 1852 4309 μαθηταὶ

242 4329 336 4383 τὸν
358 4327 590 4399 Κύριον,
622 4329 748 4382 ἀντὶ
777 4328 895 4395 τοῦ,
931 4329 1302 4399 παρεκάλουν,
1338 4329 1480 4384 ὥστε
1509 4334 1728 4400 φαγεῖν,
1752 4334 1855 4386 ούκ

243 4426 312 4478 ἐκ
345 4421 658 4495 προπετοῦς
687 4424 938 4492 γνώμης.
975 4423 1094 4477 ἀλλ’
1129 4425 1193 4476 ὲκ
1220 4424 1427 4492 πολλῆς
1463 4426 1854 4497 φιλοστοργίας

245 4518 352 4588 τῆς
398 4515 535 4589 πρὸς
569 4516 664 4570 τὸν
709 4516 1072 4570 διδάσκαλον·
1110 4517 1207 4570 καὶ
1258 4519 1368 4590 γὰρ
1423 4519 1653 4574 ἔϐλεπον
1689 4522 1856 4575 αὐτὸν

2027 3686 2198 3742 Vens.
2242 3687 2434 3742 51-34.
2480 3703 2498 3738 ι
2555 3683 2770 3740 lnterea
2826 3684 3097 3754 rogabant
3145 3700 3269 3738 enm
3319 3685 3573 3754 discipuli

1949 3779 2198 3834 dicentes
2256 3796 2270 3832 ε
2331 3777 2545 3842 Rabbi,
2582 3778 2830 3832 comede.
2871 3777 2964 3831 Ille
3005 3786 3190 3832 autem
3235 3778 3376 3830 dixit
3429 3779 3510 3831 eis
3560 3797 3574 3832 :

1949 3872 2063 3942 Ego
2097 3874 2279 3927 cibum
2315 3871 2490 3927 liabeo
2526 3871 2954 3936 comedendum,
2989 3886 3152 3938 quem
3185 3887 3282 3924 vos
3319 3873 3575 3927 nescitis.

1951 3946 2218 4018 Dicebant
2252 3978 2384 4034 ergo
2431 3961 2685 4030 discipuli
2737 3961 2884 4015 inter
2913 3975 2973 4014 se
3003 3979 3015 4014 ε
3048 3960 3193 4013 Nam
3227 3962 3352 4028 quis
3389 3961 3578 4018 attulit

1948 4058 1996 4113 ci
2040 4057 2184 4127 quod
2215 4057 2442 4110 ederet?
2481 4056 2620 4110 Dicit
2648 4055 2698 4109 ei
2741 4053 2945 4108 Jesns:
2989 4052 3141 4109 Meus
3181 4053 3338 4107 cibus
3372 4064 3478 4117 est,
3518 4061 3579 4107 nt

1949 4151 2146 4205 faciam
2182 4151 2324 4217 quod
2359 4150 2473 4204 vult
2504 4150 2549 4204 is
2580 4150 2670 4218 qui
2709 4148 2862 4204 misit
2893 4162 3001 4207 me.
3025 4154 3080 4200 et
3115 4146 3401 4215 perficiam
3435 4161 3579 4215 opus

1948 4241 2088 4311 ejus.
2123 4261 2142 4294 ι
2183 4239 2469 4310 Rogabant
2502 4240 2760 4311 discipuli
2793 4239 3115 4303 Dominum,
3147 4239 3248 4293 hoc
3283 4246 3388 4302 cst,
3415 4238 3579 4292 obsc-

1954 4321 2183 4390 craliant
2243 4342 2301 4389 ut
2352 4315 2672 4388 cor/iteileret
2730 4352 2743 4388 :
2810 4346 2921 4386 non
2976 4331 3273 4386 temeraria
3335 4331 3580 4399 quadam

1957 4436 2161 4492 mente,
2197 4426 2294 4481 sed
2328 4437 2524 4492 magna
2561 4421 2858 4477 dilectione
2887 4435 3017 4491 erga
3056 4419 3408 4488 magistrum.
3449 4417 3580 4471 Ete-

1960 4519 2072 4573 nim
2095 4518 2356 4572 videbant
2391 4517 2569 4586 ipsum
2610 4513 2970 4585 defatigatum
2996 4528 3060 4567 ex
3094 4511 3289 4565 itinere
3313 4519 3368 4564 et
3398 4508 3582 4564 calore

245 4611 576 4681 κεκμηκότα
612 4611 718 4664 ὑπὸ
751 4612 850 4682 τῆς
883 4611 1193 4684 ὁδοιπορίας
1229 4612 1323 4665 καὶ
1354 4612 1455 4681 τῆς
1493 4615 1847 4688 ἐπικειμένης

1965 4611 2249 4682 ﬂagrante.
2282 4609 2545 4663 Dominus
2581 4617 2766 4660 autem
2801 4605 2984 4660 sciens
3019 4602 3424 4658 Samaritanam
3463 4598 3582 4652 fere

245 4707 473 4777 φλογός.
521 4706 580 4760 ⁸0
620 4706 676 4760 δὲ
709 4706 936 4776 Κύριος,
980 4710 1270 4773 γινώσκων
1319 4708 1400 4761 ὅτι
1445 4709 1477 4778 ἡ
1521 4708 1856 4778 Σαμαρεῖτις

251 4800 442 4874 μέλλει
475 4799 888 4857 ἐπισπάσασθαι
937 4800 1121 4852 πᾶσαν
1155 4800 1341 4870 σχεδὸν
1382 4801 1482 4870 τὴν
1530 4801 1688 4854 πόλιν
1720 4802 1857 4872 πρὸς

250 4891 444 4955 αὐτὸν,
493 4893 589 4946 καὶ
649 4892 731 4946 δτι
782 4885 1156 4946 πιστεύσωσιν
1184 4891 1336 4962 αὐτῷ
1391 4894 1441 4945 οἱ
1491 4893 1861 4964 Σαμαρεῖται,

257 5001 280 5039 ι
326 4983 489 5054 Ἐγὼ,
525 4985 689 5052 φησὶ,
725 4982 927 5054 βρῶσιν
954 4983 1064 5052 ἔχω
1137 4984 1367 5052 φαγεῖν,
1409 5001 1427 5034 ι
1471 4984 1720 5036 τουτέστι
1762 4984 1862 5055 τὴν

257 5077 541 5147 σωτηρίαν
557 5077 667 5129 τῶν
693 5075 1020 5148 ἀνθρώπωνο
1043 5065 1189 5129 οὕτω
1213 5075 1323 5147 γὰρ
1344 5076 1553 5146 ταύτης
1579 5077 1859 5144 ἐπιθυμῶ,

254 5171 333 5235 ὡς
360 5168 560 5233 ὀὐδεὶς
595 5169 752 5238 ὑμῶν
793 5170 890 5238 τῆς
926 5168 1195 5239 αἰσθητῆς
1230 5168 1510 5239 βρώσεως.
1545 5168 1765 5239 Ταύτην
1806 5170 1863 5223 δὲ

255 5266 359 5335 τὴν
394 5262 620 5335 βρῶσιν,
658 5263 726 5335 ἥν
761 5263 871 5333 ἔχω
905 5266 1134 5331 φαγεῖν,
1172 5263 1330 5334 ὑμεῖς
1371 5263 1422 5316 οἱ
1465 5265 1707 5334 μαθηταί
1763 5282 1862 5334 μου

257 5359 362 5412 οἰκ
393 5356 596 5411 οῖδατε.
630 5356 831 5426 Παχεῖς
868 5357 979 5426 γὰρ
1019 5356 1172 5418 ὄντες
1206 5355 1308 5419 ἔτι,
1344 5357 1436 5408 καὶ
1473 5357 1547 5426 μὴ
1571 5356 1864 5426 δυνάμενοι

257 5450 454 5517 νοῆσαί
488 5450 557 5503 τὰ
585 5447 1004 5518 αἰνιγματωδῶς
1036 5448 1128 5500 ὑπ’
1158 5448 1296 5519 ἐμοῦ
1328 5449 1623 5517 λεγόμενα,
1660 5450 1760 5501 ούκ
1789 5451 1867 5501 οῖ-

242 5545 387 5598 ’δατε
425 5542 508 5596 ὅτι
549 5541 752 5612 βρῶσιν
777 5541 1030 5610 ὀνομάζω
1058 5541 1158 5613 τὴν
1189 5541 1299 5594 τῶν
1331 5541 1638 5612 ἀνθρώπων
1683 5559 1858 5612 σωτη⁴

261 5633 557 5710 ρίαν.,Καὶ
605 5634 783 5696 ἄλλως
825 5631 879 5685 δέ
911 5648 922 5660 '
955 5634 1069 5686 Ούκ
1117 5633 1296 5686 οἴδατε
1332 5636 1540 5703 ταύτην
1573 5633 1671 5706 τὴν
1712 5635 1850 5706 βρώ-

263 5745 373 5784 σιν·
426 5728 489 5781 οὐ
557 5726 668 5797 γὰρ
719 5726 1063 5796 γινώσκετε,
1119 5729 1202 5782 ὅτι
1257 5727 1614 5781 πιστεύσουσί
1665 5746 1753 5799 μοι
1811 5731 1859 5782 οἱ

287 5962 293 5967 .
344 5920 386 5952 ¹⁸
417 5917 533 5976 Jer.
584 5932 668 5984 ttt,
701 5918 755 5972 6.
839 5918 880 5950 “
914 5917 1111 5975 Ezetli.
1152 5934 1301 5987 xxiii,
1340 5918 1430 5973 57.

1961 4714 2132 4759 totam
2169 4703 2453 4758 civitatem
2495 4701 2564 4754 ad
2597 4715 2657 4754 se
2689 4709 3069 4760 evocaturam,
3107 4704 3162 4749 et
3196 4693 3581 4749 Samaritanus

1959 4799 2011 4853 in
2045 4813 2103 4853 se
2124 4797 2436 4852 credituros
2471 4813 2483 4849 :
2516 4813 2534 4846 ι
2574 4793 2709 4865 Ego,
2746 4793 2947 4861 inquit,
2979 4792 3162 4846 cibum
3193 4791 3368 4844 liabeo
3396 4803 3585 4841 conie-

1963 4893 2218 4947 Jendum.
2257 4909 2275 4941 ›
2311 4891 2414 4944 lioc
2440 4898 2547 4953 est,
2582 4887 2816 4941 salutem
2847 4885 3134 4939 hominum
3175 4902 3187 4937 :
3227 4896 3392 4952 qnam
3430 4888 3584 4934 tanto

1961 4985 2236 5042 desiderio
2265 4984 2482 5049 avebat,
2515 4992 2724 5052 quanto
2757 4980 2940 5034 nullus
2967 4983 3213 5033 nostrum
3256 4974 3580 5030 setisibilein

1962 5079 2166 5134 cibum.
2202 5076 2362 5130 llunc
2403 5085 2586 5130 autem
2634 5074 2818 5127 cibum
2854 5087 3016 5141 quem
3060 5068 3236 5124 liabeo
3264 5066 3579 5126 comedere.

1963 5187 2060 5226 vos
2111 5169 2362 5240 discipuli
2410 5168 2514 5221 mei
2566 5167 2810 5221 nescitis.
2863 5163 3051 5220 Crassi
3119 5162 3265 5216 enim
3312 5174 3436 5214 cum
3481 5170 3585 5213 vos

1965 5265 2143 5319 adhuc
2180 5263 2327 5328 sitis,
2364 5272 2419 5318 et
2451 5259 2756 5331 intelligere
2793 5257 3084 5327 neqticatis
3119 5270 3243 5324 quae
3287 5253 3583 5307 obscurius

1965 5374 1995 5410 a
2029 5373 2113 5412 me
2143 5357 2438 5422 dicuntur,
2467 5355 2692 5409 nescitis
2727 5352 2872 5422 quod
2908 5352 3089 5405 cibum
3127 5349 3360 5403 salutem
3399 5345 3581 5399 liomi-

1968 5465 2096 5505 num
2128 5449 2429 5504 nominem.
2459 5449 2523 5502 Et
2553 5448 2748 5503 aliter:
2773 5446 2928 5500 llunc
2948 5444 3129 5499 cibum
3153 5440 3400 5503 nescitis,
3429 5440 3584 5507 igno~

1972 5544 2103 5598 ratis
2135 5543 2280 5598 enim
2313 5543 2456 5613 quod
2491 5542 2825 5597 Samaritani
2865 5535 3131 5593 credituri
3177 5544 3304 5590 sunt
3346 5533 3476 5586 mihi
3525 5541 3580 5585 ct

1973 5636 2353 5691 Saliabiintnr.
2389 5635 2529 5702 Quid
2562 5634 2726 5704 igitur
2761 5629 3059 5702 discipuli?
3096 5627 3288 5682 Adliuc
3331 5624 3583 5678 dubitant

1974 5746 2100 5784 num
2148 5731 2270 5798 quis
2315 5729 2587 5784 attulisset
2629 5727 2679 5782 ei
2725 5725 2870 5796 quod
2907 5725 3179 5781 comedat.
3235 5720 3350 5776 Non
3397 5730 3580 5774 autent
