4052 6540
284 476 429 544 1219

937 468 1398 536 ENARRATIO
1439 471 1523 532 IN
1567 465 2076 531 EVANGELIUM
2115 467 2464 533 IOANNIS.
2508 493 2578 504 —
2617 468 2779 533 CAP.
2823 471 2926 536 IV.

3462 471 3602 539 125-0

278 596 392 659 ἐγὼ
427 595 483 648 δὲ
515 591 662 659 λέγω
691 591 841 661 ύμῖν,
879 605 962 642 οτι
1000 589 1267 658 πάρεστιν
1300 586 1328 640 6
1361 587 1552 657 νοητδς
1592 583 1879 656 θερισμός.

1997 583 2163 638 tttaiis
2195 586 2413 640 messis.
2449 583 2573 640 litec
2601 594 2780 640 autem
2810 586 3028 642 dicebat
3055 593 3280 658 propter
3306 587 3467 662 563
3500 593 3603 647 Sa-

278 685 467 740 Ταῦτα
497 685 555 739 δὲ
586 683 741 751 ἔλεγε
776 680 866 734 διὰ
897 680 1024 742 τοὺς
1056 677 1408 749 Σαμαρείτας
1438 677 1538 747 ἠδη
1576 692 1882 747 προσερχο-

283 778 480 849 μξνους
509 775 679 845 αύτῷ.
727 772 1004 846 Ἐπάρατε
1038 767 1132 824 οὖν
1176 771 1303 834 τοὺς
1342 769 1656 838 ὀφθαλμοὺς
1689 767 1878 836 ὑμῶν,

278 872 393 924 the
424 871 548 932 τοὺς
575 867 823 938 νοητοὺς,
848 867 957 920 εἴτε
983 867 1108 928 τοὺς
1136 864 1450 932 αἰσθητοὺς,
1481 862 1576 914 καὶ
1607 859 1880 915 θεάσασθε

281 964 344 1016 τὸ
371 960 575 1029 πλῆθος
606 958 717 1011 τῶν
752 957 1213 1030 προσερχομένων
1243 952 1624 1024 Σαμαρειτῶν,
1661 953 1756 1005 καὶ
1782 951 1881 1014 τὰς

283 1055 364 1116 εἰς
388 1053 487 1121 τ’ὴν
513 1052 698 1104 πίστιν
723 1049 1039 1121 προθύμους
1067 1049 1162 1101 καὶ
1191 1047 1443 1116 ἑτοίμους
1469 1045 1653 1115 ψυχὰς
1671 1042 1879 1103 αὐτῶν,

282 1145 484 1206 αἵτινες
509 1144 702 1214 ῶσπερ
731 1142 906 1213 χῶραι
937 1141 1310 1210 λευκασμέναι
1339 1139 1555 1192 δέονται
1588 1133 1878 1206 θερισμοῦ.

282 1237 551 1307 Καθάπερ
579 1238 688 1307 γὰρ
717 1237 766 1288 oi
797 1234 1049 1301 στάχυες,
1079 1233 1208 1285 ὅταν
1240 1227 1635 1292 λευκανθῶσιν,
1669 1227 1880 1297 ἕτοιμοι

283 1330 364 1388 εἰς
413 1329 714 1399 θερισμὶν,
758 1325 903 1376 οὕτω
949 1325 1044 1377 καὶ
1092 1317 1239 1378 οὗτοι
1272 1323 1411 1392 πρὸς
1456 1321 1733 1392 σωτηρίαν
1775 1319 1881 1372 εἰσὶ

284 1418 828 1490 παρεσκευασμένοι.
859 1435 874 1467 ι
908 1418 1020 1470 Καὶ
1046 1419 1074 1470 6
1098 1414 1335 1487 θερίζων
1366 1415 1559 1486 μισθὸν
1587 1413 1876 1484 λαμϐάνει,

281 1513 376 1567 καὶ
427 1511 653 1579 συνάγει
706 1511 918 1580 καρπὸν
961 1510 1043 1573 είς
1094 1508 1240 1580 ζωὴν
1290 1509 1548 1561 αἰώνιον
1591 1508 1677 1560 ἴνα
1710 1507 1804 1558 καὶ
1852 1507 1881 1560 ὁ

283 1605 527 1675 σπείρων
555 1601 693 1673 ὁμοῦ
727 1603 917 1672 χαίρῃ,
955 1594 1050 1655 καί
1083 1603 1110 1654 6
1144 1599 1402 1669 θερίζων.
1441 1617 1460 1650 ι
1503 1600 1567 1652 Ὃ
1611 1597 1668 1651 δὲ
1703 1596 1877 1664 λέγει,

279 1696 522 1751 τοιοῦτόν
547 1697 716 1749 ἐστιν’
751 1697 814 1749 Οἱ
846 1694 1124 1765 προφῆται
1158 1693 1445 1764 ἐσπειραν,
1478 1691 1595 1744 ἀλλ’
1625 1691 1727 1744 οὐκ
1757 1689 1880 1742 ἑθέ-

285 1807 465 1860 ρισαν.
503 1787 580 1842 Οὐ
612 1788 720 1859 μὴν
752 1786 840 1839 διὰ
874 1785 1035 1839 τοῦτο
1069 1787 1480 1856 ἀπεστέρηνται
1529 1783 1628 1851 τῆς
1657 1782 1875 1854 ἡδονῆς,

279 1884 418 1938 ἀλλά
450 1882 548 1935 σὺν
584 1882 718 1950 ἡμῖν
754 1878 1160 1950 χαίρουσιν,νεί
1195 1881 1288 1932 καὶ
1321 1877 1396 1949 μὴ
1428 1878 1524 1930 σὺν
1557 1877 1692 1946 ἡμῖν
1727 1873 1878 1945 θερίο

281 1980 492 2044 ζουσιν,
559 1973 700 2044 ὅπερ
727 1973 785 2026 ὲν
816 1973 930 2035 τοῖς
951 1973 1234 2043 αἰσθητοῖς
1263 1971 1549 2042 θερισμοῖς
1575 1970 1678 2024 οὐκ
1708 1968 1877 2021 ἔστιν.

290 2072 439 2125 Ἐκεῖ
468 2066 579 2137 γὰρ
610 2067 706 2121 ἐὰν
738 2065 922 2134 συμϐῇ
952 2063 1114 2118 ἄλλον
1137 2066 1363 2135 σπεῖραι
1392 2103 1408 2128 ,
1450 2063 1541 2117 καὶ
1584 2061 1745 2116 ἄλλον
1788 2061 1878 2113 Os-

279 2164 453 2236 ρίσαι,
488 2162 640 2232 λύπη
670 2160 749 2230 τῷ
792 2159 868 2231 μὴ
901 2155 1195 2227 θερίζοντι.
1249 2156 1338 2210 Ἐν
1386 2156 1443 2208 δὲ
1479 2157 1591 2217 τοῖς
1631 2171 1881 2224 πνευμα-

275 2259 447 2312 τικοῖς
471 2294 486 2319 ,
520 2255 620 2326 οὐχ
648 2251 824 2316 οὕτως
844 2266 857 2281 °
889 2250 1025 2303 ἀλλά
1066 2250 1161 2302 καὶ
1187 2248 1239 2301 οἱ
1270 2247 1549 2318 προφῆται
1592 2244 1879 2316 προκηρύ-

278 2348 493 2414 ξαντες,
527 2348 622 2399 καὶ
649 2343 1102 2416 προμαλάξαντες
1129 2340 1238 2395 τῶν
1267 2339 1575 2411 ἀνθρώπιον
1601 2339 1702 2398 τὰς
1737 2335 1878 2406 γνώ-

279 2457 410 2512 μας,
466 2438 722 2510 χαίρουσι
778 2437 876 2489 σὺν
938 2437 1070 2507 ἡμῖν
1121 2435 1236 2504 τοῖς
1293 2432 1376 2494 εἰς
1426 2430 1704 2503 σωτηρίαν
1750 2431 1878 2494 τοὺς

276 2531 602 2603 ἀνθρώπους
660 2527 1016 2598 ὲιξελκύσασι.
1051 2527 1126 2580 Τὸ
1173 2526 1251 2593 δὲ,
1307 2543 1325 2577 ι
1367 2523 1512 2593 Ἐγὼ
1579 2525 1726 2594 ὑμᾶς
1764 2525 1875 2577 ἁπ-

277 2625 501 2680 έστειλα
524 2624 784 2697 θερίζειν,
804 2623 832 2676 ὃ
853 2622 950 2690 ούχ
976 2622 1134 2691 ὑμεῖς
1155 2618 1548 2682 κεκοπιάκατε,
1565 2637 1582 2670 ι
1607 2618 1696 2672 διὰ
1718 2616 1876 2671 τοῦτό

278 2737 450 2788 φησιν
491 2721 518 2772 6
549 2718 788 2789 Κύριος,
837 2716 904 2769 ἵν’
935 2716 1065 2769 ὅταν
1096 2713 1407 2786 ἀποστέλλῃ
1451 2715 1580 2775 τοὺς
1627 2711 1873 2782 μαθητὰς

273 2813 374 2865 ἐπὶ
404 2813 465 2864 τὸ
503 2791 807 2880 κήρυγμαξ
830 2808 908 2880 μὴ
958 2806 1367 2877 θορυϐηθῶσιν,
1398 2805 1472 2869 ὡς
1518 2807 1598 2868 εἰς
1639 2805 1874 2874 πρᾶγμα

277 2905 538 2958 ἐπίπονον
592 2901 1080 2970 ἀποστελλόμενοι.
1138 2899 1213 2953 Τὸ
1269 2900 1381 2970 γὰρ
1429 2888 1871 2968 ἐπιπονώτερον,

280 2997 468 3066 φησιν,
489 2997 536 3048 οἱ
567 2995 848 3066 προφῆται
873 2993 1217 3058 ἀνεδέξαντο,
1246 2992 1404 3062 ὑμεῖς
1435 2989 1492 3043 δὲ
1525 2990 1618 3046 ἐπὶ
1644 2988 1707 3042 τὸ
1734 2988 1876 3042 ἐτοι-

280 3104 384 3157 μον
428 3085 733 3156 πέμπεσθε.
778 3086 951 3156 Λάγον
985 3085 1043 3138 δὲ
1079 3084 1338 3152 ἀληθινόν
1375 3099 1531 3152 φησι,
1570 3081 1876 3152 παροιμίαν

277 3182 402 3235 τινα
451 3179 898 3250 περιφερομένην
938 3179 1090 3250 παρὰ
1130 3178 1208 3248 τῷ
1241 3177 1472 3247 πλήθει,
1513 3176 1595 3228 ὅτι
1628 3194 1646 3227 ι
1678 3175 1874 3238 ’Ἄλλος

273 3273 424 3324 ἐστὶν
449 3272 752 3341 ὁβπείρων,
773 3274 866 3324 καὶ
889 3270 1045 3334 ἄλλος
1069 3272 1098 3323 6
1127 3269 1379 3341 θερίζων.
1410 3288 1428 3322 ι
1475 3269 1618 3339 Ὅρα
1640 3269 1718 3332 δε,
1755 3268 1873 3332 πῶς
1901 3311 1946 3376 C

278 3365 463 3418 πάντα
489 3363 830 3427 δεσποτικῶς
860 3364 1009 3430 λέγει
1036 3363 1131 3418 καὶ
1165 3362 1616 3430 ὲξουσιαττικῶς·
1654 3381 1673 3414 ι
1735 3363 1877 3431 Ἐγὼ

277 3456 579 3512 ἀπέστειλα
620 3457 775 3526 ὑμᾶς
811 3455 1073 3526 θερίζειν.
1139 3473 1157 3507 ι
1223 3453 1603 3508 ’Δκουέτωσαν
1655 3454 1706 3508 οἱ
1747 3455 1878 3526 περὶ

278 3551 586 3621 Μαρκίωνα
642 3550 734 3601 τὸν
783 3550 1114 3619 κατάρατον,
1152 3548 1251 3601 καὶ
1281 3549 1561 3614 Μλνεντα,
1615 3549 1711 3604 καὶ
1749 3549 1878 3612 τοὺς

274 3643 580 3707 τοιούτους,
627 3641 676 3695 οἳ
707 3642 807 3711 τὴν
849 3641 1096 3695 Παλαιθιν
1131 3639 1410 3712 Διαθήκην
1446 3641 1875 3713 ἀπαλλοτριοῦσι

276 3719 375 3802 τῆς
406 3736 553 3798 Νέας
579 3752 592 3766 ’
636 3733 931 3788 κάντεῦθεν
965 3734 1074 3806 γὰρ
1108 3734 1448 3803 ἐλέγχονται.
1476 3734 1538 3786 Εἰ
1573 3734 1684 3804 γὰρ
1720 3735 1876 3788 ἁλλο-

276 3833 405 3898 τρὶα
433 3825 501 3899 ἦν
525 3831 557 3898 ὴ
587 3828 819 3891 Παλαιὰ,
851 3828 967 3890 πῶς
1001 3830 1048 3885 οἱ
1074 3827 1364 3882 ἀπόστολοι
1401 3827 1656 3896 ἐθέρισαν
1678 3830 1746 3880 τὰ
1767 3828 1876 3880 τῶν

276 3921 613 3992 προφητῶν;
648 3922 814 3976 Ὥστε
849 3924 971 3976 ἐπεὶ
1001 3924 1070 3976 τὰ
1101 3925 1201 3994 τῆς
1237 3922 1481 3984 Παλαιᾶς
1503 3921 1554 3974 οί
1587 3921 1874 3976 ἀπόστολοι

275 4016 558 4085 ἐθέρισαν,
585 4014 686 4067 ούκ
709 4014 969 4084 ἀλλοτρία
997 4016 1096 4085 τῆς
1126 4015 1336 4084 Καινῆς
1360 4016 1638 4088 Διαθήκης
1667 4017 1870 4088 ἐκείνη,

274 4108 396 4160 ἀλλ’
415 4109 728 4180 ἀμφότεραι
755 4108 873 4178 μία.
902 4110 1281 4163 Ἀκουέτωσαν
1305 4111 1400 4164 καὶ
1423 4112 1472 4164 οἱ
1497 4111 1626 4182 περὶ
1647 4112 1874 4183 Ἀρειον

275 4197 398 4260 πῶς
437 4198 510 4260 ῶς
553 4199 757 4268 Κύριος
787 4199 877 4252 καί
909 4199 1267 4271 ὲξουσιαστὴς
1299 4200 1510 4271 πέμπει
1537 4203 1667 4265 τοὺς
1700 4202 1878 4273 μαθη-

272 4293 377 4353 τάς
407 4305 419 4318 '
454 4291 664 4360 πέμπει
697 4291 776 4353 δὲ,
821 4292 906 4344 ἵνα
937 4294 1044 4344 ἀπὸ
1087 4293 1194 4345 τῶν
1229 4295 1432 4361 γηΐνων
1469 4292 1753 4364 θερίσωσι,
1780 4294 1877 4348 καὶ

273 4385 556 4452 ἐκτέμωτι
593 4384 717 4446 τοὺς
752 4401 951 4453 προστε
968 4386 1100 4455 τηκί
1123 4403 1205 4448 ἀς
1245 4387 1429 4446 αὐτοῖς
1468 4388 1564 4440 καὶ
1601 4388 1877 4458 Ἕλληνας

275 4478 372 4531 καρὶ
432 4477 716 4538 Ἰουδαίους
743 4516 754 4537 ,
793 4477 887 4527 καὶ
938 4478 1015 4538 εἰς
1053 4494 1079 4528 τ
1129 4497 1152 4528 ν
1182 4477 1296 4531 ἆλω
1327 4479 1744 4549 ἀποκομίξωσιν
1780 4481 1879 4532 αύ-

274 4573 423 4630 το’;ς,
454 4571 550 4637 τὴν
596 4567 926 4635 Ἐκκλησίαν
971 4569 1054 4635 λέγ
1135 4585 1147 4598 ·
1180 4572 1238 4621 ὲν
1346 4570 1750 4641 γενόμενοιοδιά
1781 4574 1876 4626 τοῦ

1988 675 2323 740 maritanos,
2363 679 2454 747 qni
2492 677 2607 744 jam
2660 679 2955 734 veniebant
2995 680 3062 734 ad
3110 680 3311 749 ipsum.
3354 683 3604 743 Attolhte

1987 766 2156 837 igiiur
2188 769 2379 824 oculos
2412 781 2645 832 vestros.
2676 770 2764 825 vel
2795 772 3114 840 spirituales
3148 773 3231 827 vel
3260 776 3550 832 scnsibiles
3584 817 3601 844 ,

1987 873 2038 917 et
2065 874 2309 932 spectate
2340 865 2746 920 multitudinem
2782 865 3284 932 Samaritanorum,
3310 879 3365 922 et
3387 871 3605 926 animas

1986 955 2227 1026 ipsorum
2267 959 2338 1010 ad
2387 958 2549 1012 [idem
2597 958 2810 1013 alacres
2852 970 2905 1012 et
2946 971 3250 1029 pro:nptas,
3286 977 3408 1029 quae
3439 964 3599 1032 quasi

1989 1050 2237 1129 regiones
2279 1049 2438 1115 albae,
2482 1066 2618 1119 opus
2659 1051 2862 1106 habent
2899 1053 3255 1108 messoribus.
3289 1052 3425 1108 Nam
3455 1057 3604 1110 sicut

1985 1141 2169 1196 aristae
2217 1157 2343 1197 cum
2380 1141 2583 1198 fuerint
2620 1143 2781 1209 albm,
2821 1155 3023 1212 paratae
3077 1156 3204 1200 sunt
3240 1148 3307 1200 ad
3344 1161 3602 1212 messem,

1986 1237 2059 1290 ita
2092 1247 2146 1290 et
2177 1236 2259 1290 ha:
2289 1237 2354 1307 ad
2388 1237 2622 1292 salutem
2663 1247 2790 1291 sunt
2831 1250 3176 1308 praeparate.
3220 1259 3238 1292 ι
3285 1239 3352 1294 Et
3387 1249 3603 1297 metens

1988 1325 2296 1379 mercedem
2323 1327 2544 1396 accipit,
2569 1335 2624 1382 et
2655 1327 2860 1396 colligit
2890 1325 3128 1381 fructum
3157 1329 3209 1381 in
3242 1328 3410 1382 vitam
3443 1343 3604 1385 aucr-

1986 1432 2132 1483 nam,
2184 1426 2238 1472 ut
2279 1427 2334 1472 et
2372 1418 2653 1474 seminans
2685 1419 2847 1473 simul
2883 1420 3152 1486 gaudeat,
3179 1429 3235 1475 et
3271 1433 3482 1476 metens
3524 1441 3536 1476 :
3577 1440 3595 1473 ι

1984 1511 2129 1581 quod
2162 1512 2308 1567 hunc
2331 1527 2556 1567 sensum
2591 1511 2778 1577 habet,
2824 1511 3117 1579 Propheta:
3147 1515 3564 1569 seminaverunt
3585 1553 3601 1578 ,

1983 1605 2078 1659 sed
2117 1619 2222 1658 non
2260 1613 2630 1670 messuerunl,
2681 1619 2856 1674 neque.
2890 1612 3176 1674 propterea
3231 1605 3433 1674 privati
3469 1615 3603 1661 sunt

1983 1695 2305 1765 voluptate,
2355 1696 2449 1750 sed
2485 1695 2772 1750 nobiscum
2821 1694 3076 1749 Iactantur
3106 1694 3182 1768 (a)
3206 1734 3220 1760 ,
3254 1707 3306 1751 et
3347 1697 3605 1766 quamvis

1983 1790 2272 1843 nobiscum
2305 1803 2411 1842 non
2446 1799 2683 1853 metant,
2719 1791 2770 1844 id
2802 1789 2947 1858 quod
2979 1790 3032 1843 in
3065 1790 3425 1846 sensibilibu‘s
3455 1806 3601 1846 mes-

1987 1880 2141 1935 sibus
2191 1895 2295 1936 non
2325 1891 2430 1935 est.
2466 1879 2584 1935 Illic
2619 1881 2764 1934 enim
2805 1880 2848 1934 si
2877 1881 3126 1935 evenerit
3156 1882 3302 1951 quod
3337 1882 3482 1935 alius
3514 1897 3607 1937 se-

1916 1947 1959 2007 Β
1991 1973 2188 2039 minat,
2222 1981 2279 2027 et
2315 1973 2454 2027 alius
2487 1973 2663 2036 metit,
2698 1973 2923 2028 triStitia
2954 1983 3037 2027 est
3082 1988 3190 2027 non
3236 1975 3489 2029 metenti.
3543 1975 3600 2030 In

1989 2067 2369 2136 Spiritualibus
2396 2074 2577 2121 autem
2618 2081 2726 2120 non
2761 2067 2864 2132 sic,
2897 2066 2995 2122 sed
3031 2076 3084 2121 et
3112 2070 3393 2137 propheta:
3435 2078 3603 2124 antea

1987 2160 2446 2231 praedicaverunt,
2476 2170 2527 2214 et
2557 2159 3021 2229 przemolliverunl
3048 2161 3560 2216 hominummcntes
3580 2201 3596 2228 ,

1990 2254 2134 2308 unde
2169 2252 2451 2307 vobiscum
2500 2252 2779 2323 gaudent,
2820 2253 2909 2320 qni
2956 2251 3211 2308 homines
3248 2254 3314 2308 ad
3363 2254 3598 2309 salutem

1987 2348 2199 2414 capitis.
2239 2364 2256 2397 ι
2301 2345 2414 2416 Ego
2446 2361 2543 2401 vos
2575 2356 2759 2399 autem
2797 2349 2919 2402 misi
2966 2356 3024 2400 ut
3058 2347 3282 2402 metatis
3317 2349 3463 2417 quod
3499 2363 3599 2405 vos

1987 2453 2095 2492 non
2121 2437 2467 2502 clnborastis,
2514 2457 2534 2490 ι
2573 2447 2863 2507 propterea
2901 2439 3035 2493 dicit
3064 2438 3348 2506 Dominus,
3386 2453 3456 2493 ne
3517 2442 3604 2495 di-

1986 2531 2178 2602 scipuli
2231 2532 2294 2586 ad
2327 2531 2779 2601 pnedicationem
2815 2533 2968 2588 missi
3007 2532 3299 2588 turbentur
3331 2535 3488 2602 quasi
3532 2535 3601 2586 ad

1988 2641 2102 2680 rem
2141 2623 2411 2679 tiimt'iit‘m
2445 2642 2459 2678 :
2493 2642 2616 2679 nam
2650 2626 2795 2694 quod
2827 2608 3122 2681 onerosum
3148 2634 3289 2690 erat,
3317 2625 3603 2695 propheta

1985 2728 2380 2787 Susceperam;
2421 2733 2518 2772 vos
2543 2727 2724 2773 autem
2765 2719 2820 2773 in
2858 2729 3162 2788 pra‘parata
3191 2719 3496 2773 mittimini.
3529 2721 3601 2773 At

1985 2823 2293 2862 sermonem
2325 2824 2512 2864 verum
2540 2809 2692 2876 dicit,
2718 2811 3071 2878 proverbium
3095 2809 3256 2882 vulgo
3280 2810 3554 2880 jactatum
3581 2825 3596 2864 :

1991 2920 2009 2954 ι
2065 2905 2214 2959 Alius
2242 2913 2326 2959 est
2365 2905 2457 2975 qui
2499 2905 2758 2984 seminat,
2793 2916 2848 2960 et
2895 2905 3037 2961 alius
3071 2907 3164 2976 qui
3198 2907 3376 2962 metit.
3427 2925 3446 2958 ι
3487 2905 3600 2963 0b-

1984 3009 2142 3050 serva
2176 3005 2358 3052 autem
2391 2999 2667 3067 quomodo
2695 2997 2880 3052 omnia
2911 3013 2976 3052 ex
3011 2999 3346 3054 auctoritate
3393 3009 3450 3056 et
3492 3001 3597 3053 do-

1986 3086 2156 3140 minio
2207 3085 2437 3143 indicet.
2477 3105 2494 3138 ι
2539 3088 2649 3158 Ego
2685 3087 2808 3142 misi
2842 3103 2942 3145 vos
2971 3089 3038 3143 ad
3076 3090 3408 3145 metendum.
3440 3109 3459 3142 ›
3489 3090 3602 3146 Au-

1986 3176 2140 3232 diant
2175 3177 2449 3233 maledicti
2478 3178 2818 3235 Marcionita:
2846 3189 2903 3235 et
2932 3180 3245 3248 Manichzei,
3283 3193 3337 3238 et
3363 3183 3596 3248 similes,

1984 3271 2076 3341 qui
2113 3269 2280 3325 Vetus
2327 3268 2742 3326 Testamentum
2781 3286 2810 3326 a
2857 3270 3010 3328 Novo
3046 3273 3361 3329 abalienarit
3411 3291 3427 3332 :
3465 3291 3594 3328 nam

1981 3375 2034 3418 et
2058 3363 2160 3418 hoc
2190 3363 2309 3419 loco
2342 3364 2770 3435 redarguuntur.
2807 3363 3025 3420 Etenim
3056 3365 3100 3420 si
3128 3367 3370 3422 alienum
3397 3367 3600 3422 fuisset

1984 3455 2181 3522 Vetus,
2203 3456 2479 3528 quomodo
2509 3458 2742 3528 apostoli
2778 3459 3142 3514 messuisscnt
3165 3473 3230 3514 ea
3259 3475 3380 3529 quae
3413 3475 3441 3514 a
3471 3475 3598 3528 oro-

1981 3549 2161 3618 phetis
2192 3547 2506 3602 seminata?
2536 3547 2692 3602 Unde
2725 3551 2852 3616 quia
2886 3548 3120 3618 apostoli
3152 3558 3499 3604 messueruut
3526 3561 3593 3602 ea

1979 3656 2101 3711 qua:
2125 3641 2178 3695 in
2202 3637 2412 3704 Veteri,
2441 3656 2546 3696 non
2578 3640 2815 3694 alienum
2845 3650 2928 3694 est
2950 3639 3126 3708 ipsum
3158 3655 3188 3692 a
3215 3638 3368 3694 Novo
3400 3638 3594 3695 Testa-

1983 3745 2167 3789 mento
2191 3741 2222 3798 ,’
2243 3735 2337 3789 sed
2371 3742 2604 3802 utraque
2631 3748 2804 3786 unum
2832 3740 2985 3787 sunt.
3012 3731 3254 3786 Audiant
3286 3743 3339 3788 et
3371 3733 3594 3801 Ariani,

1980 3826 2260 3897 quomodo
2303 3836 2566 3894 tanquam
2606 3823 2870 3880 Dominus
2910 3834 2968 3879 et
3009 3833 3344 3896 potestatem
3384 3827 3598 3899 habens

1981 3923 2162 3976 mittat
2209 3920 2530 3987 discipulos.
2574 3916 2738 3972 Mittit
2769 3927 2952 3970 autem
2989 3924 3047 3972 ut
3081 3917 3148 3973 de
3186 3917 3422 3987 terrenis
3477 3933 3596 3974 me-

1984 4025 2100 4070 tant
2132 4024 2186 4069 et
2215 4023 2482 4067 cxsccent
2525 4027 2620 4066 eos
2655 4011 2749 4082 qui
2787 4009 3022 4066 terrenis
3067 4009 3210 4064 amri
3244 4021 3438 4077 crant,
3484 4021 3594 4066 tam

1980 4107 2212 4178 gentiles
2253 4122 2418 4176 quam
2445 4105 2684 4167 inda-os,
2732 4105 3106 4174 invehantque
3151 4103 3273 4160 illos
3303 4103 3355 4158 in
3383 4119 3593 4170 aream,

1982 4201 2286 4256 Ecclesium
2320 4200 2466 4265 dico,
2506 4201 2557 4253 in
2589 4215 2694 4268 qua
2736 4198 3136 4253 conculcentur
3163 4212 3192 4251 a
3226 4197 3399 4253 bobus
3425 4240 3441 4265 ,
3483 4198 3590 4256 hoc

1981 4303 2064 4350 est
2124 4292 2476 4357 doctoribus;
2513 4301 2566 4347 et
2593 4291 2816 4360 jaceant
2857 4292 2960 4344 sub
2999 4290 3104 4345 illis
3134 4304 3200 4344 ac
3237 4291 3592 4356 triturentur,

1980 4405 2102 4444 cum
2129 4401 2331 4441 omnes
2356 4385 2563 4456 paleas,
2599 4394 2654 4439 et
2707 4384 2848 4454 ignis
2899 4384 3187 4445 fomitem,
3225 4392 3282 4439 et
3317 4385 3586 4454 quidquid

1981 4480 2237 4537 caincum
2272 4489 2374 4545 est,
2413 4478 2737 4548 alajeccrint,
2765 4486 2819 4532 et
2851 4475 2981 4531 facti
3017 4492 3152 4546 pura
3191 4493 3364 4548 grana
3392 4478 3446 4532 in
3473 4492 3593 4534 cm-

1981 4573 2103 4627 lesti
2143 4587 2282 4641 pcnn
2331 4579 2693 4640 reponantur,
2731 4585 2794 4622 ac
2844 4569 3042 4623 deinde
3084 4570 3241 4624 cibus
3289 4571 3420 4624 ﬂant
3472 4571 3592 4635 Dei,

279 4661 544 4718 ἁλοῦοθαι
570 4662 720 4731 παρα
741 4661 848 4712 τῶν
883 4660 1043 4729 βοῶν,
1116 4661 1320 4714 λυτέστι
1374 4662 1482 4716 τῶν
1509 4664 1874 4731 διδασκάλων,

1987 4665 2076 4734 qui
2111 4662 2315 4734 gaudet
2361 4663 2414 4716 in
2463 4661 2643 4716 salute
2671 4675 2886 4714 eorum.
2921 4658 3000 4713 lta
3033 4657 3238 4715 Paulus
3269 4662 3520 4730 messuit,
3567 4678 3598 4718 a

276 4758 376 4808 καὶ
415 4754 736 4806 ὑποκεῖσθαι
772 4755 977 4817 αὺτοῖς,
1007 4754 1305 4824 τρίϐονται,
1341 4755 1434 4806 καὶ
1470 4757 1581 4809 πᾶν
1625 4758 1879 4828 ἀσχυρῶο

274 4853 387 4911 δες,
411 4848 503 4900 καὶ
530 4864 592 4899 σα
605 4848 814 4916 ρκικὸν,
842 4846 937 4899 καὶ
961 4847 1054 4899 τοῦ
1078 4848 1255 4915 πυρὸς
1277 4848 1613 4919 ύπέγκαυμα
1638 4851 1881 4904 ἀποϐαλ-

277 4943 532 5010 λόμενοι,
571 4939 806 5010 καθαροὶ
842 4939 1034 4992 κόκκοι
1070 4943 1136 5009 τῇ
1175 4940 1416 5011 οὐρανίῳ
1483 4941 1744 5015 ἀποθήκη
1791 4947 1880 5000 ὲν-

288 5033 684 5094 αποτίθενται,
719 5030 836 5084 εἶτα
874 5034 968 5085 καί
1018 5033 1215 5103 βρῶμα
1253 5035 1494 5101 γίνονται
1518 5037 1611 5088 τοῦ
1639 5036 1774 5090 Θεοῦ
1810 5041 1877 5109 τῇ

281 5128 534 5201 σωτηρίᾳ
565 5127 773 5178 τούτων
824 5127 1348 5196 ὲνευφραινομένου,
1392 5127 1581 5191 Οὕτως
1612 5131 1639 5181 6
1669 5130 1882 5197 Παῦλος

1987 4751 2132 4813 t‘érra
2183 4759 2476 4819 re‘sccans,
2510 4763 2566 4808 ct
2615 4754 2821 4808 docens
2876 4767 3001 4807 nos-
3035 4752 3179 4822 quod
3226 4754 3601 4823 municipatns

1991 4859 2178 4904 noster
2204 4847 2260 4901 in
2287 4847 2443 4902 cmlis
2467 4847 2541 4900 sit
2569 4846 2639 4900 ¹⁰.
2665 4844 3007 4899 Cavillantur
3031 4853 3212 4899 autem
3238 4846 3458 4912 quidam
3496 4847 3600 4901 hoc

1992 4943 2137 4998 dicto
2174 4941 2353 5010 lepide
2387 4953 2581 5002 senes,
2629 4937 2805 4992 videri
2844 4939 3097 5008 regiones
3132 4937 3278 5006 quod
3315 4937 3454 4992 alba
3490 4939 3604 4993 sint

1993 5039 2059 5092 ad
2094 5049 2324 5092 messem
2349 5073 2364 5098 ,
2397 5042 2620 5104 propter
2651 5046 2820 5086 canos
2849 5031 3081 5094 scilicet,
3111 5041 3166 5086 et
3191 5045 3429 5111 messem
3461 5047 3604 5086 mor-

1937 5189 1941 5194 _
1996 5133 2088 5188 tis.

280 5220 500 5292 ἐθέριζε
534 5222 631 5290 τῆς
654 5222 758 5293 γῆς
791 5221 1137 5290 ἀποτέμνων,
1165 5223 1263 5274 καὶ
1323 5223 1590 5278 διδάσκων
1625 5227 1797 5296 ἡμᾶς,
1869 5234 1952 5288 ὅτι
1985 5234 2046 5286 τὸ
2086 5228 2396 5295 πολίτευμα
2441 5223 2601 5295 ἡμῶν
2639 5223 2697 5275 ὲν
2746 5222 3006 5294 οὐρανοῖς
3037 5221 3295 5291 ὑπάρχει.
3341 5219 3596 5292 Χρῶνται

279 5319 340 5371 δέ
371 5334 516 5380 τινες
543 5316 640 5369 καὶ
670 5317 765 5370 ἐπὶ
794 5316 900 5368 τῶν
931 5317 1207 5384 γερόντων
1237 5319 1540 5388 χαριέντως
1566 5321 1665 5392 τῷ,
1705 5340 1723 5372 ι
1754 5323 2039 5381 Θεάσασθε
2073 5325 2174 5388 τὰς
2205 5319 2414 5394 χώρας,
2460 5321 2544 5374 ὅτι
2615 5317 2808 5371 λευκαί
2868 5317 2977 5369 είσι
3042 5316 3179 5384 πρὸς
3240 5315 3528 5387 θερισμὸν,
3574 5336 3591 5368 ι

280 5411 372 5465 διὰ
397 5410 496 5472 τὰς
520 5409 710 5472 πολιὰς
737 5408 962 5478 δηλαδὴ,
983 5409 1078 5461 καὶ
1103 5409 1193 5461 τὸν
1215 5408 1567 5475 τοῦιθανάτου
1590 5413 1878 5485 θερισμόν.

347 5523 365 5553 ι
409 5504 502 5555 Ἐκ
533 5503 590 5555 δὲ
613 5503 714 5571 τῆς
746 5503 954 5564 πόλεως
989 5503 1204 5571 ἐκείνης
1237 5504 1422 5558 πολλοὶ
1449 5506 1780 5560 ἐπίστευσαν
1807 5513 1916 5574 εἰς.

283 5597 450 5651 αὑτὸν
475 5595 584 5648 τῶν
613 5595 972 5666 Σαμαρειτῶν
1019 5596 1106 5649 διὰ
1146 5598 1238 5650 τον
1284 5597 1439 5665 λόγον
1486 5601 1587 5668 τῆς
1625 5604 1886 5669 γυναικὸς

289 5687 702 5760 μαρτυρούσης,
736 5689 819 5741 ὅτι
838 5681 972 5740 Εἷπέ
991 5706 1080 5757 μοι
1100 5690 1278 5744 πάντα
1291 5691 1654 5763 ὅσαέποίησα.
1691 5694 1776 5759 Ὠς
1795 5691 1889 5749 οὖν

361 5825 408 5858 ⁸⁸
474 5824 706 5896 Philipp.
745 5841 824 5892 ιιι,
865 5824 954 5879 20.

357 5946 437 6014 (a)
474 5944 616 6000 Edit.
655 5943 780 5999 [.ut.
844 5959 950 5997 non
1009 5943 1194 5999 habet.
1262 5944 1347 5996 scil

2076 5507 2241 5564 Vens.
2273 5504 2468 5560 59-42.
2503 5522 2520 5554 ι
2554 5503 2630 5557 Ex
2662 5503 2880 5557 civitate
2903 5513 3086 5557 autem
3104 5501 3204 5556 illa
3229 5500 3383 5555 multi
3415 5499 3606 5554 Sama-

2001 5605 2302 5656 ritanorum
2356 5597 2710 5652 crediderunt
2757 5595 2809 5648 in
2858 5610 2983 5650 eum
3026 5605 3251 5666 propter
3293 5608 3604 5652 sermonem

2007 5714 2038 5750 n
2065 5696 2252 5750 ulicris
2277 5690 2628 5748 testiﬁcantis
2661 5691 2806 5760 quod
2839 5689 3070 5748 dixisset
3101 5688 3205 5746 sibi
3235 5689 3418 5744 omnia
3454 5701 3606 5757 ιιιιίιέ-

1422 5944 1690 5998 noi-isumt
1761 5943 2033 5999 lavantur.
