4052 6548
508 559 644 623 127.1

1370 555 1926 620 THEOPIIYLACT
1935 555 1958 614 Ι
2000 553 2424 620 BULGARIJE
2461 551 2821 616 ARCHIEP.

3649 548 3784 612 12.32

491 692 708 748 cunque
728 675 964 733 fecisset.
999 675 1134 731 Cum
1167 673 1442 728 venissent
1462 689 1592 744 ergo
1617 672 1684 726 ad
1710 673 1858 727 illum
1886 672 2073 728 Sama-

2181 670 2343 745 ἦλῦον
2379 671 2513 742 πρὸς
2545 669 2708 724 αὐτὴν
2733 671 2783 722 οἱ
2813 667 3180 738 Σαμαρεῖται,
3209 665 3440 737 ἠρώτων
3463 665 3631 720 αὐτὸν
3662 671 3756 736 μετ

490 769 676 830 ritani,
709 766 871 838 565
903 773 1230 836 rogaverunt
1259 778 1382 819 eum
1418 773 1475 817 ut
1514 765 1652 832 apud
1685 779 1746 819 se
1777 773 2026 818 maneret
2063 781 2076 816 :

491 867 548 911 et
582 857 781 910 mansit
812 855 885 910 ibi
905 855 1039 910 duos
1061 856 1199 916 dies,
1229 868 1293 907 ac
1320 855 1491 909 multo
1517 853 1698 922 plures
1727 853 2081 908 crediderunt

493 959 714 1018 propter
742 947 1261 1018 sermonemipsius,
1279 960 1331 1000 et
1359 946 1570 1000 mulieri
1619 945 1876 1001 dicebam
1913 963 1928 1001 :
1960 943 2080 999 lam

492 1054 600 1094 non
641 1047 864 1108 propter
913 1047 1061 1092 tuam
1095 1038 1398 1092 orationem
1446 1037 1758 1092 credimus:
1795 1038 1894 1108 ipsi
1935 1037 2080 1093 enim

491 1133 836 1195 audivimus,
871 1140 928 1185 et
955 1131 1162 1187 scimus
1209 1132 1354 1200 quod
1391 1131 1478 1185 hic
1521 1141 1604 1186 est
1652 1146 1778 1188 vere
1830 1131 2082 1186 Salvator

489 1225 675 1278 mundi
703 1223 974 1279 Christus.
1009 1242 1028 1276 ι
1060 1221 1286 1293 Propter
1307 1238 1618 1278 sermonem
1646 1223 1891 1278 mulieris
1917 1223 2073 1278 multi

407 1371 412 1375 _
489 1313 817 1371 Samaritaui
851 1316 1118 1382 credunt,
1151 1325 1339 1386 utpote
1367 1316 1662 1386 prudenter
1696 1315 1838 1384 apud
1881 1329 1941 1370 se
1998 1315 2081 1375 iu-

489 1409 735 1464 dicantes
765 1409 909 1478 quod
941 1409 1111 1463 vitam
1145 1423 1300 1462 suam
1335 1408 1534 1463 mulier
1569 1423 1674 1462 non
1706 1408 1982 1476 vulgasset
2013 1407 2078 1462 ad

488 1499 593 1553 hoc
627 1509 684 1552 ut
714 1497 1117 1568 gratiﬁcaretur
1152 1496 1333 1564 alteri,
1374 1499 1475 1552 nisi
1506 1514 1631 1552 vere
1673 1512 1900 1567 magnus
1957 1498 2079 1567 quis

487 1600 634 1644 esset
676 1599 732 1644 et
779 1604 945 1659 super
995 1590 1198 1644 multos
1263 1590 1355 1658 qui
1389 1591 1456 1643 ab
1508 1589 1598 1643 illa
1656 1589 2074 1659 prmdicabatur.

487 1681 612 1735 Ideo
648 1691 701 1735 et
742 1680 901 1735 tidem
946 1681 1204 1751 operibus
1248 1691 1782 1747 commonstrautes,
1820 1683 2076 1737 obsecra-

489 1773 616 1825 baut
647 1771 794 1825 illum
826 1779 884 1826 ut
910 1784 1173 1844 perpetuo
1196 1775 1338 1845 apud
1372 1775 1517 1842 ipsos
1547 1783 1713 1828 esset.
1744 1793 1767 1834 ,ι
1797 1775 2022 1830 Manere
2051 1793 2070 1827 ι

487 1861 631 1916 enim
681 1862 782 1916 hoc
827 1862 1120 1933 significat,
1171 1876 1493 1932 perpetuum
1550 1863 1886 1917 domicilium
1936 1867 2075 1934 apud

490 1953 611 2008 illos
635 1953 855 2008 habere.
891 1953 1087 2009 Verum
1114 1955 1202 2009 ille
1229 1955 1279 2008 in
1317 1956 1416 2009 hoc
1443 1971 1550 2014 non
1582 1957 1944 2024 obtemperat,
1981 1958 2073 2010 sed

490 2053 556 2098 ad
583 2048 716 2101 duos
747 2057 958 2103 tantum
982 2047 1099 2101 dics
1126 2060 1304 2102 manet
1335 2066 1346 2101 :
1381 2048 1524 2102 unde
1561 2067 1580 2100 ι
1618 2059 1672 2100 et
1701 2048 1868 2102 multo
1892 2049 2074 2118 plures

431 2161 436 2166 ε
487 2138 835 2192 crediderunt
858 2148 1080 2208 propter
1099 2139 1401 2192 doctrinam
1423 2138 1561 2206 ejus.
1599 2158 1616 2190 ι
1647 2139 1886 2195 Tametsi
1911 2156 2072 2195 evan-

486 2230 678 2300 gelista
712 2244 820 2284 non
849 2237 1070 2284 enarret
1106 2230 1476 2301 particulatim
1508 2231 1779 2287 mirabilia
1812 2233 2075 2288 doctrinae

484 2321 600 2390 ejus
631 2322 817 2386 verba,
843 2330 1040 2376 eventu
1069 2331 1247 2375 tamen
1273 2322 1450 2386 docet,
1485 2333 1542 2375 ut
1573 2323 1938 2394 intelligamus
1967 2326 2075 2379 vir—

487 2424 652 2469 tatem
679 2415 876 2469 divinae
914 2414 1061 2470 illius
1089 2414 1372 2469 doctrinae.
1404 2412 1541 2468 Nam
1581 2427 1635 2470 et
1678 2417 1844 2470 multa
1885 2419 1988 2472 alia
2019 2429 2074 2474 et

487 2521 683 2576 magna
714 2517 999 2562 transeunt
1023 2506 1387 2578 evangelista,
1412 2523 1477 2562 eo
1500 2509 1642 2578 quod
1663 2525 1769 2564 uou
1795 2512 1861 2565 ad
1890 2522 2075 2566 osten-

487 2600 768 2660 tationem,
804 2596 902 2652 sed
935 2599 1002 2651 ad
1038 2597 1323 2656 veritatem
1370 2597 1750 2654 declarandam
1803 2603 2072 2657 scribunt.

482 2690 668 2760 itaque
695 2707 818 2746 cum
846 2690 1110 2747 Dominus
1140 2704 1286 2748 esset
1312 2695 1454 2764 apud
1489 2694 1900 2764 Samaritanus,
1932 2700 2073 2754 veri-

483 2783 662 2837 simile
705 2793 788 2837 est
829 2799 951 2837 eum
995 2784 1266 2838 diviniora
1313 2785 1561 2854 quaedam
1609 2785 1893 2853 docuisse;
1933 2792 2073 2844 unde

484 2876 632 2930 nullo
678 2876 797 2930 viso
829 2877 984 2947 sigro
1017 2880 1286 2942 credunt,
1327 2886 1381 2932 et
1419 2879 1710 2934 obsecrant
1741 2890 1798 2934 ut
1834 2891 2069 2935 maneat.

483 2964 653 3022 Judaei
691 2977 871 3021 autem
904 2969 1153 3037 quamvis
1182 2969 1428 3038 pluribus
1459 2971 1803 3026 sermonibus
1829 2981 1881 3026 et
1907 2973 2074 3042 signis

488 3057 822 3123 fruerentur,
861 3061 1037 3113 adhuc
1094 3063 1583 3130 persequebantur,
1631 3062 1876 3134 profecto
1917 3083 1934 3116 ι
1983 3066 2078 3119 iui-

485 3152 610 3204 inici
656 3151 922 3214 hominis,
959 3152 1244 3208 domestici
1278 3153 1394 3222 ejus
1424 3155 1491 3208 ".
1527 3173 1546 3205 ι
1599 3153 1735 3210 Vide
1781 3156 1908 3212 item
1941 3171 2075 3226 quo-

487 3242 644 3296 modo
679 3241 829 3297 brevi
882 3241 1173 3299 multitudo
1218 3245 1490 3315 prmcellat
1537 3261 1657 3301 eam
1705 3263 1735 3302 a
1767 3263 1871 3317 qua
1911 3250 2070 3305 docta

483 3335 664 3390 fuerat
685 3353 699 3389 :
724 3351 830 3390 non
861 3337 1004 3390 enim
1031 3338 1352 3406 prophetam
1378 3347 1595 3404 vocant,
1623 3355 1794 3409 neque
1827 3341 2070 3396 Salvato-
2099 3357 2140 3416 ο

483 3443 598 3483 reus
634 3428 833 3492 Israel,
867 3427 961 3484 sed
991 3429 1178 3484 mundi
1214 3447 1228 3484 :
1266 3441 1322 3486 et
1362 3447 1484 3485 cum
1508 3432 1767 3498 articulo,
1798 3453 1816 3485 ι
1853 3433 1951 3490 llic
1989 3445 2073 3490 cst

487 3523 736 3577 Salvator
759 3564 775 3589 ,
807 3542 827 3574 ι
875 3523 964 3578 ille
997 3523 1219 3593 proprie
1256 3533 1308 3578 et
1332 3540 1460 3580 vere
1509 3526 1819 3584 salvaturus
1860 3543 2071 3583 omnes.

488 3612 764 3668 Venerunt
810 3615 954 3670 enim
1011 3614 1165 3668 multi
1204 3625 1260 3670 ut
1288 3617 1583 3683 salvareul,
1618 3630 1674 3675 et
1700 3619 1804 3685 lex,
1857 3631 1912 3676 et
1953 3638 2076 3692 pro-

483 3707 660 3775 pheta
681 3717 735 3760 et
760 3707 970 3776 angeli;
1008 3709 1103 3762 sed
1142 3707 1229 3762 hic
1257 3717 1340 3763 est
1371 3709 1463 3765 ille
1499 3725 1661 3766 verus
1695 3712 1963 3770 Salvator.

558 3876 719 3932 Vens.
764 3877 956 3932 45-45.
1001 3896 1021 3930 ι
1062 3879 1190 3935 Post
1221 3879 1357 3936 duos
1390 3893 1570 3939 autem
1606 3886 1723 3941 dies
1756 3888 1888 3944 exiit
1921 3889 2068 3956 inde,

480 3979 538 4025 et
567 3970 702 4022 abiit
751 3971 803 4022 in
834 3968 1133 4023 Galilaeam.
1172 3971 1290 4038 Ipse
1335 3975 1480 4026 enim
1533 3973 1690 4030 .lesus
1724 3988 1950 4034 testatus
1989 3990 2072 4034 est

481 4059 623 4126 quod
666 4060 926 4128 pr0pheta
964 4061 1017 4114 in
1046 4076 1160 4133 sua:
1176 4065 1350 4132 patria
1387 4066 1643 4120 honorem
1673 4084 1780 4123 non
1826 4070 2068 4128 haberet.

481 4151 615 4204 Cum
665 4166 794 4222 ergo
838 4153 1079 4208 venisset
1127 4154 1179 4206 iu
1216 4153 1526 4224 Galilmam,
1579 4173 1911 4230 exceperunt
1946 4178 2069 4218 eum

484 4242 718 4309 Galilzei,
739 4260 858 4298 cum
882 4245 1066 4299 omnia
1092 4247 1355 4303 vidissent
1383 4265 1502 4318 qua:
1531 4249 1737 4306 fecerat
1755 4254 2070 4326 Hierosoly-

483 4340 584 4389 mis
629 4339 678 4390 in
721 4338 808 4392 die
837 4337 1013 4403 festo;
1056 4356 1182 4394 nam
1212 4351 1264 4395 et
1292 4342 1390 4409 ipsi
1429 4354 1690 4398 venerant
1717 4346 1784 4401 ad
1820 4350 1960 4402 diem
1991 4349 2068 4404 fe-

481 4436 645 4480 stum.
686 4445 702 4477 ι
739 4428 870 4480 Cum
905 4428 1115 4482 exisset
1145 4445 1172 4481 a
1211 4430 1456 4484 Samaria
1489 4421 1752 4490 Dominus
1779 4476 1792 4500 ,
1837 4435 1888 4489 in
1917 4437 2066 4495 Gali-

483 4518 636 4572 lmatn
660 4520 980 4589 digreditur.
1010 4522 1214 4577 Deinde
1239 4539 1304 4578 ne
1332 4527 1454 4593 quis
1504 4527 1750 4596 inquirat
1778 4539 1831 4583 et
1864 4532 2069 4586 dubitet

482 4627 649 4678 quare
675 4627 778 4665 non
806 4627 1024 4682 semper
1050 4625 1263 4669 maneat
1294 4617 1346 4670 in
1371 4616 1614 4683 Galilaea,
1651 4622 1744 4674 sed
1784 4636 1878 4690 per
1904 4624 2069 4678 inter-

2184 783 2274 820 ναι
2305 764 2438 834 παρ’
2468 763 2655 826 αὐτοῖς
2675 775 2690 789 ·
2724 759 2821 814 καὶ
2853 758 3073 829 ῑμιινιν
3105 760 3225 812 ἔπεϊ
3269 758 3367 811 δύο
3410 757 3650 828 ἡμέρας,
3689 759 3788 811 καὶ

2185 855 2364 926 πολλῷ
2393 854 2611 917 πλείους
2634 853 2972 906 ιπίστιυσαν
2991 851 3080 904 διὰ
3107 857 3200 905 τὸν
3225 851 3386 918 λόγον
3415 849 3613 904 αὑτοῦ·
3633 852 3700 920 τῇ
3725 867 3787 903 τι

2184 949 2406 1017 γυναικὶ
2437 946 2624 1012 ελεγον
2648 987 2662 1012 ,
2693 945 2775 999 ὅτι
2829 945 2945 998 Οὐκ
2977 943 3059 997 ἔτι
3089 944 3179 996 διὰ
3206 944 3306 1014 τὴν
3337 943 3438 1013 σὴν
3468 942 3664 996 λαλιὰν
3693 960 3787 995 πι-

2185 1040 2469 1109 στεύομενσ
2515 1038 2672 1094 αὐτοὶ
2727 1035 2838 1108 γὰρ
2885 1035 3229 1106 ἀκηκόαμεν,
3281 1035 3379 1089 καὶ
3415 1035 3663 1106 οἴδαμεν,
3700 1035 3786 1089 ὅτι

2181 1127 2338 1197 οὗτός
2365 1134 2515 1184 ἐστιν
2541 1129 2757 1200 άληθῶς
2775 1131 2803 1183 ὁ
2830 1126 3025 1200 Σωτὴρ
3046 1128 3141 1182 τοῦ
3166 1127 3377 1195 κόσμου
3399 1129 3427 1180 ό
3459 1129 3722 1198 Χριστός.
3764 1146 3784 1179 ι

2183 1224 2282 1278 Διά
2320 1223 2412 1276 τὸν
2453 1223 2610 1290 λόγον
2661 1219 2763 1290 τῆς
2800 1221 3061 1289 γυναικὸς
3099 1218 3452 1278 πιστεύουσιν
3492 1220 3544 1271 οί
3591 1219 3790 1289 Σαμα-

2187 1321 2366 1389 ρεῖται
2389 1359 2404 1384 ,
2439 1316 2514 1380 ὡς
2548 1315 2759 1371 συνετοὶ
2789 1314 2922 1385 παρ’
2952 1313 3166 1376 ἑαυτοῖς
3212 1311 3540 1384 κρίναντες,
3575 1310 3652 1374 ὡς
3684 1309 3792 1364 οὐκ

2189 1411 2257 1465 ἂν
2285 1410 2378 1463 τὸν
2409 1410 2608 1463 οἰκεῖον
2644 1407 2759 1478 βίον
2791 1408 2824 1477 ὴ
2875 1405 3012 1475 γυνὴ
3054 1406 3469 1475 ἑξεπόμπευσεν
3500 1403 3646 1474 ὑπὶρ
3689 1402 3788 1456 τοῦ

2184 1501 2521 1572 χαρίσασθαι
2557 1500 2766 1570 ἑτέρῳ,
2804 1499 2854 1551 sl
2889 1500 2964 1568 μὴ
3000 1498 3219 1569 ἀληθῶς
3256 1498 3432 1567 μέγας
3462 1514 3549 1560 τις
3587 1491 3660 1566 ἦν
3688 1497 3789 1550 καὶ

2183 1594 2324 1662 ὑπὲρ
2353 1591 2478 1654 τοὺς
2505 1590 2733 1652 πολλοὺς
2759 1592 2786 1642 ὁ
2812 1589 2904 1642 ὑπ’
2926 1589 3098 1657 αὐτῆς
3124 1588 3553 1660 κηρυττόμενος
3579 1585 3663 1640 διδ
3683 1586 3787 1639 καὶ

2181 1685 2281 1755 τὴν
2309 1685 2495 1736 πίστιν
2517 1684 2626 1744 τοῖς
2661 1683 2842 1749 ἔργοις
2876 1679 3206 1744 δεικνύντες,
3239 1679 3589 1748 παρεκάλουν
3615 1679 3786 1733 αὑτὸν

2179 1773 2246 1825 δι’
2267 1772 2390 1826 ὅλου
2416 1772 2546 1841 παρ’
2571 1772 2786 1832 ἑαυτοῖς
2812 1765 2973 1824 εἶναι·
3005 1769 3066 1822 τὸ
3093 1771 3221 1842 γὰρ,
3253 1788 3272 1821 t
3311 1771 3518 1838 μεῖναι,
3555 1787 3574 1820 ι
3622 1768 3785 1824 τοίτο

2181 1868 2436 1938 σημαίνει
2471 1867 2532 1918 τὸ
2594 1865 2922 1934 κατοικῆσαι
2958 1863 3181 1927 τελείως
3220 1863 3348 1934 παρ’
3376 1864 3586 1926 αὐτοῖς.
3638 1862 3698 1916 '0
3725 1863 3785 1916 δλ

2179 1958 2339 2012 τοῦτο
2368 1959 2469 2028 μὲν
2495 1959 2556 2012 οὐ
2593 1958 2844 2011 πείθεται
2868 1999 2883 2022 ,
2913 1957 3008 2010 δύο
3035 1956 3092 2010 δὲ
3138 1957 3306 2028 μόνας
3342 1956 3559 2026 ἡμέρας
3603 1957 3782 2024 μένει·

2178 2051 2302 2104 ὅθεν
2355 2049 2452 2103 καὶ
2494 2050 2673 2113 πολλῴ
2708 2050 2930 2111 πλείους
2966 2047 3150 2101 αὐτῶν
3185 2048 3520 2100 ὶπίστευσαν
3561 2047 3652 2100 διὰ
3681 2047 3785 2117 τὴν

2176 2141 2529 2193 διδασκαλίαν
2561 2139 2750 2196 αὑτοῦ.
2778 2139 2884 2190 Καὶ
2911 2138 3022 2207 γὰρ
3042 2140 3070 2191 ὁ
3093 2137 3494 2206 εὖαγγελιστὴς
3523 2137 3626 2188 οὐκ
3652 2137 3785 2205 ἑξη-

2177 2235 2358 2300 γεῐται
2415 2232 2483 2285 τὰ
2544 2233 2686 2285 κατὰ
2743 2231 2907 2302 μέρος
2961 2229 3252 2300 θαυμαστὰ
3285 2229 3386 2298 τῆς
3423 2227 3782 2290 διδασκαλίας

2178 2323 2348 2377 αὐτοῦ
2396 2325 2658 2396 ῥήματα,
2696 2322 2810 2375 ἀλλ’
2847 2323 2979 2393 ἡμῖν
3029 2339 3093 2388 γε
3137 2321 3324 2374 δίδωσι
3376 2322 3520 2373 νοεῖν
3571 2323 3638 2373 ἐκ
3683 2319 3816 2372 τοῦ“

2177 2417 2367 2480 τέλους
2400 2418 2505 2469 τῶν
2540 2416 2887 2485 πραγμάτων
2914 2415 3012 2485 τὴν
3035 2413 3267 2484 δύναμιν
3299 2413 3398 2482 τῆς
3431 2413 3583 2476 θείας
3610 2413 3782 2468 αὐτοῦ

2177 2510 2548 2570 διδασκαλίας.
2588 2507 2766 2560 Πολλὰ
2793 2508 2904 2578 γάρ
2937 2524 3016 2560 τοι
3041 2507 3140 2563 καὶ
3168 2508 3277 2560 τῶν
3303 2507 3562 2576 μεγάλων
3596 2521 3785 2575 παρα-

2177 2603 2467 2674 τρέχουσιν
2503 2603 2549 2654 ol
2579 2601 2988 2668 εὖαγγελισταὶ,
3014 2602 3096 2653 ὅτι
3128 2599 3204 2671 μὴ
3231 2599 3368 2669 πρὸς
3393 2597 3659 2662 ἐπίδειξιν
3681 2599 3784 2651 καὶ

2178 2691 2492 2761 φιλοτιμίαν
2510 2691 2833 2760 γράφουσιν,
2858 2689 2995 2744 ἀλλὰ
3023 2690 3160 2760 πρὸς
3181 2690 3466 2760 ἀλήθειαν.
3493 2691 3605 2744 Καὶ
3624 2691 3782 2761 παρὰ

2175 2785 2290 2846 τοῖς
2338 2784 2714 2853 Σαμαρείταις
2760 2780 2854 2834 οὖν
2899 2785 3198 2851 γενόμενον
3233 2781 3328 2834 τὸν
3376 2779 3586 2851 Κύριον
3626 2779 3781 2842 εἰκὸς

2177 2876 2429 2943 θειότερά
2453 2891 2575 2927 τινα
2616 2874 2847 2940 διδάξαι·
2884 2873 3007 2928 ὅθεν
3036 2873 3158 2926 οὐδὲ
3196 2875 3424 2943 σημεῖον
3453 2871 3612 2925 οὐδὲν
3637 2871 3780 2924 ίδὸν-

2179 2983 2291 3031 τες,
2339 2965 2659 3018 πιστεύουσι
2709 2968 2802 3019 καὶ
2831 2964 3218 3035 παρακαλοῦσι
3269 2965 3477 3034 μένειν.
3530 2964 3781 3017 Ἰουδαῖοι

2179 3059 2235 3114 δὲ
2257 3058 2354 3111 καὶ
2380 3059 2556 3124 λόγων
2581 3059 2794 3128 μυρίων
2825 3060 2922 3111 καὶ
2953 3058 3198 3129 σημείων
3227 3056 3778 3118 καταπολαύσαντες,

2178 3150 2259 3204 ἔτι
2296 3149 2541 3212 ἐδίωκον,
2575 3149 2745 3211 ὄντως
2779 3167 2797 3200 ι
2839 3149 3022 3220 ἐχθροὶ
3049 3148 3146 3201 τοῦ
3173 3147 3465 3218 ἀνθρώπου
3495 3149 3544 3200 οί
3567 3150 3775 3201 οἰκεια-

2179 3241 2265 3290 xol.
2287 3238 2474 3294 αὑτοῦ.
2521 3256 2540 3288 ι
2580 3240 2720 3307 Ὅρα
2750 3237 2804 3292 δέ
2835 3255 2924 3308 μοι
2958 3239 3128 3292 πόσον
3157 3237 3331 3308 βραχὺ
3355 3239 3413 3291 τὸ
3444 3239 3655 3308 πλῆθος
3678 3239 3776 3310 τὴν

2177 3332 2467 3399 διδάξασαν
2501 3331 2701 3394 αὖτοὺς
2737 3331 3200 3400 ὑπερηκόντισαν.
3235 3333 3310 3385 Οὐ
3343 3331 3450 3402 γὰρ
3483 3333 3776 3403 προφήτην

2176 3426 2341 3478 αὑτὶν
2369 3423 2644 3490 λίγουσιν,
2678 3422 2800 3476 οὐδὲ
2835 3423 3066 3493 Σωτῆρα
3091 3423 3186 3476 τοῦ
3237 3423 3475 3494 Ἰσραὴλ,
3508 3425 3648 3477 ἀλλὰ
3678 3425 3773 3477 τοῦ

2176 3521 2406 3590 κόσμου,
2441 3520 2534 3571 καὶ
2569 3518 2709 3588 μετὰ
2744 3517 2839 3571 τοῦ
2878 3518 3104 3588 ἄρθρου,
3159 3537 3177 3568 ‹
3213 3512 3385 3582 Οὗτός
3420 3520 3572 3572 ἐστιν
3606 3520 3636 3572 ὁ
3667 3520 3773 3572 Σω-

2175 3612 2300 3683 τὴρ,
2338 3631 2355 3663 ι
2395 3614 2422 3665 ὁ
2451 3613 2655 3681 κυρίως
2689 3612 2782 3664 καὶ
2823 3611 2899 3681 τῷ
2929 3611 3042 3664 ὄντι
3077 3612 3256 3674 σώσας
3293 3615 3530 3676 πάντας.
3566 3609 3775 3666 Ἷίλθον

2179 3706 2278 3773 μὲν
2304 3703 2414 3774 γὰρ
2447 3705 2631 3757 πολλοὶ
2663 3707 2856 3771 σῶσαι,
2888 3705 2981 3758 καὶ
3006 3706 3190 3775 νόμος,
3221 3705 3314 3758 καὶ
3345 3706 3652 3776 προφῆται,
3681 3707 3776 3759 καὶ

2175 3797 2418 3865 amisi,
2445 3797 2561 3850 ἀλλ’
2592 3791 2748 3858 οὗτός
2778 3800 2927 3851 ἐστιν
2957 3801 2985 3851 ὁ
3014 3779 3272 3866 unum;
3310 3799 3526 3868 Σωτήρ.

2253 3909 2270 3940 ι
2307 3891 2462 3944 Μετὰ
2511 3889 2566 3942 δὲ
2615 3890 2714 3953 τὰς
2759 3890 2852 3942 δύο
2881 3891 3100 3961 ἡμέρας
3130 3890 3358 3960 ἐξῆλθεν
3389 3892 3639 3956 ἐκεῖθεν,
3675 3893 3772 3946 καὶ

2175 3983 2417 4050 ἁπῆλοεν
2475 3984 2555 4045 είς
2607 3983 2706 4053 τὴν
2739 3982 3067 4037 Γαλιλαίαν
3121 3985 3284 4040 αὐτὸς
3333 3985 3444 4056 γὰρ
3478 3987 3507 4038 ὁ
3563 3985 3774 4055 Ἰησοξς

2176 4075 2602 4145 ἐμαρτύρησεν,
2643 4077 2725 4128 ὅτι
2762 4078 3049 4146 προφήτης
3082 4078 3139 4130 ὲν
3179 4081 3245 4148 τῇ
3290 4079 3396 4149 ἰδίᾳ
3432 4081 3656 4149 πατρίδι
3691 4097 3773 4132 τι-

2177 4166 2284 4236 μὴν
2329 4167 2430 4218 οὐκ
2477 4165 2611 4236 ἔχει.
2647 4167 2778 4220 Ὅτε
2825 4164 2920 4221 οὖν
2967 4165 3132 4239 ἦλθεν
3170 4173 3251 4232 εις
3297 4172 3398 4242 τὴν
3452 4172 3770 4232 Γαλιλαίαν,

2173 4255 2424 4321 ἐδέξαντο
2472 4258 2634 4309 αὑτὸν
2671 4259 2721 4310 oi
2754 4257 3065 4324 Γαλιλαῖοι,
3104 4260 3281 4312 πάντα
3332 4261 3643 4332 ἑωρακότες
3671 4263 3773 4315 ὅσα

2171 4347 2431 4418 ἐποίησεν
2450 4351 2508 4400 ὲν
2543 4348 2942 4420 Ἱεροσολύμοις
2969 4353 3028 4404 ὲν
3054 4356 3118 4422 τῇ
3146 4355 3328 4423 ἑορτῇ’
3355 4355 3447 4406 καὶ
3476 4356 3635 4407 αὐτοὶ
3661 4356 3774 4425 γὰρ

2169 4433 2336 4510 ἦλθον
2362 4442 2441 4503 είς
2470 4441 2568 4511 τὴν
2614 4443 2830 4512 ἑορτήν.
2878 4461 2896 4494 ι
2941 4444 3205 4507 Ἑξελθὼν
3246 4445 3355 4498 ἀπὸ
3397 4447 3713 4518 Σαμαρείας
3740 4452 3771 4501 ὁ

2173 4533 2405 4603 Κύριος,
2436 4535 2514 4598 είς
2542 4535 2643 4603 τὴν
2683 4536 2973 4590 Γαλιλαίαν
3008 4541 3332 4608 ἀπέρχεται.
3373 4539 3531 4606 Εἶτα,
3568 4543 3656 4594 ἵνα
3693 4542 3768 4616 μὴ

2170 4623 2404 4696 ἐξετάζῃ
2442 4642 2561 4690 τις,
2603 4627 2699 4679 καὶ
2731 4627 2964 4699 διαπορῇ
2992 4670 3005 4689 ,
3045 4632 3190 4693 τίνος
3234 4633 3424 4685 ἕνεκεν
3457 4635 3559 4686 οὐκ
3603 4638 3661 4688 ἐν
3703 4639 3771 4706 τῇ

479 4704 616 4756 valla
651 4704 1028 4773 peregrinetur
1057 4708 1201 4776 apud
1233 4725 1350 4774 eos,
1383 4711 1623 4766 maxime
1663 4728 1788 4768 cum
1823 4715 2065 4772 videatur

2177 4715 2435 4788 Γαλιλαίᾳ
2465 4718 2553 4770 ἀεὶ
2584 4713 2673 4784 ἦν,
2705 4720 2820 4772 ἀλλ’
2850 4723 2914 4774 ἐκ
2941 4721 3337 4794 διαλείμματος
3371 4727 3554 4788 αὐτοῖς
3582 4704 3770 4796 ἑτειιῖηζ

478 4810 598 4848 esse
627 4810 691 4848 ex
718 4796 940 4852 Galila'a
969 4816 982 4852 :
1015 4801 1146 4854 dicit
1176 4805 1322 4870 quod
1349 4815 1642 4874 propterea
1671 4822 1773 4859 non
1808 4814 2068 4866 manserit

482 4885 533 4937 iu
587 4884 832 4953 Galilma,
877 4892 1001 4959 quia
1037 4892 1242 4947 nullum
1277 4894 1537 4950 honorem
1577 4897 1652 4950 illi
1682 4900 2067 4959 exhibuerant.

487 4997 502 5026 ι
539 4979 657 5047 lpse
682 4983 827 5034 enim
859 4981 1017 5039 Jesus
1037 4993 1268 5041 testatus
1289 4988 1400 5041 fuit
1429 4992 1570 5058 quod
1602 4983 1864 5061 propheta
1896 4997 1948 5049 iu
1974 5013 2069 5051 sua

479 5073 650 5138 patria
683 5075 734 5126 in
775 5075 982 5130 honore
1013 5092 1119 5132 nou
1163 5079 1256 5133 sit.
1297 5099 1315 5133 ι
1351 5081 1748 5140 Cousuevimus
1795 5089 1937 5142 enim
1974 5107 2072 5146 nos

479 5165 728 5221 homines
755 5179 1107 5226 contemnere
1149 5186 1210 5224 ea
1239 5188 1358 5241 qua:
1386 5176 1539 5230 valde
1571 5175 1858 5234 familiaria
1886 5223 1899 5244 ,
1931 5198 2072 5237 sem-

482 5271 576 5322 per
614 5259 783 5326 magis
823 5263 1170 5319 attendentes
1195 5265 1386 5320 alienis
1419 5276 1468 5321 et
1503 5268 1762 5325 insolitis.
1798 5271 1936 5337 Quid
1968 5277 2067 5344 igi-

482 5347 608 5398 tur?
633 5347 746 5402 Non
773 5351 1020 5408 videmus
1047 5358 1211 5409 etiam
1237 5358 1435 5413 multos
1461 5363 1601 5430 apud
1631 5378 1758 5417 suos
1788 5365 1838 5418 in
1866 5365 2069 5422 honore

482 5438 708 5492 haberi?
751 5441 893 5496 Sane
929 5444 1032 5499 hoc
1068 5448 1221 5501 valde
1256 5465 1460 5505 rarum.
1491 5453 1546 5507 Si
1599 5465 1779 5510 autem
1823 5461 2065 5514 nonnulli

481 5531 828 5586 inveniuntur
874 5536 965 5604 qui
1004 5538 1055 5589 in
1091 5540 1261 5604 patria
1295 5557 1387 5594 sua
1432 5543 1481 5595 in
1721 5549 1926 5603 honore
1969 5550 2067 5604 ha-

480 5621 695 5693 bentur,
746 5624 916 5677 utulto
959 5628 1129 5696 magis
1177 5629 1226 5682 in
1260 5641 1398 5685 terra
1430 5635 1602 5690 aliena
1636 5655 1647 5688 ε
1687 5639 1756 5690 ila
1787 5651 1842 5692 ut
1887 5642 2060 5696 honor

478 5715 565 5779 qui
599 5717 674 5765 eis
710 5716 758 5766 in
800 5720 970 5783 patria
1007 5719 1368 5787 impenditur,
1402 5726 1445 5778 si
1480 5727 1794 5783 conferatur
1823 5747 1945 5785 cunt
1995 5748 2059 5787 eo

480 5805 570 5874 qui
603 5807 652 5858 in
685 5818 825 5860 terra
860 5811 1060 5877 aliena,
1096 5814 1387 5881 ignominia
1415 5830 1533 5873 esse
1563 5818 1889 5878 inveniatur.
1925 5823 2058 5880 Nam

549 5987 590 6016 θ’
628 5987 787 6046 Mich.
826 6009 918 6054 \‘ll,
946 5995 996 6047 6.

2172 4811 2282 4878 μεϊ,
2320 4811 2414 4862 καὶ
2442 4810 2613 4864 ταῦτα
2645 4813 2710 4864 ἐκ
2739 4815 2837 4883 τῆς
2861 4815 3155 4876 Γαλιλαίας
3186 4813 3327 4870 εἶναι
3355 4819 3550 4882 δοκῶν,
3581 4827 3769 4891 φησὶν,

2168 4901 2250 4952 ὅτι
2283 4893 2373 4952 διὰ
2400 4899 2559 4954 τοῦτο
2586 4903 2684 4955 οὐκ
2708 4905 2766 4955 ὲν
2791 4908 2856 4973 τῇ
2892 4905 3151 4978 Γαλιλαία
3177 4910 3478 4978 παρέμενε,
3507 4913 3645 4964 διότι
3678 4916 3768 4965 οὐ·

2167 4991 2362 5061 δεμίαν
2398 4993 2560 5064 τιμὴν
2597 4996 2730 5065 πρὸς
2764 4997 2928 5050 αὐτὸν
2956 4999 3350 5056 ἐνεδείκνυντο.
3397 5021 3413 5053 ι
3451 5006 3626 5068 Αὐτὸς
3658 5007 3769 5075 γὰρ

2169 5089 2198 5139 ὁ
2264 5085 2470 5154 Ἰησοῦς
2510 5087 2932 5157 ἐμαρτύρησεν,
2989 5091 3071 5143 ὅτι
3114 5095 3402 5165 προφήτης
3446 5098 3503 5148 ἐν
3554 5102 3618 5167 τῇ
3661 5102 3767 5169 ἰδίᾳ

2173 5178 2398 5248 πατρίδι
2429 5178 2624 5248 ἄτιμός
2655 5181 2820 5234 ἐστιν.
2861 5201 2878 5232 ι
2920 5184 3208 5254 Είώθυμεν
3253 5187 3360 5258 γὰρ
3399 5190 3451 5240 οἱ
3482 5193 3767 5259 ἄνθρωποι

2168 5269 2279 5322 τῶν
2319 5271 2376 5322 ὲν
2425 5271 2684 5343 συνηθείᾳ
2735 5279 3120 5346 καταφρονεῖν,
3163 5281 3251 5332 ἀεὶ
3300 5285 3414 5344 τοίς
3453 5284 3631 5349 ξένοις
3674 5289 3765 5339 καὶ

2167 5362 2363 5432 ἀηθέσι
2413 5363 2792 5432 προσέχοντες.
2835 5369 2899 5420 Τί
2941 5366 3073 5437 οὖν;
3117 5373 3230 5442 Οὐχ
3260 5375 3480 5444 ὁρῶμεν
3537 5380 3765 5442 πολλοὺς

2167 5455 2262 5507 καὶ
2286 5457 2437 5526 παρα
2469 5459 2583 5520 τοῖς
2607 5461 2828 5523 οίκεῖοις
2854 5466 3228 5534 τιμωμένουςς
3258 5468 3512 5522 Μάλιστα
3552 5473 3651 5540 μὲν
3671 5469 3764 5526 οὖν

2169 5551 2396 5602 σπάνιον
2433 5551 2494 5603 τὸ
2536 5554 2800 5608 τοιοῦτον
2834 5557 2881 5607 εί
2903 5557 2961 5610 δέ
2987 5558 3088 5610 που
3124 5577 3268 5624 τινες
3293 5562 3574 5632 εὑρεθεῖεν
3605 5571 3662 5619 ἐν
3694 5572 3765 5639 τῇ

2168 5643 2386 5711 πατρίδι
2439 5645 2774 5714 τιμώμενοι,
2827 5650 3006 5719 πολλῷ
3049 5654 3252 5722 μᾶλλον
3287 5658 3346 5707 ἐν
3389 5661 3456 5727 τῇ
3504 5661 3764 5732 diale:qu

2169 5735 2606 5806 τιμηθήσονται,
2649 5741 2788 5794 ὥστε
2820 5749 3218 5817 συγκρινομένη
3254 5751 3284 5817 ή
3330 5751 3387 5804 ἐν
3427 5755 3494 5822 τῇ
3543 5756 3761 5824 πατρίδα

2172 5830 2303 5899 τιμὴ
2345 5835 2479 5902 πρὸς
2509 5834 2608 5904 τὴν
2636 5837 2691 5889 ἐν
2726 5839 2787 5907 τῇ
2831 5837 3113 5912 ἀλλοτρίᾳ,
3145 5843 3340 5913 ἀτιμία
3371 5847 3761 5918 εὑρεθήσεται.
