4052 6556
247 541 384 606 1233

933 534 1079 595 ENA
1093 533 1382 592 RRATIO
1421 532 1498 592 IN
1537 529 1843 592 EVANGE

1954 528 2047 589 JM
2097 524 2445 588 JOANNIS.
2488 550 2560 562 ·-
2598 523 2757 586 CAP.
2799 522 2896 584 IV.

3421 517 3565 584 125-1

257 663 314 712 ὐ
345 658 455 728 γάρ
484 673 569 709 τοι
603 656 820 724 φθόνος,
855 654 966 715 τοῖς
995 649 1452 721 συμπατριώταις
1480 647 1542 700 οὑ
1574 646 1845 716 συγχωρεῖ

1959 642 2162 698 imidia
2215 639 2599 713 compatriotis
2641 656 2746 694 non
2779 639 2911 693 sinit
2947 651 3247 706 congruum
3295 637 3589 692 honorem

245 751 343 821 τὴν
384 749 774 820 προσήκουσαν
801 744 970 814 τιμὴν
1003 743 1321 796 ἀποδιδόναι
1347 782 1362 807 ,
1391 742 1509 794 ἀλλ’
1541 738 1848 808 ὑφειμένην

245 847 343 915 τὴν
369 842 581 911 ταύτην
616 839 985 902 ἀποδιδόασιν,
1013 837 1278 908 αἰσχύνην
1313 835 1522 889 οίκείαν
1551 832 1848 904 ἡγούμενοι

245 938 343 1009 τὴν
367 934 464 989 τοῦ
491 931 767 1004 ὁμοφύλου
793 930 1173 1000 εὐδοκίμησιν.
1218 927 1461 980 Ἐλθόντι
1499 922 1592 980 οὖν
1627 925 1706 996 τῷ
1738 925 1851 978 Κυ-

250 1030 352 1100 ρίῳ
376 1029 456 1090 εἰς
481 1024 776 1078 Γαλιλαίαν
801 1023 1130 1075 ἐπίστευσαν
1152 1023 1202 1074 oi
1225 1021 1524 1085 Γαλιλαῖοι,
1551 1019 1620 1072 τὰ
1643 1019 1851 1088 σημεῖα

250 1125 453 1184 ἰδόντες
485 1118 521 1173 ἃ
552 1118 811 1188 εποίησεν
837 1120 896 1172 έν
938 1114 1358 1184 Ἱεροσολύμοις.
1395 1113 1542 1183 Πλὴν
1575 1113 1622 1165 oi
1660 1114 1849 1182 Σαμα-

251 1216 429 1284 ρεῖται
459 1210 858 1282 δοκιμώτεροι,
889 1213 938 1262 οί
982 1209 1078 1262 καὶ
1115 1210 1285 1279 χωρὶς
1330 1207 1578 1278 σημείων
1624 1204 1851 1259 πιστεύ-

251 1322 447 1368 σαντες
473 1306 580 1357 ἀπὸ
610 1304 702 1356 τοῦ
744 1303 903 1370 λόγου
935 1305 1030 1371 τῆς
1063 1302 1343 1370 γυναικός.
1375 1301 1520 1370 Ὅρα
1551 1299 1608 1353 δὲ
1638 1315 1849 1351 παντα-

251 1395 346 1463 χοῦ
375 1398 499 1458 τοὺς
541 1395 886 1464 ἀπο6”·.ήτους
932 1394 1034 1466 μὲν
1072 1392 1390 1455 δοκοῦντας,
1424 1390 1850 1462 εὐδοκιμοῦντας

249 1493 308 1540 ἐν
343 1492 406 1559 τῇ
436 1491 618 1541 πίστει
668 1488 1022 1558 Σαμαρείτας
1054 1487 1201 1555 λέγω
1235 1491 1330 1539 καὶ
1355 1485 1696 1540 Γαλιλαίουεσ
1731 1485 1851 1552 (καὶ

249 1587 359 1651 γὰρ
400 1583 494 1635 7.3.1
524 1581 748 1642 τούτους
775 1579 1088 1644 έξουθένουει
1119 1581 1193 1643 ὼς
1217 1579 1608 1649 ἀγροικότερον
1638 1579 1850 1636 διακει-

253 1678 474 1747 μένους·
507 1675 587 1727 6:6
618 1675 711 1728 καὶ
751 1660 960 1742 ἔλεγον,
994 1675 1074 1728 ὅτι
1105 1693 1123 1725 ι
1157 1674 1451 1745 Προψήτης
1476 1675 1541 1725 ὲκ
1569 1674 1668 1740 τῆς
1698 1671 1852 1725 Γαλι-

248 1768 411 1830 λαίας
443 1768 545 1820 οὐκ
578 1767 924 1839 ἐγήγερται).
976 1787 993 1818 ι
1060 1769 1185 1830 τοὺς
1219 1769 1274 1819 δὲ
1307 1768 1600 1830 ἐκλεκτοὺς
1639 1769 1853 1837 νομιζο-

253 1863 472 1933 μένους,
497 1861 1000 1930 ἁποῦαλλομένους,
1031 1856 1135 1913 οἷοι
1160 1857 1303 1930 ἦσαν
1327 1863 1376 1914 oi
1411 1860 1851 1930 Ἱεροσολυμῖται

262 1953 526 2012 Ἰουδαῖοι,
574 1953 810 2016 Εἰκότως
833 1953 942 2023 ἄρα
979 1953 1069 2006 καὶ
1090 1955 1139 2005 οἱ
1162 1952 1370 2006 ἐθνικοὶ
1406 1951 1847 2023 παρεδέχθημεν.

261 2048 352 2098 ’ῐίν
376 2047 486 2116 γὰρ
521 2049 586 2116 τῇ
619 2046 800 2118 οἰκεία
839 2048 1084 2116 πατρίδι,
1116 2051 1180 2115 τῇ
1222 2047 1332 2100 τῶν
1374 2047 1671 2109 Ἰουδαίων,
1705 2049 1848 2101 εἴποι

248 2140 316 2191 ἂν
348 2155 452 2201 τις,
485 2139 805 2209 συναγωγῇ,
840 2140 1008 2209 τιμὴν
1032 2141 1132 2192 οὐκ
1160 2139 1314 2209 ἔσχεν
1348 2141 1378 2193 ὁ
1405 2142 1691 2210 προφήτης
1724 2141 1850 2209 Χρι-

249 2234 400 2294 στῖις.
436 2232 579 2286 καθὰ
613 2234 857 2303 Μωῦσῆς
891 2234 1063 2301 λέγει,
1093 2236 1176 2288 ὅτι
1206 2255 1224 2287 ι
1274 2237 1572 2308 Προφήτην
1605 2237 1849 2308 ἀναστή-

245 2343 329 2383 σει
358 2327 560 2397 Κύριος
587 2329 764 2397 ἡμῶν.
809 2348 826 2379 ι

316 2414 524 2470 Ἶίλῢεν
555 2418 646 2471 οὖν
671 2421 698 2470 6
739 2418 941 2489 Ἰησοῦς
973 2419 1133 2472 πάλιν
1171 2423 1250 2482 εἰς
1281 2418 1380 2488 τὴν
1416 2421 1573 2472 Κανᾶ
1608 2422 1706 2490 τῆς
1745 2421 1850 2474 Γα-

245 2512 486 2575 λιλαίας,
543 2513 681 2564 ὅπου
735 2511 963 2583 ἐποίησε
1016 2512 1075 2564 τὸ
1117 2511 1261 2582 ὕδωρ
1303 2509 1467 2566 οἶνον.
1509 2515 1622 2566 Καὶ
1663 2509 1730 2583 ἦν
1764 2528 1847 2576 τις

247 2605 430 2675 βασιλι
472 2608 550 2670 ὸς,
583 2605 643 2657 οὗ
674 2608 701 2659 6
757 2607 866 2668 υίὸς
895 2606 1112 2672 ἠσθένει
1147 2607 1204 2658 ὲν
1241 2606 1636 2676 Καπερναούμ.
1679 2598 1848 2667 Οὗτος

249 2699 515 2761 ἀκούσας,
548 2700 628 2750 ὅςι
675 2698 883 2766 Ἰησοῦς
911 2699 1037 2768 ἥκει
1067 2701 1128 2750 ἐκ
1161 2697 1262 2767 τῆς
1311 2698 1578 2762 Ἰουδαίας
1623 2700 1700 2761 είς
1749 2699 1849 2770 τὴν

251 2790 568 2854 Γαλιλαίαν,
607 2791 850 2860 ἀπῆλθεν
896 2794 1033 2862 πρὶς
1064 2791 1248 2853 αὑτὸν,
1281 2793 1374 2845 καὶ
1419 2791 1606 2862 ἠρώτα
1659 2792 1844 2858 αὑτὸν,

247 2887 337 2938 ἵνα
373 2885 586 2955 καταϐῇ
642 2887 738 2937 καὶ
771 2885 991 2954 ίασηται
1021 2885 1184 2936 αὐτοῦ
1212 2885 1303 2938 τὸν
1333 2884 1445 2936 υἱόν
1467 2902 1480 2917 ο
1517 2883 1710 2954 ἔμελλε
1737 2885 1848 2957 γὰρ

243 2979 638 3048 ἀποθνήσκειν.
666 2973 833 3030 Εἶπεν
859 2973 956 3031 οὖν
986 2980 1013 3030 6
1062 2977 1282 3046 Ἰησοῦς
1320 2980 1457 3049 πρὸς
1490 2978 1678 3031 αὐτόν’
1718 2979 1848 3032 Ἐὰν

250 3071 330 3141 μὴ
354 3073 559 3139 σημεῖα
590 3073 683 3123 καὶ
716 3070 925 3140 τέρατα
956 3071 1125 3138 ἴδητε,
1165 3071 1228 3122 οὐ
1253 3070 1328 3140 μὴ
1355 3072 1709 3142 πιστεύσητε.
1739 3071 1848 3126 Λέ-

245 3180 336 3231 γει
371 3162 508 3232 πρὸς
538 3162 702 3215 αὐτὸν
731 3164 759 3215 6
806 3163 1086 3232 βασιλικός
1111 3180 1122 3191 ·
1159 3164 1357 3234 Κύριε,
1392 3165 1666 3234 κατάϐηθι
1713 3167 1845 3235 πρὶν

244 3252 544 3307 ἀποθανεῖν
578 3257 638 3306 τὸ
688 3254 903 3307 παιδίον
955 3272 1080 3324 μου.
1133 3255 1298 3323 Λέγει
1355 3256 1560 3325 αύτῷὀ
1608 3257 1845 3326 Ἰησοῦς·

1957 739 2129 801 reddi,
2167 737 2261 791 sed
2295 749 2486 805 parum
2521 734 2626 788 illis
2663 733 2912 785 tribuunt
2956 731 3127 793 cives,
3162 744 3319 783 suam
3369 728 3567 784 contu.

1955 833 2164 886 sionem
2243 829 2630 884 existimantes
2680 825 2910 895 gloriam
2963 824 3377 880 contribulium.
3423 822 3562 877 Cum

1954 924 2195 978 venisset
2237 922 2401 993 igitur
2437 920 2702 975 Dominus
2749 919 2803 972 in
2859 916 3168 981 Galilteam,
3207 917 3561 973 crediderunt

1955 1016 2160 1074 Galilzci
2186 1055 2202 1080 ,
2238 1016 2365 1086 quia
2395 1014 2650 1068 viderant
2677 1013 2834 1083 signa
2869 1010 3010 1064 facta
3055 1011 3106 1064 in
3144 1008 3562 1080 Hierosolymis.

1954 1110 2119 1181 Atqui
2171 1107 2504 1165 Samaritaui
2554 1107 2900 1176 probatiores
2935 1111 3094 1159 erant
3128 1103 3220 1172 qui
3271 1112 3325 1156 et
3355 1104 3564 1172 absque

1954 1203 2125 1274 signis
2158 1200 2325 1255 verbo
2353 1199 2598 1255 mulieris
2627 1199 3000 1254 crediderant.
3049 1197 3182 1250 Vide
3211 1205 3399 1250 autem
3439 1197 3566 1251 ubi-

1954 1309 2062 1364 que
2091 1308 2186 1349 eos
2207 1292 2303 1364 qui
2326 1292 2519 1360 abjeeti
2546 1291 2914 1355 habebantur,
2941 1289 3208 1346 celebrari
3236 1299 3292 1342 nt
3320 1287 3563 1358 potiores

1957 1387 2095 1454 (ide,
2130 1387 2511 1444 Santaritanos
2543 1386 2666 1442 dico
2707 1397 2762 1439 et
2809 1383 3084 1440 Galilznos.
3118 1380 3254 1437 Nam
3292 1383 3390 1436 hos
3424 1397 3563 1436 eone

1957 1484 2273 1538 temnebant
2304 1489 2362 1535 ιιι
2392 1480 2761 1553 agrestiores;
2797 1479 2915 1534 ideo
2945 1492 2994 1529 et
3035 1476 3291 1532 dicebant
3320 1491 3335 1530 :
3367 1493 3387 1526 ι
3431 1472 3570 1528 Pro-

1955 1578 2117 1644 pheta
2158 1587 2224 1628 ει
2261 1571 2483 1628 Galilaea
2537 1588 2642 1625 non
2676 1570 2983 1625 surrexit“
3015 1611 3029 1635 ,
3095 1589 3114 1622 ι
3170 1583 3266 1624 eos
3307 1584 3438 1624 vero
3468 1567 3566 1640 qui

1955 1668 2118 1724 electi
2153 1666 2508 1737 putabantur,
2543 1664 2727 1733 :tbjici,
2753 1665 2951 1734 quales
2982 1662 3203 1718 fuerunt
3243 1661 3569 1732 Hierosoly-

1958 1763 2145 1817 tnitani
2189 1759 2388 1815 Judtei.
2443 1758 2634 1814 Merito
2693 1760 2864 1827 igitur
2922 1767 2976 1813 et
3029 1757 3264 1829 gentiles
3321 1755 3567 1824 suscepti

1957 1865 2105 1911 sum.
2146 1854 2280 1908 Nam
2313 1854 2365 1908 in
2413 1868 2512 1908 sua
2561 1855 2759 1922 patria,
2798 1867 2899 1905 noe
2926 1861 3009 1906 est
3047 1850 3099 1904 in
3141 1865 3414 1922 synagoga
3469 1847 3603 1915 δυο,

1959 1950 2223 2012 darei-nm,
2259 1947 2524 2000 honorem
2572 1961 2679 1998 non
2715 1944 2951 1998 habebat
2984 1944 3252 2012 pmphcta
3285 1940 3565 2004 Christus,

1956 2041 2097 2095 sicut
2126 2039 2302 2094 Moses
2326 2039 2459 2094 dicit
2488 2057 2500 2093 :
2536 2058 2553 2090 ι
2595 2037 2923 2108 Propltelatn
2952 2035 3244 2091 suscitab't
3279 2036 3431 2091 vobis
3459 2034 3566 2089 Do-

1959 2138 2142 2191 minus
2162 2135 2231 2188 ’³.
2271 2153 2289 2186 ι

2029 2433 2198 2488 Vens.
2237 2429 2434 2486 66-50.
2469 2449 2486 2480 ι
2529 2429 2688 2484 Venit
2731 2444 2861 2500 ergo
2889 2427 3047 2484 Jesus
3077 2430 3275 2483 iterum
3321 2429 3372 2483 in
3412 2429 3563 2485 Cana

1953 2525 1996 2580 ϐ
2040 2526 2213 2588 lihcm,
2249 2522 2336 2576 ubi
2384 2523 2587 2573 fecerat
2628 2535 2692 2572 ex
2727 2533 2865 2587 aqua
2923 2517 3132 2570 viuum.
3186 2515 3251 2570 Et
3281 2526 3402 2571 erat
3436 2516 3565 2587 qni-

1954 2622 2077 2670 dam
2115 2616 2294 2686 regius
2348 2614 2501 2683 cujus
2562 2613 2705 2665 lilius
2758 2609 3146 2664 inlirmabatnr
3191 2610 3564 2678 Capernanm.

1957 2708 2052 2761 llie
2079 2723 2200 2761 eum
2236 2706 2476 2760 audisset
2510 2706 2650 2773 qtmd
2685 2703 2847 2759 Jesus
2881 2703 3193 2757 advenisset
3225 2719 3252 2756 a
3285 2700 3468 2756 Judzea
3510 2704 3565 2757 in

1953 2801 2258 2862 Galilteam,
2285 2801 2421 2854 abiit
2457 2797 2521 2851 ad
2547 2813 2696 2860 cum,
2728 2806 2781 2851 et
2814 2797 3040 2866 rogabat
3071 2810 3196 2850 eum
3245 2804 3303 2848 ut
3332 2795 3563 2852 descen-

1954 2897 2107 2946 deret
2167 2905 2230 2944 ac
2287 2899 2510 2944 sanaret
2573 2888 2743 2958 ipsius
2775 2887 2946 2941 tilium
2985 2905 2997 2940 :
3032 2887 3303 2956 siquidem
3343 2888 3389 2940 is
3433 2901 3564 2955 age-

1955 2984 2050 3038 bat
2084 2983 2345 3036 animam.
2394 2982 2536 3034 Dixit
2567 2995 2699 3050 ergo
2738 2978 2898 3034 Jcsus
2947 2979 3014 3031 ad
3047 2994 3171 3034 eum
3212 2995 3226 3032 :
3264 2976 3380 3033 Nisi
3406 2979 3562 3049 signa

1953 3087 2008 3132 et
2042 3075 2284 3145 prodigia
2324 3073 2607 3135 videaitis,
2651 3087 2754 3126 non
2810 3070 3066 3126 credetis.
3115 3071 3258 3124 Dixit
3309 3071 3375 3123 ad
3436 3087 3561 3125 eum

1953 3169 2137 3238 regius
2169 3183 2182 3220 :
2225 3167 2473 3230 Domine,
2499 3165 2769 3220 descende
2792 3167 3107 3234 priusquam
3131 3163 3402 3218 moriatur
3422 3164 3564 3220 lilius

1955 3275 2130 3315 meus.
2170 3258 2309 3312 Dicit
2339 3259 2386 3312 ei
2410 3256 2609 3312 Jesus:
2646 3254 2793 3309 Vade
2819 3295 2833 3320 ,
2868 3255 3010 3309 lilius
3049 3264 3178 3309 tuus
3232 3254 3383 3308 vivit.
3428 3253 3563 3308 Cre-

249 3343 519 3412 Πορεύου,
549 3346 576 3396 ὁ
608 3346 735 3407 υίὸς.
756 3362 848 3397 σου
885 3345 970 3416 ζῇ.
1003 3347 1110 3399 Καὶ
1139 3347 1462 3399 ἐπίστευσεν
1497 3351 1524 3401 ὁ
1556 3349 1845 3420 ἄνθρωπος

1954 3353 2092 3408 didit
2122 3353 2285 3406 homo
2302 3348 2718 3416 sermoniqnem
2745 3348 2961 3401 dixerat
2991 3347 3037 3400 ei
3075 3342 3256 3410 Jesus,
3289 3353 3347 3400 ct
3377 3345 3508 3400 ibat.
3539 3363 3557 3396 ι

249 3437 328 3506 τῷ
361 3438 526 3508 λόγῳ,
562 3434 605 3506 ᾧ
636 3435 789 3492 εἶπεν
825 3439 977 3508 αὐτῴ
1008 3442 1034 3491 ὁ
1067 3441 1298 3510 Ἰησοῦς,
1333 3441 1428 3494 καὶ
1459 3441 1779 3513 ἐπορεύετο.
1823 3463 1842 3496 ι

260 3532 702 3603 ’Δναμιμνήσκει
757 3533 904 3602 ἡμᾶς
935 3534 962 3584 6
989 3533 1395 3604 εύαγγελιστὴς
1426 3534 1522 3588 τοῦ
1576 3538 1634 3588 ὲν
1688 3539 1847 3609 Κανᾷ

247 3623 556 3692 θαύματος,
589 3624 726 3675 ὅπου
751 3625 972 3691 ἐγένετο
1002 3627 1061 3676 τὸ
1086 3623 1230 3695 ὓδωρ
1262 3619 1426 3691 οἶνος,
1467 3627 1586 3697 ἅμα
1630 3630 1730 3698 μὲν
1749 3630 1847 3683 διὰ

245 3718 311 3768 τὸ
355 3714 591 3784 αὐξῆσαι
639 3715 749 3766 τῶν
786 3715 1144 3784 Σαμαρειτῶν
1179 3719 1239 3768 τὸ
1287 3719 1568 3788 ἐγκώμιον
1613 3720 1698 3789 (οἱ
1746 3723 1846 3790 μὲν

247 3809 361 3876 γὰρ
395 3807 694 3870 Γαλιλαῖοι,
728 3807 883 3875 φησι,
919 3809 1012 3860 καὶ
1056 3808 1163 3860 ἀπὸ
1193 3808 1302 3861 τῶν
1344 3811 1401 3862 ἐν
1443 3812 1847 3881 Ἰεροσολύμοις

245 3903 344 3954 καί
375 3899 485 3952 ἀπὸ
518 3899 624 3951 τῶν
666 3900 794 3968 παρ’
828 3899 1014 3961 αὐτοῖς
1059 3902 1372 3970 γενομένων
1403 3906 1648 3972 σημείων
1683 3907 1845 3958 αὑτὸν

245 3995 535 4059 ἐδέξαντο·
564 3995 612 4046 οἱ
640 3994 696 4046 δὲ
750 3995 1103 4064 Σαμαρεῖται
1157 3996 1267 4048 ἀπὸ
1300 3996 1470 4065 μόνης
1501 3997 1601 4066 τῆς
1633 4016 1846 4070 μαρτυ-

248 4092 374 4162 ρίας
401 4073 499 4158 τῆς
533 4088 816 4156 γυναικὸς,
857 4090 954 4141 καὶ
985 4089 1082 4158 τῆς
1124 4089 1290 4143 αὑτοῦ
1319 4089 1416 4142 τοῦ
1459 4090 1669 4160 Κυρίου
1701 4093 1845 4145 διδα-

249 4182 534 4248 σκαλίας),
557 4180 675 4248 ἅμα
700 4180 756 4232 δὲ
788 4182 882 4232 καὶ
908 4179 999 4232 ἵνα
1026 4179 1176 4250 δείξῃ
1204 4182 1358 4250 ἡμῖν,
1388 4183 1473 4233 ὅτι
1504 4183 1599 4234 καὶ
1626 4185 1653 4233 6
1687 4183 1844 4252 βασι-

243 4276 401 4336 λικὸς
434 4275 544 4326 ἀπὸ
572 4273 667 4326 τοῦ
717 4277 772 4326 ὲν
799 4276 956 4345 Κανᾷ
991 4273 1273 4344 θαύματος
1300 4274 1514 4345 ἀγαθήν
1545 4293 1666 4329 τινα
1714 4276 1844 4346 περὶ

245 4368 345 4420 τοῦ
378 4365 617 4437 Χριστοῦ
654 4366 927 4438 ὑπόληψιν
962 4367 1203 4434 ὲδέξατο,
1233 4370 1281 4420 εί
1306 4371 1401 4421 καὶ
1427 4368 1502 4440 μὴ
1534 4368 1632 4439 τὴν
1662 4369 1840 4434 ἀξίαν.

247 4459 540 4514 Βασιλικὸν
571 4459 627 4511 δὲ
657 4457 845 4511 τοῦτον
895 4458 1068 4523 καλεῖ,
1113 4457 1145 4529 ἢ
1178 4458 1253 4522 ὡς
1278 4461 1339 4512 ἐκ
1363 4461 1552 4528 γένους
1579 4461 1709 4512 ὄντα
1739 4460 1840 4530 βα-

247 4552 487 4616 σιλικοῦ,
511 4552 544 4622 ἢ
568 4551 784 4619 ἀξίωμά
811 4569 863 4604 τι
893 4551 1071 4622 ἀρχῆς
1103 4552 1293 4622 ἕτερον
1325 4551 1472 4605 οὕτω
1493 4551 1841 4623 καλούμενον

246 4648 468 4717 ἔχοντα.
499 4640 648 4714 Ἀρα
683 4640 797 4709 οὖν,
842 4647 997 4716 φησι,
1041 4647 1137 4698 καὶ
1184 4645 1349 4708 αὑτός
1383 4649 1532 4698 ζεστιν
1578 4641 1734 4710 οὗτος
1766 4644 1843 4716 τῷ

1957 3444 2254 3500 Iteeordari
2308 3457 2409 3498 nos
2453 3440 2584 3496 facit
2614 3440 2953 3511 evangelista
2993 3438 3246 3493 miraculi
3285 3438 3338 3491 in
3386 3436 3561 3499 Cana,

1953 3538 2044 3592 ubi
2073 3551 2212 3607 aqua
2243 3534 2383 3590 faeta
2413 3544 2496 3590 est
2527 3534 2740 3599 vinum,
2773 3543 2828 3587 et
2860 3533 3080 3586 interim
3113 3543 3171 3585 ut
3201 3542 3414 3586 crescat
3443 3531 3562 3586 laus

1952 3629 2449 3683 Samaritanorum.
2496 3626 2633 3680 Nam
2685 3636 2739 3679 et
2793 3623 3001 3680 Galilei
3062 3625 3310 3691 quidem,
3361 3625 3560 3692 inquit,

1951 3731 2316 3792 Susceperunt
2365 3735 2489 3774 eum
2548 3729 2772 3790 [ποριεῖ
2820 3720 2973 3788 signa
3009 3733 3127 3786 qua:
3166 3718 3312 3770 facta
3345 3724 3473 3770 sunt
3507 3717 3560 3771 in

1952 3814 2366 3883 Hierosolymis,
2402 3823 2456 3866 et
2513 3812 2659 3883 apud
2705 3828 2764 3867 se
2816 3831 2829 3868 :
2884 3795 3221 3867 Samaritani
3268 3820 3451 3864 autem
3489 3811 3561 3864 ob

1950 3909 2117 3964 solius
2153 3906 2400 3960 mulieris
2441 3904 2814 3960 testimonium
2837 3944 2852 3969 ,
2882 3910 2937 3956 et
2987 3903 3160 3967 ipsius
3194 3902 3404 3955 Domini
3455 3902 3558 3954 do-

1949 4003 2204 4056 ctrinam.
2259 3996 2511 4054 Ostendit
2558 3999 2785 4063 insuper
2841 3995 2986 4064 quod
3040 4005 3094 4048 et
3143 3993 3324 4064 regius
3361 3993 3450 4045 ille
3491 4009 3560 4047 ex

1951 4091 2218 4146 miraculo
2253 4091 2400 4159 quod
2434 4090 2488 4144 in
2531 4088 2677 4144 Cana
2707 4099 2829 4143 erat
2863 4088 3093 4151 factum,
3134 4087 3330 4139 bonam
3366 4103 3562 4156 qnam-

1951 4186 2074 4241 dam
2108 4187 2173 4240 de
2200 4184 2419 4239 Christo
2450 4182 2761 4251 opinionem
2803 4190 3159 4250 conceperat,
3201 4182 3417 4233 tametsi
3457 4181 3561 4233 mi-

1951 4293 2052 4329 nus
2095 4275 2340 4343 dignam.
2381 4272 2611 4344 [legium
2648 4281 2831 4326 autem
2888 4272 3041 4326 illum
3075 4283 3258 4337 vocat,
3299 4273 3379 4326 vel
3412 4274 3558 4339 quod

1948 4382 2014 4422 ex
2051 4367 2200 4436 regio
2228 4372 2346 4420 erat
2396 4379 2596 4435 genere
2623 4405 2636 4429 ,
2675 4365 2759 4418 vel
2794 4363 2936 4434 quod
2977 4365 3204 4435 gerebat
3234 4364 3558 4435 dignitatem

1947 4461 2244 4528 quamdam
2274 4460 2342 4513 ob
2365 4473 2528 4527 quam
2560 4457 2639 4513 sic
2669 4462 2992 4512 vocabatur.
3023 4459 3159 4512 Num
3193 4460 3378 4528 igitur,
3415 4461 3562 4515 dicet

1949 4553 2092 4620 quis,
2117 4551 2258 4605 idem
2278 4558 2362 4604 est
2384 4565 2508 4604 cum
2537 4551 2857 4604 centurione
2875 4555 3016 4619 apud
3039 4549 3393 4604 Matthteum?
3420 4550 3558 4604 Nam

1949 4650 2005 4696 et
2041 4642 2132 4696 ille
2165 4657 2232 4696 ex
2264 4639 2614 4711 Capernaum
2643 4650 2784 4695 erat.
2819 4639 2938 4694 Non
2979 4642 3174 4710 opinor
3207 4641 3462 4711 equidem
3495 4643 3562 4696 il-

248 4739 405 4808 παρὰ
433 4737 510 4807 τῷ
554 4738 821 4809 Ματθαίῳ
847 4740 1232 4811 έκατοντάρχῳ
1261 4757 1275 4806 ;
1313 4741 1407 4793 καὶ
1455 4740 1564 4810 γὰρ
1591 4741 1844 4803 κάκεῖνος

1954 4733 2058 4788 lum
2101 4747 2249 4796 esse,
2283 4734 2377 4788 sed
2409 4733 2597 4788 alium.
2639 4733 2772 4786 Nam
2815 4733 2903 4786 ille
2935 4734 3158 4803 quidem
3191 4745 3244 4786 et
3279 4736 3554 4789 volentem

245 4835 308 4885 ὲν
332 4833 709 4904 Καπερναοὺμ
729 4829 817 4904 ἦν.
847 4833 962 4886 Ούκ
986 4830 1139 4902 οἶμαι
1160 4835 1339 4887 τοίνυν
1366 4835 1461 4886 τὸν
1488 4834 1652 4888 αὑτὸν
1679 4832 1839 4899 εἶναι,

245 4924 366 4980 ἀλλ’
396 4925 604 4994 ἕτερον.
650 4909 889 4987 Ἐκεῖνος
924 4927 1022 4996 μὲν
1048 4928 1157 4996 γὰρ
1191 4927 1285 4979 και
1307 4926 1636 4997 βουλόμενον
1665 4927 1842 4981 ἐλθεῖν

247 5019 345 5071 τὸν
406 5018 642 5087 Χριστὸν
687 5018 978 5070 διακωλύει
1005 5060 1018 5083 ,
1058 5023 1230 5085 Λέγων
1252 5036 1263 5047 ·
1296 5039 1313 5069 ι
1355 5021 1469 5072 Οὐκ
1501 5020 1619 5090 εἰμὶ
1646 5019 1796 5084 ἄξιος
1818 5060 1830 5081 ,

250 5109 342 5160 ἵνα
390 5123 495 5174 μου
552 5105 658 5159 ὑπὸ
697 5109 797 5177 τὴν
831 5108 1034 5177 στέγην
1089 5109 1374 5180 είσὲλθῃς·
1409 5130 1425 5160 ι
1465 5106 1622 5174 οὗτος
1663 5111 1720 5162 δὲ
1760 5112 1842 5174 εἰς

260 5199 353 5268 τὴν
379 5197 559 5250 οἰκίαν
588 5198 756 5252 αὑτοῦ
800 5199 952 5252 ἒλκει
979 5199 1070 5253 τὸν
1116 5201 1346 5269 Ἰησοῦν.
1377 5203 1648 5254 Κάκείνου
1683 5201 1783 5271 μὲν
1814 5203 1844 5254 6

249 5294 405 5353 παῖς.
444 5291 614 5360 ἦγουν
639 5295 666 5345 6
695 5292 901 5356 δοῦλος,
933 5294 1166 5361 παρέσει
1203 5294 1491 5362 κατείχετο
1519 5311 1532 5325 ο
1562 5293 1756 5346 τούτου
1782 5293 1840 5346 δὲ

247 5386 277 5437 6
307 5385 422 5446 υίδις
473 5385 712 5455 πυρετῷ.
766 5388 942 5438 Κάκεῖ
975 5386 1073 5454 μὲν
1107 5387 1215 5437 ἀπὸ
1251 5385 1345 5438 τοῦ
1377 5388 1537 5456 ὅρους
1572 5387 1839 5452 καταϐὰς,

247 5477 330 5537 είς
377 5478 755 5546 Καπερναοὺρ.
808 5479 1030 5546 εἰσῆλθε
1066 5496 1076 5506 ·
1131 5477 1226 5530 νῦν
1248 5479 1324 5538 δὲ,
1358 5480 1467 5532 ἀπὸ
1509 5482 1608 5548 τῆς
1657 5480 1844 5548 Σαμα.

248 5571 427 5638 ρείας,
469 5571 563 5620 καὶ
591 5571 690 5621 οὐκ
718 5571 796 5632 εἰς
824 5572 1223 5638 Καπερναοὺμ,
1251 5572 1365 5623 ἀλλ’
1399 5575 1475 5633 εἰς
1502 5573 1676 5625 Κανᾶ.
1723 5575 1846 5626 Ἐπὶ

245 5664 439 5724 πᾶσιν,
483 5664 690 5723 ἐκεῖνος
728 5663 828 5732 μὲν
881 5665 1280 5732 ἑκατόνταρχος
1317 5661 1509 5728 ὀὗτος
1530 5667 1607 5726 δὲ,
1637 5667 1841 5736 βασιλι-

246 5755 341 5815 κὸς
371 5754 431 5805 τὺ
458 5754 696 5824 ἀξίωμα.
728 5756 893 5819 Ἀξιοί
918 5757 1015 5825 μὲν
1041 5754 1132 5808 οὖν
1160 5760 1185 5808 ὁ
1210 5757 1486 5825 βασιλικὸς
1518 5762 1608 5810 τὸν
1639 5761 1842 5830 Κύριον

250 5847 563 5911 κατελθεῖν,
614 5847 686 5910 ὡς
725 5850 945 5919 ἰάσηται
978 5849 1070 5900 τὸν
1104 5850 1216 5900 υἱον
1255 5867 1265 5876 ·
1306 5854 1330 5902 6
1363 5853 1417 5903 δὲ
1481 5851 1682 5916 Κύριος
1720 5853 1845 5904 καθ-

320 6012 360 6040 “
396 6010 550 6063 luna.
587 6027 676 6072 ru,
714 6010 799 6062 ὅτι.
879 6014 923 6043 ’³
950 6013 1106 6065 Dent.
1141 6029 1288 6074 .\\ltt.
1331 6018 1410 6069 lii.

1952 4828 2140 4883 venire
2178 4827 2461 4882 Christum
2505 4827 2778 4896 prohibet,
2817 4827 3005 4882 dicens
3044 4847 3056 4881 :
3096 4846 3114 4878 ι
3151 4828 3268 4881 Non
3317 4845 3436 4884 sum
3469 4831 3555 4884 di-

1951 4939 2088 4995 gnus
2124 4933 2181 4977 ut
2206 4923 2308 4976 sub
2342 4931 2540 4977 tectum
2570 4938 2747 4977 meum
2786 4922 3115 4992 ingrediaris
3144 4923 3210 4975 “.
3251 4942 3268 4974 ι
3296 4922 3398 4978 Istc
3430 4939 3555 4980 vero

1950 5017 2137 5073 Jesum
2170 5019 2221 5071 in
2247 5017 2467 5070 domum
2497 5032 2653 5070 suam
2687 5017 2875 5070 trahit.
2902 5016 2968 5069 Et
3005 5015 3148 5071 illius
3173 5015 3392 5085 quidem
3419 5033 3557 5084 puer

1952 5111 2189 5182 paralysi
2211 5109 2576 5175 detinebatur,
2608 5126 2798 5164 servus
2833 5110 3085 5164 videlicet
3123 5128 3137 5164 :
3174 5111 3336 5165 istius
3370 5121 3552 5164 autem

1955 5204 2097 5258 lilius
2134 5203 2292 5258 febri.
2324 5202 2389 5256 Et
2450 5203 2558 5257 illic
2590 5205 2813 5273 quidem
2855 5218 2979 5257 cum
3026 5218 3053 5256 a
3093 5213 3279 5258 monte
3312 5204 3555 5259 descen-

1953 5298 2140 5362 disset,
2177 5307 2230 5350 et
2263 5298 2609 5367 Capernanm
2655 5297 2935 5367 ingressus
2966 5307 3094 5352 est:
3136 5313 3281 5351 nunc
3306 5307 3488 5353 autem
3523 5314 3553 5352 a

1953 5389 2226 5448 Samaria,
2252 5399 2302 5444 et
2333 5405 2442 5443 non
2480 5391 2531 5443 in
2559 5391 2902 5460 Capernaum
2926 5433 2938 5455 ,
2972 5390 3136 5462 566
3168 5392 3264 5447 sed
3302 5393 3352 5445 in
3379 5391 3550 5450 Cana.

1955 5479 2006 5533 In
2033 5497 2268 5546 summa,
2293 5484 2382 5536 ille
2407 5486 2691 5549 centurio,
2724 5486 2809 5538 hic
2840 5494 3020 5538 autem
3047 5486 3226 5555 regius
3247 5485 3346 5539 fuit
3377 5487 3552 5555 digni—

1956 5585 2083 5630 tate.
2124 5576 2254 5631 Orat
2291 5581 2454 5646 igitur
2503 5581 2687 5649 regius
2724 5582 2812 5632 ille
2849 5582 3134 5634 [)otnlnmn
3172 5590 3226 5632 ut
3258 5582 3553 5634 descendat

1954 5672 2018 5723 ad
2057 5674 2364 5724 sanandum
2407 5675 2598 5726 tilium.
2641 5674 2709 5725 At
2753 5675 3017 5727 Dominus
3052 5676 3366 5743 perstringit
3403 5692 3549 5736 eum,

1952 5774 2135 5831 utpote
2163 5781 2268 5817 non
2310 5771 2624 5834 perlectam.
2659 5771 2751 5821 sed
2788 5785 3009 5835 parram
3048 5771 3335 5821 habentem
3368 5769 3548 5821 tidem.

1956 5855 2190 5908 Dium-lo
2215 5862 2383 5919 enim,
2413 5881 2427 5906 ι
2460 5860 2661 5914 υυεαειι
2691 5866 2754 5922 Υιι,
2781 5863 3098 5931 priusquam
3126 5863 3385 5914 ltititl'Jlllt'
3412 5860 3556 5914 lilius

1519 6018 1556 6046 9"
1595 6017 1780 6072 Manli.
1821 6035 1933 6083 rm,
1969 6029 2017 6072 δ.
