4052 6520
212 428 343 493 19.57

862 424 1308 489 ENARRATIO
1352 424 1430 484 IN
1475 422 1799 486 EVANGEI

1908 424 1986 486 ιιι
2028 422 2378 482 J'tMNNlS.
2427 443 2475 456 ··
2512 423 2675 483 CAP.
2715 423 2782 482 Υ.

3404 424 3540 491 1253

209 548 394 606 πίστις
428 541 602 596 αυτοῦ
636 540 833 611 ἀτελὴς
860 536 949 612 ἦν.
984 541 1075 612 Μὴ
1112 540 1221 612 γάρ
1254 558 1344 612 μοι
1380 539 1565 611 εἴπῃς,
1599 539 1683 592 ὅτι
1710 539 1797 594 Κα

1929 539 2074 607 quud
2107 551 2210 590 non
2236 535 2564 589 accessisset
2594 533 2699 589 nisi
2731 532 3072 589 credidis~et.
3116 535 3251 589 Nam
3281 547 3330 590 et
3361 547 3544 605 patres

209 639 321 711 μὴν
343 637 443 691 οὐκ
485 638 555 691 ἂν
587 634 926 705 προσῆλθεν,
979 637 1026 688 εί
1075 637 1150 705 μὴ
1193 635 1543 688 ἐπίστευσεν.
1581 633 1820 686 Είώθασι

203 731 318 800 γὰρ
347 730 398 780 οἱ
429 727 671 796 πατέρες
695 727 804 778 ἀπὸ
843 728 944 796 τῆς
972 727 1107 796 πρὸς
1129 725 1261 787 τοὺς
1282 724 1483 786 παῖδας
1516 724 1724 792 φιλίας,
1757 724 1819 776 ού

207 825 372 892 μόνον
401 819 480 885 οἷς
505 821 806 890 θαρροῦσιν
839 822 1043 890 ἰατροῖς
1071 821 1379 889 προσιέναι,
1403 819 1544 871 ἀλλὰ
1576 818 1672 872 καὶ
1707 820 1820 881 τοῖς

205 917 480 986 ἀτέκνοις,
536 915 705 984 μηδὲν
751 915 858 967 τῶν
906 913 1137 967 δεόντων
1178 913 1513 984 παραλιπεῖν
1553 912 1818 982 βουλόμε-

203 1028 308 1062 νοι.
341 1008 624 1078 Προσῆλθε
673 1007 772 1078 μὲν
823 1006 914 1059 οὖν
945 1006 1054 1058 ana
1085 1005 1346 1069 πίστεως,
1379 1005 1496 1071 εἴγε
1539 1005 1633 1058 καὶ
1660 1003 1819 1056 τοῦτο

201 1101 478 1171 δώσομεν,
507 1100 641 1153 ἀλλὰ
682 1100 900 1169 ψυχρᾶς
938 1098 1034 1151 καὶ
1081 1097 1332 1162 ἀτελοῦς,
1359 1099 1426 1167 ἦν
1457 1096 1578 1150 οὐδὲ
1631 1096 1818 1150 πίστιν

201 1193 270 1246 ἄν
305 1209 386 1255 τις
417 1193 691 1246 καλέσειε.
721 1193 854 1245 Τότε
871 1190 929 1246 δὲ
959 1190 1184 1254 τελείως
1214 1189 1564 1255 ἐπίστευσεν,
1601 1191 1690 1242 ὅτε
1723 1189 1818 1242 καὶ

201 1305 269 1340 πε
283 1289 335 1358 pi
363 1287 462 1358 τῆς
483 1286 834 1356 ὦραςιὲμαθε
850 1327 862 1341 .
897 1286 1055 1349 Τίνος
1071 1286 1128 1339 δὲ
1152 1286 1342 1338 ἕνεκεν
1362 1287 1389 1337 ὁ
1412 1282 1816 1352 εὑαγγελιστής

199 1397 392 1448 φησιν,
439 1379 522 1430 ὅτι
575 1377 831 1447 δεύτερον
866 1375 1029 1429 τοῦτο
1069 1379 1131 1428 τὸ
1183 1378 1414 1446 σημεῖον
1449 1375 1713 1447 ἐποίησεν
1758 1376 1816 1426 ὲν

199 1472 397 1542 lima";
436 1470 556 1522 Ἵνα
583 1469 734 1541 δείξῃ
775 1472 900 1532 τοὺς
939 1468 1292 1539 Σαμαρείτας
1346 1467 1563 1522 πολλῶν
1623 1467 1810 1533 ἀξίους

198 1562 520 1632 ἐγκωμίων.
561 1562 670 1615 Καὶ
718 1564 850 1631 γὰρ,
888 1563 1047 1632 φησὶ,
1079 1564 1178 1615 καὶ
1203 1561 1462 1633 δευτέρου
1493 1560 1688 1615 τούτου
1717 1559 1811 1615 τοῦ

201 1658 437 1729 σημείου
490 1657 812 1727 γενομένου,
872 1657 1090 1710 οὐδέπω
1136 1657 1185 1709 οἱ
1251 1656 1532 1710 Γαλιλαῖοι
1568 1655 1705 1726 πρὸς
1753 1657 1812 1707 τὸ

199 1748 338 1819 ὓψος
405 1747 630 1802 ἐκείνων
680 1747 968 1816 ἔφθασαν,
1034 1748 1144 1803 τῶν
1177 1747 1345 1821 μηδὲν
1422 1748 1642 1801 ἰδόντων
1711 1765 1809 1816 ση-

201 1859 378 1914 μειον.

821 1954 1075 2010 ΚΕΦΑΛ.
1126 1954 1203 2011 Ε’.

196 2048 344 2116 Περὶ
379 2047 486 2102 τοῦ
531 2049 856 2118 τριάκοντα
891 2048 992 2103 καὶ
1020 2048 1175 2102 ὀκτὼ
1203 2050 1309 2116 ἐτη
1346 2049 1600 2117 ἔχοντος
1639 2050 1710 2103 ἐν
1736 2048 1808 2116 τῇ

269 2120 580 2187 ἀσθενείᾳ.
611 2121 750 2191 Περὶ
779 2118 899 2174 τῶν
942 2120 1245 2176 Ἰουδαίων
1275 2119 1614 2189 ζητούντων
1666 2121 1808 2175 ἀπο·

269 2191 504 2245 κτεῖναι
555 2192 664 2245 τὸν
712 2191 979 2259 Ἰησοῦν.

274 2326 291 2357 ι
344 2307 502 2361 Μετὰ
558 2307 733 2360 ταῦτα
788 2303 855 2378 ἦν
911 2309 943 2377 ἡ
993 2308 1156 2379 ἑορτὴ
1208 2307 1317 2360 τῶν
1362 2308 1661 2374 Ἰουδαίων,
1714 2310 1807 2362 καὶ

191 2401 366 2471 ἀνέϐη
400 2403 428 2453 ὀ
476 2400 692 2472 Ἰησοῦς
744 2403 824 2465 εἰς
870 2402 1247 2473 Ἰεροσόλυμα.
1286 2402 1446 2455 Ἐστι
1489 2403 1545 2456 δὲ
1577 2405 1636 2456 ὲν
1694 2407 1807 2466 τοῖς

203 2495 611 2566 Ἰεροσολύμοις
634 2495 946 2567 προϐατικὴ
974 2495 1333 2567 κολυμϐήθρα
1365 2497 1396 2565 ἡ
1429 2497 1804 2567 ἐπιλεγομένη

204 2585 489 2656 Ἐϐραϊστὶ
522 2587 785 2657 Βηθεσδᾶ,
818 2588 981 2640 πέντε
1007 2587 1168 2650 στοὰς
1193 2586 1415 2658 ἔχουσα.
1453 2588 1542 2641 Ἑν
1563 2587 1801 2653 ταύταις

190 2679 484 2733 κατέκειτο
527 2679 734 2752 πλῆθος
774 2681 909 2734 πολὺ
942 2680 1051 2734 τῶν
1103 2681 1509 2748 ἀσθενούντων,
1561 2682 1802 2753 τυφλῶν,

189 2774 408 2846 χωλῶν,
446 2774 651 2848 ξηρῶν,
680 2777 1057 2847 ἐκδεχομένων
1084 2777 1185 2847 τὴν
1215 2779 1310 2832 τοῦ
1334 2778 1528 2843 ὕδατος
1558 2778 1800 2850 κίνησιν.

192 2870 466 2937 Ἀγγελος
496 2871 605 2940 γὰρ
631 2870 774 2923 κατὰ
801 2871 996 2940 καιρὸν
1027 2871 1355 2925 κατέϐαινεν
1388 2874 1447 2925 ὲν
1480 2876 1546 2944 τῇ
1595 2873 1803 2945 κολυμ-

186 2963 391 3034 ϐήθρα,
425 2967 520 3017 καὶ
545 2965 816 3035 ἐτάρασσε
859 2967 918 3017 τὸ
949 2963 1116 3036 ὕδωρ.
1153 2965 1212 3019 Ὀ
1250 2965 1343 3020 οὖν
1377 2968 1594 3038 πρῶτος
1627 2968 1804 3038 ὲμϐὰς

188 3057 336 3125 μετὰ
375 3057 475 3122 τὴν
511 3058 762 3128 ταραχὴν
795 3057 888 3111 τοῦ
919 3055 1136 3125 ὓδατος,
1173 3058 1334 3130 ὑγιὴς
1368 3059 1610 3127 ἐγένετο,
1642 3053 1686 3129 ᾧ
1714 3061 1804 3132 δή·

183 3166 321 3202 ποτε
354 3151 643 3221 κατείχετο
661 3151 952 3221 νοσήματι.
985 3171 1003 3202 ι
1038 3151 1235 3224 Ἐορτὴ
1261 3149 1329 3224 ἦν
1364 3154 1472 3206 τῶν
1497 3153 1796 3219 Ἰουδαίων,

183 3245 221 3314 ἠ
254 3245 355 3314 τῆς
380 3239 787 3315 Πεντηκοστῆς,
822 3241 1006 3316 οἶμαι.
1042 3245 1359 3300 Ἀναϐαίνει
1390 3247 1446 3300 δὲ
1470 3249 1529 3302 έν
1567 3248 1741 3320 ταύτῃ
1773 3250 1800 3302 ὁ

1929 637 2360 691 cmtsueverunt,
2412 642 2524 698 prae
2583 641 2775 682 amore
2812 642 2940 698 erga
2982 628 3149 698 ﬁlios,
3211 645 3316 684 non
3366 630 3542 687 solmn

1929 722 2192 778 accedere
2221 721 2288 778 ad
2317 722 2562 778 medicos
2597 721 2803 792 quibus
2837 724 2977 776 bene
3011 722 3207 788 tidunt,
3239 724 3336 779 sed
3378 734 3433 780 et
3477 727 3544 777 ad

1929 818 2234 888 imperitos,
2277 816 2414 871 nihil
2454 830 2519 869 ex
2564 816 2651 871 his
2685 830 2809 886 quae
2849 815 3035 871 facere
3060 825 3335 886 oporteat,
3373 819 3544 872 inter-

1929 911 2228 967 mittentes.
2262 912 2511 966 Accessit
2539 911 2763 982 quidem
2791 926 2858 965 ex
2891 912 3016 975 tide,
3062 910 3332 978 siquidem
3361 923 3412 967 et
3438 912 3545 968 hoc

1924 1005 2209 1069 dabimus;
2268 1005 2364 1062 scd
2411 1006 2608 1076 frigida
2666 1014 2724 1059 et
2759 1004 3107 1075 imperfecta,
3143 1020 3306 1074 quam
3363 1021 3542 1075 neque

1928 1099 2086 1165 fidem
2137 1099 2260 1168 quis
2312 1108 2458 1153 recte
2491 1097 2790 1153 vocttverit.
2844 1097 3002 1151 Tunc
3063 1106 3246 1151 autem
3299 1096 3541 1166 perfecte

1925 1194 2176 1259 credidit,
2211 1196 2432 1264 quando
2474 1202 2526 1247 ct
2551 1194 2616 1247 de
2653 1193 2785 1247 liora
2821 1192 3035 1248 didicit.
3083 1192 3143 1246 Et
3175 1207 3345 1261 quare
3379 1207 3541 1247 evan-

1920 1287 2112 1357 gelista
2143 1287 2273 1341 dicit
2314 1288 2458 1356 quod
2491 1286 2796 1341 secundum
2834 1285 2939 1340 ltoc
2977 1285 3196 1355 signum
3255 1285 3448 1339 fecerit
3481 1286 3537 1341 in

1921 1379 2066 1432 Cana
2097 1379 2119 1433 ἱ)
2157 1378 2225 1433 Ut
2257 1380 2514 1434 ostendat
2546 1377 2932 1434 Satnaritanos
2983 1377 3169 1431 multis
3208 1376 3539 1448 dignoslan-

1921 1470 2102 1525 dibus.
2144 1468 2356 1526 Etenim
2400 1472 2556 1537 dicit,
2609 1482 2664 1528 et
2723 1487 2847 1528 cum
2904 1473 3152 1528 secundo
3215 1473 3320 1528 boc
3383 1471 3540 1527 fleret

1920 1563 2158 1632 signum,
2198 1567 2440 1618 nondum
2481 1576 2857 1634 pervenerunt
2902 1564 3116 1621 Galil-.ei
3154 1566 3220 1619 ad
3283 1564 3539 1622 sublimi-

1922 1665 2085 1708 talem
2117 1655 2331 1709 illorum
2366 1657 2456 1725 qui
2501 1657 2706 1711 nullum
2746 1658 2995 1713 viderant
3039 1659 3278 1730 signum.

2557 1951 2787 2007 CAPUT
2838 1951 2896 2005 V.

1920 2041 1995 2093 De
2027 2060 2084 2094 cu
2119 2042 2207 2116 qui
2239 2059 2269 2116 ᾳ
2300 2041 2528 2110 triginta
2552 2054 2597 2095 et
2624 2053 2741 2096 octo
2776 2044 2928 2116 annis
2959 2046 3010 2098 in
3039 2045 3353 2113 inﬁrmitate
3375 2063 3534 2116 10cc-

1992 2117 2097 2165 ttnt.
2129 2113 2202 2166 De
2225 2111 2435 2166 Jutla‘t‘s
2467 2116 2827 2183 qttwrentibus
2864 2111 3150 2169 Dominum
3196 2111 3455 2172 occidere.

1991 2296 2152 2351 Vens.
2184 2298 2302 2355 1-4.
2337 2319 2354 2350 ι
2397 2299 2524 2354 Ροδι
2557 2300 2672 2354 ltzee
2697 2310 2818 2355 erat
2839 2300 2955 2357 dies
2986 2299 3160 2356 festus
3188 2300 3529 2366 Juda‘orntn,

1912 2401 1964 2446 et
1999 2393 2252 2446 ascendit
2306 2391 2469 2449 Jesus
2519 2393 2922 2466 Hierosolyma.
2963 2396 3060 2450 Est
3100 2403 3282 2450 autem
3335 2395 3531 2451 llit-ro-

1913 2487 2141 2556 Solymis
2191 2487 2470 2554 probatica
2529 2487 2766 2558 piscina,
2801 2503 2923 2558 qum
2962 2490 3388 2559 cognominatur
3423 2491 3530 2544 lle-

1914 2580 2098 2635 lfraice
2154 2581 2450 2645 Betltesda,
2507 2583 2751 2652 quinque
2806 2583 3058 2654 porticus
3094 2585 3324 2639 habens.
3353 2586 3409 2639 lu
3444 2587 3528 2640 Itis

1912 2670 2129 2738 iacebat
2173 2673 2472 2729 multitudo
2513 2675 2923 2745 languentium,
2975 2692 3274 2745 cmcorutn,
3304 2679 3531 2733 claudo-

1914 2782 2054 2830 rtttn,
2089 2767 2392 2830 aridorum,
2431 2769 2872 2838 exspectantium
2914 2785 3072 2840 aqua:
3122 2780 3355 2825 motum.
3417 2774 3531 2825 Au-

1911 2859 2064 2930 gelus
2096 2859 2242 2914 enim
2278 2861 2818 2918 tlescendebatccrto
2849 2872 3096 2932 tempore
3140 2864 3194 2917 in
3231 2865 3525 2934 piscinam,

1910 2961 1959 3005 ct
2002 2952 2261 3006 turbabat
2291 2970 2512 3024 aquam.
2549 2955 2744 3025 Itaque
2773 2955 2863 3024 qui
2899 2956 3113 3025 primus
3149 2955 3530 3012 descendisset

1910 3057 2030 3115 post
2058 3047 2427 3101 turbationem
2473 3063 2654 3119 aqua),
2690 3065 2860 3106 sanus
2897 3049 3063 3105 (iebat
3113 3065 3139 3104 a
3195 3067 3528 3122 quocunque

1909 3134 2256 3191 tletincbatur
2313 3141 2529 3194 morbo.
2568 3159 2587 3193 ι
2639 3141 2763 3196 Dies
2815 3141 2987 3198 festus
3032 3142 3525 3209 eratJudaeorum.

1909 3228 2234 3286 Pentecoste
2266 3232 2483 3302 Opinor.
2511 3234 2776 3289 Ascendit
2806 3233 2858 3289 in
2879 3251 2944 3291 eo
2983 3235 3286 3306 Dominus;
3322 3239 3525 3308 partim

185 3308 435 3407 litip'tog'
469 3308 587 3408 ἃμα
622 3308 891 3408 μέν’,ῖῐναί
924 3338 999 3410 μὴ
1047 3339 1174 3411 δόξῃ
1224 3341 1469 3405 ἐναντίος
1514 3341 1594 3413 τῷ
1622 3308 1796 3413 νόμίρ,

1910 3338 1976 3378 ne
2004 3323 2279 3379 rideretur
2323 3341 2446 3381 esse
2477 3327 2828 3383 adversarius
2873 3328 3002 3400 legi,
3029 3330 3123 3384 sed
3174 3343 3526 3401 compareret

183 3431 330 3485 ἀλλὰ
361 3432 625 3501 φαίνηται
657 3431 1040 3503 συνεορτάζων
1091 3436 1206 3496 τοῖς
1249 3433 1469 3498 πολλοῖς
1494 3450 1508 3465 °
1551 3436 1670 3506 ἃμα
1714 3435 1795 3501 δὲ,

183 3526 275 3578 ἵνα
309 3523 531 3587 πλείους
576 3523 666 3578 διὰ
716 3525 963 3595 σημείων
997 3525 1349 3590 διδασκαλίας
1382 3527 1794 3599 ἐπισπάσηται,

182 3619 284 3672 καὶ
329 3617 565 3686 μάλιστα
624 3618 686 3671 τὸ
741 3619 944 3690 πλῆθος
991 3619 1051 3673 τὸ
1101 3619 1311 3675 ἄδολον.
1366 3620 1455 3674 Ἐν
1508 3622 1618 3693 γὰρ
1671 3623 1796 3686 ταῖς

180 3712 403 3782 ἑορταῖς
431 3710 657 3764 εἰώθασι
690 3711 1051 3784 συνέρχεσθαι
1087 3716 1180 3766 καὶ
1215 3713 1470 3785 ἀγρόται,
1503 3714 1602 3768 καὶ
1639 3716 1797 3769 ἀστι-

180 3804 275 3856 κοὶ
306 3805 706 3874 χειρώνακτες,
742 3807 840 3866 τὰς
873 3805 1044 3868 ἄλλας
1066 3807 1285 3877 ἡμέρας
1311 3809 1424 3868 τοῖς
1454 3807 1638 3878 ἔργοις
1666 3827 1795 3862 συν-

178 3895 601 3966 ασχολούμενοι.
639 3895 960 3967 Προϐατικὴ
993 3898 1051 3951 δὲ
1084 3898 1306 3966 ἐλέγετο
1333 3902 1364 3969 ἠ
1400 3899 1792 3970 κολυμϐήθρα,

176 3985 319 4038 διότι
357 3986 425 4038 τὰ
457 3985 596 4056 πρὸς
629 3985 824 4039 Θυσίαν
847 3988 1099 4057 πρόϐατα
1123 3990 1245 4040 ἐκεῖ
1272 3993 1564 4060 συνήγετο,
1600 3991 1696 4044 καὶ
1728 3992 1796 4044 τὰ

174 4077 394 4147 ἔγκατα
435 4080 618 4132 αὐτῶν
667 4079 965 4134 ὲπλύνοντο
1015 4084 1150 4136 ἐκεῖ.
1213 4078 1376 4153 Εἶχον
1409 4083 1465 4136 δὲ
1509 4084 1559 4137 οἱ
1605 4085 1795 4138 πολλοὶ

177 4172 478 4242 ὑπόληψιν,
511 4175 592 4226 ὅτι
626 4176 722 4226 καὶ
752 4175 862 4228 ἀπὸ
889 4176 1054 4244 μόνου
1088 4174 1184 4228 τοῦ
1215 4175 1516 4229 πλύνεσθαι
1546 4180 1615 4230 τα
1646 4178 1795 4231 ἐντό-

178 4265 310 4319 σθια
345 4267 450 4318 τῶν
505 4268 718 4338 ἱερείων
762 4268 994 4338 δύναμίν
1031 4286 1154 4322 τινα
1189 4269 1460 4340 λαμϐάνει
1508 4272 1793 4343 θειοτέραν

173 4362 240 4413 τὸ
282 4358 426 4431 ὕδωρ
451 4402 466 4427 ,
507 4361 588 4414 διὸ
616 4364 712 4415 καὶ.
767 4363 858 4415 τὸν
889 4363 1127 4430 ἄγγελον
1176 4365 1472 4435 ἑπιφοιτᾷν
1502 4365 1679 4436 τούτῳ
1713 4366 1808 4436 τῷ,

177 4452 336 4506 ὕδατι
367 4452 442 4514 ὡς
477 4453 745 4524 ἐκλεκτῷ,
795 4457 889 4507 γαὶ
922 4455 1396 4526 θαυματουργεῖν.
1432 4457 1656 4511 Ἔοικεν
1681 4458 1789 4529 ἄρα

176 4547 211 4617 ἠ
256 4546 378 4598 Θεία
413 4547 644 4617 πρόνοια
686 4546 975 4620 πόρρωθεν
1005 4549 1332 4602 ὁδοποιοῦσα
1353 4551 1466 4613 τοῖς
1514 4550 1792 4614 Ἰουδαίοις

1903 3433 2027 3471 cum
2056 3418 2284 3490 reliquis
2333 3421 2474 3476 diem
2511 3421 2708 3476 festum
2745 3439 2947 3494 agens:
2983 3426 3182 3494 partim
3231 3436 3290 3481 ut
3337 3428 3524 3497 plures

1902 3527 2000 3582 per
2030 3512 2181 3583 signa
2216 3524 2271 3568 et
2303 3515 2583 3571 doctrinas
2632 3517 2884 3573 alliceret
2928 3528 2982 3573 et
3031 3521 3270 3575 maxime
3305 3522 3522 3577 tntbam

1902 3606 2230 3675 simplicem.
2275 3607 2540 3662 Solebant
2589 3610 2735 3663 enim
2789 3611 2879 3665 die
2932 3610 3085 3688 festi)
3137 3617 3436 3672 convenire
3469 3629 3524 3672 t-t

1902 3699 2092 3754 rustici
2127 3700 2424 3768 etopifices
2449 3703 2666 3764 urbani.
2695 3703 2786 3773 qui
2819 3705 2940 3760 aliis
2967 3707 3158 3762 diebus
3178 3708 3229 3762 in
3258 3711 3522 3780 cperibus

1901 3793 2015 3847 suis
2059 3803 2216 3846 erant
2276 3797 2552 3864 occupati.
2628 3797 2914 3853 Probatiea
2977 3809 3156 3855 autem
3231 3801 3523 3859 dicebatur

1903 3887 2135 3956 piscina,
2167 3901 2235 3942 eo
2266 3889 2410 3956 quod
2439 3904 2567 3945 oves
2607 3891 2721 3946 illic
2753 3891 2822 3946 ad
2857 3893 3188 3948 sacriﬁcium
3211 3911 3518 3968 congrega-

1903 3978 2121 4049 bantur,
2153 3995 2206 4038 et
2234 3983 2486 4039 intestina
2515 4000 2705 4042 earum
2733 3987 3121 4046 abluebantur.
3151 3991 3297 4047 Multi
3330 4005 3518 4051 autem

1901 4073 2266 4142 opinabantur
2289 4078 2434 4147 quod
2487 4080 2605 4135 sola
2663 4081 2948 4138 ablutione
2994 4085 3387 4142 intestinorum
3424 4105 3518 4143 sa-

1901 4170 2248 4241 criticalium,
2283 4176 2539 4231 virtutem
2561 4180 2852 4249 quamdam
2885 4181 3219 4236 diviniorem
3241 4184 3519 4254 acciperet

1902 4279 2066 4332 aqua,
2116 4277 2170 4323 et
2222 4279 2517 4337 propterea
2574 4271 2804 4344 angelus
2846 4274 2913 4328 ad
2952 4290 3149 4344 aquam
3179 4285 3237 4331 ut
3281 4276 3516 4333 clcctant

1902 4355 2210 4420 accederet,
2243 4368 2296 4412 et
2332 4357 2654 4416 miraculum
2691 4373 3040 4432 operaretur.
3078 4366 3374 4422 Videbatur
3403 4370 3516 4422 nti-

1901 4463 2009 4519 que
2038 4451 2217 4505 divina
2250 4453 2519 4523 sapientia
2557 4471 2586 4510 a
2627 4455 2788 4528 longe
2820 4458 2963 4512 viam
2999 4459 3180 4516 facere
3208 4459 3415 4519 Judteis
3443 4463 3515 4530 at!

1904 4542 2063 4596 [idem
2098 4545 2149 4598 in
2185 4544 2495 4612 Christum,
2546 4550 2974 4619 pratortlinando
3026 4553 3355 4610 miraculum
3411 4557 3516 4628 pi-

175 4641 320 4712 πρὸς
366 4640 466 4712 τὴν
512 4641 593 4704 είς
629 4642 867 4710 Χριστὸν
909 4642 1116 4707 πίστιν,
1154 4644 1215 4696 τὸ
1259 4645 1354 4713 τῆς
1397 4646 1790 4718 κολυμϐήθρας

1908 4636 2090 4693 ςρίιιαι.
2130 4637 2271 4692 Nam
2287 4641 2544 4710 quoniam
2577 4643 2853 4714 baptisma
2889 4647 3143 4701 daturum
3190 4646 3358 4720 568
3391 4659 3516 4706 erat

173 4733 387 4805 ταύτης
429 4733 620 4803 θαῦμα
673 4737 1166 4806 προοικονομῆσαι.
1223 4738 1380 4791 Ἐπεὶ
1421 4739 1531 4809 γὰρ
1590 4739 1788 4809 ἔμελλε

177 4825 468 4896 βάπτισμα
497 4824 740 4878 δίδοσθαι
774 4825 980 4896 πολλὴν
1006 4825 1129 4895 ἕχον
1152 4824 1413 4896 δύναμιν,
1445 4827 1540 4880 καὶ
1574 4827 1714 4898 δωρε
1728 4827 1788 4880 ἄν

177 4918 468 4991 μεγίστην,
488 4913 578 4972 οἷα
610 4919 875 4988 καθαῖρον
897 4920 1198 4990 ἁμαρτίας,
1229 4921 1324 4974 καὶ
1350 4920 1652 4984 ζωοποιοῦν
1688 4921 1788 4985 τὰς

169 5013 377 5084 ψυχὰς,
417 5011 815 5083 προζωγραφεῖ
844 5013 977 5075 Θεὸς
1013 5015 1073 5065 τὸ
1108 5012 1399 5083 βάπτισμα
1421 5015 1478 5064 ἐν
1500 5015 1610 5077 τοῖς
1652 5015 1786 5067 Ἰου-

169 5105 385 5167 δαϊκοῖς
406 5144 422 5170 ,
480 5105 577 5158 καὶ
626 5104 809 5157 δίδωσι
845 5107 945 5174 μὲν
977 5105 1076 5158 καὶ
1106 5105 1252 5178 ὕδωρ
1281 5107 1470 5170 αὐτοῖς
1521 5108 1787 5178 καθαῖρον

173 5196 494 5268 μολυσμοὺς
546 5197 610 5251 οὐ
652 5197 858 5268 κυρίως
889 5197 1072 5266 ὄντας,
1131 5199 1269 5253 ἀλλὰ
1319 5199 1640 5263 δοκοῦντας·
1673 5195 1786 5255 οἷον

169 5291 300 5355 τοὺς
351 5290 460 5344 ἀπὸ
498 5291 592 5344 τοῦ
647 5291 893 5362 ἅψασθαι
941 5293 1164 5363 νεκροῦ,
1215 5293 1510 5366 ὴλεπροῠ,
1547 5295 1785 5349 καὶτῶν

168 5381 435 5436 τοιούτων
463 5383 669 5452 ἑτέρων
695 5401 707 5413 ·
735 5379 925 5438 δίδωσι
955 5384 1012 5438 δὲ
1047 5385 1228 5439 καὶτὸ
1260 5388 1360 5456 τῆς
1387 5387 1784 5460 κολυμϐήθρας

167 5475 381 5546 ταύτης
413 5473 622 5546 θαῦμα,
659 5467 890 5548 δδηγοῦν
943 5480 1146 5543 αὐτοὺς
1193 5481 1275 5543 είς
1317 5480 1419 5550 τὴν
1457 5481 1783 5552 παραδοχὴν

167 5569 265 5622 τοῦ
308 5570 712 5640 βαπτίσματος.
761 5572 1032 5640 Ἀγγελος
1062 5573 1173 5644 γὰρ
1205 5572 1348 5626 κατὰ
1379 5573 1575 5642 καιρὸν
1603 5591 1780 5628 κατα-

169 5662 396 5726 ϐαίνων,
429 5663 754 5735 διετάρασσε
786 5665 847 5718 τὸ
877 5665 1048 5735 ὕδωρ,
1083 5667 1177 5721 καὶ
1217 5669 1519 5736 ίαματικὴν
1549 5669 1782 5724 ἐνετίθει

165 5756 346 5827 τούτῳ
390 5756 646 5826 δύναμιν.
694 5759 767 5812 Οὐ
803 5759 912 5829 γὰρ
938 5760 1114 5829 δήπου
1153 5760 1306 5831 ἡητοῦ
1345 5759 1542 5824 ὓδατος
1590 5761 1778 5833 φύσις,

168 5852 311 5920 αὑτὴ
342 5848 469 5903 καθ’
498 5849 697 5922 ἑαυτὴν
728 5852 845 5904 ίᾶτο
875 5852 890 5921 (
918 5847 953 5923 ἦ
987 5853 1096 5925 γὰρ
1137 5855 1206 5907 ἂν
1240 5855 1330 5909 διὶ
1361 5857 1566 5920 παντὸς
1618 5857 1781 5911 τοῦτο

165 5941 426 6014 ἐγίνετο),
469 5941 586 5995 ἀλλ’
619 5944 712 5996 ἐπὶ
754 5947 821 6014 τῇ
851 5941 948 5998 τοῦ
995 5947 1236 6013 ἀγγέλου
1274 5949 1530 6024 ἐνεργείᾳ
1560 5950 1622 6004 τὸ
1668 5951 1779 6007 πᾶν

420 6038 692 6097 Parnm“
738 6041 857 6100 Gn.
899 6039 1183 6101 CXXIII.

1901 4744 2155 4794 magnam
2187 4731 2466 4800 virtutem,
2501 4744 2556 4788 et
2589 4738 2889 4790 maximum
2924 4737 3151 4804 donum,
3186 4749 3377 4811 utpoze
3408 4757 3514 4811 pu-

1896 4818 2121 4876 rificans
2158 4832 2447 4892 peccatum
2502 4835 2556 4878 et
2586 4825 2872 4881 viviﬁcans
2914 4829 3152 4896 animas,
3198 4831 3514 4902 prteﬁgnrat

1897 4911 2040 4968 Deus
2083 4914 2357 4985 baptisma
2421 4916 2474 4970 in
2522 4918 2688 4973 rebus
2731 4917 2996 4987 Judaicis,
3041 4932 3093 4973 et
3126 4921 3260 4992 ipsis
3291 4938 3511 4992 quoque

1895 5021 2092 5076 aquam
2127 5009 2364 5078 datquze
2399 5010 2653 5081 puriﬁcet
2687 5012 2903 5080 sordes,
2964 5028 3088 5083 quae
3145 5030 3253 5068 non
3314 5016 3509 5071 sordes

1894 5101 2114 5170 proprie
2165 5113 2347 5166 erant,
2394 5105 2491 5158 sed
2540 5104 2867 5160 videbantur
2907 5119 3030 5161 esse
3066 5123 3078 5158 :
3114 5114 3172 5159 ut
3206 5107 3249 5161 si
3283 5108 3506 5177 quando

1895 5192 2202 5264 tetigissent
2227 5207 2529 5264 mortuum,
2567 5197 2652 5252 vel
2686 5198 2989 5268 leprosum,
3026 5199 3113 5253 vel
3139 5199 3345 5270 aliquid
3374 5201 3508 5258 tale.

1896 5287 1996 5342 Dat
2045 5298 2230 5344 autem
2290 5297 2345 5344 et
2370 5289 2595 5359 piscinae
2631 5291 2795 5362 hujus
2826 5291 3182 5358 miraculum,
3238 5294 3512 5361 quudduu

1890 5389 2040 5437 ceret
2091 5397 2185 5438 eos
2241 5382 2308 5437 ad
2361 5383 2771 5453 susceptionem
2831 5384 3200 5454 baptismatis.
3264 5387 3508 5459 Angelus

1890 5476 2035 5528 enim
2090 5483 2336 5545 tempore
2385 5484 2696 5545 opportuno
2724 5476 3118 5543 descendebat,
3150 5488 3205 5533 et
3247 5483 3507 5534 turbabat

1890 5583 2113 5638 aquam,
2142 5581 2198 5623 et
2224 5569 2528 5624 sanativam
2565 5569 2638 5624 illi
2665 5569 2920 5627 virtutem
2952 5573 3192 5628 indebat.
3219 5573 3502 5644 Nusquam

1888 5662 2034 5716 enim
2079 5661 2185 5717 ista
2215 5674 2412 5718 natura
2439 5677 2592 5733 aqua:
2625 5676 2728 5731 est,
2771 5674 2829 5719 ut
2858 5683 2953 5737 per
2978 5682 3038 5722 se
3081 5678 3264 5736 sanet,
3297 5667 3502 5734 alioqui

1890 5757 1989 5810 huc
2012 5767 2275 5827 perpetuo
2301 5756 2502 5823 ﬁeret;
2534 5759 2628 5813 sed
2657 5767 2829 5814 totum
2867 5760 2920 5814 in
2944 5761 3138 5832 angelo
3170 5762 3335 5816 situnt
3361 5771 3505 5826 erat,

1887 5848 2150 5919 quidquid
2182 5861 2303 5904 erat
2348 5847 2624 5907 ellicacite.
2685 5851 2760 5906 lta
2802 5863 2858 5908 et
2886 5854 3029 5923 apud
3065 5870 3165 5910 nos
3213 5869 3355 5925 aqua
3406 5852 3502 5908 ba-

1887 5942 2186 6017 ptismatis,
2224 5958 2364 6014 aqua
2408 5954 2491 6002 est
2526 5946 2893 6018 simpliciter:
2938 5964 3062 6004 cum
3090 5961 3275 6005 autem
3324 5963 3503 6008 aeceso

3015 6044 3096 6108 40
