4052 6556
627 521 767 591 1259

1522 513 2100 582 THEOHIYLACTI
2143 515 2557 576 BULGAIli/E
2599 515 2955 575 ARCIIIEP.

3754 516 3878 582 1260

621 637 760 692 serit
801 631 1044 706 Spiritus
1086 628 1259 686 sancti
1303 628 1497 701 gratia,
1552 637 1774 698 pr0pter
1814 623 2196 679 Snrocationen

2327 623 2523 676 ἐκεῐτο.
2553 621 2743 686 Οὕτως
2765 618 2860 676 οὖν
2890 625 2984 677 καὶ
3016 626 3098 692 ἐφ’
3132 626 3262 695 ἡμῖν
3303 628 3361 679 τὸ
3407 626 3498 681 τοῦ
3533 626 3902 698 βαπτίσματος

623 727 757 793 Dei,
795 725 1014 783 morbos
1064 720 1224 779 solvit
1273 721 1619 781 animarum;
1667 727 1722 772 et
1777 717 1822 772 si
1870 713 1996 784 quis
2036 727 2215 768 caecus

621 824 831 884 luisset,
861 817 1159 874 obcacatis
1185 814 1359 870 oculis
1393 812 1591 866 anima:
1608 826 1678 865 ne
1710 807 1884 879 possit
1905 805 2212 876 dijudicare

620 919 818 974 bonum
847 931 878 970 a
910 914 1092 981 malo;
1127 922 1181 967 et
1206 911 1249 967 si
1283 911 1506 965 claudus
1555 905 1680 976 quis
1710 904 1928 967 fuisset,
1971 902 2062 971 qui
2097 914 2205 954 nou

621 1009 940 1065 movebatur
972 1007 1040 1062 ad
1107 1003 1411 1061 iaciendum
1463 1003 1664 1057 bonum
1707 1007 1761 1054 et
1813 995 2206 1067 proﬁciendum

619 1103 672 1156 in
724 1100 955 1167 melius;
986 1108 1041 1154 et
1073 1098 1116 1154 si
1155 1097 1338 1152 aridus
1365 1103 1419 1150 et
1449 1092 1724 1163 desperati
1761 1087 1987 1144 omnino
2010 1084 2207 1140 fuisset

623 1193 826 1255 morbi,
863 1191 1173 1261 nulliusque
1196 1189 1321 1244 boni
1351 1187 1644 1259 particeps,
1677 1186 1745 1238 ab
1773 1195 1909 1252 aqua
1934 1180 2025 1234 illa
2057 1191 2213 1232 cura-

619 1286 798 1340 batur.
851 1284 916 1340 Et
945 1294 1077 1340 tunc
1108 1282 1398 1339 inﬁrmitas
1451 1277 1787 1347 impediebat
1829 1272 2094 1344 quosdam
2140 1283 2210 1325 ne

619 1390 991 1434 sanarentur:
1029 1391 1170 1431 nunc
1220 1386 1401 1430 autem
1466 1373 1519 1426 in
1539 1369 1813 1440 baptismo
1861 1363 2068 1420 nullum
2126 1371 2213 1416 est

615 1471 981 1526 ohstaculum.
1015 1469 1132 1524 Non
1168 1471 1312 1522 enim
1329 1481 1437 1522 uno
1465 1471 1662 1520 sanato
1697 1462 1786 1516 alii
1829 1459 2211 1527 relinquuntur

618 1580 723 1618 non
757 1566 963 1628 curati;
994 1563 1086 1617 sed
1111 1562 1322 1617 etiamsi
1357 1570 1501 1617 totus
1533 1558 1685 1612 orbis
1726 1555 2044 1615 conﬂueret,
2096 1562 2207 1603 non

618 1657 1034 1710 imminueretur
1063 1655 1256 1725 gratia.

2323 715 2490 783 ὕδωρ,
2549 714 2694 786 ὕδωρ
2746 716 2899 769 ἐστὶν
2958 717 3168 779 ἁπλῶς.
3223 717 3521 788 δεξάμενον
3557 719 3615 772 δέ
3664 719 3761 790 τὴν
3811 716 3903 776 σοῦ

2318 810 2644 878 Πνεύματος
2679 811 2844 882 χάριν
2876 811 2966 866 διὰ
2993 811 3103 866 τῶν
3126 812 3288 866 θείων
3316 813 3694 887 ἐπικλήσσων,
3717 816 3781 870 τὰ
3807 813 3905 888 ψυ-

2317 902 2447 970 χικὰ
2500 902 2789 971 νοσήματα
2845 903 3000 957 λύει*
3035 904 3140 958 κᾶν
3171 905 3374 974 τυφλὸς
3409 907 3496 978 atq
3539 924 3623 972 τις
3657 909 3780 972 τοὺς
3807 908 3903 978 τῆς

2314 992 2496 1062 ψυχῆς
2524 992 2844 1064 ὀφθαλμοὺς
2893 998 3322 1067 πεπηρωμένος,
3356 999 3454 1052 καὶ
3487 999 3563 1071 μὴ
3613 999 3902 1070 δυνάμενος

2312 1088 2594 1157 διακρῖναι
2627 1088 2687 1141 τὸ
2726 1092 2980 1160 κρεῖττον
3011 1090 3120 1143 ἀπὸ
3157 1088 3250 1143 τοῦ
3293 1091 3562 1162 χείρονος,
3600 1093 3702 1146 κᾶν
3718 1091 3900 1163 χωλὸς.

2314 1177 2572 1246 ἀκίνητος
2611 1179 2744 1248 πρὸς
2774 1180 3041 1249 ἐργασίαν
3085 1182 3254 1235 καλοῦ
3280 1222 3294 1244 ,
3338 1182 3433 1236 καὶ
3476 1184 3763 1256 προκοπὴν
3810 1183 3905 1252 τὴν

2315 1271 2408 1324 ἐπὶ
2452 1271 2514 1323 τὺ
2559 1274 2843 1343 κρεῖττον,
2908 1274 3012 1328 κᾶν
3081 1274 3246 1346 ξηρὸς
3303 1277 3626 1330 παντάπασι
3667 1278 3762 1331 καὶ
3802 1278 3905 1331 ἀπο

2314 1364 2685 1432 αγνωσμένος,
2720 1366 2814 1419 καὶ
2864 1367 3094 1436 μηδενὸς
3148 1367 3358 1436 ἀγαθοῦ
3399 1370 3697 1440 μετουσίαν
3744 1370 3900 1442 lxi-tv,

2315 1455 2524 1518 πάντας
2550 1455 2612 1507 τὸ
2644 1456 2789 1528 ὕδωρ
2837 1459 2998 1512 τοῦτο
3043 1462 3210 1515 ἰᾶται.
3248 1463 3360 1516 Καὶ
3403 1462 3526 1514 τότε
3555 1463 3656 1532 μὲν
3689 1463 3723 1533 ἡ
3747 1461 3906 1517 ἀσθέ-

2312 1563 2431 1598 νεια
2457 1547 2740 1613 ἐνεπόδιζέ
2771 1567 2881 1604 τισι
2909 1553 3047 1622 πρὸς
3073 1553 3170 1624 τὴν
3211 1553 3532 1624 θεραπείαν,
3563 1555 3660 1607 νῦν
3687 1555 3745 1609 δέ
3775 1556 3907 1626 πρ’ς

2313 1638 2373 1690 τὸ
2401 1635 2782 1712 βαπτισθῆναι
2813 1645 2966 1701 οὐδὲν
2991 1647 3191 1719 ἔχομεν
3223 1647 3477 1719 κώλυμα.
3526 1650 3603 1702 Οὐ
3658 1651 3766 1720 γὰρ
3791 1650 3907 1710 ἐνὸς

613 1748 1058 1818 θεραπευομένου
1087 1748 1172 1815 ,οἱ
1215 1746 1366 1801 ἄλλοι
1406 1743 1772 1814 ἁθεραπευτοι
1819 1736 2055 1792 ἐῶνται·
2084 1730 2222 1788 ἀλλὰ
2260 1729 2364 1783 κᾶν
2411 1732 2558 1785 πᾶσα
2602 1735 2635 1803 ἡ
2688 1737 2987 1810 οἰκουμένη
3034 1740 3290 1814 συνέλθῃ,
3333 1743 3433 1795 οὐκ
3483 1741 3803 1796 ἐλαττοῦται
3864 1746 3897 1814 ἡ

618 1863 794 1908 γαρις.

618 1865 683 1898 ἐἰ
727 1863 794 1908 ις.

618 1868 645 1915 χ
690 1863 856 1997 geris.
890 1940 1007 1995 5-7.
1046 1957 1064 1990 ι
1104 1935 1233 1992 Erat
1260 1945 1440 1989 autem
1490 1932 1709 2002 quidam
1742 1930 1904 1983 homo
1955 1913 2073 1978 illic'
2104 1919 2196 1990 qui

2390 1921 2544 1980 t'liv
2614 1929 2670 1983 δέ
2750 1947 2833 1995 τις
2892 1931 3181 2002 ἄνθρωπος
3275 1937 3410 1999 ἐκεῖ,
3462 1937 3759 2008 τριάκοντα
3815 1934 3910 1989 καὶ

617 2036 836 2103 triginta
868 2043 921 2086 et
948 2043 1073 2086 octo
1096 2044 1267 2084 annos
1302 2028 1494 2082 morbo
1525 2024 1830 2079 tenebatur.
1883 2017 2036 2072 liunc
2073 2028 2193 2068 cum

2304 2013 2453 2070 ὀκτὼ
2481 2019 2575 2088 ἐτη
2607 2021 2747 2092 ἔχων
2776 2025 2833 2075 ἐν
2855 2026 2918 2095 τῇ
2945 2025 3224 2098 ἀσθενείᾳ.
3249 2028 3454 2082 Τοῦτον
3485 2028 3610 2083 ίδὼν
3643 2030 3672 2080 6
3708 2027 3911 2098 Ἰησοῦς

617 2129 839 2182 νὶιιίδεοι
890 2123 1053 2180 Jesns
1102 2121 1515 2176 decumbeutent
1544 2159 1556 2182 ,
1595 2128 1647 2170 et
1683 2111 2030 2184 cognovisset
2061 2106 2202 2176 quod

611 2227 724 2295 jam
748 2223 974 2301 multum
1013 2221 1275 2289 temporis
1303 2216 1492 2271 morbo
1517 2220 1813 2277 teneretur,
1842 2210 1970 2263 dicit
1996 2207 2043 2261 ei
2073 2221 2086 2258 :
2115 2202 2206 2258 Vis

616 2331 783 2372 sanus
816 2300 976 2367 ﬁeri?
1011 2310 1307 2380 Respondit
1339 2309 1386 2364 ei
1438 2305 1728 2376 languidus
1758 2321 1771 2357 :
1816 2300 2067 2363 Domine,
2105 2301 2206 2352 ho-

617 2410 818 2463 minem
848 2421 954 2461 non
979 2404 1172 2468 habeo,
1203 2411 1281 2469 ut,
1305 2417 1427 2457 cum
1463 2401 1677 2454 turbata
1709 2397 2054 2464 fueritaqna,
2083 2392 2207 2445 tuit-

616 2511 696 2554 tat
717 2514 804 2554 me
836 2501 887 2552 in
927 2498 1191 2567 piscinam
1216 2510 1230 2561 ;
1254 2495 1347 2549 sed
1371 2493 1588 2547 interim
1613 2492 1739 2546 dum
1767 2504 1869 2558 ego
1898 2487 2074 2548 venio,
2093 2485 2205 2556 jam

615 2595 754 2647 alius
794 2602 919 2646 ante
944 2606 1030 2644 me
1055 2589 1359 2644 descendit.
1398 2605 1417 2639 ι
1449 2585 1727 2655 Stupenda
1766 2581 2048 2654 paralytici
2076 2593 2206 2634 con-

605 2684 848 2740 stantia:
897 2697 1070 2737 annos
1102 2682 1335 2736 habebat
1380 2678 1600 2750 triginta
1638 2685 1786 2740 octo,
1818 2686 1873 2729 et
1909 2672 2204 2744 quotannis

615 2775 835 2832 liberari
885 2789 914 2828 a
952 2775 1142 2828 morbo
1172 2781 1495 2843 exspectans
1537 2769 1832 2834 assidebat,
1857 2777 1911 2821 et
1941 2765 2204 2837 impedie‘

613 2871 843 2926 batur.a
869 2867 1270 2940 potentioribus
1303 2875 1614 2936 praeventus
1637 2904 1652 2930 ,
1693 2877 1791 2916 nec
1816 2870 1995 2914 tamen
2037 2856 2204 2910 desti-

619 2959 686 3011 tit
721 2971 895 3027 ncqne
944 2955 1274 3024 desperavit.
1331 2952 1454 3008 Ideo
1507 2962 1561 3009 et
1608 2951 1867 3007 Dominus
1908 2950 2206 3017 interrogat

606 3063 761 3110 eum,
798 3045 982 3101 voletis
1011 3058 1318 3100 monstrare
1345 3042 1498 3099 nobis
1518 3041 1894 3097 fortitudinem
1932 3037 2200 3103 hominis;

610 3155 723 3194 non
758 3139 905 3194 enim
936 3136 1238 3205 interrogat
1261 3138 1415 3206 quasi
1460 3137 1672 3189 discere
1709 3133 1986 3205 quippiam
2018 3131 2200 3186 vellet.

618 3231 729 3286 lloc
758 3232 902 3285 enim
921 3246 1025 3286 non
1055 3229 1232 3284 solum
1253 3227 1578 3298 superﬂuum
1611 3238 1774 3290 esset,
1801 3226 1895 3281 sed
1917 3226 2198 3295 insipiens,

607 3337 856 3391 quaerere
883 3336 953 3376 an
979 3335 1121 3393 a’ger
1151 3319 1279 3375 velit
1306 3319 1506 3375 sanari.
1538 3318 1764 3374 Factum
1793 3333 1924 3388 ergo
1956 3330 2014 3372 ut
2042 3334 2193 3371 tuon-

611 3376 844 3469 s'tretun
873 3376 1056 3470 nobisu
1089 3412 1324 3468 hominis
1371 3413 1657 3480 patientia.
1689 3410 1829 3478 Quid
1859 3376 2031 3480 igitur
2062 3409 2152 3463 ille
2176 3410 2198 3463 ?
2226 3376 2269 3435 ο

608 3506 777 3564 luita
804 3522 926 3562 cum
958 3506 1373 3560 mansuetudine
1405 3505 1733 3574 respondet:
1771 3504 1966 3568 Etiam,
2001 3504 2195 3572 inquit,

613 3602 860 3668 Domine,
897 3599 1016 3656 volo
1049 3601 1294 3670 quidem,
1318 3599 1410 3654 sed
1454 3615 1561 3654 non
1596 3601 1768 3654 habeo
1796 3598 2071 3653 hominem
2106 3600 2195 3667 qui

603 3694 886 3762 possittne
919 3695 971 3747 in
999 3690 1195 3762 aQuam
1238 3691 1462 3748 inferre.
1502 3688 1648 3746 Nihil
1683 3690 2052 3760 blasphcmntn
2084 3705 2197 3746 res-

609 3786 818 3853 pondit,
857 3800 963 3840 non
993 3785 1173 3857 arguit
1201 3783 1478 3839 Christum
1529 3793 1586 3838 ut
1631 3784 1852 3839 stultam
1886 3785 2192 3850 interroga-

611 3880 812 3932 tionem
839 3878 1264 3948 interrogantem
1297 3893 1314 3943 ;
1351 3891 1455 3931 non
1491 3876 1770 3930 maledixit
1794 3876 1898 3930 diei
1934 3875 2192 3929 nativita-

611 3973 699 4038 tis,
726 3971 866 4026 sicut
885 3969 1261 4042 pusillanimes
1279 3968 1712 4038 .facitnus,idque
1727 3983 1850 4022 cum
1875 3968 1928 4022 in
1963 3968 2194 4022 leviores

607 4065 830 4118 morbos
866 4043 1246 4127 incideritnus}
1277 4062 1371 4115 sed
1422 4071 1706 4116 mansuete
1741 4071 1794 4116 et
1817 4060 2032 4130 placide
2078 4075 2193 4114 res-

607 4171 832 4223 ponsum
866 4155 978 4220 dat,
1004 4156 1217 4209 tametsi
1249 4155 1480 4210 nesciret
1507 4156 1758 4222 quisnam
1798 4163 1943 4208 esset
1981 4155 2073 4222 qui
2110 4154 2190 4206 in-

609 4249 936 4316 terrogabat.
964 4246 1208 4316 Namque
1238 4248 1340 4303 hoc
1375 4247 1550 4303 solum
1578 4247 1910 4302 existimavit
1943 4248 2189 4301 utilitatis

603 4343 708 4395 sibi
743 4341 908 4412 569
938 4343 1194 4394 accedere
1229 4338 1503 4402 fortassis,
1557 4349 1620 4394 ut
1669 4339 1893 4393 inferret
1923 4337 2098 4406 ipsum
2133 4339 2186 4392 in

603 4449 798 4503 aquam
825 4474 839 4499 ,
874 4443 927 4487 et
964 4443 1246 4502 prOpterea
1293 4433 1485 4486 blande
1513 4429 1733 4486 Christo
1773 4431 2031 4501 loquitu'.
2072 4430 2186 4485 Non

601 4527 737 4580 uixit
785 4536 964 4577 autem
1012 4524 1284 4586 Christus,
1327 4523 1693 4579 Visisanaho
1718 4530 1792 4589 te,
1843 4532 1900 4577 ut
1933 4537 1998 4578 ne
2035 4523 2185 4578 vide-

602 4630 749 4671 retur
776 4617 1002 4684 gloriam
1034 4629 1304 4684 quaerere.

681 4878 835 4931 v’sns.
866 4876 1023 4934 8-l0.
1065 4895 1081 4928 t
1124 4875 1266 4930 Dicit
1310 4877 1358 4932 ei
1384 4874 1582 4932 Jesus:
1627 4875 1826 4948 Surge,
1864 4877 1990 4932 tolle
2057 4894 2181 4949 gra-

598 4972 779 5026 batum
811 4982 957 5024 tuum
986 4980 1039 5024 et
1074 4969 1309 5025 ambula.
1348 4970 1413 5024 Et
1457 4973 1641 5025 statim
1689 4986 1853 5026 sanus
1898 4971 2075 5028 factus
2101 4984 2185 5028 est

599 5068 759 5117 homo
794 5063 904 5130 ille,
940 5073 993 5118 et
1046 5063 1266 5119 sustulit
1322 5065 1611 5134 grabatum
1645 5077 1802 5117 suum
1830 5073 1885 5118 et
1938 5066 2184 5120 ambula-

598 5157 710 5209 but.
739 5154 872 5209 Erat
918 5166 1100 5210 autem
1151 5155 1448 5212 Sabbatum
1505 5157 1558 5210 in
1611 5155 1700 5211 die
1754 5156 1868 5210 illo.
1923 5156 2182 5212 Dicebant

595 5262 725 5317 ergo
752 5246 919 5302 Judaei
951 5251 998 5303 ei
1026 5249 1121 5318 qui
1175 5259 1394 5304 sanatus
1442 5247 1661 5303 fuerat:
1724 5248 2025 5304 Subhatum
2074 5261 2178 5316 est,

594 5354 697 5393 non
731 5340 858 5394 licet
892 5339 984 5394 tihi
1026 5341 1216 5396 tollere
1255 5341 1557 5411 grabatum.
1594 5357 1613 5392 ι
1643 5337 1804 5393 Jubet
1845 5340 1955 5394 tolli
2010 5342 2182 5395 lectu-

593 5435 725 5503 lum,
757 5436 946 5493 volens
976 5435 1291 5490 credibilius
1325 5435 1441 5488 ﬁeri
1471 5435 1788 5490 miraculum
1820 5436 1962 5505 quod
2011 5434 2178 5490 facie-

595 5529 1115 5599 bat,ne.putaretur
1157 5542 1276 5584 esse
1330 5530 1655 5599 phantasma
1714 5528 2006 5598 quoddam.
2065 5528 2176 5584 Nisi

590 5621 736 5674 enim
800 5621 1040 5676 membra
1093 5620 1248 5676 ﬁrme
1314 5620 1550 5675 fuissent
1605 5620 1852 5687 solidata,
1918 5621 2178 5676 lcetulum

591 5712 736 5768 ferre
779 5728 888 5767 non
931 5714 1214 5781 potuisset.
1258 5711 1374 5767 Non
1410 5723 1589 5765 autem
1624 5713 1798 5782 exegit
1824 5715 1890 5768 ab
1923 5728 1987 5768 eo
2017 5712 2177 5768 [idem

592 5815 883 5873 antequam
917 5813 1183 5871 satiasset,
1229 5806 1370 5861 sicut
1415 5805 1466 5859 in
1499 5805 1620 5861 aliis
1653 5805 1978 5874 quibusdam
2008 5824 2021 5872 ;
2050 5807 2174 5877 quia

591 5907 732 5961 :cger
771 5894 860 5947 ille
917 5893 1154 5947 nondum
1207 5895 1415 5951 viderat
1470 5910 1593 5949 eum
1651 5897 1803 5965 signa
1863 5896 2173 5954 iacientem.

595 5984 800 6039 Etenim
840 5984 1098 6042 Dominus
1139 5987 1298 6042 [idem
1332 5989 1552 6060 exigere
1584 6006 1687 6045 non
1725 5993 1930 6048 solebat
1958 5995 2024 6048 ab
2065 5995 2173 6054 illis

2317 2110 2744 2182 κατακείμενον,
2773 2117 2866 2169 καὶ
2899 2119 3082 2185 γνοὺς,
3117 2120 3200 2171 ὅτι
3229 2120 3400 2174 πολὺν
3430 2122 3530 2191 ἤδη
3557 2122 3751 2192 χρόνον
3771 2120 3908 2190 ἔχει.

2311 2200 2460 2269 λέγει
2520 2205 2702 2277 αὐτῷ·
2769 2208 2958 2273 Θέλεις
3010 2211 3169 2282 ὑγιὴς
3228 2213 3522 2280 γενέσθαι;
3590 2213 3898 2286 Ἀπεκρίθη

2311 2295 2464 2365 αὐτῷ
2519 2299 2547 2351 6
2598 2298 2842 2354 ἀσθενῶν
2879 2317 2892 2329 °
2933 2303 3131 2374 Κύριε,
3165 2305 3456 2376 ἄνθρωπον
3496 2306 3600 2359 οὐκ
3639 2306 3778 2377 ἔχω,
3819 2307 3910 2362 ῐνα

2309 2388 2438 2443 ὃταν
2474 2393 2723 2465 ταραχθῇ
2767 2397 2829 2449 τὸ
2867 2396 3034 2468 ὕδωρ,
3066 2398 3242 2472 βάλλῃ
3276 2417 3344 2469 με
3377 2401 3456 2464 είς
3491 2401 3594 2470 τὴν
3625 2399 3907 2473 κολυμϐή-

2311 2482 2477 2554 θραν·
2511 2488 2568 2538 ἐν
2597 2480 2642 2556 ᾧ
2675 2488 2733 2542 δέ
2757 2489 2991 2561 ἔρχομαι
3049 2492 3180 2561 ἐγὼ,
3213 2493 3371 2558 ἄλλος
3400 2493 3508 2566 πρὸ
3551 2494 3688 2566 ἐμοῦ
3743 2512 3911 2550 κατα-

2309 2575 2505 2632 ϐαίνει.
2551 2599 2568 2632 ι
2623 2581 3002 2657 Ἐκπληκτικὴ
3040 2588 3073 2657 ἡ
3117 2588 3388 2658 καρτερία
3423 2587 3520 2641 τοῦ
3563 2588 3906 2658 παραλύων.

2313 2670 2454 2742 Ἐτη
2494 2675 2797 2744 τριάκοντα
2847 2678 2943 2731 καὶ
2989 2679 3134 2733 ὀκτὼ
3190 2675 3340 2752 εἶχε,
3393 2683 3490 2736 καὶ
3527 2683 3652 2737 καθ’
3679 2682 3910 2738 ἕκαστον

2306 2762 2556 2817 ἐνιαυτὸν
2587 2767 3075 2841 ἀπαλλαγήσεσθαι
3106 2772 3202 2825 τοῦ
3222 2776 3532 2842 νοσήματος
3557 2775 3900 2846 προσδοκῶν,

2307 2856 2627 2927 ἐνηδρεύετο
2679 2860 3116 2933 ἐμποδιζόμενος
3172 2859 3278 2919 ὑπὸ
3327 2867 3437 2920 τῶν
3485 2868 3902 2942 δυνατωτέρων.

2308 2949 2419 3003 Καὶ
2447 2952 2596 3019 ὅμως
2649 2955 2752 3007 οὐκ
2797 2956 3087 3024 ἀφίστατο,
3119 2961 3244 3013 οὐδὲ
3279 2962 3633 3030 ἀπεγίνωσκε
3662 2977 3676 2991 ⁸
3707 2963 3790 3018 διὸ
3812 2964 3907 3019 καὶ

2307 3044 2489 3114 ἐρωτᾷ
2517 3046 2680 3099 αὑτὸν
2716 3048 2744 3100 6
2776 3049 2981 3119 Κύριος
3001 3093 3015 3117 ,
3047 3052 3216 3108 θέλων
3245 3055 3417 3118 δεῖξαι
3451 3056 3586 3126 ἡμῖν
3616 3055 3720 3127 τὴν
3767 3075 3902 3130 καρ-

2305 3137 2496 3206 τερίαν
2536 3137 2629 3192 τοῦ
2668 3139 2960 3211 ἀνθρώπου
2990 3160 3003 3174 ⁸
3054 3144 3116 3198 οὐ
3155 3146 3266 3216 γὰρ
3299 3145 3361 3216 δὴ
3413 3145 3488 3210 ὡς
3521 3147 3907 3218 μαθησόμενος

2307 3227 2507 3298 ἐρωτᾷ.
2557 3231 2727 3284 Τοῦτο
2781 3234 2889 3304 γὰρ
2928 3235 2988 3288 οὐ
3053 3236 3214 3306 μόνον
3264 3239 3558 3306 περιττὸν,
3611 3239 3754 3296 ἀλλὰ
3807 3244 3900 3296 καὶ

2308 3321 2557 3391 ἀνόητον,
2597 3324 2655 3376 τὸ
2698 3326 2911 3396 ἐρωτᾷν
2941 3329 2988 3379 εί
3016 3326 3160 3381 θέλει
3191 3332 3220 3383 6
3245 3332 3417 3384 νοσῶν
3449 3333 3699 3402 ὑγιᾶναι.
3725 3337 3902 3408 Ὅπερ

2307 3409 2399 3464 οὖν
2435 3410 2610 3504 είπον,
2644 3416 2732 3467 ἵνα
2762 3416 2915 3490 δείξῃ
2945 3421 3079 3489 ἡμῖν
3112 3421 3207 3492 τὴν
3231 3425 3529 3495 καρτερίαν
3552 3427 3651 3481 τοῦ
3691 3429 3908 3504 ἀνθρὼ-

2302 3520 2426 3567 που,
2457 3503 2546 3556 διὰ
2575 3505 2732 3559 τοῦτο
2754 3509 2954 3582 ἐρωτᾷ.
2988 3512 3052 3564 Τί
3081 3508 3174 3566 οὖν
3209 3515 3452 3583 ἐκεῖνος;
3509 3519 3672 3574 Μετὰ
3704 3522 3905 3594 πολλῆς

2299 3596 2600 3686 ἐπιεικείας
2624 3599 3009 3672 ἀποκρίνεταιο
3041 3606 3173 3672 Ναὶ,
3199 3608 3356 3680 φησὶ,
3380 3611 3582 3682 Κύριε,
3613 3612 3761 3668 θέλω
3783 3617 3906 3686 μὲν,

2298 3684 2414 3736 ἀλλ’
2445 3687 2543 3740 οὐκ
2590 3689 2700 3758 ἔχω
2730 3691 3020 3763 ἄνθρωπον
3063 3699 3158 3751 τὸν
3177 3699 3480 3770 δυνάμενόν
3519 3721 3590 3776 με
3637 3684 3904 3778 ἐμϐαλεῖν

2295 3781 2372 3852 τῷ
2400 3782 2574 3838 ὕδατι.
2619 3788 2788 3840 Οὐδὲν
2837 3791 3168 3865 βλάσφημον
3217 3799 3601 3869 ἁπεκρίνατο,
3643 3803 3750 3858 οὐκ
3794 3807 3903 3860 ὰπ-

2297 3875 2588 3971 επέμψατο
2611 3879 2701 3931 τὸν
2733 3880 2988 3952 Χριστὸν,
3021 3889 3097 3951 ὡς
3130 3892 3488 3962 ἐρωτήσαντα
3519 3895 3737 3951 ἄτοπον
3762 3901 3904 3971 ἐρὼ-

2295 3981 2460 4059 τημα,
2498 3969 2559 4022 οὐ
2601 3973 2957 4042 κατηράσατο
2999 3977 3098 4049 τὴν
3146 3981 3362 4053 ἡμέραν
3408 3983 3513 4054 τῆς
3557 3969 3902 4059 γεννήσεως,

2293 4054 2383 4112 οἷα
2408 4062 2455 4114 oi
2491 4065 2818 4136 μικρόψυχοι
2859 4071 3146 4142 ποιοῦμεν,
3179 4076 3273 4128 καὶ
3297 4075 3472 4132 ταῦτα
3505 4054 3903 4153 ἐλαφροτέρας

2293 4155 2566 4224 νοσήμασι
2599 4160 3046 4230 περιπίπτοντες,
3097 4165 3237 4220 ἀλλὰ
3270 4169 3465 4238 πράως
3503 4171 3601 4226 καὶ
3638 4172 3903 4245 δυσωπη-

2291 4247 2460 4312 τικῶς
2496 4252 2736 4306 ποιεῖται
2771 4253 2868 4326 τὴν
2899 4257 3224 4328 ἀπόκρισιν,
3270 4263 3450 4318 καίτοι
3501 4269 3686 4338 γεμὴ
3718 4270 3900 4333 είδὼς,

2289 4338 2438 4430 δστις
2471 4342 2602 4395 ποτὲ
2641 4337 2709 4414 ἦν
2739 4345 2768 4397 6
2810 4347 3057 4418 ἐρωτῶν,
3101 4353 3220 4408 ἀλλ’
3257 4357 3288 4430 ἢ
3320 4356 3486 4412 τοῦτο
3537 4337 3707 4430 μόνον
3761 4364 3898 4424 toto:

2291 4429 2532 4525 ἐνόμισε,
2559 4437 2968 4514 χρησιμεύει[ν]
2995 4445 3147 4516 αὑτῷ
3173 4447 3266 4502 τὸν
3297 4449 3540 4518 Χριστὸν
3562 4493 3576 4519 ,
3619 4452 3770 4508 ὥστε
3801 4457 3902 4525 ἐμ-

2291 4523 2476 4578 6αλεῖν
2495 4529 2660 4582 αὑτὸν
2686 4533 2767 4594 είς
2791 4534 2852 4586 τὸ
2875 4533 3041 4608 ὕδωρ,
3079 4541 3176 4594 καὶ
3208 4541 3299 4596 διὰ
3331 4543 3542 4598 τούτων
3578 4523 3903 4605 ἐπισπάσα-

2292 4615 2417 4706 σθαι
2481 4620 2576 4673 καὶ
2629 4621 2958 4696 δυσωπῆσαι
2990 4629 3102 4684 τῶν
3163 4632 3434 4706 ῥημάτων
3466 4637 3750 4706 βούλεται.
3785 4643 3906 4696 Οὐκ

2215 4727 2266 4787 D
2453 4709 2509 4765 δὲ
2543 4715 2571 4767 6
2609 4715 2870 4786 Χριστὸς,
2913 4720 3138 4791 Θέλεις;
3165 4703 3518 4797 θεραπεύσω
3561 4749 3660 4800 σε,
3699 4734 3794 4789 ἴνα
3824 4737 3904 4807 μὴ

2287 4801 2414 4875 δόξῃ
2464 4807 2792 4876 κομπάζειν.

2364 4913 2382 4946 ι
2419 4896 2583 4966 Λέγει
2605 4900 2758 4970 αὑτῷ
2787 4903 2815 4954 6
2843 4903 3051 4974 Ἰησοῦς
3072 4924 3085 4938 ·
3116 4907 3391 4981 Ἐγειραι,
3424 4906 3563 4983 ἄρον
3591 4915 3689 4969 τὸν
3721 4917 3906 4989 κράδε-

2287 4988 2452 5044 6ατόν
2524 5010 2654 5059 σου,
2712 4997 2808 5050 καὶ
2868 5002 3187 5070 περιπάτει.
3241 5004 3356 5058 Καὶ
3415 5005 3623 5070 εὐθέως
3674 4988 3905 5078 ἐγένετο

2285 5081 2446 5151 ὑγιὴς
2478 5084 2506 5134 6
2532 5085 2842 5156 ἄνθρωπος,
2879 5091 2974 5144 καὶ
3021 5087 3126 5164 ἦρε
3171 5094 3264 5148 τὸν
3322 5097 3642 5167 κράδὸατον
3695 5103 3899 5167 αὑτοῦ,

2285 5174 2382 5226 καὶ
2413 5177 2758 5242 περιεπάτει.
2788 5173 2897 5232 Ἦν
2929 5181 2987 5234 δὲ
3027 5183 3309 5240 Σάδδατον
3339 5187 3399 5243 ἐν
3424 5189 3622 5264 ἐκείνῃ
3647 5196 3717 5265 τῇ
3751 5197 3902 5266 ἠμί-

2289 5281 2378 5334 pg.
2421 5266 2668 5357 ,Ἔλεγον
2720 5269 2815 5324 οὖν
2867 5273 2916 5326 oi
2958 5275 3204 5333 Ἰουδαῖοι
3254 5279 3335 5352 τῷ
3379 5281 3899 5357 τεθεραπευμένῳι

2284 5356 2565 5448 Σάῦσατόν
2590 5361 2738 5414 ἐστιν
2757 5378 2769 5392 ·
2801 5365 2899 5419 οὐκ
2921 5365 3101 5432 ξξεστί
3134 5388 3217 5425 σοι
3239 5368 3372 5444 ἆραι
3395 5375 3488 5429 τὸν
3511 5356 3896 5448 κράδὸατον.»

2283 5448 2511 5544 Κελεύει
2543 5447 2674 5524 ἆραι
2707 5455 2768 5508 τὸ
2803 5457 3081 5527 κλινίδιον,
3130 5463 3516 5522 πτστὼσασθαι
3549 5470 3899 5544 βουλόμενος

2281 5542 2340 5596 τὸ
2374 5545 2668 5615 γενόμενον
2700 5547 2906 5620 θαῦμα,
2926 5551 3069 5607 ὥστε
3092 5557 3297 5626 μηδένα
3317 5561 3544 5630 νομίσαι
3571 5542 3898 5632 φαντασίαν

2282 5635 2414 5688 αὐτὸ
2435 5632 2598 5732 είναι.
2633 5643 2707 5692 Οὐ
2743 5644 2849 5713 γὰρ
2880 5643 2966 5708 ἂν,
3019 5647 3067 5698 εί
3098 5648 3172 5719 μὴ
3213 5649 3452 5719 βεϐαίως
3522 5657 3622 5710 καὶ
3675 5658 3900 5732 σφόδρα

2282 5729 2563 5821 συνεπάγη
2597 5733 2747 5802 αὐτῷ
2775 5736 2843 5786 τὰ
2870 5737 3032 5807 μέλη,
3065 5739 3166 5810 τὴν
3193 5740 3383 5814 κλίνην
3409 5745 3604 5818 φέρειν
3626 5729 3896 5821 ὴδῦῗνατο.

2281 5819 2394 5871 Οὐκ
2432 5821 2655 5874 ἁπαιτεῖ
2675 5823 2730 5876 δὲ
2758 5825 2920 5878 αὑτὸν
2945 5828 3050 5898 πρὸ
3073 5830 3169 5900 τῆς
3203 5830 3404 5897 ίάσεως
3449 5819 3664 5900 πίστιν,
3688 5834 3896 5908 (paup

2280 5910 2373 5964 ἐπὶ
2402 5912 2578 5968 ἄλλων
2616 5917 2800 5979 τινῶν,
2829 5919 2911 5971 ὅτι
2947 5921 3160 5975 οὐδέπω
3186 5924 3352 5978 αὑτὸν
3391 5922 3536 5982 εἶδεν
3567 5929 3895 5986 δάσθινῶν

2280 6007 2507 6075 σημεῖον
2537 6011 2897 6078 πεποιηκότα.
2929 6012 3037 6065 Καὶ
3070 6015 3176 6086 γὰρ
3232 6018 3550 6090 κάκείνους,
3587 6021 3683 6089 οὓς
3719 6023 3896 6079 ἀπαι-
