4052 6572
181 556 296 626 1261

843 548 1291 612 ENARBATIO
1336 546 1418 608 IN
1461 539 1973 609 EVANGELIUM
2013 537 2361 601 JOANNIS.
2396 562 2467 573 -
2505 538 2664 598 CAP.
2712 539 2774 597 V.

3334 533 3474 631 1262

179 676 248 728 ιεῖ
283 671 468 725 πίστιν
514 669 544 722 6
573 666 774 738 Κύριος
797 705 811 730 ,
867 664 927 718 ού
971 663 1078 734 πρὸ
1101 661 1212 715 τῶν
1238 659 1558 732 θαυμάτων,
1614 653 1752 711 ἀλλὰ

1877 662 2151 722 mtequam
2200 652 2254 705 in
2279 662 2576 722 conspectu
2602 663 2794 704 eorum
2829 647 3037 702 faceret
3060 643 3347 711 miracula,
3377 649 3475 701 set

177 765 304 838 μιτά
329 765 393 818 τὸ
424 759 654 830 ποιῆσαι
685 756 923 812 ινώπιον
954 755 1139 810 αὐτῶν
1163 755 1236 810 τά
1274 752 1559 826 θαύματα,
1582 751 1750 806 ἀπαι-

173 855 468 921 αῐαὺτοῦς
514 853 617 925 τὴν
669 851 878 907 πίστιν.
931 851 1078 920 Ὅρα
1108 848 1167 904 δέ
1218 865 1310 920 μοι
1359 847 1478 910 πῶς
1516 845 1636 914 ἃμα
1693 860 1753 899 τε

172 953 358 1026 ἢκουσε
402 948 501 1004 καὶ
532 945 879 1002 ἐπίστευσεν.
919 945 996 999 Ού
1031 946 1144 1012 γὰρ
1177 939 1432 1011 διεκρίθη
1468 938 1594 991 καθ’
1625 938 1755 990 tau-

173 1045 275 1112 τὸν,
302 1041 397 1097 καὶ
416 1037 574 1095 εἶπεν
593 1054 608 1069 ο
643 1039 720 1093 Ού
749 1037 918 1111 λῆρος
943 1027 1122 1099 οὗτος,
1147 1033 1207 1098 δς
1235 1031 1487 1104 αύθωρὸν
1518 1029 1746 1101 ἐγερθῆ-

173 1135 254 1192 ναί
284 1152 347 1208 με
372 1131 760 1203 ιγκιλεύεταις
815 1127 1118 1200 τριάκοντα
1147 1125 1294 1180 ὀκτὼ
1317 1125 1412 1196 ἐτη
1440 1124 1606 1195 ἔχων,
1652 1122 1754 1176 οὐκ

172 1228 423 1300 ιπέτυχον
471 1226 690 1291 ἰάσεως,
748 1227 845 1280 καὶ
877 1222 1052 1286 οὕτως
1094 1219 1294 1294 ἀθρόον
1339 1207 1752 1290 ἐγερθήσομαις

172 1318 325 1374 Ούδὶν
357 1317 621 1383 τοιοῦτον,
653 1315 794 1371 ἀλλά
853 1312 1160 1377 πιστεύσας
1205 1309 1447 1383 ἠγέρθη.
1493 1309 1584 1363 Ἐν
1614 1308 1757 1362 Σασ-

171 1412 310 1484 eam
333 1411 394 1467 δι
438 1409 758 1484 θεραπεύει,
795 1408 1071 1465 διδάσκων
1097 1407 1227 1471 τοὺς
1266 1402 1595 1476 ἀνθρώπους
1631 1400 1758 1456 ἔτι·

173 1521 274 1577 ρως
295 1504 435 1559 νοεῖν
464 1502 567 1566 τὰς
587 1500 687 1556 τοῦ
726 1499 897 1571 νόμου
949 1498 1395 1571 παρατηρήσεις,
1447 1496 1543 1550 καὶ
1584 1493 1662 1566 μὴ
1687 1496 1756 1566 τῇ

171 1591 488 1668 σωματικῶς
516 1591 785 1663 νοουμένῃ
813 1587 989 1663 ἀργίᾳ
1036 1588 1219 1642 δοκεῖν
1242 1587 1414 1658 τιμᾷν
1455 1583 1516 1639 τὸ
1539 1581 1758 1640 Σάδϐα-

167 1706 273 1754 τον,
300 1687 434 1742 ἀλλά
458 1688 526 1760 τῇ
559 1685 672 1740 τῶν
700 1683 892 1740 κακῶν
931 1683 1138 1756 ἀποχῇ.
1175 1680 1336 1736 Ἐπεὶ
1377 1677 1509 1750 τόγε
1556 1675 1761 1747 ἀγαθο-

169 1784 333 1837 ποιείν
360 1780 420 1835 ὲν
445 1778 734 1850 Σαϐϐάτῳ,
763 1777 867 1832 οὐκ
889 1775 958 1833 ἀν
982 1777 1010 1831 6
1038 1775 1203 1847 νόμος
1230 1770 1463 1841 ἐκώλυε,
1487 1770 1654 1842 νόμος
1682 1768 1758 1824 ὣν

165 1874 258 1931 τοῦ
290 1872 426 1928 Θεοῦ
455 1871 549 1927 τοῦ
567 1870 1054 1942 ἀγαθοποιοῦντας.

238 1986 257 2022 ι
291 1965 594 2040 Ἀπεκρίθη
621 1965 844 2029 αὐτοῖς·
885 1963 948 2018 Ὀ
980 1963 1215 2036 ποιήσας
1244 1979 1314 2033 με
1348 1958 1502 2030 ὑγιῆ,
1547 1956 1760 2022 ἐκεῖνός

1857 755 2146 816 postquam
2179 744 2447 801 vidissent
2504 743 2797 809 miracula,
2835 742 3093 811 exigebat
3132 738 3322 796 fidem.
3373 739 3476 806 At-

1859 841 2020 894 tende
2066 846 2253 893 autem
2311 837 2455 908 quod
2504 836 2669 893 simul
2729 843 2895 906 atque
2940 833 3174 900 audivit,
3217 829 3476 889 credldlt.

1856 931 1977 988 Non
2042 934 2191 990 enim
2247 947 2437 989 secum
2497 930 2886 994 murmuravit,
2943 937 2999 982 et
3045 925 3184 982 dixit
3231 924 3476 983 :Nonne

1857 1038 2096 1100 nugatur
2123 1029 2250 1094 iste,
2282 1028 2376 1099 qui
2412 1028 2608 1083 eodem
2645 1031 2930 1080 momento
2980 1036 3068 1077 me
3119 1035 3347 1091 surgere
3387 1020 3481 1089 ju-

1859 1124 1945 1179 bet
1969 1120 2371 1193 (a)?Triginta
2423 1129 2485 1175 et
2513 1129 2639 1175 octo
2683 1132 2860 1173 annos
2897 1115 3134 1181 habens,
3188 1116 3476 1185 nunquam

1859 1215 2158 1270 sanitatem
2187 1223 2477 1269 assecutus
2517 1227 2664 1276 sum,
2714 1222 2769 1267 et
2800 1210 2879 1266 sic
2932 1219 3159 1280 repente
3213 1204 3478 1278 surgam?

1860 1307 2009 1364 Nihil
2059 1308 2166 1363 tale
2207 1305 2491 1379 cegitavit,
2540 1307 2638 1362 sed
2693 1305 2928 1360 credidit
2981 1318 3048 1361 ac
3094 1304 3362 1360 surrexit.
3419 1302 3476 1357 In

1863 1401 2108 1457 Sabbato
2131 1409 2311 1464 sanat.
2350 1400 2558 1457 docens
2607 1400 2884 1456 hominem
2950 1398 3115 1455 aliter
3168 1397 3481 1468 intelligere

1862 1492 1998 1562 legis
2026 1493 2466 1556 observationes,
2504 1503 2560 1550 et
2595 1507 2719 1561 non
2767 1501 2962 1563 putare
3013 1485 3134 1548 coli’
3169 1489 3476 1546 Sabbatum

1860 1586 1976 1642 otio
2002 1586 2301 1658 corporali,
2327 1586 2424 1641 sed
2459 1583 2728 1639 malorum
2755 1583 3110 1640 abstinentia.
3143 1578 3280 1637 Nam
3310 1580 3482 1638 bene-

1862 1679 2048 1737 facere
2105 1680 2267 1736 alicui
2305 1681 2360 1735 in
2418 1679 2663 1736 Sabbato
2710 1679 2797 1736 lex
2860 1694 2966 1735 non
3019 1675 3301 1749 prohibet,
3357 1691 3481 1748 qua:

1864 1774 1949 1830 lex
1985 1782 2072 1831 est
2104 1773 2201 1830 Dei
2258 1789 2478 1845 semper
2509 1774 2930 1831 benefacientis.

1938 1957 2103 2013 Vsus.
2132 1957 2225 2013 Η-
2259 1957 2343 2013 f5.
2379 1976 2395 2009 ι
2433 1956 2736 2025 Respondit
2765 1955 2845 2011 eis
2879 1972 2893 2011 :
2925 1953 3029 2023 Qui
3071 1968 3158 2009 me
3185 1959 3381 2009 sanum
3408 1950 3483 2006 fe-

167 2079 255 2135 μοι
279 2057 432 2116 εἶπεν
454 2077 471 2090 ⁸
501 2059 676 2132 ’Δρον
694 2059 787 2113 τδν
808 2057 1125 2132 κράὃόατόν
1156 2073 1278 2121 σου,
1311 2058 1405 2109 καὶ
1433 2051 1753 2125 περιπάτει.

1877 2053 1960 2120 :il,
1990 2054 2036 2107 is
2075 2053 2209 2108 mibi
2253 2053 2424 2107 dixit:
2462 2051 2617 2108 Tolle
2677 2050 2966 2120 grabatum
3010 2059 3162 2103 tuum
3197 2054 3252 2103 et
3284 2046 3483 2100 ambu-

176 2148 496 2222 Ἦρὼτησαν
524 2145 618 2205 οὖν
644 2150 840 2205 αὐτόν’
892 2149 992 2213 Τίς
1021 2149 1171 2202 ἐστιν
1210 2149 1239 2202 6
1290 2146 1589 2217 ἄνθρωπος
1621 2147 1651 2199 6
1680 2144 1760 2198 εί-

149 2243 279 2298 ξπών
323 2260 440 2298 σοι’
470 2239 644 2316 τΔρον
692 2242 786 2298 τὸν
823 2241 1140 2314 κράὸσατόν
1166 2257 1285 2306 σου,
1311 2239 1407 2294 καὶ
1425 2238 1759 2312 περιπάτει;

144 2367 146 2370 ν
174 2339 231 2390 'tl
259 2338 312 2392 δὲ
370 2339 544 2402 ίαθεῖς
571 2339 674 2392 οὐκ
704 2337 826 2410 ᾔδει
859 2337 943 2400 τίς
975 2338 1128 2390 ἐστιν
1148 2351 1160 2363 ·
1197 2336 1226 2389 6
1265 2336 1376 2406 γὰρ
1427 2330 1638 2405 Ἰησοῦς
1670 2331 1762 2397 ἐξ·

162 2432 381 2485 ἐνευσεν
404 2430 565 2501 δχλου
595 2431 748 2494 ὄντος
773 2432 832 2484 ἐν
865 2427 946 2500 τῷ
974 2428 1180 2498 τόπῳ.»
1200 2427 1322 2498 Χρὴ
1351 2426 1632 2498 θαυμάσαι
1660 2425 1762 2497 τὴν

158 2525 255 2580 τοῦ
276 2523 570 2595 ἀνθρώπου
601 2523 738 2593 πρὸς
785 2521 1078 2586 Ἰουδαίους
1109 2521 1453 2592 παρρησίαν,
1479 2519 1601 2583 πῶς
1637 2520 1762 2573 ἑπι-

158 2617 428 2690 κειμένων
452 2615 603 2687 αύτῷ
626 2616 723 2670 καὶ
749 2615 1044 2684 λεγόντων,
1101 2633 1119 2666 ι
1151 2613 1269 2668 Οὐκ
1300 2612 1482 2678 ἒξεστί
1515 2630 1599 2666 σοι
1626 2610 1763 2684 ἆραι

155 2713 251 2766 τὸν
287 2709 598 2781 κρύβδατόν
631 2727 727 2765 σου
766 2710 856 2764 διὰ
890 2710 953 2764 τὸ
1007 2710 1315 2777 Σαϐϐαῖον,
1347 2730 1366 2763 ι
1411 2710 1575 2773 αὐτὸς
1621 2708 1764 2780 μετὰ

155 2805 473 2878 παρρησίας
498 2805 835 2876 ἀνεκήρυττε
861 2805 955 2859 τὸν
991 2805 1292 2878 εὐεργέτην
1313 2821 1327 2836 ο
1372 2823 1390 2856 ι
1438 2804 1499 2859 Ὃ
1523 2806 1763 2876 ποιήσας

158 2917 230 2972 με
258 2897 414 2970 ύγιῆ,
443 2898 608 2962 αὑτός
639 2915 730 2970 μοι
762 2895 920 2953 εἶπεν
946 2916 962 2932 ο
991 2919 1019 2952 ι
1049 2899 1254 2954 ὡσανεὶ
1284 2899 1516 2954 τοιαῦτα
1545 2897 1725 2968 λέγων
1747 2913 1759 2926 ·

151 2993 408 3063 Ληρεῖτε,
460 2991 560 3046 καὶ
605 2990 976 3064 παραπαίετε,
1009 2992 1335 3056 κελεύοντες
1367 2991 1442 3064 μὴ
1472 2989 1764 3045 πείθεσθαι

153 3083 238 3156 τῷ
281 3083 391 3138 ἀπὸ
423 3087 645 3156 μακρᾶς
699 3083 846 3140 οὕτω
878 3084 973 3140 καὶ
1005 3085 1256 3156 χαλεπῆς
1285 3101 1354 3154 με
1391 3085 1552 3138 νόσου
1589 3083 1767 3138 ἀπαλ-

152 3176 407 3244 λάξαντι.
460 3178 524 3231 Οἱ
557 3177 615 3230 δὲ
652 3178 900 3233 Ἰουδαῖοι
947 3179 1049 3234 οὐκ
1095 3178 1391 3250 ἐρωτῶσιν
1448 3177 1637 3242 αὐτὸν,
1668 3178 1766 3242 Τίς

154 3271 311 3325 ιστιν
341 3272 371 3325 6
393 3270 632 3342 ποιήσας
664 3288 723 3324 σε
754 3271 925 3341 ὑγιῆ;
973 3271 1133 3338 ἀλλὰ,
1186 3271 1283 3335 Τίς
1327 3273 1478 3324 ἐστιν
1512 3272 1541 3324 6
1591 3268 1767 3324 εἰπών

155 3378 276 3417 σοι·
309 3358 482 3434 ’Δρον
513 3363 608 3416 τὸν
643 3363 996 3435 κρά66ατον;
1034 3383 1054 3416 ι
1109 3363 1299 3428 Οὖτως
1341 3362 1451 3435 ἀρα
1497 3363 1636 3436 πρὸς
1665 3362 1766 3436 μὲν
1791 3396 1838 3458 c

151 3457 220 3512 τὸ
275 3455 443 3512 καλὸν
493 3456 737 3512 ἐθελοντὶ
801 3457 1170 3529 ὲτύφλωττον.
1234 3459 1335 3528 τὴν
1382 3458 1442 3512 δὲ
1494 3457 1765 3513 δοκοῦσαν

154 3551 478 3622 παράϐασιν
508 3551 604 3606 τοῦ
635 3551 920 3607 Σαϐϐάτου
957 3552 1070 3606 ἀνω
1101 3553 1195 3606 καὶ
1232 3552 1385 3607 κάτω
1415 3553 1728 3624 προέφερον
1749 3567 1764 3583 ·

153 3643 188 3696 6
221 3642 282 3696 δὲ
327 3641 538 3714 Ἰησοῦς
569 3641 843 3710 ἐξένευσε,
876 3643 1099 3714 πρῶτον
1128 3645 1251 3714 μὲν,
1287 3645 1375 3698 ἵνα
1405 3645 1641 3709 ἀπόντος
1669 3643 1768 3696 αὺ-

152 3733 256 3789 τοῦ
319 3737 634 3799 ἀνύποπτος
701 3734 931 3805 γένηται
983 3737 1017 3805 ἡ
1078 3735 1364 3809 μαρτυρία
1417 3736 1450 3806 ὴ
1498 3735 1771 3808 περὶτῆς

157 3826 380 3896 ὑγείας,
407 3828 502 3881 καὶ
530 3827 605 3899 μὴ
627 3827 757 3900 δόξῃ
785 3830 813 3882 6
843 3828 1137 3900 ἄνθρωπος
1169 3827 1642 3902 καταχαρίζεσθαι
1672 3830 1772 3882 αύ-

153 3920 262 3992 τῷ,
289 3919 430 3974 ἀλλά
461 3923 528 3990 τῇ
563 3920 796 3992 ἀληθείᾳ
817 3922 1303 3993 προσμαρτυρεῖν·
1339 3921 1554 3987 ἔπειτα,
1582 3921 1670 3974 ἵνα
1695 3920 1772 3993 μὴ

154 4015 258 4072 ἐπὶ
285 4013 471 4068 πλεῖον
501 4012 690 4086 ἀνάψτι
712 4015 826 4078 τοῖς
846 4014 1125 4077 Ἰουδαίοις
1156 4013 1248 4067 τὸν
1282 4013 1478 4085 θυμόν.
1507 4009 1630 4068 υἷδε
1660 4013 1772 4086 γὰρ

155 4107 262 4162 καὶ
305 4105 433 4177 δψις
481 4107 622 4178 μόνη
669 4105 767 4160 τοῦ
797 4105 1292 4178 διαφθονουμένου,
1329 4109 1390 4161 ού
1432 4108 1628 4180 μικρὸν
1657 4110 1773 4173 τοῖς

156 4197 560 4270 βασκαίνουσιν
611 4197 817 4252 ἐνιέναι
882 4197 1166 4270 σπινθῆρα
1195 4198 1395 4267 φθόνου
1419 4215 1434 4230 ο
1491 4199 1582 4252 διὰ
1614 4197 1775 4253 τοῦτο

155 4290 398 4362 ἀφίησιν
414 4290 548 4346 αὐτὸ
570 4290 695 4346 καθ’
714 4289 881 4346 ’ἑαυτὸ
900 4291 965 4346 τὸ
986 4290 1148 4362 ἔργον
1169 4292 1547 4358 ἐξετάζεσθαι.
1575 4294 1640 4348 Οί
1663 4293 1774 4366 γὰρ

155 4389 822 4462 ἀγκαλοῦντεςἸουδαῖοι,
852 4391 932 4454 εις
962 4389 1216 4455 ἐξέτασιν
1250 4391 1345 4443 καὶ
1373 4389 1571 4459 λόγους
1591 4391 1652 4445 τὸ
1677 4407 1773 4460 γε-

155 4484 328 4554 γονὸς
354 4483 638 4555 φέροντες,
665 4482 1132 4555 ὲξακουστότερον
1160 4483 1292 4538 αὐτὸ
1325 4483 1596 4538 ποιοῦσιν.

243 4598 264 4632 s
296 4577 457 4634 Μετά
513 4577 692 4632 ταῦτα
753 4576 1004 4647 εὑρίσκει
1064 4576 1230 4630 αὑτὸν
1276 4579 1304 4631 ό
1368 4577 1575 4648 Ἰησοῦς
1611 4576 1777 4650 ὲντῷ

157 4670 331 4745 ίερῷ,
357 4673 454 4726 καὶ
478 4666 637 4727 εἶπεν
686 4669 874 4742 αύτῷο
912 4669 1020 4724 Ἴδε
1061 4670 1223 4742 ὑγιὴς
1263 4670 1530 4740 γέγονας·
1574 4672 1778 4743 μηκέτι

1865 2147 1938 2202 la.
1975 2144 2454 2217 interrogaverunt
2507 2159 2639 2217 ergo
2677 2159 2800 2200 eum
2833 2160 2848 2199 :
2881 2142 3017 2211 Quis
3055 2149 3144 2197 est
3174 2139 3265 2195 ille
3311 2138 3480 2195 homo

1865 2238 1959 2308 qui
2006 2237 2144 2292 dixit
2188 2237 2331 2295 tibi:
2366 2237 2520 2295 Tolle
2557 2237 2847 2309 grabatum
2899 2245 3054 2291 tuum
3101 2241 3158 2290 et
3225 2231 3486 2289 ambula?

1867 2335 1921 2389 ls
1955 2341 2138 2387 autem
2181 2333 2273 2403 qui
2301 2349 2469 2390 sanus
2531 2334 2713 2389 fuerat
2763 2331 3014 2398 effectus,
3040 2329 3328 2386 nesciebat
3357 2329 3484 2400 quis

1867 2437 2035 2485 esset.
2069 2426 2232 2485 Jesus
2259 2428 2403 2484 enim
2440 2429 2705 2485 subduxit
2736 2442 2818 2496 se,
2860 2427 3009 2496 quod
3049 2424 3208 2480 turba
3246 2433 3395 2480 esset
3427 2423 3483 2478 in

1867 2540 1934 2581 eo
1967 2525 2107 2580 loco.
2142 2542 2160 2575 ι
2197 2522 2474 2578 Admirari
2505 2523 2766 2579 convenit
2799 2520 3038 2579 hominis
3082 2533 3212 2590 erga
3263 2516 3486 2574 Iudaeos
3598 2511 3600 2513 ’

1868 2617 1924 2672 in
1944 2615 2174 2674 dicendo
2192 2618 2526 2682 libertatem,
2566 2616 2788 2686 quando
2820 2615 3145 2686 urgentibus
3172 2613 3281 2670 illis
3321 2609 3488 2671 et'di-

1867 2707 2144 2780 c'entibus,
2187 2729 2208 2763 ι
2256 2709 2372 2768 Νοη
2410 2710 2507 2766 tibi
2538 2711 2663 2766 licet
2709 2710 2907 2766 tollere
2964 2710 3256 2781 grabatum
3326 2717 3482 2765 tuum

1868 2819 1966 2873 per
2004 2801 2326 2871 Sabbatum,
2356 2824 2374 2858 ι
2423 2805 2540 2875 ipse
2587 2818 2714 2861 cum
2773 2802 2969 2861 fiducia
3014 2800 3186 2860 libere
3223 2802 3488 2874 praedicat.

1869 2897 2317 2953 benci'uetorem:
2397 2915 2416 2951 ι
2473 2897 2578 2966 Qui
2641 2897 2772 2954 fecit
2823 2911 2911 2953 me
2958 2910 3180 2964 sanum,
3231 2896 3325 2953 ille
3350 2896 3485 2952 mibi

1871 2991 2030 3053 dixit,
2067 3010 2087 3044 ι
2121 2991 2286 3046 veluti
2326 2991 2636 3064 ltujusmodi
2672 2992 2922 3063 quaedam
2973 2991 3265 3062 proferens
3298 3010 3313 3047 :
3351 2989 3488 3046 Deli-

1871 3086 2007 3142 ratis
2035 3096 2091 3142 et
2125 3087 2376 3156 desipitis
2406 3088 2666 3158 jubentes
2698 3103 2767 3144 ne
2809 3087 3061 3144 obediam
3097 3087 3148 3143 ei
3180 3086 3271 3157 qui
3319 3101 3408 3142 me
3456 3100 3486 3142 ε

1874 3185 1984 3232 tam
2046 3178 2306 3234 diuturno
2336 3187 2391 3234 et
2416 3178 2624 3235 diliicili
2667 3179 2860 3236 morbo
2891 3178 3167 3235 liberavit.
3201 3176 3274 3235 At
3303 3175 3485 3234 Judaei

1875 3286 1980 3326 non
2012 3268 2355 3341 interrogant
2387 3287 2551 3342 eum;
2590 3270 2727 3340 Quis
2760 3280 2844 3327 est
2872 3273 2963 3342 qui
3014 3281 3072 3327 te
3088 3285 3286 3328 sanum
3317 3269 3489 3326 fecit?

1875 3365 1990 3429 sed,
2041 3366 2220 3431 «Quis
2253 3374 2340 3420 est
2387 3367 2479 3436 qui
2527 3366 2666 3420 dixit
2720 3365 2838 3430 tibi,
2889 3364 3045 3423 Tolle
3091 3363 3421 3437 grabatum?
3463 3382 3482 3417 ι

1875 3452 1960 3507 Ita
1991 3455 2058 3508 ad
2087 3461 2287 3509 bonum
2330 3466 2525 3526 sponte
2570 3456 3015 3523 cxcmcabantur,
3063 3465 3399 3528 sursumque
3425 3473 3489 3511 ac

1872 3549 2130 3605 deorsum
2184 3551 2467 3620 rapiebant
2521 3551 2747 3608 Sabbati
2831 3552 3210 3618 violatiouem,
3268 3560 3329 3608 ut
3381 3553 3486 3608 sibi

1874 3641 2277 3696 videbatttr.~At
2309 3642 2471 3699 Jcsus
2496 3659 2556 3698 se
2591 3644 2964 3699 subduxerat:
3000 3645 3235 3714 primum
3263 3643 3487 3715 quidem

1875 3745 1933 3788 ut
1965 3735 2196 3790 absente
2244 3735 2362 3805 ipso
2411 3735 2784 3791 testimonium
2832 3738 3084 3792 sanitatis
3126 3735 3275 3791 illius
3303 3735 3490 3806 suspi-

1877 3827 2038 3884 cione
2068 3829 2243 3897 magis
2277 3836 2512 3894 careret,
2546 3837 2606 3884 et
2653 3844 2723 3885 ne
2763 3829 3047 3885 videretur
3085 3823 3386 3900 gratificari
3413 3830 3489 3891 ei,

1876 3921 1970 3976 sed
2005 3921 2291 3975 veritatem
2326 3921 2536 3976 testari.
2568 3920 2792 3992 Insuper
2831 3931 2890 3978 ut
2919 3935 2986 3977 ne
3029 3920 3347 3979 Iudaeorum
3403 3921 3493 3979 in-

1877 4013 2079 4068 vidiam
2116 4015 2292 4084 magis
2333 4014 2683 4070 accenderet.
2733 4014 2888 4071 Solet
2939 4016 3085 4072 enim
3140 4028 3196 4072 et
3234 4032 3494 4090 aspectus

1878 4105 2000 4178 ejus
2032 4111 2119 4164 cui
2177 4108 2472 4176 invidetur,
2512 4124 2622 4164 non
2675 4124 2902 4178 parvam
2939 4110 3158 4168 invidiae
3209 4111 3489 4173 flammam

1881 4202 2180 4258 immittere
2236 4201 2624 4258 invidentibus.
2677 4201 2844 4275 57o
2881 4202 3179 4274 Propterea
3225 4210 3497 4276 permittit

1881 4292 2086 4349 factum
2120 4294 2296 4359 ipsum
2323 4308 2419 4364 per
2454 4309 2512 4349 se
2535 4296 2860 4349 examinari.
2895 4295 3067 4352 Porro
3101 4295 3274 4352 Judaei
3305 4317 3496 4372 repre-

1882 4387 2184 4442 hendentes
2223 4403 2347 4441 cum
2380 4385 2582 4443 factum
2632 4387 2996 4458 inquirerent,
3044 4390 3234 4447 multis
3282 4409 3498 4450 scruto-

1872 4481 2048 4537 .nibus
2081 4480 2353 4537 celebrius
2382 4480 2538 4536 ‘illud
2570 4483 2827 4540 reddunt.

1958 4572 2125 4630 Vsus.
2161 4572 2324 4628 Molli
2355 4593 2374 4625 ι
2411 4571 2606 4629 Postea
2639 4589 2765 4628 ettm
2812 4575 3015 4645 reperit
3057 4574 3220 4633 Jesus
3252 4578 3304 4631 in
3353 4590 3494 4633 tem-

1885 4668 1998 4740 ιιιο,
2028 4678 2084 4722 et
2111 4666 2250 4723 dixit
2278 4668 2329 4721 ei
2356 4683 2371 4720 :
2410 4666 2549 4722 Ecce
2582 4682 2751 4723 sanus
2801 4665 2979 4723 factus
3006 4683 3068 4724 es
3111 4683 3128 4722 :
3155 4685 3224 4726 ne
3267 4673 3500 4742 pastliac

153 4768 486 4838 ἁμάρτανε,
515 4765 604 4819 ἵνα
628 4763 704 4837 μὴ
733 4764 918 4836 χεῖρόν
941 4765 994 4817 τί
1013 4782 1097 4818 σοι
1136 4764 1388 4836 γένηται.
1437 4765 1712 4837 ’Δπῆλθεν
1743 4767 1767 4820 6

1887 4765 2113 4833 pecces,
2172 4774 2242 4815 ne
2290 4761 2422 4830 quid
2483 4758 2728 4814 deterius
2795 4760 2890 4815 tibi
2970 4763 3278 4833 contingat.
3346 4765 3502 4821 Abiit

151 4857 487 4929 ἄνθρωπος,
513 4860 608 4912 καὶ
641 4857 950 4927 ἀπήγγειλε
979 4859 1093 4921 τοῖς
1116 4855 1422 4922 Ἰουδαίοις.
1453 4857 1538 4911 ὅτι
1561 4855 1777 4929 Ἰησοῦς

151 4955 325 5008 ἀστιν
376 4954 406 5006 6
433 4953 670 5022 ποιήσας
718 4951 884 5005 αὑτὸν
911 4951 1064 5021 ὑγιῆ.
1099 4952 1211 5005 Καὶ
1239 4951 1330 5006 διά
1357 4950 1519 5006 τοῦτο
1550 4951 1778 5006 ἐδίωκον

149 5047 258 5102 τὸν
282 5043 499 5116 Ἰησοῦν
529 5047 576 5098 ei
618 5044 883 5110 Ἰουδαῖοι,
909 5045 1005 5100 καὶ
1034 5044 1262 5116 ἐζήτουν
1305 5044 1470 5098 αὑτὸν
1515 5045 1775 5099 ἀποκτεῖ-

151 5157 285 5206 ναι,
318 5137 405 5193 ὅτι
428 5137 605 5192 ταῦτα
654 5136 914 5209 ιποίησεν
935 5139 994 5190 ὲν
1028 5137 1317 5206 Σαὸὀὰτῳ.
1355 5157 1375 5191 ι
1427 5138 1526 5192 Ἐκ
1547 5138 1644 5192 τοῦ
1669 5138 1779 5208 φά-

149 5247 259 5292 ναι
293 5231 389 5284 τὸν
411 5229 615 5303 Κύριον
637 5228 717 5302 τῷ
745 5228 1067 5302 παραλύτῳ,
1107 5249 1124 5281 ι
1161 5230 1291 5297 Ἴδε,
1325 5230 1485 5301 ὑγιὴς
1509 5231 1779 5299 γέγονας

154 5321 385 5398 μηκέτι
418 5322 730 5394 ἁμάρτανε,
759 5341 778 5375 ι
817 5320 1173 5393 μανθάνομεν
1197 5322 1416 5392 πρῶτον
1452 5322 1575 5392 μὲν,
1608 5325 1691 5377 ὅτι
1723 5323 1782 5391 ἐξ

151 5417 468 5489 ἁμαρτιῶν
495 5416 702 5488 ἐτέχθη
733 5415 811 5488 τῷ
835 5415 1115 5488 ἀνθρώπῳ
1140 5415 1201 5469 τὸ
1236 5417 1454 5488 νόσημα
1473 5433 1488 5446 ν
1522 5415 1783 5489 δεύτερον

149 5515 245 5580 δὲ,
275 5513 365 5567 ὅτι
399 5513 608 5585 ἀληθὴς
628 5515 656 5566 6
683 5514 814 5584 περὶ
846 5513 949 5582 τῆς
972 5511 1200 5581 γεέννης
1224 5511 1406 5579 λόγος,
1443 5514 1537 5567 καλ⁵
1569 5515 1654 5568 ὅτι
1690 5515 1782 5569 ἀΐ-

151 5608 291 5671 διός
322 5609 474 5661 ἐστιν
499 5609 532 5678 ἡ
565 5607 828 5678 τιμωρία.
860 5606 973 5660 Ποῦ
1003 5607 1114 5677 γὰρ
1144 5607 1238 5660 νῦν
1264 5609 1403 5660 εἰσιν
1424 5609 1475 5660 οί
1503 5608 1779 5677 λέγοντες,

144 5703 255 5761 ὅτι
304 5704 398 5757 Ἐν
427 5703 529 5774 μιᾷ
556 5701 677 5774 ὥρᾳ
716 5701 1048 5774 ὲπόρνευσα,
1092 5703 1185 5754 καὶ
1235 5702 1353 5766 πῶς
1398 5701 1647 5757 ἀθάνατα
1688 5721 1783 5758 κο-

152 5796 569 5868 λασθήσομαις
612 5795 744 5848 Ἰδοὺ
773 5796 883 5866 γὰρ
920 5798 1014 5848 καὶ
1057 5790 1217 5855 οὗτος
1261 5796 1363 5848 οὐκ
1399 5799 1457 5849 ἐν
1500 5796 1781 5863 τοσούτοις

153 5891 437 5964 ἥμαρτεν
465 5887 670 5953 ἐτεσιν,
721 5889 779 5941 ὲν
809 5889 956 5951 ὅσοις
999 5888 1314 5956 ἐκολάζετο,
1346 5889 1463 5943 ἀλλ’
1487 5891 1785 5964 ὁλόκληρον

1883 4855 1972 4910 ille
1997 4857 2248 4920 liomo,et
2274 4852 2776 4910 nuntiavitludaeis
2812 4856 2958 4926 quod
3002 4854 3165 4913 Jesus
3209 4869 3358 4915 esset
3401 4862 3495 4932 qui

1883 4953 2061 5020 ipsum
2096 4949 2317 5006 fecisset
2345 4965 2565 5006 sanum.
2588 4950 2652 5006 Et
2683 4961 2907 5024 propter
2933 4953 3036 5009 hoc
3088 4955 3502 5025 persequeban-

1886 5056 1971 5100 tur
2001 5045 2173 5101 ,ιυόωί
2204 5043 2415 5110 Jesum,
2448 5055 2501 5098 et
2532 5043 2856 5116 quazrebaut
2890 5059 3016 5099 eum
3048 5047 3322 5113 occidere,
3351 5049 3495 5117 quod

1884 5141 1990 5196 ista
2021 5139 2241 5195 fecisset
2273 5139 2328 5194 in
2356 5139 2654 5193 Sabbatoa
2702 5138 2779 5193 Ex
2817 5154 2883 5193 eo
2909 5141 3056 5210 quod
3105 5142 3371 5198 Dominus
3405 5159 3501 5210 pa-

1885 5233 2118 5305 ralytico
2145 5233 2280 5286 dixit
2310 5250 2326 5289 :
2370 5251 2388 5283 ι
2425 5230 2578 5298 Vide,
2603 5247 2771 5288 sanus
2815 5232 2991 5289 factus
3017 5249 3113 5295 es:
3153 5249 3221 5288 ne
3268 5236 3502 5305 posthac:

1887 5342 2102 5398 pecces,
2142 5345 2160 5378 ι
2209 5327 2446 5396 primum
2507 5327 2727 5397 quidem
2776 5328 3061 5396 discimus,
3131 5343 3199 5384 ex
3262 5330 3503 5400 peccatis

1887 5432 2046 5478 natos
2088 5420 2371 5477 hominum
2418 5420 2665 5487 morbos,
2701 5420 2901 5476 deinde
2947 5436 3079 5477 vera
3121 5423 3375 5478 enarrari
3434 5427 3502 5478 de

1889 5516 2160 5587 gebcnna,
2227 5526 2604 5584 aeternumque
2659 5529 2782 5570 esse
2833 5515 3184 5585 supplicium.
3240 5516 3361 5574 Jam
3408 5519 3501 5571 ubi

1893 5625 2039 5666 nunc
2070 5620 2199 5667 sunt
2229 5612 2320 5682 qui
2349 5611 2538 5665 dicunt
2573 5627 2586 5662 :
2622 5611 2719 5678 :Ad
2751 5625 2913 5665 unam
2949 5611 3142 5667 horam
3182 5612 3382 5668 indulsi
3427 5613 3508 5667 rt-i

1895 5719 2164 5771 venereae,
2222 5706 2498 5774 quomodo
2556 5707 2608 5758 in
2672 5715 2991 5775 perpetuum
3072 5708 3302 5777 puniar?
3364 5706 3511 5765 Ecce

1895 5801 2040 5856 enim
2077 5800 2247 5854 etiam
2281 5799 2369 5853 hic
2403 5815 2510 5853 non
2545 5808 2625 5854 tot
2653 5800 2812 5854 annis
2854 5811 3176 5871 peccaverat
3215 5813 3352 5872 quot
3402 5818 3511 5874 pu-

1899 5893 2176 5960 niebatur,
2240 5894 2336 5949 sed
2381 5892 2555 5950 ferme
2609 5894 2878 5966 integram
2948 5897 3188 5951 hominis
3238 5897 3408 5953 vitam
3453 5899 3506 5955 in

244 6013 333 6086 (α)
365 6009 508 6086 Edit.
534 6006 684 6069 Lut.,
728 6009 812 6063 Me
833 6012 984 6079 iubes
1026 6025 1259 6086 surgere,
1283 6011 1371 6080 qui
1398 6024 1535 6065 nunc
1562 6011 1780 6082 triginta
1819 6025 1935 6068 octo
1963 6027 2131 6067 annos
2156 6009 2401 6080 habeam,
2468 6019 2516 6066 et
2548 6010 2776 6066 salutent
2811 6028 3081 6083 nunquam
3150 6013 3253 6068 sim
3297 6030 3512 6073 assecu-

157 6082 267 6144 tus
286 6082 387 6151 {et
415 6082 488 6138 sit
519 6091 725 6150 repente
755 6097 1019 6151 surgerent
1049 6083 1071 6133 Ρ
