4052 6580
591 537 724 604 1263

1485 538 2069 600 TllEOl’ll’YlACTl
2116 539 2532 601 BULGARLE
2570 538 2926 601 ARCIIIEP.

3734 533 3865 598 128-6

565 655 817 726 supplicii
852 669 1157 709 mensuram
1189 654 1732 725 amplamﬁmpcndit.
1772 653 1916 710 Sane
1937 667 2158 724 pet-cata

2268 655 2562 724 ἀνθρώπου
2622 654 2738 726 βίον
2770 655 2958 726 σχεδὸν
3005 653 3285 722 ἦνάλωσεν
3335 655 3392 707 ἐν
3445 654 3519 723 τῷ
3569 653 3736 724 μήκει
3773 657 3865 723 τῆς

567 763 674 800 ιιοιι
721 746 1036 814 indicantur
1079 755 1345 816 tempore,
1401 749 1495 802 sed
1547 747 1661 815 ipsa
1700 748 2026 802 delictorum
2065 764 2161 802 na-

567 847 710 893 tura.
741 838 882 903 Quin
939 837 1026 891 hic
1054 849 1104 892 et
1130 838 1260 892 illtttl
1285 839 1571 906 discimus,
1605 839 1746 909 quod
1781 840 1907 896 licet
1938 856 2160 911 gravem

568 930 785 984 luamus
818 945 916 997 pro
961 932 1150 1000 primis
1177 934 1416 1000 peccatis
1464 947 1702 1001 pinnam,
1736 933 1780 985 si
1817 933 2014 987 deinde
2064 934 2163 988 ite-

578 1039 693 1077 rum
732 1024 782 1076 in
820 1025 1010 1077 eadem
1047 1024 1352 1078 incidamus
1393 1036 1638 1094 peccata,
1692 1027 1886 1080 iterum
1915 1026 2160 1094 graviora

571 1118 863 1187 patiemur,
899 1117 1061 1185 idque
1111 1118 1326 1172 merito.
1372 1117 1473 1184 Qui
1505 1120 1648 1173 cnim
1698 1119 1866 1186 priori
1898 1120 2163 1187 supplicio

568 1227 672 1264 non
715 1211 1038 1265 emendatus
1080 1219 1184 1274 est,
1221 1213 1286 1264 ad
1336 1212 1540 1280 majora
1585 1222 1855 1266 tormenta
1911 1215 2160 1278 ducetur,

568 1315 825 1373 tanquam
857 1303 1166 1358 insensatus
1229 1313 1284 1358 et
1333 1314 1696 1374 contemptor.
1746 1307 1806 1360 Et
1840 1323 2029 1374 quare,
2079 1307 2166 1361 iu-

565 1397 702 1466 quit,
750 1412 856 1450 non
897 1411 1090 1452 omnes
1146 1397 1223 1452 sic
1283 1397 1624 1464 puniuntur?
1684 1397 1896 1452 Etenim
1967 1399 2166 1455 tnultos

566 1488 934 1557 improborum
968 1488 1212 1540 videmus
1270 1488 1406 1541 bene
1439 1487 1678 1544 valentes
1726 1503 1978 1558 corpore,
2013 1502 2066 1545 et
2109 1494 2162 1545 in

565 1580 776 1635 deliciis
815 1594 878 1634 ac
921 1578 1278 1648 prOSperitate
1325 1579 1586 1636 viventes.
1651 1578 1845 1635 Verum
1886 1581 2029 1651 quod
2087 1582 2165 1637 illi

569 1671 701 1724 ttihil
732 1670 819 1724 hic
847 1670 1150 1740 patiuntur.
1185 1670 1442 1725 viaticum
1475 1672 1552 1727 eis
1577 1674 1681 1727 erit
1737 1673 1802 1727 ad
1838 1673 2164 1744 supplicium

565 1765 806 1835 gravius,
841 1769 980 1835 quod
1014 1765 1138 1820 alibi
1185 1767 1382 1821 ferent.
1405 1767 1470 1821 Et
1507 1771 1606 1823 hoc
1641 1768 1840 1825 Paulus
1877 1770 2166 1826 manifeste

564 1861 779 1915 dicebat
808 1878 819 1915 :
851 1877 870 1913 ι
921 1859 1054 1915 Cum
1116 1861 1259 1914 enim
1317 1860 1626 1930 judicatnur
1656 1878 1683 1917 a
1716 1863 1966 1927 Domino,
2020 1882 2037 1915 ι
2080 1864 2165 1918 Ιιίο

565 1956 791 2017 scilicet.
835 1973 852 2006 t
878 1955 1177 2020 erudimur,
1201 1965 1254 2007 ut
1284 1971 1350 2008 ne
1381 1970 1503 2009 cum
1549 1957 1647 2010 hoc
1671 1959 1871 2011 mundo
1901 1957 2160 2010 condem-

2266 745 2560 816 τιμωρίας.
2593 746 2668 799 υύ
2703 746 2813 816 γὰρ
2857 745 3036 816 χρόνῳ
3067 744 3132 796 τὰ
3170 744 3556 814 ἁμαρτήματα
3593 744 3862 812 κρίνεται,

2266 839 2383 892 ἀλλ’
2415 839 2553 907 αὐ·ῇ
2602 840 2668 907 τῇ
2701 837 2862 906 φύσει
2915 837 3024 888 τῶν
3084 835 3663 906 πεπλημμελημὲνων.
3716 837 3866 890 Μετὰ

2266 929 2470 983 τούτων
2504 932 2728 983 κακεῖνο
2763 930 3133 998 μανθάνομεν,
3167 929 3248 980 ὅτι
3283 930 3386 982 κᾶν
3418 929 3664 1000 χαλεπὴν
3689 927 3866 995 δῶμεν

2269 1021 2406 1090 ὑπὲρ
2438 1022 2545 1073 τῶν
2581 1023 2862 1091 προτέρων
2904 1020 3328 1091 ἁμαρτημάτων
3359 1019 3456 1088 τὴν
3515 1020 3696 1090 δίκην,
3747 1016 3866 1072 εἶτα

2267 1116 2375 1176 τοῖς
2411 1113 2591 1176 αὐτοῖς
2629 1114 3001 1183 ἁμαρτήμασι
3034 1112 3200 1164 πάλιν
3234 1113 3596 1182 ἐμφυρῶμεν,
3628 1113 3872 1184 χαλεπώ-

2267 1225 2399 1278 τερα
2428 1207 2589 1261 πάλιν
2638 1207 2979 1278 πεισόμεθα·
3020 1207 3115 1259 καὶ
3165 1207 3314 1278 μάλα
3367 1208 3621 1271 εἰκότως.
3668 1208 3727 1260 '0
3765 1209 3872 1276 γὰρ

2271 1301 2408 1372 μηδὲ
2451 1304 2517 1372 τῇ
2551 1301 2796 1372 προτέρα
2846 1301 3086 1371 τιμωρία
3122 1299 3464 1370 βελτιωθεὶς,
3517 1302 3610 1353 ἐπὶ
3649 1301 3875 1370 μείςοια

2266 1395 2463 1457 ἄγεται
2498 1393 2860 1462 κολαστήρια,
2894 1391 2970 1456 ὡς
3005 1392 3338 1461 ἀναίσθητος
3374 1395 3468 1444 καὶ
3517 1410 3873 1464 καταφρονη-

2267 1489 2386 1559 τής.
2423 1489 2533 1541 Καὶ
2567 1488 2711 1550 τίνος
2742 1488 2955 1550 ἕνεκεν,
2991 1488 3180 1557 φησιν,
3212 1488 3273 1540 οὐ
3306 1487 3506 1550 πάντες
3537 1487 3684 1540 οὕτω
3708 1488 3874 1540 κολα-

2269 1582 2454 1646 ζονται
2480 1599 2493 1645 ;
2533 1581 2643 1634 Καὶ
2673 1581 2783 1652 γὰρ
2819 1580 3048 1643 πολλοὺς
3070 1581 3292 1650 δρῶμεν
3319 1579 3426 1633 τῶν
3451 1579 3672 1650 φαύλων
3709 1580 3877 1632 εὐσω-

2271 1673 2598 1744 ματοῦντας.
2621 1675 2715 1728 καὶ
2742 1673 3112 1745 σφριγῶντας,
3137 1674 3232 1725 καὶ
3251 1672 3682 1743 εὐημεροῦντας.
3711 1671 3878 1727 Ἀλλὰ

2267 1768 2327 1820 τὸ
2358 1768 2528 1836 μηδὲν
2582 1768 2781 1831 αὐτοὺς
2831 1766 3025 1820 παθεῖν
3074 1765 3346 1830 ἐνταῦθα,
3405 1766 3617 1836 ἐφόδιον
3659 1766 3878 1832 γίνεται

2272 1861 2520 1930 μείζονος
2550 1863 2667 1913 ἐκεῖ
2696 1861 2970 1931 τιμωρίας
2991 1876 3005 1890 '
3038 1862 3134 1913 καὶ
3183 1860 3342 1913 τοῦτο
3382 1859 3560 1929 δηλῶν
3596 1862 3624 1912 6
3657 1859 3876 1924 Παῦλος

2271 1953 2476 2020 ἔλεγεν,
2505 1955 2584 2006 ὅτι
2624 1953 2979 2022 ιΚρινόμενοι
3008 1952 3112 2005 ὐπ’)
3137 1953 3397 2024 Κυρίου,›
3421 1949 3657 2004 ἐνταῦθα
3681 1952 3880 2022 (ἴηλον-

562 2066 759 2105 nentur
783 2050 848 2112 ",
890 2068 907 2100 ι
944 2049 1068 2102 alibi
1120 2049 1371 2102 videlicet
1400 2067 1412 2102 :
1468 2064 1589 2102 nam
1624 2065 1740 2116 quae
1766 2049 1852 2104 hic
1889 2051 2041 2115 ﬁunt,
2073 2053 2162 2104 ad-

2272 2048 2375 2110 ὁτι,
2438 2065 2454 2097 ι
2492 2045 2887 2112 παιδευόμεθα,
2918 2047 3005 2098 ἵνα
3045 2046 3120 2116 μὴ
3148 2048 3246 2099 σὺν
3276 2046 3353 2116 τῷ
3381 2046 3571 2116 κόσμῳ
3604 2061 3880 2116 κατακρι-

568 2142 886 2198 munitionis
933 2151 1100 2195 sunt:
1153 2156 1272 2209 qum
1303 2151 1482 2195 autem
1537 2141 1686 2205 alibi,
1734 2143 2161 2212 suppliciorum.

567 2239 705 2305 Quid
744 2237 950 2306 igitur?
977 2235 1237 2303 numquid
1283 2249 1474 2288 omnes
1526 2235 1697 2289 morbi
1729 2246 1851 2288 sunt
1884 2251 1945 2288 ex
1973 2251 2164 2304 pecca-

569 2329 677 2384 tis?
708 2327 823 2382 Non
859 2343 1050 2383 omnes
1082 2327 1324 2396 quidem,
1375 2326 1468 2379 sed
1520 2326 1723 2395 plures.
1788 2327 1960 2381 Morbi
2018 2331 2163 2381 enim

569 2422 737 2492 aliqui
770 2429 992 2492 propter
1015 2430 1240 2490 peccata
1271 2419 1548 2483 accidunt,
1585 2421 1730 2473 sicut
1785 2430 1839 2473 et
1865 2419 2025 2475 istius
2069 2435 2165 2486 pa-

570 2519 804 2591 ralytici,
841 2529 894 2571 et
925 2519 976 2572 in
1006 2518 1160 2572 libris
1193 2516 1399 2588 [tegunt
1432 2517 1676 2569 videmus
1697 2515 1986 2585 quemdam
2018 2514 2166 2565 labo-

569 2624 779 2668 ranletn
814 2611 997 2666 dolore
1051 2610 1246 2680 pedum
1301 2619 1523 2679 pr0pter
1574 2607 1943 2677 peccatum".
1987 2603 2164 2673 Aliqui

569 2714 750 2760 autem
788 2713 910 2759 sunt
949 2713 1170 2771 promer
1204 2701 1581 2774 probationem
1627 2710 1682 2755 et
1725 2698 2164 2769 praedicationem

568 2800 712 2853 sicut
743 2797 964 2852 morbus
991 2795 1116 2860 Job,
1144 2807 1202 2850 ut
1222 2801 1559 2849 monstretur
1611 2793 1726 2862 eius
1786 2791 1977 2845 virtus.
2030 2789 2164 2855 Qui-

569 2892 696 2946 dam
728 2903 905 2945 autent
939 2889 1102 2944 etiam
1139 2890 1204 2943 ab
1225 2889 1439 2959 ignavia
1491 2887 1767 2948 oriuntur,
1818 2891 2007 2954 utpote
2046 2883 2165 2952 gula

570 2993 625 3038 et
642 2982 926 3038 ebrietate.
950 2980 1089 3035 Sunt
1106 2990 1288 3034 autem
1317 2978 1560 3032 nonnulli
1586 2977 1676 3046 qni
1697 2976 2062 3042 conjecturam
2079 2988 2167 3026 su-

568 3084 727 3133 munt
780 3091 842 3131 ex
900 3076 1000 3129 hoc
1047 3073 1191 3144 quod
1259 3071 1520 3126 Dominus
1571 3070 1728 3132 dicit,
1759 3087 1776 3119 t
1822 3066 1901 3121 Ne
1944 3067 2166 3137 posthac

569 3181 767 3238 pecces
799 3184 810 3219 :
847 3184 864 3217 ι
901 3175 954 3220 et
983 3173 1236 3218 asserunt
1276 3161 1421 3233 quod
1467 3161 1724 3215 Dominus
1766 3157 1988 3212 sciverit
2021 3157 2166 3226 quod

565 3259 908 3332 paralyticus
941 3257 1030 3312 ille
1086 3256 1418 3310 iudicaturus
1463 3260 1706 3308 essetet
1757 3247 2166 3319 signiﬁcaturus

569 3353 794 3420 Iudaeis,
842 3361 1126 3423 postquam
1185 3349 1476 3420 reperisset
1521 3361 1643 3400 eum
1704 3345 1759 3397 in
1810 3341 2050 3412 templo:
2112 3350 2166 3395 et

570 3457 856 3516 pr0ptcrea
876 3444 1003 3497 dicit
1029 3459 1042 3494 :
1080 3461 1096 3493 ι
1129 3438 1206 3497 Ne
1235 3440 1375 3494 ultra
1401 3452 1611 3509 pecces.
1648 3454 1664 3487 ι
1692 3434 1798 3489 Sed
1829 3449 1932 3488 non
1959 3444 2038 3487 est
2073 3433 2164 3486 ita.

571 3538 796 3592 Videtur
817 3537 960 3590 enim
991 3536 1112 3605 pius
1151 3533 1316 3587 homo
1364 3547 1505 3586 esse.
1558 3527 1691 3584 Nam
1723 3546 1741 3580 ι
1788 3527 1985 3598 reperit
2019 3543 2164 3590 eum,

568 3630 766 3699 inquit,
807 3628 966 3683 Jesus
998 3627 1048 3680 iu
1085 3624 1312 3693 templo,
1345 3642 1363 3675 ι
1397 3623 1496 3677 nisi
1531 3622 1672 3676 enim
1697 3621 1816 3689 pius
1843 3618 2051 3682 fuisset,
2075 3633 2169 3672 ex-

571 3723 843 3792 posuisset
871 3735 930 3774 se
966 3717 1226 3787 voluptati
1264 3726 1317 3770 et
1341 3714 1547 3768 deliciis
1577 3714 1628 3766 itt
1655 3713 1876 3767 domum
1903 3725 2157 3775 currens,

569 3814 732 3886 571
765 3824 816 3866 et
867 3810 1142 3882 ellugisset
1168 3809 1480 3865 Judtcorum
1520 3807 1810 3871 insaniam,
1836 3820 1902 3858 ne
1937 3803 2044 3857 illis
2080 3819 2164 3856 ra-

572 3913 721 3963 tione
781 3906 1076 3960 redderet:
1133 3903 1228 3957 sed
1283 3902 1417 3954 nihil
1465 3902 1659 3955 horum
1715 3899 1910 3953 terruit
1939 3913 2062 3951 eum
2109 3905 2165 3948 ut

572 4001 862 4056 desistere“.
893 4015 923 4050 ιι
977 3995 1198 4066 templo;
1236 3993 1341 4048 Sed
1374 4003 1428 4047 et
1488 4003 1774 4062 postquam
1823 3989 2042 4059 agnovit
2074 3987 2164 4042 Je-

573 4111 720 4157 sutn,
755 4094 876 4146 vide
928 4101 1129 4161 quanta
1181 4088 1518 4160 gratitudine
1566 4102 1689 4140 eum
1724 4083 1928 4140 Judteis
1968 4084 2166 4152 praedio

573 4195 680 4241 cet.
715 4183 832 4238 Non
867 4183 1009 4236 cnim
1029 4181 1180 4247 dicit,
1207 4179 1364 4235 Jesus
1399 4188 1482 4234 est
1508 4178 1601 4248 qui
1633 4176 1774 4231 dixit
1813 4176 1944 4230 rniln
1974 4192 1987 4228 :
2014 4174 2166 4229 Tolle

573 4279 896 4348 grabatum;
948 4275 999 4328 id
1057 4275 1201 4344 quod
1273 4272 1350 4326 illi
1412 4271 1603 4326 audire
1657 4268 1939 4334 volebant;
1986 4268 2164 4323 sedis

573 4369 666 4438 qui
704 4369 878 4438 ipsum
916 4381 1106 4419 sanum
1149 4364 1275 4418 fecit
1312 4381 1326 4417 :
1372 4363 1423 4418 id
1465 4363 1610 4434 quod
1647 4363 1834 4418 audire
1880 4376 1984 4415 non
2021 4362 2164 4415 fcre-

575 4463 730 4525 bant,
771 4475 869 4528 pro
927 4459 1159 4513 crimine
1211 4456 1478 4512 habentes
1524 4455 1746 4510 Sabbati
1786 4454 2158 4509 violationetn.

574 4551 730 4618 Quod
779 4561 958 4604 autem
989 4548 1158 4604 Judaei
1184 4551 1656 4619 persequebantur
1681 4547 1997 4612 Dominum,
2034 4548 2163 4613 quid

572 4654 861 4714 propterea
917 4643 1160 4713 peccavit
1219 4643 1378 4696 homo
1408 4625 1519 4712 qui
1556 4642 1705 4696 illum
1762 4643 1842 4696 eis
1885 4641 2164 4697 ostendit?

2269 2138 2475 2207 θῶμεν,
2520 2157 2536 2189 ι
2572 2140 2689 2190 ἐκεῖ
2725 2138 2927 2208 δηλαδὴ
2961 2155 2974 2168 °
3005 2140 3073 2190 τὰ
3128 2140 3228 2207 μὲν
3272 2139 3381 2209 γὰρ
3419 2137 3657 2191 ἐνταῦθα
3689 2137 3881 2192 νουθε-

2271 2230 2411 2291 σίας,
2447 2230 2513 2281 τὶ
2545 2230 2600 2282 δὲ
2633 2232 2750 2282 ἐκεῖ
2791 2229 3064 2299 τιμωρίας
3107 2230 3243 2282 ἐστί.
3305 2230 3369 2282 Τί
3413 2226 3546 2295 οὗν;
3584 2231 3771 2284 Πάντα
3809 2235 3882 2284 τι

2269 2324 2555 2392 νοσήματα
2588 2322 2646 2387 ἐξ
2678 2324 3135 2393 ἀμαρτημάτωνς
3172 2324 3246 2376 Οὐ
3277 2325 3456 2378 πάντα
3497 2325 3619 2394 μὲν,
3644 2324 3782 2378 ἀλλὰ
3808 2328 3882 2379 τε

2269 2417 2513 2470 πλείονα.
2546 2416 2626 2469 Τὰ
2682 2416 2781 2483 μὲν
2815 2418 2922 2486 γὰρ
2957 2417 3022 2469 δι’
3073 2417 3476 2488 ἁμαρτήματα,
3532 2417 3725 2486 ὥσπερ
3784 2420 3883 2471 καὶ

2268 2508 2361 2561 τοῦ
2398 2510 2713 2579 παραλύτού
2754 2509 2976 2573 τούτου,
3030 2510 3128 2562 καὶ
3181 2511 3407 2571 ἐν’ταῖς
3466 2510 3786 2572 Βασιλείαις
3822 2510 3884 2564 δὲ

2267 2603 2483 2671 ὁρῶμέν
2514 2620 2635 2655 τινα
2665 2603 2930 2671 ποδαλγία
2958 2602 3331 2673 περιπεσόντα
3362 2602 3429 2656 δι’
3460 2604 3740 2673 ἁμαρτίας
3771 2620 3784 2633 ⁸
3811 2605 3886 2657 τα

2267 2699 2324 2750 δὲ
2378 2699 2445 2751 δι’
2483 2699 2840 2770 εὐδοκίμησιν
2877 2700 2969 2752 καὶ
3009 2699 3338 2769 ἀνάρρησιν,
3396 2699 3588 2769 ὧσπερ
3628 2699 3727 2752 ἐπὶ
3780 2698 3882 2753 τοῦ

2282 2790 2419 2852 Ἰὼϐ,
2445 2791 2530 2843 ἵνα
2551 2791 2735 2862 δειχθῇ
2772 2793 2802 2860 ἡ
2831 2790 3001 2863 ἀρετὴ
3019 2790 3203 2864 ,αὐτοῦ
3229 2808 3244 2823 ο
3278 2791 3520 2860 γίνονται
3549 2790 3609 2843 δέ
3636 2809 3762 2844 τινα
3784 2793 3885 2845 καὶ

2271 2883 2376 2934 ἀπὸ
2415 2883 2715 2954 ῥᾳθυμίας,
2751 2879 2862 2936 οἷον
2892 2884 3341 2955 γαστριμαργίας
3361 2885 3455 2937 καὶ
3495 2883 3689 2954 μέθης.
3718 2884 3885 2948 Τινὲς

2268 2975 2323 3028 δὲ
2352 2977 2459 3028 ἀπὸ
2491 2975 2584 3028 τοῦ
2621 2977 2795 3029 είπεῑν
2823 2977 2914 3029 τὸν
2939 2977 3168 3046 Κύριον,
3213 2997 3230 3026 ι
3266 2977 3481 3045 Μηκέτι
3504 2977 3823 3045 ἁμάρτανε,
3855 2993 3880 3030 ι

2271 3069 2666 3140 στοχαζόμενοι
2702 3071 3124 3139 ἀποφαίνονται,
3157 3072 3240 3124 ὅτι
3277 3069 3465 3122 τοῦτον
3494 3070 3587 3121 τὶν
3618 3069 3883 3139 παραλυο

2267 3179 2358 3216 τον
2386 3163 2501 3233 ᾔδει
2546 3165 2572 3216 6
2606 3162 2811 3233 Κύριος
2869 3162 3136 3232 μέλλοντα
3196 3162 3476 3227 ὑποδεῖξαι
3523 3160 3716 3221 αὐτὸν,
3784 3161 3885 3212 καὶ

2271 3250 2661 3322 καταμηνῦσαι
2712 3255 2824 3316 τοῖς
2879 3253 3179 3318 Ἰουδαίοις,
3217 3253 3334 3323 μεθ’
3367 3255 3395 3306 ὀ
3423 3245 3586 3322 εὗρεν
3618 3252 3790 3306 αὐτὸν
3819 3254 3886 3307 ἐν

2195 3375 2236 3431 C
2270 3344 2347 3414 τῷ
2375 3342 2527 3413 ίερῷ,
2572 3347 2664 3397 καὶ
2692 3344 2781 3398 διὰ
2811 3344 2971 3398 τοῦτὸ
3005 3364 3140 3417 φησι
3163 3363 3176 3377 ·
3217 3363 3234 3398 ι
3265 3347 3481 3415 Μηκέτι
3508 3347 3820 3417 ἁμάρτανε.
3856 3365 3880 3399 ε

2285 3437 2428 3491 Ἀλλ’
2459 3438 2557 3490 οὐκ
2609 3438 2726 3491 ἐστι
2772 3438 2954 3493 τοῦτο.
3005 3441 3262 3493 Φαίνεται
3291 3441 3402 3510 γὰρ
3448 3439 3688 3511 εὐλαεὴς
3720 3442 3748 3493 ὁ
3783 3441 3888 3494 ἄν-

2276 3530 2519 3601 Θρωπος.
2564 3551 2580 3583 ι
2623 3532 2886 3604 Εὐρίσκει
2928 3533 3037 3603 γὰρ
3066 3533 3252 3593 αὐτὸν.
3295 3533 3481 3603 φησιν,
3507 3534 3536 3585 6
3573 3532 3788 3602 Ἰησοῦς
3815 3534 3888 3586 ἐν

2268 3625 2347 3695 τῷ
2378 3625 2526 3694 ίερῷ.
2553 3645 2569 3676 ι
2616 3627 2810 3680 Καίτοι
2845 3629 2890 3680 εΞ
2918 3627 2992 3696 μὴ
3025 3625 3260 3698 εὐλαϐὴς
3289 3622 3376 3698 ἦν,
3407 3628 3592 3679 ἀνέσει
3626 3628 3721 3680 καὶ
3746 3643 3890 3698 τρυ-

2269 3721 2341 3788 φῇ
2376 3719 2442 3771 ἂν
2476 3719 2741 3784 ἐξέδωκεν
2761 3721 2974 3783 ἑαυτὸν,
2996 3720 3180 3773 οἴκαδε
3207 3720 3453 3789 δραμὼν,
3484 3721 3580 3772 καὶ
3608 3719 3887 3789 ἐξέφυγεν

2269 3810 2335 3863 ἂν
2371 3812 2468 3878 τὴν
2492 3812 2603 3864 τῶν
2640 3813 2912 3866 Ἰουδαίων
2948 3813 3172 3883 μανίαν,
3207 3814 3299 3865 καὶ
3339 3813 3436 3875 τὰς
3472 3812 3885 3885 λογοπραγίας·

2267 3903 2383 3958 ἀλλ’
2416 3905 2571 3957 οὐδὲν
2598 3905 2804 3958 τούτων
2839 3906 3002 3958 αὐτὸν
3039 3907 3297 3976 ἐποίησεν
3327 3906 3637 3976 ἀποστῆναι
3679 3905 3776 3960 τοῦ
3803 3909 3892 3959 ἱε-

2272 3998 2400 4067 ροῦ*
2436 3999 2574 4053 ἀλλὰ
2611 4002 2702 4052 καὶ
2733 4000 2872 4068 μετὰ
2925 4000 2985 4053 τὸ
3022 3999 3326 4068 ἐπιγνῶναι
3353 4001 3446 4051 τὸν
3485 3999 3725 4068 Ἰησοῦν,
3773 4000 3888 4070 ὅρα

2268 4091 2383 4154 πῶς
2414 4092 2576 4144 αὐτὸν
2618 4094 2978 4162 εὐγνωμόνως
3012 4092 3384 4162 ἁνακηρύττει
3415 4093 3530 4154 τοῖς
3570 4094 3887 4158 Ἰουδαίοις.

2266 4186 2342 4239 Οὐ
2374 4186 2484 4254 γὰρ
2535 4185 2703 4253 λέγει,
2754 4187 2836 4238 ὅτι
2869 4184 3081 4255 Ἰησοῦς
3122 4188 3270 4238 ἐστιν
3318 4184 3346 4236 6
3389 4183 3562 4237 εἰπὼν
3617 4181 3754 4256 ἆραι
3787 4187 3888 4236 τὸν

2266 4277 2600 4346 κράόὅατον,
2641 4279 2777 4347 ὅπερ
2812 4279 3010 4330 ἐκεῖνοι
3040 4277 3233 4347 ἤθελον
3263 4276 3508 4339 ἀκούειν,
3537 4277 3656 4330 ἀλλ’
3695 4280 3723 4329 6
3754 4296 3889 4330 ποι-

2264 4369 2401 4439 ήσας
2436 4370 2601 4422 αὐτὸν
2635 4370 2783 4438 ὐγιῆ,
2806 4371 2944 4440 ὅπερ
2969 4370 3198 4434 ,ἀκούειν
3217 4371 3318 4422 οὐκ
3343 4369 3646 4439 ἠνείχοντο,
3673 4369 3892 4442 67x11;-

2267 4481 2344 4531 μα
2380 4461 2699 4532 ποιούμενοι
2743 4464 2841 4533 τὴν
2891 4463 2988 4516 τοῦ
3022 4463 3307 4516 Σαῦὁάτου
3344 4461 3684 4533 παράλυσιν.
3721 4465 3781 4517 Et
3820 4465 3894 4518 δὲ

2278 4554 2522 4607 Ἰουδαῖοι
2569 4555 2796 4610 ἐδίωκον
2824 4558 2915 4609 τὸν
2962 4557 3191 4627 Κύριον,
3224 4557 3278 4609 τί
3306 4555 3459 4627 παρὰ
3489 4557 3656 4613 τοῦτο
3683 4559 3894 4630 ἥμαρ-

2264 4666 2355 4701 τεν
2390 4650 2417 4701 6
2441 4647 2752 4718 ἄνθρωπος,
2793 4648 3081 4716 ὑποδείξας
3116 4648 3284 4704 αὐτὸν
3309 4649 3530 4717 αὐτυῖς;
3560 4652 3740 4714 Αὐτὸς
3775 4653 3894 4723 μὲν

574 4736 695 4808 Ipse
721 4739 866 4791 enim
894 4745 1046 4806 grata
1095 4745 1294 4799 mente,
1331 4744 1388 4788 ut
1417 4744 1472 4789 et
1525 4735 1660 4790 alios
1691 4734 1756 4789 ad
1789 4734 1951 4789 ﬁdem
1991 4743 2160 4790 attra-

2269 4741 2376 4811 γὰρ
2409 4740 2504 4794 ἀπ’
2539 4741 2883 4812 εὐγνώμονος
2922 4742 3185 4807 διανοίας,
3239 4743 3329 4797 ἵνα
3360 4745 3455 4796 καὶ
3499 4743 3630 4808 τοὺς
3677 4745 3894 4809 ἄλλους

577 4831 756 4897 heret,
819 4829 1147 4899 praedicabat
1182 4828 1554 4883 Servatorem.
1598 4827 1668 4882 At
1705 4843 1825 4882 cum
1859 4828 1935 4882 illi
1978 4842 2162 4896 persc-

576 4931 878 4991 querentur
949 4919 1375 4987 benefactorem,
1454 4921 1697 4990 ipsorum
1753 4931 1874 4976 erat
1931 4923 2159 4976 crimen.

576 5015 748 5070 Porro
790 5028 884 5082 per
913 5014 1247 5083 probaticam
1293 5014 1560 5085 piscinam
1599 5015 1837 5086 intellige
1869 5015 2157 5086 baptisma,

579 5110 768 5178 itquo
808 5106 968 5162 Jesus
995 5107 1256 5162 Dominus
1307 5119 1512 5173 noster,
1553 5107 1673 5163 ovis
1729 5108 1822 5162 illa
1858 5123 1955 5178 pro
2007 5109 2163 5164 nobis

578 5202 879 5264 immolata,
911 5201 1050 5255 lotus
1084 5209 1169 5256 est
1213 5211 1264 5256 et
1307 5202 1612 5272 baptizatus
1639 5217 1736 5271 pro
1784 5203 1959 5257 nobis.
1993 5202 2163 5268 Quiu-

578 5310 683 5364 que
734 5305 914 5348 autem
966 5293 1207 5362 porticus
1257 5295 1418 5349 habet
1477 5295 1578 5350 ista
1631 5295 1861 5364 piscina.
1921 5295 2164 5362 Quatuor

578 5387 722 5440 enim
753 5386 1003 5451 virtutes,
1037 5396 1091 5440 et
1120 5401 1224 5439 una
1258 5387 1697 5458 contemplativa,
1747 5388 1800 5443 itt
1836 5388 2164 5458 baptismate

579 5487 862 5546 apparent.
897 5476 1068 5547 Igitur
1095 5477 1332 5532 humana
1383 5491 1594 5546 natura,
1631 5483 1798 5535 veluti
1827 5481 2160 5552 paralyticus

577 5571 826 5639 quidam,
859 5569 1014 5638 cujus
1046 5587 1240 5626 omnes
1274 5572 1537 5628 animales
1561 5574 1788 5628 virtutes
1816 5575 2005 5629 morbo
2034 5591 2155 5629 cur-

572 5669 743 5731 ‘repta:
800 5672 946 5725 sunt,
990 5659 1138 5724 jacet
1194 5661 1416 5732 triginta
1473 5674 1597 5718 octo
1657 5667 1814 5719 annis
1861 5677 2157 5736 aegrotans.

577 5751 763 5823 Neque
800 5755 942 5805 enim
994 5765 1140 5808 recte
1184 5769 1243 5810 se
1293 5755 1523 5810 habebat
1577 5758 1629 5811 in
1685 5758 1787 5812 tide
1848 5757 2156 5823 Trinitatis,

579 5860 758 5916 neque
792 5854 1043 5898 octavum
1077 5847 1357 5911 saeculum,
1419 5849 1871 5906 resurrectionem
1924 5853 2069 5917 dico,
2104 5862 2161 5907 et

663 6029 706 6059 '-"
742 6027 756 6081 l
792 6029 918 6085 Cor.
959 6047 1019 6098 ιι,
1054 6031 1141 6086 32.

1219 6033 1262 6064 ’⁷
1296 6029 1337 6086 ll
1368 6030 1496 6104 Reg.
1533 6032 1610 6087 15.

2265 4833 2637 4905 ἐφελκύσηται
2668 4835 2804 4905 πρὸς
2837 4836 3049 4902 πίστιν,
3069 4837 3337 4907 ἐκήρυττε
3362 4835 3455 4890 τὸν
3479 4836 3847 4908 Θεραπευτήν
3876 4856 3893 4869 ·

2265 4928 2312 4979 εί
2357 4926 2413 4979 δὲ
2461 4928 2661 4980 ἐκεῖνοι
2716 4927 2940 4981 ἐδίωκον
2981 4928 3074 4981 τὸν
3130 4931 3465 5000 εὐεργέτην,
3529 4930 3765 4984 ἐκείνων
3817 4930 3896 4984 τὸ

2267 5019 2540 5090 ἔγκλημα.
2572 5020 2700 5074 Νόει
2724 5021 2781 5074 δέ
2808 5039 2897 5092 μοι
2933 5022 3284 5094 προϐατικὴν
3313 5022 3740 5096 κολυμϐήθραν,
3770 5026 3896 5094 τὴν

2264 5111 2360 5164 τοῦ
2412 5111 2790 5182 βαπτίσματος
2822 5117 3003 5184 χάριν,
3049 5117 3106 5168 ἐν
3153 5110 3274 5188 ᾖτδ
3305 5114 3448 5186 ὑπερ
3491 5114 3655 5184 ἡμῶν
3710 5114 3895 5168 τυοὲν

2266 5206 2541 5276 πρόϐατον
2566 5205 2778 5275 Ἰησοῦς
2819 5209 2847 5259 6
2892 5206 3134 5278 Κύριος,
3179 5206 3388 5278 ἐπλύθη
3447 5209 3896 5278 βαπτισόμενος

2265 5301 2406 5371 ὑπὲρ
2430 5300 2608 5370 ἡμῶν.
2633 5301 2802 5353 Πέντε
2833 5299 2888 5353 δὲ
2916 5301 3075 5364 στοας
3101 5301 3213 5372 ἔχει
3239 5297 3381 5369 αὐτη
3409 5300 3444 5370 ἡ
3475 5299 3890 5371 κολυμϐήθρα..

2266 5395 2331 5446 Δί
2357 5392 2464 5462 γὰρ
2494 5393 2759 5463 τέσσαρες
2786 5393 3002 5465 ἀρεταὶ,
3034 5395 3128 5447 καὶ
3159 5395 3219 5445 τδ
3241 5393 3582 5464 Θεωρητικδν
3634 5393 3731 5448 καὶ
3783 5393 3898 5446 δε-

2267 5484 2560 5555 γματικδν,
2593 5483 2670 5553 τῷ
2694 5483 3033 5554 βαπτίσματι
3058 5483 3544 5559 συνεμφαίνονται.
3594 5484 3659 5538 ’Π
3693 5483 3897 5537 τοίνυν

2267 5576 2586 5647 ἀνθρωπίνη
2619 5575 2803 5642 φύσις,
2835 5572 2925 5630 οἷά
2947 5594 3027 5640 τις
3052 5576 3388 5648 παράλυτος,
3418 5576 3606 5640 πάσας
3632 5578 3732 5641 τὰς
3763 5575 3895 5648 ψδ-

2269 5673 2427 5741 χικας
2453 5668 2719 5738 δυνάμεις
2748 5668 3075 5739 παρεθεῖσα,
3107 5669 3402 5722 κατέκειτο
3442 5672 3744 5739 τριάκοντα
3772 5672 3898 5722 καὶ

2269 5761 2549 5830 ὁκτὼ.ἐτη
2593 5758 2848 5812 νοσοῦσα.
2891 5758 3033 5812 Οὐτε
3083 5760 3193 5832 γὰρ
3228 5759 3287 5812 ἐν
3307 5762 3375 5832 τῇ
3418 5762 3500 5825 εἰς
3534 5760 3744 5832 Τριάδα
3777 5761 3899 5816 πί-

2269 5871 2383 5908 στει
2407 5853 2573 5918 ὐγιῶς
2608 5850 2775 5923 εἶχεν,
2807 5850 2931 5906 οὐτε
2957 5851 3143 5922 ὃγδοον
3167 5852 3360 5920 αίῶνα,
3389 5853 3696 5907 ἀνάστασιν
3722 5848 3900 5922 λέγω
