4052 6530
195 403 334 469 Ῑίϐὓ

885 399 1337 462 ENABRATIO
1383 401 1463 464 lN
1501 399 2012 464 EVANGELIUM
2053 403 2406 469 JOANNIS.
2435 428 2503 444 -’
2542 405 2705 468 CAP.
2750 409 2815 470 V.

3387 403 3528 468 1270

195 518 363 573 πεινᾶ
393 517 508 580 τοῖς
552 513 806 585 ὑψηλοῖς,
841 512 895 566 τί
923 513 1023 576 ούκ
1063 515 1126 566 ἂν
1153 514 1396 574 ἐποίουν,
1427 512 1564 565 ὅπου
1615 524 1677 578 γε
1714 511 1807 562 καὶ

1921 514 2116 583 ultique
2164 515 2395 572 humilia
2455 515 2690 572 summis
2744 514 3184 579 interseruisset,
3237 514 3370 585 quid
3420 531 3527 570 nou

191 613 340 668 οὕτω
387 608 669 671 ταπεινῶς
719 608 785 660 τὰ
817 607 991 660 πλείω
1041 605 1468 677 φθεγγομένου,
1520 604 1799 673 λυττῶσις

193 707 262 760 Τί
316 705 375 758 δέ
410 707 552 766 ἐστι,
605 700 685 764 τὸ,
724 717 742 750 ι
804 700 916 754 Καὶ
977 698 1206 770 μείζονα
1268 699 1477 752 τούτων
1524 698 1732 766 δείξει;
1779 719 1798 752 ι

206 798 431 866 Ἐπειδὴ
483 794 803 866 παράλυτον
837 793 1088 863 ἔσφιγξε,
1149 792 1336 863 μέλλει
1383 793 1569 847 δὲκαὶ
1605 792 1805 864 νεκρὸν

197 891 462 963 ἐγείρειν,
493 887 585 941 διὰ
609 885 774 940 τοῦτό
796 901 1000 956 φησιν·
1032 885 1098 941 Ei
1147 884 1469 956 Θαυμάζετε
1503 887 1588 940 ὅτι
1621 887 1805 957 παρὰ·

193 990 355 1042 λυτον
392 983 524 1055 ὑγιῆ
556 982 863 1052 πεποίηκα,
901 979 1132 1052 μείζονα
1165 979 1376 1034 τούτων
1413 980 1637 1051 ὄψεσθε.
1679 982 1804 1036 Ὀτι

193 1079 252 1134 δὲ
283 1077 344 1132 τδ
368 1073 542 1143 δεῖξαι
569 1077 724 1146 ῥῆμα
745 1075 1009 1129 ταπεινὸν
1026 1075 1108 1140 ὃν,
1136 1074 1260 1128 κατ’
1284 1076 1602 1146 οἰκονομίαν
1623 1070 1804 1141 εἶπεν,

194 1175 286 1228 ῐνα
322 1171 424 1244 τὴν
457 1170 675 1243 μωρίαν
709 1168 895 1222 αὐτῶν
943 1169 1450 1241 παραμυθήσηται,
1487 1169 1654 1224 ἄκουε
1697 1169 1808 1224 τῶν

192 1266 418 1339 ιφεξῆς,
477 1285 496 1318 ι
546 1263 638 1326 '0;
681 1262 793 1334 γὰρ
842 1263 872 1316 6
912 1263 1127 1337 Πατὴρ,
1183 1263 1373 1334 φησὶν,
1425 1261 1637 1332 ἐγείρει
1680 1263 1807 1322 τοὺς

191 1360 448 1431 νεκροὺς,
492 1355 640 1410 οὕτω
686 1355 784 1409 καὶ
833 1355 862 1407 6
917 1354 1048 1418 Tib;
1110 1354 1206 1418 οὓς
1265 1354 1412 1410 θέλει
1465 1354 1744 1420 ζωοποιεῖ.
1784 1373 1802 1404 ι

206 1453 449 1524 Ἐγείριι
488 1449 590 1522 μὲν
624 1445 720 1505 οὖν
759 1449 790 1502 6
819 1448 974 1513 Υἱὸς,
1024 1447 1220 1518 ῶσπερ
1259 1448 1287 1501 6
1328 1448 1543 1519 Πατὴρ,
1579 1447 1675 1501 καὶ
1718 1448 1809 1502 διὰ

193 1548 391 1601 τούτου
425 1544 675 1598 δείκνυσι
727 1543 788 1597 τὸ
841 1541 946 1612 τῆς
986 1541 1274 1614 δυνάμεως
1329 1540 1763 1611 ἀπαράλλακτον
1791 1555 1804 1569 ο

194 1643 284 1696 διὰ
310 1640 369 1694 δὲ
393 1640 514 1704 τοῦ,
554 1658 573 1691 ι
615 1637 725 1702 Οὓς
755 1638 924 1703 ϐέλει,
958 1658 976 1691 ι
1009 1638 1110 1708 τῆς
1143 1637 1397 1704 ἔξουσίας
1427 1636 1525 1706 τὴν
1559 1636 1806 1703 ἰσότητα.

193 1733 386 1788 Ταῦτα
414 1732 473 1785 δὲ
527 1733 709 1786 πάντα
749 1732 798 1784 οἱ
854 1730 957 1802 μὲν
1003 1730 1281 1801 ’Δρειανολ
1333 1729 1479 1795 κατὰ
1525 1728 1624 1796 τῆς
1674 1726 1809 1779 Υίυῦ

193 1826 356 1901 δόξης
378 1825 852 1897 ικλαμσάνονται,
893 1824 944 1879 οἱ
991 1824 1049 1879 δὲ
1085 1823 1364 1896 ὀρθόδοξοι
1397 1821 1556 1892 ὑπὲρ
1600 1821 1811 1892 ταύτης

190 1920 445 1992 νοοῦμεν.

269 2036 288 2070 ι
325 2016 465 2072 οὑδὶ
521 2015 635 2087 γὰρ
689 2017 718 2069 6
752 2013 946 2085 Πατὴρ
1007 2015 1188 2084 κρίνει
1250 2011 1483 2078 ούδένα,
1529 2010 1669 2064 ἀλλὰ
1708 2008 1812 2079 τὴν

193 2109 380 2181 κρίσιν
408 2110 597 2165 πᾶσαν
618 2107 824 2163 δέδωκε
851 2107 934 2178 τῷ
962 2106 1077 2177 Υίῷ
1097 2123 1112 2138 °
1147 2106 1237 2161 ἵνα
1263 2107 1467 2169 πάντες
1494 2105 1700 2176 τιμῶσι
1718 2103 1811 2156 τὸν

193 2205 352 2272 Υίδν,
396 2201 585 2267 καθὼς
614 2202 820 2274 τιμῶσι
861 2202 954 2254 τδν
983 2201 1231 2274 Πατέρα.
1297 2201 1358 2254 '0
1393 2198 1470 2270 μὴ
1499 2197 1679 2269 τιμῶν
1719 2197 1811 2251 τὸν

195 2298 348 2366 Υίδν,
398 2298 463 2353 ού
516 2297 658 2368 τιμᾷ
714 2297 808 2350 τὸν
861 2295 1085 2365 Πατέρα
1139 2295 1233 2349 τὸν
1270 2293 1570 2365 πέμψαντα
1620 2291 1807 2347 αὐτόν.

205 2390 408 2461 Ἀμὴν,
441 2387 596 2459 ἀμὴν
626 2387 774 2457 λέγω
809 2388 964 2458 ὑμῖν.
1000 2389 1029 2441 6
1059 2386 1173 2440 τῶν
1213 2385 1394 2455 λόγων
1438 2402 1541 2456 μου
1568 2384 1810 2450 ἁκούων,

193 2484 294 2539 καὶ
343 2481 626 2536 πιστεύων
662 2481 738 2552 τῷ
768 2478 1054 2552 πέμψαντί
1096 2497 1197 2550 με,
1245 2479 1360 2551 ἔχει
1391 2478 1539 2549 ζωὴν
1567 2477 1810 2542 αἰώνιον,

191 2577 293 2632 καὶ
320 2575 402 2640 εἰς
432 2575 620 2646 κρίσιν
643 2573 745 2627 οὐκ
767 2571 1016 2644 ἔρχεται,
1045 2571 1184 2626 ἀλλὰ
1215 2572 1600 2644 μεταὸέῦηκεν
1629 2573 1693 2625 ὲκ
1716 2570 1810 2626 τοῦ

194 2671 434 2727 Θανάτου
465 2669 545 2733 είς
571 2667 674 2740 τὴν
706 2667 876 2740 ζωήν.
923 2687 942 2720 ι
985 2666 1234 2734 Ἕδειξεν
1265 2666 1460 2721 ἑαυτὸν
1491 2667 1807 2738 εὐεργετεῖν

191 2765 498 2833 δυνάμενον
533 2762 623 2817 διὰ
670 2762 783 2814 τῶν
831 2761 1049 2815 πολλῶν
1096 2759 1366 2832 σημείων,
1404 2755 1481 2816 ὧν
1525 2760 1809 2831 ἐποίησεν.

208 2855 365 2910 Ἐπεὶ
385 2855 444 2909 δὲ
465 2853 568 2908 οὐκ
599 2853 716 2926 (20)
741 2853 1104 2922 ὲδυσώπησεν
1126 2854 1353 2918 αὐτοὺς,
1381 2855 1415 2926 ἢ
1449 2853 1812 2909 ἐπεσπάσατο

196 2948 340 3020 πρὸς
369 2949 432 3002 τὸ
480 2947 718 3020 τιμῆσαι
749 2947 940 3012 αὐτὸν,
994 2948 1070 3012 ὡς
1124 2947 1278 3013 ἄξιον
1326 2943 1419 3018 ἦν,
1476 2950 1666 3028 φησὶν,
1728 2947 1812 3001 ὅτι

200 3061 224 3099 ι
257 3042 376 3114 Τὴν
431 3041 620 3114 κρίσιν
661 3045 846 3097 πᾶσαν
872 3043 899 3096 6
933 3043 1126 3113 Πατὴρ
1174 3042 1254 3112 τῷ
1311 3041 1430 3114 Υἱῷ
1479 3042 1747 3108 δέδωκεν,
1790 3061 1807 3093 ι

195 3136 288 3190 ἵνα
317 3135 414 3189 καὶ
444 3137 472 3189 6
516 3134 682 3205 φόδος
713 3135 815 3206 τῆς
870 3135 1110 3207 κρίσεως
1164 3137 1333 3209 πείσῃ
1388 3137 1592 3200 αὐτοὺς
1644 3135 1813 3208 τιμὴν

1906 609 2127 663 tandem
2179 608 2482 665 fecissent?
2526 609 2980 680 quandoquidem
3054 608 3340 665 insaniunt
3400 621 3524 663 cum

1907 711 2018 754 tam
2067 701 2237 756 multa
2281 703 2566 759 humiliter
2624 702 2895 771 loquitur.
2962 699 3107 770 Quid
3162 714 3348 755 autem
3417 710 3526 762 εει,

1912 817 1932 852 ι
1975 798 2042 852 Ει
2077 800 2288 868 majora
2335 801 2423 856 bis
2470 800 2766 858 ostendet?
2792 819 2812 853 ι
2855 799 3126 868 Quoniam
3165 798 3529 872 paralytieum

1908 893 2271 958 solidaverat,
2291 895 2458 950 etiam
2487 903 2767 951 mortuum
2797 893 3164 950 suscitaturus
3190 901 3297 959 est,
3323 891 3534 947 idcirro

1909 987 2042 1041 dicit
2069 1005 2082 1041 :
2113 985 2174 1042 Si
2205 985 2561 1043 admiramini
2595 987 2742 1059 quod
2784 986 3146 1060 paralyticum
3174 1001 3369 1043 sanum
3401 983 3531 1052 feci,

1912 1079 2121 1150 majora
2152 1079 2241 1138 his
2274 1081 2556 1137 videbitis.
2591 1082 2750 1148 Quod
2792 1088 2978 1136 autem
3033 1089 3089 1135 et
3139 1079 3244 1136 hoc
3299 1078 3531 1135 verbum

1911 1171 2270 1235 monstrabit,
2306 1172 2513 1227 humile
2543 1173 2636 1236 sit,
2666 1183 2720 1228 et
2752 1188 2851 1242 per
2881 1172 3361 1244 dispensationem
3402 1171 3528 1226 dic-

1913 1275 2049 1333 tum,
2086 1275 2145 1320 ut
2176 1266 2452 1321 insaniam
2482 1265 2706 1322 illorum
2743 1265 3105 1332 demulceret,
3137 1267 3264 1321 andi
3295 1282 3533 1335 sequen-

1913 1359 2007 1414 tia.
2035 1379 2053 1411 ι
2082 1359 2214 1414 Nam
2241 1361 2384 1415 sicut
2411 1358 2576 1416 Pater
2599 1361 2828 1416 suscitat
2852 1369 3126 1422 mortuos.
3156 1359 3229 1413 ita
3263 1371 3319 1413 et
3360 1359 3536 1414 Filius

1913 1468 2053 1522 quos
2103 1454 2240 1519 vult,
2281 1455 2545 1510 vivillcal.
2578 1475 2597 1508 ι
2629 1455 2797 1526 Igitur
2833 1454 3073 1511 suscitat
3104 1453 3324 1522 quidem
3360 1451 3534 1508 Filius

1915 1547 2060 1602 sicut
2091 1545 2278 1613 Pater,
2312 1557 2368 1602 et
2401 1533 2524 1602 ideo
2564 1558 2841 1603 monstrat
2877 1557 3209 1615 potestatein
3260 1563 3416 1602 suam
3458 1547 3532 1599 nil

1914 1639 2281 1696 dilIerentem.
2307 1639 2414 1696 Sed
2441 1653 2494 1697 et
2522 1657 2619 1713 per
2651 1642 2904 1706 verbum,
2929 1656 3098 1711 «quos
3117 1639 3253 1702 vult,
3271 1659 3290 1692 ι
3327 1641 3538 1697 indicat

1916 1747 2033 1788 sua:
2056 1748 2184 1788 cum
2229 1732 2396 1788 Patre
2420 1733 2732 1803 potestatis
2766 1733 3166 1804 :rqnalitatcm.
3194 1731 3323 1789 llaec
3350 1743 3534 1788 autem

1916 1829 2103 1882 omnia
2123 1825 2317 1881 Ariani
2348 1827 2571 1896 quidem
2608 1835 2894 1898 exponunt
2911 1835 3106 1882 contra
3133 1826 3367 1899 gloriam
3388 1826 3536 1892 Filii,

1919 1934 2018 1975 nos
2049 1929 2235 1975 autem
2273 1920 2572 1977 orthodoxi
2607 1936 2705 1988 pro
2734 1920 2826 1976 illa
2863 1920 3249 1992 intelligimus.

1993 2014 2162 2071 Vens.
2189 2014 2383 2070 22-24.
2433 2035 2454 2069 ι
2501 2014 2688 2087 Neque
2721 2015 2868 2072 enim
2897 2013 3066 2072 Pater
3102 2016 3316 2086 jttdlcat
3345 2031 3540 2087 quem-

1916 2122 2104 2175 quam,
2139 2107 2236 2163 sed
2270 2121 2436 2162 omne
2487 2105 2757 2177 judicium
2816 2107 2968 2163 dedit
3019 2105 3180 2171 Filio,
3241 2119 3299 2162 ut
3347 2123 3541 2162 omnes

1917 2201 2191 2255 honorent
2216 2197 2442 2264 Filium,
2489 2199 2636 2253 sicut
2689 2201 2968 2254 honorant
3010 2199 3246 2255 Patrem.
3289 2197 3391 2268 Qui
3429 2217 3538 2253 nnn

1916 2293 2152 2349 honorat
2210 2291 2434 2357 Filium,
2489 2306 2599 2347 non
2658 2293 2892 2348 honorat
2947 2291 3168 2348 Patrem
3235 2293 3326 2363 qui
3393 2292 3544 2347 misit

1918 2386 2094 2443 illum.
2125 2387 2321 2452 Amen,
2354 2401 2514 2441 amen
2545 2386 2671 2441 dico
2695 2387 2874 2454 vobis,
2898 2386 2991 2457 qui
3011 2400 3325 2443 sermonem
3357 2398 3538 2439 meum

1917 2485 2094 2553 audit,
2127 2495 2182 2540 et
2209 2484 2388 2540 credit
2422 2484 2472 2540 ei
2506 2484 2598 2555 qui
2635 2498 2721 2539 me
2758 2481 2927 2544 misit.
2980 2481 3149 2538 habet
3181 2481 3347 2536 vitam
3383 2487 3544 2536 teter-

1918 2596 2066 2647 nam,
2101 2591 2157 2636 et
2201 2581 2256 2635 in
2291 2579 2810 2635 condemnationem
2846 2575 3014 2650 57.5
3041 2591 3150 2631 non
3193 2574 3397 2641 veniet,
3448 2574 3542 2630 sed

1921 2670 2176 2727 transivit
2229 2687 2258 2725 a
2317 2681 2497 2727 morte
2533 2670 2586 2726 in
2623 2669 2814 2725 vitam.
2856 2689 2875 2720 ι
2914 2668 3253 2725 Monstrarat
3293 2666 3539 2737 seipsum

1918 2779 2079 2834 posse
2110 2763 2439 2821 benefacere
2468 2779 2567 2834 per
2603 2765 2774 2818 multa
2810 2761 2965 2835 signa
2992 2776 3115 2833 qua:
3141 2759 3372 2818 fecerat.
3401 2757 3540 2827 Quia
3643 2789 3652 2791 -
3679 2780 3682 2781 ν

1918 2865 2101 2911 autem
2135 2853 2538 2911 benefaciendo
2560 2869 2668 2910 non
2696 2853 2906 2925 placuit
2935 2867 3053 2920 eos,
3098 2865 3202 2906 nec
3234 2858 3544 2906 attraxerat

1920 2957 1978 3003 ut
2015 2961 2076 3003 se
2137 2947 2502 3012 honorarent,
2559 2946 2704 3002 sicut
2762 2943 2990 3015 dignum
3049 2952 3192 3008 erat,
3229 2940 3366 2997 dicit
3397 2941 3544 3012 quod

1925 3059 1944 3093 ι
1985 3039 2152 3096 Pater
2173 3054 2339 3094 omne
2365 3038 2635 3110 judicium
2664 3036 2882 3093 dederit
2912 3034 3074 3098 Filio,
3107 3052 3126 3086 ι
3161 3041 3221 3088 ιιι
3255 3031 3342 3088 vel
3379 3033 3547 3088 timor

1915 3131 2108 3201 jndieii
2166 3129 2272 3185 illis
2329 3129 2662 3200 persuadeat
2719 3143 2828 3196 quo
2883 3127 3063 3198 ipsum
3098 3125 3310 3181 lionore
3345 3138 3538 3195 prose-

196 3228 342 3299 πρὸς
384 3227 552 3281 αὐτὸν
587 3227 953 3293 ἐνδείξασθαι.
978 3227 1273 3297 Είὼοαμεν
1291 3228 1402 3300 γὰρ
1425 3229 1475 3282 οἱ
1506 3227 1809 3301 ἄνθρωποι,

1928 3232 2190 3293 quantur.
2223 3219 2630 3277 Consuevimus
2665 3218 2811 3273 enim
2852 3231 2953 3273 nos
2997 3217 3273 3281 homines,
3305 3227 3543 3285 praeser-

198 3322 294 3377 καὶ
331 3321 569 3392 μάλιστα
599 3322 651 3375 οἱ
685 3320 1044 3393 ἁλογὼτεροι,
1077 3321 1233 3392 φόϐῳ
1269 3323 1474 3394 μᾶλλον
1518 3323 1551 3393 ἢ
1585 3322 1812 3395 εὐεργε-

197 3414 369 3477 σίαις,
399 3415 461 3467 cs
508 3412 627 3467 δέον
663 3413 1130 3486 μεταμανθάνειν.
1165 3413 1240 3468 Τὸ
1266 3414 1348 3480 δὲ,
1396 3433 1414 3467 ι
1469 3414 1684 3469 Ἔδωκε
1715 3415 1812 3486 τὴν

196 3507 384 3580 κρίσιν
413 3506 492 3579 τῷ
534 3507 652 3578 ΥΞῷ
679 3508 707 3560 6
751 3509 959 3579 Πατὴρ,
994 3527 1011 3559 ι
1054 3507 1201 3564 οὕτω
1228 3508 1446 3580 νόησον,
1501 3510 1585 3563 ὅτι
1613 3509 1810 3580 κριτὴν

195 3602 367 3656 αὐτὸν
416 3601 736 3674 ἐγέννησεν,
798 3602 992 3674 ὥσπερ
1027 3602 1255 3666 ἀκούεις
1295 3603 1395 3656 καὶ
1446 3604 1528 3670 τὸ,
1569 3623 1586 3655 ι
1654 3605 1812 3674 Ζωὴν

196 3696 401 3750 ἔδωκεν
431 3695 604 3767 αὐτῷ,
661 3716 679 3747 ι
721 3697 816 3750 καὶ
846 3700 1013 3761 νοεῖς,
1050 3697 1134 3749 ὃτι
1163 3696 1348 3759 ζῶντα
1377 3696 1543 3751 αὑτὸν
1587 3697 1812 3768 ἐγέννη-

197 3807 315 3844 σεν.
349 3788 508 3843 Ἐπεὶ
533 3791 644 3860 γὰρ
694 3793 722 3843 6
763 3790 960 3861 Πατήρ
1010 3792 1162 3843 ἐστιν
1212 3790 1389 3854 αἴτιος
1419 3790 1499 3861 τῷ
1553 3791 1670 3861 Υἰῷ
1714 3789 1810 3844 τοῦ

196 3877 364 3949 εἶναι,
400 3885 469 3934 τὰ
502 3883 706 3947 πάντα,
745 3881 849 3935 ὅσα
899 3883 1016 3952 ἔχει
1055 3881 1084 3933 6
1142 3881 1296 3946 Υίὺς,
1347 3882 1571 3950 λέγεται
1621 3882 1810 3938 λαϐεῖν

197 3974 356 4047 παρὰ
384 3973 478 4028 τοῦ
510 3976 749 4047 Πατρὸς,
772 3976 849 4038 ὼς
880 3977 940 4041 ἐξ
965 3976 1134 4030 αὑτοῦ
1158 3977 1409 4044 φυσικῶς
1441 3979 1620 4033 ταῦτα
1647 3980 1806 4050 ἔχων.

198 4067 315 4121 Καὶ
344 4067 444 4138 τὴν
495 4071 679 4141 κρίσιν
711 4063 806 4122 οὖν
839 4070 957 4139 ἔχει
997 4071 1060 4126 ἐκ
1094 4070 1192 4123 τοῦ
1232 4072 1451 4142 Πατρὸς
1497 4072 1696 4138 οὕτως,
1735 4075 1812 4138 ὼς

198 4162 317 4231 ἔχει
351 4161 526 4233 αὐτὴν
561 4164 590 4215 6
623 4163 841 4234 Πατήρ.
879 4163 1002 4216 Ἶνα
1045 4164 1157 4234 γὰρ
1200 4165 1278 4236 μὴ
1309 4167 1604 4230 ἀκούοντες
1638 4169 1812 4222 αἴτιον

197 4254 345 4310 εἶναι
374 4256 466 4310 τὸν
493 4255 716 4327 Πατέρα
749 4257 842 4310 τοῦ
874 4257 1028 4319 Υίοῦ,
1050 4260 1340 4329 νοήσωμεν
1363 4261 1446 4313 ὅτι
1476 4255 1632 4326 οὗτός
1656 4265 1808 4316 ἐστιν

196 4351 380 4414 αἴτιος
431 4350 627 4416 αὐτοῦ,
673 4351 868 4423 ὥσπερ
915 4353 1011 4406 καὶ
1051 4353 1163 4406 τῶν
1197 4356 1537 4426 κτισμάτων,
1593 4358 1689 4412 καὶ
1723 4359 1814 4412 διὰ

197 4443 364 4498 τοῦτο
387 4445 485 4514 τῆς
510 4443 680 4514 τιμῆς
722 4445 1027 4499 ἐλάττωσιν
1073 4448 1490 4518 εἰσαγάγωμεν,
1527 4453 1696 4521 φησὶν
1728 4453 1811 4509 ὅτι

201 4533 440 4605 οὐδεμία
485 4533 816 4606 παραλλαγὴ
862 4535 940 4607 τῷ
974 4538 1091 4608 Υἱῷ
1124 4540 1263 4609 πρὸς
1313 4541 1406 4592 τὸν
1450 4542 1696 4614 Πατέρα.
1752 4543 1811 4597 ’0

1925 3318 2022 3371 tim
2061 3317 2114 3370 hi
2151 3315 2244 3385 qui
2302 3313 2577 3369 crassiore
2613 3321 2797 3368 mente
2845 3310 3058 3382 ρι’ωαίιί
3123 3323 3352 3373 suntus,
3392 3318 3539 3364 metu

1923 3412 2105 3484 potius
2134 3425 2300 3481 quam
2329 3407 2620 3465 beneflciis
2655 3407 2800 3477 quod
2830 3415 3050 3476 oportet
3079 3405 3386 3460 addiscere.
3419 3401 3540 3458 .lant

1923 3504 2067 3576 quod
2097 3504 2248 3570 dicit,
2291 3520 2309 3554 ι
2341 3501 2497 3557 Dedit
2519 3499 2788 3573 judicium
2821 3499 2987 3555 Pater
3019 3499 3181 3562 Filio.
3218 3517 3236 3550 ι
3265 3497 3347 3553 sie
3374 3499 3532 3552 intel.

1924 3601 2048 3674 lige,
2083 3599 2229 3671 quod
2276 3599 2519 3670 judicem
2554 3613 2683 3654 eum
2757 3597 3050 3668 genuerit,
3099 3596 3178 3650 sic
3220 3593 3386 3648 etiam
3420 3608 3544 3647 cum

1924 3695 2082 3749 audis
2100 3693 2242 3764 quod
2265 3694 2432 3746 vitam
2448 3693 2662 3748 dederit
2685 3691 2784 3757 illi,
2809 3691 3089 3758 intelligas
3103 3691 3247 3759 quod
3271 3688 3542 3743 viventem

1924 3787 2075 3842 illum
2104 3786 2381 3856 genuerit.
2417 3786 2556 3854 Quia
2593 3785 2742 3841 enim
2774 3782 2938 3840 Pater
2962 3794 3156 3840 auctor
3189 3793 3274 3840 est
3310 3782 3450 3838 Filio
3483 3793 3544 3837 ut

1925 3885 2018 3949 sit,
2074 3882 2260 3941 omnia
2299 3894 2649 3954 quzecunque
2704 3880 2873 3937 habet
2926 3879 3121 3946 Filius,
3160 3878 3365 3937 dicitur
3397 3879 3544 3935 aeei-

1925 3994 2056 4051 pere
2089 3994 2118 4032 a
2164 3977 2351 4042 Patre,
2388 3991 2455 4032 eo
2485 3978 2636 4047 quod
2672 3992 2739 4032 ex
2767 3977 2859 4031 illo
2895 3975 3225 4031 naturaliter
3276 3975 3396 4030 [nec
3444 3973 3546 4028 ha.

1925 4075 2073 4128 beat.
2113 4070 2285 4143 Igitur
2315 4081 2368 4126 et
2399 4070 2671 4142 judicium
2707 4071 2872 4126 habet
2901 4087 2929 4124 a
2961 4069 3149 4136 Patre,
3187 4067 3333 4124 sicut
3384 4068 3548 4124 habet

1922 4165 2057 4221 illud
2092 4165 2294 4220 Pater:
2339 4173 2396 4218 ut
2430 4179 2500 4219 ne
2529 4165 2820 4221 audientes
2843 4173 3128 4220 auctorem
3166 4178 3292 4219 esse
3321 4161 3542 4218 Patrem

1925 4257 2072 4324 Filii,
2107 4255 2488 4327 intelligamus
2511 4255 2658 4326 quod
2691 4255 2770 4312 sic
2805 4257 2878 4312 sit
2904 4267 3102 4312 auctor
3129 4255 3278 4325 ejus,
3305 4257 3454 4311 sicut
3493 4271 3549 4310 ('t

1925 4362 2328 4414 creaturarum,
2378 4360 2433 4405 et
2481 4361 2771 4420 propterea
2820 4350 3045 4407 honoris
3095 4350 3541 4407 imminutionem

1926 4445 2384 4501 introducamus:
2447 4444 2523 4499 ait
2549 4445 2696 4515 quod
2753 4444 2986 4513 innnllo
3021 4443 3204 4500 minor
3251 4444 3429 4501 Filius
3461 4455 3542 4500 est

1927 4542 2111 4596 Patre.
2147 4540 2283 4595 Nam
2317 4541 2409 4608 qui
2437 4539 2602 4595 habet
2630 4548 2957 4610 potestatem
2995 4538 3262 4610 puniendi
3295 4550 3344 4594 et
3378 4540 3524 4594 bono

203 4603 609 4701 γᾶρήέξουσίαν
656 4603 1112 4699 ἐχωννκολάζειν.
1147 4603 1241 4686 καὶ
1266 4637 1460 4704 τιμᾷν,
1514 4603 1809 4707 ὡς’βούλε-

1929 4633 2080 4687 randi
2117 4634 2260 4687 sicut
2293 4633 2428 4699 vult,
2467 4633 2661 4688 eadem
2694 4641 2878 4700 potest
2909 4648 3030 4703 quae
3081 4631 3265 4697 Pater,
3313 4632 3441 4688 ideo
3495 4643 3550 4686 et

199 4742 316 4787 ται,
355 4723 528 4777 ταυτα
582 4722 812 4777 δύναται
846 4724 923 4793 τῷ
978 4726 1184 4796 Πατρίο
1243 4727 1327 4779 διὸ
1369 4729 1463 4780 καὶ
1512 4731 1596 4783 δεῖ
1646 4731 1812 4786 αὐτὸν

197 4818 374 4888 τιμᾷν
412 4816 591 4881 οὕτως
646 4817 721 4880 ῶς
771 4818 861 4870 τὸν
919 4819 1162 4891 Πατέρα.
1218 4840 1236 4872 ι
1295 4821 1415 4874 Ἵνα
1465 4823 1597 4894 γὰρ,
1651 4826 1809 4894 φησὶ,

199 4911 410 4971 πάντες
429 4910 636 4981 τιμῶσι
663 4910 756 4963 τὸν
777 4911 930 4975 Υίὸν,
960 4910 1144 4977 καθὼς
1167 4915 1374 4984 τιμῶσι
1395 4915 1486 4968 τὸν
1508 4917 1754 4988 Πατέρα.
1788 4938 1805 4968 ι

197 5004 268 5056 0i
298 5002 434 5070 γοῦν
465 5003 598 5075 περὶ
624 5003 717 5058 τὺν
752 5005 1001 5075 'Apetov,
1036 5007 1227 5074 ἐπειδὴ
1259 5007 1336 5071 ῶς
1384 5009 1594 5080 κτίσμα
1644 5014 1813 5083 τιμᾷν

199 5097 412 5154 οἴονται
443 5097 540 5150 τὸν
577 5096 732 5165 Υἱὺν,
765 5100 860 5151 καὶ
899 5101 994 5152 τὸν
1032 5102 1253 5172 Πατέρα
1279 5102 1468 5156 λοιπὸν
1489 5104 1565 5168 ὡς
1603 5108 1815 5177 κτίσμα

199 5191 479 5260 τιμῶντες
509 5191 854 5260 ἐλέγχονται.
893 5193 965 5249 ’Ἠ
1018 5194 1128 5264 γὰρ
1182 5195 1244 5249 οὐ
1274 5196 1514 5265 τιμῶσιν
1546 5197 1683 5262 ὅλως
1717 5200 1810 5254 τὸν

201 5284 356 5340 Υἱδν.
388 5285 480 5337 καὶ
519 5286 661 5354 μετά
692 5284 800 5338 τῶν
831 5286 1109 5341 Ἰουδαίων
1135 5290 1528 5345 ταττέσοωσαν
1549 5308 1563 5322 °
1597 5293 1629 5365 ἢ
1655 5294 1812 5362 εἴπερ

195 5375 404 5447 τιμῶσι
456 5378 556 5447 μὲν
603 5378 790 5444 αὑτὸν,
831 5379 908 5443 ὡς
943 5382 1152 5451 κτίσμα
1179 5382 1260 5444 δὲ,
1296 5385 1503 5454 πρέπει
1540 5385 1596 5439 δὲ
1643 5389 1814 5460 τιμᾷν

198 5469 370 5524 αὐτὸν
412 5469 604 5542 ὥσπερ
656 5473 752 5525 καὶ
791 5473 884 5525 τὸν
938 5474 1185 5545 Πατέρα,
1238 5477 1556 5547 ἐλέγχονται
1593 5482 1812 5547 πάντως

197 5562 309 5618 καὶ
341 5562 435 5615 τὸν
477 5563 704 5636 Πατέρα
738 5566 814 5628 ὡς
860 5567 1073 5636 κτίσμα
1133 5569 1431 5637 τιμῶντες.
1495 5574 1604 5626 Kal.
1634 5575 1813 5640 ἄλλως

195 5652 282 5718 δὲ,
315 5655 462 5706 κατὰ
491 5655 554 5708 τὸ
585 5656 936 5725 ἐπαγόμενον
961 5673 972 5686 ·
1032 5657 1153 5722 πῶς
1191 5661 1396 5730 τιμῶσι
1428 5663 1521 5716 τὸν
1571 5665 1810 5737 Πατέρα,

1925 4737 2146 4792 Oportet
2185 4726 2340 4780 illum
2373 4727 2650 4782 honorare
2703 4727 2895 4782 eodem
2935 4728 3099 4782 modo
3146 4741 3257 4796 quo
3299 4725 3545 4781 Patrem.

1927 4821 2068 4875 Dicit
2124 4821 2297 4884 enim,
2342 4839 2360 4872 ι
2423 4818 2493 4875 Ut
2533 4835 2742 4877 omnes-
2787 4823 3060 4876 honorcnt
3119 4821 3350 4885 Filium,
3400 4825 3546 4878 sicut

1928 4922 2203 4970 honorant
2238 4914 2480 4968 Patrem.
2524 4933 2540 4965 ι
2576 4915 2641 4968 Et
2679 4915 2753 4969 ita
2788 4915 2973 4971 Ariani
3006 4915 3135 4986 quia
3171 4914 3339 4971 veluti
3390 4933 3548 4970 crea-

1928 5020 2106 5063 turam
2143 5019 2340 5079 putaut
2372 5009 2750 5063 honorandum
2789 5007 3016 5072 Filium,
3047 5017 3106 5065 et
3144 5007 3367 5064 Patrem
3402 5024 3544 5077 quo-

1927 5117 2035 5173 que
2085 5104 2231 5158 sicut
2273 5113 2590 5158 creaturam
2628 5103 2888 5157 honorari
2935 5103 3157 5167 debere,
3205 5104 3545 5174 redarguun-

1927 5209 2055 5254 lur:
2105 5199 2190 5254 vel
2249 5189 2476 5255 omnino
2535 5213 2643 5253 non
2695 5199 2971 5254 honorant
3027 5199 3252 5265 Filium,
3303 5209 3359 5256 et
3417 5217 3542 5255 eum

1924 5291 2129 5349 Jndmis
2159 5292 2509 5347 ordinantur.
2544 5290 2643 5348 Vel
2701 5292 2749 5347 si
2801 5292 3021 5363 quidem
3068 5295 3345 5350 honorant
3389 5309 3542 5354 eum.

1925 5389 2199 5444 honorant
2225 5403 2357 5443 vero
2391 5395 2450 5442 ut
2479 5399 2792 5443 creaturam
2815 5429 2828 5452 ,
2862 5388 3020 5443 decet
3049 5399 3233 5443 autem
3282 5389 3543 5444 honorari

1925 5481 2102 5550 ipsum
2161 5481 2307 5535 sicut
2358 5489 2412 5536 et
2459 5480 2721 5536 Patrem:
2761 5482 3172 5553 redarguuntur
3212 5483 3441 5537 omnino
3492 5496 3546 5536 et

1926 5571 2145 5629 Patrem
2183 5575 2324 5630 sicut
2366 5585 2681 5629 creaturam
2713 5576 3008 5632 honorare.
3041 5576 3108 5629 Et
3150 5577 3310 5631 aliter
3340 5591 3540 5631 secum

1924 5669 2053 5722 dum
2081 5671 2181 5722 hoc
2211 5673 2355 5739 quod
2387 5669 2659 5737 subditur,
2688 5671 2962 5740 quomodo
2994 5675 3266 5727 honorant
3292 5669 3538 5736 Patrem,

1187 5820 1267 5875 "1‘
1299 5820 1645 5883 ""“5‘il'mt
1685 5827 1870 5884 "MM.
1919 5831 2145 5888 Υι-ιιιιν.
2193 5831 2230 5887 5‘
2302 5831 2517 5888 Marii.

285 5942 396 5993 rztn
433 5938 562 5994 ιξυιι.
605 5942 690 6004 καί,
735 5940 918 6004 ²’;ι‹ὶὲ;
984 5942 997 5991 -ῖ
