4052 6546
251 453 388 522 1273

967 460 1414 523 EfiARllATiO
1455 462 1537 524 IN
1580 460 2094 526 EVANGELIUM
2129 461 2478 524 JOANSIS.
2509 486 2578 496 --
2604 460 2767 524 CAP.
2809 460 2872 521 V.

3443 455 3585 523 12Ἱά

254 574 316 630 Ὀ
349 572 455 643 γὰρ
489 573 754 639 πεισθεὶς,
786 574 866 628 ὅτι
895 575 989 628 καὶ
1016 576 1411 646 ἀναστήσεται,
1444 580 1540 632 καὶ
1570 577 1721 649 αὐτῷ
1753 579 1856 633 δὼ-

1967 579 2042 634 sit
2084 587 2405 646 raecpturus
2436 574 2760 629 delirtorum
2790 585 2981 642 poenas
3006 611 3018 633 ,
3055 569 3282 623 omnino
3309 571 3482 624 currit
3515 571 3583 626 ad

244 682 330 718 cm
369 664 469 726 τάς
513 665 747 728 εὐθύνας
788 665 899 716 τῶν
941 666 1528 737 πεπλημμελημένων,
1576 669 1858 739 προσδρα-

244 759 431 827 μεῖται
473 758 692 820 πάντως
734 757 906 827 αὐτῷ,
949 757 1328 830 ὲξιλεούμενος
1371 760 1559 824 αὑτὸν,
1602 761 1678 824 ὠς
1724 761 1856 831 μέλ-

241 849 407 902 λοντα
441 849 608 902 αὑτοῦ
646 850 840 918 κριτὴν
874 849 1118 906 ἔσεσθαι.
1158 852 1247 921 Μὴ
1285 851 1599 921 θαυμάζετε
1646 853 1701 905 δὲ
1726 894 1740 916 ,
1774 853 1856 905 ὃτι

242 941 376 1005 Tib;
419 941 714 1010 ἀνθρώπου
764 943 932 999 ἐστίν.
985 945 1046 997 Εἰ
1092 943 1203 1014 γάρ
1249 947 1342 998 καὶ
1387 944 1516 1009 Υἱὸς
1561 945 1855 1015 ἀνθρώπου

239 1033 433 1099 ἐστὶν,
469 1035 604 1088 ἀλλὰ
640 1037 734 1088 καὶ
769 1035 905 1100 Θεός
937 1037 1088 1090 ἐστιν
1115 1052 1128 1065 °
1165 1037 1308 1092 ὥστε
1342 1037 1444 1110 τὴν
1481 1038 1668 1109 κρίσιν
1704 1036 1856 1091 είκό-

241 1142 354 1189 τως
388 1125 501 1196 ἔχει
523 1167 536 1192 ,
569 1125 646 1190 ὡς
680 1127 806 1190 Tib;
840 1127 1000 1182 Θεοῦ.
1034 1129 1096 1181 El
1125 1128 1182 1183 δὲ
1214 1131 1307 1184 καὶ
1338 1129 1630 1201 ἄνθρωπος
1663 1128 1858 1196 (patve-

239 1235 357 1280 ται,
395 1219 471 1289 μὴ
505 1218 845 1288 θαυμάζετε.
876 1220 998 1291 Χρὴ
1029 1221 1087 1274 δὲ
1117 1223 1437 1290 γινώσκειν,
1469 1225 1550 1276 ὅτι
1585 1222 1800 1285 Παῦλος
1830 1222 1857 1274 ό

242 1309 623 1381 Σαμοσστεὺς,
673 1311 830 1381 ψιλὸν
875 1311 1167 1383 ἄνθρωπον
1210 1315 1561 1385 δογματίζων
1604 1314 1695 1367 τὸν
1740 1314 1859 1368 Κύ-

245 1417 398 1472 ριον,
446 1401 619 1466 οὕτως
674 1403 1015 1471 ἀνεγίνωσκε
1058 1406 1220 1458 τοῦτο
1266 1407 1329 1460 τὸ
1377 1406 1618 1477 χωρίον·
1671 1425 1689 1457 ι
1746 1407 1859 1461 Καὶ

240 1491 501 1560 ἐξουσίαν
536 1495 738 1548 ἔδωκεν
774 1495 962 1566 αὐτῷ,
998 1498 1094 1551 καὶ
1138 1499 1323 1567 κρίσιν
1359 1502 1566 1563 ποιεῖν,
1606 1500 1686 1553 ὅτι
1728 1500 1859 1564 Υἱὸς

242 1585 543 1657 ἀνθρώπου
591 1590 774 1641 ἐστίν·
832 1607 849 1640 ι
899 1590 1140 1644 ἐνταῦθα
1182 1591 1241 1644 δὲ
1291 1591 1522 1658 στίζων,
1572 1591 1668 1647 ἀπ’
1691 1592 1860 1662 ἄλλης

239 1679 424 1749 ἀρχῆς
457 1681 790 1750 ἀνεγίνωσκε
819 1682 898 1748 τὸ,
925 1701 943 1734 ι
966 1683 1058 1754 Μὴ
1077 1683 1390 1753 θαυμάζετε
1419 1685 1629 1738 τοῦτο.ι
1669 1685 1860 1755 Ἀνόη-

241 1786 339 1822 τον
370 1769 428 1823 δὲ
455 1770 679 1835 τελείως
706 1773 826 1826 ἐστὶ
850 1774 912 1826 τὸ
941 1773 1117 1837 οὕτως
1148 1775 1572 1844 ἀναγινώσκειν.
1606 1776 1719 1847 Τὴν
1751 1780 1860 1845 γὰρ

240 1863 431 1934 κρίσιν
457 1865 658 1919 δέδωκε
687 1867 764 1937 τῷ
801 1866 914 1938 Υἱῷ
943 1870 971 1919 ὁ
1004 1870 1215 1940 Πατὴρ,
1245 1870 1344 1941 οὐχ
1372 1872 1454 1925 ὃτι
1486 1871 1615 1935 Υἱὸς
1649 1871 1862 1942 ἀνθρώ-

1965 672 2144 740 ipsum
2199 669 2488 738 placatque
2541 675 2599 720 ut
2651 681 2812 720 suum
2868 663 3112 718 futurum
3184 661 3451 730 judicem.
3507 660 3585 715 Ne

1963 762 2313 817 admiremini
2350 772 2531 815 autem
2580 759 2724 829 quod
2772 756 2942 811 Filius
2981 755 3220 811 hominis
3285 764 3368 808 est
3401 770 3415 814 ;
3453 768 3582 806 natu

1964 855 2216 923 quamvis
2253 852 2427 907 Filius
2471 851 2732 916 hominis,
2768 859 2850 904 est
2884 860 3069 904 tamen
3117 857 3164 900 et
3208 846 3373 901 Deus.
3411 845 3478 900 Et
3509 845 3582 900 ita

1958 949 2235 1020 judicium
2272 946 2470 1001 merito
2504 946 2670 1000 habet
2704 945 2848 998 sicut
2885 943 3057 998 Filius
3111 942 3228 996 Dei.
3286 939 3345 994 Si
3398 949 3581 994 autem

1963 1053 2018 1104 et
2047 1042 2212 1096 homo
2243 1047 2528 1108 appareat,
2561 1052 2628 1091 ne
2659 1036 3035 1092 admiremini.
3066 1034 3364 1089 Sciendum
3393 1042 3580 1085 autem

1964 1138 2108 1207 quod
2143 1133 2346 1188 Paulus
2375 1132 2772 1187 Samosatenus
2820 1130 3025 1184 docens
3059 1128 3352 1182 Dominum
3387 1141 3584 1193 purum

1963 1243 2086 1284 esse
2118 1225 2421 1290 hominem,
2451 1224 2529 1278 sic
2566 1223 2696 1293 legit
2734 1224 2879 1277 hunc
2908 1227 3092 1276 locum
3128 1238 3140 1274 :
3187 1239 3204 1270 ι
3245 1219 3307 1273 Et
3341 1228 3586 1289 potesta-

1966 1331 2072 1374 tem
2105 1319 2255 1372 dedit
2280 1317 2326 1371 ei
2357 1316 2626 1387 judicium
2667 1315 2928 1378 faciendi,
2964 1313 3088 1383 quia
3120 1312 3291 1367 Filius
3343 1312 3587 1367 hominis

1963 1423 2066 1468 cst.
2108 1431 2125 1464 ι
2179 1408 2294 1464 Hoc
2340 1418 2522 1463 autem
2564 1407 2684 1462 loco
2747 1417 3011 1476 puuctmn
3069 1404 3299 1466 faciens,
3359 1401 3427 1456 ab
3477 1402 3588 1456 alio

1963 1502 2239 1574 principio
2264 1500 2415 1570 legit,
2455 1518 2472 1550 ι
2506 1497 2585 1552 Ne
2620 1497 2965 1552 admiremini
2995 1497 3118 1550 hoc.
3149 1515 3166 1548 ι
3201 1494 3373 1551 Valde
3400 1503 3584 1547 autem

1964 1597 2190 1653 stultum
2221 1603 2303 1650 est
2333 1595 2412 1649 sic
2440 1594 2642 1664 legere.
2673 1592 2788 1646 Non
2839 1593 2983 1646 enim
3038 1590 3185 1645 dedit
3233 1589 3398 1642 Pater
3448 1569 3622 1640 Filio‘

1959 1691 2225 1757 judicium
2260 1689 2404 1758 quod
2438 1687 2612 1742 Filius
2650 1685 2890 1741 hominis
2942 1683 3033 1749 sit,
3090 1683 3185 1736 sed
3241 1681 3367 1750 quia
3411 1681 3581 1734 heus.

1966 1783 2134 1856 576
2182 1782 2338 1839 Unde
2390 1781 2478 1835 ille
2540 1796 2646 1834 non
2705 1778 2921 1846 patiens
2954 1787 3012 1829 ut
3058 1774 3316 1829 Christus
3372 1775 3589 1826 dieatur

1969 1874 2132 1940 Deus,
2162 1873 2255 1928 sed
2281 1871 2452 1926 Filius
2477 1869 2735 1934 hominis,
2767 1867 2845 1922 sic
2872 1866 3144 1937 cogitabat
3167 1865 3406 1935 judicent
3435 1863 3585 1914 illum

240 1969 350 2005 που
385 1955 565 2020 ἐστὶν,
600 1958 718 2010 ἀλλ’
740 1959 824 2012 ὅτι
857 1960 1011 2022 Θεός.
1052 1961 1290 2025 Ἐκεῖνος
1329 1962 1430 2032 μὲν
1463 1963 1558 2016 οὖν
1595 1964 1669 2036 μὴ
1703 1941 1859 2034 δεχό-

1967 1981 2109 2032 esse,
2149 1983 2255 2022 non
2289 1975 2345 2020 ut
2395 1966 2590 2024 Deum.
2642 1963 2736 2018 sed
2785 1970 2844 2017 ut
2898 1959 3098 2015 Filium
3151 1957 3415 2013 hominis.
3475 1956 3585 2009 Nos

248 2061 414 2114 μενος
447 2050 622 2102 εἰπεῖν
651 2051 744 2103 τὸν
775 2052 1014 2123 Χριστὸν
1043 2055 1196 2120 θεὸν,
1233 2056 1351 2110 ἀλλ’
1376 2057 1505 2111 Υίον
1539 2060 1856 2130 ἀνθρώπου,

247 2133 426 2201 οὕτως
471 2139 614 2192 ἐνόει
654 2143 849 2211 κριτὴν
886 2144 1050 2197 αὐτὸν
1084 2140 1249 2211 εἶναι,
1284 2147 1382 2219 οὐχ
1427 2147 1502 2211 ὼς
1547 2149 1703 2216 Θεὸν,
1740 2151 1859 2203 ἀλλ’

239 2228 320 2294 ὠς
351 2230 479 2283 Υίὸν
511 2233 805 2305 ἀνθρώπου
824 2253 835 2264 ⁸
864 2238 1028 2307 ἡμεῖς
1057 2239 1116 2292 δὲ
1145 2238 1291 2294 οὕτω
1315 2235 1572 2312 νοοῦμεν,
1600 2243 1674 2307 ὡς
1706 2245 1862 2315 εἴρη-

241 2340 361 2377 ται.
411 2322 595 2378 Εἰπὼν
636 2326 692 2380 δὲ
737 2330 869 2400 περὶ
913 2331 1012 2399 τῆς
1056 2333 1294 2403 μερικῆς
1339 2334 1718 2398 ἀναστάσεως,
1763 2335 1858 2390 τοῦ

238 2415 529 2488 Λαζάρου,
578 2421 745 2491 φημὶ.
795 2424 890 2476 καὶ
936 2425 1045 2478 τῶν
1092 2426 1292 2490 ἄλλων,
1342 2429 1392 2482 οἳ
1438 2427 1612 2484 πάλαι
1656 2429 1861 2502 δηλαδὴ

239 2509 470 2574 ἔθανον,
500 2512 596 2566 νῦν
627 2515 778 2584 λέγει
816 2519 945 2589 περὶ
976 2518 1075 2589 τῆς
1110 2521 1347 2575 καθόλου
1371 2537 1385 2552 ’
1429 2541 1448 2575 ι
1478 2524 1596 2577 ’Ὁτι
1635 2525 1859 2596 ἔρχεται

238 2603 363 2672 ὥρα
386 2648 401 2671 ,
435 2607 494 2658 ὲν
591 2611 640 2662 οἱ
677 2612 733 2664 ὲν
763 2613 876 2674 τοῖς
912 2617 1206 2684 μνημείοις
1241 2616 1572 2672 ἀκούσονται
1604 2623 1704 2691 τῆς
1742 2638 1858 2676 φω-

239 2699 344 2780 νῆς
377 2697 472 2751 τοῦ
513 2696 651 2753 Θεοῦ
683 2718 695 2732 ο
742 2721 760 2754 ι
806 2706 939 2775 περὶ
982 2708 1076 2778 τῆς
1120 2708 1426 2780 καθολικῆς
1467 2711 1577 2783 γάρ
1619 2713 1861 2767 ἀναστά-

243 2808 386 2854 σεως
417 2793 655 2850 ἐνταῦθά
686 2813 876 2867 φησιν.
911 2799 1133 2872 Ἐπειδὴ
1165 2802 1222 2856 δὲ
1257 2798 1412 2856 εἶπεν
1444 2805 1744 2876 ἀνωτέρω,
1777 2807 1860 2860 ὅτι

249 2903 270 2938 ι
309 2885 368 2939 Ὀ
399 2889 698 2953 πιστεύων,
735 2895 813 2955 είς
846 2892 1031 2962 κρίσιν
1061 2895 1164 2949 οὐκ
1197 2895 1442 2966 ἔρχεται,
1484 2916 1501 2949 ι
1541 2899 1629 2951 ἶνα
1664 2899 1739 2969 μὴ
1772 2917 1859 2952 νο-

246 2978 520 3050 μίσωμεν,
548 2983 631 3035 ὅτι
661 2985 694 3055 ἡ
730 2986 917 3050 πίστις
950 2990 1087 3058 μόνη
1123 2989 1202 3052 είς
1239 2989 1519 3060 σωτηρίαν
1544 2991 1727 3062 ἀρκεῖ,
1757 3010 1860 3062 φη-

244 3075 355 3139 σὶν,
385 3074 469 3128 ὅτι
503 3093 523 3128 ι
563 3077 1012 3150 Ἀναστήσονται,
1040 3082 1090 3135 oi
1119 3082 1187 3135 τά
1219 3083 1404 3153 φαῦλα
1436 3085 1750 3152 πράξαντες
1781 3089 1861 3150 εἰς

242 3167 549 3221 ἀνάστασιν
597 3171 870 3240 κρίσεως,
926 3176 976 3228 oi
1024 3174 1095 3228 τὰ
1148 3175 1370 3244 ἀγαθὰ,
1423 3178 1505 3240 είς
1555 3179 1860 3232 ἀνάστασιν

1965 2071 2147 2116 autent
2180 2061 2262 2117 sic
2303 2059 2685 2130 intelligimus,
2741 2069 2801 2112 ιιι
2867 2057 3072 2111 dictum
3121 2063 3230 2111 est.
3289 2053 3584 2120 l‘oStquant

1964 2165 2146 2208 autem
2206 2154 2342 2209 dixit
2387 2155 2451 2207 de
2515 2152 2834 2222 particulari
2875 2151 3312 2213 resurrectione,
3391 2144 3584 2200 Lazari

1965 2249 2224 2304 videlicet
2264 2258 2319 2303 et
2344 2248 2580 2301 aliorum
2616 2247 2708 2316 qui
2739 2245 2938 2299 iterum
2973 2242 3175 2296 mortui
3225 2250 3352 2295 sunt
3382 2257 3394 2291 :
3444 2253 3588 2292 nunc

1964 2342 2095 2396 dicit
2133 2340 2203 2396 de
2231 2339 2566 2395 universali:
2615 2355 2633 2389 ι
2672 2336 2814 2405 Quia
2868 2336 3015 2388 venit
3067 2337 3197 2389 hora
3255 2334 3306 2386 iu
3346 2348 3451 2403 qua
3516 2333 3572 2384 hi

1963 2434 2054 2502 qui
2086 2435 2137 2489 iu
2176 2432 2550 2489 monumentis
2581 2440 2733 2493 sunt,
2760 2429 2989 2483 audient
3014 2442 3200 2482 vocem
3236 2425 3352 2480 Dei.
3390 2443 3408 2475 ι
3440 2422 3584 2476 Nam

1965 2530 2032 2582 de
2063 2528 2360 2583 universali
2409 2526 2812 2581 resurrectione
2864 2524 2950 2576 hic
3003 2520 3266 2590 loquitur.
3312 2518 3584 2585 Quoniam

1966 2623 2182 2678 dixerat
2241 2623 2515 2692 superius,
2563 2639 2580 2672 ι
2615 2618 2719 2687 Qui
2783 2619 2980 2682 credit,
3047 2618 3098 2670 iu
3149 2614 3417 2683 judicium
3476 2627 3584 2667 non

1964 2716 2152 2780 Venit,
2215 2735 2235 2766 ι
2280 2730 2346 2769 ne
2400 2725 2652 2784 putemus
2678 2713 2822 2782 quod
2879 2710 3012 2765 ﬁdes
3070 2709 3182 2763 sola
3237 2709 3302 2760 ad
3353 2707 3585 2761 salutem

1963 2807 2221 2874 sumciat,
2275 2806 2409 2861 dicit
2442 2805 2585 2876 quod
2623 2823 2640 2856 ι
2681 2803 2991 2874 Resurgent
3023 2801 3077 2856 hi
3119 2801 3210 2871 qui
3245 2799 3385 2852 mala
3437 2799 3587 2853 fece-

1967 2910 2118 2965 rttnt,
2155 2900 2206 2953 in
2233 2898 2700 2954 resurrectionem
2726 2894 3207 2951 condemnationis
3235 2911 3250 2957 ;
3275 2895 3367 2963 qui
3402 2903 3584 2946 autem

1967 2993 2132 3056 bona,
2189 2993 2244 3047 in
2296 2991 2763 3048 resurrectionem
2809 2990 2956 3044 vitae.
2999 3007 3017 3040 ι
3065 2987 3184 3041 Νοιι
3243 2988 3412 3058 igitur
3468 2986 3584 3041 sola

1967 3088 2101 3142 fides
2132 3085 2340 3156 absque
2375 3083 2636 3156 operibus
2678 3083 2976 3154 justiﬁeat,
3030 3080 3124 3136 sed
3170 3089 3385 3150 oportet
3418 3080 3582 3134 etiam

1965 3195 2130 3247 opera
2182 3178 2404 3242 adesse,
2455 3186 2584 3231 tunc
2614 3175 2760 3230 enim
2822 3175 3045 3246 proprie
3105 3173 3240 3229 ﬁdes
3291 3185 3395 3228 est.
3451 3173 3588 3228 Vide

453 3279 471 3313 ι
502 3263 616 3316 Οὐκ
643 3265 752 3333 ἀρα
781 3266 814 3333 ἠ
848 3266 1033 3331 πίστις
1064 3270 1202 3340 μόνη
1232 3271 1404 3340 χωρὶς
1431 3270 1612 3342 ἔργων
1635 3272 1855 3333 δικαιοῖ,

1968 3287 2149 3331 autem
2182 3275 2456 3345 geminam
2484 3275 2793 3329 doctrinam
2834 3273 2950 3328 ﬁeri
2983 3288 3080 3341 per
3115 3282 3322 3326 metum
3359 3279 3414 3326 et
3445 3269 3586 3325 laeti-

241 3354 388 3411 ἀλλά
412 3357 508 3411 καὶ
528 3357 596 3411 τὰ
621 3358 758 3430 ἔργα
786 3365 1072 3431 προσεῖναι
1098 3364 1211 3418 δεῖ·
1241 3365 1365 3418 τότε
1395 3367 1503 3438 γὰρ
1529 3367 1623 3419 καὶ⁵
1651 3365 1859 3436 κυρίως

241 3446 433 3512 πίστις
470 3449 638 3503 ὲστίν.
665 3451 809 3523 Ὅρα
849 3451 907 3506 δὲ
954 3453 1151 3523 διπλῆν
1185 3454 1286 3525 τὴν
1319 3456 1673 3510 διδασκαλίαν
1709 3475 1858 3526 γινοο

244 3540 442 3610 μένην,
469 3540 559 3595 διὰ
590 3543 757 3611 φόϐου
813 3547 906 3599 καὶ
940 3546 1282 3618 ἱλαρότητος.
1311 3549 1384 3601 Τὸ
1421 3550 1522 3620 μὲν
1550 3551 1660 3622 γὰρ
1692 3568 1860 3605 κατα-

1973 3369 2122 3422 tiant.
2159 3365 2297 3422 Nam
2326 3381 2450 3422 cum
2495 3365 2630 3421 dicit
2665 3362 3026 3420 condemnari
3071 3362 3236 3431 impia
3293 3360 3582 3426 facientes,

1970 3462 2234 3515 deterret.
2269 3461 2403 3516 Cum
2441 3469 2623 3514 autem
2657 3458 2790 3511 dicit
2840 3471 3130 3527 resurgere
3185 3456 3252 3510 ad
3284 3455 3453 3508 vitam
3489 3469 3584 3510 eos

1973 3554 2067 3624 qui
2105 3555 2244 3609 bona
2278 3554 2553 3629 fecerunt,
2583 3568 2679 3624 per
2707 3551 2959 3606 laetitiam
2991 3551 3339 3606 exhortatur.

242 3633 506 3702 κριθῆναι
537 3635 665 3699 τοὺς
700 3637 768 3691 ca
809 3638 991 3707 φαῦλα
1024 3641 1365 3711 πράξαντας,
1403 3645 1631 3714 ἐκφοϐεῖ
1658 3660 1671 3673 ·
1725 3644 1788 3697 τὸ
1855 3645 1911 3700 δὲ
1959 3648 2040 3712 εἰς
2081 3648 2229 3719 ζωὴν
2265 3647 2572 3718 ἀναστῆναι
2613 3647 2743 3709 τοὺς
2792 3645 2859 3698 τὰ
2902 3643 3087 3712 ἀγαθά
3133 3643 3477 3713 πράξαντας,
3517 3636 3586 3694 δι’

244 3727 572 3801 ἱλαρότητος
605 3732 1004 3803 προτρέπεται.

327 3846 346 3880 ι
377 3828 452 3880 Οὐ
477 3827 716 3900 δύναμαι
744 3829 855 3898 ἐγὼ
882 3833 1058 3885 ποιεῖν
1079 3833 1437 3905 ἀπ’ὲμαυτοῦ
1462 3837 1639 3890 οὐδέν·
1670 3835 1864 3902 καθὼς

242 3918 455 3984 ἀκούω,
490 3921 683 3993 κρίνω,
713 3926 809 3976 καὶ
839 3925 873 3995 ἡ
904 3924 1087 3996 κρίσις
1116 3929 1148 3999 ή
1178 3927 1288 3999 ἐμὴ
1317 3929 1506 3984 δικαία
1536 3931 1685 3986 ἐστίν
1717 3949 1732 3965 ·
1779 3932 1864 3986 ὅτι

243 4012 310 4065 οὐ
357 4009 509 4084 ζητῶ
553 4013 614 4066 τὸ
659 4013 874 4085 θέλημα
915 4016 977 4069 τὸ
1018 4018 1175 4087 ἐμὸν,
1223 4020 1362 4074 ἀλλά
1405 4021 1467 4075 τὸ
1513 4023 1730 4094 θέλημα
1766 4022 1862 4076 τοῦ

245 4105 572 4177 πέμψαντός
605 4125 672 4176 με
710 4110 944 4180 Πατρός.
984 4128 1002 4162 ι
1041 4113 1202 4165 Καθά
1235 4115 1328 4167 καὶ
1361 4116 1419 4167 ὲν
1447 4116 1560 4180 τοῖς
1594 4116 1861 4188 ἀνωτέρω

244 4198 536 4262 λέλεκται,
565 4200 666 4270 τὴν
698 4201 1119 4271 ἀπαραλλαξίαν
1149 4205 1245 4258 τοῦ
1277 4206 1413 4260 Υἱοῦ
1448 4210 1586 4279 πρὸς
1617 4209 1710 4264 τὸν
1743 4212 1861 4264 Πα-

247 4293 387 4368 τέρα
421 4292 792 4349 ἐνδείκνυνται
828 4294 1002 4349 ταῦτα
1038 4297 1108 4351 τὰ
1144 4300 1388 4369 ῥήματα,
1425 4301 1506 4366 τὸ,
1539 4321 1555 4353 ι
1584 4303 1660 4356 Ub
1696 4302 1861 4357 δύνα-

247 4400 353 4454 μαι
377 4383 486 4452 ἐγὼ
507 4388 680 4438 ποιεῖν
700 4385 797 4441 ἀπ’
822 4389 1066 4456 ἐμαυτοῦ
1089 4390 1269 4455 οὐδὲν,
1313 4413 1330 4444 ι
1369 4394 1462 4446 καὶ
1489 4395 1590 4447 ὅσα
1621 4397 1866 4449 τοιουτὸ-

245 4493 452 4546 τροπα.
489 4477 656 4531 Οὐδὲν
694 4479 804 4550 γὰρ
850 4478 1000 4545 ξένον
1041 4484 1138 4535 καὶ
1185 4483 1470 4555 ἀλλότριον
1509 4487 1607 4541 τοῦ
1651 4488 1867 4560 Harpe;

245 4570 488 4640 δύναμαι
529 4572 641 4640 ἐγὼ
685 4577 889 4629 ποιεῖν·
928 4575 1054 4630 οὔτε
1091 4578 1200 4648 γὰρ
1239 4579 1452 4651 θέλημα
1498 4581 1609 4652 ἔχω
1651 4582 1864 4636 ἀλλοῖον

250 4665 406 4733 παρά
438 4664 499 4718 τὸ
541 4668 830 4738 πατρικὸν,
866 4669 993 4725 οὔτε
1036 4671 1292 4744 δύναμιν.
1331 4674 1533 4739 Καθὼς
1574 4676 1631 4730 δὲ
1675 4676 1860 4731 ἀκούω

247 4759 408 4828 παρά
449 4759 542 4813 τοῦ
592 4761 830 4832 Πατρδς,
877 4764 1021 4819 οὕτω
1067 4767 1277 4838 κρίνω·
1325 4769 1633 4835 τουτέστιν,
1669 4770 1748 4832 ὠς
1791 4770 1858 4825 ἂν

247 4851 416 4916 αὐτὸς
449 4853 477 4904 ὁ
513 4854 704 4925 Πατὴρ
740 4858 959 4926 κρίνει,
994 4859 1142 4914 οὕτω
1177 4861 1352 4929 κάγώ.
1389 4862 1580 4916 Ταῦτα
1615 4863 1671 4916 δὲ
1707 4863 1858 4932 λέγει

245 4944 341 5000 διὰ
364 4945 425 4999 τὸ
451 4946 645 5014 δεῖξαι,
670 4949 746 5013 ὡς
778 4952 1042 5017 πολλάκις
1075 4954 1310 5026 ἔφημεν,
1337 4956 1397 5011 τὸ
1424 4959 1857 5029 ἀπαράλλακτον

247 5041 344 5093 καὶ
377 5041 435 5093 ὲν
461 5039 672 5110 ἔργοις,
705 5042 801 5095 καὶ
831 5042 1033 5114 λόγοις,
1069 5046 1164 5099 καὶ
1195 5048 1466 5116 κρίσεσιν.
1489 5049 1608 5103 Ἵνα
1641 5051 1746 5122 γὰρ
1782 5052 1856 5124 μή

244 5150 429 5197 τινες,
479 5133 770 5204 ἄνθρωπον
818 5135 1060 5208 ὁρῶντες
1112 5140 1295 5207 αὐτὸν,
1355 5142 1852 5211 σκανδαλίζωνται,

245 5225 370 5290 πῶς
415 5227 442 5278 ὁ
487 5228 816 5297 φαινόμενος
864 5230 1155 5300 ἄνθρωπος
1201 5234 1423 5288 δικαίαν
1470 5237 1654 5308 κρίσιν
1698 5240 1858 5309 ποιή-

245 5333 430 5384 σειεν,
472 5319 565 5374 τοῦ
607 5322 773 5374 Δαυῖδ
818 5324 1101 5389 εἰπόντος,
1155 5345 1170 5377 ι
1228 5329 1341 5388 lli;
1390 5329 1679 5399 ἄνθρωπος
1722 5331 1856 5400 ψεύ-

245 5429 385 5479 στης
411 5429 424 5443 ⁶
465 5431 482 5464 ι
521 5411 724 5480 ἔφθασε
762 5416 860 5486 μὲν
889 5417 1080 5481 εἰπὼν,
1113 5420 1196 5471 ὅτι
1228 5421 1320 5490 Μὴ
1353 5421 1693 5490 θαυμάζετε,
1721 5425 1858 5479 διότι

249 5502 381 5566 Υἱὸς
411 5503 700 5572 ἀνθρώπου
735 5507 852 5575 εἰμί
883 5523 894 5536 ’
929 5507 1080 5576 λέγει
1110 5509 1166 5563 δὲ
1205 5512 1298 5564 καὶ
1330 5513 1445 5577 νῦν,
1479 5517 1562 5568 ὃτι
1595 5516 1792 5568 Δικαία
1824 5518 1856 5587 ή

247 5595 438 5666 κρίσις
469 5596 569 5665 μού
604 5601 752 5662 ἐστι,
785 5599 923 5652 καθὸ
956 5602 1161 5671 κρίνω,
1192 5604 1268 5667 ὡς
1297 5605 1484 5660 ἀκούω
1511 5607 1606 5660 τοῦ
1642 5610 1860 5679 Πατρός

247 5707 357 5761 μου
395 5690 695 5758 κρίνοντος.
730 5693 822 5762 Μὴ
858 5695 966 5762 γὰρ
997 5695 1058 5747 τὸ
1093 5695 1226 5765 ἐμὸν
1258 5696 1475 5768 θέλημα
1512 5701 1682 5770 ζητῶ,
1717 5700 1856 5755 ἀλλά

252 5783 306 5838 :I‘)
335 5780 431 5835 τοῦ
467 5783 701 5851 Πατρός.
731 5784 792 5837 Ὀ
822 5786 922 5855 μὲν
949 5786 1121 5842 θέλων
1145 5791 1205 5845 τὸ
1236 5791 1434 5846 ἑαυτοῦ
1468 5793 1718 5866 βούλημα
1753 5812 1850 5850 κυε-

320 5962 568 6018 ⁸⁸’1ἐ;ιί.
629 5979 753 6028 cxv,
816 5966 900 6022 lt.

2041 3837 2206 3893 Vsus.
2235 3837 2326 3894 50.
2365 3855 2384 3909 ι
2428 3835 2547 3892 Non
2594 3851 2816 3906 possum
2865 3850 2966 3905 ego
3013 3849 3074 3887 ex
3136 3832 3343 3900 meipso
3404 3830 3586 3884 facere

1963 3931 2260 4001 quidquam
2289 3949 2302 3986 :
2351 3929 2494 3986 sicut
2539 3930 2723 3992 audio,
2749 3925 2963 3996 judico.
3020 3935 3072 3980 et
3101 3924 3368 3996 ]ιιι1ἰιὶιιιιι
3403 3939 3583 3977 meum

1957 4025 2169 4094 justum
2208 4033 2332 4091 est;
2386 4023 2510 4093 quia
2567 4037 2673 4076 non
2726 4036 2912 4092 quaero
2978 4019 3316 4073 voluntatem
3371 4031 3577 4080 meam,

1965 4118 2060 4173 sed
2093 4117 2428 4182 voluntatem
2462 4115 2600 4184 ejus,
2630 4117 2721 4186 qui
2757 4113 2913 4169 misit
2961 4127 3046 4167 tne
3099 4112 3304 4167 Patris.
3349 4131 3366 4163 ι
3423 4110 3583 4167 Sicut

1964 4220 2019 4263 et
2073 4209 2127 4263 iu
2193 4209 2575 4278 superioribus
2631 4207 2837 4262 dictum
2902 4218 3009 4271 est,
3056 4205 3246 4260 eadem
3312 4204 3490 4260 Patris
3531 4215 3586 4260 et

1967 4302 2088 4358 Filii
2115 4313 2362 4373 potestas
2391 4302 2705 4358 ostenditur
2735 4303 2886 4357 hisce
2908 4299 3116 4365 verbis,
3155 4319 3174 4351 ι
3211 4296 3329 4354 Non
3362 4315 3584 4369 possunt

1967 4411 2070 4466 ego
2112 4395 2294 4451 facere
2340 4409 2406 4449 ex
2461 4394 2670 4462 meipso
2715 4393 3058 4464 quidquam:
3104 4410 3121 4444 ι
3155 4398 3208 4445 ct
3240 4405 3586 4461 quascunque

1969 4489 2136 4560 hujus
2160 4487 2381 4559 generis
2425 4494 2573 4541 sunt.
2610 4486 2755 4540 Nihil
2787 4485 2936 4541 enim
2976 4485 3215 4539 alienum
3250 4493 3299 4537 et
3337 4483 3586 4552 peregri-

1972 4596 2104 4633 num
2136 4596 2163 4632 a
2189 4577 2352 4640 Patre
2375 4591 2475 4648 ego
2503 4592 2722 4647 possum
2750 4575 2933 4632 facere
2961 4595 2977 4643 ;
3003 4591 3179 4645 neque
3211 4575 3358 4628 enim
3389 4572 3588 4628 volun-

1893 4642 1942 4700 θ
1973 4683 2141 4727 tatem
2175 4672 2339 4726 aliam
2373 4670 2550 4725 haheo
2599 4679 2798 4740 praeter
2842 4679 3153 4737 paternam,
3202 4681 3383 4738 neque
3419 4666 3585 4721 aliam

1972 4777 2328 4839 potestatem.
2354 4765 2559 4821 Verum
2592 4765 2737 4819 sicut
2771 4763 2938 4818 audio
2967 4779 2997 4816 a
3028 4761 3211 4828 Patre,
3249 4763 3323 4816 ita
3356 4761 3584 4831 judico:

1973 4862 2078 4917 hoc
2110 4871 2216 4924 est,
2249 4860 2392 4915 sicut
2443 4859 2560 4929 ipse
2599 4858 2762 4913 Pater
2801 4857 3035 4929 judicat,
3093 4856 3166 4911 ita
3213 4866 3266 4910 et
3300 4871 3422 4925 ego.
3460 4855 3586 4910 llaec

1974 4964 2158 5008 autem
2194 4953 2330 5008 dicit
2381 4963 2442 5008 ut
2495 4951 2789 5017 ostendat,
2831 4951 2974 5005 sicut
3030 4965 3176 5019 sa‘pe
3215 4950 3477 5012 diximus,
3533 4949 3584 5002 iu

1975 5048 2124 5103 nullo
2151 5048 2254 5102 sibi
2295 5049 2488 5103 deesse
2515 5047 2724 5117 aliquid
2757 5061 2784 5099 a
2819 5043 3008 5110 Patre,
3043 5046 3160 5100 sive
3211 5044 3262 5097 in
3311 5044 3585 5098 sermoni-

1973 5143 2096 5207 bus,
2133 5142 2250 5196 sive
2281 5141 2332 5195 iu
2374 5141 2656 5210 operibus,
2699 5139 2816 5194 sive
2849 5139 2900 5194 iu
2941 5138 3189 5209 judiciis.
3228 5137 3369 5190 Nam
3411 5147 3469 5190 ut
3518 5151 3584 5190 ue

1973 5237 2196 5306 quidam
2224 5235 2502 5291 hominem
2540 5234 2794 5290 videntes
2825 5250 2949 5289 eum
2981 5233 3413 5295 oﬂeuderentur,
3448 5245 3588 5300 quo-

1974 5331 2137 5386 modo
2171 5345 2295 5385 cum
2325 5338 2587 5400 appareat
2621 5329 2806 5392 homo,
2851 5326 3060 5396 justum
3095 5325 3262 5379 faciat
3292 5323 3582 5393 judicium,

1970 5441 2093 5480 cum
2155 5424 2323 5478 David
2373 5425 2557 5477 dicat:
2597 5442 2615 5474 ι
2656 5421 2849 5477 Omnis
2908 5421 3072 5474 homo
3124 5418 3492 5483 meudax‘”;
3559 5435 3574 5466 ι

1969 5516 2236 5584 praevenit
2285 5516 2550 5586 quidem,
2610 5515 2838 5571 dicens:
2891 5514 2971 5570 Ne
3002 5512 3352 5567 admiremini
3407 5514 3473 5565 de
3517 5529 3581 5564 cu

1967 5608 2108 5678 quod
2143 5607 2315 5661 Filius
2348 5607 2590 5662 hominis
2619 5622 2738 5660 sum
2771 5624 2784 5673 ;
2816 5623 2941 5660 nam
2981 5617 3035 5660 et
3065 5605 3208 5658 Deus
3246 5620 3390 5658 sum.
3439 5603 3584 5656 Dicit

1966 5711 2190 5757 autem:
2248 5702 2311 5755 Et
2353 5716 2501 5755 nunc
2551 5700 2760 5770 justum
2815 5699 3082 5769 judicium
3129 5714 3311 5754 meum
3360 5705 3464 5759 est,
3513 5712 3580 5752 eo

1965 5797 2112 5868 quod
2155 5797 2344 5868 judico
2372 5798 2516 5853 sicut
2548 5776 2710 5853 audio
2737 5796 2956 5853 Patrem
3001 5810 3178 5852 meum
3209 5793 3573 5865 iudicantem.
