4052 6566
526 451 669 517 1275
1443 449 1751 512 ΤΠΕΟΡΗ
1761 451 2028 532 YLACTI
2070 451 2108 509 Β

2213 450 2484 512 .ϐΛΙῖῐ.Ε
2527 450 2887 511 ΑίὶιῖΠΙΕΡ.
3644 445 3778 512 19..ἷὸ

525 580 549 618 r
593 561 706 616 Non
733 561 876 617 enim
907 574 1082 616 meam
1116 557 1448 614 voluntatem
1481 576 1685 632 quam,
1717 563 1812 617 sed
1837 563 2037 617 Patris.
2075 581 2093 614 ι

2213 563 2401 632 ρῶσαι,
2448 563 2577 626 ἴσως
2626 562 2693 616 ἂν
2739 560 3129 632 ὑποπτευθείη,
3175 559 3252 624 ὡς
3303 559 3698 632 παραφθείρων
3741 555 3801 613 τδ

522 654 657 709 Nam
681 655 942 724 quisuam
969 653 1201 710 voluerit
1234 654 1504 719 stabilire,
1540 653 1790 710 fortassis
1819 666 2105 726 suspectus

2213 656 2452 710 δίκαιον·
2495 655 2523 708 6
2566 655 2626 709 δὲ
2673 654 2748 725 μὴ
2790 654 2859 707 τὰ
2903 653 3100 708 ἐαυτοῦ
3147 652 3389 717 σκοπῶν,
3429 652 3553 705 τίνα
3599 653 3668 706 ἂν
3705 651 3802 724 ἔχῃ

525 747 656 813 erit,
683 745 826 815 quod
873 755 1190 816 corrumpat
1219 746 1361 816 quod
1387 745 1597 814 justum
1639 756 1760 802 est:
1797 748 1890 816 qui
1923 758 2106 802 autent

2213 748 2486 819 πρόφασιν
2512 745 2607 800 τοῦ
2643 748 2718 818 μὴ
2744 747 2813 800 τὰ
2844 746 3026 800 δίκαια
3050 744 3417 816 ψηφίζεσθαις
3451 742 3597 814 Ἐγὼ
3623 745 3804 798 τοίνυν

529 855 633 894 non
667 852 767 893 sua
809 847 1042 908 spectat,
1090 853 1198 907 quo
1222 844 1484 906 pratestu
1517 847 1700 908 posset
1735 839 1935 909 injuste
1958 841 2108 909 ludi-

2213 841 2271 892 οὐ
2302 838 2450 909 ζητῶ
2478 839 2540 892 τὸ
2571 839 2783 909 θέλημα
2815 839 2876 892 τὸ
2907 839 3040 910 ἐμόν
3065 852 3081 868 °
3112 838 3237 892 οὐδὶ
3268 838 3379 908 γὰρ
3407 840 3518 910 Ξχω
3548 839 3684 908 ἐμὸν
3710 839 3804 892 θέ-

525 929 704 983 care?
748 927 860 998 Ego
917 927 1084 998 igitur
1133 943 1239 983 non
1281 942 1473 998 qucro
1515 930 1851 985 voluntatem
1909 947 2107 998 meam,

528 1035 703 1090 neque
734 1021 880 1075 enim
915 1035 1018 1090 ego
1048 1035 1226 1077 meam
1259 1025 1432 1078 habeo
1459 1021 1816 1089 voluntatem,
1842 1024 1935 1080 sed
1968 1028 2110 1094 quod

525 1111 641 1166 vult
672 1109 858 1178 Pater,
889 1111 1018 1166 illud
1053 1120 1106 1165 ct
1134 1127 1255 1181 ego.

601 1199 765 1256 Van.
793 1201 979 1257 51-35.
1020 1219 1038 1253 ι
1081 1200 1138 1256 Si
1198 1215 1295 1270 ego
1349 1203 1719 1258 testimonium
1765 1205 2108 1275 perbiberem

523 1295 591 1349 de
630 1293 860 1364 meipso,
894 1294 1264 1350 testimonium
1315 1311 1491 1350 meum
1532 1311 1641 1351 non
1696 1306 1844 1353 esset
1899 1311 2108 1353 verum.

524 1388 680 1443 Alius
703 1399 788 1444 est
817 1388 907 1459 qui
927 1389 1307 1445 testimonium
1339 1390 1592 1460 perbibet
1617 1391 1685 1446 de
1717 1406 1826 1447 me.
1878 1390 1941 1446 Et
1996 1391 2110 1447 scio

526 1497 715 1537 terum
747 1497 870 1538 esse
911 1482 1284 1538 testimonium
1315 1483 1455 1551 quod
1491 1491 1723 1539 testatur
1751 1485 1820 1540 de
1862 1499 1966 1539 me.
2006 1483 2111 1539 Vos

528 1573 752 1628 misistis
779 1574 847 1628 ad
896 1572 1186 1641 Joannem,
1235 1584 1292 1631 et
1342 1576 1388 1631 is
1443 1576 1815 1631 testimonium
1877 1576 2112 1632 reddidit

526 1664 768 1719 veritati.
804 1663 965 1735 577
1000 1665 1111 1738 Ego
1144 1678 1325 1723 autem
1373 1683 1477 1724 non
1512 1669 1581 1724 ab
1615 1668 1835 1724 homine
1863 1670 2110 1726 testimo-

526 1757 674 1811 nium
723 1759 980 1826 accipio;
1015 1762 1109 1814 sed
1162 1760 1278 1816 hac
1325 1760 1470 1824 dico.
1512 1772 1568 1816 ut
1598 1776 1693 1816 vos
1749 1762 1885 1817 salvi
1944 1761 2106 1817 tiatis.

526 1846 618 1901 lite
647 1858 765 1902 erat
823 1849 1038 1903 lucerna
1073 1852 1270 1906 ardens
1297 1861 1356 1906 et
1400 1851 1608 1918 lucens,
1662 1867 1760 1908 vos
1804 1863 1984 1908 autem
2013 1867 2109 1907 τοι

529 1937 710 1993 luistis
741 1939 806 1993 ad
845 1951 1056 2008 tempus
1083 1943 1360 1998 exsultare
1395 1944 1447 1998 iu
1484 1945 1604 2000 luce
1631 1947 1770 2017 ejus.
1812 1967 1832 1999 ι
1869 1947 2108 2017 Apparet

531 2031 623 2086 hic
652 2034 924 2085 contraria
955 2033 1139 2088 dicere
1167 2033 1452 2092 Dominus.
1487 2035 1700 2094 Etenim
1723 2041 1923 2096 alicubi
1956 2042 2108 2097 vide-

527 2133 615 2176 tnr
655 2124 840 2176 testari
879 2124 945 2178 de
971 2139 1051 2190 se,
1086 2125 1225 2179 sicut
1257 2127 1615 2183 Samaritana:
1649 2131 1901 2187 dicebat:
1940 2153 1957 2186 t
1990 2133 2105 2205 Ego

523 2226 641 2264 sum
670 2210 922 2267 Christus
946 2230 960 2267 :
997 2232 1014 2264 ι
1047 2226 1102 2268 et
1128 2231 1291 2280 caeo,
1316 2217 1518 2273 etalias
1537 2236 1699 2290 sarpe.
1728 2222 1783 2276 Si
1805 2223 1967 2294 igitur
1993 2225 2108 2282 inec

525 2302 659 2358 falsa
693 2315 840 2369 sunt,
873 2320 995 2376 qua:
1030 2307 1187 2362 nobis
1217 2309 1411 2366 salutis
1441 2313 1611 2382 spes?
1642 2313 1756 2368 Non
1780 2326 1960 2370 autem
1994 2317 2110 2374 haec

522 2397 639 2450 seta
696 2396 912 2452 videtur
972 2413 1094 2455 esse
1156 2405 1540 2469 contrarietas,
1595 2408 1689 2462 sed
1743 2419 1798 2462 et
1853 2409 1958 2463 alia
2003 2426 2107 2466 non

527 2487 727 2543 minor.
768 2488 904 2543 Nam
935 2501 989 2546 et
1021 2491 1074 2546 in
1115 2508 1406 2564 progressu
1441 2497 1612 2552 dicit:
1669 2519 1689 2553 ε
1725 2499 1780 2554 Si
1813 2515 1916 2572 ego
1951 2503 2109 2558 testi-

523 2581 764 2635 monium
793 2583 1054 2652 perliibeo
1100 2586 1166 2641 de
1223 2588 1454 2656 meipso,
1510 2590 1884 2649 testimonium
1927 2608 2106 2648 meum

527 2686 712 2726 rerum
764 2674 930 2728 est".
969 2691 988 2725 ι
1050 2674 1332 2740 Quomodo
1375 2677 1545 2748 igitur
1601 2683 1926 2747 convenient
1989 2701 2109 2755 quae

526 2775 769 2830 pugnare
815 2762 1115 2818 videntur?
1157 2764 1209 2818 Id
1240 2767 1456 2834 quidem
1489 2771 1631 2840 quod
1661 2773 1810 2838 dicit,
1851 2791 1869 2824 t
1901 2773 1958 2828 Si
2007 2791 2110 2846 ego

527 2851 790 2907 testiﬁcor
826 2854 890 2908 de
943 2857 1168 2924 tneipso,
1227 2859 1597 2915 testimonium
1652 2877 1829 2918 meum
1877 2882 1984 2920 nou
2028 2877 2111 2922 est

529 2958 739 3008 verum,
785 2963 804 2997 ο
843 2945 977 3000 dicit
1025 2950 1092 3000 ad
1135 2951 1448 3017 Opinionem
1487 2951 1819 3023 Judteorutn,
1851 2962 2108 3027 quoniam

525 3038 670 3094 enim
704 3039 778 3093 illi
807 3041 1002 3096 dicturi
1036 3053 1194 3097 erant
1221 3043 1268 3097 ei
1296 3061 1309 3097 :
1343 3045 1424 3100 Tu
1449 3051 1820 3106 testimonium
1855 3055 2110 3123 perhibes

523 3132 593 3185 de
625 3132 830 3201 teipse;
867 3134 1047 3190 nullus
1099 3146 1279 3193 autem
1307 3141 1398 3210 qui
1428 3142 1493 3196 de
1522 3158 1580 3197 se
1605 3144 1722 3214 ipso
1753 3149 2104 3216 testiﬁcatur,

2212 932 2364 1002 λημα
2383 948 2397 960 ·
2428 931 2547 985 ἀλλ’
2569 931 2598 985 6
2624 931 2772 986 Θάλει
2799 932 2829 986 6
2859 931 3075 1003 Πατὴρ,
3106 933 3287 986 ἐκεῖνο
3315 932 3493 1000 κάγώ.

2290 1216 2308 1247 ι
2341 1198 2438 1250 “Av
2478 1196 2590 1265 ἐγὼ
2640 1196 2906 1268 μαρτυρῶ
2949 1213 3078 1268 περι
3126 1198 3394 1268 εμαυτοῦ,
3441 1200 3476 1268 ἡ
3526 1201 3807 1271 μαρτυρία

2215 1305 2318 1358 μου
2343 1290 2446 1342 οὐκ
2470 1288 2620 1342 ἔστιν
2645 1287 2874 1358 ἀληθής.
2901 1289 3095 1354 Ἀλλος
3119 1290 3270 1343 ἐστὶν
3291 1293 3320 1345 6
3347 1291 3649 1362 μαρτυρῶν
3676 1293 3808 1361 περὶ

2211 1379 2366 1450 ἐμοῦ,
2397 1381 2490 1434 καὶ
2521 1376 2640 1436 οῐδα
2670 1382 2752 1436 ὅτι
2782 1381 2994 1450 ἀληθής
3021 1384 3169 1436 ἐστιν
3195 1383 3228 1453 ἡ
3261 1383 3540 1454 μαρτυρία
3571 1387 3639 1455 ην
3665 1403 3811 1456 μαρ-

2211 1475 2367 1542 τυρεῖ
2392 1472 2522 1542 περὶ
2547 1474 2705 1542 ιμοῦ.
2732 1473 2922 1543 Ὑμεῖς
2947 1475 3332 1528 ἀπεστάλκατε
3361 1476 3497 1546 πρὸς
3523 1477 3807 1548 Ἰωάννην,

2212 1564 2307 1618 καὶ
2339 1563 2738 1636 μεμαρτύρηκε
2768 1567 2834 1634 τῇ
2864 1563 3117 1636 ἀληθείᾳ.
3150 1564 3292 1633 Ἐγὼ
3321 1565 3379 1618 δὲ
3411 1566 3566 1637 παρά
3595 1567 3812 1639 ἀνθρώ·

2212 1672 2318 1708 που
2351 1656 2451 1722 τὴν
2487 1654 2796 1726 μαρτυρίαν
2824 1654 2886 1707 οὐ
2922 1653 3187 1725 λαμϐάνω
3213 1670 3226 1684 ⁸
3265 1655 3402 1708 ἀλλὰ
3429 1656 3606 1709 ταῦτα
3643 1655 3808 1724 λέγω,

2213 1748 2300 1801 ἵνα
2326 1748 2487 1818 ὑμεῖς
2513 1749 2747 1819 σωθῆτε.
2786 1747 3028 1810 Ἐκεῖνος
3053 1743 3122 1819 ἦν
3144 1749 3173 1801 6
3200 1747 3394 1819 λύχνος
3420 1751 3449 1802 6
3477 1750 3808 1821 καιόμενος,

2213 1839 2307 1892 καὶ
2335 1841 2564 1909 φαίνων,
2596 1830 2754 1909 ὑμετς
2777 1840 2836 1893 δὲ
2863 1839 3168 1911 ἠθελήσατε
3196 1840 3634 1912 ὰγαλλιασῦἦναι
3667 1846 3811 1914 πρὸς

2211 1933 2361 2001 ὤραν
2388 1935 2446 1986 ἐν
2474 1933 2553 2002 τῷ
2585 1934 2724 2002 φωτὶ
2755 1933 2942 1987 αὑτοῦ.
2980 1952 2998 1986 ι
3031 1934 3286 1988 Φαίνεται
3317 1932 3556 1988 ἐνταῦθα
3585 1936 3811 1989 ἐναντία

2212 2025 2384 2094 λέγων
2415 2029 2443 2079 6
2479 2025 2703 2097 Κύριος.
2749 2026 2856 2080 Καὶ
2893 2025 3002 2096 γὰρ
3029 2025 3294 2095 πολλαχοῦ
3327 2025 3576 2093 φαίνεται
3601 2043 3813 2096 μαρτυ·

2212 2119 2386 2188 ρήσας
2429 2119 2640 2186 ἐαυτῷ,
2676 2116 2871 2189 ὥσπερ
2902 2120 2970 2188 τῇ
3016 2118 3372 2189 Σαμαρείτιδι
3417 2117 3560 2187 ἔφη·
3604 2139 3622 2171 ι
3668 2119 3812 2188 Ἐγώ

2211 2213 2325 2279 εἰμι
2357 2212 2385 2262 6
2418 2210 2653 2280 Χριστός
2679 2224 2692 2239 ο
2734 2227 2751 2261 t
2790 2209 2885 2262 καὶ
2913 2208 2994 2280 τῷ
3022 2209 3244 2280 τυφλῷ,
3280 2210 3373 2264 καὶ
3407 2209 3642 2280 ἑτέρωθι
3675 2210 3811 2262 πολ-

2212 2304 2399 2375 λαχοῦ.
2439 2303 2566 2357 Ἐὰν
2594 2300 2689 2358 οὖν
2715 2302 2893 2358 ταῦτα
2924 2296 3028 2356 ὦσι
3060 2303 3264 2374 ψευδῆ,
3297 2305 3429 2357 ποία
3462 2305 3596 2374 ἡμῖν
3628 2321 3809 2375 σωτη·

2214 2399 2338 2470 ρίας
2384 2397 2573 2463 ἐλπίςς
2624 2397 2699 2452 Οὐ
2742 2395 2901 2450 τοῦτο
2943 2395 3000 2450 δέ
3049 2397 3213 2466 μόνον
3260 2397 3411 2450 δοκεῖ
3458 2398 3810 2467 ἐναντίωμα,

2214 2490 2347 2544 ἀλλὰ
2384 2490 2478 2543 καὶ
2512 2489 2701 2559 ἐτερον
2735 2489 2838 2542 οὐκ
2877 2488 3124 2544 ἔλαττον.
3164 2487 3383 2560 Προϊὼν
3417 2489 3526 2558 γὰρ
3547 2529 3562 2552 ,
3603 2491 3809 2559 φησιν,

2211 2583 2316 2648 ὅτι,
2345 2602 2362 2633 ι
2388 2582 2506 2637 Κᾶν
2537 2581 2648 2650 ἐγὼ
2686 2579 2954 2652 μαρτυρῶ
2991 2582 3120 2651 περὶ
3153 2581 3416 2652 ἐμαυτοῦ,
3453 2583 3487 2647 ἠ
3526 2581 3811 2651 μαρτυρία

2217 2694 2320 2744 μου
2345 2676 2553 2745 ἀληθής
2578 2677 2721 2728 ἐστι.
2756 2694 2774 2727 t
2805 2673 2928 2737 Πῶς
2948 2669 3042 2728 οὖν
3067 2672 3610 2744 συμὸιὸασθὴσονται
3635 2673 3812 2726 ταῦτα

2212 2770 2474 2824 δοκοῦντα
2495 2769 2800 2840 μάχεσθαι;
2828 2771 2894 2823 ⁸0
2916 2769 3017 2841 μὲν
3043 2769 3214 2836 λέγει,
3240 2770 3322 2822 ὅτι
3355 2787 3372 2819 t
3400 2771 3496 2822 Ἂν
3522 2769 3640 2838 ἐγὼ
3670 2788 3812 2841 μαρο

2213 2862 2364 2933 τυρῶ
2399 2866 2526 2933 περὶ
2561 2863 2826 2933 ἐμαυτοῦ,
2855 2865 2888 2935 ἡ
2919 2863 3200 2934 μαρτυρία
3236 2880 3336 2932 μου
3370 2863 3472 2915 οὐκ
3501 2862 3652 2916 ἐστιν
3679 2863 3810 2933 ἀλη-

2215 2955 2346 3022 θὴς,
2393 2973 2410 3004 t
2451 2955 2599 3022 λέγει
2635 2955 2709 3017 ὡς
2747 2953 2884 3024 πρὸς
2919 2952 3021 3025 τὴν
3055 2953 3327 3021 ὑπόληψιν
3362 2954 3471 3004 τῶν
3511 2951 3806 3006 Ἰουδαίων.

2227 3047 2380 3106 Ἐπεὶ
2411 3049 2520 3120 γὰρ
2550 3048 2774 3117 ἔμελλον
2806 3050 3003 3102 ἐκεῖνοι
3038 3048 3167 3110 ἴσως
3198 3047 3372 3101 εἰπεῖν
3404 3045 3589 3116 αὐτῷ,
3617 3046 3704 3100 ὅτι
3739 3048 3808 3098 Σὺ

2218 3143 2517 3212 μαρτυρεῖς
2546 3142 2676 3211 περὶ
2704 3140 2957 3201 σεαυτοῦ,
2987 3141 3164 3232 οὐδεὶς
3192 3139 3247 3193 δὲ
3278 3139 3577 3210 μαρτυρῶν
3601 3137 3807 3206 ἐαυτῷ,

527 3220 633 3276 title
679 3223 874 3290 dignus
904 3236 1008 3280 est.
1050 3225 1191 3281 Dicit
1229 3231 1474 3299 urgendo
1509 3234 1670 3292 illos:
1707 3236 1822 3293 Non
1859 3243 2103 3298 testimo-

2213 3234 2524 3301 ἀξιόπιστός
2556 3235 2696 3296 ἐστι,
2727 3235 2895 3303 φησιν
2920 3220 3279 3296 ἐνστατικῶς,
3307 3234 3390 3286 ὅτι
3423 3233 3499 3285 UO
3537 3249 3608 3302 μα
3620 3233 3808 3301 ρτυρὼ

528 3314 679 3368 nium
707 3316 970 3383 perhibeo
993 3332 1093 3389 ego
1114 3320 1183 3375 de
1211 3324 1440 3392 meipso,
1466 3326 1666 3398 alioqui
1689 3329 1842 3398 juxta
1869 3345 2108 3391 vestram

2214 3326 2324 3396 ἐγὼ
2368 3328 2495 3397 περὶ
2543 3326 2782 3396 ἐμαυτοῦ
2808 3343 2821 3357 ·
2868 3322 2902 3399 ἦ
2948 3327 3058 3396 γὰρ
3101 3326 3166 3378 ἂν
3209 3325 3351 3379 κατὰ
3387 3325 3486 3395 τὴν
3529 3325 3808 3395 ὑμετέραν

527 3407 850 3462 sententiam
882 3425 987 3464 non
1005 3412 1200 3482 dignus
1225 3429 1405 3472 essem
1437 3422 1522 3473 cui
1543 3425 1878 3480 crederetur.
1913 3447 1930 3479 ι
1961 3430 2112 3484 Alius

527 3499 670 3561 enim
687 3502 875 3571 estqui
906 3503 1271 3562 testimonium
1301 3509 1368 3564 de
1401 3527 1486 3566 me
1515 3516 1786 3583 perhibet,
1820 3536 1840 3569 ι
1872 3517 2112 3578 Joannes

529 3591 755 3646 scilicet.
791 3595 941 3660 Quod
965 3607 1147 3654 autem
1174 3601 1326 3666 dicit,
1365 3621 1383 3654 ι
1422 3603 1550 3660 Etsi
1603 3621 1705 3679 ego
1741 3612 2109 3670 testimonium

529 3684 807 3754 perbibat.
826 3690 1191 3746 testimonium
1220 3710 1397 3749 meum
1429 3713 1614 3753 verum
1637 3713 1741 3765 cst,
1769 3722 1787 3754 ι
1810 3708 2110 3763 secundum

529 3783 937 3838 concessionem
969 3788 1119 3841 dicit.
1153 3790 1431 3844 Accedens
1455 3791 1601 3846 enim
1628 3799 1867 3851 sermoni
1899 3797 2110 3856 Judtro-

532 3888 673 3936 rum,
703 3873 872 3930 dicit:
913 3878 1040 3933 Esto
1071 3884 1213 3948 quod
1261 3898 1361 3953 ego
1405 3884 1774 3943 testimonium
1802 3890 1870 3946 de
1903 3895 2110 3965 meipso

531 3966 881 4034 perhibeam;
917 3983 968 4023 et
1003 3973 1046 4024 si
1073 3984 1177 4039 ego
1202 3974 1366 4044 igitur
1402 3982 1770 4036 testimonium
1803 3984 1870 4040 de
1903 3989 2110 4058 mcipso

530 4058 864 4126 perltibcam,
924 4065 1291 4122 testimonium
1351 4086 1531 4125 meum
1584 4089 1772 4128 verum
1821 4089 1924 4132 est.
1974 4078 2109 4135 Nam

526 4164 650 4202 cum
682 4149 822 4207 Dens
859 4155 984 4220 sim,
1021 4158 1123 4212 {ide
1155 4161 1352 4230 dignus
1394 4179 1536 4219 sum.
1560 4168 1736 4238 Atque
1772 4171 1842 4224 ita
1876 4175 2108 4241 primum

527 4243 664 4297 dixit
695 4245 815 4300 illos
852 4250 1115 4316 urgendo,
1150 4269 1254 4306 non
1287 4269 1387 4324 ego
1419 4259 1789 4315 testimonium
1823 4266 2108 4334 perbibeo,

527 4336 622 4386 sed
656 4332 990 4392 Prmcursor.
1025 4339 1337 4396 Secundum
1383 4358 1564 4401 autent
1605 4364 1665 4404 se
1700 4352 1803 4407 illis
1829 4332 2110 4423 opponen-

529 4421 618 4485 do,
650 4424 732 4477 vel
767 4425 928 4478 etiam
961 4432 1331 4498 concedendo,
1375 4436 1605 4495 dicens:
1652 4456 1670 4489 t
1723 4441 1778 4495 Si
1814 4421 1981 4499 etiam
2009 4461 2110 4517 ego

531 4513 898 4572 t‘stimonium
927 4520 1265 4589 perhibeam,
1304 4526 1675 4585 testimonium
1712 4548 1890 4588 meum
1920 4513 2108 4593 verunt

2213 3419 2440 3491 γνώμην
2457 3419 2721 3484 οὐκᾶξιος
2741 3420 2858 3490 εῐην
2894 3419 3271 3474 πιστεύεσθαι.
3311 3439 3330 3473 t
3365 3420 3560 3482 ’Λλλος
3597 3420 3747 3473 ἐστὶν
3780 3421 3810 3472 6

2217 3512 2516 3585 μαρτυρῶν
2560 3513 2688 3585 περὶ
2733 3510 2892 3584 ἐμοῦ,
2919 3531 2938 3565 ι
2982 3514 3011 3566 6
3044 3510 3319 3584 Ἰωάννης.
3352 3515 3417 3566 '0
3443 3513 3501 3564 δὲ
3527 3511 3698 3580 λέγει,
3726 3514 3808 3566 ὅτι

2219 3622 2240 3656 t
2275 3604 2394 3658 Κᾶν
2416 3605 2528 3674 ἐγὼ
2557 3604 2841 3676 μαρτυρῶ,
2864 3606 2898 3675 ἡ
2932 3606 3208 3674 μαρτυρία
3241 3621 3343 3675 μου
3373 3604 3581 3672 ἀληθής
3610 3607 3750 3666 ἐστι,
3783 3624 3799 3655 ι

2212 3698 2354 3749 κατὰ
2389 3697 2699 3768 συνδρομὴν
2730 3698 2911 3765 λέγει,
2951 3697 3269 3767 συντρέχων
3303 3691 3412 3766 γὰρ
3446 3698 3524 3767 τῷ
3559 3697 3808 3768 λογισμῷ

2210 3792 2320 3844 τῶν
2355 3791 2646 3853 Ἰουδαίων,
2685 3789 2874 3861 φησὶν,
2909 3792 2991 3844 ὅτι
3019 3790 3221 3852 Ἔστω,
3256 3793 3339 3844 ὅτι
3385 3792 3496 3860 ἐγὼ
3541 3790 3810 3862 μαρτυρῶ

2212 3884 2341 3956 περὶ
2387 3883 2651 3956 ἐμαυτοῦ.
2703 3883 2824 3938 Κᾶν
2869 3883 2980 3952 ἐγὼ
3024 3883 3204 3937 τοίνυν
3255 3884 3543 3954 μαρτυρῶ,
3597 3884 3806 3954 ἀληθής

2212 3980 2362 4031 ἐστιν
2405 3979 2438 4045 ἡ
2486 3975 2762 4048 μαρτυρία
2808 3993 2952 4046 μουο
3002 3977 3137 4037 Θεὸς
3185 3977 3293 4047 γὰρ
3339 3975 3437 4038 ῶν,
3488 3976 3805 4041 ἁξιόπιστὸ;

2212 4068 2532 4137 εἰμι.Ὢστε
2555 4068 2616 4118 τὸ
2643 4069 2742 4135 μὲν
2767 4067 2984 4136 πρῶτον
3009 4068 3346 4130 ἑνστατικῶς
3373 4064 3551 4130 εἶπεν,
3577 4068 3663 4120 ὅτι
3691 4069 3805 4120 υὺι

2211 4160 2324 4229 ἐγὼ
2365 4159 2666 4232 μαρτυρῶ,
2703 4159 2824 4213 ἀλλ’
2849 4160 2878 4210 ὁ
2919 4159 3238 4229 Πρὸδρομος
3265 4177 3276 4186 ·
3314 4158 3373 4211 τὸ
3416 4160 3472 4212 δὲ
3513 4159 3804 4232 δεύτερον,

2212 4255 2352 4308 κατὰ
2393 4254 2882 4324 ἁντιπαράστασιν,
2927 4253 3047 4323 ἢτοι
3094 4252 3423 4324 συνδρομὴν,
3467 4253 3552 4306 ὅτι
3619 4275 3637 4306 t
3690 4256 3806 4308 Κᾶν

2210 4346 2321 4416 ἐγὼ
2349 4346 2635 4419 μαρτυρῶ,
2660 4346 2868 4416 ἀληθής
2893 4348 3040 4399 ἐστιν
3063 4347 3097 4416 ἡ
3127 4346 3406 4416 μαρτυρία
3434 4363 3560 4417 μου.
3596 4365 3615 4398 ι
3643 4348 3806 4417 Τρεῖς

2212 4438 2337 4505 οὖν,
2376 4441 2569 4511 φησιν,
2609 4442 2718 4510 ἔχω
2757 4441 3076 4510 μάρτυρας,
3111 4439 3203 4492 τὸν
3240 4439 3528 4509 Ἰωάννην,
3561 4441 3633 4495 τὰ
3669 4443 3808 4512 ἔργα

2218 4553 2319 4604 μου
2342 4576 2357 4601 ,
2384 4534 2476 4587 τὸν
2505 4533 2726 4601 Πατέρα
2761 4549 2886 4602 μου.
2918 4534 3028 4586 Καὶ
3063 4531 3282 4602 πρῶτον
3314 4533 3406 4585 τὸν
3440 4533 3698 4604 Ἰωάννην
3727 4534 3806 4586 τί-

526 4613 628 4659 est.
665 4623 686 4658 ι
737 4604 910 4663 Porro
944 4615 1064 4675 tria,
1112 4614 1310 4682 inquit,
1358 4616 1534 4675 habeo
1575 4624 1910 4691 testimonia,
1941 4627 2106 4685 Joan-

2214 4631 2393 4699 οησιν,
2429 4628 2517 4681 ἶνα
2556 4628 2718 4699 μήτις
2753 4629 2880 4696 εἴπῃ
2916 4624 3064 4693 αὐτῷ
3087 4641 3102 4656 ·
3136 4626 3202 4677 Τί
3231 4624 3344 4688 οὖν,
3369 4626 3644 4689 είέχεῖνος
3671 4627 3806 4690 np’;

531 4714 674 4762 nem,
711 4715 872 4768 opera
916 4719 1056 4765 mea.
1112 4707 1324 4762 Patrem
1355 4727 1556 4768 meum.
1588 4715 1652 4770 Et
1693 4718 1924 4786 primum
1958 4726 2109 4792 ponit

525 4787 813 4848 Joannem.
859 4796 929 4850 Ut
966 4813 1031 4851 ne
1059 4801 1181 4865 quis
1205 4803 1350 4856 dicat
1375 4806 1447 4868 ei,
1474 4805 1613 4872 Quid
1647 4809 1811 4878 igitur
1843 4813 1888 4865 si
1919 4787 2008 4868 ille
2040 4817 2107 4872 ad

528 4882 755 4947 gratiam
780 4888 1110 4943 testiﬁcatus
1137 4901 1219 4944 cst
1257 4894 1397 4946 tibi?
1424 4897 1576 4964 dicit,
1609 4899 1712 4956 Vos
1743 4901 1846 4971 ipsi
1881 4908 2106 4964 misistis

525 4973 591 5026 ad
623 4973 910 5031 Joannem.
942 4979 1175 5036 Omnino
1217 4995 1399 5041 autem
1447 5006 1554 5044 non
1609 4995 1897 5054 tuisissetis
1937 5000 2106 5055 inter-
2152 5025 2161 5032 ·

526 5077 802 5134 rogantes,
839 5071 944 5126 uisi
971 5088 1092 5128 eum
1147 5076 1250 5132 ﬁde
1278 5080 1501 5150 dignum
1539 5086 1888 5147 habuissetis.
1926 5095 2102 5164 Atque

524 5157 595 5211 ita
635 5161 798 5214 etiam
835 5180 932 5219 vos
977 5167 1075 5236 ipsi
1126 5180 1292 5227 testes
1337 5175 1502 5241 estis,
1548 5182 1689 5246 quod
1735 5198 1898 5240 verax
1942 5187 2104 5244 fuerit

523 5249 798 5311 Joannes:
839 5263 1088 5327 quamvis
1113 5279 1214 5333 ego
1247 5269 1490 5335 quidem,
1526 5287 1648 5328 cum
1683 5275 1824 5332 Deus
1846 5281 1969 5345 sim,
1999 5283 2101 5336 bu-

525 5361 686 5399 ntano
712 5350 1022 5407 testimonio
1065 5371 1201 5425 opus
1255 5375 1361 5416 non
1419 5364 1668 5432 habeam,
1735 5379 1789 5426 ct
1836 5373 2101 5431 Dominus

524 5442 667 5493 servi
705 5445 1034 5502 testimonio.
1087 5451 1228 5518 Quia
1297 5464 1476 5511 autem
1505 5473 1598 5515 vos
1621 5462 1921 5531 digniorem
1949 5468 2101 5524 illum

525 5535 779 5598 putastis,
821 5547 876 5592 et
929 5539 1031 5608 ipsi
1086 5545 1259 5613 magis
1294 5562 1459 5616 quam
1501 5553 1634 5608 mihi
1688 5560 2012 5627 attendistis,
2049 5572 2104 5618 et

523 5625 592 5678 ad
656 5625 802 5681 illum
852 5633 1071 5700 quidem
1125 5641 1457 5706 accessiSIis,
1512 5646 1640 5700 mihi
1692 5661 1870 5705 autem
1925 5670 2103 5725 neque

527 5718 790 5774 miracula
832 5722 1050 5780 [ιςίριιιί
1085 5731 1345 5792 creditis;
1394 5746 1676 5807 propterea
1714 5743 1866 5800 vobis
1902 5745 1954 5801 iu
1985 5718 2100 5806 mc-

603 5911 646 5940 ²⁹
689 5910 841 5968 Jttnn.
885 5930 995 5977 νηί,
1063 5915 1141 5969 ll.

2213 4725 2374 4792 χάριν
2405 4718 2758 4791 ἐμαρτύρησὲ
2793 4735 2913 4786 σοις
2944 4719 3132 4788 φησὶν,
3164 4719 3246 4770 ὅτι
3277 4719 3466 4788 Ὑμεῖς
3500 4721 3657 4771 αὐτοὶ
3691 4722 3800 4772 απ-

2212 4815 2487 4870 εστείλατε
2521 4815 2658 4884 πρὸς
2689 4813 2965 4880 Ἰωάννην.
2992 4812 3220 4876 Πάντως
3247 4813 3304 4865 δὲ
3331 4813 3431 4863 οῦκ
3457 4814 3526 4864 ἆν
3549 4814 3805 4866 ἀπεστεί-

2211 4911 2338 4965 λατε
2375 4909 2710 4978 ἐρωτῶντες,
2744 4909 2792 4959 εί
2830 4906 2906 4976 μὴ
2941 4904 3262 4969 ἀξιόπιστον
3293 4905 3459 4956 αὑτὸν
3493 4905 3801 4975 ἐνομίζετε.

2213 5006 2377 5058 Ὠστε
2414 5002 2510 5056 καὶ
2543 5002 2703 5070 ὑμεῖς
2723 5000 2896 5053 αὐτοὶ
2934 4998 3288 5069 μαρτυρεῖτε,
3320 4999 3403 5051 ὅτι
3433 4997 3650 5070 ἀληθὴς
3679 4994 3745 5070 ἦν
3771 4999 3806 5051 ὀ

2228 5097 2503 5166 Ἰωάννης.
2535 5095 2728 5148 Καίτοι
2762 5091 2877 5161 ἐγὼ
2912 5092 3037 5162 μὲν,
3068 5088 3157 5144 οἶα
3190 5091 3254 5161 δὴ
3287 5090 3420 5154 Θεὸς
3452 5089 3551 5155 ὣν,
3586 5091 3647 5144 οὐ
3683 5090 3803 5145 δέο-

2219 5209 2312 5261 μαι
2342 5189 2691 5260 ἀνθρωπίνης
2722 5187 3054 5258 μαρτυρίας,
3079 5186 3180 5255 τῆς
3207 5186 3303 5239 τοῦ
3327 5183 3518 5238 δούλου
3545 5186 3576 5238 6
3601 5184 3807 5239 Δεσπό-

2211 5301 2332 5354 της.
2367 5283 2522 5336 Ἐπεὶ
2557 5283 2613 5335 δὲ
2653 5282 2811 5350 ὑμεῖς
2856 5278 3021 5334 αὑτὸν
3059 5278 3512 5349 ἀξιοπιστότερον
3551 5277 3801 5349 ἡγεῖσθε,

2214 5379 2309 5432 καὶ
2337 5377 2489 5448 αὑτῷ
2523 5376 2724 5447 μᾶλλον
2749 5375 3049 5446 προσέχετε
3079 5373 3225 5444 ἥπερ
3251 5373 3400 5444 ἐμοὶ,
3428 5375 3673 5446 κάκείνῳ
3704 5374 3808 5444 μέν

2217 5469 2662 5541 προσεδράμετε,
2708 5466 2833 5537 ἐμοὶ
2874 5466 2932 5518 δὲ
2975 5464 3098 5518 οὐδὲ
3147 5464 3667 5534 θαυματουργοῦντι
3708 5481 3802 5516 πι-

2214 5561 2454 5615 στεύετε’
2489 5558 2577 5614 διὰ
2607 5557 2767 5611 τοῦτο
2795 5557 3203 5627 ἀναμιμνήσκω
3230 5555 3330 5624 τῆς
3365 5555 3621 5612 Ἰωάννου
3656 5571 3806 5626 μορε

2210 5658 2426 5725 τυρίας,
2458 5655 2553 5707 καὶ
2585 5650 2774 5707 πάντα
2797 5653 2957 5716 ποιῶ,
2988 5653 3084 5705 καὶ
3111 5649 3446 5720 ἀναδέχομαι
3479 5651 3574 5704 καὶ
3602 5651 3671 5703 τὰ
3701 5651 3804 5703 ἂν-

2213 5750 2334 5818 ἀξια
2366 5750 2465 5818 τῆς
2506 5749 2644 5819 ἐμῆς
2684 5745 2959 5816 Οεότητος,
2995 5745 3080 5799 ἵνα
3121 5744 3280 5816 ὑμεῖς
3322 5742 3557 5814 σωθῆτε.
3594 5744 3802 5814 Aitwi
