4052 6556
917 219 933 257 /

235 487 372 554 1231
913 472 1358 537 ENARRATIO
1400 471 1482 535 IN
1522 468 2032 533 EVANGELIUM
2071 463 2420 528 Jt.)ANNIS.
2462 485 2523 498 -
2552 460 2724 523 CAP.
2769 460 2886 526 VI.
3428 453 3567 520 ηερ

241 601 417 664 σύνης
454 592 688 664 ἐκκόψαι
734 589 1084 662 βουλό;.·.ενο;)
1115 604 1128 618 ⁸
1179 585 1340 648 ἀλλος
1386 583 1443 638 δὲ
1475 582 1786 645 ἐλεύσεται,
1823 581 1841 634 ί

1966 595 2108 636 tem.
2143 578 2298 633 Alius
2335 583 2514 630 autem
2545 572 2749 639 veniet,
2785 567 3168 626 Antichristus
3207 565 3442 631 scilicet,
3475 564 3566 638 qui

241 650 624 761 'Xiz‘tﬁmo;
659 650 924 756 δηλονότι,
976 679 1036 742 ὃς
1066 650 1268 748 ’μέλλει
1312 672 1730 738 ἀποδεικνύναι,
1763 673 1841 726 ὅτι

1971 687 2016 728 te
2046 678 2458 726 monstraturus
2483 675 2566 721 est
2585 666 2730 736 quod
2751 664 2874 734 ipse
2907 660 3061 718 solus
3090 661 3164 716 sit
3197 661 3362 716 Deus.
3397 657 3571 730 igitur

242 752 556 838 αὑτόέεστι
586 752 747 849 μόνος
784 774 936 836 Θεός.
971 771 1104 842 Ἐμὲ
1141 772 1239 840 μὲν
1271 763 1364 822 οῦν
1396 768 1488 820 τὸν
1521 768 1580 820 ὲν
1616 765 1842 837 ὀνόματι

1972 781 2042 820 ne
2071 764 2316 834 quidem,
2356 761 2450 832 qui
2504 760 2562 814 in
2607 760 2832 812 nomine
2877 755 3060 811 Patris
3109 753 3258 818 veni,
3310 752 3415 807 hoc
3462 760 3572 818 est,

241 875 343 929 τοῦ
373 845 862 941 Πατρὸςγὲλθόντα,
893 865 1166 927 τουτέστι,
1191 861 1284 914 τὸν
1317 860 1548 928 λύγοντα
1571 858 1726 930 παρὰ
1749 858 1841 912 τοῦ

1971 859 2077 914 lico
2109 873 2196 912 me
2241 856 2474 911 missum
2510 870 2537 908 a
2590 852 2776 919 Patre,
2828 867 2935 906 non
2969 848 3238 918 recipitis.
3279 845 3430 900 illum
3475 858 3571 898 au-

244 967 463 1036 Πατρὸς
494 939 858 1024 ἀπεστάλθαι,
896 959 958 1009 οὐ
992 955 1239 1025 δέχεσθε,
1276 955 1486 1006 ἐκεῖνον
1516 951 1574 1005 δὲ
1601 951 1844 1017 δέξεσθε.

1968 969 2062 1007 .etn
2108 951 2413 1020 recipietis.
2449 949 2620 1003 Porro
2649 947 2754 1002 hoc
2786 945 2914 1000 ideo
2962 946 3184 1000 eveniet
3229 939 3407 1002 vobis,
3441 941 3568 1009 quia

245 1057 422 1112 Τοῦτο
449 1055 504 1107 δὲ
546 1053 836 1122 συμϐαίνει
884 1049 1038 1119 ὑμῖν,
1075 1048 1210 1101 διότι
1243 1049 1452 1108 ἐκεῖνος
1492 1045 1591 1116 μὲν
1619 1045 1722 1114 τὴν
1751 1043 1845 1097 τοῦ

1971 1045 2121 1116 580
2176 1043 2266 1098 ille
2316 1041 2472 1097 vobis
2521 1040 2755 1110 gloriam
2816 1037 2941 1092 vita:
2982 1033 3351 1107 pollicebitur,
3407 1046 3571 1100 quam

249 1150 370 1220 βίον
415 1145 574 1210 δόξαν
625 1144 754 1214 ὑμῖν
806 1140 1224 1208 ἑπαγγελεῖται,
1274 1138 1343 1210 ἢν
1392 1139 1553 1209 ὑμεῖς
1608 1138 1849 1208 ζητεῖτε,

1970 1155 2054 1193 vos
2081 1135 2352 1207 quaeritis,
2383 1135 2670 1205 cupientes
2712 1132 2945 1202 gloriam
2995 1137 3245 1185 mutuum
3294 1126 3570 1195 accipere,

249 1241 504 1302 θέλοντες
552 1239 653 1308 τὴν
705 1235 858 1306 παρά
898 1234 1146 1304 ἀλλήλων
1186 1233 1348 1297 δόξαν
1394 1232 1722 1304 λαμϐάνειν,
1757 1231 1849 1284 καὶ

1969 1243 2009 1286 3t
2036 1238 2373 1300 respuentes
2402 1243 2590 1283 veram
2638 1225 2895 1297 gloriam,
2937 1239 3059 1294 qua:
3097 1239 3124 1276 a
3159 1221 3277 1278 solo
3314 1220 3423 1274 Deo
3463 1229 3569 1274 est.

245 1333 349 1404 τὴν
389 1333 542 1403 παρά
566 1330 660 1383 τοῦ
689 1329 851 1399 μόνου
875 1326 1011 1380 Θεοῦ
1035 1325 1393 1389 διαπτύοντες
1421 1342 1434 1356 ·
1469 1324 1580 1392 ἐγὼ
1609 1325 1665 1379 δὲ
1696 1325 1845 1378 οὐδὲν

1975 1327 2071 1399 Ego
2103 1337 2287 1383 autem
2319 1325 2456 1382 nihil
2503 1325 2830 1396 praeclarum
2884 1320 3042 1377 vobis
3080 1322 3130 1375 in
3169 1320 3272 1375 hac
3299 1318 3412 1373 vita
3460 1316 3575 1385 pol-

248 1430 309 1480 ὲν
347 1425 447 1494 βίῳ
492 1421 856 1492 περίϐλεπτον
905 1421 1034 1488 ὑμῖν
1069 1417 1507 1488 ἐπαγγέλλομαι,
1550 1415 1688 1470 ἀλλά
1722 1415 1848 1468 πολ·

1982 1424 2152 1487 iceor,
2195 1423 2291 1477 sed
2320 1421 2520 1476 videtis
2552 1419 2782 1474 multam
2816 1414 3197 1472 diliicultatem
3237 1411 3291 1466 in
3336 1411 3422 1465 his
3454 1424 3576 1478 qua:

249 1521 351 1590 λὴν
388 1520 614 1588 ὲνορᾶτε
667 1513 959 1567 δυσκολίαν
1007 1514 1122 1574 τοῖς
1163 1509 1254 1564 ὑπ’
1314 1510 1451 1579 ἐμοῦ
1505 1509 1849 1578 λεγομένοις.

1976 1532 1988 1569 ι
2021 1531 2108 1570 me
2137 1515 2397 1570 dicuntur
2429 1530 2445 1577 ;
2474 1521 2531 1568 et
2555 1521 2846 1583 propterea
2889 1508 3090 1577 inquit.
3128 1506 3261 1560 mihi
3309 1519 3417 1558 non
3451 1517 3576 1557 crco

251 1612 356 1665 Διά
381 1608 542 1662 τοῦτο
571 1603 685 1667 οῦν,
711 1608 897 1675 φησιν,
926 1605 1050 1672 ἐμοὶ
1094 1604 1156 1656 ού
1210 1603 1497 1655 πιστεύετε
1525 1616 1538 1630 ⁸
1564 1600 1716 1654 οὐδὲν
1744 1598 1851 1667 γὰρ

1974 1609 2113 1676 litis.
2148 1605 2293 1661 Nihil
2331 1607 2479 1661 enim
2519 1605 2663 1674 quod
2711 1601 3016 1670 jucundum
3062 1608 3148 1654 est
3181 1597 3232 1650 in
3290 1596 3394 1650 hac
3439 1594 3574 1659 vita,

249 1700 486 1773 τερπνὸν
536 1698 794 1769 βιωτικὸν
842 1695 1180 1767 προσδοκᾶτε
1223 1693 1367 1757 ἕξειν
1402 1693 1496 1745 ἀπ’
1537 1690 1700 1762 ἐμοῦ.
1745 1692 1849 1744 Καὶ

1976 1703 2297 1773 “spectatis
2329 1716 2426 1755 vos
2470 1698 2760 1754 habituros
2811 1712 2840 1751 a
2893 1711 2999 1750 me.
3038 1694 3104 1748 Et
3151 1692 3358 1745 aliter:
3406 1710 3423 1740 ι
3457 1686 3576 1743 Non

251 1793 433 1854 ἄλλως
485 1789 541 1842 δέ
572 1805 586 1818 ⁸
633 1808 650 1840 ι
683 1787 758 1840 Οὐ
797 1783 1085 1838 πιστεύετέ
1129 1799 1243 1850 μοι,
1282 1782 1357 1844 ὡς
1383 1781 1542 1845 δόξαν
1575 1782 1675 1850 τὴν
1702 1779 1851 1851 παρά

1980 1797 2188 1853 :rcditis
2225 1797 2380 1861 mihi,
2418 1795 2512 1864 qui
2560 1794 2792 1864 gloriam
2841 1806 2869 1844 a
2899 1789 3057 1844 vobis
3097 1786 3331 1844 invicem
3375 1782 3578 1851 accipi-

250 1884 503 1954 ἁλλήλων
537 1882 842 1944 θέλοντες.»
887 1880 1186 1948 Ἄρχοντες
1218 1877 1316 1946 μὲν
1344 1877 1450 1947 γὰρ
1479 1878 1572 1928 καὶ
1598 1875 1850 1929 διδάσκα-

1976 1893 2056 1946 .is.
2097 1909 2114 1941 ι
2166 1888 2298 1944 Nam
2335 1887 2615 1959 principes
2665 1884 2886 1954 quidem
2922 1893 2977 1936 et
3030 1877 3280 1951 magistri
3333 1876 3435 1946 ipsi
3476 1874 3576 1929 soli

251 1981 338 2030 λοι
365 1976 523 2028 αὐτοὶ
553 1977 704 2043 μόνοι
740 1971 990 2033 θέλοντες
1031 1970 1210 2021 δοκεῖν
1245 1967 1398 2034 παρὰ
1426 1965 1504 2035 τῷ
1537 1967 1759 2036 πλήθει,
1793 1966 1851 2019 ού

1981 1985 2216 2038 volentes
2245 1979 2437 2035 haberi
2474 1979 2616 2049 apud
2649 1976 2866 2047 vulgus,
2907 1988 3014 2028 non
3047 1971 3328 2040 accipiunt
3366 1983 3472 2032 me,
3513 1981 3581 2020 ne

253 2069 508 2139 δέχονταί
544 2085 632 2138 με,
666 2066 755 2118 ἵνα
789 2065 866 2135 μὴ
892 2061 1224 2132 ἐλαττωθείη
1261 2062 1447 2124 αὐτοῖς
1476 2063 1508 2130 ή
1541 2061 1672 2127 δόξα
1695 2077 1707 2090 ⁸
1739 2061 1853 2113 λαοὶ

1979 2074 2335 2129 πιιιιὶιιιιιιιιιι·
2357 2085 2548 2125 eorum
2580 2068 2774 2141 gloria.
2811 2065 3002 2137 Populi
3039 2076 3221 2116 autent
3264 2069 3579 2130 qureretttes

253 2162 339 2224 δὲ,
388 2160 489 2230 τὴν
524 2159 680 2229 παρά
734 2156 846 2210 τῶν
873 2156 1156 2226 ἀρχόντων
1185 2153 1411 2222 ἀγάπην
1443 2152 1763 2224 ζητοῦντες,
1798 2153 1853 2206 οὐ

1980 2168 2115 2238 iiligi
2153 2183 2180 2220 a
2217 2164 2581 2236 principibus,
2626 2178 2732 2217 non
2767 2177 2854 2217 tne
2881 2159 3148 2215 accedere
3178 2157 3390 2217 volunt,
3426 2164 3482 2206 ut
3512 2165 3580 2206 ne

254 2255 478 2310 θέλουσι
529 2251 908 2323 προσδραμεῖν
952 2251 1109 2319 ἐμοὶ,
1157 2248 1247 2301 ἵνα
1282 2249 1358 2318 μὴ
1393 2247 1496 2317 τῆς
1546 2247 1702 2315 παρὰ
1750 2245 1854 2298 τῶν

1981 2262 2226 2315 ικςίιίιιιιι
2254 2268 2478 2329 propter
2503 2273 2588 2312 me
2618 2259 2685 2312 ab
2728 2259 2938 2311 honore
2970 2269 3137 2324 quem
3172 2267 3199 2303 a
3239 2248 3581 2319 principibus

252 2347 539 2419 ἀρχόντων
565 2345 735 2416 τιμῆς
773 2343 842 2398 δι’
868 2344 967 2413 ἐμὲ
1003 2344 1337 2395 ἐκπέσωσιν.
1363 2341 1522 2393 Ἐπεὶ
1549 2339 1605 2393 δὲ
1645 2337 1741 2391 καὶ
1773 2337 1852 2392 tbi

1980 2351 2194 2406 habent.
2249 2349 2525 2416 Quoniam
2581 2357 2763 2402 autem
2807 2358 2862 2401 ct
2903 2346 3090 2400 Mosen
3137 2342 3365 2398 multum
3399 2340 3580 2410 jacta-

254 2440 505 2508 Μωῦσῆν
544 2440 658 2494 ἄνω
685 2438 781 2491 καὶ
822 2438 973 2491 κάτω
1006 2436 1336 2506 προέφερον,
1386 2434 1576 2504 φησιν,
1628 2434 1709 2484 ὅτι
1755 2432 1854 2484 Αύ-

1983 2455 2122 2506 aant,
2157 2445 2354 2513 inquit,
2411 2443 2531 2514 ipse
2589 2443 2874 2498 accusabit
2918 2456 3038 2507 vos,
3081 2456 3208 2495 nam
3246 2441 3312 2492 de
3357 2452 3444 2492 nte
3493 2436 3583 2488 ille

254 2536 351 2596 τος
400 2532 776 2602 κατηγορήσει
841 2529 1034 2600 ὑμῶν·
1097 2530 1229 2598 περὶ
1285 2527 1395 2596 γὰρ
1455 2525 1592 2593 ἐμοῦ
1650 2525 1854 2586 ἐκεῖνος

1980 2539 2211 2608 scripsit.
2247 2537 2346 2592 Ubi
2379 2547 2564 2590 autem
2613 2537 2834 2606 scripsit
2879 2536 2944 2589 de
2979 2533 3084 2588 eo?
3130 2531 3343 2586 Etenim
3373 2528 3580 2582 dictum

257 2628 492 2698 ἔγραψε.
553 2623 660 2678 [Ιοῦ
727 2622 785 2677 δὲ
846 2622 1054 2692 ἔγραψε
1091 2619 1221 2692 περὶ
1261 2618 1456 2684 aurai;
1483 2618 1595 2671 Kal.
1635 2619 1692 2668 εν
1728 2614 1857 2666 πολ-

1989 2646 2092 2697 Ioc,
2124 2650 2141 2680 ι
2181 2628 2511 2698 PrOphctatu
2551 2628 2839 2682 suseitabit
2882 2627 3037 2680 vobis
3076 2622 3423 2686 Dominus",
3457 2639 3475 2672 ι
3514 2622 3584 2673 de

257 2723 375 2784 λοῖς
411 2720 509 2789 μὲν
539 2717 720 2780 ἄλλοις
749 2715 868 2773 (καὶ
916 2713 1026 2783 γὰρ
1056 2713 1136 2777 τὸ,
1174 2730 1192 2763 t
1229 2711 1525 2782 ﬂpopfttqv
1567 2710 1697 2778 ὑμῖν
1729 2710 1857 2761 ἀνα-

1983 2721 2192 2775 Ilhristo
2222 2729 2366 2785 erat,
2409 2729 2463 2794 et
2492 2718 2598 2772 alia
2634 2719 2808 2772 multa
2859 2726 2969 2770 tam
3007 2716 3060 2769 in
3103 2714 3288 2768 verbis
3331 2726 3493 2781 quam
3529 2709 3583 2761 in

263 2816 462 2885 στήσει
491 2811 716 2882 Κύριος,
759 2827 780 2862 ι
811 2809 944 2878 περὶ
968 2805 1209 2876 Χριστοῦ
1234 2799 1328 2872 ἦν,
1356 2804 1452 2856 καὶ
1482 2802 1620 2856 ἀλλα
1663 2800 1860 2861 πολλὰ.

1983 2814 2142 2885 signis
2188 2821 2244 2867 et
2293 2811 2584 2884 symbolis,
2630 2819 2688 2864 ut
2747 2807 3079 2864 miraculum
3131 2804 3280 2860 rubi.
3339 2801 3474 2856 Nam
3529 2808 3583 2854 et

261 2908 339 2961 τὰ
374 2907 474 2976 μὲν
506 2907 564 2957 ὲν
608 2904 812 2972 λόγοις,
839 2902 910 2955 τὰ
944 2900 1002 2954 δὲ
1045 2901 1104 2953 ὲν
1135 2899 1388 2968 σημείοις
1414 2897 1510 2949 καὶ
1541 2893 1861 2965 συμϐόλοις,

1996 2907 2119 2976 guis
2147 2906 2393 2977 quidem,
2442 2905 2655 2959 deitas:
2703 2903 2872 2957 rubus
2913 2913 3096 2955 autent
3153 2899 3433 2967 spinosus,
3462 2909 3588 2963 pec-

261 2994 381 3054 o'~.ov
431 2999 492 3051 τὺ
538 3000 641 3067 τῆς
699 2997 864 3066 βάτου
925 2993 1152 3062 θαῦμα·
1209 2990 1307 3043 καὶ
1353 2988 1464 3059 γὰρ
1513 2988 1625 3057 πῦρ
1673 2986 1774 3057 μὲν
1831 2986 1861 3057 ή

1990 3000 2150 3053 :aIrix
2203 3007 2424 3065 natura,
2459 3012 2622 3067 quant
2677 2993 2922 3066 suscepit
2971 2994 3112 3064 ignis
3154 2990 3350 3053 deitas,
3406 3000 3460 3042 et
3503 2987 3590 3041 itt-

265 3089 461 3154 θεότης
489 3102 502 3116 ⁸
539 3087 702 3156 βάτος
733 3086 788 3138 δὲ
828 3083 1174 3151 ἀκανθώδης,
1218 3081 1251 3148 ὴ
1297 3078 1630 3148 ἁμαρτωλὸς
1677 3076 1865 3143 φύσις,

1987 3095 2320 3149 :ombustam
2352 3091 2597 3147 servavit
2628 3091 2747 3144 luce
2779 3086 3037 3157 fulgidam
3064 3103 3078 3152 ;
3111 3094 3164 3138 et
3196 3097 3326 3138 suos
3365 3080 3587 3151 quidem

264 3178 336 3256 ἦς
363 3181 761 3249 ἐπιλαϐόμενον
789 3177 852 3230 τὸ
876 3177 989 3247 πῦρ
1018 3176 1116 3245 τῆς
1144 3175 1420 3244 θεότητος,
1447 3170 1864 3239 ἀκατάφλεκτον

1991 3187 2160 3241 'adios
2203 3185 2280 3240 illi
2331 3184 2789 3248 communicavit,
2830 3179 3283 3253 imperfectioues
3313 3187 3494 3232 autem
3526 3175 3591 3230 il-

265 3274 478 3344 ταύτην
527 3275 765 3344 ἐτήρησε
798 3313 829 3338 ,,
861 3270 942 3340 τῷ
995 3270 1135 3338 φωτὶ
1184 3266 1539 3338 λαμπρύναν,
1605 3268 1702 3318 καὶ
1757 3263 1865 3318 τῶν

1990 3280 2089 3333 lius
2118 3278 2170 3331 in
2192 3292 2251 3332 se
2279 3293 2388 3332 non
2418 3277 2683 3346 suscepit.
2711 3276 2887 3330 Etiam
2911 3274 3017 3329 hoc
3043 3275 3223 3328 Moses
3255 3271 3416 3333 dixit,
3443 3269 3590 3339 quod

266 3366 491 3421 οἰκείων
527 3365 625 3434 μὲν
646 3363 985 3433 αὐχημάτων
1016 3360 1410 3432 μεταδεδωκδς,
1428 3358 1540 3412 τῶν
1565 3358 1619 3411 δὲ
1649 3357 1866 3428 ὲκείνης

1991 3369 2323 3426 :onducebat
2359 3370 2520 3423 valde
2557 3369 2625 3422 ad
2663 3368 2825 3423 fidem
2856 3366 3064 3423 Christi
3096 3385 3108 3420 :
3145 3381 3272 3419 nam
3303 3365 3482 3434 inquit
3521 3363 3591 3423 ³³.

267 3459 679 3529 ἐλαττωμάτων
743 3457 817 3526 μὴ
874 3454 1248 3526 μετειληφδς),
1282 3453 1380 3522 οὐχ
1427 3453 1632 3523 ἥκιστα
1677 3451 1734 3505 δὲ
1778 3451 1867 3504 καὶ

1995 3483 2002 3517 l
2048 3463 2104 3519 Si
2141 3464 2403 3534 propheta
2438 3463 2744 3518 surrexerit
2780 3463 2938 3532 signa
2970 3461 3202 3524 faciens,
3239 3466 3294 3514 et
3335 3456 3595 3512 ret-edere

267 3552 431 3606 τοῦτο
474 3551 680 3620 Μωσῆς
733 3549 983 3618 εἴρηκεν,
1017 3547 1098 3609 είς
1141 3546 1242 3616 τὴν
1279 3543 1375 3597 τοῦ
1409 3541 1649 3614 Χριστοῦ
1688 3542 1867 3594 πίστιν

1998 3561 2194 3613 'aciens
2239 3574 2268 3612 a
2313 3557 2447 3624 Deo,
2498 3572 2570 3612 ne
2620 3555 2865 3610 credatis
2924 3554 3028 3618 illi,
3076 3553 3260 3622 qualis
3308 3552 3414 3606 erit
3442 3549 3598 3603 Anti-

273 3645 750 3717 συμϐαλλόειενον.
782 3644 914 3696 Ἐὰν
951 3641 1082 3712 γάρ,
1123 3640 1278 3710 φησὶ,
1316 3640 1607 3710 προφήτης
1637 3637 1873 3706 ἀναστῇ,

1993 3652 2224 3708 rhristns
2255 3671 2268 3706 :
2307 3649 2576 3706 Si’autem
2606 3649 2851 3705 surrexit
2873 3649 3143 3719 propheta
3172 3645 3384 3701 faciens
3414 3644 3593 3714 signa,

245 3737 482 3809 ςῦημεῖα
515 3737 711 3799 ποιῶν,
756 3736 854 3794 καὶ
895 3733 1141 3803 ἀφιστῶν
1175 3731 1285 3786 ἀπὸ
1325 3730 1485 3796 Θεοῦ,
1527 3731 1602 3801 μὴ
1647 3729 1841 3782 πιστεύ

1995 3754 2034 3799 ιι
2062 3744 2130 3798 ad
2165 3745 2331 3798 Deum
2367 3756 2422 3798 et
2455 3743 2672 3798 Patrem
2708 3743 2940 3806 ducens,
2982 3752 3038 3798 et
3069 3756 3176 3795 non
3216 3737 3476 3795 recedere
3511 3735 3595 3790 l'a-

273 3846 410 3899 σητε
466 3827 651 3897 αὐτῷ’
713 3821 826 3889 οἷός
877 3827 1027 3878 ἐστιν
1081 3825 1110 3877 ὁ
1183 3823 1585 3893 Ἀντίχριστος.
1634 3820 1764 3874 Ἐὰν
1818 3819 1873 3873 δὲ

1998 3836 2158 3902 :iens,
2199 3836 2272 3889 illi
2306 3835 2542 3891 credite.
2584 3854 2602 3887 ι
2634 3832 2810 3906 igitur
2843 3835 3101 3890 Christus
3135 3833 3188 3886 in
3231 3833 3456 3887 nomine
3491 3829 3598 3884 1’..-

273 3922 487 3992 ἀναστῇ
523 3919 820 3992 προφήτης
853 3920 1059 3987 σημεῖα
1092 3915 1290 3977 ποιῶν,
1322 3915 1418 3968 καὶ
1453 3914 1590 3985 πρὸς
1623 3913 1714 3966 τὸν
1744 3913 1873 3966 Θεὸν

1999 3928 2088 3982 .ris
2115 3927 2286 3994 venit,
2319 3927 2552 3999 etsigna
2581 3925 2806 3996 quidem
2839 3925 3071 3989 iaciens,
3104 3935 3160 3979 et
3198 3939 3306 3979 non
3335 3921 3599 3978 recedere

273 4017 373 4069 xui.
406 4014 625 4085 Πατέρα
648 4011 822 4081 ἄγων,
862 4010 1063 4082 μᾶλλον
1087 4012 1187 4064 οὐκ
1215 4009 1461 4078 ἀφιστῶν
1488 4007 1678 4074 αὐτοῦ,
1703 4007 1873 4078 τούτῳ

2007 4020 2178 4073 nbens
2209 4033 2304 4073 eos
2344 4033 2374 4072 a
2409 4017 2504 4074 Dei
2552 4018 2726 4081 cultu,
2772 4017 2887 4087 ipse
2922 4024 3042 4071 erat
3078 4016 3171 4086 qui
3213 4032 3242 4069 ιι
3279 4015 3428 4070 Mose
3459 4029 3599 4084 pra:-

274 4106 637 4163 πιστεύσατε.
679 4107 740 4158 '0
769 4104 1002 4174 Χριστδς
1031 4099 1125 4157 οῦν
1171 4105 1230 4156 ὲν
1258 4102 1487 4172 ὀνόματι
1517 4103 1614 4154 τοῦ
1662 4101 1874 4170 Πατρὸς

1993 4113 2189 4168 dictus.
2262 4130 2281 4163 ι
2339 4111 2532 4181 Itaque
2586 4112 2631 4167 si
2686 4110 2819 4165 Mosi
2876 4109 3098 4182 scriptis
3155 4123 3264 4163 non
3343 4107 3593 4172 creditis,

274 4197 474 4262 ὲλθὼν,
504 4198 599 4249 καὶ
628 4196 836 4265 σημεῖα
865 4195 964 4265 μὲν
995 4194 1187 4260 ποιῶν,
1219 4193 1293 4265 μὴ
1323 4194 1558 4261 ἀπάγων
1592 4193 1650 4246 δὲ
1678 4194 1874 4257 αὐτοὺς

1999 4207 2261 4275 ιιιοιιιοιιο
2313 4205 2451 4259 meis
2478 4205 2660 4258 verbis
2711 4202 2992 4258 credetis?
3046 4221 3065 4254 ι
3117 4200 3237 4269 Ille,
3290 4200 3490 4271 inquit,
3542 4209 3599 4254 et

274 4291 385 4362 τῆς
438 4289 774 4356 θεοσεϐείας,
827 4288 992 4350 αὐτὸς
1038 4282 1106 4358 ἦν
1137 4290 1164 4341 ὁ
1216 4286 1372 4356 παρὰ
1419 4287 1614 4340 Μωσεῖ
1665 4302 1874 4356 προφη-

1994 4298 2227 4368 scripsit,
2263 4307 2318 4352 et
2362 4306 2495 4352 sunt
2531 4295 2654 4351 libri
2706 4309 2926 4367 semper
2957 4306 3086 4352 ante
3134 4294 3326 4352 oculos
3358 4305 3594 4361 vestros,

275 4382 599 4454 τευόμενος.
657 4400 675 4435 ι
734 4382 798 4434 Et
852 4376 947 4435 οὖν
981 4383 1094 4444 τοῖς
1124 4380 1406 4443 Μωῦσέως
1448 4379 1782 4451 γράμμασιν
1817 4380 1875 4433 ού

1998 4405 2044 4451 at
2087 4395 2159 4448 ita
2217 4403 2277 4450 ιιι
2315 4394 2480 4448 etiam
2525 4394 2568 4448 si
2628 4393 3067 4460 obliviscamini,
3119 4392 3344 4464 possitis
3395 4392 3598 4449 iterum

277 4473 599 4539 πιστεύετε,
648 4471 769 4537 πῶς
815 4474 931 4535 τοῖς
989 4473 1144 4543 ἐμοῖς
1204 4472 1414 4543 ῥήμασι
1448 4472 1813 4536 πιστεύσετες
1855 4491 1873 4524 ι

2002 4488 2153 4543 Facile
2183 4488 2237 4542 in
2270 4488 2594 4543 memoriam
2632 4487 2922 4543 reducere.
2956 4487 3214 4542 Attamen
3243 4503 3350 4542 non
3372 4485 3602 4542 creditis

287 4567 554 4632 Ἐκεῖνος,
587 4564 775 4636 φησιν,
809 4563 1042 4636 ἔγραψε,
1076 4565 1171 4618 καὶ
1203 4565 1464 4635 πάρεισιν
1493 4564 1624 4635 ὑμῖν
1654 4565 1741 4617 ἀεὶ
1772 4566 1880 4636 πρὸ

2003 4580 2230 4648 scriptis,
2262 4589 2316 4635 et
2346 4579 2624 4650 quomodo
2656 4578 2897 4635 credetis
2930 4578 3114 4634 verbis
3144 4578 3284 4633 meis
3315 4593 3424 4633 non
3460 4577 3603 4633 scri-

275 4657 579 4730 δφθαλμῶν
607 4659 675 4711 τὰ
723 4656 925 4727 βιϐλία,
959 4655 1124 4718 ὥστε,
1154 4657 1262 4710 κᾶν
1308 4655 1685 4723 ὲπιλάθοισθε,
1729 4657 1875 4728 ἔχειν

2001 4673 2135 4743 ptis?
2165 4672 2276 4727 Cur
2323 4673 2491 4743 igitur
2523 4674 2640 4728 haec
2670 4673 2830 4739 dicis,
2869 4687 2902 4728 ο
2943 4671 3199 4751 Domine,
3249 4686 3372 4726 cum
3423 4671 3601 4728 scires

274 4751 445 4805 πάλιν
502 4749 693 4821 ῥᾳδίαν
743 4749 844 4820 τὴν
902 4749 1249 4820 ἀνάμνησιν·
1315 4749 1412 4803 καὶ
1478 4750 1630 4819 ὅμως
1681 4751 1742 4803 ού
1790 4767 1874 4803 πι-

1999 4768 2134 4835 quod
2172 4781 2276 4819 non
2311 4765 2575 4820 credituri
2607 4765 2833 4822 essent?
2861 4749 3363 4833 Quamvisrsciam,
3396 4764 3599 4835 inquit,

277 4837 508 4892 στεύετε
553 4839 668 4900 τοῖς
712 4839 1130 4908 γεγραμμένοις
1159 4854 1173 4869 ο
1221 4839 1319 4891 καὶ
1377 4840 1494 4902 πῶς
1557 4842 1877 4896 πιστεύσετε

2002 4855 2136 4926 ιιιοά
2197 4871 2306 4910 non
2363 4855 2617 4922 credant,
2668 4856 2791 4912 dico
2852 4868 3057 4924 tamen,
3121 4866 3182 4910 ut
3233 4871 3301 4912 ne
3363 4856 3602 4913 habeant

277 4932 397 5020 τοῖς
429 4931 583 5001 ἐμοῖς
612 4931 888 5000 ἀγράφοις
922 4931 1134 5002 ῥήμασι
1165 4949 1179 4998 ;
1221 4931 1286 4983 Τί
1334 4928 1430 4984 οὖν
1460 4932 1636 4986 ταῦτα
1680 4934 1877 5002 λέγεις,

1998 4959 2174 5016 postea
2215 4950 2361 5020 quod
2396 4958 2722 5018 praetexam,
2762 4949 2820 5004 Si
2854 4950 3110 5016 dixisses,
3143 4949 3598 5006 credidissemus.

278 5018 328 5078 ὦ
361 5023 559 5094 Κύριε,
598 5024 725 5078 ἐπεὶ
765 5019 936 5089 οἶδας,
971 5025 1053 5077 ὅτι
1108 5025 1168 5078 οὑ
1216 5023 1637 5091 πιστεύσουσιν;
1685 5027 1747 5080 Εί
1792 5028 1878 5080 κα]

2001 5033 2055 5088 Et
2080 5018 2276 5090 aliter:
2312 5036 2392 5090 illi
2416 5039 2638 5106 quidem
2666 5039 2759 5108 qui
2788 5048 2915 5093 tunc
2949 5049 3130 5103 erant,
3154 5050 3342 5108 utpote
3377 5040 3601 5111 ingrati,

277 5114 423 5185 οῖδα,
470 5118 660 5186 φησὶν,
718 5119 801 5173 δτι
851 5117 1321 5190 παρακούσουσιν,
1371 5119 1489 5172 ἀλλ’
1534 5121 1684 5189 ὅμως
1717 5119 1877 5188 λέγω.

1999 5140 2100 5180 [ιοιι
2135 5126 2470 5181 credebant:
2518 5127 2586 5180 ab
2619 5126 2705 5181 his
2736 5136 2920 5181 autem
2957 5127 3052 5194 qui
3091 5133 3282 5195 postea
3315 5125 3599 5190 credituri,

280 5211 375 5265 ἵνα
413 5212 490 5282 μὴ
523 5209 754 5281 ὕστερον
801 5210 1276 5281 προφασίζωνται,
1314 5213 1399 5265 ὅτι
1435 5211 1497 5266 Et
1539 5207 1725 5275 εἶπας,
1765 5215 1880 5267 ἐπι-

2003 5233 2105 5272 non
2145 5229 2262 5273 erat
2299 5230 2735 5275 consentaneum
2775 5233 2952 5289 neque
2982 5218 3196 5290 justum
3230 5217 3439 5274 auferri
3483 5233 3603 5273 ver-

281 5301 621 5372 στεύσαμεν.
659 5304 871 5368 Ἀλλως
893 5321 978 5368 τε,
1008 5306 1212 5357 ἐκεῖνοι
1237 5303 1338 5373 μὲν
1363 5305 1411 5356 oi
1439 5303 1584 5368 τότε,
1605 5298 1695 5357 οἷα
1715 5304 1881 5373 ἀγνώ-

1185 5322 1212 5356 ιι
1237 5303 1338 5373 μὲν
1363 5305 1411 5356 oi
1439 5303 1584 5368 τότε,
1605 5298 1695 5357 οἵα
1715 5304 1891 5373 ἀγνώ-
1999 5310 2196 5365 borum
2227 5312 2433 5367 Christi
2461 5314 2785 5368 utilitatem.

287 5411 472 5465 μονες,
507 5395 611 5448 ούκ
639 5396 930 5450 ἐπίστευον
954 5414 966 5427 ο
1000 5401 1128 5460 τοὺς
1163 5397 1220 5451 δὲ
1256 5396 1556 5466 μετέπειτα
1582 5397 1880 5467 μέλλοντας
1924 5403 2225 5470 πιστεύειν,
2298 5405 2402 5460 οὐκ
2476 5401 2548 5479 ἧν
2593 5406 2763 5471 εἰκὸς,
2816 5405 2939 5459 οὐδὲ
2981 5404 3228 5471 δίκαιον,
3269 5401 3610 5475 στερηθῆναι

282 5488 390 5559 τῆς
422 5490 530 5544 ἀπὸ
573 5489 686 5542 τῶν
719 5487 815 5542 τοῦ
846 5490 1089 5562 Χριστοῦ
1127 5491 1392 5562 ῥημάτων
1416 5489 1709 5560 ὠφελείας.

907 5607 1161 5661 ΚΕΦΛΛ.
1201 5608 1292 5673 ς’.

2606 5606 2767 5678 581
2803 5603 3033 5661 CAPUT
3071 5603 3154 5660 Vl.

281 5721 431 5792 Περὶ
457 5721 576 5776 τῶν
597 5721 776 5776 πέντε
805 5722 1000 5792 ὔρτων
1029 5721 1126 5774 καὶ
1165 5720 1275 5792 δύο
1309 5721 1552 5792 ἰχθύων,
1583 5721 1721 5789 Περὶ
1781 5722 1881 5791 τῆς

2011 5718 2082 5776 De
2112 5721 2341 5792 quinth
2365 5720 2592 5786 panibus
2638 5730 2685 5774 et
2716 5720 2922 5774 duobus
2956 5719 3213 5792 piscibus.
3237 5715 3313 5770 Dc
3356 5712 3611 5792 secessio-

359 5784 799 5863 ἀναχωρήσεως
836 5784 942 5846 τοῦ
1005 5789 1230 5858 Ἰησοῦ,
1263 5784 1365 5844 ἵνα
1399 5791 1487 5860 μὴ
1550 5784 1894 5862 «adiurauit?

2076 5784 2140 5848 ne
2174 5784 2376 5848 Christi
2402 5809 2467 5847 ne
2495 5795 2730 5862 facerent
2770 5808 2890 5847 eum
2944 5784 3137 5860 regem.
3189 5789 3263 5844 De
3279 5784 3607 5841 ambulatio-

364 5957 410 5989 ⁸⁸
438 5953 596 6010 Deut.
627 5967 779 6018 XVIII,
814 5945 900 6010 is.
1005 5953 1050 5986 ”
1081 5957 1236 6009 Deut.
1269 5969 1382 6018 xm,
1421 5954 1472 6009 l.
