  <div class='ocr_page' id='page_1' title='image "/cluster/home/n/w/nwhite01/storage/ocr_20150623/123/uva.x004884189/800.png"; bbox 0 0 4052 6558; ppageno 0'>
   <div class='ocr_carea' id='block_1_1' title="bbox 278 515 419 582">
    <p class='ocr_par' dir='ltr' id='par_1_1' title="bbox 278 515 419 582">
     <span class='ocr_line' id='line_1_1' title="bbox 278 515 419 582; baseline -0.014 0"><span class='ocrx_word' id='word_1_1' title='bbox 278 515 419 582; x_wconf 72' lang='grc'><strong>1285</strong></span> 
     </span>
    </p>
   </div>
   <div class='ocr_carea' id='block_1_2' title="bbox 1004 506 1873 602">
    <p class='ocr_par' dir='ltr' id='par_1_2' title="bbox 1004 510 1873 576">
     <span class='ocr_line' id='line_1_2' title="bbox 1004 510 1873 576; baseline -0.006 0"><span class='ocrx_word' id='word_1_2' title='bbox 1004 512 1454 576; x_wconf 67' lang='grc' dir='ltr'><strong>ΕΝΛΒΒΑΤΙΟ</strong></span> <span class='ocrx_word' id='word_1_3' title='bbox 1499 512 1575 574; x_wconf 82' lang='grc' dir='ltr'><strong>[Ν</strong></span> <span class='ocrx_word' id='word_1_4' title='bbox 1619 510 1873 575; x_wconf 65' lang='grc' dir='ltr'>ΕνΑΧο</span> 
     </span>
    </p>
   </div>
   <div class='ocr_carea' id='block_1_3' title="bbox 1979 506 2948 602">
    <p class='ocr_par' dir='ltr' id='par_1_3' title="bbox 1985 506 2948 572">
     <span class='ocr_line' id='line_1_3' title="bbox 1985 506 2948 572; baseline -0.001 -3"><span class='ocrx_word' id='word_1_5' title='bbox 1985 509 2133 570; x_wconf 79' lang='grc' dir='ltr'><strong>ΙΗΜ</strong></span> <span class='ocrx_word' id='word_1_6' title='bbox 2173 509 2524 572; x_wconf 79' lang='lat' dir='ltr'><strong>IOANNIS.</strong></span> <span class='ocrx_word' id='word_1_7' title='bbox 2554 533 2625 548; x_wconf 84' lang='grc'><strong>-</strong></span> <span class='ocrx_word' id='word_1_8' title='bbox 2647 506 2807 570; x_wconf 61' lang='lat' dir='ltr'><strong>CAP.</strong></span> <span class='ocrx_word' id='word_1_9' title='bbox 2853 508 2948 572; x_wconf 83' lang='lat' dir='ltr'><strong>VI.</strong></span> 
     </span>
    </p>
   </div>
   <div class='ocr_carea' id='block_1_4' title="bbox 3473 504 3617 574">
    <p class='ocr_par' dir='ltr' id='par_1_4' title="bbox 3473 504 3617 574">
     <span class='ocr_line' id='line_1_4' title="bbox 3473 504 3617 574; baseline 0.014 -2"><span class='ocrx_word' id='word_1_10' title='bbox 3473 504 3617 574; x_wconf 82' lang='grc'><strong>1286</strong></span> 
     </span>
    </p>
   </div>
   <div class='ocr_carea' id='block_1_5' title="bbox 269 621 1873 698">
    <p class='ocr_par' dir='ltr' id='par_1_5' title="bbox 269 625 1871 698">
     <span class='ocr_line' id='line_1_5' title="bbox 269 625 1871 698; baseline -0.006 -6"><span class='ocrx_word' id='word_1_11' title='bbox 269 637 327 692; x_wconf 84' lang='grc' dir='ltr'><strong>τί</strong></span> <span class='ocrx_word' id='word_1_12' title='bbox 361 639 514 691; x_wconf 69' lang='grc' dir='ltr'>ἐστιν</span> <span class='ocrx_word' id='word_1_13' title='bbox 541 635 619 698; x_wconf 81' lang='grc' dir='ltr'><strong>είς</strong></span> <span class='ocrx_word' id='word_1_14' title='bbox 644 630 935 696; x_wconf 80' lang='grc' dir='ltr'><strong>τοσούτους</strong></span> <span class='ocrx_word' id='word_1_15' title='bbox 960 649 976 698; x_wconf 88' lang='lat'><strong>;</strong></span> <span class='ocrx_word' id='word_1_16' title='bbox 1001 651 1020 684; x_wconf 73' lang='grc' dir='ltr'><strong>ι</strong></span> <span class='ocrx_word' id='word_1_17' title='bbox 1047 631 1205 695; x_wconf 88' lang='grc' dir='ltr'>Τίνος</span> <span class='ocrx_word' id='word_1_18' title='bbox 1225 632 1414 686; x_wconf 67' lang='lat' dir='ltr'><strong>Evest</strong></span> <span class='ocrx_word' id='word_1_19' title='bbox 1431 625 1674 696; x_wconf 78' lang='grc' dir='ltr'>εἷπε,τδ,</span> <span class='ocrx_word' id='word_1_20' title='bbox 1699 647 1718 681; x_wconf 81' lang='grc' dir='ltr'><strong>ι</strong></span> <span class='ocrx_word' id='word_1_21' title='bbox 1736 630 1871 685; x_wconf 77' lang='grc' dir='ltr'>Ἀνα</span> 
     </span>
    </p>
   </div>
   <div class='ocr_carea' id='block_1_6' title="bbox 1979 621 3618 698">
    <p class='ocr_par' dir='ltr' id='par_1_6' title="bbox 2007 621 3618 692">
     <span class='ocr_line' id='line_1_6' title="bbox 2007 621 3618 692; baseline 0.002 -12"><span class='ocrx_word' id='word_1_22' title='bbox 2007 637 2091 683; x_wconf 88' lang='lat' dir='ltr'><strong>ter</strong></span> <span class='ocrx_word' id='word_1_23' title='bbox 2146 639 2260 683; x_wconf 86' lang='lat' dir='ltr'><strong>tam</strong></span> <span class='ocrx_word' id='word_1_24' title='bbox 2309 625 2604 683; x_wconf 66' lang='lat' dir='ltr'><strong>multos?)</strong></span> <span class='ocrx_word' id='word_1_25' title='bbox 2641 625 2826 692; x_wconf 82' lang='lat' dir='ltr'><strong>Quare</strong></span> <span class='ocrx_word' id='word_1_26' title='bbox 2873 624 3031 691; x_wconf 82' lang='lat' dir='ltr'><strong>dixit,</strong></span> <span class='ocrx_word' id='word_1_27' title='bbox 3059 643 3079 677; x_wconf 73' lang='grc' dir='ltr'><strong>ι</strong></span> <span class='ocrx_word' id='word_1_28' title='bbox 3116 621 3253 680; x_wconf 86' lang='lat' dir='ltr'><strong>Cum</strong></span> <span class='ocrx_word' id='word_1_29' title='bbox 3303 626 3618 686; x_wconf 78' lang='lat' dir='ltr'><strong>sustulisset</strong></span> 
     </span>
    </p>
   </div>
   <div class='ocr_carea' id='block_1_7' title="bbox 275 725 1884 800">
    <p class='ocr_par' dir='ltr' id='par_1_7' title="bbox 275 725 1884 800">
     <span class='ocr_line' id='line_1_7' title="bbox 275 725 1884 800; baseline -0.001 -18"><span class='ocrx_word' id='word_1_30' title='bbox 275 728 489 800; x_wconf 75' lang='grc' dir='ltr'>σλέψας</span> <span class='ocrx_word' id='word_1_31' title='bbox 502 731 620 791; x_wconf 85' lang='grc' dir='ltr'>τοῖς</span> <span class='ocrx_word' id='word_1_32' title='bbox 644 727 991 796; x_wconf 79' lang='grc' dir='ltr'>ὀφθαλμοῖςδ</span> <span class='ocrx_word' id='word_1_33' title='bbox 1017 725 1260 798; x_wconf 74' lang='grc' dir='ltr'>Ἰησοῦςς</span> <span class='ocrx_word' id='word_1_34' title='bbox 1301 747 1320 782; x_wconf 81' lang='grc' dir='ltr'><strong>ι</strong></span> <span class='ocrx_word' id='word_1_35' title='bbox 1343 729 1466 785; x_wconf 83' lang='grc' dir='ltr'>Ἵνα</span> <span class='ocrx_word' id='word_1_36' title='bbox 1493 728 1884 800; x_wconf 50' lang='grc' dir='ltr'>μάθωμενιὸτι</span> 
     </span>
    </p>
   </div>
   <div class='ocr_carea' id='block_1_8' title="bbox 267 811 1884 892">
    <p class='ocr_par' dir='ltr' id='par_1_8' title="bbox 267 811 1884 892">
     <span class='ocr_line' id='line_1_8' title="bbox 267 811 1884 892; baseline 0 -17"><span class='ocrx_word' id='word_1_37' title='bbox 267 811 374 875; x_wconf 76' lang='grc' dir='ltr'>οὔκ</span> <span class='ocrx_word' id='word_1_38' title='bbox 407 817 682 891; x_wconf 64' lang='grc' dir='ltr'>ἐρέμϐετο</span> <span class='ocrx_word' id='word_1_39' title='bbox 733 819 864 882; x_wconf 75' lang='grc' dir='ltr'>τοὺς</span> <span class='ocrx_word' id='word_1_40' title='bbox 914 819 1237 891; x_wconf 70' lang='grc' dir='ltr'>ὀφθαλμοὺς</span> <span class='ocrx_word' id='word_1_41' title='bbox 1266 819 1395 892; x_wconf 73' lang='grc' dir='ltr'>τῇδε</span> <span class='ocrx_word' id='word_1_42' title='bbox 1429 824 1661 876; x_wconf 81' lang='grc' dir='ltr'>κάκεῖσε</span> <span class='ocrx_word' id='word_1_43' title='bbox 1699 837 1714 853; x_wconf 76' lang='grc' dir='ltr'><strong><em>ο</em></strong></span> <span class='ocrx_word' id='word_1_44' title='bbox 1761 820 1884 877; x_wconf 83' lang='grc' dir='ltr'>ἀλλ’</span> 
     </span>
    </p>
   </div>
   <div class='ocr_carea' id='block_1_9' title="bbox 269 911 1882 998">
    <p class='ocr_par' dir='ltr' id='par_1_9' title="bbox 269 911 1882 998">
     <span class='ocr_line' id='line_1_9' title="bbox 269 911 1882 998; baseline 0.001 -28"><span class='ocrx_word' id='word_1_45' title='bbox 269 916 367 978; x_wconf 61' lang='grc' dir='ltr'><strong>ἐπὶ</strong></span> <span class='ocrx_word' id='word_1_46' title='bbox 385 915 640 979; x_wconf 78' lang='grc' dir='ltr'><strong>συννοίας</strong></span> <span class='ocrx_word' id='word_1_47' title='bbox 664 911 980 986; x_wconf 86' lang='grc' dir='ltr'>καθήμενος</span> <span class='ocrx_word' id='word_1_48' title='bbox 1018 917 1112 972; x_wconf 76' lang='grc' dir='ltr'>καὶ</span> <span class='ocrx_word' id='word_1_49' title='bbox 1134 917 1413 990; x_wconf 81' lang='grc' dir='ltr'><strong>προσοχῆς</strong></span> <span class='ocrx_word' id='word_1_50' title='bbox 1435 919 1533 998; x_wconf 61' lang='grc' dir='ltr'>καὶ</span> <span class='ocrx_word' id='word_1_51' title='bbox 1563 917 1882 989; x_wconf 77' lang='grc' dir='ltr'>ἀκρισείας,</span> 
     </span>
    </p>
   </div>
   <div class='ocr_carea' id='block_1_10' title="bbox 266 1005 1883 1083">
    <p class='ocr_par' dir='ltr' id='par_1_10' title="bbox 266 1005 1883 1083">
     <span class='ocr_line' id='line_1_10' title="bbox 266 1005 1883 1083; baseline 0 -18"><span class='ocrx_word' id='word_1_52' title='bbox 266 1005 359 1065; x_wconf 76' lang='grc' dir='ltr'>οἷα</span> <span class='ocrx_word' id='word_1_53' title='bbox 393 1009 460 1081; x_wconf 78' lang='grc' dir='ltr'>δὴ</span> <span class='ocrx_word' id='word_1_54' title='bbox 487 1010 600 1074; x_wconf 83' lang='grc' dir='ltr'>τοῖς</span> <span class='ocrx_word' id='word_1_55' title='bbox 636 1007 912 1079; x_wconf 79' lang='grc' dir='ltr'><strong>μαθηταῖς</strong></span> <span class='ocrx_word' id='word_1_56' title='bbox 947 1013 1081 1082; x_wconf 88' lang='grc' dir='ltr'>περί</span> <span class='ocrx_word' id='word_1_57' title='bbox 1109 1028 1275 1066; x_wconf 88' lang='grc' dir='ltr'>τινων</span> <span class='ocrx_word' id='word_1_58' title='bbox 1301 1008 1592 1083; x_wconf 76' lang='grc' dir='ltr'>θειοτέρων</span> <span class='ocrx_word' id='word_1_59' title='bbox 1628 1010 1883 1080; x_wconf 84' lang='grc' dir='ltr'>διαλεγό-</span> 
     </span>
    </p>
   </div>
   <div class='ocr_carea' id='block_1_11' title="bbox 269 1091 1982 1177">
    <p class='ocr_par' dir='ltr' id='par_1_11' title="bbox 269 1091 1982 1177">
     <span class='ocr_line' id='line_1_11' title="bbox 269 1091 1982 1177; baseline 0.004 -24"><span class='ocrx_word' id='word_1_60' title='bbox 269 1118 457 1173; x_wconf 62' lang='grc' dir='ltr'>μενος,</span> <span class='ocrx_word' id='word_1_61' title='bbox 493 1101 652 1166; x_wconf 85' lang='grc' dir='ltr'>τέλος</span> <span class='ocrx_word' id='word_1_62' title='bbox 704 1102 973 1173; x_wconf 77' lang='grc' dir='ltr'>ἀνέϐλεψε</span> <span class='ocrx_word' id='word_1_63' title='bbox 1031 1104 1147 1167; x_wconf 84' lang='grc' dir='ltr'>τοῖς</span> <span class='ocrx_word' id='word_1_64' title='bbox 1194 1103 1524 1176; x_wconf 79' lang='grc' dir='ltr'><strong>ὀφθαλμοῖς,</strong></span> <span class='ocrx_word' id='word_1_65' title='bbox 1554 1106 1650 1160; x_wconf 59' lang='grc' dir='ltr'><strong>καὶ⁵</strong></span> <span class='ocrx_word' id='word_1_66' title='bbox 1700 1105 1886 1177; x_wconf 75' lang='grc' dir='ltr'>ἐρωτᾷ</span> <span class='ocrx_word' id='word_1_67' title='bbox 1925 1091 1931 1093; x_wconf 44' lang='grc'><strong>’</strong></span> <span class='ocrx_word' id='word_1_68' title='bbox 1975 1158 1982 1168; x_wconf 85' lang='grc'>,</span> 
     </span>
    </p>
   </div>
   <div class='ocr_carea' id='block_1_12' title="bbox 266 1194 1883 1270">
    <p class='ocr_par' dir='ltr' id='par_1_12' title="bbox 266 1194 1883 1270">
     <span class='ocr_line' id='line_1_12' title="bbox 266 1194 1883 1270; baseline 0.004 -22"><span class='ocrx_word' id='word_1_69' title='bbox 266 1194 525 1266; x_wconf 75' lang='grc' dir='ltr'>περὶτοῦ</span> <span class='ocrx_word' id='word_1_70' title='bbox 586 1194 772 1266; x_wconf 73' lang='grc' dir='ltr'>ὄχλου,</span> <span class='ocrx_word' id='word_1_71' title='bbox 807 1195 975 1251; x_wconf 85' lang='grc' dir='ltr'>πόθεν</span> <span class='ocrx_word' id='word_1_72' title='bbox 1023 1197 1490 1270; x_wconf 81' lang='grc' dir='ltr'>διατραφήσεται.</span> <span class='ocrx_word' id='word_1_73' title='bbox 1545 1200 1663 1253; x_wconf 80' lang='grc' dir='ltr'><strong>οὐκ</strong></span> <span class='ocrx_word' id='word_1_74' title='bbox 1720 1200 1883 1256; x_wconf 80' lang='grc' dir='ltr'>ἄλλον</span> 
     </span>
    </p>
   </div>
   <div class='ocr_carea' id='block_1_13' title="bbox 264 1288 1884 1366">
    <p class='ocr_par' dir='ltr' id='par_1_13' title="bbox 264 1288 1884 1366">
     <span class='ocr_line' id='line_1_13' title="bbox 264 1288 1884 1366; baseline 0.004 -24"><span class='ocrx_word' id='word_1_75' title='bbox 264 1288 326 1342; x_wconf 61' lang='grc' dir='ltr'>δὶ</span> <span class='ocrx_word' id='word_1_76' title='bbox 351 1290 556 1362; x_wconf 72' lang='grc' dir='ltr'>ἐρωτᾷ,</span> <span class='ocrx_word' id='word_1_77' title='bbox 591 1290 729 1345; x_wconf 79' lang='grc' dir='ltr'>ἀλλὰ</span> <span class='ocrx_word' id='word_1_78' title='bbox 779 1290 1072 1346; x_wconf 68' lang='grc' dir='ltr'>Φίλιππον.</span> <span class='ocrx_word' id='word_1_79' title='bbox 1100 1289 1275 1357; x_wconf 76' lang='grc' dir='ltr'>Οὗτος</span> <span class='ocrx_word' id='word_1_80' title='bbox 1311 1295 1424 1365; x_wconf 82' lang='grc' dir='ltr'><strong>γάρ</strong></span> <span class='ocrx_word' id='word_1_81' title='bbox 1451 1289 1522 1366; x_wconf 84' lang='grc' dir='ltr'>ἦν</span> <span class='ocrx_word' id='word_1_82' title='bbox 1568 1297 1597 1349; x_wconf 98' lang='lat'><strong>6</strong></span> <span class='ocrx_word' id='word_1_83' title='bbox 1628 1293 1884 1359; x_wconf 87' lang='grc' dir='ltr'>πλείονος</span> 
     </span>
    </p>
   </div>
   <div class='ocr_carea' id='block_1_14' title="bbox 263 1380 1882 1456">
    <p class='ocr_par' dir='ltr' id='par_1_14' title="bbox 263 1380 1882 1456">
     <span class='ocr_line' id='line_1_14' title="bbox 263 1380 1882 1456; baseline 0.004 -21"><span class='ocrx_word' id='word_1_84' title='bbox 263 1380 524 1452; x_wconf 79' lang='grc' dir='ltr'>δεόμενος</span> <span class='ocrx_word' id='word_1_85' title='bbox 545 1383 922 1450; x_wconf 86' lang='grc' dir='ltr'>διδασκαλίας,</span> <span class='ocrx_word' id='word_1_86' title='bbox 954 1387 983 1440; x_wconf 91' lang='lat'><strong>6</strong></span> <span class='ocrx_word' id='word_1_87' title='bbox 1007 1385 1149 1455; x_wconf 84' lang='grc' dir='ltr'>μετά</span> <span class='ocrx_word' id='word_1_88' title='bbox 1190 1387 1368 1441; x_wconf 84' lang='grc' dir='ltr'>ταῦτα</span> <span class='ocrx_word' id='word_1_89' title='bbox 1392 1387 1569 1456; x_wconf 75' lang='grc' dir='ltr'>λέγων</span> <span class='ocrx_word' id='word_1_90' title='bbox 1601 1403 1615 1417; x_wconf 89' lang='grc'><strong>·</strong></span> <span class='ocrx_word' id='word_1_91' title='bbox 1650 1407 1669 1440; x_wconf 82' lang='grc' dir='ltr'><strong>ι</strong></span> <span class='ocrx_word' id='word_1_92' title='bbox 1697 1387 1882 1453; x_wconf 78' lang='grc' dir='ltr'>Δεῖξον</span> 
     </span>
    </p>
   </div>
   <div class='ocr_carea' id='block_1_15' title="bbox 266 1476 1883 1553">
    <p class='ocr_par' dir='ltr' id='par_1_15' title="bbox 266 1476 1883 1553">
     <span class='ocr_line' id='line_1_15' title="bbox 266 1476 1883 1553; baseline 0.004 -24"><span class='ocrx_word' id='word_1_93' title='bbox 266 1476 408 1546; x_wconf 87' lang='grc' dir='ltr'>ήμῖν</span> <span class='ocrx_word' id='word_1_94' title='bbox 430 1476 525 1530; x_wconf 81' lang='grc' dir='ltr'>τδν</span> <span class='ocrx_word' id='word_1_95' title='bbox 555 1476 801 1549; x_wconf 75' lang='grc' dir='ltr'>Πατέρα,</span> <span class='ocrx_word' id='word_1_96' title='bbox 826 1478 922 1532; x_wconf 83' lang='grc' dir='ltr'>καὶ</span> <span class='ocrx_word' id='word_1_97' title='bbox 953 1479 1120 1551; x_wconf 81' lang='grc' dir='ltr'>ἀρκεῖ</span> <span class='ocrx_word' id='word_1_98' title='bbox 1164 1483 1323 1553; x_wconf 77' lang='grc' dir='ltr'>ἡμῖν.</span> <span class='ocrx_word' id='word_1_99' title='bbox 1365 1499 1384 1533; x_wconf 76' lang='lat' dir='ltr'><strong>i</strong></span> <span class='ocrx_word' id='word_1_100' title='bbox 1417 1481 1519 1535; x_wconf 81' lang='grc' dir='ltr'><strong>Διὰ</strong></span> <span class='ocrx_word' id='word_1_101' title='bbox 1552 1481 1716 1536; x_wconf 91' lang='grc' dir='ltr'>τοῦτο</span> <span class='ocrx_word' id='word_1_102' title='bbox 1773 1483 1883 1551; x_wconf 80' lang='grc' dir='ltr'><strong>πρὸ</strong></span> 
     </span>
    </p>
   </div>
   <div class='ocr_carea' id='block_1_16' title="bbox 267 1567 1884 1646">
    <p class='ocr_par' dir='ltr' id='par_1_16' title="bbox 267 1567 1884 1646">
     <span class='ocr_line' id='line_1_16' title="bbox 267 1567 1884 1646; baseline 0.004 -24"><span class='ocrx_word' id='word_1_103' title='bbox 267 1567 472 1622; x_wconf 87' lang='grc' dir='ltr'>πολλοῦ</span> <span class='ocrx_word' id='word_1_104' title='bbox 540 1570 710 1624; x_wconf 79' lang='grc' dir='ltr'>αὐτὸν</span> <span class='ocrx_word' id='word_1_105' title='bbox 766 1571 1048 1642; x_wconf 76' lang='grc' dir='ltr'>ῥυθμίζει,</span> <span class='ocrx_word' id='word_1_106' title='bbox 1077 1574 1174 1628; x_wconf 80' lang='grc' dir='ltr'>καὶ</span> <span class='ocrx_word' id='word_1_107' title='bbox 1235 1573 1327 1629; x_wconf 83' lang='grc' dir='ltr'><strong>διά</strong></span> <span class='ocrx_word' id='word_1_108' title='bbox 1385 1574 1492 1645; x_wconf 78' lang='grc' dir='ltr'>τῆς</span> <span class='ocrx_word' id='word_1_109' title='bbox 1525 1575 1884 1646; x_wconf 71' lang='grc' dir='ltr'><strong>⁴ἐρωτήσεως</strong></span> 
     </span>
    </p>
   </div>
   <div class='ocr_carea' id='block_1_17' title="bbox 263 1654 1879 1738">
    <p class='ocr_par' dir='ltr' id='par_1_17' title="bbox 263 1654 1879 1738">
     <span class='ocr_line' id='line_1_17' title="bbox 263 1654 1879 1738; baseline 0.004 -23"><span class='ocrx_word' id='word_1_110' title='bbox 263 1661 457 1732; x_wconf 75' lang='grc' dir='ltr'>ἐνάγει</span> <span class='ocrx_word' id='word_1_111' title='bbox 491 1661 657 1718; x_wconf 73' lang='grc' dir='ltr'>αὐτὸν</span> <span class='ocrx_word' id='word_1_112' title='bbox 691 1663 775 1728; x_wconf 77' lang='grc' dir='ltr'><strong>εἰς</strong></span> <span class='ocrx_word' id='word_1_113' title='bbox 809 1663 872 1718; x_wconf 87' lang='grc' dir='ltr'><strong>τδ</strong></span> <span class='ocrx_word' id='word_1_114' title='bbox 907 1664 997 1719; x_wconf 80' lang='grc' dir='ltr'><strong>ἀεὶ</strong></span> <span class='ocrx_word' id='word_1_115' title='bbox 1023 1654 1398 1737; x_wconf 76' lang='grc' dir='ltr'>μνημονεῦειν</span> <span class='ocrx_word' id='word_1_116' title='bbox 1425 1666 1520 1721; x_wconf 91' lang='grc' dir='ltr'>τοῦ</span> <span class='ocrx_word' id='word_1_117' title='bbox 1567 1667 1879 1738; x_wconf 87' lang='grc' dir='ltr'>θαύματος.</span> 
     </span>
    </p>
   </div>
   <div class='ocr_carea' id='block_1_18' title="bbox 264 1753 1880 1828">
    <p class='ocr_par' dir='ltr' id='par_1_18' title="bbox 264 1753 1880 1828">
     <span class='ocr_line' id='line_1_18' title="bbox 264 1753 1880 1828; baseline 0.002 -21"><span class='ocrx_word' id='word_1_118' title='bbox 264 1753 332 1808; x_wconf 75' lang='grc' dir='ltr'><strong>Εἰ</strong></span> <span class='ocrx_word' id='word_1_119' title='bbox 359 1755 460 1824; x_wconf 81' lang='grc' dir='ltr'><strong>μὲν</strong></span> <span class='ocrx_word' id='word_1_120' title='bbox 485 1754 597 1828; x_wconf 80' lang='grc' dir='ltr'><strong>γάρ</strong></span> <span class='ocrx_word' id='word_1_121' title='bbox 647 1755 839 1819; x_wconf 81' lang='grc' dir='ltr'>ἁπλῶς</span> <span class='ocrx_word' id='word_1_122' title='bbox 865 1755 926 1810; x_wconf 87' lang='grc' dir='ltr'>τδ</span> <span class='ocrx_word' id='word_1_123' title='bbox 960 1759 1192 1828; x_wconf 82' lang='grc' dir='ltr'>σημεῖον</span> <span class='ocrx_word' id='word_1_124' title='bbox 1226 1757 1469 1827; x_wconf 69' lang='grc' dir='ltr'>ἐγένετο,</span> <span class='ocrx_word' id='word_1_125' title='bbox 1510 1757 1618 1812; x_wconf 80' lang='grc' dir='ltr'><strong>οὐκ</strong></span> <span class='ocrx_word' id='word_1_126' title='bbox 1653 1757 1721 1813; x_wconf 84' lang='grc' dir='ltr'>ἂν</span> <span class='ocrx_word' id='word_1_127' title='bbox 1746 1775 1880 1812; x_wconf 76' lang='grc' dir='ltr'>τοσ-</span> 
     </span>
    </p>
   </div>
   <div class='ocr_carea' id='block_1_19' title="bbox 262 1845 1881 1922">
    <p class='ocr_par' dir='ltr' id='par_1_19' title="bbox 262 1845 1881 1922">
     <span class='ocr_line' id='line_1_19' title="bbox 262 1845 1881 1922; baseline 0.004 -22"><span class='ocrx_word' id='word_1_128' title='bbox 262 1845 427 1900; x_wconf 83' lang='grc' dir='ltr'>οῦτον</span> <span class='ocrx_word' id='word_1_129' title='bbox 484 1847 661 1919; x_wconf 66' lang='grc' dir='ltr'>ἐφάνη</span> <span class='ocrx_word' id='word_1_130' title='bbox 701 1847 764 1902; x_wconf 82' lang='grc' dir='ltr'>τὸ</span> <span class='ocrx_word' id='word_1_131' title='bbox 815 1847 1006 1920; x_wconf 71' lang='grc' dir='ltr'>θαῦμα</span> <span class='ocrx_word' id='word_1_132' title='bbox 1036 1866 1053 1882; x_wconf 76' lang='grc' dir='ltr'><strong>ο</strong></span> <span class='ocrx_word' id='word_1_133' title='bbox 1096 1851 1218 1905; x_wconf 78' lang='grc' dir='ltr'>νυνὶ</span> <span class='ocrx_word' id='word_1_134' title='bbox 1271 1849 1330 1906; x_wconf 76' lang='grc' dir='ltr'>δὲ</span> <span class='ocrx_word' id='word_1_135' title='bbox 1385 1851 1658 1922; x_wconf 79' lang='grc' dir='ltr'>πρότερον</span> <span class='ocrx_word' id='word_1_136' title='bbox 1715 1852 1881 1906; x_wconf 79' lang='grc' dir='ltr'>αὑτὸν</span> 
     </span>
    </p>
   </div>
   <div class='ocr_carea' id='block_1_20' title="bbox 265 1942 1878 2018">
    <p class='ocr_par' dir='ltr' id='par_1_20' title="bbox 265 1942 1878 2018">
     <span class='ocr_line' id='line_1_20' title="bbox 265 1942 1878 2018; baseline 0.002 -22"><span class='ocrx_word' id='word_1_137' title='bbox 265 1942 578 2010; x_wconf 76' lang='grc' dir='ltr'><strong>ἀναγκάζει</strong></span> <span class='ocrx_word' id='word_1_138' title='bbox 626 1943 967 2013; x_wconf 76' lang='grc' dir='ltr'>ὁμολογῆσαι</span> <span class='ocrx_word' id='word_1_139' title='bbox 995 1942 1097 2015; x_wconf 81' lang='grc' dir='ltr'>τὴν</span> <span class='ocrx_word' id='word_1_140' title='bbox 1156 1945 1378 2010; x_wconf 81' lang='grc' dir='ltr'>σπάνιν,</span> <span class='ocrx_word' id='word_1_141' title='bbox 1416 1945 1506 1999; x_wconf 75' lang='grc' dir='ltr'><strong>ἵνα</strong></span> <span class='ocrx_word' id='word_1_142' title='bbox 1548 1945 1878 2018; x_wconf 71' lang='grc' dir='ltr'>ἀκριϐέστεο</span> 
     </span>
    </p>
   </div>
   <div class='ocr_carea' id='block_1_21' title="bbox 271 2032 1881 2109">
    <p class='ocr_par' dir='ltr' id='par_1_21' title="bbox 271 2032 1881 2109">
     <span class='ocr_line' id='line_1_21' title="bbox 271 2032 1881 2109; baseline 0.003 -23"><span class='ocrx_word' id='word_1_143' title='bbox 271 2051 372 2104; x_wconf 88' lang='grc' dir='ltr'><strong>ρον</strong></span> <span class='ocrx_word' id='word_1_144' title='bbox 403 2032 701 2106; x_wconf 74' lang='grc' dir='ltr'><strong>καταμάθῃ</strong></span> <span class='ocrx_word' id='word_1_145' title='bbox 726 2035 824 2088; x_wconf 88' lang='grc' dir='ltr'>τοῦ</span> <span class='ocrx_word' id='word_1_146' title='bbox 871 2034 1161 2106; x_wconf 81' lang='grc' dir='ltr'>μέλλοντος</span> <span class='ocrx_word' id='word_1_147' title='bbox 1198 2035 1450 2106; x_wconf 85' lang='grc' dir='ltr'>γίνεσθαι</span> <span class='ocrx_word' id='word_1_148' title='bbox 1499 2035 1784 2109; x_wconf 83' lang='grc' dir='ltr'><strong>θαύματος</strong></span> <span class='ocrx_word' id='word_1_149' title='bbox 1817 2037 1881 2093; x_wconf 81' lang='grc' dir='ltr'><strong>τὸ</strong></span> 
     </span>
    </p>
   </div>
   <div class='ocr_carea' id='block_1_22' title="bbox 269 2127 1879 2206">
    <p class='ocr_par' dir='ltr' id='par_1_22' title="bbox 269 2127 1879 2206">
     <span class='ocr_line' id='line_1_22' title="bbox 269 2127 1879 2206; baseline 0.004 -26"><span class='ocrx_word' id='word_1_150' title='bbox 269 2127 528 2199; x_wconf 72' lang='grc' dir='ltr'>μέγεθος,</span> <span class='ocrx_word' id='word_1_151' title='bbox 557 2131 653 2184; x_wconf 72' lang='grc' dir='ltr'><strong>καὶ</strong></span> <span class='ocrx_word' id='word_1_152' title='bbox 686 2129 762 2202; x_wconf 79' lang='grc' dir='ltr'>μὴ</span> <span class='ocrx_word' id='word_1_153' title='bbox 799 2130 1008 2203; x_wconf 82' lang='grc' dir='ltr'>δυνηθῇ</span> <span class='ocrx_word' id='word_1_154' title='bbox 1051 2130 1241 2184; x_wconf 78' lang='grc' dir='ltr'>λοιπὸν</span> <span class='ocrx_word' id='word_1_155' title='bbox 1276 2131 1536 2186; x_wconf 62' lang='grc' dir='ltr'>ἐκϐαλεῖν</span> <span class='ocrx_word' id='word_1_156' title='bbox 1564 2131 1666 2206; x_wconf 78' lang='grc' dir='ltr'>τὴν</span> <span class='ocrx_word' id='word_1_157' title='bbox 1732 2134 1879 2206; x_wconf 84' lang='grc' dir='ltr'>μνή-</span> 
     </span>
    </p>
   </div>
   <div class='ocr_carea' id='block_1_23' title="bbox 267 2223 1879 2298">
    <p class='ocr_par' dir='ltr' id='par_1_23' title="bbox 267 2223 1879 2298">
     <span class='ocr_line' id='line_1_23' title="bbox 267 2223 1879 2298; baseline 0.004 -24"><span class='ocrx_word' id='word_1_158' title='bbox 267 2239 384 2293; x_wconf 86' lang='grc' dir='ltr'><strong>μην</strong></span> <span class='ocrx_word' id='word_1_159' title='bbox 416 2223 528 2276; x_wconf 86' lang='grc' dir='ltr'>τῶν</span> <span class='ocrx_word' id='word_1_160' title='bbox 566 2223 1038 2295; x_wconf 82' lang='grc' dir='ltr'>ὁμολογηθέντων.</span> <span class='ocrx_word' id='word_1_161' title='bbox 1073 2226 1175 2279; x_wconf 83' lang='grc' dir='ltr'><strong>Διά</strong></span> <span class='ocrx_word' id='word_1_162' title='bbox 1217 2225 1378 2281; x_wconf 83' lang='grc' dir='ltr'>τοῦτό</span> <span class='ocrx_word' id='word_1_163' title='bbox 1425 2244 1560 2298; x_wconf 85' lang='grc' dir='ltr'>φησι</span> <span class='ocrx_word' id='word_1_164' title='bbox 1592 2243 1608 2258; x_wconf 74' lang='grc' dir='ltr'><strong><em>ο</em></strong></span> <span class='ocrx_word' id='word_1_165' title='bbox 1642 2245 1680 2284; x_wconf 84' lang='grc' dir='ltr'><strong>ι,</strong></span> <span class='ocrx_word' id='word_1_166' title='bbox 1704 2228 1879 2282; x_wconf 85' lang='grc' dir='ltr'>Πόθεν</span> 
     </span>
    </p>
   </div>
   <div class='ocr_carea' id='block_1_24' title="bbox 261 2314 1879 2392">
    <p class='ocr_par' dir='ltr' id='par_1_24' title="bbox 261 2314 1879 2392">
     <span class='ocr_line' id='line_1_24' title="bbox 261 2314 1879 2392; baseline 0.003 -21"><span class='ocrx_word' id='word_1_167' title='bbox 261 2317 622 2388; x_wconf 81' lang='grc' dir='ltr'>ἅγοράσομεν</span> <span class='ocrx_word' id='word_1_168' title='bbox 661 2318 888 2392; x_wconf 88' lang='grc' dir='ltr'>ἄρτους,</span> <span class='ocrx_word' id='word_1_169' title='bbox 926 2320 1014 2374; x_wconf 75' lang='grc' dir='ltr'>ἶνα</span> <span class='ocrx_word' id='word_1_170' title='bbox 1035 2319 1288 2390; x_wconf 84' lang='grc' dir='ltr'>φάγωσιν</span> <span class='ocrx_word' id='word_1_171' title='bbox 1312 2314 1494 2384; x_wconf 75' lang='grc' dir='ltr'>οὗτοι;</span> <span class='ocrx_word' id='word_1_172' title='bbox 1541 2340 1560 2374; x_wconf 73' lang='grc' dir='ltr'><strong>ι</strong></span> <span class='ocrx_word' id='word_1_173' title='bbox 1602 2321 1768 2390; x_wconf 81' lang='grc' dir='ltr'><strong>Λέγει</strong></span> <span class='ocrx_word' id='word_1_174' title='bbox 1820 2321 1879 2376; x_wconf 73' lang='grc' dir='ltr'>δὲ</span> 
     </span>
    </p>
   </div>
   <div class='ocr_carea' id='block_1_25' title="bbox 261 2410 1879 2483">
    <p class='ocr_par' dir='ltr' id='par_1_25' title="bbox 261 2410 1879 2483">
     <span class='ocr_line' id='line_1_25' title="bbox 261 2410 1879 2483; baseline 0.002 -18"><span class='ocrx_word' id='word_1_175' title='bbox 261 2410 444 2466; x_wconf 87' lang='grc' dir='ltr'>ταῦτα</span> <span class='ocrx_word' id='word_1_176' title='bbox 465 2413 744 2483; x_wconf 71' lang='grc' dir='ltr'>πειράζων</span> <span class='ocrx_word' id='word_1_177' title='bbox 763 2415 855 2467; x_wconf 79' lang='grc' dir='ltr'><strong>τὸν</strong></span> <span class='ocrx_word' id='word_1_178' title='bbox 877 2415 1167 2481; x_wconf 80' lang='grc' dir='ltr'>Φίλιππον,</span> <span class='ocrx_word' id='word_1_179' title='bbox 1199 2415 1479 2479; x_wconf 82' lang='grc' dir='ltr'><strong>τουτέστι,</strong></span> <span class='ocrx_word' id='word_1_180' title='bbox 1515 2413 1689 2469; x_wconf 79' lang='grc' dir='ltr'>θέλων</span> <span class='ocrx_word' id='word_1_181' title='bbox 1712 2416 1879 2469; x_wconf 81' lang='grc' dir='ltr'>αὑτὸν</span> 
     </span>
    </p>
   </div>
   <div class='ocr_carea' id='block_1_26' title="bbox 262 2500 1876 2578">
    <p class='ocr_par' dir='ltr' id='par_1_26' title="bbox 262 2500 1876 2578">
     <span class='ocr_line' id='line_1_26' title="bbox 262 2500 1876 2578; baseline 0.002 -23"><span class='ocrx_word' id='word_1_182' title='bbox 262 2500 550 2574; x_wconf 82' lang='grc' dir='ltr'>γνώριμον</span> <span class='ocrx_word' id='word_1_183' title='bbox 575 2504 950 2575; x_wconf 73' lang='grc' dir='ltr'>καταστῆσαι,</span> <span class='ocrx_word' id='word_1_184' title='bbox 982 2503 1108 2558; x_wconf 73' lang='grc' dir='ltr'>τίνα</span> <span class='ocrx_word' id='word_1_185' title='bbox 1155 2505 1340 2559; x_wconf 89' lang='grc' dir='ltr'>πίστιν</span> <span class='ocrx_word' id='word_1_186' title='bbox 1370 2505 1506 2576; x_wconf 75' lang='grc' dir='ltr'>ἔχει.</span> <span class='ocrx_word' id='word_1_187' title='bbox 1535 2506 1612 2560; x_wconf 83' lang='grc' dir='ltr'><strong>Οὐ</strong></span> <span class='ocrx_word' id='word_1_188' title='bbox 1643 2506 1754 2578; x_wconf 77' lang='grc' dir='ltr'><strong>γὰρ</strong></span> <span class='ocrx_word' id='word_1_189' title='bbox 1811 2507 1876 2577; x_wconf 82' lang='grc' dir='ltr'>δὴ</span> 
     </span>
    </p>
   </div>
   <div class='ocr_carea' id='block_1_27' title="bbox 260 2582 1878 2670">
    <p class='ocr_par' dir='ltr' id='par_1_27' title="bbox 260 2582 1878 2670">
     <span class='ocr_line' id='line_1_27' title="bbox 260 2582 1878 2670; baseline 0.004 -23"><span class='ocrx_word' id='word_1_190' title='bbox 260 2592 342 2658; x_wconf 79' lang='grc' dir='ltr'>ὡς</span> <span class='ocrx_word' id='word_1_191' title='bbox 371 2594 587 2662; x_wconf 78' lang='grc' dir='ltr'>ἀγνοῶν</span> <span class='ocrx_word' id='word_1_192' title='bbox 623 2595 789 2660; x_wconf 79' lang='grc' dir='ltr'>αὐτὸς</span> <span class='ocrx_word' id='word_1_193' title='bbox 813 2595 913 2667; x_wconf 84' lang='grc' dir='ltr'>τὴν</span> <span class='ocrx_word' id='word_1_194' title='bbox 944 2598 1038 2650; x_wconf 90' lang='grc' dir='ltr'><strong>τοῦ</strong></span> <span class='ocrx_word' id='word_1_195' title='bbox 1095 2597 1371 2652; x_wconf 79' lang='grc' dir='ltr'>Φιλίππου</span> <span class='ocrx_word' id='word_1_196' title='bbox 1406 2582 1661 2670; x_wconf 70' lang='grc' dir='ltr'>γνῶμην,</span> <span class='ocrx_word' id='word_1_197' title='bbox 1692 2600 1878 2670; x_wconf 73' lang='grc' dir='ltr'>ἐμυτᾷ</span> 
     </span>
    </p>
   </div>
   <div class='ocr_carea' id='block_1_28' title="bbox 261 2686 1879 2757">
    <p class='ocr_par' dir='ltr' id='par_1_28' title="bbox 261 2686 1879 2757">
     <span class='ocr_line' id='line_1_28' title="bbox 261 2686 1879 2757; baseline 0.004 -18"><span class='ocrx_word' id='word_1_198' title='bbox 261 2687 435 2740; x_wconf 75' lang='grc' dir='ltr'>αὐτὸν</span> <span class='ocrx_word' id='word_1_199' title='bbox 454 2728 470 2753; x_wconf 90' lang='grc'><strong>,</strong></span> <span class='ocrx_word' id='word_1_200' title='bbox 495 2686 632 2742; x_wconf 80' lang='grc' dir='ltr'>ἀλλὰ</span> <span class='ocrx_word' id='word_1_201' title='bbox 663 2689 778 2751; x_wconf 78' lang='grc' dir='ltr'>τοῖς</span> <span class='ocrx_word' id='word_1_202' title='bbox 810 2687 991 2753; x_wconf 80' lang='grc' dir='ltr'>ἄλλοις</span> <span class='ocrx_word' id='word_1_203' title='bbox 1021 2688 1191 2745; x_wconf 82' lang='grc' dir='ltr'>θέλων</span> <span class='ocrx_word' id='word_1_204' title='bbox 1220 2690 1394 2757; x_wconf 82' lang='grc' dir='ltr'>δεῖξαι</span> <span class='ocrx_word' id='word_1_205' title='bbox 1416 2691 1602 2746; x_wconf 83' lang='grc' dir='ltr'>αὐτόν.</span> <span class='ocrx_word' id='word_1_206' title='bbox 1655 2711 1673 2744; x_wconf 81' lang='grc' dir='ltr'><strong>ι</strong></span> <span class='ocrx_word' id='word_1_207' title='bbox 1701 2692 1879 2756; x_wconf 79' lang='grc' dir='ltr'>Αὐτὸς</span> 
     </span>
    </p>
   </div>
   <div class='ocr_carea' id='block_1_29' title="bbox 261 2777 1878 2852">
    <p class='ocr_par' dir='ltr' id='par_1_29' title="bbox 261 2777 1878 2852">
     <span class='ocr_line' id='line_1_29' title="bbox 261 2777 1878 2852; baseline 0.004 -21"><span class='ocrx_word' id='word_1_208' title='bbox 261 2777 421 2846; x_wconf 74' lang='grc' dir='ltr'>γὰρὸ</span> <span class='ocrx_word' id='word_1_209' title='bbox 449 2779 676 2851; x_wconf 81' lang='grc' dir='ltr'>Κύριος,</span> <span class='ocrx_word' id='word_1_210' title='bbox 706 2780 824 2852; x_wconf 77' lang='grc' dir='ltr'>ᾔδει</span> <span class='ocrx_word' id='word_1_211' title='bbox 851 2780 904 2834; x_wconf 91' lang='grc' dir='ltr'><strong>τί</strong></span> <span class='ocrx_word' id='word_1_212' title='bbox 933 2780 1130 2850; x_wconf 79' lang='grc' dir='ltr'>ἔμελλε</span> <span class='ocrx_word' id='word_1_213' title='bbox 1158 2783 1357 2838; x_wconf 85' lang='grc' dir='ltr'>ποιεῖν.</span> <span class='ocrx_word' id='word_1_214' title='bbox 1390 2802 1408 2836; x_wconf 79' lang='grc' dir='ltr'><strong>ι</strong></span> <span class='ocrx_word' id='word_1_215' title='bbox 1439 2783 1542 2837; x_wconf 85' lang='grc' dir='ltr'><strong>Τδν</strong></span> <span class='ocrx_word' id='word_1_216' title='bbox 1563 2783 1658 2838; x_wconf 81' lang='grc' dir='ltr'><strong>οῦν</strong></span> <span class='ocrx_word' id='word_1_217' title='bbox 1687 2784 1878 2838; x_wconf 76' lang='grc' dir='ltr'>Φίλιπ-</span> 
     </span>
    </p>
   </div>
   <div class='ocr_carea' id='block_1_30' title="bbox 263 2872 1877 2945">
    <p class='ocr_par' dir='ltr' id='par_1_30' title="bbox 263 2872 1877 2945">
     <span class='ocr_line' id='line_1_30' title="bbox 263 2872 1877 2945; baseline 0.005 -23"><span class='ocrx_word' id='word_1_218' title='bbox 263 2887 370 2923; x_wconf 63' lang='grc' dir='ltr'>πον</span> <span class='ocrx_word' id='word_1_219' title='bbox 403 2875 674 2943; x_wconf 75' lang='grc' dir='ltr'><strong>πειράσας</strong></span> <span class='ocrx_word' id='word_1_220' title='bbox 694 2873 810 2941; x_wconf 79' lang='grc' dir='ltr'>εἴγε</span> <span class='ocrx_word' id='word_1_221' title='bbox 839 2874 1026 2926; x_wconf 87' lang='grc' dir='ltr'>πίστιν</span> <span class='ocrx_word' id='word_1_222' title='bbox 1058 2872 1196 2943; x_wconf 70' lang='grc' dir='ltr'>ἔχει,</span> <span class='ocrx_word' id='word_1_223' title='bbox 1228 2875 1324 2928; x_wconf 61' lang='grc' dir='ltr'><strong>καὶ⁵</strong></span> <span class='ocrx_word' id='word_1_224' title='bbox 1356 2874 1536 2945; x_wconf 78' lang='grc' dir='ltr'>εὑρὼν</span> <span class='ocrx_word' id='word_1_225' title='bbox 1572 2875 1738 2930; x_wconf 79' lang='grc' dir='ltr'>αὐτὸν</span> <span class='ocrx_word' id='word_1_226' title='bbox 1775 2877 1877 2930; x_wconf 78' lang='grc' dir='ltr'><strong>ἀν-</strong></span> 
     </span>
    </p>
   </div>
   <div class='ocr_carea' id='block_1_31' title="bbox 261 2962 1877 3040">
    <p class='ocr_par' dir='ltr' id='par_1_31' title="bbox 261 2962 1877 3040">
     <span class='ocr_line' id='line_1_31' title="bbox 261 2962 1877 3040; baseline 0.003 -21"><span class='ocrx_word' id='word_1_227' title='bbox 261 2966 562 3037; x_wconf 70' lang='grc' dir='ltr'>θρωπίνως</span> <span class='ocrx_word' id='word_1_228' title='bbox 595 2965 676 3018; x_wconf 78' lang='grc' dir='ltr'><strong>ἔτι</strong></span> <span class='ocrx_word' id='word_1_229' title='bbox 696 2965 1062 3036; x_wconf 74' lang='grc' dir='ltr'>διακείμενον,</span> <span class='ocrx_word' id='word_1_230' title='bbox 1089 2968 1179 3020; x_wconf 77' lang='grc' dir='ltr'><strong>ναὶ</strong></span> <span class='ocrx_word' id='word_1_231' title='bbox 1213 2971 1322 3037; x_wconf 77' lang='grc' dir='ltr'>μὴν</span> <span class='ocrx_word' id='word_1_232' title='bbox 1349 2970 1446 3021; x_wconf 76' lang='grc' dir='ltr'>καὶ</span> <span class='ocrx_word' id='word_1_233' title='bbox 1475 2962 1569 3022; x_wconf 72' lang='grc' dir='ltr'><strong>τδῦ</strong></span> <span class='ocrx_word' id='word_1_234' title='bbox 1615 2967 1877 3040; x_wconf 79' lang='grc' dir='ltr'>’Δνδρέαν</span> 
     </span>
    </p>
   </div>
   <div class='ocr_carea' id='block_1_32' title="bbox 263 3058 1877 3132">
    <p class='ocr_par' dir='ltr' id='par_1_32' title="bbox 263 3058 1877 3132">
     <span class='ocr_line' id='line_1_32' title="bbox 263 3058 1877 3132; baseline 0.002 -22"><span class='ocrx_word' id='word_1_235' title='bbox 263 3058 519 3128; x_wconf 77' lang='grc' dir='ltr'>εὑρίσκει</span> <span class='ocrx_word' id='word_1_236' title='bbox 540 3059 806 3113; x_wconf 78' lang='grc' dir='ltr'>τοιοῦτον.</span> <span class='ocrx_word' id='word_1_237' title='bbox 842 3059 904 3112; x_wconf 83' lang='grc' dir='ltr'>Εἰ</span> <span class='ocrx_word' id='word_1_238' title='bbox 944 3061 1053 3128; x_wconf 73' lang='grc' dir='ltr'><strong>γὰρ</strong></span> <span class='ocrx_word' id='word_1_239' title='bbox 1087 3061 1182 3114; x_wconf 80' lang='grc' dir='ltr'>καὶ</span> <span class='ocrx_word' id='word_1_240' title='bbox 1205 3059 1546 3132; x_wconf 71' lang='grc' dir='ltr'>ὑψηλότερόν</span> <span class='ocrx_word' id='word_1_241' title='bbox 1576 3080 1630 3114; x_wconf 89' lang='grc' dir='ltr'><strong>τι</strong></span> <span class='ocrx_word' id='word_1_242' title='bbox 1652 3063 1748 3116; x_wconf 91' lang='grc' dir='ltr'><strong>τοῦ</strong></span> <span class='ocrx_word' id='word_1_243' title='bbox 1778 3063 1877 3114; x_wconf 83' lang='grc' dir='ltr'><strong>Φι-</strong></span> 
     </span>
    </p>
   </div>
   <div class='ocr_carea' id='block_1_33' title="bbox 264 3148 1878 3221">
    <p class='ocr_par' dir='ltr' id='par_1_33' title="bbox 264 3148 1878 3221">
     <span class='ocr_line' id='line_1_33' title="bbox 264 3148 1878 3221; baseline 0.002 -19"><span class='ocrx_word' id='word_1_244' title='bbox 264 3150 476 3202; x_wconf 86' lang='grc' dir='ltr'>λίππου</span> <span class='ocrx_word' id='word_1_245' title='bbox 505 3148 822 3220; x_wconf 70' lang='grc' dir='ltr'>ὲφαντὰσθη</span> <span class='ocrx_word' id='word_1_246' title='bbox 865 3150 1100 3220; x_wconf 79' lang='grc' dir='ltr'>(ἐκείνου</span> <span class='ocrx_word' id='word_1_247' title='bbox 1128 3150 1240 3221; x_wconf 75' lang='grc' dir='ltr'>γὰρ</span> <span class='ocrx_word' id='word_1_248' title='bbox 1270 3151 1541 3216; x_wconf 73' lang='grc' dir='ltr'>εἰπόντος,</span> <span class='ocrx_word' id='word_1_249' title='bbox 1571 3151 1654 3203; x_wconf 83' lang='grc' dir='ltr'>ὅτι</span> <span class='ocrx_word' id='word_1_250' title='bbox 1691 3170 1709 3202; x_wconf 82' lang='grc' dir='ltr'><strong>ι</strong></span> <span class='ocrx_word' id='word_1_251' title='bbox 1749 3153 1878 3205; x_wconf 87' lang='grc' dir='ltr'>Δια-</span> 
     </span>
    </p>
   </div>
   <div class='ocr_carea' id='block_1_34' title="bbox 259 3241 1874 3326">
    <p class='ocr_par' dir='ltr' id='par_1_34' title="bbox 259 3241 1874 3326">
     <span class='ocr_line' id='line_1_34' title="bbox 259 3241 1874 3326; baseline 0.002 -30"><span class='ocrx_word' id='word_1_252' title='bbox 259 3241 469 3296; x_wconf 57' lang='grc' dir='ltr'>κνσίων</span> <span class='ocrx_word' id='word_1_253' title='bbox 499 3241 773 3326; x_wconf 75' lang='grc' dir='ltr'>δηναρίων</span> <span class='ocrx_word' id='word_1_254' title='bbox 806 3244 963 3314; x_wconf 84' lang='grc' dir='ltr'>ἄρτοι</span> <span class='ocrx_word' id='word_1_255' title='bbox 983 3244 1085 3298; x_wconf 84' lang='grc' dir='ltr'><strong>οὐκ</strong></span> <span class='ocrx_word' id='word_1_256' title='bbox 1116 3245 1406 3316; x_wconf 84' lang='grc' dir='ltr'>ἀρκοῦσιν,</span> <span class='ocrx_word' id='word_1_257' title='bbox 1447 3264 1465 3297; x_wconf 73' lang='grc' dir='ltr'><strong>ι</strong></span> <span class='ocrx_word' id='word_1_258' title='bbox 1503 3246 1669 3309; x_wconf 82' lang='grc' dir='ltr'>αὐτὸς</span> <span class='ocrx_word' id='word_1_259' title='bbox 1705 3246 1874 3300; x_wconf 80' lang='grc' dir='ltr'>πέντε</span> 
     </span>
    </p>
   </div>
   <div class='ocr_carea' id='block_1_35' title="bbox 1989 717 3620 792">
    <p class='ocr_par' dir='ltr' id='par_1_35' title="bbox 1989 717 3620 792">
     <span class='ocr_line' id='line_1_35' title="bbox 1989 717 3620 792; baseline 0.001 -15"><span class='ocrx_word' id='word_1_260' title='bbox 1989 721 2180 777; x_wconf 89' lang='lat' dir='ltr'><strong>oculos</strong></span> <span class='ocrx_word' id='word_1_261' title='bbox 2225 736 2355 777; x_wconf 86' lang='lat' dir='ltr'><strong>suos</strong></span> <span class='ocrx_word' id='word_1_262' title='bbox 2392 721 2417 776; x_wconf 74' lang='grc' dir='ltr'><strong>ῖ</strong></span> <span class='ocrx_word' id='word_1_263' title='bbox 2449 739 2468 772; x_wconf 76' lang='grc' dir='ltr'><strong>ι</strong></span> <span class='ocrx_word' id='word_1_264' title='bbox 2495 717 2564 775; x_wconf 89' lang='lat' dir='ltr'><strong>Ut</strong></span> <span class='ocrx_word' id='word_1_265' title='bbox 2601 720 2881 775; x_wconf 83' lang='lat' dir='ltr'><strong>discamus</strong></span> <span class='ocrx_word' id='word_1_266' title='bbox 2928 719 3074 792; x_wconf 89' lang='lat' dir='ltr'><strong>quod</strong></span> <span class='ocrx_word' id='word_1_267' title='bbox 3130 735 3240 774; x_wconf 93' lang='lat' dir='ltr'><strong>non</strong></span> <span class='ocrx_word' id='word_1_268' title='bbox 3292 719 3491 778; x_wconf 81' lang='lat' dir='ltr'><strong>solitus</strong></span> <span class='ocrx_word' id='word_1_269' title='bbox 3542 720 3620 778; x_wconf 85' lang='lat' dir='ltr'><strong>sit</strong></span> 
     </span>
    </p>
   </div>
   <div class='ocr_carea' id='block_1_36' title="bbox 1990 811 3608 885">
    <p class='ocr_par' dir='ltr' id='par_1_36' title="bbox 1990 811 3608 885">
     <span class='ocr_line' id='line_1_36' title="bbox 1990 811 3608 885; baseline -0.001 -15"><span class='ocrx_word' id='word_1_270' title='bbox 1990 815 2121 871; x_wconf 91' lang='lat' dir='ltr'><strong>hinc</strong></span> <span class='ocrx_word' id='word_1_271' title='bbox 2147 826 2203 869; x_wconf 90' lang='lat' dir='ltr'><strong>et</strong></span> <span class='ocrx_word' id='word_1_272' title='bbox 2231 814 2360 870; x_wconf 91' lang='lat' dir='ltr'><strong>inde</strong></span> <span class='ocrx_word' id='word_1_273' title='bbox 2391 814 2576 885; x_wconf 77' lang='lat' dir='ltr'><strong>vagari</strong></span> <span class='ocrx_word' id='word_1_274' title='bbox 2615 813 2811 876; x_wconf 88' lang='lat' dir='ltr'><strong>oculis,</strong></span> <span class='ocrx_word' id='word_1_275' title='bbox 2836 814 2932 868; x_wconf 88' lang='lat' dir='ltr'><strong>sed</strong></span> <span class='ocrx_word' id='word_1_276' title='bbox 2964 811 3306 883; x_wconf 86' lang='lat' dir='ltr'><strong>compositus</strong></span> <span class='ocrx_word' id='word_1_277' title='bbox 3333 823 3388 868; x_wconf 89' lang='lat' dir='ltr'><strong>et</strong></span> <span class='ocrx_word' id='word_1_278' title='bbox 3417 821 3608 869; x_wconf 86' lang='lat' dir='ltr'><strong>atten-</strong></span> 
     </span>
    </p>
   </div>
   <div class='ocr_carea' id='block_1_37' title="bbox 1990 904 3607 977">
    <p class='ocr_par' dir='ltr' id='par_1_37' title="bbox 1990 904 3607 977">
     <span class='ocr_line' id='line_1_37' title="bbox 1990 904 3607 977; baseline -0.002 -14"><span class='ocrx_word' id='word_1_279' title='bbox 1990 918 2078 964; x_wconf 90' lang='lat' dir='ltr'><strong>tus</strong></span> <span class='ocrx_word' id='word_1_280' title='bbox 2106 908 2326 972; x_wconf 88' lang='lat' dir='ltr'><strong>sedere,</strong></span> <span class='ocrx_word' id='word_1_281' title='bbox 2356 919 2546 977; x_wconf 80' lang='lat' dir='ltr'><strong>utpme</strong></span> <span class='ocrx_word' id='word_1_282' title='bbox 2576 906 2783 962; x_wconf 91' lang='lat' dir='ltr'><strong>docens</strong></span> <span class='ocrx_word' id='word_1_283' title='bbox 2815 905 3114 976; x_wconf 86' lang='lat' dir='ltr'><strong>discipulos</strong></span> <span class='ocrx_word' id='word_1_284' title='bbox 3145 904 3416 960; x_wconf 83' lang='lat' dir='ltr'><strong>diviniora</strong></span> <span class='ocrx_word' id='word_1_285' title='bbox 3451 921 3607 976; x_wconf 67' lang='lat' dir='ltr'><strong>quae-</strong></span> 
     </span>
    </p>
   </div>
   <div class='ocr_carea' id='block_1_38' title="bbox 1988 1001 3605 1073">
    <p class='ocr_par' dir='ltr' id='par_1_38' title="bbox 1988 1001 3605 1073">
     <span class='ocr_line' id='line_1_38' title="bbox 1988 1001 3605 1073; baseline -0.001 -14"><span class='ocrx_word' id='word_1_286' title='bbox 1988 1003 2136 1059; x_wconf 86' lang='lat' dir='ltr'><strong>dam.</strong></span> <span class='ocrx_word' id='word_1_287' title='bbox 2195 1003 2444 1073; x_wconf 83' lang='lat' dir='ltr'><strong>Denique</strong></span> <span class='ocrx_word' id='word_1_288' title='bbox 2497 1002 2721 1067; x_wconf 84' lang='lat' dir='ltr'><strong>sustulit</strong></span> <span class='ocrx_word' id='word_1_289' title='bbox 2776 1003 2969 1057; x_wconf 83' lang='lat' dir='ltr'><strong>oculos</strong></span> <span class='ocrx_word' id='word_1_290' title='bbox 2998 1009 3053 1056; x_wconf 89' lang='lat' dir='ltr'><strong>et</strong></span> <span class='ocrx_word' id='word_1_291' title='bbox 3111 1009 3266 1072; x_wconf 77' lang='lat' dir='ltr'><strong>rogat</strong></span> <span class='ocrx_word' id='word_1_292' title='bbox 3325 1001 3394 1058; x_wconf 91' lang='lat' dir='ltr'><strong>de</strong></span> <span class='ocrx_word' id='word_1_293' title='bbox 3443 1001 3605 1058; x_wconf 85' lang='lat' dir='ltr'><strong>turba</strong></span> 
     </span>
    </p>
   </div>
   <div class='ocr_carea' id='block_1_39' title="bbox 1988 1092 3609 1168">
    <p class='ocr_par' dir='ltr' id='par_1_39' title="bbox 1988 1092 3609 1168">
     <span class='ocr_line' id='line_1_39' title="bbox 1988 1092 3609 1168; baseline -0.002 -16"><span class='ocrx_word' id='word_1_294' title='bbox 1988 1099 2261 1168; x_wconf 86' lang='lat' dir='ltr'><strong>quomodo</strong></span> <span class='ocrx_word' id='word_1_295' title='bbox 2308 1096 2503 1151; x_wconf 77' lang='lat' dir='ltr'><strong>alenda</strong></span> <span class='ocrx_word' id='word_1_296' title='bbox 2538 1097 2631 1152; x_wconf 87' lang='lat' dir='ltr'><strong>sit.</strong></span> <span class='ocrx_word' id='word_1_297' title='bbox 2681 1093 2798 1150; x_wconf 82' lang='lat' dir='ltr'><strong>Non</strong></span> <span class='ocrx_word' id='word_1_298' title='bbox 2848 1093 3014 1148; x_wconf 88' lang='lat' dir='ltr'><strong>alium</strong></span> <span class='ocrx_word' id='word_1_299' title='bbox 3063 1105 3248 1148; x_wconf 89' lang='lat' dir='ltr'><strong>autem</strong></span> <span class='ocrx_word' id='word_1_300' title='bbox 3301 1092 3609 1166; x_wconf 77' lang='lat' dir='ltr'><strong>interrogat</strong></span> 
     </span>
    </p>
   </div>
   <div class='ocr_carea' id='block_1_40' title="bbox 1987 1186 3609 1262">
    <p class='ocr_par' dir='ltr' id='par_1_40' title="bbox 1987 1186 3609 1262">
     <span class='ocr_line' id='line_1_40' title="bbox 1987 1186 3609 1262; baseline -0.001 -18"><span class='ocrx_word' id='word_1_301' title='bbox 1987 1206 2152 1262; x_wconf 87' lang='lat' dir='ltr'><strong>quam</strong></span> <span class='ocrx_word' id='word_1_302' title='bbox 2183 1190 2518 1262; x_wconf 81' lang='lat' dir='ltr'><strong>Philippum.</strong></span> <span class='ocrx_word' id='word_1_303' title='bbox 2545 1187 2668 1259; x_wconf 83' lang='lat' dir='ltr'><strong>ipse</strong></span> <span class='ocrx_word' id='word_1_304' title='bbox 2696 1188 2844 1243; x_wconf 88' lang='lat' dir='ltr'><strong>enim</strong></span> <span class='ocrx_word' id='word_1_305' title='bbox 2882 1186 3074 1256; x_wconf 75' lang='lat' dir='ltr'><strong>majori</strong></span> <span class='ocrx_word' id='word_1_306' title='bbox 3112 1187 3391 1256; x_wconf 76' lang='lat' dir='ltr'><strong>indigebat</strong></span> <span class='ocrx_word' id='word_1_307' title='bbox 3419 1187 3609 1244; x_wconf 87' lang='lat' dir='ltr'><strong>erudi-</strong></span> 
     </span>
    </p>
   </div>
   <div class='ocr_carea' id='block_1_41' title="bbox 1991 1276 3605 1353">
    <p class='ocr_par' dir='ltr' id='par_1_41' title="bbox 1991 1276 3605 1353">
     <span class='ocr_line' id='line_1_41' title="bbox 1991 1276 3605 1353; baseline -0.002 -15"><span class='ocrx_word' id='word_1_308' title='bbox 1991 1283 2162 1347; x_wconf 89' lang='lat' dir='ltr'><strong>tione,</strong></span> <span class='ocrx_word' id='word_1_309' title='bbox 2188 1284 2282 1351; x_wconf 86' lang='lat' dir='ltr'><strong>qui</strong></span> <span class='ocrx_word' id='word_1_310' title='bbox 2317 1291 2504 1353; x_wconf 86' lang='lat' dir='ltr'><strong>postea</strong></span> <span class='ocrx_word' id='word_1_311' title='bbox 2543 1281 2761 1337; x_wconf 91' lang='lat' dir='ltr'><strong>dicebat</strong></span> <span class='ocrx_word' id='word_1_312' title='bbox 2791 1292 2806 1340; x_wconf 86' lang='lat'><strong>:</strong></span> <span class='ocrx_word' id='word_1_313' title='bbox 2843 1297 2862 1330; x_wconf 86' lang='grc' dir='ltr'><strong>ι</strong></span> <span class='ocrx_word' id='word_1_314' title='bbox 2898 1276 3142 1335; x_wconf 80' lang='lat' dir='ltr'><strong>Ostende</strong></span> <span class='ocrx_word' id='word_1_315' title='bbox 3170 1279 3332 1333; x_wconf 89' lang='lat' dir='ltr'><strong>nobis</strong></span> <span class='ocrx_word' id='word_1_316' title='bbox 3359 1276 3605 1346; x_wconf 80' lang='lat' dir='ltr'><strong>Patrem,</strong></span> 
     </span>
    </p>
   </div>
   <div class='ocr_carea' id='block_1_42' title="bbox 1986 1371 3609 1444">
    <p class='ocr_par' dir='ltr' id='par_1_42' title="bbox 1986 1371 3609 1444">
     <span class='ocr_line' id='line_1_42' title="bbox 1986 1371 3609 1444; baseline -0.002 -12"><span class='ocrx_word' id='word_1_317' title='bbox 1986 1392 2052 1432; x_wconf 89' lang='lat' dir='ltr'><strong>ac</strong></span> <span class='ocrx_word' id='word_1_318' title='bbox 2091 1375 2290 1432; x_wconf 86' lang='lat' dir='ltr'><strong>sntlicit</strong></span> <span class='ocrx_word' id='word_1_319' title='bbox 2337 1376 2498 1431; x_wconf 88' lang='lat' dir='ltr'><strong>nobis</strong></span> <span class='ocrx_word' id='word_1_320' title='bbox 2517 1374 2586 1431; x_wconf 82' lang='grc'><strong>³⁸.</strong></span> <span class='ocrx_word' id='word_1_321' title='bbox 2620 1394 2638 1428; x_wconf 75' lang='grc' dir='ltr'><strong>ι</strong></span> <span class='ocrx_word' id='word_1_322' title='bbox 2671 1376 2737 1428; x_wconf 87' lang='grc' dir='ltr'>Ει</span> <span class='ocrx_word' id='word_1_323' title='bbox 2775 1385 3063 1444; x_wconf 80' lang='lat' dir='ltr'><strong>preptcrea</strong></span> <span class='ocrx_word' id='word_1_324' title='bbox 3113 1383 3277 1428; x_wconf 81' lang='lat' dir='ltr'><strong>antea</strong></span> <span class='ocrx_word' id='word_1_325' title='bbox 3309 1371 3459 1428; x_wconf 89' lang='lat' dir='ltr'><strong>illum</strong></span> <span class='ocrx_word' id='word_1_326' title='bbox 3496 1373 3609 1428; x_wconf 87' lang='lat' dir='ltr'><strong>ins-</strong></span> 
     </span>
    </p>
   </div>
   <div class='ocr_carea' id='block_1_43' title="bbox 1990 1467 3609 1541">
    <p class='ocr_par' dir='ltr' id='par_1_43' title="bbox 1990 1467 3609 1541">
     <span class='ocr_line' id='line_1_43' title="bbox 1990 1467 3609 1541; baseline -0.004 -15"><span class='ocrx_word' id='word_1_327' title='bbox 1990 1471 2142 1536; x_wconf 89' lang='lat' dir='ltr'><strong>truit,</strong></span> <span class='ocrx_word' id='word_1_328' title='bbox 2172 1482 2229 1526; x_wconf 88' lang='lat' dir='ltr'><strong>et</strong></span> <span class='ocrx_word' id='word_1_329' title='bbox 2257 1485 2360 1541; x_wconf 89' lang='lat' dir='ltr'><strong>per</strong></span> <span class='ocrx_word' id='word_1_330' title='bbox 2383 1469 2872 1540; x_wconf 82' lang='lat' dir='ltr'><strong>interrogationem</strong></span> <span class='ocrx_word' id='word_1_331' title='bbox 2919 1467 3130 1522; x_wconf 88' lang='lat' dir='ltr'><strong>inducit</strong></span> <span class='ocrx_word' id='word_1_332' title='bbox 3172 1481 3325 1532; x_wconf 88' lang='lat' dir='ltr'><strong>eum,</strong></span> <span class='ocrx_word' id='word_1_333' title='bbox 3348 1474 3410 1520; x_wconf 93' lang='lat' dir='ltr'><strong>ut</strong></span> <span class='ocrx_word' id='word_1_334' title='bbox 3438 1468 3609 1521; x_wconf 80' lang='lat' dir='ltr'><strong>mira-</strong></span> 
     </span>
    </p>
   </div>
   <div class='ocr_carea' id='block_1_44' title="bbox 1987 1559 3605 1632">
    <p class='ocr_par' dir='ltr' id='par_1_44' title="bbox 1987 1559 3605 1632">
     <span class='ocr_line' id='line_1_44' title="bbox 1987 1559 3605 1632; baseline -0.001 -14"><span class='ocrx_word' id='word_1_335' title='bbox 1987 1563 2097 1619; x_wconf 88' lang='lat' dir='ltr'><strong>culi</strong></span> <span class='ocrx_word' id='word_1_336' title='bbox 2133 1577 2353 1632; x_wconf 84' lang='lat' dir='ltr'><strong>semper</strong></span> <span class='ocrx_word' id='word_1_337' title='bbox 2381 1562 2457 1618; x_wconf 90' lang='lat' dir='ltr'><strong>sit</strong></span> <span class='ocrx_word' id='word_1_338' title='bbox 2488 1576 2722 1619; x_wconf 87' lang='lat' dir='ltr'><strong>memor.</strong></span> <span class='ocrx_word' id='word_1_339' title='bbox 2747 1559 2882 1615; x_wconf 82' lang='lat' dir='ltr'><strong>Nam</strong></span> <span class='ocrx_word' id='word_1_340' title='bbox 2933 1560 2981 1616; x_wconf 89' lang='lat' dir='ltr'><strong>si</strong></span> <span class='ocrx_word' id='word_1_341' title='bbox 3017 1559 3239 1632; x_wconf 87' lang='lat' dir='ltr'><strong>quidem</strong></span> <span class='ocrx_word' id='word_1_342' title='bbox 3275 1559 3605 1616; x_wconf 85' lang='lat' dir='ltr'><strong>miraculum</strong></span> 
     </span>
    </p>
   </div>
   <div class='ocr_carea' id='block_1_45' title="bbox 1985 1653 3602 1727">
    <p class='ocr_par' dir='ltr' id='par_1_45' title="bbox 1985 1653 3602 1727">
     <span class='ocr_line' id='line_1_45' title="bbox 1985 1653 3602 1727; baseline -0.002 -15"><span class='ocrx_word' id='word_1_343' title='bbox 1985 1655 2314 1727; x_wconf 86' lang='lat' dir='ltr'><strong>simpliciter</strong></span> <span class='ocrx_word' id='word_1_344' title='bbox 2383 1653 2581 1710; x_wconf 80' lang='lat' dir='ltr'><strong>fuisset</strong></span> <span class='ocrx_word' id='word_1_345' title='bbox 2619 1653 2850 1716; x_wconf 77' lang='lat' dir='ltr'><strong>factum.</strong></span> <span class='ocrx_word' id='word_1_346' title='bbox 2895 1668 3004 1708; x_wconf 90' lang='lat' dir='ltr'><strong>non</strong></span> <span class='ocrx_word' id='word_1_347' title='bbox 3037 1668 3216 1723; x_wconf 89' lang='lat' dir='ltr'><strong>usque</strong></span> <span class='ocrx_word' id='word_1_348' title='bbox 3265 1653 3402 1709; x_wconf 89' lang='lat' dir='ltr'><strong>adeo</strong></span> <span class='ocrx_word' id='word_1_349' title='bbox 3422 1653 3602 1710; x_wconf 83' lang='lat' dir='ltr'><strong>visum</strong></span> 
     </span>
    </p>
   </div>
   <div class='ocr_carea' id='block_1_46' title="bbox 1987 1747 3602 1819">
    <p class='ocr_par' dir='ltr' id='par_1_46' title="bbox 1987 1747 3602 1819">
     <span class='ocr_line' id='line_1_46' title="bbox 1987 1747 3602 1819; baseline -0.001 -13"><span class='ocrx_word' id='word_1_350' title='bbox 1987 1749 2188 1806; x_wconf 78' lang='lat' dir='ltr'><strong>fuisset</strong></span> <span class='ocrx_word' id='word_1_351' title='bbox 2251 1749 2334 1805; x_wconf 91' lang='lat' dir='ltr'><strong>illi</strong></span> <span class='ocrx_word' id='word_1_352' title='bbox 2396 1748 2723 1804; x_wconf 82' lang='lat' dir='ltr'><strong>miraculum</strong></span> <span class='ocrx_word' id='word_1_353' title='bbox 2775 1764 2790 1802; x_wconf 88' lang='lat'><strong>:</strong></span> <span class='ocrx_word' id='word_1_354' title='bbox 2843 1763 2991 1803; x_wconf 92' lang='lat' dir='ltr'><strong>nunc</strong></span> <span class='ocrx_word' id='word_1_355' title='bbox 3044 1758 3227 1804; x_wconf 89' lang='lat' dir='ltr'><strong>autem</strong></span> <span class='ocrx_word' id='word_1_356' title='bbox 3276 1747 3602 1819; x_wconf 88' lang='lat' dir='ltr'><strong>priusquam</strong></span> 
     </span>
    </p>
   </div>
   <div class='ocr_carea' id='block_1_47' title="bbox 1989 1840 3604 1914">
    <p class='ocr_par' dir='ltr' id='par_1_47' title="bbox 1989 1840 3604 1914">
     <span class='ocr_line' id='line_1_47' title="bbox 1989 1840 3604 1914; baseline -0.004 -12"><span class='ocrx_word' id='word_1_357' title='bbox 1989 1847 2170 1910; x_wconf 75' lang='lat' dir='ltr'><strong>fieret,</strong></span> <span class='ocrx_word' id='word_1_358' title='bbox 2197 1845 2350 1900; x_wconf 91' lang='lat' dir='ltr'><strong>illum</strong></span> <span class='ocrx_word' id='word_1_359' title='bbox 2381 1841 2663 1914; x_wconf 85' lang='lat' dir='ltr'><strong>compellit</strong></span> <span class='ocrx_word' id='word_1_360' title='bbox 2702 1840 2865 1896; x_wconf 85' lang='lat' dir='ltr'><strong>t‘ateri</strong></span> <span class='ocrx_word' id='word_1_361' title='bbox 2918 1840 3256 1913; x_wconf 85' lang='lat' dir='ltr'><strong>paucitatem</strong></span> <span class='ocrx_word' id='word_1_362' title='bbox 3293 1856 3518 1910; x_wconf 87' lang='lat' dir='ltr'><strong>panum,</strong></span> <span class='ocrx_word' id='word_1_363' title='bbox 3543 1852 3604 1896; x_wconf 85' lang='lat' dir='ltr'><strong>ut</strong></span> 
     </span>
    </p>
   </div>
   <div class='ocr_carea' id='block_1_48' title="bbox 1987 1935 3601 2008">
    <p class='ocr_par' dir='ltr' id='par_1_48' title="bbox 1987 1935 3601 2008">
     <span class='ocr_line' id='line_1_48' title="bbox 1987 1935 3601 2008; baseline -0.003 -10"><span class='ocrx_word' id='word_1_364' title='bbox 1987 1940 2300 1998; x_wconf 71' lang='lat' dir='ltr'><strong>evidentius</strong></span> <span class='ocrx_word' id='word_1_365' title='bbox 2331 1938 2582 1996; x_wconf 77' lang='lat' dir='ltr'><strong>addiscat</strong></span> <span class='ocrx_word' id='word_1_366' title='bbox 2614 1937 2785 1993; x_wconf 87' lang='lat' dir='ltr'><strong>futuri</strong></span> <span class='ocrx_word' id='word_1_367' title='bbox 2841 1937 3094 1994; x_wconf 85' lang='lat' dir='ltr'><strong>miraculi</strong></span> <span class='ocrx_word' id='word_1_368' title='bbox 3134 1935 3601 2008; x_wconf 79' lang='lat' dir='ltr'><strong>magnitudinem,</strong></span> 
     </span>
    </p>
   </div>
   <div class='ocr_carea' id='block_1_49' title="bbox 1988 2030 3600 2104">
    <p class='ocr_par' dir='ltr' id='par_1_49' title="bbox 1988 2030 3600 2104">
     <span class='ocr_line' id='line_1_49' title="bbox 1988 2030 3600 2104; baseline -0.004 -12"><span class='ocrx_word' id='word_1_369' title='bbox 1988 2051 2044 2092; x_wconf 81' lang='lat' dir='ltr'><strong>et</strong></span> <span class='ocrx_word' id='word_1_370' title='bbox 2101 2051 2209 2092; x_wconf 89' lang='lat' dir='ltr'><strong>non</strong></span> <span class='ocrx_word' id='word_1_371' title='bbox 2244 2050 2276 2089; x_wconf 92' lang='lat' dir='ltr'><strong>e</strong></span> <span class='ocrx_word' id='word_1_372' title='bbox 2312 2034 2579 2090; x_wconf 84' lang='lat' dir='ltr'><strong>memoria</strong></span> <span class='ocrx_word' id='word_1_373' title='bbox 2635 2031 2854 2104; x_wconf 84' lang='lat' dir='ltr'><strong>rejiciat</strong></span> <span class='ocrx_word' id='word_1_374' title='bbox 2901 2046 2965 2087; x_wconf 86' lang='lat' dir='ltr'><strong>ea</strong></span> <span class='ocrx_word' id='word_1_375' title='bbox 3000 2047 3124 2100; x_wconf 69' lang='lat' dir='ltr'><strong>quae.</strong></span> <span class='ocrx_word' id='word_1_376' title='bbox 3157 2030 3449 2088; x_wconf 82' lang='lat' dir='ltr'><strong>confessus</strong></span> <span class='ocrx_word' id='word_1_377' title='bbox 3494 2041 3600 2086; x_wconf 88' lang='lat' dir='ltr'><strong>est.</strong></span> 
     </span>
    </p>
   </div>
   <div class='ocr_carea' id='block_1_50' title="bbox 1985 2124 3606 2194">
    <p class='ocr_par' dir='ltr' id='par_1_50' title="bbox 1985 2124 3606 2194">
     <span class='ocr_line' id='line_1_50' title="bbox 1985 2124 3606 2194; baseline -0.002 -10"><span class='ocrx_word' id='word_1_378' title='bbox 1985 2127 2197 2184; x_wconf 86' lang='lat' dir='ltr'><strong>Idcirco</strong></span> <span class='ocrx_word' id='word_1_379' title='bbox 2246 2127 2384 2184; x_wconf 89' lang='lat' dir='ltr'><strong>dicit</strong></span> <span class='ocrx_word' id='word_1_380' title='bbox 2417 2145 2430 2181; x_wconf 92' lang='lat'>:</span> <span class='ocrx_word' id='word_1_381' title='bbox 2468 2146 2487 2178; x_wconf 76' lang='grc' dir='ltr'><strong>ι</strong></span> <span class='ocrx_word' id='word_1_382' title='bbox 2526 2125 2688 2183; x_wconf 87' lang='lat' dir='ltr'><strong>Unde</strong></span> <span class='ocrx_word' id='word_1_383' title='bbox 2725 2140 2974 2180; x_wconf 87' lang='lat' dir='ltr'><strong>ememus</strong></span> <span class='ocrx_word' id='word_1_384' title='bbox 3011 2139 3184 2194; x_wconf 75' lang='lat' dir='ltr'><strong>panes</strong></span> <span class='ocrx_word' id='word_1_385' title='bbox 3215 2133 3275 2180; x_wconf 91' lang='lat' dir='ltr'><strong>ut</strong></span> <span class='ocrx_word' id='word_1_386' title='bbox 3309 2124 3606 2184; x_wconf 70' lang='lat' dir='ltr'><strong>comedent</strong></span> 
     </span>
    </p>
   </div>
   <div class='ocr_carea' id='block_1_51' title="bbox 1985 2217 3591 2289">
    <p class='ocr_par' dir='ltr' id='par_1_51' title="bbox 1985 2217 3591 2289">
     <span class='ocr_line' id='line_1_51' title="bbox 1985 2217 3591 2289; baseline -0.004 -12"><span class='ocrx_word' id='word_1_387' title='bbox 1985 2222 2080 2277; x_wconf 81' lang='lat' dir='ltr'><strong>hi?</strong></span> <span class='ocrx_word' id='word_1_388' title='bbox 2119 2240 2137 2274; x_wconf 75' lang='grc' dir='ltr'><strong>ι</strong></span> <span class='ocrx_word' id='word_1_389' title='bbox 2173 2221 2316 2277; x_wconf 84' lang='lat' dir='ltr'><strong>Dicit</strong></span> <span class='ocrx_word' id='word_1_390' title='bbox 2362 2231 2548 2276; x_wconf 89' lang='lat' dir='ltr'><strong>autem</strong></span> <span class='ocrx_word' id='word_1_391' title='bbox 2583 2221 2700 2277; x_wconf 62' lang='lat' dir='ltr'><strong>haec</strong></span> <span class='ocrx_word' id='word_1_392' title='bbox 2728 2228 2950 2275; x_wconf 88' lang='lat' dir='ltr'><strong>tentans</strong></span> <span class='ocrx_word' id='word_1_393' title='bbox 2983 2217 3321 2289; x_wconf 87' lang='lat' dir='ltr'><strong>Philippum,</strong></span> <span class='ocrx_word' id='word_1_394' title='bbox 3348 2217 3454 2274; x_wconf 89' lang='lat' dir='ltr'><strong>hoc</strong></span> <span class='ocrx_word' id='word_1_395' title='bbox 3484 2227 3591 2285; x_wconf 78' lang='lat' dir='ltr'><strong>est,</strong></span> 
     </span>
    </p>
   </div>
   <div class='ocr_carea' id='block_1_52' title="bbox 1983 2308 3593 2386">
    <p class='ocr_par' dir='ltr' id='par_1_52' title="bbox 1983 2308 3593 2386">
     <span class='ocr_line' id='line_1_52' title="bbox 1983 2308 3593 2386; baseline 0 -19"><span class='ocrx_word' id='word_1_396' title='bbox 1983 2315 2178 2376; x_wconf 89' lang='lat' dir='ltr'><strong>volens</strong></span> <span class='ocrx_word' id='word_1_397' title='bbox 2205 2324 2407 2372; x_wconf 79' lang='lat' dir='ltr'><strong>natum</strong></span> <span class='ocrx_word' id='word_1_398' title='bbox 2441 2315 2650 2380; x_wconf 83' lang='lat' dir='ltr'><strong>facere,</strong></span> <span class='ocrx_word' id='word_1_399' title='bbox 2684 2329 2852 2386; x_wconf 90' lang='lat' dir='ltr'><strong>quam</strong></span> <span class='ocrx_word' id='word_1_400' title='bbox 2885 2313 3117 2369; x_wconf 87' lang='lat' dir='ltr'><strong>haberet</strong></span> <span class='ocrx_word' id='word_1_401' title='bbox 3146 2312 3238 2368; x_wconf 89' lang='lat' dir='ltr'><strong>ille</strong></span> <span class='ocrx_word' id='word_1_402' title='bbox 3268 2311 3453 2369; x_wconf 82' lang='lat' dir='ltr'><strong>ﬁdem.</strong></span> <span class='ocrx_word' id='word_1_403' title='bbox 3476 2308 3593 2367; x_wconf 82' lang='lat' dir='ltr'><strong>Ne-</strong></span> 
     </span>
    </p>
   </div>
   <div class='ocr_carea' id='block_1_53' title="bbox 1965 2403 3602 2479">
    <p class='ocr_par' dir='ltr' id='par_1_53' title="bbox 1965 2403 3602 2479">
     <span class='ocr_line' id='line_1_53' title="bbox 1965 2403 3602 2479; baseline -0.001 -16"><span class='ocrx_word' id='word_1_404' title='bbox 1965 2422 2091 2476; x_wconf 75' lang='lat' dir='ltr'><strong>‘que</strong></span> <span class='ocrx_word' id='word_1_405' title='bbox 2140 2409 2288 2464; x_wconf 87' lang='lat' dir='ltr'><strong>enim</strong></span> <span class='ocrx_word' id='word_1_406' title='bbox 2325 2419 2386 2464; x_wconf 90' lang='lat' dir='ltr'><strong>ut</strong></span> <span class='ocrx_word' id='word_1_407' title='bbox 2427 2408 2693 2479; x_wconf 81' lang='lat' dir='ltr'><strong>ignorans</strong></span> <span class='ocrx_word' id='word_1_408' title='bbox 2726 2407 2795 2462; x_wconf 87' lang='lat' dir='ltr'><strong>de</strong></span> <span class='ocrx_word' id='word_1_409' title='bbox 2827 2405 3104 2463; x_wconf 88' lang='lat' dir='ltr'><strong>sententia</strong></span> <span class='ocrx_word' id='word_1_410' title='bbox 3154 2403 3394 2477; x_wconf 83' lang='lat' dir='ltr'><strong>Philippi</strong></span> <span class='ocrx_word' id='word_1_411' title='bbox 3428 2409 3602 2462; x_wconf 82' lang='lat' dir='ltr'><strong>inter-</strong></span> 
     </span>
    </p>
   </div>
   <div class='ocr_carea' id='block_1_54' title="bbox 1985 2498 3602 2572">
    <p class='ocr_par' dir='ltr' id='par_1_54' title="bbox 1985 2498 3602 2572">
     <span class='ocr_line' id='line_1_54' title="bbox 1985 2498 3602 2572; baseline -0.002 -14"><span class='ocrx_word' id='word_1_412' title='bbox 1985 2505 2238 2572; x_wconf 75' lang='lat' dir='ltr'><strong>rogabat,</strong></span> <span class='ocrx_word' id='word_1_413' title='bbox 2287 2503 2382 2560; x_wconf 88' lang='lat' dir='ltr'><strong>sed</strong></span> <span class='ocrx_word' id='word_1_414' title='bbox 2433 2503 2558 2560; x_wconf 85' lang='lat' dir='ltr'><strong>aliis</strong></span> <span class='ocrx_word' id='word_1_415' title='bbox 2616 2511 2931 2559; x_wconf 85' lang='lat' dir='ltr'><strong>monstrare</strong></span> <span class='ocrx_word' id='word_1_416' title='bbox 2983 2501 3223 2557; x_wconf 84' lang='lat' dir='ltr'><strong>volebat.</strong></span> <span class='ocrx_word' id='word_1_417' title='bbox 3256 2519 3276 2554; x_wconf 80' lang='grc' dir='ltr'><strong>ι</strong></span> <span class='ocrx_word' id='word_1_418' title='bbox 3308 2498 3448 2555; x_wconf 88' lang='lat' dir='ltr'><strong>Nam</strong></span> <span class='ocrx_word' id='word_1_419' title='bbox 3482 2499 3602 2571; x_wconf 79' lang='lat' dir='ltr'><strong>ipse</strong></span> 
     </span>
    </p>
   </div>
   <div class='ocr_carea' id='block_1_55' title="bbox 1985 2592 3604 2670">
    <p class='ocr_par' dir='ltr' id='par_1_55' title="bbox 1985 2592 3604 2670">
     <span class='ocr_line' id='line_1_55' title="bbox 1985 2592 3604 2670; baseline -0.004 -17"><span class='ocrx_word' id='word_1_420' title='bbox 1985 2599 2248 2654; x_wconf 88' lang='lat' dir='ltr'><strong>Dominus</strong></span> <span class='ocrx_word' id='word_1_421' title='bbox 2304 2597 2511 2654; x_wconf 83' lang='lat' dir='ltr'><strong>sciebat</strong></span> <span class='ocrx_word' id='word_1_422' title='bbox 2567 2598 2697 2670; x_wconf 89' lang='lat' dir='ltr'><strong>quid</strong></span> <span class='ocrx_word' id='word_1_423' title='bbox 2751 2596 3000 2652; x_wconf 85' lang='lat' dir='ltr'><strong>facturus</strong></span> <span class='ocrx_word' id='word_1_424' title='bbox 3049 2604 3219 2652; x_wconf 86' lang='lat' dir='ltr'><strong>esset.</strong></span> <span class='ocrx_word' id='word_1_425' title='bbox 3270 2613 3289 2647; x_wconf 73' lang='grc' dir='ltr'><strong>ι</strong></span> <span class='ocrx_word' id='word_1_426' title='bbox 3323 2592 3496 2664; x_wconf 75' lang='lat' dir='ltr'><strong>Igitur</strong></span> <span class='ocrx_word' id='word_1_427' title='bbox 3543 2609 3604 2661; x_wconf 78' lang='grc' dir='ltr'><strong>ιιι</strong></span> 
     </span>
    </p>
   </div>
   <div class='ocr_carea' id='block_1_56' title="bbox 1983 2686 3603 2761">
    <p class='ocr_par' dir='ltr' id='par_1_56' title="bbox 1983 2686 3603 2761">
     <span class='ocr_line' id='line_1_56' title="bbox 1983 2686 3603 2761; baseline -0.004 -17"><span class='ocrx_word' id='word_1_428' title='bbox 1983 2691 2210 2746; x_wconf 79' lang='lat' dir='ltr'><strong>tentavit</strong></span> <span class='ocrx_word' id='word_1_429' title='bbox 2258 2689 2567 2761; x_wconf 90' lang='lat' dir='ltr'><strong>Philippum</strong></span> <span class='ocrx_word' id='word_1_430' title='bbox 2616 2689 2885 2760; x_wconf 90' lang='lat' dir='ltr'><strong>numquid</strong></span> <span class='ocrx_word' id='word_1_431' title='bbox 2925 2689 3158 2744; x_wconf 82' lang='lat' dir='ltr'><strong>haberet</strong></span> <span class='ocrx_word' id='word_1_432' title='bbox 3193 2686 3285 2743; x_wconf 89' lang='lat' dir='ltr'><strong>ille</strong></span> <span class='ocrx_word' id='word_1_433' title='bbox 3319 2687 3510 2752; x_wconf 83' lang='lat' dir='ltr'><strong>iidem,</strong></span> <span class='ocrx_word' id='word_1_434' title='bbox 3541 2687 3603 2742; x_wconf 82' lang='lat' dir='ltr'><strong>et</strong></span> 
     </span>
    </p>
   </div>
   <div class='ocr_carea' id='block_1_57' title="bbox 1983 2779 3606 2854">
    <p class='ocr_par' dir='ltr' id='par_1_57' title="bbox 1983 2779 3606 2854">
     <span class='ocr_line' id='line_1_57' title="bbox 1983 2779 3606 2854; baseline -0.003 -15"><span class='ocrx_word' id='word_1_435' title='bbox 1983 2783 2190 2839; x_wconf 73' lang='lat' dir='ltr'><strong>invertit</strong></span> <span class='ocrx_word' id='word_1_436' title='bbox 2227 2783 2406 2854; x_wconf 88' lang='lat' dir='ltr'><strong>ipsum</strong></span> <span class='ocrx_word' id='word_1_437' title='bbox 2443 2783 2622 2838; x_wconf 91' lang='lat' dir='ltr'><strong>adhuc</strong></span> <span class='ocrx_word' id='word_1_438' title='bbox 2649 2781 2903 2837; x_wconf 76' lang='lat' dir='ltr'><strong>atl‘ectum</strong></span> <span class='ocrx_word' id='word_1_439' title='bbox 2933 2790 2991 2836; x_wconf 92' lang='lat' dir='ltr'><strong>ut</strong></span> <span class='ocrx_word' id='word_1_440' title='bbox 3013 2779 3297 2836; x_wconf 87' lang='lat' dir='ltr'><strong>hominem</strong></span> <span class='ocrx_word' id='word_1_441' title='bbox 3328 2795 3353 2852; x_wconf 47' lang='lat'><strong>:~</strong></span> <span class='ocrx_word' id='word_1_442' title='bbox 3374 2779 3606 2849; x_wconf 83' lang='lat' dir='ltr'><strong>insuper</strong></span> 
     </span>
    </p>
   </div>
   <div class='ocr_carea' id='block_1_58' title="bbox 1981 2860 3605 2943">
    <p class='ocr_par' dir='ltr' id='par_1_58' title="bbox 1981 2860 3605 2943">
     <span class='ocr_line' id='line_1_58' title="bbox 1981 2860 3605 2943; baseline -0.004 -14"><span class='ocrx_word' id='word_1_443' title='bbox 1981 2881 2038 2929; x_wconf 80' lang='lat' dir='ltr'><strong>et</strong></span> <span class='ocrx_word' id='word_1_444' title='bbox 2065 2873 2345 2930; x_wconf 71' lang='lat' dir='ltr'><strong>Andream</strong></span> <span class='ocrx_word' id='word_1_445' title='bbox 2401 2888 2623 2943; x_wconf 86' lang='lat' dir='ltr'><strong>quoque</strong></span> <span class='ocrx_word' id='word_1_446' title='bbox 2662 2872 2829 2928; x_wconf 89' lang='lat' dir='ltr'><strong>talem</strong></span> <span class='ocrx_word' id='word_1_447' title='bbox 2885 2872 3120 2939; x_wconf 86' lang='lat' dir='ltr'><strong>invenit,</strong></span> <span class='ocrx_word' id='word_1_448' title='bbox 3152 2860 3375 2926; x_wconf 78' lang='lat' dir='ltr'><strong>tametsi</strong></span> <span class='ocrx_word' id='word_1_449' title='bbox 3427 2869 3605 2927; x_wconf 81' lang='lat' dir='ltr'><strong>subli-</strong></span> 
     </span>
    </p>
   </div>
   <div class='ocr_carea' id='block_1_59' title="bbox 1983 2961 3601 3037">
    <p class='ocr_par' dir='ltr' id='par_1_59' title="bbox 1983 2961 3601 3037">
     <span class='ocr_line' id='line_1_59' title="bbox 1983 2961 3601 3037; baseline -0.001 -17"><span class='ocrx_word' id='word_1_450' title='bbox 1983 2967 2126 3022; x_wconf 86' lang='lat' dir='ltr'><strong>mius</strong></span> <span class='ocrx_word' id='word_1_451' title='bbox 2176 2965 2439 3037; x_wconf 85' lang='lat' dir='ltr'><strong>quiddam</strong></span> <span class='ocrx_word' id='word_1_452' title='bbox 2474 2964 2727 3037; x_wconf 89' lang='lat' dir='ltr'><strong>Philippo</strong></span> <span class='ocrx_word' id='word_1_453' title='bbox 2763 2964 3124 3021; x_wconf 89' lang='lat' dir='ltr'><strong>sentientem.</strong></span> <span class='ocrx_word' id='word_1_454' title='bbox 3158 2962 3256 3019; x_wconf 82' lang='lat' dir='ltr'><strong>Illo</strong></span> <span class='ocrx_word' id='word_1_455' title='bbox 3307 2961 3456 3019; x_wconf 88' lang='lat' dir='ltr'><strong>enim</strong></span> <span class='ocrx_word' id='word_1_456' title='bbox 3509 2962 3601 3019; x_wconf 88' lang='lat' dir='ltr'><strong>di-</strong></span> 
     </span>
    </p>
   </div>
   <div class='ocr_carea' id='block_1_60' title="bbox 1982 3041 3598 3126">
    <p class='ocr_par' dir='ltr' id='par_1_60' title="bbox 1982 3041 3598 3126">
     <span class='ocr_line' id='line_1_60' title="bbox 1982 3041 3598 3126; baseline -0.002 -14"><span class='ocrx_word' id='word_1_457' title='bbox 1982 3069 2141 3112; x_wconf 85' lang='lat' dir='ltr'><strong>cente</strong></span> <span class='ocrx_word' id='word_1_458' title='bbox 2199 3058 2344 3126; x_wconf 91' lang='lat' dir='ltr'><strong>quod</strong></span> <span class='ocrx_word' id='word_1_459' title='bbox 2399 3041 2776 3112; x_wconf 83' lang='lat' dir='ltr'><strong>ducentorum</strong></span> <span class='ocrx_word' id='word_1_460' title='bbox 2835 3057 3195 3113; x_wconf 76' lang='lat' dir='ltr'><strong>denariorum</strong></span> <span class='ocrx_word' id='word_1_461' title='bbox 3260 3059 3434 3124; x_wconf 85' lang='lat' dir='ltr'><strong>panes</strong></span> <span class='ocrx_word' id='word_1_462' title='bbox 3489 3069 3598 3112; x_wconf 91' lang='lat' dir='ltr'><strong>non</strong></span> 
     </span>
    </p>
   </div>
   <div class='ocr_carea' id='block_1_61' title="bbox 1981 3145 3600 3221">
    <p class='ocr_par' dir='ltr' id='par_1_61' title="bbox 1981 3145 3600 3221">
     <span class='ocr_line' id='line_1_61' title="bbox 1981 3145 3600 3221; baseline -0.002 -15"><span class='ocrx_word' id='word_1_463' title='bbox 1981 3151 2278 3220; x_wconf 71' lang='lat' dir='ltr'><strong>subiciunt,</strong></span> <span class='ocrx_word' id='word_1_464' title='bbox 2325 3150 2421 3206; x_wconf 89' lang='lat' dir='ltr'><strong>ille</strong></span> <span class='ocrx_word' id='word_1_465' title='bbox 2469 3145 2713 3221; x_wconf 82' lang='lat' dir='ltr'><strong>quinque</strong></span> <span class='ocrx_word' id='word_1_466' title='bbox 2765 3164 2942 3220; x_wconf 80' lang='lat' dir='ltr'><strong>panes</strong></span> <span class='ocrx_word' id='word_1_467' title='bbox 2995 3148 3334 3204; x_wconf 85' lang='lat' dir='ltr'><strong>hordeaceos</strong></span> <span class='ocrx_word' id='word_1_468' title='bbox 3373 3157 3430 3202; x_wconf 83' lang='lat' dir='ltr'><strong>et</strong></span> <span class='ocrx_word' id='word_1_469' title='bbox 3461 3147 3600 3203; x_wconf 84' lang='lat' dir='ltr'><strong>duos</strong></span> 
     </span>
    </p>
   </div>
   <div class='ocr_carea' id='block_1_62' title="bbox 1983 3243 3597 3315">
    <p class='ocr_par' dir='ltr' id='par_1_62' title="bbox 1983 3243 3597 3315">
     <span class='ocr_line' id='line_1_62' title="bbox 1983 3243 3597 3315; baseline 0 -19"><span class='ocrx_word' id='word_1_470' title='bbox 1983 3249 2164 3315; x_wconf 85' lang='lat' dir='ltr'><strong>pisces</strong></span> <span class='ocrx_word' id='word_1_471' title='bbox 2193 3247 2675 3309; x_wconf 84' lang='lat' dir='ltr'><strong>conunonstravit,</strong></span> <span class='ocrx_word' id='word_1_472' title='bbox 2722 3245 2972 3315; x_wconf 76' lang='lat' dir='ltr'><strong>cogitans</strong></span> <span class='ocrx_word' id='word_1_473' title='bbox 3007 3243 3148 3299; x_wconf 79' lang='lat' dir='ltr'><strong>torte</strong></span> <span class='ocrx_word' id='word_1_474' title='bbox 3202 3243 3597 3315; x_wconf 79' lang='lat' dir='ltr'><strong>prophetarum</strong></span> 
     </span>
    </p>
   </div>
   <div class='ocr_carea' id='block_1_63' title="bbox 258 3334 1873 3414">
    <p class='ocr_par' dir='ltr' id='par_1_63' title="bbox 258 3334 1872 3414">
     <span class='ocr_line' id='line_1_63' title="bbox 258 3334 1872 3414; baseline 0.004 -27"><span class='ocrx_word' id='word_1_475' title='bbox 258 3337 465 3414; x_wconf 71' lang='grc' dir='ltr'>ἄρτους</span> <span class='ocrx_word' id='word_1_476' title='bbox 514 3335 818 3406; x_wconf 79' lang='grc' dir='ltr'>κριθίνους,</span> <span class='ocrx_word' id='word_1_477' title='bbox 853 3337 948 3390; x_wconf 79' lang='grc' dir='ltr'>καὶ</span> <span class='ocrx_word' id='word_1_478' title='bbox 989 3337 1085 3392; x_wconf 85' lang='grc' dir='ltr'><strong>δύο</strong></span> <span class='ocrx_word' id='word_1_479' title='bbox 1132 3338 1338 3409; x_wconf 74' lang='grc' dir='ltr'>ὀψάρια</span> <span class='ocrx_word' id='word_1_480' title='bbox 1387 3334 1756 3404; x_wconf 84' lang='grc' dir='ltr'>ὑποδεικνύει,</span> <span class='ocrx_word' id='word_1_481' title='bbox 1787 3343 1872 3394; x_wconf 80' lang='grc' dir='ltr'><strong>ὲν-</strong></span> 
     </span>
    </p>
   </div>
   <div class='ocr_carea' id='block_1_64' title="bbox 1979 3334 3601 3414">
    <p class='ocr_par' dir='ltr' id='par_1_64' title="bbox 1984 3335 3601 3408">
     <span class='ocr_line' id='line_1_64' title="bbox 1984 3335 3601 3408; baseline 0.001 -17"><span class='ocrx_word' id='word_1_482' title='bbox 1984 3339 2268 3402; x_wconf 72' lang='lat' dir='ltr'><strong>miracula,</strong></span> <span class='ocrx_word' id='word_1_483' title='bbox 2295 3349 2353 3392; x_wconf 85' lang='grc' dir='ltr'><strong>ιιι</strong></span> <span class='ocrx_word' id='word_1_484' title='bbox 2398 3338 2576 3393; x_wconf 66' lang='grc' dir='ltr'>Ειὶεαιὶ</span> <span class='ocrx_word' id='word_1_485' title='bbox 2635 3337 2688 3392; x_wconf 90' lang='lat' dir='ltr'><strong>in</strong></span> <span class='ocrx_word' id='word_1_486' title='bbox 2729 3337 2965 3408; x_wconf 90' lang='lat' dir='ltr'><strong>panibus</strong></span> <span class='ocrx_word' id='word_1_487' title='bbox 3002 3337 3245 3407; x_wconf 82' lang='lat' dir='ltr'><strong>signum,</strong></span> <span class='ocrx_word' id='word_1_488' title='bbox 3279 3355 3297 3385; x_wconf 81' lang='grc' dir='ltr'><strong>ι</strong></span> <span class='ocrx_word' id='word_1_489' title='bbox 3332 3351 3455 3392; x_wconf 88' lang='lat' dir='ltr'><strong>cum</strong></span> <span class='ocrx_word' id='word_1_490' title='bbox 3497 3335 3601 3392; x_wconf 85' lang='lat' dir='ltr'><strong>Sa-</strong></span> 
     </span>
    </p>
   </div>
   <div class='ocr_carea' id='block_1_65' title="bbox 256 3430 1878 3506">
    <p class='ocr_par' dir='ltr' id='par_1_65' title="bbox 256 3430 1878 3506">
     <span class='ocr_line' id='line_1_65' title="bbox 256 3430 1878 3506; baseline 0.004 -24"><span class='ocrx_word' id='word_1_491' title='bbox 256 3434 470 3499; x_wconf 74' lang='grc' dir='ltr'>νοήσας</span> <span class='ocrx_word' id='word_1_492' title='bbox 503 3430 638 3494; x_wconf 86' lang='grc' dir='ltr'>ῐσως</span> <span class='ocrx_word' id='word_1_493' title='bbox 669 3431 765 3484; x_wconf 72' lang='grc' dir='ltr'><strong>καὶ</strong></span> <span class='ocrx_word' id='word_1_494' title='bbox 811 3430 881 3484; x_wconf 82' lang='grc' dir='ltr'><strong>τὰ</strong></span> <span class='ocrx_word' id='word_1_495' title='bbox 909 3431 1020 3486; x_wconf 82' lang='grc' dir='ltr'>τῶν</span> <span class='ocrx_word' id='word_1_496' title='bbox 1070 3433 1373 3503; x_wconf 81' lang='grc' dir='ltr'>προφητῶν</span> <span class='ocrx_word' id='word_1_497' title='bbox 1405 3433 1692 3506; x_wconf 79' lang='grc' dir='ltr'>θαύματα,</span> <span class='ocrx_word' id='word_1_498' title='bbox 1725 3437 1878 3499; x_wconf 80' lang='grc' dir='ltr'>ὅπως</span> 
     </span>
    </p>
   </div>
   <div class='ocr_carea' id='block_1_66' title="bbox 255 3519 1876 3595">
    <p class='ocr_par' dir='ltr' id='par_1_66' title="bbox 255 3519 1876 3595">
     <span class='ocr_line' id='line_1_66' title="bbox 255 3519 1876 3595; baseline 0.004 -23"><span class='ocrx_word' id='word_1_499' title='bbox 255 3521 292 3572; x_wconf 85' lang='lat'><strong>6</strong></span> <span class='ocrx_word' id='word_1_500' title='bbox 317 3519 623 3581; x_wconf 82' lang='grc' dir='ltr'>Ἐλισσαῖος</span> <span class='ocrx_word' id='word_1_501' title='bbox 683 3519 858 3573; x_wconf 73' lang='grc' dir='ltr'>ἐποίει</span> <span class='ocrx_word' id='word_1_502' title='bbox 889 3520 950 3574; x_wconf 86' lang='grc' dir='ltr'><strong>τὺ</strong></span> <span class='ocrx_word' id='word_1_503' title='bbox 997 3522 1091 3574; x_wconf 84' lang='grc' dir='ltr'><strong>ὲπὶ</strong></span> <span class='ocrx_word' id='word_1_504' title='bbox 1116 3521 1228 3576; x_wconf 81' lang='grc' dir='ltr'>τῶν</span> <span class='ocrx_word' id='word_1_505' title='bbox 1259 3523 1442 3593; x_wconf 86' lang='grc' dir='ltr'>ἄρτων</span> <span class='ocrx_word' id='word_1_506' title='bbox 1499 3527 1750 3595; x_wconf 85' lang='grc' dir='ltr'>σημεῖον,</span> <span class='ocrx_word' id='word_1_507' title='bbox 1782 3527 1876 3579; x_wconf 85' lang='grc' dir='ltr'><strong>ὅτε</strong></span> 
     </span>
    </p>
   </div>
   <div class='ocr_carea' id='block_1_67' title="bbox 258 3612 1876 3688">
    <p class='ocr_par' dir='ltr' id='par_1_67' title="bbox 258 3612 1876 3688">
     <span class='ocr_line' id='line_1_67' title="bbox 258 3612 1876 3688; baseline 0.006 -24"><span class='ocrx_word' id='word_1_508' title='bbox 258 3615 300 3683; x_wconf 70' lang='grc' dir='ltr'>ἡ</span> <span class='ocrx_word' id='word_1_509' title='bbox 328 3612 617 3681; x_wconf 82' lang='grc' dir='ltr'>Σαμάρεια</span> <span class='ocrx_word' id='word_1_510' title='bbox 658 3613 739 3677; x_wconf 78' lang='grc' dir='ltr'><strong>είς</strong></span> <span class='ocrx_word' id='word_1_511' title='bbox 775 3613 1005 3684; x_wconf 73' lang='grc' dir='ltr'>ἔσχατον</span> <span class='ocrx_word' id='word_1_512' title='bbox 1031 3613 1311 3679; x_wconf 79' lang='grc' dir='ltr'>ἀπωλείας</span> <span class='ocrx_word' id='word_1_513' title='bbox 1341 3612 1557 3686; x_wconf 76' lang='grc' dir='ltr'>ἦλθεν),</span> <span class='ocrx_word' id='word_1_514' title='bbox 1591 3617 1876 3688; x_wconf 79' lang='grc' dir='ltr'>ἁλλ’ὂρως</span> 
     </span>
    </p>
   </div>
   <div class='ocr_carea' id='block_1_68' title="bbox 256 3702 1875 3781">
    <p class='ocr_par' dir='ltr' id='par_1_68' title="bbox 256 3702 1875 3781">
     <span class='ocr_line' id='line_1_68' title="bbox 256 3702 1875 3781; baseline 0.004 -23"><span class='ocrx_word' id='word_1_515' title='bbox 256 3705 360 3758; x_wconf 76' lang='grc' dir='ltr'>καὶ</span> <span class='ocrx_word' id='word_1_516' title='bbox 399 3702 662 3775; x_wconf 81' lang='grc' dir='ltr'>’Λνδρέας</span> <span class='ocrx_word' id='word_1_517' title='bbox 689 3704 996 3776; x_wconf 76' lang='grc' dir='ltr'>ἐλέγχεται,</span> <span class='ocrx_word' id='word_1_518' title='bbox 1035 3708 1205 3778; x_wconf 77' lang='grc' dir='ltr'>μηδὲν</span> <span class='ocrx_word' id='word_1_519' title='bbox 1237 3707 1462 3774; x_wconf 74' lang='grc' dir='ltr'>ἐπάξιον</span> <span class='ocrx_word' id='word_1_520' title='bbox 1511 3710 1607 3763; x_wconf 85' lang='grc' dir='ltr'><strong>τοῦ</strong></span> <span class='ocrx_word' id='word_1_521' title='bbox 1661 3711 1875 3781; x_wconf 84' lang='grc' dir='ltr'>Κυρίου</span> 
     </span>
    </p>
   </div>
   <div class='ocr_carea' id='block_1_69' title="bbox 253 3799 1876 3870">
    <p class='ocr_par' dir='ltr' id='par_1_69' title="bbox 253 3799 1876 3870">
     <span class='ocr_line' id='line_1_69' title="bbox 253 3799 1876 3870; baseline 0.002 -17"><span class='ocrx_word' id='word_1_522' title='bbox 253 3799 551 3869; x_wconf 68' lang='grc' dir='ltr'>ἐννοήσας.</span> <span class='ocrx_word' id='word_1_523' title='bbox 571 3799 710 3868; x_wconf 72' lang='grc' dir='ltr'>Φησὶ</span> <span class='ocrx_word' id='word_1_524' title='bbox 741 3799 869 3870; x_wconf 81' lang='grc' dir='ltr'>γάρ’</span> <span class='ocrx_word' id='word_1_525' title='bbox 903 3818 922 3851; x_wconf 77' lang='grc' dir='ltr'><strong>ι</strong></span> <span class='ocrx_word' id='word_1_526' title='bbox 947 3799 1110 3853; x_wconf 72' lang='grc' dir='ltr'>Ἀλλά</span> <span class='ocrx_word' id='word_1_527' title='bbox 1125 3800 1303 3854; x_wconf 87' lang='grc' dir='ltr'>ταῦτα</span> <span class='ocrx_word' id='word_1_528' title='bbox 1329 3801 1383 3856; x_wconf 89' lang='grc' dir='ltr'>τί</span> <span class='ocrx_word' id='word_1_529' title='bbox 1413 3803 1562 3856; x_wconf 76' lang='grc' dir='ltr'>ἐστιν</span> <span class='ocrx_word' id='word_1_530' title='bbox 1591 3803 1673 3866; x_wconf 84' lang='grc' dir='ltr'><strong>είς</strong></span> <span class='ocrx_word' id='word_1_531' title='bbox 1689 3805 1876 3857; x_wconf 80' lang='grc' dir='ltr'>τοσού-</span> 
     </span>
    </p>
   </div>
   <div class='ocr_carea' id='block_1_70' title="bbox 251 3889 1874 3964">
    <p class='ocr_par' dir='ltr' id='par_1_70' title="bbox 251 3889 1874 3964">
     <span class='ocr_line' id='line_1_70' title="bbox 251 3889 1874 3964; baseline 0.003 -20"><span class='ocrx_word' id='word_1_532' title='bbox 251 3907 423 3957; x_wconf 86' lang='grc' dir='ltr'>τους;</span> <span class='ocrx_word' id='word_1_533' title='bbox 469 3909 489 3943; x_wconf 72' lang='grc' dir='ltr'><strong>ι</strong></span> <span class='ocrx_word' id='word_1_534' title='bbox 537 3889 792 3961; x_wconf 84' lang='grc' dir='ltr'>Ἐνόμισε</span> <span class='ocrx_word' id='word_1_535' title='bbox 826 3891 958 3959; x_wconf 83' lang='grc' dir='ltr'>γάρ,</span> <span class='ocrx_word' id='word_1_536' title='bbox 981 3892 1063 3945; x_wconf 84' lang='grc' dir='ltr'>ὅτι</span> <span class='ocrx_word' id='word_1_537' title='bbox 1121 3892 1352 3963; x_wconf 82' lang='grc' dir='ltr'>αὐξήσει</span> <span class='ocrx_word' id='word_1_538' title='bbox 1388 3894 1488 3964; x_wconf 84' lang='grc' dir='ltr'>μὲν</span> <span class='ocrx_word' id='word_1_539' title='bbox 1516 3896 1649 3959; x_wconf 86' lang='grc' dir='ltr'>ῖσως</span> <span class='ocrx_word' id='word_1_540' title='bbox 1679 3897 1708 3949; x_wconf 93' lang='lat'><strong>6</strong></span> <span class='ocrx_word' id='word_1_541' title='bbox 1757 3897 1874 3949; x_wconf 83' lang='grc' dir='ltr'><strong>Κύ-</strong></span> 
     </span>
    </p>
   </div>
   <div class='ocr_carea' id='block_1_71' title="bbox 255 3980 1872 4070">
    <p class='ocr_par' dir='ltr' id='par_1_71' title="bbox 255 3980 1872 4070">
     <span class='ocr_line' id='line_1_71' title="bbox 255 3980 1872 4070; baseline 0.005 -32"><span class='ocrx_word' id='word_1_542' title='bbox 255 4002 383 4058; x_wconf 90' lang='grc' dir='ltr'>ριος</span> <span class='ocrx_word' id='word_1_543' title='bbox 406 3985 537 4048; x_wconf 85' lang='grc' dir='ltr'>τοὺς</span> <span class='ocrx_word' id='word_1_544' title='bbox 570 3984 795 4058; x_wconf 90' lang='grc' dir='ltr'>ἄρτους,</span> <span class='ocrx_word' id='word_1_545' title='bbox 826 3984 940 4039; x_wconf 80' lang='grc' dir='ltr'>ἀλλ’</span> <span class='ocrx_word' id='word_1_546' title='bbox 971 3985 1069 4070; x_wconf 44' lang='grc' dir='ltr'><strong>ἐὰν</strong></span> <span class='ocrx_word' id='word_1_547' title='bbox 1096 3980 1239 4058; x_wconf 82' lang='grc' dir='ltr'>ἦσαν</span> <span class='ocrx_word' id='word_1_548' title='bbox 1268 3987 1538 4055; x_wconf 82' lang='grc' dir='ltr'>πλείονες,</span> <span class='ocrx_word' id='word_1_549' title='bbox 1572 3989 1778 4045; x_wconf 88' lang='grc' dir='ltr'>πλείων</span> <span class='ocrx_word' id='word_1_550' title='bbox 1804 3990 1872 4046; x_wconf 79' lang='grc' dir='ltr'>ἂν</span> 
     </span>
    </p>
   </div>
   <div class='ocr_carea' id='block_1_72' title="bbox 252 4075 1870 4150">
    <p class='ocr_par' dir='ltr' id='par_1_72' title="bbox 252 4075 1870 4150">
     <span class='ocr_line' id='line_1_72' title="bbox 252 4075 1870 4150; baseline 0.002 -16"><span class='ocrx_word' id='word_1_551' title='bbox 252 4077 359 4134; x_wconf 77' lang='grc' dir='ltr'>καὶ</span> <span class='ocrx_word' id='word_1_552' title='bbox 394 4079 428 4149; x_wconf 85' lang='grc' dir='ltr'><strong>ή</strong></span> <span class='ocrx_word' id='word_1_553' title='bbox 451 4075 680 4150; x_wconf 73' lang='grc' dir='ltr'>αὔξησις</span> <span class='ocrx_word' id='word_1_554' title='bbox 711 4077 945 4147; x_wconf 76' lang='grc' dir='ltr'>ἐγίνετο,</span> <span class='ocrx_word' id='word_1_555' title='bbox 980 4079 1308 4149; x_wconf 71' lang='grc' dir='ltr'>ἐπισφαλῶς</span> <span class='ocrx_word' id='word_1_556' title='bbox 1347 4081 1572 4146; x_wconf 88' lang='grc' dir='ltr'>πάντως</span> <span class='ocrx_word' id='word_1_557' title='bbox 1599 4083 1760 4138; x_wconf 84' lang='grc' dir='ltr'>νοῶν.</span> <span class='ocrx_word' id='word_1_558' title='bbox 1809 4084 1870 4138; x_wconf 82' lang='grc'><strong>’0</strong></span> 
     </span>
    </p>
   </div>
   <div class='ocr_carea' id='block_1_73' title="bbox 249 4170 1872 4246">
    <p class='ocr_par' dir='ltr' id='par_1_73' title="bbox 249 4170 1872 4246">
     <span class='ocr_line' id='line_1_73' title="bbox 249 4170 1872 4246; baseline 0.004 -22"><span class='ocrx_word' id='word_1_559' title='bbox 249 4173 372 4243; x_wconf 81' lang='grc' dir='ltr'>γὰρ</span> <span class='ocrx_word' id='word_1_560' title='bbox 408 4171 614 4243; x_wconf 77' lang='grc' dir='ltr'>Κύριος</span> <span class='ocrx_word' id='word_1_561' title='bbox 645 4171 741 4225; x_wconf 76' lang='grc' dir='ltr'>καὶ</span> <span class='ocrx_word' id='word_1_562' title='bbox 771 4174 837 4225; x_wconf 73' lang='grc' dir='ltr'>ὲκ</span> <span class='ocrx_word' id='word_1_563' title='bbox 863 4170 940 4243; x_wconf 81' lang='grc' dir='ltr'>μὴ</span> <span class='ocrx_word' id='word_1_564' title='bbox 969 4171 1141 4226; x_wconf 71' lang='grc' dir='ltr'>ὄντων</span> <span class='ocrx_word' id='word_1_565' title='bbox 1173 4173 1410 4243; x_wconf 73' lang='grc' dir='ltr'>ἠδύνατο</span> <span class='ocrx_word' id='word_1_566' title='bbox 1438 4174 1640 4246; x_wconf 82' lang='grc' dir='ltr'>ἄρτους</span> <span class='ocrx_word' id='word_1_567' title='bbox 1693 4180 1872 4231; x_wconf 77' lang='grc' dir='ltr'>ποιεῖν</span> 
     </span>
    </p>
   </div>
   <div class='ocr_carea' id='block_1_74' title="bbox 250 4262 1872 4340">
    <p class='ocr_par' dir='ltr' id='par_1_74' title="bbox 250 4262 1872 4340">
     <span class='ocr_line' id='line_1_74' title="bbox 250 4262 1872 4340; baseline 0.003 -24"><span class='ocrx_word' id='word_1_568' title='bbox 250 4262 340 4334; x_wconf 84' lang='grc' dir='ltr'>τῷ</span> <span class='ocrx_word' id='word_1_569' title='bbox 364 4262 562 4334; x_wconf 87' lang='grc' dir='ltr'>πλήθει</span> <span class='ocrx_word' id='word_1_570' title='bbox 587 4262 906 4334; x_wconf 79' lang='grc' dir='ltr'>ἀρκοῦντας</span> <span class='ocrx_word' id='word_1_571' title='bbox 948 4280 962 4295; x_wconf 86' lang='grc'><strong>·</strong></span> <span class='ocrx_word' id='word_1_572' title='bbox 987 4265 1140 4334; x_wconf 85' lang='grc' dir='ltr'>ὅμως</span> <span class='ocrx_word' id='word_1_573' title='bbox 1182 4265 1269 4318; x_wconf 80' lang='grc' dir='ltr'><strong>ῖνα</strong></span> <span class='ocrx_word' id='word_1_574' title='bbox 1328 4267 1404 4338; x_wconf 85' lang='grc' dir='ltr'>μὴ</span> <span class='ocrx_word' id='word_1_575' title='bbox 1438 4265 1631 4340; x_wconf 77' lang='grc' dir='ltr'>δόξῃή</span> <span class='ocrx_word' id='word_1_576' title='bbox 1685 4270 1872 4334; x_wconf 82' lang='grc' dir='ltr'>κτίσις</span> 
     </span>
    </p>
   </div>
   <div class='ocr_carea' id='block_1_75' title="bbox 247 4348 1871 4428">
    <p class='ocr_par' dir='ltr' id='par_1_75' title="bbox 247 4348 1871 4428">
     <span class='ocr_line' id='line_1_75' title="bbox 247 4348 1871 4428; baseline 0.002 -18"><span class='ocrx_word' id='word_1_577' title='bbox 247 4353 516 4426; x_wconf 81' lang='grc' dir='ltr'>ἀλλοτρία</span> <span class='ocrx_word' id='word_1_578' title='bbox 543 4348 687 4410; x_wconf 81' lang='grc' dir='ltr'>εἶναι</span> <span class='ocrx_word' id='word_1_579' title='bbox 713 4354 814 4424; x_wconf 82' lang='grc' dir='ltr'><strong>τῆς</strong></span> <span class='ocrx_word' id='word_1_580' title='bbox 833 4355 1000 4408; x_wconf 81' lang='grc' dir='ltr'>αὑτοῦ</span> <span class='ocrx_word' id='word_1_581' title='bbox 1036 4355 1255 4424; x_wconf 74' lang='grc' dir='ltr'>σοφίας,</span> <span class='ocrx_word' id='word_1_582' title='bbox 1279 4358 1417 4428; x_wconf 81' lang='grc' dir='ltr'>αὐτῇ</span> <span class='ocrx_word' id='word_1_583' title='bbox 1448 4360 1515 4428; x_wconf 78' lang='grc' dir='ltr'>τῇ</span> <span class='ocrx_word' id='word_1_584' title='bbox 1563 4360 1741 4414; x_wconf 85' lang='grc' dir='ltr'>κτίσει</span> <span class='ocrx_word' id='word_1_585' title='bbox 1779 4359 1871 4414; x_wconf 72' lang='grc' dir='ltr'><strong>κέ-</strong></span> 
     </span>
    </p>
   </div>
   <div class='ocr_carea' id='block_1_76' title="bbox 246 4445 1869 4523">
    <p class='ocr_par' dir='ltr' id='par_1_76' title="bbox 246 4445 1869 4523">
     <span class='ocr_line' id='line_1_76' title="bbox 246 4445 1869 4523; baseline 0.003 -24"><span class='ocrx_word' id='word_1_586' title='bbox 246 4461 462 4519; x_wconf 85' lang='grc' dir='ltr'>χρηται</span> <span class='ocrx_word' id='word_1_587' title='bbox 491 4446 628 4517; x_wconf 85' lang='grc' dir='ltr'>πρὸς</span> <span class='ocrx_word' id='word_1_588' title='bbox 655 4445 755 4517; x_wconf 79' lang='grc' dir='ltr'><strong>τὴν</strong></span> <span class='ocrx_word' id='word_1_589' title='bbox 779 4445 1040 4501; x_wconf 83' lang='grc' dir='ltr'>ὑπόθεσιν</span> <span class='ocrx_word' id='word_1_590' title='bbox 1062 4447 1173 4501; x_wconf 82' lang='grc' dir='ltr'><strong>τῶν</strong></span> <span class='ocrx_word' id='word_1_591' title='bbox 1196 4446 1500 4520; x_wconf 87' lang='grc' dir='ltr'>θαυμάτων</span> <span class='ocrx_word' id='word_1_592' title='bbox 1526 4466 1540 4480; x_wconf 91' lang='grc'><strong>·</strong></span> <span class='ocrx_word' id='word_1_593' title='bbox 1570 4453 1665 4504; x_wconf 69' lang='grc' dir='ltr'>καὶ</span> <span class='ocrx_word' id='word_1_594' title='bbox 1691 4453 1869 4523; x_wconf 85' lang='grc' dir='ltr'>ἀφορ-</span> 
     </span>
    </p>
   </div>
   <div class='ocr_carea' id='block_1_77' title="bbox 249 4533 1860 4615">
    <p class='ocr_par' dir='ltr' id='par_1_77' title="bbox 249 4533 1860 4615">
     <span class='ocr_line' id='line_1_77' title="bbox 249 4533 1860 4615; baseline 0.007 -25"><span class='ocrx_word' id='word_1_595' title='bbox 249 4540 368 4613; x_wconf 76' lang='grc' dir='ltr'>μὴν</span> <span class='ocrx_word' id='word_1_596' title='bbox 420 4538 603 4594; x_wconf 74' lang='grc' dir='ltr'>λαϐὼν</span> <span class='ocrx_word' id='word_1_597' title='bbox 645 4541 770 4601; x_wconf 76' lang='grc' dir='ltr'>τοὺς</span> <span class='ocrx_word' id='word_1_598' title='bbox 811 4533 1034 4611; x_wconf 82' lang='grc' dir='ltr'>ἄρτους,</span> <span class='ocrx_word' id='word_1_599' title='bbox 1082 4539 1277 4613; x_wconf 83' lang='grc' dir='ltr'>ὥσπερ</span> <span class='ocrx_word' id='word_1_600' title='bbox 1320 4541 1458 4615; x_wconf 81' lang='grc' dir='ltr'>ὕλην</span> <span class='ocrx_word' id='word_1_601' title='bbox 1506 4546 1654 4612; x_wconf 80' lang='grc' dir='ltr'>τινὰ,</span> <span class='ocrx_word' id='word_1_602' title='bbox 1682 4545 1860 4611; x_wconf 76' lang='grc' dir='ltr'>οὕτως</span> 
     </span>
    </p>
   </div>
   <div class='ocr_carea' id='block_1_78' title="bbox 247 4632 1867 4711">
    <p class='ocr_par' dir='ltr' id='par_1_78' title="bbox 247 4632 1867 4711">
     <span class='ocr_line' id='line_1_78' title="bbox 247 4632 1867 4711; baseline 0.005 -25"><span class='ocrx_word' id='word_1_603' title='bbox 247 4633 520 4687; x_wconf 84' lang='grc' dir='ltr'>εἰδοποιεῖ</span> <span class='ocrx_word' id='word_1_604' title='bbox 572 4634 636 4686; x_wconf 79' lang='grc' dir='ltr'>τὸ</span> <span class='ocrx_word' id='word_1_605' title='bbox 689 4632 902 4702; x_wconf 77' lang='grc' dir='ltr'>θαῦμα.</span> <span class='ocrx_word' id='word_1_606' title='bbox 955 4635 1418 4705; x_wconf 65' lang='grc' dir='ltr'><strong>Αἰσχυνέσθωσαν</strong></span> <span class='ocrx_word' id='word_1_607' title='bbox 1474 4639 1522 4691; x_wconf 81' lang='grc' dir='ltr'>οἱ</span> <span class='ocrx_word' id='word_1_608' title='bbox 1570 4639 1867 4711; x_wconf 84' lang='grc' dir='ltr'>Μανιχαῖοι</span> 
     </span>
    </p>
   </div>
   <div class='ocr_carea' id='block_1_79' title="bbox 247 4722 1862 4799">
    <p class='ocr_par' dir='ltr' id='par_1_79' title="bbox 247 4722 1862 4799">
     <span class='ocr_line' id='line_1_79' title="bbox 247 4722 1862 4799; baseline 0.005 -22"><span class='ocrx_word' id='word_1_609' title='bbox 247 4723 536 4792; x_wconf 76' lang='grc' dir='ltr'>λέγοντες,</span> <span class='ocrx_word' id='word_1_610' title='bbox 563 4722 647 4776; x_wconf 81' lang='grc' dir='ltr'>ὅτι</span> <span class='ocrx_word' id='word_1_611' title='bbox 697 4726 725 4777; x_wconf 90' lang='lat'><strong>6</strong></span> <span class='ocrx_word' id='word_1_612' title='bbox 762 4724 949 4795; x_wconf 86' lang='grc' dir='ltr'>ἄρτος,</span> <span class='ocrx_word' id='word_1_613' title='bbox 979 4725 1075 4778; x_wconf 73' lang='grc' dir='ltr'>καὶ</span> <span class='ocrx_word' id='word_1_614' title='bbox 1113 4726 1295 4780; x_wconf 82' lang='grc' dir='ltr'>πάντα</span> <span class='ocrx_word' id='word_1_615' title='bbox 1318 4727 1388 4780; x_wconf 84' lang='grc' dir='ltr'><strong>τὰ</strong></span> <span class='ocrx_word' id='word_1_616' title='bbox 1445 4727 1505 4782; x_wconf 74' lang='grc' dir='ltr'><strong>ἐν</strong></span> <span class='ocrx_word' id='word_1_617' title='bbox 1536 4732 1600 4799; x_wconf 79' lang='grc' dir='ltr'><strong>τῇ</strong></span> <span class='ocrx_word' id='word_1_618' title='bbox 1663 4732 1862 4795; x_wconf 88' lang='grc' dir='ltr'>κτίσει,</span> 
     </span>
    </p>
   </div>
   <div class='ocr_carea' id='block_1_80' title="bbox 242 4814 1867 4888">
    <p class='ocr_par' dir='ltr' id='par_1_80' title="bbox 242 4814 1867 4888">
     <span class='ocr_line' id='line_1_80' title="bbox 242 4814 1867 4888; baseline 0.002 -16"><span class='ocrx_word' id='word_1_619' title='bbox 242 4814 353 4872; x_wconf 80' lang='grc' dir='ltr'><strong>τοῦ</strong></span> <span class='ocrx_word' id='word_1_620' title='bbox 373 4815 612 4885; x_wconf 85' lang='grc' dir='ltr'>πονηροῦ</span> <span class='ocrx_word' id='word_1_621' title='bbox 637 4814 778 4868; x_wconf 84' lang='grc' dir='ltr'>Θεοῦ</span> <span class='ocrx_word' id='word_1_622' title='bbox 808 4817 917 4869; x_wconf 77' lang='grc' dir='ltr'>εἱσι</span> <span class='ocrx_word' id='word_1_623' title='bbox 940 4815 1410 4888; x_wconf 75' lang='grc' dir='ltr'>δημιουργήματα</span> <span class='ocrx_word' id='word_1_624' title='bbox 1429 4836 1444 4852; x_wconf 81' lang='grc' dir='ltr'><strong>ο</strong></span> <span class='ocrx_word' id='word_1_625' title='bbox 1471 4821 1568 4873; x_wconf 75' lang='grc' dir='ltr'>καὶ</span> <span class='ocrx_word' id='word_1_626' title='bbox 1589 4819 1679 4874; x_wconf 80' lang='grc' dir='ltr'>διὰ</span> <span class='ocrx_word' id='word_1_627' title='bbox 1705 4821 1867 4875; x_wconf 89' lang='grc' dir='ltr'>τοῦτο</span> 
     </span>
    </p>
   </div>
   <div class='ocr_carea' id='block_1_81' title="bbox 244 4906 1867 4982">
    <p class='ocr_par' dir='ltr' id='par_1_81' title="bbox 244 4906 1867 4982">
     <span class='ocr_line' id='line_1_81' title="bbox 244 4906 1867 4982; baseline 0.002 -18"><span class='ocrx_word' id='word_1_628' title='bbox 244 4910 355 4965; x_wconf 75' lang='grc' dir='ltr'>ιάν</span> <span class='ocrx_word' id='word_1_629' title='bbox 385 4923 470 4971; x_wconf 87' lang='grc' dir='ltr'><strong>τις</strong></span> <span class='ocrx_word' id='word_1_630' title='bbox 501 4908 688 4971; x_wconf 82' lang='grc' dir='ltr'>αὐτοῖς</span> <span class='ocrx_word' id='word_1_631' title='bbox 712 4906 826 4978; x_wconf 82' lang='grc' dir='ltr'>δῴη</span> <span class='ocrx_word' id='word_1_632' title='bbox 851 4908 1042 4980; x_wconf 87' lang='grc' dir='ltr'>ἄρτον,</span> <span class='ocrx_word' id='word_1_633' title='bbox 1074 4910 1150 4982; x_wconf 81' lang='grc' dir='ltr'>μὴ</span> <span class='ocrx_word' id='word_1_634' title='bbox 1202 4909 1575 4981; x_wconf 78' lang='grc' dir='ltr'>λαμϐάνοντες</span> <span class='ocrx_word' id='word_1_635' title='bbox 1614 4913 1780 4968; x_wconf 79' lang='grc' dir='ltr'>αὐτὸν</span> <span class='ocrx_word' id='word_1_636' title='bbox 1802 4915 1867 4968; x_wconf 85' lang='grc' dir='ltr'>ὲκ</span> 
     </span>
    </p>
   </div>
   <div class='ocr_carea' id='block_1_82' title="bbox 242 4998 1868 5080">
    <p class='ocr_par' dir='ltr' id='par_1_82' title="bbox 242 4998 1868 5080">
     <span class='ocr_line' id='line_1_82' title="bbox 242 4998 1868 5080; baseline 0.003 -23"><span class='ocrx_word' id='word_1_637' title='bbox 242 5000 368 5057; x_wconf 82' lang='grc' dir='ltr'><strong>τῶν</strong></span> <span class='ocrx_word' id='word_1_638' title='bbox 398 4998 614 5054; x_wconf 66' lang='grc' dir='ltr'>ἐκείνου</span> <span class='ocrx_word' id='word_1_639' title='bbox 642 4999 870 5071; x_wconf 86' lang='grc' dir='ltr'>χειρῶν,</span> <span class='ocrx_word' id='word_1_640' title='bbox 893 5000 1033 5056; x_wconf 77' lang='grc' dir='ltr'>ἀλλὰ</span> <span class='ocrx_word' id='word_1_641' title='bbox 1069 5003 1355 5076; x_wconf 73' lang='grc' dir='ltr'>πόρρωθεν</span> <span class='ocrx_word' id='word_1_642' title='bbox 1392 5006 1492 5076; x_wconf 79' lang='grc' dir='ltr'>μὲν</span> <span class='ocrx_word' id='word_1_643' title='bbox 1513 5007 1680 5062; x_wconf 82' lang='grc' dir='ltr'>αὐτὸν</span> <span class='ocrx_word' id='word_1_644' title='bbox 1709 5008 1868 5080; x_wconf 78' lang='grc' dir='ltr'>ῥίψαι</span> 
     </span>
    </p>
   </div>
   <div class='ocr_carea' id='block_1_83' title="bbox 245 5092 1868 5174">
    <p class='ocr_par' dir='ltr' id='par_1_83' title="bbox 245 5092 1868 5174">
     <span class='ocr_line' id='line_1_83' title="bbox 245 5092 1868 5174; baseline 0.003 -23"><span class='ocrx_word' id='word_1_645' title='bbox 245 5092 666 5161; x_wconf 68' lang='grc' dir='ltr'>ἐπιτάττοντες,</span> <span class='ocrx_word' id='word_1_646' title='bbox 715 5092 999 5163; x_wconf 78' lang='grc' dir='ltr'>ἱστάμενοι</span> <span class='ocrx_word' id='word_1_647' title='bbox 1060 5096 1120 5149; x_wconf 72' lang='grc' dir='ltr'>δὲ</span> <span class='ocrx_word' id='word_1_648' title='bbox 1185 5099 1282 5152; x_wconf 79' lang='grc' dir='ltr'>καὶ</span> <span class='ocrx_word' id='word_1_649' title='bbox 1341 5100 1731 5172; x_wconf 86' lang='grc' dir='ltr'>καταρώμενοι</span> <span class='ocrx_word' id='word_1_650' title='bbox 1787 5102 1868 5174; x_wconf 84' lang='grc' dir='ltr'><strong>τῷ</strong></span> 
     </span>
    </p>
   </div>
   <div class='ocr_carea' id='block_1_84' title="bbox 242 5186 1861 5265">
    <p class='ocr_par' dir='ltr' id='par_1_84' title="bbox 242 5186 1861 5265">
     <span class='ocr_line' id='line_1_84' title="bbox 242 5186 1861 5265; baseline 0.004 -20"><span class='ocrx_word' id='word_1_651' title='bbox 242 5190 402 5245; x_wconf 84' lang='grc' dir='ltr'>δόντι</span> <span class='ocrx_word' id='word_1_652' title='bbox 434 5204 450 5219; x_wconf 91' lang='grc'><strong>·</strong></span> <span class='ocrx_word' id='word_1_653' title='bbox 490 5186 549 5241; x_wconf 91' lang='lat'><strong>&#39;0</strong></span> <span class='ocrx_word' id='word_1_654' title='bbox 611 5187 847 5258; x_wconf 83' lang='grc' dir='ltr'>σπείρας</span> <span class='ocrx_word' id='word_1_655' title='bbox 935 5204 1021 5253; x_wconf 87' lang='grc' dir='ltr'>σε,</span> <span class='ocrx_word' id='word_1_656' title='bbox 1077 5193 1360 5264; x_wconf 84' lang='grc' dir='ltr'>σπαρείη·</span> <span class='ocrx_word' id='word_1_657' title='bbox 1417 5195 1446 5246; x_wconf 91' lang='lat'><strong>6</strong></span> <span class='ocrx_word' id='word_1_658' title='bbox 1495 5195 1705 5265; x_wconf 84' lang='grc' dir='ltr'>ἁλήσας</span> <span class='ocrx_word' id='word_1_659' title='bbox 1775 5213 1861 5264; x_wconf 85' lang='grc' dir='ltr'><strong>σε,</strong></span> 
     </span>
    </p>
   </div>
   <div class='ocr_carea' id='block_1_85' title="bbox 248 5273 1866 5360">
    <p class='ocr_par' dir='ltr' id='par_1_85' title="bbox 248 5273 1866 5360">
     <span class='ocr_line' id='line_1_85' title="bbox 248 5273 1866 5360; baseline 0.005 -25"><span class='ocrx_word' id='word_1_660' title='bbox 248 5273 518 5353; x_wconf 71' lang='grc' dir='ltr'>ἀληθείη</span> <span class='ocrx_word' id='word_1_661' title='bbox 538 5280 639 5344; x_wconf 81' lang='grc' dir='ltr'><strong>τὰς</strong></span> <span class='ocrx_word' id='word_1_662' title='bbox 673 5280 909 5350; x_wconf 86' lang='grc' dir='ltr'>σάρκας,</span> <span class='ocrx_word' id='word_1_663' title='bbox 942 5281 1040 5336; x_wconf 80' lang='grc' dir='ltr'>καὶ</span> <span class='ocrx_word' id='word_1_664' title='bbox 1066 5282 1166 5336; x_wconf 84' lang='grc' dir='ltr'>ὃσα</span> <span class='ocrx_word' id='word_1_665' title='bbox 1189 5287 1608 5360; x_wconf 85' lang='grc' dir='ltr'>τοιουτότροπα.</span> <span class='ocrx_word' id='word_1_666' title='bbox 1638 5289 1866 5360; x_wconf 81' lang='grc' dir='ltr'>Αίσχυν·</span> 
     </span>
    </p>
   </div>
   <div class='ocr_carea' id='block_1_86' title="bbox 241 5371 1855 5448">
    <p class='ocr_par' dir='ltr' id='par_1_86' title="bbox 241 5371 1855 5448">
     <span class='ocr_line' id='line_1_86' title="bbox 241 5371 1855 5448; baseline 0.004 -17"><span class='ocrx_word' id='word_1_667' title='bbox 241 5373 506 5431; x_wconf 71' lang='grc' dir='ltr'>ἑσθωσαν</span> <span class='ocrx_word' id='word_1_668' title='bbox 559 5371 656 5429; x_wconf 80' lang='grc' dir='ltr'><strong>οὖν</strong></span> <span class='ocrx_word' id='word_1_669' title='bbox 718 5377 1055 5440; x_wconf 77' lang='grc' dir='ltr'>ἀκούοντες,</span> <span class='ocrx_word' id='word_1_670' title='bbox 1091 5378 1174 5431; x_wconf 85' lang='grc' dir='ltr'>ὅτι</span> <span class='ocrx_word' id='word_1_671' title='bbox 1218 5381 1247 5433; x_wconf 96' lang='lat'><strong>6</strong></span> <span class='ocrx_word' id='word_1_672' title='bbox 1301 5379 1397 5432; x_wconf 89' lang='grc' dir='ltr'><strong>τοῦ</strong></span> <span class='ocrx_word' id='word_1_673' title='bbox 1456 5381 1666 5448; x_wconf 83' lang='grc' dir='ltr'>ἀγαθοῦ</span> <span class='ocrx_word' id='word_1_674' title='bbox 1717 5382 1855 5437; x_wconf 87' lang='grc' dir='ltr'>Θεοῦ</span> 
     </span>
    </p>
   </div>
   <div class='ocr_carea' id='block_1_87' title="bbox 239 5467 1861 5546">
    <p class='ocr_par' dir='ltr' id='par_1_87' title="bbox 239 5467 1861 5546">
     <span class='ocr_line' id='line_1_87' title="bbox 239 5467 1861 5546; baseline 0.005 -23"><span class='ocrx_word' id='word_1_675' title='bbox 239 5467 386 5531; x_wconf 82' lang='grc' dir='ltr'>Υίδς</span> <span class='ocrx_word' id='word_1_676' title='bbox 440 5468 468 5521; x_wconf 89' lang='lat'><strong>6</strong></span> <span class='ocrx_word' id='word_1_677' title='bbox 503 5468 763 5546; x_wconf 83' lang='grc' dir='ltr'>Χριστὸς,</span> <span class='ocrx_word' id='word_1_678' title='bbox 817 5471 1019 5544; x_wconf 79' lang='grc' dir='ltr'>ἄρτους</span> <span class='ocrx_word' id='word_1_679' title='bbox 1083 5471 1410 5545; x_wconf 76' lang='grc' dir='ltr'>ἐπλήθυνεν.</span> <span class='ocrx_word' id='word_1_680' title='bbox 1457 5476 1520 5528; x_wconf 74' lang='lat' dir='ltr'><strong>Et</strong></span> <span class='ocrx_word' id='word_1_681' title='bbox 1586 5475 1643 5528; x_wconf 84' lang='grc' dir='ltr'>δὲ</span> <span class='ocrx_word' id='word_1_682' title='bbox 1688 5479 1861 5533; x_wconf 85' lang='grc' dir='ltr'>κακὸν</span> 
     </span>
    </p>
   </div>
   <div class='ocr_carea' id='block_1_88' title="bbox 235 5556 1854 5641">
    <p class='ocr_par' dir='ltr' id='par_1_88' title="bbox 235 5556 1854 5641">
     <span class='ocr_line' id='line_1_88' title="bbox 235 5556 1854 5641; baseline 0.008 -30"><span class='ocrx_word' id='word_1_683' title='bbox 235 5556 394 5632; x_wconf 75' lang='grc' dir='ltr'>ἦσαν</span> <span class='ocrx_word' id='word_1_684' title='bbox 426 5560 660 5630; x_wconf 85' lang='grc' dir='ltr'>κτίσμα,</span> <span class='ocrx_word' id='word_1_685' title='bbox 700 5561 800 5615; x_wconf 77' lang='grc' dir='ltr'>οὐκ</span> <span class='ocrx_word' id='word_1_686' title='bbox 832 5563 899 5616; x_wconf 86' lang='grc' dir='ltr'>ἂν</span> <span class='ocrx_word' id='word_1_687' title='bbox 938 5563 967 5615; x_wconf 89' lang='lat'><strong>6</strong></span> <span class='ocrx_word' id='word_1_688' title='bbox 996 5564 1201 5633; x_wconf 80' lang='grc' dir='ltr'>ἀγαθὸς</span> <span class='ocrx_word' id='word_1_689' title='bbox 1226 5565 1288 5619; x_wconf 81' lang='grc' dir='ltr'>τὸ</span> <span class='ocrx_word' id='word_1_690' title='bbox 1325 5568 1497 5621; x_wconf 87' lang='grc' dir='ltr'>κακὸν</span> <span class='ocrx_word' id='word_1_691' title='bbox 1527 5569 1854 5641; x_wconf 76' lang='grc' dir='ltr'>ἐπλήθυνεν,</span> 
     </span>
    </p>
   </div>
   <div class='ocr_carea' id='block_1_89' title="bbox 240 5649 1854 5735">
    <p class='ocr_par' dir='ltr' id='par_1_89' title="bbox 240 5649 1854 5735">
     <span class='ocr_line' id='line_1_89' title="bbox 240 5649 1854 5735; baseline 0.006 -29"><span class='ocrx_word' id='word_1_692' title='bbox 240 5653 341 5706; x_wconf 83' lang='grc' dir='ltr'>ἶνα</span> <span class='ocrx_word' id='word_1_693' title='bbox 373 5649 449 5722; x_wconf 80' lang='grc' dir='ltr'>μὴ</span> <span class='ocrx_word' id='word_1_694' title='bbox 480 5650 627 5720; x_wconf 82' lang='grc' dir='ltr'>λέγω</span> <span class='ocrx_word' id='word_1_695' title='bbox 654 5651 751 5706; x_wconf 71' lang='grc' dir='ltr'>καὶ</span> <span class='ocrx_word' id='word_1_696' title='bbox 782 5651 948 5717; x_wconf 81' lang='grc' dir='ltr'>αὐτὸς</span> <span class='ocrx_word' id='word_1_697' title='bbox 982 5653 1184 5725; x_wconf 86' lang='grc' dir='ltr'>ἄρτους</span> <span class='ocrx_word' id='word_1_698' title='bbox 1216 5657 1428 5728; x_wconf 75' lang='grc' dir='ltr'>ἢσθιεν.</span> <span class='ocrx_word' id='word_1_699' title='bbox 1461 5659 1605 5714; x_wconf 82' lang='grc' dir='ltr'>Ἀλλ’</span> <span class='ocrx_word' id='word_1_700' title='bbox 1635 5663 1854 5735; x_wconf 77' lang='grc' dir='ltr'>ἐρωτήο</span> 
     </span>
    </p>
   </div>
   <div class='ocr_carea' id='block_1_90' title="bbox 241 5739 1857 5828">
    <p class='ocr_par' dir='ltr' id='par_1_90' title="bbox 241 5739 1857 5828">
     <span class='ocr_line' id='line_1_90' title="bbox 241 5739 1857 5828; baseline 0.012 -33"><span class='ocrx_word' id='word_1_701' title='bbox 241 5758 337 5796; x_wconf 83' lang='grc' dir='ltr'>σοι</span> <span class='ocrx_word' id='word_1_702' title='bbox 392 5741 461 5796; x_wconf 89' lang='grc' dir='ltr'><strong>ἄν</strong></span> <span class='ocrx_word' id='word_1_703' title='bbox 517 5760 604 5808; x_wconf 88' lang='grc' dir='ltr'><strong>τις</strong></span> <span class='ocrx_word' id='word_1_704' title='bbox 647 5761 661 5775; x_wconf 90' lang='grc'><strong>·</strong></span> <span class='ocrx_word' id='word_1_705' title='bbox 697 5739 844 5816; x_wconf 76' lang='grc' dir='ltr'><strong>Ἀρα</strong></span> <span class='ocrx_word' id='word_1_706' title='bbox 868 5745 1027 5800; x_wconf 88' lang='grc' dir='ltr'>τοῦτο</span> <span class='ocrx_word' id='word_1_707' title='bbox 1070 5748 1133 5800; x_wconf 81' lang='grc' dir='ltr'>τὸ</span> <span class='ocrx_word' id='word_1_708' title='bbox 1166 5750 1277 5804; x_wconf 84' lang='grc' dir='ltr'><strong>τῶν</strong></span> <span class='ocrx_word' id='word_1_709' title='bbox 1305 5753 1488 5824; x_wconf 79' lang='grc' dir='ltr'>ἄρτων</span> <span class='ocrx_word' id='word_1_710' title='bbox 1548 5754 1760 5828; x_wconf 87' lang='grc' dir='ltr'>θαῦμα,</span> <span class='ocrx_word' id='word_1_711' title='bbox 1794 5760 1857 5815; x_wconf 84' lang='grc' dir='ltr'><strong>τὸ</strong></span> 
     </span>
    </p>
   </div>
   <div class='ocr_carea' id='block_1_91' title="bbox 327 5925 1449 6006">
    <p class='ocr_par' dir='ltr' id='par_1_91' title="bbox 327 5925 1449 6006">
     <span class='ocr_line' id='line_1_91' title="bbox 327 5925 1449 6006; baseline 0.015 -29"><span class='ocrx_word' id='word_1_712' title='bbox 327 5925 372 5959; x_wconf 83' lang='grc'><strong>³⁸</strong></span> <span class='ocrx_word' id='word_1_713' title='bbox 393 5925 552 5980; x_wconf 79' lang='lat' dir='ltr'><strong>Joan.</strong></span> <span class='ocrx_word' id='word_1_714' title='bbox 587 5944 696 5991; x_wconf 74' lang='lat' dir='ltr'><strong>xiv,</strong></span> <span class='ocrx_word' id='word_1_715' title='bbox 729 5930 782 5991; x_wconf 67' lang='lat'><strong>8,</strong></span> <span class='ocrx_word' id='word_1_716' title='bbox 805 5930 854 5980; x_wconf 78' lang='grc' dir='ltr'>θ.</span> <span class='ocrx_word' id='word_1_717' title='bbox 937 5932 980 5962; x_wconf 68' lang='grc'><strong>³⁸</strong></span> <span class='ocrx_word' id='word_1_718' title='bbox 1006 5932 1068 5984; x_wconf 89' lang='grc'><strong>111</strong></span> <span class='ocrx_word' id='word_1_719' title='bbox 1097 5933 1224 6004; x_wconf 67' lang='lat' dir='ltr'><strong>Reg.</strong></span> <span class='ocrx_word' id='word_1_720' title='bbox 1261 5955 1334 6006; x_wconf 80' lang='lat' dir='ltr'><strong>tv,</strong></span> <span class='ocrx_word' id='word_1_721' title='bbox 1360 5941 1449 5994; x_wconf 78' lang='lat'><strong>&#39;58.</strong></span> 
     </span>
    </p>
   </div>
   <div class='ocr_carea' id='block_1_92' title="bbox 1985 3428 3598 3502">
    <p class='ocr_par' dir='ltr' id='par_1_92' title="bbox 1985 3428 3598 3502">
     <span class='ocr_line' id='line_1_92' title="bbox 1985 3428 3598 3502; baseline 0 -18"><span class='ocrx_word' id='word_1_722' title='bbox 1985 3432 2159 3486; x_wconf 79' lang='lat' dir='ltr'><strong>maria</strong></span> <span class='ocrx_word' id='word_1_723' title='bbox 2195 3434 2248 3486; x_wconf 91' lang='lat' dir='ltr'><strong>in</strong></span> <span class='ocrx_word' id='word_1_724' title='bbox 2301 3443 2608 3486; x_wconf 79' lang='lat' dir='ltr'><strong>extremam</strong></span> <span class='ocrx_word' id='word_1_725' title='bbox 2643 3432 2891 3487; x_wconf 87' lang='lat' dir='ltr'><strong>venisset</strong></span> <span class='ocrx_word' id='word_1_726' title='bbox 2943 3432 3192 3502; x_wconf 86' lang='lat' dir='ltr'><strong>in0piant</strong></span> <span class='ocrx_word' id='word_1_727' title='bbox 3221 3431 3290 3486; x_wconf 77' lang='grc'><strong>³⁸.</strong></span> <span class='ocrx_word' id='word_1_728' title='bbox 3327 3449 3344 3482; x_wconf 75' lang='grc' dir='ltr'><strong>ι</strong></span> <span class='ocrx_word' id='word_1_729' title='bbox 3380 3428 3598 3486; x_wconf 82' lang='lat' dir='ltr'><strong>Redar-</strong></span> 
     </span>
    </p>
   </div>
   <div class='ocr_carea' id='block_1_93' title="bbox 1981 3523 3600 3598">
    <p class='ocr_par' dir='ltr' id='par_1_93' title="bbox 1981 3523 3600 3598">
     <span class='ocr_line' id='line_1_93' title="bbox 1981 3523 3600 3598; baseline 0.001 -21"><span class='ocrx_word' id='word_1_730' title='bbox 1981 3528 2168 3598; x_wconf 74' lang='lat' dir='ltr'><strong>guitur</strong></span> <span class='ocrx_word' id='word_1_731' title='bbox 2200 3536 2382 3581; x_wconf 86' lang='lat' dir='ltr'><strong>tamen</strong></span> <span class='ocrx_word' id='word_1_732' title='bbox 2409 3537 2464 3580; x_wconf 89' lang='lat' dir='ltr'><strong>et</strong></span> <span class='ocrx_word' id='word_1_733' title='bbox 2492 3525 2744 3580; x_wconf 85' lang='lat' dir='ltr'><strong>Andreas</strong></span> <span class='ocrx_word' id='word_1_734' title='bbox 2768 3524 3150 3594; x_wconf 78' lang='lat' dir='ltr'><strong>nihildignum</strong></span> <span class='ocrx_word' id='word_1_735' title='bbox 3181 3524 3415 3578; x_wconf 87' lang='lat' dir='ltr'><strong>Domino</strong></span> <span class='ocrx_word' id='word_1_736' title='bbox 3448 3523 3600 3595; x_wconf 77' lang='lat' dir='ltr'><strong>cogi-</strong></span> 
     </span>
    </p>
   </div>
   <div class='ocr_carea' id='block_1_94' title="bbox 1983 3618 3596 3689">
    <p class='ocr_par' dir='ltr' id='par_1_94' title="bbox 1983 3618 3596 3689">
     <span class='ocr_line' id='line_1_94' title="bbox 1983 3618 3596 3689; baseline -0.001 -16"><span class='ocrx_word' id='word_1_737' title='bbox 1983 3627 2126 3675; x_wconf 85' lang='lat' dir='ltr'><strong>tans.</strong></span> <span class='ocrx_word' id='word_1_738' title='bbox 2146 3618 2291 3674; x_wconf 89' lang='lat' dir='ltr'><strong>Dicit</strong></span> <span class='ocrx_word' id='word_1_739' title='bbox 2317 3620 2502 3674; x_wconf 87' lang='lat' dir='ltr'><strong>enim:</strong></span> <span class='ocrx_word' id='word_1_740' title='bbox 2531 3638 2548 3671; x_wconf 79' lang='grc' dir='ltr'><strong>ι</strong></span> <span class='ocrx_word' id='word_1_741' title='bbox 2590 3618 2698 3674; x_wconf 89' lang='lat' dir='ltr'><strong>Sed</strong></span> <span class='ocrx_word' id='word_1_742' title='bbox 2729 3622 2845 3675; x_wconf 64' lang='lat' dir='ltr'><strong>haec</strong></span> <span class='ocrx_word' id='word_1_743' title='bbox 2875 3619 3097 3689; x_wconf 82' lang='lat' dir='ltr'><strong>quidem</strong></span> <span class='ocrx_word' id='word_1_744' title='bbox 3129 3627 3258 3673; x_wconf 81' lang='lat' dir='ltr'><strong>sunt</strong></span> <span class='ocrx_word' id='word_1_745' title='bbox 3290 3619 3434 3672; x_wconf 89' lang='lat' dir='ltr'><strong>inter</strong></span> <span class='ocrx_word' id='word_1_746' title='bbox 3483 3630 3596 3672; x_wconf 82' lang='lat' dir='ltr'><strong>tant</strong></span> 
     </span>
    </p>
   </div>
   <div class='ocr_carea' id='block_1_95' title="bbox 1981 3709 3595 3782">
    <p class='ocr_par' dir='ltr' id='par_1_95' title="bbox 1981 3709 3595 3782">
     <span class='ocr_line' id='line_1_95' title="bbox 1981 3709 3595 3782; baseline 0.001 -17"><span class='ocrx_word' id='word_1_747' title='bbox 1981 3712 2224 3767; x_wconf 76' lang='lat' dir='ltr'><strong>multos?</strong></span> <span class='ocrx_word' id='word_1_748' title='bbox 2255 3730 2274 3764; x_wconf 78' lang='grc' dir='ltr'><strong>ι</strong></span> <span class='ocrx_word' id='word_1_749' title='bbox 2313 3711 2691 3767; x_wconf 80' lang='lat' dir='ltr'><strong>Existimabat-</strong></span> <span class='ocrx_word' id='word_1_750' title='bbox 2729 3713 2878 3767; x_wconf 90' lang='lat' dir='ltr'><strong>enim</strong></span> <span class='ocrx_word' id='word_1_751' title='bbox 2916 3713 3062 3782; x_wconf 92' lang='lat' dir='ltr'><strong>quod</strong></span> <span class='ocrx_word' id='word_1_752' title='bbox 3120 3709 3595 3781; x_wconf 76' lang='lat' dir='ltr'><strong>multiplicaturus</strong></span> 
     </span>
    </p>
   </div>
   <div class='ocr_carea' id='block_1_96' title="bbox 1978 3804 3586 3876">
    <p class='ocr_par' dir='ltr' id='par_1_96' title="bbox 1978 3804 3586 3876">
     <span class='ocr_line' id='line_1_96' title="bbox 1978 3804 3586 3876; baseline -0.002 -17"><span class='ocrx_word' id='word_1_753' title='bbox 1978 3808 2199 3876; x_wconf 88' lang='lat' dir='ltr'><strong>quidem</strong></span> <span class='ocrx_word' id='word_1_754' title='bbox 2225 3821 2395 3876; x_wconf 84' lang='lat' dir='ltr'><strong>panes</strong></span> <span class='ocrx_word' id='word_1_755' title='bbox 2431 3815 2579 3862; x_wconf 83' lang='lat' dir='ltr'><strong>esset</strong></span> <span class='ocrx_word' id='word_1_756' title='bbox 2614 3805 2896 3871; x_wconf 82' lang='lat' dir='ltr'><strong>Dominus,</strong></span> <span class='ocrx_word' id='word_1_757' title='bbox 2926 3805 3022 3860; x_wconf 85' lang='lat' dir='ltr'><strong>sed</strong></span> <span class='ocrx_word' id='word_1_758' title='bbox 3064 3804 3109 3859; x_wconf 87' lang='lat' dir='ltr'><strong>si</strong></span> <span class='ocrx_word' id='word_1_759' title='bbox 3142 3813 3335 3859; x_wconf 84' lang='lat' dir='ltr'><strong>essent</strong></span> <span class='ocrx_word' id='word_1_760' title='bbox 3372 3804 3586 3875; x_wconf 86' lang='lat' dir='ltr'><strong>plures,</strong></span> 
     </span>
    </p>
   </div>
   <div class='ocr_carea' id='block_1_97' title="bbox 1977 3896 3595 3971">
    <p class='ocr_par' dir='ltr' id='par_1_97' title="bbox 1977 3896 3595 3971">
     <span class='ocr_line' id='line_1_97' title="bbox 1977 3896 3595 3971; baseline -0.002 -17"><span class='ocrx_word' id='word_1_761' title='bbox 1977 3899 2155 3971; x_wconf 82' lang='lat' dir='ltr'><strong>major</strong></span> <span class='ocrx_word' id='word_1_762' title='bbox 2206 3911 2263 3955; x_wconf 88' lang='lat' dir='ltr'><strong>et</strong></span> <span class='ocrx_word' id='word_1_763' title='bbox 2318 3899 2706 3969; x_wconf 84' lang='lat' dir='ltr'><strong>multiplicatio</strong></span> <span class='ocrx_word' id='word_1_764' title='bbox 2739 3896 2924 3952; x_wconf 79' lang='lat' dir='ltr'><strong>futura</strong></span> <span class='ocrx_word' id='word_1_765' title='bbox 2973 3907 3143 3963; x_wconf 85' lang='lat' dir='ltr'><strong>esset,</strong></span> <span class='ocrx_word' id='word_1_766' title='bbox 3170 3911 3200 3950; x_wconf 84' lang='lat' dir='ltr'><strong>a</strong></span> <span class='ocrx_word' id='word_1_767' title='bbox 3234 3905 3385 3952; x_wconf 89' lang='lat' dir='ltr'><strong>recto</strong></span> <span class='ocrx_word' id='word_1_768' title='bbox 3425 3911 3595 3952; x_wconf 80' lang='lat' dir='ltr'><strong>sensti</strong></span> 
     </span>
    </p>
   </div>
   <div class='ocr_carea' id='block_1_98' title="bbox 1977 3989 3597 4066">
    <p class='ocr_par' dir='ltr' id='par_1_98' title="bbox 1977 3989 3597 4066">
     <span class='ocr_line' id='line_1_98' title="bbox 1977 3989 3597 4066; baseline -0.001 -18"><span class='ocrx_word' id='word_1_769' title='bbox 1977 4009 2208 4066; x_wconf 86' lang='lat' dir='ltr'><strong>prorsus</strong></span> <span class='ocrx_word' id='word_1_770' title='bbox 2264 3995 2556 4049; x_wconf 87' lang='lat' dir='ltr'><strong>aberrans.</strong></span> <span class='ocrx_word' id='word_1_771' title='bbox 2605 3990 2746 4048; x_wconf 85' lang='lat' dir='ltr'><strong>Nam</strong></span> <span class='ocrx_word' id='word_1_772' title='bbox 2799 3992 3069 4049; x_wconf 76' lang='lat' dir='ltr'><strong>Doiniuus</strong></span> <span class='ocrx_word' id='word_1_773' title='bbox 3089 3990 3382 4047; x_wconf 72' lang='lat' dir='ltr'><strong>~etiamex</strong></span> <span class='ocrx_word' id='word_1_774' title='bbox 3417 3989 3597 4047; x_wconf 85' lang='lat' dir='ltr'><strong>nihilo</strong></span> 
     </span>
    </p>
   </div>
   <div class='ocr_carea' id='block_1_99' title="bbox 1975 4083 3592 4158">
    <p class='ocr_par' dir='ltr' id='par_1_99' title="bbox 1975 4083 3592 4158">
     <span class='ocr_line' id='line_1_99' title="bbox 1975 4083 3592 4158; baseline -0.002 -16"><span class='ocrx_word' id='word_1_775' title='bbox 1975 4089 2248 4158; x_wconf 86' lang='lat' dir='ltr'><strong>potuisset</strong></span> <span class='ocrx_word' id='word_1_776' title='bbox 2286 4103 2458 4157; x_wconf 86' lang='lat' dir='ltr'><strong>panes</strong></span> <span class='ocrx_word' id='word_1_777' title='bbox 2487 4089 2694 4152; x_wconf 77' lang='lat' dir='ltr'><strong>facere,</strong></span> <span class='ocrx_word' id='word_1_778' title='bbox 2717 4085 2809 4157; x_wconf 89' lang='lat' dir='ltr'><strong>qui</strong></span> <span class='ocrx_word' id='word_1_779' title='bbox 2848 4084 3020 4141; x_wconf 65' lang='lat' dir='ltr'><strong>turbae</strong></span> <span class='ocrx_word' id='word_1_780' title='bbox 3064 4083 3383 4141; x_wconf 77' lang='lat' dir='ltr'><strong>sumcerent</strong></span> <span class='ocrx_word' id='word_1_781' title='bbox 3410 4103 3426 4140; x_wconf 88' lang='lat'><strong>:</strong></span> <span class='ocrx_word' id='word_1_782' title='bbox 3451 4091 3592 4139; x_wconf 67' lang='lat' dir='ltr'><strong>atta-.</strong></span> 
     </span>
    </p>
   </div>
   <div class='ocr_carea' id='block_1_100' title="bbox 1977 4177 3593 4247">
    <p class='ocr_par' dir='ltr' id='par_1_100' title="bbox 1977 4177 3593 4247">
     <span class='ocr_line' id='line_1_100' title="bbox 1977 4177 3593 4247; baseline 0.001 -15"><span class='ocrx_word' id='word_1_783' title='bbox 1977 4193 2101 4234; x_wconf 79' lang='lat' dir='ltr'><strong>treu</strong></span> <span class='ocrx_word' id='word_1_784' title='bbox 2135 4195 2204 4235; x_wconf 91' lang='lat' dir='ltr'><strong>ne</strong></span> <span class='ocrx_word' id='word_1_785' title='bbox 2236 4181 2516 4235; x_wconf 84' lang='lat' dir='ltr'><strong>videretur</strong></span> <span class='ocrx_word' id='word_1_786' title='bbox 2560 4187 2816 4234; x_wconf 87' lang='lat' dir='ltr'><strong>creatura</strong></span> <span class='ocrx_word' id='word_1_787' title='bbox 2850 4193 2961 4234; x_wconf 92' lang='lat' dir='ltr'><strong>non</strong></span> <span class='ocrx_word' id='word_1_788' title='bbox 2995 4191 3118 4233; x_wconf 91' lang='lat' dir='ltr'><strong>esse</strong></span> <span class='ocrx_word' id='word_1_789' title='bbox 3167 4191 3233 4233; x_wconf 78' lang='lat' dir='ltr'><strong>ex</strong></span> <span class='ocrx_word' id='word_1_790' title='bbox 3283 4177 3457 4247; x_wconf 77' lang='lat' dir='ltr'><strong>ipsius</strong></span> <span class='ocrx_word' id='word_1_791' title='bbox 3499 4190 3593 4233; x_wconf 78' lang='lat' dir='ltr'><strong>sa-</strong></span> 
     </span>
    </p>
   </div>
   <div class='ocr_carea' id='block_1_101' title="bbox 1975 4270 3591 4341">
    <p class='ocr_par' dir='ltr' id='par_1_101' title="bbox 1975 4270 3591 4341">
     <span class='ocr_line' id='line_1_101' title="bbox 1975 4270 3591 4341; baseline 0 -15"><span class='ocrx_word' id='word_1_792' title='bbox 1975 4273 2206 4340; x_wconf 86' lang='lat' dir='ltr'><strong>pientia,</strong></span> <span class='ocrx_word' id='word_1_793' title='bbox 2237 4275 2356 4341; x_wconf 82' lang='lat' dir='ltr'><strong>ipsa</strong></span> <span class='ocrx_word' id='word_1_794' title='bbox 2411 4280 2669 4327; x_wconf 87' lang='lat' dir='ltr'><strong>creatura</strong></span> <span class='ocrx_word' id='word_1_795' title='bbox 2703 4287 2835 4328; x_wconf 90' lang='lat' dir='ltr'><strong>usus</strong></span> <span class='ocrx_word' id='word_1_796' title='bbox 2870 4281 2957 4326; x_wconf 83' lang='lat' dir='ltr'><strong>est</strong></span> <span class='ocrx_word' id='word_1_797' title='bbox 2987 4271 3041 4327; x_wconf 84' lang='lat' dir='ltr'><strong>in</strong></span> <span class='ocrx_word' id='word_1_798' title='bbox 3091 4270 3380 4326; x_wconf 84' lang='lat' dir='ltr'><strong>materiam</strong></span> <span class='ocrx_word' id='word_1_799' title='bbox 3418 4270 3591 4340; x_wconf 78' lang='lat' dir='ltr'><strong>mira-</strong></span> 
     </span>
    </p>
   </div>
   <div class='ocr_carea' id='block_1_102' title="bbox 1974 4362 3580 4434">
    <p class='ocr_par' dir='ltr' id='par_1_102' title="bbox 1974 4362 3580 4434">
     <span class='ocr_line' id='line_1_102' title="bbox 1974 4362 3580 4434; baseline -0.002 -12"><span class='ocrx_word' id='word_1_800' title='bbox 1974 4365 2317 4432; x_wconf 90' lang='lat' dir='ltr'><strong>culorum,et</strong></span> <span class='ocrx_word' id='word_1_801' title='bbox 2353 4365 2601 4434; x_wconf 88' lang='lat' dir='ltr'><strong>acceptis</strong></span> <span class='ocrx_word' id='word_1_802' title='bbox 2635 4365 2878 4434; x_wconf 83' lang='lat' dir='ltr'><strong>quinque</strong></span> <span class='ocrx_word' id='word_1_803' title='bbox 2918 4363 3157 4433; x_wconf 88' lang='lat' dir='ltr'><strong>panibus</strong></span> <span class='ocrx_word' id='word_1_804' title='bbox 3209 4362 3288 4417; x_wconf 90' lang='lat' dir='ltr'><strong>nti</strong></span> <span class='ocrx_word' id='word_1_805' title='bbox 3343 4362 3580 4418; x_wconf 83' lang='lat' dir='ltr'><strong>materia</strong></span> 
     </span>
    </p>
   </div>
   <div class='ocr_carea' id='block_1_103' title="bbox 1973 4453 3589 4530">
    <p class='ocr_par' dir='ltr' id='par_1_103' title="bbox 1973 4453 3589 4530">
     <span class='ocr_line' id='line_1_103' title="bbox 1973 4453 3589 4530; baseline -0.001 -18"><span class='ocrx_word' id='word_1_806' title='bbox 1973 4462 2231 4530; x_wconf 84' lang='lat' dir='ltr'><strong>quadam,</strong></span> <span class='ocrx_word' id='word_1_807' title='bbox 2257 4457 2577 4529; x_wconf 67' lang='lat' dir='ltr'><strong>praeclarum</strong></span> <span class='ocrx_word' id='word_1_808' title='bbox 2617 4458 2762 4513; x_wconf 86' lang='lat' dir='ltr'><strong>istud</strong></span> <span class='ocrx_word' id='word_1_809' title='bbox 2795 4457 3120 4512; x_wconf 88' lang='lat' dir='ltr'><strong>miraculum</strong></span> <span class='ocrx_word' id='word_1_810' title='bbox 3156 4453 3309 4512; x_wconf 81' lang='lat' dir='ltr'><strong>fecit.</strong></span> <span class='ocrx_word' id='word_1_811' title='bbox 3331 4454 3589 4514; x_wconf 79' lang='lat' dir='ltr'><strong>Confun-</strong></span> 
     </span>
    </p>
   </div>
   <div class='ocr_carea' id='block_1_104' title="bbox 1973 4545 3590 4620">
    <p class='ocr_par' dir='ltr' id='par_1_104' title="bbox 1973 4545 3590 4620">
     <span class='ocr_line' id='line_1_104' title="bbox 1973 4545 3590 4620; baseline -0.001 -13"><span class='ocrx_word' id='word_1_812' title='bbox 1973 4545 2540 4618; x_wconf 54' lang='lat' dir='ltr'><strong>dantur&#39;htanichaei,</strong></span> <span class='ocrx_word' id='word_1_813' title='bbox 2572 4551 2822 4607; x_wconf 86' lang='lat' dir='ltr'><strong>dicentes</strong></span> <span class='ocrx_word' id='word_1_814' title='bbox 2863 4550 3014 4620; x_wconf 89' lang='lat' dir='ltr'><strong>quod</strong></span> <span class='ocrx_word' id='word_1_815' title='bbox 3065 4551 3224 4620; x_wconf 80' lang='lat' dir='ltr'><strong>panis</strong></span> <span class='ocrx_word' id='word_1_816' title='bbox 3282 4559 3340 4605; x_wconf 88' lang='lat' dir='ltr'><strong>et</strong></span> <span class='ocrx_word' id='word_1_817' title='bbox 3389 4562 3590 4606; x_wconf 80' lang='lat' dir='ltr'><strong>omnes</strong></span> 
     </span>
    </p>
   </div>
   <div class='ocr_carea' id='block_1_105' title="bbox 1971 4641 3588 4714">
    <p class='ocr_par' dir='ltr' id='par_1_105' title="bbox 1971 4641 3588 4714">
     <span class='ocr_line' id='line_1_105' title="bbox 1971 4641 3588 4714; baseline 0 -14"><span class='ocrx_word' id='word_1_818' title='bbox 1971 4654 2244 4701; x_wconf 69' lang='lat' dir='ltr'><strong>creatura:</strong></span> <span class='ocrx_word' id='word_1_819' title='bbox 2301 4643 2460 4699; x_wconf 72' lang='lat' dir='ltr'><strong>factm</strong></span> <span class='ocrx_word' id='word_1_820' title='bbox 2514 4644 2687 4699; x_wconf 87' lang='lat' dir='ltr'><strong>sinta</strong></span> <span class='ocrx_word' id='word_1_821' title='bbox 2720 4642 3476 4714; x_wconf 83' lang='lat' dir='ltr'><strong>mato‘Deo:etpr0ptcrea</strong></span> <span class='ocrx_word' id='word_1_822' title='bbox 3536 4641 3588 4700; x_wconf 69' lang='lat' dir='ltr'><strong>ei</strong></span> 
     </span>
    </p>
   </div>
   <div class='ocr_carea' id='block_1_106' title="bbox 1971 4735 3587 4809">
    <p class='ocr_par' dir='ltr' id='par_1_106' title="bbox 1971 4735 3587 4809">
     <span class='ocr_line' id='line_1_106' title="bbox 1971 4735 3587 4809; baseline 0 -17"><span class='ocrx_word' id='word_1_823' title='bbox 1971 4739 2098 4809; x_wconf 84' lang='lat' dir='ltr'><strong>quis</strong></span> <span class='ocrx_word' id='word_1_824' title='bbox 2155 4737 2370 4798; x_wconf 89' lang='lat' dir='ltr'><strong>dederit</strong></span> <span class='ocrx_word' id='word_1_825' title='bbox 2420 4735 2503 4792; x_wconf 88' lang='lat' dir='ltr'><strong>eis</strong></span> <span class='ocrx_word' id='word_1_826' title='bbox 2553 4751 2778 4807; x_wconf 87' lang='lat' dir='ltr'><strong>panem,</strong></span> <span class='ocrx_word' id='word_1_827' title='bbox 2811 4753 2918 4792; x_wconf 92' lang='lat' dir='ltr'><strong>non</strong></span> <span class='ocrx_word' id='word_1_828' title='bbox 2977 4735 3262 4807; x_wconf 87' lang='lat' dir='ltr'><strong>accipiunt</strong></span> <span class='ocrx_word' id='word_1_829' title='bbox 3310 4735 3466 4792; x_wconf 89' lang='lat' dir='ltr'><strong>illum</strong></span> <span class='ocrx_word' id='word_1_830' title='bbox 3515 4736 3587 4792; x_wconf 89' lang='lat' dir='ltr'><strong>de</strong></span> 
     </span>
    </p>
   </div>
   <div class='ocr_carea' id='block_1_107' title="bbox 1975 4827 3584 4901">
    <p class='ocr_par' dir='ltr' id='par_1_107' title="bbox 1975 4827 3584 4901">
     <span class='ocr_line' id='line_1_107' title="bbox 1975 4827 3584 4901; baseline 0.002 -18"><span class='ocrx_word' id='word_1_831' title='bbox 1975 4828 2226 4886; x_wconf 89' lang='lat' dir='ltr'><strong>manibus</strong></span> <span class='ocrx_word' id='word_1_832' title='bbox 2260 4828 2425 4894; x_wconf 85' lang='lat' dir='ltr'><strong>illius,</strong></span> <span class='ocrx_word' id='word_1_833' title='bbox 2451 4828 2548 4885; x_wconf 89' lang='lat' dir='ltr'><strong>sed</strong></span> <span class='ocrx_word' id='word_1_834' title='bbox 2597 4829 2790 4900; x_wconf 86' lang='lat' dir='ltr'><strong>procul</strong></span> <span class='ocrx_word' id='word_1_835' title='bbox 2823 4829 3050 4900; x_wconf 89' lang='lat' dir='ltr'><strong>quidem</strong></span> <span class='ocrx_word' id='word_1_836' title='bbox 3102 4828 3254 4884; x_wconf 88' lang='lat' dir='ltr'><strong>illum</strong></span> <span class='ocrx_word' id='word_1_837' title='bbox 3295 4827 3458 4898; x_wconf 81' lang='lat' dir='ltr'><strong>abjiei</strong></span> <span class='ocrx_word' id='word_1_838' title='bbox 3486 4827 3584 4901; x_wconf 76' lang='lat' dir='ltr'><strong>ju-</strong></span> 
     </span>
    </p>
   </div>
   <div class='ocr_carea' id='block_1_108' title="bbox 1971 4921 3583 4992">
    <p class='ocr_par' dir='ltr' id='par_1_108' title="bbox 1971 4921 3583 4992">
     <span class='ocr_line' id='line_1_108' title="bbox 1971 4921 3583 4992; baseline -0.001 -13"><span class='ocrx_word' id='word_1_839' title='bbox 1971 4921 2126 4990; x_wconf 86' lang='lat' dir='ltr'><strong>beut,</strong></span> <span class='ocrx_word' id='word_1_840' title='bbox 2170 4930 2382 4977; x_wconf 89' lang='lat' dir='ltr'><strong>stantes</strong></span> <span class='ocrx_word' id='word_1_841' title='bbox 2415 4931 2622 4989; x_wconf 90' lang='lat' dir='ltr'><strong>autem,</strong></span> <span class='ocrx_word' id='word_1_842' title='bbox 2651 4928 2706 4976; x_wconf 92' lang='lat' dir='ltr'><strong>et</strong></span> <span class='ocrx_word' id='word_1_843' title='bbox 2757 4921 3148 4978; x_wconf 84' lang='lat' dir='ltr'><strong>maledicentes</strong></span> <span class='ocrx_word' id='word_1_844' title='bbox 3181 4921 3234 4977; x_wconf 91' lang='lat' dir='ltr'><strong>ei</strong></span> <span class='ocrx_word' id='word_1_845' title='bbox 3276 4921 3368 4992; x_wconf 92' lang='lat' dir='ltr'><strong>qui</strong></span> <span class='ocrx_word' id='word_1_846' title='bbox 3405 4921 3583 4992; x_wconf 88' lang='lat' dir='ltr'><strong>dedit,</strong></span> 
     </span>
    </p>
   </div>
   <div class='ocr_carea' id='block_1_109' title="bbox 1971 5014 3585 5087">
    <p class='ocr_par' dir='ltr' id='par_1_109' title="bbox 1971 5014 3585 5087">
     <span class='ocr_line' id='line_1_109' title="bbox 1971 5014 3585 5087; baseline 0 -17"><span class='ocrx_word' id='word_1_847' title='bbox 1971 5015 2163 5071; x_wconf 92' lang='lat' dir='ltr'><strong>dicunt</strong></span> <span class='ocrx_word' id='word_1_848' title='bbox 2196 5034 2212 5070; x_wconf 89' lang='lat'><strong>:</strong></span> <span class='ocrx_word' id='word_1_849' title='bbox 2243 5015 2350 5083; x_wconf 84' lang='lat' dir='ltr'><strong>Qui</strong></span> <span class='ocrx_word' id='word_1_850' title='bbox 2382 5015 2679 5072; x_wconf 83' lang='lat' dir='ltr'><strong>seminavit</strong></span> <span class='ocrx_word' id='word_1_851' title='bbox 2707 5026 2779 5079; x_wconf 87' lang='lat' dir='ltr'><strong>te,</strong></span> <span class='ocrx_word' id='word_1_852' title='bbox 2815 5015 3167 5087; x_wconf 76' lang='lat' dir='ltr'><strong>dispergatur</strong></span> <span class='ocrx_word' id='word_1_853' title='bbox 3201 5031 3215 5070; x_wconf 91' lang='lat'><strong>:</strong></span> <span class='ocrx_word' id='word_1_854' title='bbox 3255 5025 3311 5071; x_wconf 90' lang='lat' dir='ltr'><strong>et</strong></span> <span class='ocrx_word' id='word_1_855' title='bbox 3342 5014 3435 5085; x_wconf 92' lang='lat' dir='ltr'><strong>qui</strong></span> <span class='ocrx_word' id='word_1_856' title='bbox 3467 5016 3585 5085; x_wconf 83' lang='lat' dir='ltr'><strong>pin-</strong></span> 
     </span>
    </p>
   </div>
   <div class='ocr_carea' id='block_1_110' title="bbox 1973 5101 3582 5177">
    <p class='ocr_par' dir='ltr' id='par_1_110' title="bbox 1973 5101 3582 5177">
     <span class='ocr_line' id='line_1_110' title="bbox 1973 5101 3582 5177; baseline -0.002 -14"><span class='ocrx_word' id='word_1_857' title='bbox 1973 5107 2084 5163; x_wconf 85' lang='lat' dir='ltr'><strong>suit</strong></span> <span class='ocrx_word' id='word_1_858' title='bbox 2125 5117 2197 5172; x_wconf 91' lang='lat' dir='ltr'><strong>te,</strong></span> <span class='ocrx_word' id='word_1_859' title='bbox 2223 5107 2479 5176; x_wconf 89' lang='lat' dir='ltr'><strong>pinsatur</strong></span> <span class='ocrx_word' id='word_1_860' title='bbox 2523 5121 2713 5174; x_wconf 90' lang='lat' dir='ltr'><strong>carne,</strong></span> <span class='ocrx_word' id='word_1_861' title='bbox 2744 5118 2801 5161; x_wconf 90' lang='lat' dir='ltr'><strong>et</strong></span> <span class='ocrx_word' id='word_1_862' title='bbox 2830 5106 3053 5161; x_wconf 86' lang='lat' dir='ltr'><strong>similia.</strong></span> <span class='ocrx_word' id='word_1_863' title='bbox 3107 5103 3272 5177; x_wconf 74' lang='lat'><strong>583</strong></span> <span class='ocrx_word' id='word_1_864' title='bbox 3326 5101 3582 5160; x_wconf 80' lang='lat' dir='ltr'><strong>Confun-</strong></span> 
     </span>
    </p>
   </div>
   <div class='ocr_carea' id='block_1_111' title="bbox 1970 5196 3583 5272">
    <p class='ocr_par' dir='ltr' id='par_1_111' title="bbox 1970 5196 3583 5272">
     <span class='ocr_line' id='line_1_111' title="bbox 1970 5196 3583 5272; baseline -0.002 -16"><span class='ocrx_word' id='word_1_865' title='bbox 1970 5202 2172 5257; x_wconf 90' lang='lat' dir='ltr'><strong>dantur</strong></span> <span class='ocrx_word' id='word_1_866' title='bbox 2209 5201 2394 5272; x_wconf 86' lang='lat' dir='ltr'><strong>itaque</strong></span> <span class='ocrx_word' id='word_1_867' title='bbox 2426 5203 2715 5256; x_wconf 88' lang='lat' dir='ltr'><strong>audientes</strong></span> <span class='ocrx_word' id='word_1_868' title='bbox 2750 5200 2894 5270; x_wconf 87' lang='lat' dir='ltr'><strong>quod</strong></span> <span class='ocrx_word' id='word_1_869' title='bbox 2925 5199 3054 5256; x_wconf 89' lang='lat' dir='ltr'><strong>boni</strong></span> <span class='ocrx_word' id='word_1_870' title='bbox 3092 5198 3186 5253; x_wconf 88' lang='lat' dir='ltr'><strong>Dei</strong></span> <span class='ocrx_word' id='word_1_871' title='bbox 3219 5197 3394 5256; x_wconf 81' lang='lat' dir='ltr'><strong>Filius</strong></span> <span class='ocrx_word' id='word_1_872' title='bbox 3420 5196 3583 5255; x_wconf 85' lang='lat' dir='ltr'><strong>Chri-</strong></span> 
     </span>
    </p>
   </div>
   <div class='ocr_carea' id='block_1_112' title="bbox 1967 5291 3580 5364">
    <p class='ocr_par' dir='ltr' id='par_1_112' title="bbox 1967 5291 3580 5364">
     <span class='ocr_line' id='line_1_112' title="bbox 1967 5291 3580 5364; baseline -0.001 -14"><span class='ocrx_word' id='word_1_873' title='bbox 1967 5304 2085 5350; x_wconf 89' lang='lat' dir='ltr'><strong>stus</strong></span> <span class='ocrx_word' id='word_1_874' title='bbox 2114 5310 2284 5364; x_wconf 86' lang='lat' dir='ltr'><strong>panes</strong></span> <span class='ocrx_word' id='word_1_875' title='bbox 2320 5293 2716 5364; x_wconf 89' lang='lat' dir='ltr'><strong>multiplicarit.</strong></span> <span class='ocrx_word' id='word_1_876' title='bbox 2754 5291 2889 5347; x_wconf 82' lang='lat' dir='ltr'><strong>Nam</strong></span> <span class='ocrx_word' id='word_1_877' title='bbox 2923 5293 2968 5348; x_wconf 87' lang='lat' dir='ltr'><strong>si</strong></span> <span class='ocrx_word' id='word_1_878' title='bbox 3003 5295 3148 5348; x_wconf 84' lang='lat' dir='ltr'><strong>mala</strong></span> <span class='ocrx_word' id='word_1_879' title='bbox 3180 5291 3382 5349; x_wconf 80' lang='lat' dir='ltr'><strong>fuisset</strong></span> <span class='ocrx_word' id='word_1_880' title='bbox 3419 5307 3580 5349; x_wconf 82' lang='lat' dir='ltr'><strong>crea-</strong></span> 
     </span>
    </p>
   </div>
   <div class='ocr_carea' id='block_1_113' title="bbox 1969 5385 3580 5457">
    <p class='ocr_par' dir='ltr' id='par_1_113' title="bbox 1969 5385 3580 5457">
     <span class='ocr_line' id='line_1_113' title="bbox 1969 5385 3580 5457; baseline 0 -15"><span class='ocrx_word' id='word_1_881' title='bbox 1969 5396 2113 5453; x_wconf 89' lang='lat' dir='ltr'><strong>tura,</strong></span> <span class='ocrx_word' id='word_1_882' title='bbox 2137 5386 2314 5442; x_wconf 89' lang='lat' dir='ltr'><strong>bonus</strong></span> <span class='ocrx_word' id='word_1_883' title='bbox 2345 5387 2492 5456; x_wconf 92' lang='lat' dir='ltr'><strong>quod</strong></span> <span class='ocrx_word' id='word_1_884' title='bbox 2522 5386 2723 5442; x_wconf 89' lang='lat' dir='ltr'><strong>malum</strong></span> <span class='ocrx_word' id='word_1_885' title='bbox 2759 5396 2907 5443; x_wconf 84' lang='lat' dir='ltr'><strong>esset</strong></span> <span class='ocrx_word' id='word_1_886' title='bbox 2948 5388 3140 5456; x_wconf 89' lang='lat' dir='ltr'><strong>utique</strong></span> <span class='ocrx_word' id='word_1_887' title='bbox 3172 5401 3280 5443; x_wconf 93' lang='lat' dir='ltr'><strong>non</strong></span> <span class='ocrx_word' id='word_1_888' title='bbox 3315 5385 3580 5457; x_wconf 86' lang='lat' dir='ltr'><strong>multipli-</strong></span> 
     </span>
    </p>
   </div>
   <div class='ocr_carea' id='block_1_114' title="bbox 1966 5480 3578 5552">
    <p class='ocr_par' dir='ltr' id='par_1_114' title="bbox 1966 5480 3578 5552">
     <span class='ocr_line' id='line_1_114' title="bbox 1966 5480 3578 5552; baseline 0.002 -18"><span class='ocrx_word' id='word_1_889' title='bbox 1966 5489 2148 5534; x_wconf 86' lang='lat' dir='ltr'><strong>casset</strong></span> <span class='ocrx_word' id='word_1_890' title='bbox 2181 5496 2193 5532; x_wconf 92' lang='lat'>:</span> <span class='ocrx_word' id='word_1_891' title='bbox 2229 5489 2287 5533; x_wconf 89' lang='lat' dir='ltr'><strong>ut</strong></span> <span class='ocrx_word' id='word_1_892' title='bbox 2343 5489 2555 5534; x_wconf 78' lang='lat' dir='ltr'><strong>taceam</strong></span> <span class='ocrx_word' id='word_1_893' title='bbox 2623 5480 2870 5547; x_wconf 87' lang='lat' dir='ltr'><strong>interim,</strong></span> <span class='ocrx_word' id='word_1_894' title='bbox 2922 5481 3071 5552; x_wconf 88' lang='lat' dir='ltr'><strong>quod</strong></span> <span class='ocrx_word' id='word_1_895' title='bbox 3121 5490 3177 5535; x_wconf 91' lang='lat' dir='ltr'><strong>et</strong></span> <span class='ocrx_word' id='word_1_896' title='bbox 3229 5481 3346 5551; x_wconf 89' lang='lat' dir='ltr'><strong>ipse</strong></span> <span class='ocrx_word' id='word_1_897' title='bbox 3404 5494 3578 5550; x_wconf 86' lang='lat' dir='ltr'><strong>panes</strong></span> 
     </span>
    </p>
   </div>
   <div class='ocr_carea' id='block_1_115' title="bbox 1968 5569 3577 5642">
    <p class='ocr_par' dir='ltr' id='par_1_115' title="bbox 1968 5569 3577 5642">
     <span class='ocr_line' id='line_1_115' title="bbox 1968 5569 3577 5642; baseline -0.002 -15"><span class='ocrx_word' id='word_1_898' title='bbox 1968 5571 2230 5627; x_wconf 87' lang='lat' dir='ltr'><strong>comedit.</strong></span> <span class='ocrx_word' id='word_1_899' title='bbox 2260 5570 2534 5625; x_wconf 77' lang='lat' dir='ltr'><strong>Caeterum</strong></span> <span class='ocrx_word' id='word_1_900' title='bbox 2567 5571 2611 5624; x_wconf 84' lang='lat' dir='ltr'><strong>si</strong></span> <span class='ocrx_word' id='word_1_901' title='bbox 2644 5571 2766 5642; x_wconf 89' lang='lat' dir='ltr'><strong>quis</strong></span> <span class='ocrx_word' id='word_1_902' title='bbox 2794 5570 3243 5641; x_wconf 80' lang='lat' dir='ltr'><strong>interrogaverit,</strong></span> <span class='ocrx_word' id='word_1_903' title='bbox 3273 5585 3404 5625; x_wconf 89' lang='lat' dir='ltr'><strong>num</strong></span> <span class='ocrx_word' id='word_1_904' title='bbox 3433 5569 3577 5626; x_wconf 88' lang='lat' dir='ltr'><strong>idem</strong></span> 
     </span>
    </p>
   </div>
   <div class='ocr_carea' id='block_1_116' title="bbox 1969 5662 3579 5735">
    <p class='ocr_par' dir='ltr' id='par_1_116' title="bbox 1969 5662 3579 5735">
     <span class='ocr_line' id='line_1_116' title="bbox 1969 5662 3579 5735; baseline 0.001 -16"><span class='ocrx_word' id='word_1_905' title='bbox 1969 5667 2042 5720; x_wconf 90' lang='lat' dir='ltr'><strong>sit</strong></span> <span class='ocrx_word' id='word_1_906' title='bbox 2098 5664 2200 5717; x_wconf 87' lang='lat' dir='ltr'><strong>hoc</strong></span> <span class='ocrx_word' id='word_1_907' title='bbox 2267 5665 2594 5719; x_wconf 89' lang='lat' dir='ltr'><strong>miraculum</strong></span> <span class='ocrx_word' id='word_1_908' title='bbox 2666 5680 2868 5735; x_wconf 89' lang='lat' dir='ltr'><strong>panum</strong></span> <span class='ocrx_word' id='word_1_909' title='bbox 2917 5680 3042 5720; x_wconf 86' lang='lat' dir='ltr'><strong>cum</strong></span> <span class='ocrx_word' id='word_1_910' title='bbox 3108 5678 3175 5720; x_wconf 84' lang='lat' dir='ltr'><strong>eo</strong></span> <span class='ocrx_word' id='word_1_911' title='bbox 3225 5664 3374 5735; x_wconf 87' lang='lat' dir='ltr'><strong>quod</strong></span> <span class='ocrx_word' id='word_1_912' title='bbox 3429 5662 3579 5734; x_wconf 82' lang='lat' dir='ltr'><strong>apud</strong></span> 
     </span>
    </p>
   </div>
   <div class='ocr_carea' id='block_1_117' title="bbox 1969 5757 3577 5826">
    <p class='ocr_par' dir='ltr' id='par_1_117' title="bbox 1969 5757 3577 5826">
     <span class='ocr_line' id='line_1_117' title="bbox 1969 5757 3577 5826; baseline -0.001 -9"><span class='ocrx_word' id='word_1_913' title='bbox 1969 5758 2287 5817; x_wconf 68' lang='lat' dir='ltr'><strong>Muttltteum</strong></span> <span class='ocrx_word' id='word_1_914' title='bbox 2351 5760 2725 5818; x_wconf 78' lang='lat' dir='ltr'><strong>describitur?</strong></span> <span class='ocrx_word' id='word_1_915' title='bbox 2755 5759 3016 5826; x_wconf 75' lang='lat' dir='ltr'><strong>dicimus,</strong></span> <span class='ocrx_word' id='word_1_916' title='bbox 3060 5757 3227 5816; x_wconf 87' lang='lat' dir='ltr'><strong>Certe</strong></span> <span class='ocrx_word' id='word_1_917' title='bbox 3265 5758 3410 5816; x_wconf 83' lang='lat' dir='ltr'><strong>idem</strong></span> <span class='ocrx_word' id='word_1_918' title='bbox 3465 5763 3577 5816; x_wconf 84' lang='lat' dir='ltr'><strong>est.</strong></span> 
     </span>
    </p>
   </div>
  </div>
