4052 6554
583 506 602 568 1
619 504 715 570 237

1501 499 2088 562 'l‘llliHPllYlAC'l‘l
2134 493 2543 558 BULGARMS
2587 493 2942 554 ARClllEP.

3714 492 3846 558 1288

580 620 842 685 Quamvis
875 631 1052 673 autem
1083 618 1206 671 illnc
1230 616 1483 686 discipuli
1519 618 1785 668 accedunt
1811 615 2147 668 mlmmnrnte:

2277 610 2409 663 αὐτό
2437 612 2553 660 ἐστι
2583 609 2663 678 τῷ
2693 610 2841 678 παρὰ
2867 608 2943 677 τῷ
2972 605 3242 677 Ματθαίῳ
3279 607 3436 678 ('29.);
3472 606 3545 660 Τὸ
3573 609 3707 660 αὐτό
3736 610 3862 661 ἐστι.

578 717 644 763 de.
679 711 829 764 tmba
873 719 932 764 ut
970 711 1301 773 dimittatur,
1330 710 1432 762 hoc
1466 717 1643 759 autem
1698 707 1814 758 loco
1849 708 1961 775 ipse
2005 705 2164 760 Jesus

579 804 875 871 interrogat
902 803 1044 856 unde
1094 811 1349 870 pascatur
1381 817 1393 852 :
1430 815 1536 852 non
1569 814 1705 868 opus
1757 809 1839 851 est
1884 799 2163 850 admirari.

580 895 890 948 Verisimile
965 896 1108 948 cnim
1172 903 1253 948 est
1305 901 1596 960 utrumque
1648 891 1852 946 factum
1916 906 2056 951 esse,
2112 902 2167 946 et

576 988 868 1054 discipulos
901 988 1053 1055 prius
1084 987 1434 1039 admonulsse
1466 983 1753 1038 Dominum
1777 985 1844 1037 de
1880 983 2052 1039 turbis
2086 985 2165 1035 di-

577 1080 878 1141 mittendis,
919 1089 972 1131 et
1020 1090 1146 1131 tunc
1200 1076 1506 1146 Philippum
1549 1075 1938 1146 interrogatum
1976 1090 2098 1131 esse
2133 1091 2162 1129 a

576 1172 802 1226 Domino
833 1174 972 1226 unde
998 1174 1236 1224 alantur.

643 1455 808 1509 Vens.
845 1454 1030 1510 l0-l5.
1071 1475 1094 1505 υ
1136 1454 1279 1510 Dixit
1311 1467 1489 1512 autem
1521 1456 1678 1512 Jesns
1710 1474 1722 1511 :
1765 1455 1946 1510 Facite
1981 1466 2038 1510 ut
2067 1456 2160 1511 hn-

577 1548 754 1600 mines
781 1546 1150 1600 discumhant.
1181 1547 1311 1600 Erat
1357 1558 1539 1600 autem
1575 1563 1801 1618 gramen
1837 1546 2062 1598 multum
2109 1547 2160 1599 in

568 1654 633 1691 eo
665 1639 801 1691 loco.
844 1637 1240 1692 Discubuerunt
1266 1655 1396 1705 ergo
1420 1640 1516 1692 viri
1547 1654 1773 1692 numero
1804 1641 1976 1692 ferme
2003 1640 2162 1708 quin-

569 1731 726 1794 quies
784 1731 950 1785 mille.
1007 1732 1231 1798 Accepit
1261 1739 1440 1783 autem
1477 1745 1644 1799 panes
1691 1728 1870 1792 Jcsns,
1925 1745 2161 1797 cumque

569 1828 771 1894 gratias
802 1828 1021 1895 egisset,
1059 1827 1338 1880 distribuit
1376 1825 1694 1894 discipulis;
1729 1825 1974 1894 discipuli
2007 1823 2159 1888 v'ern,

569 1918 1060 1972 discntnlwntibus.
1109 1917 1374 1970 Similiter
1406 1928 1459 1969 et
1511 1931 1573 1968 es
1619 1916 1856 1984 piscibus
1893 1927 2156 1983 quantum

2274 703 2336 755 El
2363 702 2420 754 δὲ
2455 704 2570 754 ἐκεῖ
2595 701 2698 769 μὲν
2721 703 3116 771 προσέρχονται
3146 703 3197 754 οί
3245 701 3490 770 μαθηταὶ
3563 704 3860 770 ὑπομιμνή·

2291 812 2512 857 σκοντες
2544 798 2671 864 περὶ
2720 796 2814 847 τοῦ
2855 796 3037 864 ιχλου,
3072 796 3156 848 ἵνα
3213 796 3584 858 ἀπολυθῶσιν,
3645 796 3866 848 ενταῦθα

2270 889 2326 940 δὲ
2358 888 2514 949 αὐτὸς
2550 890 2576 939 ό
2611 888 2820 956 Ἰησοῦς
2860 890 3059 958 ἐρωτᾷ.
3099 891 3262 940 πόθεν
3291 889 3659 959 διατρεφεῖεν,
3686 891 3746 942 οὐ
3771 891 3865 959 χρὴ

2273 979 2598 1049 θαυμάζειν.
2665 979 2825 1041 Ιέῐκδς
2867 982 2976 1050 γάρ
3040 983 3187 1032 ἐστιν
3243 981 3535 1051 ἀμφότερα
3588 983 3863 1049 γενέσθαι,

2269 1074 2495 1126 καὶτῶν
2522 1072 2783 1141 μαθητῶν
2827 1074 3097 1143 πρότερον
3145 1075 3584 1144 ὐπομνησὰντων
3633 1074 3727 1126 τὸν
3758 1074 3862 1127 Κύ-

2272 1182 2384 1234 ριον
2418 1162 2664 1231 περὶτοῦ
2701 1165 3046 1232 ἀπολυθῆναι
3083 1167 3209 1226 τοὺς
3273 1165 3488 1233 ὄχλους,
3525 1165 3864 1234 ἐρωτηθῆναι

2269 1254 2359 1306 τόν
2385 1255 2655 1306 Φίλιππον
2698 1254 2804 1306 ὐπό
2839 1253 2934 1307 τοῦ
2987 1255 3220 1325 Κυρίου,
3251 1256 3422 1308 πόθεν
3469 1257 3864 1325 διατραφήσον-

2266 1367 2376 1400 ται.

2343 1461 2360 1494 ι
2408 1437 2542 1494 Εἷπε
2581 1439 2637 1492 δὲ
2676 1441 2702 1492 ὁ
2736 1439 2948 1510 Ἰησοῦς
2977 1457 2989 1469 ·
3059 1440 3333 1508 Ποιήσατε
3373 1440 3499 1502 τοὺς
3542 1440 3862 1512 ἀνθρώπους

2267 1534 2583 1585 ἀναπεσεῖν.
2612 1529 2718 1584 Ἦν
2742 1533 2796 1584 δὲ
2829 1533 3019 1602 χόρτος
3042 1533 3210 1593 πολὺς
3248 1534 3306 1586 ἐν
3334 1532 3411 1602 τῷ
3441 1535 3610 1604 τόπῳ.
3647 1534 3863 1588 Ἀνέπεο

2269 1642 2362 1676 σον
2397 1625 2493 1679 οὖν
2523 1626 2571 1678 oi
2603 1625 2797 1694 ἄνδρες
2839 1625 2931 1678 τὸν
2962 1623 3199 1694 ἀριθμὸν
3235 1625 3369 1678 ὡσεὶ
3403 1628 3858 1698 πεντακισχίλιοι.

2267 1716 2468 1769 Ἐλαδε
2496 1717 2551 1769 δὲ
2574 1719 2702 1779 τοὺς
2737 1719 2937 1787 ἄρτους
2964 1720 2991 1770 ό
3031 1718 3265 1786 Ἰησοῦς,
3301 1720 3388 1771 καῖ
3432 1719 3858 1791 εὐχαριστήσας,

2262 1807 2493 1862 διέδωκε
2537 1811 2650 1870 τοῖς
2689 1810 2989 1878 μαθηταῖς,
3015 1810 3064 1862 oi
3100 1809 3156 1862 δὲ
3199 1810 3442 1881 μαθηταὶ
3492 1815 3605 1875 τοῖς
3634 1812 3854 1866 ἀνακει-

2268 1898 2490 1968 μένοις·
2520 1900 2725 1969 ὁμοίως
2777 1900 2872 1952 καὶ
2925 1902 2989 1952 ὲκ
3031 1903 3142 1952 τῶν
3192 1901 3438 1971 ὀψαρίων
3491 1903 3616 1956 ὅσον
3652 1904 3856 1973 ἤθελον.

573 2008 842 2061 volebant.
872 2005 938 2061 Ut
961 2016 1140 2059 autem
1171 2005 1538 2073 impletisunt,
1565 2005 1992 2069 dicitdiscipulis
2011 2003 2147 2057 suis:

2281 1989 2366 2052 Ὡς
2394 1990 2449 2042 δὲ
2495 1989 2926 2061 ἐνεπλήσθησαν,
2981 1991 3127 2058 λέγει
3166 1993 3279 2054 τοῖς
3314 1993 3589 2063 μαθηταῖς
3645 1972 3850 2046 αὐτοῦ’

566 2099 810 2168 Colligite
830 2113 946 2166 quae
965 2096 1350 2166 superfuerunt
1377 2101 1704 2166 fragmenta,
1727 2113 1790 2149 ne
1805 2097 1932 2166 quid
1952 2108 2159 2167 pereat.

567 2188 914 2257 (Jollegerunt
938 2202 1089 2255 ergo,
1118 2196 1170 2239 et
1207 2187 1567 2254 impleverunt
1593 2186 1876 2240 duodecim
1901 2187 2162 2254 cophinos

568 2279 993 2348 fragmentornm
1031 2295 1095 2332 ex
1131 2278 1371 2348 quinque
1404 2281 1630 2348 panibus
1663 2280 2001 2344 hordeaceis,
2039 2295 2160 2349 quin

567 2373 951 2439 superfuerant
979 2372 1060 2424 bis
1089 2372 1176 2438 qui
1209 2372 1580 2426 comederant.
1616 2390 1631 2422 ι
1665 2369 1830 2425 .lussit
1861 2386 1957 2426 eos
1983 2374 2161 2428 facere

567 2465 935 2525 discumbere.
974 2464 1131 2533 quasi
1178 2475 1364 2532 parata
1413 2479 1621 2518 mensa.
1674 2463 1927 2532 Discipuli
1978 2475 2157 2517 autem

567 2559 816 2623 quamvis
858 2558 1006 2625 prius
1041 2556 1327 2620 increduli,
1361 2568 1600 2610 attamen
1656 2557 1908 2610 alacriter
1947 2572 2158 2609 recuru-

566 2647 694 2702 bere
719 2647 922 2702 faciunt
953 2649 1220 2703 homines.
1255 2667 1273 2700 ι
1309 2649 1436 2702 Erat
1469 2658 1649 2703 autem
1679 2665 1923 2717 gramen.
1959 2669 1976 2699 ι
2005 2648 2154 2716 Quo-

567 2740 711 2794 niam
751 2755 847 2793 ver
871 2750 988 2794 erat
1020 2758 1034 2794 :
1065 2750 1183 2794 erat
1215 2744 1381 2806 enim,
1421 2742 1618 2811 inquit,
1655 2740 1888 2806 Pascha,
1925 2745 2066 2811 quod
2099 2744 2150 2796 in

566 2831 742 2898 primo
804 2845 990 2884 mense
1049 2831 1194 2884 veris
1242 2832 1642 2900 perﬁciebatur.
1679 2830 1851 2885 Porro
1894 2834 1996 2886 soli
2052 2833 2150 2886 viri

567 2932 928 2976 numerantur
958 2923 1026 2976 ab
1059 2923 1411 2992 evangelista,
1445 2924 1533 2992 qui
1570 2924 1704 2992 legis
1733 2927 1980 2994 sequitur
2018 2942 2152 2980 con-

561 3017 926 3071 suetudinem.
979 3017 1190 3072 l-Ztenim
1247 3027 1302 3070 et
1351 3015 1522 3071 Moses
1555 3032 1582 3070 a
1633 3018 1894 3084 vigesimo
1928 3031 2070 3072 anno
2097 3026 2150 3070 et

563 3123 726 3176 Supra
776 3109 1084 3162 numeravit
1134 3108 1414 3177 populum,
1477 3109 1619 3162 nulla
1680 3109 1954 3163 mentione
2007 3108 2148 3162 facta

564 3199 847 3253 mulierum
883 3212 897 3250 :
928 3212 1034 3266 quo
1077 3199 1298 3252 docetur
1330 3214 1492 3252 omne
1522 3200 1666 3266 quod
1717 3200 1869 3252 virile
1907 3210 1959 3252 et
1985 3198 2144 3266 juve-

566 3291 673 3344 nile
707 3300 811 3356 est,
846 3291 1066 3358 dignum
1091 3291 1304 3345 censeri
1335 3301 1392 3344 ut
1423 3304 1741 3346 numeretur
1776 3295 1915 3361 apud
1951 3293 2140 3349 Deum.
2173 3309 2216 3372 ο

563 3381 630 3436 Ει
693 3383 932 3445 acceptis
972 3382 1203 3450 panihus
1233 3382 1440 3452 gratias
1492 3383 1620 3451 agit,
1674 3384 1967 3439 ostendens
1999 3389 2144 3456 quod

559 3481 685 3528 ante
739 3471 918 3527 cibum
972 3475 1160 3542 gratiae
1196 3474 1417 3543 agenda:
1447 3474 1555 3526 sint
1600 3474 1728 3528 Deo.
1763 3475 1984 3546 Insuper
2016 3481 2143 3549 quia

567 3566 725 3618 turba
750 3574 890 3629 erat,
923 3565 1044 3620 ideo
1069 3580 1251 3619 coram
1286 3565 1440 3618 turba
1475 3568 1678 3635 gratias
1710 3569 1842 3634 agit,
1874 3578 1931 3622 ut
1965 3573 2144 3626 omni-

561 3656 662 3710 bus
729 3658 1056 3724 persuadeat
1107 3659 1251 3728 quod
1316 3659 1612 3712 secundmn
1671 3661 1999 3717 voluntatem
2048 3665 2139 3720 Del

557 3744 858 3810 advenerit.
883 3757 937 3801 et
963 3749 1103 3816 quod
1140 3764 1244 3802 non
1274 3749 1342 3803 sit
1375 3749 1718 3805 adversarius
1748 3750 1878 3816 Deo,
1907 3755 2000 3809 sed
2017 3771 2140 3810 om-

563 3839 652 3893 nia
683 3840 888 3894 relerzit
919 3842 969 3893 in
1005 3839 1244 3894 Patrem.
1282 3839 1414 3893 Nam
1455 3843 1673 3910 quando
1736 3859 1978 3898 seorsum
2013 3845 2142 3902 facit

560 3932 907 3992 miraculum,
943 3934 1072 3985 rihil
1101 3933 1206 3985 tale
1236 3931 1389 3997 facit,
1418 3934 1631 3988 etiamsi
1665 3933 1836 4001 majus
1867 3938 2137 4004 quoddam

555 4021 724 4078 faciat
750 4041 762 4076 :
793 4025 1006 4090 quando
1035 4035 1228 4077 antetn'
1247 4039 1433 4078 coram
1460 4027 1640 4079 multis
1672 4027 1988 4082 miraculum
2013 4044 2141 4099 ope-

556 4122 730 4180 ratur,
759 4124 885 4168 tunc
914 4117 976 4167 ad
1023 4113 1190 4168 Deum
1230 4117 1472 4186 respicit.
1503 4116 1752 4172 Ostendit
1780 4128 1960 4173 autem
1994 4121 2135 4189 quod

559 4218 665 4257 non
719 4219 784 4257 ex
813 4203 1130 4260 inilrmitate
1161 4206 1264 4260 hoc
1296 4207 1480 4272 faciat,
1514 4207 1607 4262 sed
1640 4218 1864 4278 propter
1915 4210 2135 4280 dispen-

556 4293 824 4349 sationem
870 4311 1031 4363 quam
1061 4297 1317 4363 diximus,
1349 4314 1414 4353 ex
1446 4315 1511 4354 eo
1540 4302 1682 4368 quod
1727 4301 1934 4371 majora
1973 4301 2136 4358 faciat

556 4388 884 4441 auctoritate
933 4389 1187 4455 quadam,
1222 4399 1277 4444 et
1315 4401 1569 4458 tauquam
1605 4393 1883 4449 Dominus.
1943 4395 2137 4450 Dicunt

557 4474 778 4544 insuper
835 4475 1052 4544 quidam
1097 4479 1238 4547 quod
1271 4479 1436 4534 etiam
1496 4492 1715 4552 propter
1778 4483 1879 4538 boc
1935 4485 2137 4554 gratias

553 4567 746 4634 egerit,
803 4575 859 4620 ut
917 4567 1312 4635 ignoraretura
1350 4572 1591 4641 principe
1632 4573 1816 4628 mundi
1859 4590 2028 4645 usque
2065 4577 2132 4630 ad

2267 2084 2616 2149 Συναγάγετε
2657 2082 2732 2134 τὰ
2784 2082 3219 2153 περιττεύσαντα
3271 2083 3589 2153 κλάσματα,
3647 2085 3735 2137 ἵνα
3785 2088 3857 2156 μή

2263 2192 2314 2227 τι
2347 2174 2638 2244 ἀπόληται.
2676 2174 2990 2243 Συνήγαγον
3021 2173 3139 2238 οὖν,
3188 2175 3282 2228 καὶ
3335 2175 3601 2243 ἐγέμισαν
3647 2175 3859 2231 δώδεκα

2263 2267 2520 2336 κοφίνους
2579 2267 2916 2334 κλασμάτων
2977 2267 3042 2319 ἐκ
3095 2267 3204 2318 τῶν
3280 2267 3447 2319 πέντε
3519 2269 3706 2339 ἀρτων
3751 2270 3857 2324 τῶν

2264 2361 2547 2431 κριθίνων,
2584 2358 2619 2412 ἀ.
2671 2359 3036 2428 ιπερίσσευσε
3084 2360 3196 2422 τοῖς
3253 2358 3616 2429 βεϐρωκόσιν.
3684 2379 3703 2414 ε
3773 2362 3856 2424 Ὡς

2263 2453 2479 2520 ἑτοίμου
2535 2453 2633 2521 τῆς
2688 2452 2973 2522 τραπέζης
3046 2450 3237 2521 οὔσης,
3313 2453 3604 2506 ἐκέλευσεν
3657 2454 3855 2516 αὐτοὺς

2261 2541 2462 2604 εὐθέως
2495 2543 2818 2594 ἀναπεσεῖν.
2860 2543 2923 2593 0i
2957 2540 3016 2594 δὲ
3052 2541 3320 2610 μαθηταὶ,
3365 2544 3546 2594 καίτοι
3586 2545 3854 2614 πρότερον

2260 2635 2644 2699 ἀπιστοῦντες,
2695 2636 2845 2704 ὅμως
2909 2633 3211 2706 προθύμως
3270 2635 3665 2690 κατακλίνουσι
3727 2639 3852 2702 τοὺς

2257 2725 2599 2795 ἀνθρώπους.
2633 2744 2650 2775 ε
2686 2721 2793 2778 Ἠν
2822 2725 2877 2778 δὲ
2905 2726 3153 2795 χόρτος»,
3191 2726 3346 2796 ἔαρος
3376 2726 3550 2788 δντος.
3583 2723 3691 2780 Ἦν
3721 2733 3850 2799 γὰρ,

2257 2818 2389 2886 φησὶ
2412 2857 2426 2880 ,
2457 2817 2517 2868 τὸ
2553 2817 2744 2886 Πάσχα
2776 2833 2788 2844 '
2823 2816 2983 2868 τοῦτο
3012 2816 3068 2868 δὲ
3101 2820 3158 2868 ὲν
3202 2818 3280 2886 τῷ
3315 2816 3520 2887 πρώτῳ
3547 2818 3644 2870 τοῦ
3684 2819 3848 2891 ἔαρος

2259 2911 2391 2980 μηνὶ
2422 2909 2678 2962 ἐτελεῖτο.
2719 2911 2888 2963 Μόνοι
2919 2910 2974 2962 δὲ
3001 2913 3048 2963 oi
3078 2910 3275 2980 ἀνδρες
3303 2911 3668 2982 ἀριθμοῦνται
3701 2913 3854 2984 παρὰ

2253 3001 2348 3054 τοῦ
2370 3001 2789 3069 εὐαγγελιστοῦ,
2814 3004 2881 3072 τῇ
2904 3004 3104 3072 νομικῇ
3127 3002 3382 3076 συνηθεὲᾳ
3399 3004 3850 3069 ἀκολουθοῦντος.

2253 3095 2364 3147 Καὶ
2396 3096 2505 3163 γὰρ
2537 3094 2634 3148 καλ⁸
2684 3095 2892 3164 Μωσῆς
2936 3095 3047 3148 ἀπὸ
3078 3097 3428 3159 είκοσαετοῦς
3460 3099 3557 3150 καὶ
3588 3101 3850 3171 ἀνωτέρω

2247 3186 2523 3256 ἠρίθμησε
2563 3187 2655 3239 τὸν
2707 3186 2857 3250 λαὸν,
2897 3187 3142 3257 μηδόλως
3217 3190 3608 3258 μνημονεύσας
3665 3211 3852 3261 γυναιο

2252 3278 2364 3332 κῶν
2386 3295 2400 3310 ·
2433 3278 2725 3350 δηλοῦντος
2772 3279 2868 3332 τοῦ
2903 3279 3090 3348 λόγου,
3121 3281 3202 3335 ὅτι
3254 3284 3362 3335 πᾶν
3396 3284 3522 3335 ὅσον
3579 3285 3854 3356 ἀνδρῶδες

2258 3374 2354 3425 καὶ
2379 3373 2654 3437 νεανικὸν,
2690 3373 2897 3443 τίμιον,
2933 3374 3025 3426 καὶ
3060 3373 3211 3438 ἀξιον
3242 3375 3483 3445 ἀριθμοῦ
3525 3379 3682 3449 παρὰ
3708 3380 3848 3451 Θεῷ.

2255 3465 2452 3520 Λαϐὼν
2491 3465 2550 3518 δὲ
2579 3467 2704 3530 τοὺς
2733 3466 2935 3538 ἄρτους
2967 3467 3308 3537 εὐχαριστεῖ,
3351 3468 3594 3534 δεικνὺς,
3626 3473 3710 3525 δτι
3745 3471 3853 3542 πρὸ

2251 3559 2460 3629 τροφῆς
2495 3559 2840 3630 εὐχαριστεῖν
2867 3561 2947 3613 δεῖ
2979 3561 3058 3630 τῷ
3091 3559 3212 3630 Θεῷ
3235 3578 3246 3590 ·
3292 3562 3410 3632 ἅμα
3441 3562 3499 3616 δὲ
3529 3565 3628 3618 καὶ
3659 3565 3853 3637 ιπειδὴ

2249 3650 2404 3720 ὄχλος
2445 3647 2534 3721 ἦν,
2583 3651 2672 3705 διά
2715 3651 2875 3705 τοῦτο
2906 3653 3227 3723 εὐχαριστεῖ
3265 3656 3500 3709 ἐνώπιον
3536 3657 3631 3711 τοῦ
3664 3657 3849 3728 ὄχλου,

2250 3744 2340 3798 ῖνα
2375 3743 2642 3798 πεισθῶσι
2672 3745 2897 3810 πάντες,
2960 3747 3043 3798 ὅτι
3077 3747 3220 3800 κατά
3263 3747 3493 3818 γνώμην
3529 3750 3668 3804 Θεοῦ
3706 3768 3852 3822 παρα

2248 3835 2490 3904 εγένετο,
2521 3837 2616 3889 καὶ
2638 3835 2714 3899 ὡς
2741 3837 2842 3890 οὐκ
2871 3837 3017 3890 ἐστιν
3040 3839 3310 3903 ἀντίθεος,
3340 3839 3478 3894 ἀλλὰ
3505 3842 3686 3896 πάντα
3709 3843 3851 3916 πρὸς

2248 3928 2342 3982 τὸν
2390 3928 2614 4000 Πατέρα
2665 3929 2950 4001 ἀναφέρει.
3018 3930 3150 3984 Ὅτε
3203 3932 3304 4000 μὲν
3345 3932 3455 4005 γὰρ
3487 3937 3630 3988 κατά
3675 3936 3850 4006 μόνας

2249 4022 2398 4073 ποιεῖ
2446 4023 2685 4091 σημεῖα,
2728 4022 2881 4075 οὐδὲν
2925 4021 3171 4076 τοιοῦτον
3222 4029 3387 4090 ποιεῖ,
3441 4028 3623 4081 καίτοι
3671 4029 3849 4098 μείζω

2247 4111 2420 4166 τελῶν
2447 4127 2461 4143 ⁸
2493 4114 2625 4167 ὅταν
2657 4114 2714 4167 δὲ
2751 4112 2987 4168 ἐνώπιον
3016 4115 3231 4170 πολλῶν
3265 4118 3690 4190 θαυματουργῇ,
3717 4123 3845 4174 τότε

2247 4205 2382 4274 πρὸς
2437 4204 2531 4258 τὸν
2584 4205 2722 4259 Θεὸν
2778 4206 3106 4265 ἀναϐλέπει.
3165 4210 3424 4263 Δείκνυσι
3479 4211 3560 4277 δὲ,
3623 4213 3708 4266 ὅτι
3746 4215 3848 4267 οὐκ

2244 4295 2502 4368 ἀσθενείᾳ
2535 4295 2696 4351 τοῦτο
2727 4301 2891 4364 ποιεῖ,
2936 4299 3074 4353 ἀλλά
3113 4303 3185 4356 δι’
3211 4303 3556 4372 οἰκονομίαν,
3594 4306 3663 4378 ἢν
3689 4307 3846 4359 εἷπο-

2248 4405 2372 4456 μεν,
2413 4390 2478 4440 εκ
2511 4389 2604 4440 τοῦ
2639 4389 2708 4443 τὰ
2745 4391 2972 4460 μείζονα
3010 4393 3350 4459 δεσποτικῶς
3377 4397 3470 4450 καὶ
3501 4397 3844 4462 αὐθεντικῶς

2245 4482 2441 4532 ποιεῖν.
2468 4480 2705 4549 Λέγουσι
2728 4481 2786 4537 δέ
2811 4500 2957 4548 τινες
2977 4485 3066 4539 διὰ
3086 4485 3248 4540 τοῦτο
3274 4488 3440 4542 αὐτὸν
3467 4490 3839 4561 εὐχαριστεῖν,

2246 4576 2332 4628 ῖνα
2360 4574 2499 4647 λάθῃ
2528 4576 2620 4629 τὸν
2647 4576 2742 4631 τοῦ
2778 4577 2988 4648 κόσμου
3017 4581 3260 4652 ἄρχοντα
3286 4583 3418 4652 ἀχρι
3454 4584 3552 4636 καὶ
3591 4584 3688 4639 τοῦ
3719 4603 3842 4638 και-

556 4666 768 4726 tempus
798 4659 1088 4728 passionis,
1110 4672 1162 4714 et
1185 4677 1249 4716 ex
1291 4663 1392 4716 boc
1413 4663 1624 4718 damon
1648 4680 1752 4719 non
1782 4675 2133 4736 cognosceret

2255 4662 2341 4733 ροῦ
2368 4664 2462 4717 τοῦ
2498 4665 2726 4733 πάθους,
2778 4670 2873 4722 καὶ
2909 4671 2986 4741 μὴ
3021 4671 3276 4727 ἐντεῦθεν
3311 4675 3412 4746 ήδη
3461 4676 3679 4747 οίηθείη
3738 4680 3839 4732 αὐ-

556 4747 729 4816 ipsum
761 4764 880 4803 esse
904 4750 1094 4815 Deum,
1140 4755 1235 4806 sed
1280 4753 1641 4823 deciperetur,
1688 4765 1740 4809 et
1781 4755 2136 4823 inescaretur,

552 4851 715 4910 atque
733 4841 809 4896 sic
835 4857 928 4908 per
954 4857 1170 4898 erm-em
1195 4845 1569 4899 conﬁceretur.
1590 4847 1855 4914 Caeterum
1874 4849 2141 4918 permittit

553 4932 816 4988 Dominus
846 4943 903 4988 ut
944 4935 1220 5005 supersint
1277 4945 1353 4989 tot
1405 4935 1727 5007 fragmenta,
1785 4955 1886 4992 non
1920 4953 2138 5010 propter

553 5025 993 5091 ostentationem,
1029 5027 1171 5082 absit
1207 5045 1220 5082 ι
1271 5030 1364 5083 sed
1426 5044 1493 5084 ne
1538 5031 1920 5100 credatur_per
1964 5034 2137 5101 phan-

556 5123 785 5170 tasmata
813 5117 1035 5173 satiatos
1055 5133 1175 5174 esse
1198 5119 1467 5184 homines,
1497 5135 1748 5192 appareat
1771 5133 1948 5177 autem
1969 5123 2132 5198 584

554 5207 806 5263 omnibus
853 5211 994 5278 quod
1023 5226 1148 5267 vere
1177 5213 1356 5268 satiati
1401 5211 1622 5278 iuerint,
1688 5218 2128 5285 quandoquidem

555 5305 634 5350 tot
685 5297 903 5352 residua
948 5297 1189 5354 fuerint:
1244 5311 1405 5369 atque
1451 5314 1669 5373 propter
1715 5308 1855 5360 hanc
1909 5323 2127 5363 causam

553 5381 711 5440 iussit
737 5387 902 5441 etiam
939 5385 1245 5457 fragmenta
1270 5391 1468 5460 colligi,
1495 5403 1552 5446 ut
1582 5394 1830 5451 videntes
1859 5411 1945 5463 ea,
1965 5400 2131 5452 mira-

552 5475 657 5530 culi
682 5477 808 5531 lacti
835 5480 1004 5549 magis
1034 5487 1216 5535 essent
1243 5495 1531 5537 memores.
1561 5482 1787 5554 Oportet
1813 5497 1993 5543 autem
2020 5506 2127 5545 non

550 5569 722 5624 solum
757 5569 942 5625 mirari
960 5572 1102 5640 quod
1126 5575 1512 5642 superfuerint,
1541 5583 1632 5632 sed
1658 5580 1820 5634 etiam
1845 5581 1987 5650 quod
2021 5599 2125 5638 non

548 5658 732 5732 plures
787 5677 964 5733 neque
1015 5666 1319 5732 pauciores,
1366 5681 1530 5734 quam
1574 5672 1664 5740 qui
1705 5687 1929 5727 numero
1969 5691 2126 5744 pares

2241 4759 2336 4811 τὸν
2361 4760 2516 4824 Θεὸν,
2555 4759 2675 4814 ἀλλ’
2727 4762 3014 4834 ἀπατηθῇ,
3049 4767 3146 4818 καὶ
3194 4765 3486 4838 δελεασθῇ,
3546 4771 3643 4821 καὶ
3695 4769 3839 4822 οὕτω

2238 4848 2326 4902 διὰ
2355 4848 2449 4902 τοῦ
2503 4852 2744 4922 σταυροῦ
2781 4854 3111 4924 νεκρωθείη.
3148 4857 3437 4928 Συγχωρεῖ
3464 4859 3524 4914 δὲ
3555 4863 3584 4915 ό
3630 4860 3837 4933 Κύριος

2237 4943 2601 5013 περισσεῦσαι
2653 4945 2767 5016 (23)
2821 4948 2950 5011 τοὺς
2994 4948 3220 5018 ἀρτους,
3281 4951 3343 5004 οὐ
3420 4953 3491 5006 δι’
3546 4955 3834 5020 ἐπίδειξιν·

2235 5035 2449 5102 ἀπαγεῐ
2483 5037 2598 5090 ἀλλ’
2631 5038 2775 5093 ὥστε
2814 5038 2893 5111 μὴ
2938 5043 3219 5115 φαντασίᾳ
3268 5045 3601 5116 νομισθῆναι
3635 5048 3698 5102 τὸ
3745 5065 3838 5102 κο-

2239 5124 2498 5194 ρεσθῆναι
2547 5129 2676 5192 τοὺς
2704 5129 3058 5202 ἀνθρώπους,
3096 5132 3234 5187 ἀλλὰ
3268 5136 3403 5189 πᾶσι
3451 5139 3718 5209 φανῆναι,
3753 5139 3836 5194 ὅτι

2231 5216 2490 5272 τοσοῦτον
2505 5219 2719 5289 ἀληθῶς
2738 5223 3131 5296 ἐκορέσθησαν,
3150 5225 3294 5282 ὥστε
3310 5228 3409 5282 καὶ
3424 5229 3833 5301 ἐπερίσσευσαν

2233 5310 2478 5363 τοσαῦτα
2500 5326 2513 5341 ·
2556 5311 2648 5365 διά
2673 5313 2884 5384 ταύτην
2910 5314 2968 5368 δὲ
2995 5317 3096 5389 τὴν
3119 5319 3305 5373 αἰτίαν
3329 5322 3430 5373 καὶ
3453 5321 3524 5374 τὰ
3541 5322 3833 5393 κλάσματα

2233 5401 2451 5456 κελεύει
2481 5403 2841 5476 συναχθῆναι,
2874 5407 2962 5462 ῖνα
2987 5409 3229 5480 δρῶντες
3253 5409 3456 5480 ταῦτα,
3492 5413 3588 5468 τοῦ
3611 5416 3834 5485 γεγονό-

2231 5510 2321 5558 τος
2352 5497 2886 5568 ἀναμιμνήσκωνται
2927 5499 3211 5571 θαύματος
3244 5505 3340 5557 ἐπὶ
3373 5506 3561 5563 πλέον.
3607 5505 3728 5580 Χρὴ
3776 5507 3832 5562 δε

2229 5587 2289 5639 οὐ
2321 5589 2486 5656 μόνον
2519 5589 2824 5661 θαυμάσαι,
2855 5595 2938 5647 ὅτι
2963 5595 3391 5668 ἐπερίσσευσαν,
3413 5599 3554 5655 ἀλλὰ
3586 5603 3704 5669 καὶ,
3734 5601 3832 5674 τὴν

2228 5679 2524 5750 ἁκρίδειαν
2549 5683 2646 5736 τοῦ
2684 5686 3158 5758 περισσεύματος,
3189 5690 3274 5744 δτι
3301 5689 3432 5748 οὔτε
3460 5692 3678 5763 πλεῖον,
3705 5693 3829 5750 οὔτε

1501 5785 1588 5846 Ex
1627 5787 1971 5851 collatione
2003 5793 2192 5856 codd.
2228 5796 2459 5860 Venet.
2499 5799 2562 5861 S.
2595 5800 2812 5862 Marci.

761 5904 896 5990 gini.
933 5906 1272 5990 3|,_Tbg'316
1301 5909 1418 5990 ἐστι
1441 5908 1515 5978 τῷ
1551 5911 1698 5990 παρα
1724 5911 1798 5980 τῷ
1829 5913 2121 5990 Ματθαέῳς
2163 5918 2408 5990 Λέγομεν
2430 5917 2544 5987 οὖν,
2574 5923 2655 5978 ὅτι
2690 5923 2791 5978 καὶ
2820 5928 2880 5980 τὸ
2897 5926 3031 5981 αὐτό
3061 5928 3230 5982 ἐστιν,

622 5975 734 6047 (23)
768 5976 912 6033 Idem
943 5980 1086 6046 cud.,
1129 5975 1499 6049 Περισσεῦσαι
1522 5975 2107 6053 τοσαῦτι’κ>.αῖ;›.α;ἀ.

1330 6525 1702 6537 ζἎ

1330 6525 1702 6537 ζἎ
