4052 6584
172 462 309 529 1289

893 459 1345 525 ENABRATIO
1383 458 1466 522 ΙΝ
1514 446 2030 519 ΕνΑΝοΕιιυλι
2070 444 2520 511 JOANNIS.‘-
2547 447 2714 511 CAP.
2740 444 2841 514 Vl.

3377 452 3520 525 1290

166 578 414 639 ἔλαττον,
459 575 578 631 ἀλλ’
612 573 942 645 ἰσαρίθμους
1001 576 1113 629 τῶν
1143 574 1415 645 μαθητῶν
1449 571 1577 635 τοὺς
1627 567 1769 637 κοφίι

1899 570 2087 616 essent
2150 558 2440 629 discipulis
2483 560 2705 627 cophini
2770 558 3155 632 reliquiarum,
3212 573 3274 621 ut
3329 581 3521 628 omnes

165 686 291 732 νους
322 669 435 723 τῶν
460 667 729 737 λειψάνων
752 668 979 736 ἐποίησε
1014 667 1378 741 περιττεῠσαι
1408 685 1419 697 ·
1448 667 1538 719 ἴνα
1570 664 1776 725 πάντες

164 764 509 832 panicium,
537 762 632 815 καὶ
660 761 795 832 μηδὲ
821 765 848 815 ό
868 762 1074 826 Ἰούδας
1102 762 1335 834 ἄμοιρος
1354 758 1775 828 καταλειφθείη,

161 854 280 908 ἀλλ’
312 855 412 926 ἔχῃ
460 857 558 908 καὶ
612 856 773 909 τοῦτο
802 855 865 908 τὸ
902 844 1121 925 θαῦμα
1148 856 1425 909 δεικτικὸν
1484 852 1579 907 τοῦ
1634 847 1777 904 εἶναι

159 949 296 1001 Θεὸν
329 951 421 1003 τὸν
455 948 624 1001 αὑτοῦ
657 949 1003 1015 διδάσκαλον,
1032 950 1130 1004 καὶ
1167 947 1484 1021 ὠφεληθείη
1508 948 1620 1000 κάκ
1646 944 1774 998 τούο

158 1059 277 1106 του,
314 1042 420 1095 κᾶν
453 1042 541 1097 διὰ
576 1043 677 1115 τὴν
712 1043 879 1096 αὑτοῦ
918 1044 1120 1097 κακίαν
1154 1046 1233 1108 είς
1270 1044 1604 1113 κατάκρισιν
1636 1039 1775 1108 μᾶλ-

159 1137 251 1188 λον
290 1135 458 1189 αὐτοῦ
489 1136 648 1191 τοῦτο
681 1138 874 1206 γέγονε
900 1153 912 1165 ·
946 1138 1039 1192 τὸν
1070 1138 1180 1209 γὰρ
1210 1136 1453 1191 τοσαῦτα
1486 1132 1776 1207 περιττεύ-

158 1244 313 1296 ματα
352 1231 685 1297 ποιήσαντα,
722 1232 782 1298 ἐξ
814 1225 888 1284 ὦν
920 1232 1017 1284 καὶ
1040 1232 1203 1291 αὐτὸς
1228 1231 1450 1300 κόφινον
1478 1228 1773 1289 ὲὸἀστασε,

158 1318 351 1370 τοῦτον
395 1320 761 1389 προδέδωκεν.
802 1322 877 1374 Οὐ
911 1324 1021 1392 γὰρ
1063 1323 1129 1393 δὴ
1170 1323 1353 1393 μάτην
1386 1324 1499 1383 τοῖς
1539 1318 1775 1372 ἀποστόο

153 1411 272 1475 λοις
310 1412 622 1481 προσέταξε
668 1414 941 1485 βαστάσαι
1002 1417 1131 1478 τοὺς
1167 1415 1453 1486 κοφίνους,
1516 1412 1635 1466 ἀλλ’
1686 1410 1775 1464 ἴνα

150 1504 243 1557 ἀεὶ
295 1506 840 1577 ἀναμιμνήσκωνται
880 1508 975 1561 τοῦ
1008 1508 1315 1578 θαύματος,
1365 1508 1442 1570 ὡς
1481 1506 1774 1578 μέλλοντες

149 1594 385 1650 ἔσεσθαι
442 1597 759 1652 διδάσκαλοι
810 1600 910 1677 τῆς
972 1602 1327 1670 οἰκουμένης.
1383 1598 1458 1651 Τὸ
1510 1598 1611 1669 μὲν
1661 1597 1774 1666 γὰρ

151 1687 392 1759 πλῆθος,
421 1689 585 1744 οὐδὲν
616 1692 761 1761 μέγα
796 1692 1026 1763 ἔμελλον
1062 1690 1506 1763 καρπώσασθαιο
1554 1706 1775 1760 παραυ-

148 1780 287 1833 τίκα
330 1781 443 1852 γὰρ
494 1783 830 1837 ἐπελάθοντο
887 1784 983 1838 τοῦ
1038 1783 1342 1855 θαύματος,
1403 1781 1578 1846 οὕτως
1630 1776 1773 1851 ἦσαν

147 1875 417 1946 ἀνόητοιο
468 1878 518 1929 οι
580 1876 637 1930 δὲ
693 1878 961 1948 μαθηταὶ,
1013 1879 1073 1931 ού
1126 1878 1195 1932 τὰ
1248 1877 1487 1949 τυχόντα
1539 1874 1770 1947 ἔμελλον

1892 664 2132 724 gestent,
2184 663 2451 735 etneque
2496 651 2666 707 .lmlas
2721 654 2839 724 ipse
2888 671 3090 728 cxpch
3151 660 3520 735 relinquatur,

1890 750 1985 805 sed
2035 725 2252 803 habens
2296 748 2463 801 etiam
2505 749 2607 803 hoc
2647 750 2977 805 miraculum
3040 756 3185 823 quod
3251 767 3524 815 monstret

1888 842 1996 898 sibi
2032 840 2204 896 Deum
2247 856 2372 895 esse
2401 842 2750 911 magistrum,
2799 844 2925 900 inde
2957 838 3251 904 utilitatem
3295 852 3518 921 capiat:

1888 936 2145 1006 quamvis
2194 938 2364 991 etiam
2418 936 2520 990 hoc
2574 948 2799 1007 prepter
2836 941 3102 997 malitiam
3137 944 3257 1015 ejus
3292 946 3345 1001 in
3388 962 3524 1004 eon-

1888 1029 2301 1084 demnationcm
2342 1031 2515 1099 ipsius
2554 1033 2820 1098 cesserit;
2850 1048 2976 1089 eum
3004 1037 3153 1090 enim
3199 1038 3292 1108 qui
3340 1051 3522 1099 tantas

1894 1122 2161 1193 reliquias
2222 1124 2453 1189 fecerat,
2489 1125 2558 1179 de
2585 1126 2787 1195 quibus
2810 1136 2864 1182 et
2901 1127 3017 1196 ipse
3060 1131 3358 1199 (Ophiuum
3395 1151 3525 1206 porv

1893 1217 2047 1279 tavit,
2078 1216 2342 1286 prodidit.
2384 1214 2500 1270 Non
2533 1220 2679 1271 enim
2708 1220 2826 1272 sine
2862 1234 3027 1275 causa
3053 1223 3348 1293 imperavit
3384 1243 3523 1299 apu~

1890 1310 2049 1366 stolis
2079 1317 2139 1366 ut
2171 1311 2442 1381 cophinus
2470 1317 2893 1381 gestarent,sed
2917 1324 2975 1371 ut
2998 1331 3221 1388 semper
3245 1336 3524 1379 memores

1887 1416 2075 1461 essent
2119 1406 2398 1473 miraculi,
2452 1417 2641 1479 utpote
2673 1409 2926 1480 magistri
2969 1412 3124 1467 orhis
3151 1411 3347 1470 futuri.
3380 1414 3519 1471 Nam

1889 1500 2186 1557 multitudo
2228 1502 2452 1574 quidem
2499 1518 2610 1558 non
2650 1518 2908 1575 magnam
2969 1507 3265 1563 utilitatem
3333 1526 3523 1581 perce-

1888 1602 2049 1661 ptura
2084 1605 2227 1660 erat,
2257 1593 2449 1649 statim
2490 1595 2638 1650 enim
2665 1596 3099 1654 obliviscebatur
3137 1602 3430 1671 miraculi;
3467 1615 3525 1662 at

1888 1686 2140 1757 discipuli
2175 1704 2285 1743 non
2341 1689 2569 1758 vulgare
2602 1689 2817 1745 lucrum
2859 1692 2987 1748 inde
3045 1693 3287 1752 habituri
3336 1712 3520 1757 erant.

1892 1776 2191 1836 Discamus
2238 1781 2369 1837 item
2421 1796 2488 1838 ex
2529 1782 2635 1838 hoc
2683 1784 2951 1840 miraculo
3014 1802 3081 1842 ne
3138 1789 3521 1859 pusillanimes

1888 1869 2066 1925 simus
2088 1872 2141 1925 in
2169 1873 2439 1944 angustiis
2465 1885 2520 1929 et
2554 1884 2903 1946 paupertate,
2935 1893 3115 1948 neque
3140 1881 3314 1937 timidi
3346 1884 3519 1941 simus

146 1967 497 2039 κερδαίνειν.
541 1970 909 2040 Μανθάνομεν
968 1971 1027 2024 δὲ
1072 1969 1182 2025 ἀπὸ
1212 1969 1306 2023 τοῦ
1352 1968 1643 2038 γεγονότος
1694 1965 1769 2038 μὴ

1890 1962 1943 2017 Ῐιι
2001 1964 2380 2035 hospitalitate
2447 1978 2501 2022 et
2568 1973 3000 2038 communione;
3060 1974 3155 2029 sed
3226 1977 3522 2036 credamus
3588 2044 3595 2057 ι

146 2063 525 2135 μικροψυχεῖν
561 2065 619 2117 tv
648 2068 769 2128 ταῖς
804 2067 1198 2136 στενοχωρίαις
1223 2065 1324 2135 τῆς
1372 2064 1603 2130 πενίας,”
1634 2062 1772 2134 μηδὲ

140 2156 357 2228 δειλιᾷν
392 2158 531 2231 πρὸς
564 2159 882 2229 φιλοξενίαν
948 2161 1042 2213 καὶ
1102 2160 1419 2232 μετάδοσιν,
1473 2142 1626 2213 ⁹ἀλλὰ
1682 2169 1775 2209 πι-

144 2248 393 2316 στεύειν,
439 2252 519 2305 ὃτι
551 2252 657 2306 κᾶν
692 2252 789 2306 ἕνα
817 2252 983 2324 ἄρτον
1023 2253 1264 2325 ἔχωμεν,
1292 2250 1558 2322 πληθυνεῖ
1580 2250 1774 2304 τοῦτον

140 2344 169 2396 ὁ
209 2344 279 2397 τὰ
315 2346 561 2400 τοσαῦτα
602 2348 965 2418 περιττεῧσαι
1002 2348 1239 2419 ποιήσας
1276 2348 1340 2401 ὲκ
1365 2346 1531 2400 πέντε
1560 2347 1769 2417 ἄρτων.

142 2438 294 2494 Κατ’
335 2440 678 2512 ἀλληγορίαν
709 2443 787 2509 δὲ,
828 2443 919 2495 ὅτε
963 2442 1339 2513 ὲκπεφοίτηκε
1385 2442 1496 2495 τῶν
1537 2440 1774 2511 Ἰεροσο-

138 2532 342 2605 λύμων
371 2535 398 2587 ό
441 2536 674 2606 Κύριος,
708 2536 852 2589 κατᾶ
884 2535 945 2590 τὸ
980 2538 1039 2590 ἐν
1083 2538 1400 2608 προφήταις
1449 2535 1770 2608 εἰρημένον,

142 2646 163 2678 ι
228 2627 714 2695 Ἐγκαταλέλοιπα
745 2629 837 2682 τὸν
870 2623 1022 2684 οἶκόν
1056 2647 1181 2701 μου,
1219 2630 1405 2699 ἀφῆκα
1436 2628 1534 2699 τὴν
1566 2629 1770 2700 κληροο

138 2724 349 2787 -ιομίαν
383 2739 512 2792 μύ,
554 2743 572 2775 ι
622 2725 743 2777 τότε
773 2724 837 2795 δὴ
882 2726 961 2788 εἰς
993 2725 1091 2795 τὴν
1131 2723 1429 2778 Γαλιλαίαν
1462 2723 1572 2778 τῶν
1596 2721 1771 2776 ἐθνῶν

132 2814 414 2881 ἄπεισιν,
484 2818 611 2881 τοὺς
676 2818 927 2881 ἑθνικοὺς
981 2817 1621 2889 προσλαμΰανόμενος”,
1675 2817 1772 2870 καὶ

136 2910 315 2983 ὄχλος
347 2909 501 2977 αὐτῷ
536 2911 709 2976 πολὺς
738 2912 1049 2967 ἀκολουθεῖ.
1094 2913 1306 2965 Ἀνεισι
1326 2911 1382 2964 δὲ
1414 2913 1493 2975 εις
1523 2910 1585 2965 τὸ
1620 2911 1769 2982 ὅρος,

130 3006 269 3077 ἦτοι
323 3005 407 3069 είς
464 3006 555 3059 τὸν
608 3007 864 3077 σταυρὸν,
934 3007 1025 3061 ἵνα
1082 3005 1296 3071 πάντας
1369 3004 1577 3078 ἑλκύσῃ
1610 3005 1771 3076 μηρὸς

130 3098 369 3162 ἑαυτὸν,
413 3098 554 3168 ῆείς
606 3099 698 3152 τὸν
738 3101 989 3168 οὐρανὸν,
1062 3102 1143 3163 εἰς
1182 3100 1282 3171 τὴν
1344 3100 1628 3171 θεοπρεπῆ
1661 3116 1771 3170 ιτιυ

135 3193 262 3264 μὴν
316 3194 409 3245 καὶ
444 3192 629 3258 δόξαν.
698 3193 1063 3263 Ἀνα>.ηφθε“ις
1107 3194 1217 3263 γὰρ
1253 3196 1332 3253 είς
1387 3192 1644 3264 οὐρανὸν,
1677 3193 1773 3247 καὶ

126 3284 219 3348 ὡς
264 3283 400 3347 Θεὸς
453 3284 586 3356 παρ’
624 3285 788 3355 ἡμῶν
855 3286 1267 3355 δοξαζόμενος,
1321 3286 1417 3338 καὶ
1474 3286 1549 3356 μὴ
1612 3285 1843 3385 ψιλὸςο

126 3379 468 3451 ἄνθρωπος,
506 3380 587 3443 είς
629 3379 757 3449 ὅρος
787 3379 1037 3433 ἀνελθεῖν
1070 3380 1293 3448 λέγεται
1321 3396 1335 3410 ·
1376 3381 1408 3450 ἡ
1444 3380 1553 3451 γὰρ
1584 3379 1765 3450 ὑψηλὴ

127 3476 279 3547 περὶ
309 3474 478 3528 αὐτοῦ
513 3473 715 3539 ἔννοια,
746 3476 895 3543 ὄρος.
925 3474 1214 3528 Διαδίδωσι
1238 3474 1295 3527 δὲ
1328 3474 1464 3544 ἡμῖν
1494 3475 1609 3537 τοῖς
1642 3474 1766 3537 ταῖς

124 3565 317 3619 πέντε
382 3565 711 3634 αἰσθήσεσιν
799 3566 1272 3631 ύποπεπτωκόσι,
1324 3567 1450 3628 τοὺς
1509 3564 1767 3633 λογικοὺς

123 3659 352 3731 ιρτους
387 3661 550 3712 πέντε
582 3661 677 3712 καὶ
704 3661 901 3725 αὐτοὺς
929 3658 1114 3723 ὄντας.
1151 3659 1391 3730 Ἐκάστῃ
1428 3660 1539 3730 γὰρ
1565 3659 1765 3728 αἰσθή-

124 3771 230 3807 σει
267 3753 363 3805 τὸν
396 3752 715 3822 πρόσφορον
747 3754 913 3822 ἄρτον
937 3752 1147 3815 δίδωσι,
1192 3752 1316 3823 ἦτοι
1340 3753 1431 3804 τὸν
1460 3752 1623 3820 λόγον
1644 3768 1656 3782 ⁸
1689 3750 1767 3815 ὡς

120 3849 239 3901 καὶ
267 3845 479 3908 Παῦλος
506 3847 675 3913 λέγει’
712 3866 729 3899 ι
762 3847 917 3901 Θέλω
938 3850 1105 3903 πέντε
1138 3847 1333 3916 λόγους
1362 3850 1419 3923 ἐν
1464 3846 1768 3919 Ἐκκλησία

120 3941 407 4011 λαλῆσαι,
465 3942 592 4004 τοὺς
636 3943 757 4004 ταῖς
802 3940 967 3994 πέντε
1001 3940 1205 4012 δηλαδὴ
1235 3940 1561 4010 αἰσθήσεσιν
1591 3942 1768 4011 ἁρμό-

117 4040 347 4102 ζοντας
364 4035 497 4105 πρὸ,
517 4034 827 4105 διόρθωσιν.
855 4054 873 4087 ι
904 4036 979 4088 Ού
1012 4034 1200 4106 μέντοι
1230 4034 1515 4105 δυνάμεθα
1538 4033 1766 4097 τούτους

116 4133 275 4188 τοὺς
317 4130 483 4182 πέντε
531 4132 727 4197 λόγους
762 4131 919 4195 ὅλους
953 4134 1324 4201 καταφαγεῖν,
1367 4129 1507 4184 ἀλλὰ
1537 4131 1635 4184 καὶ
1669 4146 1769 4181 πε·

119 4224 515 4299 ριττεύουσιν.
573 4226 649 4277 Οὐ
699 4224 809 4295 γάρ
842 4243 924 4289 τις
965 4224 1194 4279 δύναται
1242 4226 1406 4297 ἡμῶν
1466 4226 1621 4288 ὅλους
1670 4220 1765 4277 τοῦ

126 4318 467 4387 μυστηρίου
506 4320 631 4381 τοὺς
659 4318 853 4387 λόγους
888 4320 1163 4389 χωρῆσαι,
1198 4319 1339 4375 ἀλλὰ
1386 4318 1458 4371 τὰ
1489 4319 1622 4389 ἡμῖν
1651 4320 1767 4381 τοῖς

120 4410 512 4478 ὑλικωτέροις
539 4412 808 4480 ἀνέφικτα
841 4412 938 4465 καὶ
977 4412 1206 4483 ἆὸρωτα
1252 4413 1301 4464 οἱ
1332 4410 1625 4465 ἀπόστολοι
1670 4411 1766 4483 βα-

1881 2057 2027 2126 quod
2084 2061 2250 2116 etiam
2306 2064 2350 2116 si
2400 2079 2568 2136 unum
2634 2075 2848 2121 tantum
2928 2082 3123 2137 panem
3192 2070 3516 2143 habeamus,

1880 2149 2031 2206 illum
2076 2152 2549 2225 multiplicaturus
2602 2158 2696 2223 sit,
2746 2160 2837 2229 qui
2865 2174 2930 2214 cx
2984 2163 3230 2233 quinque
3277 2166 3519 2235 panibus

1879 2250 2092 2301 tantum
2123 2262 2415 2319 superesse
2452 2249 2601 2304 fecit.
2661 2249 2769 2306 Per
2818 2252 3137 2323 allegoriam
3170 2266 3359 2315 autem
3406 2261 3517 2320 Do-

1881 2339 2065 2395 minus
2098 2344 2321 2410 quando
2362 2344 2534 2398 exivit
2580 2341 2989 2418 Hierosolyma,
3030 2353 3333 2408 secundum
3367 2359 3514 2427 quod

1880 2431 1936 2488 iu
1984 2436 2271 2505 prophetis
2332 2436 2541 2492 dictum
2594 2450 2679 2495 est
2705 2440 2799 2495 ’τι
2865 2459 2884 2494 ι
2951 2442 3229 2517 Dereliqui
3287 2447 3515 2508 domum

1879 2542 2084 2597 meam,
2126 2530 2322 2602 reliqui
2371 2532 2753 2591 haereditatet'n
2804 2552 3031 2594 meam:
3068 2558 3087 2592 ι
3142 2550 3271 2599 tunc
3294 2547 3515 2603 sane'in

1880 2620 2170 2678 Galilmam
2228 2627 2475 2695 gentium
2544 2629 2720 2694 vadit,
2767 2630 3005 2702 gent‘les
3067 2635 3403 2707 suscipiens,
3460 2653 3519 2698 et

1880 2715 2042 2771 turba
2090 2718 2242 2773 illum
2297 2736 2494 2790 magna
2548 2725 2823 2794 sequitur.
2898 2728 3169 2785 Ascendit
3216 2743 3401 2790 autem
3459 2736 3514 2791 in

1878 2819 2146 2876 montem,
2196 2812 2304 2867 boc
2349 2825 2435 2870 est
2466 2830 2714 2884 erucem,
2776 2827 2836 2874 ut
2870 2824 2938 2875 ad
2990 2838 3050 2878 se
3082 2825 3263 2896 rapiat
3317 2843 3515 2888 omnes

1880 2903 1964 2957 vel
1997 2904 2049 2957 in
2083 2904 2310 2974 cmlum,
2348 2910 2415 2963 ad
2449 2908 2720 2967 honorem
2766 2921 2822 2968 et
2854 2915 3088 2987 gloriam
3117 2916 3232 2975 Deo
3265 2921 3513 2994 dignam.

1884 2993 1953 3051 Ut
1994 2999 2140 3053 enim
2196 3002 2446 3057 ascendit
2500 3004 2554 3058 in
2594 3005 2769 3061 (telas
2823 3018 2878 3063 et
2926 3010 3226 3079 gloriﬁcari
3288 2993 3515 3088 cmpita

1885 3092 2047 3147 nobis
2078 3104 2136 3147 ut
2176 3092 2345 3161 Deus,
2386 3106 2442 3151 ct
2483 3115 2590 3154 non
2620 3111 2678 3153 ut
2714 3101 2894 3158 nudus
2929 3103 3119 3172 homo,
3184 3107 3237 3162 in
3268 3120 3513 3168 montem

1883 3186 2203 3243 ascendisse
2240 3188 2466 3243 dicitur.
2526 3188 2797 3249 Sublimis
2850 3196 2997 3251 enim
3047 3198 3115 3253 de
3142 3199 3238 3255 illo
3301 3204 3513 3273 opinio,

1883 3293 2040 3334 mons
2087 3289 2190 3336 est.
2247 3282 2348 3336 Dat
2404 3294 2589 3340 autem
2644 3288 2824 3355 nobis,
2878 3292 3199 3364 quicunque
3254 3298 3515 3357 sensibus

1880 3370 2114 3439 subjecti
2158 3388 2375 3441 sumus,
2418 3379 2717 3435 rationales
2752 3397 2922 3451 panes
2972 3388 3245 3457 quinque,
3296 3393 3425 3461 quia
3460 3407 3517 3451 et

1879 3465 1982 3532 ipsi
2016 3464 2263 3536 quinque
2293 3479 2423 3524 sunt
2462 3487 2476 3525 :
2517 3472 2816 3544 unicuique
2850 3476 2996 3531 enim
3054 3484 3239 3539 sensui
3302 3502 3510 3547 convee

1878 3559 2126 3613 nientem
2180 3575 2375 3629 panem
2412 3562 2526 3630 dat,
2580 3566 2685 3621 hoc
2731 3577 2819 3623 est
2849 3584 3168 3641 sermonem
3207 3594 3221 3632 :
3268 3580 3411 3636 sicut
3455 3596 3514 3639 et

1878 3652 2082 3710 Paulus
2106 3655 2241 3711 dicit
2270 3656 2349 3712 “t
2382 3676 2402 3710 ι
2441 3657 2576 3714 Volo
2600 3660 2846 3732 quinque
2873 3678 3162 3723 sermones
3189 3670 3241 3725 in
3265 3670 3510 3731 Ecclesia

1878 3748 2028 3819 loqui
2052 3750 2145 3821 qui
2169 3753 2413 3823 quinque
2435 3768 2695 3813 sensuum
2716 3756 3072 3816 rediiicationi
3102 3768 3459 3825 conveniant.
3488 3792 3507 3823 ι

1878 3842 2001 3898 Non
2038 3859 2337 3915 possumus
2385 3856 2569 3903 autem
2619 3851 2865 3923 quinque
2920 3869 3210 3915 sermones
3263 3861 3512 3935 integros

1878 3952 2104 4008 capere,
2137 3942 2233 3995 sed
2285 3955 2352 3995 ex
2390 3942 2470 3995 eis
2504 3944 2787 4001 abundant
2822 3948 3090 4019 reliquiae.
3132 3952 3328 4011 Nullus
3355 3959 3508 4015 enim

1884 4042 2065 4101 potest
2094 4034 2340 4102 integros
2369 4036 2765 4105 mysteriorum
2822 4055 3115 4099 sermones
3152 4061 3378 4117 capere,
3412 4056 3507 4108 sed

1879 4142 2003 4198 quae
2042 4142 2140 4182 nos
2190 4142 2392 4197 capere
2435 4138 2490 4183 et
2521 4132 2815 4189 comedere
2870 4145 3060 4209 utpote
3112 4144 3367 4200 carnales
3401 4164 3508 4201 non

1879 4236 2197 4291 possumus,
2227 4222 2456 4291 apostoli
2482 4234 2726 4292 gestant,
2758 4230 2915 4297 quasi
2949 4232 3002 4287 in
3039 4234 3285 4307 quinque
3313 4239 3511 4309 cophi-

1881 4317 1988 4384 nis,
2020 4318 2141 4372 suis
2185 4317 2351 4386 justis
2387 4318 2703 4373 animabus.
2733 4320 2968 4393 Copliini
3001 4340 3066 4379 ex
3094 4328 3266 4385 ramis
3297 4332 3508 4400 palma-

1883 4424 2006 4465 runt
2042 4418 2208 4475 sunt;
2251 4426 2270 4459 ι
2297 4406 2488 4464 Justus
2521 4421 2704 4466 autem
2725 4425 2781 4467 ttt
2809 4415 2988 4483 palma
3018 4415 3311 4479 ﬂorebit”.
3334 4441 3356 4479 ι

118 4510 473 4574 στάζουσιν,
521 4509 738 4581 ὥσπερ,
783 4509 840 4563 εν
872 4528 983 4563 τισι
1045 4510 1312 4578 κοφίνοις,
1374 4512 1497 4572 ταῖς
1558 4512 1774 4564 ἑαυτᾷν
1812 4510 2058 4573 δικαίαις
2086 4508 2315 4580 ψυχαῖς.
2358 4508 2424 4595 Οἱ
2488 4508 2602 4579 γὰρ
2644 4512 2883 4580 κόφινοι,
2916 4513 2980 4567 ὲκ
3029 4513 3205 4586 βαϊων
3266 4524 3505 4591 φοινικί.

111 4623 254 4664 νων
280 4625 292 4637 ο
332 4625 351 4659 ι
392 4606 610 4671 Δίκαιος
635 4607 713 4669 δὲ,
753 4608 829 4669 ὡς
854 4610 1044 4676 ,φοῖνιξ
1072 4607 1320 4675 ἀνθήσει.
1356 4627 1377 4661 ο

216 4727 243 4760 ε
288 4708 354 4760 Ol
390 4705 481 4759 οὖν
501 4706 809 4778 ἄνθρωποι,
852 4707 1051 4769 ἰδόντες
1078 4707 1139 4759 τὸ
1180 4710 1415 4779 σημεῖον
1445 4708 1473 4760 ὃ
1508 4708 1769 4781 ἐποίησεν

1953 4703 2123 4759 Vens.
2170 4703 2259 4769 Μ,
2295 4700 2383 4755 15.
2424 4700 2563 4771 (Illi
2594 4715 2726 4771 ergo
2773 4701 3027 4761 homines
3072 4722 3195 4762 cum
3234 4708 3505 4769 vidissent

110 4807 149 4860 ὁ
206 4798 456 4871 Ἰησοῦς,
487 4799 676 4868 ελεγον
701 4801 805 4867 ὅτι,
841 4795 1009 4865 Οὗτός
1049 4801 1198 4853 ἐστιν
1239 4800 1459 4871 ἀληθῶς
1492 4802 1519 4854 ὁ
1546 4803 1765 4872 προφή-

110 4912 247 4967 της
280 4892 309 4943 ὁ
358 4894 655 4963 ἐρχόμενος
692 4895 775 4957 εὶς
810 4892 901 4945 τὸν
934 4892 1162 4963 κόσμον.
1212 4894 1425 4963 Ἰησοῦς
1456 4888 1571 4959 οὖν,
1600 4896 1765 4963 γνοὺς

107 4996 219 5048 ὅτι
271 4985 570 5056 μέλλουσιν
617 4986 900 5057 ἔρχεσθαι,
963 4986 1063 5039 καὶ
1122 4986 1394 5058 ἁρπάζειν
1441 4986 1628 5051 αὑτὸν,
1676 4988 1766 5040 ἴνα

106 5084 457 5153 ποιήσωσιν
517 5080 682 5133 αὑτὸν
716 5078 969 5150 βασιλέα,
1019 5077 1339 5150 ἀνεχώρησε
1381 5078 1548 5132 πάλιν
1593 5080 1674 5143 είς
1706 5080 1765 5133 τὸ

100 5183 274 5255 φρος
308 5172 475 5236 αὐτὸς
530 5172 715 5243 μόνος.
761 5191 780 5225 ι
818 5174 964 5243 Ὅρα
1024 5172 1123 5245 τὴν
1176 5172 1635 5244 γαστριμαργίαν
1671 5172 1764 5226 τοῦ

100 5269 431 5342 πλήθους·
478 5267 651 5339 μυρία
711 5266 972 5338 θαύματα
1032 5268 1370 5339 ποιήσαντος
1424 5267 1518 5320 τοῦ
1563 5267 1763 5337 Ἰησοῦ,

100 5370 237 5426 καὶ
306 5361 761 5431 θαυμασιώτερα,
800 5363 901 5415 οὐκ
960 5359 1308 5431 ἐθαύμαζον·
1353 5362 1449 5413 καὶ
1506 5362 1614 5413 ιδου
1678 5362 1766 5413 διὰ

108 5463 255 5536 τὴν
298 5454 531 5525 βρῶσιν,
588 5474 604 5506 ι
644 5448 816 5519 Οὗτος
842 5497 854 5520 ,
909 5456 1098 5523 φασιν,
1136 5455 1283 5508 ἔστιν
1316 5455 1344 5506 ὁ
1386 5456 1699 5525 προφήτης.
1744 5474 1759 5504 ι

96 5558 266 5614 Οὐκ
298 5549 381 5602 ἔτι
415 5548 565 5617 αύτῴ
606 5549 736 5619 περὶ
771 5549 872 5618 τῆς
923 5548 1018 5601 τοῦ
1076 5550 1364 5603 Σαὸδὰτου
1394 5549 1767 5618 παραὸἑσεως

96 5645 505 5721 ἐγκαλοῦσιν,
538 5645 639 5695 οὐκ
667 5642 745 5694 ἔτι
784 5644 873 5695 τὸν
900 5644 1065 5712 νόμον
1102 5643 1417 5697 ἐκδικοῦσιν
1446 5660 1458 5671 ·
1498 5643 1633 5696 ἀλλὰ
1673 5660 1763 5693 το⁸

95 5745 346 5805 (τοῦτον
399 5738 487 5791 διὰ
535 5740 661 5800 τοὺς
707 5738 906 5811 ἄρτους
961 5737 1126 5789 αὑτὸν
1182 5737 1441 5805 τιμῶσιν,
1496 5735 1641 5788 ὥστε
1700 5736 1761 5787 οὺ

94 5844 315 5919 μόνον
343 5832 632 5903 προφήτην
668 5829 1125 5900 ἀναγορεύουσιν,
1158 5830 1295 5883 ἀλλὰ
1348 5832 1442 5882 καὶ
1478 5828 1763 5897 βασιλείας

194 6028 261 6063 ³7
296 6020 506 6077 .let‘em.
546 6034 644 6084 χιι,
678 6018 730 6071 7.
809 6017 1045 6073 "lCor.
1080 6032 1192 6079 xtv,
1237 6015 1326 6070 19.

464 6114 743 6176 Ριτιιοι..
788 6110 911 6173 Gn.
962 6110 1257 6173 CXXIII.

1872 4800 2017 4871 quod
2060 4798 2223 4854 .lesus
2264 4796 2472 4851 fecerat
2506 4795 2750 4866 signum,
2790 4798 3089 4856 dicebant:
3132 4801 3231 4859 llic
3263 4814 3348 4862 est
3377 4823 3505 4865 vere

1878 4893 2146 4966 propheta
2192 4890 2280 4946 ille
2316 4890 2410 4960 qui
2469 4900 2740 4946 venturus
2794 4902 2879 4947 est
2915 4894 2966 4948 in
3019 4879 3309 4954 mundum.
3342 4900 3506 4959 Iesus

1878 5004 2009 5059 ergo
2049 5002 2173 5043 cum
2228 4986 2587 5055 cognovisset
2647 4987 2792 5056 quod
2826 4990 3045 5045 venturi
3078 5002 3285 5060 essent,
3322 5010 3388 5051 ac
3420 5013 3508 5053 τε·

1873 5091 2023 5151 pturt
2090 5080 2269 5149 ipsum
2336 5085 2395 5133 ut
2450 5075 2701 5131 facerent
2757 5077 2934 5147 ipsum
2998 5096 3208 5153 regem,
3267 5091 3506 5145 secessit

1877 5174 2074 5227 iterum
2108 5172 2228 5238 ipse
2275 5170 2327 5225 in
2369 5178 2616 5226 montem
2661 5172 2834 5226 solus.
2879 5191 2897 5223 ι
2938 5173 3074 5229 Vide
3104 5176 3286 5245 gulam
3331 5182 3500 5252 vulgi,

1876 5263 2240 5337 cum;l'eeisset
2260 5264 2543 5318 innumera
2570 5265 2857 5332 miracula,
2881 5266 3111 5339 et585
3135 5270 3499 5339 mirabiliora.

1877 5376 1983 5413 non
2031 5358 2473 5423 admirabantur,
2516 5368 2572 5413 et
2600 5373 2730 5413 ecce
2786 5372 3011 5431 propter
3051 5364 3237 5421 cibum
3289 5369 3499 5435 dicunt,

1883 5470 1900 5501 ‹
1933 5450 2029 5505 llic
2056 5461 2141 5505 est
2178 5450 2269 5503 ille
2294 5450 2583 5518 propheta.
2625 5468 2643 5500 ι
2680 5448 2796 5505 Νοιι
2835 5453 3068 5523 amplius
3103 5471 3229 5513 eum
3257 5460 3323 5515 de
3361 5458 3505 5517 Sab-

1878 5546 1990 5599 bati
2033 5543 2327 5599 violatione
2355 5554 2615 5611 arguunt,
2662 5559 2768 5598 non
2801 5545 2941 5601 ultra
2978 5549 3152 5620 legem
3193 5553 3501 5620 vindicant.

1880 5640 1972 5693 sed
2008 5639 2144 5695 adeo
2182 5640 2332 5692 illntn
2372 5649 2594 5707 propter
2619 5654 2788 5707 panes
2818 5641 3025 5706 colunt,
3059 5655 3116 5697 ut
3153 5655 3208 5699 et
3240 5662 3365 5702 eum
3392 5665 3499 5705 non

1880 5736 2054 5788 solum
2100 5735 2423 5804 prophetam
2467 5734 2786 5803 prmdicent.
2830 5736 2924 5790 sed
2976 5746 3031 5792 et
3064 5737 3286 5809 dignum
3335 5759 3503 5814 regno

1880 5840 2165 5884 ecnseaut.
2200 5829 2269 5883 At
2302 5827 2390 5883 ille
2419 5826 2577 5898 fugit,
2608 5828 2868 5885 erudiens
2895 5845 2997 5887 nos
3035 5834 3343 5893 mundanas
3372 5853 3509 5894 con-

1408 6014 1451 6045 "
1483 6013 1627 6070 Paul.
1668 6028 1780 6079 CXI,
1820 6013 1906 6069 l3.

3062 6106 3133 6169 41
