4052 6560
605 533 734 598 1291

1533 525 2121 590 THEOPHYLACTI
2169 519 2584 584 BULGMUE
2625 519 2984 580 ARCHIEP.

3514 116 3570 126 ιιι-η-
3587 120 3704 128 τεη..
3713 124 3734 129 ,η

3757 505 3898 571 ιεεη

601 657 845 700 temnere
875 640 1190 715 dignitates.
1231 658 1248 691 ι
1292 638 1510 696 διιεοιιίι
1538 649 1718 694 autem
1748 640 2063 692 inmontem
2087 636 2200 704 ipse

2308 632 2462 698 ἄξιον
2499 630 2728 684 οἴονται.
2775 627 2916 681 ’Λλλ’
2944 626 3154 687 ἐκεῖνος
3185 622 3404 692 φεύγει,
3440 618 3716 674 παιδεύων
3756 618 3901 689 ἡμᾶς

599 738 772 803 solus,
810 754 829 789 ι
863 734 1008 791 nullo
1042 731 1430 803 discipulorum
1480 740 1780 802 assumpto,
1821 744 1930 802 quo
1980 728 2192 783 illorum

600 829 856 900 probaret
894 825 1254 892 desiderium,
1294 841 1422 880 num
1483 823 1688 880 ferrem
1741 822 1823 878 sui
1864 820 2191 877 absentiam.

669 1099 836 1156 Vens.
872 1099 1063 1158 t6-2l.
1107 1119 1124 1152 ι
1168 1099 1238 1154 At
1271 1097 1359 1154 ubi
1405 1097 1516 1167 jam
1595 1111 1822 1166 vespera
1871 1104 2035 1158 esset,
2099 1094 2195 1146 dc-

599 1196 932 1251 acenderunt
989 1192 1245 1265 discipuli
1295 1190 1414 1262 ejus
1467 1191 1533 1244 ad
1585 1203 1768 1255 mare,
1800 1199 1853 1243 et
1899 1201 2192 1241 conscensa

599 1290 756 1353 nari,
793 1294 1062 1341 venerunt
1114 1282 1344 1352 traiecto
1383 1283 1521 1338 mari
1559 1283 1626 1334 ad
1674 1279 1931 1350 Oppidum
1985 1274 2191 1347 Caper—

599 1397 786 1434 nanm.
833 1378 1062 1447 Jamque
1102 1377 1340 1431 tenebrae
1374 1383 1564 1438 erant,
1599 1387 1698 1427 nec
1734 1378 1958 1426 venerat
1997 1370 2062 1422 ad
2099 1382 2193 1423 eoa

595 1469 779 1524 Jesus.
815 1470 961 1522 Mare
994 1482 1174 1522 autem
1217 1475 1381 1520 vento
1428 1480 1626 1535 magno
1668 1463 1832 1518 ﬂante
1865 1463 2195 1517 intumesce-

600 1564 712 1616 bat.
769 1561 904 1615 Cum
966 1559 1323 1630 remigasscnl
1370 1573 1499 1628 ergo
1545 1558 1722 1612 ferme
1773 1557 1944 1610 stadia
2002 1555 2192 1625 viginti

600 1656 840 1723 quinque
889 1662 984 1706 aut
1037 1652 1291 1722 triginta,
1352 1651 1536 1707 vident
1585 1650 1768 1706 Jesum
1820 1648 2193 1704 ambulantem

599 1761 763 1814 super
808 1759 959 1798 mare
1009 1755 1063 1798 el
1108 1745 1636 1815 appropinquantem
1673 1743 1797 1797 navi
1825 1784 1838 1805 ,
1876 1757 1938 1796 ac
1995 1743 2193 1795 timue-

599 1854 746 1892 ;~:::.z.
793 1837 883 1890 ille
914 1848 1089 1891 autem
1126 1837 1256 1890 dicit
1287 1839 1402 1890 eis:
1440 1836 1550 1904 Ego
1584 1851 1727 1898 sum,
1765 1835 1934 1890 nolite
1979 1833 2191 1888 timere.

604 1929 905 1986 Voluerunt
956 1945 1085 2001 ergo
1140 1930 1383 1999 recipere
1419 1945 1542 1983 eum
1593 1931 1646 1982 in
1696 1930 1899 1988 narim,
1943 1937 1996 1981 et
2050 1927 2192 1980 illico

601 2025 752 2076 navis
794 1997 1076 2094 appulerat
1119 1997 1279 2075 terra}
1311 2023 1377 2074 ad
1424 2036 1584 2091 quant
1634 2021 1804 2074 ibant.
1861 2038 1878 2069 ι
1926 2017 2192 2072 Dominus
2225 1997 2268 2052 Β

602 2111 819 2182 quidem
857 2109 1172 2166 ascenditiu
1199 2119 1432 2164 montem
1455 2110 1622 2173 solus,
1643 2122 1721 2175 ιιι,
1755 2111 1894 2166 sicut
1924 2111 2186 2175 diximus,

601 2207 790 2272 probet
821 2203 1154 2259 desiderium
1194 2202 1584 2273 discipulorum
1625 2217 1692 2256 an
1731 2201 2010 2272 inquirant
2042 2217 2188 2256 eum.

599 2299 670 2352 At
720 2297 794 2350 illi
835 2295 1230 2364 exspectabant
1264 2310 1438 2365 usque
1486 2296 1552 2349 ad
1597 2311 1878 2364 vesperam
1910 2305 2193 2364 sperantes

600 2401 886 2443 venturum
926 2389 1105 2459 ipsum
1163 2404 1176 2440 :
1216 2398 1266 2442 et
1303 2403 1425 2441 cum
1468 2401 1575 2440 non
1614 2388 1860 2450 veniret,
1910 2403 2014 2441 non
2060 2387 2193 2440 tole-

601 2484 822 2547 rabant,
859 2482 951 2535 sed
993 2479 1267 2536 desiderio
1301 2480 1577 2549 quarendi
1623 2479 1775 2534 illum
1819 2478 2034 2534 accensi
2069 2493 2199 2532 con-

601 2575 871 2631 scendunt
902 2574 955 2628 in
987 2574 1190 2628 navim.
1218 2571 1336 2629 Non
1366 2573 1510 2628 enim
1540 2583 1742 2627 temere
1774 2584 1827 2627 et
1859 2571 2002 2626 forte
2025 2587 2195 2626 evan-

601 2669 790 2739 gelista
824 2677 1040 2736 tempus
1078 2663 1485 2731 manifestavit,
1515 2666 1607 2719 sed
1640 2679 1734 2735 per
1778 2665 1878 2719 hoc
1905 2669 2195 2719 vehemen-

605 2770 713 2813 tem
775 2757 988 2812 illorqu
1053 2758 1379 2814 charitatem
1437 2755 1770 2822 declaravit,
1820 2756 1966 2826 quod
2023 2770 2196 2825 neque

606 2865 832 2919 vespera
865 2864 959 2905 eos
994 2850 1303 2909 retinuerit.
1346 2848 1596 2905 Permisit
1629 2860 1812 2902 autem
1865 2863 1958 2903 eos
1990 2859 2200 2918 tempe-

607 2951 750 2998 atate
799 2942 1135 3012 periclitari,
1182 2952 1242 2998 ut
1285 2941 1427 2997 facta
1474 2952 1596 3012 post
1635 2951 2011 3010 tempestatem
2052 2951 2202 2995 tran-

607 3033 897 3102 quillitate,
925 3033 1193 3088 miraculo
1233 3033 1404 3104 magis
1435 3033 1770 3098 laetarentur,
1806 3044 1861 3088 et
1897 3033 2203 3088 indelebilis

609 3123 872 3178 memoria
914 3123 1016 3186 sui,
1049 3122 1260 3177 illorum
1312 3121 1623 3192 peetoribus
1660 3121 1935 3176 insideret.
1975 3119 2202 3176 Assistit

609 3222 787 3268 autem
813 3213 921 3268 illis
937 3229 1058 3266 cum
1082 3221 1373 3282 tempestas
1394 3222 1562 3278 esset,
1608 3221 1661 3266 et
1677 3227 1929 3268 sermone
1949 3212 2201 3267 timorem

609 3304 836 3375 eiiciens
869 3313 924 3358 et
949 3303 1401 3374 tranquillitatem
1430 3304 1483 3357 in
1512 3302 1649 3357 mari
1675 3303 1899 3367 iaciens,
1927 3303 2197 3374 duplicem

612 3395 961 3451 serenitatem
985 3403 1266 3466 operatur,
1293 3395 1534 3450 sedando
1567 3404 1674 3448 tam
1711 3395 2014 3450 animarum
2037 3411 2198 3465 quam

613 3489 779 3544 maris
825 3489 1212 3544 turbationem.
1246 3488 1423 3543 Porro
1475 3488 1528 3541 in
1584 3501 1777 3542 navem
1814 3503 1922 3542 non
1959 3490 2206 3543 ascendit

615 3582 937 3636 miraculum
973 3579 1146 3650 majus
1177 3578 1357 3635 facere
1389 3582 1596 3635 volens.
1635 3579 1766 3636 Vide
1793 3582 1936 3635 enim
1970 3582 2071 3636 tria
2104 3583 2207 3635 mi-

611 3673 794 3728 racula
831 3691 845 3728 :
879 3688 1070 3739 unum,
1097 3673 1243 3743 quod
1283 3674 1575 3728 ambularit
1607 3688 1770 3744 super
1799 3687 1982 3739 mare;
2010 3690 2208 3729 secun-

611 3768 776 3831 dum,
823 3766 966 3835 quod
1023 3767 1429 3836 compescuerit
1483 3765 1715 3831 ﬂuctus;
1765 3769 2022 3832 tertium,
2060 3769 2204 3837 quod

613 3857 797 3911 statim
835 3872 1026 3911 navem
1067 3855 1257 3912 iecerit
1295 3872 1416 3911 esse
1456 3857 1506 3910 in
1544 3867 1689 3911 terra
1734 3858 1786 3912 in
1823 3874 1984 3927 quam
2019 3859 2205 3923 ibant,

613 3949 862 4018 quamvis
911 3948 1139 4003 multum
1177 3949 1394 4005 abesset
1421 3965 1450 4002 a
1495 3959 1640 4004 terra
1677 3964 1800 4004 cum
1832 3951 2114 4006 assisteret
2157 3953 2205 4006 ei

616 4041 894 4095 Dominus.
952 4041 1122 4109 igitur
1161 4041 1503 4096 tra'nsieruut
1571 4042 1786 4110 quidem
1836 4042 2005 4098 Judzei
2057 4057 2206 4096 mare

616 4131 882 4197 Rubrum,
939 4135 1071 4185 duce
1102 4130 1250 4186 Mose
1275 4131 1346 4197 “;
1407 4147 1596 4187 verum
1623 4131 1710 4188 ille
1730 4143 1790 4188 ut
1813 4147 2002 4188 servus
2024 4134 2208 4188 omnia

617 4223 846 4277 laeichat
881 4234 932 4275 et
965 4223 1318 4292 precabatur;
1365 4231 1420 4276 at
1455 4223 1542 4277 hic
1575 4225 1721 4278 omni
1755 4239 1878 4277 cum
1913 4234 2204 4292 potestate.

619 4312 682 4367 Et
717 4313 820 4366 illic
844 4311 1006 4367 tlante
1032 4321 1220 4366 austro
1249 4312 1475 4366 cedebat
1507 4327 1668 4382 aqua,
1703 4323 1761 4367 ut
1788 4316 1942 4384 quasi
1972 4316 2026 4369 in
2057 4317 2206 4370 arida

617 4409 774 4462 deret
803 4407 1125 4471 transitum;
1174 4407 1276 4460 hoc
1315 4417 1494 4461 autem
1528 4406 1646 4461 loco
1679 4407 1853 4476 majus
1886 4409 2208 4464 miraculum

618 4503 696 4553 iit.
736 4499 958 4553 Manens
988 4499 1132 4552 enim
1167 4501 1220 4552 in
1254 4515 1352 4554 sua
1391 4507 1584 4554 natura
1619 4515 1792 4565 mare,
1831 4501 1886 4556 in
1921 4503 2210 4572 superticie

613 4607 710 4646 sua
740 4591 950 4646 ferebat
977 4592 1283 4658 Dominum,
1307 4603 1366 4646 ut
1393 4592 1709 4662 impleretur
1729 4596 2105 4664 propheticum
2126 4597 2206 4652 “:

2299 725 2410 779 τῶν
2463 723 2750 795 κοσμικῶν
2783 721 3154 790 καταφρονεῖν
3193 717 3551 788 ἀξιωμάτων.
3594 713 3904 783 ’Δναχωρεϊ

2299 818 2356 871 δέ
2392 820 2471 881 εἰς
2521 817 2582 869 τὸ
2611 817 2739 887 ὅρος
2780 815 2944 876 αὐτὸς
2989 811 3175 882 μόνος,
3226 809 3432 880 μηδένα
3480 806 3593 860 τῶν
3645 805 3906 888 μαθητῶν

2301 909 2636 979 παραλαῦών
2663 925 2674 938 ·
2709 907 2783 969 ὡς
2819 905 2885 958 ἂν
2923 904 3107 957 αὐτῶν
3145 903 3238 956 τὸν
3271 900 3437 954 πόθον
3468 899 3778 970 δοκιμάσῃ,
3813 897 3905 950 καὶ

2300 1005 2347 1056 εί
2380 1005 2455 1073 μὴ
2491 1004 2723 1073 φέρουσι
2754 997 2862 1067 τὴν
2892 996 3061 1052 αὑτοῦ
3093 996 3375 1066 στέρησιν.

2376 1116 2394 1148 ι
2448 1095 2537 1159 '0;
2588 1095 2644 1148 δὲ
2702 1094 2832 1163 ὀψία
2883 1092 3138 1161 ἐγένετο,
3187 1088 3504 1158 κατέϐησαν
3553 1088 3600 1140 oi
3649 1085 3904 1156 μαθηταὶ

2297 1187 2460 1241 αὑτοῦ
2489 1188 2566 1250 εἰς
2599 1187 2698 1256 τὴν
2726 1185 3027 1240 θάλασσαν.
3061 1183 3170 1236 Καὶ
3194 1182 3468 1251 ἐμϐάντες
3502 1182 3583 1242 είς
3605 1179 3668 1232 τὸ
3695 1180 3902 1239 πλοῖον.

2298 1285 2529 1354 ἦρχοντο
2563 1283 2736 1351 πέραν
2768 1281 2868 1350 τῆς
2914 1279 3194 1346 θαλάσσης
3235 1278 3316 1339 εἰς
3352 1273 3756 1346 Καπερναούμ.
3797 1273 3910 1326 Καὶ

2301 1376 2491 1428 σκοτία
2524 1375 2625 1445 ἤδη
2671 1374 2949 1442 ἐγεγόνει.
2985 1372 3081 1425 καὶ
3109 1372 3208 1423 οὐκ
3241 1368 3493 1438 ἐληλύθει
3526 1366 3667 1438 πρὸς
3707 1367 3909 1428 αὐτοὺς

2296 1472 2324 1523 ό
2374 1468 2608 1540 Ἰησοῦς.
2649 1470 2721 1520 "ll
2774 1483 2832 1518 τε
2865 1466 3115 1519 θάλασσα
3153 1462 3361 1530 ἀνέμου
3403 1461 3662 1524 πνέοντος
3696 1459 3912 1529 διηγείο

2300 1579 2444 1632 ρετο.
2507 1561 2865 1630 Ἐληλακότες
2907 1557 2999 1610 οὖν
3043 1557 3116 1620 ὡς
3171 1555 3423 1620 σταδίους
3477 1552 3829 1607 εἰκοσιπέντε
3879 1541 3912 1620 ἢ

2297 1656 2626 1724 τριάκοντα,
2673 1650 2943 1722 θεωροῦσι
2979 1649 3071 1703 τδν
3131 1648 3341 1718 Ἰησοῦν
3374 1645 3789 1718 περιπατοῦντα
3823 1644 3915 1698 ἐπὶ

2296 1747 2396 1817 τῆς
2429 1746 2708 1815 θαλάσσης
2734 1785 2746 1806 ,
2784 1746 2878 1797 καὶ
2913 1743 3083 1811 ἐγγὺς
3107 1743 3200 1795 τοῦ
3231 1740 3419 1794 πλοίου
3458 1738 3792 1809 γενόμενον·
3822 1737 3916 1789 καὶ

2296 1839 2671 1908 ἐφοϐήθησαν.
2723 1837 2785 1889 '0
2819 1837 2875 1889 δὲ
2923 1836 3074 1904 λέγει
3115 1837 3340 1898 αὐτοῖς’
3408 1830 3555 1899 Ἐγώ
3615 1831 3780 1900 είμι,
3840 1828 3914 1899 μὴ

2297 1933 2578 2001 φοϐεῖσθε.
2633 1929 2869 1983 Ἦθελον
2899 1925 2995 1983 οὖν
3025 1928 3213 1983 λαϐεῖν
3256 1926 3419 1981 αύτδν
3455 1926 3537 1988 είς
3577 1926 3641 1976 τὸ
3684 1924 3913 1984 πλοῖον,

2297 2025 2393 2078 καλ⁵
2421 2024 2623 2087 εὐθέως
2653 2024 2715 2076 τὸ
2745 2021 2928 2076 πλοῖον
2962 2020 3180 2090 ἐγένετο
3201 2022 3293 2073 ἐπὶ
3315 2019 3415 2088 τῆς
3443 2019 3546 2087 γῆς
3573 2017 3654 2080 εἰς
3680 2018 3749 2088 ἢν
3774 2016 3915 2084 ὑπῆ-

2297 2138 2416 2190 γον.
2452 2141 2469 2174 ι
2527 2121 2585 2175 '0
2623 2121 2723 2192 μιν
2755 2121 2960 2192 Κύριος
2991 2121 3200 2175 ἄνεισιν
3225 2120 3302 2180 εἰς
3327 2115 3390 2170 τὸ
3427 2115 3552 2187 ὅρος
3583 2115 3772 2186 μόνος,
3809 2115 3915 2175 ἵνα.

2298 2216 2485 2279 καθὼς
2526 2216 2796 2286 εἴπωμεν,
2827 2213 3102 2284 δοκιμάσῃ
3138 2213 3230 2264 τὸν
3261 2210 3426 2265 πόθον
3467 2207 3578 2263 τῶν
3614 2207 3880 2279 μαθητῶν
3904 2246 3918 2266 .

2300 2312 2347 2363 εἰ
2380 2308 2735 2379 ἐπιζητοῦσιν
2773 2308 2958 2361 αὐτόν.
2997 2308 3061 2360 Ol
3103 2306 3183 2367 δέ,
3219 2303 3580 2375 περιμένουσι
3616 2303 3722 2371 μέν
3755 2301 3920 2355 αὑτὸν

2298 2402 2459 2472 ἄχρις
2500 2401 2659 2472 ὀψίας
2683 2444 2696 2464 ,
2733 2399 3149 2470 προσδοκῶντες
3179 2397 3332 2467 ἥξειν
3357 2395 3524 2450 αὐτόν
3547 2410 3561 2424 ⁸
3605 2393 3685 2465 μὴ
3715 2393 3918 2447 ἐλθόν·-

2300 2509 2390 2553 τςς
2429 2493 2483 2546 δὲ
2507 2533 2518 2554 ,
2548 2493 2647 2544 οὐκ
2681 2492 2966 2562 ἀνέχινται
3002 2531 3016 2552 ,
3046 2489 3182 2542 om
3215 2487 3350 2556 πρὸς
3377 2488 3609 2556 ζήτησιν
3638 2484 3813 2540 αὑτοῦ
3842 2485 3922 2554 τῷ

2301 2585 2453 2654 πόθῳ
2505 2582 2902 2652 κεντούμενοι,
2965 2580 3322 2652 ἐμϐαίνουσιν
3364 2579 3445 2642 είς
3488 2579 3548 2632 τὺ
3588 2579 3801 2634 πλοῖον.
3844 2578 3919 2632 Οὐ

2299 2679 2410 2749 γὰρ
2444 2677 2653 2744 ἁπλῶς,
2691 2678 2786 2730 καὶ
2815 2677 2891 2738 ὡς
2940 2675 3155 2745 ἔτυχεν,
3185 2675 3213 2727 ό
3238 2671 3634 2743 εὐαγγελιστὴς
3666 2671 3761 2724 τόν
3798 2689 3922 2726 και-

2306 2773 2395 2840 ρὸν
2430 2770 2723 2840 ἐδήλωσεν,
2757 2768 2894 2822 ἀλλὰ
2923 2768 3011 2820 διὰ
3055 2767 3248 2819 τούτου
3275 2765 3373 2835 τὴν
3406 2763 3647 2834 σφοδρὰν
3691 2764 3920 2832 ἀγάπην

2303 2865 2486 2918 αὐτῶν
2512 2863 2828 2934 ἐμφαίνων,
2861 2863 2942 2914 ὅτι
2975 2861 3098 2914 ούδέ
3139 2859 3352 2928 ἑσπέρα
3385 2857 3586 2921 αὐτοὺς
3621 2858 3920 2926 κατέσχεν.

2318 2953 2535 3022 Ἀφίησι
2585 2954 2638 3005 δὲ
2675 2954 2873 3016 αὐτοὺς
2908 2952 3316 3022 χειμασθῆναι,
3354 2951 3442 3003 ίνα
3474 2951 3540 3001 ἐκ
3577 2947 3676 3000 τοῦ
3710 2947 3925 3000 κλύδωι

2305 3061 2396 3106 νος
2452 3044 2696 3114 γαλήνης
2757 3044 3199 3112 ἐπιγενομένης.
3255 3041 3333 3111 τῷ
3387 3038 3641 3107 γεγονότι
3715 3038 3928 3108 μᾶλλον

2305 3137 2772 3208 ἐπευφρανθῶσι,
2825 3137 2921 3189 καὶ
2976 3133 3414 3203 ὰνεπζληστοςή
3477 3133 3674 3202 μνήμη
3725 3132 3928 3184 τούτου

2305 3233 2426 3294 ταῖς
2465 3231 2647 3284 αὐτῶν
2693 3227 2944 3300 καρδίαις
2976 3227 3321 3298 ἐνσημανθῇ.
3369 3227 3694 3296 Ἐφίσταται
3728 3227 3788 3280 δὲ
3817 3228 3892 3279 αὖ
3916 3255 3928 3261 -

2229 3355 2273 3414 c
2307 3328 2420 3387 τοῖς
2448 3324 2874 3394 χειμαζομένοις
2897 3365 2912 3390 ,
2946 3321 3045 3414 καί
3074 3322 3162 3374 διὰ
3195 3321 3286 3374 τοῦ
3316 3319 3481 3414 λόγον
3514 3318 3608 3373 τόν
3650 3335 3709 3371 τε
3754 3320 3930 3388 φὶδον

2310 3415 2601 3480 ἐκϐάλλει,
2655 3416 2749 3467 καὶ
2789 3415 2907 3483 ap:
2963 3413 3208 3482 γαλήνην
3248 3413 3315 3482 τῇ
3352 3409 3602 3483 Θαλάσσῃ
3654 3412 3887 3478 ἐμποιεῖ
3915 3428 3926 3440 -

2311 3510 2404 3562 καὶ
2430 3507 2627 3576 διπλῆν
2659 3505 2840 3559 εὐδίαν
2882 3505 3181 3576 ἐργάζεται
3208 3543 3223 3566 ,
3249 3503 3358 3557 τῶν
3402 3521 3461 3556 τε
3515 3504 3710 3574 ψυχῶν
3740 3505 3930 3557 αὐτῶν

2312 3600 2407 3652 καὶ
2436 3601 2533 3668 τῆς
2568 3599 2846 3669 Θαλάσσης
2877 3596 3127 3667 πραΰνας
3170 3597 3266 3669 τὴν
3292 3598 3555 3666 ταραχήν.
3599 3597 3720 3649 Ούκ
3750 3597 3928 3667 ἀνέϐη

2309 3692 2365 3744 δέ
2416 3692 2495 3753 εἰς
2549 3691 2611 3743 τὸ
2667 3689 2886 3752 πλοῖον,
2941 3687 3004 3741 τὸ
3050 3689 3238 3756 θαῦμα
3285 3689 3472 3758 μεῖζον
3520 3687 3930 3762 ιργάηατθιαι

2315 3782 2661 3852 βουλόμενος.
2723 3782 2867 3851 Ὀρα
2916 3781 3026 3849 γὰρ
3075 3785 3206 3850 τρία
3254 3781 3321 3833 τὰ
3371 3779 3672 3851 θαύματα·
3711 3780 3808 3845 ἐν,
3847 3785 3932 3834 ὅτι

2314 3876 2639 3946 περιεπάτει
2674 3875 2764 3927 ἐπὶ
2808 3877 2908 3944 τῆς
2935 3873 3213 3944 Θαλάσσης
3238 3891 3252 3904 δ
3287 3875 3580 3946 δεύτερον,
3631 3877 3718 3929 ὅτι
3761 3893 3932 3929 κατε-

2315 3968 2556 4038 στώρεσε
2607 3967 2676 4020 τὰ
2723 3966 2986 4035 κύματα’
3047 3965 3271 4036 τρίτον,
3326 3967 3385 4018 τὸ
3447 3967 3657 4029 εὐθέως
3698 3967 3933 4036 ποιῆσαι

2318 4056 2574 4124 γενέσθαι
2628 4057 2688 4109 τὸ
2738 4056 2926 4108 πλοῖον
2980 4057 3076 4108 ἐπὶ
3111 4057 3212 4124 τὴν
3251 4055 3396 4123 γῆν.
3434 4058 3513 4114 si;
3557 4059 3626 4127 ἦν
3669 4058 3928 4127 ὑπῆγον.

2314 4150 2491 4203 καίτοι
2542 4149 2681 4202 πολὺ
2733 4150 2930 4215 ἀπεῖχε
2978 4148 3078 4215 τῆς
3123 4148 3227 4216 γῆς
3254 4187 3268 4212 ,
3303 4149 3393 4200 ὅτε
3431 4149 3608 4219 τούτῳ
3655 4150 3868 4216 ἐπέστη
3905 4151 3935 4200 ὁ

2315 4241 2542 4312 Κύριος.
2583 4238 2854 4308 Διέὗησαν
2902 4239 3001 4308 μὲν
3035 4238 3129 4291 οὖν
3171 4242 3265 4292 καὶ
3309 4240 3557 4294 Ἰουδαῖοι
3596 4241 3700 4313 τὴν
3763 4243 3931 4312 Ἐρυ-

2315 4333 2488 4402 Ορὰν,
2537 4332 2784 4394 Μωσέως
2843 4331 3180 4400 ἡγουμένου.
3251 4333 3368 4385 ἀλλ’
3419 4335 3631 4398 ἐκεῖνος

2315 4425 2498 4484 δοῦλος
2553 4424 2730 4477 πάντα
2780 4423 3072 4494 εἰργάζετο
3111 4426 3206 4477 καὶ
3237 4426 3536 4495 εὐχόμενος
3563 4443 3577 4456 ·

2319 4519 2437 4587 μετ’
2467 4517 2718 4581 ἐξουσίας
2753 4517 2996 4587 ἀπάσης.
3032 4518 3213 4571 Κάκεῖ
3247 4519 3345 4590 μὲν
3375 4520 3531 4574 νότου
3562 4522 3935 4586 πνεύσαντος,

2316 4607 2425 4677 εἶξε
2467 4611 2528 4661 τὸ
2581 4609 2748 4681 ὕδωρ,
2790 4609 2935 4663 ὥστε
2976 4609 3069 4662 ἐπὶ
3120 4610 3292 4682 ξηρᾶς
3330 4615 3556 4684 ποιῆσαι
3594 4615 3937 4686 παρελθεῖν·

3710 4334 3814 4404 μὲν
3853 4338 3934 4394 ὡς

3614 4423 3777 4492 οὗτος
3826 4428 3889 4482 δὲ
3915 4472 3929 4488 ,

622 4703 640 4735 ε
681 4685 782 4750 Qui
823 4687 1066 4739 ambulat
1101 4701 1266 4756 super
1296 4701 1444 4741 mare
1471 4698 1528 4741 ut
1558 4702 1721 4757 super
1746 4691 2138 4760 pavimentum.
2181 4712 2199 4745 ι

2317 4702 2552 4758 ἐνταῦθα
2586 4705 2665 4769 δὲ,
2719 4704 2906 4774 μεῖζον
2938 4708 2999 4760 τὸ
3032 4706 3222 4778 θαῦμα
3249 4707 3490 4774 ἐγένετο.
3520 4685 3782 4762 Μένονσα
3822 4709 3938 4777 γὰρ

615 4775 767 4832 Multi
808 4787 988 4831 autem
1019 4788 1071 4834 et
1119 4795 1262 4833 ntmc
1297 4796 1486 4835 sumus
1532 4781 1582 4834 in
1628 4781 2004 4850 spiritualibus
2049 4794 2203 4840 tene-

618 4871 729 4922 bris
753 4906 767 4932 ,
799 4878 852 4922 et
885 4869 1259 4938 periclitamur
1296 4872 1348 4924 in
1400 4873 1670 4942 rpirituali
1726 4875 1861 4930 mari
1895 4877 2204 4947 submergi;

616 4963 712 5017 sed
753 4963 1088 5030 excipiamus
1134 4962 1408 5018 Christum
1436 5003 1450 5029 ,
1507 4974 1561 5020 et
1604 4969 1827 5022 omnino
1878 4984 1906 5022 a
1949 4971 2208 5038 periculis

616 5057 966 5110 salvabimur.
1034 5057 1099 5109 is.
1151 5057 1399 5124 quamvis
1456 5073 1598 5128 smpe
1634 5059 1920 5116 -tumultus
1971 5063 2208 5116 excitent

619 5147 773 5200 nobis
792 5147 1034 5216 quidam,
1062 5148 1141 5202 vel
1167 5149 1386 5216 diaboli,
1413 5149 1492 5204 vel
1515 5151 1762 5207 homines
1782 5162 2052 5207 tentantes
2082 5169 2204 5218 nos,

617 5250 671 5296 et
730 5257 824 5309 per
873 5251 1113 5297 terrores
1172 5245 1458 5300 molientes
1520 5245 1686 5318 586
1736 5261 1836 5302 nos
1880 5261 2206 5315 concutere,

617 5335 901 5389 audiamus
934 5345 1110 5391 tamen
1143 5336 1421 5392 Christum
1441 5340 1805 5397 clamantem:
1847 5360 1865 5394 ι
1903 5339 1982 5396 Ne
2014 5343 2206 5398 timea-

620 5428 718 5492 tis,
746 5442 846 5497 ego
879 5443 1018 5482 sum.
1062 5448 1078 5478 ι
1115 5428 1267 5496 Quod
1299 5440 1478 5485 autem
1515 5432 1667 5495 dicit,
1713 5432 1856 5489 hunc
1887 5434 2051 5490 habet
2083 5451 2207 5491 sen-

615 5534 736 5574 sum
771 5537 783 5572 :
821 5517 1108 5574 Terribilia
1145 5522 1360 5591 quidem
1392 5534 1738 5593 praetereunt.
1767 5527 1887 5584 ideo
1920 5546 1986 5585 ne
2011 5530 2201 5586 timea-

619 5611 686 5664 tis
726 5625 789 5665 ea
819 5627 938 5680 quze
981 5622 1313 5680 praetereunt
1361 5631 1374 5666 :
1412 5613 1526 5683 Ego
1553 5625 1732 5672 autem
1769 5636 1909 5688 sum,
1970 5623 2072 5677 hoc
2123 5633 2205 5677 est

619 5709 837 5775 semper
891 5719 1150 5770 manens,
1203 5715 1259 5760 et
1297 5707 1439 5762 sicut
1477 5707 1620 5764 Deus
1665 5726 1767 5783 ego
1818 5730 1938 5770 sum
1985 5716 2074 5772 ille
2114 5717 2202 5786 qui

617 5807 718 5853 est.
756 5799 940 5867 Itaque
975 5797 1104 5867 quia
1136 5799 1402 5856 terribilia
1435 5802 1652 5870 quidem
1686 5809 2014 5878 temporaria
2057 5820 2206 5877 sunt,

685 5976 733 6008 ι’
766 5975 940 6033 Exod.
981 5995 1092 6047 xiv,
1117 5980 1207 6038 9.9.
1287 5981 1329 6014 “
1360 5981 1504 6040 Psal.
1538 6003 1662 6053 ην,
1704 5991 1758 6044 6.

2315 4799 2408 4851 ἐπὶ
2458 4797 2559 4867 τῆς
2611 4801 2821 4864 οἰκείας
2865 4800 3083 4870 φύσεως
3126 4804 3161 4873 ὴ
3207 4801 3498 4866 θάλασσα,
3535 4801 3717 4868 οὕτως
3747 4805 3940 4876 ,ἔφερε

2314 4892 2405 4946 τὸν
2438 4892 2718 4964 Δεσπότην
2750 4894 2842 4947 ἐπὶ
2880 4895 2992 4949 τῶν
3021 4895 3210 4949 νώτων
3233 4939 3247 4963 ,
3281 4895 3366 4948 ἶνα
3403 4895 3671 4970 πληρωθῇ
3698 4899 3760 4952 τὸ
3794 4914 3945 4970 προ-

2317 4986 2546 5055 φητικόν
2567 5001 2578 5014 ·
2622 5004 2638 5035 ι
2675 4989 2730 5040 ’0
2758 4988 3079 5058 περιπατῶν
3119 4990 3211 5042 ἐπὶ
3240 4988 3522 5060 θαλάσσης
3549 4991 3629 5056 ὡς
3663 4993 3759 5046 ἐπὶ
3805 4992 3945 5048 ἐδάο

2316 5094 2471 5147 φους.
2520 5097 2537 5128 ι
2577 5078 2769 5132 Πολλοὶ
2809 5082 2905 5133 καὶ
2941 5079 3041 5134 νῦν
3075 5081 3246 5152 ἐσμεν
3288 5083 3347 5134 ἐν
3380 5083 3560 5154 σκότῳ
3596 5083 3677 5155 τῷ
3712 5085 3897 5156 νοητῷ
3919 5126 3936 5149 ,

2316 5171 2410 5222 καὶ
2446 5170 2834 5254 κινδυνεύομεν
2873 5174 2931 5225 ἐν
2965 5177 3032 5243 τῇ
3067 5173 3317 5245 θαλάσσῃ
3347 5177 3415 5246 τῇ
3444 5178 3613 5247 νοητῇ
3654 5182 3940 5232 καταπνί-

2313 5261 2508 5329 γεσθαι
2537 5278 2548 5289 ο
2602 5261 2718 5314 ἀλλ’
2770 5261 3163 5333 ὑποδεξώμεθα
3213 5265 3489 5335 Χριστὸν.
3555 5266 3657 5320 καὶ
3706 5269 3936 5331 πάντως

2316 5352 2678 5422 σωθησόμεθα
2733 5355 2843 5407 ἀπὸ
2877 5355 2988 5408 τῶν
3019 5356 3285 5411 κινδύνων
3309 5375 3322 5387 ·
3369 5357 3474 5412 κᾶν
3520 5360 3793 5426 πολλάκις
3821 5364 3932 5430 v6-

2313 5447 2441 5510 δούς
2472 5449 2848 5517 ἐπεισάγωσιν
2890 5451 3026 5520 ἡμῖν
3064 5467 3246 5519 τινες,
3297 5453 3658 5526 πειράζοντες
3705 5457 3848 5527 ἡμᾶς
3893 5457 3934 5528 ἢ

2311 5540 2566 5610 δαίμονες
2591 5583 2603 5606 ,
2635 5543 2667 5612 ἢ
2695 5543 2976 5614 ἄνθρωποι
3001 5587 3015 5611 ,
3051 5547 3147 5598 καὶ
3169 5546 3257 5600 διὰ
3293 5547 3384 5600 τὸν
3415 5547 3584 5616 φόϐον
3615 5549 3936 5621 πειρῶνται

2315 5635 2461 5704 ημᾶς
2491 5637 2840 5703 κατασείειν,
2871 5640 3198 5712 ἀκούσωμεν
3225 5639 3320 5695 τοῦ
3358 5642 3600 5714 Χριστοῦ
3637 5643 3876 5712 βοιῖιντος
3909 5661 3929 5677 ο

2325 5747 2342 5778 ι
2384 5727 2475 5800 Μὴ
2520 5728 2811 5796 φοϐεῖσθε,
2844 5731 2957 5800 ἐγώ
2990 5733 3131 5804 είμι.
3189 5753 3208 5785 ι
3249 5735 3315 5787 ⁸0
3348 5732 3404 5788 δὲ
3447 5734 3638 5804 λέγει,
3680 5735 3940 5792 τοιοῦτόν

2317 5818 2467 5871 ἐστι’
2509 5819 2591 5874 Τὰ
2629 5825 2728 5891 μὲν
2763 5821 2972 5896 φοϐερά
3001 5824 3397 5897 παρέρχονται,
3443 5826 3526 5882 διὸ
3558 5829 3637 5901 μὴ
3669 5829 3932 5900 φοϐείσθτ
