4052 6566
873 541 1331 610 ENARRATIO
1368 540 1457 604 IN
1497 528 2014 603 EVANGELIUM
2051 522 2298 589 JOANN
2309 522 2401 584 IS.
2429 542 2501 558 -·
2535 517 2701 580 CAP.
2727 513 2831 578 VI.
3367 507 3514 577 1994

541 678 702 736 μενα.
765 659 918 728 Ἕγω
974 657 1034 711 δέ
1092 655 1252 727 ειμι,
1318 652 1638 715 τουτέστιν,
1690 645 1782 701 ἀεὶ

1902 648 1947 697 et
1972 653 2079 694 non
2106 649 2240 693 vere
2274 642 2426 699 sunt,
2469 645 2571 701 ego
2610 639 2795 685 autem
2845 640 2989 692 sum,
3027 624 3134 682 hoc
3173 632 3261 681 est
3291 640 3516 693 maneo,

1880 740 1937 790 et
1990 743 2274 799 nunquam
2325 733 2596 797 praetereo
2621 762 2637 787 ,
2673 730 2728 777 et
2782 733 2912 774 vere
2953 733 3073 774 sum
3099 758 3113 785 ,
3164 732 3236 772 ne
3268 716 3515 786 prodatis

1879 835 2125 881 vestram
2169 823 2224 878 in
2274 836 2362 876 tne
2395 818 2557 874 fidem
2591 828 2818 888 propter
2851 811 3204 885 temporalia.
3234 809 3371 865 Vide
3415 825 3517 864 au-

1881 931 2015 981 tem,
2061 917 2314 980 obsecro,
2347 912 2627 985 quomodo
2673 925 2783 965 non
2815 908 3007 962 statim
3055 905 3125 960 ab
3167 905 3328 960 initio
3364 904 3518 975 peri-

1879 1011 2027 1076 culi,
2069 1011 2165 1065 sed
2203 1009 2255 1062 in
2292 1008 2508 1062 fervore
2548 1011 2781 1074 apparet
2811 999 3072 1055 Christus
3107 1006 3162 1052 et
3204 989 3373 1052 solvit
3408 1012 3522 1050 tne-

1882 1115 2020 1162 tum.
2075 1102 2222 1159 Sinit
2265 1101 2429 1156 enim.
2457 1113 2557 1153 nos
2593 1099 2645 1153 in
2705 1093 2900 1150 mediis
2944 1107 3069 1148 esse
3102 1089 3406 1162 periculis,
3456 1100 3517 1144 ut

1882 1215 2009 1256 cum
2055 1195 2464 1254 certaverimus
2511 1191 2565 1245 in
2615 1186 2969 1244 tribulatione
3019 1193 3076 1240 et
3123 1185 3306 1256 pressi
3347 1182 3518 1237 fueri-

1883 1307 2039 1358 mus,
2098 1288 2448 1361 probatiores
2510 1283 2740 1346 fiamus,
2789 1289 2844 1334 et
2887 1287 2946 1333 ιιι
2993 1293 3118 1334 cum
3171 1276 3518 1332 moverimus

1882 1398 2101 1440 omnem
2149 1390 2398 1438 nostram
2431 1377 2693 1433 virtutem
2731 1385 2785 1430 ct
2817 1373 3150 1445 sapientiam
3174 1414 3187 1434 .
3232 1370 3515 1426 inveneri-

1885 1493 2120 1549 musque
2153 1491 2275 1531 eam
2312 1472 2589 1530 infirmam
2615 1510 2633 1536 ,
2684 1471 2752 1524 ad
2790 1469 2944 1524 illum
2991 1464 3382 1537 confugiamus
3435 1479 3521 1521 so«

1885 1574 2022 1639 lum,
2056 1574 2149 1646 qui
2178 1586 2245 1626 ex
2286 1565 2684 1639 inexspectatis
2707 1564 2924 1619 salvarc
2957 1561 3185 1632 poterit.
3220 1558 3358 1614 Nam
3393 1573 3520 1614 cum

193 553 309 622 1293

185 669 244 725 τὰ
294 663 536 740 παρερκά

188 766 334 838 μένω,
364 759 464 816 καὶ
492 758 569 822 ὡς
601 754 881 824 Θεδςοέγὼ
907 751 1170 823 τυγχάνω
1208 751 1236 803 6
1265 747 1362 803 ὢν.
1410 745 1568 800 Ἐπεὶ
1591 743 1774 838 τοίνυν

184 837 245 913 τὰ
269 855 369 928 ,μὶν
416 850 630 924 φοϐερὰ
659 846 1015 921 πρόσκαιρα,
1063 844 1160 898 καὶ
1199 843 1302 897 οὐκ
1353 839 1574 911 ἀληθῶς
1605 837 1771 928 ὄντα,

186 924 292 1020 ἐγὼ*
310 947 362 1002 δέ
392 947 539 1014 είμι,
584 940 708 996 ἀντὶ
741 935 837 992 τοῦ
858 979 872 1002 ,
909 936 1061 1008 μένω
1081 974 1096 1000 ,
1125 933 1224 988 καὶ
1251 930 1513 985 οὐδέποτε
1558 924 1776 1020 παρέρξ

184 1017 363 1113 iam,
395 1036 513 1102 ἀλλ’
546 1032 767 1107 ἀληθῶς
808 1033 928 1102 είμι
952 1069 968 1096 ,
1006 1028 1083 1100 μὴ
1125 1026 1376 1100 προδῶτε
1406 1024 1507 1095 τὴν
1547 1021 1630 1085 είς
1671 1017 1774 1090 ἐμὶ

141 1155 146 1171 ο
184 1134 348 1188 πίστιν
375 1130 465 1185 διὰ
495 1127 564 1183 τά
599 1127 942 1200 πρόσκαιρα.
977 1120 1125 1194 Ὀρα
1154 1118 1214 1174 δέ
1252 1135 1344 1191 μοι
1369 1158 1386 1184 ,
1427 1115 1549 1180 πῶς
1578 1113 1680 1168 οὑκ
1717 1113 1777 1165 ἐν

183 1225 313 1296 ἀρχῇ
337 1221 433 1276 τοῦ
466 1217 740 1284 κινδύνου,
773 1215 892 1271 ἀλλ’
924 1216 982 1292 ἐν
1012 1214 1168 1285 ἀκμῇ
1196 1210 1550 1281 ἐπιφαίνεται
1582 1209 1611 1262 6
1641 1207 1778 1276 Χρι-

186 1317 332 1382 στὸς,
360 1314 457 1369 καὶ
490 1313 607 1367 λύει
645 1312 738 1365 τὸν
787 1309 976 1380 φόϐον.
1016 1307 1115 1378 Ἑᾷ
1137 1306 1246 1378 γὰρ
1279 1305 1431 1376 ἡμᾶς
1476 1306 1536 1357 ἐν
1589 1299 1779 1373 μέσοις

179 1409 416 1480 γενέσθαι
449 1409 562 1471 τοῖς
615 1406 812 1468 δεινοῖς
835 1443 850 1468 ,
903 1401 994 1455 ῖνα
1045 1399 1422 1475 παλαίσαντες
1455 1398 1520 1468 τῇ
1555 1393 1774 1463 θλίψει,

179 1504 266 1560 καὶ
318 1502 673 1565 πιεσθέντες,
730 1494 1100 1568 δοκιμώτεροι
1145 1491 1484 1565 γενώμεθα⁹
1536 1489 1636 1545 καλ⁸
1688 1489 1777 1542 ῖνα

179 1599 487 1667 κινήσαντες
516 1594 706 1651 πᾶσαν,
728 1591 828 1662 τὴν
853 1588 1139 1662 ἡμετέραν
1162 1586 1402 1656 δύναμιν
1425 1585 1522 1638 καὶ
1554 1582 1774 1653 σοφίαν,

178 1694 267 1746 καὶ
296 1689 546 1762 εὑρόντες
586 1685 762 1757 αὐτὴν
795 1681 1028 1753 ἀσθενῆ,
1063 1681 1202 1753 πρὸς
1251 1680 1466 1734 ἐκεῖνον
1497 1675 1780 1746 καταφεύ-

178 1799 351 1855 γωμεν
386 1782 572 1852 μόνον,
607 1781 702 1833 τὸν
738 1777 804 1843 ἐξ
835 1775 1271 1849 ἀπροσδοκήτων
1310 1771 1510 1838 σώζειν
1537 1769 1780 1838 δυνάμε-

178 1861 280 1931 νον.
319 1876 449 1929 Ὅτε
491 1873 604 1945 γὰρ
642 1874 670 1927 6
708 1870 1058 1943 ἀνθρώπινος
1093 1869 1365 1939 ᾀποκάμη
1403 1865 1554 1933 νοῦς,
1582 1863 1708 1919 τότε
1745 1864 1780 1935 ὴ

1886 1668 2131 1724 humana
2165 1679 2321 1721 mens
2360 1661 2591 1734 fatigata
2623 1659 2812 1725 fuerit,
2845 1667 2974 1712 tunc
3014 1657 3200 1710 divina
3244 1653 3394 1708 salus
3433 1665 3521 1707 rc-

1887 1773 2050 1833 pente
2099 1760 2388 1824 subvenit,
2433 1773 2499 1813 ac
2554 1762 2712 1827 parat
2768 1768 2869 1809 nos
2923 1761 2981 1808 ut
3016 1750 3085 1806 ad
3131 1751 3284 1805 illum
3337 1748 3519 1803 solum

1887 1855 2202 1928 fugiamus,
2263 1854 2360 1926 qui
2416 1851 2630 1909 salvare
2674 1858 2896 1918 potest,
2950 1857 3006 1902 et
3052 1856 3165 1902 noa
3218 1844 3522 1914 nobisipsis

176 1977 238 2029 ἐκ
263 1972 392 2028 Θεοῦ
425 1969 676 2043 σωτηρία
699 1969 897 2040 ἀθρόον
927 1966 1324 2038 ἐπιγενομένη,
1355 1961 1781 2036 παρασκευάζει

1902 1950 2233 2007 ascribamus
2281 1950 2540 2004 salutem.
2598 1946 2658 2001 Si
2698 1945 3036 2002 voluerimus
3083 1953 3272 1997 autem
3324 1951 3381 1995 et
3419 1955 3522 1997 nos

176 2067 317 2139 ημᾶς
346 2066 480 2138 πρὸς
512 2031 724 2118 ἐκεῖνον
755 2031 1228 2132 πέτασθαινμόν-ον
1260 2031 1354 2114 τόν
1386 2031 1656 2122 σώζοντα,
1684 2055 1782 2111 καὶ

1902 2049 1945 2102 in
1993 2047 2177 2102 navim
2237 2053 2487 2102 nostram
2542 2042 2830 2113 suscipere
2873 2039 3192 2104 Christum,
3246 2039 3351 2094 hoc
3423 2044 3518 2094 est

179 2161 252 2233 μὴ
281 2158 490 2221 ἑαυτοῖς
511 2157 612 2230 την
645 2155 926 2230 σωτηρίαν
958 2151 1402 2225 ἐπιγράφεσθαι.
1441 2151 1506 2205 Εἰ
1535 2149 1783 2222 θελήσω-

177 2270 277 2326 μεν
305 2251 359 2308 δέ
399 2251 496 2306 καὶ
535 2251 617 2315 είς
647 2249 708 2304 τὸ
741 2249 930 2304 πλοῖον
958 2247 1119 2320 ἡμῶν
1149 2244 1342 2301 λαϐεῖν
1387 2245 1481 2300 τὸν
1507 2243 1781 2317 Χριστὸν,

173 2348 454 2406 τουτέστι.
517 2343 838 2399 κατοικίσαι
890 2341 985 2397 τὸν
1044 2339 1284 2414 Χριστὸν
1349 2342 1412 2395 ἐν
1461 2343 1531 2413 τῇ
1580 2338 1784 2412 καρδίᾳ

173 2439 348 2513 ἡμῶν,
381 2437 547 2502 εὐθὺς
579 2433 1002 2508 εὑρεθησόμεθα
1034 2435 1093 2488 ἐν
1117 2435 1186 2506 τῇ
1227 2436 1324 2506 γῇ,
1352 2435 1430 2496 εἰς
1471 2433 1542 2504 ἦν
1570 2431 1787 2501 ἀπαγό-

179 2529 341 2604 μεθα.
374 2528 513 2583 Ποία
552 2526 674 2600 δέή
718 2526 790 2598 γῆ
832 2528 985 2580 ἐστιν
1018 2524 1199 2596 αῦτη;
1246 2519 1327 2578 Ἦ
1374 2523 1593 2587 πάντως
1633 2524 1667 2593 ἡ
1713 2523 1786 2593 γῆ

172 2627 271 2698 τῆς
300 2621 662 2692 ἐπαγγελίας,
691 2621 720 2674 6
751 2619 1009 2691 οὐρανὸς,
1034 2603 1076 2690 ’ἠ
1121 2618 1195 2690 γῆ
1239 2616 1353 2672 τῶν
1399 2615 1650 2689 πραέων,
1691 2613 1788 2670 καὶ

172 2723 281 2775 ἀπδ
308 2718 486 2790 πάσης
514 2715 711 2779 κακίας
741 2713 1203 2786 εἰρηνευσάντων.

255 2832 272 2868 ι
311 2813 389 2885 Τῇ
422 2811 691 2885 ἐπαύριον
730 2811 758 2863 6
794 2808 954 2881 ὄχλος
984 2809 1014 2862 6
1056 2805 1312 2880 ἐστηκὼς
1348 2807 1530 2879 πέραν
1557 2806 1661 2879 τῆς
1692 2806 1790 2862 θα-

173 2907 402 2978 λάσσης,
437 2903 599 2969 εἰδὼς
629 2904 714 2958 ὅτι
740 2903 1028 2973 πλοιάριον
1065 2901 1196 2957 ἄλλο
1221 2900 1324 2956 οὐκ
1351 2895 1422 2973 ἦν
1459 2902 1599 2968 ἐκεῖ,
1631 2903 1679 2955 εί
1712 2901 1789 2974 μὴ

173 3000 239 3056 ιν
270 3000 451 3053 ἐκεῖνο
487 2997 571 3061 είς
600 2996 628 3050 ὃ
655 2983 939 3067 άνέόησαν
967 2996 1025 3049 ὀί
1063 2994 1308 3066 μαθηταὶ
1342 2993 1535 3059 αὑτοῦ,
1575 2993 1673 3048 καὶ
1705 2995 1790 3049 δτι

173 3093 239 3148 οὗ
279 3088 600 3161 συνεισῆλθε
629 3090 746 3155 τοῖς
774 3089 1052 3160 μαθηταῖς
1093 3086 1260 3141 αὑτοῦ
1302 3088 1330 3141 6
1375 3085 1586 3158 Ἰησοῦς
1615 3088 1697 3152 εις
1728 3086 1790 3142 τὸ

174 3186 481 3257 πλοιάριον,
529 3183 670 3238 ἀλλὰ
719 3183 876 3254 μόνοι
919 3183 970 3236 οί
1015 3181 1262 3252 μαθηταὶ
1296 3181 1468 3236 αὐτοῦ
1519 3181 1789 3253 ἀπῆλθον.

169 3279 316 3340 ἄλλα
359 3278 418 3332 δὲ
457 3274 590 3350 ἦλθε
637 3274 895 3346 πλοιάρια
943 3277 1009 3329 ὲκ
1060 3275 1166 3346 τῆς
1221 3274 1551 3346 Τιϐεριάδος
1619 3274 1792 3344 ἐγγὺς

1889 2133 2286 2196 habitationem
2336 2138 2470 2194 dare
2507 2136 2731 2194 Christo
2772 2135 2828 2191 in
2862 2132 3031 2191 corde
3074 2141 3287 2200 nostro,
3324 2131 3523 2188 statim

1892 2233 2241 2290 inveniemur
2285 2233 2340 2288 in
2373 2242 2521 2288 terra
2574 2231 2631 2287 in
2664 2245 2830 2301 quam
2873 2229 3110 2284 abimus.
3156 2227 3294 2294 Quae
3323 2236 3514 2281 autem

1893 2339 2040 2385 terra
2079 2328 2182 2385 ista
2204 2328 2228 2384 τ
2254 2325 2493 2383 Omnino
2525 2334 2671 2382 terra
2706 2317 3110 2395 promissionis,
3143 2323 3372 2388 caelum,
3397 2336 3520 2393 quae

1891 2433 1975 2479 est
2005 2433 2149 2478 terra
2187 2422 2427 2490 mitium,
2471 2430 2528 2478 et
2558 2435 2751 2477 eorum
2798 2419 2891 2491 qui
2941 2419 3161 2476 liberati
3202 2433 3234 2474 a
3267 2417 3516 2486 malitia,

1892 2516 1948 2574 in
1978 2530 2115 2588 pace
2145 2516 2361 2572 vivunt.

1972 2801 2140 2858 Vna.
2195 2800 2395 2858 22—26.
2456 2819 2476 2855 ι
2535 2800 2764 2858 Postero
2797 2799 2921 2865 die,
2973 2800 3132 2857 turba
3172 2815 3300 2871 qua:
3338 2799 3527 2856 stabat

1898 2907 2053 2952 trans
2087 2911 2275 2962 mare,
2315 2895 2452 2951 vidit
2496 2895 2644 2967 quod
2693 2893 2947 2950 navicula
2981 2895 3086 2949 alia
3123 2910 3230 2949 non
3267 2903 3419 2951 esset
3450 2895 3528 2950 ibi

1895 2991 2002 3049 nisi
2029 3007 2138 3048 una
2164 2989 2255 3046 illa
2290 2991 2536 3062 inquam
2570 2989 2805 3062 ingressi
2836 2991 3057 3046 fuerant
3087 2989 3345 3058 discipuli
3381 2989 3526 3060 ejus,

1897 3095 1954 3141 et
1982 3084 2126 3154 quod
2162 3099 2275 3139 non
2310 3084 2595 3140 introisset
2623 3081 2783 3140 Jesus
2828 3100 2952 3139 cum
2988 3081 3277 3154 discipulis
3307 3083 3426 3139 suis
3469 3085 3525 3139 in

1900 3181 2207 3237 naviculam
2234 3221 2250 3247 ,
2302 3181 2400 3236 sed
2440 3179 2542 3237 soli
2584 3180 2838 3248 discipuli
2891 3179 3014 3252 ejus
3057 3180 3347 3237 abiissent.
3387 3179 3527 3236 Aliae

1898 3290 2030 3332 vero
2090 3285 2534 3348 supervenerunt
2591 3275 2864 3331 navicula:
2922 3291 2953 3331 a
3022 3276 3318 3332 'Iiberiarle
3369 3279 3532 3347 juxta

171 3373 272 3430 τοῦ
303 3373 498 3438 τόπου,
530 3370 667 3426 ὅπου
702 3369 910 3440 ἔφαγον
935 3367 1028 3422 τὸν
1052 3367 1244 3440 άρτον,
1279 3367 1792 3441 εὐχαριστήσαντος

1902 3369 2080 3426 locum
2129 3368 2223 3426 ubi
2264 3369 2622 3424 comederunt
2666 3384 2903 3440 panem,
2959 3378 3256 3441 postquam
3317 3370 3530 3440 gratias

171 3467 271 3524 τοῦ
312 3465 543 3539 Κυρίου.
569 3466 660 3520 ὅτε
730 3463 827 3519 οὖν
860 3458 1004 3519 εἶδεν
1055 3465 1084 3518 6
1113 3463 1296 3536 ὄχλος,
1330 3465 1417 3519 ὅτι
1451 3463 1664 3536 Ἰησοῦς
1693 3464 1793 3520 οὑκ

1904 3466 2108 3538 egisset
2148 3465 2449 3521 Dominus.
2504 3464 2641 3520 Cum
2696 3479 2830 3536 ergo
2883 3465 3115 3520 vidisset
3170 3464 3327 3520 turba
3381 3465 3530 3536 quod

174 3564 330 3617 ἐστιν
369 3561 507 3627 ἐκεῖ,
558 3559 682 3615 ούίέ
731 3559 783 3614 oi
831 3557 1080 3631 μαθηταὶ
1127 3556 1322 3627 αὑτοῦ,
1374 3557 1656 3630 ἀνέδησαν
1699 3559 1799 3616 καὶ

172 3655 339 3710 αὑτοὶ
377 3656 460 3720 είς
489 3654 558 3708 τά
603 3651 870 3721 πλοιάρια
916 3653 1012 3708 καὶ
1042 3646 1210 3724 ἦλθον
1240 3655 1323 3718 εἰς
1372 3654 1756 3724 Καπερναοὶιμ
1779 3692 1796 3722 ,

172 3746 478 3820 ζητοῦντες
521 3747 630 3804 ³τὸν
684 3746 915 3817 Ἰησοῦν.
958 3746 1073 3800 Καὶ
1117 3745 1377 3818 εὑρόντες
1421 3745 1589 3800 αὑτὸν
1619 3748 1799 3818 πέραν

169 3843 280 3913 τῆς
317 3841 623 3912 θαλάσσης,
651 3835 812 3894 εἷπον
848 3837 1002 3909 αὐτῷ
1026 3855 1040 3870 ·
1088 3837 1316 3894 Ῥασσεὶ
1337 3882 1352 3907 ,
1386 3840 1520 3894 πότε
1553 3833 1656 3895 ὧδε
1686 3859 1799 3896 πα-

172 3935 524 4009 ραγέγονας;
575 3932 881 4004 Ἀπεκρίθη
913 3933 1099 3997 αὐτοῖς
1123 3933 1152 3986 6
1193 3931 1408 4004 Ἰησοῦς
1432 3974 1446 3999 ,
1479 3937 1577 3988 καὶ
1606 3930 1794 3988 εἶπεν·

185 4027 395 4099 ’Δμὴν,
426 4026 576 4099 ἀμὴν
601 4027 747 4096 λέγω
781 4028 935 4097 ὑμῖν,
981 4025 1200 4097 ζητεῖτέ
1239 4044 1332 4098 με,
1367 4028 1469 4100 οὐχ
1496 4028 1579 4083 ὅτι
1625 4028 1799 4082 εἴδετε

170 4122 413 4190 σημεῖα.
453 4119 570 4172 ἀλλ’
614 4117 700 4172 ὄτι
731 4119 970 4188 ἐφάγετε
1001 4117 1066 4171 ἐκ
1110 4117 1224 4171 τῶν
1261 4118 1469 4190 ἄρτων,
1501 4119 1599 4174 καί
1639 4121 1802 4192 ἐχορ-

168 4212 446 4284 τάσθητε.
495 4229 515 4264 ι
554 4211 812 4277 Πεζεύων
848 4212 949 4284 μὲν
995 4215 1024 4267 6
1068 4211 1278 4285 Ἰησοῦς
1328 4214 1423 4266 ἐπὶ
1451 4211 1556 4284 τῆς
1591 4212 1800 4267 θαλάσ-

172 4323 307 4378 σης,
343 4303 590 4377 ἀπῆλθεν
622 4306 704 4369 εἰς
735 4303 799 4357 τὸ
835 4305 1037 4376 πέραν.
1073 4306 1138 4359 Οί
1165 4304 1222 4359 δὲ
1252 4304 1404 4377 ὄχλοι
1430 4307 1497 4375 τῇ
1531 4303 1802 4376 ἐπαύριον

171 4397 486 4471 ζητοῦντες
540 4397 730 4464 αὑτὸν,
781 4399 878 4452 καὶ
923 4398 1160 4464 ίδόντες,
1212 4399 1298 4453 ὅτι
1328 4398 1513 4452 πλοῖον
1538 4397 1597 4452 ἓν
1633 4395 1703 4470 ἦν
1740 4399 1804 4453 τὸ

167 4494 312 4557 τοὺς
345 4491 600 4562 μαθητὰς
631 4489 1060 4563 ὑποδεξάμενον,
1096 4494 1178 4556 είς
1206 4492 1236 4545 ὃ
1281 4493 1343 4545 οὐ
1381 4493 1741 4563 συνεισῆλθεν
1773 4494 1804 4548 6

181 4583 434 4658 Ἰησοῦς,
476 4587 558 4650 εἰς
599 4583 812 4639 ἔννοιαν
856 4579 1024 4656 ἦλθον
1062 4584 1157 4639 τοῦ
1193 4584 1499 4657 θαύματος,
1527 4589 1624 4642 καὶ
1670 4589 1804 4641 ὑπε-

166 4683 364 4748 νόουν,
402 4681 486 4734 ότι
511 4679 614 4751 τὴν
641 4679 924 4736 θάλασσαν
955 4679 1230 4748 πεζεύων,
1259 4682 1599 4753 παρεγένετο
1630 4683 1711 4746 είς
1742 4681 1803 4736 τὸ

1901 3559 2063 3616 Jesus
2107 3573 2215 3615 non
2262 3567 2410 3615 esset
2465 3557 2565 3625 ibi,
2615 3572 2795 3629 neque
2838 3556 3099 3629 discipuli
3146 3558 3289 3629 ejus,
3328 3573 3534 3613 ascen-

1905 3654 2107 3708 derunt
2135 3663 2189 3708 et
2221 3651 2354 3723 ipsa:
2387 3653 2440 3708 in
2473 3651 2757 3706 naviculas
2781 3661 2838 3708 et
2865 3663 3135 3707 venerunt
3157 3654 3532 3722 Capernaum,

1903 3757 2216 3817 quaerentes
2249 3746 2457 3802 Jesum.
2507 3747 2574 3802 Et
2627 3761 2752 3800 cum
2810 3747 3155 3803 invenissent
3202 3764 3328 3802 cum
3379 3759 3535 3804 trans

1907 3855 2080 3903 mare,
2104 3840 2362 3895 dixerunt
2389 3841 2436 3895 ei
2468 3859 2483 3895 :
2517 3839 2718 3905 Rabbi,
2749 3841 2970 3908 quando
3005 3842 3110 3896 huc
3140 3832 3391 3898 venisti?
3421 3842 3534 3899 Re-

1907 3937 2129 4006 spondit
2164 3938 2248 3992 cis
2268 3934 2429 3991 Jesus
2451 3950 2504 3992 et
2533 3937 2709 3992 dixit:
2748 3937 2949 3998 Amen.
2981 3955 3144 3994 amen
3185 3940 3307 3996 dico
3353 3941 3535 4005 vobis.

1907 4029 2160 4099 quwritis
2211 4043 2338 4098 me,
2383 4044 2492 4084 non
2554 4030 2685 4101 quia
2740 4031 2960 4087 vidistis
3013 4034 3202 4103 signa,
3259 4037 3356 4091 sed
3403 4038 3534 4106 quia

1909 4122 2228 4178 comedistis
2277 4124 2346 4178 de
2407 4125 2680 4193 panibus,
2738 4134 2789 4180 et
2852 4129 3086 4182 saturati
3143 4131 3305 4186 estis.
3361 4150 3382 4185 ι
3443 4131 3539 4189 Je-

1908 4231 2002 4272 sus
2049 4217 2270 4286 quidem
2321 4220 2562 4288 pedestri
2613 4219 2815 4276 itinere
2866 4237 3031 4292 super
3080 4239 3234 4280 mare
3285 4227 3425 4282 abiit
3478 4228 3534 4284 in

1910 4312 2225 4380 regionem,
2282 4328 2404 4383 qua:
2461 4323 2614 4369 trans
2675 4330 2850 4371 mare.
2907 4316 3109 4373 Turba:
3157 4329 3384 4384 autem,
3442 4324 3534 4379 die

1909 4411 2166 4471 p0stero,
2247 4417 2372 4457 cum
2431 4405 2822 4475 qumsivissent
2889 4407 3081 4475 illum,
3145 4421 3195 4465 et
3262 4412 3536 4469 vidissent

1907 4497 2053 4568 quod
2087 4513 2191 4552 una
2225 4506 2437 4553 tantum
2475 4500 2633 4556 navis
2665 4502 2975 4569 adfuisset,
3015 4505 3068 4558 in
3097 4521 3261 4575 quam
3297 4506 3537 4578 ingressi

1909 4585 2129 4644 fuerant
2183 4588 2480 4658 discipuli,
2545 4601 2600 4646 et
2655 4607 2763 4646 non
2829 4590 2993 4652 Iesus
3045 4595 3197 4667 ipse,
3255 4601 3538 4670 cogitave-

1910 4689 2041 4736 runt
2097 4680 2238 4752 apud
2291 4697 2353 4737 se
2412 4681 2517 4737 hoc
2565 4683 2936 4755 miraculum,
2989 4697 3049 4743 et
3098 4689 3364 4761 suspicati
3405 4704 3540 4749 sunt

169 4775 392 4849 πέραν.
435 4775 499 4829 El
559 4775 660 4847 μὲν
696 4775 808 4848 γὰρ
850 4777 947 4830 καὶ
992 4775 1126 4830 ἄλλο
1177 4776 1367 4831 πλοῖον
1399 4772 1504 4849 ἦν,
1541 4777 1692 4851 εἰκὸς
1733 4771 1793 4851 ἦν

1912 4775 2057 4843 quod
2088 4788 2240 4830 mare
2283 4775 2448 4845 pedes
2483 4777 2790 4834 transierit.
2826 4779 2963 4834 Nam
2999 4781 3043 4836 si
3079 4783 3304 4853 quidem
3337 4797 3395 4841 et
3429 4787 3536 4843 alia

132 4871 494 4943 -ὑπονοῆσαι
517 4911 533 4939 ,
583 4869 669 4924 ὄτι
701 4872 816 4934 τοῖς
849 4871 1125 4943 μαθηταῖς
1165 4873 1227 4926 ού
1261 4871 1682 4941 συνέπλευσεν,
1724 4875 1805 4936 εἰς

163 4965 372 5022 ἐκεῖνο
420 4963 478 5018 δὲ
509 4963 773 5019 εἰσελθὼν
797 5003 814 5032 ,
863 4964 1178 5037 διεπέρασε.
1231 4965 1350 5020 Νῦν
1375 4966 1458 5032 δὲ,
1496 4968 1618 5032 ἐνὸς
1651 4969 1805 5032 ὄντος

159 5058 276 5115 τοῦ
326 5057 521 5112 πλοίου
575 5057 668 5112 τοῦ
721 5057 850 5123 τοὺς
889 5057 1143 5130 μαθητὰς
1193 5063 1415 5132 μόνους,
1456 5063 1551 5116 καὶ
1599 5064 1675 5134 μὴ
1715 5067 1807 5119 τὸν

163 5151 422 5225 Κύριον,
477 5151 912 5225 ὑποδεξαμένου,
949 5153 1221 5226 πρόδηλον
1259 5155 1322 5208 τὸ
1356 5153 1566 5226 θαῦμα.
1617 5156 1807 5211 Ταῦτα

159 5247 375 5303 τόξνυν
398 5248 758 5318 ἐννοήσαντες
781 5249 830 5302 οί
852 5249 1024 5320 ὄχλοι,
1053 5249 1242 5322 ἐπειδὴ
1267 5245 1428 5321 εὗρον
1453 5251 1591 5307 ἄλλα
1617 5253 1809 5308 πλοιά-

163 5357 278 5412 ρια
317 5340 388 5393 ἐκ
415 5339 509 5393 τοῦ
540 5339 719 5414 πέραν
753 5339 1002 5403 ἐλθόντα,
1032 5341 1304 5412 ἐνέϐησαν
1332 5345 1392 5398 ἐν
1424 5344 1681 5408 ἐκείνοις,
1713 5345 1809 5398 καὶ

157 5436 259 5498 είς
322 5434 709 5505 Καπερναοὺμ
756 5434 1094 5506 διεπέρασαν
1121 5454 1135 5468 ⁸
1174 5436 1304 5491 ἔνθα
1348 5438 1414 5510 δὴ
1461 5437 1553 5494 τὸν
1599 5439 1810 5509 Κύριον

155 5528 473 5601 εὑρόντες,
505 5528 568 5581 οὑ
603 5529 1038 5599 προσπίπτουσι,
1077 5532 1174 5586 καὶ
1207 5531 1424 5586 δέονται
1459 5534 1659 5604 μαθεῖν
1691 5533 1804 5597 πῶς

1915 4869 2073 4924 navis
2105 4870 2411 4937 adfuisset,
2459 4872 2763 4928 verisimile
2813 4875 3060 4943 potuisse
3117 4891 3216 4933 eos
3252 4879 3536 4950 cogitare,

1913 4964 2057 5035 quod
2109 4980 2235 5021 cum
2283 4965 2571 5037 discipulis
2631 4981 2738 5022 non
2780 4970 3093 5040 navigarit,
3128 4973 3223 5027 sed
3270 4973 3325 5028 in
3368 4974 3533 5032 aliam

1912 5058 2195 5130 ingressus
2227 5057 2545 5116 transferat.
2581 5058 2739 5115 Nunc
2779 5073 2964 5118 autem
2999 5079 3123 5120 cum
3167 5074 3273 5121 una
3318 5077 3535 5125 tantum

1915 5153 2101 5219 fuerit,
2137 5170 2260 5223 qua:
2284 5154 2585 5225 diScipnlos
2619 5155 2788 5222 solos,
2823 5167 2880 5213 ct
2905 5173 3012 5212 non
3050 5158 3343 5218 Dominum
3369 5178 3536 5222 exeo»

1914 5249 2088 5321 perit,
2147 5248 2314 5320 587
2383 5252 2735 5306 manifestum
2792 5263 2878 5308 est
2942 5256 3297 5314 miraculum.
3363 5259 3539 5334 Igitur

1917 5341 2089 5398 turbae
2131 5344 2247 5397 [nec
2291 5343 2719 5409 intellexerunt;
2758 5357 2807 5399 et
2843 5357 2967 5414 post
3014 5349 3348 5408 invenerunt
3396 5355 3537 5412 alias

1917 5450 2085 5492 naves
2125 5451 2249 5507 quas
2302 5436 2668 5505 ttajeccrant,
2722 5449 2778 5494 et
2821 5442 3201 5505 ascenderunt
3241 5446 3295 5503 in
3331 5447 3452 5504 illas
3486 5462 3544 5505 ct

1915 5531 1968 5584 in
2024 5531 2371 5601 Capernaum
2416 5531 2868 5588 transfretarunt.
2914 5534 3031 5590 lllic
3069 5548 3254 5593 autem
3312 5540 3542 5598 invento

152 5621 348 5693 διέϐη
371 5661 386 5687 ,
421 5621 544 5676 οὑδὲ
587 5621 813 5694 ζητοῦσι
850 5624 982 5694 περὶ
1014 5625 1207 5680 τούτου
1255 5625 1352 5680 τοῦ
1401 5627 1655 5698 σημείου,
1689 5627 1807 5682 ἀλλ’

152 5713 338 5769 οὕτω
374 5713 590 5784 χαύνως
622 5715 755 5785 φασί
786 5734 798 5748 ο
839 5735 857 5768 ι
897 5717 1036 5770 Πότε
1072 5711 1174 5771 ὦδε
1207 5720 1637 5789 παραγέγοναςς
1685 5739 1702 5770 ι
1746 5721 1808 5773 0i

155 5806 296 5877 γὰρ
329 5805 630 5876 ζητοῦντες
669 5807 835 5861 αὑτὸν
871 5809 1125 5880 ἁρπάσαι
1169 5813 1265 5864 καὶ
1294 5811 1522 5882 ποιῆσαι
1557 5811 1806 5882 βασιλέα,

155 5899 457 5973 εὑρόντες
482 5901 669 5969 αὑτὸν,
702 5903 854 5957 οὐδὲν
877 5903 1124 5958 τοιοῦτον
1155 5903 1506 5976 βουλεύονται
1534 5921 1547 5934 ·
1582 5905 1720 5961 ἀλλὰ
1749 5905 1812 5960 τὸ

1916 5623 2148 5681 Domino
2175 5667 2190 5692 ,
2225 5642 2333 5680 non
2377 5627 2691 5697 supplicant
2728 5639 2781 5683 et
2827 5642 3024 5701 rogant
3057 5642 3115 5685 ut
3149 5635 3372 5691 discant
3403 5653 3542 5707 quo-

1918 5718 2078 5774 modo
2112 5719 2418 5787 transierit,
2465 5735 2639 5789 neque
2683 5734 2934 5791 quatrunt
2971 5725 3038 5779 de
3076 5726 3180 5781 hoc
3231 5731 3410 5800 signo,
3444 5733 3544 5787 sed

1921 5817 2153 5870 remisse
2186 5815 2419 5870 dicunt:
2460 5835 2477 5866 ι
2520 5815 2749 5880 Quando
2788 5817 2894 5872 huc
2933 5823 3170 5876 venisti?
3214 5843 3232 5876 ι
3268 5825 3403 5878 Nam
3451 5829 3542 5894 qui

1918 5907 2238 5978 quaerebant
2269 5909 2422 5962 illum
2457 5926 2651 5979 rapere
2690 5920 2742 5964 rt
2773 5913 2951 5967 facere.
2978 5930 3185 5986 regem,
3221 5919 3446 5972 invento
3478 5935 3546 5975 eo

1921 6001 2056 6056 nihil
2099 6001 2207 6058 tale
2241 6001 2593 6067 deliberant;
2645 6005 2737 6058 sed
2778 6007 2992 6074 alijecto
3031 6010 3298 6062 tuiracufo
3356 6011 3544 6080 inqui-

1923 6109 2051 6152 runt
2091 6097 2260 6168 magis
2290 6097 2401 6154 frui
2429 6115 2617 6158 mensa
2648 6101 2753 6155 alia
2787 6102 2932 6170 quali
2969 6113 3014 6159 el
3045 6104 3197 6173 prius
3232 6122 3244 6158 ε
3285 6116 3543 6174 propter-

152 5994 392 6067 οαῦμα
445 5994 804 6060 ἐκϐάλλοντες
826 6038 841 6062 ,
874 5998 1044 6066 ἄλλης
1086 5997 1314 6070 ζητοῦσι
1348 5997 1634 6071 τραπέζης
1666 6001 1810 6054 ἀπο-

144 6089 410 6159 λαύειν,
444 6089 560 6155 οῖας
585 6089 682 6148 καὶ
712 6093 1003 6163 πρότερον.
1040 6093 1130 6144 Διδ
1155 6093 1250 6148 καὶ
1271 6092 1628 6156 ὀνειδίζονται
1663 6094 1812 6165 παρὰ
