4052 6548
209 454 331 518 1237

888 446 1343 513 ENARRATIO
1382 445 1466 506 IN
1508 443 2026 505 EVANGELIUM
2058 443 2409 506 JOANNIS.
2441 469 2511 481 -
2548 444 2707 505 CAP.
2744 442 2846 507 Vl.

3396 435 3534 501 1293

208 586 343 640 σητε,
384 567 506 633 πῶς
556 568 803 637 σήμερον
855 563 1254 635 ἐργασάμενοι,
1308 557 1503 629 αὔριον
1555 555 1809 610 ἀναπαύ-

1940 556 2242 627 Inotidiana
2274 557 2599 627 operatione
2628 565 2907 627 parantes,
2953 568 3021 610 ne
3072 553 3291 610 solliciti
3319 552 3440 607 sitis
3469 555 3538 606 de

208 662 389 716 σεσθε-
446 662 563 716 ἀλλ’
620 662 863 733 ἑκάστης
902 659 1119 731 ἡμέρας
1175 653 1385 726 τροφὴν
1428 655 1493 705 ὲκ
1540 652 1638 722 τῆς
1682 650 1804 703 καθ’

206 759 413 828 ἡμέραν
442 756 709 827 ἐργασίας
754 756 971 826 ἔχοντες
998 793 1013 815 ,
1064 752 1141 824 μὴ
1176 750 1487 823 μεριμνᾶτε
1535 747 1667 816 περὶ
1706 746 1807 812 τῆς

207 850 406 922 αὔριον.
462 851 681 922 Βρῶσιν
720 851 776 904 δὲ
833 850 1143 921 μένουσαν,
1180 846 1281 918 τὴν
1332 842 1608 915 μυστικὴν
1656 840 1808 907 λέγει

211 945 507 1017 μετάληψιν
527 948 625 1014 τῆς
656 944 857 1015 σαρκὸς
884 942 977 997 τοῦ
1009 932 1239 1013 Κυρῖου,
1270 943 1335 1012 ἢν
1377 938 1543 1002 αὗτδς
1574 939 1709 1008 ἡμῖν
1734 935 1806 988 δί-

208 1039 380 1105 δωσιν,
407 1038 534 1101 Υἱὸς
562 1038 856 1108 ἀνθρώπου
889 1036 1208 1106 γενόμενος,
1243 1034 1301 1087 ὃν
1325 1035 1354 1087 6
1384 1031 1575 1101 Πατὴρ
1605 1028 1811 1099 ἐσφρά-

208 1150 341 1201 γισε,
394 1133 699 1197 τουτέστιν,
752 1130 1066 1196 ἀπέδειξεν,
1121 1126 1475 1191 ἐϐεϐαίωσεν,
1542 1127 1624 1178 ὅτι
1660 1123 1811 1176 ἔστιν

213 1229 329 1292 Υἱὸς
376 1228 570 1282 αὑτοῦ.
636 1226 916 1291 ’Λπέδειξε
958 1224 1060 1295 μὲν
1097 1224 1207 1295 γὰρ
1256 1223 1349 1276 καὶ
1402 1220 1568 1283 αὐτὸς
1614 1216 1813 1272 ὲαυτδν

207 1324 234 1375 6
254 1320 484 1392 Χριστὸς
510 1320 599 1375 διὰ
622 1320 732 1373 τῶν
760 1319 1062 1389 θαυμάτων
1086 1337 1098 1349 ⁸
1128 1318 1250 1371 ἐπεὶ
1274 1317 1329 1370 δὲ
1354 1315 1490 1386 πρὸς
1525 1312 1814 1376 Ἰουδαίους

206 1416 542 1484 διαλέγεται,
586 1416 673 1470 ἵνα
733 1417 807 1487 μὴ
861 1414 1243 1486 ταραχθῶσιν,
1301 1411 1395 1464 ἐπὶ
1446 1409 1539 1463 τὸν
1590 1406 1814 1478 Πατέρα

207 1508 515 1579 ἀνατρέχει,
547 1509 822 1578 καίφησι,
859 1508 991 1579 παρ’
1029 1506 1196 1561 αὑτοῦ
1230 1503 1626 1574 ὲσφραγίσθαι,
1657 1518 1817 1555 τουτ-

206 1605 381 1666 έστιν,
444 1602 865 1673 ἀποδεδεῖχθαι,
946 1600 1435 1671 μεμαρτυρῆσθαι.
1507 1594 1663 1649 Ἐπεὶ
1721 1594 1815 1647 καὶ

206 1695 366 1750 εἰκών
403 1697 519 1749 ἐστι
549 1696 643 1750 τοῦ
679 1694 891 1764 [ἰατρὸς
926 1697 953 1747 6
982 1693 1134 1759 Υἱὸς,
1173 1692 1269 1745 καὶ
1304 1690 1659 1760 σφράγισμα,
1721 1685 1817 1739 καί¹

205 1790 499 1861 χαρακτὴρ
524 1833 536 1851 ,
591 1790 702 1841 νόει
752 1790 884 1857 παρ’
933 1778 1101 1842 αὑτοῦ
1142 1783 1555 1857 σφραγισθῆναι
1588 1779 1816 1840 τοῦτον,

207 1882 323 1935 καθ’
361 1882 388 1935 ὃ
438 1882 604 1935 εἰκὼν
645 1882 741 1934 καὶ
788 1880 1124 1951 σφράγισμὰ
1160 1881 1313 1933 ἐστιν
1341 1896 1353 1910 ·
1395 1876 1538 1931 ὥστε
1579 1871 1719 1927 εἶναι
1758 1871 1819 1922 τὸ

1919 652 2185 708 crastino.
2233 651 2431 707 Cibum
2473 660 2657 706 autem
2700 658 3038 715 manentem,
3073 648 3367 719 mysticam
3409 646 3541 701 dicit

1916 746 2287 817 snunptionem
2332 747 2515 802 carnis
2567 744 2823 809 Domini,
2874 759 3040 815 quam
3075 744 3234 798 nobis
3280 743 3399 812 ipse
3449 741 3541 796 dat

1918 838 2086 893 Filius
2123 839 2361 893 hominis
2400 839 2597 903 factus,
2632 854 2795 910 quem
2838 839 2998 893 Pater
3043 838 3393 905 obsignavit,
3436 834 3540 888 hoc

1916 945 1997 987 est
2030 934 2269 988 ostendit
2299 944 2350 989 et
2382 935 2731 990 continuavit
2757 935 2904 1005 quod
2950 932 3022 989 sit
3071 931 3241 987 Filius
3276 945 3448 991 suns:
3486 937 3540 983 οἵ

1920 1029 2033 1100 ipse
2064 1030 2287 1098 quidem
2325 1024 2579 1084 Christus
2625 1028 2861 1084 ostendit
2896 1043 2955 1083 se
2982 1042 3081 1098 per
3107 1024 3412 1087 miracula;
3445 1024 3542 1076 sed

1917 1124 2044 1193 quia
2079 1139 2202 1179 cum
2236 1123 2441 1179 Judmis
2472 1124 2737 1194 loquitur,
2783 1134 2840 1177 nt
2876 1138 2944 1177 ne
2972 1124 3286 1185 turbentur,
3329 1119 3394 1173 ad
3443 1117 3545 1170 Pa-

1920 1226 2059 1270 trem
2104 1217 2363 1281 recurrit,
2422 1225 2477 1273 et
2516 1217 2649 1273 dicit
2702 1217 2771 1273 ab
2822 1218 2917 1271 illo
2964 1232 3024 1272 se
3072 1217 3350 1287 signatum
3396 1227 3541 1274 esse.

1920 1308 2023 1364 hoc
2062 1321 2168 1374 est,
2230 1320 2605 1366 monstratum
2648 1321 2703 1365 et
2759 1309 3095 1365 testimoniis
3150 1306 3547 1362 conﬁrmatum

1921 1417 2043 1457 esse
2068 1420 2084 1470 ;
2114 1404 2241 1473 quia
2274 1414 2329 1459 et
2362 1404 2543 1475 imago
2561 1413 2643 1459 est
2672 1403 2853 1459 Patris
2882 1403 3077 1469 Filius,
3112 1412 3165 1457 et
3199 1399 3545 1472 signaculum

1922 1502 1977 1548 et
2007 1493 2317 1562 character,
2355 1494 2601 1565 intellige
2638 1495 2706 1550 ab
2738 1495 2831 1550 illo
2864 1496 3011 1550 hunc
3052 1495 3353 1564 signatum,
3408 1506 3548 1560 qna-

1926 1596 2083 1642 tenus
2110 1588 2290 1658 imago
2324 1598 2379 1646 et
2430 1588 2671 1659 sigillum
2724 1599 2846 1655 est;
2882 1599 2938 1644 et
2972 1589 3043 1643 ita
3087 1603 3147 1643 se
3195 1586 3361 1642 habet
3402 1585 3548 1655 quod

1925 1682 2080 1749 dicit,
2114 1682 2274 1737 Hunc
2317 1682 2462 1737 enim
2498 1683 2589 1751 qui
2629 1683 2921 1738 videbatur
2970 1681 3143 1735 Filius
3182 1679 3448 1741 hominis,
3483 1677 3553 1732 si-

1926 1776 2112 1845 gnavit
2162 1774 2344 1842 Pater,
2411 1778 2513 1831 hoc
2556 1784 2638 1832 est
2691 1776 3042 1847 signaculum
3072 1790 3232 1829 suum
3268 1784 3323 1828 et
3359 1772 3551 1842 imagi-

1929 1886 2051 1924 nem
2102 1870 2326 1938 genuit,
2382 1886 2505 1940 qua:
2557 1870 2782 1926 haberet
2829 1872 2881 1926 in
2926 1886 2983 1926 se
3031 1884 3198 1925 omne
3253 1867 3401 1940 quod
3436 1867 3549 1937 ipse

206 1977 496 2049 λεγόμενον
562 1974 1094 2030 τοιοῦτονστοῦτον
1162 1975 1274 2044 γὰρ
1326 1971 1419 2025 τὸν
1489 1967 1820 2039 φαινόμενοι

1946 1963 2184 2029 tabehat,
2218 1973 2272 2018 et
2302 1964 2608 2019 naturalem
2643 1980 2768 2019 cum
2801 1966 2919 2037 ipso
2956 1964 3327 2020 identitatcm.

208 2074 332 2128 Υἱὶν
387 2074 715 2143 ἀνθρώπου,
776 2072 1118 2144 ἐσρράγισεν
1175 2073 1203 2125 6
1251 2070 1483 2140 Πατὴρ,
1525 2065 1817 2124 τουτέστι,
1862 2061 2140 2131 σφραγῖδα
2172 2061 2373 2133 Ἱαύτοῦ
2406 2064 2500 2117 καὶ
2535 2063 2725 2118 εἰκόνα
2770 2064 3057 2135 ἐγέννησε,
3129 2060 3557 2136 ἀπαραλλαξίαν

210 2171 389 2224 πᾶσαν
426 2170 520 2223 καὶ
565 2169 873 2240 ταυτότητα
926 2168 1171 2237 φυσικὴν
1208 2166 1345 2236 πρὸς
1387 2165 1556 2219 αὐτὸν
1603 2156 2033 2220 ἅποσὼζουσαν.

284 2280 303 2315 ι
350 2258 519 2315 Εἶπον
556 2258 652 2315 οὖν
698 2262 836 2332 πρὸς
868 2262 1071 2315 αὐτόν’
1106 2261 1173 2315 Τί
1213 2259 1490 2329 ποιῶμεν,
1521 2257 1610 2310 ἴνα
1652 2256 1821 2324 ἐργα-

207 2352 436 2424 ζώμεθα
468 2354 538 2408 τὰ
589 2354 728 2425 ἔργα
775 2352 871 2406 τοῦ
914 2352 1092 2418 Θεοῦ;
1148 2349 1456 2420 Ἀπεκρίθη
1504 2351 1532 2402 6
1585 2344 1820 2418 Ἰησοῦς.

208 2452 303 2502 καί
332 2444 488 2501 εἶπεν
522 2448 708 2511 αὐτοῖς
729 2465 743 2480 ο
777 2446 952 2501 Τοῦτό
984 2450 1103 2500 ἐστι
1133 2446 1193 2499 τὸ
1223 2446 1387 2518 ἔργον
1416 2443 1512 2498 τοῦ
1539 2442 1701 2507 Θεοῦ,
1737 2442 1824 2495 ἵνα

211 2540 548 2612 πιστεύσητε
605 2543 687 2606 είς
741 2541 801 2595 ὃν
850 2542 1179 2596 ἀπέστειλεν
1236 2542 1469 2604 ἐκεῖνος.
1517 2533 1689 2593 Εἶπον
1729 2535 1824 2589 οὖν

210 2634 361 2703 αὐτῷ
388 2652 402 2664 ·
441 2633 506 2686 Τί
538 2629 632 2686 οὖν
674 2635 853 2695 ποιεῖς
908 2633 972 2685 σὺ
1018 2632 1282 2703 σημεῖον,
1334 2630 1421 2683 ἵνα
1456 2628 1660 2697 ἴδωμεν
1684 2666 1697 2692 ,
1732 2623 1826 2677 καὶ

178 2725 602 2794 ’πιστεύσωμέν
654 2742 780 2789 σοι;
813 2726 879 2777 Τί
921 2724 1173 2797 ὲργάζῃ;
1214 2743 1231 2775 ι
1277 2722 1545 2791 Ζητοῦσιν
1591 2721 1641 2773 οἱ
1690 2719 1825 2772 Ἰου-

207 2818 350 2872 δαῖοι
387 2816 677 2887 μαθεῖντδ
715 2816 877 2887 ἔργον
909 2816 1004 2870 τοῦ
1036 2815 1198 2881 Θεοῦ,
1236 2816 1337 2885 οὐχ
1373 2815 1463 2867 ἵνα
1492 2811 1653 2866 τοῦτο
1685 2810 1831 2881 πρα-

212 2912 400 2976 ξωσιν,
438 2910 554 2965 ἀλλ’
594 2910 681 2964 ἵνα
726 2910 1034 2980 δρὰξωνται
1066 2909 1347 2980 ἀφορμάς.
1392 2906 1566 2969 Εἰδὼς
1596 2901 1690 2959 οῦν
1729 2906 1830 2958 αύ-

208 3007 338 3068 τοῦς
373 3004 543 3074 μηδὲν
567 3001 1132 3073 ὠφεληθησομὲνους,
1161 3003 1314 3072 ὅμως
1346 3000 1437 3053 διὰ
1467 3000 1527 3053 τὸ
1557 3016 1827 3067 κοινωφε-

209 3101 301 3163 λὲς
334 3102 434 3171 τῆς
466 3099 821 3162 διδασκαλίας
870 3099 1259 3169 ἀποκρίνεται,
1300 3097 1392 3150 καὶ
1436 3089 1829 3149 ύ’ποδείκνυσιν

210 3195 419 3258 αὐτοῖς,
460 3194 665 3265 μᾶλλον
705 3194 763 3249 δὲ
807 3196 976 3249 πᾶσιν
1006 3193 1346 3265 ἀνθρώποις,
1396 3193 1479 3246 ὅτι
1518 3190 1681 3245 τοῦτό
1713 3192 1831 3244 ἐστι

207 3289 273 3342 τὸ
297 3288 459 3359 ἔργον
488 3288 584 3343 τοῦ
613 3288 774 3352 Θεοῦ,
816 3288 878 3341 τὸ
922 3280 1205 3341 πιστεύειν
1240 3290 1320 3350 είς
1351 3286 1411 3339 ὃν
1449 3288 1657 3348 ἐκεῖνος
1690 3284 1829 3339 ἀπέ-

211 3381 448 3437 στει).εν.
489 3381 553 3437 ⁸11
589 3382 697 3454 γὰρ
724 3384 804 3445 είς
837 3382 1003 3436 αὑτὸν
1036 3382 1243 3445 πίστις,
1275 3380 1441 3451 ἔργον
1473 3379 1650 3443 ὅντως
1684 3379 1833 3452 ἱερόν

208 3494 272 3531 τε
309 3476 407 3529 καὶ
457 3476 687 3541 τέλειον,
744 3474 840 3529 καὶ
886 3474 1118 3541 ἁγιάζον
1166 3475 1296 3537 τοὺς
1338 3473 1549 3543 ταύτην
1580 3471 1826 3543 ἔχοντας.

2008 2252 2169 2309 Vens.
2209 2251 2405 2308 28-30.
2456 2272 2473 2303 ι
2521 2252 2784 2307 Dixerunt
2821 2266 2956 2320 ergo
2985 2252 3051 2307 ad
3084 2266 3207 2305 eum
3250 2268 3263 2305 ε
3298 2250 3440 2316 Quid
3477 2249 3559 2302 fa-

1928 2347 2140 2401 ciemus
2164 2355 2233 2400 ut
2264 2360 2561 2415 operemur
2590 2361 2756 2418 opera
2790 2346 2929 2401 Dei?
2973 2345 3283 2416 Respondit
3314 2342 3476 2399 Jesus
3506 2351 3562 2399 et

1929 2441 2067 2497 dixit
2114 2442 2196 2497 eis
2248 2460 2260 2497 :
2298 2441 2415 2498 Hoc
2467 2454 2552 2498 est
2597 2457 2736 2513 opus
2788 2441 2908 2509 Dei,
2952 2452 3009 2496 ut
3051 2440 3293 2498 credatis
3332 2439 3385 2494 in
3431 2454 3555 2495 eum

1929 2550 2092 2603 quem
2146 2535 2292 2589 misit
2332 2534 2441 2591 ille.
2483 2536 2754 2590 Dixerunt
2806 2549 2939 2604 ergo
2980 2535 3070 2590 ei:
3106 2532 3261 2601 Quod
3320 2546 3453 2601 ergo
3500 2538 3554 2585 tu

1931 2625 2067 2681 fatis
2104 2627 2320 2696 signum
2370 2636 2433 2681 ιιι
2469 2628 2753 2681 videamus
2806 2635 2860 2680 et
2908 2626 3201 2681 credamus
3256 2621 3395 2678 tibi?
3428 2621 3560 2693 quid

1930 2722 2217 2790 Operaris?
2262 2743 2279 2775 ι
2318 2722 2581 2790 Qumrnnt
2615 2721 2791 2777 Judaei
2834 2722 3051 2777 discere
3090 2735 3229 2790 opus
3276 2718 3409 2784 Dei,
3451 2733 3559 2773 non

1934 2824 1994 2867 ιιι
2027 2815 2127 2869 hoc
2176 2812 2409 2881 faciant,
2457 2816 2551 2871 sed
2603 2824 2663 2869 ιιι
2709 2816 3059 2871 occasionem
3114 2813 3557 2884 apprehendant.

1938 2908 2201 2964 D0minns
2235 2919 2415 2964 autem
2453 2911 2709 2981 quamvis
2745 2912 2917 2966 sciret
2965 2924 3062 2964 eos
3100 2909 3307 2963 nullam
3351 2906 3562 2963 milita.

1938 3012 2045 3057 tem
2102 3014 2481 3074 percepturos,
2538 3004 2825 3072 respondit
2881 3012 3063 3057 tamen
3111 3016 3210 3073 per
3242 2998 3559 3055 doctrinam

1936 3095 2122 3152 utilem
2159 3098 2443 3163 omnibus,
2482 3105 2536 3152 et
2579 3096 2823 3153 ostendit
2852 3096 2969 3162 eis,
3006 3096 3117 3150 imo
3153 3092 3413 3148 omnibus
3452 3090 3553 3146 ho"

1938 3192 2209 3257 minibus,
2272 3193 2419 3264 quod
2477 3195 2580 3249 hoc
2638 3193 2710 3249 sit
2737 3208 2877 3262 opus
2916 3191 3013 3246 Dei
3061 3192 3289 3247 credere
3327 3190 3382 3245 in
3423 3206 3550 3248 eum

1938 3303 2101 3356 quem
2154 3287 2244 3343 ille
2275 3289 2445 3343 misit.
2494 3285 2632 3341 Nam
2677 3287 2811 3342 ﬁdes
2848 3301 2979 3357 erga
3030 3284 3181 3347 illum
3207 3326 3222 3351 ,
3258 3300 3399 3354 opus
3438 3301 3566 3356 pro-

1941 3384 2086 3437 fecto
2121 3391 2206 3437 rst
2238 3391 2495 3438 sanetum
2529 3393 2577 3435 et
2627 3381 2959 3451 perfectum,
2990 3390 3043 3437 et
3082 3382 3440 3437 sanctilicans
3470 3395 3565 3435 eos

1940 3476 2033 3546 qui
2074 3475 2221 3530 illam
2274 3476 2498 3531 habent.
2561 3476 2679 3530 Dux
2722 3474 2868 3529 enim
2926 3474 2984 3529 tit
3037 3475 3273 3545 diligens
3332 3474 3469 3530 ﬁdes
3498 3474 3567 3531 ad

221 3567 453 3639 Ὀδηγδς
500 3568 611 3640 γὰρ
653 3568 871 3638 γίνεται
909 3568 943 3639 ἠ
979 3567 1217 3638 ἀκριϐὴς
1254 3567 1441 3627 πίστις
1474 3566 1612 3637 πρὸς
1645 3567 1829 3619 πᾶσαν

1940 3586 2159 3627 ο·ι.ιιειιι
2198 3571 2398 3626 bonam
2432 3570 2838 3643 operationem,
2875 3578 2931 3627 et
2958 3570 3103 3626 bona
3136 3567 3389 3639 operatio
3436 3581 3570 3623 con-

208 3662 436 3734 ἀγαθὴν
486 3662 780 3735 ἐργασίαν,
822 3662 918 3717 καὶ
973 3663 1005 3732 ἡ
1058 3660 1242 3731 ἀγαθὴ
1285 3660 1528 3731 ἐργασία
1578 3661 1835 3729 συντηρεῖ

207 3758 320 3827 τὴν
348 3758 554 3812 πίστιν.
595 3777 612 3809 ι
654 3757 737 3812 Τά
759 3773 819 3810 τε
857 3755 967 3824 γὰρ
1009 3754 1149 3824 ἔργα
1182 3756 1317 3826 ἄτερ
1357 3754 1599 3819 πίστεως
1635 3754 1832 3824 νεκρὰ,

208 3853 311 3907 καὶ
354 3854 387 3923 ἡ
430 3852 615 3914 πίστις
649 3852 819 3923 χωρὶς
850 3850 1050 3921 ἔργων.
1094 3868 1112 3902 ι
1150 3851 1295 3921 Ὅρα
1346 3849 1402 3903 δὲ
1430 3849 1835 3919 ἀγνωμοσύνην

209 3946 313 4001 καὶ
342 3946 709 4018 ἀναισθησίαν
732 3964 745 3977 ·
782 3946 1014 4015 σημεῖον
1044 3945 1207 3998 πάλιν
1232 3943 1494 4014 ζητοῦσιν
1516 3944 1566 3996 οἱ
1595 3941 1837 3996 τοσαῦτα

209 4042 313 4096 καὶ
374 4038 689 4111 τηλικαῦτα
748 4039 974 4105 ἰδόντες,
1008 4038 1105 4091 καὶ
1156 4038 1217 4092 τὸ
1246 4038 1359 4092 τῶν
1392 4036 1579 4109 ἄρτων
1633 4036 1837 4107 μᾶλλον

209 4137 311 4208 ἀφ’
346 4130 424 4191 ὧν
472 4136 875 4207 ἐκορέσθησαν.
922 4136 1012 4199 Ὠς
1045 4136 1460 4207 γαστρίμαργοι
1489 4132 1616 4203 οῦν,
1674 4136 1837 4190 πάλιν

208 4232 464 4288 τοιοῦτον
493 4232 711 4286 αἰτοῦσι
754 4234 1008 4302 σημεῖον,
1052 4234 1134 4296 εἰς
1183 4232 1435 4304 γαστέρα
1474 4232 1661 4294 αὐτοῖς
1697 4248 1839 4298 συμ-

211 4328 577 4399 ϐαλλόμενον.
630 4327 757 4382 Ὀτι
806 4326 863 4381 δὲ
916 4326 1079 4381 τοῦτο
1130 4327 1370 4398 ἀληθὲς,
1401 4326 1568 4396 δῆλον
1610 4328 1676 4378 ὲκ
1728 4323 1839 4377 τῶν

210 4423 372 4495 ἑξῆς-

295 4535 318 4570 (
356 4516 419 4571 Oi
456 4514 699 4588 πατέρες
726 4514 888 4588 ἡμῶν
909 4515 968 4568 τὸ
1001 4515 1180 4585 μάννα
1203 4515 1408 4585 ἔφαγον
1430 4516 1489 4568 ὲν
1517 4517 1584 4586 τῇ
1616 4515 1835 4587 ἐρήμῳ,

211 4608 411 4675 καθώς
446 4610 567 4665 ἐστι
611 4610 1005 4681 γεγραμμένον
1028 4626 1041 4640 ·
1113 4612 1317 4680 ’Ἄρτον
1373 4611 1438 4663 ἐκ
1472 4608 1569 4663 τοῦ
1601 4609 1839 4680 ούρανοῦ

208 4701 431 4757 ἔδωκεν
470 4688 656 4766 α’ὺτοίς
690 4702 910 4772 φαγεῖν.
954 4694 1124 4753 Εἶπεν
1158 4700 1253 4754 οῦν
1301 4701 1487 4763 αὑτοῖε.
1526 4702 1554 4754 6
1606 4700 1839 4769 Ἰησοῦς·

227 4796 439 4869 ’Δμὴν,
473 4795 626 4868 ἀμὴν
647 4796 797 4865 λέγω
815 4795 968 4867 ὑμῖν,
1000 4796 1061 4848 οὐ
1094 4795 1304 4864 Μωσῆς
1327 4795 1565 4849 δέδωκεν
1593 4796 1724 4865 ὑμῖν
1752 4796 1843 4849 τὸν

1943 3675 2133 3723 servat
2192 3664 2377 3722 (idem.
2451 3684 2469 3717 ι
2535 3664 2675 3720 Nam
2725 3674 2781 3721 et
2825 3680 2994 3736 opera
3042 3666 3163 3720 sine
3208 3663 3315 3719 ﬁde
3350 3672 3568 3719 mortua

1942 3769 2070 3816 sunt
2094 3802 2109 3825 ,
2144 3768 2202 3815 et
2231 3760 2365 3815 ﬁdes
2394 3759 2516 3815 sine
2546 3759 2808 3825 operibus
2831 3758 2897 3815 ⁸⁸.
2943 3778 2962 3811 ι
3003 3758 3141 3814 Vide
3169 3768 3356 3813 autem
3394 3757 3571 3827 ingra-

1944 3854 2232 3909 titndinem
2272 3854 2687 3919 inscnsatornm
2724 3871 2736 3907 :
2791 3854 3007 3923 signum
3041 3854 3242 3909 iterum
3280 3862 3569 3923 quaerunt,

1942 3950 2197 4020 quamvis
2233 3958 2381 4002 tanta
2432 3958 2487 4003 et
2524 3948 2651 4002 talia
2687 3947 2950 4016 viderint,
2998 3956 3056 4004 et
3086 3948 3329 4002 maxime
3365 3961 3570 4017 panum

1944 4043 2144 4112 quibus
2187 4042 2418 4096 saturati
2460 4040 2700 4097 fuerant.
2736 4040 2882 4120 Vere.
2908 4040 3257 4112 gaSIrimargi
3284 4082 3297 4106 ,
3332 4040 3425 4110 qui
3471 4041 3573 4094 itc—

1945 4154 2065 4192 rnm
2099 4138 2317 4207 signum
2369 4137 2479 4194 tale
2509 4146 2790 4207 anct'unt,
2836 4138 2981 4206 quod
3019 4134 3195 4192 ventri
3228 4136 3519 4206 prodesset
3555 4153 3569 4190 :

1946 4240 1998 4287 et
2034 4230 2179 4302 quod
2216 4232 2320 4287 hoc
2365 4232 2438 4288 sit
2492 4246 2679 4287 verum
2717 4272 2731 4297 ,
2777 4229 2948 4303 539
2984 4227 3341 4286 manifestum
3376 4235 3463 4284 est
3507 4242 3573 4283 ex

1945 4324 2329 4396 Sequentibus.

2024 4514 2186 4569 Vens:
2209 4512 2401 4568 51-56.
2436 4530 2454 4563 ι
2494 4513 2687 4568 Patres
2718 4514 2891 4570 nostri
2919 4517 3396 4570 mamlneavernut
3421 4531 3575 4570 man-

1949 4627 2015 4666 na
2065 4613 2115 4665 in
2155 4611 2398 4676 deserto,
2460 4611 2602 4665 sicut
2647 4610 2913 4681 scriptum
2954 4618 3037 4667 est
3066 4627 3080 4665 :
3112 4611 3313 4666 Panem
3344 4614 3409 4665 de
3438 4613 3577 4666 coetu

1949 4705 2099 4760 dedit
2158 4704 2239 4761 eis
2289 4706 2357 4760 ad
2409 4704 2709 4760 edendum.
2763 4705 2909 4761 Dixit
2971 4706 3054 4761 eis
3101 4705 3261 4762 Jesus
3314 4725 3326 4761 :
3377 4707 3575 4771 Amen,

1951 4815 2106 4855 amen
2165 4799 2290 4855 dico
2340 4800 2497 4855 vobis
2546 4813 2560 4858 :
2616 4814 2720 4855 non
2780 4800 2969 4856 Moses
3023 4800 3170 4856 dedit
3216 4802 3372 4857 vobis
3424 4803 3574 4857 illum

212 4890 393 4963 ἄρτον
435 4891 500 4944 ὲκ
535 4889 632 4943 τοῦ
684 4888 942 4961 ούρανοῦο
982 4887 1100 4941 ἀλλ’
1137 4890 1164 4941 6
1206 4889 1400 4959 Πατήρ
1460 4906 1563 4959 μου
1624 4888 1829 4944 δίδωσιι

1954 4908 2149 4964 panem
2187 4893 2252 4947 de
2286 4894 2449 4959 cmlo,
2492 4893 2589 4949 sed
2638 4892 2805 4949 Pater
2846 4911 3003 4951 meus
3041 4896 3134 4951 dat
3174 4898 3325 4951 vobis
3378 4914 3575 4967 pnncni

208 4985 360 5055 ὑμῖν
389 4982 483 5037 τὸν
513 4983 679 5055 ἄρτον
710 4984 774 5036 ὲκ
803 4983 898 5036 τοῦ
925 4980 1162 5054 ούρανοῦ
1193 4982 1285 5036 τὸν
1323 4982 1601 5053 ἀληθινόν.
1648 4984 1707 5037 '0
1736 4987 1848 5055 γὰρ

212 5077 395 5152 ἄρτος
429 5077 526 5131 τοῦ
566 5077 703 5130 Θεοῦ
742 5078 890 5129 ἐστιν
921 5078 947 5128 6
975 5076 1327 5130 καταϐαίνων
1362 5080 1426 5130 ὲκ
1458 5078 1554 5131 τοῦ
1587 5079 1847 5149 οὐρανοῦ,

214 5171 327 5226 καὶ
359 5170 509 5241 ζωὴν
538 5168 718 5233 διδοὺς
746 5169 825 5240 τῷ
857 5169 1072 5240 κόσμῳ.
1110 5167 1280 5224 Εἶπον
1312 5168 1407 5225 οῦν
1464 5172 1603 5244 πρὸς
1657 5174 1845 5228 αὐτόν·

218 5282 242 5315 ε
284 5250 488 5335 Κύριε,
540 5262 777 5316 πάντοτε
833 5261 920 5324 δὺς
965 5264 1100 5332 ἡμῖν
1128 5265 1218 5315 τὸν
1250 5264 1417 5333 ἄρτοιν
1455 5264 1667 5318 τοῦτον.
1714 5286 1730 5317 ι
1770 5267 1846 5321 Οὐ

216 5357 416 5428 μάτην
448 5353 739 5425 ἐλέγομεν,
770 5355 855 5408 ὅτι
889 5355 965 5418 ὡς
996 5359 1065 5426 τῇ
1098 5357 1283 5428 κοιλίᾳ
1308 5358 1684 5422 δουλεύοντες,
1716 5361 1849 5430 ἐζή-

211 5465 357 5501 τουν
388 5449 617 5518 σημεῖον
640 5464 653 5479 ι
688 5441 802 5501 οἷον
829 5443 897 5519 ἦν
934 5447 997 5501 τὸ
1023 5448 1134 5501 τῶν
1167 5448 1396 5519 ἄρτωιπ
1424 5452 1555 5505 Ίόοὺ
1584 5450 1716 5519 γοῦν
1750 5454 1845 5506 τοῦ

216 5542 413 5613 μάννα
450 5541 781 5612 μέμνηνται,
819 5543 914 5595 καὶ
961 5544 1060 5613 οὐχ
1098 5544 1289 5615 ἐτέρου
1342 5547 1489 5610 τινος
1533 5546 1843 5617 θαύματος,

213 5636 343 5690 εἴτε
388 5635 499 5689 τῶν
533 5636 876 5705 Αἰγυπτίων,
934 5638 1046 5691 εἴτε
1096 5638 1208 5693 τῶν
1244 5640 1387 5695 κατὰ
1422 5642 1524 5712 τὴν
1572 5641 1847 5714 Ἐρυθρὰν

213 5728 537 5785 θάλασσαν.
590 5730 919 5801 Βουλόμενοι
954 5731 1067 5803 γὰρ
1105 5733 1355 5805 ἐρεθίσαι
1408 5737 1600 5804 αὐτὸν,
1637 5736 1725 5790 ἵνα
1754 5736 1850 5791 καὶ

212 5822 394 5886 αὒτδς
424 5821 671 5877 τοιοῦτον
700 5827 927 5895 σημεῖον
961 5827 1187 5899 ποιήσῃ,
1214 5828 1353 5898 ὅπερ
1382 5829 1619 5901 ἠδύνατο
1650 5830 1851 5891 αὐτοὺς

302 6006 350 6038 ⁵⁸
384 6002 501 6062 Jac.
555 6022 613 6076 ιι,
654 6006 746 6065 ‘30.

1952 4988 2019 5043 de
2049 4987 2193 5043 ccplo
2248 5001 2464 5042 verum.
2491 4985 2657 5043 Panis
2690 4988 2840 5044 enim
2895 4988 2988 5045 Dei
3040 4989 3257 5060 est,qni
3311 4991 3379 5045 de
3440 4991 3577 5046 cosio

1953 5082 2257 5148 descendit,
2297 5092 2353 5138 et
2392 5081 2485 5137 dat
2536 5082 2703 5135 vitam
2743 5082 2974 5138 mundo.
3007 5082 3272 5137 Dixerunt
3323 5098 3456 5155 ergo
3511 5087 3577 5138 ad

1949 5190 2072 5229 eunt
2104 5192 2118 5231 :
2145 5175 2395 5239 Domine,
2422 5189 2641 5246 semper
2662 5175 2728 5231 da
2765 5176 2926 5232 nobis
2952 5177 3353 5248 panetnistnm.
3395 5200 3413 5231 ο
3455 5174 3573 5232 Non

1950 5268 2155 5325 frustra
2175 5269 2415 5324 diximus
2430 5270 2576 5339 quod
2604 5271 2778 5325 ventri
2810 5272 3114 5326 servientes
3146 5272 3470 5340 qumrebant
3495 5274 3573 5326 si-

1948 5380 2115 5435 gnum
2133 5362 2301 5434 quale
2324 5371 2444 5418 erat
2468 5362 2689 5431 signum
2711 5378 2935 5433 panum.
2957 5364 3098 5420 Ecce
3117 5375 3170 5420 et
3193 5380 3406 5418 tuannze
3426 5379 3576 5419 mea-

1954 5458 2157 5510 tionem
2179 5455 2406 5517 faciunt,
2432 5462 2484 5509 et
2500 5468 2607 5509 non
2634 5455 2861 5509 alterius
2879 5455 3127 5511 miraculi
3146 5457 3227 5510 vel
3244 5457 3297 5510 in
3318 5455 3577 5526 )Egypto,

1960 5554 2041 5606 vel
2068 5552 2117 5605 in
2139 5552 2276 5606 mari
2314 5552 2523 5607 Rubro.
2550 5551 2808 5607 Volcntes
2838 5553 2985 5609 enim
3008 5554 3243 5609 incitare
3271 5569 3393 5609 eum
3430 5562 3487 5605 ιιι
3524 5561 3579 5607 et

1956 5644 2072 5713 ipse
2104 5644 2211 5700 tale
2228 5637 2446 5718 signuin
2468 5644 2678 5701 faceret
2719 5662 2829 5716 qtto
2862 5647 3159 5704 carnaliter
3195 5655 3577 5716 pascerentur,

1961 5740 2323 5795 recordamur
2341 5755 2555 5795 manna:
2582 5749 2807 5812 propter
2831 5742 3183 5798 immodicam
3208 5740 3413 5813 gulam.
3437 5741 3579 5805 Quid

1960 5833 2130 5905 igitur
2165 5833 2433 5890 immensa
2470 5834 2563 5890 Dei
2601 5834 2872 5904 sapientia
2912 5836 3176 5892 Dominus
3208 5844 3397 5892 noster
3423 5830 3580 5890 Jews
