4052 6544
538 432 676 497 1239

1465 429 2054 494 THEOPIIYLACTI
2095 429 2508 496 BULGARI/E
2549 429 2911 492 ARCHIEP.

3683 429 3820 494 1300

527 552 638 606 Chr
663 562 782 605 stus
834 545 1118 615 respondet
1154 545 1315 601 eish
1374 543 1490 599 Non
1550 544 1724 601 Moses
1767 527 1922 600 dedit
1973 544 2109 601 \‘0bil

2231 544 2431 616 θρέψαι
2462 543 2765 615 σαρκικῶς,
2804 542 3118 613 μέμνηνται
3148 539 3244 594 τοῦ
3275 538 3450 610 μάννα
3481 539 3570 595 διὰ
3598 558 3827 613 γαστρι-

529 661 747 713 ντιηριη,
795 663 813 695 ι
849 643 950 697 boc
1002 652 1084 697 est
1127 657 1310 696 verum
1368 657 1562 710 panem
1611 655 1714 694 non
1765 640 1913 694 dedit
1968 640 2120 694 vobis

527 737 726 793 Moses.
775 734 970 790 Omnia
1021 735 1168 791 enim
1207 750 1327 804 qua:
1365 745 1490 788 tunc
1543 731 1762 795 ﬁebant,
1812 731 1919 802 typi
1967 743 2121 786 erant

527 842 716 883 eorum
747 842 868 898 quae
900 842 1044 881 nunc
1076 825 1230 880 liunt.
1279 824 1454 878 Moses
1490 824 1635 878 enim
1692 823 1918 895 ligurum
1959 823 2124 879 habe-

528 924 619 976 bat
652 920 770 984 Dei,
794 920 909 974 veri
941 918 1303 990 spiritualium
1349 916 1716 971 lsrarlitarum
1750 917 1924 972 ducis.
1957 916 2120 972 Panis

525 1023 707 1069 autem
739 1014 826 1068 ille
857 1013 1024 1084 ﬁgura
1057 1023 1138 1066 est
1184 1009 1313 1074 mei,
1341 1011 1432 1080 qui
1469 1009 1536 1064 de
1581 1011 1723 1066 caelo
1759 1010 2038 1073 descendi,
2067 1019 2121 1064 et

523 1123 651 1162 vere
679 1121 864 1175 pasco,
913 1117 965 1160 et
1011 1119 1140 1158 vere
1176 1118 1317 1158 sum.
1356 1104 1628 1158 Ceterum
1690 1103 1820 1157 dicit
1876 1102 2117 1171 seipsum

526 1204 713 1256 veruni
747 1216 964 1270 panem,
996 1215 1100 1253 non
1138 1199 1280 1267 quod
1319 1213 1514 1251 manna
1553 1197 1744 1251 falsum
1784 1196 1971 1261 fuerit,
2022 1198 2117 1252 sed

521 1292 646 1362 quia
679 1293 807 1346 illud
845 1294 1011 1362 llgura
1051 1291 1149 1345 fuit
1196 1301 1250 1346 et
1303 1293 1514 1355 umbra,
1546 1305 1650 1344 non
1699 1291 1925 1359 ipsamet
1977 1291 2119 1345 veri-

525 1397 630 1441 tas.
661 1387 890 1456 Proprie
927 1387 1068 1442 enim
1105 1400 1302 1440 manna
1351 1385 1663 1454 unigenitns
1695 1384 1864 1439 Filius
1896 1385 1986 1440 Dei
2039 1385 2118 1439 fa-

528 1489 650 1534 ctus
684 1481 868 1545 homo,
891 1480 1116 1536 verbum
1149 1489 1204 1534 et
1233 1479 1439 1534 auditio
1468 1478 1856 1544 obstupescere
1885 1475 2114 1531 faciens.

517 1569 654 1625 Nam
707 1587 903 1626 manna
959 1572 1364 1644 interpretatur,
1404 1575 1528 1639 quid
1571 1569 1712 1626 hoc?
1745 1569 1917 1626 Judaei
1969 1570 2114 1626 enim

518 1665 638 1718 viso
673 1663 784 1727 illo,
818 1665 964 1735 quod
997 1666 1317 1720 cumulatim
1356 1665 1630 1736 deplutum
1666 1675 1812 1721 esset
1847 1674 1974 1720 ante
2020 1681 2119 1718 cu-

511 1759 710 1829 jusque
741 1759 1177 1824 tabernaculum,
1204 1759 1569 1829 obstupefacti
1621 1758 1838 1814 insolito
1867 1769 1921 1813 et
1956 1772 2115 1828 pere-

516 1868 680 1922 grino
711 1853 1041 1922 Spectaculo,
1085 1854 1492 1923 interrogabant
1526 1868 1586 1907 se
1621 1851 1895 1907 invicem?
1917 1872 1935 1904 ε
1973 1852 2111 1918 Quid

519 1946 624 1998 hoc
652 1944 719 2001 “.
757 1962 776 1994 ι
817 1943 1078 1998 Dominus
1117 1945 1282 2012 igitur
1331 1942 1508 1998 lactus
1559 1945 1720 1998 homo
1763 1944 1933 2000 Filius
1993 1945 2110 2009 Dei,

515 2037 634 2106 ipse
657 2047 740 2091 est
767 2051 987 2102 manna,
1011 2036 1151 2105 quod
1175 2034 1466 2106 stupefecit
1487 2050 1696 2101 omnes,
1715 2035 1785 2089 ita
1815 2045 1870 2090 ut
1896 2036 2109 2092 dicant:

519 2149 539 2180 ε
576 2131 718 2196 Quid
751 2130 896 2184 hoc?
929 2150 946 2183 ι
978 2130 1264 2197 Quomodo
1298 2130 1472 2186 Filius
1511 2130 1604 2185 Dei
1635 2141 1687 2185 et
1724 2130 1896 2185 Filius
1929 2132 2112 2186 homi-

516 2221 635 2274 nis?
687 2218 974 2287 Quomodo
1023 2237 1087 2276 ex
1135 2221 1350 2276 duobus
1403 2222 1637 2277 diversis
1681 2238 1783 2276 una
1840 2225 2112 2294 persona?

512 2314 643 2384 quid
675 2313 778 2368 boc
821 2315 1185 2385 mysterium?
1221 2315 1322 2369 Hic
1369 2315 1538 2385 igitur
1571 2318 1725 2383 panis
1768 2318 1878 2371 vita
1917 2331 2112 2372 secun-

513 2408 642 2462 dmn
661 2417 908 2462 naturam
933 2409 1226 2472 exsistcns,
1253 2418 1438 2480 utpote
1463 2410 1693 2465 viventis
1721 2409 1897 2465 Patris
1921 2409 2109 2476 Filius,

517 2504 647 2557 facit
682 2507 825 2574 quod
859 2503 961 2556 sibi
999 2505 1282 2574 proprium
1313 2514 1437 2560 est:
1466 2506 1709 2559 vivificat
1733 2508 1876 2560 enim
1902 2508 2105 2562 omnia.

512 2597 688 2667 Igitur
723 2598 866 2654 sicut
917 2599 1005 2667 qui
1043 2614 1106 2654 ex
1143 2607 1287 2654 terra
1327 2600 1503 2669 panis,
1548 2599 1815 2654 inﬁrmam
1855 2609 2106 2653 naturam

514 2691 699 2745 carnis
735 2691 980 2745 continet
1032 2706 1134 2746 non
1187 2693 1377 2748 sinens
1413 2692 1560 2746 illam
1601 2694 1918 2761 corrumpi;
1953 2693 2023 2746 ita
2056 2701 2110 2747 et

518 2782 772 2836 Christus
801 2796 896 2851 per
931 2782 1168 2852 Spiritus
1188 2784 1562 2852 operationem
1582 2784 1818 2836 animam
1847 2784 2106 2849 viviﬁcat,

515 2884 680 2943 atque
708 2874 871 2928 etiam
927 2874 1103 2942 ipsum
1139 2889 1340 2943 corpus
1398 2875 1466 2929 ab
1510 2874 1924 2943 incorruptione
1976 2889 2107 2929 con-

511 2975 719 3022 servat.
746 2965 850 3022 Per
879 2966 1153 3022 Christum
1189 2969 1334 3023 enim
1368 2968 1622 3022 humanas
1660 2978 1868 3022 natura:
1920 2981 2105 3023 resur-

510 3059 687 3115 rectio
733 3074 800 3115 ex
861 3061 1114 3124 mortuis,
1165 3071 1214 3116 et
1280 3061 1616 3132 incorruptio
1674 3075 1967 3131 corporum
2021 3070 2108 3116 est

512 3167 795 3208 concessa.
827 3152 934 3209 Sed
963 3151 1138 3208 Judaei
1171 3153 1348 3210 adhuc
1370 3153 1539 3209 dediti
1569 3154 1746 3209 ventri
1777 3164 1832 3210 et
1861 3154 1958 3210 toti
1990 3163 2105 3210 ter-

2229 638 2472 710 μαργξας
2511 635 2846 706 ὑπερϐολήν.
2902 633 2968 689 Τί
3025 633 3119 688 οῦν
3172 635 3205 705 ἡ
3249 635 3480 706 ἄπειρος
3535 634 3632 688 τοῦ
3688 635 3825 689 Θεοῦ

2227 731 2408 800 σοφία,
2441 730 2470 782 6
2501 729 2704 799 Κύριος
2733 727 2897 800 ἡμῶν
2934 727 3168 799 Ἰησοῦς.
3202 727 3566 798 ἀποκρίνεται
3594 727 3824 794 αύτοίςς

2227 823 2350 877 Ὀτι
2382 841 2400 874 ι
2440 823 2515 876 υύ
2552 821 2758 889 Μωσῆς
2803 818 3039 873 δέδωκεν
3075 819 3205 890 ὑμίν
3236 818 3331 872 τὸν
3365 818 3552 892 ἄρτονο
3607 837 3627 870 ι
3670 835 3828 872 τουτο

2225 915 2363 981 ἐστι,
2403 915 2493 968 τὸν
2559 915 2817 980 ἀληθινὸν
2849 913 3017 986 ἄρτον
3049 914 3110 967 ού
3140 913 3376 967 δέδωκεν
3427 915 3559 984 ὑμῖν
3590 913 3822 983 Μωσῆςο

2223 1009 2359 1063 ἀλλὰ
2384 1009 2561 1062 πάντα
2593 1008 2660 1062 τά
2697 1009 2816 1062 τότε
2869 1008 3154 1078 γινόμενα,
3197 1008 3362 1061 τύποι
3390 1003 3534 1078 ἦσαν
3557 1007 3679 1060 τῶν
3727 1005 3828 1059 νῦν

2223 1103 2546 1173 γινομένων.
2610 1103 2671 1159 '0
2723 1103 2825 1172 μὲν
2862 1103 2972 1172 γὰρ
3016 1103 3226 1172 Μωσῆς
3271 1098 3444 1154 τύπον
3488 1101 3678 1170 ἐπεῖχε
3729 1096 3826 1153 τοῦ

2223 1197 2380 1262 Θεοῦ,
2416 1198 2509 1253 τοῦ
2541 1197 2799 1268 ἀληθινοῦ
2847 1196 2957 1249 τῶν
2980 1195 3190 1266 νοητῶν
3230 1194 3586 1267 Ἰσραηλιτῶν
3617 1209 3826 1263 στρατ·

2222 1291 2672 1363 ηγοῦοόδὲᾶρτος
2698 1289 3116 1356 ὲκείνος,τύπος
3143 1287 3278 1358 ἐμοῦ
3307 1286 3404 1341 τοῦ
3427 1289 3490 1340 εκ
3520 1288 3628 1339 τῶν
3650 1288 3823 1356 ούραο

2220 1386 2327 1438 νῶν
2360 1384 2725 1448 καταϐάντος,
2761 1383 2857 1437 καὶ
2888 1383 3110 1454 άληθῶς
3138 1383 3465 1454 τρέφοντος,
3502 1383 3600 1436 καὶ
3631 1379 3828 1450 άληθι·

2220 1478 2313 1533 νοῦ
2363 1479 2728 1551 ὑπάρχοντος.
2778 1478 2943 1546 Λέγει
2977 1476 3035 1531 δι
3085 1477 3282 1531 ιαυτὸν
3320 1475 3579 1545 ἀληθινὸν
3633 1475 3825 1543 ἄρτον,

2218 1572 2318 1643 ούχ
2348 1572 2425 1635 ὡς
2451 1571 2547 1624 τοῦ
2583 1572 2759 1642 μάννα
2782 1570 3016 1641 ψευδοῦς
3046 1570 3222 1634 ὄντος.
3255 1569 3372 1624 ἀλλ’
3396 1569 3588 1639 ιπειδὴ
3615 1569 3828 1630 ἐκεῖνος

2217 1664 2387 1728 τύπος
2421 1661 2489 1737 ἦν
2541 1668 2636 1720 καὶ
2689 1665 2840 1730 σκιά,
2877 1667 2974 1719 καὶ
3021 1665 3122 1719 οὐκ
3169 1662 3555 1733 αὐτοαλήθεεα.
3601 1661 3830 1735 Κυρῖως

2218 1763 2328 1835 γὰρ
2385 1762 2566 1834 μάννα
2614 1762 2642 1812 6
2686 1758 2983 1830 μονογενὴς
3032 1757 3164 1821 Tib;
3196 1755 3292 1809 τοῦ
3338 1754 3475 1808 Θεοῦ
3531 1751 3830 1822 ἄνθρωπος

2219 1855 2534 1926 γενόμενος,
2550 1853 2611 1906 τὸ
2630 1851 3003 1921 ἐκπληκτικὸν
3027 1849 3182 1922 ῥῆμα
3208 1849 3300 1902 καὶ
3319 1848 3600 1918 ἄκουσμα.
3632 1845 3831 1900 Μάννα

2216 1948 2328 2020 γάρ
2391 1946 2782 2018 ἑρμηνεύεται,
2849 1947 2911 2000 Τί
2955 1943 3177 2007 τοῦτο;
3235 1944 3299 1997 Oi
3368 1942 3480 2013 γάρ
3552 1940 3826 2010 Ἑϐραῖοι,

2222 2041 2425 2102 [δόντες
2460 2039 2596 2092 αὐτὸ
2620 2039 2853 2100 ἕκαστος
2886 2036 2993 2108 πρὸ
3024 2035 3125 2106 τῆς
3153 2035 3362 2099 οἰκείας
3396 2033 3605 2104 σκηνῆς
3641 2049 3829 2104 σωρη-

2217 2135 2306 2189 δὸν
2337 2133 2668 2205 κεχυμένον,
2699 2133 2797 2187 καὶ
2823 2131 2902 2202 τῷ
2933 2131 3096 2202 ἀήθει
3132 2130 3226 2184 καὶ
3255 2129 3393 2200 ξένῳ
3426 2128 3520 2182 τοῦ
3548 2129 3829 2198 θεάματος

2218 2225 2688 2294 καταπλαγέντες,
2720 2223 2950 2298 ἠρώτων
2974 2222 3264 2293 ἀλλήλους’
3289 2220 3356 2276 Τί
3377 2222 3541 2278 τοῦτο
3566 2238 3583 2288 ;
3629 2221 3691 2276 '0
3715 2221 3830 2275 τοί-

2216 2340 2311 2374 νυν
2353 2321 2558 2390 Κύριος
2590 2319 2886 2389 γενόμενος
2927 2316 3219 2388 ἄνθρωπος
3263 2318 3292 2371 6
3340 2315 3474 2380 Tib;
3521 2315 3617 2369 τοῦ
3663 2313 3829 2394 Θεοῦ,

2213 2414 2381 2476 αὑτός
2419 2414 2539 2465 ἑστι
2574 2411 2636 2465 τὸ
2667 2411 2880 2474 πάντας
2927 2409 3239 2472 ἱκπλῆττον
3274 2408 3474 2480 μάννα,
3510 2405 3656 2460 ὥστε
3688 2407 3830 2460 ἐκα-

2216 2524 2340 2562 στον
2370 2504 2741 2576 διαποροῦντα
2764 2505 2966 2571 λέγειν·
3009 2503 3077 2557 Τί
3111 2502 3274 2556 τοῦτο
3301 2519 3317 2568 ;
3351 2502 3476 2564 Πῶς
3496 2502 3525 2554 6
3557 2499 3690 2564 Tib;
3724 2499 3821 2554 τοῦ

2211 2601 2371 2663 Θεοῦ,
2410 2599 2502 2652 καὶ
2539 2599 2669 2662 Υἱὸς
2715 2597 3052 2670 ἀνθρώπους
3099 2597 3224 2660 Πῶς
3265 2598 3330 2649 ὲκ
3381 2595 3476 2649 δύο
3509 2595 3621 2648 τῶν
3667 2597 3830 2649 ἐναν-

2211 2692 2344 2746 τίων
2382 2692 2439 2744 ἓν
2474 2692 2769 2762 πρόσωπον
2800 2707 2816 2756 ;
2859 2689 2924 2742 Τί
2959 2687 3121 2742 τοῦτο
3156 2689 3218 2741 τὸ
3271 2687 3608 2758 μυστήριον;
3657 2677 3830 2749 Οὗτος

2211 2781 2308 2841 οὖν
2341 2788 2368 2839 6
2396 2786 2586 2855 ἄρτος,
2618 2785 2732 2855 ζωὴ
2763 2783 2909 2837 κατὰ
2934 2781 3100 2853 φύσιν
3124 2780 3222 2845 ὢν,
3259 2775 3348 2834 οἷα
3379 2779 3583 2845 ζῶντος
3613 2779 3830 2850 [ἰατρὸς

2213 2880 2366 2944 Υίὸς,
2426 2882 2574 2932 ποιεῖ
2623 2882 2684 2931 τὸ
2733 2879 2953 2932 οίκείονο
3010 2876 3269 2940 ζωοποιεῖ
3321 2874 3432 2944 γάρ
3479 2872 3548 2926 τά
3619 2872 3824 2928 πάντα.

2214 2971 2430 3043 Ὥσπερ
2459 2966 2552 3025 οὖν
2586 2971 2614 3023 6
2649 2971 2714 3023 lx
2746 2969 2851 3040 γῆς
2908 2969 3075 3039 ἄρτος
3103 2966 3206 3037 τὴν
3239 2964 3442 3037 άσθενῆ
3503 2964 3671 3034 φύσιν
3727 2965 3828 3036 τῆς

2212 3066 2420 3136 σαρκὸς
2460 3043 2701 3136 συῖρέχει,
2740 3065 2833 3118 καὶ
2881 3064 2983 3118 οὐκ
3039 3065 3105 3135 ἑᾷ
3137 3061 3634 3132 καταφθείρεσθαι·
3681 3060 3828 3115 οὕτω

2210 3163 2307 3218 καὶ
2329 3163 2358 3216 6
2391 3162 2627 3235 Χριστὸς
2657 3161 2746 3215 διὰ
2774 3161 2877 3232 τῆς
2916 3160 3012 3215 τοῦ
3046 3160 3372 3233 Πνεύματος
3396 3158 3689 3230 ινεργείας
3719 3158 3823 3229 τὴν

509 3245 652 3309 reni,
692 3245 759 3300 de
788 3246 1028 3301 sensibili
1069 3261 1207 3317 pane
1259 3246 1566 3318 intelligunt
1598 3247 1745 3302 dicta
1784 3257 1839 3303 et
1894 3248 2102 3315 dicunt,

2218 3255 2393 3327 ψυχὴν
2421 3254 2698 3321 ζωοποιεῖ,
2735 3255 2835 3308 καὶ
2885 3256 2994 3327 μὴν
3028 3254 3126 3308 καὶ
3151 3254 3286 3309 αύτὸ
3312 3253 3373 3307 τὸ
3405 3253 3573 3324 σῶμα
3604 3251 3824 3323 συνέχει

514 3357 534 3388 ε
580 3336 656 3392 Da
690 3338 848 3392 nobis
877 3339 1022 3394 bunc
1063 3354 1282 3408 panem.
1317 3358 1334 3390 ι
1375 3338 1468 3394 Sic
1498 3339 1664 3407 igitur
1689 3337 1854 3394 stulte
1881 3338 2105 3409 loquen-

508 3441 596 3486 tes
631 3432 1099 3501 redarguebantur
1130 3443 1186 3488 et
1216 3433 1430 3502 dicunt,
1463 3453 1480 3485 ‹
1506 3432 1737 3503 Semper
1752 3435 1815 3489 da
1838 3434 1992 3490 nobis
2013 3449 2106 3504 pa-

508 3538 633 3578 nem
668 3525 836 3592 hunc,
863 3544 882 3578 ι
911 3541 1017 3580 non
1061 3526 1131 3581 ad
1157 3541 1324 3582 unum
1355 3525 1438 3581 vel
1493 3527 1559 3580 ad
1611 3525 1751 3582 duos
1803 3525 1944 3582 dies.
1990 3524 2107 3582 Hoc

508 3625 693 3671 autem
725 3633 836 3686 pra:
867 3620 1097 3675 avaritia
1135 3621 1411 3676 dicebant.
1440 3619 1512 3676 Ut
1542 3620 1686 3676 enim
1726 3637 1831 3676 non
1863 3637 2000 3692 opus
2029 3620 2104 3678 sit

505 3713 679 3766 multa
723 3712 1040 3780 impendere
1073 3715 1126 3769 in
1161 3716 1312 3771 cibos
1343 3717 1552 3781 dicunt,
1585 3713 1658 3770 Da
1699 3732 1915 3788 semper
1959 3717 2104 3773 hunc

505 3802 668 3859 facile
699 3807 998 3875 parabilem
1038 3807 1202 3880 590
1229 3824 1448 3879 panem.

2217 3351 2299 3409 είς
2334 3349 2670 3420 ἀφθαρσίαν.
2695 3350 2809 3404 ’Διὰ
2844 3349 2953 3421 γάρ
2983 3348 3226 3421 Χριστοῦ
3264 3350 3298 3419 ἡ
3335 3349 3400 3403 ὲκ
3439 3346 3658 3420 νεκρῶν
3688 3347 3826 3402 άνά-

2221 3459 2413 3508 στασις
2459 3445 2527 3514 τῇ
2564 3442 2892 3516 ἀνθρωπίνῃ
2931 3442 3094 3511 φύσει
3130 3442 3485 3514 κεχάρισται,
3518 3440 3616 3493 καὶ
3649 3439 3684 3511 ἡ
3714 3437 3828 3492 τῶν

2216 3537 2488 3607 σωμάτων
2515 3533 2819 3606 άφθαρσία.
2867 3533 3011 3587 ’Δλλ⁹
3046 3533 3098 3587 oi
3125 3532 3380 3587 Ἰουδαῖοι
3409 3531 3543 3602 περὶ
3573 3529 3826 3603 γαστέρα

2214 3631 2295 3685 ἔτι
2331 3630 2603 3694 νεύοντες,
2646 3626 2834 3682 καὶτὸ
2882 3627 3005 3681 ὅλον
3047 3628 3119 3697 γῆ
3151 3626 3328 3691 ὅντες,
3379 3627 3512 3696 περὶ
3556 3621 3827 3696 αἰσθητοῦ

2213 3726 2381 3798 ἄρτου
2413 3723 2595 3778 νοοῦσι
2625 3722 2696 3776 τά
2733 3722 3027 3794 είρημίνα,
3056 3720 3152 3776 καί
3185 3737 3338 3790 φασι·
3383 3738 3401 3772 ι
3434 3721 3535 3784 Δὸς
3565 3721 3704 3791 ἡμῖν
3733 3719 3828 3773 τὸν

2213 3816 2381 3888 ἄρτον
2403 3813 2612 3870 τοῦτον.
2646 3833 2664 3866 ι
2697 3814 2888 3878 Οῦτως
2912 3808 3006 3867 οὖν
3035 3813 3479 3885 ἀνοηταίνοντες,
3500 3812 3826 3884 ἠλέγχοντο,

504 3900 624 3964 “is
666 3921 684 3952 ι
723 3901 965 3956 Πάντοτε
988 3901 1078 3966 δὸς
1105 3904 1236 3983 ἡμῖν
1266 3903 1358 3956 τὸν
1392 3904 1558 3976 ἄρτον
1600 3905 1816 3973 τοῦτον,
1851 3925 1869 3958 ι
1915 3906 2102 3976 φασιν,
2145 3908 2208 3961 ού
2249 3908 2403 3979 μίαν
2453 3909 2672 3980 ἡμέραν
2744 3906 2869 3961 οὐδὲ
2915 3906 3030 3961 δύο.
3063 3906 3237 3960 Τοῦτο
3266 3905 3322 3959 δὲ
3355 3906 3452 3960 καὶ
3489 3904 3600 3959 ἀπὸ
3632 3904 3833 3978 φιλαρ-

504 3993 705 4064 γυρίας
757 3991 967 4062 ελεγον.
1021 3995 1141 4050 Ἵνα
1172 3996 1282 4066 γάρ
1316 3997 1391 4067 μὴ
1432 3997 1820 4069 ἀναλίσκωμεν
1864 4000 1932 4052 τά
2007 4001 2276 4073 χρήματα
2339 4001 2502 4074 ἡμῶν
2531 4003 2664 4075 περὶ
2696 4001 2798 4075 τὴν
2830 4001 2933 4072 τῆς
2960 4002 3174 4073 τροφῆς
3203 3999 3490 4073 εὐπορίαν,
3543 4000 3636 4065 δὸς
3699 4000 3828 4054 πάν-

502 4101 626 4140 τοτε
651 4085 844 4140 τοῦτον
873 4087 966 4141 τὸν
989 4088 1316 4161 εὐπόριστον
1342 4090 1531 4162 ἄρτον.

575 4182 740 4240 Vsns.
774 4184 975 4252 35,38.
1008 4204 1026 4239 ι
1068 4187 1208 4241 Dixit
1243 4198 1428 4243 autem
1465 4190 1544 4244 eis
1578 4189 1738 4246 Jesus
1779 4207 1792 4246 :
1832 4191 1947 4265 Ego
1976 4208 2096 4249 sum

505 4278 666 4346 panis
692 4278 816 4333 vita:
855 4296 867 4331 :
903 4280 992 4348 qui
1029 4283 1176 4334 venit
1208 4281 1273 4335 ad
1321 4296 1431 4347 me,
1472 4298 1577 4336 non
1615 4283 1856 4351 esuriet;
1905 4295 1961 4339 et
2010 4286 2102 4355 qui

505 4373 682 4426 credit
718 4372 771 4426 in
815 4388 922 4439 me,
957 4390 1064 4428 non
1107 4373 1255 4428 sitiet
1308 4391 1569 4445 unquam.
1617 4374 1725 4432 Sed
1780 4379 1890 4432 dixi
1949 4379 2104 4436 vobis

504 4464 648 4531 quod
683 4464 850 4518 etiam
877 4465 1087 4520 vidistis
1112 4480 1217 4532 me,
1247 4479 1345 4520 nec
1372 4467 1617 4523 creditis.
1643 4465 1819 4524 Omne
1843 4470 1986 4538 quod
2011 4472 2104 4526 dat

504 4557 641 4613 mibi
674 4555 860 4624 Pater,
890 4559 956 4614 ad
986 4574 1070 4614 me
1097 4561 1274 4616 veniet
1309 4577 1323 4615 :
1355 4570 1408 4615 et
1460 4563 1550 4633 qui
1602 4563 1812 4618 venerit
1867 4566 1934 4620 ad
1992 4580 2100 4631 me,

506 4667 614 4707 non
659 4653 818 4724 ejicio
851 4652 1018 4720 l‘oras,
1053 4655 1176 4724 quia
1216 4655 1471 4712 descendi
1507 4659 1573 4713 de
1607 4658 1745 4714 caelo
1789 4668 1851 4715 ut
1905 4657 2099 4728 faciam

509 4761 615 4800 non
649 4747 794 4815 quod
835 4761 938 4817 ego
970 4747 1114 4813 volo,
1142 4749 1237 4802 sed
1275 4751 1418 4818 quod
1468 4751 1585 4805 vult
1617 4754 1708 4821 qui
1753 4768 1837 4806 me
1874 4753 2041 4809 misit.
2074 4772 2093 4805 ι

2291 4211 2311 4246 t
2371 4186 2506 4245 Εϊπε
2538 4191 2592 4244 δὲ
2644 4189 2831 4254 αὐτοῖς
2864 4192 2894 4245 6
2935 4188 3166 4260 Ἰησοῦς·
3236 4189 3381 4258 Ἐγώ
3425 4190 3546 4260 είμι
3597 4190 3628 4244 6
3662 4188 3828 4263 ἄρτος

2211 4287 2312 4358 τῆς
2352 4286 2520 4357 ζωῆςο
2579 4287 2608 4340 6
2656 4285 2953 4358 ἐρχόμενος
2990 4287 3130 4358 πρὸς
3176 4284 3270 4354 μὲ,
3307 4285 3368 4338 οὐ
3410 4284 3487 4356 μὴ
3545 4286 3824 4360 πεινάσῃ·

2213 4383 2309 4434 καὶ
2335 4380 2363 4432 6
2393 4379 2670 4433 πιστεύων
2693 4381 2773 4443 είς
2800 4380 2922 4450 ἐμὲ,
2955 4378 3017 4432 ού
3049 4377 3126 4450 μὴ
3155 4377 3359 4448 διψήσῃ
3387 4376 3638 4433 πώποτε.
3683 4379 3827 4432 Ἀλλ’

2214 4471 2367 4529 εἷπον
2400 4473 2550 4544 ὑμῖν,
2589 4474 2670 4526 ὅτι
2700 4473 2796 4525 καὶ
2831 4471 3120 4543 ἑωράκατέ
3161 4486 3252 4542 με,
3283 4470 3377 4523 καὶ
3409 4470 3469 4522 ού
3512 4469 3824 4524 πιστεύετε.

2214 4572 2332 4625 Πᾶν
2373 4570 2401 4625 6
2431 4571 2618 4625 δίδωσι
2653 4586 2745 4640 μοι
2778 4571 2806 4623 6
2851 4567 3068 4638 Πατὴρ,
3105 4566 3245 4638 πρὸς
3284 4565 3387 4636 ἐμὲ
3421 4565 3566 4636 ἥξει·
3607 4567 3706 4620 καὶ
3737 4566 3827 4620 τὸν

2213 4665 2511 4737 ἐρχόμενον
2544 4664 2681 4735 πρὸς
2717 4664 2807 4734 μὲ,
2849 4665 2910 4718 ού
2949 4663 3026 4735 μὴ
3080 4661 3300 4716 ἐκϐάλω
3349 4661 3492 4727 ἔξω·
3536 4662 3625 4715 ὅτι
3656 4677 3829 4715 κατα-

2212 4759 2429 4829 ϐέϐηκα
2461 4759 2525 4812 ἐκ
2553 4757 2649 4811 τοῦ
2677 4757 2940 4828 ούρανοῦ,
2974 4757 3074 4826 οὐχ
3123 4755 3212 4810 ἵνα
3249 4755 3389 4810 ποιῶ
3419 4754 3482 4808 τὸ
3513 4753 3735 4827 θέλημα
3771 4755 3828 4808 τὸ

507 4839 644 4893 Cum
685 4832 880 4909 Judaei,
900 4850 1088 4913 utpote
1131 4843 1358 4908 terreni,
1385 4844 1450 4898 de
1481 4845 1726 4899 sensibili
1757 4861 1895 4916 pane
1945 4848 2102 4904 Cbri-

2220 4851 2376 4922 ἐμὸν,
2434 4851 2570 4905 ἀλλὰ
2619 4852 2681 4902 τὸ
2717 4848 2932 4920 θέλημα
2982 4847 3080 4902 τοῦ
3134 4847 3456 4920 πέμψαντός
3508 4866 3600 4916 με.
3645 4868 3665 4900 ι
3707 4847 3827 4903 Τῶν

510 4940 658 4988 stum
714 4935 862 5006 loqui
914 4945 1190 5007 putarent,
1234 4949 1288 4994 et
1325 4949 1546 5010 propter
1596 4939 1698 4996 hoc
1753 4953 2012 5011 urgerent
2055 4955 2109 5000 et

2232 4945 2507 5000 Ἰουδαίων
2538 4937 2626 4998 οἷα
2662 4943 2727 5016 δὴ
2758 4946 2987 5014 γηΐνων,
3021 4944 3153 5016 περὶ
3179 4937 3442 5015 αἰσθητοῦ
3467 4943 3637 5013 ἄρτου
3666 4961 3822 5016 νομι-

507 5040 821 5097 quaererent
868 5045 882 5083 :
933 5031 1274 5102 redargucus
1328 5048 1423 5090 eos
1483 5035 1774 5104 Dominus,
1838 5049 2109 5095 monstrat

2219 5039 2421 5105 ζοντων
2453 5040 2636 5110 λέγειν
2670 5040 2761 5092 τὸν
2793 5040 3023 5110 Κύριον,
3076 5040 3173 5094 καὶ
3207 5039 3296 5094 διὰ
3326 5038 3492 5093 τοῦτο
3541 5040 3826 5112 ἐπικειμέ-

506 5123 652 5192 quod
707 5121 951 5194 quandiu
997 5126 1310 5184 sensibilem
1341 5145 1535 5199 panem
1558 5142 1896 5203 exspectent,
1919 5150 2105 5191 accur-

2218 5149 2342 5198 νων,
2372 5133 2468 5186 καλ
2501 5131 2837 5203 ζητούντων,
2871 5131 3114 5204 ἐλέγχων
3149 5132 3351 5196 αὖτοὺς
3385 5132 3414 5185 6
3458 5130 3694 5203 Κύριος,
3735 5135 3824 5188 καὶ

513 5225 638 5270 rant
672 5234 687 5271 :
723 5218 942 5286 quando
971 5230 1157 5276 autem
1199 5222 1417 5277 discunt
1461 5226 1602 5294 quod
1658 5227 1961 5298 spiritualis
2010 5229 2098 5296 sit,

2218 5222 2450 5289 δεικνὺς,
2495 5224 2578 5278 ὅτι
2609 5222 2714 5288 ἕως
2749 5222 2849 5294 μὲν
2883 5222 3159 5296 αἰσθητὴν
3195 5221 3531 5277 ὑπώπτευον
3561 5224 3668 5296 τὴν
3701 5240 3822 5298 τρο-

511 5325 617 5364 ηοη
648 5307 785 5364 ultra
811 5321 1122 5368 accurrant.
1159 5313 1315 5371 Unde
1345 5315 1480 5370 dicit
1515 5335 1528 5372 :
1567 5318 1736 5392 c'Ego
1785 5336 1907 5376 sum
1945 5322 2103 5394 punis

2218 5315 2342 5387 pip,
2390 5315 2710 5389 ἐπέτρεχονο
2760 5315 2892 5371 ὅταν
2923 5316 2983 5371 δὲ
3029 5317 3304 5389 μάθωσιν,
3345 5318 3429 5372 ὃτι
3465 5320 3820 5391 πνευματική

510 5402 650 5457 vite.
683 5421 703 5453 ι
740 5399 857 5456 Non
897 5403 1031 5460 dixit
1069 5415 1274 5474 autem,
1305 5409 1460 5477 panis
1490 5411 1786 5481 alimoniae,
1828 5415 1923 5472 sed
1955 5417 2099 5472 vitm.

2218 5411 2381 5476 ιστιν,
2412 5410 2515 5465 οὐκ
2541 5409 2623 5464 ἐτι
2665 5410 3118 5482 ὲπιδραμοῦνται,
3148 5410 3317 5482 φησίν
3354 5425 3370 5442 ο
3406 5431 3426 5466 ι
3461 5412 3612 5483 Ἕγὼ
3645 5414 3762 5486 είμι
3795 5413 3822 5466 6

507 5491 644 5548 Nam
668 5510 792 5549 cum
843 5499 1029 5551 omnia
1062 5500 1388 5557 mortiﬁcata
1433 5515 1638 5574 essent,
1665 5507 1959 5565 viviﬁcavit
2007 5524 2105 5565 nos

2218 5502 2374 5576 Ξρτος
2405 5505 2503 5574 τῆς
2539 5503 2706 5574 ζωῆς.
2767 5523 2786 5557 ι
2844 5505 2960 5559 Οὐκ
3014 5501 3138 5559 εἶπε
3191 5503 3270 5572 δὲ,
3331 5503 3535 5578 ’Δρτος
3590 5507 3818 5580 τροφῆς,

513 5601 607 5658 per
661 5589 1018 5661 semetipsum
1070 5592 1343 5665 Christus,
1370 5601 1460 5670 qui
1511 5612 1595 5657 est
1649 5604 1823 5672 panis.
1864 5618 1930 5660 eo
1959 5603 2102 5674 qnod

2218 5598 2367 5666 me,
2412 5618 2429 5651 ι
2461 5599 2640 5671 Ζωῆς.
2685 5619 2703 5652 ι
2748 5599 2973 5673 Ἐπειδὴ
3013 5603 3124 5674 γὰρ
3151 5602 3222 5657 τά
3267 5603 3454 5657 πάντα
3485 5603 3816 5678 νενέκρωτο,

514 5678 845 5738 fermentum
882 5684 1136 5742 humana:
1161 5692 1568 5760 consipcrsionis
1591 5695 1864 5749 credimus
1888 5703 2101 5750 coctum

2218 5690 2579 5766 ἐζωοποίησεν
2629 5696 2780 5767 ἡμᾶς
2837 5693 2906 5750 δι’
2961 5696 3159 5751 ἑαυτοῦ
3199 5699 3228 5752 ὁ
3280 5695 3512 5768 Κύριος,
3563 5699 3626 5763 ὃς
3675 5700 3818 5754 ἐστιν

511 5784 632 5826 esse
663 5771 786 5840 igne
812 5774 1048 5831 deitatis.
1083 5779 1245 5835 Panis
1279 5793 1454 5838 autem
1483 5783 1608 5841 vitae
1644 5799 1753 5842 non
1782 5783 1941 5857 hujus
1971 5787 2102 5845 soli-

2218 5789 2394 5861 ἱρτος,
2429 5790 2564 5846 καθὸ
2598 5792 2702 5865 τὴν
2745 5790 2930 5864 ζύμην
2961 5791 3058 5847 τοῦ
3095 5790 3443 5864 ἀνθρωπίνου
3491 5791 3818 5867 φυράματος

595 5958 637 5987 ⁸⁸
668 5955 838 6018 Exod.
881 5976 991 6029 xiv,
1030 5962 1112 6017 lo.

410 6507 924 6519 Ἢ
