4052 6534
211 421 350 486 Ῑ3ὖθ
959 416 1412 480 ENARRATIO
1452 416 1535 479 IN
1577 415 2097 481 EV’ANGELIUM
2136 419 2496 484 JOANNIS.
2519 421 2780 485 -CAP.
2817 422 2920 486 VI.
3433 417 3573 491 1310

206 534 414 605 κόσμου
449 531 599 602 ζωὴν
652 528 938 602 ὀνομάζει.
973 530 1095 586 Κᾶν
1130 531 1240 603 γὰρ
1277 532 1354 602 μὴ
1393 531 1598 595 πάντες
1640 547 1805 602 παρε-

1919 541 2102 590 tamen
2126 537 2372 608 seipsum
2401 551 2502 608 pro
2531 537 2741 592 mundo
2769 536 2942 604 dedit,
2971 544 3024 592 et
3051 543 3324 608 quantum
3371 534 3426 589 in
3450 535 3574 607 ipso

207 629 430 695 δέξαντο
462 629 555 682 τὸν
601 626 880 697 άγιασμὸν
926 627 1022 679 καὶ
1051 627 1153 696 τὴν
1193 626 1252 681 ὲν
1307 625 1593 697 Πνεύματι
1647 625 1798 698 ζωὴν

1928 639 2070 696 erat,
2107 632 2345 686 mundus
2380 639 2657 698 servatus,
2695 639 3014 702 naturaque
3061 629 3325 687 universa
3370 630 3573 686 sancti~

207 721 320 778 ἀλλ’
345 716 440 775 οὖν
469 722 563 788 ὅγε
589 717 798 790 Κύριος
835 717 978 789 ὑπὲρ
1013 719 1108 771 τοῦ
1129 718 1341 788 κόσμου
1374 718 1571 772 ἑαυτὸν
1595 717 1797 772 δέδωκε

1929 721 2089 776 licata
2137 730 2247 790 est,
2283 736 2350 778 eo
2391 723 2539 793 quod
2575 723 2790 793 accepit
2825 721 3091 778 virtutem
3124 717 3384 774 vincendi
3433 731 3572 788 pec-

204 817 295 872 καὶ
323 817 446 870 ὅσον
473 812 535 866 τὸ
563 812 652 866 ἐπ’
685 812 902 883 ἐκείνῳ,
933 815 962 866 6
998 813 1206 884 κόσμος
1228 812 1435 884 ἐσώθη,
1467 814 1564 867 καὶ
1589 814 1622 883 ἡ
1656 813 1805 882 φύσις

1925 825 2114 870 catum
2187 828 2289 883 per
2348 830 2521 870 unum
2595 815 2880 870 hominem
2948 810 3246 868 Dominum
3309 819 3566 868 nostrum

205 909 389 963 ἆπασα
445 905 711 980 ἡγιάσθη,
768 907 906 961 καθὸ
958 905 1194 976 δύναμιν
1251 906 1414 962 ἔλασε
1482 909 1643 980 νικᾷν
1717 907 1805 980 chi

1924 905 2112 961 Jesum
2148 903 2457 970 Christum,
2480 905 2626 960 sicut
2657 914 2712 958 et
2741 917 2840 976 per
2867 917 3040 958 unum
3069 885 3354 958 hominem
3389 900 3566 956 Adam

205 1002 502 1073 ἁμαρτίαν,
529 1001 627 1056 καὶ
660 1001 693 1074 ἠ
724 1002 976 1073 ἁμαρτία
1003 1002 1223 1073 ἀπέδρα
1265 1003 1356 1056 διὰ
1399 1003 1495 1057 τοῦ
1529 1003 1652 1067 ἑνὸς
1711 1004 1805 1058 ἀν-

1924 1001 1978 1056 in
2015 1010 2300 1071 peccatum
2339 999 2645 1055 ceciderat.

201 1096 424 1168 Optimae
450 1096 545 1152 τοῦ
586 1098 975 1170 Κυρίουήμῶν
1003 1099 1186 1170 Ἰησοῦ
1214 1099 1700 1173 Χριστοῦ,ὦσπερ
1757 1100 1851 1156 καὶ¹
1927 1099 1996 1153 δι’
2038 1099 2163 1163 ἐνὸς
2219 1097 2519 1171 ἀνθρώπου
2568 1094 2666 1152 τοῦ
2713 1094 2894 1168 Ἀδὰμ
2949 1094 3033 1160 είς
3092 1091 3383 1166 ἁμαρτίαν
3434 1091 3565 1147 ὠλί-

203 1194 424 1264 σθησεν.
782 1227 786 1230 ‹

275 1306 294 1338 ι
332 1287 642 1359 Ἐμάχοντο
681 1286 776 1341 οὖν
831 1289 972 1360 πρὸς
1008 1290 1285 1364 ἀλλήλους
1323 1296 1373 1348 οἱ
1421 1293 1698 1361 Ἰουδαῖοι,
1726 1293 1805 1347 λέ-

1997 1287 2172 1345 Vens.
2200 1288 2395 1346 55-56.
2435 1305 2455 1339 ι
2502 1285 2875 1344 Decertabant
2905 1299 3041 1357 ergo
3075 1281 3254 1340 Judmi
3293 1283 3444 1338 inter
3475 1297 3562 1352 se,

199 1399 388 1451 γοντες
416 1399 430 1411 ·
472 1381 595 1444 Πῶς
644 1380 869 1436 δύναται
899 1375 1060 1448 οὗτος
1093 1386 1228 1457 ἡμῖν
1279 1387 1467 1443 δοῦναι
1494 1389 1596 1462 τὴν
1631 1389 1805 1462 σάρκα

1919 1385 2172 1442 dicentes
2219 1403 2233 1440 :
2289 1383 2582 1452 Quomodo
2615 1383 2705 1439 hic
2749 1391 2931 1453 potest
2967 1379 3128 1437 nobis
3167 1380 3302 1436 dare
3336 1392 3564 1434 carnem

198 1478 393 1544 φαγεῖν
423 1493 438 1539 ;
469 1469 640 1529 Εἶπεν
665 1473 758 1528 οὖν
793 1477 982 1542 αὐτοῖς
1040 1479 1068 1532 6
1125 1480 1340 1552 Ἰησοῦς
1365 1500 1379 1514 ·
1426 1485 1627 1554 Ἀμὴν,
1660 1484 1805 1556 ἀμὴν

1919 1494 2069 1535 suam
2118 1480 2186 1534 ad
2217 1467 2548 1534 edendum?
2590 1477 2737 1531 Dixit
2787 1476 2870 1531 eis
2899 1474 3064 1531 Jesus
3103 1491 3120 1528 :
3155 1472 3358 1539 Amen,
3395 1485 3559 1528 amen

196 1568 340 1636 λέγω
363 1567 516 1637 ὑμῖν,
555 1567 651 1620 ἐὰν
696 1567 771 1638 μὴ
802 1570 1020 1640 φάγητε
1049 1569 1151 1644 τὴν
1188 1573 1368 1644 σάρκα
1397 1576 1492 1630 τοῦ
1520 1577 1654 1631 Υίοῦ
1715 1577 1805 1630 τοῦ

1927 1574 2051 1630 dico
2099 1572 2272 1641 vobis,
2321 1571 2430 1627 nisi
2471 1571 2700 1627 ederitis
2747 1585 2976 1624 carnem
3002 1566 3128 1622 Filii
3183 1566 3450 1632 hominis,
3491 1574 3550 1620 ct

196 1657 512 1729 ἀνθρώπου,
553 1661 652 1716 καὶ
677 1661 841 1732 πίητε
876 1663 1045 1718 αὑτοῦ
1073 1665 1133 1718 τὸ
1166 1660 1330 1737 αἷμα,
1358 1669 1463 1723 οὐκ
1485 1670 1638 1741 ἔχετε
1663 1670 1805 1743 ζωὴν

1919 1664 2162 1722 biberitis
2197 1665 2316 1734 ejus
2369 1663 2718 1735 sanguinem,
2769 1676 2877 1717 non
2933 1658 3211 1716 habebitis
3265 1659 3439 1713 vitam
3502 1656 3558 1712 in

198 1750 255 1804 ὲν
285 1752 524 1844 ἑαυτοῖς.
566 1749 627 1805 ⁸0
684 1751 921 1824 τρώγων
957 1773 1060 1825 μου
1098 1758 1202 1828 τὴν
1259 1759 1463 1832 σάρκα,
1499 1763 1594 1817 καὶ
1641 1769 1805 1817 πίιωι

1924 1759 2105 1815 vobis;
2137 1759 2242 1826 Qui
2277 1757 2390 1812 edit
2423 1771 2605 1812 meam
2635 1769 2884 1818 carnem,
2923 1762 2980 1808 et
3013 1751 3154 1807 bibit
3197 1764 3381 1805 meum
3428 1763 3560 1805 sano

199 1860 299 1915 μου
337 1845 397 1896 τὸ
429 1838 593 1914 αἷμα,
626 1845 742 1915 ἔχει
772 1844 922 1918 ζωὴν
952 1847 1176 1904 αἰώνιον
1199 1868 1212 1881 ο
1244 1854 1341 1906 καὶ
1365 1853 1479 1922 ὲγὼ
1516 1855 1805 1923 ἀναστήσω

1926 1854 2169 1923 guinem,
2195 1850 2363 1906 habet
2393 1851 2562 1904 vitam
2588 1857 2878 1910 aeternam,
2903 1854 2959 1900 et
2989 1859 3094 1916 ego
3119 1843 3404 1898 suscitabo
3432 1855 3559 1896 eunt

195 1936 357 1992 αὐτὸν
389 1940 453 2006 τῇ
499 1938 710 2010 ἐσχάτῃ
737 1941 949 2012 ἡμέρᾳ.
1019 1942 1085 1996 Ἦ
1123 1943 1228 2016 γὰρ
1263 1947 1403 2017 σάρξ
1437 1965 1540 2017 μου
1587 1949 1812 2020 άληθῶς

198 2030 316 2082 ἔστι
345 2028 574 2102 βρῶσις,
605 2033 700 2086 καὶ
731 2034 792 2085 τὸ
816 2029 957 2103 αἷμά
1003 2054 1108 2103 μου
1143 2039 1364 2109 άληθῶς
1401 2041 1519 2094 ἐστι
1555 2043 1740 2105 πόσις.
1786 2063 1803 2095 ι

205 2119 571 2185 Ἀκούσαντες
629 2123 680 2177 οῖ
743 2125 992 2178 Ἰουδαῖοι
1052 2129 1182 2198 περὶ
1237 2128 1339 2198 τῆς
1396 2130 1659 2202 βρώσεως
1709 2135 1812 2201 τῆς

193 2211 398 2282 σαρκὸς
421 2211 518 2265 τοῦ
555 2213 788 2283 Κυρίου.
819 2215 1138 2272 ἀπιστοῦσι.
1176 2219 1276 2272 Διά
1305 2219 1468 2273 τοῦτο
1499 2222 1595 2274 καὶ
1627 2222 1688 2274 τὸ
1711 2225 1810 2293 τῆς

191 2303 453 2369 ἁπιστὲας
487 2305 660 2376 ῥῆμα,
693 2308 786 2376 1:03,
820 2326 837 2359 t
871 2309 1031 2377 Πῶς;
1067 2331 1083 2362 ι
1121 2311 1666 2381 φθέγγονται.”οταν
1698 2317 1828 2389 γὰρ

191 2398 454 2462 ἀπιστίας
509 2399 773 2471 λογισμοὶ
820 2405 1144 2462 είσέλθωσιν
1183 2409 1264 2472 είς
1319 2407 1522 2480 ψυχὴν,
1542 2411 1667 2465 τότε
1710 2414 1808 2465 καὶ

189 2491 250 2544 τὸ
271 2530 286 2554 ,
323 2491 483 2556 Πώς;
517 2494 954 2566 συνεισέρχεται.
989 2498 1087 2552 Διά
1118 2498 1280 2554 τοῦτο
1320 2503 1415 2556 καὶ
1447 2503 1608 2567 αὐτὸς
1635 2503 1809 2561 Θέλων

189 2583 386 2648 δεῖξαι,
414 2586 494 2638 ὅτι
529 2586 631 2640 οὐκ
665 2587 782 2641 ἔστι
819 2589 982 2644 τοῦτο
1007 2592 1296 2658 ἀδύνατον,
1331 2596 1472 2650 ἀλλὰ
1523 2598 1620 2650 καὶ
1665 2599 1800 2667 σφό-

188 2679 290 2751 δρα
320 2681 646 2747 ἀναγκαῖον,
699 2684 794 2735 καὶ
850 2685 950 2738 οὐκ
1013 2685 1163 2738 ἔστιν
1207 2687 1385 2752 ἄλλως
1433 2689 1580 2760 ἔχειν
1634 2691 1804 2763 ζωὴν,

195 2773 362 2844 φησιν
395 2789 406 2802 ·
452 2793 471 2825 ι
523 2775 652 2829 Ἐὰν
715 2779 788 2846 μή
843 2794 949 2847 μου
983 2779 1082 2848 τὴν
1139 2781 1323 2846 σάρκα
1361 2783 1604 2852 φάγητε,
1633 2803 1649 2836 ι
1713 2787 1807 2839 καὶ

186 2865 257 2920 τὰ
285 2865 435 2935 ἑξῆς.
477 2865 637 2920 Οῦτω
679 2868 776 2920 καὶ
802 2870 830 2921 6
861 2870 1179 2942 Νικόδημος
1225 2875 1284 2939 ἐξ
1314 2876 1577 2941 ἀπιστίας
1605 2877 1762 2946 ἔλεγε
1789 2896 1801 2908 ·

194 2975 214 3009 ι
254 2957 375 3021 Πῶς
394 2959 618 3013 δύναται
643 2960 933 3031 ἄνθρωπος
952 2965 1218 3018 εἰσελθεῖν
1239 2969 1318 3030 εἰς
1336 2968 1438 3039 τὴν
1463 2971 1677 3023 κοιλίαν
1703 2971 1806 3040 τῆς

191 3052 402 3124 μητρός
434 3071 448 3120 ;
496 3073 513 3105 ι
553 3056 647 3108 Δεῖ
677 3055 1028 3128 τοίνυνήμᾶς
1074 3061 1445 3127 ἀκούσαντας,
1479 3063 1564 3116 ὅτι
1589 3065 1684 3116 ἐὰν
1727 3067 1805 3137 μὴ

1928 1950 1981 2002 in
2023 1945 2326 2002 novissimo
2360 1943 2470 1999 die.
2505 1941 2651 1998 Caro
2681 1941 2830 1997 enim
2867 1953 2990 1994 mea
3019 1951 3150 1992 vere
3180 1945 3266 1992 est
3299 1933 3481 2001 cibus,
3504 1942 3566 1990 et

1923 2039 2150 2110 sanguis
2185 2053 2338 2094 meus
2371 2051 2500 2091 vere
2523 2043 2610 2092 est
2636 2045 2820 2104 potus.
2855 2051 2874 2084 ι
2901 2029 3078 2086 111άωί
3109 2046 3236 2084 cum
3268 2028 3562 2084 audissent

1924 2133 1991 2189 de
2038 2147 2135 2188 esu
2192 2131 2378 2187 carnis
2430 2129 2600 2192 illius,
2659 2123 3005 2182 discredunt.
3051 2121 3182 2179 Ideo
3231 2129 3289 2177 et
3323 2121 3555 2175 verbum

1922 2222 2532 2282 incredulitatisdicunt
2558 2238 2573 2276 :
2606 2217 2899 2287 Quomodo
2927 2217 2950 2271 ?
2985 2213 3125 2270 Nam
3155 2214 3380 2285 quando
3404 2211 3557 2283 cogi.

1925 2321 2166 2376 lationes
2200 2314 2612 2372 incredulitatis
2641 2313 3040 2386 ingrediuntur
3071 2310 3129 2366 in
3162 2310 3431 2374 animam,
3470 2307 3557 2362 in-

1920 2416 2170 2488 greditur
2218 2412 2408 2478 simul,
2465 2407 2800 2476 Quomodo?
2843 2407 3150 2478 Propterea
3199 2404 3320 2475 ipse
3366 2400 3559 2457 voiens

1922 2510 2024 2563 hoc
2059 2506 2356 2561 ostendere
2398 2503 2546 2574 quod
2575 2516 2686 2557 non
2730 2501 2802 2555 sit
2841 2496 3217 2571 impossibile,
3250 2495 3346 2552 sed
3387 2494 3558 2550 etiam

1918 2601 2077 2655 valde
2120 2596 2519 2662 necessarium,
2567 2594 2647 2649 ait
2696 2610 2711 2650 :
2752 2590 2871 2648 Non
2923 2603 3104 2662 potest
3151 2591 3316 2647 aliter
3350 2589 3548 2645 haberi

1919 2693 2057 2756 vita,
2096 2710 2114 2742 ι
2156 2690 2258 2744 nisi
2300 2698 2480 2743 meam
2524 2699 2752 2742 carnem
2785 2683 2954 2756 595
3002 2683 3349 2750 comedatis,
3384 2701 3403 2733 ι
3443 2692 3556 2738 etc.

1918 2785 1998 2841 Ita
2030 2795 2084 2840 et
2115 2782 2460 2838 Nicodemns
2492 2797 2561 2835 ex
2597 2779 2989 2854 incredulitate
3019 2776 3244 2834 dicebat
3277 2793 3291 2831 :
3342 2795 3360 2829 t
3401 2777 3553 2844 Quo-

1919 2879 2084 2934 modo
2127 2883 2309 2945 potest
2365 2874 2535 2929 homo
2589 2874 2800 2927 intrare
2842 2871 2896 2925 itt
2943 2880 3196 2925 ventrem
3241 2867 3484 2924 matris?
3531 2887 3553 2920 ι

1918 2971 2152 3043 Oportet
2186 2968 2353 3040 igitur
2391 2981 2515 3029 nos,
2545 2979 2673 3019 cum
2726 2964 3134 3030 audiverimus,
3170 2960 3290 3017 Nisi
3325 2960 3556 3016 ederitis

1917 3080 2142 3120 carnem
2177 3061 2325 3128 Filii,
2364 3075 2473 3116 non
2507 3059 2788 3115 habebitis
2823 3059 3020 3123 vitam,
3053 3057 3108 3112 in
3143 3052 3557 3127 sumptionibus

189 3146 460 3216 φάγωμεν
489 3146 590 3217 τὴν
635 3148 820 3218 σάρκα
843 3151 938 3204 τοῦ
976 3151 1135 3219 Υίοῦ,
1165 3155 1268 3208 οὐκ
1303 3155 1507 3226 ἔχομεν
1541 3156 1712 3228 ζωὴν,
1747 3159 1804 3212 ὲν

1921 3157 2234 3213 divinorum
2268 3152 2664 3226 mysteriorum
2689 3150 3062 3205 indubitatam
3090 3147 3330 3203 retinere
3363 3145 3552 3211 Iidem,

185 3239 310 3302 ταῖς
346 3238 687 3311 μεταλήψεσι
717 3241 829 3296 τῶν
859 3243 1023 3297 θείων
1062 3247 1390 3319 μυστηρίων
1421 3247 1610 3302 πίστιν
1658 3249 1807 3322 ἔχειν

186 3329 539 3392 άδίστακτον,
571 3333 669 3386 καὶ
715 3333 792 3405 μὴ
824 3334 1016 3405 ζητεῖν
1047 3334 1129 3402 τὸ,
1163 3338 1289 3402 Πῶς
1321 3356 1336 3406 ;
1375 3339 1436 3392 '0
1473 3340 1582 3411 γάρ
1640 3341 1808 3414 ψυχι-

186 3423 284 3486 κὸς
339 3422 652 3495 ἄνθρωπος,
677 3427 984 3497 τουτέστιν,
1020 3429 1050 3481 6
1098 3431 1386 3500 λογισμοῖς
1433 3432 1806 3505 ἀνθρωπίνοις

186 3515 288 3568 καί⁵
331 3515 611 3585 ψυχικοῖς,
642 3518 763 3588 ἦτοι
815 3525 1094 3591 φυσικοῖς,
1126 3523 1421 3594 ἑπόμενος,
1477 3527 1542 3581 οὐ
1587 3528 1804 3599 δέχεται

183 3607 258 3664 τά
293 3609 432 3682 ὑπὲρ
459 3609 624 3679 φύσιν
655 3614 751 3666 καὶ
790 3618 1150 3684 πνευματικά
1181 3634 1194 3647 ·
1227 3618 1426 3694 ὥσπερ
1454 3616 1548 3676 οῦν
1581 3626 1677 3677 καὶ
1707 3623 1808 3695 τὴν

185 3703 578 3777 πνευματικὴν
610 3704 820 3775 βρῶσιν
845 3707 947 3778 τῆς
980 3709 1076 3762 τοῦ
1111 3709 1548 3785 Κυρίουοσαρκὸς
1571 3714 1632 3769 οὐ
1656 3718 1805 3783 νοεῖ,

183 3787 254 3867 ἧς
289 3794 340 3846 οί
380 3795 455 3866 μὴ
512 3799 1062 3871 μεταλαμϐάνοντες,
1100 3803 1368 3876 ἁμέτοχοι
1421 3805 1643 3861 ἔσονται
1703 3809 1807 3879 τῆς

183 3887 412 3941 αἰωνίου
440 3887 611 3960 ζωῆς,
644 3889 720 3954 ώς
753 3891 831 3963 μὴ
864 3894 1311 3967 παραδεξάμενοι
1341 3901 1433 3952 τὸν
1473 3900 1690 3972 Ἰησοῦν
1713 3902 1807 3956 τὸν

183 3977 325 4033 ὄντα
359 3978 509 4050 ζωὴν
541 3981 826 4054 ἀληθινήν.
872 3986 946 4038 Οὐ
975 3987 1085 4057 γάρ
1119 3987 1284 4057 ψιλοῦ
1334 3990 1635 4062 ἀνθρώπου
1666 3993 1809 4065 σάρξ

182 4069 401 4139 ἐστινὴ
450 4069 770 4142 ἑσθιομένη,
822 4073 960 4129 ἀλλὰ
987 4075 1154 4142 Θεοῦ,
1183 4081 1279 4132 καὶ
1319 4079 1596 4136 θεοποιεῖν
1643 4084 1806 4137 δυνα-

186 4165 359 4235 μένη.
407 4163 482 4228 ὡς
532 4165 910 4238 άνακραθεῖσα
965 4167 1205 4242 θεότητι.
1235 4170 1387 4244 Αὕτη
1431 4174 1526 4228 καὶ
1585 4174 1809 4247 ἀληθῶς

181 4257 308 4310 ἔστι
348 4253 574 4326 βρῶσις,
603 4257 740 4311 καθὸ
792 4259 854 4313 οὐ
911 4260 1052 4333 πρὸς
1094 4262 1280 4333 ὀλίγον
1318 4266 1514 4339 καιρὸν
1565 4268 1805 4342 διαρκεῖ,

179 4345 311 4402 οὐδὲ
347 4346 638 4419 φθείρεται
672 4349 931 4424 καθάπερ
968 4355 1000 4424 ἡ
1033 4355 1239 4428 ρευστὴ
1275 4355 1502 4428 βρῶσις,
1537 4359 1676 4416 ἀλλὰ
1705 4365 1808 4434 τῆς

181 4442 415 4496 αἰωνίου
475 4442 624 4512 ζωῆς
669 4446 822 4497 ἐστιν
875 4446 1194 4518 ἐπίκουρος.
1260 4449 1496 4522 Ὁμοίως
1540 4454 1599 4508 δὲ
1646 4456 1800 4529 καὶὴ

1916 3259 1971 3307 et
2008 3263 2119 3304 non
2155 3261 2427 3318 quaerere,
2462 3243 2585 3312 Quo
2636 3243 2844 3314 pacto?
2873 3239 3015 3298 Nam
3049 3238 3313 3297 animalis
3354 3237 3548 3303 homo,

1914 3344 2021 3398 hoc
2052 3351 2139 3398 est
2179 3341 2270 3412 qui
2316 3341 2573 3411 sequitur
2620 3335 2991 3408 cogitationes
3034 3335 3310 3391 humanas
3337 3345 3394 3389 et
3429 3331 3549 3387 ani-

1915 3437 2109 3501 males,
2162 3435 2278 3491 sive
2330 3433 2796 3500 naturales,‘non
2828 3439 2919 3486 est
2969 3435 3148 3501 capax
3182 3442 3377 3484 eorum
3425 3442 3550 3498 qua:

1917 3540 2050 3586 sunt
2083 3544 2252 3600 super
2283 3538 2564 3594 naturam,
2598 3537 2657 3584 et
2699 3525 3104 3598 spiritualium.
3142 3524 3325 3594 Atque
3368 3522 3448 3577 ita
3495 3530 3553 3576 et

1915 3621 2260 3694 spiritualem
2289 3636 2445 3677 esum
2474 3620 2660 3677 carnis
2690 3618 3000 3675 Dominicis
3030 3632 3139 3672 non
3175 3615 3432 3686 intelligit
3457 3615 3508 3647 "
3537 3633 3550 3670 :

1916 3715 2078 3786 cujus
2110 3714 2201 3785 qui
2239 3731 2349 3770 non
2378 3723 2508 3770 sunt
2538 3713 2871 3784 participes,
2912 3726 3024 3766 non
3059 3719 3224 3766 erunt
3251 3708 3553 3781 participes

1913 3819 2139 3864 aeternae
2173 3808 2322 3875 vitae,
2355 3822 2421 3864 eo
2452 3808 2602 3877 quod
2647 3822 2757 3863 non
2777 3813 3162 3875 susceperunt
3194 3803 3412 3872 Iesum,
3448 3803 3546 3874 qui

1911 3910 2000 3958 est
2034 3898 2158 3956 Vita
2196 3910 2430 3958 aeterna.
2477 3898 2598 3956 Non
2645 3899 2796 3955 enim
2832 3897 2967 3954 nudi
3016 3895 3264 3953 hominis
3301 3909 3435 3952 caro
3463 3905 3554 3953 est

1868 4013 1872 4017 λ
1912 3986 2038 4067 quas
2074 3993 2465 4061 manducatur,
2509 3993 2606 4058 sed
2641 3991 2781 4059 Dei,
2813 4001 2869 4047 et
2901 4006 3026 4060 qua:
3071 3989 3339 4046 deiﬁcare
3379 3989 3552 4056 valet,

1915 4095 2110 4158 utpote
2159 4095 2572 4156 contemperata
2627 4085 2843 4141 deitati.
2906 4084 3015 4140 ista
3063 4085 3234 4140 etiam
3289 4099 3422 4140 vere
3469 4092 3557 4139 est

1914 4181 2094 4246 cibus,
2119 4195 2186 4236 co
2221 4180 2368 4251 quod
2403 4195 2511 4236 non
2539 4181 2608 4236 ad
2643 4195 2879 4251 parvum
2909 4189 3126 4250 tempus
3157 4179 3339 4242 duret,
3371 4192 3554 4248 neque

1915 4286 2308 4345 corrumpatur
2343 4275 2488 4331 sicut
2536 4273 2919 4345 corruptibilis
2964 4274 3122 4329 cibus
3148 4314 3164 4340 ,
3199 4274 3296 4329 sed
3328 4281 3554 4331 aeternas

1915 4366 2043 4422 vita:
2091 4366 2163 4422 sit
2202 4367 2537 4422 subsidium.
2590 4365 2862 4421 Similiter
2921 4376 2979 4421 et
3029 4375 3196 4436 potus
3258 4367 3552 4437 sanguinis

1921 4460 2158 4529 Domini,
2192 4476 2322 4517 vere
2361 4470 2448 4518 est
2482 4471 2646 4532 potus
2679 4479 2694 4518 :
2729 4462 2862 4533 quia
2895 4475 3004 4516 non
3040 4462 3108 4515 ad
3141 4470 3359 4532 tempus
3392 4461 3552 4519 sum-

179 4534 348 4598 πόσις
401 4533 496 4587 τοῦ
530 4534 771 4605 αἵματος
803 4536 899 4591 τοῦ
941 4539 1174 4610 Κυρίου,
1201 4540 1424 4613 άληθῶς
1446 4547 1584 4610 ,ἐστι
1618 4548 1799 4616 πόσις,

1919 4553 1988 4611 cit
2019 4555 2133 4621 siti,
2178 4556 2274 4610 sed
2301 4569 2524 4626 semper
2568 4554 2778 4626 absque
2824 4553 2915 4610 siti
2961 4564 3278 4622 conservat,
3329 4571 3430 4612 nec
3468 4557 3568 4612 in-'

176 4628 265 4682 ὅτι
311 4626 386 4698 μὴ
438 4628 578 4700 πρὸς
611 4629 809 4702 καιρὸν
843 4632 1086 4704 ἐπαρκεῖ
1114 4633 1192 4706 τῷ
1218 4635 1389 4707 δίψει,
1421 4638 1540 4693 ἀλλ’
1576 4643 1656 4706 είς
1713 4644 1803 4698 ἀεὶ

178 4721 382 4794 ἄδιψον
411 4724 666 4796 διατηρεῖ
693 4726 790 4779 καὶ
811 4727 1078 4800 ἀνεπιδεῆ
1108 4729 1200 4783 τὸν
1232 4731 1428 4787 πιόντα
1446 4750 1461 4764 ·
1495 4734 1682 4802 καθὼς
1710 4739 1805 4794 καὶ

179 4815 329 4888 πρὸς
358 4817 454 4890 τὴν
476 4818 814 4889 Σαμαρεῖτιν
860 4819 1071 4889 ἔλεγεν,
1106 4821 1215 4888 ὅτι,
1247 4842 1264 4874 ι
1313 4824 1374 4879 '0
1408 4827 1584 4882 πίνων
1614 4832 1678 4885 ὲκ
1707 4831 1803 4886 τοῦ

179 4908 385 4972 ὓδατος
460 4901 524 4963 οὗ
573 4909 686 4979 ἐγὼ
749 4911 931 4978 δώσω,
986 4915 1048 4968 οὐ
1100 4914 1331 4990 διψήσῃ.
1370 4937 1388 4970 ι
1451 4920 1641 4985 Ὅστις
1693 4923 1804 4995 γὰρ

173 5003 286 5075 τὴν
315 5003 479 5074 χάριν
507 5002 603 5058 τοῦ
631 5004 792 5073 άγίου
828 5006 1153 5078 Πνεύματος
1193 5009 1282 5064 διὰ
1307 5012 1410 5082 τῆς
1438 5015 1804 5088 μεταλήψεως

173 5095 297 5149 τῶν
353 5095 517 5151 θείων
553 5100 875 5172 μυστηρίων
905 5101 1144 5170 δέξεται,
1184 5104 1310 5159 οὔτε
1365 5106 1633 5180 λιμώττει
1671 5128 1801 5185 νοηο

172 5188 276 5244 τὸν
301 5187 484 5260 λιμὸν,
517 5189 644 5244 οὕτε
674 5190 809 5264 διψᾷ
832 5192 1008 5263 δίψος,
1036 5191 1152 5250 οἷον
1173 5198 1221 5250 oi
1245 5197 1502 5257 ἄπιστοι.

193 5280 284 5368 ’ψε
343 5279 405 5333 '0
441 5280 675 5352 τρώγων
727 5301 830 5354 μου
869 5285 970 5357 τὴν
1021 5287 1228 5359 σάρκα,
1255 5292 1353 5344 καὶ
1389 5295 1567 5350 πίνων
1595 5315 1700 5368 μου
1737 5301 1802 5354 τὸ

176 5365 352 5442 αἷμα,
391 5372 450 5426 ὲν
490 5374 616 5444 ἐμοὶ
649 5373 825 5446 μένει,
884 5378 1045 5446 κάγὼ
1097 5380 1156 5435 ἐν
1193 5382 1366 5456 αὐτῷ.
1414 5365 1618 5454 Καθὼς
1663 5391 1804 5447 άπι-

177 5465 369 5521 οτειλέ
407 5484 478 5539 με
499 5468 531 5521 6
559 5468 672 5534 ζῶν
703 5470 921 5544 Πατὴρ,
968 5474 1129 5545 κάγὼ
1163 5476 1244 5546 ζῷ
1273 5479 1366 5535 διά
1411 5481 1507 5536 τὸν
1539 5484 1760 5558 Πατέρα
1781 5503 1798 5519 ο

175 5569 279 5616 κιαι
314 5559 345 5615 6
371 5559 606 5633 τρώγων
635 5579 730 5634 με,
768 5567 1026 5632 κάκεῖνος
1067 5569 1301 5643 ζήσεται
1331 5574 1404 5628 δι’
1461 5579 1590 5647 ἐμὲ.
1625 5576 1802 5646 Οὗτός

176 5653 341 5706 ἐστιν
370 5655 399 5708 6
430 5655 597 5729 ἄρτος
625 5656 653 5710 6
682 5659 748 5711 ἐκ
779 5659 875 5714 τοῦ
899 5659 1140 5734 οὐρανοῦ
1190 5667 1444 5734 κατασάς
1468 5687 1482 5702 ο
1520 5673 1581 5726 οὐ
1613 5674 1801 5742 καθὼς

1912 4649 2100 4720 digere
2123 4650 2396 4721 permittit
2427 4650 2731 4716 bibentem,
2766 4648 2915 4706 sicut
2949 4659 3006 4704 et
3042 4648 3109 4704 ad
3133 4647 3547 4705 Samaritanam

1911 4748 2129 4805 dicebat
2169 4768 2182 4806 :
2215 4768 2234 4802 ι
2289 4751 2395 4818 Qui
2437 4749 2575 4806 bibit
2610 4764 2679 4805 ex
2722 4763 2864 4818 aqua
2898 4762 3067 4819 quam
3094 4762 3197 4819 ego
3231 4749 3398 4813 dabo,
3437 4763 3548 4804 non

1909 4841 2065 4906 sitiet
2110 4842 2182 4897 ".
2237 4860 2257 4894 ι
2308 4839 2447 4898 Nam
2493 4840 2750 4912 quisquis
2787 4838 3025 4908 gratiam
3075 4837 3256 4895 sancti
3301 4838 3549 4910 Spiritus

1908 4953 2010 5010 per
2037 4936 2407 5008 sumptionem
2433 4935 2744 4992 divinorum
2773 4933 3162 5004 mysteriorum
3191 4933 3530 5004 susceperit,

1912 5047 2092 5104 neque
2115 5030 2317 5088 {amem
2351 5027 2693 5103 spiritualem
2723 5042 2906 5099 neque
2933 5027 3084 5083 sitim
3118 5028 3382 5099 patietur,
3413 5041 3552 5099 qna-

1914 5125 2021 5183 lem
2054 5125 2344 5182 increduli.

1996 5306 2159 5365 Vens.
2190 5307 2390 5364 57-59.
2435 5326 2453 5360 ι
2509 5306 2613 5375 Qui
2647 5308 2763 5364 edit
2805 5321 2985 5364 meam
3036 5319 3285 5372 carnem,
3316 5313 3372 5361 et
3410 5303 3550 5360 bibit

1911 5415 2096 5457 meum
2127 5403 2476 5473 sanguinem,
2510 5399 2564 5455 in
2593 5415 2680 5455 me
2710 5409 2918 5467 manet,
2944 5408 2998 5456 et
3024 5411 3125 5470 ego
3155 5398 3208 5451 in
3239 5395 3355 5452 illo.
3387 5393 3549 5452 Sicut

1920 5493 2072 5550 misit
2109 5509 2200 5550 me
2229 5494 2424 5550 vivens
2457 5491 2646 5564 Pater,
2679 5497 2753 5551 ita
2785 5504 2842 5552 et
2870 5509 2976 5566 ego
3006 5494 3136 5549 viro
3175 5501 3402 5564 propter
3434 5488 3547 5545 Pa.

1919 5597 2059 5644 trem
2081 5630 2099 5656 ,
2127 5597 2183 5645 et
2231 5588 2324 5659 qui
2369 5588 2548 5646 ederit
2581 5604 2694 5655 me,
2731 5597 2787 5645 et
2835 5589 2956 5660 ipse
2991 5587 3137 5644 viret
3170 5595 3400 5659 propter
3435 5599 3546 5640 me.

1918 5680 2022 5739 llic
2068 5691 2156 5740 est
2206 5682 2367 5755 panis
2417 5684 2512 5756 qui
2547 5684 2618 5742 de
2666 5683 2811 5742 coelo
2853 5682 3143 5741 descendit
3196 5699 3210 5738 :
3249 5693 3357 5755 non
3397 5677 3547 5734 sicut

173 5746 396 5819 ἔφαγον
415 5749 478 5804 τὸ
503 5753 685 5822 μάννα
709 5755 759 5809 ol
786 5755 1029 5829 πατέρες
1065 5758 1225 5831 ὑμῶν
1266 5761 1327 5817 ὲν
1355 5765 1422 5837 τῇ
1455 5765 1673 5842 ιρήμῳ.
1705 5772 1801 5828 καὶ

1919 5776 2280 5837 comederunt
2330 5787 2518 5852 patres
2561 5776 2731 5836 vestri
2781 5791 3019 5848 manna,
3055 5785 3111 5832 et
3145 5753 3346 5833 mortui
3389 5778 3545 5832 sunt.

259 5939 522 6002 “lCor.
576 5961 634 6015 ιι,
696 5946 782 6004 id.
862 5950 905 5984 ⁸³
981 5949 1136 6010 Joan.
1204 5955 1405 6026 H315.
