4052 6548
516 518 660 592 1315

1448 515 2037 582 THEOPHYLAC'.“
2080 514 2500 578 ΒυιοΑιιιΑι
2540 516 2901 579 ARCHIEP.

3676 516 3807 584 1316

510 646 850 712 exponentes
884 650 947 694 ea
987 649 1111 708 qua
1127 630 1460 692 dicebantur
1519 648 1548 687 a
1587 630 1830 696 Christo,
1869 628 2109 686 olende-

2218 628 2658 700 ὶκλαμδάνοντες
2731 631 2800 685 τὰ
2846 631 3120 703 λεγόμενα
3186 630 3339 700 παρὰ
3390 627 3486 684 τοῦ
3551 631 3819 701 Χριστοῦ,

512 733 738 800 bantur,
764 729 896 786 dicit
920 729 1067 801 quod
1113 726 1492 800 Spiritualiter
1531 724 1835 794 intelligere
1871 738 1933 780 ea
1983 738 2105 794 qua:

512 825 771 880 dicuntur
821 838 852 878 a
899 838 1007 886 me,
1045 822 1148 877 hoc
1179 821 1357 876 solum
1412 821 1672 890 prodest;
1711 832 1840 872 caro
1893 829 2099 882 autem,

511 911 614 974 boc
639 926 744 980 est.
770 916 1068 973 carnaliter
1108 915 1196 970 illa
1232 927 1532 984 exponere,
1560 911 1696 966 nihil
1732 910 1978 980 prodest.
2007 913 2103 965 sed

509 1009 823 1064 otl'endiculi
858 1007 1081 1066 occasio
1113 1006 1190 1062 tit.
1230 1005 1323 1061 Sic
1369 1005 1534 1076 igitur
1581 1005 1652 1059 illi
1679 1005 1768 1074 qui
1813 1003 2109 1059 carnaliter

509 1101 806 1158 audiebant
841 1116 963 1170 qua:
985 1117 1012 1153 a
1040 1098 1261 1154 Christo
1287 1097 1634 1160 dicebantur,
1670 1096 2105 1151 oﬂeudebautur.

511 1191 906 1263 Subditigitur,
957 1189 1164 1246 «Verba
1180 1205 1412 1262 qumego
1433 1189 1647 1259 loquor,
1665 1186 1890 1257 spiritus
1923 1199 2102 1251 sunt,»

511 1288 614 1341 boc
645 1297 749 1352 est,
778 1283 1087 1356 spiritualla
1121 1293 1271 1349 sunt,
1307 1303 1327 1336 ι
1361 1290 1416 1338 ει
1449 1283 1582 1346 vita,
1611 1278 1742 1336 nihil
1767 1281 1991 1336 carnale
2020 1284 2107 1336 ha-

511 1385 712 1450 bentia,
759 1394 816 1436 et
868 1383 1038 1436 vitam
1105 1379 1388 1435 aﬂerentia
1449 1387 1736 1433 tternam.
1801 1374 2110 1432 Ostendens

509 1483 694 1529 autem
714 1473 934 1527 deitatis
950 1484 1074 1527 esse
1101 1470 1449 1540 dignitatem,
1465 1467 1715 1524 revelare
1744 1481 1866 1538 qua
1890 1466 2106 1523 occulta

510 1573 654 1630 sunt,
687 1563 824 1619 dicit
855 1561 923 1618 ad
945 1575 1043 1617 eos
1077 1579 1090 1616 :
1125 1579 1144 1614 ι
1185 1561 1326 1616 Sunt
1357 1560 1579 1630 quidam
1599 1573 1666 1613 ex
1701 1559 1854 1613 vobis
1884 1558 1977 1628 qui
2004 1573 2109 1613 non

509 1654 761 1710 credunt.
805 1674 824 1707 ι
876 1653 1076 1709 Diceus
1133 1662 1342 1718 autem,
1389 1670 1408 1704 ι
1469 1650 1717 1720 quidam,
1756 1667 1775 1702 ι
1812 1649 2111 1719 discipulos

508 1751 742 1816 excepit.
778 1746 946 1819 598
976 1745 1041 1800 Et
1065 1745 1398 1817 evangelista
1453 1743 1639 1799 volens
1663 1743 1951 1798 ostendere
1968 1741 2109 1813 quod

511 1838 754 1894 abinitio
788 1839 975 1894 mundi
995 1839 1178 1894 omnia
1211 1837 1552 1908 cognoverit.
1578 1835 1750 1890 dicit:
1787 1853 1805 1887 ι
1838 1835 1921 1890 Ab
1954 1832 2111 1889 initio

2211 723 2683 790 ἐσκανδαλίζοντο,
2739 725 2928 794 φησὶν,
2979 724 3094 788 ὅτι,
3124 724 3199 778 Τδ
3245 724 3645 793 πνευματικῶς
3681 727 3821 778 νοετν

2210 817 2279 869 τὰ
2307 815 2580 884 λεγόμενα
2613 819 2743 886 παρ’
2772 815 2929 884 ἐμοῦ,
2971 816 3130 869 τοῦτό
3181 819 3297 870 ἐστι
3330 818 3390 871 τὸ
3444 816 3698 884 ὠφελοῦν
3733 835 3748 849 ·
3788 820 3820 886 ἡ

2213 907 2269 960 δι
2317 906 2476 978 σὰρξ.
2528 909 2796 972 τουτέστι,
2841 909 2903 961 τδ
2951 907 3234 978 σαρκικῶς
3269 908 3411 962 αὐτὰ
3470 909 3817 980 ἐκδέκεσθαι,

2211 999 2365 1052 οὐδὲν
2433 999 2662 1070 ὠφελεῖ,
2719 1001 2858 1052 ἀλλὰ
2921 1001 3226 1054 σκανδάλου
3297 1000 3526 1073 ἀφορμὴ
3581 1001 3818 1071 γίνεται.

2213 1092 2370 1147 Οῦτω
2395 1093 2460 1166 δὴ
2497 1096 2648 1148 αὐτοὶ
2685 1095 2970 1166 σαρκικῶς
3030 1095 3326 1160 ἀκούοντες
3365 1096 3475 1149 τῶν
3509 1098 3663 1167 παρὰ
3689 1097 3818 1166 Χρι-

2215 1187 2344 1240 στοῦ
2376 1187 2714 1259 λεγομένων,
2749 1189 3224 1253 ἐσκανδαλίζοντο.
3256 1189 3544 1260 Ἐπιφέρει
3570 1185 3690 1256 οὖν,
3711 1192 3814 1254 ὃτι,

2217 1297 2237 1332 ε
2277 1280 2358 1334 Τὰ
2386 1282 2632 1352 ῥήματα,
2683 1281 2717 1335 ἃ
2751 1282 2864 1350 ἐγὼ
2913 1281 3083 1346 λαλῶ,
3121 1283 3342 1352 πνεῦμά
3417 1284 3559 1349 ἐστι,
3606 1301 3626 1334 s
3662 1301 3818 1336 τουτο

2214 1373 2357 1439 έστι,
2389 1375 2743 1444 πνευματικά
2793 1377 2932 1443 έστι,
2989 1395 3006 1427 ι
3052 1376 3148 1430 καὶ
3197 1374 3314 1445 ζωή
3365 1377 3536 1443 ἔστιν,
3588 1394 3606 1427 ι
3663 1376 3817 1430 οὑδὶν

2214 1464 2411 1536 [κοντα
2473 1466 2758 1534 σαρκικδν,
2813 1467 2907 1520 καὶ
2950 1467 3095 1538 ζωὴν
3149 1465 3528 1538 προξενοῦντα
3570 1466 3817 1521 αἰώνιον.

2212 1556 2492 1610 Δεικνύων
2526 1555 2583 1608 δι
2615 1557 2676 1609 τὸ
2709 1556 2806 1626 τῆς
2859 1556 3120 1628 θεότητος
3163 1557 3405 1627 ἀξίωμα,
3440 1556 3501 1609 τὸ
3529 1555 3815 1609 ἀποκαλὺ-

2215 1664 2371 1702 πτειν
2403 1651 2547 1719 φημὶ
2582 1649 2651 1700 τὰ
2677 1652 3069 1720 κεκρυμμένα,
3103 1652 3241 1721 φησὶ
3275 1649 3413 1720 πρὸς
3463 1649 3691 1712 αὐτοὺς,
3738 1649 3819 1703 ὅτι

2218 1760 2237 1794 ι
2272 1742 2393 1796 Εἰσί
2441 1759 2590 1807 τινες
2643 1743 2701 1810 ἐξ
2740 1743 2920 1814 ὑμῶν,
2964 1743 3014 1796 οἳ
3057 1742 3536 1797 οὑπιστεὺουσιν.
3577 1761 3596 1794 s
3631 1741 3816 1798 Εἰπὼν

2213 1836 2292 1899 δι.
2345 1856 2365 1890 ι
2393 1837 2561 1907 τινὲς,
2601 1857 2618 1890 ι
2643 1838 2768 1900 τοὺς
2794 1837 3045 1908 μαθητὰς
3080 1839 3420 1906 ὑπεξήγαγε.
3447 1837 3561 1892 Καὶ
3586 1838 3616 1890 6
3650 1837 3820 1903 εὐαγ-

515 1941 740 1985 noverat
781 1929 941 1986 Jesus
981 1933 1074 2002 qui
1106 1940 1295 1987 essent
1349 1943 1457 1983 non
1514 1929 1819 1994 credentes,
1894 1929 2111 1996 insuper

2218 1929 2474 2001 γελιστὴς
2539 1931 2711 1984 θέλων
2759 1931 2892 2001 ἡμῖν
2932 1930 3128 1996 δείξαι,
3193 1932 3276 1985 δτι
3345 1929 3450 2000 πρὸ
3501 1928 3817 1998 καταδολῆς

509 2031 564 2077 et
602 2023 900 2093 proditoris
952 2023 1223 2077 malitiam
1264 2037 1277 2074 :
1318 2035 1424 2091 quo
1463 2030 1615 2076 certe
1695 2020 2104 2075 monstrabatur

2218 2023 2418 2090 κόσμου
2441 2023 2619 2076 πάντα
2646 2023 2935 2091 ὲγίνωσκε,
2971 2023 3160 2093 φησὶν,
3203 2023 3309 2088 ὅτι,
3363 2020 3460 2087 Ἐξ
3490 2021 3673 2091 ἀρχῆς
3703 2020 3818 2088 67l-

509 2117 706 2172 deitas.
743 2115 876 2172 Nam
904 2115 1167 2187 propheta
1232 2115 1409 2184 inquit
1467 2113 1534 2168 de
1573 2111 1683 2168 Deo
1718 2129 1731 2165 :
1775 2130 1793 2164 ι
1833 2111 1936 2179 Qui
1965 2111 2106 2168 scie-

2218 2131 2427 2167 νωσκεν
2481 2117 2508 2167 6
2568 2116 2800 2186 Ἰησοῦς,
2853 2116 3002 2179 τίνες
3035 2117 3176 2170 είσὶν
3210 2117 3261 2169 οί
3300 2115 3375 2186 μὴ
3428 2115 3810 2172 πιστεύοντες.

511 2209 814 2262 batomnia
852 2208 1172 2278 priusquam
1213 2206 1327 2275 ipsa
1365 2203 1561 2260 tierent
1582 2204 1653 2260 ".
1686 2221 1707 2256 s

2215 2209 2297 2261 ιτι
2337 2209 2394 2264 δι
2458 2211 2558 2263 καὶ
2607 2209 2703 2264 τοῦ
2760 2211 3027 2282 προδότου
3063 2210 3162 2283 τὴν
3211 2209 3486 2281 πονηρίαν
3512 2224 3528 2240 ’
3563 2210 3705 2280 ὅπερ
3747 2203 3814 2276 ἦν

509 2295 748 2368 ἀληθοῦς
790 2295 1047 2368 θεότητος
1089 2293 1339 2360 ινδειξις.
1387 2289 1450 2346 '0
1491 2291 1600 2366 γὰρ
1634 2295 1926 2368 προφήτης
1974 2295 2106 2368 περὶ
2173 2297 2269 2352 τοῦ
2313 2300 2451 2355 Θεοῦ
2500 2319 2703 2372 φησιν·
2743 2322 2761 2355 ι
2809 2303 2870 2357 '0
2913 2302 3074 2366 sl6t‘o;
3139 2301 3210 2356 τὰ
3251 2301 3435 2357 πάντα
3479 2302 3616 2374 πρὶν
3661 2302 3816 2372 γενέο

511 2407 652 2454 οεως
674 2390 881 2444 αὑτῶν.
925 2407 945 2442 s

584 2485 751 2541 νω.
783 2482 975 2541 66-68.
1013 2502 1028 2538 r
1067 2483 1134 2541 Et
1160 2485 1378 2541 dicebat
1407 2505 1422 2542 :
1451 2483 1751 2558 Propterea
1789 2486 1901 2542 dixi
1936 2488 2110 2553 vobis,

516 2577 661 2648 quod
704 2591 867 2632 nemo
893 2586 1072 2648 potest
1098 2578 1289 2634 venire
1316 2579 1383 2634 ad
1419 2593 1528 2645 me,
1595 2579 1700 2634 nisi
1737 2577 1904 2632 fuerit
1937 2579 1985 2633 ei
2018 2582 2114 2634 da-

515 2683 627 2725 tum
655 2684 684 2722 a
713 2669 876 2724 Patre
900 2683 1042 2724 meo.
1068 2668 1146 2724 Ex
1175 2683 1240 2724 co
1260 2679 1507 2738 tempore
1531 2667 1687 2724 multi
1715 2669 2109 2740 discipulorum

512 2765 632 2834 ejus
663 2761 922 2819 abierunt
950 2770 1276 2829 retrorsum,
1307 2777 1407 2819 nec
1431 2761 1666 2832 amplius
1693 2775 1817 2817 cum
1852 2761 1944 2816 illo
1989 2777 2108 2816 am-
2147 2831 2152 2838 _

513 2855 796 2911 bulabant.
842 2853 983 2909 Dixit
1042 2869 1175 2925 ergo
1221 2853 1380 2910 Jesus
1408 2853 1478 2908 ad
1508 2853 1794 2909 duodecim
1835 2851 2018 2908 :Nutn
2061 2863 2115 2908 et

515 2962 618 3004 vos
649 2946 816 3004 vultis
836 2945 1029 3002 abire?
1073 2965 1094 2999 ι
1138 2945 1296 3018 Sarpe
1329 2946 1593 3011 diximus,
1625 2946 1844 3015 quando
1873 2946 2116 3002 audieris

513 3041 658 3111 quod
680 3039 846 3096 Pater
872 3040 966 3096 dat
997 3039 1156 3095 ﬁdem
1189 3041 1244 3094 in
1294 3038 1620 3110 Filiumﬁne
1655 3040 1938 3095 existimes
1971 3040 2116 3109 quod

511 3134 638 3189 aliis
670 3131 982 3191 benefaciat
1055 3131 1217 3188 Pater
1263 3148 1401 3202 quos
1441 3144 1714 3204 segreget,
1754 3134 1875 3188 aliis
1935 3145 2116 3189 autem

514 3241 622 3282 non
659 3246 672 3282 :
710 3218 814 3284 hoc
841 3228 990 3282 enim
1017 3227 1220 3298 injuste
1255 3227 1471 3298 agentis
1503 3237 1684 3294 esset;
1733 3228 1830 3283 sed
1866 3228 1974 3283 illis
2008 3228 2116 3280 bc—

515 3320 765 3376 nefacere
790 3331 918 3392 puta
977 3318 1216 3384 Patrem,
1261 3331 1315 3377 et
1362 3320 1469 3376 illis
1507 3323 1642 3377 dare
1712 3322 1914 3376 donum
1970 3321 2117 3388 tidei,

512 3414 713 3483 quibus
740 3421 1070 3482 cooperator
1100 3412 1302 3469 electio
1331 3423 1388 3469 et
1436 3414 1719 3470 voluntas.
1775 3410 1911 3466 Nam
1944 3414 2038 3480 qui
2078 3426 2108 3464 a

2292 2506 2311 2539 s
2353 2487 2463 2541 Kal
2494 2487 2650 2554 ελεγε
2679 2504 2692 2519 ·
2745 2486 2844 2541 Διά
2884 2485 3047 2556 τοῦτο
3095 2484 3297 2557 εἴρηκα
3330 2486 3484 2555 ὑμῖν,
3528 2486 3615 2539 ὅτι
3641 2487 3816 2550 οὐδεὶς

2207 2578 2436 2631 δύναται
2482 2578 2660 2630 ἔλθείν
2700 2577 2838 2649 πρὸς
2883 2579 2976 2646 με.
3042 2577 3138 2631 ἐὰν
3179 2577 3255 2648 μὴ
3343 2577 3634 2648 δεδομένον
3668 2576 3820 2649 αὑτῷ

2213 2672 2276 2723 ἐκ
2303 2671 2398 2724 τοῦ
2436 2671 2652 2741 Πατρός
2691 2689 2819 2741 μου.
2858 2671 2955 2724 Ἐκ
2985 2671 3181 2724 τούτου
3206 2671 3394 2726 πολλοὶ
3429 2670 3677 2743 ἀπῆλθον
3708 2671 3815 2726 τῶν

2217 2762 2481 2833 μαθητῶν
2515 2761 2682 2817 αὑτοῦ
2720 2765 2800 2826 είς
2835 2762 2904 2815 τὰ
2933 2763 3131 2826 ὀπίσω,
3182 2764 3277 2817 καὶ
3313 2763 3416 2816 οὑκ
3438 2763 3523 2816 ἔτι
3557 2763 3682 2834 μετ’
3717 2764 3816 2818 a6-

2212 2853 2308 2906 τοῦ
2365 2854 2762 2924 περιεπάτουν.
2799 2849 2934 2906 Eli-ts
2984 2852 3042 2905 δὲ
3095 2855 3124 2907 6
3171 2851 3384 2924 Ἰησοῦς
3427 2855 3544 2918 τοῖς
3571 2852 3816 2908 δώδεκα·

2215 2944 2308 3015 Μὴ
2349 2946 2444 2998 καὶ
2475 2946 2632 3015 ὑμεῖς
2663 2945 2844 2998 θέλετε
2883 2945 3157 3013 ὑπάγεινς
3199 2964 3216 2996 i
3250 2945 3523 3010 Πολλάκις
3555 2946 3814 3018 εἴπομεν,

2215 3038 2300 3091 ὅτι
2337 3039 2467 3091 ὅταν
2505 3038 2773 3111 ἀκούσῃς,
2824 3039 2899 3102 ὡς
2929 3040 2956 3091 6
2991 3038 3186 3110 Πατὴρ
3218 3035 3404 3092 δίδωσι
3455 3038 3558 3110 τὴν
3600 3042 3683 3106 εἰς
3730 3041 3820 3095 τὸν

2219 3131 2350 3182 Υἱδν
2389 3130 2596 3193 πίστιν,
2633 3131 2708 3201 μὴ
2743 3131 2997 3202 νομίσῃς,
3048 3134 3129 3185 ὅτι
3160 3131 3356 3194 ἄλλους
3403 3133 3502 3202 μὲν
3533 3133 3820 3204 εὐεργετεῖ

2215 3224 2243 3276 6
2274 3224 2469 3294 Πατὴρ
2497 3224 2641 3278 κατὰ
2673 3223 3085 3296 ἀποκλήρωσιν,
3105 3224 3300 3289 ἄλλους
3323 3225 3381 3278 δὲ
3402 3223 3497 3286 ob:
3521 3227 3686 3280 τοῦτο
3709 3227 3818 3299 γὰρ

2217 3313 2531 3378 ἀδικοῦντάς
2571 3317 2742 3379 ἐστιν,
2800 3316 2917 3368 ἀλλ’
2970 3317 3216 3380 ἐκείνους
3271 3317 3591 3389 εὐεργετεῖν
3626 3319 3818 3392 νόμιζε

2218 3401 2310 3460 τδν
2343 3408 2586 3478 Πατέρα,
2624 3408 2720 3463 καὶ
2764 3409 3000 3473 ἐκείνοις
3035 3410 3240 3463 διδόναι
3296 3413 3397 3480 τὴν
3436 3411 3538 3482 τῆς
3567 3413 3812 3477 πίστεως

512 3504 792 3561 voluntate
817 3521 925 3560 non
963 3504 1281 3573 adjuvatur,
1307 3505 1523 3561 etiamsi
1553 3521 1581 3559 a
1633 3505 1744 3560 Deo
1787 3505 2107 3569 assumitur,

2218 3500 2447 3570 δωρεὰν,
2484 3503 2630 3564 ὅσοις
2670 3504 2701 3571 ἡ
2768 3505 3097 3573 προαίρεσις
3160 3507 3436 3573 συνεργεῖ.
3492 3506 3553 3559 '0
3600 3507 3712 3578 γὰρ
3742 3507 3819 3579 μὴ

515 3612 621 3651 non
691 3596 922 3665 percipit
957 3596 1253 3650 utilitatem
1304 3613 1319 3649 :
1362 3604 1421 3650 ut
1464 3597 1700 3667 exempli
1756 3597 1932 3666 gratia
1981 3595 2109 3663 quid

513 3692 688 3746 dicam
717 3705 731 3742 :
763 3687 1029 3743 Omnibus
1055 3689 1148 3743 dat
1180 3686 1348 3755 Deus,
1411 3689 1506 3742 sed
1545 3690 1646 3743 hoc
1669 3687 1890 3759 quidam
1921 3699 1976 3742 et
2014 3703 2108 3741 su-

513 3790 669 3836 munt
704 3781 863 3844 bene,
922 3789 976 3836 et
1003 3788 1232 3834 utuntur
1264 3793 1331 3835 eo
1393 3781 1535 3848 quod
1576 3779 1759 3844 datur,
1813 3790 1868 3833 et
1924 3789 2110 3833 custo-

513 3873 728 3929 dientes
759 3873 914 3937 illud,
943 3873 1243 3928 ostendunt
1276 3871 1371 3927 Dei
1401 3872 1628 3927 donum.
1660 3873 1894 3939 Quidam
1927 3887 2108 3929 autem

516 3967 828 4036 recipiunt:
862 3969 958 4021 sed
999 3981 1062 4021 ea
1088 3957 1210 4036 qui
1253 3966 1471 4030 dantur,
1525 3966 1868 4036 disperdunt,
1925 3969 1996 4022 ita
2053 3979 2111 4024 ut

516 4057 648 4112 nihil
687 4057 966 4124 accepisse
1026 4058 1334 4112 videantur.
1377 4057 1612 4124 Quando
1667 4061 1832 4129 igitur
1880 4075 2114 4130 evange-

515 4151 636 4204 lista
675 4150 828 4215 dicit,
863 4147 976 4204 Nisi
1035 4150 1200 4204 fuerit
1256 4150 1420 4205 alicui
1461 4151 1646 4206 datum
1707 4167 1736 4204 a
1783 4151 1965 4216 Patre,
2005 4170 2109 4207 non

515 4244 716 4312 poterit
747 4243 936 4298 venire
967 4243 1035 4298 ad
1092 4241 1331 4309 Filium,
1377 4243 1479 4298 hoc
1525 4245 1678 4311 dicit,
1715 4245 1809 4300 llle
1862 4247 2009 4299 venit
2044 4247 2110 4301 ad

513 4334 736 4397 Filium.
769 4338 856 4390 cui
886 4335 1119 4390 daturus
1155 4345 1241 4390 est
1261 4334 1448 4403 Pater,
1480 4338 1584 4393 hoc
1610 4347 1760 4404 est,a
1793 4355 1900 4409 quo
1928 4350 2113 4395 custo~

520 4428 696 4482 ditum
745 4426 914 4481 fuerit
952 4426 1150 4482 donum
1191 4441 1223 4480 a
1269 4428 1378 4484 Deo
1410 4431 1555 4500 quod
1613 4431 1690 4485 illi
1755 4433 1942 4486 datum
2002 4443 2108 4488 est.

525 4537 544 4570 ε
566 4518 836 4573 Abicruut
861 4518 1025 4589 igitur
1044 4519 1197 4574 multi
1227 4520 1474 4590 discipuli
1493 4532 1816 4588 retrorsum,
1844 4543 1862 4576 ι
1888 4524 1993 4580 hoc
2006 4536 2112 4592 est,

521 4609 837 4664 diviserunt
860 4621 918 4664 se
945 4623 974 4662 a
1003 4608 1286 4679 Magistro,
1316 4621 1372 4666 et
1393 4615 1667 4684 progressi
1695 4625 1822 4670 sunt
1852 4631 1959 4670 non
1993 4630 2116 4684 pro-

522 4701 792 4766 ﬁcientes,
824 4703 920 4758 sed
954 4713 1278 4770 retrorsum,
1303 4705 1408 4761 hoc
1431 4717 1534 4772 est,
1563 4706 1616 4761 in
1647 4706 2108 4763 incredulitatem.

522 4791 659 4847 Nam
693 4809 880 4849 revera
911 4795 1006 4865 qui
1035 4797 1278 4866 seipsum
1314 4813 1344 4852 a
1391 4797 1609 4853 Christo
1655 4799 1866 4866 dividit,
1905 4810 2112 4854 retror-

2217 3592 2322 3645 ὑπὸ
2351 3593 2448 3662 τῆς
2479 3598 2857 3664 προαιρέσεως
2899 3597 3364 3667 συνεργούμενος,
3403 3598 3527 3652 οὑδὲ
3585 3600 3692 3654 ὑπὸ
3723 3601 3818 3654 τοῦ

2215 3685 2353 3737 Θεοῦ
2386 3687 2956 3758 προσλαμῧανὸμενος
3008 3689 3330 3758 ὠφελεῖται.
3382 3686 3510 3744 Οἷόν
3541 3708 3596 3745 τι
3642 3693 3816 3762 λέγειν

2216 3781 2362 3834 nam
2395 3782 2615 3835 δίδωσιν
2671 3787 2696 3836 ὀ
2734 3783 2888 3847 Θεὸς,
2916 3785 3033 3837 ἀλλ’
3091 3788 3144 3840 ol
3186 3788 3285 3858 μὲν
3321 3789 3414 3842 καὶ
3454 3789 3820 3860 λαμϐάνουσι,

2216 3875 2310 3926 καὶ
2351 3876 2593 3944 χρῶνται
2626 3876 2809 3939 καλῶς
2845 3876 2924 3947 τῷ
2959 3877 3258 3950 δεδομένῳ,
3293 3883 3391 3935 καὶ
3445 3883 3819 3952 φυλάττοντες

2215 3969 2368 4032 αὑτὸ,
2393 3968 2705 4021 δεικνύουσι
2734 3971 2834 4040 τὴν
2858 3971 2950 4024 τοῦ
2974 3971 3112 4025 Θεοῦ
3153 3974 3388 4044 δωρεάν.
3429 3979 3493 4029 Ui
3516 3977 3580 4030 δὲ
3610 3977 3826 4048 λαμϐά-

2217 4076 2376 4112 νουσι
2409 4058 2534 4130 μὲν,
2592 4061 2930 4126 ἀπολλύντες
2971 4062 3026 4116 δὲ
3077 4068 3144 4116 τὰ
3203 4065 3494 4134 δεδομένα,
3537 4069 3823 4137 φαίνονται

2223 4154 2392 4222 μηδὲν
2430 4154 2711 4217 λαϐόντες.
2745 4155 2919 4207 Ὅταν
2953 4153 3049 4208 οὖν
3070 4157 3206 4228 λέγῃ
3229 4159 3256 4210 6
3280 4159 3710 4230 εὑαγγελιστὴς,
3743 4161 3824 4214 ὅτι

2230 4245 2358 4298 Ἐὰν
2399 4247 2472 4315 μὴ
2575 4246 2866 4317 δ;δομένον
2905 4247 3014 4301 τινὶ
3052 4252 3114 4302 ὲκ
3146 4249 3238 4302 τοῦ
3280 4251 3537 4322 Πατρδς,
3577 4253 3639 4305 οὑ
3664 4253 3822 4308 δῦνα-

2215 4357 2306 4391 ται
2339 4339 2513 4392 ἐλθεῖν
2551 4341 2684 4410 πρὸς
2714 4341 2803 4393 τὸν
2841 4341 2986 4409 ι’ίδν,
3022 4343 3185 4396 τοῦτο
3215 4344 3389 4412 λέγει,
3424 4345 3532 4410 ὅτι,
3583 4346 3821 4412 Ἐκεῖνος

2218 4431 2440 4501 ἔρχεται
2488 4432 2626 4501 πρὸς
2663 4433 2756 4486 τὸν
2793 4433 2942 4500 Υίὸν,
2977 4428 3133 4504 ᾧτινι
3191 4436 3355 4490 δώσει
3390 4439 3418 4490 6
3453 4439 3671 4510 Πατὴρ,
3704 4441 3820 4511 ἦτοι

2219 4520 2441 4595 παρ’οὑ
2493 4525 2794 4599 φυλαχθείη
2854 4530 2886 4598 ἡ
2950 4531 3225 4602 γενομένη
3281 4530 3436 4602 αὑτῷ
3473 4533 3633 4604 παρὰ
3680 4530 3817 4588 Θεοῦ

2221 4615 2421 4689 δωρεὰ.
2464 4637 2482 4668 ι
2546 4619 2822 4688 ’Λπῆλθον
2859 4611 2963 4675 οὖν’
2999 4623 3114 4694 (24)
3169 4623 3358 4678 πολλοὶ
3393 4624 3508 4678 τῶν
3560 4625 3822 4698 μαθητῶν

2220 4712 2300 4773 εἰς
2349 4711 2418 4764 τὰ
2447 4711 2658 4765 ὀπίσω·
2707 4732 2726 4764 s
2765 4716 3073 4780 τουτέστιν,
3131 4718 3539 4787 ἀποσχίσαντε,
3592 4718 3818 4782 ἑαυτοὺς

2220 4803 2315 4856 τοῦ
2347 4803 2710 4869 Διδασκάλου,
2749 4808 2850 4861 οὑκ
2889 4811 2969 4871 είς
3022 4810 3312 4882 προκοπὴν
3346 4812 3649 4882 προῆλθον,
3705 4811 3820 4868 ἀλλ’

522 4899 644 4939 sum
683 4886 834 4940 vadit
864 4903 878 4940 :
912 4886 1006 4953 qui
1030 4897 1214 4942 autem
1255 4891 1553 4944 secundum
1611 4889 1837 4947 Paulum
1872 4893 2111 4948 adlimret

2222 4897 2301 4960 είς
2336 4897 2402 4950 τὰ
2461 4897 2663 4963 ὀπίσω,
2721 4901 3029 4967 τουτέστιν,
3089 4905 3171 4966 είς
3231 4903 3520 4958 ἀπιστίαν·
3574 4905 3656 4976 τῷ
3706 4906 3818 4959 δντι

525 4976 780 5044 Domino,
824 4991 1042 5049 semper
1067 4993 1129 5036 se
1177 4980 1426 5035 extendit
1479 4980 1548 5036 ad
1594 4984 1952 5040 anteriora".
2000 4986 2111 5055 Ipse

2222 4989 2354 5062 γὰρ,
2388 4991 2415 5042 6
2443 4992 2641 5044 ἑαυτὸν
2661 4992 2980 5064 ἀποσχίζων
3011 4994 3107 5050 τοῦ
3139 4996 3407 5066 Χριστοῦ,
3434 4999 3516 5062 είς
3545 4999 3615 5052 τὰ
3645 4999 3820 5052 ὀπίσω

524 5080 704 5127 autem
756 5073 1057 5130 ostendens
1117 5074 1264 5144 quod
1305 5073 1512 5130 nullius
1565 5073 1649 5129 vel
1686 5075 1972 5132 ministerii
2033 5081 2111 5135 vi]

2218 5079 2441 5134 ἄπεισιν
2469 5097 2481 5109 ·
2513 5083 2542 5134 6
2578 5081 2634 5134 δὲ
2660 5083 2807 5136 κατὰ
2844 5083 3063 5140 Παῦλον
3119 5087 3465 5159 κολλώμενος
3499 5088 3579 5158 τῷ
3605 5090 3815 5162 Κυρίῳ,

525 5180 669 5219 cura:
717 5166 859 5234 quod
903 5166 1006 5221 sibi
1068 5167 1461 5238 impendebant
1514 5168 1776 5238 indigeat,
1823 5172 1957 5226 dicit
1994 5175 2111 5228 eis:

2218 5171 2305 5225 ἀεὶ
2330 5174 2442 5236 τοῖς
2483 5172 2803 5246 ἔμπροσθεν
2858 5177 3266 5235 ἐπεκτείνεται.
3298 5181 3473 5245 Αὑτδς
3505 5182 3564 5236 δὲ
3601 5185 3819 5246 δεικνὺς

531 5272 550 5305 ε
598 5253 733 5309 Num
792 5257 957 5311 etiam
1006 5271 1099 5312 vos
1158 5258 1324 5313 vultis
1371 5258 1562 5315 abire?
1622 5279 1641 5312 ι
1696 5259 1879 5328 Quare
1935 5274 2111 5320 autem

2221 5267 2304 5320 ὅτι
2330 5268 2392 5320 οὑ
2423 5267 2610 5324 δέεταί
2665 5287 2837 5337 τινος,
2877 5273 3000 5328 οὑδὲ
3064 5278 3165 5344 τῆς
3193 5278 3325 5346 παρ’
3385 5276 3578 5331 αὑτῶν
3614 5278 3819 5333 τούτων

527 5359 634 5400 non
688 5346 862 5416 magis
922 5346 1162 5401 laudavit
1229 5347 1540 5415 duodecim,
1595 5353 1745 5422 quod
1815 5369 1920 5410 non
1998 5371 2111 5412 cum

2221 5362 2571 5435 διακονίαςῆ
2619 5364 2947 5437 θεραπείας,
2985 5370 3138 5442 λέγει
3188 5373 3327 5443 πρὸς
3385 5373 3609 5438 αὐτούς’
3668 5393 3687 5428 ε
3733 5374 3820 5442 Μὴ

525 5435 646 5493 aliis
699 5436 890 5494 abacti
931 5437 1195 5495 luerunt?
1245 5439 1447 5496 Partim
1485 5445 1610 5514 quia
1666 5444 2111 5522 scrvabatdigni-

2224 5457 2319 5510 καὶ
2345 5457 2504 5529 ὑμεῖς
2535 5435 2722 5514 θέλετε
2779 5462 3018 5532 ὑπάγειν
3039 5435 3074 5533 ;⁷
3101 5484 3118 5516 ι
3174 5435 3272 5519 Δια
3302 5435 3428 5521 τίδὲ
3481 5435 3691 5538 μᾶλλον
3726 5435 3821 5522 οὑκ

607 5601 652 5632 ⁸³
692 5602 826 5658 Dan.
877 5617 996 5666 xm,
1026 5602 1118 5656 42.
1199 5602 1243 5633 ’⁸
1275 5604 1506 5678 Philipp.
1542 5626 1622 5678 ιιι,
1661 5612 1747 5668 13.

1504 5758 1590 5819 Ex
1626 5756 1978 5820 collatione
2017 5758 2209 5821 codd.
2260 5762 2490 5824 Venet.
2532 5766 2594 5824 S.
2629 5767 2848 5830 Marci.

597 5875 710 5954 (Ἡ)
736 5877 872 5954 Cod.
909 5879 1003 5954 50,
1032 5882 1064 5948 ἠ
1113 5883 1415 5954 γενομένηῌ
1439 5881 1623 5954 αὑτῷ,
1652 5883 1804 5954 παρὰ
1836 5885 1972 5938 Θεοῦ
2017 5888 2124 5940 6m-

527 5950 647 6025 ρεᾷι,
677 5949 769 6025 καὶ
795 5951 853 6014 ὃς
885 5951 1101 6025 ποιήσει
1126 5951 1320 6025 ἑαυτὸν
1356 5949 1509 6018 ἄξιον
1541 5949 1635 6005 τοῦ
1668 5949 1874 6010 λαϐεῖν.
1913 5957 2119 6025 ’Δπῆλ-

525 6023 618 6074 υον
653 6016 766 6084 οὖν,
817 6038 869 6075 κ.
898 6038 948 6077 τ.
976 6016 1023 6076 λζ
1079 6042 1092 6072 ι
1138 6022 1344 6076 Donum
1376 6016 1417 6078 si
1441 6026 1549 6080 Uco
1571 6064 1584 6089 ,
1619 6026 1761 6093 quod
1804 6027 1874 6080 illi
1934 6016 2117 6106 datum

2234 5891 2549 5972 est,et0qui
2581 5905 2640 5945 se
2676 5891 2895 5972 tlignttttt
2933 5895 3231 5968 accipiendi
3283 5899 3627 5968 prmstiterit.
3672 5906 3829 5963 Abie-

2237 5971 2360 6014 runt
2390 5964 2553 6031 igitur
2586 5964 2762 6028 multi,
2804 5983 2821 6015 ι
2870 5978 2975 6021 etc.
