4052 6552
272 482 411 554 1317

271 696 498 759 ἄλλοις
540 687 718 762 Ὁμοῦ
753 687 858 760 μὲν
889 684 1080 757 τηρῶν
1113 683 1176 737 τὸ
1224 683 1309 756 τῷ
1341 683 1658 753 διδασκάλῳ
1687 681 1905 762 πρέπον

278 774 525 856 ἀξίωμα,
562 760 704 852 ὁμοῦ
735 779 794 833 δὲ
831 775 1108 832 δεικνύων
1135 775 1232 829 κα⁶ι
1259 776 1421 846 ἡμῖν,
1461 777 1544 828 ὅτι
1569 771 1660 826 διὰ
1700 760 1902 826 τούτου

277 877 489 954 μᾶλλον
521 869 860 946 ἐφέλκεσθαι
899 869 996 924 τοῦ
1042 868 1259 940 τρόπον
1285 869 1520 922 ἔνεστιν.
1555 867 1621 921 El
1657 865 1760 938 μὲν
1794 864 1905 936 γάρ

273 972 537 1044 ἐπῄνεσε,
576 967 682 1022 κᾶν
715 964 926 1020 ῑπαθόν
959 981 1015 1018 τι
1058 961 1436 1036 ἀνθρώπινον,
1470 961 1569 1016 καὶ
1604 960 1905 1031 ἠλαζονεύ-

277 1078 464 1128 σαντο,
509 1059 842 1133 χαρίζεσθαι
902 1056 1056 1129 αὐτῷ
1115 1055 1362 1127 οἰόμενοι
1416 1053 1508 1108 διὰ
1543 1055 1646 1125 τῆς
1675 1053 1906 1107 ἀκολου-

280 1156 521 1227 θήσεως.
553 1153 629 1207 Τὸ
659 1153 719 1207 δὲ
749 1147 1050 1216 δεικνύναι,
1089 1147 1170 1214 ώς
1221 1149 1284 1202 οὐ
1315 1149 1491 1202 δεῖται
1516 1147 1618 1218 τῆς
1667 1145 1905 1202 ἀκολου-

277 1248 500 1320 θήσεως
537 1244 750 1309 αὐτῶν,
811 1242 1020 1314 μᾶλλον
1074 1239 1282 1305 αὐτοὺς
1341 1239 1582 1310 ἠδύνατο
1617 1237 1900 1310 κατέχειν,

275 1342 356 1408 ὡς
394 1337 901 1413 εὐεργετουμένους
934 1334 1168 1409 μᾶλλον,
1202 1334 1237 1405 ἢ
1281 1332 1749 1405 εὐεργετοῦντας,
1792 1333 1905 1398 ,καὶ

277 1435 676 1508 λαμϐάνοντας
705 1426 922 1503 χάριν,
995 1428 1030 1500 ἢ
1084 1427 1359 1493 διδόντας.
1397 1427 1604 1482 Σκόπει
1647 1425 1733 1492 δὲ,
1782 1425 1902 1490 πῶς

267 1529 525 1594 ’συνετῶς
581 1522 767 1582 εἶπεν.
831 1525 950 1579 Ούκ
983 1518 1108 1578 εἶπε
1155 1522 1290 1596 γάρ,
1362 1521 1701 1576 ’Δπὲλθετε’
1740 1519 1904 1573 τοῦτο

277 1625 395 1696 γὰρ
463 1617 872 1690 ἀπωθουμένου
895 1612 1002 1690 ἦν·
1067 1615 1186 1672 ἀλλ’
1221 1616 1426 1696 ιρωτᾷο
1491 1633 1509 1668 ι
1578 1613 1672 1685 Μὴ
1708 1612 1900 1667 θέλετε

274 1718 554 1787 ὑπάγεινς
621 1734 641 1768 ›
699 1715 842 1786 ὅπερ
900 1706 971 1784 ἦν
1012 1709 1215 1774 αὐτοὺς
1267 1693 1464 1764 ποιοῦν
1505 1708 1736 1780 κυρίους
1804 1707 1901 1761 τοῦ

275 1808 607 1866 ἀκολουθεῖν
664 1806 760 1860 καὶ
819 1805 920 1875 μή·
988 1801 1329 1870 δεικνύντος,
1367 1802 1454 1858 ὅτι
1518 1802 1580 1856 ού
1637 1800 1899 1873 βούλεται

276 1903 485 1966 αὐτοὺς
519 1901 667 1956 αἰδοῖ
700 1900 770 1971 τῇ
803 1897 945 1968 πρὸς
981 1897 1148 1952 αὑτὸν
1171 1893 1496 1950 ἀκολουθεῖν
1527 1893 1705 1966 αύτῷ,
1757 1894 1902 1949 ἀλλὰ

285 1995 430 2068 μετὰ
465 1993 563 2048 τοῦ
588 1994 753 2066 χάριν
784 1992 992 2047 ειδέναι
1023 1989 1170 2060 ὑπὲρ
1197 1987 1293 2043 τοῦ
1335 1987 1680 2044 ἀκολουθεῖν.

361 2103 381 2135 ι
432 2082 736 2153 Ἀπεκρίθη
787 2078 940 2152 αὐτῷ
985 2080 1172 2150 Σίμων
1207 2078 1448 2149 Πέτροςο
1507 2077 1709 2149 Κύριε,
1755 2077 1899 2150 πρὸς

273 2179 401 2232 τίνα
449 2174 909 2244 ἀπελευσόμεθας
964 2175 1220 2245 Ῥήματα
1267 2170 1413 2244 ζωῆς
1452 2171 1681 2226 αίωνίου
1716 2171 1900 2244 ἔχεις·

273 2269 377 2324 καὶ
402 2270 567 2341 ἡμεῖς
603 2266 1084 2338 πεπιστεύκαμεν,
1113 2267 1208 2322 καὶ
1241 2264 1598 2339 ἐγνώκαμεν,
1638 2266 1724 2321 δτι
1755 2265 1821 2320 σὺ
1853 2261 1907 2321 si

273 2365 307 2417 ὁ
333 2362 572 2433 Χριστὸς
596 2365 625 2416 ὁ
648 2361 780 2427 Υἱὸς
809 2361 904 2415 τοῦ
929 2361 1065 2416 θεοῦ
1088 2360 1184 2415 τοῦ
1209 2360 1439 2427 ζῶντος.
1470 2360 1780 2433 Ἀπεκρίθη
1805 2359 1902 2415 αὐε-

273 2457 393 2520 τοῖς
407 2457 436 2510 ὁ
449 2454 684 2526 Ἰησοῦςο
724 2455 842 2509 Οὐκ
857 2453 970 2523 ἐγὼ
989 2456 1134 2524 ὑμᾶς
1149 2452 1274 2518 τοὺς
1291 2454 1505 2511 δώδεκα
1518 2455 1863 2527 ἐξελεξάμην
1884 2471 1900 2523 ;

275 2549 391 2605 Καὶ
419 2549 480 2616 ἑξ
510 2549 667 2622 ὑμῶν
691 2542 772 2613 εἷς
803 2547 1054 2615 διάϐολός
1083 2550 1271 2615 ὲστιν;
1308 2547 1509 2619 Ἔλεγε
1545 2549 1604 2604 δὲ
1632 2551 1727 2604 τὸν
1763 2549 1901 2604 Ἰού-

273 2643 377 2696 δαν
405 2640 653 2710 Σίμωνος
695 2639 1090 2710 Ἱσκαρίωτην’
1118 2631 1275 2701 οὗτος
1317 2639 1428 2711 γὰρ
1470 2637 1703 2710 ἔμελλεν
1737 2638 1904 2692 αὑτὸν

277 2734 661 2806 παραδιδόναι,
703 2727 784 2796 εἷς
829 2731 906 2785 ὢν
937 2733 1003 2786 ὲκ
1036 2731 1146 2785 τῶν
1197 2730 1434 2786 δώδεκα.
1477 2751 1494 2784 ι
1535 2732 1904 2802 Φιλόστοργος

273 2829 357 2882 ὢν
381 2830 410 2881 ὁ
445 2828 651 2898 Πέτρος
680 2827 778 2881 καὶ
805 2826 1158 2896 φιλάδελφος,
1197 2825 1342 2897 ὑπὲρ
1367 2828 1572 2890 παντὸς
1606 2827 1903 2896 ἀπολογεῖ-

276 2939 370 2976 ται
403 2921 498 2976 τοῦ
538 2922 731 2994 χοροῦ.
764 2923 842 2976 Οὐ
873 2924 983 2991 γὰρ
1006 2916 1156 2986 εἷπε,
1191 2921 1394 2990 Κύριε,
1437 2920 1576 2992 πρὸς
1611 2921 1734 2974 τίνα
1761 2921 1906 2974 ἀπε-

277 3017 586 3086 λεύσομαι;
623 3018 738 3073 Καὶ
777 3018 859 3071 ὅτι
906 3018 1168 3086 Ἔγνωκα
1200 3023 1296 3074 καὶ
1325 3018 1703 3086 πεπίστευκα,
1739 3019 1902 3086 ἀλλὰ,

286 3129 307 3162 ι
349 3109 490 3180 Πρὸς
511 3110 636 3164 τίνα
668 3109 1128 3182 ἀπελευσόμεθα;
1167 3131 1184 3164 ι
1226 3112 1322 3166 καὶ
1366 3112 1436 3166 τὰ
1467 3112 1618 3184 ἑξῆς.
1655 3113 1813 3184 Ζωῆς
1846 3113 1904 3166 δὲ

277 3202 506 3255 αἰωνίου
561 3204 786 3274 ῥήματα
840 3202 988 3274 ἔχειν
1038 3203 1136 3257 τὸν
1189 3203 1401 3275 Κύριόν
1461 3222 1656 3277 φησιν,
1712 3206 1904 3277 ἐπειδὴ

998 477 1457 542 ENARRATIO
1500 475 1583 540 ΙΝ
1621 471 2137 538 EVANGELIUM
2179 474 2536 539 JOANNIS.
2575 501 2645 512 --
2674 474 2838 537 CAP.
2877 473 2979 536 Vi.

271 598 514 674 ιπῄνεσε
571 594 700 660 τοὺς
760 592 993 655 δώδεκα,
1026 590 1104 654 ὡς
1158 588 1234 660 μὴ
1275 585 1741 659 συναπαχθέντας
1778 587 1894 647 τοῖς

2015 594 2170 641 Latent
2229 586 2448 643 doctori
2498 585 2928 643 convenientem
2973 600 2986 637 :

1928 1945 1981 2006 Β

3495 464 3638 534 1318

3049 575 3255 652 partim
3325 581 3458 652 quia
3528 585 3641 643 hoc

2013 683 2179 736 modo
2227 681 2405 752 magis
2435 680 2642 736 attrahi
2681 687 2956 753 poterant.
2999 673 3135 733 Nam
3166 675 3213 733 si
3265 673 3489 746 quidem
3523 676 3645 733 lau-

2014 780 2223 846 dasset,
2283 778 2430 836 forte
2488 779 2794 834 humanum
2851 775 3115 847 quiddam
3172 771 3321 844 passi
3380 770 3641 839 fuissent,

2013 872 2255 944 factique
2286 872 2704 944 arrogantiorcs
2740 870 3154 925 cxistimassent
3198 880 3259 923 se
3313 864 3388 921 illi
3425 864 3644 940 gratifi-

2011 965 2128 1020 cari
2166 975 2394 1036 propter
2451 962 2897 1021 comitationem.
2949 961 3056 1016 Per
3103 960 3208 1016 hoc
3239 951 3449 1026 autem,
3495 957 3645 1030 quod

2012 1057 2418 1115 demonstravit
2488 1057 2572 1112 eis
2649 1070 2712 1112 se
2757 1054 2962 1111 nullius
3043 1052 3295 1124 indigere
3350 1053 3641 1119 comitatu,
3691 1089 3707 1106 ι

2011 1152 2190 1223 magis
2234 1151 2416 1222 potuit
2467 1165 2566 1208 eos
2611 1150 2924 1215 continere,
3000 1162 3067 1204 eo
3099 1150 3248 1218 quod
3309 1145 3640 1202 beneficium

2010 1246 2197 1318 potius
2223 1246 2503 1316 accipiant
2526 1259 2692 1316 quam
2724 1252 3028 1316 praestent:
3065 1250 3124 1298 et
3153 1240 3430 1312 accipiant
3456 1239 3637 1310 magis

2011 1357 2178 1412 quam
2211 1342 2370 1398 dent.
2416 1341 2481 1396 Et
2514 1341 2810 1398 considera
2853 1353 3020 1410 quam
3055 1337 3363 1410 prudenter
3382 1337 3590 1392 dixerit
3623 1352 3640 1392 :

2013 1452 2124 1495 non
2156 1438 2302 1493 enim
2335 1437 2494 1504 dixit,
2521 1436 2706 1501 Abite,
2741 1437 2846 1492 hoc
2875 1436 3024 1490 enim
3059 1433 3377 1502 repellentis
3403 1430 3641 1489 fuisset:

2011 1530 2107 1586 sed
2143 1530 2532 1602 interrogavit,
2589 1545 2610 1582 ι
2648 1527 2792 1585 Νυιιι
2827 1527 2994 1583 vultis
3047 1525 3247 1582 abire?
3281 1543 3301 1578 ι
3339 1523 3464 1593 Quo
3506 1540 3638 1582 ver-

2022 1624 2091 1680 bo
2157 1624 2242 1679 eis
2277 1623 2518 1681 liberum
2580 1623 2842 1689 faciebat,
2895 1631 3286 1692 sequerentur,
3342 1631 3556 1685 necne:
3589 1628 3647 1675 et

2013 1717 2442 1774 demonstrabat
2471 1719 2620 1789 quod
2669 1717 2843 1775 nollet
2873 1732 2971 1774 eos
3025 1715 3338 1791 reverentia
3389 1728 3520 1787 erga
3555 1726 3641 1779 se,

2014 1811 2270 1866 comitari
2305 1827 2367 1867 se
2406 1829 2422 1867 :
2466 1812 2561 1868 sed
2597 1821 2657 1867 ut
2709 1812 2922 1868 scirent
2957 1809 3288 1866 beneficium
3334 1823 3463 1866 esse
3488 1807 3639 1878 quod

2013 1912 2340 1976 sequantur.

2087 2081 2258 2140 Vsus.
2287 2081 2484 2139 69-72.
2516 2100 2534 2134 ι
2572 2080 2882 2152 Respondit
2904 2096 3038 2154 ergo
3066 2082 3118 2138 ei
3160 2079 3353 2139 Simon
3389 2079 3632 2138 Petrus:

2013 2175 2183 2249 599
2210 2175 2461 2241 Domine,
2486 2177 2551 2230 ad
2586 2191 2750 2247 quem
2780 2175 3017 2232 ibimus?
3049 2173 3231 2231 Verba
3261 2175 3388 2230 vita
3411 2184 3636 2231 aeternae

2013 2269 2204 2337 babes,
2230 2277 2288 2326 et
2333 2283 2434 2325 nos
2480 2269 2758 2324 credimus
2792 2279 2847 2324 et
2893 2267 3258 2341 cognovimus
3297 2266 3444 2339 quod
3492 2275 3548 2323 tu
3580 2281 3644 2325 es

2015 2363 2268 2420 Christus
2291 2360 2461 2417 Filius
2491 2361 2585 2417 Dei
2610 2361 2739 2417 vivi.
2761 2360 3171 2433 liesponditeis
3200 2360 3362 2418 Jesus
3398 2379 3412 2416 :
3441 2359 3643 2418 Nonne

2015 2470 2118 2528 ego
2144 2471 2241 2512 vos
2272 2456 2563 2512 duodecim
2591 2455 2774 2524 elegi?
2811 2465 2867 2512 et
2891 2470 2960 2512 ex
3008 2455 3165 2512 vobis
3206 2470 3352 2511 unus
3392 2454 3648 2512 diabolus

2014 2551 2132 2606 est?
2159 2549 2388 2606 Dicebat
2413 2559 2597 2604 autem
2629 2551 2696 2604 de
2732 2548 2873 2604 Juda
2912 2547 3161 2606 Simonis
3201 2549 3504 2604 lscariotae.
3544 2545 3646 2603 llic

2014 2645 2160 2701 enim
2198 2644 2519 2716 proditurus
2547 2652 2668 2700 erat
2698 2660 2851 2713 eum,
2893 2659 3020 2700 cum
3051 2653 3201 2699 esset
3232 2659 3375 2699 unus
3404 2657 3472 2701 ex
3502 2642 3650 2702 duo-

2015 2735 2214 2792 decim.
2271 2755 2289 2788 ι
2357 2736 2554 2790 Petrus
2589 2751 2714 2790 cum
2764 2743 2915 2792 esset
2968 2744 3186 2789 amator
3236 2733 3493 2799 fratrum,
3546 2746 3650 2802 pro

2017 2842 2132 2887 toto
2163 2831 2334 2887 choro
2365 2833 2686 2901 respondet.
2724 2830 2844 2886 Non
2896 2831 3041 2884 enim
3071 2830 3233 2896 dixit,
3279 2827 3536 2896 Domine,
3581 2828 3652 2883 ad

2015 2941 2177 2996 quem
2208 2925 2336 2980 ibo?
2373 2934 2451 2991 et,
2486 2924 2732 2996 Cognovi
2775 2933 2830 2978 ct
2860 2924 3095 2989 credidi,
3133 2923 3252 2986 sed,
3303 2940 3322 2974 ι
3372 2920 3452 2976 Ad
3485 2937 3649 2992 quem

2018 3017 2257 3074 ibimus?
2287 3037 2306 3071 ι
2345 3027 2456 3073 etc.
2493 3017 2633 3072 Vita:
2664 3027 2846 3072 autem
2885 3026 3107 3072 aeterna:
3135 3017 3302 3070 verba
3352 3013 3647 3070 Dominum

2018 3114 2222 3170 habere
2253 3113 2408 3180 dicit,
2444 3111 2572 3180 quia
2603 3111 2892 3165 audiverat
2925 3117 3053 3165 eum
3096 3109 3398 3172 dicentem,
3445 3124 3463 3159 ι
3502 3105 3647 3163 Eum

2018 3207 2109 3278 qui
2133 3206 2305 3261 credit
2333 3207 2388 3260 in
2426 3219 2534 3268 me,
2557 3203 2926 3268 resuscitabo,
2949 3210 3004 3256 et
3034 3200 3259 3256 habebit
3283 3199 3447 3254 vitam
3480 3211 3649 3255 teter-

277 3295 518 3367 ἢκουσεν
560 3295 730 3349 αὐτοῦ
774 3293 1053 3366 λέγοντος,
1087 3298 1171 3350 ὅτι
1226 3315 1245 3346 ι
1294 3297 1402 3350 Τὸν
1437 3298 1773 3352 πιστεύοντα
1824 3300 1904 3362 εἰς

2017 3316 2168 3355 nam.
2203 3318 2219 3350 ι
2266 3297 2390 3353 Jam
2420 3298 2570 3353 enim
2605 3296 2680 3352 illi
2721 3294 3190 3351 resurrectionem
3222 3301 3571 3362 receperant,
3595 3299 3652 3346 et

278 3390 384 3462 ἐμὲ
413 3391 732 3460 ἀναστήσω,
767 3392 863 3443 καὶ
903 3390 1018 3455 ἓξει
1051 3391 1200 3459 ζωὴν
1250 3390 1494 3446 αἰώνιον.
1539 3411 1559 3444 ι
1605 3391 1745 3460 Ἤδη
1796 3390 1907 3464 γὰρ

278 3481 382 3554 τὴν
410 3481 713 3534 ἀνάστασιν
742 3474 891 3535 οὗτοι
922 3478 1319 3552 παρεδέξαντο,
1356 3484 1455 3536 καὶ
1481 3485 1667 3536 πᾶσαν
1699 3483 1800 3554 τὴν
1827 3484 1908 3536 δι-

279 3575 610 3629 δασκαλίαν.
642 3577 808 3629 Ὥστε
831 3575 893 3629 οὐ
920 3577 1148 3646 ῥήματα
1191 3571 1334 3648 ἦσαν
1361 3579 1428 3630 τὰ
1452 3578 1904 3646 σκανδαλίζοντα,

279 3667 422 3722 ἀλλά
454 3669 550 3721 καὶ
577 3670 610 3740 ἦ
634 3667 940 3738 ἀπροσεξία
964 3671 1062 3723 καὶ
1094 3671 1128 3739 ἠ
1163 3669 1435 3742 ῥᾳθυμία,
1464 3672 1560 3724 καὶ
1584 3673 1618 3744 ἡ
1653 3674 1909 3744 ἀγνωμο-

283 3762 423 3833 σύνη
453 3761 564 3816 τῶν
609 3763 942 3817 ἀκουόντων.
983 3762 1096 3817 Καὶ
1133 3765 1242 3834 γὰρ
1278 3764 1376 3818 καὶ
1423 3758 1576 3819 οὗτοι
1609 3766 1662 3818 οἱ
1691 3766 1907 3820 δώδεκα

280 3855 353 3908 si
386 3855 530 3908 αύτά
583 3855 805 3925 ἢκουον,
859 3856 954 3908 καὶ
1004 3857 1159 3926 ὅμως
1217 3857 1318 3910 οὐκ
1366 3859 1903 3928 ἐσκανδαλίσθησαν,

282 3947 402 4001 ἀλλ’
427 3947 672 4018 ἔμειναν.
697 3948 766 4001 Τί
798 3943 892 4001 οὖν
918 3950 946 4001 ὁ
972 3945 1401 4020 Χριστὸς;¹Αρα
1428 3952 1646 4005 ἐπαινεί
1673 3952 1901 4025 Πέτρον,

281 4041 477 4111 ὥσπερ
521 4040 761 4111 ἀλλαχοῦ
801 4040 964 4096 τοῦτο
1013 4043 1312 4113 ἐποίησεν;
1351 4043 1648 4115 Οὐδαμῶς,
1701 4045 1791 4098 ἵνα
1827 4047 1904 4117 μὴ

278 4134 435 4206 δόξῃ,
475 4137 558 4188 δτι
587 4134 878 4188 κολακεύει
912 4135 1004 4191 διὰ
1043 4135 1104 4189 τὸ
1138 4137 1487 4207 παραμεῖναι
1515 4137 1689 4208 αὐτῷ.
1740 4137 1908 4192 Ἀλλά

280 4230 335 4281 τί
364 4227 513 4295 λέγει
547 4227 683 4298 πρὸς
715 4228 810 4281 τὸν
843 4228 1088 4300 Πέτρονς
1150 4227 1296 4298 Ἐγὼ
1330 4230 1433 4301 μὲν
1467 4229 1616 4301 ὑμᾶς
1648 4230 1907 4298 ἐξελεξά-

287 4335 399 4389 μην
426 4319 552 4383 τοὺς
578 4318 814 4381 δώδεκα,
850 4318 990 4390 πλὴν
1021 4319 1145 4373 οὐδὲ
1177 4319 1338 4390 ὑμεῖς
1370 4320 1617 4384 ἀπαντές
1651 4323 1776 4374 ἐστε
1803 4323 1907 4392 τῆς

283 4412 523 4480 ἐκλογῆς
558 4413 726 4479 ἄξιοι,
749 4411 865 4466 ἀλλ’
899 4406 982 4478 εἷς
1011 4413 1069 4481 ἐξ
1104 4414 1261 4484 ὑμῶν
1289 4414 1537 4478 διάϐολός
1565 4416 1704 4469 ἐστι.
1734 4414 1908 4469 Τοῦτο

285 4507 345 4560 δὲ
375 4504 540 4576 διχῶς
574 4507 817 4575 νοητέον.
845 4506 915 4558 Ἣ
949 4505 1058 4577 γὰρ
1084 4505 1192 4573 ὃτι,
1225 4507 1337 4561 Καὶ
1366 4507 1463 4560 νῦν
1489 4509 1673 4563 πάντα
1705 4508 1772 4561 τὰ
1796 4507 1906 4579 ἐμὰ

282 4597 696 4664 διαϐάλλει,κα“ι
717 4598 871 4653 οὐδὲν
892 4598 986 4653 τού
999 4616 1101 4654 των
1125 4601 1480 4672 ἀποδέχεται,
1507 4601 1539 4675 ἦ
1564 4603 1671 4669 ὅτι,
1702 4602 1908 4657 Μέλλει

2013 3409 2234 3449 onmem
2274 3393 2586 3449 doctrinam
2648 3408 2662 3446 :
2712 3392 2900 3461 itaque
2949 3389 3120 3444 verba
3161 3389 3278 3459 ipsa
3314 3384 3653 3442 offendiculo

2014 3504 2120 3543 non
2163 3495 2347 3552 erant,
2383 3486 2478 3542 sed
2543 3482 2866 3566 attendendi
2918 3481 3249 3554 negligentia
3311 3489 3366 3536 et
3403 3477 3647 3549 ignavia,

2015 3582 2499 3652 imprudentiaque
2523 3579 2864 3634 auditorum.
2888 3577 3026 3631 Nam
3057 3575 3113 3631 lii
3139 3575 3430 3632 duodecim
3452 3576 3644 3629 eadem

2011 3682 2330 3743 audierunt,
2365 3690 2470 3731 nec
2495 3683 2679 3730 tamen
2729 3683 2857 3728 sunt
2891 3671 3111 3736 offensi,
3147 3670 3244 3727 sed
3291 3676 3642 3724 manserunt.

2013 3773 2154 3840 Quid
2188 3772 2353 3844 igitur
2377 3768 2667 3826 Christus?
2697 3765 2954 3837 Nunquid
2994 3767 3181 3820 laudat
3218 3763 3463 3827 Petrum,
3501 3763 3650 3816 sicut

2013 3866 2121 3921 alio
2143 3865 2263 3920 loco
2284 3862 2453 3919 facit?
2488 3862 2734 3926 Minime,
2765 3870 2824 3915 ut
2866 3875 2935 3914 ne
2969 3858 3252 3913 videretur
3281 3853 3520 3910 blandiri
3568 3854 3644 3908 illi

2014 3955 2160 4026 quod
2195 3955 2338 4025 apud
2367 3967 2428 4009 se
2457 3959 2731 4007 maneret.
2781 3949 2890 4004 Sed
2938 3948 3070 4018 quid
3102 3946 3246 4002 dixit
3279 3944 3346 4001 ad
3382 3943 3649 4000 Petrum?

2012 4048 2128 4118 Ego
2151 4047 2372 4117 quidem
2398 4061 2498 4100 vos
2530 4043 2667 4115 elegi
2700 4043 3014 4105 duodecim,
3047 4050 3427 4095 verumtamen
3466 4051 3646 4106 neque

2015 4157 2110 4196 vos
2144 4155 2338 4194 omnes
2375 4138 2512 4193 estis
2557 4136 2828 4192 electione
2861 4135 3034 4205 digni,
3064 4136 3160 4188 sed
3199 4147 3340 4188 unus
3375 4147 3440 4186 ex
3481 4129 3642 4187 vobis

2014 4232 2265 4290 diabolus
2291 4239 2394 4286 est.
2423 4229 2538 4285 Hoc
2562 4239 2746 4284 autem
2777 4228 3034 4283 bifariam
3066 4235 3150 4280 est
3178 4223 3597 4293 intelligendum
3629 4241 3644 4278 :

2015 4324 2100 4382 vel
2170 4324 2317 4379 enim
2363 4322 2444 4378 sic
2483 4340 2495 4376 :
2528 4320 2684 4377 Nunc
2732 4335 2851 4374 mea
2905 4320 3089 4374 omnia
3150 4315 3542 4381 calumniatur,
3593 4322 3648 4371 et

2016 4415 2154 4471 nihil
2207 4415 2425 4470 illorum
2469 4413 2712 4482 recipit;
2752 4410 2835 4466 vel
2883 4411 2965 4466 sic
3001 4426 3016 4468 :
3047 4408 3501 4465 Calumniaturus
3555 4417 3643 4464 est

2017 4525 2125 4566 me.
2153 4509 2218 4564 Et
2245 4509 2392 4564 enim
2418 4510 2601 4578 reipsa
2635 4506 2763 4563 talis
2796 4505 3050 4575 apparuit
3072 4502 3269 4566 ludas,
3297 4501 3647 4558 calumnians

2017 4606 2157 4675 apud
2201 4601 2426 4659 Judaros
2463 4601 2781 4667 Dominum,
2817 4609 2871 4654 et
2900 4598 3166 4672 mysteria
3211 4595 3332 4661 ejus
3367 4595 3474 4650 illis
3509 4592 3644 4650 εσυ-

282 4689 565 4747 διαϐαλεῖν
616 4689 739 4761 spe.
785 4691 894 4745 Kal
922 4691 1033 4762 γὰρ
1081 4693 1257 4757 ὅντως
1309 4693 1558 4759 τοιοῦτος
1610 4694 1904 4766 ἀπεφάνθη

2020 4715 2169 4766 rens,
2207 4700 2353 4755 sicut
2379 4706 2434 4753 et
2477 4695 2647 4751 David
2677 4695 2746 4751 de
2777 4695 2896 4764 ipso
2945 4693 3077 4747 dicit
3111 4709 3126 4746 ι
3179 4709 3197 4742 ι
3238 4688 3643 4761 Egrediebatur

299 4783 526 4850 Ἰούδας,
548 4781 854 4837 διαϐάλλων
875 4783 1014 4854 πρὸς
1042 4783 1329 4849 Ἰουδαίους
1351 4786 1443 4840 τὸν
1466 4786 1694 4859 Κύριον,
1715 4788 1812 4840 καὶ
1836 4787 1908 4841 τὰ

290 4879 570 4952 μυστήρια
603 4876 774 4931 αὑτοῦ
824 4876 1078 4950 ἐκφέρων
1132 4879 1353 4945 αὐτοῖς·
1410 4879 1560 4936 καθά
1603 4883 1699 4937 καὶ
1739 4880 1906 4935 Δαυῒδ

286 4973 418 5046 περ)⁹
463 4971 632 5027 αὐτοῦ
683 4989 878 5044 φησιν·
935 4989 954 5023 ι
1006 4972 1402 5044 Ἐξεπορεύετο
1433 4973 1561 5040 ἔξω,
1591 4973 1689 5028 καὶ
1723 4973 1906 5026 ἐλάλει

288 5067 383 5122 ἐπὶ
421 5065 483 5120 τὸ
516 5065 671 5120 αὑτό.
712 5084 731 5129 η
769 5065 934 5133 Λέγει
988 5066 1049 5118 δὴ
1100 5065 1277 5119 ταῦτα
1316 5065 1456 5136 πρὸς
1493 5066 1587 5119 τὸν
1634 5067 1906 5138 Πέτρονὸ

289 5159 520 5230 Κύριος,
555 5156 940 5229 διορθούμενος
975 5157 1367 5226 αύτὸνηἙπεὶ
1401 5159 1511 5229 γάρ
1544 5154 1700 5212 εἶπεν
1737 5161 1766 5213 ὁ
1799 5159 1907 5213 Πε-

288 5269 442 5324 τρος,
504 5251 612 5316 ὅτι,
655 5252 767 5304 Καὶ
813 5251 1144 5320 ἐγνώκαμεν
1176 5253 1272 5304 καὶ
1305 5253 1781 5323 πεπιστεύκαμεν,
1815 5252 1910 5323 Μὴ

289 5348 450 5401 τοῦτο
495 5345 711 5415 νόμιζε,
764 5345 955 5414 φησίν.
999 5346 1077 5400 Οὐ
1113 5345 1222 5416 γὰρ
1278 5347 1481 5410 πάντες
1530 5347 1655 5401 ἐστὶ
1700 5347 1908 5412 πιστοὶ,

288 5438 410 5492 οὐδὲ
447 5439 650 5499 πάντες
691 5454 758 5508 με
792 5437 1096 5505 ἐγνώκατε.
1136 5438 1281 5509 Ὅρα
1320 5439 1374 5493 δέ
1407 5458 1500 5510 μοι
1531 5441 1623 5494 τὸν
1676 5440 1907 5512 Κύριον,

290 5534 410 5595 πῶς
459 5531 541 5584 ἔτι
604 5532 894 5602 πόρρωθεν
926 5531 1021 5586 τοῦ
1058 5533 1325 5602 προδότου
1369 5533 1469 5605 τὴν
1523 5535 1728 5590 κακίαν
1777 5536 1911 5589 ἀνα-

289 5628 648 5700 κρουόμενςς,
689 5628 786 5682 καὶ
821 5631 1192 5699 ἀναχαιτίζων
1241 5631 1433 5701 αὐτὴν,
1488 5631 1663 5687 ταῦτά
1701 5650 1905 5704 φησιν·

289 5721 450 5785 είδὼς
504 5723 624 5790 μὲν,
663 5723 744 5776 ὅτι
789 5723 944 5776 οὐδὲν
980 5723 1278 5793 ὠφελήσει,
1311 5726 1460 5795 ὅμως
1496 5726 1554 5778 δὲ
1603 5725 1662 5778 τὸ
1703 5725 1903 5780 ἑαυτοῦ

289 5813 499 5870 ποιῶν·
547 5816 642 5867 καὶ
697 5816 822 5868 οὗτε
883 5817 1121 5886 φανερὸν
1193 5816 1359 5870 αὐτὸν
1416 5818 1698 5890 ὲποὶησεν,
1777 5817 1904 5875 οὔτε

367 6000 408 6031 ⁸³
449 5997 589 6050 l‘snl.
623 6014 708 6055 XL,
750 5999 801 6052 7.

2019 4794 2190 4857 foras,
2243 4801 2298 4847 et
2334 4790 2665 4859 loquebatur
2718 4788 2772 4842 in
2815 4787 3054 4858 idipsum
3078 4784 3148 4839 ".
3193 4803 3212 4836 ι
3271 4783 3413 4838 Dicit
3453 4790 3640 4837 autem

2018 4887 2137 4942 lucc
2165 4887 2230 4940 ad
2263 4885 2482 4940 Petrum
2516 4884 2797 4945 Dominus,
2819 4881 3123 4935 emendans
3159 4892 3283 4931 eum
3308 4874 3468 4945 ;quia
3493 4875 3642 4932 enim

2016 4981 2232 5035 dixerat
2263 4977 2482 5041 Petrus,
2531 4976 2598 5031 Et
2628 4975 2989 5047 cognovimus
3037 4981 3092 5028 et
3136 4970 3474 5027 credidimus
3509 4987 3524 5024 :
3562 4967 3642 5024 Ne

2017 5075 2121 5129 hoc
2142 5083 2324 5144 putes,
2348 5072 2543 5142 inquit,
2578 5085 2683 5124 non
2709 5069 2857 5124 enim
2893 5081 3088 5122 omnes
3119 5065 3254 5121 estis
3284 5063 3501 5126 fideles,
3537 5079 3638 5118 nc-

2015 5181 2122 5240 que
2166 5181 2360 5222 omnes
2402 5177 2488 5218 me
2533 5163 2889 5232 cognovistis.
2929 5160 3066 5216 Vide
3125 5169 3311 5214 autem
3359 5159 3637 5229 quomodo

2011 5270 2172 5317 antea
2204 5259 2469 5314 Dominus
2501 5255 2802 5327 proditoris
2837 5253 3110 5308 malitiam
3151 5251 3430 5322 repellens
3457 5261 3512 5306 et
3545 5264 3638 5306 re-

2012 5358 2235 5412 frenans
2266 5355 2388 5409 haec
2418 5352 2573 5417 dicit,
2611 5351 2795 5408 sciens
2826 5348 3049 5418 quidem
3091 5347 3235 5416 quod
3274 5345 3408 5400 nihil
3448 5343 3638 5414 profu-

2012 5463 2169 5509 turus
2221 5461 2394 5514 esset,
2443 5447 2810 5503 nihilominus
2863 5454 3045 5500 tamen
3115 5442 3265 5512 quod
3327 5456 3484 5494 suum
3516 5449 3636 5493 erat

2011 5545 2246 5610 faciens,
2278 5557 2456 5613 neque
2511 5541 2664 5596 illum
2719 5536 3116 5600 manifestavit,
3173 5548 3351 5604 nequc
3409 5531 3634 5586 omnino

2011 5641 2287 5697 occultum
2321 5653 2446 5693 esse
2487 5634 2743 5701 permisit.
2777 5654 2788 5688 :
2824 5633 2956 5688 illud
2981 5631 3227 5704 quidem,
3263 5638 3320 5682 ut
3365 5643 3430 5682 ne
3457 5627 3636 5696 impn-

2012 5731 2234 5788 dcntior
2268 5736 2322 5783 et
2357 5726 2758 5783 contentiosior
2802 5723 2957 5779 fieret
2992 5740 3005 5777 :
3059 5722 3162 5777 hoc
3201 5730 3409 5784 autem,
3460 5729 3516 5770 ut
3564 5732 3632 5770 nc

2016 5822 2249 5881 licenter
2280 5819 2494 5878 facinus
2524 5827 2792 5890 patraret,
2826 5817 3110 5874 occultum
3138 5813 3267 5870 illud
3295 5823 3510 5884 putans.
3551 5807 3628 5863 Ex
