  <div class='ocr_page' id='page_1' title='image "/cluster/home/n/w/nwhite01/storage/ocr_20150623/123/uva.x004884189/822.png"; bbox 0 0 4052 6562; ppageno 0'>
   <div class='ocr_carea' id='block_1_1' title="bbox 263 461 389 525">
    <p class='ocr_par' dir='ltr' id='par_1_1' title="bbox 263 461 389 525">
     <span class='ocr_line' id='line_1_1' title="bbox 263 461 389 525; baseline -0.04 0"><span class='ocrx_word' id='word_1_1' title='bbox 263 461 389 525; x_wconf 66' lang='grc' dir='ltr'>ιιεςι</span> 
     </span>
    </p>
   </div>
   <div class='ocr_carea' id='block_1_2' title="bbox 893 423 2950 511">
    <p class='ocr_par' dir='ltr' id='par_1_2' title="bbox 893 423 2950 511">
     <span class='ocr_line' id='line_1_2' title="bbox 893 423 2950 511; baseline -0.013 1"><span class='ocrx_word' id='word_1_2' title='bbox 893 445 1339 511; x_wconf 75' lang='lat' dir='ltr'><strong>ENARRATIO</strong></span> <span class='ocrx_word' id='word_1_3' title='bbox 1401 443 1482 504; x_wconf 85' lang='lat' dir='ltr'><strong>IN</strong></span> <span class='ocrx_word' id='word_1_4' title='bbox 1525 435 2030 503; x_wconf 83' lang='lat' dir='ltr'><strong>EVANGELIUM</strong></span> <span class='ocrx_word' id='word_1_5' title='bbox 2088 432 2440 494; x_wconf 83' lang='lat' dir='ltr'><strong>JOANNIS.</strong></span> <span class='ocrx_word' id='word_1_6' title='bbox 2501 453 2569 465; x_wconf 85' lang='grc'><strong>-·</strong></span> <span class='ocrx_word' id='word_1_7' title='bbox 2606 426 2765 487; x_wconf 80' lang='lat' dir='ltr'><strong>CAP.</strong></span> <span class='ocrx_word' id='word_1_8' title='bbox 2813 423 2950 485; x_wconf 77' lang='lat' dir='ltr'><strong>VII.</strong></span> 
     </span>
    </p>
   </div>
   <div class='ocr_carea' id='block_1_3' title="bbox 3416 418 3557 483">
    <p class='ocr_par' dir='ltr' id='par_1_3' title="bbox 3416 418 3557 483">
     <span class='ocr_line' id='line_1_3' title="bbox 3416 418 3557 483; baseline 0.014 -2"><span class='ocrx_word' id='word_1_9' title='bbox 3416 418 3557 483; x_wconf 71' lang='lat'><strong>1330</strong></span> 
     </span>
    </p>
   </div>
   <div class='ocr_carea' id='block_1_4' title="bbox 258 536 1863 648">
    <p class='ocr_par' dir='ltr' id='par_1_4' title="bbox 258 557 1851 648">
     <span class='ocr_line' id='line_1_4' title="bbox 258 557 1851 648; baseline -0.017 -15"><span class='ocrx_word' id='word_1_10' title='bbox 258 578 528 648; x_wconf 76' lang='grc' dir='ltr'>καὶπρὸς</span> <span class='ocrx_word' id='word_1_11' title='bbox 581 572 836 642; x_wconf 74' lang='grc' dir='ltr'>διαϐολὴν</span> <span class='ocrx_word' id='word_1_12' title='bbox 898 571 992 623; x_wconf 86' lang='grc' dir='ltr'><strong>τοῦ</strong></span> <span class='ocrx_word' id='word_1_13' title='bbox 1046 570 1289 637; x_wconf 79' lang='grc' dir='ltr'><strong>γείτονος</strong></span> <span class='ocrx_word' id='word_1_14' title='bbox 1365 561 1628 621; x_wconf 77' lang='grc' dir='ltr'><strong>τοιούτοις</strong></span> <span class='ocrx_word' id='word_1_15' title='bbox 1666 557 1851 625; x_wconf 82' lang='grc' dir='ltr'>λόγοις</span> 
     </span>
    </p>
   </div>
   <div class='ocr_carea' id='block_1_5' title="bbox 1972 536 3554 648">
    <p class='ocr_par' dir='ltr' id='par_1_5' title="bbox 1972 536 3554 608">
     <span class='ocr_line' id='line_1_5' title="bbox 1972 536 3554 608; baseline -0.013 -2"><span class='ocrx_word' id='word_1_16' title='bbox 1972 569 2078 608; x_wconf 84' lang='lat' dir='ltr'><strong>nus</strong></span> <span class='ocrx_word' id='word_1_17' title='bbox 2115 551 2274 608; x_wconf 80' lang='lat' dir='ltr'><strong>erat?</strong></span> <span class='ocrx_word' id='word_1_18' title='bbox 2307 548 2462 605; x_wconf 86' lang='lat' dir='ltr'><strong>Unde</strong></span> <span class='ocrx_word' id='word_1_19' title='bbox 2494 547 2625 603; x_wconf 86' lang='lat' dir='ltr'><strong>huic</strong></span> <span class='ocrx_word' id='word_1_20' title='bbox 2664 546 2831 601; x_wconf 88' lang='lat' dir='ltr'><strong>vestis</strong></span> <span class='ocrx_word' id='word_1_21' title='bbox 2857 539 2996 596; x_wconf 79' lang='lat' dir='ltr'><strong>illa?</strong></span> <span class='ocrx_word' id='word_1_22' title='bbox 3035 537 3162 594; x_wconf 66' lang='lat' dir='ltr'><strong>[hec</strong></span> <span class='ocrx_word' id='word_1_23' title='bbox 3205 545 3385 592; x_wconf 85' lang='lat' dir='ltr'><strong>autem</strong></span> <span class='ocrx_word' id='word_1_24' title='bbox 3420 536 3554 590; x_wconf 75' lang='lat' dir='ltr'><strong>dicit</strong></span> 
     </span>
    </p>
   </div>
   <div class='ocr_carea' id='block_1_6' title="bbox 258 650 1843 742">
    <p class='ocr_par' dir='ltr' id='par_1_6' title="bbox 258 650 1843 742">
     <span class='ocr_line' id='line_1_6' title="bbox 258 650 1843 742; baseline -0.015 -19"><span class='ocrx_word' id='word_1_25' title='bbox 258 673 531 742; x_wconf 66' lang='grc' dir='ltr'>χρώμενος</span> <span class='ocrx_word' id='word_1_26' title='bbox 565 680 578 694; x_wconf 80' lang='grc'><strong><em>⁸</em></strong></span> <span class='ocrx_word' id='word_1_27' title='bbox 613 666 838 726; x_wconf 65' lang='grc' dir='ltr'>Πάντως</span> <span class='ocrx_word' id='word_1_28' title='bbox 867 663 994 731; x_wconf 79' lang='grc' dir='ltr'>γὰρ,</span> <span class='ocrx_word' id='word_1_29' title='bbox 1029 663 1216 732; x_wconf 64' lang='grc' dir='ltr'>φησιν,</span> <span class='ocrx_word' id='word_1_30' title='bbox 1244 656 1444 724; x_wconf 69' lang='grc' dir='ltr'>ἔκλεψε</span> <span class='ocrx_word' id='word_1_31' title='bbox 1475 654 1575 742; x_wconf 79' lang='grc' dir='ltr'><strong>τὴν</strong></span> <span class='ocrx_word' id='word_1_32' title='bbox 1613 650 1843 720; x_wconf 68' lang='grc' dir='ltr'>ἐσθῆτα.</span> 
     </span>
    </p>
   </div>
   <div class='ocr_carea' id='block_1_7' title="bbox 260 741 1846 823">
    <p class='ocr_par' dir='ltr' id='par_1_7' title="bbox 260 741 1846 823">
     <span class='ocr_line' id='line_1_7' title="bbox 260 741 1846 823; baseline -0.013 -8"><span class='ocrx_word' id='word_1_33' title='bbox 260 741 435 823; x_wconf 73' lang='grc' dir='ltr'><strong>Οὕτως</strong></span> <span class='ocrx_word' id='word_1_34' title='bbox 471 757 564 814; x_wconf 85' lang='grc' dir='ltr'><strong>οῦν</strong></span> <span class='ocrx_word' id='word_1_35' title='bbox 597 758 690 813; x_wconf 72' lang='grc' dir='ltr'>καὶ</span> <span class='ocrx_word' id='word_1_36' title='bbox 717 759 766 812; x_wconf 80' lang='grc' dir='ltr'>οἱ</span> <span class='ocrx_word' id='word_1_37' title='bbox 795 757 1039 811; x_wconf 83' lang='grc' dir='ltr'>Ἰουδαῖοι</span> <span class='ocrx_word' id='word_1_38' title='bbox 1072 773 1084 784; x_wconf 87' lang='grc'>·</span> <span class='ocrx_word' id='word_1_39' title='bbox 1121 773 1137 804; x_wconf 81' lang='grc' dir='ltr'><strong>ι</strong></span> <span class='ocrx_word' id='word_1_40' title='bbox 1174 752 1297 815; x_wconf 80' lang='grc' dir='ltr'>Πῶς</span> <span class='ocrx_word' id='word_1_41' title='bbox 1330 743 1486 810; x_wconf 70' lang='grc' dir='ltr'>οὗτος</span> <span class='ocrx_word' id='word_1_42' title='bbox 1516 741 1626 800; x_wconf 82' lang='grc' dir='ltr'>οῐδε</span> <span class='ocrx_word' id='word_1_43' title='bbox 1664 744 1846 816; x_wconf 82' lang='grc' dir='ltr'>γράμ-</span> 
     </span>
    </p>
   </div>
   <div class='ocr_carea' id='block_1_8' title="bbox 263 835 1850 923">
    <p class='ocr_par' dir='ltr' id='par_1_8' title="bbox 263 835 1850 923">
     <span class='ocr_line' id='line_1_8' title="bbox 263 835 1850 923; baseline -0.016 -15"><span class='ocrx_word' id='word_1_44' title='bbox 263 870 445 923; x_wconf 86' lang='grc' dir='ltr'>ματα;</span> <span class='ocrx_word' id='word_1_45' title='bbox 496 871 514 904; x_wconf 75' lang='grc' dir='ltr'><strong>ι</strong></span> <span class='ocrx_word' id='word_1_46' title='bbox 548 852 776 912; x_wconf 77' lang='grc' dir='ltr'><strong>Πάντως</strong></span> <span class='ocrx_word' id='word_1_47' title='bbox 814 851 872 902; x_wconf 78' lang='grc' dir='ltr'>ὲν</span> <span class='ocrx_word' id='word_1_48' title='bbox 902 848 977 918; x_wconf 83' lang='grc' dir='ltr'>τῷ</span> <span class='ocrx_word' id='word_1_49' title='bbox 1035 843 1390 910; x_wconf 75' lang='grc' dir='ltr'>Βεελξεδούλ.</span> <span class='ocrx_word' id='word_1_50' title='bbox 1427 839 1624 893; x_wconf 83' lang='grc' dir='ltr'>Καίτοι</span> <span class='ocrx_word' id='word_1_51' title='bbox 1678 835 1850 906; x_wconf 79' lang='grc' dir='ltr'><strong>ὲχρῆν</strong></span> 
     </span>
    </p>
   </div>
   <div class='ocr_carea' id='block_1_9' title="bbox 257 927 1851 1009">
    <p class='ocr_par' dir='ltr' id='par_1_9' title="bbox 257 927 1851 1009">
     <span class='ocr_line' id='line_1_9' title="bbox 257 927 1851 1009; baseline -0.012 -11"><span class='ocrx_word' id='word_1_52' title='bbox 257 945 451 1008; x_wconf 76' lang='grc' dir='ltr'>αὐτοὺς</span> <span class='ocrx_word' id='word_1_53' title='bbox 478 943 588 997; x_wconf 80' lang='grc' dir='ltr'><strong>ἀπὸ</strong></span> <span class='ocrx_word' id='word_1_54' title='bbox 619 941 812 995; x_wconf 77' lang='grc' dir='ltr'>τούτου</span> <span class='ocrx_word' id='word_1_55' title='bbox 859 940 1061 1009; x_wconf 81' lang='grc' dir='ltr'>μᾶλλον</span> <span class='ocrx_word' id='word_1_56' title='bbox 1097 939 1373 1004; x_wconf 82' lang='grc' dir='ltr'>ἐννοῆσαι,</span> <span class='ocrx_word' id='word_1_57' title='bbox 1413 933 1494 986; x_wconf 87' lang='grc' dir='ltr'>ὅτι</span> <span class='ocrx_word' id='word_1_58' title='bbox 1548 929 1704 982; x_wconf 73' lang='grc' dir='ltr'>οὐδὲν</span> <span class='ocrx_word' id='word_1_59' title='bbox 1757 927 1851 980; x_wconf 91' lang='grc' dir='ltr'>ἀν-</span> 
     </span>
    </p>
   </div>
   <div class='ocr_carea' id='block_1_10' title="bbox 263 1021 1850 1110">
    <p class='ocr_par' dir='ltr' id='par_1_10' title="bbox 263 1021 1850 1110">
     <span class='ocr_line' id='line_1_10' title="bbox 263 1021 1850 1110; baseline -0.014 -16"><span class='ocrx_word' id='word_1_60' title='bbox 263 1039 538 1110; x_wconf 82' lang='grc' dir='ltr'>θρώπινον</span> <span class='ocrx_word' id='word_1_61' title='bbox 585 1031 652 1106; x_wconf 76' lang='grc' dir='ltr'>ἦν</span> <span class='ocrx_word' id='word_1_62' title='bbox 687 1036 858 1106; x_wconf 75' lang='grc' dir='ltr'>αὐτῷ.</span> <span class='ocrx_word' id='word_1_63' title='bbox 885 1033 1028 1088; x_wconf 78' lang='grc' dir='ltr'>’Δλλ’</span> <span class='ocrx_word' id='word_1_64' title='bbox 1089 1029 1282 1098; x_wconf 71' lang='grc' dir='ltr'>ἐπειδὴ</span> <span class='ocrx_word' id='word_1_65' title='bbox 1325 1027 1483 1080; x_wconf 77' lang='grc' dir='ltr'>τοῦτο</span> <span class='ocrx_word' id='word_1_66' title='bbox 1545 1021 1704 1076; x_wconf 76' lang='grc' dir='ltr'>αὐτοὶ</span> <span class='ocrx_word' id='word_1_67' title='bbox 1749 1021 1850 1074; x_wconf 80' lang='grc' dir='ltr'><strong>οὐκ</strong></span> 
     </span>
    </p>
   </div>
   <div class='ocr_carea' id='block_1_11' title="bbox 259 1117 1850 1202">
    <p class='ocr_par' dir='ltr' id='par_1_11' title="bbox 259 1117 1850 1202">
     <span class='ocr_line' id='line_1_11' title="bbox 259 1117 1850 1202; baseline -0.013 -15"><span class='ocrx_word' id='word_1_68' title='bbox 259 1133 452 1202; x_wconf 72' lang='grc' dir='ltr'>ἧθελον</span> <span class='ocrx_word' id='word_1_69' title='bbox 479 1128 840 1200; x_wconf 75' lang='grc' dir='ltr'>ὁμολογῆσαι,</span> <span class='ocrx_word' id='word_1_70' title='bbox 874 1126 1038 1188; x_wconf 75' lang='grc' dir='ltr'>αὐτὸς</span> <span class='ocrx_word' id='word_1_71' title='bbox 1079 1122 1441 1192; x_wconf 84' lang='grc' dir='ltr'>ἀποκρίνεται</span> <span class='ocrx_word' id='word_1_72' title='bbox 1471 1119 1677 1180; x_wconf 86' lang='grc' dir='ltr'>αὐτοῖς,</span> <span class='ocrx_word' id='word_1_73' title='bbox 1713 1117 1850 1168; x_wconf 78' lang='grc' dir='ltr'>ἀναο</span> 
     </span>
    </p>
   </div>
   <div class='ocr_carea' id='block_1_12' title="bbox 259 1209 1844 1293">
    <p class='ocr_par' dir='ltr' id='par_1_12' title="bbox 259 1209 1844 1293">
     <span class='ocr_line' id='line_1_12' title="bbox 259 1209 1844 1293; baseline -0.013 -13"><span class='ocrx_word' id='word_1_74' title='bbox 259 1227 555 1293; x_wconf 76' lang='grc' dir='ltr'>διδάσκων,</span> <span class='ocrx_word' id='word_1_75' title='bbox 588 1226 672 1279; x_wconf 84' lang='grc' dir='ltr'><strong>δτι</strong></span> <span class='ocrx_word' id='word_1_76' title='bbox 698 1223 804 1276; x_wconf 86' lang='grc' dir='ltr'><strong>ἀπὸ</strong></span> <span class='ocrx_word' id='word_1_77' title='bbox 828 1221 920 1274; x_wconf 88' lang='grc' dir='ltr'><strong>τοῦ</strong></span> <span class='ocrx_word' id='word_1_78' title='bbox 958 1218 1173 1288; x_wconf 81' lang='grc' dir='ltr'>Πατρδς</span> <span class='ocrx_word' id='word_1_79' title='bbox 1207 1217 1301 1268; x_wconf 67' lang='grc' dir='ltr'>καὶ</span> <span class='ocrx_word' id='word_1_80' title='bbox 1341 1212 1476 1267; x_wconf 80' lang='grc' dir='ltr'>Θεοῦ</span> <span class='ocrx_word' id='word_1_81' title='bbox 1505 1215 1655 1265; x_wconf 71' lang='grc' dir='ltr'>ἐστιν</span> <span class='ocrx_word' id='word_1_82' title='bbox 1688 1211 1721 1279; x_wconf 80' lang='grc' dir='ltr'><strong>ἠ</strong></span> <span class='ocrx_word' id='word_1_83' title='bbox 1761 1209 1844 1261; x_wconf 79' lang='grc' dir='ltr'>διο</span> 
     </span>
    </p>
   </div>
   <div class='ocr_carea' id='block_1_13' title="bbox 257 1303 1850 1384">
    <p class='ocr_par' dir='ltr' id='par_1_13' title="bbox 257 1303 1850 1384">
     <span class='ocr_line' id='line_1_13' title="bbox 257 1303 1850 1384; baseline -0.011 -11"><span class='ocrx_word' id='word_1_84' title='bbox 257 1319 548 1376; x_wconf 80' lang='grc' dir='ltr'>δασκαλία.</span> <span class='ocrx_word' id='word_1_85' title='bbox 601 1317 767 1371; x_wconf 75' lang='grc' dir='ltr'>Οὐδὲν</span> <span class='ocrx_word' id='word_1_86' title='bbox 828 1315 936 1384; x_wconf 71' lang='grc' dir='ltr'><strong>γὰρ</strong></span> <span class='ocrx_word' id='word_1_87' title='bbox 979 1312 1114 1378; x_wconf 67' lang='grc' dir='ltr'>ἐμόν</span> <span class='ocrx_word' id='word_1_88' title='bbox 1169 1313 1306 1372; x_wconf 73' lang='grc' dir='ltr'>ἐστι,</span> <span class='ocrx_word' id='word_1_89' title='bbox 1361 1309 1518 1376; x_wconf 76' lang='grc' dir='ltr'>φησὶ,</span> <span class='ocrx_word' id='word_1_90' title='bbox 1566 1306 1720 1360; x_wconf 78' lang='grc' dir='ltr'>οὐδὲν</span> <span class='ocrx_word' id='word_1_91' title='bbox 1755 1303 1850 1359; x_wconf 81' lang='grc' dir='ltr'>ἀπ’</span> 
     </span>
    </p>
   </div>
   <div class='ocr_carea' id='block_1_14' title="bbox 259 1400 1848 1482">
    <p class='ocr_par' dir='ltr' id='par_1_14' title="bbox 259 1400 1848 1482">
     <span class='ocr_line' id='line_1_14' title="bbox 259 1400 1848 1482; baseline -0.007 -19"><span class='ocrx_word' id='word_1_92' title='bbox 259 1411 502 1482; x_wconf 66' lang='grc' dir='ltr'>ἐμαυτοῦ</span> <span class='ocrx_word' id='word_1_93' title='bbox 538 1411 613 1473; x_wconf 82' lang='grc' dir='ltr'><strong>ὡς</strong></span> <span class='ocrx_word' id='word_1_94' title='bbox 653 1408 899 1470; x_wconf 79' lang='grc' dir='ltr'>ἀντίθεος</span> <span class='ocrx_word' id='word_1_95' title='bbox 930 1406 1266 1473; x_wconf 81' lang='grc' dir='ltr'><strong>φθέγγομαι,</strong></span> <span class='ocrx_word' id='word_1_96' title='bbox 1296 1402 1411 1454; x_wconf 78' lang='grc' dir='ltr'>ἀλλ’</span> <span class='ocrx_word' id='word_1_97' title='bbox 1449 1403 1592 1470; x_wconf 76' lang='grc' dir='ltr'>ἀπερ</span> <span class='ocrx_word' id='word_1_98' title='bbox 1650 1400 1715 1453; x_wconf 80' lang='grc' dir='ltr'>ἂν</span> <span class='ocrx_word' id='word_1_99' title='bbox 1765 1401 1848 1468; x_wconf 69' lang='grc' dir='ltr'><strong>εἴη</strong></span> 
     </span>
    </p>
   </div>
   <div class='ocr_carea' id='block_1_15' title="bbox 256 1495 1514 1571">
    <p class='ocr_par' dir='ltr' id='par_1_15' title="bbox 256 1495 1514 1571">
     <span class='ocr_line' id='line_1_15' title="bbox 256 1495 1514 1571; baseline -0.01 -16"><span class='ocrx_word' id='word_1_100' title='bbox 256 1501 348 1554; x_wconf 85' lang='grc' dir='ltr'><strong>τοῦ</strong></span> <span class='ocrx_word' id='word_1_101' title='bbox 384 1500 622 1571; x_wconf 82' lang='grc' dir='ltr'>Πατρδς,</span> <span class='ocrx_word' id='word_1_102' title='bbox 660 1498 833 1551; x_wconf 84' lang='grc' dir='ltr'>ταῦτα</span> <span class='ocrx_word' id='word_1_103' title='bbox 864 1499 957 1549; x_wconf 73' lang='grc' dir='ltr'>καὶ</span> <span class='ocrx_word' id='word_1_104' title='bbox 982 1496 1093 1554; x_wconf 71' lang='grc' dir='ltr'>ἐμά</span> <span class='ocrx_word' id='word_1_105' title='bbox 1128 1498 1243 1546; x_wconf 74' lang='grc' dir='ltr'>ἐστι</span> <span class='ocrx_word' id='word_1_106' title='bbox 1269 1495 1514 1563; x_wconf 76' lang='grc' dir='ltr'>ῥήματα.</span> 
     </span>
    </p>
   </div>
   <div class='ocr_carea' id='block_1_16' title="bbox 332 1672 1852 1749">
    <p class='ocr_par' dir='ltr' id='par_1_16' title="bbox 332 1672 1852 1749">
     <span class='ocr_line' id='line_1_16' title="bbox 332 1672 1852 1749; baseline -0.004 -19"><span class='ocrx_word' id='word_1_107' title='bbox 332 1699 350 1730; x_wconf 73' lang='grc' dir='ltr'><strong>ι</strong></span> <span class='ocrx_word' id='word_1_108' title='bbox 393 1679 520 1733; x_wconf 76' lang='grc' dir='ltr'>Ἐάν</span> <span class='ocrx_word' id='word_1_109' title='bbox 548 1693 631 1740; x_wconf 81' lang='grc' dir='ltr'>τις</span> <span class='ocrx_word' id='word_1_110' title='bbox 665 1677 795 1749; x_wconf 84' lang='grc' dir='ltr'>θέλῃ</span> <span class='ocrx_word' id='word_1_111' title='bbox 817 1678 876 1730; x_wconf 82' lang='grc' dir='ltr'><strong>τὸ</strong></span> <span class='ocrx_word' id='word_1_112' title='bbox 901 1676 1113 1744; x_wconf 78' lang='grc' dir='ltr'>θέλημα</span> <span class='ocrx_word' id='word_1_113' title='bbox 1145 1673 1310 1727; x_wconf 76' lang='grc' dir='ltr'>αὐτοῦ</span> <span class='ocrx_word' id='word_1_114' title='bbox 1341 1677 1536 1737; x_wconf 81' lang='grc' dir='ltr'>ποιεῖν,</span> <span class='ocrx_word' id='word_1_115' title='bbox 1581 1672 1852 1739; x_wconf 82' lang='grc' dir='ltr'>γνώσεται</span> 
     </span>
    </p>
   </div>
   <div class='ocr_carea' id='block_1_17' title="bbox 260 1768 1852 1844">
    <p class='ocr_par' dir='ltr' id='par_1_17' title="bbox 260 1768 1852 1844">
     <span class='ocr_line' id='line_1_17' title="bbox 260 1768 1852 1844; baseline -0.004 -18"><span class='ocrx_word' id='word_1_116' title='bbox 260 1774 389 1844; x_wconf 70' lang='grc' dir='ltr'>περὶ</span> <span class='ocrx_word' id='word_1_117' title='bbox 414 1776 513 1843; x_wconf 75' lang='grc' dir='ltr'><strong>τῆς</strong></span> <span class='ocrx_word' id='word_1_118' title='bbox 533 1774 778 1842; x_wconf 81' lang='grc' dir='ltr'><strong>διδαχῆς,</strong></span> <span class='ocrx_word' id='word_1_119' title='bbox 803 1773 1034 1840; x_wconf 73' lang='grc' dir='ltr'>πότερον</span> <span class='ocrx_word' id='word_1_120' title='bbox 1060 1772 1122 1823; x_wconf 73' lang='grc' dir='ltr'>ἐκ</span> <span class='ocrx_word' id='word_1_121' title='bbox 1156 1771 1250 1823; x_wconf 86' lang='grc' dir='ltr'><strong>τοῦ</strong></span> <span class='ocrx_word' id='word_1_122' title='bbox 1280 1770 1416 1822; x_wconf 82' lang='grc' dir='ltr'>Θεοῦ</span> <span class='ocrx_word' id='word_1_123' title='bbox 1458 1772 1630 1830; x_wconf 77' lang='grc' dir='ltr'>ἐστιν,</span> <span class='ocrx_word' id='word_1_124' title='bbox 1659 1769 1692 1837; x_wconf 78' lang='grc' dir='ltr'>ἢ</span> <span class='ocrx_word' id='word_1_125' title='bbox 1740 1768 1852 1834; x_wconf 76' lang='grc' dir='ltr'><strong>ἐγὼ</strong></span> 
     </span>
    </p>
   </div>
   <div class='ocr_carea' id='block_1_18' title="bbox 259 1861 1852 1935">
    <p class='ocr_par' dir='ltr' id='par_1_18' title="bbox 259 1861 1852 1935">
     <span class='ocr_line' id='line_1_18' title="bbox 259 1861 1852 1935; baseline -0.003 -17"><span class='ocrx_word' id='word_1_126' title='bbox 259 1867 352 1919; x_wconf 83' lang='grc' dir='ltr'>ἀπ’</span> <span class='ocrx_word' id='word_1_127' title='bbox 379 1864 623 1935; x_wconf 71' lang='grc' dir='ltr'>ἂμαυτοῦ</span> <span class='ocrx_word' id='word_1_128' title='bbox 674 1863 842 1918; x_wconf 82' lang='grc' dir='ltr'>λαλῶ.</span> <span class='ocrx_word' id='word_1_129' title='bbox 896 1865 956 1916; x_wconf 84' lang='grc' dir='ltr'><strong>Ὀ</strong></span> <span class='ocrx_word' id='word_1_130' title='bbox 986 1867 1079 1931; x_wconf 79' lang='grc' dir='ltr'><strong>ἀφ’</strong></span> <span class='ocrx_word' id='word_1_131' title='bbox 1113 1861 1307 1916; x_wconf 75' lang='grc' dir='ltr'>ἑαυτοῦ</span> <span class='ocrx_word' id='word_1_132' title='bbox 1339 1862 1542 1926; x_wconf 86' lang='grc' dir='ltr'>λαλῶν,</span> <span class='ocrx_word' id='word_1_133' title='bbox 1565 1862 1664 1931; x_wconf 75' lang='grc' dir='ltr'>τὴν</span> <span class='ocrx_word' id='word_1_134' title='bbox 1692 1861 1852 1925; x_wconf 80' lang='grc' dir='ltr'>δόξαν</span> 
     </span>
    </p>
   </div>
   <div class='ocr_carea' id='block_1_19' title="bbox 1956 626 3556 712">
    <p class='ocr_par' dir='ltr' id='par_1_19' title="bbox 1956 626 3556 712">
     <span class='ocr_line' id='line_1_19' title="bbox 1956 626 3556 712; baseline -0.013 -12"><span class='ocrx_word' id='word_1_135' title='bbox 1956 664 2058 701; x_wconf 83' lang='lat' dir='ltr'><strong>non</strong></span> <span class='ocrx_word' id='word_1_136' title='bbox 2090 645 2233 712; x_wconf 89' lang='lat' dir='ltr'><strong>quod</strong></span> <span class='ocrx_word' id='word_1_137' title='bbox 2278 643 2452 712; x_wconf 86' lang='lat' dir='ltr'><strong>reipsa</strong></span> <span class='ocrx_word' id='word_1_138' title='bbox 2489 639 2813 702; x_wconf 86' lang='lat' dir='ltr'><strong>admiretur,</strong></span> <span class='ocrx_word' id='word_1_139' title='bbox 2856 634 2950 691; x_wconf 90' lang='lat' dir='ltr'><strong>sed</strong></span> <span class='ocrx_word' id='word_1_140' title='bbox 2983 632 3128 704; x_wconf 89' lang='lat' dir='ltr'><strong>quod</strong></span> <span class='ocrx_word' id='word_1_141' title='bbox 3175 630 3437 686; x_wconf 67' lang='lat' dir='ltr'><strong>adurat-ur</strong></span> <span class='ocrx_word' id='word_1_142' title='bbox 3469 626 3556 680; x_wconf 91' lang='lat' dir='ltr'><strong>iu-</strong></span> 
     </span>
    </p>
   </div>
   <div class='ocr_carea' id='block_1_20' title="bbox 1951 721 3554 803">
    <p class='ocr_par' dir='ltr' id='par_1_20' title="bbox 1951 721 3554 803">
     <span class='ocr_line' id='line_1_20' title="bbox 1951 721 3554 803; baseline -0.002 -10"><span class='ocrx_word' id='word_1_143' title='bbox 1951 743 2119 803; x_wconf 77' lang='lat' dir='ltr'><strong>vidia,</strong></span> <span class='ocrx_word' id='word_1_144' title='bbox 2151 740 2216 794; x_wconf 90' lang='lat' dir='ltr'><strong>ad</strong></span> <span class='ocrx_word' id='word_1_145' title='bbox 2253 738 2418 793; x_wconf 92' lang='lat' dir='ltr'><strong>vicini</strong></span> <span class='ocrx_word' id='word_1_146' title='bbox 2451 733 2778 791; x_wconf 83' lang='lat' dir='ltr'><strong>calumniam</strong></span> <span class='ocrx_word' id='word_1_147' title='bbox 2809 744 2938 785; x_wconf 87' lang='lat' dir='ltr'><strong>usus</strong></span> <span class='ocrx_word' id='word_1_148' title='bbox 2963 727 3163 783; x_wconf 79' lang='lat' dir='ltr'><strong>talibt&#39;s</strong></span> <span class='ocrx_word' id='word_1_149' title='bbox 3181 721 3554 779; x_wconf 68' lang='grc' dir='ltr'><strong>δετιῐιοηῖὶδυδ·</strong></span> 
     </span>
    </p>
   </div>
   <div class='ocr_carea' id='block_1_21' title="bbox 1953 815 3558 894">
    <p class='ocr_par' dir='ltr' id='par_1_21' title="bbox 1953 815 3558 894">
     <span class='ocr_line' id='line_1_21' title="bbox 1953 815 3558 894; baseline -0.016 -4"><span class='ocrx_word' id='word_1_150' title='bbox 1953 833 2187 890; x_wconf 88' lang='lat' dir='ltr'><strong>Onmino</strong></span> <span class='ocrx_word' id='word_1_151' title='bbox 2214 831 2385 894; x_wconf 88' lang='lat' dir='ltr'><strong>enim,</strong></span> <span class='ocrx_word' id='word_1_152' title='bbox 2410 829 2564 893; x_wconf 88' lang='lat' dir='ltr'><strong>dicit,</strong></span> <span class='ocrx_word' id='word_1_153' title='bbox 2608 827 2819 881; x_wconf 84' lang='lat' dir='ltr'><strong>furatus</strong></span> <span class='ocrx_word' id='word_1_154' title='bbox 2874 832 2958 878; x_wconf 91' lang='lat' dir='ltr'><strong>est</strong></span> <span class='ocrx_word' id='word_1_155' title='bbox 2991 830 3217 876; x_wconf 73' lang='lat' dir='ltr'><strong>vestem.</strong></span> <span class='ocrx_word' id='word_1_156' title='bbox 3255 816 3347 871; x_wconf 85' lang='lat' dir='ltr'><strong>Sic</strong></span> <span class='ocrx_word' id='word_1_157' title='bbox 3393 815 3558 885; x_wconf 81' lang='lat' dir='ltr'><strong>igitur</strong></span> 
     </span>
    </p>
   </div>
   <div class='ocr_carea' id='block_1_22' title="bbox 1954 905 3556 988">
    <p class='ocr_par' dir='ltr' id='par_1_22' title="bbox 1954 905 3556 988">
     <span class='ocr_line' id='line_1_22' title="bbox 1954 905 3556 988; baseline -0.014 -8"><span class='ocrx_word' id='word_1_158' title='bbox 1954 936 2009 982; x_wconf 89' lang='lat' dir='ltr'><strong>et</strong></span> <span class='ocrx_word' id='word_1_159' title='bbox 2045 924 2214 980; x_wconf 78' lang='lat' dir='ltr'><strong>Judzei</strong></span> <span class='ocrx_word' id='word_1_160' title='bbox 2256 943 2269 977; x_wconf 88' lang='lat'><strong>:</strong></span> <span class='ocrx_word' id='word_1_161' title='bbox 2307 943 2323 973; x_wconf 82' lang='grc' dir='ltr'><strong>ι</strong></span> <span class='ocrx_word' id='word_1_162' title='bbox 2366 917 2650 988; x_wconf 87' lang='lat' dir='ltr'><strong>Quomodo</strong></span> <span class='ocrx_word' id='word_1_163' title='bbox 2681 917 2769 972; x_wconf 91' lang='lat' dir='ltr'><strong>hic</strong></span> <span class='ocrx_word' id='word_1_164' title='bbox 2817 914 2920 970; x_wconf 83' lang='lat' dir='ltr'><strong>scil</strong></span> <span class='ocrx_word' id='word_1_165' title='bbox 2951 909 3206 967; x_wconf 81' lang='lat' dir='ltr'><strong>litteras?</strong></span> <span class='ocrx_word' id='word_1_166' title='bbox 3240 927 3256 958; x_wconf 77' lang='grc' dir='ltr'><strong>ι</strong></span> <span class='ocrx_word' id='word_1_167' title='bbox 3301 905 3556 961; x_wconf 63' lang='lat' dir='ltr'><strong>Proh-clo</strong></span> 
     </span>
    </p>
   </div>
   <div class='ocr_carea' id='block_1_23' title="bbox 1954 999 3560 1087">
    <p class='ocr_par' dir='ltr' id='par_1_23' title="bbox 1954 999 3560 1087">
     <span class='ocr_line' id='line_1_23' title="bbox 1954 999 3560 1087; baseline -0.015 -13"><span class='ocrx_word' id='word_1_168' title='bbox 1954 1033 2019 1074; x_wconf 78' lang='lat' dir='ltr'><strong>ex</strong></span> <span class='ocrx_word' id='word_1_169' title='bbox 2053 1014 2336 1071; x_wconf 85' lang='lat' dir='ltr'><strong>Beelzebul</strong></span> <span class='ocrx_word' id='word_1_170' title='bbox 2370 1013 2564 1069; x_wconf 88' lang='lat' dir='ltr'><strong>habet.</strong></span> <span class='ocrx_word' id='word_1_171' title='bbox 2597 1009 2842 1065; x_wconf 86' lang='lat' dir='ltr'><strong>Tametsi</strong></span> <span class='ocrx_word' id='word_1_172' title='bbox 2877 1007 3001 1061; x_wconf 91' lang='lat' dir='ltr'><strong>inde</strong></span> <span class='ocrx_word' id='word_1_173' title='bbox 3056 1003 3175 1058; x_wconf 86' lang='lat' dir='ltr'><strong>illos</strong></span> <span class='ocrx_word' id='word_1_174' title='bbox 3243 999 3560 1087; x_wconf 76' lang='lat' dir='ltr'><strong>conjectare</strong></span> 
     </span>
    </p>
   </div>
   <div class='ocr_carea' id='block_1_24' title="bbox 1957 1092 3556 1183">
    <p class='ocr_par' dir='ltr' id='par_1_24' title="bbox 1957 1092 3556 1183">
     <span class='ocr_line' id='line_1_24' title="bbox 1957 1092 3556 1183; baseline -0.014 -16"><span class='ocrx_word' id='word_1_175' title='bbox 1957 1114 2136 1183; x_wconf 87' lang='lat' dir='ltr'><strong>potius</strong></span> <span class='ocrx_word' id='word_1_176' title='bbox 2162 1110 2452 1181; x_wconf 85' lang='lat' dir='ltr'><strong>oportebat</strong></span> <span class='ocrx_word' id='word_1_177' title='bbox 2484 1122 2590 1162; x_wconf 91' lang='lat' dir='ltr'><strong>non</strong></span> <span class='ocrx_word' id='word_1_178' title='bbox 2626 1120 2747 1159; x_wconf 90' lang='lat' dir='ltr'><strong>esse</strong></span> <span class='ocrx_word' id='word_1_179' title='bbox 2785 1105 2888 1157; x_wconf 88' lang='lat' dir='ltr'><strong>hoc</strong></span> <span class='ocrx_word' id='word_1_180' title='bbox 2919 1102 3216 1154; x_wconf 89' lang='lat' dir='ltr'><strong>humanum</strong></span> <span class='ocrx_word' id='word_1_181' title='bbox 3254 1112 3268 1149; x_wconf 90' lang='lat'><strong>:</strong></span> <span class='ocrx_word' id='word_1_182' title='bbox 3305 1096 3399 1149; x_wconf 79' lang='lat' dir='ltr'><strong>sed</strong></span> <span class='ocrx_word' id='word_1_183' title='bbox 3429 1092 3556 1158; x_wconf 71' lang='lat' dir='ltr'><strong>quia</strong></span> 
     </span>
    </p>
   </div>
   <div class='ocr_carea' id='block_1_25' title="bbox 1958 1187 3560 1272">
    <p class='ocr_par' dir='ltr' id='par_1_25' title="bbox 1958 1187 3560 1272">
     <span class='ocr_line' id='line_1_25' title="bbox 1958 1187 3560 1272; baseline -0.013 -14"><span class='ocrx_word' id='word_1_184' title='bbox 1958 1207 2058 1259; x_wconf 92' lang='lat' dir='ltr'><strong>hoc</strong></span> <span class='ocrx_word' id='word_1_185' title='bbox 2092 1203 2192 1272; x_wconf 89' lang='lat' dir='ltr'><strong>ipsi</strong></span> <span class='ocrx_word' id='word_1_186' title='bbox 2224 1200 2380 1256; x_wconf 87' lang='lat' dir='ltr'><strong>fateri</strong></span> <span class='ocrx_word' id='word_1_187' title='bbox 2413 1199 2725 1261; x_wconf 90' lang='lat' dir='ltr'><strong>noluerunt,</strong></span> <span class='ocrx_word' id='word_1_188' title='bbox 2757 1197 2870 1264; x_wconf 90' lang='lat' dir='ltr'><strong>ipse</strong></span> <span class='ocrx_word' id='word_1_189' title='bbox 2911 1189 3197 1261; x_wconf 83' lang='lat' dir='ltr'><strong>respondet</strong></span> <span class='ocrx_word' id='word_1_190' title='bbox 3230 1188 3330 1248; x_wconf 86' lang='lat' dir='ltr'><strong>eis,</strong></span> <span class='ocrx_word' id='word_1_191' title='bbox 3351 1187 3560 1241; x_wconf 80' lang='lat' dir='ltr'><strong>docens</strong></span> 
     </span>
    </p>
   </div>
   <div class='ocr_carea' id='block_1_26' title="bbox 1955 1281 3559 1367">
    <p class='ocr_par' dir='ltr' id='par_1_26' title="bbox 1955 1281 3559 1367">
     <span class='ocr_line' id='line_1_26' title="bbox 1955 1281 3559 1367; baseline -0.014 -15"><span class='ocrx_word' id='word_1_192' title='bbox 1955 1299 2100 1367; x_wconf 87' lang='lat' dir='ltr'><strong>quod</strong></span> <span class='ocrx_word' id='word_1_193' title='bbox 2137 1313 2163 1349; x_wconf 89' lang='lat' dir='ltr'><strong>a</strong></span> <span class='ocrx_word' id='word_1_194' title='bbox 2203 1293 2313 1350; x_wconf 91' lang='lat' dir='ltr'><strong>Deo</strong></span> <span class='ocrx_word' id='word_1_195' title='bbox 2355 1305 2409 1348; x_wconf 91' lang='lat' dir='ltr'><strong>et</strong></span> <span class='ocrx_word' id='word_1_196' title='bbox 2440 1292 2602 1346; x_wconf 85' lang='lat' dir='ltr'><strong>Patre</strong></span> <span class='ocrx_word' id='word_1_197' title='bbox 2649 1291 2719 1344; x_wconf 87' lang='lat' dir='ltr'><strong>sit</strong></span> <span class='ocrx_word' id='word_1_198' title='bbox 2747 1290 2992 1343; x_wconf 68' lang='lat' dir='ltr'><strong>doctrina</strong></span> <span class='ocrx_word' id='word_1_199' title='bbox 3039 1285 3150 1338; x_wconf 91' lang='lat' dir='ltr'><strong>illa.</strong></span> <span class='ocrx_word' id='word_1_200' title='bbox 3181 1281 3321 1336; x_wconf 71' lang='lat' dir='ltr'><strong>Nihil</strong></span> <span class='ocrx_word' id='word_1_201' title='bbox 3378 1293 3559 1332; x_wconf 84' lang='lat' dir='ltr'><strong>meum</strong></span> 
     </span>
    </p>
   </div>
   <div class='ocr_carea' id='block_1_27' title="bbox 1956 1370 3562 1456">
    <p class='ocr_par' dir='ltr' id='par_1_27' title="bbox 1956 1370 3562 1456">
     <span class='ocr_line' id='line_1_27' title="bbox 1956 1370 3562 1456; baseline -0.014 -12"><span class='ocrx_word' id='word_1_202' title='bbox 1956 1401 2062 1454; x_wconf 89' lang='lat' dir='ltr'><strong>est,</strong></span> <span class='ocrx_word' id='word_1_203' title='bbox 2103 1388 2298 1456; x_wconf 88' lang='lat' dir='ltr'><strong>inquit,</strong></span> <span class='ocrx_word' id='word_1_204' title='bbox 2340 1400 2516 1454; x_wconf 90' lang='lat' dir='ltr'><strong>neque</strong></span> <span class='ocrx_word' id='word_1_205' title='bbox 2551 1401 2578 1437; x_wconf 89' lang='lat' dir='ltr'><strong>a</strong></span> <span class='ocrx_word' id='word_1_206' title='bbox 2631 1383 2862 1451; x_wconf 87' lang='lat' dir='ltr'><strong>meipso,</strong></span> <span class='ocrx_word' id='word_1_207' title='bbox 2898 1390 3155 1448; x_wconf 84' lang='lat' dir='ltr'><strong>tauquam</strong></span> <span class='ocrx_word' id='word_1_208' title='bbox 3214 1370 3562 1429; x_wconf 89' lang='lat' dir='ltr'><strong>adversarius</strong></span> 
     </span>
    </p>
   </div>
   <div class='ocr_carea' id='block_1_28' title="bbox 1960 1463 3560 1549">
    <p class='ocr_par' dir='ltr' id='par_1_28' title="bbox 1960 1463 3560 1549">
     <span class='ocr_line' id='line_1_28' title="bbox 1960 1463 3560 1549; baseline -0.012 -16"><span class='ocrx_word' id='word_1_209' title='bbox 1960 1481 2090 1540; x_wconf 86' lang='lat' dir='ltr'><strong>Deo,</strong></span> <span class='ocrx_word' id='word_1_210' title='bbox 2121 1480 2310 1549; x_wconf 89' lang='lat' dir='ltr'><strong>loquor</strong></span> <span class='ocrx_word' id='word_1_211' title='bbox 2345 1497 2356 1530; x_wconf 93' lang='lat'>:</span> <span class='ocrx_word' id='word_1_212' title='bbox 2396 1477 2490 1532; x_wconf 82' lang='lat' dir='ltr'><strong>sed</strong></span> <span class='ocrx_word' id='word_1_213' title='bbox 2551 1489 2895 1545; x_wconf 59' lang='lat' dir='ltr'><strong>quaecunque</strong></span> <span class='ocrx_word' id='word_1_214' title='bbox 2947 1471 3035 1524; x_wconf 89' lang='lat' dir='ltr'><strong>illa</strong></span> <span class='ocrx_word' id='word_1_215' title='bbox 3095 1468 3302 1523; x_wconf 81' lang='lat' dir='ltr'><strong>fuerint</strong></span> <span class='ocrx_word' id='word_1_216' title='bbox 3356 1463 3560 1525; x_wconf 80' lang='lat' dir='ltr'><strong>Patris,</strong></span> 
     </span>
    </p>
   </div>
   <div class='ocr_carea' id='block_1_29' title="bbox 1960 1573 2700 1629">
    <p class='ocr_par' dir='ltr' id='par_1_29' title="bbox 1960 1573 2700 1629">
     <span class='ocr_line' id='line_1_29' title="bbox 1960 1573 2700 1629; baseline -0.005 -1"><span class='ocrx_word' id='word_1_217' title='bbox 1960 1577 2073 1629; x_wconf 88' lang='lat' dir='ltr'><strong>haec</strong></span> <span class='ocrx_word' id='word_1_218' title='bbox 2114 1584 2166 1627; x_wconf 91' lang='lat' dir='ltr'><strong>et</strong></span> <span class='ocrx_word' id='word_1_219' title='bbox 2202 1587 2319 1626; x_wconf 92' lang='lat' dir='ltr'><strong>mea</strong></span> <span class='ocrx_word' id='word_1_220' title='bbox 2356 1573 2520 1626; x_wconf 88' lang='lat' dir='ltr'><strong>verba</strong></span> <span class='ocrx_word' id='word_1_221' title='bbox 2555 1579 2700 1624; x_wconf 89' lang='lat' dir='ltr'><strong>sunt.</strong></span> 
     </span>
    </p>
   </div>
   <div class='ocr_carea' id='block_1_30' title="bbox 2038 1649 3567 1734">
    <p class='ocr_par' dir='ltr' id='par_1_30' title="bbox 2038 1649 3567 1734">
     <span class='ocr_line' id='line_1_30' title="bbox 2038 1649 3567 1734; baseline -0.012 -13"><span class='ocrx_word' id='word_1_222' title='bbox 2038 1667 2196 1722; x_wconf 71' lang='lat' dir='ltr'><strong>Vens.</strong></span> <span class='ocrx_word' id='word_1_223' title='bbox 2232 1667 2318 1733; x_wconf 80' lang='grc' dir='ltr'><strong>ΓΙ,</strong></span> <span class='ocrx_word' id='word_1_224' title='bbox 2352 1667 2438 1720; x_wconf 74' lang='grc'><strong>18.</strong></span> <span class='ocrx_word' id='word_1_225' title='bbox 2481 1685 2497 1716; x_wconf 83' lang='grc' dir='ltr'><strong>ι</strong></span> <span class='ocrx_word' id='word_1_226' title='bbox 2537 1665 2592 1718; x_wconf 92' lang='lat' dir='ltr'><strong>Si</strong></span> <span class='ocrx_word' id='word_1_227' title='bbox 2619 1664 2743 1734; x_wconf 86' lang='lat' dir='ltr'><strong>quis</strong></span> <span class='ocrx_word' id='word_1_228' title='bbox 2771 1660 3005 1715; x_wconf 87' lang='lat' dir='ltr'><strong>voluerit</strong></span> <span class='ocrx_word' id='word_1_229' title='bbox 3030 1656 3366 1709; x_wconf 75' lang='lat' dir='ltr'><strong>voluntatem</strong></span> <span class='ocrx_word' id='word_1_230' title='bbox 3393 1649 3567 1721; x_wconf 87' lang='lat' dir='ltr'><strong>ipsius</strong></span> 
     </span>
    </p>
   </div>
   <div class='ocr_carea' id='block_1_31' title="bbox 1961 1745 3564 1822">
    <p class='ocr_par' dir='ltr' id='par_1_31' title="bbox 1961 1745 3564 1822">
     <span class='ocr_line' id='line_1_31' title="bbox 1961 1745 3564 1822; baseline -0.012 -8"><span class='ocrx_word' id='word_1_231' title='bbox 1961 1763 2160 1822; x_wconf 83' lang='lat' dir='ltr'><strong>facere,</strong></span> <span class='ocrx_word' id='word_1_232' title='bbox 2189 1759 2328 1813; x_wconf 88' lang='lat' dir='ltr'><strong>sciet</strong></span> <span class='ocrx_word' id='word_1_233' title='bbox 2354 1761 2418 1811; x_wconf 86' lang='lat' dir='ltr'><strong>de</strong></span> <span class='ocrx_word' id='word_1_234' title='bbox 2453 1755 2700 1810; x_wconf 79' lang='lat' dir='ltr'><strong>doctrina</strong></span> <span class='ocrx_word' id='word_1_235' title='bbox 2737 1761 2917 1804; x_wconf 87' lang='lat' dir='ltr'><strong>utrtnn</strong></span> <span class='ocrx_word' id='word_1_236' title='bbox 2943 1763 3010 1802; x_wconf 79' lang='lat' dir='ltr'><strong>ex</strong></span> <span class='ocrx_word' id='word_1_237' title='bbox 3048 1747 3156 1801; x_wconf 89' lang='lat' dir='ltr'><strong>Deo</strong></span> <span class='ocrx_word' id='word_1_238' title='bbox 3181 1745 3276 1807; x_wconf 87' lang='lat' dir='ltr'><strong>sit,</strong></span> <span class='ocrx_word' id='word_1_239' title='bbox 3301 1759 3367 1796; x_wconf 91' lang='lat' dir='ltr'><strong>au</strong></span> <span class='ocrx_word' id='word_1_240' title='bbox 3405 1757 3506 1812; x_wconf 85' lang='lat' dir='ltr'><strong>ego</strong></span> <span class='ocrx_word' id='word_1_241' title='bbox 3533 1758 3564 1794; x_wconf 86' lang='lat' dir='ltr'><strong>a</strong></span> 
     </span>
    </p>
   </div>
   <div class='ocr_carea' id='block_1_32' title="bbox 1962 1837 3565 1920">
    <p class='ocr_par' dir='ltr' id='par_1_32' title="bbox 1962 1837 3565 1920">
     <span class='ocr_line' id='line_1_32' title="bbox 1962 1837 3565 1920; baseline -0.011 -15"><span class='ocrx_word' id='word_1_242' title='bbox 1962 1854 2168 1920; x_wconf 91' lang='lat' dir='ltr'><strong>meipso</strong></span> <span class='ocrx_word' id='word_1_243' title='bbox 2227 1851 2438 1920; x_wconf 83' lang='lat' dir='ltr'><strong>loquar.</strong></span> <span class='ocrx_word' id='word_1_244' title='bbox 2470 1848 2574 1915; x_wconf 85' lang='lat' dir='ltr'><strong>Qui</strong></span> <span class='ocrx_word' id='word_1_245' title='bbox 2608 1864 2634 1900; x_wconf 86' lang='lat' dir='ltr'><strong>a</strong></span> <span class='ocrx_word' id='word_1_246' title='bbox 2678 1845 2972 1913; x_wconf 81' lang='lat' dir='ltr'><strong>semetipso</strong></span> <span class='ocrx_word' id='word_1_247' title='bbox 3010 1839 3272 1909; x_wconf 80' lang='lat' dir='ltr'><strong>loquitur,</strong></span> <span class='ocrx_word' id='word_1_248' title='bbox 3335 1837 3565 1908; x_wconf 79' lang='lat' dir='ltr'><strong>gloriam</strong></span> 
     </span>
    </p>
   </div>
   <div class='ocr_carea' id='block_1_33' title="bbox 259 1928 1863 2031">
    <p class='ocr_par' dir='ltr' id='par_1_33' title="bbox 259 1928 1859 2031">
     <span class='ocr_line' id='line_1_33' title="bbox 259 1928 1859 2031; baseline -0.003 -21"><span class='ocrx_word' id='word_1_249' title='bbox 259 1958 358 2031; x_wconf 76' lang='grc' dir='ltr'>τὴν</span> <span class='ocrx_word' id='word_1_250' title='bbox 397 1928 533 2010; x_wconf 86' lang='grc' dir='ltr'>ίδίαν</span> <span class='ocrx_word' id='word_1_251' title='bbox 566 1957 721 2024; x_wconf 77' lang='grc' dir='ltr'>ζητεῖ</span> <span class='ocrx_word' id='word_1_252' title='bbox 741 1999 754 2014; x_wconf 94' lang='grc'><strong>.</strong></span> <span class='ocrx_word' id='word_1_253' title='bbox 794 1957 850 2009; x_wconf 89' lang='grc' dir='ltr'><strong>Ὀ</strong></span> <span class='ocrx_word' id='word_1_254' title='bbox 879 1956 932 2008; x_wconf 83' lang='grc' dir='ltr'><strong>δὲ</strong></span> <span class='ocrx_word' id='word_1_255' title='bbox 971 1928 1150 2025; x_wconf 76' lang='grc' dir='ltr'>ζητῶν</span> <span class='ocrx_word' id='word_1_256' title='bbox 1174 1954 1273 2022; x_wconf 81' lang='grc' dir='ltr'><strong>τὴν</strong></span> <span class='ocrx_word' id='word_1_257' title='bbox 1296 1954 1457 2020; x_wconf 75' lang='grc' dir='ltr'>δόξαν</span> <span class='ocrx_word' id='word_1_258' title='bbox 1485 1953 1579 2006; x_wconf 85' lang='grc' dir='ltr'><strong>τοῦ</strong></span> <span class='ocrx_word' id='word_1_259' title='bbox 1606 1928 1859 2021; x_wconf 74' lang='grc' dir='ltr'>πέμψαν-</span> 
     </span>
    </p>
   </div>
   <div class='ocr_carea' id='block_1_34' title="bbox 1972 1928 3567 2031">
    <p class='ocr_par' dir='ltr' id='par_1_34' title="bbox 1972 1930 3567 2016">
     <span class='ocr_line' id='line_1_34' title="bbox 1972 1930 3567 2016; baseline -0.016 -11"><span class='ocrx_word' id='word_1_260' title='bbox 1972 1946 2239 2016; x_wconf 81' lang='lat' dir='ltr'><strong>propriam</strong></span> <span class='ocrx_word' id='word_1_261' title='bbox 2300 1944 2498 2014; x_wconf 80' lang='lat' dir='ltr'><strong>quaerit</strong></span> <span class='ocrx_word' id='word_1_262' title='bbox 2532 1959 2546 1996; x_wconf 89' lang='lat'><strong>:</strong></span> <span class='ocrx_word' id='word_1_263' title='bbox 2597 1941 2686 2012; x_wconf 86' lang='lat' dir='ltr'><strong>qui</strong></span> <span class='ocrx_word' id='word_1_264' title='bbox 2725 1951 2904 1991; x_wconf 89' lang='lat' dir='ltr'><strong>autem</strong></span> <span class='ocrx_word' id='word_1_265' title='bbox 2940 1935 3134 2004; x_wconf 81' lang='lat' dir='ltr'><strong>quaerit</strong></span> <span class='ocrx_word' id='word_1_266' title='bbox 3173 1932 3402 2003; x_wconf 79' lang='lat' dir='ltr'><strong>gloriam</strong></span> <span class='ocrx_word' id='word_1_267' title='bbox 3449 1930 3567 1999; x_wconf 84' lang='lat' dir='ltr'><strong>ejus</strong></span> 
     </span>
    </p>
   </div>
   <div class='ocr_carea' id='block_1_35' title="bbox 257 2045 1860 2118">
    <p class='ocr_par' dir='ltr' id='par_1_35' title="bbox 257 2045 1860 2118">
     <span class='ocr_line' id='line_1_35' title="bbox 257 2045 1860 2118; baseline -0.004 -14"><span class='ocrx_word' id='word_1_268' title='bbox 257 2070 347 2114; x_wconf 80' lang='grc' dir='ltr'>τος</span> <span class='ocrx_word' id='word_1_269' title='bbox 377 2051 564 2117; x_wconf 65' lang='grc' dir='ltr'>αὐτὸν,</span> <span class='ocrx_word' id='word_1_270' title='bbox 596 2047 750 2113; x_wconf 75' lang='grc' dir='ltr'>οὗτος</span> <span class='ocrx_word' id='word_1_271' title='bbox 777 2049 994 2118; x_wconf 47' lang='grc' dir='ltr'>ἀληθής,</span> <span class='ocrx_word' id='word_1_272' title='bbox 1035 2052 1174 2107; x_wconf 70' lang='grc' dir='ltr'>ἐστι,</span> <span class='ocrx_word' id='word_1_273' title='bbox 1213 2050 1310 2102; x_wconf 70' lang='grc' dir='ltr'><strong>καὶ</strong></span> <span class='ocrx_word' id='word_1_274' title='bbox 1346 2047 1533 2100; x_wconf 77' lang='grc' dir='ltr'>ἀδικία</span> <span class='ocrx_word' id='word_1_275' title='bbox 1573 2047 1674 2099; x_wconf 87' lang='grc' dir='ltr'><strong>οὑκ</strong></span> <span class='ocrx_word' id='word_1_276' title='bbox 1710 2045 1860 2099; x_wconf 78' lang='grc' dir='ltr'>ἐστιν</span> 
     </span>
    </p>
   </div>
   <div class='ocr_carea' id='block_1_36' title="bbox 265 2138 1860 2213">
    <p class='ocr_par' dir='ltr' id='par_1_36' title="bbox 265 2138 1860 2213">
     <span class='ocr_line' id='line_1_36' title="bbox 265 2138 1860 2213; baseline -0.003 -18"><span class='ocrx_word' id='word_1_277' title='bbox 265 2145 322 2196; x_wconf 82' lang='grc' dir='ltr'>ὲν</span> <span class='ocrx_word' id='word_1_278' title='bbox 354 2144 528 2213; x_wconf 82' lang='grc' dir='ltr'>αὐτῷ.</span> <span class='ocrx_word' id='word_1_279' title='bbox 571 2163 588 2194; x_wconf 70' lang='grc' dir='ltr'><strong>ι</strong></span> <span class='ocrx_word' id='word_1_280' title='bbox 651 2142 856 2206; x_wconf 80' lang='grc' dir='ltr'><strong>Εἰπὼν,</strong></span> <span class='ocrx_word' id='word_1_281' title='bbox 912 2144 991 2195; x_wconf 82' lang='grc' dir='ltr'>ὅτι</span> <span class='ocrx_word' id='word_1_282' title='bbox 1043 2162 1058 2192; x_wconf 83' lang='grc' dir='ltr'><strong>ι</strong></span> <span class='ocrx_word' id='word_1_283' title='bbox 1112 2143 1174 2193; x_wconf 86' lang='grc' dir='ltr'>Ἠ</span> <span class='ocrx_word' id='word_1_284' title='bbox 1211 2141 1318 2211; x_wconf 74' lang='grc' dir='ltr'><strong>ἐμὴ</strong></span> <span class='ocrx_word' id='word_1_285' title='bbox 1347 2141 1533 2210; x_wconf 81' lang='grc' dir='ltr'>διδαχὴ</span> <span class='ocrx_word' id='word_1_286' title='bbox 1565 2140 1665 2193; x_wconf 82' lang='grc' dir='ltr'><strong>οὐκ</strong></span> <span class='ocrx_word' id='word_1_287' title='bbox 1711 2138 1860 2193; x_wconf 75' lang='grc' dir='ltr'>ἐστιν</span> 
     </span>
    </p>
   </div>
   <div class='ocr_carea' id='block_1_37' title="bbox 261 2231 1861 2307">
    <p class='ocr_par' dir='ltr' id='par_1_37' title="bbox 261 2231 1861 2307">
     <span class='ocr_line' id='line_1_37' title="bbox 261 2231 1861 2307; baseline -0.002 -18"><span class='ocrx_word' id='word_1_288' title='bbox 261 2238 394 2307; x_wconf 73' lang='grc' dir='ltr'>ἐμὴ,</span> <span class='ocrx_word' id='word_1_289' title='bbox 444 2255 462 2288; x_wconf 73' lang='grc' dir='ltr'><strong>ι</strong></span> <span class='ocrx_word' id='word_1_290' title='bbox 495 2237 797 2298; x_wconf 81' lang='grc' dir='ltr'>τουτέστιν,</span> <span class='ocrx_word' id='word_1_291' title='bbox 826 2236 1044 2288; x_wconf 71' lang='grc' dir='ltr'>ἐναντία</span> <span class='ocrx_word' id='word_1_292' title='bbox 1075 2235 1218 2301; x_wconf 79' lang='grc' dir='ltr'>Θεῷ,</span> <span class='ocrx_word' id='word_1_293' title='bbox 1259 2253 1276 2284; x_wconf 78' lang='grc' dir='ltr'><strong>ι</strong></span> <span class='ocrx_word' id='word_1_294' title='bbox 1318 2235 1454 2286; x_wconf 78' lang='grc' dir='ltr'><strong>ἀλλά</strong></span> <span class='ocrx_word' id='word_1_295' title='bbox 1481 2233 1576 2286; x_wconf 85' lang='grc' dir='ltr'><strong>τοῦ</strong></span> <span class='ocrx_word' id='word_1_296' title='bbox 1640 2231 1861 2301; x_wconf 82' lang='grc' dir='ltr'><strong>Πατρός</strong></span> 
     </span>
    </p>
   </div>
   <div class='ocr_carea' id='block_1_38' title="bbox 263 2323 1860 2400">
    <p class='ocr_par' dir='ltr' id='par_1_38' title="bbox 263 2323 1860 2400">
     <span class='ocr_line' id='line_1_38' title="bbox 263 2323 1860 2400; baseline -0.003 -18"><span class='ocrx_word' id='word_1_297' title='bbox 263 2328 368 2396; x_wconf 85' lang='grc' dir='ltr'><strong>μοῦ</strong></span> <span class='ocrx_word' id='word_1_298' title='bbox 401 2332 572 2400; x_wconf 62' lang='grc' dir='ltr'>ἐστιν,</span> <span class='ocrx_word' id='word_1_299' title='bbox 613 2348 631 2380; x_wconf 72' lang='grc' dir='ltr'><strong>ι</strong></span> <span class='ocrx_word' id='word_1_300' title='bbox 666 2330 850 2397; x_wconf 63' lang='grc' dir='ltr'>φησὶν,</span> <span class='ocrx_word' id='word_1_301' title='bbox 879 2328 959 2379; x_wconf 82' lang='grc' dir='ltr'>ὅτι</span> <span class='ocrx_word' id='word_1_302' title='bbox 991 2327 1121 2379; x_wconf 73' lang='grc' dir='ltr'>Ἐάν</span> <span class='ocrx_word' id='word_1_303' title='bbox 1162 2345 1245 2389; x_wconf 86' lang='grc' dir='ltr'>τις</span> <span class='ocrx_word' id='word_1_304' title='bbox 1279 2327 1339 2378; x_wconf 64' lang='grc' dir='ltr'>τὸ</span> <span class='ocrx_word' id='word_1_305' title='bbox 1362 2326 1575 2396; x_wconf 82' lang='grc' dir='ltr'>θέλημα</span> <span class='ocrx_word' id='word_1_306' title='bbox 1603 2324 1699 2378; x_wconf 84' lang='grc' dir='ltr'><strong>τοῦ</strong></span> <span class='ocrx_word' id='word_1_307' title='bbox 1724 2323 1860 2377; x_wconf 86' lang='grc' dir='ltr'>Θεοῦ</span> 
     </span>
    </p>
   </div>
   <div class='ocr_carea' id='block_1_39' title="bbox 262 2413 1859 2488">
    <p class='ocr_par' dir='ltr' id='par_1_39' title="bbox 262 2413 1859 2488">
     <span class='ocr_line' id='line_1_39' title="bbox 262 2413 1859 2488; baseline -0.004 -17"><span class='ocrx_word' id='word_1_308' title='bbox 262 2423 418 2488; x_wconf 80' lang='grc' dir='ltr'>ποιῇ.</span> <span class='ocrx_word' id='word_1_309' title='bbox 445 2421 745 2483; x_wconf 82' lang='grc' dir='ltr'>τουτέστιν,</span> <span class='ocrx_word' id='word_1_310' title='bbox 769 2419 899 2471; x_wconf 83' lang='grc' dir='ltr'><strong>Ἐάν</strong></span> <span class='ocrx_word' id='word_1_311' title='bbox 931 2437 1011 2481; x_wconf 85' lang='grc' dir='ltr'><strong>τις</strong></span> <span class='ocrx_word' id='word_1_312' title='bbox 1038 2418 1241 2486; x_wconf 82' lang='grc' dir='ltr'>ἀρετῆς</span> <span class='ocrx_word' id='word_1_313' title='bbox 1277 2418 1645 2485; x_wconf 78' lang='grc' dir='ltr'>ἀντιποιῆται,</span> <span class='ocrx_word' id='word_1_314' title='bbox 1682 2414 1778 2467; x_wconf 78' lang='grc' dir='ltr'>καὶ</span> <span class='ocrx_word' id='word_1_315' title='bbox 1798 2413 1859 2466; x_wconf 82' lang='grc' dir='ltr'><strong>οὐ</strong></span> 
     </span>
    </p>
   </div>
   <div class='ocr_carea' id='block_1_40' title="bbox 262 2504 1862 2579">
    <p class='ocr_par' dir='ltr' id='par_1_40' title="bbox 262 2504 1862 2579">
     <span class='ocr_line' id='line_1_40' title="bbox 262 2504 1862 2579; baseline -0.004 -19"><span class='ocrx_word' id='word_1_316' title='bbox 262 2509 446 2577; x_wconf 69' lang='grc' dir='ltr'>φθόνῳ</span> <span class='ocrx_word' id='word_1_317' title='bbox 493 2509 742 2579; x_wconf 76' lang='grc' dir='ltr'>δουλεύῃ,</span> <span class='ocrx_word' id='word_1_318' title='bbox 776 2509 896 2562; x_wconf 72' lang='grc' dir='ltr'>οῦδὲ</span> <span class='ocrx_word' id='word_1_319' title='bbox 959 2509 1038 2576; x_wconf 82' lang='grc' dir='ltr'>τῷ</span> <span class='ocrx_word' id='word_1_320' title='bbox 1082 2510 1217 2576; x_wconf 67' lang='grc' dir='ltr'>πρός</span> <span class='ocrx_word' id='word_1_321' title='bbox 1283 2526 1350 2576; x_wconf 86' lang='grc' dir='ltr'><strong>με</strong></span> <span class='ocrx_word' id='word_1_322' title='bbox 1412 2507 1626 2575; x_wconf 75' lang='grc' dir='ltr'>ματαίῳ</span> <span class='ocrx_word' id='word_1_323' title='bbox 1682 2504 1862 2574; x_wconf 78' lang='grc' dir='ltr'>φθόνῳ</span> 
     </span>
    </p>
   </div>
   <div class='ocr_carea' id='block_1_41' title="bbox 261 2597 1863 2672">
    <p class='ocr_par' dir='ltr' id='par_1_41' title="bbox 261 2597 1863 2672">
     <span class='ocr_line' id='line_1_41' title="bbox 261 2597 1863 2672; baseline -0.001 -20"><span class='ocrx_word' id='word_1_324' title='bbox 261 2601 649 2672; x_wconf 78' lang='grc' dir='ltr'>ὲπισκοτῆται.</span> <span class='ocrx_word' id='word_1_325' title='bbox 691 2601 964 2668; x_wconf 78' lang='grc' dir='ltr'>γνώσεται</span> <span class='ocrx_word' id='word_1_326' title='bbox 1005 2601 1112 2651; x_wconf 84' lang='grc' dir='ltr'><strong>τῶν</strong></span> <span class='ocrx_word' id='word_1_327' title='bbox 1165 2601 1314 2669; x_wconf 78' lang='grc' dir='ltr'>ἐμῶν</span> <span class='ocrx_word' id='word_1_328' title='bbox 1343 2602 1522 2665; x_wconf 70' lang='grc' dir='ltr'>λόγων</span> <span class='ocrx_word' id='word_1_329' title='bbox 1551 2602 1648 2666; x_wconf 72' lang='grc' dir='ltr'>τὴν</span> <span class='ocrx_word' id='word_1_330' title='bbox 1702 2597 1863 2650; x_wconf 80' lang='grc' dir='ltr'>δύνα-</span> 
     </span>
    </p>
   </div>
   <div class='ocr_carea' id='block_1_42' title="bbox 273 2689 1866 2758">
    <p class='ocr_par' dir='ltr' id='par_1_42' title="bbox 273 2689 1866 2758">
     <span class='ocr_line' id='line_1_42' title="bbox 273 2689 1866 2758; baseline -0.001 -14"><span class='ocrx_word' id='word_1_331' title='bbox 273 2709 391 2758; x_wconf 87' lang='grc' dir='ltr'>μιν,</span> <span class='ocrx_word' id='word_1_332' title='bbox 416 2691 510 2746; x_wconf 73' lang='grc' dir='ltr'><strong>ὲάν</strong></span> <span class='ocrx_word' id='word_1_333' title='bbox 559 2708 617 2741; x_wconf 89' lang='grc' dir='ltr'><strong>τε</strong></span> <span class='ocrx_word' id='word_1_334' title='bbox 649 2692 715 2744; x_wconf 76' lang='grc' dir='ltr'>τὰ</span> <span class='ocrx_word' id='word_1_335' title='bbox 747 2691 840 2742; x_wconf 86' lang='grc' dir='ltr'><strong>τοῦ</strong></span> <span class='ocrx_word' id='word_1_336' title='bbox 876 2692 1087 2758; x_wconf 78' lang='grc' dir='ltr'>Πατρὸς</span> <span class='ocrx_word' id='word_1_337' title='bbox 1132 2692 1300 2750; x_wconf 75' lang='grc' dir='ltr'>λαλῶ,</span> <span class='ocrx_word' id='word_1_338' title='bbox 1339 2692 1432 2741; x_wconf 71' lang='grc' dir='ltr'><strong>ἐάν</strong></span> <span class='ocrx_word' id='word_1_339' title='bbox 1473 2708 1532 2741; x_wconf 91' lang='grc' dir='ltr'><strong>τε</strong></span> <span class='ocrx_word' id='word_1_340' title='bbox 1567 2690 1693 2754; x_wconf 81' lang='grc' dir='ltr'>ξένα</span> <span class='ocrx_word' id='word_1_341' title='bbox 1741 2689 1866 2742; x_wconf 76' lang='grc' dir='ltr'>τινὰ</span> 
     </span>
    </p>
   </div>
   <div class='ocr_carea' id='block_1_43' title="bbox 261 2781 1866 2850">
    <p class='ocr_par' dir='ltr' id='par_1_43' title="bbox 261 2781 1866 2850">
     <span class='ocr_line' id='line_1_43' title="bbox 261 2781 1866 2850; baseline -0.001 -15"><span class='ocrx_word' id='word_1_342' title='bbox 261 2783 359 2835; x_wconf 71' lang='grc' dir='ltr'>καὶ</span> <span class='ocrx_word' id='word_1_343' title='bbox 395 2781 849 2850; x_wconf 70' lang='grc' dir='ltr'>παρηλλαγμένα.</span> <span class='ocrx_word' id='word_1_344' title='bbox 882 2783 1110 2849; x_wconf 75' lang='grc' dir='ltr'>Θέλημα</span> <span class='ocrx_word' id='word_1_345' title='bbox 1142 2783 1195 2834; x_wconf 80' lang='grc' dir='ltr'>δὲ</span> <span class='ocrx_word' id='word_1_346' title='bbox 1239 2782 1332 2834; x_wconf 87' lang='grc' dir='ltr'><strong>τοῦ</strong></span> <span class='ocrx_word' id='word_1_347' title='bbox 1382 2782 1516 2834; x_wconf 74' lang='grc' dir='ltr'>Θεοῦ</span> <span class='ocrx_word' id='word_1_348' title='bbox 1571 2785 1733 2843; x_wconf 81' lang='grc' dir='ltr'>ποιεῖ,</span> <span class='ocrx_word' id='word_1_349' title='bbox 1771 2783 1866 2834; x_wconf 75' lang='grc' dir='ltr'>καὶ</span> 
     </span>
    </p>
   </div>
   <div class='ocr_carea' id='block_1_44' title="bbox 262 2872 1865 2943">
    <p class='ocr_par' dir='ltr' id='par_1_44' title="bbox 262 2872 1865 2943">
     <span class='ocr_line' id='line_1_44' title="bbox 262 2872 1865 2943; baseline 0 -19"><span class='ocrx_word' id='word_1_350' title='bbox 262 2876 292 2924; x_wconf 82' lang='grc' dir='ltr'>ὀ</span> <span class='ocrx_word' id='word_1_351' title='bbox 321 2872 423 2932; x_wconf 72' lang='grc' dir='ltr'><strong>τὰς</strong></span> <span class='ocrx_word' id='word_1_352' title='bbox 455 2872 678 2942; x_wconf 74' lang='grc' dir='ltr'>Γραφὰς</span> <span class='ocrx_word' id='word_1_353' title='bbox 725 2876 820 2925; x_wconf 72' lang='grc' dir='ltr'><strong>καὶ</strong></span> <span class='ocrx_word' id='word_1_354' title='bbox 854 2876 980 2935; x_wconf 73' lang='grc' dir='ltr'>τοὺς</span> <span class='ocrx_word' id='word_1_355' title='bbox 1015 2876 1305 2943; x_wconf 71' lang='grc' dir='ltr'>προφήτας</span> <span class='ocrx_word' id='word_1_356' title='bbox 1337 2874 1594 2940; x_wconf 75' lang='grc' dir='ltr'>ἐρευνῶν.</span> <span class='ocrx_word' id='word_1_357' title='bbox 1637 2873 1698 2926; x_wconf 86' lang='lat'><strong>&#39;0</strong></span> <span class='ocrx_word' id='word_1_358' title='bbox 1733 2873 1865 2940; x_wconf 88' lang='grc' dir='ltr'>γοῦν</span> 
     </span>
    </p>
   </div>
   <div class='ocr_carea' id='block_1_45' title="bbox 258 2963 1866 3035">
    <p class='ocr_par' dir='ltr' id='par_1_45' title="bbox 258 2963 1866 3035">
     <span class='ocr_line' id='line_1_45' title="bbox 258 2963 1866 3035; baseline 0.003 -21"><span class='ocrx_word' id='word_1_359' title='bbox 258 2963 511 3026; x_wconf 84' lang='grc' dir='ltr'>τοιοῦτος</span> <span class='ocrx_word' id='word_1_360' title='bbox 543 2965 770 3018; x_wconf 83' lang='grc' dir='ltr'>δύναται</span> <span class='ocrx_word' id='word_1_361' title='bbox 798 2966 1004 3031; x_wconf 85' lang='grc' dir='ltr'>γνῶναι</span> <span class='ocrx_word' id='word_1_362' title='bbox 1039 2967 1172 3035; x_wconf 78' lang='grc' dir='ltr'><strong>περὶ</strong></span> <span class='ocrx_word' id='word_1_363' title='bbox 1198 2965 1294 3033; x_wconf 80' lang='grc' dir='ltr'><strong>τῆς</strong></span> <span class='ocrx_word' id='word_1_364' title='bbox 1333 2966 1425 3017; x_wconf 86' lang='grc' dir='ltr'><strong>τοῦ</strong></span> <span class='ocrx_word' id='word_1_365' title='bbox 1464 2967 1670 3035; x_wconf 81' lang='grc' dir='ltr'>Κυρίου</span> <span class='ocrx_word' id='word_1_366' title='bbox 1719 2967 1866 3020; x_wconf 77' lang='grc' dir='ltr'>διδα.</span> 
     </span>
    </p>
   </div>
   <div class='ocr_carea' id='block_1_46' title="bbox 263 3055 1864 3126">
    <p class='ocr_par' dir='ltr' id='par_1_46' title="bbox 263 3055 1864 3126">
     <span class='ocr_line' id='line_1_46' title="bbox 263 3055 1864 3126; baseline -0.008 -1"><span class='ocrx_word' id='word_1_367' title='bbox 263 3055 392 3124; x_wconf 75' lang='grc' dir='ltr'><strong>κῆς,</strong></span> <span class='ocrx_word' id='word_1_368' title='bbox 428 3056 509 3108; x_wconf 81' lang='grc' dir='ltr'><strong>ὅτι</strong></span> <span class='ocrx_word' id='word_1_369' title='bbox 538 3056 645 3108; x_wconf 82' lang='grc' dir='ltr'><strong>ἀπὸ</strong></span> <span class='ocrx_word' id='word_1_370' title='bbox 667 3055 802 3109; x_wconf 82' lang='grc' dir='ltr'>Θεοῦ</span> <span class='ocrx_word' id='word_1_371' title='bbox 842 3060 1012 3110; x_wconf 74' lang='grc' dir='ltr'>ἐστιν.</span> <span class='ocrx_word' id='word_1_372' title='bbox 1045 3058 1104 3109; x_wconf 83' lang='grc' dir='ltr'><strong>ΟΞ</strong></span> <span class='ocrx_word' id='word_1_373' title='bbox 1161 3061 1446 3126; x_wconf 72' lang='grc' dir='ltr'>προφῆται</span> <span class='ocrx_word' id='word_1_374' title='bbox 1489 3061 1598 3126; x_wconf 67' lang='grc' dir='ltr'><strong>γὰρ</strong></span> <span class='ocrx_word' id='word_1_375' title='bbox 1628 3059 1729 3110; x_wconf 69' lang='grc' dir='ltr'><strong>οὐκ</strong></span> <span class='ocrx_word' id='word_1_376' title='bbox 1763 3061 1864 3112; x_wconf 82' lang='grc' dir='ltr'>ἀν·</span> 
     </span>
    </p>
   </div>
   <div class='ocr_carea' id='block_1_47' title="bbox 260 3147 1866 3217">
    <p class='ocr_par' dir='ltr' id='par_1_47' title="bbox 260 3147 1866 3217">
     <span class='ocr_line' id='line_1_47' title="bbox 260 3147 1866 3217; baseline 0.004 -19"><span class='ocrx_word' id='word_1_377' title='bbox 260 3147 446 3200; x_wconf 85' lang='grc' dir='ltr'>τίθεον</span> <span class='ocrx_word' id='word_1_378' title='bbox 469 3147 750 3215; x_wconf 83' lang='grc' dir='ltr'>εἰσάγουσι</span> <span class='ocrx_word' id='word_1_379' title='bbox 782 3150 868 3201; x_wconf 74' lang='grc' dir='ltr'><strong>τὸν</strong></span> <span class='ocrx_word' id='word_1_380' title='bbox 889 3149 1094 3217; x_wconf 80' lang='grc' dir='ltr'>Κύριον</span> <span class='ocrx_word' id='word_1_381' title='bbox 1119 3150 1213 3201; x_wconf 75' lang='grc' dir='ltr'>καὶ</span> <span class='ocrx_word' id='word_1_382' title='bbox 1244 3152 1334 3216; x_wconf 72' lang='grc' dir='ltr'><strong>ἀφ’</strong></span> <span class='ocrx_word' id='word_1_383' title='bbox 1360 3151 1555 3202; x_wconf 80' lang='grc' dir='ltr'>ἑαυτοῦ</span> <span class='ocrx_word' id='word_1_384' title='bbox 1576 3151 1866 3216; x_wconf 75' lang='grc' dir='ltr'>λαλοῦντα,</span> 
     </span>
    </p>
   </div>
   <div class='ocr_carea' id='block_1_48' title="bbox 261 3234 1864 3306">
    <p class='ocr_par' dir='ltr' id='par_1_48' title="bbox 261 3234 1864 3306">
     <span class='ocr_line' id='line_1_48' title="bbox 261 3234 1864 3306; baseline 0.003 -21"><span class='ocrx_word' id='word_1_385' title='bbox 261 3234 406 3288; x_wconf 82' lang='grc' dir='ltr'><strong>ἀλλά</strong></span> <span class='ocrx_word' id='word_1_386' title='bbox 438 3234 614 3288; x_wconf 86' lang='grc' dir='ltr'>πάντα</span> <span class='ocrx_word' id='word_1_387' title='bbox 664 3236 734 3288; x_wconf 73' lang='grc' dir='ltr'>τὰ</span> <span class='ocrx_word' id='word_1_388' title='bbox 760 3236 837 3305; x_wconf 78' lang='grc' dir='ltr'>τῷ</span> <span class='ocrx_word' id='word_1_389' title='bbox 883 3236 1003 3306; x_wconf 77' lang='grc' dir='ltr'><strong>Θεῷ</strong></span> <span class='ocrx_word' id='word_1_390' title='bbox 1038 3237 1328 3301; x_wconf 82' lang='grc' dir='ltr'>δοκοῦντα,</span> <span class='ocrx_word' id='word_1_391' title='bbox 1362 3239 1456 3290; x_wconf 70' lang='grc' dir='ltr'><strong>καὶ</strong></span> <span class='ocrx_word' id='word_1_392' title='bbox 1481 3239 1710 3306; x_wconf 85' lang='grc' dir='ltr'>λέγοντα</span> <span class='ocrx_word' id='word_1_393' title='bbox 1769 3241 1864 3292; x_wconf 72' lang='grc' dir='ltr'><strong>καὶ</strong></span> 
     </span>
    </p>
   </div>
   <div class='ocr_carea' id='block_1_49' title="bbox 261 3322 1861 3398">
    <p class='ocr_par' dir='ltr' id='par_1_49' title="bbox 261 3322 1861 3398">
     <span class='ocr_line' id='line_1_49' title="bbox 261 3322 1861 3398; baseline 0.003 -21"><span class='ocrx_word' id='word_1_394' title='bbox 261 3325 607 3396; x_wconf 79' lang='grc' dir='ltr'>πράττοντα.</span> <span class='ocrx_word' id='word_1_395' title='bbox 628 3322 760 3380; x_wconf 74' lang='grc' dir='ltr'>Εἶτα</span> <span class='ocrx_word' id='word_1_396' title='bbox 793 3329 884 3380; x_wconf 74' lang='grc' dir='ltr'>καὶ</span> <span class='ocrx_word' id='word_1_397' title='bbox 919 3329 1107 3398; x_wconf 73' lang='grc' dir='ltr'>ἕτερον</span> <span class='ocrx_word' id='word_1_398' title='bbox 1155 3329 1418 3398; x_wconf 80' lang='grc' dir='ltr'>λογισμὸν</span> <span class='ocrx_word' id='word_1_399' title='bbox 1464 3330 1744 3398; x_wconf 72' lang='grc' dir='ltr'>ἐπιφέρει,</span> <span class='ocrx_word' id='word_1_400' title='bbox 1777 3329 1861 3382; x_wconf 80' lang='grc' dir='ltr'><strong>λέ-</strong></span> 
     </span>
    </p>
   </div>
   <div class='ocr_carea' id='block_1_50' title="bbox 264 3418 1869 3492">
    <p class='ocr_par' dir='ltr' id='par_1_50' title="bbox 264 3418 1869 3492">
     <span class='ocr_line' id='line_1_50' title="bbox 264 3418 1869 3492; baseline 0.005 -23"><span class='ocrx_word' id='word_1_401' title='bbox 264 3434 386 3483; x_wconf 85' lang='grc' dir='ltr'>γων</span> <span class='ocrx_word' id='word_1_402' title='bbox 411 3434 426 3450; x_wconf 80' lang='grc' dir='ltr'><strong><em>ο</em></strong></span> <span class='ocrx_word' id='word_1_403' title='bbox 483 3418 542 3470; x_wconf 88' lang='grc' dir='ltr'>Ὀ</span> <span class='ocrx_word' id='word_1_404' title='bbox 587 3419 680 3488; x_wconf 71' lang='grc' dir='ltr'><strong>ἀφ’</strong></span> <span class='ocrx_word' id='word_1_405' title='bbox 705 3421 900 3473; x_wconf 75' lang='grc' dir='ltr'>ἑαυτοῦ</span> <span class='ocrx_word' id='word_1_406' title='bbox 923 3422 1120 3482; x_wconf 79' lang='grc' dir='ltr'>λαλῶν,</span> <span class='ocrx_word' id='word_1_407' title='bbox 1143 3423 1446 3483; x_wconf 82' lang='grc' dir='ltr'>τουτέστιν,</span> <span class='ocrx_word' id='word_1_408' title='bbox 1482 3423 1509 3473; x_wconf 78' lang='grc' dir='ltr'>ὁ</span> <span class='ocrx_word' id='word_1_409' title='bbox 1540 3423 1869 3492; x_wconf 83' lang='grc' dir='ltr'>βουλόμενος</span> 
     </span>
    </p>
   </div>
   <div class='ocr_carea' id='block_1_51' title="bbox 270 3509 1872 3583">
    <p class='ocr_par' dir='ltr' id='par_1_51' title="bbox 270 3509 1872 3583">
     <span class='ocr_line' id='line_1_51' title="bbox 270 3509 1872 3583; baseline 0.003 -21"><span class='ocrx_word' id='word_1_410' title='bbox 270 3509 418 3562; x_wconf 84' lang='grc' dir='ltr'>ίδίαν</span> <span class='ocrx_word' id='word_1_411' title='bbox 472 3512 672 3578; x_wconf 81' lang='grc' dir='ltr'>στῆσαι</span> <span class='ocrx_word' id='word_1_412' title='bbox 728 3512 1222 3576; x_wconf 81' lang='grc' dir='ltr'>διδασκαλίαν,’δι’</span> <span class='ocrx_word' id='word_1_413' title='bbox 1276 3513 1431 3565; x_wconf 74' lang='grc' dir='ltr'>οὐδὲν</span> <span class='ocrx_word' id='word_1_414' title='bbox 1473 3514 1663 3583; x_wconf 75' lang='grc' dir='ltr'>ἕτερον</span> <span class='ocrx_word' id='word_1_415' title='bbox 1712 3515 1872 3567; x_wconf 85' lang='grc' dir='ltr'>τοῦτο</span> 
     </span>
    </p>
   </div>
   <div class='ocr_carea' id='block_1_52' title="bbox 263 3602 1870 3676">
    <p class='ocr_par' dir='ltr' id='par_1_52' title="bbox 263 3602 1870 3676">
     <span class='ocr_line' id='line_1_52' title="bbox 263 3602 1870 3676; baseline 0.003 -23"><span class='ocrx_word' id='word_1_416' title='bbox 263 3604 437 3667; x_wconf 84' lang='grc' dir='ltr'>ποιεῖ,</span> <span class='ocrx_word' id='word_1_417' title='bbox 470 3602 689 3672; x_wconf 78' lang='grc' dir='ltr'>ἢχὰριν</span> <span class='ocrx_word' id='word_1_418' title='bbox 741 3605 835 3656; x_wconf 85' lang='grc' dir='ltr'><strong>τοῦ</strong></span> <span class='ocrx_word' id='word_1_419' title='bbox 878 3605 1038 3670; x_wconf 79' lang='grc' dir='ltr'>δόξαν</span> <span class='ocrx_word' id='word_1_420' title='bbox 1081 3607 1203 3658; x_wconf 79' lang='grc' dir='ltr'>τινὰ</span> <span class='ocrx_word' id='word_1_421' title='bbox 1240 3609 1302 3658; x_wconf 75' lang='grc' dir='ltr'><strong>ἐκ</strong></span> <span class='ocrx_word' id='word_1_422' title='bbox 1340 3605 1531 3659; x_wconf 83' lang='grc' dir='ltr'>τούτου</span> <span class='ocrx_word' id='word_1_423' title='bbox 1564 3607 1870 3676; x_wconf 72' lang='grc' dir='ltr'>καρπώσα-</span> 
     </span>
    </p>
   </div>
   <div class='ocr_carea' id='block_1_53' title="bbox 265 3693 1872 3768">
    <p class='ocr_par' dir='ltr' id='par_1_53' title="bbox 265 3693 1872 3768">
     <span class='ocr_line' id='line_1_53' title="bbox 265 3693 1872 3768; baseline 0.005 -23"><span class='ocrx_word' id='word_1_424' title='bbox 265 3693 422 3746; x_wconf 83' lang='grc' dir='ltr'>σθαι.</span> <span class='ocrx_word' id='word_1_425' title='bbox 482 3695 543 3746; x_wconf 80' lang='lat' dir='ltr'><strong>Ei</strong></span> <span class='ocrx_word' id='word_1_426' title='bbox 579 3696 636 3748; x_wconf 77' lang='grc' dir='ltr'>δὲ</span> <span class='ocrx_word' id='word_1_427' title='bbox 667 3695 797 3763; x_wconf 71' lang='grc' dir='ltr'>ἐγὼ,</span> <span class='ocrx_word' id='word_1_428' title='bbox 836 3698 1020 3765; x_wconf 73' lang='grc' dir='ltr'>φησιν,</span> <span class='ocrx_word' id='word_1_429' title='bbox 1054 3697 1115 3747; x_wconf 76' lang='grc' dir='ltr'>οὺ</span> <span class='ocrx_word' id='word_1_430' title='bbox 1168 3697 1427 3766; x_wconf 67' lang='grc' dir='ltr'>βούλομαι</span> <span class='ocrx_word' id='word_1_431' title='bbox 1467 3699 1872 3768; x_wconf 80' lang='grc' dir='ltr'>καρπώσασθαι</span> 
     </span>
    </p>
   </div>
   <div class='ocr_carea' id='block_1_54' title="bbox 262 3784 1866 3860">
    <p class='ocr_par' dir='ltr' id='par_1_54' title="bbox 262 3784 1866 3860">
     <span class='ocr_line' id='line_1_54' title="bbox 262 3784 1866 3860; baseline 0.003 -23"><span class='ocrx_word' id='word_1_432' title='bbox 262 3784 432 3848; x_wconf 78' lang='grc' dir='ltr'>δόξαν</span> <span class='ocrx_word' id='word_1_433' title='bbox 457 3786 614 3850; x_wconf 88' lang='grc' dir='ltr'>ίδίαν,</span> <span class='ocrx_word' id='word_1_434' title='bbox 641 3788 777 3839; x_wconf 72' lang='grc' dir='ltr'>ἀλλὰ</span> <span class='ocrx_word' id='word_1_435' title='bbox 805 3788 904 3856; x_wconf 81' lang='grc' dir='ltr'><strong>τὴν</strong></span> <span class='ocrx_word' id='word_1_436' title='bbox 931 3788 1090 3850; x_wconf 79' lang='grc' dir='ltr'>δόξαν</span> <span class='ocrx_word' id='word_1_437' title='bbox 1118 3790 1210 3841; x_wconf 87' lang='grc' dir='ltr'><strong>τοῦ</strong></span> <span class='ocrx_word' id='word_1_438' title='bbox 1239 3790 1557 3858; x_wconf 68' lang='grc' dir='ltr'>πέμψαντός</span> <span class='ocrx_word' id='word_1_439' title='bbox 1596 3809 1662 3860; x_wconf 91' lang='grc' dir='ltr'><strong>με</strong></span> <span class='ocrx_word' id='word_1_440' title='bbox 1697 3791 1866 3859; x_wconf 75' lang='grc' dir='ltr'>ζητῶ.</span> 
     </span>
    </p>
   </div>
   <div class='ocr_carea' id='block_1_55' title="bbox 263 3877 1871 3952">
    <p class='ocr_par' dir='ltr' id='par_1_55' title="bbox 263 3877 1871 3952">
     <span class='ocr_line' id='line_1_55' title="bbox 263 3877 1871 3952; baseline 0.001 -22"><span class='ocrx_word' id='word_1_441' title='bbox 263 3877 419 3939; x_wconf 87' lang='grc' dir='ltr'>τίνος</span> <span class='ocrx_word' id='word_1_442' title='bbox 451 3878 635 3932; x_wconf 79' lang='grc' dir='ltr'>ἕνεκεν</span> <span class='ocrx_word' id='word_1_443' title='bbox 669 3879 962 3949; x_wconf 79' lang='grc' dir='ltr'>βουλοίμην</span> <span class='ocrx_word' id='word_1_444' title='bbox 993 3879 1058 3932; x_wconf 83' lang='grc' dir='ltr'>ἂν</span> <span class='ocrx_word' id='word_1_445' title='bbox 1080 3882 1244 3949; x_wconf 80' lang='grc' dir='ltr'>ἕτερα</span> <span class='ocrx_word' id='word_1_446' title='bbox 1276 3881 1552 3932; x_wconf 79' lang='grc' dir='ltr'>διδάσκειν</span> <span class='ocrx_word' id='word_1_447' title='bbox 1583 3898 1596 3945; x_wconf 93' lang='grc'><strong>;</strong></span> <span class='ocrx_word' id='word_1_448' title='bbox 1629 3881 1871 3952; x_wconf 77' lang='grc' dir='ltr'><strong>’Λληθὴς</strong></span> 
     </span>
    </p>
   </div>
   <div class='ocr_carea' id='block_1_56' title="bbox 264 3966 1861 4040">
    <p class='ocr_par' dir='ltr' id='par_1_56' title="bbox 264 3966 1861 4040">
     <span class='ocr_line' id='line_1_56' title="bbox 264 3966 1861 4040; baseline 0.003 -20"><span class='ocrx_word' id='word_1_449' title='bbox 264 3966 368 4022; x_wconf 78' lang='grc' dir='ltr'><strong>οῦν</strong></span> <span class='ocrx_word' id='word_1_450' title='bbox 391 3971 530 4036; x_wconf 84' lang='grc' dir='ltr'>είμι,</span> <span class='ocrx_word' id='word_1_451' title='bbox 559 3973 652 4022; x_wconf 75' lang='grc' dir='ltr'><strong>καὶ</strong></span> <span class='ocrx_word' id='word_1_452' title='bbox 683 3972 783 4022; x_wconf 75' lang='grc' dir='ltr'><strong>οὐκ</strong></span> <span class='ocrx_word' id='word_1_453' title='bbox 826 3971 975 4024; x_wconf 79' lang='grc' dir='ltr'>ἔστιν</span> <span class='ocrx_word' id='word_1_454' title='bbox 1026 3973 1209 4023; x_wconf 80' lang='grc' dir='ltr'>ἀδικία</span> <span class='ocrx_word' id='word_1_455' title='bbox 1246 3973 1300 4022; x_wconf 77' lang='grc' dir='ltr'><strong>ὲν</strong></span> <span class='ocrx_word' id='word_1_456' title='bbox 1337 3973 1499 4040; x_wconf 75' lang='grc' dir='ltr'>ἐμοί’</span> <span class='ocrx_word' id='word_1_457' title='bbox 1555 3973 1861 4035; x_wconf 71' lang='grc' dir='ltr'>τουτέστιν,</span> 
     </span>
    </p>
   </div>
   <div class='ocr_carea' id='block_1_57' title="bbox 273 4060 1871 4133">
    <p class='ocr_par' dir='ltr' id='par_1_57' title="bbox 273 4060 1871 4133">
     <span class='ocr_line' id='line_1_57' title="bbox 273 4060 1871 4133; baseline 0.001 -19"><span class='ocrx_word' id='word_1_458' title='bbox 273 4063 357 4114; x_wconf 81' lang='grc' dir='ltr'>Οῦ</span> <span class='ocrx_word' id='word_1_459' title='bbox 381 4060 775 4132; x_wconf 61' lang='grc' dir='ltr'>δόξανυέτέρῳ</span> <span class='ocrx_word' id='word_1_460' title='bbox 827 4064 1177 4133; x_wconf 77' lang='grc' dir='ltr'>ἁρμόζουσαν</span> <span class='ocrx_word' id='word_1_461' title='bbox 1229 4065 1498 4132; x_wconf 71' lang='grc' dir='ltr'>ἁρπαςω·</span> <span class='ocrx_word' id='word_1_462' title='bbox 1552 4064 1713 4116; x_wconf 86' lang='grc' dir='ltr'>τοῦτο</span> <span class='ocrx_word' id='word_1_463' title='bbox 1763 4065 1871 4133; x_wconf 84' lang='grc' dir='ltr'>γὰρ</span> 
     </span>
    </p>
   </div>
   <div class='ocr_carea' id='block_1_58' title="bbox 264 4155 1873 4225">
    <p class='ocr_par' dir='ltr' id='par_1_58' title="bbox 264 4155 1873 4225">
     <span class='ocr_line' id='line_1_58' title="bbox 264 4155 1873 4225; baseline -0.002 -14"><span class='ocrx_word' id='word_1_464' title='bbox 264 4156 481 4211; x_wconf 83' lang='grc' dir='ltr'>ἀδικία.</span> <span class='ocrx_word' id='word_1_465' title='bbox 512 4155 673 4208; x_wconf 82' lang='grc' dir='ltr'>Ὥστε</span> <span class='ocrx_word' id='word_1_466' title='bbox 722 4156 974 4225; x_wconf 81' lang='grc' dir='ltr'>ἠδιδαχή</span> <span class='ocrx_word' id='word_1_467' title='bbox 1016 4173 1117 4224; x_wconf 84' lang='grc' dir='ltr'><strong>μου</strong></span> <span class='ocrx_word' id='word_1_468' title='bbox 1164 4159 1260 4208; x_wconf 68' lang='grc' dir='ltr'>καὶ</span> <span class='ocrx_word' id='word_1_469' title='bbox 1311 4157 1574 4224; x_wconf 76' lang='grc' dir='ltr'>ἀλήθειαν</span> <span class='ocrx_word' id='word_1_470' title='bbox 1605 4158 1738 4225; x_wconf 79' lang='grc' dir='ltr'>ἔχει,</span> <span class='ocrx_word' id='word_1_471' title='bbox 1781 4159 1873 4209; x_wconf 73' lang='grc' dir='ltr'><strong>καὶ</strong></span> 
     </span>
    </p>
   </div>
   <div class='ocr_carea' id='block_1_59' title="bbox 263 4243 1874 4315">
    <p class='ocr_par' dir='ltr' id='par_1_59' title="bbox 263 4243 1874 4315">
     <span class='ocr_line' id='line_1_59' title="bbox 263 4243 1874 4315; baseline 0 -16"><span class='ocrx_word' id='word_1_472' title='bbox 263 4243 629 4314; x_wconf 76' lang='grc' dir='ltr'>δικαιοσύνην</span> <span class='ocrx_word' id='word_1_473' title='bbox 661 4247 718 4295; x_wconf 86' lang='grc' dir='ltr'>ὲν</span> <span class='ocrx_word' id='word_1_474' title='bbox 763 4246 968 4313; x_wconf 78' lang='grc' dir='ltr'>ταύτῷ.</span> <span class='ocrx_word' id='word_1_475' title='bbox 1003 4247 1078 4297; x_wconf 79' lang='grc' dir='ltr'><strong>Οὐ</strong></span> <span class='ocrx_word' id='word_1_476' title='bbox 1117 4247 1224 4315; x_wconf 76' lang='grc' dir='ltr'>γὰρ</span> <span class='ocrx_word' id='word_1_477' title='bbox 1257 4245 1315 4308; x_wconf 78' lang='grc' dir='ltr'>ἐξ</span> <span class='ocrx_word' id='word_1_478' title='bbox 1368 4247 1691 4307; x_wconf 72' lang='grc' dir='ltr'>ἀλαζονείας</span> <span class='ocrx_word' id='word_1_479' title='bbox 1725 4247 1874 4314; x_wconf 86' lang='grc' dir='ltr'>γίνε-</span> 
     </span>
    </p>
   </div>
   <div class='ocr_carea' id='block_1_60' title="bbox 262 4338 1872 4409">
    <p class='ocr_par' dir='ltr' id='par_1_60' title="bbox 262 4338 1872 4409">
     <span class='ocr_line' id='line_1_60' title="bbox 262 4338 1872 4409; baseline -0.001 -18"><span class='ocrx_word' id='word_1_480' title='bbox 262 4355 384 4402; x_wconf 83' lang='grc' dir='ltr'>ται,</span> <span class='ocrx_word' id='word_1_481' title='bbox 428 4338 512 4389; x_wconf 76' lang='grc' dir='ltr'>ἵνα</span> <span class='ocrx_word' id='word_1_482' title='bbox 559 4338 653 4389; x_wconf 74' lang='grc' dir='ltr'><strong>καὶ</strong></span> <span class='ocrx_word' id='word_1_483' title='bbox 713 4338 775 4390; x_wconf 82' lang='grc' dir='ltr'>τὸ·</span> <span class='ocrx_word' id='word_1_484' title='bbox 799 4338 994 4407; x_wconf 70' lang='grc' dir='ltr'>ψευδὲς</span> <span class='ocrx_word' id='word_1_485' title='bbox 1022 4339 1120 4409; x_wconf 79' lang='grc' dir='ltr'><strong>ἔχῃ</strong></span> <span class='ocrx_word' id='word_1_486' title='bbox 1156 4339 1249 4390; x_wconf 73' lang='grc' dir='ltr'><strong>καὶ</strong></span> <span class='ocrx_word' id='word_1_487' title='bbox 1293 4339 1351 4390; x_wconf 73' lang='grc' dir='ltr'><strong>τὸ</strong></span> <span class='ocrx_word' id='word_1_488' title='bbox 1393 4339 1598 4391; x_wconf 82' lang='grc' dir='ltr'>ἄδικον.</span> <span class='ocrx_word' id='word_1_489' title='bbox 1653 4339 1712 4390; x_wconf 88' lang='grc' dir='ltr'><strong>Ὀ</strong></span> <span class='ocrx_word' id='word_1_490' title='bbox 1763 4341 1872 4409; x_wconf 83' lang='grc' dir='ltr'>γὰρ</span> 
     </span>
    </p>
   </div>
   <div class='ocr_carea' id='block_1_61' title="bbox 263 4427 1870 4500">
    <p class='ocr_par' dir='ltr' id='par_1_61' title="bbox 263 4427 1870 4500">
     <span class='ocr_line' id='line_1_61' title="bbox 263 4427 1870 4500; baseline -0.002 -15"><span class='ocrx_word' id='word_1_491' title='bbox 263 4427 492 4492; x_wconf 81' lang='grc' dir='ltr'>ἀλαζὼν</span> <span class='ocrx_word' id='word_1_492' title='bbox 547 4429 641 4482; x_wconf 73' lang='grc' dir='ltr'><strong>καὶ</strong></span> <span class='ocrx_word' id='word_1_493' title='bbox 691 4429 964 4497; x_wconf 72' lang='grc' dir='ltr'>ψεύδεται,</span> <span class='ocrx_word' id='word_1_494' title='bbox 1010 4431 1145 4482; x_wconf 81' lang='grc' dir='ltr'>καθὸ</span> <span class='ocrx_word' id='word_1_495' title='bbox 1206 4430 1335 4500; x_wconf 74' lang='grc' dir='ltr'>περὶ</span> <span class='ocrx_word' id='word_1_496' title='bbox 1389 4431 1553 4483; x_wconf 76' lang='grc' dir='ltr'>αὑτοῦ</span> <span class='ocrx_word' id='word_1_497' title='bbox 1616 4431 1681 4482; x_wconf 77' lang='grc' dir='ltr'><strong>τὰ</strong></span> <span class='ocrx_word' id='word_1_498' title='bbox 1731 4432 1870 4500; x_wconf 79' lang='grc' dir='ltr'>ὑπὲρ</span> 
     </span>
    </p>
   </div>
   <div class='ocr_carea' id='block_1_62' title="bbox 267 4521 1870 4593">
    <p class='ocr_par' dir='ltr' id='par_1_62' title="bbox 267 4521 1870 4593">
     <span class='ocr_line' id='line_1_62' title="bbox 267 4521 1870 4593; baseline -0.001 -18"><span class='ocrx_word' id='word_1_499' title='bbox 267 4525 377 4593; x_wconf 79' lang='grc' dir='ltr'><strong>τὴν</strong></span> <span class='ocrx_word' id='word_1_500' title='bbox 410 4521 570 4586; x_wconf 79' lang='grc' dir='ltr'>ἀξίαν</span> <span class='ocrx_word' id='word_1_501' title='bbox 615 4523 783 4575; x_wconf 75' lang='grc' dir='ltr'>αὑτοῦ</span> <span class='ocrx_word' id='word_1_502' title='bbox 819 4523 987 4590; x_wconf 82' lang='grc' dir='ltr'>λέγει,</span> <span class='ocrx_word' id='word_1_503' title='bbox 1021 4524 1114 4575; x_wconf 74' lang='grc' dir='ltr'><strong>καὶ</strong></span> <span class='ocrx_word' id='word_1_504' title='bbox 1168 4524 1366 4585; x_wconf 81' lang='grc' dir='ltr'>ἀδικεῖ,</span> <span class='ocrx_word' id='word_1_505' title='bbox 1391 4524 1525 4576; x_wconf 77' lang='grc' dir='ltr'>καθὸ</span> <span class='ocrx_word' id='word_1_506' title='bbox 1561 4525 1661 4593; x_wconf 71' lang='grc' dir='ltr'><strong>τὴν</strong></span> <span class='ocrx_word' id='word_1_507' title='bbox 1715 4525 1870 4576; x_wconf 75' lang='grc' dir='ltr'>ἀλλο·</span> 
     </span>
    </p>
   </div>
   <div class='ocr_carea' id='block_1_63' title="bbox 1964 2025 3570 2112">
    <p class='ocr_par' dir='ltr' id='par_1_63' title="bbox 1964 2025 3570 2112">
     <span class='ocr_line' id='line_1_63' title="bbox 1964 2025 3570 2112; baseline -0.009 -21"><span class='ocrx_word' id='word_1_508' title='bbox 1964 2041 2057 2112; x_wconf 80' lang='lat' dir='ltr'><strong>qui</strong></span> <span class='ocrx_word' id='word_1_509' title='bbox 2106 2039 2252 2093; x_wconf 81' lang='lat' dir='ltr'><strong>misit</strong></span> <span class='ocrx_word' id='word_1_510' title='bbox 2289 2040 2489 2108; x_wconf 80' lang='lat' dir='ltr'><strong>ipsum,</strong></span> <span class='ocrx_word' id='word_1_511' title='bbox 2521 2037 2609 2090; x_wconf 91' lang='lat' dir='ltr'><strong>hic</strong></span> <span class='ocrx_word' id='word_1_512' title='bbox 2641 2050 2806 2088; x_wconf 77' lang='lat' dir='ltr'><strong>verax</strong></span> <span class='ocrx_word' id='word_1_513' title='bbox 2859 2039 2964 2093; x_wconf 85' lang='lat' dir='ltr'><strong>est,</strong></span> <span class='ocrx_word' id='word_1_514' title='bbox 2995 2027 3338 2096; x_wconf 82' lang='lat' dir='ltr'><strong>etinjustitia</strong></span> <span class='ocrx_word' id='word_1_515' title='bbox 3392 2025 3445 2078; x_wconf 92' lang='lat' dir='ltr'><strong>in</strong></span> <span class='ocrx_word' id='word_1_516' title='bbox 3503 2039 3570 2078; x_wconf 86' lang='lat' dir='ltr'><strong>eo</strong></span> 
     </span>
    </p>
   </div>
   <div class='ocr_carea' id='block_1_64' title="bbox 1964 2123 3564 2190">
    <p class='ocr_par' dir='ltr' id='par_1_64' title="bbox 1964 2123 3564 2190">
     <span class='ocr_line' id='line_1_64' title="bbox 1964 2123 3564 2190; baseline -0.014 0"><span class='ocrx_word' id='word_1_517' title='bbox 1964 2151 2075 2190; x_wconf 89' lang='lat' dir='ltr'><strong>non</strong></span> <span class='ocrx_word' id='word_1_518' title='bbox 2113 2142 2216 2185; x_wconf 89' lang='lat' dir='ltr'><strong>est.</strong></span> <span class='ocrx_word' id='word_1_519' title='bbox 2262 2151 2278 2182; x_wconf 76' lang='grc' dir='ltr'><strong>ι</strong></span> <span class='ocrx_word' id='word_1_520' title='bbox 2311 2131 2535 2184; x_wconf 79' lang='lat' dir='ltr'><strong>Dixerat</strong></span> <span class='ocrx_word' id='word_1_521' title='bbox 2574 2146 2587 2181; x_wconf 92' lang='lat'><strong>:</strong></span> <span class='ocrx_word' id='word_1_522' title='bbox 2622 2145 2640 2178; x_wconf 82' lang='grc' dir='ltr'><strong>ι</strong></span> <span class='ocrx_word' id='word_1_523' title='bbox 2681 2125 2794 2179; x_wconf 80' lang='lat' dir='ltr'><strong>Mea</strong></span> <span class='ocrx_word' id='word_1_524' title='bbox 2829 2123 3079 2177; x_wconf 75' lang='lat' dir='ltr'><strong>doctrina</strong></span> <span class='ocrx_word' id='word_1_525' title='bbox 3111 2135 3215 2173; x_wconf 93' lang='lat' dir='ltr'><strong>non</strong></span> <span class='ocrx_word' id='word_1_526' title='bbox 3244 2128 3329 2172; x_wconf 88' lang='lat' dir='ltr'><strong>est</strong></span> <span class='ocrx_word' id='word_1_527' title='bbox 3363 2131 3503 2179; x_wconf 89' lang='lat' dir='ltr'><strong>mea,</strong></span> <span class='ocrx_word' id='word_1_528' title='bbox 3545 2134 3564 2166; x_wconf 73' lang='grc' dir='ltr'><strong>ι</strong></span> 
     </span>
    </p>
   </div>
   <div class='ocr_carea' id='block_1_65' title="bbox 1966 2209 3564 2288">
    <p class='ocr_par' dir='ltr' id='par_1_65' title="bbox 1966 2209 3564 2288">
     <span class='ocr_line' id='line_1_65' title="bbox 1966 2209 3564 2288; baseline -0.015 -8"><span class='ocrx_word' id='word_1_529' title='bbox 1966 2225 2070 2280; x_wconf 87' lang='lat' dir='ltr'><strong>hoc</strong></span> <span class='ocrx_word' id='word_1_530' title='bbox 2098 2232 2201 2288; x_wconf 92' lang='lat' dir='ltr'><strong>est,</strong></span> <span class='ocrx_word' id='word_1_531' title='bbox 2254 2219 2567 2276; x_wconf 86' lang='lat' dir='ltr'><strong>adversaria</strong></span> <span class='ocrx_word' id='word_1_532' title='bbox 2615 2217 2747 2283; x_wconf 91' lang='lat' dir='ltr'><strong>Deo,</strong></span> <span class='ocrx_word' id='word_1_533' title='bbox 2809 2233 2827 2266; x_wconf 78' lang='grc' dir='ltr'><strong>ι</strong></span> <span class='ocrx_word' id='word_1_534' title='bbox 2877 2214 2972 2269; x_wconf 88' lang='lat' dir='ltr'><strong>sed</strong></span> <span class='ocrx_word' id='word_1_535' title='bbox 3013 2211 3192 2265; x_wconf 86' lang='lat' dir='ltr'><strong>Patris</strong></span> <span class='ocrx_word' id='word_1_536' title='bbox 3240 2209 3347 2264; x_wconf 90' lang='lat' dir='ltr'><strong>mei</strong></span> <span class='ocrx_word' id='word_1_537' title='bbox 3399 2218 3504 2272; x_wconf 73' lang='grc' dir='ltr'>εει,</span> <span class='ocrx_word' id='word_1_538' title='bbox 3547 2225 3564 2257; x_wconf 76' lang='grc' dir='ltr'><strong>ι</strong></span> 
     </span>
    </p>
   </div>
   <div class='ocr_carea' id='block_1_66' title="bbox 1968 2297 3571 2387">
    <p class='ocr_par' dir='ltr' id='par_1_66' title="bbox 1968 2297 3571 2387">
     <span class='ocr_line' id='line_1_66' title="bbox 1968 2297 3571 2387; baseline -0.012 -17"><span class='ocrx_word' id='word_1_539' title='bbox 1968 2316 2165 2387; x_wconf 88' lang='lat' dir='ltr'><strong>inquit.</strong></span> <span class='ocrx_word' id='word_1_540' title='bbox 2203 2314 2260 2368; x_wconf 90' lang='lat' dir='ltr'><strong>Si</strong></span> <span class='ocrx_word' id='word_1_541' title='bbox 2313 2314 2434 2382; x_wconf 83' lang='lat' dir='ltr'><strong>quis</strong></span> <span class='ocrx_word' id='word_1_542' title='bbox 2482 2310 2815 2364; x_wconf 88' lang='lat' dir='ltr'><strong>voluntatem</strong></span> <span class='ocrx_word' id='word_1_543' title='bbox 2859 2305 2951 2360; x_wconf 90' lang='lat' dir='ltr'><strong>Dei</strong></span> <span class='ocrx_word' id='word_1_544' title='bbox 2997 2301 3215 2364; x_wconf 78' lang='lat' dir='ltr'><strong>fecerit,</strong></span> <span class='ocrx_word' id='word_1_545' title='bbox 3248 2301 3352 2354; x_wconf 91' lang='lat' dir='ltr'><strong>hoc</strong></span> <span class='ocrx_word' id='word_1_546' title='bbox 3385 2306 3489 2361; x_wconf 87' lang='lat' dir='ltr'><strong>est,</strong></span> <span class='ocrx_word' id='word_1_547' title='bbox 3526 2297 3571 2350; x_wconf 92' lang='lat' dir='ltr'><strong>si</strong></span> 
     </span>
    </p>
   </div>
   <div class='ocr_carea' id='block_1_67' title="bbox 1966 2391 3570 2475">
    <p class='ocr_par' dir='ltr' id='par_1_67' title="bbox 1966 2391 3570 2475">
     <span class='ocr_line' id='line_1_67' title="bbox 1966 2391 3570 2475; baseline -0.015 -10"><span class='ocrx_word' id='word_1_548' title='bbox 1966 2411 2220 2465; x_wconf 85' lang='lat' dir='ltr'><strong>virtutem</strong></span> <span class='ocrx_word' id='word_1_549' title='bbox 2244 2407 2583 2475; x_wconf 79' lang='lat' dir='ltr'><strong>amplexatus</strong></span> <span class='ocrx_word' id='word_1_550' title='bbox 2614 2403 2798 2461; x_wconf 81' lang='lat' dir='ltr'><strong>fuerit,</strong></span> <span class='ocrx_word' id='word_1_551' title='bbox 2827 2409 2879 2455; x_wconf 90' lang='lat' dir='ltr'><strong>et</strong></span> <span class='ocrx_word' id='word_1_552' title='bbox 2919 2397 3136 2453; x_wconf 70' lang='lat' dir='ltr'><strong>invidia:</strong></span> <span class='ocrx_word' id='word_1_553' title='bbox 3166 2409 3272 2450; x_wconf 92' lang='lat' dir='ltr'><strong>non</strong></span> <span class='ocrx_word' id='word_1_554' title='bbox 3296 2391 3570 2454; x_wconf 85' lang='lat' dir='ltr'><strong>servierit,</strong></span> 
     </span>
    </p>
   </div>
   <div class='ocr_carea' id='block_1_68' title="bbox 1969 2484 3574 2570">
    <p class='ocr_par' dir='ltr' id='par_1_68' title="bbox 1969 2484 3574 2570">
     <span class='ocr_line' id='line_1_68' title="bbox 1969 2484 3574 2570; baseline -0.014 -14"><span class='ocrx_word' id='word_1_555' title='bbox 1969 2515 2146 2570; x_wconf 85' lang='lat' dir='ltr'><strong>neque</strong></span> <span class='ocrx_word' id='word_1_556' title='bbox 2186 2513 2326 2554; x_wconf 87' lang='lat' dir='ltr'><strong>vano</strong></span> <span class='ocrx_word' id='word_1_557' title='bbox 2369 2506 2562 2553; x_wconf 89' lang='lat' dir='ltr'><strong>contra</strong></span> <span class='ocrx_word' id='word_1_558' title='bbox 2627 2509 2714 2548; x_wconf 91' lang='lat' dir='ltr'><strong>me</strong></span> <span class='ocrx_word' id='word_1_559' title='bbox 2758 2492 2884 2547; x_wconf 92' lang='lat' dir='ltr'><strong>odio</strong></span> <span class='ocrx_word' id='word_1_560' title='bbox 2931 2487 3328 2545; x_wconf 87' lang='lat' dir='ltr'><strong>obtcnebratus</strong></span> <span class='ocrx_word' id='word_1_561' title='bbox 3385 2484 3574 2541; x_wconf 81' lang='lat' dir='ltr'><strong>fuerit.</strong></span> 
     </span>
    </p>
   </div>
   <div class='ocr_carea' id='block_1_69' title="bbox 1968 2584 3576 2647">
    <p class='ocr_par' dir='ltr' id='par_1_69' title="bbox 1968 2584 3576 2647">
     <span class='ocr_line' id='line_1_69' title="bbox 1968 2584 3576 2647; baseline -0.011 0"><span class='ocrx_word' id='word_1_562' title='bbox 1968 2593 2105 2647; x_wconf 88' lang='lat' dir='ltr'><strong>sciet</strong></span> <span class='ocrx_word' id='word_1_563' title='bbox 2153 2606 2399 2646; x_wconf 92' lang='lat' dir='ltr'><strong>meorum</strong></span> <span class='ocrx_word' id='word_1_564' title='bbox 2458 2601 2778 2646; x_wconf 87' lang='lat' dir='ltr'><strong>sermonum</strong></span> <span class='ocrx_word' id='word_1_565' title='bbox 2805 2584 3089 2647; x_wconf 87' lang='lat' dir='ltr'><strong>virtutem,</strong></span> <span class='ocrx_word' id='word_1_566' title='bbox 3135 2594 3267 2633; x_wconf 91' lang='lat' dir='ltr'><strong>num</strong></span> <span class='ocrx_word' id='word_1_567' title='bbox 3331 2593 3394 2633; x_wconf 89' lang='lat' dir='ltr'><strong>ea</strong></span> <span class='ocrx_word' id='word_1_568' title='bbox 3453 2590 3576 2645; x_wconf 64' lang='lat' dir='ltr'><strong>quae</strong></span> 
     </span>
    </p>
   </div>
   <div class='ocr_carea' id='block_1_70' title="bbox 1968 2676 3571 2753">
    <p class='ocr_par' dir='ltr' id='par_1_70' title="bbox 1968 2676 3571 2753">
     <span class='ocr_line' id='line_1_70' title="bbox 1968 2676 3571 2753; baseline -0.008 -13"><span class='ocrx_word' id='word_1_569' title='bbox 1968 2686 2148 2741; x_wconf 88' lang='lat' dir='ltr'><strong>Patris</strong></span> <span class='ocrx_word' id='word_1_570' title='bbox 2195 2695 2320 2739; x_wconf 92' lang='lat' dir='ltr'><strong>sunt</strong></span> <span class='ocrx_word' id='word_1_571' title='bbox 2350 2685 2565 2753; x_wconf 88' lang='lat' dir='ltr'><strong>loquar,</strong></span> <span class='ocrx_word' id='word_1_572' title='bbox 2617 2699 2685 2737; x_wconf 93' lang='lat' dir='ltr'><strong>an</strong></span> <span class='ocrx_word' id='word_1_573' title='bbox 2724 2683 2901 2737; x_wconf 91' lang='lat' dir='ltr'><strong>aliena</strong></span> <span class='ocrx_word' id='word_1_574' title='bbox 2927 2692 2982 2736; x_wconf 89' lang='lat' dir='ltr'><strong>ct</strong></span> <span class='ocrx_word' id='word_1_575' title='bbox 3017 2680 3240 2750; x_wconf 88' lang='lat' dir='ltr'><strong>indigna</strong></span> <span class='ocrx_word' id='word_1_576' title='bbox 3295 2676 3571 2747; x_wconf 76' lang='lat' dir='ltr'><strong>quaedam.</strong></span> 
     </span>
    </p>
   </div>
   <div class='ocr_carea' id='block_1_71' title="bbox 1971 2770 3580 2840">
    <p class='ocr_par' dir='ltr' id='par_1_71' title="bbox 1971 2770 3580 2840">
     <span class='ocr_line' id='line_1_71' title="bbox 1971 2770 3580 2840; baseline -0.004 -13"><span class='ocrx_word' id='word_1_577' title='bbox 1971 2774 2318 2829; x_wconf 80' lang='lat' dir='ltr'><strong>Voluntatem</strong></span> <span class='ocrx_word' id='word_1_578' title='bbox 2379 2784 2560 2829; x_wconf 90' lang='lat' dir='ltr'><strong>autem</strong></span> <span class='ocrx_word' id='word_1_579' title='bbox 2621 2775 2712 2828; x_wconf 90' lang='lat' dir='ltr'><strong>Dei</strong></span> <span class='ocrx_word' id='word_1_580' title='bbox 2756 2773 2886 2828; x_wconf 83' lang='lat' dir='ltr'><strong>facit</strong></span> <span class='ocrx_word' id='word_1_581' title='bbox 2920 2783 2975 2827; x_wconf 91' lang='lat' dir='ltr'><strong>et</strong></span> <span class='ocrx_word' id='word_1_582' title='bbox 3020 2772 3112 2840; x_wconf 93' lang='lat' dir='ltr'><strong>qui</strong></span> <span class='ocrx_word' id='word_1_583' title='bbox 3161 2770 3481 2838; x_wconf 86' lang='lat' dir='ltr'><strong>Scripturas</strong></span> <span class='ocrx_word' id='word_1_584' title='bbox 3525 2779 3580 2823; x_wconf 92' lang='lat' dir='ltr'><strong>et</strong></span> 
     </span>
    </p>
   </div>
   <div class='ocr_carea' id='block_1_72' title="bbox 1971 2861 3580 2936">
    <p class='ocr_par' dir='ltr' id='par_1_72' title="bbox 1971 2861 3580 2936">
     <span class='ocr_line' id='line_1_72' title="bbox 1971 2861 3580 2936; baseline -0.005 -16"><span class='ocrx_word' id='word_1_585' title='bbox 1971 2867 2272 2936; x_wconf 85' lang='lat' dir='ltr'><strong>prophetas</strong></span> <span class='ocrx_word' id='word_1_586' title='bbox 2332 2875 2631 2920; x_wconf 86' lang='lat' dir='ltr'><strong>scrutatur.</strong></span> <span class='ocrx_word' id='word_1_587' title='bbox 2687 2865 2855 2936; x_wconf 78' lang='lat' dir='ltr'><strong>Igitur</strong></span> <span class='ocrx_word' id='word_1_588' title='bbox 2919 2866 3010 2934; x_wconf 88' lang='lat' dir='ltr'><strong>qui</strong></span> <span class='ocrx_word' id='word_1_589' title='bbox 3075 2864 3197 2918; x_wconf 83' lang='lat' dir='ltr'><strong>talis</strong></span> <span class='ocrx_word' id='word_1_590' title='bbox 3239 2872 3344 2924; x_wconf 84' lang='lat' dir='ltr'><strong>est,</strong></span> <span class='ocrx_word' id='word_1_591' title='bbox 3379 2861 3580 2930; x_wconf 82' lang='lat' dir='ltr'><strong>poterit</strong></span> 
     </span>
    </p>
   </div>
   <div class='ocr_carea' id='block_1_73' title="bbox 1973 2952 3579 3025">
    <p class='ocr_par' dir='ltr' id='par_1_73' title="bbox 1973 2952 3579 3025">
     <span class='ocr_line' id='line_1_73' title="bbox 1973 2952 3579 3025; baseline -0.007 -10"><span class='ocrx_word' id='word_1_592' title='bbox 1973 2962 2116 3015; x_wconf 90' lang='lat' dir='ltr'><strong>scire</strong></span> <span class='ocrx_word' id='word_1_593' title='bbox 2148 2962 2213 3015; x_wconf 91' lang='lat' dir='ltr'><strong>de</strong></span> <span class='ocrx_word' id='word_1_594' title='bbox 2237 2959 2482 3014; x_wconf 86' lang='lat' dir='ltr'><strong>doctrina</strong></span> <span class='ocrx_word' id='word_1_595' title='bbox 2519 2957 2894 3025; x_wconf 87' lang='lat' dir='ltr'><strong>Dominiqund</strong></span> <span class='ocrx_word' id='word_1_596' title='bbox 2929 2971 2993 3011; x_wconf 80' lang='lat' dir='ltr'><strong>ex</strong></span> <span class='ocrx_word' id='word_1_597' title='bbox 3025 2956 3131 3009; x_wconf 87' lang='lat' dir='ltr'><strong>Deo</strong></span> <span class='ocrx_word' id='word_1_598' title='bbox 3153 2955 3245 3008; x_wconf 81' lang='lat' dir='ltr'><strong>sit.</strong></span> <span class='ocrx_word' id='word_1_599' title='bbox 3273 2952 3406 3006; x_wconf 77' lang='lat' dir='ltr'><strong>Nam</strong></span> <span class='ocrx_word' id='word_1_600' title='bbox 3452 2967 3579 3020; x_wconf 87' lang='lat' dir='ltr'><strong>pro-</strong></span> 
     </span>
    </p>
   </div>
   <div class='ocr_carea' id='block_1_74' title="bbox 1977 3045 3583 3123">
    <p class='ocr_par' dir='ltr' id='par_1_74' title="bbox 1977 3045 3583 3123">
     <span class='ocr_line' id='line_1_74' title="bbox 1977 3045 3583 3123; baseline -0.006 -18"><span class='ocrx_word' id='word_1_601' title='bbox 1977 3054 2152 3123; x_wconf 73' lang='lat' dir='ltr'><strong>phelze</strong></span> <span class='ocrx_word' id='word_1_602' title='bbox 2183 3069 2287 3106; x_wconf 90' lang='lat' dir='ltr'><strong>non</strong></span> <span class='ocrx_word' id='word_1_603' title='bbox 2316 3052 2583 3107; x_wconf 88' lang='lat' dir='ltr'><strong>inducunt</strong></span> <span class='ocrx_word' id='word_1_604' title='bbox 2617 3051 2902 3105; x_wconf 90' lang='lat' dir='ltr'><strong>Dominum</strong></span> <span class='ocrx_word' id='word_1_605' title='bbox 2945 3048 3053 3102; x_wconf 79' lang='lat' dir='ltr'><strong>Deo</strong></span> <span class='ocrx_word' id='word_1_606' title='bbox 3096 3045 3498 3107; x_wconf 86' lang='lat' dir='ltr'><strong>adversarium,</strong></span> <span class='ocrx_word' id='word_1_607' title='bbox 3527 3053 3583 3096; x_wconf 84' lang='lat' dir='ltr'><strong>et</strong></span> 
     </span>
    </p>
   </div>
   <div class='ocr_carea' id='block_1_75' title="bbox 1979 3141 3582 3213">
    <p class='ocr_par' dir='ltr' id='par_1_75' title="bbox 1979 3141 3582 3213">
     <span class='ocr_line' id='line_1_75' title="bbox 1979 3141 3582 3213; baseline -0.007 -15"><span class='ocrx_word' id='word_1_608' title='bbox 1979 3161 2008 3198; x_wconf 90' lang='lat' dir='ltr'><strong>a</strong></span> <span class='ocrx_word' id='word_1_609' title='bbox 2041 3146 2220 3212; x_wconf 83' lang='lat' dir='ltr'><strong>seipso</strong></span> <span class='ocrx_word' id='word_1_610' title='bbox 2261 3145 2602 3213; x_wconf 85' lang='lat' dir='ltr'><strong>loquentem,</strong></span> <span class='ocrx_word' id='word_1_611' title='bbox 2638 3143 2733 3198; x_wconf 87' lang='lat' dir='ltr'><strong>sed</strong></span> <span class='ocrx_word' id='word_1_612' title='bbox 2772 3142 2955 3198; x_wconf 88' lang='lat' dir='ltr'><strong>omnia</strong></span> <span class='ocrx_word' id='word_1_613' title='bbox 2985 3156 3106 3210; x_wconf 72' lang='lat' dir='ltr'><strong>qua:</strong></span> <span class='ocrx_word' id='word_1_614' title='bbox 3137 3141 3244 3194; x_wconf 87' lang='lat' dir='ltr'><strong>Deo</strong></span> <span class='ocrx_word' id='word_1_615' title='bbox 3271 3148 3582 3206; x_wconf 86' lang='lat' dir='ltr'><strong>congruunt</strong></span> 
     </span>
    </p>
   </div>
   <div class='ocr_carea' id='block_1_76' title="bbox 1976 3231 3582 3304">
    <p class='ocr_par' dir='ltr' id='par_1_76' title="bbox 1976 3231 3582 3304">
     <span class='ocr_line' id='line_1_76' title="bbox 1976 3231 3582 3304; baseline -0.007 -13"><span class='ocrx_word' id='word_1_616' title='bbox 1976 3249 2030 3291; x_wconf 91' lang='lat' dir='ltr'><strong>et</strong></span> <span class='ocrx_word' id='word_1_617' title='bbox 2069 3239 2336 3292; x_wconf 82' lang='lat' dir='ltr'><strong>dicentem</strong></span> <span class='ocrx_word' id='word_1_618' title='bbox 2384 3247 2436 3290; x_wconf 91' lang='lat' dir='ltr'><strong>et</strong></span> <span class='ocrx_word' id='word_1_619' title='bbox 2470 3235 2785 3292; x_wconf 89' lang='lat' dir='ltr'><strong>facientem.</strong></span> <span class='ocrx_word' id='word_1_620' title='bbox 2817 3235 3044 3304; x_wconf 88' lang='lat' dir='ltr'><strong>Insuper</strong></span> <span class='ocrx_word' id='word_1_621' title='bbox 3084 3245 3136 3288; x_wconf 90' lang='lat' dir='ltr'><strong>et</strong></span> <span class='ocrx_word' id='word_1_622' title='bbox 3191 3232 3353 3286; x_wconf 82' lang='lat' dir='ltr'><strong>aliain</strong></span> <span class='ocrx_word' id='word_1_623' title='bbox 3413 3231 3582 3283; x_wconf 84' lang='lat' dir='ltr'><strong>rat-io-</strong></span> 
     </span>
    </p>
   </div>
   <div class='ocr_carea' id='block_1_77' title="bbox 1977 3323 3581 3396">
    <p class='ocr_par' dir='ltr' id='par_1_77' title="bbox 1977 3323 3581 3396">
     <span class='ocr_line' id='line_1_77' title="bbox 1977 3323 3581 3396; baseline -0.004 -14"><span class='ocrx_word' id='word_1_624' title='bbox 1977 3346 2098 3383; x_wconf 89' lang='lat' dir='ltr'><strong>nem</strong></span> <span class='ocrx_word' id='word_1_625' title='bbox 2138 3329 2343 3392; x_wconf 86' lang='lat' dir='ltr'><strong>subdit,</strong></span> <span class='ocrx_word' id='word_1_626' title='bbox 2386 3329 2576 3383; x_wconf 89' lang='lat' dir='ltr'><strong>dicens</strong></span> <span class='ocrx_word' id='word_1_627' title='bbox 2608 3346 2621 3382; x_wconf 90' lang='lat'><strong>:</strong></span> <span class='ocrx_word' id='word_1_628' title='bbox 2651 3329 2752 3393; x_wconf 88' lang='lat' dir='ltr'><strong>Qui</strong></span> <span class='ocrx_word' id='word_1_629' title='bbox 2796 3342 2822 3381; x_wconf 91' lang='lat' dir='ltr'><strong>a</strong></span> <span class='ocrx_word' id='word_1_630' title='bbox 2851 3328 3033 3396; x_wconf 85' lang='lat' dir='ltr'><strong>seipse</strong></span> <span class='ocrx_word' id='word_1_631' title='bbox 3070 3324 3331 3395; x_wconf 90' lang='lat' dir='ltr'><strong>loquitur,</strong></span> <span class='ocrx_word' id='word_1_632' title='bbox 3360 3323 3463 3377; x_wconf 87' lang='lat' dir='ltr'><strong>hoc</strong></span> <span class='ocrx_word' id='word_1_633' title='bbox 3498 3334 3581 3376; x_wconf 88' lang='lat' dir='ltr'><strong>est</strong></span> 
     </span>
    </p>
   </div>
   <div class='ocr_carea' id='block_1_78' title="bbox 1975 3417 3577 3492">
    <p class='ocr_par' dir='ltr' id='par_1_78' title="bbox 1975 3417 3577 3492">
     <span class='ocr_line' id='line_1_78' title="bbox 1975 3417 3577 3492; baseline -0.002 -22"><span class='ocrx_word' id='word_1_634' title='bbox 1975 3424 2066 3489; x_wconf 87' lang='lat' dir='ltr'><strong>qui</strong></span> <span class='ocrx_word' id='word_1_635' title='bbox 2102 3422 2210 3474; x_wconf 86' lang='lat' dir='ltr'><strong>vult</strong></span> <span class='ocrx_word' id='word_1_636' title='bbox 2235 3422 2511 3492; x_wconf 86' lang='lat' dir='ltr'><strong>propriam</strong></span> <span class='ocrx_word' id='word_1_637' title='bbox 2549 3430 2798 3477; x_wconf 90' lang='lat' dir='ltr'><strong>statuere</strong></span> <span class='ocrx_word' id='word_1_638' title='bbox 2823 3420 3159 3487; x_wconf 85' lang='lat' dir='ltr'><strong>doctrinam,</strong></span> <span class='ocrx_word' id='word_1_639' title='bbox 3187 3427 3412 3489; x_wconf 89' lang='lat' dir='ltr'><strong>propter</strong></span> <span class='ocrx_word' id='word_1_640' title='bbox 3439 3417 3577 3470; x_wconf 82' lang='lat' dir='ltr'><strong>nihil</strong></span> 
     </span>
    </p>
   </div>
   <div class='ocr_carea' id='block_1_79' title="bbox 1977 3512 3574 3585">
    <p class='ocr_par' dir='ltr' id='par_1_79' title="bbox 1977 3512 3574 3585">
     <span class='ocr_line' id='line_1_79' title="bbox 1977 3512 3574 3585; baseline -0.006 -17"><span class='ocrx_word' id='word_1_641' title='bbox 1977 3515 2121 3569; x_wconf 87' lang='lat' dir='ltr'><strong>aliud</strong></span> <span class='ocrx_word' id='word_1_642' title='bbox 2154 3516 2254 3568; x_wconf 91' lang='lat' dir='ltr'><strong>hoc</strong></span> <span class='ocrx_word' id='word_1_643' title='bbox 2284 3514 2434 3577; x_wconf 89' lang='lat' dir='ltr'><strong>facit,</strong></span> <span class='ocrx_word' id='word_1_644' title='bbox 2467 3531 2636 3582; x_wconf 89' lang='lat' dir='ltr'><strong>quam</strong></span> <span class='ocrx_word' id='word_1_645' title='bbox 2669 3523 2726 3569; x_wconf 93' lang='lat' dir='ltr'><strong>ut</strong></span> <span class='ocrx_word' id='word_1_646' title='bbox 2759 3514 2989 3585; x_wconf 78' lang='lat' dir='ltr'><strong>gloriam</strong></span> <span class='ocrx_word' id='word_1_647' title='bbox 3023 3515 3316 3581; x_wconf 88' lang='lat' dir='ltr'><strong>quamdam</strong></span> <span class='ocrx_word' id='word_1_648' title='bbox 3350 3512 3574 3564; x_wconf 85' lang='lat' dir='ltr'><strong>inanem</strong></span> 
     </span>
    </p>
   </div>
   <div class='ocr_carea' id='block_1_80' title="bbox 1979 3601 3584 3675">
    <p class='ocr_par' dir='ltr' id='par_1_80' title="bbox 1979 3601 3584 3675">
     <span class='ocr_line' id='line_1_80' title="bbox 1979 3601 3584 3675; baseline -0.005 -15"><span class='ocrx_word' id='word_1_649' title='bbox 1979 3607 2105 3660; x_wconf 89' lang='lat' dir='ltr'><strong>inde</strong></span> <span class='ocrx_word' id='word_1_650' title='bbox 2128 3606 2411 3675; x_wconf 80' lang='lat' dir='ltr'><strong>percipiat.</strong></span> <span class='ocrx_word' id='word_1_651' title='bbox 2449 3604 2505 3659; x_wconf 91' lang='lat' dir='ltr'><strong>Si</strong></span> <span class='ocrx_word' id='word_1_652' title='bbox 2536 3618 2718 3660; x_wconf 90' lang='lat' dir='ltr'><strong>autem</strong></span> <span class='ocrx_word' id='word_1_653' title='bbox 2745 3620 2867 3674; x_wconf 87' lang='lat' dir='ltr'><strong>ego,</strong></span> <span class='ocrx_word' id='word_1_654' title='bbox 2905 3604 3104 3673; x_wconf 90' lang='lat' dir='ltr'><strong>inquit,</strong></span> <span class='ocrx_word' id='word_1_655' title='bbox 3140 3603 3323 3673; x_wconf 68' lang='lat' dir='ltr'><strong>gloriae</strong></span> <span class='ocrx_word' id='word_1_656' title='bbox 3351 3601 3584 3672; x_wconf 76' lang='lat' dir='ltr'><strong>propriae</strong></span> 
     </span>
    </p>
   </div>
   <div class='ocr_carea' id='block_1_81' title="bbox 1979 3695 3582 3769">
    <p class='ocr_par' dir='ltr' id='par_1_81' title="bbox 1979 3695 3582 3769">
     <span class='ocr_line' id='line_1_81' title="bbox 1979 3695 3582 3769; baseline -0.002 -19"><span class='ocrx_word' id='word_1_657' title='bbox 1979 3699 2212 3751; x_wconf 85' lang='lat' dir='ltr'><strong>fructum</strong></span> <span class='ocrx_word' id='word_1_658' title='bbox 2246 3697 2388 3763; x_wconf 90' lang='lat' dir='ltr'><strong>uolo,</strong></span> <span class='ocrx_word' id='word_1_659' title='bbox 2431 3699 2524 3752; x_wconf 89' lang='lat' dir='ltr'><strong>sed</strong></span> <span class='ocrx_word' id='word_1_660' title='bbox 2555 3698 2784 3769; x_wconf 75' lang='lat' dir='ltr'><strong>gloriam</strong></span> <span class='ocrx_word' id='word_1_661' title='bbox 2814 3696 2930 3766; x_wconf 85' lang='lat' dir='ltr'><strong>ejus</strong></span> <span class='ocrx_word' id='word_1_662' title='bbox 2953 3696 3045 3766; x_wconf 91' lang='lat' dir='ltr'><strong>qui</strong></span> <span class='ocrx_word' id='word_1_663' title='bbox 3081 3710 3166 3750; x_wconf 90' lang='lat' dir='ltr'><strong>me</strong></span> <span class='ocrx_word' id='word_1_664' title='bbox 3197 3695 3346 3749; x_wconf 85' lang='lat' dir='ltr'><strong>misit</strong></span> <span class='ocrx_word' id='word_1_665' title='bbox 3375 3710 3582 3762; x_wconf 66' lang='lat' dir='ltr'><strong>qurere,</strong></span> 
     </span>
    </p>
   </div>
   <div class='ocr_carea' id='block_1_82' title="bbox 1978 3789 3581 3860">
    <p class='ocr_par' dir='ltr' id='par_1_82' title="bbox 1978 3789 3581 3860">
     <span class='ocr_line' id='line_1_82' title="bbox 1978 3789 3581 3860; baseline -0.005 -16"><span class='ocrx_word' id='word_1_666' title='bbox 1978 3789 2135 3858; x_wconf 80' lang='lat' dir='ltr'><strong>cujus</strong></span> <span class='ocrx_word' id='word_1_667' title='bbox 2167 3790 2344 3860; x_wconf 84' lang='lat' dir='ltr'><strong>gratia</strong></span> <span class='ocrx_word' id='word_1_668' title='bbox 2388 3792 2550 3843; x_wconf 89' lang='lat' dir='ltr'><strong>velim</strong></span> <span class='ocrx_word' id='word_1_669' title='bbox 2583 3791 2690 3843; x_wconf 90' lang='lat' dir='ltr'><strong>alia</strong></span> <span class='ocrx_word' id='word_1_670' title='bbox 2725 3793 2925 3844; x_wconf 87' lang='lat' dir='ltr'><strong>docere</strong></span> <span class='ocrx_word' id='word_1_671' title='bbox 2964 3804 2975 3842; x_wconf 93' lang='lat'>:</span> <span class='ocrx_word' id='word_1_672' title='bbox 3019 3803 3182 3841; x_wconf 78' lang='lat' dir='ltr'><strong>verax</strong></span> <span class='ocrx_word' id='word_1_673' title='bbox 3240 3789 3402 3856; x_wconf 74' lang='lat' dir='ltr'><strong>igitur</strong></span> <span class='ocrx_word' id='word_1_674' title='bbox 3438 3803 3581 3849; x_wconf 87' lang='lat' dir='ltr'><strong>sum,</strong></span> 
     </span>
    </p>
   </div>
   <div class='ocr_carea' id='block_1_83' title="bbox 1977 3878 3585 3948">
    <p class='ocr_par' dir='ltr' id='par_1_83' title="bbox 1977 3878 3585 3948">
     <span class='ocr_line' id='line_1_83' title="bbox 1977 3878 3585 3948; baseline -0.002 -15"><span class='ocrx_word' id='word_1_675' title='bbox 1977 3892 2031 3934; x_wconf 88' lang='lat' dir='ltr'><strong>ct</strong></span> <span class='ocrx_word' id='word_1_676' title='bbox 2089 3897 2192 3933; x_wconf 91' lang='lat' dir='ltr'><strong>non</strong></span> <span class='ocrx_word' id='word_1_677' title='bbox 2241 3891 2325 3934; x_wconf 90' lang='lat' dir='ltr'><strong>est</strong></span> <span class='ocrx_word' id='word_1_678' title='bbox 2369 3881 2636 3948; x_wconf 72' lang='lat' dir='ltr'><strong>iniustitia</strong></span> <span class='ocrx_word' id='word_1_679' title='bbox 2687 3883 2739 3935; x_wconf 92' lang='lat' dir='ltr'><strong>in</strong></span> <span class='ocrx_word' id='word_1_680' title='bbox 2785 3896 2915 3934; x_wconf 91' lang='lat' dir='ltr'><strong>me:</strong></span> <span class='ocrx_word' id='word_1_681' title='bbox 2953 3878 3059 3935; x_wconf 90' lang='lat' dir='ltr'><strong>hoc</strong></span> <span class='ocrx_word' id='word_1_682' title='bbox 3117 3889 3201 3934; x_wconf 88' lang='lat' dir='ltr'><strong>est</strong></span> <span class='ocrx_word' id='word_1_683' title='bbox 3268 3895 3375 3932; x_wconf 90' lang='lat' dir='ltr'><strong>non</strong></span> <span class='ocrx_word' id='word_1_684' title='bbox 3433 3880 3585 3946; x_wconf 82' lang='lat' dir='ltr'><strong>rapio</strong></span> 
     </span>
    </p>
   </div>
   <div class='ocr_carea' id='block_1_84' title="bbox 1978 3972 3580 4042">
    <p class='ocr_par' dir='ltr' id='par_1_84' title="bbox 1978 3972 3580 4042">
     <span class='ocr_line' id='line_1_84' title="bbox 1978 3972 3580 4042; baseline -0.001 -18"><span class='ocrx_word' id='word_1_685' title='bbox 1978 3974 2208 4042; x_wconf 80' lang='lat' dir='ltr'><strong>gloriam</strong></span> <span class='ocrx_word' id='word_1_686' title='bbox 2235 3973 2390 4029; x_wconf 84' lang='lat' dir='ltr'><strong>alteri</strong></span> <span class='ocrx_word' id='word_1_687' title='bbox 2433 3975 2698 4030; x_wconf 91' lang='lat' dir='ltr'><strong>debitam.</strong></span> <span class='ocrx_word' id='word_1_688' title='bbox 2735 3973 2848 4028; x_wconf 82' lang='lat' dir='ltr'><strong>lloc</strong></span> <span class='ocrx_word' id='word_1_689' title='bbox 2891 3975 3039 4028; x_wconf 89' lang='lat' dir='ltr'><strong>enim</strong></span> <span class='ocrx_word' id='word_1_690' title='bbox 3078 3972 3358 4040; x_wconf 77' lang='lat' dir='ltr'><strong>injttslitite</strong></span> <span class='ocrx_word' id='word_1_691' title='bbox 3421 3972 3580 4026; x_wconf 83' lang='lat' dir='ltr'><strong>foret.</strong></span> 
     </span>
    </p>
   </div>
   <div class='ocr_carea' id='block_1_85' title="bbox 1979 4063 3584 4133">
    <p class='ocr_par' dir='ltr' id='par_1_85' title="bbox 1979 4063 3584 4133">
     <span class='ocr_line' id='line_1_85' title="bbox 1979 4063 3584 4133; baseline -0.002 -15"><span class='ocrx_word' id='word_1_692' title='bbox 1979 4066 2156 4133; x_wconf 84' lang='lat' dir='ltr'><strong>Atque</strong></span> <span class='ocrx_word' id='word_1_693' title='bbox 2192 4065 2266 4118; x_wconf 88' lang='lat' dir='ltr'><strong>ita</strong></span> <span class='ocrx_word' id='word_1_694' title='bbox 2319 4065 2562 4119; x_wconf 83' lang='lat' dir='ltr'><strong>doctrina</strong></span> <span class='ocrx_word' id='word_1_695' title='bbox 2599 4079 2718 4119; x_wconf 89' lang='lat' dir='ltr'><strong>mea</strong></span> <span class='ocrx_word' id='word_1_696' title='bbox 2755 4074 2808 4118; x_wconf 91' lang='lat' dir='ltr'><strong>et</strong></span> <span class='ocrx_word' id='word_1_697' title='bbox 2841 4067 3126 4120; x_wconf 81' lang='lat' dir='ltr'><strong>veritatem</strong></span> <span class='ocrx_word' id='word_1_698' title='bbox 3175 4063 3584 4132; x_wconf 84' lang='lat' dir='ltr'><strong>complectitur,</strong></span> 
     </span>
    </p>
   </div>
   <div class='ocr_carea' id='block_1_86' title="bbox 1980 4157 3580 4227">
    <p class='ocr_par' dir='ltr' id='par_1_86' title="bbox 1980 4157 3580 4227">
     <span class='ocr_line' id='line_1_86' title="bbox 1980 4157 3580 4227; baseline -0.003 -14"><span class='ocrx_word' id='word_1_699' title='bbox 1980 4158 2333 4227; x_wconf 77' lang='lat' dir='ltr'><strong>eljustitiam</strong></span> <span class='ocrx_word' id='word_1_700' title='bbox 2377 4160 2428 4213; x_wconf 89' lang='lat' dir='ltr'><strong>in</strong></span> <span class='ocrx_word' id='word_1_701' title='bbox 2467 4173 2547 4214; x_wconf 89' lang='lat' dir='ltr'><strong>se.</strong></span> <span class='ocrx_word' id='word_1_702' title='bbox 2582 4157 2698 4215; x_wconf 70' lang='lat' dir='ltr'><strong>Non</strong></span> <span class='ocrx_word' id='word_1_703' title='bbox 2736 4160 2880 4214; x_wconf 87' lang='lat' dir='ltr'><strong>enim</strong></span> <span class='ocrx_word' id='word_1_704' title='bbox 2923 4175 2988 4213; x_wconf 74' lang='lat' dir='ltr'><strong>ex</strong></span> <span class='ocrx_word' id='word_1_705' title='bbox 3045 4159 3354 4226; x_wconf 78' lang='lat' dir='ltr'><strong>arrogantia</strong></span> <span class='ocrx_word' id='word_1_706' title='bbox 3408 4160 3487 4218; x_wconf 82' lang='lat' dir='ltr'><strong>fit,</strong></span> <span class='ocrx_word' id='word_1_707' title='bbox 3528 4172 3580 4209; x_wconf 88' lang='grc' dir='ltr'><strong>ιιι</strong></span> 
     </span>
    </p>
   </div>
   <div class='ocr_carea' id='block_1_87' title="bbox 1981 4251 3587 4320">
    <p class='ocr_par' dir='ltr' id='par_1_87' title="bbox 1981 4251 3587 4320">
     <span class='ocr_line' id='line_1_87' title="bbox 1981 4251 3587 4320; baseline -0.002 -19"><span class='ocrx_word' id='word_1_708' title='bbox 1981 4251 2323 4304; x_wconf 84' lang='lat' dir='ltr'><strong>mendacium</strong></span> <span class='ocrx_word' id='word_1_709' title='bbox 2354 4251 2551 4305; x_wconf 84' lang='lat' dir='ltr'><strong>habeat</strong></span> <span class='ocrx_word' id='word_1_710' title='bbox 2587 4267 2650 4306; x_wconf 92' lang='lat' dir='ltr'><strong>ac</strong></span> <span class='ocrx_word' id='word_1_711' title='bbox 2686 4251 3035 4320; x_wconf 88' lang='lat' dir='ltr'><strong>injustitiam.</strong></span> <span class='ocrx_word' id='word_1_712' title='bbox 3067 4251 3340 4319; x_wconf 70' lang='lat' dir='ltr'><strong>Arrogaus</strong></span> <span class='ocrx_word' id='word_1_713' title='bbox 3372 4264 3504 4302; x_wconf 90' lang='lat' dir='ltr'><strong>vero</strong></span> <span class='ocrx_word' id='word_1_714' title='bbox 3535 4261 3587 4298; x_wconf 70' lang='lat' dir='ltr'><strong>ut</strong></span> 
     </span>
    </p>
   </div>
   <div class='ocr_carea' id='block_1_88' title="bbox 1980 4341 3584 4411">
    <p class='ocr_par' dir='ltr' id='par_1_88' title="bbox 1980 4341 3584 4411">
     <span class='ocr_line' id='line_1_88' title="bbox 1980 4341 3584 4411; baseline 0 -19"><span class='ocrx_word' id='word_1_715' title='bbox 1980 4341 2263 4406; x_wconf 87' lang='lat' dir='ltr'><strong>mentitur,</strong></span> <span class='ocrx_word' id='word_1_716' title='bbox 2293 4356 2359 4396; x_wconf 90' lang='lat' dir='ltr'><strong>eo</strong></span> <span class='ocrx_word' id='word_1_717' title='bbox 2414 4343 2558 4410; x_wconf 88' lang='lat' dir='ltr'><strong>quod</strong></span> <span class='ocrx_word' id='word_1_718' title='bbox 2590 4342 2658 4396; x_wconf 90' lang='lat' dir='ltr'><strong>de</strong></span> <span class='ocrx_word' id='word_1_719' title='bbox 2687 4357 2746 4396; x_wconf 84' lang='lat' dir='ltr'><strong>se</strong></span> <span class='ocrx_word' id='word_1_720' title='bbox 2777 4342 2896 4411; x_wconf 87' lang='lat' dir='ltr'><strong>plus</strong></span> <span class='ocrx_word' id='word_1_721' title='bbox 2925 4357 3090 4411; x_wconf 89' lang='lat' dir='ltr'><strong>quam</strong></span> <span class='ocrx_word' id='word_1_722' title='bbox 3119 4354 3382 4404; x_wconf 87' lang='lat' dir='ltr'><strong>meretur,</strong></span> <span class='ocrx_word' id='word_1_723' title='bbox 3421 4341 3546 4395; x_wconf 83' lang='lat' dir='ltr'><strong>dicit</strong></span> <span class='ocrx_word' id='word_1_724' title='bbox 3571 4384 3584 4403; x_wconf 92' lang='lat'><strong>,</strong></span> 
     </span>
    </p>
   </div>
   <div class='ocr_carea' id='block_1_89' title="bbox 1978 4432 3585 4504">
    <p class='ocr_par' dir='ltr' id='par_1_89' title="bbox 1978 4432 3585 4504">
     <span class='ocr_line' id='line_1_89' title="bbox 1978 4432 3585 4504; baseline 0 -19"><span class='ocrx_word' id='word_1_725' title='bbox 1978 4443 2029 4485; x_wconf 93' lang='lat' dir='ltr'><strong>ct</strong></span> <span class='ocrx_word' id='word_1_726' title='bbox 2084 4432 2280 4499; x_wconf 88' lang='lat' dir='ltr'><strong>injuste</strong></span> <span class='ocrx_word' id='word_1_727' title='bbox 2315 4434 2446 4502; x_wconf 85' lang='lat' dir='ltr'><strong>agit,</strong></span> <span class='ocrx_word' id='word_1_728' title='bbox 2476 4435 2606 4504; x_wconf 91' lang='lat' dir='ltr'><strong>quia</strong></span> <span class='ocrx_word' id='word_1_729' title='bbox 2663 4433 2896 4488; x_wconf 90' lang='lat' dir='ltr'><strong>alienam</strong></span> <span class='ocrx_word' id='word_1_730' title='bbox 2949 4444 3004 4488; x_wconf 92' lang='lat' dir='ltr'><strong>ct</strong></span> <span class='ocrx_word' id='word_1_731' title='bbox 3035 4434 3137 4488; x_wconf 87' lang='lat' dir='ltr'><strong>sibi</strong></span> <span class='ocrx_word' id='word_1_732' title='bbox 3189 4433 3585 4488; x_wconf 85' lang='lat' dir='ltr'><strong>inconvenien-</strong></span> 
     </span>
    </p>
   </div>
   <div class='ocr_carea' id='block_1_90' title="bbox 1979 4522 3585 4594">
    <p class='ocr_par' dir='ltr' id='par_1_90' title="bbox 1979 4522 3585 4594">
     <span class='ocr_line' id='line_1_90' title="bbox 1979 4522 3585 4594; baseline 0 -19"><span class='ocrx_word' id='word_1_733' title='bbox 1979 4531 2085 4576; x_wconf 89' lang='lat' dir='ltr'><strong>tcm</strong></span> <span class='ocrx_word' id='word_1_734' title='bbox 2143 4522 2370 4592; x_wconf 76' lang='lat' dir='ltr'><strong>gloriam</strong></span> <span class='ocrx_word' id='word_1_735' title='bbox 2420 4526 2580 4594; x_wconf 88' lang='lat' dir='ltr'><strong>rapit.</strong></span> <span class='ocrx_word' id='word_1_736' title='bbox 2642 4526 2710 4578; x_wconf 87' lang='lat' dir='ltr'><strong>At</strong></span> <span class='ocrx_word' id='word_1_737' title='bbox 2766 4524 3031 4580; x_wconf 92' lang='lat' dir='ltr'><strong>Dominus</strong></span> <span class='ocrx_word' id='word_1_738' title='bbox 3072 4526 3199 4594; x_wconf 87' lang='lat' dir='ltr'><strong>quia</strong></span> <span class='ocrx_word' id='word_1_739' title='bbox 3251 4540 3373 4594; x_wconf 74' lang='lat' dir='ltr'><strong>qua:</strong></span> <span class='ocrx_word' id='word_1_740' title='bbox 3406 4523 3585 4578; x_wconf 82' lang='lat' dir='ltr'><strong>Patris</strong></span> 
     </span>
    </p>
   </div>
   <div class='ocr_carea' id='block_1_91' title="bbox 272 4613 1863 4687">
    <p class='ocr_par' dir='ltr' id='par_1_91' title="bbox 272 4615 1863 4687">
     <span class='ocr_line' id='line_1_91' title="bbox 272 4615 1863 4687; baseline -0.001 -17"><span class='ocrx_word' id='word_1_741' title='bbox 272 4615 442 4687; x_wconf 81' lang='grc' dir='ltr'>τρίαν</span> <span class='ocrx_word' id='word_1_742' title='bbox 472 4615 566 4668; x_wconf 78' lang='grc' dir='ltr'>καὶ</span> <span class='ocrx_word' id='word_1_743' title='bbox 605 4616 768 4684; x_wconf 78' lang='grc' dir='ltr'>μηδὲν</span> <span class='ocrx_word' id='word_1_744' title='bbox 797 4616 946 4685; x_wconf 75' lang='grc' dir='ltr'>αῦτῷ</span> <span class='ocrx_word' id='word_1_745' title='bbox 993 4616 1383 4685; x_wconf 70' lang='grc' dir='ltr'>προσήκουσαν</span> <span class='ocrx_word' id='word_1_746' title='bbox 1412 4616 1570 4679; x_wconf 75' lang='grc' dir='ltr'>δόξαν</span> <span class='ocrx_word' id='word_1_747' title='bbox 1607 4615 1863 4686; x_wconf 76' lang='grc' dir='ltr'>ἁρπάζει.</span> 
     </span>
    </p>
   </div>
   <div class='ocr_carea' id='block_1_92' title="bbox 1972 4613 3576 4687">
    <p class='ocr_par' dir='ltr' id='par_1_92' title="bbox 1978 4613 3576 4682">
     <span class='ocr_line' id='line_1_92' title="bbox 1978 4613 3576 4682; baseline -0.001 -18"><span class='ocrx_word' id='word_1_748' title='bbox 1978 4623 2102 4665; x_wconf 90' lang='lat' dir='ltr'><strong>sunt</strong></span> <span class='ocrx_word' id='word_1_749' title='bbox 2141 4614 2442 4680; x_wconf 64' lang='lat' dir='ltr'><strong>quaerebat,</strong></span> <span class='ocrx_word' id='word_1_750' title='bbox 2473 4624 2525 4668; x_wconf 91' lang='lat' dir='ltr'><strong>et</strong></span> <span class='ocrx_word' id='word_1_751' title='bbox 2573 4613 2708 4667; x_wconf 90' lang='lat' dir='ltr'><strong>nihil</strong></span> <span class='ocrx_word' id='word_1_752' title='bbox 2756 4615 2821 4669; x_wconf 90' lang='lat' dir='ltr'><strong>de</strong></span> <span class='ocrx_word' id='word_1_753' title='bbox 2873 4629 2931 4668; x_wconf 82' lang='lat' dir='ltr'><strong>se</strong></span> <span class='ocrx_word' id='word_1_754' title='bbox 2983 4622 3308 4682; x_wconf 83' lang='lat' dir='ltr'><strong>arroganter</strong></span> <span class='ocrx_word' id='word_1_755' title='bbox 3339 4613 3576 4672; x_wconf 90' lang='lat' dir='ltr'><strong>diccbat,</strong></span> 
     </span>
    </p>
   </div>
   <div class='ocr_carea' id='block_1_93' title="bbox 279 4705 1868 4777">
    <p class='ocr_par' dir='ltr' id='par_1_93' title="bbox 279 4705 1868 4777">
     <span class='ocr_line' id='line_1_93' title="bbox 279 4705 1868 4777; baseline -0.002 -17"><span class='ocrx_word' id='word_1_756' title='bbox 279 4708 346 4760; x_wconf 82' lang='grc' dir='ltr'>Ὀ</span> <span class='ocrx_word' id='word_1_757' title='bbox 373 4706 429 4758; x_wconf 79' lang='grc' dir='ltr'>δὲ</span> <span class='ocrx_word' id='word_1_758' title='bbox 464 4705 669 4776; x_wconf 72' lang='grc' dir='ltr'>Κύριος</span> <span class='ocrx_word' id='word_1_759' title='bbox 700 4707 888 4777; x_wconf 78' lang='grc' dir='ltr'>ἐπειδὴ</span> <span class='ocrx_word' id='word_1_760' title='bbox 911 4707 978 4758; x_wconf 82' lang='grc' dir='ltr'>τὰ</span> <span class='ocrx_word' id='word_1_761' title='bbox 1004 4705 1097 4758; x_wconf 88' lang='grc' dir='ltr'><strong>τοῦ</strong></span> <span class='ocrx_word' id='word_1_762' title='bbox 1119 4706 1331 4775; x_wconf 73' lang='grc' dir='ltr'>Πατρὸς</span> <span class='ocrx_word' id='word_1_763' title='bbox 1357 4707 1562 4775; x_wconf 74' lang='grc' dir='ltr'>ἐζήτει,</span> <span class='ocrx_word' id='word_1_764' title='bbox 1597 4708 1692 4759; x_wconf 71' lang='grc' dir='ltr'><strong>καὶ</strong></span> <span class='ocrx_word' id='word_1_765' title='bbox 1715 4706 1868 4758; x_wconf 67' lang='grc' dir='ltr'>οὐδὲν</span> 
     </span>
    </p>
   </div>
   <div class='ocr_carea' id='block_1_94' title="bbox 267 4798 1870 4869">
    <p class='ocr_par' dir='ltr' id='par_1_94' title="bbox 267 4798 1870 4869">
     <span class='ocr_line' id='line_1_94' title="bbox 267 4798 1870 4869; baseline -0.002 -16"><span class='ocrx_word' id='word_1_766' title='bbox 267 4799 408 4868; x_wconf 66' lang='grc' dir='ltr'>περὶ</span> <span class='ocrx_word' id='word_1_767' title='bbox 441 4800 636 4852; x_wconf 79' lang='grc' dir='ltr'>ἑαυτοῦ</span> <span class='ocrx_word' id='word_1_768' title='bbox 679 4798 1064 4868; x_wconf 66' lang='grc' dir='ltr'>ἠλαζονεύετο,</span> <span class='ocrx_word' id='word_1_769' title='bbox 1105 4800 1200 4852; x_wconf 69' lang='grc' dir='ltr'><strong>καὶ</strong></span> <span class='ocrx_word' id='word_1_770' title='bbox 1247 4800 1457 4869; x_wconf 75' lang='grc' dir='ltr'>ἀληθής</span> <span class='ocrx_word' id='word_1_771' title='bbox 1495 4801 1611 4852; x_wconf 78' lang='grc' dir='ltr'>ἐστι</span> <span class='ocrx_word' id='word_1_772' title='bbox 1657 4801 1870 4861; x_wconf 78' lang='grc' dir='ltr'>πάντως</span> 
     </span>
    </p>
   </div>
   <div class='ocr_carea' id='block_1_95' title="bbox 265 4889 1868 4960">
    <p class='ocr_par' dir='ltr' id='par_1_95' title="bbox 265 4889 1868 4960">
     <span class='ocr_line' id='line_1_95' title="bbox 265 4889 1868 4960; baseline -0.002 -16"><span class='ocrx_word' id='word_1_773' title='bbox 265 4892 368 4944; x_wconf 64' lang='grc' dir='ltr'><strong>καὶ</strong></span> <span class='ocrx_word' id='word_1_774' title='bbox 387 4890 617 4952; x_wconf 80' lang='grc' dir='ltr'>δίκαιος.</span> <span class='ocrx_word' id='word_1_775' title='bbox 639 4889 913 4958; x_wconf 78' lang='grc' dir='ltr'>Πολλαχοῦ</span> <span class='ocrx_word' id='word_1_776' title='bbox 942 4890 996 4942; x_wconf 77' lang='grc' dir='ltr'><strong>δὲ</strong></span> <span class='ocrx_word' id='word_1_777' title='bbox 1033 4890 1284 4960; x_wconf 81' lang='grc' dir='ltr'>ετπομεν,</span> <span class='ocrx_word' id='word_1_778' title='bbox 1339 4893 1434 4943; x_wconf 72' lang='grc' dir='ltr'><strong>καὶ</strong></span> <span class='ocrx_word' id='word_1_779' title='bbox 1485 4890 1581 4941; x_wconf 81' lang='grc' dir='ltr'><strong>νῦν</strong></span> <span class='ocrx_word' id='word_1_780' title='bbox 1614 4889 1868 4959; x_wconf 80' lang='grc' dir='ltr'>λέγομεν,</span> 
     </span>
    </p>
   </div>
   <div class='ocr_carea' id='block_1_96' title="bbox 264 4981 1868 5050">
    <p class='ocr_par' dir='ltr' id='par_1_96' title="bbox 264 4981 1868 5050">
     <span class='ocr_line' id='line_1_96' title="bbox 264 4981 1868 5050; baseline -0.001 -18"><span class='ocrx_word' id='word_1_781' title='bbox 264 4983 357 5032; x_wconf 73' lang='grc' dir='ltr'><strong>ὅτι</strong></span> <span class='ocrx_word' id='word_1_782' title='bbox 386 4981 513 5032; x_wconf 77' lang='grc' dir='ltr'>ὅταν</span> <span class='ocrx_word' id='word_1_783' title='bbox 558 4982 791 5033; x_wconf 84' lang='grc' dir='ltr'>ταπεινὰ</span> <span class='ocrx_word' id='word_1_784' title='bbox 819 4998 937 5031; x_wconf 85' lang='grc' dir='ltr'>τινα</span> <span class='ocrx_word' id='word_1_785' title='bbox 975 4981 1149 5047; x_wconf 77' lang='grc' dir='ltr'>λέγων</span> <span class='ocrx_word' id='word_1_786' title='bbox 1188 4983 1446 5050; x_wconf 82' lang='grc' dir='ltr'>φαίνηται</span> <span class='ocrx_word' id='word_1_787' title='bbox 1483 4983 1509 5032; x_wconf 86' lang='grc' dir='ltr'>ὁ</span> <span class='ocrx_word' id='word_1_788' title='bbox 1543 4981 1770 5050; x_wconf 77' lang='grc' dir='ltr'>Κύριος,</span> <span class='ocrx_word' id='word_1_789' title='bbox 1808 4981 1868 5031; x_wconf 73' lang='grc' dir='ltr'><strong>οὐ</strong></span> 
     </span>
    </p>
   </div>
   <div class='ocr_carea' id='block_1_97' title="bbox 263 5071 1872 5140">
    <p class='ocr_par' dir='ltr' id='par_1_97' title="bbox 263 5071 1872 5140">
     <span class='ocr_line' id='line_1_97' title="bbox 263 5071 1872 5140; baseline 0.001 -18"><span class='ocrx_word' id='word_1_790' title='bbox 263 5071 355 5122; x_wconf 81' lang='grc' dir='ltr'><strong>δεῖ</strong></span> <span class='ocrx_word' id='word_1_791' title='bbox 411 5071 681 5139; x_wconf 74' lang='grc' dir='ltr'>νομίζειν,</span> <span class='ocrx_word' id='word_1_792' title='bbox 718 5073 799 5123; x_wconf 79' lang='grc' dir='ltr'><strong>ὅτι</strong></span> <span class='ocrx_word' id='word_1_793' title='bbox 831 5072 904 5132; x_wconf 81' lang='grc' dir='ltr'>ὡς</span> <span class='ocrx_word' id='word_1_794' title='bbox 936 5073 1176 5124; x_wconf 82' lang='grc' dir='ltr'>ἐλάττων</span> <span class='ocrx_word' id='word_1_795' title='bbox 1207 5073 1279 5123; x_wconf 79' lang='grc' dir='ltr'>ὢν</span> <span class='ocrx_word' id='word_1_796' title='bbox 1334 5077 1426 5124; x_wconf 75' lang='grc' dir='ltr'><strong>τοῦ</strong></span> <span class='ocrx_word' id='word_1_797' title='bbox 1478 5073 1689 5140; x_wconf 74' lang='grc' dir='ltr'>[ἰατρὸς</span> <span class='ocrx_word' id='word_1_798' title='bbox 1731 5071 1872 5124; x_wconf 66' lang='grc' dir='ltr'>κατὰ</span> 
     </span>
    </p>
   </div>
   <div class='ocr_carea' id='block_1_98' title="bbox 267 5163 1871 5236">
    <p class='ocr_par' dir='ltr' id='par_1_98' title="bbox 267 5163 1871 5236">
     <span class='ocr_line' id='line_1_98' title="bbox 267 5163 1871 5236; baseline 0.004 -22"><span class='ocrx_word' id='word_1_799' title='bbox 267 5163 466 5233; x_wconf 75' lang='grc' dir='ltr'>φύσιν,</span> <span class='ocrx_word' id='word_1_800' title='bbox 511 5163 684 5215; x_wconf 75' lang='grc' dir='ltr'>ταῦτα</span> <span class='ocrx_word' id='word_1_801' title='bbox 729 5164 1052 5232; x_wconf 73' lang='grc' dir='ltr'>φθέγγεται,</span> <span class='ocrx_word' id='word_1_802' title='bbox 1088 5167 1224 5219; x_wconf 68' lang='grc' dir='ltr'>ἀλλὰ</span> <span class='ocrx_word' id='word_1_803' title='bbox 1271 5168 1357 5219; x_wconf 78' lang='grc' dir='ltr'><strong>διὰ</strong></span> <span class='ocrx_word' id='word_1_804' title='bbox 1396 5169 1453 5218; x_wconf 57' lang='grc' dir='ltr'>τί.</span> <span class='ocrx_word' id='word_1_805' title='bbox 1493 5169 1567 5236; x_wconf 83' lang='grc' dir='ltr'>μὴ</span> <span class='ocrx_word' id='word_1_806' title='bbox 1626 5168 1871 5231; x_wconf 76' lang='grc' dir='ltr'>ἀντίθεος</span> 
     </span>
    </p>
   </div>
   <div class='ocr_carea' id='block_1_99' title="bbox 269 5255 1870 5327">
    <p class='ocr_par' dir='ltr' id='par_1_99' title="bbox 269 5255 1870 5327">
     <span class='ocr_line' id='line_1_99' title="bbox 269 5255 1870 5327; baseline 0.013 -35"><span class='ocrx_word' id='word_1_807' title='bbox 269 5255 627 5324; x_wconf 53' lang='grc' dir='ltr'>νομισθῆναι,</span> <span class='ocrx_word' id='word_1_808' title='bbox 664 5258 755 5308; x_wconf 69' lang='grc' dir='ltr'><strong>καὶ</strong></span> <span class='ocrx_word' id='word_1_809' title='bbox 785 5257 870 5309; x_wconf 72' lang='grc' dir='ltr'><strong>διὰ</strong></span> <span class='ocrx_word' id='word_1_810' title='bbox 918 5259 1014 5326; x_wconf 76' lang='grc' dir='ltr'>τὴν</span> <span class='ocrx_word' id='word_1_811' title='bbox 1060 5259 1351 5310; x_wconf 68' lang='grc' dir='ltr'>ἀσθένειαν</span> <span class='ocrx_word' id='word_1_812' title='bbox 1388 5261 1495 5310; x_wconf 75' lang='grc' dir='ltr'>τῶν</span> <span class='ocrx_word' id='word_1_813' title='bbox 1543 5260 1870 5327; x_wconf 80' lang='grc' dir='ltr'>ἀκουόντων,</span> 
     </span>
    </p>
   </div>
   <div class='ocr_carea' id='block_1_100' title="bbox 268 5349 1872 5419">
    <p class='ocr_par' dir='ltr' id='par_1_100' title="bbox 268 5349 1872 5419">
     <span class='ocr_line' id='line_1_100' title="bbox 268 5349 1872 5419; baseline 0.002 -18"><span class='ocrx_word' id='word_1_814' title='bbox 268 5351 371 5401; x_wconf 69' lang='grc' dir='ltr'><strong>καὶ</strong></span> <span class='ocrx_word' id='word_1_815' title='bbox 403 5349 493 5399; x_wconf 74' lang='grc' dir='ltr'><strong>δια</strong></span> <span class='ocrx_word' id='word_1_816' title='bbox 525 5351 583 5399; x_wconf 69' lang='grc' dir='ltr'><strong>τὸ</strong></span> <span class='ocrx_word' id='word_1_817' title='bbox 627 5352 808 5419; x_wconf 71' lang='grc' dir='ltr'>σάρκα</span> <span class='ocrx_word' id='word_1_818' title='bbox 861 5352 1314 5419; x_wconf 71' lang='grc' dir='ltr'>περιῢεὸλῆσθαι,</span> <span class='ocrx_word' id='word_1_819' title='bbox 1351 5354 1443 5404; x_wconf 66' lang='grc' dir='ltr'><strong>καὶ</strong></span> <span class='ocrx_word' id='word_1_820' title='bbox 1487 5353 1575 5403; x_wconf 70' lang='grc' dir='ltr'><strong>διὰ</strong></span> <span class='ocrx_word' id='word_1_821' title='bbox 1626 5353 1686 5404; x_wconf 78' lang='grc' dir='ltr'><strong>τὸ</strong></span> <span class='ocrx_word' id='word_1_822' title='bbox 1720 5353 1872 5406; x_wconf 74' lang='grc' dir='ltr'>διδα-</span> 
     </span>
    </p>
   </div>
   <div class='ocr_carea' id='block_1_101' title="bbox 273 5443 1872 5515">
    <p class='ocr_par' dir='ltr' id='par_1_101' title="bbox 273 5443 1872 5515">
     <span class='ocr_line' id='line_1_101' title="bbox 273 5443 1872 5515; baseline 0.003 -22"><span class='ocrx_word' id='word_1_823' title='bbox 273 5443 606 5509; x_wconf 69' lang='grc' dir='ltr'>σκεινήμᾶς</span> <span class='ocrx_word' id='word_1_824' title='bbox 644 5443 984 5511; x_wconf 69' lang='grc' dir='ltr'>μετριάζειν,</span> <span class='ocrx_word' id='word_1_825' title='bbox 1021 5445 1114 5496; x_wconf 66' lang='grc' dir='ltr'><strong>καὶ</strong></span> <span class='ocrx_word' id='word_1_826' title='bbox 1157 5444 1322 5512; x_wconf 69' lang='grc' dir='ltr'>μηδὲν</span> <span class='ocrx_word' id='word_1_827' title='bbox 1360 5446 1502 5513; x_wconf 76' lang='grc' dir='ltr'>μέγα</span> <span class='ocrx_word' id='word_1_828' title='bbox 1535 5446 1713 5510; x_wconf 76' lang='grc' dir='ltr'>λέγειν</span> <span class='ocrx_word' id='word_1_829' title='bbox 1745 5446 1872 5515; x_wconf 70' lang='grc' dir='ltr'>περὶ</span> 
     </span>
    </p>
   </div>
   <div class='ocr_carea' id='block_1_102' title="bbox 269 5533 1875 5608">
    <p class='ocr_par' dir='ltr' id='par_1_102' title="bbox 269 5533 1875 5608">
     <span class='ocr_line' id='line_1_102' title="bbox 269 5533 1875 5608; baseline 0.003 -21"><span class='ocrx_word' id='word_1_830' title='bbox 269 5533 516 5587; x_wconf 71' lang='grc' dir='ltr'>ἑαυτῶν.</span> <span class='ocrx_word' id='word_1_831' title='bbox 549 5534 720 5584; x_wconf 78' lang='grc' dir='ltr'>Ὅταν</span> <span class='ocrx_word' id='word_1_832' title='bbox 773 5536 826 5585; x_wconf 77' lang='grc' dir='ltr'>δέ</span> <span class='ocrx_word' id='word_1_833' title='bbox 864 5554 924 5602; x_wconf 75' lang='grc' dir='ltr'><strong>γε</strong></span> <span class='ocrx_word' id='word_1_834' title='bbox 981 5537 1160 5605; x_wconf 63' lang='grc' dir='ltr'>ὑψηλὰ</span> <span class='ocrx_word' id='word_1_835' title='bbox 1213 5541 1303 5588; x_wconf 77' lang='grc' dir='ltr'><strong>καὶ</strong></span> <span class='ocrx_word' id='word_1_836' title='bbox 1351 5540 1481 5608; x_wconf 70' lang='grc' dir='ltr'>περὶ</span> <span class='ocrx_word' id='word_1_837' title='bbox 1526 5538 1623 5605; x_wconf 69' lang='grc' dir='ltr'><strong>τῆς</strong></span> <span class='ocrx_word' id='word_1_838' title='bbox 1669 5539 1875 5602; x_wconf 81' lang='grc' dir='ltr'>οἰκείας</span> 
     </span>
    </p>
   </div>
   <div class='ocr_carea' id='block_1_103' title="bbox 266 5625 1875 5699">
    <p class='ocr_par' dir='ltr' id='par_1_103' title="bbox 266 5625 1875 5699">
     <span class='ocr_line' id='line_1_103' title="bbox 266 5625 1875 5699; baseline -0.024 -2"><span class='ocrx_word' id='word_1_839' title='bbox 266 5625 438 5694; x_wconf 62' lang='grc' dir='ltr'>δόξης</span> <span class='ocrx_word' id='word_1_840' title='bbox 487 5626 814 5693; x_wconf 60' lang='grc' dir='ltr'><strong>φθέγγηται,</strong></span> <span class='ocrx_word' id='word_1_841' title='bbox 847 5628 950 5696; x_wconf 76' lang='grc' dir='ltr'>χρὴ</span> <span class='ocrx_word' id='word_1_842' title='bbox 1013 5629 1289 5680; x_wconf 80' lang='grc' dir='ltr'>πιστεύειν</span> <span class='ocrx_word' id='word_1_843' title='bbox 1337 5631 1504 5698; x_wconf 54' lang='grc' dir='ltr'>ἡμᾶς,</span> <span class='ocrx_word' id='word_1_844' title='bbox 1542 5631 1623 5682; x_wconf 60' lang='grc' dir='ltr'><strong>ὅτι</strong></span> <span class='ocrx_word' id='word_1_845' title='bbox 1679 5631 1751 5692; x_wconf 65' lang='grc' dir='ltr'><strong>ὡς</strong></span> <span class='ocrx_word' id='word_1_846' title='bbox 1799 5629 1875 5699; x_wconf 50' lang='grc' dir='ltr'><strong>τίς,</strong></span> 
     </span>
    </p>
   </div>
   <div class='ocr_carea' id='block_1_104' title="bbox 267 5717 1872 5790">
    <p class='ocr_par' dir='ltr' id='par_1_104' title="bbox 267 5717 1872 5790">
     <span class='ocr_line' id='line_1_104' title="bbox 267 5717 1872 5790; baseline 0.002 -20"><span class='ocrx_word' id='word_1_847' title='bbox 267 5721 394 5771; x_wconf 71' lang='grc' dir='ltr'>ὄντι</span> <span class='ocrx_word' id='word_1_848' title='bbox 442 5717 555 5780; x_wconf 75' lang='grc' dir='ltr'>ἴσος</span> <span class='ocrx_word' id='word_1_849' title='bbox 611 5717 687 5784; x_wconf 78' lang='grc' dir='ltr'>τῷ</span> <span class='ocrx_word' id='word_1_850' title='bbox 731 5719 927 5787; x_wconf 65' lang='grc' dir='ltr'>Πατρὶ,</span> <span class='ocrx_word' id='word_1_851' title='bbox 968 5721 1139 5770; x_wconf 81' lang='grc' dir='ltr'>ταῦτα</span> <span class='ocrx_word' id='word_1_852' title='bbox 1186 5722 1251 5771; x_wconf 75' lang='grc' dir='ltr'><strong>τὰ</strong></span> <span class='ocrx_word' id='word_1_853' title='bbox 1315 5720 1495 5790; x_wconf 54' lang='grc' dir='ltr'><strong>ὑψηλὰ</strong></span> <span class='ocrx_word' id='word_1_854' title='bbox 1552 5721 1872 5788; x_wconf 67' lang='grc' dir='ltr'>φθέγγεται,</span> 
     </span>
    </p>
   </div>
   <div class='ocr_carea' id='block_1_105' title="bbox 269 5808 1428 5880">
    <p class='ocr_par' dir='ltr' id='par_1_105' title="bbox 269 5808 1428 5880">
     <span class='ocr_line' id='line_1_105' title="bbox 269 5808 1428 5880; baseline 0.003 -19"><span class='ocrx_word' id='word_1_855' title='bbox 269 5810 366 5861; x_wconf 65' lang='grc' dir='ltr'>διὶ</span> <span class='ocrx_word' id='word_1_856' title='bbox 406 5810 465 5862; x_wconf 74' lang='grc' dir='ltr'><strong>τὸ</strong></span> <span class='ocrx_word' id='word_1_857' title='bbox 511 5808 740 5878; x_wconf 73' lang='grc' dir='ltr'>μέγεθος</span> <span class='ocrx_word' id='word_1_858' title='bbox 796 5812 890 5878; x_wconf 71' lang='grc' dir='ltr'>τῆς</span> <span class='ocrx_word' id='word_1_859' title='bbox 941 5812 1145 5874; x_wconf 78' lang='grc' dir='ltr'>οἰκείας</span> <span class='ocrx_word' id='word_1_860' title='bbox 1192 5814 1428 5880; x_wconf 73' lang='grc' dir='ltr'><strong>φύσεως.</strong></span> 
     </span>
    </p>
   </div>
   <div class='ocr_carea' id='block_1_106' title="bbox 362 5901 1877 5976">
    <p class='ocr_par' dir='ltr' id='par_1_106' title="bbox 362 5901 1877 5976">
     <span class='ocr_line' id='line_1_106' title="bbox 362 5901 1877 5976; baseline 0.007 -26"><span class='ocrx_word' id='word_1_861' title='bbox 362 5921 377 5950; x_wconf 79' lang='grc' dir='ltr'><strong>ι</strong></span> <span class='ocrx_word' id='word_1_862' title='bbox 417 5903 489 5956; x_wconf 70' lang='grc' dir='ltr'><strong>Οὐ</strong></span> <span class='ocrx_word' id='word_1_863' title='bbox 516 5901 718 5967; x_wconf 68' lang='grc' dir='ltr'>Μωσῆς</span> <span class='ocrx_word' id='word_1_864' title='bbox 742 5902 972 5957; x_wconf 79' lang='grc' dir='ltr'>δέδωκεν</span> <span class='ocrx_word' id='word_1_865' title='bbox 995 5906 1121 5975; x_wconf 71' lang='grc' dir='ltr'>ὑμῖν</span> <span class='ocrx_word' id='word_1_866' title='bbox 1153 5904 1242 5958; x_wconf 67' lang='grc' dir='ltr'><strong>τὸν</strong></span> <span class='ocrx_word' id='word_1_867' title='bbox 1266 5906 1426 5976; x_wconf 67' lang='grc' dir='ltr'>νῦμον</span> <span class='ocrx_word' id='word_1_868' title='bbox 1455 5924 1466 5973; x_wconf 78' lang='grc'>;</span> <span class='ocrx_word' id='word_1_869' title='bbox 1491 5907 1594 5959; x_wconf 66' lang='grc' dir='ltr'>Καὶ</span> <span class='ocrx_word' id='word_1_870' title='bbox 1623 5907 1793 5972; x_wconf 65' lang='grc' dir='ltr'>οὐδεὶς</span> <span class='ocrx_word' id='word_1_871' title='bbox 1820 5908 1877 5973; x_wconf 74' lang='grc' dir='ltr'>ἐξ</span> 
     </span>
    </p>
   </div>
   <div class='ocr_carea' id='block_1_107' title="bbox 1975 4703 3580 4777">
    <p class='ocr_par' dir='ltr' id='par_1_107' title="bbox 1975 4703 3580 4777">
     <span class='ocr_line' id='line_1_107' title="bbox 1975 4703 3580 4777; baseline -0.001 -18"><span class='ocrx_word' id='word_1_872' title='bbox 1975 4705 2198 4777; x_wconf 76' lang='lat' dir='ltr'><strong>omnino</strong></span> <span class='ocrx_word' id='word_1_873' title='bbox 2233 4714 2287 4758; x_wconf 90' lang='lat' dir='ltr'><strong>et</strong></span> <span class='ocrx_word' id='word_1_874' title='bbox 2318 4720 2482 4760; x_wconf 82' lang='lat' dir='ltr'><strong>verax</strong></span> <span class='ocrx_word' id='word_1_875' title='bbox 2508 4715 2591 4760; x_wconf 78' lang='lat' dir='ltr'><strong>est</strong></span> <span class='ocrx_word' id='word_1_876' title='bbox 2618 4715 2670 4760; x_wconf 89' lang='lat' dir='ltr'><strong>et</strong></span> <span class='ocrx_word' id='word_1_877' title='bbox 2696 4703 2896 4777; x_wconf 79' lang='lat' dir='ltr'><strong>justus.</strong></span> <span class='ocrx_word' id='word_1_878' title='bbox 2933 4706 3085 4776; x_wconf 77' lang='lat' dir='ltr'><strong>Saepe</strong></span> <span class='ocrx_word' id='word_1_879' title='bbox 3111 4717 3290 4759; x_wconf 86' lang='lat' dir='ltr'><strong>autem</strong></span> <span class='ocrx_word' id='word_1_880' title='bbox 3320 4704 3580 4772; x_wconf 84' lang='lat' dir='ltr'><strong>diximus,</strong></span> 
     </span>
    </p>
   </div>
   <div class='ocr_carea' id='block_1_108' title="bbox 1977 4773 3584 4868">
    <p class='ocr_par' dir='ltr' id='par_1_108' title="bbox 1977 4773 3584 4868">
     <span class='ocr_line' id='line_1_108' title="bbox 1977 4773 3584 4868; baseline 0 -21"><span class='ocrx_word' id='word_1_881' title='bbox 1977 4806 2033 4848; x_wconf 82' lang='lat' dir='ltr'><strong>et</strong></span> <span class='ocrx_word' id='word_1_882' title='bbox 2062 4773 2452 4866; x_wconf 65' lang='lat' dir='ltr'><strong>nimcquoquc</strong></span> <span class='ocrx_word' id='word_1_883' title='bbox 2477 4773 2733 4862; x_wconf 75' lang='lat' dir='ltr'><strong>dicimus,</strong></span> <span class='ocrx_word' id='word_1_884' title='bbox 2761 4797 2930 4868; x_wconf 79' lang='lat'><strong>606</strong></span> <span class='ocrx_word' id='word_1_885' title='bbox 2964 4773 3110 4864; x_wconf 83' lang='lat' dir='ltr'><strong>quod</strong></span> <span class='ocrx_word' id='word_1_886' title='bbox 3144 4796 3362 4863; x_wconf 86' lang='lat' dir='ltr'><strong>quando</strong></span> <span class='ocrx_word' id='word_1_887' title='bbox 3401 4794 3584 4847; x_wconf 86' lang='lat' dir='ltr'><strong>Uomi—</strong></span> 
     </span>
    </p>
   </div>
   <div class='ocr_carea' id='block_1_109' title="bbox 1978 4886 3581 4958">
    <p class='ocr_par' dir='ltr' id='par_1_109' title="bbox 1978 4886 3581 4958">
     <span class='ocr_line' id='line_1_109' title="bbox 1978 4886 3581 4958; baseline -0.003 -16"><span class='ocrx_word' id='word_1_888' title='bbox 1978 4905 2078 4943; x_wconf 88' lang='lat' dir='ltr'><strong>nus</strong></span> <span class='ocrx_word' id='word_1_889' title='bbox 2104 4889 2328 4943; x_wconf 88' lang='lat' dir='ltr'><strong>humilia</strong></span> <span class='ocrx_word' id='word_1_890' title='bbox 2358 4889 2606 4958; x_wconf 68' lang='lat' dir='ltr'><strong>quazdam</strong></span> <span class='ocrx_word' id='word_1_891' title='bbox 2637 4889 2821 4945; x_wconf 87' lang='lat' dir='ltr'><strong>dicere</strong></span> <span class='ocrx_word' id='word_1_892' title='bbox 2853 4891 3092 4954; x_wconf 86' lang='lat' dir='ltr'><strong>videtur,</strong></span> <span class='ocrx_word' id='word_1_893' title='bbox 3123 4902 3226 4940; x_wconf 90' lang='lat' dir='ltr'><strong>non</strong></span> <span class='ocrx_word' id='word_1_894' title='bbox 3252 4886 3581 4942; x_wconf 78' lang='lat' dir='ltr'><strong>existiman-</strong></span> 
     </span>
    </p>
   </div>
   <div class='ocr_carea' id='block_1_110' title="bbox 1977 4977 3584 5052">
    <p class='ocr_par' dir='ltr' id='par_1_110' title="bbox 1977 4977 3584 5052">
     <span class='ocr_line' id='line_1_110' title="bbox 1977 4977 3584 5052; baseline -0.002 -20"><span class='ocrx_word' id='word_1_895' title='bbox 1977 4983 2102 5033; x_wconf 87' lang='lat' dir='ltr'><strong>dum</strong></span> <span class='ocrx_word' id='word_1_896' title='bbox 2134 4981 2418 5035; x_wconf 70' lang='lat' dir='ltr'><strong>luecillum</strong></span> <span class='ocrx_word' id='word_1_897' title='bbox 2462 4983 2644 5035; x_wconf 87' lang='lat' dir='ltr'><strong>dicere</strong></span> <span class='ocrx_word' id='word_1_898' title='bbox 2678 4984 2818 5052; x_wconf 87' lang='lat' dir='ltr'><strong>quod</strong></span> <span class='ocrx_word' id='word_1_899' title='bbox 2855 4991 3046 5035; x_wconf 89' lang='lat' dir='ltr'><strong>natura</strong></span> <span class='ocrx_word' id='word_1_900' title='bbox 3081 4981 3260 5033; x_wconf 90' lang='lat' dir='ltr'><strong>minor</strong></span> <span class='ocrx_word' id='word_1_901' title='bbox 3292 4979 3363 5032; x_wconf 90' lang='lat' dir='ltr'><strong>sit</strong></span> <span class='ocrx_word' id='word_1_902' title='bbox 3403 4977 3584 5041; x_wconf 82' lang='lat' dir='ltr'><strong>Patre,</strong></span> 
     </span>
    </p>
   </div>
   <div class='ocr_carea' id='block_1_111' title="bbox 1978 5071 3580 5141">
    <p class='ocr_par' dir='ltr' id='par_1_111' title="bbox 1978 5071 3580 5141">
     <span class='ocr_line' id='line_1_111' title="bbox 1978 5071 3580 5141; baseline -0.003 -15"><span class='ocrx_word' id='word_1_903' title='bbox 1978 5075 2073 5126; x_wconf 84' lang='lat' dir='ltr'><strong>sed</strong></span> <span class='ocrx_word' id='word_1_904' title='bbox 2124 5090 2191 5127; x_wconf 89' lang='lat' dir='ltr'><strong>ne</strong></span> <span class='ocrx_word' id='word_1_905' title='bbox 2226 5075 2494 5128; x_wconf 80' lang='lat' dir='ltr'><strong>habeatur</strong></span> <span class='ocrx_word' id='word_1_906' title='bbox 2535 5074 2886 5128; x_wconf 79' lang='lat' dir='ltr'><strong>adversarius</strong></span> <span class='ocrx_word' id='word_1_907' title='bbox 2933 5076 3062 5138; x_wconf 79' lang='lat' dir='ltr'><strong>Dm,</strong></span> <span class='ocrx_word' id='word_1_908' title='bbox 3093 5082 3390 5141; x_wconf 86' lang='lat' dir='ltr'><strong>etprOpter</strong></span> <span class='ocrx_word' id='word_1_909' title='bbox 3427 5071 3580 5123; x_wconf 84' lang='lat' dir='ltr'><strong>audi-</strong></span> 
     </span>
    </p>
   </div>
   <div class='ocr_carea' id='block_1_112' title="bbox 1980 5163 3581 5236">
    <p class='ocr_par' dir='ltr' id='par_1_112' title="bbox 1980 5163 3581 5236">
     <span class='ocr_line' id='line_1_112' title="bbox 1980 5163 3581 5236; baseline -0.003 -18"><span class='ocrx_word' id='word_1_910' title='bbox 1980 5174 2158 5219; x_wconf 87' lang='lat' dir='ltr'><strong>torum</strong></span> <span class='ocrx_word' id='word_1_911' title='bbox 2202 5168 2654 5233; x_wconf 75' lang='lat' dir='ltr'><strong>imbecillitatem,</strong></span> <span class='ocrx_word' id='word_1_912' title='bbox 2691 5180 2742 5221; x_wconf 92' lang='lat' dir='ltr'><strong>et</strong></span> <span class='ocrx_word' id='word_1_913' title='bbox 2775 5179 3061 5236; x_wconf 81' lang='lat' dir='ltr'><strong>prOpterea</strong></span> <span class='ocrx_word' id='word_1_914' title='bbox 3089 5167 3237 5235; x_wconf 90' lang='lat' dir='ltr'><strong>quod</strong></span> <span class='ocrx_word' id='word_1_915' title='bbox 3259 5179 3422 5218; x_wconf 85' lang='lat' dir='ltr'><strong>carne</strong></span> <span class='ocrx_word' id='word_1_916' title='bbox 3443 5163 3581 5215; x_wconf 89' lang='lat' dir='ltr'><strong>ami-</strong></span> 
     </span>
    </p>
   </div>
   <div class='ocr_carea' id='block_1_113' title="bbox 1979 5255 3582 5329">
    <p class='ocr_par' dir='ltr' id='par_1_113' title="bbox 1979 5255 3582 5329">
     <span class='ocr_line' id='line_1_113' title="bbox 1979 5255 3582 5329; baseline -0.004 -17"><span class='ocrx_word' id='word_1_917' title='bbox 1979 5269 2096 5312; x_wconf 90' lang='lat' dir='ltr'><strong>ctus</strong></span> <span class='ocrx_word' id='word_1_918' title='bbox 2121 5260 2212 5323; x_wconf 88' lang='lat' dir='ltr'><strong>sit,</strong></span> <span class='ocrx_word' id='word_1_919' title='bbox 2245 5271 2412 5329; x_wconf 87' lang='lat' dir='ltr'><strong>utque</strong></span> <span class='ocrx_word' id='word_1_920' title='bbox 2455 5276 2552 5314; x_wconf 88' lang='lat' dir='ltr'><strong>nos</strong></span> <span class='ocrx_word' id='word_1_921' title='bbox 2583 5261 2777 5314; x_wconf 84' lang='lat' dir='ltr'><strong>doceat</strong></span> <span class='ocrx_word' id='word_1_922' title='bbox 2838 5261 3115 5312; x_wconf 72' lang='lat' dir='ltr'><strong>modestos</strong></span> <span class='ocrx_word' id='word_1_923' title='bbox 3165 5273 3308 5319; x_wconf 88' lang='lat' dir='ltr'><strong>esse,</strong></span> <span class='ocrx_word' id='word_1_924' title='bbox 3339 5267 3391 5310; x_wconf 80' lang='lat' dir='ltr'><strong>et</strong></span> <span class='ocrx_word' id='word_1_925' title='bbox 3452 5255 3582 5307; x_wconf 83' lang='lat' dir='ltr'><strong>nihil</strong></span> 
     </span>
    </p>
   </div>
   <div class='ocr_carea' id='block_1_114' title="bbox 1982 5350 3584 5420">
    <p class='ocr_par' dir='ltr' id='par_1_114' title="bbox 1982 5350 3584 5420">
     <span class='ocr_line' id='line_1_114' title="bbox 1982 5350 3584 5420; baseline -0.005 -17"><span class='ocrx_word' id='word_1_926' title='bbox 1982 5366 2232 5420; x_wconf 82' lang='lat' dir='ltr'><strong>magnum</strong></span> <span class='ocrx_word' id='word_1_927' title='bbox 2267 5354 2331 5404; x_wconf 80' lang='lat' dir='ltr'><strong>de</strong></span> <span class='ocrx_word' id='word_1_928' title='bbox 2379 5351 2534 5404; x_wconf 84' lang='lat' dir='ltr'><strong>nobis</strong></span> <span class='ocrx_word' id='word_1_929' title='bbox 2563 5352 2695 5420; x_wconf 87' lang='lat' dir='ltr'><strong>ipsis</strong></span> <span class='ocrx_word' id='word_1_930' title='bbox 2735 5352 2941 5404; x_wconf 86' lang='lat' dir='ltr'><strong>dicere.</strong></span> <span class='ocrx_word' id='word_1_931' title='bbox 2979 5350 3206 5414; x_wconf 73' lang='lat' dir='ltr'><strong>Quando</strong></span> <span class='ocrx_word' id='word_1_932' title='bbox 3253 5359 3432 5401; x_wconf 88' lang='lat' dir='ltr'><strong>autem</strong></span> <span class='ocrx_word' id='word_1_933' title='bbox 3487 5362 3584 5399; x_wconf 90' lang='lat' dir='ltr'><strong>su-</strong></span> 
     </span>
    </p>
   </div>
   <div class='ocr_carea' id='block_1_115' title="bbox 1980 5442 3587 5512">
    <p class='ocr_par' dir='ltr' id='par_1_115' title="bbox 1980 5442 3587 5512">
     <span class='ocr_line' id='line_1_115' title="bbox 1980 5442 3587 5512; baseline -0.003 -16"><span class='ocrx_word' id='word_1_934' title='bbox 1980 5443 2163 5496; x_wconf 89' lang='lat' dir='ltr'><strong>blimia</strong></span> <span class='ocrx_word' id='word_1_935' title='bbox 2218 5453 2271 5497; x_wconf 89' lang='lat' dir='ltr'><strong>et</strong></span> <span class='ocrx_word' id='word_1_936' title='bbox 2330 5445 2394 5497; x_wconf 89' lang='lat' dir='ltr'><strong>de</strong></span> <span class='ocrx_word' id='word_1_937' title='bbox 2451 5460 2545 5496; x_wconf 88' lang='lat' dir='ltr'><strong>sua</strong></span> <span class='ocrx_word' id='word_1_938' title='bbox 2585 5445 2765 5498; x_wconf 88' lang='lat' dir='ltr'><strong>divina</strong></span> <span class='ocrx_word' id='word_1_939' title='bbox 2813 5443 2981 5512; x_wconf 80' lang='lat' dir='ltr'><strong>gloria</strong></span> <span class='ocrx_word' id='word_1_940' title='bbox 3041 5442 3304 5510; x_wconf 81' lang='lat' dir='ltr'><strong>loquitur,</strong></span> <span class='ocrx_word' id='word_1_941' title='bbox 3367 5452 3587 5510; x_wconf 82' lang='lat' dir='ltr'><strong>oportet</strong></span> 
     </span>
    </p>
   </div>
   <div class='ocr_carea' id='block_1_116' title="bbox 1981 5533 3583 5607">
    <p class='ocr_par' dir='ltr' id='par_1_116' title="bbox 1981 5533 3583 5607">
     <span class='ocr_line' id='line_1_116' title="bbox 1981 5533 3583 5607; baseline -0.001 -18"><span class='ocrx_word' id='word_1_942' title='bbox 1981 5536 2203 5589; x_wconf 78' lang='lat' dir='ltr'><strong>credere</strong></span> <span class='ocrx_word' id='word_1_943' title='bbox 2247 5551 2343 5589; x_wconf 75' lang='lat' dir='ltr'><strong>nos</strong></span> <span class='ocrx_word' id='word_1_944' title='bbox 2396 5539 2538 5604; x_wconf 89' lang='lat' dir='ltr'><strong>quod</strong></span> <span class='ocrx_word' id='word_1_945' title='bbox 2591 5538 2816 5607; x_wconf 85' lang='lat' dir='ltr'><strong>grandia</strong></span> <span class='ocrx_word' id='word_1_946' title='bbox 2883 5539 2994 5589; x_wconf 72' lang='lat' dir='ltr'><strong>hmc</strong></span> <span class='ocrx_word' id='word_1_947' title='bbox 3049 5546 3105 5588; x_wconf 94' lang='lat' dir='ltr'><strong>ut</strong></span> <span class='ocrx_word' id='word_1_948' title='bbox 3141 5535 3371 5603; x_wconf 54' lang='lat' dir='ltr'><strong>.itqualis</strong></span> <span class='ocrx_word' id='word_1_949' title='bbox 3435 5533 3583 5587; x_wconf 85' lang='lat' dir='ltr'><strong>Patri</strong></span> 
     </span>
    </p>
   </div>
   <div class='ocr_carea' id='block_1_117' title="bbox 1985 5630 3405 5700">
    <p class='ocr_par' dir='ltr' id='par_1_117' title="bbox 1985 5630 3405 5700">
     <span class='ocr_line' id='line_1_117' title="bbox 1985 5630 3405 5700; baseline -0.001 -17"><span class='ocrx_word' id='word_1_950' title='bbox 1985 5630 2258 5699; x_wconf 80' lang='lat' dir='ltr'><strong>&#39;oquatur,</strong></span> <span class='ocrx_word' id='word_1_951' title='bbox 2297 5643 2517 5700; x_wconf 85' lang='lat' dir='ltr'><strong>propter</strong></span> <span class='ocrx_word' id='word_1_952' title='bbox 2549 5634 2979 5699; x_wconf 78' lang='lat' dir='ltr'><strong>magnitudinem</strong></span> <span class='ocrx_word' id='word_1_953' title='bbox 3017 5645 3131 5684; x_wconf 81' lang='lat' dir='ltr'><strong>suae</strong></span> <span class='ocrx_word' id='word_1_954' title='bbox 3175 5640 3405 5683; x_wconf 69' lang='lat' dir='ltr'><strong>naturir.</strong></span> 
     </span>
    </p>
   </div>
   <div class='ocr_carea' id='block_1_118' title="bbox 2063 5895 3580 5969">
    <p class='ocr_par' dir='ltr' id='par_1_118' title="bbox 2063 5895 3580 5969">
     <span class='ocr_line' id='line_1_118' title="bbox 2063 5895 3580 5969; baseline -0.005 -13"><span class='ocrx_word' id='word_1_955' title='bbox 2063 5902 2225 5959; x_wconf 69' lang='lat' dir='ltr'><strong>Vens.</strong></span> <span class='ocrx_word' id='word_1_956' title='bbox 2253 5903 2342 5969; x_wconf 66' lang='lat' dir='ltr'><strong>lt),</strong></span> <span class='ocrx_word' id='word_1_957' title='bbox 2373 5901 2467 5957; x_wconf 73' lang='lat'><strong>9.0.</strong></span> <span class='ocrx_word' id='word_1_958' title='bbox 2510 5921 2527 5953; x_wconf 82' lang='grc' dir='ltr'><strong>ι</strong></span> <span class='ocrx_word' id='word_1_959' title='bbox 2567 5900 2754 5959; x_wconf 67' lang='lat' dir='ltr'><strong>Nonne</strong></span> <span class='ocrx_word' id='word_1_960' title='bbox 2790 5899 2964 5958; x_wconf 73' lang='lat' dir='ltr'><strong>Moses</strong></span> <span class='ocrx_word' id='word_1_961' title='bbox 2992 5898 3140 5957; x_wconf 76' lang='lat' dir='ltr'><strong>dedit</strong></span> <span class='ocrx_word' id='word_1_962' title='bbox 3171 5900 3325 5956; x_wconf 80' lang='lat' dir='ltr'><strong>vobis</strong></span> <span class='ocrx_word' id='word_1_963' title='bbox 3361 5895 3580 5966; x_wconf 69' lang='lat' dir='ltr'><strong>legem?</strong></span> 
     </span>
    </p>
   </div>
  </div>
