4052 6548
207 480 329 541 Ῑῖἷ3ῗ

884 468 1327 531 ΕΧᾹΜΜῚῚΟ
1368 469 1445 529 ΙΝ
1491 464 1798 531 EVANGE.

1909 462 1993 522 1M
2032 467 2453 529 JO.\NNIS--
2484 466 2645 528 CAP.
2684 466 2817 526 VII.

3367 459 3506 523 1333

208 589 298 658 μὶν
329 586 447 645 τοῦ,
495 608 510 636 ι
561 585 695 651 n.1,;
738 586 905 636 αιτοὲ
944 590 1080 654 εἰμι,
1118 605 1131 634 ι
1170 584 1265 655 τὴν
1294 584 1488 638 οὐσίαν
1523 584 1620 654 τῆς
1674 582 1793 635 θεό-

1909 587 2101 639 ttantia
2126 586 2306 640 divina
2327 585 2639 641 declaratur
2660 602 2675 649 ;
2696 599 2819 637 curn
2843 595 2972 635 vero
2994 578 3092 645 ait,
3125 597 3144 631 ι
3164 578 3229 634 Et
3257 578 3508 636 illemisi.

203 696 397 751 τητος·
432 679 519 734 διὰ
566 677 622 731 δὲ
657 676 772 744 τοῦ,
818 697 834 728 ι
877 677 1145 739 Κάκεῖνος
1201 694 1269 744 με
1325 676 1643 735 ἀπέστειλε.
1680 694 1697 727 ι
1739 675 1801 727 τὸ

206 771 588 843 ἀνθρώπινον·
646 770 946 832 ἀπόστολος
1000 767 1110 839 γὰρ
1147 769 1287 822 κατὰ
1346 768 1406 821 τὸ
1457 769 1800 840 ἀνθρώπινον

204 864 441 931 λέγεται,
477 864 613 916 καθὸ
636 864 730 915 καὶ
765 861 948 924 δοῦλος
971 864 998 914 6
1034 862 1160 922 Υἱὸς
1188 861 1281 914 τοῦ
1314 862 1471 914 Θεοῦ,

280 976 297 1007 t
360 956 617 1024 Ἐζήτουν
662 953 755 1006 οἷν
800 954 960 1006 αὐτὸν
999 957 1213 1015 πιάσαι,
1255 956 1348 1006 καὶ
1384 954 1560 1015 οὐδεὶς
1600 953 1799 1005 ἐπέϐα-

201 1047 292 1098 λεν
329 1046 417 1098 ἐπ’
442 1046 605 1098 αὐτὸν
637 1046 734 1106 τὰς
768 1048 977 1115 χεῖρας.
1016 1047 1097 1097 ὅτι
1138 1044 1292 1097 οὔπω
1332 1044 1583 1113 ἐληλύθει
1613 1046 1644 1115 ή
1680 1043 1798 1113 ὥρα

201 1138 391 1193 αὐτοῦ.
432 1137 620 1191 Πολλοὶ
654 1132 748 1189 οὖν
790 1138 853 1189 ὲκ
888 1136 983 1188 τοῦ
1016 1136 1176 1206 ὄχλου
1216 1136 1553 1189 ἐπίστευσαν
1594 1138 1673 1197 εἰς
1696 1135 1797 1186 αύ-

202 1231 312 1294 τὲν,
376 1229 470 1281 καὶ
525 1229 747 1295 ἔλεγον,
789 1229 869 1282 ὅτι
914 1230 973 1280 'O
1006 1228 1243 1297 Χριστὸς
1280 1229 1408 1280 ὅταν
1445 1227 1575 1298 ἔλθῃ
1605 1268 1618 1290 ,
1666 1228 1798 1296 μήτι

203 1322 375 1376 πλείω
408 1323 605 1390 σημεῖα
632 1321 841 1373 τούτων
883 1321 1124 1390 ποιήσει,
1159 1313 1235 1373 ὧν
1264 1313 1419 1383 οὗτος
1444 1318 1732 1389 ὲποίησενς
1772 1336 1791 1370 ι

201 1413 476 1468 Δεικνύων
500 1413 527 1465 6
564 1412 961 1482 εύαγγελιστὴς
990 1454 1002 1475 ,
1039 1413 1122 1465 ὅτι
1158 1412 1410 1481 ἀοράτως
1456 1410 1795 1481 κατείχοντο,

201 1507 297 1562 καὶ
322 1509 403 1559 ὅτι
437 1504 579 1561 ἑκὼν
602 1507 795 1570 ἔπαθε,
820 1507 913 1560 καὶ
929 1506 1030 1558 ούκ
1055 1504 1114 1569 ἐξ
1143 1506 1471 1575 ἀδυναμίας,
1502 1506 1690 1573 φησιν,
1713 1504 1796 1558 ὅτι

206 1618 225 1651 t
279 1598 545 1669 Ἐζήτουν
576 1598 736 1653 αὑτὸν
774 1598 969 1651 πιάσαι
996 1640 1007 1659 ,
1056 1600 1152 1651 καὶ
1191 1599 1367 1659 οὐδεὶς
1396 1597 1665 1652 ἐπέϐαλεν
1696 1597 1797 1651 ἐπ’

201 1692 367 1746 αὑτὸν
387 1693 484 1754 τὰς
508 1694 711 1762 χεῖρας.
739 1711 756 1743 ι
780 1692 853 1744 Τὸ
878 1693 955 1755 δὲ,
979 1691 1150 1745 Οὔπω
1167 1685 1333 1761 ἦλθεν
1357 1691 1388 1759 ἡ
1413 1689 1533 1759 ὦρα
1553 1689 1740 1751 αὐτοῦ,
1770 1709 1788 1739 ι

200 1784 327 1852 ἔφη,
376 1784 476 1854 οὐχ
529 1786 612 1837 ὅτι
663 1786 873 1853 καιροῖς
914 1783 1195 1844 ὑπέκειτο,
1250 1782 1368 1836 ἀλλ’
1398 1784 1483 1837 ὅτι
1521 1784 1703 1836 πάντα
1739 1783 1796 1833 ὲν

197 1876 340 1948 ὥρα.
373 1879 466 1929 καὶ
498 1876 784 1947 ἐπιτηδείῳ
805 1876 984 1946 καιρῷ
1020 1877 1112 1931 xui.
1139 1876 1217 1945 τῷ
1252 1877 1587 1945 προσήκοντι
1627 1874 1791 1926 ποιεῖ.

1911 691 2019 741 me,
2060 677 2293 729 humana
2328 694 2342 730 :
2377 677 2678 729 secundum
2721 673 2867 727 enim
2914 676 3206 725 humanam
3259 680 3512 723 naturam

1910 771 2113 825 missus
2153 770 2353 823 dicitur
2396 781 2561 837 atque
2604 768 2770 823 etiam
2807 781 3026 827 servus.
3058 764 3154 836 qui
3199 761 3371 818 Filius
3421 773 3508 815 est

1910 861 2027 915 Dei.

1984 954 2147 1009 Vens.
2187 953 2278 1017 30,
2329 953 2418 1007 5|.
2477 970 2496 1004 ι
2537 950 2866 1019 Qua-rebant
2912 949 3080 1019 igitur
3113 947 3265 1001 illum
3310 959 3507 1017 appre-

1907 1046 2172 1110 hendere,
2214 1057 2270 1101 et
2311 1059 2471 1101 nemo
2510 1044 2659 1097 misit
2701 1055 2895 1097 manus
2923 1041 2974 1094 in
3006 1039 3181 1103 illum,
3214 1039 3340 1108 quia
3370 1052 3508 1094 non-

1907 1141 2033 1196 dum
2068 1148 2293 1195 venerat
2345 1139 2477 1193 hora
2522 1137 2660 1207 ejus.
2696 1136 2843 1190 Multi
2876 1144 3059 1189 autem
3088 1148 3151 1187 ex
3182 1132 3340 1185 turba
3372 1144 3506 1185 cre-

1906 1234 2161 1289 diderunt
2221 1233 2275 1286 in
2327 1247 2473 1296 eum,
2509 1240 2565 1283 et
2616 1229 2874 1284 dicebant
2909 1226 3053 1296 quod
3082 1225 3335 1280 Christus
3380 1237 3505 1278 cum

1906 1328 2137 1391 venerit,
2178 1341 2305 1381 num
2340 1325 2491 1394 signa
2527 1323 2685 1393 plura
2715 1322 2840 1377 edet
2872 1321 2938 1375 iis
2968 1334 3087 1387 qua
3116 1318 3206 1373 hic
3234 1314 3446 1371 edidit?
3483 1334 3501 1367 ι

1906 1418 2215 1475 Ostendcus
2263 1416 2600 1486 evangelista
2670 1415 2813 1483 quod
2872 1410 3221 1467 invisibiliter
3280 1408 3509 1463 cohibe-

1911 1522 2121 1576 reutur,
2148 1519 2201 1565 et
2231 1510 2377 1581 quod
2413 1520 2608 1580 sponte
2654 1516 2959 1577 pateretur,
3006 1519 3109 1560 non
3150 1519 3214 1558 ex
3263 1500 3509 1556 imbecil-

1907 1604 2073 1665 litate,
2133 1604 2319 1657 dicit:
2378 1620 2396 1653 ι
2450 1601 2778 1667 Quaerebam
2844 1598 2998 1653 illum
3071 1595 3509 1665 apprehendere,

1906 1696 2086 1750 nullus
2124 1706 2305 1749 autem
2344 1695 2490 1749 misit
2541 1694 2593 1747 itt
2646 1692 2795 1747 illum
2827 1706 3041 1745 manus.
3084 1707 3103 1740 ι
3138 1687 3292 1755 Quod
3324 1696 3504 1740 autem

1910 1808 1927 1840 ι
1967 1786 2218 1842 Nondum
2250 1787 2458 1841 venerit
2485 1787 2617 1840 hora
2650 1784 2789 1853 ejus,
2829 1799 2847 1832 ι
2887 1781 3024 1837 dixit
3061 1795 3168 1835 non
3192 1777 3335 1848 quod
3375 1786 3507 1830 tem-

1906 1881 2131 1950 pot'ihus
2158 1888 2302 1934 esset
2350 1878 2645 1944 obnoxius,
2697 1876 2791 1931 sed
2828 1875 2973 1945 quod
3023 1871 3207 1927 omnia
3258 1881 3509 1942 tempore

208 1969 405 2023 'llvixu
454 1970 563 2038 γὰρ
608 1969 670 2022 τὸ
714 1968 907 2023 παθεῖν
939 1967 1198 2038 εὔκαιρον
1243 1968 1555 2036 ἐλογίσατο,
1586 1964 1792 2036 δηλαδὴ

1909 1984 2202 2043 σρροτῑυηο
2262 1982 2317 2026 et
2384 1973 2515 2026 hora
2578 1968 2923 2025 convenieuti
3007 1965 3216 2022 fecerit.
3276 1962 3511 2031 Quando

197 2064 343 2116 κατὰ
376 2062 467 2115 τὸν
497 2061 699 2131 ὡραῖον
730 2064 820 2115 καὶ
852 2062 1165 2131 ἐπιτήδειον
1192 2062 1407 2132 χρόνον,
1438 2060 1559 2111 τότε
1601 2056 1666 2126 δὴ
1702 2058 1797 2110 xu".

194 2157 313 2218 τοῖς
367 2155 711 2221 σταυρωταῖς
764 2152 1138 2224 συνεχώρησε,
1177 2154 1363 2205 Πάντα
1418 2151 1527 2221 γὰρ
1571 2154 1627 2203 ὲν
1677 2167 1799 2202 και-

198 2248 312 2315 ροτς
368 2244 591 2315 ὡραίοις
632 2245 727 2295 καὶ
778 2244 1103 2311 ὶπιτηδείοις
1145 2246 1291 2297 ποιεῖ
1342 2242 1437 2296 καὶ
1487 2242 1786 2309 οἰκονομεῖ.

192 2333 349 2398 Οῗον,
381 2335 488 2388 ἔδει
509 2335 733 2404 δοθῆναι
760 2334 848 2389 τὸν
871 2336 1057 2404 νόμον,
1090 2336 1205 2389 ἀλλ’
1228 2337 1285 2388 ἐν
1315 2336 1495 2407 καιρῷ
1521 2336 1599 2403 τῴ
1631 2350 1800 2403 προσ-

192 2427 419 2494 ήκοντι,
456 2423 584 2486 τοὺς
650 2426 937 2495 προφήτας
974 2427 1321 2496 δμοίως,καὶ
1351 2426 1412 2478 τὸ
1437 2426 1794 2493 Εὑαγγέλιον.

194 2516 273 2569 Τὸ
299 2511 392 2568 οὖν
431 2519 529 2587 τῆς
558 2515 707 2581 ὧρας
735 2518 922 2585 θνομα,
952 2518 1014 2569 τὸ
1064 2518 1292 2587 ἀκριϐὲς
1332 2521 1434 2588 τῆς
1468 2518 1662 2585 σοφίας
1701 2516 1798 2569 καὶ

193 2609 296 2677 τῆς
327 2608 582 2677 προνοίας
615 2607 710 2660 τοῦ
738 2608 994 2678 Σωτῆρος
1030 2610 1395 2662 ἐνδείκνυται.
1429 2627 1445 2659 ι
1509 2609 1702 2662 Πολλοὶ
1740 2608 1797 2661 δὲ

193 2700 531 2752 ἐπίστευσαν
555 2698 727 2770 αὐτῷ,
759 2700 1034 2767 λέγοντες·
1062 2700 1153 2771 Μὴ
1185 2703 1211 2754 ὁ
1240 2701 1475 2771 Χριστὸς
1510 2701 1682 2753 πλείω
1706 2718 1802 2769 ση-

197 2793 331 2862 μεῖα
361 2794 597 2861 ποιήσει,
640 2787 715 2847 ὦν
758 2788 914 2856 οὗτος
942 2796 1196 2863 tuaique;
1248 2814 1267 2846 ι
1308 2795 1547 2861 Λέγουσι
1579 2795 1637 2847 δὲ
1668 2795 1800 2864 περὶ

192 2883 292 2937 τοῦ
322 2884 468 2937 οἴνου
498 2884 591 2937 τοῦ
628 2887 684 2937 ἐν
718 2886 896 2955 Κανᾷ,
934 2885 1024 2936 τοῦ
1060 2886 1173 2937 υἱοῦ
1210 2885 1303 2938 τοῦ
1344 2884 1628 2955 βασιλικοῦ
1657 2924 1671 2946 ,
1704 2884 1799 2937 τοῦ

192 2975 536 3045 παραλύτου,
567 2977 674 3029 τῶν
703 2976 906 3047 ἄρτων,
944 2978 1036 3029 καὶ
1068 2978 1259 3039 ἁπλῶς
1303 2978 1413 3029 τῶν
1446 2978 1625 3031 ἄλλων
1659 2976 1799 3031 πάν-

194 3086 331 3131 των,
386 3060 462 3119 ὧν
509 3067 630 3120 οὐδὲ
663 3071 709 3120 οἱ
742 3068 1151 3135 εὐαγγελισταῖ,
1186 3069 1274 3122 διὰ
1310 3072 1371 3122 τὸ
1404 3069 1606 3140 πλῆθος
1636 3110 1649 3135 ,
1685 3069 1800 3122 ὀνο-

197 3162 371 3232 μαστὶ
406 3160 833 3230 ὲπιμέμνηνται.
868 3161 1011 3232 Πλὴν
1041 3165 1087 3215 εἰ
1122 3165 1216 3215 καί
1240 3162 1461 3225 ἀκούεις
1483 3205 1500 3229 ,
1536 3165 1620 3216 ὅτι
1674 3163 1802 3215 ἐπί-

196 3270 437 3307 στευσαν
472 3253 676 3317 πολλοὶ,
708 3254 825 3307 ἀλλ’
852 3251 946 3308 οὖν
988 3258 1087 3307 οὐκ
1133 3256 1370 3326 ἀκριϐὴς
1410 3252 1479 3327 ἦν
1535 3258 1569 3327 ή
1617 3256 1803 3318 πίστις

196 3346 409 3412 αὐτῶν,
448 3346 564 3399 ἀλλ’
595 3347 714 3400 οἵαν
746 3347 894 3409 εἰκὸς
934 3344 1072 3400 εἶναι
1096 3348 1334 3417 πλήθους
1370 3347 1619 3418 χυδαῖον,
1641 3348 1802 3403 ἄλλο·

194 3455 254 3493 τε
292 3438 471 3501 ἄλλως
499 3440 973 3510 μεταταττομένου
1020 3442 1137 3503 ταῖς
1172 3441 1447 3510 γνώμαις.

275 3636 293 3668 ι
339 3618 621 3669 Ἤκουσαν
679 3619 729 3671 οἱ
776 3620 1067 3689 Φαρισαῖοι
1108 3620 1473 3688 γογγύζοντος
1506 3622 1602 3674 τοῦ
1640 3622 1800 3690 δχλου

194 3707 329 3777 περὶ
358 3705 525 3758 αύτοῦ
558 3706 732 3758 ταῦτα
766 3723 779 3735 ·
820 3708 911 3760 xui
946 3708 1277 3760 ἀπέστειλαν
1300 3708 1579 3777 ὑπηρέτας
1604 3709 1653 3758 οἱ
1690 3707 1802 3757 Φα-

204 3801 415 3871 ρισαῖοι
453 3798 548 3851 xui.
577 3801 625 3849 οἱ
655 3800 959 3868 ἀρχιερεῖς,
988 3800 1074 3851 ἵνα
1109 3802 1380 3853 πιάσωσιν
1410 3799 1595 3851 αὐτόν.
1634 3795 1802 3850 Εἶπεν

191 3890 292 3946 οὖν
322 3893 509 3952 αὐτοῖς
536 3894 563 3944 6
597 3891 808 3962 Ἰησοῦς
833 3908 845 3920 ·
885 3892 1007 3944 Ἔτι
1047 3892 1239 3963 μικρὸν
1268 3893 1459 3961 χρόνον
1498 3890 1618 3959 μεθ’
1650 3891 1803 3960 ὑμῶν

192 3989 339 4055 εἰμι,
365 3986 459 4037 καὶ
484 3984 685 4051 ὑπάγω
720 3983 857 4053 πρὸς
908 3986 1001 4036 τὸν
1044 3984 1341 4053 πέμψαντα
1387 4000 1474 4051 με.
1523 3982 1802 4052 Ζητήσετέ

196 4096 293 4149 με,
332 4075 430 4130 καὶ
462 4077 560 4145 οὐχ
602 4076 866 4146 εὑρήσετε
894 4092 907 4105 '
948 4078 1042 4141 καὶ
1066 4076 1199 4128 ὅπου
1236 4074 1347 4142 ἐγώ
1379 4078 1516 4143 εἰμι,
1544 4075 1705 4143 ὑμεῖς
1741 4075 1801 4127 ού

190 4170 431 4227 δύνασθε
463 4168 658 4220 ἐλθεῖν.
699 4163 865 4218 Εἶπον
894 4162 989 4218 οὖν
1012 4167 1063 4217 οἱ
1100 4166 1347 4219 Ἰουδαῖοι
1378 4164 1512 4232 πρὸς
1532 4162 1763 4225 ἑαυτούς
1784 4180 1799 4193 ⁸

193 4266 311 4324 Ποῦ
340 4257 497 4324 οὗτος
530 4262 717 4333 μέλλει
743 4260 1102 4332 πορεύεσθαι,
1132 4262 1209 4313 ὅτι
1240 4261 1402 4329 ἡμεῖς
1437 4257 1537 4327 οὐχ
1570 4257 1805 4326 εὑρήσο-

196 4377 305 4432 μεν
352 4355 549 4421 αύτὸνς
604 4355 695 4423 Μὴ
743 4356 822 4416 εἰς
876 4353 977 4419 τὴν
1029 4352 1335 4422 διασπορὰν
1379 4350 1491 4403 τῶν
1530 4350 1803 4419 Ἑλλήνων

195 4451 392 4524 μέλλει
439 4447 808 4519 πορεύεσθαι,
847 4446 942 4498 καὶ
994 4445 1269 4498 διδάσκειν
1314 4446 1444 4507 τοὺς
1484 4442 1799 4512 Ἐλληναςς

194 4544 299 4608 Τίς
353 4542 502 4595 ἐστιν
533 4543 560 4593 6
601 4541 758 4607 λόγος
790 4534 943 4601 οὗτος
978 4540 1037 4591 ὂν
1084 4535 1204 4590 εἷπε
1226 4554 1242 4569 ο
1278 4537 1555 4605 Ζητήσετέ
1586 4553 1673 4604 με,
1707 4535 1801 4587 καὶ

1900 2068 2046 2123 enim
2086 2067 2469 2135 tempestivum
2494 2063 2829 2119 existimavit
2854 2060 2999 2132 quod
3039 2067 3341 2131 pateretur,
3367 2066 3496 2111 tunc

1898 2170 1951 2214 et
1981 2158 2404 2215 erucilixoribus
2443 2173 2504 2212 se
2532 2156 2803 2227 permisit.
2832 2154 3028 2211 Omnia
3056 2153 3203 2207 enim
3246 2150 3510 2219 tempori-

1905 2253 2009 2308 bus
2040 2252 2365 2323 opportunis
2396 2261 2450 2305 et
2486 2248 2860 2304 accommodis
2888 2247 3018 2301 facit
3047 2262 3112 2301 ac
3144 2244 3464 2302 moderatur
3490 2264 3504 2299 :

1899 2356 1951 2399 et
1996 2345 2139 2399 sicut
2174 2343 2348 2413 legem
2395 2342 2513 2397 dari
2563 2341 2924 2395 conveniebat
2967 2348 3211 2407 tempore
3240 2351 3508 2406 congruo,

1901 2438 1973 2492 ita
2026 2437 2280 2491 similiter
2324 2448 2379 2491 et
2436 2437 2753 2504 praphetas,
2808 2444 2861 2488 et
2912 2432 3297 2502 Evangelium.
3354 2428 3515 2487 Unde

1899 2545 2097 2585 nomen
2172 2531 2319 2583 horae
2393 2527 2634 2582 oSteudit
2686 2527 2993 2580 evidentem
3053 2524 3399 2593 prudentiam
3455 2533 3514 2577 et

1901 2623 2225 2689 sapientiam
2274 2620 2605 2676 Salvatoris.
2649 2639 2668 2671 ι
2727 2618 2881 2672 Multi
2933 2628 3114 2674 autem
3160 2618 3516 2673 crediderunt

1900 2715 1971 2777 ei,
2009 2716 2256 2769 dicentes
2283 2732 2297 2768 :
2329 2710 2589 2780 Nunquid
2632 2709 2887 2765 Christus
2933 2709 3086 2779 plura
3125 2708 3280 2778 signa
3314 2706 3507 2771 faciet,

1903 2819 2064 2873 quam
2098 2804 2187 2858 hic
2224 2802 2394 2857 fecit?
2434 2820 2451 2853 ι
2496 2799 2695 2854 Dicunt
2741 2808 2922 2853 autem
2971 2800 3038 2853 de
3088 2798 3218 2853 vino
3257 2798 3311 2852 in
3361 2796 3512 2852 Cana

1904 2894 2163 2960 Galilzcac,
2195 2896 2259 2949 de
2292 2894 2403 2947 lilio
2433 2892 2602 2961 regio,
2657 2894 2724 2945 de
2772 2890 3095 2963 paralytico,
3147 2891 3213 2945 de
3257 2890 3511 2959 panibus.

1905 2996 1960 3039 ct
2010 2986 2061 3039 in
2112 3000 2327 3041 summa
2378 2985 2445 3038 de
2496 2983 2618 3039 aliis
2672 2982 2949 3047 omnibus,
2993 2983 3061 3039 de
3099 2982 3300 3051 Quibus
3334 2996 3514 3052 neque

1906 3079 2252 3148 evangelistte
2310 3085 2535 3146 PrOpter
2583 3076 2989 3131 multitudinem
3045 3074 3292 3145 ipsorum
3334 3075 3515 3129 nomi-

1908 3170 2080 3223 nalim
2121 3167 2455 3223 mentionem
2490 3167 2761 3223 iecerunt.
2806 3166 3196 3221 Verumtamen
3232 3180 3356 3221 cum
3411 3181 3511 3219 au-

1909 3262 2076 3316 dieris
2104 3261 2249 3331 quod
2287 3260 2443 3315 multi
2484 3260 2844 3326 crediderint,
2892 3259 3040 3315 scias
3090 3258 3310 3314 illorum
3346 3257 3509 3311 iidem

1906 3363 2153 3407 exactam
2199 3366 2307 3406 non
2345 3350 2534 3416 fuisse,
2566 3350 2659 3406 sed
2692 3350 2912 3421 qualem
2942 3348 3244 3405 verisimile
3274 3358 3360 3403 est
3389 3363 3516 3403 esse

1908 3447 1962 3501 in
2025 3446 2227 3517 vulgari
2279 3444 2654 3511 multitudine,
2708 3443 2941 3499 subinde
2989 3452 3245 3498 mutante.
3287 3451 3511 3498 senten-

1909 3547 2059 3590 tiam.

1976 3628 2141 3683 Vsus.
2174 3626 2365 3682 '52-'56.
2404 3645 2423 3677 ι
2466 3626 2774 3681 Audierant
2804 3626 3068 3680 Pharisaei
3102 3627 3317 3679 turbam
3363 3640 3515 3679 mur-

1910 3729 2225 3773 tnurantem
2278 3718 2344 3771 de
2394 3716 2485 3771 illo
2540 3716 2677 3782 liter,
2724 3726 2775 3771 et
2828 3716 3098 3771 miserunt
3148 3715 3413 3770 Pharisaei
3449 3730 3515 3771 ac

1907 3810 2183 3879 principes
2221 3807 2573 3863 sacerdotum
2625 3807 2908 3863 ministros
2939 3815 2999 3861 ut
3039 3808 3518 3878 apprehenderent

1905 3919 2053 3957 emn.
2099 3903 2244 3956 Dixit
2295 3916 2425 3971 ergo
2457 3902 2540 3957 eis
2588 3900 2750 3957 Jesus
2802 3900 3041 3955 :Adhuc
3076 3900 3331 3969 pusillum
3375 3910 3516 3954 tem-

1906 3996 2056 4063 poris
2086 3995 2369 4049 vobiscum
2405 4010 2549 4059 sum,
2579 4002 2635 4049 et
2680 3994 2817 4048 abeo
2845 3994 2909 4045 ad
2948 4008 3070 4047 eum
3099 3994 3188 4062 qui
3227 4006 3313 4047 me
3342 3992 3512 4047 tnisit.

1908 4086 2173 4149 oiizeretis
2205 4101 2310 4151 me,
2347 4101 2447 4141 nec
2492 4086 2808 4141 invenietis.
2858 4085 2927 4139 Et
2972 4084 3065 4139 ubi
3106 4099 3209 4155 ego
3243 4100 3363 4140 sum
3391 4125 3407 4150 ,
3448 4100 3515 4141 eo

1908 4194 2005 4231 vos
2039 4194 2147 4233 non
2186 4179 2418 4247 potestis
2454 4178 2663 4233 venire.
2699 4177 2965 4232 Dixerunt
2994 4191 3128 4247 ergo
3158 4175 3331 4231 Judaei
3369 4178 3515 4232 inter

1908 4285 2030 4324 sese
2062 4288 2073 4323 :
2110 4270 2231 4336 Quo
2286 4271 2375 4325 hic
2439 4270 2620 4325 iturus
2675 4279 2783 4335 est,
2839 4271 2965 4339 quia
3002 4286 3112 4325 non
3169 4269 3517 4324 inveniemus

1907 4363 2075 4419 cum?
2116 4364 2255 4419 Num
2295 4366 2347 4419 in
2382 4365 2779 4435 dispersiouem
2816 4366 3058 4432 geutium
3093 4365 3269 4417 iturus
3308 4372 3416 4425 est,
3456 4375 3512 4416 et

1907 4457 2166 4510 docturus
2197 4456 2436 4527 gentes?
2473 4458 2605 4523 Quis
2657 4468 2742 4513 est
2787 4458 2878 4512 hic
2933 4471 3117 4512 sermo
3148 4471 3308 4526 quem
3352 4456 3514 4517 dixit,

1906 4547 2173 4614 Qumretis
2210 4564 2321 4614 me,
2377 4558 2433 4605 et
2478 4565 2583 4604 non
2630 4549 2949 4610 invenietis,
2987 4556 3043 4603 et
3078 4549 3167 4603 ubi
3230 4562 3329 4619 ego
3362 4565 3510 4610 sum,

191 4636 300 4705 οὐχ
330 4633 597 4703 εὑρήσετε
624 4648 639 4663 ·
676 4630 770 4682 καὶ
803 4630 940 4683 ὅπου
975 4631 1095 4697 είμὶ
1127 4627 1258 4696 ἐγὼ,
1290 4629 1449 4695 ὑμεῖς
1476 4628 1535 4678 ού
1569 4625 1798 4679 δύνασθε

1909 4653 1973 4692 eo
2007 4654 2101 4693 vos
2152 4655 2258 4694 non
2308 4640 2541 4707 potestis
2592 4639 2827 4695 venire?
2884 4658 2902 4691 ι
2933 4638 3075 4706 Quia
3133 4638 3515 4692 murnturabat

192 4729 375 4786 ἐλθεῖν
403 4744 417 4793 ;
459 4745 477 4779 t
511 4728 588 4780 Δι’
615 4720 690 4781 ὧν
723 4724 1024 4795 ὲγόγγυζεν
1044 4729 1070 4777 ὁ
1096 4725 1274 4795 ὄχλος,
1304 4725 1563 4801 ἐνέφηνεν
1586 4723 1661 4785 ὡς
1692 4720 1801 4792 ἄρα

190 4822 578 4895 χρηστοτέραν
603 4822 761 4891 ἔσχον
792 4820 1055 4885 διάθεσιν,
1083 4820 1178 4874 καὶ
1210 4819 1443 4890 μερικήν
1466 4835 1592 4871 τινα
1611 4818 1796 4871 πίστιν

192 4918 343 4988 πρὸς
377 4915 470 4968 τὸν
492 4914 719 4983 Κύριον,
744 4916 839 4968 καὶ
859 4914 934 4976 ὼς
967 4913 1373 4983 ἀποσχισθῆναι
1393 4912 1499 4965 τῶν
1523 4913 1803 4981 ἀρχόντων

193 4998 498 5081 ἠϐούλοντο
525 5025 538 5039 ο
567 5001 738 5077 οὗπερ
771 5008 969 5101 ἐκεῖνοι
995 5006 1329 5075 αἰσθόμενοι,
1361 5004 1625 5074 ἔπεμψαν
1672 5005 1801 5057 συλ-

192 5098 464 5155 λαϐέσθαι
501 5097 713 5163 τοῦτον,
746 5097 835 5151 διὰ
861 5090 1036 5149 ἶοῦτο
1063 5098 1224 5164 μόνον
1254 5098 1335 5149 ὅτι
1369 5096 1688 5151 ἐπιστεύετο
1724 5090 1801 5147 εἴ·

190 5210 288 5247 ναι
308 5192 565 5260 Χριστός.
594 5191 889 5259 Ἔπεμψαν
918 5190 994 5253 δὲ,
1026 5190 1141 5241 ἀλλ’
1167 5189 1267 5242 οὐκ
1299 5190 1451 5241 αὐτοὶ
1484 5184 1670 5259 ἦλθον,
1702 5205 1800 5255 φο-

195 5281 463 5351 ϐούμενοι
512 5280 605 5333 τὸν
655 5280 849 5349 ὄχλον,
911 5284 983 5349 μή
1019 5296 1071 5331 τι
1126 5280 1528 5347 νεωτερίσωσι·
1562 5278 1642 5330 διὸ
1675 5278 1801 5339 τοὺς

196 5372 485 5443 ὑπηρέτας
526 5372 861 5436 στέλλουσιν,
899 5373 1132 5435 ἑαυτοὺς
1172 5373 1270 5442 μὲν
1307 5372 1673 5439 ὑπεξάγοντες
1705 5370 1799 5423 τοῦ

198 5471 337 5531 ἴσως
376 5466 803 5537 συμϐησομένου
838 5468 1111 5528 κινδύνου,
1153 5467 1399 5530 ἐκείνους
1429 5467 1486 5519 δὲ
1535 5464 1612 5533 τῷ
1644 5463 1801 5533 θυμῷ

192 5558 295 5615 τοῦ
347 5557 508 5627 ὖχλου
564 5558 865 5622 ἐνδιδόντες
898 5576 909 5587 ·
943 5558 1085 5611 οὕτω
1140 5558 1416 5627 πανταχοῦ
1469 5558 1529 5609 τὸ
1588 5558 1800 5609 ἑαυτῶν

194 5651 495 5706 ἐσκόπουν.
537 5649 596 5700 Ὀ
640 5650 696 5702 δὲ
747 5649 947 5720 Κύριος
989 5648 1501 5720 ταπεινοφροσύνης
1562 5649 1801 5717 γέμοντα

197 5747 425 5815 ῥήματα
453 5743 751 5811 φθέγγεται
778 5760 791 5774 ⁸
827 5763 845 5795 ι
881 5744 1003 5797 Ἔτι
1044 5745 1239 5815 μικρὸν
1279 5744 1400 5813 μεθ’
1433 5744 1745 5813 ύμῶνείμι.
1775 5764 1792 5796 t

193 5838 287 5897 Τί.
321 5837 477 5904 φησὶ,
514 5836 849 5900 σπουδάζετε
871 5855 936 5908 με
969 5838 1257 5897 ἁπελθεῖν;
1292 5838 1357 5890 Τί
1390 5838 1620 5892 διώκετε
1650 5856 1662 5905 ;
1689 5840 1797 5892 Μι-

196 5927 332 6003 κρὸν
370 5928 703 5998 ἀναμείνατε
756 5929 973 6002 χρόνον,
1015 5931 1105 5985 καὶ
1151 5930 1272 5983 οὐδὲ
1326 5928 1590 5986 θελόντων
1642 5931 1796 6001 ὑμῶν

1912 4728 2066 4783 turba
2096 4771 2109 4795 ,
2140 4730 2489 4786 manifestum
2525 4731 2672 4802 quod
2704 4730 3049 4784 aﬂ‘ectiouem
3078 4729 3333 4784 habuerit
3360 4728 3519 4783 blan-

1910 4820 2141 4887 diorem,
2172 4830 2226 4875 et
2263 4820 2422 4877 [idem
2473 4824 2769 4891 quamdam
2820 4836 2949 4891 erga
3013 4820 3300 4875 Dominum
3346 4817 3520 4889 διο

1910 4913 2255 4975 dimimttam,
2306 4931 2432 4969 nam
2488 4933 2516 4969 :t
2569 4915 2916 4986 principibus
2967 4913 3211 4982 separari
3243 4912 3464 4967 volebat

1911 5004 1961 5055 id
2000 5005 2142 5073 quod
2178 5006 2253 5059 illi
2280 5011 2605 5072 sentientes,
2640 5009 2911 5062 miserunt
2952 5007 3016 5058 ad
3050 5004 3517 5074 comprehenden-

1910 5096 2036 5149 dum
2064 5097 2272 5160 Jesutn,
2307 5099 2377 5154 ob
2414 5115 2531 5153 eam
2569 5101 2840 5153 duntaxat
2870 5113 3096 5154 causam
3119 5137 3133 5161 ,
3164 5097 3309 5165 quod
3352 5095 3517 5151 Chri-

1910 5200 2027 5243 stus
2057 5205 2182 5244 esse
2218 5192 2565 5245 credebatur.
2611 5191 2876 5245 Miserunt
2907 5201 3111 5255 autem,
3144 5190 3239 5244 sed
3267 5204 3372 5243 non
3410 5189 3511 5252 ipsi

1909 5292 2201 5345 Venerunt,
2235 5292 2541 5335 metuentes
2577 5281 2817 5344 tttt'ltam,
2867 5296 2933 5335 ne
2963 5284 3427 5333 ltttttttllttarctttt‘:
3462 5291 3515 5329 v't

1909 5375 2517 5443 proptereutn’nistros
2559 5374 2814 5440 mittunt,
2868 5374 3079 5440 seipsos
3124 5372 3513 5434 subducemus,

1912 5483 1979 5520 tte
2031 5467 2157 5536 quid
2209 5467 2435 5533 periculi
2486 5466 2851 5529 suboriretur,
2906 5465 3031 5518 illos
3091 5472 3274 5517 autent
3342 5462 3512 5515 furori

1911 5560 2093 5629 populi
2128 5568 2489 5629 exponentes.
2520 5558 2591 5611 ita
2622 5559 2984 5627 undequaqnc
3011 5560 3155 5627 quod
3187 5574 3342 5613 suum
3375 5571 3515 5621 t‘t'ul,

1910 5653 2280 5707 sectabantur.
2341 5653 2411 5706 At
2434 5652 2697 5706 Dominus
2722 5653 2885 5705 vetha
2914 5653 3223 5707 humilitate
3249 5651 3403 5720 plena
3440 5651 3518 5702 lo.

1904 5746 2118 5813 quitur:
2146 5764 2163 5795 t
2191 5746 2379 5799 Adhuc
2405 5760 2569 5814 parvo
2592 5755 2836 5813 tempore
2857 5746 3133 5799 vobiscum
3160 5760 3299 5799 sum.
3328 5764 3343 5795 ι
3376 5745 3515 5809 Quid

1904 5838 2195 5903 anhelatis,
2221 5838 2414 5906 inquit,
2447 5847 2627 5907 utho
2648 5840 2921 5893 discedam
2950 5839 2972 5890 ’ἓ
3005 5840 3131 5907 quid
3156 5838 3513 5908 persequimi-

1906 5932 2005 5988 ni?
2047 5931 2111 5987 ad
2145 5946 2368 6002 parvum
2406 5940 2722 6001 exspectate
2758 5942 2997 6002 tempus,
3035 5940 3087 5986 ct
3122 5947 3297 6003 neque
3335 5935 3507 5999 impe—
