4052 6492
194 459 330 528 l3l5

836 401 1280 514 smanxrto
1323 448 1399 508 IN
1445 447 1947 510 EVANGELIUM
1983 447 2331 508 JOANNIS.
2361 472 2430 482 —
2469 431 2627 508 CAP.
2669 447 2800 509 vn.

3329 448 3474 516 1346

184 571 475 642 ἀκρίϐειαν
521 565 687 618 τοίτο
739 567 983 634 λέγοντα.
1035 566 1194 616 Ουτοι
1246 563 1301 615 δὲ
1341 562 1571 632 δολερῶς
1617 560 1759 613 τοῦτ(

1877 558 2004 628 quia
2054 574 2156 611 non
2189 575 2251 614 ex
2285 557 2507 613 Galilaea
2545 556 2799 611 Christus
2840 556 3007 631 venit.
3045 553 3306 612 Videntur
3329 561 3473 614 enim

184 680 366 733 φασιν,
407 665 489 715 ὅτι
523 663 624 715 οὑκ
663 663 729 713 ὲκ
754 660 853 727 τῆς
891 658 1177 718 Γαλιλαίας
1201 656 1227 706 6
1259 657 1490 725 Χριστδς
1526 654 1763 722 ἔρχεται.

196 756 439 807 Ἱὶσέκασι
476 756 587 821 γὰρ
636 750 931 820 γινώσκειν
977 748 1096 817 μὲν,
1128 749 1210 800 δτι
1245 750 1307 798 ἐκ
1337 745 1584 814 Βηθλεέμ
1623 745 1768 795 ἐστιν

182 853 206 897 6
243 846 479 914 Ἰησοῦς,
510 847 558 895 εί
595 842 690 894 καὶ
721 843 778 893 ἐν
817 843 882 910 τῇ
935 839 1196 908 Γαλιλαία
1241 836 1526 904 ἀνετράφη
1583 836 1645 885 ἐκ
1674 834 1806 902 βαι-⁸

185 935 416 998 σκανίας
447 934 504 986 δὲ
538 934 612 1003 μὴ
642 934 816 985 θέλειν
850 932 1134 1000 ὁμολογεῖν
1160 930 1254 998 τὴν
1280 931 1342 981 ἐκ
1367 927 1612 996 Βηθλεὲμ
1645 927 1770 992 γέν-

182 1046 361 1097 νησιν,
407 1027 546 1080 ἀλλά
585 1025 865 1079 Γαλιλαῖον
907 1024 1068 1076 αὑτὸν
1101 1021 1550 1090 προσονομάζειν.
1589 1018 1770 1069 Ἔστω

176 1121 250 1183 δὲ,
277 1121 359 1172 ὅτι
408 1118 640 1186 ἠγνόουν
695 1117 859 1169 αὑτὸν
891 1118 954 1168 ὲκ
989 1115 1240 1184 Βηθλεὲμ
1275 1108 1415 1165 εἶναι
1441 1131 1454 1144 ο
1511 1113 1588 1175 τὸ,
1650 1131 1665 1161 ι
1707 1111 1769 1163 ἐκ

178 1215 498 1282 σπέρματος
547 1210 748 1271 Δαυῖδ,
802 1228 818 1261 ι
862 1210 977 1272 πῶς
1007 1207 1392 1278 ἀμφέδαλλονς
1442 1205 1511 1257 Ἦ
1546 1206 1653 1273 γὰρ
1704 1205 1766 1256 ού

177 1303 466 1372 προδήλως
517 1305 579 1354 ἐκ
625 1300 787 1354 Δαυῒδ
823 1303 854 1370 ἡ
890 1301 1079 1369 Μαρία
1133 1294 1284 1352 εἷλκε
1329 1299 1391 1351 τὸ
1435 1300 1624 1365 γένος
1672 1299 1767 1350 Ἐκ

172 1394 367 1444 τούτου
415 1392 512 1446 οὖν
566 1392 758 1462 δῆλον,
819 1393 901 1445 δτι
948 1393 1275 1462 κακούργως
1333 1392 1518 1459 ελεγον
1569 1390 1762 1444 ταῦτα.

179 1503 195 1533 ι
245 1483 466 1554 Σχίσμα
496 1485 551 1535 δὲ
579 1485 799 1551 ἐγένετο
824 1486 882 1536 ὲν
920 1489 996 1554 τῷ
1023 1485 1188 1554 ὄχλῳ,
1232 1503 1250 1534 ι
1286 1485 1385 1536 οὑκ
1421 1485 1477 1536 ὲν
1517 1486 1630 1546 τοῖς
1669 1484 1765 1552 ἄρ-

171 1592 380 1642 χουσιν.
411 1575 474 1628 ΟΞ
507 1577 616 1646 γὰρ
640 1577 923 1646 ἄρχοντες,
969 1579 1098 1646 μιᾶς
1125 1574 1349 1647 γνώμης
1377 1572 1540 1646 ἦσαν,
1566 1575 1658 1628 τοῦ
1688 1575 1766 1646 μὴ

170 1666 433 1735 δέχεσθαι
466 1668 628 1720 αὑτὸν
656 1668 728 1731 ὼς
757 1667 1016 1737 Χριστόν.

245 1777 261 1807 ι
312 1759 477 1822 Τινὲς
506 1759 560 1811 δὲ
591 1759 782 1830 ἤθελον
810 1760 868 1825 ἐξ
915 1761 1094 1813 αὑτῶν
1145 1762 1336 1815 πιάσαι
1386 1760 1592 1826 αὑτὸν,
1647 1759 1762 1813 ἀλλ’

166 1849 346 1911 οὐδεὶς
385 1849 647 1902 ἐπέϐαλεν
676 1851 761 1903 ἐπ’
795 1851 957 1904 αὑτὸν
991 1853 1090 1914 τὰς
1115 1854 1323 1921 χεῖρας.
1356 1846 1562 1903 Ἦλθον
1587 1846 1679 1903 οὖν
1712 1852 1758 1902 ol

1879 651 2017 704 scire
2063 650 2280 716 quidem
2319 650 2460 719 quod
2493 665 2557 703 ex
2591 649 2870 703 Bethleem
2907 647 2979 702 sit
3003 645 3188 716 Jesus,
3235 651 3398 704 etiam
3426 652 3472 706 si

1879 741 1931 796 in
1963 741 2180 797 Galilma
2213 743 2482 795 enutritus
2516 741 2700 805 fuerit,
2735 755 2845 810 pra:
2874 740 3075 793 invidia
3106 750 3285 794 tamen
3318 741 3474 798 nole-

1877 835 2003 886 bant
2059 833 2216 885 fateri
2248 832 2583 885 nativitatem
2619 846 2684 884 ex
2726 831 3026 892 Bethleem,
3061 830 3155 884 sed
3189 829 3468 886 Galila‘urn

1875 921 2248 976 nominabant.
2285 923 2414 974 Esto
2471 932 2649 973 autem
2703 922 2845 989 quod
2886 920 3192 992 ignorarint
3248 935 3369 974 eum
3403 936 3471 977 ex

1874 1013 2148 1066 Bethleem
2185 1027 2326 1074 esse,
2365 1023 2418 1065 at
2449 1027 2510 1065 ex
2560 1014 2768 1066 semine
2821 1012 2986 1066 David
3037 1027 3160 1066 esse
3199 1018 3471 1081 quomodo

1873 1104 2229 1157 dubitarunt?
2275 1110 2466 1158 Annon
2499 1101 2783 1156 manifeste
2807 1119 2870 1156 ex
2904 1103 3068 1157 David
3109 1102 3273 1158 Maria
3302 1105 3471 1160 traxit

1872 1197 2084 1265 genus?
2119 1195 2194 1249 Ex
2231 1197 2331 1250 hoc
2362 1198 2530 1264 igitur
2560 1196 2904 1250 manifestum
2947 1200 3089 1266 quod
3135 1198 3322 1252 dolose
3351 1199 3469 1253 haec

1871 1285 2142 1342 dicebant.
2183 1288 2455 1342 Dissensio
2485 1300 2666 1341 autem
2698 1287 2838 1340 facta
2867 1297 2948 1342 est
2980 1289 3030 1340 in
3065 1287 3244 1353 turba,
3277 1304 3385 1342 non
3410 1289 3468 1343 in

1872 1381 2231 1450 principibus.
2260 1381 2390 1433 Nam
2425 1381 2701 1450 principes
2732 1382 2891 1434 unius
2918 1381 3204 1436 sententia:
3223 1381 3464 1447 fuerunt,

1870 1489 1940 1526 ne
1960 1473 2333 1542 susciperetur
2376 1473 2486 1543 ipse
2520 1483 2577 1526 ut
2609 1473 2883 1527 Christus.

1949 1737 2109 1791 Vnus.
2148 1735 2219 1789 Η
2254 1735 2344 1790 46.
2397 1756 2412 1786 ι
2454 1734 2682 1801 Quidam
2726 1746 2906 1789 autem
2944 1751 3012 1792 ex
3048 1737 3180 1806 ipsis
3212 1737 3466 1793 volebant

1869 1829 2275 1897 apprehendere
2298 1841 2442 1888 eum,
2461 1828 2555 1879 sed
2585 1841 2747 1880 nemo
2769 1827 2999 1895 coujecit
3027 1827 3078 1879 in
3098 1843 3220 1880 eum
3247 1843 3460 1882 manus.

167 1941 447 2010 ὑπηρέται
483 1941 621 2011 πρὸς
672 1942 798 2000 τοὺς
839 1910 1245 2012 ἀρχιερεῖξκάὶ
1272 1910 1631 2013 ᾧαρισαίους
1669 1944 1759 1994 καὶ

1869 1915 2142 1972 Venerunt
2171 1932 2300 1987 ergo
2333 1916 2568 1978 minisui
2603 1917 2668 1967 ad
2704 1918 2994 1984 pontilices
3025 1931 3076 1971 et
3112 1917 3459 1972 Pharisaeos:

163 2029 322 2086 εἶπον
378 2035 562 2098 αὑτοῖς
603 2035 838 2090 ἐκεῖνον
898 2037 994 2088 Διὰ
1025 2036 1077 2088 τί
1115 2036 1216 2088 οὑκ
1268 2037 1506 2103 ἠγάγετε
1563 2036 1758 2100 αὑτὸν;

177 2126 591 2196 Ἀπεκρίθησαν
618 2129 664 2178 ol
702 2127 973 2196 ὑπηρέται
1006 2146 1018 2158 ·
1057 2127 1325 2181 Οὐδέποτε
1357 2127 1533 2190 οὓτως
1563 2127 1759 2196 ἐλάλη-

166 2233 258 2268 σεν
293 2217 610 2287 ἄνθρωπος,
655 2219 729 2280 ὼς
761 2215 916 2281 οὗτος
942 2223 968 2272 6
995 2219 1304 2290 ἄνθρωπος.
1354 2238 1370 2269 ι
1411 2221 1475 2272 Ol.
1518 2220 1618 2288 μὲν
1667 2213 1761 2271 οὖν

165 2308 532 2378 μετριώτεροι
565 2312 621 2363 ὲν
655 2309 844 2380 κακίᾳ,
877 2313 935 2364 ὲν
966 2311 1144 2378 λόγοις
1188 2312 1371 2379 μόνοις
1409 2309 1761 2380 ἠναντιοῦντο

160 2401 228 2468 τῇ
261 2399 393 2470 δόξῃ
440 2401 535 2453 τοῦ
587 2401 860 2469 Χριστοῦ·
916 2403 966 2453 οἱ
1009 2403 1064 2455 δὲ
1116 2403 1613 2471 ἀναισχυντότεροι,
1665 2403 1761 2454 καὶ

163 2491 359 2561 χεῖρας
398 2491 588 2559 ἡθελον
620 2494 849 2560 ὲπάγειν
879 2511 891 2524 ο
923 2495 1038 2548 ἀλλ’
1087 2496 1238 2565 ὅμως
1288 2498 1538 2565 ἀοράτως
1585 2496 1758 2548 πεπέ-

161 2583 351 2649 δηντο,
379 2582 480 2651 τῆς
529 2583 680 2647 θείας
711 2587 910 2644 αὑτοὺς
952 2587 1288 2656 κατεχούσης
1321 2587 1599 2656 δυνάμεως
1622 2604 1638 2621 ο
1667 2589 1759 2640 καὶ

162 2674 285 2724 οὑδὲ
321 2675 428 2725 ὑπὸ
454 2675 642 2728 τούτου
668 2675 760 2729 τοῦ
795 2675 1071 2745 θαύματος
1103 2679 1518 2731 κατενύσσολτο.
1551 2680 1760 2739 Ὄντως

164 2765 189 2812 ὁ
211 2762 382 2814 Δαυῖδ
415 2766 544 2832 περὶ
572 2764 776 2819 τούτων
811 2764 930 2819 εἷπε
956 2768 1035 2820 τόδ
1075 2786 1093 2819 ι
1131 2768 1545 2838 Διεσχίσθησαν,
1577 2771 1668 2822 καὶ
1692 2769 1750 2821 οὑ

166 2856 577 2925 κατενύγησαν.
616 2875 636 2910 ι
673 2859 735 2910 Οἱ
760 2857 817 2911 δὲ
850 2859 1122 2930 ὑπηρέται
1160 2861 1209 2912 oi
1254 2861 1564 2925 σταλέντες,
1617 2860 1756 2913 ὥστε

163 2947 402 3012 ἀγαγεῖν
439 2947 624 3011 αὑτὸν,
677 2947 879 3019 ἴδωμεν
912 2951 963 3002 τί
993 2950 1388 3022 αποκρίνονται
1441 2953 1552 3012 τοῖς
1592 2951 1760 3020 Φαρι·

164 3037 366 3098 σαίοις,
402 3037 475 3099 ὠς
508 3037 628 3092 λίαν
662 3039 1025 3108 εὐγνώμονες.
1061 3041 1124 3094 Ol
1168 3042 1266 3109 μὲν
1311 3040 1420 3111 γάρ
1471 3042 1758 3111 Φαρισαῖοι

161 3127 262 3178 καὶ
296 3125 598 3197 σοφώτεροι
650 3129 937 3194 δοκοῦντες
988 3126 1150 3198 εἶναι,
1184 3134 1278 3185 καὶ
1311 3132 1350 3184 Γ
1354 3131 1536 3202 ραφάς
1565 3133 1759 3200 ἀναγι-

161 3218 492 3284 νώσκοντες,
516 3220 611 3272 καὶ
642 3219 901 3290 θαύματα
928 3223 1190 3292 δρῶντες,
1222 3223 1458 3277 λυττῶσι
1493 3226 1636 3278 κατὰ
1660 3225 1755 3278 τοῦ
1783 3260 1830 3322 C

158 3311 398 3382 Κυρίου,
421 3314 516 3366 καὶ
549 3313 797 3384 ἐρωτῶσι
843 3316 1152 3387 λῃστρικῶς
1173 3333 1186 3347 ·
1228 3335 1245 3368 ι
1285 3317 1383 3370 Διά
1409 3317 1461 3369 τί
1487 3317 1588 3370 οὑκ
1618 3318 1757 3387 ἠγά-

160 3419 292 3469 γετε
313 3403 478 3457 αὐτόν
502 3421 516 3470 ;
549 3423 568 3456 ι
602 3406 669 3459 Ol
697 3406 751 3459 δὲ
779 3408 871 3460 καὶ
898 3407 1067 3478 χωρὶς
1090 3410 1334 3478 σημείων
1365 3408 1474 3462 ἀπὸ
1501 3408 1758 3463 διδασκα-

160 3495 288 3557 λίας
323 3495 494 3566 μόνης
546 3497 882 3568 ἐπείσθησαν
908 3514 920 3528 ο
976 3499 1150 3562 οὕτως
1189 3495 1329 3569 ἦσαν
1364 3501 1584 3568 εὐφυεῖς
1620 3503 1756 3571 πρὸς

165 3585 228 3638 τὸ
258 3583 490 3653 ἀγαθόν.
540 3587 662 3640 Ὀτι
690 3588 744 3640 δὲ
775 3589 875 3641 οὐκ
916 3589 1025 3643 ἀπὸ
1059 3590 1321 3659 σημείων,
1372 3590 1490 3643 ἀλλ’
1523 3592 1629 3644 ἀπὸ
1657 3592 1756 3660 τῆς

159 3677 518 3740 διδασκαλίας
558 3678 824 3745 ἑάλωσαν,
852 3681 879 3733 6
913 3681 1098 3752 μεῖζόν
1125 3684 1263 3747 ἐστι,
1291 3682 1447 3752 δῆλον
1480 3681 1752 3737 ἐντεῦθεν.

161 3770 239 3823 Ού
272 3769 384 3842 γὰρ
417 3765 592 3835 εἷπον,
625 3772 706 3826 δτι
734 3773 1005 3826 Οὐδέποτε
1027 3773 1200 3837 οὑτως
1227 3773 1756 3846 ὲθαυματούργησεν

153 3865 188 3916 6
218 3864 533 3934 ἄνθρωπος,
570 3864 710 3930 ἀλλ’,
749 3885 765 3917 ι
800 3865 987 3930 Οὕτως
1031 3867 1293 3937 ἐλάλησεν
1318 3884 1330 3896 ο
1365 3887 1383 3919 ›
1413 3867 1588 3929 οὕτως
1612 3865 1756 3940 ἦσαν

163 3960 674 4029 συγκεκροτημένοι
694 3961 787 4013 καὶ
809 3961 950 4024 ὀξεῖς
974 3962 1053 4024 είς
1070 3961 1128 4014 τὸ
1149 3963 1556 4031 παραδέξασθαι
1586 3963 1746 4030 λόγον

167 4051 468 4118 σωτηρίας.
498 4052 619 4120 Χρὴ
658 4051 714 4104 δὲ
744 4053 805 4105 οὑ
840 4053 1001 4123 μόνον
1031 4054 1129 4123 τὴν
1161 4053 1376 4108 σύνεσιν
1407 4054 1588 4105 αὐτῶν
1620 4053 1752 4106 θαυ-

166 4145 370 4211 μάσαι,
410 4144 544 4197 ἀλλά
575 4145 670 4199 καὶ
696 4145 795 4217 τὴν
819 4149 1158 4218 παρρησίαν.
1189 4147 1264 4201 Οὑ
1292 4148 1400 4217 γὰρ
1430 4147 1752 4216 ὑπέπτηξαν

161 4235 253 4288 τὸν
288 4235 460 4304 θυμὸν
501 4236 610 4290 τῶν
659 4238 1000 4306 Φαρισαίων,
1043 4239 1164 4292 οὑδὲ
1197 4239 1272 4302 ὡς
1306 4240 1577 4308 ὑπηρέται
1623 4239 1754 4292 ὑπε-

162 4327 463 4396 στάλησαν,
502 4328 596 4382 καὶ
617 4329 684 4382 τὰ
712 4330 922 4400 ἀρεστά
943 4333 1054 4391 τοῖς
1079 4331 1341 4400 ἄρχουσιν
1365 4330 1544 4384 αὑτῶν
1573 4326 1750 4397 εἷπον,

156 4418 303 4472 ἀλλὰ
359 4419 696 4491 μαρτυροῦσι
739 4424 806 4492 τῇ
855 4421 1106 4493 ἀληθείᾳ.
1164 4420 1270 4484 Οὓς
1316 4422 1398 4475 δεῖ
1465 4423 1751 4490 μιμεῖσθαι

159 4511 372 4574 πάντας
397 4511 519 4576 τοὺς
547 4515 656 4574 τοῖς
690 4512 917 4582 ἄρχουσι
970 4516 1404 4583 παρεπομένους,
1435 4516 1526 4566 καὶ
1552 4515 1627 4585 μὴ
1651 4516 1752 4567 ὑπ-

1866 2022 1916 2066 et
1947 2013 2200 2067 dixerunt
2231 2013 2311 2066 eis
2365 2011 2436 2063 illi
2474 2012 2693 2076 :Quare
2747 2025 2853 2064 non
2907 2011 3212 2064 adduxistis
3270 2012 3459 2069 illum?

1865 2104 2282 2173 Responderunt
2315 2104 2571 2165 ministri,
2643 2100 2929 2169 Nuuquaut
2977 2103 3054 2161 sic
3108 2102 3319 2162 lucunas
3380 2119 3466 2162 ρει

1867 2197 2050 2262 homo,
2108 2198 2251 2250 sicut
2299 2197 2385 2250 hic
2440 2197 2623 2252 homo.
2677 2219 2698 2251 ι
2740 2195 2838 2265 Qui
2879 2217 2983 2252 non
3032 2211 3191 2255 tanta:
3245 2203 3465 2255 maliti-ee

1864 2301 2040 2353 erant,
2075 2287 2206 2342 solis
2236 2288 2581 2344 sermonibus
2611 2281 2796 2360 gloria:
2845 2292 3044 2347 Christi
3079 2304 3235 2347 erant
3270 2298 3464 2348 adver-

1862 2381 1994 2435 sarii
2031 2399 2043 2434 :
2077 2393 2132 2436 at
2163 2383 2256 2451 qui
2304 2384 2758 2450 impudentiores,
2809 2385 2971 2440 etiam
3008 2400 3199 2438 manus
3239 2387 3294 2439 in
3337 2404 3461 2441 cum

1864 2474 2093 2542 injicere
2148 2476 2402 2530 volebant
2439 2491 2451 2526 :
2488 2476 2804 2544 ligabantur
2854 2488 3034 2532 tamen
3090 2480 3460 2544 invisibiliter,

1863 2567 2151 2621 cohibente
2201 2568 2321 2621 illos
2362 2568 2546 2623 divina
2581 2571 2785 2623 virtute
2817 2588 2829 2622 :
2862 2580 2917 2624 et
2953 2586 3130 2642 neque
3162 2574 3266 2625 hoc
3297 2575 3453 2626 inira.

1862 2661 1980 2714 eulo
2012 2663 2320 2729 compuncti
2352 2673 2528 2717 erant.
2573 2663 2827 2719 Profecto
2871 2664 3036 2719 David
3071 2667 3135 2720 de
3168 2667 3252 2720 bis
3277 2667 3415 2720 dixit
3443 2685 3456 2720 :

1869 2771 1886 2802 ι
1929 2752 2149 2808 Discissi
2204 2767 2353 2820 sunt,
2399 2769 2452 2811 et
2499 2773 2604 2811 non
2665 2759 2975 2825 compuncti
3021 2759 3091 2813 ".
3154 2778 3173 2810 ι
3222 2757 3461 2814 Ministri

1862 2857 2041 2901 autem
2080 2849 2229 2903 missi
2258 2862 2314 2902 ut
2352 2854 2527 2919 ipsum
2574 2851 2929 2917 adducerent,
2987 2852 3268 2907 videamus
3325 2855 3457 2922 quid

1864 2941 2245 3009 responderint
2298 2942 2608 3010 Pharismis,
2651 2947 2908 3013 quoniam
2945 2946 3102 3000 valde
3159 2948 3456 3014 sapientes.

1861 3031 1997 3086 Nam
2030 3032 2288 3088 Pharisaei
2328 3035 2418 3103 qui
2453 3045 2503 3090 et
2533 3037 2890 3104 sapientiores
2928 3037 3256 3092 videbantur
3307 3053 3434 3093 esse

1861 3135 1912 3180 et
1940 3124 2249 3196 Scripturas
2300 3127 2560 3196 legentes,
2595 3136 2649 3180 et
2679 3129 2939 3182 miracula
2968 3129 3234 3196 videntes,
3267 3133 3431 3186 saevie

1861 3219 1990 3274 baut
2013 3233 2201 3275 contra
2229 3218 2437 3286 Jesum,
2461 3233 2513 3274 et
2535 3222 2940 3290 interrogabant
2967 3223 3237 3277 latronum
3264 3238 3414 3279 more
3441 3243 3455 3279 :

1867 3331 1885 3364 ι
1926 3311 2110 3378 Quare
2142 3330 2247 3367 non
2274 3313 2577 3367 adduxistis
2601 3314 2792 3368 illum?
2820 3334 2837 3367 ι
2867 3315 2936 3367 At
2964 3315 3220 3370 illietiam
3253 3317 3461 3387 absque

1861 3406 2031 3477 signis
2065 3421 2094 3460 a
2124 3406 2237 3460 sola
2271 3406 2514 3462 doctrina
2565 3408 2810 3476 persuasi
2863 3406 3118 3461 fuerunt:
3154 3408 3226 3462 ita
3258 3411 3323 3462 ad
3358 3411 3459 3464 bo-

1861 3515 1990 3553 nutn
2019 3509 2176 3554 erant
2217 3499 2417 3555 idonei.
2453 3499 2608 3566 Quod
2664 3511 2846 3554 autem
2880 3515 2988 3555 non
3027 3515 3056 3554 a
3085 3503 3278 3572 signis,
3306 3504 3399 3557 sed
3426 3520 3457 3558 a

1860 3591 2204 3646 sermonibus
2251 3590 2419 3663 614
2472 3593 2616 3660 capti
2664 3591 2886 3656 fuerint,
2933 3594 3078 3661 quod
3128 3593 3303 3662 tiiajus
3351 3607 3458 3660 est,

1860 3684 2206 3738 manifestum
2235 3695 2318 3738 est
2351 3685 2496 3739 inde.
2527 3683 2642 3738 Non
2671 3686 2814 3738 enim
2851 3685 3105 3738 dixerunt
3132 3704 3144 3739 :
3167 3684 3455 3755 Nunquam

1861 3775 1966 3831 tale
1990 3777 2314 3830 miraculum
2341 3775 2686 3842 fecithomo;
2723 3777 2840 3841 sed,
2881 3796 2899 3830 ι
2931 3777 3022 3831 Sic
3046 3777 3259 3833 locutus
3277 3788 3358 3832 est
3386 3794 3398 3829 :
3429 3796 3448 3828 ι

1860 3867 1931 3921 ita
1964 3869 2254 3936 cetnpositi
2281 3879 2335 3921 et
2367 3868 2573 3922 alacres
2596 3880 2752 3922 erant
2781 3869 2846 3922 ad
2877 3869 3280 3938 suscipiendum
3319 3884 3446 3924 ver-

1859 3961 1986 4014 bttm
2023 3958 2285 4014 salutare.
2313 3958 2545 4027 Oportet
2576 3972 2757 4014 autem
2791 3976 2895 4015 non
2922 3963 3096 4015 solum
3127 3963 3454 4031 sapientiam

1859 4050 2076 4104 illorum
2132 4049 2414 4113 admirari,
2464 4050 2558 4104 sed
2593 4060 2647 4104 et
2680 4051 3013 4105 libertatem.
3069 4049 3257 4122 Neque
3306 4055 3452 4106 enim

1856 4151 2193 4195 curaverunt
2229 4155 2365 4195 iram
2392 4141 2814 4206 Pharisaeorum,
2850 4156 3023 4212 neque
3057 4145 3182 4212 quia
3218 4153 3275 4197 ut
3308 4147 3452 4199 servi

1858 4232 2008 4285 missi
2044 4230 2280 4298 fuerant,
2321 4247 2441 4301 qua:
2475 4232 2672 4302 placita
2719 4243 2876 4286 erant
2915 4235 3268 4304 principibus,
3302 4237 3454 4291 dixe-

1856 4334 2008 4388 runt,
2059 4324 2153 4378 sed
2198 4324 2542 4379 testabantur
2591 4325 2827 4379 veritati.
2862 4323 2973 4380 llos
3008 4341 3200 4382 oumes
3249 4330 3453 4397 princi-

1859 4432 1985 4484 pum
2017 4416 2300 4472 ministros
2338 4417 2542 4470 imitari
2574 4418 2882 4486 oportebat,
2915 4431 2968 4473 et
2999 4435 3103 4474 non
3141 4422 3364 4476 obedire
3398 4423 3450 4476 in

1858 4508 1943 4563 his
1968 4524 2086 4577 qua:
2114 4509 2223 4562 Deo
2245 4519 2373 4564 sunt
2404 4509 2653 4576 adversa,
2687 4511 2826 4564 sicut
2851 4520 2905 4563 et
2937 4511 3084 4566 Sauli
3109 4528 3212 4567 non
3238 4512 3452 4568 obtem-

158 4603 386 4657 ἀκούειν
417 4605 598 4667 αὑτοῖς
624 4603 709 4672 ἐφ’
729 4599 808 4668 οἷς
832 4605 897 4657 ἂν
920 4604 1122 4667 ἀδίκως
1149 4606 1532 4675 προστάξαιεν
1564 4604 1752 4676 ὥσπερ

1863 4610 2103 4670 peratum
2143 4609 2250 4665 est,
2280 4615 2404 4654 cum
2456 4602 2762 4655 astantibus
2813 4603 3140 4671 imperasset
3170 4615 3227 4660 ut
3259 4616 3450 4661 contra

159 4694 261 4746 καὶ
288 4695 382 4746 ἐπὶ
408 4692 506 4746 τοῦ
540 4695 712 4748 Σαοὺλ
743 4696 960 4763 γέγονε.
997 4697 1106 4749 Καὶ
1140 4696 1249 4764 γὰρ
1285 4696 1475 4747 τούτου
1504 4697 1746 4765 προστά-

158 4785 355 4851 ξαντος
383 4787 506 4848 τοὺς
535 4788 702 4857 ἱερεῖς
732 4786 828 4840 τοῦ
859 4788 1352 4858 Θεοῦςπαρανόμως
1371 4786 1745 4858 ἀναιρεθῆναι,

156 4880 208 4930 οῖ
237 4878 590 4946 παρεστῶτες
622 4877 771 4947 αὑτῷ
799 4878 1022 4948 ποιῆσαι
1055 4881 1152 4931 οὑκ
1189 4878 1542 4948 ἐπείσθησαν.

239 4988 259 5021 ι
315 4969 719 5040 Ἀπεκρίθησαν
745 4969 836 5023 οὖν
880 4971 1064 5033 αὑτοῖς
1092 4971 1141 5022 οί
1165 4973 1483 5042 Φαρισαῖοι·
1527 4973 1618 5044 Μὴ
1655 4973 1746 5026 καὶ

159 5063 323 5131 ὑμεῖς
346 5060 727 5132 πεπλάνησθες
752 5063 842 5132 Μή
871 5079 952 5124 τις
973 5063 1038 5116 ἐκ
1063 5062 1172 5116 τῶν
1192 5064 1470 5134 ἀρχόντων
1500 5065 1751 5137 ὲπίστευτ

161 5157 270 5214 σενζ
303 5154 383 5214 είς
436 5153 620 5216 αὑτὸν,
653 5153 685 5222 ἢ
722 5156 786 5206 ὲκ
818 5155 927 5206 τῶν
966 5156 1312 5224 Φαρισαίων;
1356 5156 1497 5212 Ἀλλ’
1532 5161 1560 5212 6
1595 5157 1753 5229 ὄχλος

158 5241 319 5306 οὗτος
349 5245 377 5296 6
407 5245 484 5314 μὴ
513 5243 800 5311 γινώσκων
825 5245 916 5299 τὸν
947 5246 1134 5315 νόμον,
1171 5248 1563 5319 ἐπικατάρατοί
1592 5250 1748 5304 εἰσιν.

159 5335 327 5403 Λέγει
356 5334 669 5406 Νικόδημος
697 5336 832 5404 πρὸς
873 5336 1092 5402 αὐτοὺς,
1123 5339 1152 5391 6
1179 5336 1352 5390 ἐλθὼν
1383 5339 1579 5403 νυκτὸς
1615 5341 1753 5410 πρὸς

155 5424 347 5489 αὐτὸν,
367 5419 447 5488 εἷς
466 5425 542 5477 ὦν
565 5425 626 5490 ιε
650 5425 831 5479 αὑτῶν
853 5439 870 5455 ⁸
892 5427 982 5496 Μὴ
1012 5426 1041 5476 6
1063 5428 1227 5496 νόμος
1258 5428 1420 5498 ἡμῶν
1443 5428 1617 5498 κρίνει
1655 5430 1749 5484 τὸν

158 5515 468 5586 ἁνθρωπον,
495 5515 590 5568 εὰν
623 5515 698 5585 μὴ
726 5515 933 5586 ἀκούσῃ
967 5518 1097 5586 παρ’
1130 5515 1299 5569 αὐτοῦ
1344 5519 1631 5588 πρότερον,
1656 5519 1750 5572 καὶ

159 5609 274 5681 γνῷ
297 5611 351 5665 τί
379 5611 560 5674 mut;
606 5628 624 5660 ι
657 5610 814 5673 Τίνος
840 5610 1027 5668 ἕνεκεν
1060 5612 1171 5674 τοῖς
1200 5604 1504 5680 ὑπηρέταις
1529 5613 1629 5665 οὐκ
1653 5613 1746 5681 ὀρθ

158 5703 350 5771 Tum,
367 5701 503 5756 ἀλλὰ
525 5703 717 5771 πράως
744 5703 1146 5772 προσφέρονται
1172 5702 1221 5754 oi
1238 5702 1544 5771 Φαρισαῖοι,
1568 5703 1747 5772 ἠπίως

232 5883 279 5912 ’⁸
309 5880 454 5940 Psal.
489 5899 673 5947 xxxiv,
720 5884 806 5938 l6.
883 5884 924 5916 τί
957 5882 976 5936 ι
1017 5881 1148 5952 Reg.
1183 5896 1316 5949 xxii,
1353 5881 1433 5934 l6.

1860 4695 2028 4763 legem
2061 4693 2371 4749 sacerdotes
2406 4692 2500 4748 Dei
2532 4695 2976 4750 interimerentur
3003 4697 3072 4752 ⁷¹.

1933 4956 2094 5012 Vens.
2129 4957 2322 5012 67-51.
2365 4974 2384 5008 ι
2423 4955 2844 5026 Responderunt
2869 4974 3000 5031 ergo
3035 4962 3115 5016 eis
3145 4962 3445 5020 Phariszni:

1856 5051 1993 5106 Num
2027 5045 2082 5105 et
2105 5066 2201 5106 vos
2237 5051 2442 5105 σοι]υοιί
2473 5051 2606 5105 estis
2632 5052 2654 5103 ?
2681 5051 2817 5104 Num
2847 5054 2970 5122 quis
3008 5069 3072 5107 ex
3107 5055 3448 5125 principibus

1853 5146 2084 5203 credidit
2121 5149 2173 5199 in
2208 5160 2354 5207 eum,
2389 5154 2486 5198 aut
2523 5159 2588 5199 ex
2620 5144 2955 5201 Pharisaeis?
2989 5148 3095 5202 Sed
3119 5149 3301 5222 .turba
3334 5151 3447 5207 hac

1852 5255 1971 5311 quae
1995 5253 2102 5293 non
2129 5239 2277 5291 novit
2306 5237 2503 5306 legem,
2541 5237 2908 5292 exsecrabiles
2939 5248 3088 5292 sunt.
3118 5239 3257 5294 Dicit
3285 5239 3446 5296 Nico-

1851 5333 2044 5388 demus
2078 5332 2145 5385 ad
2187 5343 2305 5396 eos,
2359 5329 2405 5382 is
2440 5328 2531 5398 qui
2583 5336 2746 5384 nocte
2796 5340 3018 5383 venerat
3050 5331 3118 5385 ad
3147 5347 3294 5399 eum,
3351 5335 3446 5403 qui

1852 5438 1992 5477 unus
2020 5432 2139 5476 erat
2167 5421 2234 5476 de
2262 5434 2488 5474 numero
2516 5434 2702 5474 eorum
2736 5439 2749 5474 :
2779 5417 2917 5474 Num
2953 5420 3037 5473 lex
3076 5430 3265 5476 nostra
3294 5423 3446 5491 judi-

1853 5525 1941 5571 cat
1976 5515 2272 5576 hominem,
2306 5511 2408 5566 nisi
2441 5512 2594 5580 prius
2633 5511 2866 5565 audierit
2894 5511 2962 5566 ab
2993 5512 3130 5580 ipso,
3159 5523 3212 5566 et
3238 5527 3444 5584 cogno-

1859 5608 1999 5664 verit
2027 5606 2157 5678 quid
2183 5605 2380 5661 faciat?
2417 5623 2435 5656 ›
2468 5604 2640 5671 Quam
2673 5604 2742 5658 ob
2771 5618 2993 5659 causam
3036 5606 3302 5662 ministris
3337 5619 3444 5660 non

1862 5698 2139 5769 iracunde,
2171 5697 2266 5755 sed
2296 5705 2576 5753 mansuete
2597 5696 2893 5766 loquuntur
2921 5693 3206 5764 Pharisaei,
3232 5699 3446 5770 placide
