4082 6258
306 383 379 451 19
1238 387 1463 449 BERN.
1509 385 1774 447 MARIzE
1820 374 1931 445 DE
1958 384 2233 445 RUBEIS
2274 383 2774 447 DISSERTATIO
3604 380 3682 446 20

309 535 555 583 annum
598 513 796 598 1078,
847 515 970 583 sub
1007 512 1374 602 Nicephoro
1417 511 1774 595 Botoniata,
1820 514 1929 602 qui
1992 513 2117 581 sibi
2181 534 2321 581 eam
2378 514 2703 602 copulavit
2770 534 3038 581 uxorem
3083 537 3097 580 :
3155 514 3327 583 unde
3378 514 3499 583 sub
3541 515 3683 583 haec

300 615 606 693 tempora
652 605 869 671 datam
910 605 1080 671 hanc
1130 623 1167 669 a
1203 602 1684 693 Theophylacto
1716 602 2082 691 epistolam,
2124 613 2396 670 constat.
2444 602 2511 669 ln
2542 624 2617 693 ea
2643 604 2781 691 jam
2823 623 3051 693 senem
3082 615 3263 672 vocat
3300 624 3465 693 sese,
3499 605 3559 671 id
3586 614 3685 671 est

300 690 514 783 aetatis
549 693 689 783 jam
734 703 1054 783 provectae
1090 702 1213 783 :‘et
1249 691 1387 783 haec
1426 690 1567 783 ejus
1601 693 1857 783 senilis,
1909 702 2021 783 aut
2064 704 2224 783 aetas
2255 702 2552 780 provecta
2578 690 2827 783 ipsum_
2844 692 2981 759 sine
3010 692 3523 783 dubioexhibet
3551 693 3682 783 sub

303 780 647 851 Botoniata
688 780 754 848 et
784 781 1090 849 Michaele
1118 780 1302 869 Quca
1346 780 1579 846 litteris
1627 802 1702 845 ac
1746 780 2073 869 dignitate
2134 780 2499 848 ﬂorentem.
2561 782 2727 848 Alias
2791 780 3108 869 Baronius
3158 782 3348 849 ail‘ert
3386 781 3675 869 ejusdem

303 872 619 959 epistolas
653 870 731 937 ad
768 890 1009 937 annum
1054 867 1256 959 1078,
1311 890 1347 934 a
1384 889 1569 959 uum.
1595 868 1935 959 _LXXXlll,
1971 870 2212 959 quibus
2258 868 2532 937 indicari
2578 880 2761 959 putat
2799 868 3010 956 gentis
3048 867 3475 937 Crabatorum
3510 870 3678 937 irru—

352 956 597 1042 tiones,
645 980 819 1047 quae,
858 959 1132 1025 testibus
1179 956 1550 1045 Nicephoro
1595 956 1926 1037 Briennio,
1972 970 2032 1024 et
2073 957 2483 1046 Curopalata,
2513 956 2872 1040 etZonara,
2923 982 2974 1047 ¢_
2998 960 3187 1026 tertio
3222 980 3390 1026 anno
3427 960 3686 1045 imperii

305 982 597 1048 puones,
645 982 819 1047 quae,
858 982 1132 1025 resuous
1179 982 1550 1045 mcepnoro
1596 982 1926 1037 Dl‘lenDlO,
1972 982 2032 1024 ei
2073 982 2483 1046 uuropalata,
2513 982 2872 1040 etnonara,
2923 982 2950 1020 ι
2998 982 3187 1026 [eruo
3222 982 3390 1026 anno
3427 982 3682 1045 imperii

304 1048 705 1203 gMicbaelis)
748 1046 1116 1135 Bulgariam
1158 1067 1480 1134 occupare
1512 1067 1815 1135 aggressa
1857 1058 1975 1129 est,
2016 1069 2090 1113 ac
2129 1049 2425 1136 quaedam
2456 1048 2598 1115 loca
2637 1047 2829 1136 cepit.
2878 1070 2905 1111 ι
2950 1045 3165 1115 Satius
3213 1047 3430 1128 fuerit,
3473 1048 3682 1116 virum

351 1135 767 1203 octissimum
808 1137 888 1203 de
934 1136 1034 1203 his
1072 1136 1436 1203 consulere.

351 1135 767 1205 octissimum
808 1137 888 1203 de
934 1136 1034 1203 his
1072 1136 1436 1203 consulere.

1957 1305 2027 1371 IV

310 1472 585 1555 Floralia:
613 1476 744 1537 sine
765 1475 953 1537 dubio
981 1476 1093 1537 sub
1123 1474 1340 1555 Alexio
1364 1472 1666 1555 Comnena
1698 1474 2079 1550 imperatore.
2113 1472 2402 1551 Ejusdem
2433 1476 2866 1555 Theophylacti
2885 1476 3132 1555 epistola
3166 1474 3246 1535 ad
3274 1473 3683 1555 Nicephorum

397 1552 791 1617 Melissenum
846 1557 1165 1625 (lusorem,
1214 1554 1319 1614 ubi
1362 1553 1436 1615 de
1500 1554 1925 1629 imperatoris,
1970 1560 2079 1616 aut
2128 1556 2539 1632 Constantini,
2593 1552 2704 1617 aut
2756 1552 3073 1617 Michaelis
3130 1563 3338 1617 morte.
3409 1552 3559 1614 Item
3609 1553 3691 1613 ad

392 1632 763 1712 Gregorium
796 1636 1212 1697 Camaterum.

400 1794 511 1863 11.
568 1793 691 1863 Sed
735 1794 931 1862 Alexii
981 1792 1291 1862 Comneni
1334 1792 1709 1881 imperium,
1758 1816 1927 1863 anno
1969 1792 2131 1863 1081
2192 1794 2548 1883 inceptum,
2600 1794 2890 1883 attigisse
2929 1793 3514 1883 Theophylactum,
3546 1789 3685 1878 jam

312 1883 553 1951 evincit
599 1883 742 1972 ejus
776 1885 962 1963 Regia
992 1883 1335 1961 Institutio,
1385 1883 1510 1950 sub
1556 1886 1781 1952 eodem
1821 1887 2116 1970 Augusto
2167 1884 2246 1950 ad
2288 1882 2776 1953 COnstantinum
2819 1882 3460 1972 Porphyrogenitum
3516 1900 3686 1972 nun-

312 1983 573 2061 cupata,
729 1972 1175 2062 adnotavimus
1208 1977 1503 2062 num._8.
1546 1973 1721 2062 Remi
1756 1974 1909 2039 facit
1946 1973 2282 2062 indubiam
2330 1973 2607 2062 epistola
2647 1972 2821 2062 inter
2852 1970 3249 2062 Aleut'Sianas
3278 1970 3685 2062 tertia,_data

312 2057 554 2123 damma
584 2060 837 2122 Νἱιοιαο
875 2061 1267 2148 patriarchw,
1309 2060 1423 2147 qui
1450 2061 1669 2128 sedem
1693 2057 2463 2148 Constantinopolitanam
2506 2081 2674 2128 anno
2700 2057 2876 2127 1084
2902 2059 3303 2140 conscendit,
3346 2058 3685 2146 tenuitque

314 2150 394 2216 ad
437 2167 684 2214 annum
723 2147 1144 2215 undecimum
1185 2148 1405 2215 saeculi
1444 2148 1835 2218 duodecimi.
1878 2147 2314 2217 Recole’dicta
2344 2169 2528 2218 num.
2564 2148 2631 2217 6.

405 2236 516 2304 12.
568 2235 854 2325 Epistola
885 2236 978 2327 19
1016 2236 1097 2297 ad
1127 2235 1433 2327 Cassarem
1479 2237 1627 2304 data
1656 2250 1781 2327 est,
1823 2237 2267 2327 Nicephorum
2306 2258 2538 2327 nempe
2564 2237 2976 2305 Melissenum
3021 2258 3035 2302 :
3067 2278 3069 2281 -
3099 2264 3123 2293 ο
3146 2235 3268 2327 qui
3277 2236 3371 2327 ab
3403 2233 3686 2302 exercitu

315 2323 1163 2413 imperatoriproclamatus
1211 2324 1450 2409 (verbis
1478 2338 1631 2413 utor
1654 2323 2073 2394 Dufresnii’in
2112 2323 2977 2394 Stemmate—Comnenorum
3017 2345 3194 2393 num.
3246 2323 3345 2409 ιν)
3374 2334 3688 2413 potestate

316 2413 537 2480 uxoris
577 2412 884 2481 Eudbciae
951 2413 1161 2496 fratri,
1218 2413 1433 2491 Alexio
1480 2412 1834 2495 Comneno,
1880 2415 2056 2482 ultro
2101 2416 2316 2491 cessit,
2362 2414 2628 2483 Caesaris
2682 2414 2872 2482 titulo
2911 2424 3277 2481 contentus.
3324 2438 3352 2477 ι
3382 2412 3687 2480 Caesarea

314 2499 631 2590 dignitate
661 2502 943 2590 donatus
981 2511 1079 2569 est
1107 2522 1217 2569 vm
1257 2500 1521 2589 Aprilis,
1557 2502 1719 2571 feria
1747 2524 1782 2569 v
1808 2503 2236 2571 hebdomadis
2268 2503 2591 2571 Paschalis
2629 2523 2798 2571 anno
2839 2500 3036 2584 1082,
3072 2502 3480 2588 excessitque
3505 2521 3539 2590 e
3568 2499 3689 2590 vita

315 2586 421 2657 die
460 2610 591 2657 xvu
621 2589 1028 2669 Novembris,
1072 2586 1429 2658 indictione
1469 2611 1610 2674 xm,
1654 2612 1822 2659 anno
1863 2592 2101 2660 Christi
2137 2590 2330 2660 1104.
2364 2593 2451 2660 Ea
2489 2592 2709 2680 itaque
2748 2592 3021 2681 epistola
3052 2602 3198 2680 post
3238 2586 3483 2657 annum
3510 2586 3686 2657 1082

317 2699 354 2744 a
391 2677 876 2746 Theonhvlacto
908 2678 1172 2746 scribta.

317 2699 354 2744 a
391 2678 876 2747 Theonhvlacto
908 2678 1172 2747 scribta.

406 2699 568 2746 meo
619 2699 660 2746 n
710 2699 876 2746 tacto
908 2700 1035 2746 SCI‘l
1086 2699 1172 2747 ta.

406 2766 560 2834 Haec
574 2700 919 2834 linyeadem
946 2699 1275 2835 hagentur
1312 2768 1505 2835 verba
1539 2786 1556 2834 :
1601 2792 1628 2833 qr
1668 2768 1893 2836 Afﬁnis
1916 2769 2009 2836 tui
2045 2769 2458 2857 imperatoris
2488 2778 2795 2848 mortem,
2823 2766 3012 2855 cujus
3035 2767 3392 2835 sanctitatis
3418 2766 3689 2857 virtutes

319 2875 556 2946 omnes
573 2865 647 2946 et
678 2856 921 2946 gratias
960 2876 1082 2946 ego
1120 2857 1267 2946 ipse
1303 2857 1640 2944 potissimc
1692 2878 1833 2924 sum
1870 2855 2199 2945 expertus,
2256 2860 2426 2925 unde
2466 2859 2730 2946 planctu
2764 2857 3009 2946 dignus
3046 2867 3109 2946 et
3149 2866 3464 2944 perpetuo
3490 2855 3685 2946 luctu

322 2943 481 3011 mihi
519 2944 636 3034 ille
665 2944 962 3034 videtur,_
989 2942 1044 3012 si
1078 2942 1274 3013 alicui
1304 2942 1509 3012 alteri
1537 2945 1731 3013 etiam
1773 2968 1787 3012 :
1840 2942 2042 3026 illam,
2093 2948 2383 3034 inquam,
2427 2942 2494 3012 in
2547 2945 2910 3034 expeditam
2971 2942 3169 3012 animi
3219 2942 3686 3034 promptitudi-

322 3052 484 3122 nem»
505 3032 807 3122 accipies.
850 3057 883 3122 »ί
929 3032 1222 3113 Quonam
1263 3034 1343 3100 de
1383 3034 1778 3121 imperatore
1842 3035 1969 3101 vita
2012 3030 2231 3102 functo
2278 3056 2490 3102 sermo
2534 3030 2670 3115 ﬁat,
2711 3054 2838 3101 non
2888 3032 2977 3117 ita
3030 3030 3470 3122 perspicuum.
3518 3030 3685 3098 Num

320 3120 520 3211 fuerit
559 3120 1031 3211 Constantinus
1052 3120 1683 3211 Porphyrogenitus,
1738 3122 2065 3190 Michaelis
2127 3135 2190 3189 et
2250 3123 2464 3190 Mariae
2510 3122 2707 3203 ﬁlius,
2763 3122 2875 3209 qui
2937 3120 3047 3189 ab“
3082 3120 3304 3187 Alexio
3360 3120 3687 3211 Comneno

322 3208 650 3298 particeps
703 3209 960 3298 imperii
999 3208 1211 3278 dictus
1249 3208 1370 3291 est,
1411 3208 1597 3278 Anna
1648 3212 1973 3279 Comnena
2037 3223 2195 3278 teste
2258 3212 2427 3278 libro
2474 3236 2541 3276 ιιι
2582 3208 2938 3290 Alexiodos,
2997 3235 3024 3274 ‹‹
3070 3230 3314 3298 corona
3350 3209 3688 3294 Augustali

323 3297 665 3379 utebatur,
709 3307 772 3364 et
801 3297 1048 3388 nomen
1094 3298 1247 3388 ejus
1268 3319 1416 3366 cum
1454 3299 1656 3388 Alexii
1693 3300 1957 3367 nomine
1999 3301 2580 3388 proclamabatur?
2631 3324 2657 3363 »
2715 3298 2953 3388 Eadem
2996 3300 3180 3388 Anna
3218 3297 3388 3365 libro
3434 3316 3691 3388 vrsaos

326 3395 591 3476 enarrat
646 3386 893 3476 natales
958 3384 1145 3453 anno
1192 3386 1454 3455 circiter
1514 3386 1714 3476 1083,
1772 3384 2029 3476 sibique
2075 3389 2371 3455 futurum
2419 3408 2727 3476 sponsum
2785 3387 2965 3454 addit
3016 3387 3423 3476 designatum
3491 3384 3691 3476 fuisse

329 3474 858 3563 Constantinum,
928 3484 991 3541 et
1055 3476 1283 3542 ambos
1349 3476 1631 3563 publicis
1690 3475 1756 3542 in
1811 3473 2387 3544 acclamationibus
2439 3473 2821 3562 conjunctos
2879 3499 2891 3542 :
2961 3500 2987 3541 α
3044 3473 3226 3553 Quod
3280 3473 3457 3563 satis
3497 3473 3692 3563 longo

326 3572 647 3651 tempore,
685 3561 801 3652 ait,
844 3563 934 3630 ita
973 3582 1113 3630 esse
1153 3561 1421 3646 factum,
1464 3586 1500 3631 a
1543 3564 1921 3652 parentibus
1976 3567 2360 3652 caeterisque
2416 3561 2653 3652 saepius
2683 3564 2956 3652 audivi.
3013 3594 3038 3624 ο
3102 3561 3497 3635 Emortualis
3552 3561 3695 3652 ejus

328 3671 541 3719 annus
579 3651 1155 3741 noninnotescit:
1207 3662 1273 3719 at
1322 3650 1559 3741 ipsum'
1591 3653 1716 3719 vita
1784 3654 2075 3720 functum
2144 3650 2287 3741 post
2328 3650 2565 3721 annum
2624 3650 2799 3741 1084
2852 3653 3139 3719 indicant
3192 3654 3388 3718 Annae
3441 3650 3686 3741 verba:

327 3759 540 3830 neque
581 3740 791 3830 solida
820 3760 1062 3830 eorum,
1088 3738 1381 3808 narratio
1420 3751 1540 3822 est,
1576 3742 1690 3829 qui
1740 3753 2072 3808 mortuum
2115 3738 2411 3809 asserunt
2448 3762 2617 3809 anno
2669 3738 2863 3821 1081,
2899 3742 2964 3830 in
2996 3741 3397 3830 Dyrrachino
3438 3739 3687 3827 praelio,

328 3828 502 3929 quod
543 3828 912 3982 ablRoberto
948 3827 1306 3897 Guiscardo
1358 3827 1777 3897 commissum
1834 3830 1974 3897 fuit.
2034 3831 2256 3918 Itaque
2300 3833 2465 3898 datae
2510 3852 2547 3898 a
2580 3827 3071 3918 Theophylacto'
3112 3829 3400 3918 epistolae
3440 3839 3696 3916 tempus

328 3936 458 3982 iam
498 3937 572 3982 su
650 3937 766 3982 uce
802 3969 816 3982 .

354 3936 458 3983 am
498 3927 816 3984 sublucet.

317 3939 1035 4094 Janﬁ‘usgrliiuggihnctus
1081 4006 1436 4094 imperator
1480 4004 1588 4094 ille
1632 4005 1899 4094 Michael
1947 4005 2177 4088 Ducas,
2226 4019 2407 4094 pater
2442 4005 2873 4089 Constantini,
2922 4028 2959 4074 a
2996 4005 3334 4094 Botoniata
3381 4003 3693 4094 deturba:

333 4102 466 4184 tus,
510 4092 744 4184 Ephesi
795 4091 1207 4184 metrOpolita
1252 4093 1539 4161 detonsis
1590 4093 1869 4184 capillis,
1903 4096 2172 4184 electus,
2227 4091 2306 4162 in
2360 4095 2830 4184 monasterium,
2876 4106 3120 4184 postea
3157 4092 3490 4184 secedens,
3535 4091 3691 4181 [VII]

334 4180 471 4249 suis
505 4179 809 4271 manibus
848 4179 1175 4265 laborans,
1218 4202 1606 4271 semperque
1642 4179 2003 4271 honorifice
2043 4184 2309 4251 habitus
2354 4183 2436 4249 ab
2480 4184 2720 4250 Alexio.
2778 4179 3061 4270 Hujusce
3108 4182 3493 4271 imperantis
3532 4179 3695 4271 tem}

332 4288 519 4369 pore,
548 4268 681 4369 vita
723 4268 1383 4369 mor_tali_migravit3
1431 4271 1602 4369 unde
1645 4270 1861 4338 adhuc
1889 4271 2188 4356 efﬁcitur,
2232 4293 2375 4339 eam
2414 4268 3249 4361 TheOpliylacti‘epistclam
3292 4270 3371 4338 ad
3412 4269 3700 4337 Alexiani

333 4357 605 4447 imperii
642 4360 1056 4447 procedentis
1100 4357 1395 4445 tempora
1432 4358 1785 4447 pertinere.

577 4446 1547 4538 DominoGregorioCamatero
1609 4447 1848 4538 scripta
1894 4448 2133 4536 legitur
2193 4451 2465 4538 epistola
2515 4459 2729 4538 sexta._
2781 4448 2931 4515 Haac
3006 4447 3331 4538 habentur
3374 4468 3387 4513 :
3464 4472 3500 4538 (ἓ
3556 4448 3698 4516 Non

335 4534 510 4603 enim
575 4535 1108 4626 archiepiscopus
1167 4537 1330 4626 (ipse
1398 4556 1634 4626 nempe
1699 4534 2253 4626 Theophylactusi
2299 4541 2437 4606 viro
2505 4538 2596 4603 illi
2676 4535 3064 4620 (Camatero)
3115 4535 3383 4623 ignovit,
3449 4536 3699 4603 circum

337 4643 532 4725 quem
567 4623 751 4725 .varia
801 4623 1235 4725 imperatoris
1278 4625 1700 4725 negotiorum
1764 4623 2058 4725 examina
2107 4628 2548 4725 alto‘susurio
2592 4645 2848 4712 semper
2893 4626 3402 4725 immurmurant
3440 4645 3453 4689 :
3505 4627 3591 4681 καὶ
3635 4626 3700 4681 τὰ

338 4712 466 4791 παρ’
496 4712 686 4790 ἑτέρων
717 4712 1005 4791 γράμμᾶτα
1036 4713 1427 4793 παρενόχλημα
1456 4717 1558 4791 οὐχ
1600 4715 1785 4785 ἦττον,
1828 4713 1861 4780 ἢ
1906 4716 1964 4769 τὸ
2014 4718 2140 4773 αὐτὸ
2169 4716 2383 4792 γράφειν
2417 4716 2636 4791 ὲτὲροις,
2694 4723 2759 4779 ct
2805 4713 2911 4780 cui
2958 4714 3238 4779 aliorum
3280 4712 3511 4779 ιίιιθτω
3570 4732 3700 4779 non

342 4800 663 4868 minorem
738 4801 1100 4869 molestiam
1161 4801 1468 4882 afferunt,
1525 4820 1721 4886 quam
1771 4799 1848 4866 ad
1914 4802 2074 4869 alios
2132 4802 2459 4870 scribendi
2523 4821 2781 4869 munus.
2838 4827 2863 4865 ι
2931 4801 3299 4889 lnjunctum
3364 4799 3700 4868 Camatero

340 4889 675 4956 secretarii
724 4908 963 4958 munus
1002 4889 1407 4975 intelligitur.

426 4975 566 5067 Hac
601 4977 682 5067 de
719 4997 791 5043 re
829 4979 966 5064 agit
1001 4981 1187 5047 Anna
1220 4974 1553 5067 Comnena
1594 4974 1769 5041 libro
1811 5000 1870 5045 ιχ
1913 4978 2281 5067 Alea-indos.
2317 4989 2666 5067 antequam
2707 4998 3040 5067 sacrarum
3065 4989 3311 5067 contra
3351 4977 3707 5067 Saracenos

341 5064 829 5155 expeditionum
857 5064 1728 5155 ihisturiamiaggrediatur,
1778 5086 1926 5151 quae
1977 5089 2147 5135 anno
2215 5066 2385 5135 1096
2453 5064 2880 5155 inceperunt:
2941 5066 3294 5154 Scribaque
3354 5066 3704 5141 advocatur

339 5151 488 5244 eum
528 5152 801 5244 tabulis,
851 5153 1177 5243 inquiens,
1219 5151 1586 5244 Gregorius
1612 5151 2013 5237 Camaterus,
2051 5158 2114 5223 in
2157 5158 2220 5225 id
2263 5156 2456 5223 oﬂicii
2482 5151 2695 5244 nuper
2732 5156 2971 5223 ascitus
2999 5151 3697 5244 apud'imperatorem.

340 5241 477 5343 Hoc
524 5240 737 5343 igitur
771 5240 1062 5343 tempore
1112 5256 1178 5312 et
1212 5240 1408 5311 vitam
1449 5242 1682 5343 agebat
1724 5253 1788 5341 et
1831 5244 2157 5343 scribebat
2207 5240 2750 5343 'i‘lieophylactus.
2794 5245 2892 5343 Ad_
2936 5240 3282 5343 logoihetae
3308 5240 3701 5343 dignitatem

340 5329 524 5485 illum
548 5338 825 5487 “pestes
898 5329 1258 5420 imperator
1318 5331 1576 5412 evexit;
1653 5330 1912 5422 ipsique
1986 5332 2281 5413 Gregorio
2337 5329 2658 5395 Cem'atero
2706 5329 3026 5408 logozheta’
3087 5331 3395 5419 inscripta
3467 5330 3703 5416 legitur

340 5436 481 5487 em:
507 5437 547 5485 ο
743 5469 757 5487 .

340 5436 609 5512 epmoxa
649 5436 757 5487 η.
