4082 6258
401 359 478 424 23
1325 367 1550 428 BERN.
1601 366 1864 429 MARI/E
1908 363 2003 423 DE
2049 362 2323 423 RUBEIS
2365 358 2862 424 DISSERTATIO
3687 352 3767 415 24

403 491 707 646 mauihus
738 492 987 560 Turcus
1021 493 1498 560 constrictus...
1540 493 1951 582 pasciscitur,
1996 505 2066 561 ut
2094 493 2416 560 Francum
2456 503 2679 562 nostro
2720 493 3104 582 imperatori
3131 489 3575 579 potentissimo
3607 496 3785 554 esset

403 591 499 646 tra
550 591 786 646 iturus.
835 605 860 645 ›

403 591 786 648 traditurus.
835 605 860 645 ι

489 667 758 756 Captum
825 691 860 734 a
919 669 1144 737 Turcis
1211 669 1656 738 Boemundum
1723 671 1862 736 haec
1925 670 2076 736 satis
2141 671 2454 737 indicant.
2515 670 2750 737 Narrat
2804 681 3021 736 autem
3083 667 3627 756 Theophylactus,
3691 665 3775 756 de

400 755 700 824 libertate
736 757 882 847 ejus
944 758 1294 826 obtinenda
1346 773 1562 827 actum
1618 779 1782 839 esse,
1833 783 1858 823 α
1907 758 2378 847 imperatorum
2435 758 2649 846 gratia
2707 781 2720 824 :
2772 783 2799 822 ›
2847 759 2982 846 jam
3024 757 3198 825 enim
3239 758 3325 847 ab
3362 755 3550 847 anno
3596 755 3764 847 1091

400 866 669 935 consors
729 843 987 935 imperii
1050 848 1410 916 declaratus
1475 848 1685 915 fuerat
1744 843 2029 914 Joannes
2074 843 2641 916 Comnenus'cum
2707 843 2928 914 Alexio
2983 859 3187 935 patre.
3258 845 3529 912 Videtur
3572 843 3772 911 etiam

402 934 696 1024 indicare
737 934 839 1000 ob
867 936 1078 1002 varias
1118 936 1198 1003 de
1235 937 1461 1004 Turcis
1493 938 1728 1003 relatas
1770 937 2093 1013 victorias,
2146 936 2330 1002 facile
2393 937 2635 1002 Turcas
2701 937 2876 1024 ipsos
2929 934 2997 1002 in
3044 935 3106 1001 id
3170 954 3646 1024 consensuros,
3695 942 3774 1024 ut

401 1023 621 1114 Alexio
662 1022 1043 1114 imperatori
1081 1026 1416 1114 traderent
1467 1025 1941 1114 Boemundum,
1995 1026 2579 1114 quem‘captivum
2621 1021 2951 1092 ten-ebant.
3000 1024 3218 1091 Refert
3253 1024 3570 1114 Reinerus
3613 1021 3771 1088 Rei-

402 1111 670 1201 neccius
717 1111 787 1201 in
830 1115 1101 1175 Historia
1143 1113 1453 1185 orientali,
1503 1113 1671 1179 libro
1735 1135 1820 1194 ιχ,
1885 1115 2096 1201 capite
2153 1110 2263 1193 38,
2323 1110 2359 1177 ’‹‹
2411 1113 2704 1180 Alexium
2768 1114 3257 1200 imperatorem,
3329 1112 3434 1201 cui
3509 1129 3774 1201 semper

403 1199 820 1290 Boemundus
865 1213 1206 1290 suspectus
1247 1213 1412 1283 erat,
1453 1223 1533 1268 ne
1579 1223 1729 1269 eum
1792 1223 1826 1269 e
1883 1199 2084 1288 regno
2147 1203 2519 1289 expelleret,
2577 1199 2920 1289 pecuniam
2978 1221 3135 1269 CCLX
3196 1199 3470 1290 millium
3527 1199 3770 1290 Byzan-

404 1288 719 1378 tinorum,
784 1288 1206 1358 creberrimis
1263 1291 1701 1376 legationibus
1762 1288 2240 1378 epistolarum,’
2277 1288 2596 1358 obtulisse
2665 1290 3026 1358 Donimano
3105 1290 3245 1377 (qui
3320 1288 3771 1378 Boemundum

406 1376 731 1464 captivum
772 1379 1014 1448 fecerat
1055 1383 1468 1467 tenebatque)
1498 1376 1822 1467 quatenus
1866 1379 2079 1466 ipSum
2121 1379 2571 1446 Boemundum
2621 1399 2754 1446 suae
2800 1376 3202 1467 manciparet
3239 1377 3499 1467 ditioni,
3545 1376 3775 1443 volens

404 1484 556 1554 eum
617 1477 732 1533 aut
787 1479 1034 1536 διιεῖ*ηο
1082 1465 1355 1549 exsilio,
1407 1465 1533 1534 aut
1581 1465 1908 1554 perpetua,
1946 1469 2358 1534 damnatione
2411 1468 2664 1554 punire.
2733 1492 2758 1531 ι
2823 1468 2944 1534 Res
3002 1465 3153 1534 vero
3217 1465 3491 1551 contigit
3549 1467 3762 1532 aliter.

404 1553 498 1622 Ad
536 1555 681 1646 haec
721 1554 946 1646 utique
988 1557 1276 1623 alludere
1312 1553 2155 1646 videtur’Theophylactus,
2189 1556 2302 1644 qui
2339 1553 2554 1646 tamen
2594 1577 2668 1646 ea
2697 1557 2840 1644 plus
2871 1556 3072 1623 nimio
3098 1555 3492 1646 ampliﬁcat,
3517 1570 3774 1646 proque

404 1576 498 1622 Ad
545 1576 681 1624 naec
721 1576 946 1646 utique
988 1576 1276 1623 auuaere
1312 1576 1568 1624 Videtur
1604 1576 2155 1645 't'neopnytactus,
2189 1578 2302 1644 qut
2339 1576 2554 1622 tamen
2594 1577 2668 1622 ea
2697 1576 2840 1644 plus
2871 1577 3072 1623 nimio
3098 1576 3480 1643 ampnucat,
3515 1576 3770 1710 proque

403 1643 595 1799 gepio
634 1643 926 1734 votisque
965 1646 1324 1734 composita
1364 1655 1611 1714 narrat.
1662 1644 1884 1712 Datam
1924 1666 2081 1731 ergo
2131 1646 2296 1712 hanc
2335 1645 2476 1732 ejus
2514 1645 2855 1733 epistolam
2901 1665 3071 1712 anno
3115 1645 3380 1712 circiter
3423 1643 3497 1710 11
3559 1642 3599 1710 Ο
3630 1640 3770 1730 jam

403 1754 462 1799 γι
513 1753 605 1799 es.

402 1753 605 1801 V1088.

497 1823 776 1902 Cercyrae
815 1842 928 1892 seu
975 1822 1250 1904 Corcyrae
1295 1827 1570 1904 episcopo
1611 1822 1854 1910 scripta
1907 1833 2003 1889 est
2062 1822 2335 1910 epistola
2366 1820 2481 1903 Ἡ,
2527 1821 2636 1889 ubi
2685 1822 2824 1890 haec
2863 1822 3194 1889 habentur
3238 1844 3250 1887 :
3304 1845 3331 1884 «
3376 1821 3505 1889 Nos
3546 1831 3764 1910 autem

405 1908 642 2001 ᾇξέθλιψε
675 1914 1012 1993 Σεναχηρεὶμ
1045 1915 1340 1994 'Accriptoq,
1385 1908 1829 2001 Sennachefib
1877 1912 2017 2001 A58}

2155 1933 2178 1978 Β
2227 1911 2390 1978 elisit
2427 1933 2446 1993 ς
2489 1913 2545 1967 ὃν
2592 1913 2625 1979 ἡ
2671 1913 2808 1985 μέση
2842 1919 2944 1967 τῶν
2979 1916 3236 1984 ποτκμῶν
3280 1911 3416 1985 ἡμ”ν
3463 1909 3767 1983 ἀμείλικτον

406 1999 808 2090 ἐπαπέστειῆεν,
853 2022 1046 2088 quem
1103 2001 1562 2090 Mesopotamia
1606 2000 1797 2068 nobis
1827 1997 2133 2090 asperum
2173 2000 2413 2090 emisii.
2465 2024 2491 2063 ι
2537 1998 2725 2067 Hunc
2765 1999 3295 2090 {Mesopotamia
3320 1997 3768 2090 advenientem

404 2099 631 2155 contra
699 2087 1034 2176 Bulgaros,
1101 2087 1295 2158 facile
1333 2089 1782 2158 Boemundum
1845 2087 2298 2155 intellexerim°
2367 2089 2733 2154 Bernardus
2793 2087 3272 2154 Thesaurarius
3331 2088 3472 2153 loco
3543 2087 3769 2168 citato,

404 2176 619 2265 capite
663 2174 954 2259 103,'sic
997 2178 1088 2244 ait
1128 2202 1152 2265 :7
1204 2203 1230 2241 ε
1288 2176 1729 2265 Bojamundus
1758 2186 1903 2264 post
1940 2176 2079 2243 haec
2119 2177 2329 2261 gratia
2373 2176 2486 2244 Dei
2545 2196 2583 2243 a
2643 2176 3021 2265 carceribus
3077 2177 3392 2243 liberatus
3432 2177 3553 2262 (vel
3593 2195 3769 2243 anno

406 2262 605 2346 1109,
648 2267 746 2333 vel
797 2265 988 2333 etiam
1039 2264 1240 2348 1104,
1281 2262 1550 2333 ut'aliis
1575 2262 1866 2353 aliisque
1905 2267 2164 2353 placet),
2229 2266 2590 2348 gaudenter
2627 2264 2708 2331 ab
2775 2264 3190 2332 Antiochenis
3249 2275 3591 2352 susceptus
3641 2275 3762 2330 est.

405 2353 553 2443 Ipse
585 2353 852 2443 aliique,
916 2365 1314 2443 congregato
1372 2352 1689 2443 exercitu,
1752 2352 2186 2443 transeuntes
2225 2353 2654 2443 Euphratem,
2708 2355 2787 2420 ad
2851 2353 3256 2443 obsidionem
3302 2353 3542 2443 Carna
3592 2353 3776 2443 urbis

406 2439 676 2529 profecti
709 2439 886 2511 sunt.
930 2439 1310 2511 Est'au'tem
1355 2442 1574 2523 Carra,
1644 2443 1774 2509 sive
1831 2443 2090 2521 Carras,
2135 2439 2439 2508 civitas...
2491 2441 2559 2507 in
2601 2441 3147 2529 Mesopotamia...
3194 2439 3543 2511 Christiani
3588 2441 3772 2528 fuge-

407 2528 642 2620 runt...
694 2530 1138 2618 Bojamundus
1169 2531 1468 2620 Apuliam
1511 2531 1765 2597 venit...
1812 2530 2062 2620 Interea
2104 2530 2547 2618 Bojamundus
2584 2528 2798 2620 (anno:
2816 2528 3040 2620 1107)
3062 2542 3249 2620 nacte
3292 2529 3415 2620 sibi
3446 2541 3768 2620 tempore,

405 2618 635 2709 ulcisci
675 2617 894 2688 volens
935 2617 1414 2709 injurias—quas
1445 2641 1560 2706 per
1602 2620 1810 2686 varias
1854 2619 2122 2709 insidias
2171 2617 2308 2706 ipse
2343 2639 2492 2709 cum
2543 2619 2681 2709 suis
2719 2618 2964 2707 aliique
3003 2618 3354 2709 Christiani
3411 2617 3492 2684 ab
3546 2617 3768 2709 Alexio

407 2706 824 2798 imperatore,
879 2706 1092 2798 primo
1158 2706 1704 2797 peregrinationis
1765 2707 2130 2798 procinctu,
2188 2708 2477 2795 perpessi
2527 2706 2823 2798 fuerant,
2863 2706 3022 2798 cum
3091 2707 3409 2798 militibus
3448 2708 3765 2798 _quos__de

407 2728 824 2861 imperatore,
879 2729 1092 2798 primo
1158 2728 1704 2797 peregrinationis
1765 2728 2130 2796 procmcru,
2188 2728 2477 2795 perpessn
2543 2728 2823 2789 merant,
2872 2728 3022 2774 cum
3091 2728 3409 2774 mutuuus
3470 2728 3636 2794 quos
3684 2728 3759 2773 ue

405 2793 493 2862 Ga
525 2795 600 2885 lis
645 2798 1062 2876 conduxerat,
1101 2809 1167 2865 et
1219 2797 1394 2864 omni
1446 2798 1803 2885 Apulorum
1846 2796 2157 2876 exercitu,
2205 2807 2428 2882 parata
2487 2797 2687 2885 classe
2734 2796 3081 2876 maritima,
3130 2793 3759 2885 Constantinopolim

407 2884 613 2975 tendit
651 2895 773 2975 :‘et
809 2906 928 2973 per
962 2885 1158 2954 urbes
1195 2885 1450 2975 imperii
1494 2883 1854 2975 maritimas
1903 2886 2253 2975 transiens,
2305 2895 2573 2975 cunctas
2613 2884 2785 2975 ferro
2820 2887 3168 2975 populatus
3207 2885 3486 2975 etigne,
3520 2883 3769 2975 ingenti

407 2974 626 3059 prada
666 2972 909 3042 ditatus
950 2985 1131 3042 est...
1170 2972 1464 3061 Cumque
1494 2974 1846 3041 Duracium
1888 2973 2309 3061 pervenisset,
2363 2972 2718 3060 imperator
2759 2972 3140 3060 Bojamunlli
3174 2973 3420 3039 viribus
3467 2972 3762 3054 territus,

406 3079 820 3152 pacemicum
875 3083 952 3152 eo
1012 3084 1130 3152 per
1189 3062 1975 3152 legatosicomposuitaa
2048 3062 2180 3152 Hac
2249 3062 2328 3128 de
2394 3061 2827 3152 relatissime
2885 3064 3016 3152 agit
3079 3065 3259 3128 Anna
3324 3061 3662 3152 Comnena
3701 3062 3765 3127 in

410 3147 740 3212 Alexiados
779 3151 962 3220 libris
1005 3147 1085 3215 in
1125 3162 1190 3220 et
1226 3147 1357 3215 xin.
1407 3151 1520 3219 His
1560 3147 1712 3218 belli
1747 3150 2032 3217 motibus
2063 3151 2294 3217 elisum
2327 3171 2391 3215 se
2426 3151 2749 3235 elisosque
2781 3171 2934 3216 suos
2963 3150 3284 3232 Bulgaros
3310 3151 3400 3216 ait
3425 3147 3768 3237 TheOphy-

408 3237 614 3306 lactus
654 3239 736 3305 ab
802 3263 829 3304 ί
878 3241 1141 3329 Assyrio
1200 3240 1784 3329 SennacheriboL»
1846 3239 2092 3329 scilicet
2161 3239 2573 3329 Boemundo,
2635 3261 2661 3300 α
2733 3260 2804 3329 ex
2873 3239 3331 3329 Mesopotamia
3392 3237 3686 3329 emisso;
3738 3264 3764 3301 »

408 3336 754 3425 pro_p_terea
793 3329 966 3425 quod
1005 3326 1078 3425 in
1128 3328 1586 3425 Mesopotamia
1626 3349 1662 3394 a
1701 3327 1924 3394 Turcis
1964 3338 2216 3414 captus,
2249 3328 2458 3425 victus
2496 3328 2692 3393 etiam
2741 3327 2820 3424 ab
2865 3327 3136 3425 eisdem,
3195 3336 3341 3425 post
3401 3326 3766 3425 libertatem

409 3347 754 3480 propterea
793 3347 966 3414 quoa
1012 3350 1078 3395 in
1129 3347 1586 3416 mesopmamia
1626 3349 1662 3394 a
1701 3347 1924 3394 mrcns
1964 3347 2216 3414 captus,
2254 3347 2458 3393 vnctus
2496 3347 2692 3393 etiam
2741 3347 2820 3424 au
2865 3347 3136 3426 eisdem,
3195 3347 3341 3414 pom
3402 3347 3766 3425 nueriatem

409 3433 477 3505 in
515 3500 551 3505 _
582 3417 1008 3505 esopotamia,
1057 3418 1203 3484 inde
1246 3417 1310 3483 in
1349 3417 1647 3503 Apuliam
1681 3437 1979 3483 reversus
2009 3426 2128 3496 est,
2167 3417 2569 3502 collectoque
2611 3426 2897 3482 exercrtu
2947 3436 3009 3481 1n
3069 3417 3400 3505 Illyricum
3443 3416 3661 3495 rednt,
3706 3425 3770 3481 et

409 3501 474 3568 in
513 3500 913 3593 Bulgariam,
958 3505 1108 3592 igne
1155 3500 1464 3593 ferroque
1499 3505 1719 3571 omnia
1760 3505 2128 3593 papulatus.

494 3592 586 3657 Ad
635 3591 773 3682 haec
813 3591 1109 3682 tempora
1147 3591 1394 3682 spectat
1439 3593 1710 3681 epistola
1743 3591 1866 3673 11,
1904 3593 2332 3682 atiiduminwn
2388 3591 2748 3682 Theodulum
2803 3593 3327 3682 metropolitanum
3382 3591 3766 3682 Thessaloni-

408 3694 661 3769 censem.
713 3679 818 3750 Sic
863 3679 968 3748 ait
997 3703 1150 3749 vero
1183 3679 1734 3769 'TheOphylactus
1771 3702 1784 3746 :
1862 3705 1889 3743 «
1957 3680 2020 3746 Νι

2155 3681 2420 3769 quidem
2479 3680 2764 3769 ignoras,
2810 3682 2884 3744 τίς
2945 3681 3294 3769 ﬁrmo-31:0:
3353 3683 3381 3737 o‘
3436 3679 3526 3736 ἀπ’
3586 3681 3761 3759 ἀρχῆς

408 3766 739 3844 ἀποστάτης,
799 3773 886 3827 καὶ
941 3770 1348 3851 τραχηλαστὴς,
1393 3766 1440 3826 -ὀ
1493 3766 1601 3826 ’τοῦ
1655 3772 1856 3845 κόσμου
1927 3772 2014 3847 τὺρ

2154 3766 2193 3846 :,
2236 3771 2346 3856 qui
2388 3769 2508 3834 iste
2548 3768 2655 3848 sit,
2697 3769 2810 3856 qui
2849 3789 2886 3836 a
2931 3768 3251 3857 principio
3290 3769 3412 3857 fuit
3452 3779 3766 3856 apostata,

410 3856 905 3946 superbienset
931 3858 1134 3940 ferox,
1178 3859 1379 3926 totius
1411 3858 1635 3924 mundi
1680 3856 2289 3946 tyrannuseContra
2333 3857 2506 3946 hunc
2543 3858 2808 3946 quidem
2841 3868 2902 3923 te
2934 3856 3265 3937 vocamus,
3301 3856 3490 3946 oDei
3532 3857 3765 3923 homo:

408 3951 484 4034 et
509 3945 759 4012 utinam
801 3945 939 4034 jam
980 3947 1230 4014 eveniat
1289 3947 1505 4027 nobis,
1553 3957 1622 4012 ut
1676 3944 1983 4012 omnibus
2028 3944 2202 4011 illius
2267 3945 2402 4033 [IX]
2452 3945 2796 4034 tyrannide
2837 3945 3076 4033 pressis
3126 3958 3191 4013 et
3247 3945 3427 4034 fusis,
3491 3955 3601 4034 tua
3651 3965 3774 4033 ope

408 4033 709 4185 planctus
742 4032 1144 4102 et'mceroris
1186 4035 1382 4102 tinem
1431 4035 1755 4122 possimus
1795 4034 2080 4121 aliquem
2123 4032 2436 4100 invenire.
2493 4032 2520 4095 )›
2577 4032 3019 4100 Boemundum
3064 4034 3299 4123 passim
3336 4033 3543 4103 Graeci
3582 4032 3776 4100 voca—

456 4129 569 4185 ant
613 4146 641 4185 (
685 4143 722 4185 a
763 4122 1082 4185 nrincinio
1121 4122 1252 4185 iam
1292 4133 1674 4185 anostatam.
1727 4147 1754 4185 ι
1809 4124 1989 4185 Anna
2034 4123 2360 4185 Comnena
2410 4121 2579 4185 libro
2619 4144 2680 4185 x.
2727 4121 2837 4185 ubi
2880 4123 2960 4185 de
3000 4121 3371 4185 iuramento
3409 4120 3776 4185 Boemundi

456 4129 569 4211 aut
613 4146 641 4186 α
685 4122 1082 4211 a_principio
1114 4122 1252 4211 jam
1292 4120 1674 4211 apostatam.
1727 4147 1754 4185 ι
1809 4120 1989 4211 Anna
2034 4123 2360 4211 Comnena
2410 4121 2579 4188 libro
2619 4144 2680 4201 x,
2727 4121 2837 4211 ubi
2880 4123 2960 4189 de
2991 4120 3371 4210 ju'ramento
3409 4120 3776 4191 Boemundi

410 4207 600 4298 agit:
649 4232 678 4273 ι
722 4207 832 4277 Vel
871 4207 1046 4298 quod
1089 4207 1310 4292 homo,
1334 4207 1593 4298 'inquit,
1638 4211 1717 4276 ad
1758 4210 2094 4296 religionis
2154 4220 2597 4298 contemptum
2667 4207 3010 4292 educatus,
3053 4221 3117 4277 et
3149 4212 3341 4298 longo
3384 4230 3542 4298 usu
3586 4211 3777 4297 quasi

410 4233 546 4294 agn.
584 4233 600 4274 :
649 4233 678 4273 ι
731 4233 832 4277 vel
871 4233 1046 4298 quoa
1089 4233 1310 4292 nomo,
1356 4233 1420 4277 in
1474 4233 1593 4290 ιλιι,
1638 4233 1717 4276 ao
1758 4233 2094 4296 reugroms
2154 4233 2597 4297 contemptum
2667 4233 3008 4292 educatus,
3053 4233 3117 4277 et
3149 4233 3341 4298 longo
3384 4233 3511 4276 usu
3586 4233 3773 4297 quas:

409 4295 692 4388 quadam
732 4309 964 4366 natura
995 4299 1328 4388 perjurus,
1366 4233 1715 4367 ridiculum
1761 4309 2021 4388 putaret
2071 4297 2541 4388 injuramento
2581 4297 3020 4382 tergiversari.
3049 4323 3100 4388 ί»
3145 4299 3246 4365 Ait
3286 4299 3480 4366 etiam
3527 4296 3773 4366 ibidem

411 4383 714 4476 Sangeles
757 4388 836 4454 ad
891 4383 1255 4475 Augustum
1302 4411 1316 4454 :
1381 4412 1408 4452 ι
1456 4391 1612 4456 Cum
1653 4409 1688 4454 a
1728 4383 1985 4476 proavis
2027 4383 2394 4474 perjurium
2437 4398 2500 4453 et
2526 4388 2787 4476 idolum,
2834 4388 3006 4476 velut
3044 4387 3493 4476 haereditatem
3541 4407 3769 4476 quam-

410 4475 582 4578 dam.
603 4473 1042 4576 Bojamundus
1067 4477 1414 4578 acceperit,
1446 4477 1684 4543 mirum
1712 4473 1893 4544 valde
1926 4475 1977 4578 si
2008 4488 2409 4578 permaneat,
2447 4503 2471 4539 ν
2506 4475 2636 4578 Cur
2663 4495 2813 4578 vero
2845 4473 2899 4541 is
2929 4475 3190 4578 dicitur,
3226 4476 3338 4563 qui
3389 4473 3773 4578 «ncefvicem

413 4562 739 4655 extulerit,
773 4595 794 4625 ι
851 4575 916 4655 et
961 4590 986 4627 ι
1020 4562 1247 4633 mundi
1291 4576 1606 4655 tyrannus
1645 4575 1836 4655 esse}.
1880 4588 1906 4628 ι
1942 4562 2121 4655 Anna
2160 4564 2484 4655 Comneua
2510 4564 2738 4629 eodem
2779 4564 2920 4655 loco
2952 4562 3295 4655 declarati:
3350 4588 3375 4627 ι
3419 4562 3778 4655 Religionis

412 4650 520 4718 ille
559 4652 856 4740 quidem,
900 4653 1229 4741 inquiens,
1271 4650 1341 4721 et
1371 4653 1742 4720 vindicandi
1783 4652 2036 4741 Domini
2089 4652 2370 4739 sepulcri
2395 4652 2650 4741 larvam
2696 4651 3038 4741 cUpiditati
3075 4651 3532 4741 superposuit:
3584 4661 3776 4721 caete-

414 4739 720 4828 rum’per
757 4741 946 4808 istam
988 4739 1396 4810 occasionem
1426 4741 1604 4808 omni
1648 4740 1840 4806 modo
1873 4740 2271 4823 decreverat,
2312 4739 2745 4828 principatum
2779 4739 2900 4806 Sibi
2937 4741 3221 4826 aliquem
3257 4739 3495 4807 alicubi
3540 4760 3776 4828 parare

414 4762 560 4806 rum
645 4763 720 4810 er
757 4762 946 4808 istam
988 4762 1396 4810 occasnonem
1426 4762 1604 4808 omni
1648 4762 1840 4806 moao
1873 4762 2271 4823 decreverat,
2312 4762 2745 4826 prlnmpatum
2779 4762 2900 4806 sum
2937 4762 3221 4826 auquem
3257 4762 3495 4807 aucupi
3540 4762 3776 4828 parare

411 4826 542 4896 Nec
578 4762 1026 4912 dhbitaturus,
1069 4830 1121 4898 si
1161 4829 1444 4898 secunda
1485 4829 1767 4917 spiraret
1802 4848 1964 4894 aura
2014 4828 2329 4917 fortunae,_
2368 4827 2730 4893 Romanum
2776 4828 2984 4917 ipsum
3038 4828 3325 4917 cogitare
3391 4828 3668 4917 solium,
3711 4837 3778 4895 et

413 4918 632 5006 Alexio
699 4931 960 4986 extruso
1038 4939 1107 4986 se
1180 4915 1637 5006 imperatorem
1705 4916 1937 4982 facere.
2027 4939 2051 4977 ι)
2127 4922 2218 4982 Ita
2297 4915 2744 4982 Boemundum
2804 4915 3162 5005 pingebant
3233 4915 3462 4998 Graeci,
3535 4915 3780 5004 quibus

413 5006 488 5072 ad
502 5004 798 5096 haerescit
834 5004 1380 5096 TheOphylactus.

502 5091 592 5162 Ad
665 5094 890 5163 eadem
948 5089 1162 5162 refero
1233 5096 1496 5163 demum
1561 5102 1857 5178 tempora
1923 5091 2262 5178 epistolam
2321 5089 2430 5174 17,
2487 5094 2770 5171 Ccrcyrce
2799 5095 3089 5173 episcopo.
3153 5093 3304 5163 llaec
3379 5093 3705 5161 habentur
3759 5113 3773 5156 :

422 5203 452 5245 ‹
495 5179 715 5251 Gratia
777 5183 863 5250 sit
937 5184 1454 5252 misericordiam
1531 5181 1729 5263 Patri,
1803 5191 1867 5248 et
1947 5179 2078 5270 Deo
2157 5180 2898 5270 totiusfconsolationis
2951 5203 2966 5260 ;
3021 5205 3048 5246 ›
3133 5181 3444 5270 quoniam
3503 5179 3780 5270 iraira}:

410 5271 643 5352 ἡμέραις
675 5285 962 5352 πονηραῖς,
993 5275 1080 5330 καὶ
1108 5275 1163 5328 'tv
1206 5287 1414 5352 καιροῖς
1443 5271 1673 5352 ἀφίλοις,
1717 5271 1805 5326 καὶ
1833 5268 2022 5348 θηριώδ

2177 5269 2278 5334 his
2342 5269 2574 5336 diebus
2639 5270 2848 5351 malis,
2913 5291 2988 5336 ac
3042 5266 3446 5356 temporibus
3500 5266 3782 5334 inimicis

411 5369 476 5439 et
539 5359 719 5443 feris,
795 5370 978 5430 tuam
1037 5361 1443 5432 sanctitatem
1510 5358 1698 5426 nobis
1773 5367 2046 5453 paterna
2111 5356 2461 5425 dilectione
2535 5358 2902 5452 cinctam.,.
2991 5359 3342 5425 indulsit...
3426 5356 3509 5425 Ut
3573 5374 3785 5446 neque
