4132 6262
250 364 330 429 73
1138 373 1233 434 DE
1278 370 1868 433 THEOPHYLACTI
1914 370 2181 434 GESTIS
2222 373 2320 435 ET
2364 370 2727 436 SCRIPTIS.
3556 375 3628 436 74

329 503 890 596 Quemadmodum
932 524 1083 596 vero
1129 504 1258 596 lata
1298 504 1436 596 lege
1475 503 2373 596 nec‘azymumpraescripsit
2407 504 2546 596 ille,
2577 524 2701 596 nec
2759 504 3229 596 fermentatum
3278 507 3509 596 rejecit
3549 529 3625 576 ac

238 593 375 683 vice
414 614 596 659 versa
652 614 681 683 :7
715 592 800 659 ita
841 592 981 659 ﬁeri
1026 592 1262 683 potuit,
1307 594 1386 683 ab
1446 592 1784 683 religionis
1824 592 2008 683 initio
2050 593 2363 683 Ecclesias
2404 592 2877 683 Qccidentalem
2922 605 2986 660 et
3009 592 3408 663 Orientalem
3457 598 3625 665 ritus

242 681 555 774 habuisse
624 681 1046 774 «_li_verso_s_in
1086 682 1508 774 Eucharistizg
1578 681 2047 774 celebratione:
2109 681 2381 774 Sanctus
2429 682 2713 774 Irenaeus
2762 682 2826 749 in
2857 684 3258 774 fragmento
3333 686 3626 774 epistolae

240 772 417 857 apud
462 769 811 837 Eusebium
882 768 1051 860 libro
1106 791 1145 837 v
1179 770 1405 860 Hister
1446 770 1717 850 Eccles.,
1766 772 1976 858 capite
2015 769 2127 851 “la,
2165 771 2420 860 refert}
2473 771 2809 860 «Beatum
2856 768 3287 860 Poly'carpum
3369 768 3625 843 Aniceti

239 879 428 949 papae
468 860 911 949 temporibus,
948 859 1217 926 Romam
1260 859 1513 949 venisse,
1547 880 1560 923 :
1608 879 1683 925 ac
1718 861 1889 925 inter
1928 880 2039 949 eos
2069 879 2220 926 cum
2256 860 2335 926 de
2367 858 2702 941 Paschate,
2750 871 2889 926 tum
2929 858 3009 927 de
3042 858 3441 949 quibusdam
3475 863 3625 931 aliis

240 947 482 1039 ritibus
521 948 857 1039 modicam
891 948 1090 1039 fuisse
1120 948 1628 1039 contrpversiam
1675 970 1687 1013 :
1727 968 1801 1039 ac
1826 948 2068 1039 statim
2112 958 2338 1039 mutuo
2365 949 2542 1039 pacis
2580 949 2805 1039 osculo
2830 969 2971 1039 sese
3005 947 3400 1039 complexos,
3439 974 3621 1019 com-

240 1036 612 1126 municasse
674 1036 800 1126 sibi
844 1037 1143 1104 invicem.
1201 1061 1246 1126 of
1310 1036 1468 1126 Ecce
1491 1037 2015 1126 vetustissimam
2070 1036 2315 1126 rituum
2357 1037 2792 1126 diversitatem
2840 1037 2906 1103 in
2948 1036 3229 1126 utraque
3303 1039 3610 1108 Ecclesia.

236 1123 374 1191 Cur
414 1126 611 1217 locus
632 1124 1022 1217 conjecturae
1060 1145 1190 1193 non
1226 1124 1441 1217 fuerit,
1486 1124 1852 1217 inter_ist_os
1892 1124 2052 1191 ritus
2075 1125 2449 1217 discrimen
2468 1125 2667 1217 fuisse
2706 1126 2891 1217 panis
2935 1123 3377 1217 eucharistici,
3422 1150 3620 1217 quem

239 1225 520 1302 utraque
568 1214 851 1282 Ecclesia
890 1214 1215 1281 diversum
1268 1213 1704 1280 adhibuerit?
1768 1213 1859 1303 Ita
1903 1214 2288 1300 praclarissi
2334 1214 2477 1303 viri
2529 1213 2721 1281 inter,
2746 1214 3010 1281 Latinos
3049 1216 3403 1303 scriptores
3442 1213 3621 1286 ’δεη-

238 1303 411 1391 tiunt
456 1325 470 1369 :
519 1324 805 1391 quorum
842 1315 1169 1371 momenta
1214 1303 1562 1382 rationum,
1604 1324 1750 1389 qua)
1790 1302 2073 1389 plurima
2114 1313 2289 1383 sunt,
2344 1302 2604 1390 sapiens
2651 1323 2843 1370 nemo
2884 1302 3279 1391 despexerit.

331 1390 497 1458 Sunt
520 1390 629 1485 alii
657 1392 971 1485 veroqni,
1009 1392 1211 1485 probe
1253 1411 1403 1458 cum
1438 1392 1735 1485 noverint
1772 1392 2019 1485 nullam
2060 1392 2182 1485 hac
2208 1392 2288 1457 de
2329 1412 2399 1457 re
2430 1394 2625 1485 latam
2653 1412 2689 1458 a
2728 1393 2878 1485 Jesu
2909 1390 3167 1485 Christo
3204 1395 3438 1481 legem,
3472 1398 3617 1485 opi-

237 1494 484 1570 nantur
532 1481 763 1570 primis
804 1481 1107 1548 Ecclesiae
1186 1480 1592 1570 temporibus
1630 1480 2028 1566 promiscum
2071 1479 2267 1546 fuisse
2308 1482 2496 1570 panis
2535 1500 2737 1570 usum,
2772 1482 2867 1547 vel
2914 1483 3150 1570 azymi,
3194 1479 3292 1549 vel
3332 1479 3617 1552 fermen-

240 1569 357 1636 tati
410 1568 702 1656 proidata
730 1569 1110 1636 occasione:
1146 1570 1353 1635 donec
1395 1569 1653 1656 tandem
1694 1588 2072 1656 azymorum
2141 1568 2547 1635 consuetudo
2588 1569 2655 1635 in
2693 1568 3408 1639 Ecclesia—Occidentali
3443 1575 3615 1641 obti-

241 1655 423 1738 nuit,
467 1659 855 1745 vigebatque
922 1659 1061 1724 sine
1102 1658 1305 1723 dubio
1346 1668 1491 1723 ante
1562 1655 1877 1723 Photiana
1917 1668 2233 1744 tempora.
2292 1657 2439 1723 Haec
2516 1660 2744 1725 eadem
2781 1669 2922 1724 erat
2988 1661 3307 1726 sententia
3346 1660 3613 1745 Nicetae,

244 1680 410 1738 nuit,
467 1680 723 1744 vngenat
775 1680 855 1724 ue
922 1680 1061 1724 sine
1102 1680 1305 1723 uumo
1346 1680 1491 1723 ante
1563 1680 1877 1723 rnouana
1917 1680 2233 1744 tempora.
2292 1680 2439 1723 haec
2516 1680 2744 1725 eadem
2781 1680 2922 1724 erat
2988 1680 3307 1726 sententia
3346 1680 3613 1745 mcetae,

244 1748 675 1835 metropolitaa
712 1680 1249 1826 laicomcdiensis,
1294 1746 1359 1811 in
1424 1745 1785 1835 Colloquio,
1842 1746 2015 1832 quod
2068 1746 2277 1833 prima
2352 1746 2573 1812 szeculi
2614 1747 2987 1813 duodecimi
3029 1751 3373 1815 medietate
3446 1751 3618 1818 inter

242 1834 475 1921 ipsum
512 1835 807 1901 habitum
851 1836 973 1902 fuit
1027 1846 1089 1902 et
1127 1835 1502 1923 Anselmum
1545 1834 2124 1921 Havelbergensem
2166 1835 2545 1923 episcopum
2582 1835 2661 1923 in
2733 1835 2897 1923 urbe
2938 1837 3117 1922 regia
3162 1838 3616 1906 Constantino-

244 1925 404 2014 poli,
444 1924 727 2014 Ingenue
767 1924 1012 2014 quippe
1062 1924 1267 1990 fassus
1298 1936 1395 1991 est
1427 1921 1708 2014 Nicetas,
1761 1933 1834 1989 ut
1873 1923 2154 2014 habetur
2192 1924 2359 1989 libro
2395 1921 2495 1989 'Iu
2538 1921 2829 2010 ejusdem
2870 1921 3217 2012 Colloquii,
3259 1928 3470 2014 capite
3502 1928 3611 2011 14,

241 2013 414 2099 apud
493 2013 722 2080 Lucam
805 2013 1248 2079 Dacherium:
1311 2036 1337 2076 ς
1383 2013 1723 2099 Apostolos
1800 2032 1918 2100 nec
1963 2012 2448 2093 fermentatum,
2493 2032 2612 2079 nec
2688 2033 2989 2100 azymum
3064 2012 3359 2081 studiose
3419 2018 3616 2084 nimis

243 2101 664 2187 quaesivisse;
724 2112 787 2168 et
828 2101 1146 2189 quidquid
1193 2102 1270 2167 ad
1342 2120 1574 2189 manus
1625 2099 2103 2181 inveniebatur,
2147 2100 2275 2167 sive
2337 2101 2485 2181 hoc,
2531 2100 2663 2167 sive
2714 2099 2912 2189 illud,
2958 2101 3408 2170 indiﬂerenter
3467 2126 3613 2171 cum

247 2191 588 2256 devotione
626 2188 964 2272 obtulisse,
1004 2189 1362 2256 Romanam
1394 2188 1746 2255 Ecclesiam
1775 2190 2087 2276 paulatim
2137 2191 2412 2255 alterum
2455 2188 2857 2276 deposuisse,
2889 2190 3133 2257 scilicet
3172 2191 3562 2259 fermentum
3596 2217 3611 2274 ;

249 2290 311 2346 et
356 2278 746 2346 Orientalem
794 2299 1059 2366 quoque
1095 2278 1449 2345 Ecclesiam
1498 2297 1795 2365 azymum
1844 2277 2191 2344 dimisisse.
2220 2301 2246 2340 ›
2286 2281 2445 2343 Cum
2489 2278 2698 2364 legem
2740 2280 2861 2345 hac
2891 2279 2969 2345 de
3018 2299 3087 2346 re
3109 2281 3356 2347 nullam
3386 2284 3613 2349 condi-

248 2369 420 2436 derit
458 2367 752 2435 Christus
805 2369 1143 2449 Dominus,
1184 2366 1349 2432 ritus
1391 2366 1551 2432 oriri
1590 2367 1803 2433 varios
1841 2367 2153 2453 potuisse,
2197 2366 2525 2433 fatendum
2561 2377 2677 2433 est.

340 2456 834 2545 Supervacaneo
886 2457 1133 2537 labore,
1185 2466 1256 2521 ut
1295 2456 1461 2521 hanc
1506 2474 1637 2521 non
1680 2467 1929 2546 exstare
1958 2457 2168 2546 legem
2217 2456 2537 2546 ostendat,
2586 2455 3231 2546 animadvertendum
3308 2461 3617 2546 proponit

244 2543 562 2635 Bulgarus
613 2546 1174 2635 archiepiscopus,
1224 2563 1653 2635 nonuomnes
1701 2544 2225 2635 circumstantias
2286 2543 2454 2635 illas,
2507 2545 2749 2631 quibus
2789 2564 3045 2635 Cinnam
3118 2543 3615 2635 suam’pei‘fecit

238 2634 581 2716 Dominus,
629 2636 703 2701 ad
750 2632 1053 2721 praecepti
1099 2633 1226 2699 vim
1262 2632 1468 2719 redigi
1513 2653 1699 2719 posse
1746 2654 1762 2712 ;
1809 2654 1859 2696 v.
1931 2653 1995 2718 g.
2044 2632 2554 2715 discumbentes,
2608 2643 2721 2698 aut
2762 2634 3032 2720 supinos
3071 2635 3292 2717 edere,
3336 2632 3610 2705 similes-

241 2744 395 2811 que.
438 2724 541 2789 Ait
586 2724 776 2790 etiam
819 2744 832 2787 :
888 2723 1246 2789 Verisimile
1282 2742 1430 2802 esse,
1468 2742 1705 2811 panem
1748 2722 1965 2801 illum,
2011 2742 2204 2811 quem
2256 2721 2322 2787 in
2363 2742 2553 2788 suum
2601 2742 2840 2810 corpus
2891 2724 3348 2790 transmutavit
3389 2726 3605 2810 Jesus,

244 2810 503 2878 vilioris
546 2813 888 2901 qualitatis
928 2812 1154 2901 fuisse,
1197 2831 1270 2877 ac
1304 2811 1574 2901 fortasse
1612 2810 2048 2901 hordeaceam.
2106 2810 2230 2901 Res
2269 2811 2354 2876 ita
2398 2830 2465 2877 se
2532 2811 2730 2877 habet
2765 2832 2778 2874 :
2827 2811 3117 2901 adeoque
3163 2815 3241 2878 ad
3311 2813 3611 2883 Ecclesiae

234 2898 693 2969 auctoritatem
744 2911 993 2987 spectat
1039 2899 1563 2967 circumstantias
1605 2898 1905 2980 deﬁnire,
1954 2918 2101 2987 quae
2154 2898 2339 2985 juxta
2376 2920 2731 2987 perennem
2774 2899 3189 2966 traditionem
3270 2913 3381 2968 aut
3420 2904 3610 2971 adia-

231 2991 456 3079 phorce
495 2971 935 3056 existima‘ndae
975 2988 1129 3079 sint,
1158 2988 1427 3079 fautrei
1460 2971 1901 3079 substantiam,
1929 2971 2398 3079 conﬁcientes;
2423 2971 2615 3053 Mulla
2656 3008 2807 3079 vero
2849 2987 3331 3079 Theophylacti
3370 3004 3609 3077 praesto

243 3074 414 3147 ratio
457 3078 676 3156 fuerit,
724 3100 852 3166 qua
887 3077 1237 3166 verisimile
1266 3076 1526 3166 efﬁciat,
1559 3076 2006 3166 hordeaceum
2041 3075 2539 3166 t‘uissegpanem,
2573 3098 2703 3162 quo
2745 3074 3143 3166 Christusin
3183 3074 3617 3148 Eucharistiaa‘

247 3168 655 3235 institutione
698 3163 857 3233 usus
887 3176 1001 3233 est.
1049 3165 1397 3231 Triticeum
1441 3165 1521 3230 ab
1555 3164 1738 3230 initio
1790 3163 2128 3250 religionis
2167 3164 2471 3231 adhibuit
2508 3175 2786 3252 utraque
2827 3164 3158 3231 Ecclesia:
3206 3186 3416 3253 neque
3450 3170 3607 3237 sub-

246 3257 500 3325 tiliores
531 3256 990 3343 theologorum
1020 3254 1098 3321 de
1138 3254 1361 3322 schola
1394 3253 1518 3343 hoc
1565 3253 1686 3343 loci
1718 3253 2058 3341 Opiniones
2098 3254 2175 3318 ad
2207 3273 2473 3319 examen
2512 3254 2815 3343 vocandae
2853 3263 3024 3319 sunt.

336 3344 443 3413 69.
499 3347 653 3423 Quae
693 3341 811 3431 pro
837 3345 1223 3411 fermentato
1255 3361 1421 3430 pane
1454 3341 1743 3431 instruit,
1774 3352 2158 3427 argumenta
2196 3343 2461 3428 profero
2489 3352 2553 3408 et
2570 3342 2791 3409 refello
2823 3363 2836 3406 :
2868 3356 3018 3407 sunt
3033 3343 3207 3409 enim
3235 3344 3553 3413 levissima
3584 3372 3598 3414 :

250 3459 275 3499 ‹
326 3435 624 3501 Fortasse
662 3428 727 3500 et
755 3432 1106 3521 quispiam,
1163 3428 1402 3521 inquit,
1426 3428 1699 3521 audiens
1740 3431 1807 3496 in
1847 3432 2016 3521 libro
2041 3432 2313 3521 Actuum
2355 3432 2799 3517 apostolorum
2825 3450 2995 3521 saepe
3020 3433 3415 3521 mentionem
3458 3436 3603 3503 ﬁeri

239 3524 577 3591 fractionis
607 3519 818 3611 panis,
862 3519 1324 3611 inveniensque
1365 3520 1488 3586 hoc
1532 3519 1705 3611 idem
1749 3530 1812 3586 et
1843 3520 2031 3611 apud;
2059 3519 2359 3611 Paulum,
2391 3521 2581 3587 talem
2622 3521 2821 3611 fuisse
2854 3519 3080 3611 exinde
3123 3523 3387 3608 colligat
3424 3545 3598 3607 eum,

236 3612 355 3701 qui
388 3625 540 3679 tunc
608 3608 880 3699 mystice
917 3608 1622 3701 frangebaturtqualis
1676 3609 1730 3675 is
1768 3609 1883 3701 qui
1958 3608 2037 3674 ad
2078 3608 2437 3696 simplicem
2480 3610 2945 3701 comestionem
3155 3631 3376 3701 mensa
3453 3635 3605 3700 pro-

242 3696 455 3767 stabat
500 3723 513 3766 :
591 3696 907 3767 edebatur
950 3696 1100 3766 vero
1170 3697 1403 3787 procul
1442 3696 1644 3764 dubio
1671 3697 1932 3787 _panis,
1976 3717 2103 3787 non
2146 3717 2457 3785 azymus;
2530 3698 2636 3787 hic
2674 3697 2839 3765 eeim
2908 3696 3301 3787 quibusdam
3373 3696 3605 3770 diebus

244 3812 319 3857 ac
392 3788 719 3880 sacriﬁcio
760 3789 954 3855 unice
1018 3785 1380 3880 destinatus
1437 3796 1598 3853 erat.
1670 3785 1803 3852 Etsi
1878 3807 2027 3880 vero
2068 3785 2208 3880 haec
2272 3786 2675 3880 necessaria”
2714 3806 2846 3880 non
2920 3786 3076 3880 sint,
3114 3808 3265 3880 nam
3311 3789 3601 3880 [XXXV]

241 3892 303 3946 et
387 3878 453 3945 in
492 3881 764 3945 alteram
831 3887 1084 3965 partem
1133 3876 1449 3965 inclinant
1483 3895 1519 3965 :A
1586 3884 1868 3965 attamen
1903 3874 2060 3965 lanx
2110 3878 2277 3965 plus
2336 3875 2498 3965 mihi
2574 3875 2803 3941 tribuit
2845 3896 2861 3955 ;
2907 3874 3083 3961 quod
3138 3877 3224 3965 ad
3269 3874 3604 3946 victoriam

241 3967 395 4034 satis
463 3978 581 4034 est.
639 3991 663 4030 ι
742 3962 1023 4034 Gentiles
1097 3985 1249 4031 suos
1320 3963 1579 4043 refellit,
1652 3963 2025 4030 Michaelem
2097 3962 2532 4045 Cerularium,
2604 3966 2883 4032 Leonem
2953 3964 3421 4049 Achridanum,
3492 3970 3603 4037 Ni-

240 4068 447 4124 cetam
525 4056 935 4124 Pectoratum
1011 4052 1430 4144 monachum,
1475 4051 1741 4144 Petrum
1807 4052 2308 4144 Antiochenam,
2359 4054 2706 4144 aliosque:
2757 4072 3039 4144 quorum
3109 4065 3207 4120 est
3285 4058 3602 4144 opinatio,

236 4165 472 4233 panem
525 4143 1091 4233 fermentatumﬂin
1131 4140 1553 4233 Eucharistiaa
1594 4140 1999 4208 institutione
2044 4141 2415 4233 adhibitum
2460 4164 2495 4208 a
2539 4140 2819 4233 Christo,
2863 4153 2927 4207 et
2965 4141 3141 4209 hunc
3191 4140 3603 4215 solu—mmodo

234 4230 461 4302 verum
503 4234 632 4301 dici
667 4253 921 4323 panem.
970 4231 1118 4299 Haec
1156 4230 1250 4297 illi
1293 4240 1371 4323 _ut_
1409 4240 2143 4323 astruerent,__eno_rmes
2185 4230 2487 4323 invehere
2525 4230 2899 4323 debuerunt
2936 4251 3219 4313 errores,
3264 4246 3377 4300 aut
3415 4236 3601 4302 Chri—

231 4334 412 4390 stum
476 4318 687 4410 legale
724 4321 965 4389 Pascha
1006 4340 1138 4410 non
1188 4319 1603 4410 _celebrasse,
1647 4330 1760 4385 aut
1812 4318 1972 4385 illud
2017 4338 2148 4410 non
2231 4319 2579 4410 perfecisse
2640 4319 2935 4410 legitimo
3002 4328 3317 4407 tempore,
3358 4335 3470 4390 aut
3535 4326 3603 4392 in

230 4432 426 4481 caana
484 4406 675 4498 legali
714 4431 906 4479 usum
947 4430 1079 4477 non
1113 4407 1312 4498 fuisse
1349 4427 1516 4493 pane
1556 4428 1808 4498 az_ymo,
1856 4419 1927 4498 ut
1975 4408 2429 4498 adnotavimus
2472 4427 2653 4498 num.
2713 4406 2822 4498 63.
2865 4406 3202 4498 Peractum
3245 4432 3281 4476 a
3327 4411 3602 4481 Domino

231 4502 443 4586 legale
513 4494 758 4568 Pascha
828 4510 1124 4589 tempore
1183 4496 1389 4589 justo,
1469 4507 1534 4563 et
1624 4494 2246 4589 Euc_haristiam__in
2304 4494 3010 4589 azymis_institutam,
3048 4497 3605 4589 _Theophylactus

230 4583 432 4658 tenet.
525 4589 726 4656 Tenet
798 4583 1020 4670 etiam,
1089 4583 1584 4676 Scripturarum
1640 4586 1810 4676 lpcis
1863 4606 1938 4676 ex
2007 4583 2273 4676 Actibus
2345 4583 2826 4676 apostolorum,
2907 4594 2970 4650 et
3047 4583 3604 4676 Pauli—Epistolis

228 4679 598 4767 desumptis
669 4678 843 4745 haud
918 4673 1285 4747 necessario
1356 4674 1616 4757 confici,
1660 4673 2111 4741 Eucharistam
2190 4673 2257 4739 in
2331 4674 2715 4741 fermentato
2796 4693 2961 4763 pane
3038 4673 3399 4745 celebrasse
3446 4701 3601 4768 apo-

228 4771 463 4837 stolos.

321 4857 473 4925 Suis
542 4865 827 4924 attamen
870 4854 1219 4943 gentilibus
1288 4852 1476 4936 favet,
1555 4875 1582 4915 ι
1637 4852 1810 4933 lanx,
1854 4850 2183 4939 inquiens,
2227 4852 2385 4943 plus
2449 4851 2610 4918 mihi
2651 4851 2905 4943 tribuit,
2957 4877 2995 4943 Δι
3069 4853 3405 4930 Quodnam
3452 4878 3603 4925 vero

229 4946 434 5015 fuerit
473 4940 906 5027 momentum,
942 4946 1123 5033 quod
1170 4945 1420 5033 lancem
1460 4944 1526 5033 in
1566 4951 2033 5033 _tua_m_partem
2081 4942 2586 5027 praeponderare
2620 4941 2918 5033 efficiat?
2956 4940 3023 5007 In
3064 4943 3235 5009 Actis
3274 4949 3603 5031 apostolo-

227 5056 409 5117 rum,
454 5035 667 5123 capite
694 5053 768 5115 ιι,
812 5034 881 5100 ν.
920 5029 1032 5116 4'2,
1077 5033 1307 5123 primi,
1342 5029 1689 5123 Christiani
1733 5030 2046 5123 dicuntur
2080 5040 2567 5123 perseverantes
2717 5031 3010 5123 doctrina
3046 5029 3505 5119 apostolorum,
3547 5046 3605 5105 et

225 5117 682 5192 communione
732 5117 1098 5210 fractionis'
1140 5122 1365 5210 panis,
1444 5126 1512 5196 τῇ
1566 5118 1749 5210 κλάσει
1806 5142 1857 5210 rc

1971 5117 2143 5196 Ξέρξου.
2195 5118 2402 5210 Paria
2469 5118 2783 5210 adhibent
2825 5119 3020 5186 verba
3062 5117 3494 5208 evangelista!
3536 5126 3603 5193 in

222 5212 653 5281 eucharistici
733 5207 1025 5301 mysterii
1103 5207 1557 5301 institutione}
1607 5208 1849 5301 Accepit
1909 5207 2118 5288 Jesus,
2191 5208 2650 5301 inquiensr,_=bv
2695 5208 3169 5301 ipsovaanem,
3212 5207 3267 5278 et
3350 5214 3603 5282 benedi-

221 5324 388 5386 cens,
434 5303 665 5391 fregit,
710 5296 896 5391 ἕξλᾶεῖε
934 5325 948 5372 ς
995 5301 1109 5389 qui
1156 5300 1370 5391 panis,
1418 5308 1489 5365 ut
1524 5296 1663 5391 ipse
1697 5298 1944 5391 doees,_
1973 5298 2423 5391 azymusgfuit.
2456 5297 2577 5391 Ait
2630 5296 3103 5391 etiamuPaulus
3148 5306 3489 5391 apostolus
3534 5305 3604 5372 in

220 5384 513 5481 Epistola
543 5384 569 5457 Ῑ
613 5392 691 5457 ad
728 5384 1102 5457 Corinthios
1142 5384 1352 5476 capite
1389 5409 1451 5466 χ,
1488 5384 1673 5452 v.16
1704 5406 1717 5450 :
1762 5386 1852 5453 Pa

1973 5411 1975 5421 ’
2012 5406 2201 5472 quem
2239 5387 2638 5473 frangimus,
2681 5390 2772 5441 τὸν
2824 5384 2976 5464 ἄρτον
3009 5390 3063 5443 ὃν
3113 5384 3347 5465 κλῶμεν,
3396 5415 3605 5461 nonne

551 5586 844 5649 ΡΑτιοι..
876 5585 989 5647 Gn.
1024 5580 1296 5646 CXXIII.
1592 5626 1595 5629 ς

3221 5585 3277 5646 3.
