4082 6258
452 351 526 410 75
1377 352 1603 414 BERN.
1652 353 1915 414 MARLE
1959 353 2055 415 DE
2100 352 2375 414 RUBEIS
2422 351 2922 414 DlSSERTATIO
3756 350 3828 413 76

443 486 858 576 participatio
897 487 1175 576 corporis
1202 485 1493 576 Δ(ινιγίδῇ
1528 486 1681 576 est?
1740 484 1861 553 Sed
1903 486 2133 554 eodem
2176 486 2367 553 modo
2414 486 2587 553 idem
2663 486 3005 576 Apostolus
3046 484 3254 572 capite
3287 507 3406 576 VXI,
3457 506 3513 550 ν.
3564 482 3676 559 Q4.
3720 483 3813 576 ait

453 572 784 643 Chrtstum
807 572 1169 641 instituisse
1201 572 1707 656 Eucharistiam,
1738 576 2150 662 accipientem
2170 597 2431 663 panem,
2455 584 2511 641 et
2536 575 2788 662 gratias
2816 582 3134 661 agentem,
3163 584 3227 640 et
3258 575 3690 660 frangentem,
3720 572 3827 628 ἕλα-

458 664 760 753 6εν-ᾇρτον,
798 666 886 718 καὶ
920 666 1313 753 εὔχαρι-στήσας
1346 662 1535 753 ἒιλαςτε
1573 683 1588 738 ;
1619 684 1815 752 quem
1872 675 1943 731 tu
1991 685 2068 753 pa

1346 662 1535 753 ἔκλαςτε
1573 683 1815 752 ;quem
1872 675 1943 731 tu
1991 662 2223 753 panem
2269 664 2577 747 intelligis
2616 683 2938 753 azymum.

542 751 722 819 Vetat
803 771 953 817 vero
1029 750 1217 830 nihil,
1269 750 2010 840 quominus'communi
2081 752 2145 819 in
2209 753 2630 832 comestione,
2676 750 2786 816 ubi
2860 751 3251 820 sacriﬁcium
3314 751 3816 840 eucharisticum

455 840 677 929 peragi
726 840 1156 930 contingeret,
1192 837 1384 908 modo
1447 841 1635 930 panis
1676 841 2108 908 fermentatus
2152 841 2581 919 inveniretur,
2610 840 2822 930 modo
2864 862 3156 930 azymus,
3198 851 3272 906 ut
3349 839 3602 930 Nicetes
3639 837 3823 905 Nico-

456 928 802 998 mediensis
845 928 1084 1019 aiebat,
1136 939 1333 1019 prout
1371 928 1704 1018 hospitum
1771 940 1883 997 aut
1932 931 2412 998 comedentium
2471 928 2717 997 ferebat
2764 928 3101 1019 voluntas,
3150 929 3666 1019 exposcebatque
3703 938 3822 1019 aut

461 1040 602 1087 sors
642 1038 872 1086 eorum
907 1016 1280 1100 mediocris,
1325 1030 1438 1086 aut
1476 1016 1882 1086 consuetudo
1935 1019 2299 1101 delicatior,
2344 1030 2457 1085 aut
2496 1018 2810 1105 temporis
2847 1020 3353 1086 circumstantia.
3392 1016 3563 1083 Nihil
3633 1016 3823 1083 etiam

460 1118 630 1176 vetat
703 1106 1059 1196 quominus
1126 1107 1205 1174 ad
1256 1108 1567 1196 exempli
1636 1106 1879 1174 Christi
1962 1108 2646 1175 commemorationem
2731 1127 2995 1195 azymus
3069 1107 3254 1196 panis
3331 1109 3411 1172 ad
3488 1125 3829 1171 consecra-

461 1197 707 1263 tionem
740 1194 1109 1285 ﬂaﬂ‘eretur,
1155 1195 1271 1283 qui
1317 1194 1537 1263 subito
1608 1196 1826 1284 parari
1873 1206 2152 1285 poterat,
2217 1217 2291 1263 ac
2332 1195 2527 1262 veluti
2590 1217 2663 1263 ex
2724 1194 3038 1284 tempore.
3072 1194 3086 1196 “
3114 1196 3511 1285 Utrumque
3548 1213 3830 1285 namque

460 1305 661 1353 sacrae
732 1282 1085 1371 Scriptura:
1129 1282 1384 1372 panem,
1450 1282 1631 1364 ἄρτονξ
1672 1282 1925 1352 vocant.
1978 1284 2128 1352 Haec
2206 1306 2382 1366 vero,
2455 1304 2599 1372 quae
2672 1304 2791 1351 nos
2859 1282 3141 1351 attamen
3215 1285 3281 1350 in
3344 1282 3559 1372 medio
3629 1284 3828 1349 relin-

460 1374 754 1462 quimus,
799 1374 956 1440 satis
994 1371 1171 1452 sunt,
1229 1385 1302 1441 ut
1337 1374 1726 1454 innotescat,
1770 1393 1896 1440 non
1934 1374 2183 1441 lancem
2222 1374 2374 1462 plus
2397 1371 2683 1440 tribuere
2710 1372 2949 1440 Graecis
2987 1394 3183 1462 quam
3228 1371 3491 1462 Latinis.

554 1486 582 1528 ‹
628 1465 707 1528 At
748 1463 923 1549 quod
964 1463 1173 1549 magis
1206 1464 1601 1549 persuadere
1644 1474 1703 1529 te
1755 1462 1943 1529 debet
1985 1462 2101 1534 (ait
2138 1458 2681 1549 Tli—eophylactus)
2722 1474 2819 1528 est
2860 1458 3208 1529 multitudo
3247 1460 3671 1549 Orientalium
3717 1458 3826 1525 Dei

461 1554 899 1631 sacerdotum,
981 1561 1044 1618 et
1088 1548 1409 1619 ’Ecdesiae
1456 1550 2067 1638 Hierosolymitanze
2133 1548 2444 1636 dignitas.
2519 1549 2697 1617 Adde
2760 1550 2974 1633 ludos,
3021 1550 3383 1638 ZEthiopes,
3453 1548 3829 1637 Egyptum,

459 1639 674 1728 Libyae
722 1650 964 1727 partes.
1014 1663 1041 1703 ι
1086 1640 1554 1708 Auctoritatem
1592 1650 1656 1707 et
1698 1661 1915 1707 mores
1976 1638 2399 1728 Orientalium
2445 1638 2965 1728 Christianorum
3025 1661 3149 1705 non
3194 1638 3633 1728 despicimus:
3711 1658 3829 1704 cur

458 1726 608 1795 vero
674 1726 741 1794 tu
790 1748 1005 1795 mores
1078 1741 1140 1795 et
1180 1728 1634 1816 auctoritatem
1702 1727 2212 1796 Octidentalium
2252 1726 2714 1816 Ecclesiarum,
2768 1729 3173 1816 maximeque
3212 1726 3517 1794 Romarw
3561 1727 3831 1814 insuper

456 1816 658 1886 habes
694 1816 726 1881 ?
782 1816 926 1883 Jam
984 1816 1463 1896 adnotavimus,
1526 1814 1886 1886 Orientales
1959 1816 2131 1884 inter
2192 1826 2256 1901 et
2314 1814 2787 1896 Occidentales,
2832 1814 3081 1884 saeculo
3144 1816 3447 1883 Ecclesiae
3516 1817 3830 1892 secundo,

454 1906 704 1974 Aniceti
752 1926 937 1993 papae
979 1915 1273 1995 tempore
1320 1927 1395 1973 ac
1434 1906 1772 1996 Polycarpi
1809 1904 2295 1996 Smyrnaeorum
2339 1905 2659 1996 episcopi,
2704 1916 2841 1996 tum
2877 1908 2964 1996 de
2998 1904 3514 1996 Paschatettum
3555 1903 3635 1996 de
3680 1905 3828 1996 qui-

458 1997 734 2062 busdam
754 1992 918 2061 aliis
961 1992 1221 2085 ritibus,
1270 2016 1344 2062 ac
1392 1992 1675 2085 sanefde
1704 1992 1872 2083 pane
1914 1992 2492 2085 eurcharistico,_ut
2530 1992 3076 2085 verisimillimum
3124 2006 3265 2085 est,_
3288 1993 3571 2085 aliquam
3602 1992 3827 2085 fuisse,

455 2094 616 2151 teste
684 2085 955 2172 Irenaeo,
1000 2082 1294 2171 ejusdem
1359 2084 1578 2151 saeculi
1647 2082 1864 2172 Patre,
1906 2084 2369 2151 differentiam.
2420 2083 2599 2150 Ilanc
2638 2084 2895 2152 silentio
2950 2083 3189 2172 premit
3231 2083 3568 2172 Bulgarus
3612 2082 3831 2148 archiL

455 2173 824 2261 episcopus.
900 2170 1129 2249 Quid?
1172 2173 1347 2261 quod
1416 2173 1683 2239 Michael
1754 2171 2129 2239 Cerularius
2169 2172 2235 2239 in
2300 2172 2809 2261 epistolarcitata
2863 2170 3246 2241 ad'Petrum
3324 2170 3825 2261 Antiochenum,

453 2282 635 2328 num.
684 2260 791 2328 Χ.
864 2262 1083 2340 refert,
1138 2285 1165 2325 ‹
1196 2260 1277 2328 εει
1321 2261 1670 2349 audivisse,
1720 2261 1895 2349 quod
1936 2262 2225 2349 praedicti
2257 2261 2388 2328 duo
2428 2260 2815 2349 patriarchae
2861 2262 3357 2346 (Alexandrinus
3397 2260 3825 2349 etiJerosoly-

454 2351 764 2436 mitanus)
846 2370 978 2416 non
1019 2351 1227 2416 solum
1274 2348 1435 2439 alios
1509 2348 1757 2439 azymis
1794 2348 2122 2418 vescentes
2190 2348 2516 2439 recipiunt
2559 2371 2571 2416 :
2618 2351 2727 2417 scd
2773 2350 3000 2439 et_ipsi
3073 2350 3429 2439 aliquando
3468 2348 3534 2414 in
3582 2348 3827 2439 azymis

456 2460 713 2507 sacrum
791 2438 1145 2505 conﬁciunt
1192 2437 1616 2507 sacrificium}
1652 2462 1680 2503 ι
1763 2439 1892 2506 Leo
1970 2439 2165 2507 etiam
2212 2438 2628 2507 Achridanus
2704 2439 2769 2505 in
2817 2437 3227 2526 Fragmentis
3268 2438 3437 2526 apud
3518 2438 3828 2505 Allatium

450 2524 621 2595 libro
678 2547 755 2594 ιιι
824 2527 916 2594 De
963 2528 1391 2609 consensione,
1441 2527 1650 2615 capite
1716 2526 1825 2609 i4,
1870 2526 1988 2610 ait,
2043 2551 2070 2591 ‹
2118 2530 2432 2595 Armenos
2491 2537 2553 2595 et
2592 2524 3123 2617 Egyptios'cum
3171 2524 3411 2617 Judéis
3485 2527 3836 2617 cpnvenire

456 2627 724 2706 propter
776 2618 1168 2706 oblationem
1211 2614 1589 2706 azymoeum
1636 2637 1648 2681 :
1699 2640 1727 2680 ι
1797 2638 1929 2705 qua
1968 2618 2047 2686 de
2092 2638 2165 2685 re
2233 2617 2370 2705 agit
2412 2614 2901 2684 accuratissime
2970 2616 3341 2706 Lequienus
3378 2616 3442 2682 in
3512 2614 3831 2682 Disserta-

453 2704 630 2773 tion‘e
671 2706 844 2773 inter
877 2704 1395 2788 Damascenicas,
1440 2705 1533 2772 De
1569 2704 1837 2792 azymis.

544 2795 809 2861 Factum
857 2795 1069 2862 refero
1136 2815 1281 2883 ego,
1326 2795 1501 2881 quod
1534 2812 1815 2883 narrant
1865 2795 2245 2883 Cerularius
2292 2805 2355 2863 et
2431 2793 2886 2883 Achridanusr:
2954 2794 3103 2883 hinc
3139 2813 3292 2861 vero
3358 2793 3633 2883 deducta
3676 2813 3826 2883 enm

452 2884 705 2973 Iudaeis
750 2882 1214 2973 convenientia,
1263 2882 1589 2973 calumnia
1626 2893 1745 2950 est.
1800 2907 1827 2947 ‹
1874 2882 2184 2973 Alioquin
2222 2883 2275 2951 si
2319 2902 2545 2970 azyma
2600 2882 2963 2973 (inquiebat
3008 2882 3403 2973 l‘lumbertus
3441 2882 3821 2973 cardinalis,

451 2972 682 3041 Leonis
758 2972 835 3039 1X
897 2973 1177 3059 legatus)
1243 2993 1360 3061 per
1421 2971 1750 3040 Christum
1792 2984 1867 3061 et
1932 2971 2076 3061 ejus
2142 2972 2573 3061 Evangeliume
2601 2971 2873 3061 fuerunt
2933 2972 3296 3061 maledicta,
3340 2971 3688 3061 reprobate
3757 2984 3825 3037 et

451 3061 760 3129 derelicta
804 3083 820 3142 ;
866 3072 924 3128 et
965 3063 1110 3129 ideo
1166 3059 1469 3150 deinceps
1509 3081 1640 3127 non
1703 3059 1980 3128 debeant
2019 3060 2240 3128 offerri
2305 3059 2373 3127 in
2411 3059 2732 3150 sacrificio
2802 3060 3085 3143 Domini,
3136 3062 3293 3150 quia
3338 3059 3457 3149 per
3536 3060 3822 3150 Moysem

450 3152 804 3218 constituta
880 3162 1039 3239 sunt
1091 3150 1335 3218 Judaeis
1377 3148 1415 3216 :'
1468 3150 1735 3239 scia_tus,
1778 3171 1897 3239 per
1937 3151 2218 3239 Moysem
2281 3169 2546 3239 quoque
2582 3148 3046 3239 fermentatum
3085 3148 3515 3239 constitutum
3574 3148 3825 3239 Judaeis

452 3239 648 3306 Levit.
695 3259 804 3321 vn,
848 3259 907 3305 v.
964 3236 1077 3321 13,
1116 3252 1179 3306 et
1216 3259 1395 3320 χχιιι,
1440 3260 1500 3304 v.
1550 3236 2226 3327 lina—Quapropter
2265 3236 2320 3306 si
2362 3259 2401 3305 a
2442 3236 2632 3304 nobis
2662 3258 2791 3305 non
2832 3238 3069 3306 debent
3109 3238 3327 3306 afferri
3372 3258 3622 3326 azyma,
3663 3238 3828 3324 quia

453 3328 731 3394 Mosaica
780 3339 983 3394 sunt:
1038 3349 1158 3395 nec
1197 3349 1235 3395 a
1293 3326 1474 3395 vobis
1516 3326 1756 3393 debent
1823 3326 2045 3395 offerri
2089 3328 2479 3395 fermentum
2523 3338 2586 3392 et
2647 3327 2765 3408 sal,
2818 3327 2972 3414 quia
3014 3348 3199 3413 aeque
3244 3327 3519 3394 Mosaica
3583 3338 3825 3394 sunt...

453 3417 768 3505 Azymum
845 3416 1370 3506 Christianorum
1440 3417 1634 3506 longe
1699 3416 1895 3483 distat
1969 3415 2049 3483 ab
2113 3415 2800 3506 azymoicarnalium
2847 3416 3254 3506 Judaeorum,
3307 3436 3471 3506 quos
3506 3414 3835 3506 [XXXVI]

454 3503 876 3574 adiumbram
917 3505 1205 3571 veritatis
1256 3504 1717 3571 observandam
1759 3514 1823 3571 et
1866 3503 2251 3593 captandam
2295 3505 2434 3572 sola
2501 3503 2847 3591 promissio
2885 3514 3159 3573 terrenae
3233 3505 3555 3573 felicitatis
3597 3503 3840 3572 invita;

452 3595 566 3661 bat
605 3615 617 3659 :
663 3614 782 3660 nos
817 3614 967 3660 vero
1009 3615 1248 3681 corpus
1272 3592 1565 3683 veritatis
1607 3614 1682 3659 ex
1722 3592 1961 3683 azymo
1990 3604 2053 3662 et
2092 3593 2159 3683 in
2198 3614 2423 3683 azymo
2462 3594 2590 3661 rite
2626 3606 3008 3661 venerantes
3046 3606 3242 3682 atque
3280 3593 3663 3673 retinentes,
3710 3613 3837 3661 ore

452 3694 517 3751 et
554 3683 748 3749 corde
792 3693 1263 3770 praegustamus
1292 3682 1456 3770 jam,
1493 3702 1689 3769 quam
1737 3682 1950 3771 suavis
1993 3693 2089 3750 est
2126 3682 2486 3762 Dominus;
2532 3702 2737 3749 unum
2785 3693 3076 3770 petentes
3114 3684 3195 3750 ab
3236 3684 3403 3771 ipso,
3448 3693 3512 3749 et
3545 3682 3665 3749 hoc
3712 3702 3827 3750 re-

453 3772 816 3860 quirentes,
856 3783 935 3860 ut
961 3791 1334 3838 maneanus
1376 3771 1441 3836 in
1485 3791 1588 3853 eo,
1637 3782 1700 3860 et
1741 3770 1877 3859 ipse
1918 3770 1986 3838 in
2024 3771 2217 3839 nobis
2257 3772 2324 3838 in
2389 3780 2734 3860 aeternum.
2771 3795 2798 3835 ι
2847 3773 3044 3839 Multa
3117 3771 3196 3860 in
3225 3792 3390 3839 nova
3429 3771 3569 3858 lege
3631 3791 3840 3838 usur-

500 3860 622 3940 ari,
656 3881 802 3947 qua
835 3859 915 3948 in
964 3860 1163 3927 veteri
1212 3871 1424 3939 erant,
1464 3859 1881 3948 perspicuum
1915 3871 2059 3928 est:
2103 3863 2215 3929 sed
2266 3880 2397 3927 non
2432 3859 2661 3948 eodem
2696 3859 2849 3941 fine,
2896 3860 3051 3948 quia
3091 3859 3409 3948 quidquid
3453 3862 3533 3927 ad
3574 3861 3836 3928 cultum

510 3948 565 4014 ei
609 3961 789 4015 vetus
828 3947 935 4037 ille
974 3947 1544 4037 populusroelitus
1575 3960 1937 4035 acceperat,
1980 3951 2059 4016 ad
2101 3970 2336 4017 novum
2396 3969 2511 4036 per
2547 3947 2876 4015 Christum
2918 3947 3302 4015 translatum
3348 3960 3445 4016 est
3487 3970 3502 4015 :
3553 3948 3634 4013 ab
3674 3970 3833 4016 um-

458 4039 574 4103 bra
620 4039 697 4103 ad
736 4036 1097 4119 veritatem,
1136 4060 1171 4104 a
1234 4036 1436 4124 signis
1484 4038 1564 4103 ad
1622 4058 1752 4120 res,
1790 4058 1828 4104 a
1867 4038 2103 4107 timore
2133 4040 2213 4107 ad
2251 4058 2569 4117 amorem,
2606 4059 2643 4104 a
2683 4038 2993 4105 servitute
3039 4038 3119 4106 ad
3165 4038 3556 4119 libertatem,
3599 4057 3636 4103 a
3674 4038 3843 4106 filiis

458 4126 572 4192 irae
608 4126 687 4192 ad
717 4124 886 4192 ﬁlios
925 4127 1173 4213 gratiae.

554 4214 755 4304 (Sed
834 4227 898 4281 et
935 4214 1421 4283 Corinthiorum
1495 4214 1797 4283 Ecclesiae
1872 4236 2105 4304 panem
2173 4215 2541 4297 considera,
2594 4235 2790 4301 quam
2842 4236 2995 4282 sane
3039 4234 3169 4281 non
3235 4214 3596 4304 accusabis,
3639 4218 3843 4304 quasi

461 4302 841 4371 traditiones
881 4324 1011 4370 non
1052 4316 1413 4372 versantem
1464 4326 1478 4370 :
1561 4304 1614 4371 is
1674 4302 1893 4387 enim,—
1921 4307 2030 4393 qui
2100 4304 2468 4372 traditionis
2511 4314 2604 4393 es}
2646 4315 2876 4393 auctor
2939 4304 3295 4392 (apostolus
3335 4302 3634 4393 Paulus),
3661 4302 3835 4374 eam

458 4403 527 4482 ut
574 4404 935 4460 servantem
1017 4394 1572 4461 commendavit...
1647 4394 1871 4476 Audis,
1914 4390 2046 4462 non
2116 4395 2370 4473 dubito,
2417 4402 2481 4459 et
2553 4390 2789 4482 Sardos
2860 4390 3032 4475 tuos,
3078 4392 3837 4482 testimonium__perhi-

459 4481 697 4571 bentesr
743 4494 986 4571 econtra
1062 4503 1438 4571 azymorum
1508 4482 1929 4551 oblationem.
1985 4508 2011 4547 ι
2102 4483 2293 4550 Panis
2339 4481 2707 4571 fermentati
2785 4502 2976 4548 usum
3046 4502 3329 4571 agnosco
3403 4483 3475 4547 in
3548 4480 3847 4552 Ecclesia

460 4569 952 4662 Corinthiorum
1003 4592 1016 4636 :
1058 4568 1668 4662 ritumeazymorum
1717 4572 1798 4638 ab
1854 4571 1961 4662 iis,
2008 4573 2123 4659 qui
2194 4591 2355 4662 eam
2385 4568 2952 4662 administrarunt,
2989 4568 3393 4662 sapientibus
3431 4571 3842 4640 antistitibus

461 4658 805 4746 rejectum,
872 4681 1149 4745 eamque
1227 4660 1310 4727 ob
1371 4657 1632 4727 causam
1710 4657 2139 4746 reprehensos
2211 4658 2656 4728 Occidentales
2727 4678 2855 4725 non
2933 4660 3167 4727 habeo.
3234 4657 3607 4727 Servantem
3684 4681 3841 4729 eam

462 4749 853 4837 traditiones
904 4749 1127 4815 laudat
1190 4749 1886 4837 Apostolustquidni
1960 4770 2109 4816 vero
2179 4747 2411 4837 primis
2493 4747 2898 4837 temporibus
2967 4769 3085 4836 pro
3151 4748 3527 4837 traditione,
3569 4763 3848 4837 accepta

463 4837 751 4928 oblatum
813 4836 1341 4928 fueritcorpus
1377 4836 1801 4928 Dominicumf
1853 4837 1919 4904 in
1959 4835 2198 4928 azymoi
2253 4835 2629 4928 aliquando,
2672 4835 2830 4903 alias
2869 4836 2936 4903 in
2971 4835 3362 4905 fermentato
3400 4836 3431 4901 ‘l
3470 4835 3848 4928 Quodnam

464 4926 559 5015 sit
612 4927 770 4993 illud
812 4925 1117 4995 Ecclesiae
1157 4924 1596 4993 Sardiniensis
1660 4924 2108 4995 testimonium
2149 4937 2377 4994 contra
2424 4924 2822 4992 oblationem
2886 4946 3291 5015 azymorum,
3339 4926 3615 5015 probata
3658 4928 3853 4996 nulla

469 5014 663 5080 refert
694 5015 993 5082 historia.

550 5101 886 5192 Currvero
928 5102 1417 5171 Corinthiorum
1493 5102 1799 5171 Ecclesiae
1836 5116 1900 5173 et
1956 5104 2257 5173 Ecclesiae
2314 5103 2674 5192 Sardorum
2721 5103 3072 5192 specialem
3146 5104 3403 5191 ingerat
3442 5103 3853 5174 mentionem

471 5189 1045 5281 Theophylactus‘l
1088 5192 1374 5281 Causam
1447 5204 1601 5278 puto
1646 5213 1750 5261 me
1794 5193 2394 5281 comprehendisse.
2459 5191 2701 5279 Nempe
2741 5189 2951 5260 canon
3021 5204 3120 5261 est
3155 5189 3502 5259 Trullanus
3553 5192 3631 5259 11
3707 5214 3857 5281 quo

465 5280 761 5371 eavetur,
798 5301 973 5371 _«_ne
1014 5280 1239 5371 fideles
1276 5280 1651 5349 Judaeorum
1716 5280 2354 5371 azymaicomedant,
2398 5302 2514 5347 nec
2559 5281 2752 5371 ullam
2811 5302 2971 5371 cum
3019 5281 3109 5349 eis
3157 5282 3664 5350 familiaritatem
3710 5280 3839 5350 ha-

464 5369 682 5447 beant,
720 5369 810 5435 vel
861 5368 926 5435 in
1006 5370 1252 5435 morbis
1324 5390 1434 5437 eos
1499 5368 1855 5442 accersan't.
1910 5398 1935 5437 ο
1986 5373 2169 5440 Hunc
2243 5389 2587 5448 canonem,
2631 5369 2821 5435 veluti
2888 5371 3223 5437 conditum
3281 5392 3318 5437 a
3361 5374 3611 5459 synodo
3650 5384 3842 5444 sexta
