4132 6262
316 352 390 412 '77
868 358 875 365 ’
1123 356 1216 416 DE
1261 352 1855 417 THEOPHYLACTI
1898 347 2165 413 GESTIS
2210 348 2305 409 ET
2352 349 2692 413 SCRIPTIS
3623 356 3701 419 78

310 484 741 578 oecumenica,
761 484 898 571 jam
935 485 1087 551 olim
1131 504 1495 573 opposuere
1537 481 1737 578 Graeci
1768 495 2028 578 _contra
2068 483 2575 578 eucharisticum
2624 482 3003 578 [latinorum
3043 486 3241 578 ritum
3289 512 3301 555 :
3351 489 3699 578 eidemque

310 572 766 660 auctoritatem
824 572 1296 640 arcessuntiex
1343 572 1688 660 praesentia
1766 574 2128 660 legatorum
2177 572 2348 646 sedis
2413 572 2786 660 apostolicae
2828 573 3159 658 Romanae,
3201 572 3697 646 Corinthiorum

309 659 614 751 episcopi,
655 671 713 729 et
748 663 1026 751 episcopi
1099 659 1397 751 Ecclesiae
1437 662 1510 727 in
1538 662 1780 751 insula
1839 659 2209 734 Sardiniae.
2256 664 2330 728 At
2408 659 2622 728 fabula
2666 661 2828 751 hinc
2867 674 2987 745 est,
3033 666 3255 733 multis
3324 688 3400 734 ex
3446 668 3695 735 fabellis

316 749 627 831 conﬁcta,
693 749 790 818 uti
836 749 979 819 moi
1046 752 1275 817 latiore
1322 750 1666 817 dicendum
1746 763 1838 818 est
1893 755 2209 823 oratione.
2263 751 2355 817 Ad
2412 751 2577 817 hanc
2626 749 2767 817 sine
2813 751 3014 820 dubio
3075 754 3409 824 alludebat
3482 756 3695 824 Theo-

318 836 681 926 phylactus.
798 839 1062 907 Interim
1146 860 1293 906 vero
1335 859 1683 926 germanus
1783 840 1959 907 allati
2037 843 2304 913 canonis
2383 859 2612 907 sensus
2688 839 2955 907 minime
3048 843 3349 910 sacriﬁcii
3455 845 3696 913 eucha-

318 925 524 1027 ristici
578 928 775 995 ritum
848 938 1119 1018 spectat,
1200 927 1308 995 sed
1349 925 1903 996 communionem
1968 943 2031 999 et
2090 933 2460 1001 societatem
2548 948 2698 996 cum
2772 927 3014 997 Judaais
3092 931 3426 1001 interdicit
3511 933 3697 1001 Chri-

317 1025 529 1083 tinnis.

409 1101 516 1169 70.
574 1103 885 1198 Sequitur
934 1104 1263 1198 jejunium
1310 1102 1597 1198 Sabbati,
1642 1105 1907 1198 dequo
1958 1107 2419 1198 Theophylacti
2460 1106 2597 1171 haec
2644 1117 2741 1171 est
2788 1106 3107 1198 sententia
3152 1129 3166 1173 :
3221 1132 3248 1172 ι
3286 1108 3347 1176 Si
3411 1120 3697 1178 vestrum

316 1192 516 1259 etiam
558 1196 627 1261 in
671 1192 949 1261 Sabbato
970 1192 1309 1282 jejunium
1349 1192 2030 1284 _severiusrdiscutere
2100 1192 2289 1266 nobis
2332 1196 2585 1275 liceret,
2630 1194 3124 1262 ostenderemus
3172 1198 3467 1284 profecto
3534 1200 3696 1268 illud

317 1300 531 1377 neque
560 1280 1045 1377 _aposto_lor_ufn_,
1097 1303 1307 1370 neque
1348 1280 1612 1348 Patrum
1661 1283 1972 1377 doctrinae
2012 1307 2150 1377 esse
2191 1294 2730 1377 consentaneum:
2768 1284 3055 1377 Apostoli
3092 1280 3320 1352 contra
3399 1308 3537 1377 eos,
3580 1287 3695 1377 qui

316 1368 653 1438 Dominica
715 1374 810 1438 vel
881 1368 1368 1461 Sabbato,'uno
1415 1381 1703 1461 excepto,
1739 1370 2067 1461 jejunant,
2109 1376 2494 1453 decernunt,
2548 1371 2601 1436 si
2650 1370 2796 1437 laici
2834 1368 3029 1454 'sunt,
3073 1368 3694 1444 excommunicatio-

312 1478 491 1542 nem,
550 1462 603 1527 si
655 1461 899 1554 clerici,
964 1459 1739 1554 depositionem._N_eque
1811 1459 1965 1528 vero
2037 1463 2414 1554 illegitimos
2451 1462 2618 1554 istos
2682 1480 2964 1554 canones
3029 1461 3481 1554 judicaveris:
3530 1488 3696 1554 quos

314 1560 491 1614 sexta
549 1550 837 1637 synodus
883 1559 1185 1616 venerata
1229 1556 1368 1638 est,
1394 1548 1498 1638 cui
1539 1548 1848 1638 dogmata
1918 1548 2233 1620 sancienti
2274 1550 2467 1638 legati
2526 1548 2720 1638 vestri
2762 1549 3120 1635 Agathonis
3187 1548 3627 1621 interfuerunt
3671 1579 3688 1638 ;

315 1636 603 1730 canones
645 1650 886 1730 autem
962 1637 1186 1730 ferenti
1260 1636 1468 1730 adfuit
1534 1636 1846 1730 incitatore
1906 1638 2183 1709 Basilius
2252 1636 2413 1707 adeo
2490 1637 2816 1730 assiduus,
2859 1648 2932 1704 ut
2973 1640 3159 1730 nulli
3202 1636 3694 1730 congregationi

323 1728 461 1819 (aut
502 1726 772 1794 sessioni
838 1726 899 1792 in
969 1726 1219 1819 synodo
1260 1728 1457 1819 sexta}
1539 1737 1775 1819 nostrae
1814 1728 2334 1819 deeseset.Verum
2376 1738 2440 1795 et
2511 1724 2887 1819 Laodicenae
2938 1729 3166 1819 synodi
3242 1724 3488 1810 Patres,
3529 1754 3695 1819 quos

316 1813 512 1881 etiam
583 1827 755 1882 sexta
804 1814 1090 1903 synodus
1135 1834 1405 1903 summo
1432 1814 1497 1879 in
1579 1814 1825 1882 honore
1873 1816 2125 1901 habuit,
2171 1824 2527 1885 sanxerunt
2590 1814 2655 1880 in
2703 1813 3209 1902 Quadragesima
3260 1838 3393 1885 non
3471 1813 3694 1887 oﬁ‘erri

316 1902 1076 1997 panem,_praaterquam
1124 1903 1188 1969 in
1262 1902 1544 1969 Sabbato
1593 1914 1657 1969 et
1723 1903 2059 1973 Dominiea
2098 1929 2113 1987 ;
2185 1907 2362 1997 quod
2404 1924 2557 1973 sane
2597 1923 2727 1970 non
2793 1907 3187 1988 statuissent,
3239 1909 3293 1974 si
3337 1906 3691 1976 Sabbatum

305 1990 542 2079 jejunii
584 1992 754 2059 diem
799 1990 1273 2077 cognovissent.
1320 2015 1346 2055 ι
1399 2001 1519 2058 etc.

410 2082 654 2149 Mendis
702 2103 775 2149 ac
842 2080 1090 2149 fabellis
1128 2080 1267 2147 haec
1316 2089 1536 2169 scatet
1609 2084 2118 2167 argumentatio.
2188 2083 2482 2150 Fabellas
2521 2090 2743 2169 postea
2805 2079 3039 2167 adjecit
3089 2083 3248 2150 alias
3324 2084 3688 2169 Balsamon,

314 2169 876 2260 Schismaticcrum
926 2181 1265 2256 patronus,
1312 2168 1948 2260 in_Nomocanonem
1998 2171 2262 2239 Photii:
2320 2168 2646 2260 praedictis
2689 2170 3056 2260 canonibus
3112 2192 3410 2240 asserens
3464 2198 3490 2237 α
3536 2176 3688 2243 sub-

316 2259 663 2348 scripsisse,
705 2259 1143 2348 Ravennatem
1199 2257 1561 2348 antistitem
1602 2258 1832 2348 synodi
1882 2259 2188 2327 Romana
2240 2257 2811 2348 vicemgerentem,
2859 2270 2921 2348 et
2940 2258 3299 2348 episcopos
3345 2260 3689 2331 Thessalo-

522 2358 607 2441 _et
644 2347 981 2441 Sardiniae,
1050 2346 1375 2414 Heracleae
1420 2356 1484 2414 et
1521 2345 1836 2413 Corinthi.
1889 2348 2001 2435 qui
2068 2360 2223 2417 tunc
2263 2345 2684 2434 erantlegati
2737 2345 3088 2434 pontiﬁcis.
3142 2345 3686 2441 {Theophylacti

317 2435 489 2524 dicta
510 2436 647 2524 jam
682 2458 840 2503 voco
881 2436 959 2502 ad
1001 2455 1293 2502 examen.

403 2522 527 2590 7t.
565 2524 839 2592 Causam
884 2524 1113 2614 incipit
1151 2543 1474 2614 perorare
1500 2524 2073 2614 pseudepigrapho
2115 2535 2563 2605 monumento,
2607 2523 2938 2614 quodest
2976 2544 3185 2614 canon
3226 2524 3311 2593 65
3369 2527 3540 2595 inter
3580 2551 3690 2597 eos

364 2613 428 2679 ui
503 2614 971 2703 Apostolorum,
1023 2613 1390 2703 dicuntur._
1424 2611 1793 2703 _Peritiore’s
1832 2611 2108 2702 quique
2185 2614 2304 2681 viri
2351 2616 2428 2680 de
2497 2611 2933 2703 supposititio
2990 2612 3120 2680 fetu
3185 2634 3316 2681 non
3359 2617 3683 2686 dubitant.

315 2699 488 2792 Num
526 2699 720 2792 verod
764 2705 842 2769 de
887 2701 1141 2792 jejunio
1182 2701 1255 2792 in
1292 2699 1597 2792 Sabbato,
1650 2699 1899 2792 necne;
1925 2699 2119 2770 fuerit
2159 2699 2621 2792 quidpiamﬂab
2650 2701 3493 2792 apostolisprazscriptum,
3538 2708 3688 2773 dili-

315 2791 693 2876 gentissime
771 2789 1152 2879 perquisivit
1224 2789 1677 2879 Augustinus,
1725 2790 1836 2876 qui
1907 2789 2198 2859 demum
2241 2790 2572 2858 concludit
2645 2789 2713 2854 in
2782 2790 3055 2879 epistola
3106 2793 3186 2860 ad
3263 2789 3683 2879 Casulanum,

321 2902 357 2969 εΔ
403 2880 954 2969 interminabilem
1016 2899 1155 2946 esse
1218 2878 1904 2969 istamquaestionem,
1962 2892 2405 2969 generantem
2454 2879 2632 2969 lites,
2666 2878 3154 2969 neelinientem
3231 2882 3600 2969 qtestiones.
3651 2878 3679 2949 β

317 2967 610 3036 Canones
674 2969 817 3035 illos
894 2968 1063 3033 inter
1132 2967 1503 3055 apocrypha
1571 2970 1939 3033 amandavit
2001 2990 2119 3036 suo
2188 2971 2255 3036 in
2320 2967 2749 3035 celeberrimo
2790 2967 3053 3034 decreto
3122 2967 3413 3035 Gelasius
3457 2971 3507 3053 I,
3550 2973 3683 3040 Ro-

316 3076 548 3123 manus
580 3057 863 3145 pontifex
900 3079 915 3122 :
954 3076 1195 3145 eosque
1246 3057 1471 3143 primis
1512 3055 1723 3145 tribus
1772 3055 2076 3125 Ecclesiae
2116 3058 2369 3126 saculis
2432 3076 2552 3143 pro
2597 3055 2763 3121 datis
2806 3055 3314 3125 circumstantiis
3358 3060 3682 3145 conditos,

319 3142 865 3237 verisimillimum
943 3142 1418 3211 esthonsule
1497 3142 1911 3212 Guillelmum
1982 3142 2451 3235 Beveregium,’
2504 3145 2701 3211 hocce
2794 3147 2872 3210 de
2952 3157 3339 3231 argumento
3425 3142 3685 3237 egregie

312 3233 768 3302 disserentem.
2237 3233 2250 3235 ⁷
2693 3286 2701 3294 .

408 3319 515 3388 73.
565 3322 675 3390 Sin
708 3324 923 3391 minus
962 3344 1036 3390 ex
1076 3321 1355 3409 origine,
1400 3322 1853 3391 auctoritatem
1896 3323 1997 3390 bis
2039 3324 2386 3391 conciliare
2443 3320 2959 3410 Theophylactus
3000 3323 3219 3389 studet
3255 3324 3482 3391 saltem
3533 3351 3559 3391 (
3606 3348 3681 3395 ex

316 3413 636 3501 synodos,
671 3424 870 3494 sexta,
926 3432 1070 3501 quae
1126 3412 1272 3478 illos
1311 3420 1613 3478 venerata
1688 3425 1784 3479 est
1834 3436 1846 3479 :
1900 3412 2005 3480 cui
2075 3414 2377 3500 dogmata
2453 3409 2767 3501 sancienti
2835 3409 3029 3501 legati
3069 3411 3263 3501 vestri
3328 3413 3680 3501 Agathonis

315 3499 669 3589 [XXXVII]
705 3499 1192 3568 interfuerunt:
1236 3518 1564 3589 _canonesi
1623 3511 1840 3569 autem
1908 3502 2134 3569 ferenti
2177 3499 2414 3569 adfuit
2480 3499 2755 3567 Basilius
2824 3499 2986 3565 adeo
3036 3500 3361 3584 assiduus,
3389 3499 3475 3570 'ut
3517 3505 3681 3571 nulli

311 3587 802 3676 congregationi
843 3592 1117 3657 deesset.
1156 3613 1183 3653 ›
1236 3587 1462 3655 Errata
1506 3588 1717 3676 plura.

405 3674 703 3766 synodus
743 3678 1138 3746 aecumenica
1182 3687 1357 3744 sexta
1430 3674 1850 3745 confunditur
1896 3699 2044 3745 cum
2100 3679 2427 3761 Trullana,
2472 3697 2619 3766 quae
2680 3674 2916 3766 synodi
2968 3677 3387 3766 cecumenicae
3454 3692 3679 3749 aucto-

314 3764 507 3855 ritate
556 3787 686 3834 non
725 3769 994 3854 potitur.
1042 3766 1154 3833 Illa
1186 3766 1525 3833 adversum
1569 3766 2132 3835 Monothelitarum
2184 3764 2696 3835 haeresim'anno
2735 3764 2864 3855 680
2907 3765 3126 3855 habita
3160 3766 3302 3849 fuit,
3347 3770 3681 3855 Agathone

312 3854 670 3922 Romanam
712 3858 989 3947 sedem,
1035 3864 1438 3947 tenen_te,ee_t_
1470 3855 1819 3943 imperium
1896 3857 2387 3924 administrante
2426 3854 2845 3947 Constantino
2913 3854 3287 3947 PogOIiato:
3333 3854 3423 3923 in,
3475 3880 3681 3947 eaque

316 3964 603 4012 canones
644 3946 722 4012 ad
774 3966 988 4012 mores
1056 3956 1121 4011 et
1181 3942 1596 4031 disciplinam
1666 3955 2029 4033 spectantes
2099 3947 2343 4013 conditi
2411 3964 2540 4012 non
2607 3943 2890 4033 fuerunt.
2980 3942 3297 4020 Quoniam
3352 3967 3504 4014 vero
3562 3942 3682 4016 nec

314 4035 606 4121 synodus
646 4036 1051 4103 oecumenica
1090 4032 1345 4122 quinta,
1387 4052 1601 4122 neque
1660 4032 1836 4100 sexta
1896 4054 2187 4122 canones
2229 4032 2605 4122 hujusmodi
2656 4032 3057 4114 condidere;
3100 4033 3506 4105 Justinianus
3565 4036 3679 4104 Ju-

313 4123 471 4211 nior
531 4126 860 4209 Augustus
924 4121 1695 4211 congregarisynodum
1740 4121 1937 4211 jussit
1982 4121 2564 4211 Constantinopoli,
2619 4126 3039 4211 quae'ageret
3076 4122 3163 4211 de
3240 4124 3681 4193 ecclesiastica

310 4210 659 4300 disciplina
697 4213 909 4300 deque
950 4209 1207 4300 morum
1249 4209 1753 4300 reformatione.
1779 4210 2011 4277 Habita
2049 4222 2147 4278 est
2193 4233 2364 4279 anno
2411 4209 2569 4289 692,
2607 4210 2793 4296 juxta
2833 4209 3275 4300 probatiorem
3322 4214 3676 4281 chronolo-

308 4297 512 4388 giam,
560 4299 778 4367 Roma
802 4297 1081 4369 sedente
1144 4298 1370 4385 Sergio
1442 4297 1488 4388 Ι.
1547 4297 1726 4388 Hanc
1799 4319 1951 4366 vero
1991 4300 2331 4367 Balsamon
2379 4300 2660 4388 appellat
2732 4298 3165 4384 quinisextam
3209 4322 3226 4381 ;
3274 4314 3501 4369 vocant
3570 4304 3680 4369 alii

308 4386 715 4478 Trullanam,
759 4400 980 4478 utpote
1019 4389 1412 4478 celebratam
1455 4387 1523 4452 in
1561 4387 1783 4478 Trullo
1833 4388 2053 4475 magni
2095 4390 2339 4476 palatii.

405 4475 556 4545 Haec
624 4472 1142 4567 Theophylactus
1218 4486 1332 4543 aut
1374 4476 1740 4563 ignorabat,
1786 4488 1899 4543 aut
1934 4472 2131 4567 certe
2180 4478 2527 4567 simulavit.
2610 4472 3017 4567 suscipiendi
3053 4494 3301 4543 canone
3373 4476 3451 4543 11
3498 4478 3669 4545 indi—

308 4576 576 4647 cuntur,
619 4568 734 4655 qui
805 4563 1022 4635 vocari
1080 4567 1288 4634 solent
1356 4565 2162 4655 (fanonesrapostolorum,
2205 4567 2427 4633 critica
2473 4566 2551 4632 de
2602 4563 2859 4655 origine
2934 4582 3161 4655 eorum
3216 4585 3348 4655 non
3388 4567 3684 4635 discussa

309 4652 699 4744 quaestione,
743 4658 1059 4744 nullaque
1104 4655 1413 4722 Romanae
1441 4652 1755 4744 Ecclesiai
1780 4654 2029 4722 ratione
2058 4656 2307 4738 habita,
2353 4676 2499 4744 quae
2540 4672 2766 4744 omnes
2792 4652 2936 4744 illos
2961 4652 3273 4744 probavit
3314 4674 3675 4743 nunquam.

408 4740 515 4810 73.
560 4744 761 4812 Plura
785 4740 1365 4834 sequunturecirca
1390 4742 1778 4834 legationem
1805 4740 2613 4834 sedis‘apostolicae'errata
2643 4740 3133 4834 Theophylacti.
3154 4741 3225 4807 In
3256 4744 3431 4834 Actis
3454 4740 3683 4833 synodi

310 4842 508 4921 sextae
587 4831 1007 4903 oecumenicaa
1082 4831 1431 4921 subscripti
1472 4836 1821 4921 leguntur_:
1897 4832 2335 4901 «Theodorus
2366 4833 2634 4921 humilis
2680 4832 3022 4918 presbyter
3099 4842 3338 4921 sanctae
3376 4831 3681 4902 Romanae

311 4919 639 5011 Ecclesiae,
687 4934 750 4989 et
786 4925 1003 4992 locum
1043 4941 1278 5011 gerens
1314 4918 1716 5011 Agathonis;
1762 4919 2080 5007 Georgius
2124 4924 2391 4990 humilis
2460 4920 2800 5011 presbyter
2845 4918 3423 5011 sanctae_Romanze
3459 4922 3682 4991 Eccle-

308 5008 451 5089 siae,
502 5021 566 5077 et
637 5013 855 5079 locum
897 5007 1610 5101 gerensAgatbonis...
1687 5010 1968 5101 Joannes
2015 5011 2279 5101 humilis
2330 5007 3019 5101 diaconus—Romanae
3082 5007 3385 5101 Ecclesiae
3467 5022 3534 5101 et
3591 5012 3683 5078 lo-

310 5118 461 5165 cum
537 5120 774 5186 gerens
840 5095 1396 5189 Agathonis...”
1470 5097 2289 5189 Joannes__misericordia
2328 5100 2438 5167 Dei
2511 5099 2852 5189 episcopus
2925 5095 3539 5189 Thessalonicensis,
3620 5114 3684 5169 et

307 5185 687 5276 apostolicae
769 5185 940 5258 sedis
979 5190 1203 5258 Romae
1284 5189 1687 5275 legatus...
1765 5185 2151 5257 Theodorus
2222 5189 2492 5258 humilis
2550 5185 2904 5276 presbyter
2979 5197 3217 5253 sanctae
3291 5186 3683 5256 Ravennatis

308 5275 648 5369 Ecclesia,
676 5289 740 5345 et
804 5279 1018 5347 locum
1064 5297 1297 5366 gerens
1358 5273 1695 5369 Theodori
1770 5277 2289 5369 archiepiscopi;
2359 5273 2640 5369 Joannes
2685 5273 3025 5369 indignus_
3060 5276 3404 5369 episcopus
3443 5288 3683 5369 sanctae

306 5362 690 5433 Portuensis
731 5361 1094 5449 Ecclesiae,—
1133 5369 1383 5452 legatus
1430 5364 1630 5431 totius
1701 5361 2265 5448 concilii,'sanc'tae
2326 5367 2499 5435 sedis
2570 5363 2937 5452 apostolicae
2984 5361 3206 5433 Romae
3251 5361 3681 5455 {Stephanus
