4132 6262
331 352 412 417 89
1257 357 1350 418 DE
1394 353 1984 419 THEOPHYLACTI
2030 357 2298 419 GESTIS
2342 357 2436 418 ET
2481 356 2824 418 SCRIPTIS
3629 349 3728 416 90'

331 495 522 588 teme
582 488 899 591 processio
930 507 1242 576 personae,
1284 509 1431 591 quae
1494 488 1831 591 mittitur:
1902 499 1967 591 et
2035 492 2336 591 alterum,
2385 489 2560 578 quod
2613 501 2709 591 est
2772 491 3302 591 aeternitatique
3335 487 3704 591 efﬁcientia,

328 576 462 668 sive
506 575 752 668 incidat
790 578 914 644 sub
932 575 1212 658 sensus,
1259 575 1334 668 ut
1366 597 1520 668 cum
1601 577 1888 668 verbum
1935 579 2344 668 humanitate
2406 575 2717 668 suscepta
2757 578 3062 667 apparuit
3094 575 3533 668 Abominibus,
3575 578 3705 668 sive

331 664 608 732 interius
647 665 731 732 sit
769 675 833 731 et
875 686 1007 733 non
1050 665 1449 756 aspectabile
1498 667 1675 755 quod
1725 669 1970 755 agitur,
2012 679 2085 735 ut
2131 689 2280 736 cum
2321 664 2904 756 Spiritus'sanctus
2949 668 3026 733 ad
3077 666 3368 735 ﬁdelium
3427 668 3556 734 sive
3601 665 3702 754 iu-

331 764 584 845 storum
633 775 972 845 quemque
1024 754 1330 845 mittitur.
1377 754 1541 822 Hinc
1581 754 1805 838 Pater,
1856 757 1971 844 qui
2013 778 2145 824 non
2185 754 2384 826 habet
2434 779 2469 824 a
2509 778 2640 845 quo
2683 757 3016 845 procedat,
3057 777 3383 844 nusquam
3469 757 3707 822 missus

331 842 575 935 dicitur
616 868 634 918 ε
674 863 747 910 ac
785 844 976 935 missi
1013 843 1327 935 dicuntur
1355 845 1586 935 Filius
1613 854 1672 912 et
1705 842 2005 935 Spiritus
2041 855 2329 928 sanctus,
2375 842 2546 932 quia
2577 842 2960 933 procedunt.
3008 842 3288 912 Rursum
3330 847 3552 912 missio
3591 846 3704 911 do-

330 933 537 1024 natio,
585 933 1076 1024 communicatio
1116 933 1573 1000 auctoritatem
1617 955 1691 1002 ac
1733 933 2117 1022 potestatem
2159 936 2530 1024 eXprimunt
2558 935 2631 1024 in,
2661 936 2970 1016 mittente,
3013 943 3067 1000 et
3109 935 3408 1017 donante,
3431 942 3497 1024 et
3540 955 3706 1000 com-

332 1021 722 1110 municante.
793 1021 1082 1108 Ecquam
1136 1042 1290 1089 vero
1339 1021 2299 1110 potestatem,auctoritatemve
2377 1026 2574 1090 Pater
2613 1023 2794 1090 habet
2835 1025 2907 1089 in
2974 1024 3254 1104 Filinm,
3297 1032 3350 1090 et
3394 1023 3591 1091 Pater
3649 1031 3705 1088 et

325 1110 550 1202 Filius
595 1111 675 1202 in
701 1109 1025 1197 Spiritum
1061 1109 1382 1202 sanqum,
1423 1111 1546 1178 nisi
1573 1113 1738 1180 hanc
1778 1135 1923 1202 quae
1972 1124 2069 1182 est
2101 1113 2422 1202 princigii
2478 1113 2656 1180 notio
2702 1123 2765 1179 et
2800 1114 3078 1200 originis
3123 1113 3156 1178 .9
3192 1113 3412 1200 Itaque
3451 1111 3704 1180 Filium

333 1200 588 1290 mittia
611 1199 826 1290 _Patre
847 1210 963 1290 est
993 1202 1172 1287 gigni
1197 1199 1433 1268 Filium
1463 1211 1762 1270 naturam
1794 1199 2080 1270 bominis
2101 1199 2628 1290 assumpturum,
2657 1212 2719 1268 et
2742 1222 2862 1269 suo
2905 1199 3702 1288 tempore'assumentem,

335 1299 402 1357 et
440 1288 1031 1380 mitti_Spi-i*itum_
1061 1297 1358 1356 sanctum
1402 1301 1499 1357 est
1543 1293 1896 1378 procedere
1947 1292 2159 1380 ipsum
2203 1288 2352 1358 cum
2430 1290 2774 1380 efficientia
2814 1291 3057 1358 externi
3135 1291 3377 1379 Operis,
3423 1290 3596 1378 quod
3642 1289 3706 1356 in

331 1376 972 1466 temporeimpletur.
1000 1378 1141 1445 Jam
1204 1388 1459 1446 constat
1497 1376 1827 1468 quomodo
1891 1376 2288 1469 sempiterna
2317 1380 2643 1469 processio
2671 1379 2736 1446 in
2765 1380 3141 1447 missionem
3170 1376 3702 1468 proprie—dictam

333 1476 709 1533 concurraL

423 1555 501 1622 At
565 1555 1214 1647 procederedectarat
1260 1557 1548 1639 modum,
1591 1558 1832 1647 inquis,
1879 1581 2012 1647 quo
2059 1558 2356 1646 Spiritus
2420 1578 2548 1624 esse
2598 1559 2805 1625 habet.
2853 1559 2944 1626 lla
2985 1556 3281 1647 scilicet,
3330 1568 3401 1624 ut
3448 1576 3707 1647 preces:

337 1643 842 1736 sioneuSpiritus
910 1645 1146 1713 habeat
1170 1666 1358 1736 esse,
1400 1667 1512 1712 seu
1592 1643 2192 1736 divinam—accipiat
2255 1648 2598 1736 essentiam
2638 1669 2651 1712 :
2699 1658 2761 1713 et
2807 1647 2868 1712 id
2913 1646 3106 1712 etiam
3187 1643 3486 1736 accipiat,
3530 1645 3704 1736 quod

335 1744 432 1801 est
470 1731 729 1823 efﬁcere
797 1743 1060 1800 externa
1131 1733 1598 1802 charismatum
1677 1758 1899 1823 Opera.
1981 1731 2079 1804 Δι’
2136 1737 2334 1818 mitti,
2380 1735 2590 1816 addis,
2640 1737 3081 1802 abundantem
3153 1731 3705 1822 signi—ﬁcant'do-

334 1843 572 1914 norum
651 1822 1084 1914 largitionem.
1158 1823 1403 1914 Nempe
1474 1822 1800 1912 processio
1887 1826 2285 1914 sempiterna
2349 1825 2470 1891 sub
2533 1825 2796 1892 nomine
2871 1845 2944 1890 ac
2982 1836 3278 1914 respectu
3347 1823 3703 1914 missionis,

334 1911 620 1999 quodam
695 1912 887 1978 modo
965 1911 1340 2000 completur
1375 1911 1638 1981 externa
1715 1911 2061 1982 efﬁcientia
2138 1913 2269 1981 sive
2341 1914 2576 1980 actuali
2619 1914 2940 1980 donorum
3010 1912 3354 1999 largitione
3395 1912 3460 1978 in
3541 1921 3703 1980 tem-

384 2019 524 2067 ore.

384 2021 524 2067 ore.

338 2021 379 2089 Ρ
422 2087 620 2181 Hane
650 2087 1059 2181 efﬁcientiam
1102 2102 1458 2172 externam,
1505 2092 1562 2159 si
1644 2113 1762 2181 per
1803 2113 1943 2160 sese
1985 2103 2240 2180 sumpta
2316 2113 2390 2158 ac
2439 2091 2632 2158 veluti
2683 2090 2978 2179 sejuncta
3053 2111 3089 2156 a
3130 2111 3424 2181 personae
3493 2092 3706 2162 missae

333 2175 752 2269 processione
831 2178 1308 2269 consideretur,
1355 2175 1736 2268 Scripturae,
1803 2181 2048 2260 Patres,
2097 2175 2378 2266 tbeologi
2447 2190 2675 2246 vocant
2747 2175 3375 2269 missionem—minus
3447 2184 3708 2269 praprie

335 2267 575 2356 dictum
604 2293 626 2339 ;
657 2287 788 2354 quo
832 2268 1059 2355 utique
1105 2269 1430 2337 missionis
1472 2267 1826 2350 intellectu,
1872 2271 2116 2336 dictum
2145 2273 2533 2356 reperimus,
2581 2271 2754 2334 mitti
2780 2269 3100 2336 Filiuma
3134 2267 3395 2354 Spiritu
3457 2267 3698 2352 sancto,

335 2375 410 2421 ac
456 2355 714 2446 Filium
756 2364 814 2423 et
855 2356 1190 2444 Spiritum
1257 2368 1552 2426 sanctum
1601 2360 1848 2426 mittere
1892 2360 2149 2446 seipsos.
2200 2355 2335 2425 Duo
2385 2370 2597 2424 tamen
2673 2358 3139 2436 animadverte,
3182 2379 3328 2444 quae
3371 2359 3491 2423 hoc
3565 2361 3704 2426 loco

332 2444 666 2536 praecipua
731 2457 881 2536 sunt
925 2467 938 2510 :
986 2467 1059 2512 ac
1132 2447 1348 2534 primo
1389 2448 1816 2536 imprOpriam
1891 2444 2198 2514 ac_nimis
2269 2449 2475 2536 latam
2509 2447 2878 2536 hancresse
2924 2447 3264 2536 missionis
3303 2446 3632 2536 notionem
3685 2471 3699 2529 ;

333 2533 569 2624 deinde
609 2533 694 2624 in,
727 2535 954 2601 eodem
1021 2533 1396 2624 improprioe
1436 2533 1768 2604 missionis
1836 2557 2072 2624 genere
2119 2535 2424 2623 nuspiam
2465 2535 2526 2602 in
2567 2534 2943 2624 Scripturis,
2988 2557 3062 2600 ac
3137 2535 3234 2600 vix
3274 2534 3468 2601 etiam
3531 2538 3701 2624 apud

335 2619 556 2714 Patres
600 2623 1042 2714 missumtegi
1087 2619 1374 2693 Patrem.
1422 2627 1598 2692 Adeo
1630 2619 1941 2692 nimirum
1989 2647 2106 2712 pro
2139 2619 2472 2713 comperto
2516 2619 2740 2690 haberi
2783 2623 2998 2704 debet,
3042 2625 3414 2714 missionem
3445 2619 3708 2714 proprie

333 2711 573 2804 dictam
625 2711 829 2804 redigi
877 2713 1116 2804 debere
1146 2715 1256 2804 _ad
1300 2716 1761 2804 sempiternam
1838 2711 2078 2804 [XLIII]
2120 2711 2350 2782 divinise
2424 2733 2719 2804 persona:
2768 2713 3274 2804 procgessionem.
3324 2711 3464 2780 Cur'
3506 2711 3698 2804 enim

333 2799 876 2892 nuspiam_Pater
910 2802 1092 2892 mitti
1127 2802 1384 2870 dicatur
1418 2799 1460 2869 ‘2'
1497 2804 1584 2870 Ea
1625 2799 1862 2892 utique
1884 2799 2160 2884 ratione,
2204 2805 2353 2889 quia
2397 2799 2445 2869 a'
2480 2802 2658 2892 nullo
2697 2802 3016 2889 procedit.
3062 2800 3382 2869 Corticem
3427 2802 3518 2870 rei
3555 2823 3702 2890 spe-

337 2885 555 2978 ctabat
592 2885 1140 2978 Theophylactus,
1192 2893 1500 2960 doctrina:
1547 2885 1846 2960 sublimis
1887 2885 2238 2959 medullam
2280 2912 2408 2959 non
2451 2891 2688 2976 attigit.

421 2976 530 3061 (9_.)
606 2976 924 3056 lusu/[lure
991 2978 1294 3061 Spiritum
1355 2988 1626 3043 sanctum
1692 2989 1826 3061 post
1884 2985 2375 3042 resurrectionem
2457 2980 2741 3061 Dominus
2794 2979 3067 3061 dicitur:
3156 2997 3274 3040 non
3332 2997 3476 3042 vero
3549 2982 3708 3061 quod

335 3057 681 3140 productor
715 3063 846 3136 ejus
902 3057 1054 3121 sit":
1116 3060 1194 3122 Et
1263 3061 1426 3122 alias
1480 3057 1856 3140 neque—tunc
1914 3069 2069 3123 totus
2125 3061 2300 3122 datus
2356 3068 2464 3133 est,
2515 3059 2618 3120 sed
2674 3061 2917 3119 unicum
2973 3059 3276 3121 charisma
3329 3079 3430 3121 seu
3479 3057 3703 3123 donum

332 3137 723 3222 remissionis
757 3146 1139 3222 peccatorum
1175 3161 1193 3200 :
1255 3137 1668 3222 tantummodo
1726 3147 1909 3222 enim,
1968 3149 2033 3202 ut
2093 3141 2461 3202 Pentecostes
2513 3147 2773 3222 tempore
2828 3139 3109 3218 daretur,
3138 3140 3451 3222 decretum
3511 3150 3704 3202 est...

330 3217 404 3278 Si
474 3217 723 3299 Domini
794 3219 1120 3298 insufﬂatio
1177 3223 1245 3282 in
1304 3221 1633 3299 discipulos
1684 3239 1805 3283 non
1867 3217 1989 3298 fuit
2051 3224 2231 3282 unius
2291 3228 2523 3281 tantum
2586 3217 2997 3288 churismatis,
3044 3217 3145 3279 sed
3202 3221 3379 3280 totius
3436 3222 3708 3298 Spiritus

331 3298 531 3379 sancti
587 3295 890 3379 donatio:
935 3295 1158 3379 igitur
1190 3295 1582 3362 Paracletum
1629 3310 1768 3362 tunc
1800 3295 1885 3363 eis
1915 3302 2102 3362 dedit.
2142 3300 2449 3375 Quomodo
2507 3301 2695 3378 igitur
2724 3317 2786 3358 se
2844 3299 3019 3359 habet
3054 3299 3207 3361 illud
3241 3317 3254 3360 :
3317 3302 3383 3362 Si
3416 3295 3522 3376 ego
3583 3320 3703 3362 non

333 3375 558 3444 abiero.
624 3375 999 3459 Paracletus’
1041 3397 1159 3440 non
1219 3382 1411 3442 veniet
1470 3381 1551 3442 ad
1607 3400 1708 3441 ros
1739 3383 1770 3442 9
1845 3381 2178 3442 Descensus
2258 3383 2320 3440 in
2380 3375 2828 3459 Pentecoste__si
2895 3379 3162 3459 ejusdem
3217 3375 3485 3459 Spiritus
3557 3385 3697 3453 Iuit,

332 3464 469 3548 erat
501 3458 850 3548 superfluus
883 3479 903 3518 :
960 3459 1016 3520 si
1057 3477 1194 3519 vero
1251 3461 1543 3541 alterius;
1576 3461 1717 3523 cedo
1745 3462 1881 3541 quis
1912 3460 2039 3534 ille,
2097 3459 2412 3538 qualisque
2457 3459 2646 3537 fuerit
2677 3461 2701 3518 7
2735 3457 2881 3524 llaec
2950 3458 3016 3524 in
3055 3457 3328 3548 epistola
3367 3462 3444 3526 ad
3511 3460 3703 3528 Nlco—

334 3547 505 3612 laum
555 3544 932 3614 diaconum.
1647 3587 1650 3590 ~

423 3633 607 3701 Paria
647 3647 800 3725 sunt
873 3636 940 3703 in
979 3639 1450 3704 commentario
1515 3639 1591 3705 ad
1637 3649 1832 3725 caput
1896 3661 1967 3702 ιιι
2015 3638 2284 3705 Joannis
2330 3660 2343 3703 :
2439 3662 2464 3700 ιι
2515 3636 2805 3703 Profecto
2855 3636 3157 3725 inquiunt
3202 3661 3214 3704 :
3299 3660 3445 3705 nam
3495 3641 3711 3720 (Joan-

331 3725 438 3789 nis
505 3725 606 3816 xx)
648 3734 712 3816 et
751 3724 1104 3816 inspiravit
1145 3727 1488 3816 discipulis
1530 3738 1592 3793 et
1633 3724 1791 3793 diiit
1834 3750 1847 3793 :
1897 3728 2182 3816 Accipite
2233 3727 2597 3816 Spiritum_
2641 3732 2961 3790 sanctum.
3093 3726 3591 3814 desipientiam!
3641 3728 3706 3795 Si

334 3823 487 3904 tunc
541 3811 736 3904 dedit
791 3811 1127 3902 discipulis
1192 3811 1531 3903 Spiritum,
1583 3817 1844 3902 quando
1891 3811 2648 3904 insul'flavit,_quomodo
2713 3825 2931 3901 postea
2987 3815 3148 3883 dixit
3199 3811 3292 3884 eis
3371 3818 3572 3902 (Actor
3602 3817 3643 3902 ι)
3689 3840 3700 3882 :

332 3901 670 3984 Accipietis
742 3901 1018 3984 virtutem
1064 3901 1566 3984 supervenientis
1606 3901 1897 3984 Spiritus
1963 3907 2161 3967 sancti
2242 3901 2425 3983 super
2493 3921 2619 3984 nos,
2663 3921 2800 3984 non
2881 3911 3008 3979 post
3081 3905 3303 3966 multos
3359 3901 3462 3966 hos
3539 3901 3711 3967 dies?

335 3979 445 4047 Vel
483 3979 890 4074 quemmodo
930 3979 1282 4074 credimus,
1331 3985 1392 4050 in
1421 3979 1813 4074 Pentecoste
1855 3986 2094 4074 iactum
2138 3979 2522 4052 descensum
2567 3982 2850 4074 Spiritus
2879 4005 2910 4074 ςΔ
2946 3986 2999 4050 si
3033 3985 3298 4074 quidem
3343 3985 3406 4052 in
3444 4007 3710 4074 vespera

337 4070 846 4138 resurrectionis
926 4072 1100 4139 dedit
1182 4073 1442 4139 illum?
1511 4073 1693 4141 Tunc
1768 4073 1937 4140 enim
2009 4075 2357 4154 inspiravit.
2434 4075 2509 4139 At
2583 4070 2720 4138 bzec
2806 4070 3072 4156 quidem
3147 4075 3325 4142 valde
3403 4070 3703 4142 ridicula.

335 4157 750 4252 Manifestum
804 4160 1011 4252 enim,
1069 4163 1447 4252 quodAt-unc
1520 4162 1648 4229 illis
1693 4161 2016 4252 Spiritum
2081 4171 2378 4252 sanctum
2425 4181 2576 4252 non
2618 4160 2894 4252 dederit,
2940 4164 3049 4231 sed
3095 4165 3337 4231 donum
3416 4164 3711 4252 Spiritus

335 4247 569 4328 sancti,
658 4247 1106 4317 remissionem
1194 4249 1440 4318 scilicet
1510 4247 1779 4338 peccati.
1851 4251 2080 4318 Statim
2145 4251 2318 4318 enim
2390 4249 2668 4316 subdit:
2749 4249 3039 4329 Quorum
3120 4247 3502 4320 remiseritis
3568 4274 3708 4340 pec-

337 4341 504 4402 cata.
563 4359 588 4400 ι
639 4347 764 4404 etc.

425 4423 561 4491 lmo
592 4424 882 4529 ridicula
912 4425 1379 4529 Theopliylacti
1425 4427 1904 4529 argumentatio
1971 4438 2122 4529 est:
2170 4447 2370 4529 seque
2409 4424 2770 4529 ridiculum
2819 4427 3088 4529 praebet,
3153 4429 3468 4497 doctrinae
3511 4450 3712 4529 i'epu:

338 4532 547 4606 gneus
626 4516 1062 4606 quamitradit
1099 4513 1424 4606 itl'yrililus
1465 4513 1633 4583 inter
1704 4517 2004 4606 Graecos,
2037 4528 2097 4584 et
2174 4513 2578 4604 Augustinus
2628 4513 2804 4606 inter
2866 4517 3149 4606 Latinos,
3199 4513 3712 4606 praestantissimi

333 4593 581 4669 Patres.
647 4593 772 4670 'Sic
841 4605 1037 4671 habet
1102 4593 1221 4671 iste
1262 4605 1426 4672 libro
1479 4629 1549 4686 ιι,
1597 4606 1757 4674 alias
1826 4622 1910 4678 tu,
1959 4593 2186 4668 Contra
2217 4593 2649 4666 Maximinum.
2709 4627 2736 4665 ιι
2789 4602 2872 4670 lle
2949 4593 3145 4674 Patre
3183 4593 3277 4673 est
3348 4607 3576 4687 Filius,
3635 4608 3714 4674 de

340 4689 529 4757 Patre
568 4701 668 4784 est
699 4690 981 4780 Spiritus
1027 4704 1302 4784 sanctus
1337 4716 1353 4774 ;
1396 4695 1658 4784 sedille
1700 4694 1984 4781 genitus,
2031 4695 2149 4762 iste
2198 4695 2555 4784 procedens
2595 4713 2606 4784 ς
2653 4690 2801 4758 ideo
2845 4694 2951 4761 ille
2991 4696 3193 4763 Filius
3235 4707 3330 4764 est
3363 4697 3590 4784 Patris,
3637 4698 3715 4762 de

336 4799 471 4864 quo
520 4780 783 4872 genitus
818 4793 964 4872 est;
1019 4783 1142 4872 iste
1209 4792 1426 4850 autem
1496 4780 1770 4862 Spiritus
1816 4785 2152 4862 utriusque,
2198 4780 2521 4872 quoniam
2572 4781 2949 4872 deutroqne
3004 4785 3300 4864 procedit.
3378 4783 3496 4851 Sed
3542 4786 3713 4867 ideo,

338 4887 486 4933 cum
559 4869 638 4935 de
682 4868 795 4936 illo
842 4871 1048 4963 Filius
1112 4870 1515 4963 lo_qu_eretur,
1560 4873 1650 4963 ait
1715 4873 1788 4934 de
1849 4872 2034 4963 Patre
2093 4867 2428 4963 procedit;
2477 4867 2787 4963 quoniam
2837 4875 3025 4941 Pater
3089 4873 3525 4963 proeessionis
3574 4873 3717 4956 ejus

343 4964 442 5048 est
481 4967 736 5048 auctor,
777 4961 888 5047 qui
932 4962 1119 5026 talem
1153 4959 1385 5026 Filium
1429 4961 1679 5048 genuit,
1726 4972 1786 5028 et
1829 4962 2132 5040 gignendo
2187 4965 2244 5023 ei
2295 4960 2476 5038 dedit,
2514 4965 2576 5019 ut
2628 4959 2820 5048 etiam
2871 4964 2948 5023 de
2995 4959 3124 5042 ipso
3171 4963 3515 5043 procederet
3573 4967 3712 5044 ,ςιιέ-

339 5047 504 5106 rit-is
550 5045 834 5114 Sanctus.
879 5050 1038 5117 Nam
1087 5048 1211 5140 nisi
1257 5045 1636 5140 procederet
1675 5061 1739 5117 et
1814 5051 1892 5116 de
1933 5051 2100 5139 ipso,
2157 5073 2285 5120 non
2325 5050 2569 5140 diceret
2608 5045 2946 5140 discipulis
2991 5073 3004 5118 :
3077 5053 3349 5130 Accipite
3405 5049 3714 5131 Spiritum

329 5140 607 5232 uinctum
638 5157 666 5208 ;
695 5156 980 5232 eumque
1019 5133 1381 5232 inse/ﬂando
1421 5140 1627 5232 daret,
1685 5152 1753 5207 ut
1793 5156 1831 5200 α
1885 5133 1978 5200 se'
2003 5133 2238 5220 quoque
2288 5137 2606 5220 procedere
2638 5133 3037 5228 significans,
3081 5152 3301 5232 aperte
3345 5143 3717 5210 ostenderet

329 5222 796 5314 ﬂando,gquod
835 5222 1147 5314 spirando
1190 5226 1386 5294 dabat
1423 5229 1693 5296 occulte.
1743 5254 1768 5293 ι

421 5309 692 5379 Gemina
762 5309 911 5382 sunt
980 5335 1126 5409 qua
1209 5315 1473 5386 disserit
1556 5316 1833 5407 Cyrillus
1916 5317 2388 5394 Alexandrinus
2459 5313 2625 5388 libro
2685 5335 2764 5388 XII
2825 5319 2891 5380 Ιη
2950 5320 3296 5382 Joannem:
3361 5320 3551 5383 Sillim
3625 5342 3719 5389 vos
