4132 6262
461 321 578 387 lO'l
1345 383 1349 388 .
1386 322 1614 388 BERN.
1661 327 1926 388 MARLE
1973 326 2066 388 DE
2111 326 2386 388 RUBEIS
2430 324 2933 388 DlSSERTATIO
3729 324 3838 390 108

459 455 629 548 Dens
666 457 847 548 quod
911 457 1058 535 ﬁdes
1087 458 1316 539 quaein
1343 454 1673 532 Christum,
1715 479 1846 528 non
1889 458 2176 547 vulgaris
2235 460 2561 548 quaepiam
2597 481 2698 527 res
2739 459 2844 541 sit,
2904 459 3010 526 sed
3054 459 3277 522 donum
3310 461 3444 540 Dei,
3485 460 3701 548 dignis
3777 471 3844 528 et

461 545 656 637 rectis
693 545 918 637 corde
967 568 1006 614 a
1055 549 1244 616 Patre
1317 551 1568 634 datum,
1646 548 1800 617 dicit
1838 545 2227 637 quod'omne
2247 545 2406 626 quod
2434 550 2536 610 dat
2564 549 2713 610 mihi
2748 550 2949 621 Pater,
2998 550 3079 609 ad
3120 567 3216 611 me
3258 555 3477 622 veniet,
3528 545 3652 616 hoc
3714 563 3834 631 est,

463 633 553 726 illi
585 633 854 726 credent
902 635 969 726 in
1011 657 1140 722 me,
1185 658 1351 725 quos
1391 644 1499 710 dat
1538 633 1697 708 mihi
1737 633 1946 706 Pater.
1978 637 2102 705 Vos
2135 637 2290 726 [LII]
2329 651 2572 722 autem,
2599 637 2832 726 Judaei,
2875 658 3024 702 cum
3059 638 3310 726 indigni
3353 639 3517 716 sitis,
3560 660 3689 705 non
3721 640 3837 705 da»

462 722 622 790 mini
663 721 820 817 mihi
861 745 898 792 a
935 724 1126 817 Patre
1171 721 1565 817 :propterea
1603 749 1816 816 neque
1845 728 2078 817 venitis
2126 721 2203 793 ad
2256 721 2384 806 me,
2413 721 2628 815 neque
2665 721 3388 809 habetisrectumvcor,
3417 738 3490 793 ut
3515 748 3625 794 vos
3690 728 3838 817 dili-

461 832 620 904 gens
665 811 838 904 Deus
879 823 944 882 et
982 813 1171 883 Pater
1215 811 1414 887 ducat
1458 821 1535 888 ad
1578 811 1786 885 meam
1827 815 2044 884 ﬁdem.
2101 840 2127 880 ι
2180 817 2412 904 Agitur
2437 811 2870 904 deipraeclaro
2901 816 3050 902 ﬁdei
3086 816 3303 883 dono:
3359 818 3533 904 quod
3565 816 3837 884 maxime

457 902 682 993 donum
724 900 831 968 De:
883 904 1270 993 appellatur.
1320 906 1558 976 Verum
1601 908 1768 974 istud
1809 926 1939 973 non
1973 906 2170 972 datur
2206 900 2328 967 nisi
2359 900 2578 983 dignis
2610 913 2665 966 et
2707 900 3143 985 rectts'carde,
3184 905 3312 972 illis
3375 900 3609 993 nempe
3679 927 3836 993 quas

454 989 558 1084 dat
587 991 806 1084 Pater,
849 989 1123 1081 aliisque
1165 997 1688 1084 praecedentibus
1758 994 1982 1082 gratim
2052 994 2309 1061 auxiliis
2354 995 2570 1074 dignas
2601 993 2752 1071 facit
2778 999 2835 1055 et
2866 1000 3060 1054 rectas
3083 994 3282 1063 corde,
3348 994 3471 1061 hoc
3515 989 3612 1061 est
3670 989 3838 1062 bene

455 1077 867 1259 ᾳ¹8ιξὲεξξοέ9
907 1169 1034 1238 sic:
1099 1201 1124 1230 σ
1159 1172 1322 1242 Nam
1361 1176 1415 1243 si
1454 1177 1642 1242 Pater
1705 1172 1838 1255 dat,
1883 1183 1956 1238 ut
2012 1192 2320 1259 magnum
2391 1171 2726 1259 quiddam,
2776 1171 3039 1258 dignam
3089 1171 3152 1238 in
3198 1170 3530 1252 Christum
3611 1171 3833 1252 ﬁdem,

467 1254 851 1348 ipsi_autem
881 1259 1055 1327 illam
1090 1281 1222 1330 non
1266 1265 1532 1340 habent,
1577 1250 1989 1330 manifestum
2047 1250 2154 1328 esi
2203 1262 2380 1348 quod
2411 1250 2620 1327 'dono
2661 1250 2770 1326 Dei
2817 1250 3194 1330 eiariderint.
3231 1292 3253 1319 ο
3314 1250 3564 1328 Danum
3660 1250 3833 1328 scilié

457 1343 560 1411 cet
595 1343 732 1428 Dei,
763 1347 859 1416 vel
884 1361 1216 1438 receptum
1257 1353 1711 1421 incredulitate
1749 1350 2122 1438 rejecerunt
2157 1371 2170 1415 :
2203 1343 2298 1416 vel
2325 1351 2680 1436 quominus
2704 1349 2914 1438 ipsum
2949 1349 3340 1438 reciperent,
3372 1350 3833 1438 impedimenta

451 1453 846 1530 apposuere,
886 1440 1408 1530 praecedentibus
1439 1441 1666 1530 gratiae
1699 1439 2023 1530 subsidiis
2055 1440 2418 1506 abutentes.

540 1523 622 1618 Et
656 1525 822 1618 adv.
867 1523 956 1598 4-4
979 1528 1173 1596 verba
1189 1542 1343 1599 sunt
1371 1553 1385 1596 :
1437 1523 1698 1592 {Nullas
1720 1534 1912 1618 potest
1944 1527 2023 1588 ad
2054 1546 2147 1589 me
2177 1529 2405 1618 ven-ire,
2434 1529 2554 1618 nisi
2572 1527 3040 1618 Paterrtraa‘erit
3066 1546 3214 1588 eum.
3245 1525 3378 1618 Hoc
3403 1538 3618 1594 autem
3648 1527 3825 1618 dicit,

450 1616 704 1680 nonut
744 1613 1107 1683 libertatem
1162 1621 1347 1687 tollat
1415 1618 1716 1686 arbitrii:
1769 1617 1879 1684 sed
1934 1627 2007 1683 ut
2077 1646 2082 1676 ε

2197 1617 2394 1698 mdat,
2439 1616 2518 1672 ὅτι
2605 1616 2808 1683 πολλῆς
2881 1615 3050 1671 δεῒτκι
3141 1617 3434 1695 συνεργείας
3494 1619 3634 1695 παρὰ
3700 1613 3829 1682 Θεοῢ

450 1700 724 1795 ἰδ’-μέλλων
749 1704 1050 1795 munitam,
1083 1710 1259 1795 quod
1299 1708 1494 1770 multa
1532 1707 1768 1775 habeat
1806 1727 1972 1793 opus
2014 1724 2080 1768 00

2191 1707 2433 1767 ratione
2456 1728 2492 1772 a
2531 1705 2658 1772 Deo
2700 1705 2754 1773 is
2793 1705 2906 1792 qui
2933 1704 3307 1795 crediturus
3338 1719 3456 1773 est.
3491 1705 3568 1772 Et
3592 1707 3779 1775 aliter
3810 1729 3823 1773 :

448 1788 597 1886 illos
673 1791 874 1858 trahit
904 1788 1122 1878 Pater;
1159 1798 1274 1886 qui
1322 1798 1566 1865 habent
1611 1788 1943 1858 valuntdtis
1969 1795 2435 1886 aptitadinem,
2488 1815 2599 1861 eos
2639 1788 2854 1886 autem
2902 1794 3012 1881 qui
3080 1794 3326 1886 seipsos
3373 1816 3502 1862 non
3585 1795 3827 1863 faciunt

447 1877 744 1969 idoneos,
785 1900 914 1950 non
960 1877 1285 1954 trahit-ad
1326 1886 1544 1955 ﬁdem.
1587 1910 1614 1950 ›
1662 1885 1776 1952 His
1804 1885 2030 1946 donum
2063 1884 2322 1945 sublime
2351 1884 2492 1962 ﬁdei
2545 1877 2950 1965 conceditur,
3016 1883 3127 1969 qui
3169 1877 3228 1944 ie
3259 1885 3509 1946 idoneas
3537 1886 3823 1961 faciunt:

446 1969 557 2062 sed
602 1968 744 2039 haec
769 1971 1010 2058 prmia
1047 1975 1342 2062 aptitudo
1369 1997 1443 2044 ac
1479 1975 1688 2043 libera
1727 1985 1791 2041 et
1830 1974 2002 2040 bona
2032 1973 2372 2061 dispositio
2411 1973 2650 2040 adsunt
2684 1972 2761 2038 iis
2801 1972 2915 2058 qui
2961 1968 3292 2057 prioribus
3355 1975 3577 2060 gratim
3639 1974 3826 2041 donis

445 2055 610 2148 bene
658 2055 936 2126 utuntur
978 2081 995 2142 ;
1079 2055 1255 2134 unde
1287 2065 1590 2127 creditura
1621 2067 1870 2125 multam
1905 2080 2050 2142 opus
2081 2055 2200 2122 esse
2231 2079 2269 2122 a
2302 2062 2423 2123 Dea
2457 2055 2981 2141 caaperatimiem,
3042 2062 3304 2148 egregie
3359 2055 3556 2129 Ηοοει
3614 2063 3821 2147 Theo.

442 2144 814 2240 phylactus,
857 2157 1034 2240 _tum
1113 2173 1260 2240 quae
1328 2152 1524 2221 ﬁdem
1568 2153 1774 2240 ipsam
1824 2150 2220 2240 impertitur,
2283 2160 2420 2216 tum
2487 2172 2634 2238 quae
2667 2150 2774 2239 pia
2807 2144 3132 2216 desideria
3164 2144 3468 2238 inspirat,
3525 2173 3599 2220 ac
3661 2144 3823 2220 bene

442 2233 733 2306 disponit
767 2234 1082 2306 animum.

575 2321 638 2391 9.
684 2322 866 2415 Hanc
923 2328 1204 2414 primam
1246 2351 1284 2397 a
1351 2329 1521 2397 Sixto
1573 2328 1842 2397 Senensi
1888 2328 2304 2396 constitutam
2351 2329 2647 2414 regulam
2693 2327 2998 2415 pluribus
3039 2325 3321 2393 illustrat
3363 2327 3662 2396 Petavius
3743 2331 3821 2396 li-

441 2408 666 2508 bra};
708 2408 947 2508 citato;
973 2427 1037 2483 et
1072 2418 1200 2486 alia
1246 2419 1562 2508 nonnulla
1599 2417 2059 2508 Theophylacti
2125 2417 2293 2483 dicta
2362 2408 2644 2506 exponit.
2692 2408 2913 2508 itiiero
2958 2415 3154 2481 verba
3191 2416 3361 2508 _illa,
3431 2439 3578 2504 quae
3643 2421 3821 2506 capi-

439 2508 502 2591 te
551 2499 988 2591 4__habentur,
1037 2525 1220 2574 num.
1275 2505 1316 2575 8
1357 2529 1371 2574 :
1425 2532 1453 2571 ‹
1495 2508 1636 2576 Non
1664 2499 1816 2574 raro
1850 2499 2122 2586 veteres,
2153 2527 2300 2572 cum
2343 2507 2422 2572 de
2443 2499 2658 2582 :qratia
2691 2506 3076 2591 loquuntur,
3141 2502 3384 2583 plenam
3415 2499 3473 2567 et
3496 2499 3820 2583 perfectam

438 2587 834 2682 intelligunt,
912 2612 1044 2660 non
1098 2597 1443 2659 inchoatam
1471 2613 1543 2658 ac
1585 2596 1816 2670 rudem,
1860 2617 2008 2682 qua;
2048 2595 2255 2674 prima
2289 2595 2692 2674 nominatur,
2767 2587 2955 2682 cujus
2994 2593 3384 2681 plerumque
3423 2596 3817 2664 mentionem

435 2695 566 2744 non
608 2677 934 2768 habent...
982 2683 1244 2752 Certum
1273 2695 1373 2752 est
1410 2695 1653 2768 autem,
1688 2686 1784 2752 uti
1822 2677 2086 2762 primum
2117 2685 2386 2763 gratiam
2438 2684 2613 2750 nulla
2653 2683 2736 2751 ob
2780 2677 3014 2750 merita
3083 2677 3311 2765 tribui,
3382 2685 3476 2749 sic
3517 2688 3816 2746 occasio-

435 2783 569 2863 nam
591 2765 762 2829 illius
835 2779 925 2863 et_
956 2770 1456 2856 incrementum,
1502 2795 1576 2841 ac
1621 2765 1878 2863 plenam
1920 2772 2204 2863 denique
2243 2772 2746 2863 possessionem,
2781 2773 3279 2863 meritorum_ac
3319 2773 3624 2840 laborum
3669 2795 3814 2862 pre-

436 2853 527 2922 tio
557 2858 1016 2946 comparari...
1075 2864 1259 2932 Hunc
1306 2853 1549 2930 habere
1586 2853 1849 2931 sensum
1893 2863 2000 2928 illa
2046 2853 2417 2928 Graecorum
2457 2862 2600 2927 loca
2623 2861 2953 2943 videntur,
2989 2881 3137 2948 quae
3164 2861 3357 2922 Deum
3412 2853 3818 2940 impertienda:

430 2951 643 3028 gratim
709 2963 836 3008 sua
899 2964 1119 3028 capere
1190 2954 1557 3015 occasionem
1621 2953 2034 3014 demonstrant
2103 2969 2180 3009 ea;
2251 2950 2442 3028 nobis,
2517 2957 2571 3012 et
2659 2963 2894 3022 conatu,
2970 2970 3039 3008 ac
3103 2950 3414 3028 proposita
3469 2959 3670 3012 nostra
3706 2969 3718 3013 :
3755 2961 3818 3012 ut

430 3023 904 3118 Iheodoretus,
952 3023 1249 3115 Photius,
1297 3032 1745 3114 Gﬂcumenius,
1828 3029 2375 3118 Theophylactus,
2431 3023 2637 3116 atque
2672 3032 2810 3118 ipse
2888 3023 3153 3118 quoque
3195 3023 3814 3117 Chrysostomus....

429 3111 569 3206 Non
618 3114 790 3206 enim
833 3118 1121 3206 primum
1163 3111 1510 3190 voluntatis
1551 3111 1799 3188 motum
1836 3130 1899 3188 et
1930 3111 2225 3200 raiionis,
2291 3118 2355 3183 in
2386 3111 2596 3204 gratia
2649 3111 3258 3199 numera-ntfveluti
3301 3111 3407 3206 pia
3466 3120 3811 3202 desideria,

428 3202 674 3298 quibus
712 3205 791 3298 ad
819 3202 1177 3291 pleniorem
1230 3211 1652 3298 quaerendam
1701 3211 1948 3293 (ﬁdem)
1989 3229 2064 3275 ac
2092 3207 2203 3298 Dei
2251 3202 2549 3272 notitiam
2607 3218 3001 3298 etiamorem
3049 3202 3444 3298 excitamur;
3487 3229 3637 3296 quae
3667 3223 3818 3277 sunt

428 3292 880 3386 excellentiam
909 3300 1136 3381 gratim
1175 3292 1486 3381 munera,
1521 3300 1930 3386 proindeque
1998 3296 2219 3386 gratia;
2252 3315 2491 3362 nomen
2532 3316 2606 3362 ac
2645 3297 2909 3364 titulum
2974 3295 3306 3386 praecipue
3388 3292 3743 3366 merentur.
3780 3325 3807 3365 ›

517 3379 937 3474 _Yerissimam
985 3399 1144 3474 puto
1187 3388 1308 3453 viri
1351 3379 1709 3454 doctissimi
1784 3379 2438 3474 animadversionem,
2488 3405 2634 3472 quae
2690 3386 2933 3473 legitur
2968 3379 3149 3451 num.
3179 3379 3286 3466 il,
3370 3386 3472 3454 his
3525 3387 3746 3455 verbis
3793 3410 3807 3455 :

431 3492 458 3533 ‹
491 3467 888 3560 Plerumque
931 3467 1317 3543 vetustiores
1350 3477 1519 3556 illos,
1600 3497 1745 3544 cum
1790 3478 1867 3543 de
1898 3477 2095 3554 gratia
2145 3473 2252 3534 Dei
2286 3480 2341 3535 et
2373 3467 2682 3535 vacatione
2723 3467 2953 3560 agunt,
2995 3494 3127 3540 non
3189 3484 3318 3540 tam
3387 3478 3466 3543 de
3534 3479 3818 3540 interiori

425 3559 622 3619 animi
666 3567 854 3651 moi“,
922 3583 997 3630 ac
1028 3565 1157 3632 sive
1216 3565 1647 3632 illustratione
1695 3565 1956 3646 mentis,
2021 3563 2152 3629 sive
2197 3559 2715 3630 inﬂammatione
2755 3559 3104 3629 voluntatis
3177 3563 3380 3651 loqui,
3468 3569 3663 3651 quam
3735 3568 3812 3634 de

425 3656 680 3742 externa
707 3648 917 3742 aliqua
964 3653 1242 3732 beneﬁcia
1271 3654 1408 3730 Dei,
1456 3654 1660 3720 veluti
1705 3651 2611 3742 7Evangelii“praedicatione,
2686 3664 2801 3718 aut
2838 3663 3009 3742 statu
3048 3648 3278 3742 aliqua
3308 3648 3589 3742 vitam—ad
3618 3676 3811 3742 quem

423 3737 679 3830 occulto
719 3737 953 3830 deinde
1001 3742 1200 3809 animi
1249 3742 1556 3810 instinctu
1601 3737 2030 3809 trahuntur...
2077 3737 2230 3806 Haec
2267 3759 2418 3806 vero
2465 3739 2665 3830 hujus
2703 3741 2968 3828 generis
3000 3829 3011 3830 ί
3047 3737 3372 3830 beneﬁcia
3457 3737 3820 3830 prouierer

419 3828 660 3918 pietate
698 3847 774 3894 ac
811 3828 1048 3898 virtute
1099 3853 1219 3900 sua
1259 3843 1472 3898 certos
1512 3832 1832 3912 homines,
1877 3830 2286 3918 verissimum
2333 3838 2451 3894 est.
2496 3852 2523 3893 ›
2569 3828 2707 3906 Quo
2737 3850 2930 3897 sensu
2979 3829 3058 3897 de
3085 3829 3285 3896 Paulo
3329 3828 3561 3898 scribit
3613 3831 3811 3900 Theoi

416 3915 762 4019 phylactus
805 3919 883 4019 ad
926 3933 1123 4019 caput
1169 3937 1276 3992 vn,
1329 3920 1631 4019 Epistolas
1674 3921 1751 4019 ad
1770 3915 2423 4019 Romanos,nha.be‘re_
2460 3919 2664 4019 ipsum.
2716 3920 2990 4019 patuisse
3032 3921 3284 3998 merita,
3335 3938 3488 4019 _nan
3560 3920 3810 4019 (resolui

413 4003 470 4068 Et
493 4003 770 4095 perfecta
798 4011 890 4082 (ut
939 4003 1180 4078 ibidem
1225 4003 1492 4076 anndtat
1530 4009 1828 4076 Petavius
1867 4029 2047 4075 num,
2100 4008 2194 4095 4.),
2237 4006 2342 4067 sed
2371 4009 2664 4083 eiusmodi
2709 4016 2927 4084 tamen,
3005 4027 3142 4089 quae
3214 4017 3398 4072 tanta:
3469 4013 3804 4073 vacationis

413 4092 1454 4188 (videliceLapostolatus)elicere
1497 4116 1717 4161 munus
1744 4107 1979 4178 possent
2013 4092 2283 4158 adiuina
2315 4095 2602 4157 bonitate.
2696 4096 2917 4164 Virum
2998 4098 3435 4166 clarissimum
3507 4101 3801 4184 consule,

412 4181 1186 4277 de_alio_Théophylacti'
1217 4187 1356 4255 loco
1396 4189 1656 4277 egregie
1695 4189 2458 4277 disserentem_num._3.

497 4273 605 4344 90.
667 4269 1005 4358 Regulam'
1023 4277 1290 4348 alteram
1341 4269 1468 4344 ὴὶέ
1487 4269 1795 4367 proponit
1832 4278 2044 4344 verbis
2085 4275 2298 4367 Sixtus
2339 4272 2640 4367 senensis
2686 4295 2700 4339 :
2743 4297 2769 4337 ι
2815 4272 3098 4367 Rursum
3128 4275 3181 4342 si
3230 4296 3350 4344 nos
3384 4279 3463 4345 ad
3508 4287 3801 4346 contem-

407 4365 762 4455 plationem
800 4366 1012 4447 ﬁnalis
1031 4383 1228 4455 causa:
1267 4361 1743 4451 convertemus,
1786 4378 1959 4434 recte
2014 4365 2277 4454 quidem
2343 4361 2670 4429 afﬁrmare
2730 4364 3095 4455 poterimus
3138 4369 3575 4444 pram’sianum
3651 4385 3796 4444 ape-

407 4451 569 4538 ijum
599 4455 1091 4538 subseguentium
1159 4454 1384 4518 divinae
1440 4459 1656 4538 gratiae
1725 4451 2144 4536 receptiane-m,
2205 4469 2330 4513 esse
2397 4468 2646 4538 causam
2729 4451 3054 4538 electionis
3107 4462 3168 4515 et
3228 4457 3802 4535 praedestinatianis

407 4473 548 4517 rum
599 4473 776 4518 suase
817 4473 1091 4517 uenuum
1159 4473 1384 4518 awmae
1440 4473 1656 4538 gratiae
1725 4473 2144 4536 recepuane-m,
2205 4473 2330 4513 esse
2397 4473 2646 4513 causam
2729 4473 3054 4514 etecumus-
3107 4473 3168 4515 et
3228 4473 3802 4535 praeacsunauams

403 4535 690 4622 ﬁnalem.
763 4473 935 4603 geus
985 4534 1184 4616 enim,
1255 4547 1330 4602 ut
1412 4538 1648 4605 Paulus
1689 4538 1801 4619 ait,
1857 4539 2027 4614 elegit
2070 4551 2180 4594 nos
2211 4538 2350 4622 ante
2390 4533 2610 4622 mundi
2678 4534 3190 4610 constitutionem,
3237 4543 3294 4597 et
3346 4538 3822 4616 pradastinaril

403 4619 514 4686 nos
542 4635 608 4686 ut
669 4642 930 4690 essemus
973 4629 1171 4684 sancti
1198 4632 1252 4685 et
1278 4626 1661 4688 immaculuti
1691 4643 1899 4689 caram
1929 4643 1996 4686 ea
2026 4626 2096 4683 in
2129 4621 2376 4682 laudem
2404 4619 2612 4699 gloria:
2655 4623 2878 4698 gratia:
2923 4624 3076 4698 eius.
3102 4623 3240 4691 Hoc
3280 4635 3408 4707 est,
3483 4644 3604 4691 nos
3680 4623 3806 4692 sibi

403 4712 488 4802 ab
531 4725 777 4782 aeterno
825 4711 1050 4780 ascivit
1089 4711 1158 4778 in
1197 4732 1375 4802 suos,
1418 4724 1482 4781 et
1513 4714 1900 4802 praeparavit
1937 4711 2137 4802 nobis
2160 4707 2515 4802 vocationis
2545 4718 2608 4776 et
2636 4708 3128 4802 justiﬁcationis
3180 4713 3485 4800 gratiam,
3543 4712 3610 4780 in
3637 4733 3804 4802 eum

399 4801 701 4896 videlicet
739 4802 968 4884 ﬁnem,
1015 4810 1089 4896 ut
1125 4821 1200 4867 ea
1238 4801 1404 4896 bene
1465 4798 1830 4885 uieremur,
1873 4812 1937 4869 et
1980 4823 2055 4868 ex
2083 4798 2224 4888 ejus
2253 4798 2440 4896 _bono
2460 4799 2926 4896 _usugloriam
2988 4798 3406 4896 sempiternae
3479 4801 3804 4896 felicitatis

400 4891 944 4980 adipisceremur.
985 4979 992 4980 ί
1031 4889 1160 4957 Nec
1221 4890 1496 4957 dubium
1536 4903 1658 4974 est,
1693 4895 1944 4979 aliquos
1984 4911 2058 4957 ex
2094 4886 2422 4977 praedictis
2460 4886 2789 4980 Patribusr
2831 4886 3179 4980 secundum
3251 4890 3429 4958 hunc
3499 4891 3804 4979 loquendi

398 4978 643 5070 modum
684 4979 1170 5070 pronuntiasse,
1213 4996 1396 5070 opera
1441 4987 1646 5044 nostra
1691 5000 1729 5043 a
1790 4978 1909 5042 Dea
1937 4984 2192 5059 provisa
2225 4993 2465 5037 causam
2495 4993 2617 5037 esse
2659 4978 2884 5040 divina:
2908 4979 3488 5060 prmdestinationis,
3536 4978 3800 5046 finalem

403 5067 706 5155 quidem,
740 5089 872 5135 non
911 5079 1127 5136 autem
1179 5068 1607 5138 meritoriam.
1660 5095 1687 5135 θ

493 5155 683 5248 illinc
712 5158 934 5248 subire
971 5178 1234 5224 sensum
1259 5160 1567 5246 superius
1585 5161 1865 5228 adducta
1889 5153 2355 5248 Theophylacti
2383 5153 2576 5221 verba
2594 5167 2893 5248 possunt.
2939 5157 3009 5223 In
3058 5157 3146 5248 iis
3183 5159 3450 5248 quippe,
3499 5157 3612 5246 qui
3661 5176 3798 5220 cum

403 5243 593 5334 [Llll]
629 5247 809 5325 digni
850 5246 970 5307 sint
1004 5266 1077 5312 ac
1119 5249 1276 5325 apti,
1342 5243 1666 5316 _vocantur
1704 5251 1781 5316 ad
1831 5251 2056 5327 ﬁnem,
2097 5245 2412 5334 ﬁdes'ipsa,
2475 5263 2549 5309 ac
2615 5244 2813 5334 etiam
2869 5245 3029 5308 bona
3059 5243 3253 5309 libera
3273 5243 3622 5326 dispositio,
3705 5249 3803 5314 vel

395 5332 590 5400 (ianus
608 5335 946 5396 vocationis
972 5343 1024 5396 et
1054 5337 1270 5414 gratia
1295 5354 1462 5414 usus,
1519 5339 1994 5427 praevidebatur
2022 5357 2058 5402 a
2097 5333 2254 5414 Deo,
2298 5339 2588 5410 tanquam.
2620 5332 2816 5411 ﬁnis;
2873 5347 2938 5402 et
3005 5337 3084 5404 ad
3175 5337 3354 5406 hunc
3416 5337 3612 5404 ﬁnem
3690 5356 3797 5405 as-
