4132 6262
345 368 458 433 115
598 423 610 433 .
1228 370 1456 432 BERN.
1508 371 1775 432 MARIE
1819 367 1916 432 DE
1963 371 1977 430 ]

2083 373 2242 435 BEIS
2286 374 2808 440 DISSERTATIO.
3607 388 3623 447 l
3647 383 3715 448 16

341 502 728 595 non_ipsum
765 502 1104 595 continens
1135 501 1399 595 Domini
1441 523 1682 595 corpus
1707 513 1772 571 et
1796 502 2211 595 sanguinem.
2257 501 2388 569 Cur
2416 513 2740 595 ergatam
2762 504 3034 574 sollicite
3073 506 3395 595 Bulgarus
3426 511 3722 578 animad-

341 591 556 659 vertit
621 611 750 658 non
828 591 1066 658 dixisse
1135 591 1506 674 Dominum,
1594 593 1731 659 Hoc
1827 603 1924 658 est
1998 592 2239 678 ﬁgura,
2323 592 2462 672 sed,
2543 591 2678 654 Hoc
2747 605 2827 657 est
2886 613 3096 674 corpus
3168 591 3368 661 meum
3451 608 3506 661 et
3578 617 3720 661 caro

341 684 528 821 ila)an
567 682 685 774 βυτ
768 689 992 758 urgeat,
1050 697 1275 760 panem
1343 683 1607 762 converti
1689 681 1754 743 in
1821 682 2023 761 ipsum
2088 697 2311 760 corpus
2378 680 2631 762 Christi,
2720 691 2774 745 et
2837 688 3272 763 transformari
3341 690 3407 750 in
3477 707 3725 750 carnem

403 778 613 821 omini.
678 779 690 788 ·

403 778 613 822 οηηηι.
678 779 690 788 ’

435 840 586 911 Hac
627 839 896 908 audiens
937 840 1241 908 turbatur
1273 842 1435 909 ratio
1479 863 1552 910 ac
1593 861 1822 908 sensus
1859 839 2228 908 hominum.
2279 839 2516 908 Verum
2569 843 2962 917 neturbetur,
2999 865 3117 912 cur
3157 848 3243 908 ad
3265 865 3488 910 arcana
3520 850 3720 924 verba,

348 930 431 997 ad
479 929 913 996 accessionem
953 928 1231 1017 Spiritus
1263 932 1493 1014 sancti,
1539 932 1621 992 ad
1650 929 2020 1010 ineﬁ'abilem
2061 930 2488 1009 operationem,
2545 952 2692 1018 quae
2733 939 3110 1015 transmutat,
3182 945 3239 998 et
3302 941 3721 1018 transformet,

347 1027 405 1118 et
435 1018 936 1118 transelementet.
981 1019 1485 1118 confugiendum
1532 1019 1787 1118 fuerat?
1823 1017 1951 1087 Cur
2013 1018 2238 1086 eadem
2274 1021 2771 1118 transmutatio,
2817 1023 3036 1118 aliquo
3083 1029 3394 1118 _ut_modo
3435 1029 3719 1118 possibi-

348 1108 430 1196 lis
469 1107 599 1174 Deo
640 1109 1065 1196 intelligatur,
1113 1110 1479 1196 comparari
1522 1110 1820 1176 debuerit
1865 1128 2014 1175 cum
2069 1125 2230 1184 pane
2261 1107 2369 1169 illo
2412 1109 2524 1195 qui
2588 1127 2626 1169 a
2671 1107 2941 1172 Domina
2975 1111 3331 1178 ambulante
3363 1107 3716 1185 manduca-

353 1195 568 1286 batur,
609 1207 672 1262 et
713 1195 996 1286 ejusbin
1050 1195 1288 1285 corpus
1354 1198 1754 1280 mutabatur,
1815 1195 2422 1284 fiebatque_similis
2511 1218 2629 1285 per
2690 1200 3178 1268 conversionem
3223 1206 3720 1274 substantialem

349 1285 639 1373 ejusdem
682 1285 860 1352 carni
888 1285 918 1351 ?

437 1373 560 1472 Sed
603 1374 1148 1472 adhughumana
1195 1374 1364 1472 ratio
1402 1387 1464 1441 et
1493 1375 1833 1472 hominum
1874 1394 2104 1441 sensus
2159 1371 2404 1472 resistit
2451 1395 2466 1439 :
2509 1373 2648 1436 Non
2691 1385 2947 1472 apparet
2975 1380 3153 1472 nobis
3194 1401 3355 1458 caro,
3395 1385 3722 1472 inquiens,

231 1517 241 1528 .
347 1463 458 1529 sed
523 1463 745 1551 panis.
789 1463 853 1531 Si
899 1474 1228 1530 remaneat
1268 1464 1630 1530 substantia
1680 1461 1888 1551 panis,
1917 1473 1980 1529 et
2005 1482 2202 1529 unam
2236 1461 2466 1530 subeat
2504 1467 2895 1528 mutationem
2923 1467 3193 1542 virtutis,
3244 1472 3338 1538 vel
3367 1495 3402 1539 ει
3446 1461 3572 1542 D'eo
3607 1461 3725 1541 ob;

351 1551 555 1643 tineat
591 1554 893 1643 virtutem
924 1551 1286 1643 vivificandi
1330 1552 1604 1634 animas,
1636 1572 1832 1641 quam
1864 1551 2367 1643 panis_eju_squ_e
2404 1551 2767 1643 substantia
2801 1576 2920 1643 per
2964 1575 3104 1623 sese
3148 1577 3277 1625 non
3324 1561 3544 1643 habet,
3609 1585 3726 1631 cur

351 1639 995 1735 animadvertendum
1045 1640 1250 1735 fuerat
1293 1661 1411 1707 nos
1451 1639 1749 1735 edere'ac
1785 1651 2009 1735 potare
2065 1640 2132 1707 in
2175 1639 2589 1735 Eucharistia
2633 1639 2870 1735 corpus
2928 1653 2993 1712 et
3037 1647 3421 1734 sanguinem
3463 1639 3726 1735 Christi,

350 1749 481 1797 non
521 1749 752 1798 eorum
787 1731 1094 1798 duntaxat
1135 1730 1412 1818 figuram
1445 1730 1750 1797 sumere?
1774 1730 2147 1818 Abhorrere
2181 1749 2298 1796 nos
2332 1729 2560 1818 utique
2592 1752 2628 1797 a
2669 1729 2890 1803 crudae
2923 1735 3140 1801 carnis
3164 1729 3476 1808 humanae
3509 1729 3726 1809 come;

351 1818 667 1900 stione,ac
705 1830 863 1906 potu
905 1819 1244 1919 sanguinis
1275 1819 1570 1885 humani:
1603 1821 1714 1886 sed
1756 1817 2774 1919 nostras-indulgereinfirmitati
2815 1821 3014 1919 Deum
3047 1824 3362 1919 voluisse_._
3397 1829 3488 1896 Ita
3530 1853 3727 1919 porro

351 1927 614 1975 carnem
663 1919 726 1975 et
755 1907 1137 2001 sanguinem
1183 1929 1374 2001 suum
1418 1929 1680 2001 parasse
1720 1907 1912 1975 nobis
1951 1906 2174 2001 cibum
2198 1917 2261 1974 et
2298 1918 2552 2001 potum,
2600 1919 2672 1975 ut
2713 1910 2862 1997 pani
2905 1931 2981 1976 ac
3015 1911 3188 1989 vino,
3226 1915 3469 2001 quibus
3486 1906 3728 1987 assueti
3765 1975 3769 1979 .

353 2016 606 2077 sumus,
651 2009 1042 2085 apparerent
1073 1997 1356 2064 similia?
1395 1999 1701 2084 Adeoque
1742 2016 1976 2085 panem
2019 1995 2285 2083 quidem
2324 1996 2515 2065 nobis
2569 1995 2886 2085 apparere
2925 2010 2988 2066 et
3035 1995 3280 2085 vinum',
3337 2007 3446 2074 sed
3514 2031 3733 2076 revera

349 2102 602 2185 carnem
647 2093 858 2185 esseet
901 2087 1303 2164 sanguinem?
1335 2085 1646 2185 Videlicet
1701 2086 1965 2153 demum
2031 2090 2284 2185 speciem
2313 2088 2496 2166 panis
2526 2094 2579 2148 et
2609 2088 2744 2148 vini
2787 2106 3079 2165 servasse,
3123 2102 3186 2158 at
3238 2113 3476 2180 panem
3513 2097 3728 2185 ipsum

353 2187 417 2243 et
469 2175 687 2242 vinum
738 2174 806 2240 in
850 2195 1110 2241 carnem
1153 2187 1216 2242 et
1260 2175 1643 2261 sanguinem
1695 2173 2216 2242 transmutasse‘?

441 2263 604 2342 Quid
647 2274 768 2346 est,
823 2265 995 2351 quod
1041 2262 1315 2352 objicias
1371 2263 1615 2330 dictum
1665 2285 1701 2330 a
1760 2262 2270 2352 Theophylacto,
2337 2263 2572 2330 factam
2621 2266 3370 2337 transelementationem
3421 2273 3618 2342 fuisse
3658 2278 3725 2343 in

353 2355 635 2416 virtutem
678 2350 946 2432 corporis
991 2360 1045 2413 et
1090 2350 1406 2432 sanguinis
1439 2353 1722 2414 Domini?
1752 2352 1819 2419 ld
1863 2350 2089 2438 utique
2129 2350 2195 2417 in
2235 2351 2358 2418 hoc
2398 2353 2476 2419 ad
2521 2363 2818 2420 sanctum
2857 2354 3144 2424 Marcum
3187 2357 3329 2425 loco
3368 2362 3459 2428 ait
3515 2364 3729 2433 Theo-

352 2442 718 2532 phylactus,
763 2442 937 2529 quod
974 2441 1050 2508 ad
1095 2452 1389 2508 sanctum
1433 2441 1800 2508 Matlhzeum
1842 2451 1906 2507 et
1969 2441 2546 2532 Joannemidocet,
2584 2459 2802 2532 panem
2838 2445 3102 2522 quidem
3185 2449 3355 2510 nobis
3413 2469 3725 2530 apparere,

353 2529 466 2592 sed
492 2547 704 2592 revera
749 2547 993 2592 carnem
1039 2548 1216 2611 esse:
1262 2538 1315 2591 et
1363 2532 1795 2604 transformari
1854 2530 2099 2591 arcanis
2141 2529 2345 2611 verbis
2397 2549 2630 2609 panem
2703 2531 2902 2611 illum,
2950 2535 3193 2596 etiamsi
3235 2537 3409 2600 nobis
3452 2529 3733 2604 videatur

353 2612 559 2699 paniv,
607 2612 673 2671 in
715 2627 966 2699 carnem
1025 2609 1320 2699 Domini_:_
1384 2619 1458 2699 et.
1499 2627 1716 2699 panem
1771 2614 1836 2671 in
1893 2625 2144 2699 carnem
2215 2609 2461 2699 Domini
2533 2614 2789 2699 mutari,
2839 2609 2979 2699 licet
3023 2614 3168 2699 talis
3229 2615 3396 2679 nobis
3435 2631 3732 2699 appareat

354 2689 647 2771 mysi-itus
689 2691 876 2758 cibus,
925 2689 1202 2768 qualibus
1233 2690 1458 2780 alioqui
1489 2691 1717 2750 assueti
1757 2706 1990 2780 sumus.
2037 2689 2196 2758 Rem
2266 2689 2466 2776 hane
2509 2690 2812 2780 patefacit
2886 2692 2954 2760 in
3008 2695 3232 2761 eodem
3277 2699 3355 2764 ad
3433 2689 3728 2770 δξλῂςιιηη

355 2783 643 2851 Marcum
687 2780 830 2869 loco
871 2790 1230 2846 contextus.
1286 2778 1446 2847 Dicit
1487 2780 1654 2846 enim
1695 2778 2225 2868 archiepiscopus
2286 2778 2529 2858 panem'
2592 2799 2710 2842 non
2779 2799 2904 2842 esse
2999 2782 3255 2860 ﬁguram
3299 2794 3354 2846 et
3422 2790 3734 2869 θωενηριαν

355 2869 659 2950 quoddam
719 2868 1015 2959 Dominici
1057 2869 1350 2948 corporis,
1398 2871 1534 2950 sed,
1581 2870 1644 2928 in
1716 2870 1908 2959 ipsum
1957 2869 2221 2929 converti
2267 2885 2480 2959 corpus
2550 2869 2799 2959 Christi.
2854 2870 3047 2959 Addit
3088 2870 3218 2954 ille,
3269 2890 3512 2938 carnem
3585 2868 3729 2959 qui-

357 2960 494 3022 dem
536 2976 659 3020 non
710 2958 926 3027 videri.
978 2959 1089 3026 sed
1157 2967 1410 3039 propter
1438 2967 1708 3021 nostram
1742 2957 2161 3036 inﬁrmitatem
2197 2957 2360 3019 istud
2387 2958 2547 3036 ﬁeri,
2590 2958 2896 3046 quoniam
2956 2958 3037 3025 ab
3105 2981 3220 3028 esu
3266 2964 3479 3031 carnis
3520 2957 3733 3035 homi-

356 3048 460 3116 nis
498 3059 561 3115 et
609 3047 946 3135 sanguinis
984 3058 1141 3136 potu
1183 3049 1638 3115 abhorremus.
1689 3046 1974 3134 Denique
2013 3047 2361 3128 concludit,
2409 3049 2666 3126 speciem
2709 3050 2890 3126 panis
2935 3056 2991 3108 et
3034 3050 3168 3109 vini
3206 3055 3460 3128 servari,
3513 3058 3623 3124 sed
3665 3059 3736 3125 in

359 3139 644 3200 virtutem
673 3139 876 3200 carnis
919 3143 975 3198 et
1029 3140 1346 3216 sanguinis
1400 3137 1922 3200 transelementari
1971 3153 2196 3217 panem
2238 3143 2296 3197 et
2351 3136 2583 3198 vinum.
2631 3137 2788 3216 Quis
2827 3137 2992 3204 hanc
3034 3139 3316 3201 virtutem
3347 3141 3735 3215 intellexerit

359 3227 620 3295 veritati
657 3226 1062 3315 oppositam?

450 3315 585 3406 Imo
623 3313 873 3396 speciem
909 3316 1088 3395 panis
1129 3322 1184 3378 et
1227 3318 1376 3396 vini,
1424 3315 1679 3404 reponit
1717 3315 2117 3406 Albertinus,
2162 3313 2228 3406 in.
2271 3315 2554 3406 uirtutem
2584 3315 2792 3376 carnis
2833 3323 2888 3377 et
2929 3317 3273 3397 sanguinis,
3298 3317 3487 3406 juxta
3522 3321 3732 3394 Theo-

404 3404 763 3493 hylactum,
795 3407 1339 3493 transelementari
1387 3423 1398 3467 :
1447 3403 1590 3493 qua:
1617 3426 1745 3470 non
1786 3404 1911 3493 alia
1971 3413 2090 3485 est,
2159 3403 2286 3470 nisi
2334 3403 2598 3493 virtutis,
2677 3416 2790 3493 aut
2829 3406 2892 3464 in.
2936 3407 3216 3493 virtutem
3281 3403 3731 3478 transmutatio.

359 3425 763 3559 PnylaClum,
809 3425 1337 3466 transcwmemuri
1387 3425 1398 3467 ξ
1447 3428 1590 3493 qua}
1617 3426 1745 3470 ηοΠ
1786 3425 1911 3472 alla
1971 3425 2090 3485 CSI,
2159 3425 2286 3470 nlSl
2334 3425 2598 3477 υινιῑιιιε,
2677 3425 2790 3470 alll,
2829 3425 2892 3464 ιη.
2936 3425 3216 3467 ῑηνιῑιιβθη
3281 3425 3729 3478 transmutatio.

364 3495 658 3586 ⁸ιπιοΔίὶθ
712 3492 1065 3556 substantiae
1087 3493 1274 3586 panis
1341 3507 1402 3586 et
1477 3493 1602 3586 vini
1686 3492 2314 3586 transelementatione
2377 3491 2807 3586 disertissime
2876 3515 3098 3586 agere
3143 3492 3729 3586 Theophylactum,

359 3581 588 3674 inquio
652 3603 834 3674 _ego,_
895 3583 1298 3674 consentient
1349 3583 1533 3674 iboni
1645 3604 1906 3674 sensus
1974 3582 2180 3672 [LVII]
2217 3601 2510 3674 _omnes.
2614 3581 3102 3674 Archiepiscopi
3144 3581 3490 3674 namque,
3581 3581 3735 3659 sana

360 3669 575 3739 mente
615 3671 668 3739 si
707 3672 902 3738 verba
941 3671 1080 3758 ejus
1120 3673 1590 3760 expendantur,
1636 3671 1952 3739 sententia
1977 3669 2098 3738 'est
2141 3669 2179 3737 :~
2204 3669 2457 3742 Panem,
2520 3686 2694 3760 quem
2767 3669 3064 3734 Dominus
3119 3669 3382 3734 daturus
3440 3686 3550 3747 est,
3615 3699 3736 3742 non

358 3776 481 3847 esse
536 3760 792 3847 ﬁguram
821 3767 1032 3822 carnis
1062 3758 1217 3847 ejus,
1247 3762 1351 3822 sed
1410 3765 1540 3847 ejus
1592 3779 1793 3847 rerum
1843 3777 2138 3847 carnem;
2169 3775 2445 3847 _ca_rnem
2511 3758 2750 3847 quidem
2802 3779 2919 3847 non
2954 3761 3173 3841 rideri,
3211 3763 3501 3847 quoniam
3554 3767 3735 3847 inﬁr-

359 3841 566 3925 mitati
593 3849 835 3925 nostrai,
889 3857 1023 3925 c_um
1058 3841 1145 3925 ab
1175 3859 1275 3902 esu
1306 3842 1510 3925 cruda:
1541 3843 1742 3925 carnis
1774 3850 1831 3903 et
1877 3841 2229 3925 sanguinis
2261 3840 2522 3925 humani
2571 3847 2750 3925 potus
2787 3840 3270 3925 abhorreamns,
3326 3840 3647 3925 indulgens
3679 3858 3735 3912 et

359 3920 835 3982 condescendens
892 3921 1206 4000 Dominus,
1239 3922 1498 4000 speciem
1528 3923 1766 4000 quitiam
1819 3919 2012 4000 panis
2054 3927 2124 4000 et
2167 3921 2298 3980 vini
2344 3925 2568 4000 servat,
2610 3919 2716 4000 sed
2775 3923 2836 3981 in
2868 3923 3150 3982 uirtutem
3204 3925 3408 3983 carnis
3467 3919 3524 3986 et
3581 3946 3733 3990 san-

357 4000 830 4090 guinispanem
862 4002 1061 4080 ipsum
1092 4008 1149 4063 et
1177 3999 1384 4062 uinum
1420 3999 1930 4063 transelementat.
1966 3999 2468 4090 Dubiumenim
2510 3999 2917 4081 movebatur,
2966 4011 3312 4090 propterea
3361 4007 3534 4090 quod
3580 4029 3734 4078 caro

356 4109 493 4180 non
531 4088 884 4170 videretur,
928 4101 992 4156 et
1030 4090 1215 4178 panis
1248 4091 1623 4180 apparebat.
1657 4091 1821 4158 Hinc
1873 4109 2024 4180 vero
2085 4088 2366 4180 solutio:
2439 4107 2700 4154 carnem
2742 4109 2872 4157 non
2913 4088 3145 4172 videri,
3192 4092 3254 4156 in
3301 4088 3445 4159 eam
3488 4095 3730 4165 nihilo-

362 4177 580 4246 minus
630 4199 860 4266 panem
903 4177 1488 4261 transelementari,
1531 4191 1779 4246 servata
1821 4179 2036 4267 specie
2076 4177 2284 4266 panis.

452 4269 588 4335 Cur
631 4264 829 4355 ergo,
895 4277 1220 4356 reponunt
1259 4269 1663 4350 heterodoxi,
1706 4264 1950 4352 vocem,
1997 4264 2288 4347 uirtutis,
2362 4264 2665 4332 adhibeat
2722 4265 2786 4332 in
2829 4267 3056 4334 eodem
3099 4267 3177 4333 ad
3222 4267 3503 4336 Marcum
3549 4292 3732 4340 com-

362 4356 722 4425 mentario?
768 4356 1089 4424 Nimirum
1159 4367 1232 4424 ut
1309 4357 1536 4425 doceat
1601 4359 1768 4425 hanc
1846 4358 1990 4426 ﬁeri
2056 4356 2768 4433 transelementationem,
2809 4367 2873 4423 et
2927 4358 3542 4441 transformationem,
3613 4383 3732 4431 seu

361 4447 930 4509 transmutationem
977 4447 1041 4513 in
1084 4468 1324 4536 corpus
1367 4445 1633 4524 Christi,
1708 4448 1944 4514 virtute
2027 4448 2319 4535 plenum,
2405 4455 2468 4511 et
2535 4464 2654 4510 nos
2698 4444 3056 4536 vivificans.
3100 4445 3253 4536 Re_m
3301 4447 3468 4536 hanc
3551 4451 3739 4518 lucu~

359 4536 716 4604 lentissime
756 4538 1070 4604 exclamat
1148 4534 1219 4602 in
1275 4547 1470 4624 caput
1504 4555 1560 4602 Vl
1598 4537 1870 4604 Joannis
1916 4558 1929 4602 :
1997 4534 2047 4600 «ί
2074 4536 2260 4624 Nunc
2319 4541 2534 4624 autem
2583 4535 3139 4624 condescendente
3177 4534 3454 4624 Domino
3496 4551 3738 4609 nostrae

362 4625 754 4708 infirmitati,
801 4626 945 4692 talis
985 4636 1256 4714 apparet
1307 4620 1619 4714 mysticus
1656 4625 1873 4707 cibus,
1903 4623 2250 4714 irqualibus
2294 4620 2536 4714 alioqui
2579 4623 2820 4714 assueti
2862 4643 3111 4714 sumus.
3161 4623 3281 4714 Pro
3345 4628 3556 4689 muerli
3618 4647 3738 4690 au-

360 4721 478 4776 tem
521 4717 649 4777 vita
693 4732 939 4776 carnem
984 4709 1157 4775 suam
1215 4721 1269 4775 et
1325 4709 1574 4775 mortem
1625 4715 1813 4776 dedit.
1840 4735 1867 4770 ι
1902 4709 1983 4780 Et
2018 4712 2231 4779 infra:
2310 4735 2336 4774 σι
2386 4709 2594 4776 Judaei
2658 4732 2808 4778 cum
2851 4711 3183 4778 audissent
3223 4713 3294 4773 tle
3357 4731 3457 4774 esu
3515 4724 3734 4780 carnis

359 4804 574 4887 illius,
617 4804 1039 4872 discedunt...
1095 4803 1235 4887 lpse
1310 4805 1530 4871 volens
1608 4803 1730 4869 hoc
1784 4803 2152 4884 ostendere,
2204 4800 2360 4880 quod
2393 4816 2516 4860 non
2556 4800 2633 4860 sit
2665 4801 3058 4879 impossibile,
3138 4803 3246 4866 sed
3299 4801 3493 4868 etiam
3547 4807 3732 4875 valde

359 4893 830 4976 necessarium,
890 4893 981 4961 ait
1032 4915 1044 4959 :
1113 4888 1245 4955 Non
1275 4899 1469 4970 potest
1517 4891 1702 4953 aliter
1733 4892 1940 4953 haberi
2001 4893 2154 4968 vita,
2197 4891 2319 4951 nisi
2374 4905 2569 4949 meam
2614 4905 2864 4950 carnem
2919 4888 3325 4952 comedetis...
3377 4890 3516 4958 Non
3564 4895 3737 4963 enim

363 4981 514 5042 nudi
546 4982 810 5043 hominis
839 5003 991 5051 caro
1060 4992 1180 5063 est,
1253 5003 1398 5068 quae
1441 4982 1871 5048 manducatur
1915 5002 1928 5047 :
1971 4980 2080 5048 sed
2122 4980 2258 5060 Dei,
2331 4989 2396 5046 et
2435 4995 2567 5058 quia
2607 4978 3107 5068 deiﬁcareralet,
3161 4989 3402 5068 ~utpote
3446 4994 3735 5051 contem-

361 5079 588 5160 perata
636 5071 944 5139 dignati...
991 5072 1234 5160 lterum
1274 5066 1423 5160 nudi
1453 5071 1720 5132 hominis
1760 5090 1912 5137 caro
1951 5070 2115 5137 nihil
2154 5070 2463 5160 prodesse
2507 5077 2715 5155 potest
2768 5089 2781 5132 :
2827 5067 2936 5134 sed
2971 5067 3126 5154 quia
3160 5066 3329 5134 Deus
3375 5069 3580 5137 univit
3615 5073 3739 5140 sibi

361 5156 623 5248 carnem
674 5163 1030 5229 secundum
1072 5159 1467 5228 ineffabilem
1512 5156 2204 5248 contemperationem,
2247 5156 2494 5226 vivifica
2535 5167 2842 5248 estcaro.

451 5246 723 5315 Sensum
765 5250 1070 5337 exprimit
1128 5249 1528 5335 ipsissimum
1573 5244 1963 5337 Euthvmius
2011 5250 2077 5317 in
2120 5248 2492 5316 Matthaeum
2541 5267 2554 5310 ε
2607 5244 3129 5337 Quemadmodum
3186 5249 3747 5337 supernaturaliter

361 5345 736 5417 assumptum
783 5334 1026 5400 carnem
1078 5334 1385 5417 dei/ienuit
1441 5362 1454 5400 :
1503 5347 1556 5400 ρι
1610 5334 2036 5427 Ιιινσ“(ρειηθηι
2077 5348 2139 5406 ει
2171 5337 2418 5424 vinum)
2454 5341 2832 5396 transmutat
2883 5334 2948 5395 in
2997 5337 3194 5414 ipsum
3247 5334 3558 5413 viviﬁcum
3607 5353 3740 5398 cor-
