4082 6258
432 328 543 392 135
1512 352 1516 356 ’
1908 329 2044 395 ADll

2189 324 2332 391 [ΤΙΟ
3686 332 3707 385 l
3727 322 3801 390 36

1368 603 1796 669 STUDIOSIS
1839 604 2258 669 SACRARUJ!
2301 606 2846 669 LI'I‘TERARUM.

2082 810 2167 820 ..νι-

507 962 768 1047 [LXXII]
800 963 943 1025 Cum
980 966 1176 1027 multa:
1204 985 1300 1028 res
1325 966 1464 1039 sint,
1504 984 1758 1047 quarum
1793 981 1932 1047 usus
1965 962 2198 1024 utilitati
2228 971 2405 1047 atque
2449 963 2624 1047 etiam
2657 971 3009 1047 ornamento
3045 961 3215 1024 nobis
3248 982 3377 1047 esse
3409 964 3624 1047 solent,
3664 966 3798 1027 ﬁeri

424 1051 617 1128 tamen
651 1042 1038 1128 videmus,_ut
1069 1065 1269 1128 earum
1300 1042 1798 1128 rertiquuzedam
1824 1045 2082 1123 jaceant,
2120 1042 2388 1128 quaedam
2421 1045 2598 1128 etiam
2639 1061 2879 1128 prorsus
2910 1042 3225 1128 intereant.
3263 1044 3624 1128 Hujusmodi
3657 1056 3797 1107 sunt

426 1125 716 1207 humana:
753 1123 961 1185 mutari
986 1127 1445 1201 omniaconstat,
1472 1123 1618 1187 nihil
1647 1127 1803 1207 idem
1836 1141 2074 1207 semper
2098 1123 2208 1207 est.
2237 1126 2301 1184 ln
2332 1126 2548 1207 litteris
2574 1124 2815 1207 quidem
2839 1123 3158 1207 maximam
3186 1125 3477 1207 jactutam
3500 1126 3752 1187 fecimus
3778 1148 3792 1207 ;

426 1205 507 1288 ita
539 1204 724 1288 multa
753 1214 1015 1288 veterum
1048 1208 1267 1286 scripta
1299 1217 1628 1288 temporum
1663 1203 1997 1288 calamitate
2034 1204 2360 1288 perierunt.
2397 1204 2539 1280 Sed,
2574 1203 2617 1288 oi
2642 1204 2989 1281 praeclarum
3014 1203 3228 1288 virum,
3262 1206 3362 1288 qui
3393 1225 3610 1288 novam,
3643 1203 3795 1267 hanc

424 1285 792 1346 edendorum
826 1285 1111 1346 librorum
1164 1283 1450 1349 rationem
1492 1285 1748 1348 invenit!
1800 1289 1942 1348 Cum
1991 1285 2151 1344 enim
2196 1303 2503 1346 sacrarum
2563 1285 2913 1346 Litterarum
2964 1283 3183 1349 studia.
3215 1283 3437 1347 multis
3488 1287 3545 1347 in
3598 1287 3792 1348 lucem

427 1365 819 1444 scriptoribus
850 1366 1046 1435 editis,
1080 1368 1179 1445 qui
1213 1369 1495 1429 hactenus
1528 1369 1584 1428 in
1620 1365 1883 1428 tenebris
1915 1364 2293 1445 delituerant,
2325 1364 2385 1425 in
2417 1368 2546 1427 dies
2578 1364 2763 1442 magis
2810 1383 2879 1425 ac
2929 1362 3114 1442 magis
3159 1384 3191 1425 a
3240 1365 3601 1427 doctissimis
3654 1369 3796 1428 viris

425 1445 787 1520 excolantur,
815 1444 1183 1527 etpraeclara
1217 1449 1579 1509 eruditorum
1616 1444 2192 1527 hominumingenia
2217 1445 2293 1527 ini
2315 1445 2406 1505 his
2445 1465 2578 1508 sese
2602 1455 2937 1527 exerceant,
2974 1452 3248 1527 quantam
3291 1446 3490 1508 animo
3526 1465 3790 1527 possum,

424 1528 736 1608 maximam
770 1526 936 1608 capio
970 1528 1351 1608 voluptatem,
1389 1538 1706 1608 propterea
1728 1525 1881 1608 quod
1914 1524 2112 1608 divino
2143 1525 2396 1608 quodam
2452 1544 2701 1608 munere
2744 1524 2804 1585 id
2837 1526 3053 1608 factum
3088 1524 3337 1608 videtur,
3373 1535 3436 1608 ut
3481 1524 3795 1608 excellenti

425 1604 669 1686 ingenio
698 1623 767 1665 ac
796 1603 1066 1666 doctrina
1094 1603 1200 1668 viri
1227 1608 1318 1668 his
1348 1603 1410 1669 se
1442 1603 1651 1668 studiis
1681 1603 2041 1686 dediderint,
2076 1603 2294 1686 quibus
2327 1625 2445 1667 non
2473 1606 2711 1667 inanem
2746 1603 3059 1685 quamdam
3083 1605 3236 1686 apud
3270 1607 3539 1668 homines
3568 1607 3793 1686 glorio-

422 1685 537 1746 lam
572 1687 1066 1766 aucupamur,sed
1101 1687 1273 1748 nobis
1304 1688 1375 1748 ad
1408 1688 1909 1748 immortalitatem
1943 1685 2584 1759 viam’communimus,
2611 1686 2984 1766 ut,despecta
3016 1685 3249 1764 penitus
3276 1704 3477 1747 rerum
3503 1685 3792 1748 humana-

425 1784 553 1826 rum
585 1764 1014 1847 imbecillitate,
1064 1768 1323 1828 animum
1374 1773 1445 1829 ad
1494 1767 1752 1829 coelestia
1804 1768 2120 1847 erigamus,
2145 1785 2574 1847 summumque
2630 1764 2910 1826 illum’ac
2960 1774 3387 1847 praepotentem
3442 1770 3626 1829 Deum
3674 1776 3792 1829 toto

425 1846 1122 1929 pectoreamplexemur,
1160 1847 1237 1908 ita
1267 1857 1329 1929 ut
1358 1847 1841 1929 quammiuima,
1870 1846 2010 1907 dum
2043 1845 2103 1929 in
2144 1846 2250 1907 hac
2280 1847 2410 1908 vitae
2442 1845 2623 1929 quasi
2654 1846 3128 1929 peregrinatione
3173 1865 3403 1929 sumus,
3446 1847 3616 1908 nobis
3637 1866 3789 1929 cum

422 1925 774 2008 corporibus
802 1927 877 2008 sit
906 1930 1204 2008 contagio,
1232 1928 1334 1989 sed
1369 1925 1437 1989 ea
1469 1927 1640 1989 nobis
1670 1947 1787 1989 una
1830 1935 1887 2008 et
1931 1926 2224 2006 praecipua
2271 1945 2426 1993 cura.
2459 1925 2521 1988 ut
2549 1926 2660 2008 _bis
2691 1926 2882 2008 soluti
2910 1926 3163 1986 vinculis
3193 1926 3251 2008 in
3296 1928 3598 1989 caelestem
3633 1928 3788 1989 illam

421 2006 694 2146 Eatriam,
730 2007 889 2067 unde
912 2009 1118 2086 paucis
1149 2005 1285 2070 ante
1315 2008 1484 2069 annis
1533 2009 1775 2071 demissi
1824 2007 2065 2079 fuimus,
2099 2005 2513 2084 remigremus.
2548 2005 2771 2069 Vetum
2805 2006 2899 2085 (a)
2943 2024 3076 2066 cum
3112 2006 3272 2067 nulla
3301 2025 3367 2068 re
3400 2008 3585 2086 magis
3614 2026 3790 2088 quam

473 2086 723 2146 vangelii
755 2086 1010 2146 lectione
1040 2088 1410 2146 adiuvemur.
1445 2107 1562 2146 uua
1594 2089 1661 2146 ad
1697 2087 1948 2146 caelestis
1977 2085 2110 2146 vitae
2158 2086 2544 2146 imitationem
2597 2086 2990 2146 instituimur.
3041 2105 3158 2146 non
3208 2086 3480 2146 inutilem
3532 2098 3788 2146 nostram

473 2086 723 2169 vangelii
755 2085 1010 2169 lectione
1040 2088 1410 2167 adjuvemur,
1445 2107 1562 2169 qua
1594 2089 1661 2149 ad
1697 2085 2127 2169 caelestisvitaa
2158 2086 2544 2169 imitationem
2597 2086 2990 2169 instituimu_r,
3041 2105 3158 2169 non
3197 2085 3788 2169 _inu_tilem;nos_tram

422 2184 663 2245 operam
696 2166 823 2226 fore
845 2165 1266 2245 judicaviinus,
1304 2170 1349 2228 si
1380 2165 1642 2232 Graecam
1688 2177 1745 2229 et
1776 2187 1808 2228 e
1839 2166 2081 2245 regione
2108 2167 2373 2229 Latinam
2407 2186 2564 2228 nunc
2610 2168 2863 2247 primum
2908 2165 3330 2247 Theophylacti
3371 2168 3430 2228 in
3479 2167 3792 2247 Evangelia

423 2247 1000 2329 interpretationem,
1039 2267 1328 2308 summam
1362 2248 1637 2309 videlicet
1665 2247 1979 2329 quamdam
2020 2247 2141 2307 fere
2173 2266 2205 2308 e
2236 2248 2637 2329 Chrysostomi
2668 2247 3113 2329 commentariis
3145 2250 3510 2329 decerptam,
3556 2249 3790 2329 publice

424 2325 741 2407 legendam
766 2325 1174 2387 emitteremus
1206 2346 1219 2390 :
1271 2330 1596 2407 praesertim
1629 2325 1823 2389 cumm
1859 2327 1918 2387 in
1953 2346 2046 2401 ea,
2081 2346 2213 2406 quae
2244 2327 2302 2387 in
2338 2325 2605 2389 Latinum
2641 2325 3052 2407 superioribus
3085 2328 3256 2407 abitis
3288 2325 3454 2388 versa
3487 2325 3791 2402 esi,multa

420 2407 642 2489 desint,
692 2406 858 2489 plura
888 2426 1038 2489 vero,
1064 2405 1375 2489 perperam
1411 2409 1713 2489 legantur,
1739 2409 1862 2470 sive
1894 2405 2112 2467 veteris
2140 2408 2518 2487 exemplaris,
2554 2408 2675 2469 sive
2708 2405 3071 2486 interpretis.
3099 2405 3529 2489 (Ecolampadii
3561 2427 3789 2487 preser-

424 2487 555 2568 tim,
591 2487 865 2568 ea‘culpa
894 2487 1090 2568 fuerit.
1125 2488 1307 2550 Plane
1337 2490 1445 2549 hoc
1467 2487 1844 2562 beneficium,
1869 2497 2397 2568 quantumcunque
2423 2498 2531 2562 est,
2566 2489 2719 2568 quod
2748 2497 2911 2548 certe
2931 2489 3245 2547 maximum
3266 2496 3375 2567 est,
3411 2488 3786 2568 Morellorum
3866 2494 3873 2502 '

422 2567 615 2627 virtuti
648 2565 923 2649 debetur.
958 2566 1083 2628 Viri
1115 2569 1334 2649 quippe
1363 2569 1724 2647 benignitate
1754 2565 2040 2647 insignes,
2066 2567 2137 2649 ad
2170 2565 2515 2648 reipublicae
2546 2565 2853 2629 utilitatem
2883 2576 2945 2649 et
2985 2568 3295 2649 commoda
3345 2565 3489 2643 nati,
3530 2578 3789 2630 veterem

421 2647 911 2729 consuetudinem
945 2647 1200 2721 servant,
1223 2647 1493 2710 excitant
1524 2649 1708 2710 bonas
1737 2656 1894 2710 artes
1922 2647 2128 2729 quovis
2157 2647 2423 2729 sumptu,
2457 2649 2671 2729 quovis
2694 2647 2960 2728 praemio,
2995 2648 3236 2721 faciunt,
3272 2654 3335 2709 ut
3374 2666 3505 2728 quae
3527 2658 3788 2710 veterum

422 2724 661 2809 Graeciae
690 2729 930 2809 Patrum
962 2737 1342 2790 monumenta
1386 2731 1782 2809 celebrantur,
1821 2747 1888 2790 ea
1921 2724 2029 2789 hac
2061 2737 2232 2809 aetate
2265 2724 2509 2809 minime
2550 2724 2986 2790 desideremus.
3024 2729 3224 2807 Itaque
3268 2724 3536 2789 nostrum
3583 2738 3692 2798 est,
3730 2739 3791 2790 ut

424 2807 513 2891 eis
539 2825 657 2868 non
689 2808 865 2868 modo
898 2827 1002 2886 pre
1035 2809 1498 2891 Theophylacto,
1542 2829 1711 2891 quem
1745 2807 2057 2891 habemus,
2090 2808 2195 2869 sed
2229 2808 2401 2891 etiam
2438 2829 2541 2889 pro
2577 2809 2645 2870 iis
2688 2826 2819 2890 quae
2847 2815 3281 2889 exspectamus,
3314 2816 3371 2869 et
3401 2809 3528 2869 vitae
3553 2809 3789 2871 diutur-

421 2886 689 2961 nitatem;
725 2897 783 2948 et
812 2906 942 2968 quae
971 2886 1517 2968 optima'ha'bentur
1548 2886 1607 2951 in
1640 2892 1777 2971 vita,
1805 2909 1839 2951 a
1868 2888 1989 2950 Deo
2023 2906 2356 2969 precemur.
2395 2886 2619 2952 Valete.

508 3046 589 3127 (a)
624 3046 696 3109 Ut
728 3047 941 3132 habeat
964 3048 1185 3132 Lector
1214 3049 1371 3111 unde
1401 3060 1605 3132 noscat
1633 3070 1804 3132 quam
1838 3046 2089 3132 ridicule
2121 3047 2272 3132 hanc
2305 3048 2709 3132 praafationem
2747 3047 3398 3132 interpolaveriteditor
3416 3047 3785 3132 Pagisiz-nsis.

425 3126 605 3210 legat,
641 3147 772 3210 quae
801 3131 895 3190 hic
928 3129 1214 3206 sistimus,
1237 3130 1495 3208 genuina
1517 3126 2034 3194 Romanieditoris
2065 3128 2240 3210 verba
2273 3126 2353 3210 :‘ci
2380 3128 2600 3190 Verum
2631 3148 2761 3190 cum
2796 3126 2963 3210 nulla
2982 3148 3048 3189 re
3078 3130 3261 3206 magis
3291 3148 3464 3210 quam
3488 3129 3788 3208 Evangelii

426 3208 679 3291 lectiOne
707 3209 1053 3291 adjuvemur
1083 3228 1197 3290 qua
1228 3211 1299 3271 ad
1335 3212 1592 3272 caelestis
1623 3214 1755 3273 vitae
1786 3210 2172 3291 imitationem
2200 3209 2605 3291 instituimur,
2642 3229 2756 3271 non
2798 3209 3067 3270 inutilem
3102 3208 3361 3291 nostrain
3392 3227 3634 3291 Operam
3664 3210 3791 3273 fore

415 3288 837 3372 indicavimus,
873 3289 922 3351 si
952 3288 1213 3372 Graecam
1265 3291 1685 3372 Theophylacti
1732 3291 1793 3351 in
1840 3289 2151 3372 Evangelia
2195 3288 2769 3372 interpretationem,
2815 3307 3109 3349 summam
3156 3288 3452 3372 videlicet'
3474 3291 3790 3372 quamdam

419 3368 544 3429 fere
574 3387 607 3452 e
639 3367 1035 3452 Chryisostomi
1069 3367 1905 3452 commentariis'decerptam,
1939 3367 2181 3452 publice
2221 3367 2528 3452 legendam
2561 3377 3009 3449 emitteremus;
3058 3370 3382 3452 praesertim
3415 3367 3547 3452 cuin
3600 3371 3661 3431 in
3693 3389 3787 3452 ea,

424 3466 556 3528 qua)
584 3449 648 3530 in
677 3450 949 3530 Latinum
981 3449 1388 3530 superioribus
1417 3451 1590 3514 annis
1619 3449 1784 3513 versa
1806 3449 1915 3523 est,
1939 3449 2121 3510 inulta
2149 3450 2367 3530 desint,
2402 3450 2571 3530 plura
2590 3468 2731 3512 vero
2758 3468 3069 3530 perperam
3102 3450 3392 3529 legantur,
3425 3450 3549 3512 sive
3574 3449 3789 3530 veteris

423 3527 799 3612 exemplaris,
835 3529 956 3612 sive
988 3527 1333 3612 interpretis
1366 3549 1434 3591 ea
1466 3533 1638 3612 culpa
1689 3532 1887 3594 fuerit.
1940 3531 2117 3591 Plane
2146 3527 2679 3612 bocbencﬁcium,
2731 3527 3252 3612 quantumcunque
3294 3539 3403 3612 est,
3436 3529 3590 3612 quod
3622 3540 3785 3592 certe

426 3608 744 3670 tnaximum
775 3618 887 3681 est,
920 3609 1081 3671 Pauli
1115 3611 1193 3671 lll
1224 3610 1435 3671 divinae
1463 3608 1659 3673 virtuti
1691 3612 1961 3673 debetur.
1991 3609 2256 3671 Pontifex
2280 3609 2643 3689 benignitate
2666 3608 2937 3687 insignis,
2972 3608 3242 3672 natus'ad
3271 3608 3530 3670 tollenda
3547 3609 3769 3671 human

424 3690 663 3767 generis
721 3689 1123 3770 incommoda,
1187 3699 1445 3752 veterem
1500 3692 1993 3754 consuetudinem
2045 3691 2533 3770 servat,iexcitat
2578 3690 2761 3753 bonas
2814 3700 2973 3751 artes
3011 3689 3215 3770 quovis
3268 3697 3529 3770 sumptu,
3582 3694 3796 3770 quovis

421 3770 687 3860 praemio,
735 3769 895 3860 facit,
930 3777 993 3829 ut
1018 3769 1465 3860 quiipontifices
1495 3770 1907 3860 beneﬁcebtiw
1949 3770 2122 3860 laude
2146 3769 2562 3860 celebrantur,
2581 3788 2684 3834 eos
2713 3771 2821 3832 hac
2852 3768 3782 3860 aetateminime-OdOSidereinus;

421 3848 621 3929 itaque
652 3848 1056 3933 nostrumest,
1092 3848 1163 3933 ut:
1184 3851 1236 3911 ei
1270 3869 1387 3911 non
1423 3852 1595 3912 modo
1624 3871 1729 3933 pro
1760 3850 2224 3933 Theopbylacto,
2246 3869 2435 3933 quem
2470 3848 2779 3933 habemus,
2806 3850 2911 3911 sed
2944 3848 3124 3933 etiam
3155 3867 3260 3933 pro
3292 3849 3364 3913 iis
3384 3867 3518 3933 tum
3543 3868 3788 3932 exspec-

424 3940 635 4004 tamus,
667 3938 725 3991 et
748 3929 880 3991 vita:
905 3929 1371 4005 diuturnitatem,
1408 3939 1467 3993 et
1513 3929 1642 4015 quae
1672 3934 1890 4014 optima
1918 3929 2217 3994 habentur
2243 3931 2301 3991 in
2327 3931 2462 4009 vita,
2496 3950 2531 3992 a
2558 3930 2680 3994 Deo
2713 3929 3049 4012 precemur.
3083 3929 3309 3994 Valete.
3346 3952 3369 3988 υ
3404 3929 3568 3994 Eutr.
3602 3929 3782 3994 let.

1785 4257 2409 4344 ADMONITIO

739 4462 807 4521 In
842 4458 1042 4522 varias
1083 4458 1385 4524 lectiones
1413 4479 1491 4526 ex
1521 4461 1848 4527 codicibus
1873 4464 1936 4536 S,
1966 4462 2154 4526 Marci
2183 4458 2440 4527 Venetis
2470 4460 2535 4521 et
2564 4457 2855 4521 Patavino
2884 4474 3012 4521 uno
3041 4459 3463 4539 depromptas.

496 4772 687 4859 variae
715 4772 1002 4836 lectiones
1030 4774 1251 4859 quaa_i_n
1282 4773 1700 4859 Theophylacti
1723 4776 2178 4859 Commentariis
2207 4779 2263 4839 in
2285 4788 2543 4859 quatuor
2564 4775 2901 4854 Evangelia,
2938 4776 3269 4859 breviores,
3298 4775 3783 4858 prolixioresque,

417 4853 685 4994 plurimae
706 4853 1064 4929 occurrunt,
1077 4874 1144 4916 ex
1163 4854 1407 4918 Venetis
1429 4853 1735 4918 codicibus
1757 4857 2070 4920 Marcianis
2089 4853 2372 4994 quinqlu'e,
2398 4869 2457 4922 et
2476 4853 2750 4921 Patavine
2769 4876 2887 4917 uno
2904 4859 3137 4921 Sanctae
3153 4853 3401 4924 Jus'ti'naa
3421 4853 3786 4937 desumptas,

456 4935 698 4994 enevolo
721 4934 1103 4994 studiosooue
1120 4936 1346 4994 Lectori
1365 4935 1627 4994 sistimus
1646 4955 1873 4994 omnes-
1891 4939 2203 4994 aumbonm
2224 4958 2256 4994 ιι
2285 4940 2472 4994 ἰίιιιίιις
2496 4938 2679 4994 frugis
2700 4937 2842 4994 vism
2860 4947 3021 4994 sunt-
3056 4942 3251 4994 Primo
3265 4938 3437 4994 simul
3464 4938 3786 4994 offeruntur

456 4935 698 4998 enevolo
721 4934 1346 5019 studiosoque‘lmctori
1365 4935 1627 5019 sistimus
1646 4955 1873 5011 omnes,
1891 4957 2022 5017 quae
2034 4934 2203 5000 bona:
2224 4934 2472 5019 alicujus
2496 4937 2842 5019 frugisvism
2860 4947 3021 5001 sunt.
3050 4942 3251 5002 Primo
3265 4938 3437 5000 simul
3458 4934 3790 5019 efferuntur

413 5014 566 5101 loco,
593 5033 737 5095 quas
760 5016 968 5101 Ve_neti
997 5014 1377 5101 bibliotheca:
1406 5018 1594 5101 sancti
1609 5020 1787 5101 Marci
1810 5014 2045 5101 cod—ires
2069 5014 2497 5101 praestantf26,
2531 5014 2630 5101 29,
2671 5017 2768 5101 3Q,
2804 5017 2969 5101 3_l_et
2997 5021 3098 5100 32,
3125 5030 3183 5081 et
3206 5022 3311 5081 has
3344 5018 3646 5101 excipiunt
3658 5017 3788 5101 alia!

415 5094 714 5188 decerpta).
737 5114 806 5186 ex
824 5094 1124 5188 Patavine.
1151 5096 1690 5188 Ejuscemodivero
1705 5096 2028 5188 lectionum
2051 5094 2149 5159 aut
2167 5114 2329 5188 certe
2353 5094 2661 5188 perspicus
2679 5097 2895 5188 alicubi
2920 5094 3155 5181 veritas,
3180 5109 3279 5161 aut
3304 5094 3519 5188 passim
3546 5097 3784 5188 utilitas,

414 5183 589 5257 atque
623 5174 879 5257 plurium
912 5176 1161 5238 fortasse
1191 5174 1587 5257 redundantia
1616 5186 1681 5239 ut
1709 5177 2102 5254 innotescant,
2138 5174 2967 5242 sedulo'animadvertendum
2995 5189 3105 5253 est,
3138 5174 3360 5241 textum
3388 5174 3788 5257 Graecum,qui

415 5262 537 5337 tum
574 5255 632 5313 in
676 5254 938 5337 editione
958 5256 1279 5319 Parisieusi
1298 5274 1454 5318 anno
1487 5258 1631 5319 1631
1662 5267 1886 5333 curata,
1916 5266 2034 5319 tum
2068 5262 2245 5322 etiam
2279 5260 2338 5321 in
2370 5260 2597 5324 Veneta
2620 5269 2821 5318 neStra
2848 5266 3092 5337 prostat,
3123 5260 3292 5321 illum
3322 5276 3455 5319 esse
3478 5258 3579 5336 qui
3598 5254 3788 5337 prima

412 5333 539 5395 vice
555 5352 712 5420 anno
730 5335 882 5396 1542
900 5337 1048 5420 typis
1070 5337 1353 5420 Romanis
1374 5338 1613 5420 prodiit,
1636 5357 1703 5399 ex
1724 5337 1928 5405 codice
1951 5340 2230 5420 Vaticano
2252 5350 2526 5420 sumptus
2551 5359 2564 5399 :
2597 5333 2981 5420 Latinamque
3004 5358 3036 5401 e
3067 5333 3584 5420 regionejositam
3599 5333 3789 5420 inter-

455 5415 803 5501 retationem
837 5415 1086 5501 minime
1114 5436 1183 5501 ex
1213 5415 1427 5501 eadem
1460 5415 1797 5500 expressam
1844 5419 2076 5501 censeri
2107 5420 2348 5501 debere,
2384 5415 2518 5483 cum
2554 5438 2633 5501 ea
2655 5418 2733 5479 sit
2776 5415 2952 5501 quam
2984 5415 3245 5501 Joannes
3284 5415 3783 5497 (Ecolampadius,

412 5434 803 5556 pretationem
837 5434 1083 5477 minime
1114 5436 1183 5477 ex
1219 5434 1427 5477 eouem
1460 5436 1797 5500 expressam
1844 5436 2076 5480 censeri
2107 5434 2348 5501 debere,
2384 5439 2518 5483 cum
2554 5438 2621 5480 ea
2655 5434 2733 5479 su.
2776 5436 2952 5498 quam
2984 5434 3245 5482 Joannes
3284 5434 3783 5497 weatampaotus,

414 5512 679 5579 _rtecum
710 5494 892 5555 alium
926 5505 985 5557 et
1012 5496 1226 5579 alicubi
1250 5495 1684 5579 discrepantem
1718 5506 1938 5579 textum
1957 5500 2066 5560 sub
2090 5500 2294 5561 oculos
2322 5501 2547 5563 habens
2566 5498 2892 5570 adornavit,
2921 5517 2955 5559 a
2975 5499 3246 5579 Philippo
3278 5502 3562 5579 Montano
3578 5503 3785 5579 postea

412 5573 994 5662 Romanum_textum_
1007 5577 1350 5662 conferente
1376 5573 1870 5662 emendataﬂinc
1892 5596 2031 5662 vero
2052 5579 2125 5641 ad
2146 5580 2337 5662 varias
2355 5580 2515 5662 quod
2541 5579 2752 5662 attinet
2778 5573 3243 5662 lectiones,guas
3266 5596 3337 5662 ex
3357 5573 3601 5662 Venetis
3608 5576 3783 5662 ‘Mptf-

412 5655 598 5719 cianis
628 5654 932 5718 codicibus
962 5656 1269 5739 diligentia
1284 5674 1515 5719 summa
1543 5660 1701 5721 eruit
1721 5658 2008 5735 Georgius
2027 5654 2422 5740 Constantini,
2448 5659 2691 5723 natione
2710 5661 2972 5742 Graecus,
2998 5678 3068 5723 ex
3088 5658 3386 5721 Joannina
3409 5656 3561 5718 urbe
3582 5654 3779 5737 Epiri:
