4082 6258
376 389 482 454 151
970 398 975 409 '
1334 386 1921 453 THEOPHYLACTI
1966 389 2378 453 BULGARI/E
2421 392 2775 455 ARCHIEP.
3634 387 3751 451 152

372 528 678 597 extentam
736 518 907 600 pueri
966 537 1204 583 manum
1250 521 1519 603 signavit,
1581 541 1695 604 quo
1762 523 2021 603 dignosci

2116 532 2214 595 τῆς
2271 529 2498 608 μήτρας,
2556 529 2629 594 ὡς
2685 526 2837 596 δῆθεν
2906 527 3111 606 πρῶτος
3174 528 3568 606 τεχθησόμενος
3603 542 3617 557 ⁸
3667 533 3759 588 καὶ

369 621 571 690 posset
609 615 674 670 ut
723 608 1315 689 primogenituszsed
1361 629 1510 691 puer
1546 629 1781 673 manum
1828 614 2020 675 statim

2108 618 2140 684 ἡ
2199 630 2337 691 ματα
2404 619 2635 691 κοκκίνῳ
2691 619 2927 695 σπαρτίῳ
3000 616 3283 695 ἐσφράγισε
3340 617 3613 692 συντόμως
3656 616 3760 684 τὴν

369 697 661 760 contraxit
682 699 832 759 intra
854 705 1180 770 uterum,et
1199 698 1348 760 alius
1370 700 1532 779 prior
1547 709 1719 762 natus
1736 703 2023 779 est,dein-

370 786 445 848 de
473 785 575 849 ille
604 786 707 867 qui
739 805 979 847 manum
1015 788 1405 868 praemiserat.
1440 788 1696 851 Vocatus
1725 802 1815 852 est
1844 792 2020 871 igitur

370 875 471 956 qui
503 875 666 957 prior
690 884 861 937 natus
894 876 1525 957 fuerat,Phares,quod
1555 879 1963 953 est,Dissectio
2000 902 2013 944 :

370 964 656 1027 dissecuit
686 964 844 1026 enim
876 964 1202 1027 naturalem
1230 966 1642 1040 ordinem.Qui
1661 979 1861 1031 autem
1882 989 2021 1031 con-

371 1053 548 1117 traxit
577 1073 840 1129 manum,
875 1054 1019 1117 Zara
1051 1055 1318 1117 dicturus
1344 1065 1454 1117 est.
1488 1057 1791 1136 Signiﬁcat
1821 1066 2016 1120 autem

370 1143 498 1204 haec
557 1143 805 1204 historia
851 1151 1287 1205 sacramentum
1321 1146 1644 1225 quoddam.
1677 1146 1823 1207 Nam
1869 1148 2020 1209 sicut

371 1230 516 1294 Zara
546 1231 806 1293 ostendit
836 1232 1076 1312 quidem
1113 1233 1367 1313 primum
1402 1253 1641 1296 manum
1676 1244 1734 1295 et
1752 1236 2017 1298 retraxit:

371 1320 454 1382 ita
483 1320 545 1382 in
575 1321 799 1383 sanctis
849 1323 948 1401 qui
984 1330 1152 1385 erant
1189 1332 1325 1384 ante
1358 1323 1549 1400 legem
1597 1334 1656 1387 et
1701 1325 2021 1386 circumci-

371 1410 628 1489 sionem,
651 1412 921 1491 apparuit
945 1411 1060 1471 vita
1091 1411 1447 1474 Christiana.
1478 1413 1699 1475 Omnes
1722 1414 1879 1474 enim
1907 1434 2023 1475 non

373 1516 443 1560 ex
500 1496 1010 1561 observationibus
1065 1507 1125 1560 et
1184 1500 1476 1562 mandatis
1535 1501 1682 1581 legis
1720 1502 2024 1582 justiﬁcati

370 1586 631 1664 fuerant,
666 1588 770 1649 sed
804 1588 943 1669 quia
966 1589 1385 1661 Evangelicam
1414 1591 1593 1653 vitam
1630 1593 1917 1653 vixerunt.
1961 1597 2026 1655 Et

372 1675 623 1739 observa
649 1678 946 1757 quomodo
970 1679 1268 1741 Abraham
1297 1688 1522 1759 patrem
1550 1691 1609 1742 et
1637 1681 1875 1743 domum
1898 1701 2026 1761 pro-

2106 704 2407 771 ἐξελθοῦσαν
2476 713 2571 764 τοῦ
2623 704 2811 772 παιδός
2869 718 3059 785 χεῖρα,
3122 707 3195 769 ὡς
3240 704 3302 763 ἂν
3355 707 3674 785 γνωρίζηται
3731 708 3762 763 6

2102 801 2309 872 πρῶτος
2352 796 2563 875 τεχθείς
2589 812 2604 827 ·
2663 794 2804 851 ἀλλὰ
2850 792 3147 851 συνέστειλε
3203 794 3299 862 τὴν
3357 808 3523 875 χεῖρα
3553 798 3582 852 6
3624 809 3759 859 παῖς

2102 881 2205 938 ἔσω
2260 888 2357 950 τῆς
2414 885 2645 961 μήτρας,
2742 884 2830 939 καὶ
2904 882 3102 962 ἐτέχθη
3185 884 3438 963 πρότερον
3502 887 3529 940 6
3580 883 3757 961 ἕτερος

2101 985 2256 1050 παῖς,
2317 971 2419 1028 εἷθ’
2463 971 2626 1037 οὕτως
2669 971 2872 1033 ἐκεῖνος
2906 974 2935 1028 6
2976 971 3072 1040 τὴν
3116 985 3281 1051 χεῖρα
3327 970 3747 1050 προϐαλόμενος’

2102 1056 2303 1129 ἐκλήθη
2364 1058 2453 1116 οὗν
2511 1061 2539 1115 6
2583 1059 2682 1134 μὲν
2738 1058 2991 1138 πρότερον
3042 1060 3274 1139 τεχθεὶς,
3320 1060 3515 1138 Φαρὲς,
3566 1062 3595 1117 ὃ
3636 1061 3751 1123 ἐστι

2102 1146 2330 1219 διακοπή
2364 1165 2380 1181 ⁶
2441 1147 2653 1225 διέκοψε
2705 1149 2804 1227 γὰρ
2890 1148 2988 1204 τὴν
3068 1149 3292 1228 φυσικὴν
3349 1149 3493 1215 τάξιν
3529 1165 3543 1180 ⁸
3606 1153 3633 1206 6
3692 1149 3748 1206 δέ

2106 1236 2377 1301 συστείλας
2447 1238 2545 1306 τὴν
2598 1250 2784 1318 χεῖρα,
2844 1236 2981 1315 Ζαρά
3014 1253 3028 1266 ’
3087 1237 3332 1313 σημαίνει
3409 1237 3465 1294 δὲ
3525 1237 3657 1305 αὕτη
3713 1241 3749 1307 ἦ

2106 1328 2306 1404 ἱστορία
2375 1327 2661 1406 μυστήριόν
2717 1326 2766 1382 τί
2803 1342 2818 1357 ⁶
2880 1324 3059 1403 ὥσπερ
3140 1326 3240 1405 γὰρ
3295 1329 3322 1382 6
3381 1328 3521 1406 Ζαρὰ
3589 1326 3749 1394 ἔδειξε

2108 1418 2206 1493 μὲν
2261 1422 2471 1495 πρῶτον
2519 1418 2618 1484 τὴν
2675 1429 2863 1497 χεῖρα,
2915 1414 3209 1482 συνεστάλη
3267 1413 3321 1472 δί
3374 1416 3557 1491 πάλιν,
3615 1417 3752 1476 οὕτω

2107 1507 2195 1563 καὶ
2255 1509 2291 1574 ὴ
2360 1508 2496 1564 κατὰ
2552 1506 2775 1585 Χριστὸν
2837 1505 3101 1579 πολιτεία,
3161 1504 3328 1585 ἐφάνη
3380 1506 3478 1580 μὶν
3538 1508 3591 1564 ἐν
3632 1522 3752 1571 τοῖς

2108 1601 2209 1673 πρὸ
2263 1601 2359 1653 τοῦ
2413 1594 2577 1669 νόμου
2636 1596 2722 1650 καὶ
2777 1594 2875 1662 τῆς
2949 1594 3242 1670 περιτομῆς
3300 1594 3466 1672 ἁγίοις
3500 1614 3515 1630 ⁸
3562 1597 3752 1663 πάντες

2110 1685 2209 1762 γὰρ
2261 1683 2428 1757 οὗτοι,
2475 1686 2571 1741 οὒκ
2639 1685 2701 1738 ὶκ
2754 1688 2860 1740 τῶν
2930 1688 3022 1739 τοῦ
3084 1682 3247 1757 νόμου
3283 1690 3749 1764 παρατηρημάτων

372 1772 503 1864 pter
531 1764 716 1864 Deum
744 1766 1140 1864 reliquerit_;et
1172 1776 1440 1864 naturam
1465 1769 2019 1864 abmgaveritﬂun-

2108 1776 2191 1830 καὶ
2248 1770 2472 1830 ἐντολῶν
2524 1769 2931 1852 ὶδικαιώθησαν,
2994 1770 3114 1826 ἀλλ’
3173 1770 3233 1827 ἐκ
3286 1780 3379 1830 τοῦ
3445 1776 3583 1830 κατὰ
3653 1774 3752 1842 τὴν

368 1853 566 1918 sidera
593 1852 1319 1930 Job,Melchisedech.Ubi
1341 1866 1535 1920 autem
1555 1858 1648 1920 lex
1680 1858 2019 1933 venit,con-

2108 1860 2454 1940 εὒαγγελικὴν

371 1951 558 2006 tracta
589 1951 680 2006 est
728 1944 861 2006 talis
907 1944 1047 2008 vita.
1085 1944 1596 2018 Quemadmodum
1653 1956 1848 2009 autem
1902 1948 2018 2010 illic

371 2041 508 2095 nato
540 2034 791 2109 Phares,
818 2035 1118 2114 posterior
1147 2035 1362 2097 iterum
1393 2037 1533 2097 exiit
1558 2036 1702 2099 Zara
1736 2055 1749 2099 :
1787 2037 1868 2099 ita
1888 2036 2018 2116 lege

370 2124 532 2204 data,
554 2122 770 2184 iterum
799 2126 1077 2204 apparuit
1104 2124 1219 2185 vita
1244 2125 1623 2203 Evangelica,
1657 2144 1789 2207 quae
1816 2126 2012 2189 cocci-

369 2230 484 2275 neo
515 2211 804 2292 funiculo,
831 2231 1048 2293 nempe
1071 2214 1358 2293 sanguine
1389 2213 1606 2276 Christi
1636 2214 1862 2294 signata
1886 2216 2021 2277 fuit.

372 2300 1145 2382 ProptereaetEvangelista
1176 2305 1540 2365 mentionem
1571 2307 1702 2365 fecit
1739 2304 2015 2377 duorum,

371 2389 543 2472 quasi
586 2389 898 2451 declarans
929 2390 1289 2453 nativitatem
1356 2393 1591 2453 illorum
1634 2394 2021 2455 sacramentis

372 2478 639 2561 plenam.
683 2483 754 2543 Et
793 2479 962 2540 aliter
1015 2480 1218 2542 dicere
1250 2490 1442 2561 potes,
1477 2484 1836 2543 mentionem
1884 2483 2019 2544 facit

369 2566 652 2646 Thamar,
677 2568 914 2630 tametsi
940 2588 1057 2629 non
1087 2570 1382 2632 laudanda
1437 2570 1727 2645 videatur,
1756 2590 1827 2633 eo
1858 2572 2012 2652 quod

368 2657 721 2720 dormiverit
750 2677 887 2719 cum
906 2676 1113 2720 socero
1138 2679 1152 2713 έ
1182 2667 1245 2720 ut
1273 2660 1727 2740 ostendat,quod
1751 2662 2017 2724 Christus

367 2764 501 2808 cum
536 2746 871 2826 susceperit
900 2747 1098 2809 omnia
1126 2756 1371 2829 pr0pter
1406 2768 1512 2809 nos
1540 2766 1553 2810 :
1586 2757 1647 2810 et
1677 2751 1789 2811 hoc
1818 2768 2013 2813 susce-

2564 1860 2832 1918 πολιτείαν
2923 1864 3083 1931 ζῆσαι
3117 1876 3131 1890 ⁶
3220 1861 3311 1917 καὶ
3390 1862 3576 1919 σκόπει
3660 1864 3748 1919 τὸν

2104 1949 2369 2029 Ἀϐραὰμ,
2421 1951 2513 2007 τὸν
2556 1948 2752 2030 ἀφέντα
2823 1949 3022 2026 πατέρα
3077 1950 3166 2006 καὶ
3208 1951 3372 2006 οὶκίαν
3429 1949 3605 2013 ἕνεκεν
3660 1959 3753 2008 τοῦ

2104 2042 2257 2119 Θεοῦ,
2330 2040 2417 2095 καὶ
2476 2037 2916 2118 ἆπαρνησάμενον
2970 2040 3059 2094 καὶ
3131 2037 3230 2106 τὴν
3292 2040 3443 2119 φύσιν
3480 2060 3494 2073 ·
3562 2041 3749 2097 σκόπει

2099 2130 2190 2186 τὸν
2251 2127 2395 2205 Ἰὼϐ,
2453 2128 2542 2186 τόν
2605 2125 2936 2208 Μελχισεδέκ
2962 2145 2977 2159 ⁸
3028 2138 3122 2188 τοῦ
3182 2128 3343 2204 νόμου
3384 2126 3440 2185 δέ
3483 2129 3747 2208 ἐλθόντος,

2104 2217 2398 2285 συνεστάλη
2459 2221 2494 2286 ἡ
2549 2218 2769 2284 τοιαύτη
2820 2215 3059 2273 πολιτεία
3088 2236 3103 2253 ·
3164 2216 3343 2296 ὥσπερ
3397 2216 3453 2274 δὲ
3502 2218 3619 2277 ἐκεῖ
3656 2227 3751 2278 τοῦ

2103 2309 2273 2386 Φαρὲς
2323 2306 2686 2384 γεννηθέντος,
2757 2306 2972 2386 ὕστερον
3024 2305 3183 2363 πάλιν
3238 2306 3450 2373 ἐξῆλθεν
3504 2311 3531 2365 6
3586 2309 3747 2388 Ζαρὰ,

2103 2396 2241 2454 οὕτω
2283 2403 2376 2453 τοῦ
2418 2397 2582 2471 νόμου
2638 2394 2874 2460 δοθέντος
2934 2394 3147 2473 ὕστερον
3217 2395 3453 2471 ἔλαμψεν
3492 2399 3527 2465 ἡ
3586 2400 3749 2475 εὗαγ-

2104 2484 2294 2564 γελικὴ
2360 2484 2632 2559 πολιτεία,
2693 2487 2728 2553 ἡ
2786 2491 2864 2559 τῷ
2919 2485 3149 2559 κοκκίνῳ
3208 2507 3467 2566 σπαρτιῳ,
3513 2484 3630 2553 ἤτοι
3675 2492 3752 2559 τῷ

2099 2574 2291 2651 αἵματι
2335 2582 2427 2631 τοῦ
2515 2580 2739 2653 Χριστοῦ
2820 2577 3199 2654 σφραγισθεῒσα
3232 2592 3245 2605 ·
3312 2572 3396 2630 διὰ
3447 2585 3601 2634 τοῦτο
3650 2576 3750 2654 γὰρ

2098 2685 2180 2721 τοι
2218 2664 2324 2720 ,καὶ
2367 2667 2394 2720 6
2433 2662 2822 2742 Εὐαγγελιστὴς
2874 2662 3236 2739 ἐμνημόνευσε
3268 2669 3375 2720 τῶν
3416 2661 3505 2721 δύο
3546 2666 3750 2721 τούτων

2099 2751 2321 2829 παίδων,
2380 2755 2453 2815 ὡς
2513 2751 2855 2830 μυστηριώδη
2897 2752 3017 2808 τινὰ
3076 2750 3337 2820 δηλούσης
3392 2758 3490 2819 τῆς
3549 2755 3744 2830 γεννή-

370 2834 478 2915 pit,
512 2841 576 2897 ut
614 2834 762 2896 tales
793 2835 1006 2898 habeat
1036 2837 1446 2917 progenitores
1475 2857 1488 2901 :
1524 2839 1641 2899 imo
1671 2847 1735 2899 ut
1766 2858 1872 2919 per
1903 2840 2014 2901 hoc

2108 2863 2231 2906 τέως
2266 2842 2437 2897 αὐτῶν
2470 2858 2483 2872 ⁶
2543 2843 2630 2899 καὶ
2660 2840 2835 2905 ἄλλως
2890 2838 2968 2913 δέ,
3015 2842 3330 2916 μνημονεύει
3386 2848 3486 2909 τῆς
3531 2844 3743 2922 Θάμαρ,

368 2924 563 3005 ipsum
596 2923 750 3004 quod
777 2942 851 2985 ex
884 2925 972 2986 eis
1003 2934 1171 2987 natus
1203 2934 1291 2987 est
1313 2945 1417 2988 eos
1449 2928 1866 2991 sanctiﬁcaret:
1896 2949 2013 2991 non

2108 2942 2267 2987 »ιαιτοι
2323 2932 2418 2987 οὒκ
2470 2930 2753 2998 ἐπαινέτης
2812 2928 3092 3009 δοκούσης,
3143 2930 3228 2987 διὰ
3286 2931 3346 2987 τὸ
3392 2932 3614 3009 μιγῒιναι
3667 2939 3745 3006 τῷ

371 3013 528 3075 enim
551 3012 711 3074 venit
738 3032 951 3075 vocare
974 3015 1189 3094 justos,
1227 3015 1335 3078 sed
1361 3024 1726 3096 peccatores.

2099 3022 2352 3098 πενθερῷ,
2412 3020 2504 3076 ’ίνα
2561 3018 2700 3097 δείξῃ
2745 3019 2827 3075 ὅτι
2884 3022 2911 3075 6
2972 3022 3193 3099 Χριστὸς
3237 3020 3409 3078 πάντα
3472 3018 3537 3078 δι’
3600 3023 3745 3097 ἡμᾶς

370 3100 813 3178 καταδεξάμενος,
874 3102 1182 3169 κατεδέξατο
1238 3107 1325 3161 καὶ
1379 3108 1644 3170 τοιούτους
1690 3105 1837 3187 ’ἐχειν
1897 3108 2212 3187 προγόνους.
2260 3106 2472 3165 Μᾶλλον
2520 3109 2610 3165 ’ίνα
2665 3110 2755 3164 καὶ
2797 3106 2862 3164 δι’
2896 3110 3054 3166 αὐτοῦ
3094 3109 3281 3167 τούτου
3310 3120 3404 3170 τοῦ
3442 3109 3530 3166 ἀπ’
3580 3110 3750 3167 αὐτῶν

371 3195 711 3272 γεννηθῆναι,
745 3193 939 3270 ἁγιάσῃ
970 3195 1179 3257 αὐτούς’
1217 3197 1272 3251 εὖ
1302 3195 1400 3272 γὰρ
1430 3195 1557 3262 ⁴ἦλθε
1587 3196 1807 3253 καλέσαι
1849 3196 2244 3271 δικαίους,ἂλλὰ
2286 3197 2657 3277 ἁμαρτωλούς,

450 3277 635 3342 Vens.
668 3281 1079 3343 3-5.«Phares
1107 3287 1308 3345 autem
1339 3285 1541 3362 genuit
1567 3283 2023 3364 Esrom,Esrom
2046 3300 2086 3348 c

370 3375 565 3430 autem
586 3370 789 3447 genuit
809 3368 1194 3442 Aram,Aram
1220 3379 1414 3433 autem
1439 3375 1640 3450 genuit
1663 3374 2014 3451 Aminadab,

370 3456 706 3521 Aminadab
736 3466 930 3519 autem
962 3461 1166 3537 genuit
1209 3463 1445 3523 Naason
1472 3485 1496 3535 ;
1546 3464 1777 3526 Naasnn
1823 3472 2015 3525 autem

369 3546 578 3627 genuit
625 3544 891 3623 Salmon,
962 3549 1203 3609 Salmon
1250 3557 1443 3611 autem
1492 3552 1695 3630 genuit
1739 3554 1895 3615 Booz
1950 3572 2016 3613 ex

372 3634 640 3699 Rechab.
677 3654 707 3693 )
740 3635 979 3698 Rachab
1015 3645 1221 3716 putant
1249 3638 1486 3718 quidam
1534 3639 1698 3701 Raab
1733 3650 2017 3711 scortum,

365 3740 506 3804 qua!
537 3725 944 3803 exploratores
966 3724 1105 3787 Jesu
1127 3725 1282 3789 Nave
1335 3728 1614 3808 suscepit,
1652 3730 2023 3811 servavitque

374 3830 500 3888 eos,
527 3820 586 3874 et
601 3822 830 3875 servata
859 3822 948 3875 est
979 3815 1154 3875 etiam
1179 3816 1693 3895 ipsa.Mcntionem
1724 3828 1920 3881 autem
1942 3821 2023 3882 fe-

374 3901 457 3963 cit
488 3902 713 3982 ejus,ut
741 3902 1079 3965 declararet
1099 3905 1254 3985 quod
1277 3906 1428 3966 sicut
1449 3906 1576 3986 ipsa
1606 3916 1865 3969 scortum
1894 3910 2019 3977 fuit.

384 3990 465 4051 ita
493 3998 550 4051 et
567 3990 830 4069 gentium
855 3994 1262 4072 congregatio.
1293 3994 1759 4057 Fornicabantur
1780 3997 1937 4058 enim
1966 3999 2024 4059 in

379 4078 590 4167 studiis
606 4079 871 4152 suis,sed
894 4081 1188 4162 susceptis
1212 4082 1849 4165 exploratoribuslesu,
1882 4105 2026 4167 apo-

376 4167 543 4230 stolis
572 4166 840 4247 inquam,
877 4186 946 4229 ex
967 4170 1244 4248 gentibus
1267 4190 1473 4233 omnes
1504 4173 1604 4253 qui
1627 4173 1861 4235 illorum
1888 4166 2023 4236 cre—

377 4257 656 4319 diderunt
688 4258 1089 4334 sermonibus,
1123 4260 1329 4322 salvati
1372 4269 1530 4324 sunt.
1581 4286 1603 4317 «
1642 4262 1795 4325 ΒΟΟΖ
1825 4274 2019 4325 autem

376 4345 581 4427 genuit
607 4343 772 4410 Obed
805 4365 873 4408 ex
906 4348 1125 4411 Ruth.»
1163 4350 1325 4412 Ruth
1369 4351 1857 4431 haec,alienigena
1889 4352 2019 4433 fuit,

376 4436 691 4514 conjuncta
721 4447 815 4512 est
844 4444 1039 4498 tamen
1058 4437 1247 4501 Booz:
1277 4439 1357 4499 ita
1384 4445 1445 4503 et
1464 4439 1726 4503 Ecclesia
1748 4460 1815 4503 ex
1836 4443 2022 4519 genti-

377 4522 851 4605 bus,alienigena
876 4527 1257 4608 exsistens,et
1280 4546 1314 4589 a
1347 4530 1712 4591 testamentis
1742 4532 2015 4606 extraria,

2197 3310 2218 3343 ι
2257 3288 2428 3365 Φαρὲς
2525 3285 2581 3342 δέ
2644 3286 2891 3367 ἐγέννησε
2969 3290 3061 3345 τὸν
3116 3287 3333 3368 Ἐσρώμ
3367 3308 3381 3323 ⁶
3429 3288 3641 3367 Ἐσρὼμ
3699 3286 3751 3344 δὲ

2099 3376 2348 3455 ἐγέννησε
2403 3378 2495 3433 τὸν
2538 3374 2709 3455 Ἀράμ
2747 3397 2761 3410 ·
2824 3377 2997 3457 Ἀρὰμ
3051 3376 3105 3434 δὲ
3164 3377 3412 3458 ἐγέννησε
3455 3378 3545 3434 τὸν
3587 3378 3748 3453 Ἀμι-

2102 3462 2264 3524 ναδάϐ
2301 3487 2310 3497 ·
2347 3463 2636 3540 Ἀμιναδὰϐ
2678 3464 2731 3521 δὲ
2788 3465 3036 3545 ἐγέννησε
3075 3470 3166 3524 τὸν
3209 3466 3432 3525 Ναασών
3463 3484 3479 3499 ⁸
3525 3468 3750 3524 Ναασὼν

2103 3553 2156 3610 δί
2201 3554 2448 3632 ἐγέννησε
2500 3556 2590 3610 τὸν
2650 3553 2880 3630 Σαλμών
2915 3571 2929 3585 ⁸
2987 3556 3214 3631 Σαλμὼν
3256 3553 3313 3611 δέ
3353 3553 3598 3632 ἐγέννησε
3655 3557 3746 3613 τὸν

2106 3646 2237 3715 Bob:
2282 3643 2341 3699 ἐκ
2382 3645 2480 3709 τῆς
2529 3635 2750 3724 Ῥαχάϐ,
2804 3669 2828 3701 ε
2883 3636 3085 3724 Ῥαχαϐ
3114 3645 3374 3715 νομίζουσί
3422 3664 3559 3708 τινες
3602 3644 3743 3700 εἶναι

2104 3735 2202 3802 τὴν
2262 3725 2419 3792 Ῥαὰϐ
2474 3733 2677 3801 ἐκείνην
2732 3734 2830 3802 τὴν
2874 3735 3094 3815 πόρνην,
3150 3733 3265 3801 ἥτις
3309 3734 3428 3798 τοὺς
3473 3736 3742 3791 κατασκό-

2107 3846 2236 3887 πους
2295 3819 2500 3887 ἐδέξατο
2555 3830 2647 3879 τοῦ
2723 3824 2897 3891 Ἰησοῦ
2954 3826 3044 3879 τοῦ
3101 3827 3272 3891 Ναυῆ,
3335 3825 3432 3881 Καὶ
3500 3823 3749 3879 διέσωσεν

2109 3912 2317 3980 αὖτοὺς,
2365 3912 2451 3968 καὶ
2508 3909 2730 3980 διεσώθη
2786 3914 2873 3969 καὶ
2917 3912 3050 3982 αὐτή
3084 3928 3098 3947 ·
3145 3912 3385 3987 ἐμνησθη
3442 3910 3496 3967 δὲ
3526 3914 3747 3987 ταύτης,

2108 4001 2200 4057 ἵνα
2243 3998 2461 4077 δηλώσῃ
2491 3999 2571 4057 ὅτι
2623 4000 2800 4079 ὥσπερ
2840 3999 2971 4067 αύτη
3030 3999 3199 4080 πόρνη
3255 3999 3345 4080 ἧν,
3405 3999 3539 4057 οὕτω
3574 4002 3659 4057 καὶ
3718 4003 3752 4066 ἡ

2107 4093 2211 4145 τῶν
2266 4091 2426 4145 ὶθνὼν
2498 4092 2781 4168 συναγωγή
2816 4107 2830 4122 ⁸
2910 4089 3281 4167 ἐξεπόρνευσαν
3338 4090 3435 4167 γὰρ
3491 4089 3546 4145 ἐν
3635 4104 3754 4155 το”ς

2108 4176 2519 4254 ἐπιτηδεύμασιν
2602 4181 2801 4237 αὐτῶν.
2872 4178 3039 4237 Ἀλλὰ
3109 4176 3379 4254 δεξάμενοι
3453 4180 3573 4243 τοὺς
3663 4187 3754 4237 τοῦ

2108 4266 2285 4335 Ἰησοῦ
2345 4267 2737 4348 κατασκόπους,
2824 4267 2943 4337 ἤτοι
3024 4268 3146 4333 τοὺς
3230 4268 3578 4345 ἀποστόλόυς,
3667 4270 3756 4325 καὶ

2104 4356 2402 4421 πεισθέντες
2444 4368 2563 4421 τοῖς
2608 4354 2785 4435 λόγοις
2851 4356 3086 4436 ἐκείνων,
3144 4355 3414 4421 ἐσώθησαν
3457 4357 3648 4421 πάντες
3709 4359 3755 4413 οἱ

2103 4443 2155 4511 ἐξ
2210 4444 2393 4503 ἐθνῶν.
2485 4467 2512 4500 α
2580 4447 2709 4516 Βοὸζ
2762 4443 2817 4502 δε
2875 4445 3124 4523 ἐγέννησε
3197 4447 3285 4500 τὸν
3335 4437 3499 4512 ’ρϐηδ
3538 4449 3598 4502 ἐκ
3653 4452 3751 4513 τῆς

2107 4524 2271 4596 Ῥούθ.
2310 4556 2337 4588 ε
2394 4526 2455 4592 Ἦ
2516 4524 2662 4609 Ῥοὺθ
2726 4533 2858 4600 αὕτη
2939 4533 3234 4613 ἀλλόφυλος
3289 4535 3380 4613 ἦν,
3425 4532 3540 4589 ἀλλ’
3604 4534 3751 4609 ὅμως

376 4610 561 4701 oblita
593 4624 681 4677 est
708 4616 916 4697 popult
944 4616 1058 4686 sui,
1094 4627 1151 4677 et
1173 4617 1370 4678 cultus
1396 4618 1934 4701 simulacrorum,6
1965 4630 2019 4681 ct

2108 4623 2355 4699 συνεζύγη
2412 4630 2488 4697 τῷ
2544 4622 2674 4694 Βοόζ
2704 4628 2718 4657 ‘
2791 4622 2929 4678 οὕτω
2970 4624 3058 4680 καὶ
3113 4624 3147 4690 ἡ
3204 4622 3256 4688 ἐξ
3298 4623 3456 4679 ἐθνῶν
3514 4622 3753 4689 Ἐκκλη-

375 4700 600 4854 giaboli
629 4704 811 4786 patris
841 4705 956 4786 sui,
993 4706 1091 4766 cui
1110 4705 1322 4785 juncta
1352 4714 1497 4785 erat,
1549 4714 1608 4767 et
1664 4709 1863 4788 nupsit
1900 4710 2020 4771 lilio

429 4809 508 4854 et.

429 4809 508 4855 οι.

460 5062 644 5126 Vens.
677 5061 813 5125 5-6.
844 5059 1044 5123 «Obed
1077 5068 1275 5122 autem
1306 5061 1503 5140 genuit
1531 5060 1894 5142 Jesse,.lesse
1916 5083 2028 5126 an-

379 5159 499 5214 tem
532 5149 738 5231 genuit
765 5149 948 5212 David
979 5167 1207 5230 regem,
1238 5148 1416 5211 David
1454 5158 1649 5211 autem
1696 5168 1796 5226 rex
1828 5154 2031 5231 genuit

380 5239 764 5304 Solomonem
795 5256 866 5300 ex
899 5256 969 5299 ea
999 5256 1129 5318 quae
1158 5238 1266 5299 fuit
1288 5236 1623 5301 Uriae.aHic
1650 5258 1882 5321 quoque
1900 5243 2027 5322 ejus

381 5347 515 5411 qua:
565 5327 677 5394 fuit
720 5325 871 5390 Uriaa
916 5328 1280 5389 mentionem
1339 5327 1499 5402 facit,
1536 5336 1597 5388 ut
1628 5328 1840 5390 doceat
1869 5332 2024 5410 quod

381 5436 559 5480 nemo
588 5416 804 5480 debeat
820 5414 1178 5477 erubescere
1210 5426 1450 5497 propter
1480 5417 2020 5496 progenitores,sed

379 5506 525 5570 dare
555 5505 739 5587 magis
768 5521 1009 5587 operam
1047 5503 1257 5565 virtute
1290 5522 1395 5565 sua
1427 5505 1562 5566 illos
1593 5505 1877 5567 clariores
1906 5507 2028 5569 efti-

380 5605 606 5679 cere,et
632 5594 789 5679 quod
814 5610 1024 5657 omnes
1048 5591 1274 5673 accepti
1291 5591 1408 5653 sint
1430 5592 1761 5669 Deo,etiam
1782 5612 1814 5655 e
1831 5604 2026 5656 scorto

380 5685 528 5764 nati,
568 5686 744 5751 modo
773 5685 990 5751 virtute
1012 5681 1131 5746 sint
1156 5680 1411 5764 praditi.

2103 4712 2210 4783 σία,
2258 4710 2551 4792 ἀλλόφυλος
2603 4719 2755 4792 οὖσα,
2802 4715 2889 4768 καὶ
2939 4710 3068 4777 ἕξων
3096 4718 3202 4769 τῶν
3234 4710 3520 4790 διαθηκῶν,
3555 4711 3752 4770 ἐπελα-

2102 4803 2221 4857 θετο
2280 4808 2374 4858 τοῦ
2434 4799 2564 4858 λαοῦ
2624 4802 2810 4869 αὐτῆς,
2874 4801 2962 4856 καὶ
3021 4805 3127 4856 τῶν
3178 4798 3464 4857 εἱδωλιχῶν
3494 4799 3759 4877 σεϐασμά-

2108 4910 2237 4964 των,
2279 4891 2490 4949 καὶτοῦ
2530 4892 2727 4969 πατρὸς
2771 4888 2935 4956 αὐτῆς
2996 4894 3088 4945 τοῦ
3142 4886 3410 4952 διαῖόλου.
3470 4891 3567 4948 Καὶ
3622 4889 3757 4961 ἐλή-

2113 4982 2218 5059 φθη
2247 4980 2321 5043 είς
2349 4977 2520 5058 γάμον
2562 4980 2640 5053 τῷ
2667 4981 2763 5050 υἱῷ
2789 4977 2880 5034 τοῦ
2924 4979 3078 5039 Θεοῦ.

2194 5066 2361 5136 Ὠϐὴδ
2402 5066 2457 5125 δέ
2512 5068 2764 5145 ἐγέννησε
2817 5068 2910 5122 τὸν
2951 5064 3190 5123 Ἰεσσαί·
3252 5064 3447 5124 Ἰεσσαί
3489 5066 3544 5123 δὲ
3600 5067 3757 5145 ἐγέν-

2112 5177 2242 5225 νησε
2298 5160 2388 5213 τὸν
2436 5155 2616 5213 ’Δαυίδ
2668 5158 2757 5213 τὸν
2814 5152 3035 5232 βασιλέα
3071 5173 3087 5189 ⁸
3154 5154 3323 5214 Δαυῖδ
3368 5153 3420 5211 δὲ
3452 5158 3480 5211 ὁ
3508 5156 3756 5232 βασιλεὺς

2107 5245 2354 5325 ἐγέννησε
2406 5248 2497 5303 τὸν
2555 5243 2882 5320 Σολομῶντα
2939 5243 2999 5301 ἐκ
3066 5242 3165 5310 τῆς
3222 5250 3313 5300 τοῦ
3377 5246 3582 5323 Οὗρίον.
3661 5247 3757 5303 Καὶ

2105 5333 2265 5391 πάλιν
2321 5340 2421 5402 τῆς
2479 5342 2569 5391 τοῦ
2638 5334 2823 5412 Οὒρίου
2865 5333 3212 5408 μνημονεύει,
3256 5333 3345 5388 ἵνα
3403 5332 3646 5409 ὑποδείξῃ
3675 5332 3753 5390 ὅτι

2108 5425 2167 5480 οὗ
2207 5422 2290 5479 δεῖ
2334 5423 2743 5504 ἐπαισχύνεσθαι
2787 5422 2907 5486 τοὺς
2964 5422 3325 5500 προπάτορας’
3372 5420 3509 5478 ἀλλὰ
3553 5421 3757 5498 μᾶλλον

2110 5510 2417 5583 σπουδάζειν
2472 5511 2559 5568 διὰ
2617 5514 2716 5578 τῆς
2781 5511 2976 5575 οἱκείας
3031 5510 3223 5589 ἀρετῆς
3280 5509 3602 5589 λαμπρύνειν
3657 5513 3757 5568 κᾶ-

2108 5600 2307 5664 ιιείνους
2345 5615 2358 5630 ⁸
2412 5602 2501 5658 καὶ
2542 5600 2625 5657 ὅτι
2667 5600 2862 5663 πάντες
2911 5597 3085 5657 δεκτοί
3142 5600 3241 5655 εἰσι
3271 5606 3348 5673 τῷ
3378 5607 3517 5681 Θεῷ,
3553 5600 3649 5656 κᾶν
3704 5599 3762 5657 ἐκ

2108 5689 2308 5768 πόρνης
2339 5692 2653 5770 γεννηθῶσι,
2687 5687 2850 5765 μόνον
2877 5688 2967 5745 ἐὰν
2997 5687 3191 5769 ἀρετὴν
3219 5686 3448 5770 ἔχωσιν.
