4082 6258
480 326 594 391 163

477 551 766 631 insipiens
796 569 894 613 res
923 563 1013 613 est
1048 552 1296 614 malitia.

558 643 744 702 VERS.
778 641 838 703 4.
887 661 917 700 ‹
943 643 1016 704 Et
1044 644 1412 721 congregatis
1444 643 1718 706 omnibus
1752 644 2125 724 pontiﬁcibus

476 739 535 792 et
563 728 774 791 scribis
822 731 1050 810 populi,
1102 731 1487 811 interrogavit
1525 750 1652 807 eos,
1700 732 1798 795 ubi
1852 741 2126 795 nascatur

476 819 770 882 Christus.
807 842 834 874 ι
872 817 1098 882 Scrihaa
1127 829 1296 884 erant
1343 821 1618 884 doctores
1665 822 1892 903 populi,
1925 825 2127 903 quales

475 919 614 971 sunt
673 927 823 988 quos
883 929 992 970 nos
1050 911 1304 972 dicimus
1339 913 1775 990 grammaticos.
1833 911 2128 991 Singulari

474 1004 674 1061 autem
735 997 842 1059 Dei
905 999 1350 1078 dispensatione
1408 1001 1844 1080 interrogantur
1897 1002 2006 1082 illi,
2069 1010 2131 1063 ut

478 1090 875 1152 conﬁteantur
907 1091 1236 1167 veritatem,
1293 1101 1350 1154 et
1379 1111 1448 1154 ex
1481 1093 1594 1154 hoc
1632 1093 2126 1173 condemnentur,

476 1179 631 1262 quod
691 1178 855 1238 illum
915 1181 1356 1258 cruciﬁxerunt,
1418 1200 1592 1262 quem
1652 1184 1817 1263 prius
1872 1182 2129 1246 confessi

476 1278 629 1333 sunt.

557 1360 742 1426 νεεδ.
761 1363 821 1424 5.
839 1383 860 1416 α
889 1361 963 1421 At
983 1359 1068 1420 illi
1087 1360 1360 1422 dixerunt
1383 1361 1458 1442 ei,
1477 1361 1536 1422 in
1555 1363 1860 1426 Bethleem
1877 1361 2120 1425 Iudaeae.

478 1452 572 1514 Sic
593 1453 752 1513 enim
784 1450 1070 1529 scriptum
1103 1458 1192 1510 est
1221 1470 1328 1529 per
1357 1452 1775 1530 prophetam.»
1805 1454 1919 1514 Per
1945 1471 2121 1534 quem

478 1543 823 1622 prophetam
849 1539 878 1598 ?
910 1538 1023 1600 Per
1053 1539 1382 1601 Michaeam.
1421 1539 1523 1602 Ille
1554 1541 1712 1603 enim
1747 1541 1889 1604 dicit
1927 1564 1940 1605 :

1443 327 2039 395 THEOPHYLACTI
2083 328 2492 393 BULGARLE
2536 326 2880 395 ARCHIEP.

477 462 575 543 qui
634 481 667 522 ει
719 460 973 524 Persicis
1028 462 1267 541 regibus
1329 462 1701 540 adoraretur,
1760 464 1865 527 sed
1915 482 2121 527 revera

2218 468 2472 542 Περσικῶν
2557 461 2818 539 βασιλέων
2907 468 3384 546 προσκυνούμενος,

3737 336 3853 402 164

3475 467 3595 525 ἀλλ’
3683 471 3851 535 ὄντως

2207 552 2430 618 ἂνόητον
2464 558 2654 631 χρῆμα
2683 555 2717 620 ἡ
2747 553 2996 632 πονηρία.

2295 664 2318 697 ε
2382 643 2478 698 Καὶ
2547 643 2857 721 συναγαγὼν
2909 645 3107 709 πάντας
3192 647 3312 711 τοὺς
3407 648 3680 728 ἀρχιερεῖς
3762 654 3852 708 καὶ

2208 744 2546 809 γραμματεῖς
2621 739 2712 788 τοῦ
2797 733 2950 808 λαοῦ,
3037 733 3350 792 ἐπυνθάνετο
3445 738 3570 815 παρ’
3656 740 3851 819 αὐτῶν,

2209 829 2309 877 πού
2366 822 2394 874 6
2474 821 2696 896 Χριστὸς
2753 826 3020 898 γεννᾶται.
3062 845 3085 874 η
3143 829 3486 902 ι¹ραμματεῖς
3515 827 3655 891 ἦσαν
3683 829 3730 883 0i
3781 827 3858 883 δι-

2210 906 2458 964 δάσκαλοι
2515 915 2609 964 106
2679 915 2831 981 λαοῦ,
2869 909 3045 989 ὥσπερ
3077 911 3165 975 οὓς
3195 915 3359 989 ἡμεῖς
3417 912 3644 992 λέγομεν
3680 939 3854 996 γραμ-

2212 999 2485 1072 ματικούς.
2522 999 2806 1072 Οἰκονομετ
2835 996 2890 1053 δὲ
2923 1002 2950 1054 6
2983 1003 3110 1065 Θεὸς
3135 1001 3462 1080 ἐρωτηθῆναι
3492 1005 3726 1082 τούτους,
3759 1006 3852 1062 *ἱνα

2213 1087 2586 1164 ὁμολογήσωσι
2630 1088 2727 1154 τὴν
2756 1087 3030 1165 ἀλήθειαν,
3076 1092 3161 1146 καὶ
3217 1091 3276 1147 ἐκ
3317 1095 3502 1149 τούτου
3562 1096 3661 1150 ὦσι
3691 1117 3854 1152 κατα-

2213 1175 2536 1255 κεκριμένοι,
2597 1177 2743 1236 αὐτοὶ
2796 1185 2976 1234 τοῦτον
3045 1181 3436 1256 σταυρώσαντες
3517 1181 3574 1239 ὅν
3632 1184 3851 1259 ὡμολό-

2205 1287 2378 1342 γησαν
2421 1265 2694 1344 πρότερον.

2292 1378 2314 1408 ιι
2379 1355 2438 1411 Oi
2523 1352 2576 1409 δὲ
2648 1356 2806 1412 εἶπον
2865 1359 3029 1437 αὐτῷ,
3088 1355 3178 1416 Ἐν
3241 1358 3482 1436 Βηθλεὲμ
3552 1367 3651 1429 τῆς
3712 1360 3853 1420 Ἰου-

2206 1442 2374 1507 δαίας⁸
2437 1443 2571 1499 οὕτω
2650 1446 2748 1523 γὰρ
2815 1445 3106 1524 γέγραπται
3185 1445 3272 1504 διὰ
3319 1457 3413 1508 106
3488 1453 3782 1530 προφήτου.
3823 1475 3848 1509 ι

2207 1534 2481 1612 Προφήτου
2548 1534 2747 1609 ποίου;
2809 1542 2910 1592 Τοῦ
2979 1538 3234 1615 Μιχαίου,
3288 1537 3529 1606 Ἐκεῖνος
3587 1541 3686 1619 γὰρ
3732 1565 3846 1622 φη-

2204 1643 2309 1695 σιν,

557 1720 741 1782 Vens.
765 1721 826 1782 4.
865 1744 891 1774 α
941 1721 1010 1779 Et
1036 1727 1100 1808 tu
1131 1717 1434 1808 Bethleem
1473 1729 1631 1780 terra
1662 1720 1832 1799 Juda,
1890 1739 2118 1802 nequa-

2289 1733 2315 1764 ε
2376 1713 2472 1768 Καὶ
2529 1713 2613 1786 σὺ,
2691 1709 2954 1792 Βηθλεὲμ,
3013 1718 3086 1791 γῆ
3136 1713 3325 1795 Ἰούδα,
3372 1714 3612 1792 οὒδαμῶς
3660 1716 3854 1799 ξλαχὶ-

477 1829 649 1892 quam
686 1808 931 1869 minima
954 1806 1092 1868 esin
1125 1806 1495 1887 principibus
1517 1808 1685 1870 Juda.
1714 1833 1736 1867 ι
1769 1800 2120 1890 Contempta

2218 1823 2303 1867 ττη
2362 1800 2416 1855 εἷ
2480 1800 2534 1854 ἐν
2589 1813 2705 1865 τοῖς
2760 1801 3024 1879 ἡγεμόσιν
3096 1801 3285 1864 Ἰούδα.
3366 1828 3393 1859 ι
3487 1812 3688 1884 Μικρᾶς
3755 1811 3855 1886 γὰρ

476 1887 632 1961 enim
667 1906 790 1960 erat
822 1905 884 1958 ut
915 1904 1053 1976 puto
1085 1913 1301 1983 parva:
1340 1915 1498 1958 nunc
1543 1906 1735 1958 autem
1779 1899 1919 1978 quia
1949 1887 2120 1960 cit—ea

2218 1887 2358 1956 ὤσης
2413 1889 2609 1954 ταύτης
2679 1890 3052 1969 κατεφρόνουν·
3113 1901 3198 1949 νῦν
3229 1890 3284 1947 δὲ
3342 1890 3425 1948 διὰ
3469 1894 3559 1949 τὸν
3607 1893 3668 1950 ἐκ
3723 1898 3856 1951 ταύ⁸

478 1988 692 2070 prodiit
721 1986 1012 2060 Christus,
1046 1976 1302 2047 celebris
1341 1994 1451 2050 est.
1485 1989 1707 2050 Omnes
1739 1976 1893 2049 enim
1930 2007 1998 2050 ex
2044 1989 2118 2049 li-

2218 1999 2298 2044 εης
2365 1976 2683 2056 προελθόντα
2741 1980 2985 2058 Χριστὸν,
3065 1977 3379 2056 περιϐἑητός
3479 1980 3612 2041 ἔστι.
3711 1984 3855 2039 Πάν-

476 2067 652 2138 nibus
699 2085 872 2137 terra;
931 2075 1194 2146 veniunt,
1257 2084 1314 2135 et
1361 2081 1624 2138 sanctam
1677 2077 1827 2139 hanc
1877 2077 2122 2139 adorant

2218 2087 2288 2129 ςες
2371 2069 2469 2145 γὰρ
2522 2069 2584 2123 ὲκ
2640 2067 2877 2145 περάτων
2933 2073 3031 2134 τῆς
3085 2073 3187 2147 γῆς
3239 2068 3511 2148 ἔρχονται,
3547 2075 3851 2149 προσκυνή-

474 2162 806 2229 Bethleem.
844 2191 864 2219 ι
919 2165 1006 2226 Ex
1053 2177 1110 2227 te
1157 2163 1315 2225 enim
1366 2183 1711 2243 egressurus
1762 2176 1856 2227 est
1899 2166 2040 2228 dux.
2087 2189 2116 2223 ι

2218 2176 2383 2219 ποντες
2443 2156 2638 2222 ταύτην
2709 2158 2806 2223 τὴν
2863 2157 3013 2234 ἁγίαν
3076 2157 3341 2233 Βηθλεέμ.
3403 2181 3426 2214 ε
3500 2157 3594 2215 Ἐκ
3623 2159 3852 2240 τοῦγᾶρ

476 2257 664 2319 Recto
685 2271 1030 2330 egressurus
1053 2261 1165 2329 est,
1202 2255 1479 2333 inquit,et
1506 2273 1622 2314 non
1648 2254 1705 2314 in
1743 2263 1800 2314 te
1833 2255 2116 2319 manebit.

479 2343 605 2406 Non
637 2343 796 2406 enim
830 2342 1044 2404 mansit
1082 2342 1350 2404 Christus
1372 2341 1430 2402 in
1461 2342 1792 2424 Bethleem,
1826 2344 1929 2406 sed
1955 2365 2022 2406 ex
2054 2365 2125 2408 ea

482 2442 785 2515 postquam
818 2441 987 2492 natus
1013 2445 1099 2492 est
1126 2431 1285 2504 exiit,
1313 2438 1370 2492 et
1388 2431 1448 2491 in
1472 2434 1758 2496 Nazareth
1783 2433 2126 2514 frequenter

481 2529 863 2584 conversatus
907 2528 1014 2582 est.
1068 2518 1280 2582 Dicunt
1331 2531 1528 2582 autem
1581 2520 1765 2583 Judaei
1807 2523 1962 2603 quod
2012 2524 2124 2586 hoc

481 2611 826 2692 praedictum
850 2611 922 2670 sit
947 2609 1021 2670 de
1043 2607 1394 2686 Zorobabel;
1421 2610 1523 2673 sed
1552 2613 1918 2674 mentiuntur
1938 2615 2126 2676 mani-

478 2702 646 2763 feste.
674 2699 902 2760 Etenim
927 2698 1071 2760 Zoro
1083 2698 1250 2760 babel
1277 2718 1392 2760 non
1419 2700 1479 2760 in
1501 2701 1805 2763 Bethleem
1822 2712 1990 2764 natus
2009 2713 2121 2782 est,

479 2789 581 2852 sed
607 2790 666 2849 in
698 2788 1028 2867 Babylone.
1062 2787 1212 2848 Vide
1236 2787 1395 2848 enim
1431 2808 1648 2851 nomen
1680 2792 1826 2867 ejus,
1857 2792 2003 2853 Zoro
2035 2791 2122 2853 si-

479 2879 715 2958 gniﬁcat
744 2896 947 2938 semen
979 2885 1035 2938 et
1065 2877 1419 2939 nativitatem
1447 2895 1460 2939 :
1495 2877 1679 2940 Babel
1710 2889 1904 2941 autem
1935 2881 2124 2961 Baby-

482 2971 638 3042 lona,
677 2968 786 3028 hoc
818 2974 925 3040 est,
961 2965 1058 3046 qui
1097 2975 1265 3027 natus
1297 2967 1384 3028 vel
1432 2968 1664 3045 genitus
1695 2975 1786 3031 est
1840 2970 1899 3030 in
1933 2970 2122 3050 Baby-

2205 2243 2523 2310 ἰξελεύσεται
2595 2246 2909 2323 ἡγούμενος.
2949 2270 2975 2300 ι
3054 2245 3238 2312 Καλῶς
3269 2248 3392 2304 εἷπε
3426 2249 3510 2323 τὸ,
3571 2247 3845 2313 ἐξελεύσε-

2205 2356 2312 2409 ται,
2368 2335 2455 2389 καὶ
2499 2335 2641 2414 οὐχὶ,
2675 2338 2728 2390 ιν
2760 2337 2840 2391 σοὶ
2863 2349 3038 2410 μενεῖ.
3072 2335 3141 2393 Οὔ
3186 2338 3283 2415 γὰρ
3314 2336 3516 2412 ’έμεινεν
3562 2343 3588 2394 6
3623 2341 3848 2417 Χριστὸς

2208 2422 2260 2478 ἐν
2327 2429 2392 2499 τῇ
2464 2423 2726 2503 Βηθλεὲμ,
2759 2422 2877 2479 ἀλλ’
2910 2424 2969 2480 ἐκ
2995 2425 3188 2491 ταύτης
3219 2426 3316 2500 μὲν
3358 2425 3565 2500 ἐξῆλθε,
3626 2430 3760 2501 μετὰ
3791 2430 3851 2484 τὸ

2208 2512 2546 2588 γεννηθῆναι,
2608 2511 2661 2566 ἐν
2719 2509 2772 2567 δὲ
2827 2518 2895 2588 τῇ
2925 2514 3158 2592 Ναζαρὲτ
3214 2515 3279 2568 τα
3337 2513 3571 2572 πλεῖστα
3601 2513 3849 2594 διέτριϐε,

2208 2599 2427 2678 Λέγουσι
2484 2598 2538 2654 δὲ
2595 2603 2640 2656 0i
2701 2599 2946 2658 Ἰουδαῖοι
2979 2602 3057 2658 ὅτι
3102 2623 3218 2681 περι
3249 2610 3342 2660 106
3371 2602 3666 2682 Ζοροϐάϐελ
3697 2613 3852 2663 τοῦτο

2207 2689 2597 2768 προεγητεύθη.
2658 2687 2943 2747 Ψεύδονται
3000 2689 3053 2745 δί
3124 2692 3429 2772 προφανῶς.
3468 2697 3565 2752 Καὶ
3614 2696 3713 2774 γὰρ
3757 2703 3854 2752 Ζο-

2207 2774 2452 2856 ροϐάϐελ,
2510 2778 2603 2860 οὐκ
2657 2780 2713 2834 ἓν
2741 2784 2808 2855 τῇ
2837 2777 3074 2855 βηθλεὲμ
3100 2782 3382 2858 ἓγεννήθη,
3417 2781 3538 2838 ἀλλ’
3569 2783 3623 2839 ἐν
3652 2789 3718 2860 τῇ
3751 2792 3853 2840 Βα-

2208 2864 2424 2927 ϐυλὼνι.
2498 2849 2615 2924 ’,ιδε
2673 2869 2771 2945 γὰρ
2828 2868 2888 2922 τὸ
2931 2867 3098 2943 ὄνομα
3131 2871 3308 2926 αὐτοῦ’
3346 2873 3498 2950 Ζορὸ,
3549 2870 3707 2939 δηλοῖ
3750 2877 3848 2940 τήν

2209 2957 2406 3032 σπορὰν
2477 2958 2562 3012 καὶ
2619 2957 2716 3024 τὴν
2775 2957 3040 3035 γέννησιν
3090 2956 3259 3015 Βαϐὲλ
3288 2956 3366 3035 δὲ,
3397 2961 3494 3028 τὴν
3545 2958 3849 3040 Βαϐυλῶνα,

483 3059 641 3120 lone.
696 3055 806 3118 Sed
867 3065 926 3116 et
980 3044 1289 3135 prophetia
1357 3044 1666 3118 manifeste
1733 3058 1925 3136 arguit
1993 3044 2120 3138 eos,

2218 3045 2499 3115 τουτέστιν,
2558 3048 2585 3100 6
2645 3045 2698 3102 ἐν
2727 3044 2992 3106 Βαϐυλῶνι
3026 3049 3240 3125 σπαρεὶς
3270 3047 3305 3116 ἦ
3347 3051 3637 3127 γεννηθείς.
3686 3049 3851 3108 Ἀλλὰ

481 3147 735 3209 dicens:
794 3171 818 3199 α
871 3143 1155 3223 Egressus
1199 3147 1328 3224 ejus
1389 3165 1422 3206 a
1471 3135 1873 3226 principiopa
1919 3135 2126 3210 diebus

2218 3136 2294 3188 ui
2352 3135 2385 3201 ἡ
2438 3136 2728 3213 προφητεία
2796 3142 3032 3215 φανερῶς
3090 3135 3302 3217 ἐλέγχει
3357 3139 3565 3215 αὐτοὺς,
3600 3139 3846 3219 λέγουσι·

482 3236 828 3299 aeternitatis
841 3235 896 3297 9.
934 3259 959 3288 ι
998 3233 1178 3313 Cujus
1200 3245 1395 3297 autem
1427 3236 1670 3297 alterius
1693 3256 1967 3314 egressus
1991 3249 2129 3301 sunt

481 3326 555 3386 ab
592 3325 782 3404 initio,
813 3333 869 3386 et
892 3343 924 3385 a
954 3324 1036 3382 12
1062 3323 1271 3385 diebus
1303 3326 1650 3388 aaternitatis
1671 3345 1846 3406 quam
1875 3327 2130 3389 Christi?

482 3416 581 3494 qui
604 3414 754 3475 duos
775 3431 1052 3492 egressus
1075 3413 1303 3488 habuit,
1332 3414 1444 3475 hoc
1477 3422 1566 3474 est
1593 3415 1948 3478 nativitates.
1975 3418 2124 3480 Nam

485 3503 675 3584 prima
704 3503 833 3582 ejus
863 3501 1153 3575 nativitas,
1190 3501 1262 3562 ab
1287 3501 1451 3563 initio
1473 3503 1577 3563 fuit
1598 3523 1632 3565 a
1665 3507 2129 3579 Patre,secunda

481 3601 677 3656 autem
705 3590 815 3653 fuit
842 3609 874 3651 a
905 3590 1117 3651 diebus
1156 3589 1381 3671 saeculi,
1425 3591 1775 3671 principium
1809 3612 2054 3656 sumens
2096 3614 2128 3656 a

487 3686 671 3744 Matre
701 3680 829 3760 Dei,
864 3698 997 3761 quae
1031 3680 1093 3740 in
1124 3688 1390 3761 tempore
1421 3681 1550 3744 fuit.
1583 3681 1790 3743 Dicant
1820 3683 1994 3761 igitur
2019 3683 2128 3747 Ju—

487 3772 628 3847 daei,
653 3789 793 3832 num
824 3769 1150 3831 Zorobabel
1179 3769 1252 3830 ah
1282 3769 1447 3832 initio
1481 3770 1702 3832 fuerit?
1732 3773 1836 3833 sed
1869 3792 1987 3834 non
2019 3774 2130 3835 ha-

485 3863 627 3923 bent
651 3859 809 3941 quod
838 3859 1038 3920 dicant
1071 3879 1084 3918 :
1146 3883 1172 3913 α
1207 3857 1315 3930 Qui
1365 3868 1570 3939 pascet
1619 3861 1898 3941 populum
1933 3881 2128 3925 meum

483 3950 690 4013 Israel.
729 3975 757 4006 ι
788 3949 996 4010 Pascet
1027 3948 1195 4028 dixit,
1230 3967 1345 4009 non
1377 3949 1753 4029 tyrannidem
1805 3951 2126 4027 exercebit,

484 4040 575 4102 vel
600 4037 928 4101 devorabit.
957 4037 1077 4102 Alii
1112 4036 1270 4098 enim
1317 4054 1490 4116 regcs
1523 4057 1638 4100 non
1685 4051 1973 4120 pastores,
2025 4041 2132 4102 sed

484 4128 608 4209 lupi
633 4135 770 4188 sunt
803 4145 816 4190 :
850 4125 1119 4189 Christus
1149 4135 1346 4188 autem
1373 4134 1593 4206 pastor,
1627 4129 1778 4189 sicut
1799 4129 1927 4208 ipse
1947 4129 2129 4192 dicit:

491 4244 513 4273 ιι
551 4219 674 4297 Ego
702 4235 832 4279 sum
869 4223 1067 4297 pastor
1089 4215 1280 4277 bonus
1302 4217 1723 4297 t0.»Populum
1757 4217 1937 4280 Israel
1964 4219 2125 4293 dicit,

484 4316 603 4370 tam
628 4325 731 4369 eos
755 4307 854 4387 qui
886 4323 956 4366 ex
985 4304 1228 4379 Judaeis,
1262 4324 1436 4386 quam
1467 4307 1568 4387 qui
1597 4326 1668 4368 ex
1693 4307 1984 4370 Gentibus
2003 4325 2132 4370 cre-

2217 3247 2241 3278 σι
2320 3225 2381 3279 Αἱ
2439 3222 2599 3289 ἔξοδοι
2659 3226 2814 3281 αὐτου
2871 3225 2964 3282 ἀπ’
2995 3226 3201 3306 ἀρχῆς,
3233 3226 3283 3292 ἐξ
3327 3230 3544 3307 ἡμερῶν
3579 3231 3790 3293 αἰῶνος.
3820 3254 3847 3284 ι

2210 3313 2358 3376 Τίνος
2415 3310 2471 3368 δὲ
2530 3311 2691 3370 ἄλλου
2750 3317 2799 3369 αἱ
2857 3313 3140 3380 ἔξοδοίεῖσι
3185 3317 3272 3400 καὶ
3303 3315 3400 3373 ἀπ’·
3429 3319 3626 3400 ἀρχῆς,
3673 3322 3762 3376 καὶ
3801 3319 3854 3385 EE

2209 3404 2420 3482 ἡμερῶν
2451 3404 2638 3468 αἰῶνος
2681 3403 2715 3472 ἢ
2745 3411 2837 3460 106
2867 3411 3090 3482 Χριστοῦ
3139 3424 3155 3480 ;
3191 3396 3295 3472 υΟς
3324 3404 3412 3462 δύο
3441 3396 3642 3474 ἐξόδους
3667 3409 3852 3489 ἔσχεν,

2209 3491 2327 3558 ἢτοι
2394 3493 2689 3569 γεννήσειςο
2751 3491 2874 3548 ἀλλ’
2916 3495 2950 3562 ἡ
2981 3495 3078 3570 μὲν
3111 3495 3294 3572 πρώτη
3328 3495 3597 3574 γέννησις,
3631 3497 3726 3554 ἀπ’
3751 3501 3851 3577 ἀρ-

2213 3586 2323 3660 χῆς
2381 3581 2441 3638 ἐκ
2494 3584 2586 3637 106
2617 3584 2842 3662 Πατρὸς,
2875 3585 2911 3652 ἡ
2940 3581 2994 3639 δὲ
3024 3582 3258 3663 δευτέρα,
3289 3583 3340 3649 ἕξ
3381 3589 3594 3664 ἡμερῶν
3638 3589 3850 3664 αἰῶνος,

2212 3671 2316 3726 ἀπὸ
2379 3670 2476 3738 τῆς
2534 3671 2792 3728 Θεοτόκου
2850 3671 3138 3752 ἀρξαμένη,
3193 3673 3281 3730 καὶ
3327 3675 3426 3729 ὑπὸ
3469 3675 3663 3753 χρόνον
3698 3679 3851 3736 οὖσα.

2216 3761 2526 3816 Εἱποίτωσαν
2583 3759 2670 3815 οὗν
2723 3763 2770 3815 οἱ
2830 3759 3094 3841 Ἰουδαῖοι,
3170 3763 3259 3820 ἰὰν
3329 3763 3358 3817 6
3414 3762 3706 3842 Ζοροϐάϐελ
3761 3763 3856 3822 ἀπ’

2213 3848 2391 3928 ἀρχῆς
2422 3847 2628 3926 ἐγένετο
2662 3868 2679 3930 ς
2712 3847 2862 3906 Ἀλλ’
2889 3855 2982 3909 οὒκ
3003 3850 3219 3931 ἔχουσιν
3241 3853 3432 3909 εἰπεῖν·
3468 3877 3490 3909 ε
3522 3846 3714 3920 ’Ὅστις
3737 3877 3861 3912 ποια

2214 3950 2375 4014 μανεϊ
2427 3938 2516 3992 τὸν
2575 3936 2703 3993 λαόν
2750 3961 2850 4014 μου
2907 3942 2998 3996 τὸν
3055 3939 3292 4020 Ἰσραήλ,
3331 3965 3357 3996 ι
3410 3947 3670 4020 Ποιμανετ
3700 3945 3861 4003 εἶπεν

2217 4025 2337 4084 ἀλλ’
2397 4029 2457 4082 06
2484 4029 2822 4106 τυραννήσει,
2855 4028 2889 4096 ἦ
2917 4031 3302 4108 καταφάγεται.
3338 4032 3396 4088 Oi
3441 4032 3537 4108 μὲν
3561 4034 3660 4112 γὰρ
3702 4032 3860 4094 ἄλλοι

2216 4113 2487 4190 ϐασιλεῖς,
2549 4117 2609 4173 οὗ
2665 4118 2938 4194 ποιμένες,
2998 4117 3134 4174 ἀλλὰ
3182 4117 3356 4177 λύκοι·
3414 4124 3442 4177 6
3505 4120 3560 4178 δὲ
3610 4126 3865 4206 Χριστὸς,

2216 4206 2438 4281 ποιμήν,
2500 4208 2572 4269 ὡς
2630 4209 2714 4265 καὶ
2748 4207 2900 4271 αὐτὸς
2933 4206 3098 4286 λέγει’
3153 4231 3180 4263 ε
3215 4207 3357 4288 Ἐγὼ
3386 4212 3491 4286 εἰμὶ
3533 4214 3561 4267 6
3603 4213 3809 4287 ποιμὴν
3838 4218 3867 4270 6

2214 4294 2399 4360 καλός.
2437 4317 2467 4356 ι
2511 4298 2650 4352 Λαὸν
2693 4295 2746 4352 δὲ
2791 4295 3004 4374 Ἰσραὴλ
3033 4296 3199 4376 λέγει,
3243 4301 3330 4354 καὶ
3359 4301 3479 4364 τοὺς
3522 4299 3573 4366 ἐξ
3609 4293 3866 4381 Ἐϐραίων

484 4384 802 4471 άίόετιιηιξ
835 4393 1017 4456 Israel
1051 4396 1210 4456 enim
1241 4384 1898 4476 interpretatur,videns
1919 4398 2126 4458 Deum.

2218 4386 2620 4461 πιστεύσαντας,
2679 4387 2766 4442 καὶ
2819 4388 2939 4449 τοὺς
3008 4384 3061 4453 ἒξ
3109 4388 3289 4450 Εθνῶν,
3347 4386 3566 4468 Ἰσραὴλ
3613 4392 3713 4470 γὰρ
3772 4392 3864 4471 ἱρ-

487 4483 655 4548 Unde
677 4503 886 4546 omnes
917 4486 1104 4547 Deum
1139 4483 1715 4560 videntes,Israelitaa
1741 4485 2132 4560 sunt,etiamsi

484 4592 553 4635 ex
588 4573 879 4636 Gentibus
911 4573 1032 4634 nati
1064 4573 1204 4634 sint.

569 4661 749 4725 Vens.
781 4663 841 4725 7.
887 4689 910 4718 α
947 4659 1115 4723 Tunc
1145 4661 1413 4723 Herodes
1445 4661 1594 4724 clam
1630 4663 1848 4724 vocatis
1877 4663 2122 4741 Magis.»

483 4751 765 4815 Clancqu
787 4751 921 4813 illos
943 4751 1192 4831 vocavit,
1229 4760 1472 4832 prapter
1499 4750 1755 4813 Judteos.
1780 4749 2128 4832 Suspicaba-

484 4851 580 4904 tur
628 4841 790 4904 enim
847 4842 1003 4922 quod
1057 4839 1245 4904 Judaei
1299 4839 1562 4902 fortassis
1620 4858 1866 4920 puerum
1921 4840 2130 4903 facturi

485 4941 685 4995 essent
715 4932 938 5012 magni,
971 4938 1030 4992 et
1050 4930 1309 4992 curaturi
1333 4938 1396 4992 ut
1425 4937 1730 4992 servarent
1761 4938 2134 5010 eum,utpote

2218 4475 2526 4550 μηνεύεται,
2597 4475 2732 4554 ὁρῶν
2765 4478 2918 4556 Θεὸν,
2963 4476 3102 4533 ὥστε
3132 4479 3326 4542 πάντες
3357 4479 3402 4534 0i
3449 4481 3578 4536 Θεὸν
3608 4481 3864 4559 ὁρῶντες,

2215 4563 2546 4644 ἰσραηλτῖαί
2589 4567 2713 4644 εἶσι,
2748 4565 2845 4620 κᾶν
2876 4563 2926 4630 ἐξ
2958 4566 3119 4622 ἐθνῶν
3147 4567 3300 4629 ὦσιν,

2299 4678 2324 4709 ιι
2385 4653 2514 4712 Τότε
2587 4657 2615 4709 6
2677 4647 2919 4733 Ἡρώδης
2947 4653 3110 4734 λάθρα
3140 4653 3367 4721 καλέσας
3401 4659 3519 4723 τοὺς
3553 4660 3790 4739 Μάγους.
3832 4685 3862 4720 ι

2216 4745 2388 4820 Λάθρα
2465 4745 2678 4807 τούτους
2733 4742 2974 4819 ἆκάλεσε,
3024 4743 3108 4800 διὰ
3154 4745 3276 4809 τοὺς
3339 4746 3638 4813 Ἰουδαίους.
3678 4739 3864 4807 ’Υπώ-

2214 4855 2369 4892 πτευε
2427 4834 2527 4913 γὰρ
2577 4831 2657 4888 ὅτι
2715 4836 2762 4889 0i
2793 4831 3038 4890 Ἰουδαῖοι
3070 4833 3202 4898 ἴσως
3230 4836 3346 4914 περὶ
3375 4834 3572 4897 πολλοῦ
3598 4839 3862 4910 ποιήσον-

2216 4946 2300 4980 ται
2358 4926 2417 4979 τὸ
2473 4921 2701 5004 παιδίον,
2761 4923 2848 4980 καὶ
2903 4923 3231 5002 φροντίσουσι
3284 4927 3377 4980 106
3406 4932 3571 4983 σῶσαι
3603 4927 3752 5009 αὐτὸ,
3787 4933 3865 4996 ὡς

488 5022 866 5084 liberatorem
898 5039 1096 5102 suum,
1129 5027 1186 5081 et
1236 5028 1552 5102 propterea
1601 5019 1750 5080 clam
1795 5019 2126 5088 insidiatur.

2218 5012 2413 5102 μέλλον
2482 5012 2822 5102 ἰλευθερῷσαι
2876 5014 3089 5102 αὐτοὺς,
3144 5013 3240 5102 sta
3309 5022 3462 5072 10610
3539 5017 3625 5074 οὖν
3697 5017 3866 5098 λάθρα

492 5135 518 5165 α
553 5110 880 5190 Diligenter
928 5099 1193 5192 quaesivit
1235 5099 1308 5171 ab
1351 5099 1446 5171 Veis
1497 5117 1731 5190 tempus
1771 5109 1958 5171 stella;
2003 5129 2126 5191 qua

2218 5101 2564 5163 ἐπιϐουλεύει.
2631 5126 2660 5158 α
2709 5099 3000 5192 Ἦκρίϐωσε
3047 5101 3172 5181 παρ’
3234 5103 3403 5161 αὒτῶν
3478 5107 3569 5162 τὶν
3666 5107 3868 5188 χρόνον

485 5201 784 5280 apparuit.
820 5225 846 5256 ι
883 5191 1008 5261 Hoc
1034 5209 1144 5276 est,
1178 5207 1452 5294 accurate
1481 5199 1710 5262 didicit.
1757 5197 2126 5294 Stella__eni_m

2218 5202 2304 5251 106
2372 5192 2689 5274 φαινομένου
2745 5191 2982 5271 ἀστέρος.
3041 5215 3070 5248 ι
3133 5193 3431 5270 Τουτέστιν,
3499 5195 3728 5275 ἀκριϐῶς
3767 5199 3872 5256 ἂν,

2225 5284 2234 5294 ι
2321 5287 2333 5294 .
2493 5273 2536 5294 (ξ
2649 5282 2660 5294 \
2772 5281 2785 5294 0
2873 5281 2884 5294 ι
3083 5283 3096 5294 ι
3202 5288 3226 5294 ..
3438 5287 3494 5294 Α..
3669 5289 3679 5294 -
3821 5292 3828 5294 ξ

485 5297 801 5369 antequam
836 5297 1006 5350 natus
1035 5297 1192 5351 esset
1212 5289 1528 5365 Dominus,
1548 5296 1900 5370 apparuerat
1921 5291 2126 5368 Magis,

2218 5284 2426 5358 έμαθεν.
2493 5281 2548 5339 Ὁ
2607 5282 2705 5360 γὰρ
2764 5281 2955 5358 ἀστὴρ,
3008 5283 3109 5361 πρὸ
3138 5288 3229 5338 106
3272 5287 3590 5362 γεθνηθῆναι
3635 5289 3725 5343 τὸν
3756 5292 3866 5348 Κύ-

486 5378 766 5459 quoniam
847 5379 1096 5441 multum
1155 5381 1435 5458 temporis
1492 5381 1551 5440 in
1613 5380 1724 5441 iter
1771 5376 2126 5461 insumpturi

2218 5396 2345 5453 ριον,
2422 5372 2589 5452 ἐφάνη
2645 5383 2763 5436 τοῖς
2822 5371 3046 5450 Μάγοιςο
3118 5370 3231 5461 ἐπεὶ
3289 5374 3388 5452 γὰρ
3421 5373 3646 5450 ἔμελλον
3695 5378 3867 5440 πολὺν

486 5458 677 5544 erant,
699 5469 834 5530 ideo
859 5468 1041 5528 multo
1059 5473 1199 5530 ante
1227 5468 1500 5548 apparuit
1528 5467 1791 5543 stella,ut
1811 5458 2126 5531 adorarent

2218 5463 2507 5522 Ξιναλίσκειν
2565 5463 2759 5542 χρόνον
2819 5461 2954 5518 κατᾶ
3012 5462 3106 5529 τὴν
3167 5458 3489 5542 ὁδοιπορίαν,
3566 5462 3650 5524 διὰ
3710 5471 3866 5528 τοῦτο

567 5648 597 5698 9
629 5646 801 5710 Mich.
845 5665 897 5722 ι’,
933 5647 991 5708 2.
1082 5645 1333 5709 101mm.
1368 5664 1424 5726 Χ,
1463 5650 1557 5709 11.
