4132 6262
271 326 387 393 165
986 329 1430 394 ENARRATIO
1476 329 1555 393 IN
1603 326 1949 392 EVANGEI

2043 319 2106 382 ’Μ
2151 319 2545 385 ΜΑΤΤΗιΕΙ.
2593 357 2668 367 -
2713 321 2875 387 CAP.
2925 324 3001 386 ΙΙ.
3533 319 3648 384 166

270 467 373 542 πρὸ
435 463 638 523 πολλοῦ
704 464 872 545 ἐφάνη
931 467 958 522 6
1014 465 1205 544 ἀστὴρ,
1249 468 1322 530 ὡς
1380 465 1440 522 ἄν
1490 466 1949 543 προσκυνήσωσιν

2048 475 2146 521 um
2205 457 2399 519 adhuc
2455 458 2516 519 in
2577 458 2775 520 fasciis
2825 461 3173 537 jacentem.’
3208 456 3410 539 Aliqui
3468 464 3662 518 autcm

279 557 438 611 αὒτὸν
509 553 586 611 ἔτι
645 555 699 612 ἂν
772 568 890 619 τοῖς
923 556 1246 634 σπαργάνοις
1278 553 1426 615 ὅντα.
1459 556 1608 618 Τινὲς
1637 552 1689 609 δὲ
1734 553 1922 632 λέγουοι

2043 547 2244 619 iicunt,
2275 547 2430 626 quod
2463 566 2598 609 cum
2637 548 2870 610 Christo
2911 558 3046 609 nato
3079 547 3420 630 apparuerit
3471 547 3666 620 stella,

281 667 386 717 σιν,
453 645 532 700 ὃτι
593 643 703 719 ἅμα
761 644 838 718 τῷ
893 645 1210 722 γεννηθῆναι
1266 644 1356 700 τὸν
1390 645 1634 722 Χριστὸν,
1679 643 1846 723 ἐφάνη
1902 643 1929 696 6

2043 640 2078 698 τι
2110 637 2253 713 Magi
2285 655 2394 716 per
2419 636 2724 700 biennium
2750 648 3064 714 venerunt,
3090 647 3149 703 et
3174 658 3292 700 non
3323 638 3382 699 in
3406 635 3666 698 fasciolis

2015 725 2370 788 invenerunt
2402 746 2679 808 puerum,
2735 747 2931 808 neque
2976 727 3035 789 in
3090 727 3404 808 praesepio;
3455 726 3560 789 sed
3607 725 3669 786 in

2014 813 2192 876 domo
2225 833 2358 877 cum
2394 825 2582 878 matre
2613 817 2862 880 bimum.
2899 818 3009 880 Sed
3046 827 3102 879 tu
3136 819 3396 899 priorem
3430 824 3665 878 senten-

2018 903 2159 966 tiam
2200 913 2262 965 ut
2296 906 2605 968 meliorem
2640 906 2812 969 habe.

281 732 478 812 ἀστὴρ,
539 734 625 789 καὶ
689 735 734 787 οἳ
792 732 966 810 Μάγοι
1011 730 1095 787 διὰ
1125 731 1214 789 δύο
1243 732 1376 788 ἑτῶν
1404 731 1588 804 ἦλθον,
1623 733 1708 788 καὶ
1739 741 1832 788 οὐκ
1877 730 1930 785 ἰν

281 825 612 901 σπαργάνοις
643 825 791 898 εὖρον
818 823 909 877 τὸν
941 822 1154 901 Κύριον,
1200 819 1314 878 οὐδὲ
1356 824 1410 879 ιν
1453 827 1522 898 τῇ
1553 822 1749 902 φάτνῃ,
1809 819 1929 876 ἀλλ’

280 910 338 964 ἑν
414 913 550 984 οἷγίᾳ
607 914 741 988 μετὰ
800 918 900 979 τῆς
932 913 1159 990 μητρὸς,
1190 909 1331 979 διετῆ
1361 909 1509 972 ὄντα.
1545 910 1713 967 Ἀλλὰ
1753 912 1814 966 σὺ
1870 913 1931 966 τὸ

279 998 579 1079 προρῤηθὲν
620 1000 718 1080 ἔχε
746 1014 1012 1077 κρεῖττον.

2099 991 2280 1054 Vens.
2318 995 2375 1056 8.
2417 1019 2436 1048 ε
2474 993 2542 1054 Ει
2577 995 2776 1057 missis
2808 995 2893 1057 eis
2922 996 2980 1056 in
3021 996 3352 1068 Bethleem,
3389 993 3552 1063 dixit,
3587 995 3669 1055 [te

370 1110 394 1142 ι
463 1093 559 1147 Καὶ
603 1090 822 1165 πέμψας
853 1091 1038 1155 αὐτοὺς
1069 1092 1142 1154 εἰς
1174 1089 1434 1166 Βηθλεὲμ,
1469 1090 1616 1164 εἶπε,
1645 1089 1932 1168 Πορευθέν-

2043 1089 2079 1141 :t
2109 1081 2426 1161 diligenter
2457 1085 2742 1164 inquirite
2789 1086 2863 1147 de
2896 1104 3080 1164 puero
3112 1086 3247 1146 hoc.
3288 1109 3316 1140 ι
3365 1082 3495 1146 Νοιι
3528 1083 3675 1144 dixit

280 1200 372 1242 τες
432 1177 664 1259 ἀκριϐῶς
696 1177 971 1244 ἰξετάσατε
1001 1181 1120 1257 περὶ
1149 1183 1240 1236 τοῦ
1308 1177 1539 1238 παιδίου.
1570 1203 1597 1234 ι
1635 1180 1738 1236 Οὔκ
1808 1180 1933 1235 εἶπε

2043 1169 2096 1232 le
2126 1189 2290 1252 rege,
2326 1173 2429 1234 sed
2462 1173 2536 1234 de
2571 1193 2752 1253 puero
2790 1196 2801 1236 :
2852 1194 3044 1254 neque
3075 1175 3232 1235 enim
3265 1190 3481 1236 nomen
3514 1172 3671 1234 ferre

287 1269 409 1346 περὶ
467 1271 562 1324 τοῦ
626 1267 911 1348 βασιλέως,
983 1267 1121 1324 ἀλλὰ
1149 1269 1266 1348 περὶ
1299 1276 1388 1325 τοῦ
1418 1266 1645 1325 παιδίου·
1694 1267 1807 1326 οὐδὲ
1837 1271 1936 1347 γὰρ

2043 1269 2253 1321 )oterat
2291 1283 2303 1324 :
2338 1261 2753 1324 demonstrans
2800 1274 3080 1344 quantum
3127 1272 3331 1325 contra
3376 1261 3541 1322 illum
3576 1261 3672 1321 in-

281 1359 346 1413 τὸ
408 1355 576 1433 ὄνομα
634 1357 904 1437 ἀνέχεταν
970 1356 1087 1413 ὅθεν
1137 1356 1356 1415 δεικνύει
1418 1358 1498 1414 ὅτι
1529 1357 1768 1433 μαίνεται
1820 1359 1939 1415 κατ’
2024 1350 2268 1411 εᾶηίΐθί.

2106 1437 2290 1500 Vens.
2327 1440 2386 1514 8,
2421 1442 2482 1501 9.
2523 1466 2548 1496 α
2591 1441 2700 1504 Ubi
2743 1461 2878 1504 vero
2913 1443 3282 1523 repereritis,
3337 1443 3674 1505 renuntiate

377 1559 404 1589 α
472 1533 636 1592 Ἐπᾶν
696 1534 749 1590 δὲ
805 1534 1010 1612 εὕρητε,
1049 1534 1408 1616 ἀπαγγείλατὲ
1439 1562 1557 1617 μοι,
1605 1539 1747 1604 ὅπως
1793 1539 1942 1617 κάγὼ

2043 1527 2201 1617 nihi,
2239 1536 2304 1588 ut
2335 1536 2394 1589 et
2426 1548 2532 1608 ego
2566 1531 2792 1592 veniam
2844 1541 2902 1592 et
2945 1534 3187 1593 adorem
3219 1533 3409 1593 illum.
3463 1538 3532 1594 At
3563 1531 3675 1604 illi,

290 1623 458 1681 ἐλθὼν
505 1626 856 1703 προσκυνήσω
907 1627 1071 1700 αὒτῷ.
1125 1630 1182 1684 Oi
1214 1625 1287 1686 δὲ.
1320 1616 1641 1692 ἀκούσαντες
1689 1635 1784 1686 τοῦ

2043 1616 2227 1676 ιυάίιο
2260 1636 2422 1696 rege,
2459 1619 2704 1697 profecti
2738 1630 2893 1682 sunt.
2936 1646 2962 1675 »
2999 1620 3110 1700 ipsi
3163 1640 3298 1682 cum
3331 1621 3468 1682 dolo
3500 1638 3674 1681 care—

290 1713 484 1776 σιλέως
543 1713 921 1792 ὶπορεύθησαν.
989 1747 1010 1775 ι
1076 1706 1306 1773 ’Ἂδολοι
1366 1718 1466 1797 γὰρ
1566 1718 1712 1780 ὄντες
1772 1718 1940 1796 αὐτοὶ,

2043 1713 2184 1779 ﬁent,
2221 1708 2506 1802 putabant
2566 1717 2618 1769 et
2669 1709 2834 1802 illum
2885 1709 3112 1802 absque
3158 1710 3292 1802 dolo
3325 1709 3509 1790 loqui.
3551 1735 3575 1765 α
3611 1708 3678 1802 Et

292 1804 536 1878 ἐνόμιζον
593 1804 841 1861 κάκεῖνον
902 1803 1104 1867 ἀδόλως
1145 1804 1339 1882 λέγειν’
1385 1830 1405 1861 ε
1462 1807 1558 1864 Καὶ
1588 1806 1746 1863 ἰδοὺὸ
1778 1807 1943 1884 ἀστὴρ

2043 1812 2168 1856 ecce
2203 1797 2398 1870 stella,
2432 1817 2606 1877 quam
2652 1799 2924 1860 viderant
2968 1801 3025 1860 in
3075 1798 3340 1883 Oriente,
3377 1799 3679 1880 praecessit

293 1892 350 1948 ὃν
382 1891 531 1948 εἳδον
587 1891 640 1947 ὲν
672 1898 741 1969 τῇ
783 1891 1072 1970 Ἀνατολῇ,
1106 1899 1339 1973 προῆγεν
1372 1897 1580 1958 αὐτούς.
1619 1919 1640 1951 ο
1679 1894 1941 1973 Ἀπεκρύ-

2043 1903 2153 1946 eos.
2199 1909 2223 1938 η
2263 1887 2510 1948 Occulta
2546 1895 2671 1949 erat
2715 1889 2786 1949 ad
2820 1907 3059 1968 parvum
3095 1896 3325 1968 tempus
3355 1889 3524 1950 stella
3548 1888 3675 1949 sin-

291 1981 361 2048 ϐη
421 1985 551 2059 πρὸς
602 1984 789 2061 μικρὸν
821 1984 848 2038 6
881 1984 1050 2062 ἀστὴρ
1094 1987 1464 2060 οἰκονομικῶς,
1514 1985 1606 2043 ’ἱνα
1655 1988 1935 2064 Epigr-ﬁcu)-

2043 1973 2216 2050 gulari
2255 1974 2722 2055 dispensatione,
2756 1987 2818 2037 ut
2857 1977 3094 2040 Iudaeos
3127 1979 3586 2055 interrogarent,
3621 1987 3678 2037 et

293 2096 374 2128 σιν
449 2074 594 2131 αὐτοὶ
661 2073 780 2137 τοὺς
831 2071 1131 2153 Ἰουδαίους,
1188 2075 1276 2130 καὶ
1327 2079 1568 2154 ταραχθῇ
1619 2077 1645 2130 ὁ
1682 2067 1943 2153 Ἡρώδης,

2043 2062 2370 2154 ;urharet_ur
2398 2065 2684 2142 Herodes,
2739 2074 2913 2146 atque
2971 2069 3048 2128 ita
3093 2068 3462 2128 manifestior
3509 2068 3681 2128 fieret

293 2163 382 2218 καὶ
452 2161 588 2218 οὕτω
634 2162 1045 2241 περιψνεστέρα
1100 2151 1319 2241 γένηται
1462 2151 1940 2234 ⁷άλήθειαξἚξελ-

2043 2153 2263 2214 veritas.
2291 2151 2363 2214 Ut
2391 2163 2587 2216 autem
2637 2157 2750 2235 ipsi
2804 2158 3026 2235 egressi
3071 2165 3209 2218 sunt
3261 2156 3673 2231 aJerusalini,

291 2255 439 2308 θοὺσι
510 2249 564 2306 δὲ
622 2251 808 2314 αὐτοῖς
865 2251 970 2307 ἀπὸ
1002 2257 1102 2333 τῆς
1150 2243 1520 2332 Ἰερουσαλὴμ,
1561 2252 1721 2308 πάλιν
1750 2253 1941 2333 ἐφάνη,

2043 2247 2244 2308 terum
2295 2244 2589 2324 apparuit,
2643 2245 2867 2306 ducens
2917 2265 3040 2306 eos.
3086 2244 3254 2307 Unde
3305 2247 3676 2306 manifestum

292 2347 647 2420 χειραγωγῶν
707 2341 921 2404 αὺτούς.
993 2331 1165 2398 ”Οθεν
1217 2329 1378 2408 δῆλον
1433 2329 1515 2396 δτί
1584 2341 1693 2396 θεία
1728 2329 1946 2415 δύναμις

2043 2329 2187 2408 ιυοό
2223 2332 2392 2391 stella
2425 2341 2550 2393 erat
2594 2333 2775 2394 virtus
2805 2335 3022 2397 divina.
3066 2355 3086 2383 ι
3116 2337 3318 2397 Donec
3366 2353 3681 2414 progressa

291 2429 361 2496 ἦν
405 2431 433 2483 6
478 2429 664 2506 ἀστὴρ,
706 2450 735 2484 α
767 2426 806 2453 ’¹
819 2436 930 2492 Εως
962 2428 1128 2484 ἐλθὼν
1160 2427 1287 2495 ἔστη
1339 2429 1516 2484 ὲπάνω
1549 2429 1608 2485 οὗ
1636 2430 1698 2496 ἧν
1731 2430 1792 2484 τὸ
1823 2451 1949 2484 παι-

2043 2425 2211 2506 ξιατει
2271 2437 2446 2500 supra
2509 2422 2607 2483 ubi
2669 2431 2793 2484 erat
2843 2442 2990 2503 puer
3054 2449 3075 2478 υ
3146 2422 3216 2483 Ει
3280 2424 3394 2484 hoc
3451 2441 3672 2484 rarum.

289 2517 422 2578 δίον.
484 2536 514 2576 ι
593 2518 688 2574 Καὶ
745 2520 899 2574 τοῦτο
951 2517 1119 2583 ξένον,
1157 2516 1367 2585 Κατέϐη
1426 2541 1526 2596 γαρ
1571 2522 1596 2574 ὁ
1645 2519 1810 2597 ἀστὴρ
1841 2519 1946 2574 ἀπὸ

2043 2505 2350 2569 Descendit
2381 2510 2538 2570 enim
2573 2511 2742 2572 stella
2774 2531 2806 2573 a
2840 2513 3200 2587 summitate,
3241 2521 3298 2573 et
3329 2520 3498 2572 teme
3534 2531 3674 2591 pro-

290 2607 389 2664 τοῦ
445 2605 630 2682 ὕψους,
707 2607 795 2663 καὶ
854 2607 1260 2686 προσγειότερος
1358 2608 1666 2687 γενόμενος,
1758 2606 1945 2672 ἔδειξεν

2043 2595 2160 2675 pior
2190 2597 2364 2676 facta,
2392 2600 2648 2661 ostendit
2679 2602 2764 2661 eis
2811 2601 3031 2662 locum.
3065 2599 3208 2680 Nam
3244 2602 3292 2660 si
3325 2619 3394 2662 ex
3425 2602 3677 2660 summi-

293 2697 483 2758 αὒτοτς
542 2697 632 2751 τῇν
681 2696 869 2758 τόπον,
948 2699 1004 2752 Εἰ
1054 2698 1152 2775 γὰρ
1185 2694 1235 2760 ἐξ
1259 2695 1422 2772 ὕψους
1456 2700 1640 2762 αὐτοῖς
1683 2696 1944 2776 ἐφαίνετο,

2043 2693 2152 2776 Late
2171 2687 2561 2776 apparuisset,
2581 2689 2878 2768 quomodo
2899 2691 3186 2752 certiores
3201 2690 3326 2751 ﬁeri
3351 2691 3679 2769 potuissent

295 2791 415 2847 πῶς
484 2783 546 2839 ἄν
604 2782 826 2860 ἔμελλον
897 2771 1077 2849 ἱδικῶς
1108 2771 1357 2863 γνωρίσαι
1389 2786 1479 2840 τὸν
1508 2785 1673 2842 τόπον
1713 2771 1830 2841 ἔνθα
1884 2784 1948 2852 ἧν

2043 2771 2107 2834 de
2139 2774 2269 2835 loco
2294 2775 2352 2835 in
2376 2797 2490 2856 quo
2513 2787 2666 2838 esset
2691 2779 2990 2840 Christus?
3015 2778 3211 2840 Stellae
3237 2780 3393 2839 enim
3431 2781 3675 2840 multum

298 2878 328 2930 ὃ
383 2874 605 2952 Χριστός
639 2891 655 2948 ς
718 2877 776 2930 Οἱ
833 2875 934 2952 γὰρ
967 2873 1180 2953 ἂστὲρες
1213 2872 1376 2929 πολὺν
1405 2874 1569 2931 τόπον
1614 2872 1948 2953 περιλαμϐά-

2043 2863 2229 2926 locum
2285 2867 2823 2946 comprehendunt.
2876 2867 3043 2929 Unde
3095 2877 3154 2928 tu
3207 2887 3386 2947 supra
3435 2869 3674 2929 domum

299 2985 502 3024 νουσιν.
562 2953 727 3019 ηΟθεν
783 2964 871 3019 καὶ
940 2964 1001 3018 σὺ
1033 2962 1210 3019 ἐπάνω
1255 2968 1354 3029 τῆς
1395 2963 1492 3029 σῆς
1541 2965 1705 3027 οἰκίας
1737 2963 1949 3040 βλέπεις

2043 2960 2192 3014 tuam
2235 2957 2319 3012 15
2349 2955 2511 3016 vides
2541 2956 2736 3016 lunam
2779 2960 2948 3036 forte,
2985 2967 3040 3017 et
3066 2976 3174 3035 ego
3206 2957 3475 3017 eamdem
3509 2957 3677 3018 video

291 3056 395 3118 τὴν
442 3051 673 3120 σελὴνην
737 3052 932 3131 τυχὸν,
992 3053 1142 3130 κάγὼ
1171 3051 1309 3108 δοκῶ
1338 3053 1502 3119 ταύτη
1533 3053 1780 3132 ἀνωτέρω
1809 3053 1949 3111 εἶναι

2043 3042 2274 3103 nonnisi
2299 3062 2474 3124 supra
2495 3044 2733 3105 domum
2762 3064 2954 3107 meam
2984 3064 2996 3106 :
3023 3057 3082 3107 et
3104 3045 3422 3125 unicuique
3446 3045 3679 3108 videtur

308 3147 410 3207 τῆς
467 3143 600 3216 ὶμῆς
662 3116 844 3206 οἰκίας
880 3116 1088 3216 μόνης..
1111 3142 1206 3198 Καὶ
1238 3143 1428 3205 πάντες
1462 3140 1668 3217 ἁπλως,
1706 3116 1949 3198 Ιδοκοῦσιν

2043 3140 2193 3192 stare
2225 3151 2342 3193 non
2372 3116 2510 3193 'nisi
2563 3153 2743 3214 supra
2799 3135 3039 3195 domum
3101 3154 3266 3196 suam
3326 3116 3524 3197 lunam
3590 3137 3675 3196 vel

308 3230 533 3293 ἕκαστος
589 3231 767 3287 ἐπάνω
850 3231 1008 3287 αὐτοῦ
1065 3231 1232 3306 μόνου
1259 3231 1504 3287 ἵστασθαι
1534 3232 1633 3298 τὴν
1660 3230 1889 3301 σελήνην
1920 3230 1949 3298 ἧ

2043 3219 2210 3280 aliam
2271 3221 2525 3283 stellam.
2581 3225 2746 3285 Unde
2795 3231 2852 3284 et
2896 3224 2997 3284 illa
3043 3224 3211 3285 stella
3262 3242 3380 3286 non
3421 3225 3673 3285 demon—

308 3317 472 3376 ἄλλον
525 3318 738 3398 ἀστέρα.
829 3319 1090 3383 Κάκεῖνος
1161 3321 1246 3375 οὖν
1292 3323 1319 3375 6
1349 3320 1515 3399 ἀστὴρ
1559 3323 1651 3378 οὐκ
1678 3319 1739 3374 ἄν
1797 3319 1949 3385 ἔδειξε

2043 3317 2279 3371 strasset
2311 3312 2633 3388 Christum,
2694 3313 2808 3374 nisi
2860 3313 3287 3392 descendisset,
3346 3321 3403 3377 et
3453 3322 3675 3376 tantum

304 3408 400 3462 τὸν
463 3409 708 3488 Χριστὸν,
768 3409 812 3463 εἰ
869 3409 948 3483 μὴ
991 3406 1314 3489 συγκατὲϐη,
1346 3409 1433 3464 καί
1462 3409 1748 3487 μονονουχὶ
1777 3408 1949 3464 ἐπάνω

2043 3417 2155 3460 non
2191 3419 2368 3480 supra
2399 3412 2572 3482 caput
2603 3403 2770 3484 pueri
2800 3402 3085 3467 stetisset.

303 3499 404 3564 τῆς
433 3495 670 3575 κεφαλῆς
713 3503 804 3553 τοῦ
832 3495 1041 3553 παιδίου
1073 3496 1223 3564 ³ἔστη.

2120 3491 2302 3551 Vens.
2350 3491 2475 3553 l0.«
2515 3491 2654 3553 Visa
2685 3500 2878 3553 autem
2906 3493 3289 3574 stella,gavisi
3313 3494 3677 3574 suntgaudio

391 3606 416 3639 ε
484 3582 702 3649 ἰδόντες
759 3584 813 3642 δὲ
871 3588 962 3642 τὸν
1018 3586 1235 3667 ἀστέρα,
1268 3587 1541 3666 ἰχάρησαν
1575 3588 1749 3666 χιρὰν
1779 3589 1949 3666 μεγά-

2043 3596 2246 3657 magno
2278 3580 2464 3644 valde.
2509 3608 2530 3641 ι
2571 3581 2740 3654 Quod
2773 3601 2888 3643 non
2923 3582 3326 3659 aberrassent,
3360 3593 3462 3647 sed
3508 3585 3674 3646 inve-

309 3673 407 3741 λην
486 3675 706 3755 σφόδρα.
749 3697 773 3732 ε
838 3667 928 3738 Ὠς
959 3676 1021 3732 οὗ
1061 3674 1444 3752 πλανηθέντες,
1476 3674 1595 3732 ἀλλ’
1628 3678 1863 3756 εὑρόντες
1894 3679 1949 3733 τὸ

2043 3667 2263 3730 nissent
2295 3671 2450 3750 quod
2482 3671 2847 3753 quaerebant,
2881 3672 3060 3751 gavisi
3093 3682 3248 3734 sunt.

309 3763 652 3843 ζητούμενον,
697 3762 994 3843 δχάρησαν.

394 3872 419 3905 α
501 3852 600 3908 Καὶ
659 3849 896 3916 ἐλθόντες
955 3853 1029 3916 εἰς
1085 3853 1184 3920 τὴν
1227 3853 1412 3930 οἰκίαν,
1464 3852 1607 3911 εἶδον
1636 3857 1696 3913 τὸ
1745 3853 1949 3912 παιδίον

2113 3847 2298 3910 Vens.
2330 3848 2542 3910 tl.«Et
2563 3851 2816 3930 ingressi
2839 3850 3106 3927 domum,
3134 3851 3410 3914 viderunt
3429 3871 3676 3934 puerum

313 3943 443 4016 μετὰ
505 3941 706 4020 Μαρίας
735 3946 834 4008 τῆς
891 3943 1096 4021 μητρὸς
1153 3944 1330 4002 αὐτοῦ.
1404 3968 1432 3999 ι
1510 3945 1670 4021 ’Ἅμα
1723 3947 1820 4022 μὲν
1875 3953 1949 4020 τῷ

2043 3953 2167 3998 cum
2202 3936 2382 3999 Maria
2433 3943 2622 4002 Matre
2673 3943 2800 4020 ejus
2861 3965 2884 3999 ι)
2939 3944 3072 4004 Mox
3118 3941 3358 4022 quidem
3411 3952 3471 4004 ut
3508 3953 3680 4005 natus

312 4033 643 4106 γεννηθῆναι,
706 4029 761 4086 ἰν
815 4036 885 4108 τῇ
953 4031 1124 4111 φάτνῃ
1189 4031 1492 4089 κατέκλινεν
1538 4037 1573 4103 ἡ
1604 4034 1861 4114 Παρθένος
1891 4036 1949 4091 τὸ

2043 4025 2163 4105 fuit,
2201 4027 2508 4089 reclinavit
2558 4026 2734 4108 Virgo
2765 4048 3013 4110 puerum
3053 4030 3114 4090 in
3148 4033 3522 4112 praesepium,
3557 4049 3677 4094 non

312 4117 532 4194 παιδίον,
623 4120 683 4176 οὗ
735 4121 836 4199 γὰρ
893 4118 1132 4194 εὕρισκον
1159 4121 1278 4178 τότε
1308 4123 1496 4179 οἰκίαν⁶
1543 4125 1680 4200 μετὰ
1708 4132 1870 4180 ταῦτα
1898 4123 1949 4180 δὲ

2043 4119 2192 4177 enim
2227 4127 2364 4180 tunc
2395 4119 2746 4182 invenerant
2795 4122 3060 4184 domum.
3113 4121 3449 4186 Verisimile
3481 4132 3678 4188 autem

311 4209 446 4273 εἰκός
496 4208 636 4266 ιστιν
693 4210 867 4288 εὑρεῦν
922 4209 1109 4286 οἰκίαν,
1165 4209 1284 4267 ἔνθα
1339 4213 1428 4267 καὶ
1482 4216 1530 4270 οἱ
1602 4213 1775 4292 Μάγοι
1806 4213 1949 4293 εὖρον

2043 4214 2129 4270 Bst
2167 4217 2370 4287 postea
2401 4228 2503 4271 eos
2533 4211 2830 4274 invenisse
2875 4214 3143 4288 domum,
3177 4212 3278 4274 ubi
3309 4221 3367 4274 et
3397 4214 3550 4293 Magi
3579 4213 3675 4274 in-

309 4298 520 4361 αὖτούς.
595 4295 888 4365 Ἀνέϐησαν
944 4297 1042 4373 μὶν
1094 4299 1194 4377 γὰρ
1250 4301 1320 4365 εἰς
1392 4301 1652 4378 Βηθλεὲμ,
1691 4302 1782 4359 ’ίνα
1813 4305 1949 4359 ἀπο-

2043 4307 2326 4359 venerunt
2355 4316 2481 4361 eos.
2512 4299 2928 4362 Ascenderant
2954 4300 3114 4361 enim
3149 4300 3209 4362 in
3241 4301 3568 4376 Bethleem,
3617 4311 3681 4364 nt

309 4393 580 4468 γραφῶσιν
635 4387 774 4463 ἆκεῐ,
829 4389 962 4446 καθὰ
1018 4389 1105 4444 καὶ
1165 4393 1368 4453 Λουκᾶς
1438 4389 1605 4470 λέγει.
1661 4390 1866 4448 Πολλοῦ
1898 4391 1949 4447 δὲ

2043 4395 2500 4449 recenserentur
2539 4387 2684 4464 illic,
2733 4388 2886 4449 sicut
2945 4398 3004 4450 et
3039 4393 3233 4452 Lucas
3283 4390 3446 4452 dicit.
3501 4390 3682 4454 Multa

307 4453 544 4545 πληθους
602 4453 982 4556 συντρεχοντος
1039 4474 1123 4533 διὰ
1163 4478 1260 4546 τὴν
1290 4453 1631 4560 ἀπογραιρήν,
1665 4484 1758 4537 οὒκ
1789 4481 1949 4561 ἔσχον

2043 4481 2230 4536 autem
2281 4453 2683 4539 concurrente,
2747 4477 3125 4540 multitudine
3183 4488 3244 4540 ut
3306 4488 3676 4554 censeretur,

305 4569 443 4646 πρὸς
501 4568 684 4645 καιρὸν
753 4568 938 4642 οἰκίαν,
994 4565 1112 4623 ἀλλ’
1166 4569 1223 4622 iv
1291 4575 1369 4643 τῷ
1423 4568 1673 4638 σπηλαίῳ
1727 4569 1947 4650 ἑτέχθη⁸

2043 4582 2155 4625 non
2187 4565 2488 4628 habebant
2515 4567 2590 4628 ad
2618 4575 2855 4648 tempus
2879 4568 3147 4650 domum,
3181 4569 3285 4630 sed
3317 4569 3378 4630 in
3401 4569 3685 4650 spelunca

305 4657 435 4712 εἶτα
506 4657 686 4735 εὑρέθη
727 4658 762 4724 ἡ
833 4657 991 4728 οἰκία,
1027 4656 1145 4714 ἔνθα
1173 4659 1352 4725 ὡράθη
1380 4671 1500 4722 τοῖς
1549 4661 1751 4739 Μάγοις
1780 4663 1806 4716 ὁ
1855 4663 1949 4739 lib-

2043 4663 2207 4717 natus
2239 4663 2369 4718 est:
2415 4655 2633 4718 deinde
2666 4656 2910 4719 inventa
2961 4658 3162 4732 domo,
3209 4657 3368 4719 visus
3412 4657 3494 4720 ibi
3525 4666 3614 4719 est
3645 4677 3680 4721 a

289 1447 474 1504 αὐτοῦ.

303 4767 446 4824 ριος.
512 4763 541 4803 1
601 4747 698 4803 Καὶ
752 4747 1002 4811 πεσόντες
1057 4746 1460 4825 προσεκύνησαν
1531 4748 1695 4822 αύτῷ,
1751 4774 1778 4805 ,
1835 4733 1956 4808 vles

301 4833 494 4914 ψυχῆς
552 4832 838 4910 ἕλλαμψιν,
892 4833 1100 4902 Πένητα
1170 4832 1417 4910 ἔϐλεπον,
1451 4839 1536 4894 καὶ
1585 4839 1957 4918 προσεκύνουν,

303 4921 816 5003 Ἐπλρογορήθησαν
885 4925 984 5003 γὰρ
1036 4921 1115 4980 ὅτι
1187 4925 1316 4989 Θεός
1349 4925 1484 5004 ἐστι,
1518 4925 1597 4983 διὸ
1647 4929 1735 4984 καὶ
1795 4951 1960 5006 προσ-

301 5014 524 5090 άγουσιν
555 5013 698 5086 αὒτῷ
722 5010 883 5092 δῶρα,
911 5015 986 5077 ὼς
1017 5021 1132 5087 Θεῷ
1173 5015 1261 5070 καὶ
1311 5015 1383 5077 ὡς
1439 5015 1719 5095 ἀνθρώπῳ.
1755 5007 1960 5078 ’Ἄκουε

299 5105 427 5181 γάρ·
497 5125 524 5155 α
601 5104 699 5160 Καὶ
753 5102 1049 5167 ἀνοίξαντες
1101 5106 1224 5167 τοὺς
1254 5105 1544 5181 θησαυροὺς
1577 5107 1766 5182 αὐτῶν,
1802 5129 1954 5186 προσ.

302 5195 541 5269 ἤνεγκαν
607 5196 748 5265 αὖτῷ
815 5189 980 5270 δῶρα,
1011 5193 1237 5272 χρυσὸν,
1269 5193 1355 5248 καὶ
1399 5191 1631 5274 λίϐανον,
1664 5197 1749 5251 καὶ
1798 5198 1959 5276 σμὺρ-

303 5303 427 5343 ναν.
511 5305 539 5337 ι
595 5284 696 5340 Τὸν
753 5282 851 5356 μὲν
911 5284 1133 5360 χρυσὸν,
1187 5282 1528 5361 προσήγαγον
1558 5283 1725 5363 αύτῷ,
1753 5287 1826 5350 ὡς
1856 5286 1958 5362 βα-

299 5369 479 5433 σιλεῖ,
529 5371 616 5446 Τῷ
650 5372 749 5450 γὰρ
780 5370 996 5447 βασιλεῖ
1025 5372 1224 5450 χρυσὸν
1273 5369 1525 5448 τελοῦμεν
1556 5373 1608 5429 οἳ
1641 5373 1740 5429 ὑπό
1771 5388 1954 5454 χεῖρα,

299 5461 411 5520 Τὸν
483 5459 537 5516 δὲ
593 5458 826 5541 λίϐανον,
889 5462 960 5525 ὡς
1019 5466 1154 5533 Θεῷ.
1219 5468 1305 5535 Τῷ
1348 5462 1447 5540 γὰρ
1480 5469 1595 5538 Θεῷ
1624 5460 1833 5520 λίϐανον
1865 5468 1924 5524 θυ

294 5555 540 5626 μιῶμεν,
600 5555 710 5616 Τὴν
765 5547 816 5603 δὲ
873 5551 1127 5628 σμύρναν,
1209 5551 1282 5613 ὡς
1354 5549 1600 5625 μέλλοντι
1679 5552 1958 5630 γεύσασθαι

291 5640 550 5700 θανάτου,
630 5639 773 5693 Μετὰ
829 5640 928 5717 γὰρ
988 5644 1088 5705 τῆς
1172 5639 1405 5716 σμύρνης
1464 5639 1852 5720 ἰνταφιάζουσιν
1911 5647 1957 5699 οἱ

2041 4744 2220 4824 Magis
2247 4745 2557 4808 Dominus.
2595 4772 2622 4802 ιι
2664 4749 2899 4809 Etcum
2932 4747 3347 4827 procidissent,
3392 4748 3680 4810 adorave-

2045 4844 2184 4895 runt
2213 4835 2599 4899 illum.»Vide
2622 4837 2836 4899 animae
2863 4835 3683 4917 illustratiunem.Pauperem

2043 4923 2320 4986 videbant
2379 4933 2437 4986 et
2476 4925 2824 4989 adorabant.
2875 4926 3075 4988 Multis
3119 4927 3276 4989 enim
3323 4929 3687 5006 argumentis

2043 5012 2377 5076 didicerant
2407 5015 2563 5096 quod
2596 5020 2755 5078 esset
2804 5019 2983 5090 Deus,
3037 5016 3168 5078 ideo
3219 5025 3278 5077 et
3325 5015 3381 5076 ei
3431 5016 3690 5078 offerunt

2045 5120 2293 5166 munera
2339 5112 2404 5165 ut
2449 5103 2570 5166 Deo
2623 5113 2681 5166 et
2729 5114 2791 5167 ut
2838 5105 3089 5166 homini.
3135 5105 3290 5167 Audi
3333 5105 3516 5187 enim,
3555 5127 3584 5167 (
3616 5105 3690 5168 Et

2043 5193 2261 5272 apertis
2293 5192 2586 5256 thesauris
2615 5195 2757 5272 suis,
2792 5193 3134 5258 obtulerunt
3177 5196 3233 5257 ei
3270 5194 3447 5270 dona,
3479 5213 3687 5257 aurum

2045 5288 2104 5341 et
2133 5281 2266 5341 thus
2293 5289 2350 5341 et
2382 5282 2707 5362 myrrham.
2741 5307 2768 5339 ι
2806 5285 3033 5344 Aurum
3076 5283 3316 5364 quidem
3348 5283 3692 5347 obtulerunt

2043 5371 2121 5445 ei,
2143 5377 2206 5432 ut
2228 5371 2382 5447 regi.
2398 5372 2622 5433 Aurum
2643 5371 2801 5433 enim
2835 5370 3055 5434 subditi
3082 5372 3324 5452 regibus
3346 5374 3687 5456 pendimus.

2041 5461 2203 5523 Thus
2233 5469 2454 5539 autem,
2487 5471 2550 5522 ut
2586 5465 2732 5524 Deo.
2790 5461 2913 5526 Deo
2964 5464 3120 5526 enim
3172 5462 3310 5526 thus
3358 5463 3688 5528 adolemus.

2042 5549 2337 5631 Myrrham
2370 5569 2529 5632 vero,
2551 5560 2612 5612 ut
2642 5552 3024 5632 degustaturo
3052 5552 3480 5615 mortem.Nam
3504 5553 3692 5617 Judaei

2041 5655 2176 5702 cum
2207 5642 2442 5720 myrrha
2475 5651 2734 5705 mortuos
2770 5643 3087 5724 sepeliunt,
3121 5649 3184 5702 ut
3220 5660 3434 5723 corpus
3457 5649 3694 5705 maneat
