4132 6262
456 329 564 400 171

1438 346 2026 413 THEOPHYLACTI
2068 333 2479 410 BULGABIE
2521 342 2901 411 ARCHIEP.-

3723 344 3834 412 172

454 448 517 531 iu
545 467 746 560 Iudaea
775 487 880 548 pro
909 468 1151 533 Herode
1181 480 1347 551 patre
1377 492 1505 551 suo,
1542 475 1740 538 timuit
1800 476 1938 538 illuc
1967 474 2077 537 abi-

2191 464 2421 554 Ἠρώδου
2480 488 2574 538 τοῦ
2626 481 2825 557 πατρὸς
2870 479 3049 560 αυτοῦ,
3084 476 3318 560 ἐφοϐήθη
3348 478 3464 535 ἐκεῖ
3493 478 3766 542 ἀπελθεῖν.
3802 504 3827 540 ι

453 576 541 620 re.
589 583 610 615 ι
678 557 827 621 Tres
898 560 1052 621 filios
1104 561 1341 643 reliquit
1396 561 1689 641 Herodes,
1738 565 2098 647 Philippum,

452 647 731 727 Antipam
768 655 827 709 et
868 648 1244 710 Archelaum.
1282 652 1636 714 Archelaum
1709 654 1947 734 quidem
1997 672 2099 715 re-

453 754 613 817 gem,
649 736 796 798 alios
834 747 1026 799 autem
1082 742 1411 802 tetrarchas
1465 760 1598 803 esse
1640 743 1840 820 jussit.
1880 741 2100 803 Timuit

453 834 648 887 autem
707 825 927 906 Joseph
976 829 1033 888 in
1086 837 1299 891 terram
1358 832 1541 892 Israel
1588 831 1773 901 abire,
1826 832 1939 892 hoc
1982 838 2096 912 est,

453 914 513 975 in
573 922 793 976 terram
841 916 1014 997 Juda,
1076 936 1143 978 eo
1176 920 1331 997 quod
1363 919 1690 981 Archelaus
1734 919 1950 981 similis
1990 939 2097 999 pa-

453 1003 530 1063 tri
556 1008 844 1065 suo“erat.
907 1005 1158 1085 Antipas
1201 1025 1337 1068 vero
1400 1008 1529 1088 ipse
1589 1016 1679 1069 est
1730 1008 1968 1087 juvenis
1996 1008 2100 1070 ille

452 1088 729 1154 Herodes
786 1094 882 1173 qui
949 1093 1381 1158 Praecursorem
1437 1097 1692 1160 sustulit.
1756 1121 1785 1153 «
1845 1093 2097 1160 Oraculo

454 1188 652 1241 autem
723 1190 967 1261 accepto
1038 1184 1100 1243 in
1159 1185 1407 1264 somnis,
1472 1185 1720 1246 secessit
1768 1185 1830 1247 in
1904 1194 2097 1265 partes

453 1270 726 1332 Galilaaaa.
769 1294 791 1328 ι)
829 1270 1066 1333 Galilzea
1096 1292 1213 1333 non
1247 1281 1372 1334 erat
1400 1282 1556 1335 terra
1585 1273 1788 1346 Israel,
1819 1274 1924 1334 sed
1953 1294 2092 1353 gen-

453 1360 667 1436 tilium;
714 1360 873 1421 unde
924 1369 981 1421 et
1035 1360 1219 1423 Judaei
1248 1362 1401 1423 sicut
1428 1361 1928 1426 abominationem
1960 1363 2093 1424 illos

449 1449 751 1513 videbant.

539 1564 565 1595 ιι
600 1539 983 1602 Vnus.93.Ac
1006 1539 1305 1619 profectus
1332 1539 1612 1601 habitavit
1634 1539 1943 1604 incivitate
1964 1556 2092 1621 quae

2187 573 2343 643 Τρεῖς
2385 568 2526 633 υἱοὺς
2557 567 2870 644 κατέλειψεν
2918 559 3181 648 Ἡρώδης,
3224 566 3501 647 Φίλιπτον,
3556 565 3829 651 ’Λντίπαν,

2184 654 2271 708 καὶ
2331 654 2627 735 Ἀρχέλαον
2675 673 2689 689 ⁸
2763 658 2855 713 τὸν
2913 658 3010 732 μὲν
3068 659 3156 713 οὖν
3221 654 3542 736 Ἀρχέλαον,
3587 657 3826 734 βασιλέα,

2181 741 2304 805 τοὺς
2362 742 2417 798 δὲ
2474 743 2714 824 λοιποὺς,
2777 746 3075 824 τετράρχας
3138 743 3409 801 ἐκέλευσεν
3453 744 3618 803 εἶναι.
3667 745 3825 827 Ἐφο-

2181 827 2319 899 ϐήθη
2379 829 2437 886 δὲ
2494 835 2521 889 6
2583 833 2782 913 Ἰωσήφ
2842 833 3094 889 ἀπελθεῖν
3147 835 3221 897 είς
3266 838 3367 912 γῆν
3417 831 3652 913 Ἰσραὴλ,
3684 857 3831 892 τουτο

2182 918 2345 995 ἐστιν,
2406 922 2481 986 εἷς
2510 922 2606 990 τὴν
2639 920 2912 1003 Ἰουδαίαν,
2944 920 3077 979 διότι
3105 924 3194 978 καὶ
3236 925 3264 978 6
3295 920 3613 1001 Ἀρχέλαος,
3646 922 3827 999 ὅμοιος

2178 1007 2244 1074 ἦν
2303 1012 2381 1080 τῷ
2436 1011 2594 1089 πατρὶ
2656 1012 2840 1069 αὐτοῦ.
2914 1003 2970 1068 Ὀ
3015 1008 3069 1065 δὲ
3125 1008 3395 1083 Ἀντίπας,
3444 1010 3600 1074 αὐτός
3632 1012 3773 1069 ἐστιν
3801 1016 3828 1069 6

2180 1094 2295 1161 νέος
2357 1089 2617 1177 Ἡρώδης,
2676 1100 2704 1154 6
2758 1101 2850 1155 τὸν
2906 1097 3208 1177 Πρόδρομον
3256 1098 3479 1160 ἀνελών,
3534 1119 3559 1153 ι
3608 1108 3827 1178 Χρημα-

2178 1186 2373 1249 τισθεῖς
2418 1186 2471 1243 δὲ
2533 1187 2652 1269 κατ’
2695 1185 2844 1267 ὄναρ,
2889 1188 3235 1268 ἀνεχώρησεν
3292 1190 3366 1252 εἷς
3420 1188 3488 1244 τὰ
3536 1189 3673 1269 μέρη
3730 1192 3825 1259 τῆς

2176 1273 2485 1338 Γαλιλαίας.
2521 1295 2551 1335 )
2606 1267 2668 1333 Ἠ
2724 1276 2977 1332 Γαλιλαία
3017 1267 3127 1335 οὐκ
3181 1276 3248 1344 ἦν
3297 1281 3368 1354 γῆ
3421 1267 3661 1355 Ἰσραὴλ,
3690 1277 3825 1335 ἀλλὰ

2172 1367 2278 1419 τῶν
2309 1364 2526 1423 ἐθνικῶν
2582 1366 2652 1431 ἧν
2684 1383 2703 1401 ο
2764 1363 2845 1422 διὸ
2898 1366 2986 1422 καὶ
3050 1365 3095 1420 οἱ
3155 1362 3401 1424 Ἰουδαῖοι
3444 1368 3517 1431 ὡς
3561 1365 3825 1448 βδέλυγμα

2173 1452 2386 1518 τούτους
2419 1450 2664 1515 ἔϐλεπον.

2258 1562 2284 1597 ι
2320 1550 2421 1619 Καὶ
2474 1540 2637 1598 ἐλθὼν
2694 1541 3007 1615 κατῴκησεν
3053 1543 3128 1605 εἶς
3171 1540 3327 1599 πόλιν
3355 1542 3651 1621 λεγομένην
3704 1555 3816 1604 Να-

455 1628 669 1689 dicitur
688 1627 995 1708 Nazareth,
1036 1652 1058 1685 ν
1094 1628 1173 1688 At
1203 1628 1499 1706 quomodo
1532 1628 1717 1689 Lucas
1747 1628 1910 1704 dicit,
1931 1629 2077 1709 quod

2171 1626 2347 1707 ζαρέτ.
2389 1650 2413 1686 ι
2485 1632 2584 1687 Καὶ
2641 1634 2758 1694 πῶς
2817 1632 2847 1686 6
2876 1635 3078 1695 Λουκᾶς
3111 1629 3279 1711 λέγει,
3327 1630 3409 1688 ὅτι
3441 1634 3574 1709 μετὰ
3602 1634 3663 1689 τὸ
3692 1653 3822 1712 γεν-

453 1725 759 1798 postquam
795 1725 963 1777 natus
995 1716 1125 1797 fuit,
1152 1716 1536 1819 implevitque
1566 1736 1621 1778 x1
1652 1716 1806 1817 dies,
1841 1725 1901 1817 et
1929 1717 2077 1819 a‘Si-

2175 1721 2395 1784 νηθῆναι
2466 1717 2684 1784 τελέσας
2766 1718 2861 1782 τὰς
2959 1720 3352 1799 τεσσαράκοντα
3419 1721 3646 1800 ἡμέρας,
3735 1726 3823 1779 καὶ

452 1826 664 1868 meone
694 1813 956 1884 gestatus
985 1813 1096 1880 est,
1133 1804 1512 1866 descenderit
1564 1806 1850 1868 Dominus
1880 1806 1939 1866 in
1971 1806 2077 1868 Na-

2174 1807 2276 1861 ὑπὸ
2327 1813 2421 1864 τοῦ
2478 1808 2698 1883 Συμεὼν
2740 1807 3089 1887 βασταχθεις,
3149 1807 3408 1875 κατῆλθεν
3456 1811 3485 1866 6
3518 1810 3704 1887 Κύριος
3747 1812 3822 1876 εἰς

448 1896 653 1957 zareth
688 1915 701 1954 :
740 1896 850 1956 hoc
882 1902 1075 1955 autem
1108 1893 1234 1954 loco
1284 1894 1595 1956 Matthaeus
1627 1894 1728 1970 ait,
1776 1895 1931 1975 quod
1963 1910 2077 1974 p051

2176 1895 2437 1972 Ναζαρέτ,
2485 1895 2702 1953 ἐνταῦθα
2755 1894 2809 1951 δὲ
2870 1898 2898 1951 6
2964 1898 3236 1962 Ματθαϊος
3306 1895 3475 1975 λέγει,
3536 1897 3617 1954 ὅτι
3688 1901 3822 1975 μετᾶ

447 1984 702 2047 reditum
736 2003 804 2045 ex
839 1985 1087 2062 [Egypto
1148 1985 1376 2044 venerit
1424 1983 1486 2043 in
1529 1983 1872 2047 Nazareth?
1917 1982 2077 2046 Disce

2171 1982 2272 2050 τὴν
2354 1983 2405 2049 ἐξ
2491 1985 2753 2063 Αἰγύπτου
2824 1982 3077 2041 ἐπάνοδον
3149 1983 3304 2053 ἦλθεν
3403 1987 3476 2050 εἰς
3535 1987 3817 2067 Ναζαρέτ;

447 2072 652 2153 igitur,
688 2072 847 2152 quod
879 2091 1010 2150 quae
1039 2071 1203 2132 siluit
1234 2071 1558 2147 Matthaeus,
1592 2072 1740 2133 dixit
1767 2075 1976 2135 Lucas.
2011 2076 2092 2137 Ut

446 2162 702 2241 exempli
731 2160 917 2239 gratia
936 2159 1158 2239 aliquid
1188 2159 1407 2236 dicam,
1442 2170 1749 2241 postquam
1774 2171 1946 2225 natus
1976 2169 2085 2242 est,

445 2250 713 2330 implevit
763 2267 837 2309 χι.
894 2249 1048 2321 dies,
1081 2247 1301 2309 deinde
1346 2249 1654 2311 descendit
1684 2250 1745 2312 in
1775 2249 2082 2313 Nazareth:

443 2340 572 2400 haec
607 2338 749 2399 dicit
777 2338 963 2398 Lucas
990 2336 1388 2399 43.Matthmus
1419 2346 1615 2398 autem
1634 2337 1779 2400 dicit
1804 2359 1934 2419 quae
1955 2359 2087 2420 pos-

442 2436 539 2489 tea
560 2428 709 2488 facta
738 2426 1061 2505 sunt,quod
1090 2425 1307 2502 fugerit
1326 2427 1973 2507 in/Egyptumﬂeinde
1994 2448 2086 2490 ve-

438 2517 597 2578 nerit
627 2516 697 2577 ab
718 2515 963 2594 Egypto
1006 2514 1066 2574 in
1109 2516 1422 2579 Nazareth.
1452 2514 1582 2576 Non
1615 2514 1910 2577 dissident
1940 2535 2083 2596 ergo

436 2605 596 2666 inter
618 2623 704 2665 se.
739 2603 883 2665 Nam
934 2605 1118 2663 Lucas
1153 2603 1297 2664 dicit
1324 2602 1678 2665 descensum
1711 2623 1745 2665 a
1775 2604 2079 2667 Bethleem

436 2695 497 2755 in
522 2694 837 2767 Nazareth,
870 2694 1178 2753 Matthqu
1208 2701 1403 2753 autem
1456 2700 1661 2772 postea
1704 2694 1963 2755 reditum
2006 2696 2082 2756 ah

437 2785 690 2863 ngypto
733 2783 795 2842 in
829 2782 1136 2843 Nazareth.
1175 2801 1199 2835 σ
1232 2779 1306 2843 Ut
1335 2780 1653 2861 impleatur
1682 2782 1838 2862 quod
1861 2782 2078 2845 dictum

437 2880 525 2934 est
556 2890 659 2952 per
690 2871 1029 2950 prophetas.
1064 2868 1231 2941 Quod
1249 2867 1558 2929 Nazaraaus
1588 2869 1909 2933 vocabitur.
1955 2895 1982 2927 ι
2013 2871 2082 2933 Ει

440 2961 574 3042 quis
606 2961 891 3040 propheta
922 2961 1033 3019 hoc
1063 2957 1231 3019 dixit?
1274 2977 1388 3019 non
1422 2958 1721 3019 invenitur
1752 2977 1931 3022 nunc.
1966 2959 2081 3022 Per

436 3049 856 3129 negligentiam
889 3048 1050 3109 enim
1078 3046 1420 3108 Judeeorum
1450 3048 1618 3108 multi
1663 3047 1797 3109 libri
1835 3048 2077 3111 deside-

2172 2071 2316 2128 Μάθε
2374 2073 2569 2144 τοίνυν,
2622 2071 2704 2128 ὅτι
2759 2072 2794 2127 ἃ
2850 2072 3150 2140 ἐσιώπησεν
3211 2075 3240 2128 6
3280 2076 3575 2155 Ματθαῖος,
3607 2076 3760 2132 εἶπεν
3790 2077 3818 2132 6

2172 2164 2401 2225 Λουκᾶς.
2448 2161 2581 2217 Οἷὸν
2610 2184 2661 2217 τι
2704 2159 2848 2239 λέγω
2875 2175 2890 2192 ⁸
2939 2162 3084 2216 Μετὰ
3124 2161 3187 2216 τὰ
3229 2162 3565 2240 γεννηθῆναι,
3610 2162 3813 2221 ἐτέλεσε

2168 2249 2263 2313 τὰς
2306 2250 2700 2326 τεσσαράκοντα
2742 2247 2967 2327 ἡμέρας.
3029 2249 3152 2305 εἶτα
3208 2249 3464 2316 κατῆλθεν
3507 2251 3577 2315 εἰς
3632 2259 3813 2322 Ναζα-

2170 2336 2256 2415 ρέτ
2304 2354 2322 2373 ο
2368 2348 2531 2396 ταῦτα
2588 2337 2731 2417 λέγει
2790 2340 2819 2395 6
2892 2343 3098 2400 Λουκᾶς
3134 2356 3151 2375 ⁸
3199 2340 3228 2393 6
3270 2343 3539 2402 Ματθαῖος
3585 2337 3639 2396 δὲ
3669 2338 3813 2418 λέγει

2167 2447 2232 2484 τα
2262 2428 2395 2501 μετὰ
2427 2434 2613 2503 ταῦτα,
2656 2425 2738 2483 ὅτι
2782 2427 2968 2507 ἔφυγεν
3012 2427 3084 2489 εἰς
3116 2426 3412 2508 Αἴγυπτον,
3444 2428 3567 2484 εἶτα
3594 2426 3815 2495 ἀνῆλθεν

2166 2515 2273 2570 ἀπὸ
2333 2516 2598 2593 Αἰγύπτου
2658 2517 2730 2579 εἷς
2811 2514 3071 2593 Ναζαρέτ,
3148 2517 3254 2574 Οὐκ
3304 2518 3659 2576 ἐναντιῶνται
3730 2519 3817 2573 οὖν

2164 2602 2419 2674 ἀλλήλοις
2455 2621 2470 2635 ⁸
2539 2602 2657 2661 ἀλλ’
2718 2607 2748 2660 6
2803 2605 2900 2680 μὲν
2958 2603 3102 2683 λέγει
3156 2604 3252 2672 τὴν
3304 2604 3410 2661 ἀπὸ
3473 2604 3713 2682 Βηθλεέμ
3742 2607 3814 2671 είς

2168 2694 2403 2771 Ναζαρὲτ
2446 2692 2690 2772 κάθοδον,
2724 2695 2751 2748 6
2782 2698 2986 2757 Λουκᾶς
3015 2713 3028 2727 ·
3084 2695 3114 2747 6
3142 2690 3197 2748 δὲ
3227 2696 3522 2769 Ματθαῖος,
3556 2695 3653 2772 τὴν
3680 2694 3815 2769 μετά

2162 2770 2326 2838 ταῦτα
2388 2782 2493 2839 ἀπὸ
2550 2770 2813 2858 Αίγιῖπτού
2873 2783 2947 2844 εἰς
3018 2781 3253 2860 Ναζαρὲτ
3294 2779 3499 2841 ἄνοδον.
3553 2804 3577 2838 I
3618 2770 3812 2847 ιὈπως

2164 2869 2422 2949 πληρωθῇ
2449 2873 2510 2929 τὸ
2542 2871 2696 2949 ῥηθὲν
2727 2868 2811 2927 διὰ
2857 2876 2962 2927 τῶν
3010 2876 3325 2950 προφητῶν,
3384 2869 3466 2926 ὅτι
3500 2878 3810 2949 Ναζωραῖος

2161 2958 2509 3030 κληθήσεται.
2548 2983 2576 3015 »
2614 2962 2713 3018 Καὶ
2769 2962 2929 3023 ποῖος
2958 2961 3239 3038 προφήτης
3268 2961 3422 3015 τοῦτο
3452 2959 3605 3015 εἶπεν
3636 2978 3653 3039 ;
3702 2960 3805 3040 οὐχ

2163 3049 2450 3125 εὑρίσκεται
2483 3050 2590 3107 νῦν.
2628 3049 2723 3104 Διὰ
2765 3048 2865 3127 γὰρ
2912 3048 3010 3114 τὴν
3067 3046 3320 3122 ἀμέλειαν
3377 3052 3483 3104 τῶν
3526 3045 3803 3127 Ἐϐραίων,

432 3121 657 3212 rantur,
696 3146 754 3199 et
785 3138 859 3199 ob
891 3138 1203 3199 contiuuas
1233 3136 1599 3215 captivitates
1633 3155 1646 3199 :
1678 3136 1942 3199 fortassis
1970 3137 2042 3200 ab

2168 3121 2334 3193 πολλὰ
2383 3135 2560 3214 βιϐλία
2603 3121 2905 3211 ἀπώλοντο,
2954 3135 3041 3191 καὶ
3084 3121 3190 3192 άπὸ
3236 3136 3342 3192 τῶν
3373 3121 3807 3216 συνέχων-αἰχμέ

435 3246 580 3308 sque
612 3228 787 3289 etiam
819 3226 1110 3306 scriptura
1140 3227 1251 3287 hoc
1280 3225 1587 3286 dicebatur
1640 3226 1725 3285 ιθ
1770 3226 1927 3305 apud
1965 3226 2074 3290 Ju-

436 3317 616 3378 daeos.
672 3317 976 3394 Signiﬁcat
1020 3323 1212 3376 autem
1261 3314 1591 3390 Nazaraeus,
1624 3316 2023 3377 sanctiﬁcatus
2058 3339 2071 3375 :

438 3404 619 3482 igitur
675 3405 955 3483 quoniam
1016 3412 1252 3464 sanctus
1306 3403 1601 3484 Christus,
1651 3412 1811 3465 recte
1857 3404 2077 3466 dicitur

444 3491 777 3554 Nazarmus.
808 3491 1062 3554 Sanctus
1111 3491 1268 3552 enim
1307 3490 1574 3568 'Israelis,
1609 3509 1643 3553 a
1685 3491 1886 3553 multis
1929 3511 2073 3571 pro-

437 3582 631 3662 phetis
669 3589 912 3646 vocatur
935 3579 1241 3644 Dominus.

1048 3702 1293 3767 CAPUT
1329 3702 1429 3769 ΙΠ.

470 3817 732 3881 Joarnes
762 3820 1039 3899 Baptista
1065 3820 1304 3898 primus
1333 3819 1507 3898 regni
1538 3817 1794 3881 calcatis
1809 3837 2027 3900 praeco.

513 3942 695 4005 Vens.
731 3944 789 4003 l.
830 3966 854 3996 ‹‹
891 3943 956 4004 In
1015 3941 1223 4003 diebus
1277 3949 1473 4003 autem
1513 3941 1651 4003 illis.
1687 3966 1710 3997 ι)
1760 3943 1892 4005 Non
1937 3962 2068 4007 cum

433 4033 722 4093 Dominus
753 4039 911 4091 esset
940 4049 1107 4111 puer,
1142 4039 1198 4091 et
1230 4030 1289 4091 in
1322 4032 1605 4092 Nazareth
1635 4030 2067 4105 habitabat,sed

433 4120 786 4200 simpliciter
828 4120 915 4181 sic
971 4119 1182 4199 inquit,
1218 4127 1281 4180 ut
1323 4119 1402 4179 in'
1431 4131 1703 4199 tempore
1752 4120 1876 4191 illo,
1910 4123 2066 4202 quod

432 4219 569 4271 ante
618 4211 769 4270 hanc
829 4216 1181 4287 praesentem
1233 4217 1357 4269 erat
1406 4216 1659 4270 aetatem.
1726 4231 1749 4266 ιι
1798 4210 2070 4275 Accessit

431 4299 688 4359 Joannes
722 4296 1002 4376 Baptista.
1043 4319 1066 4351 ι)
1102 4298 1423 4376 Propterea
1468 4296 1682 4357 missus
1727 4306 1814 4359 est
1858 4318 1891 4360 a
1944 4299 2067 4361 Deo

427 4388 709 4467 Joannes,
736 4395 800 4446 ut
852 4394 1124 4464 argueret
1168 4383 1425 4461 Iudaeos,
1460 4394 1518 4447 et
1569 4388 1953 4466 persuaderet
1981 4390 2067 4450 eis

2160 3223 2406 3282 αλωσιῶν
2440 3244 2457 3261 ⁸
2511 3226 2762 3305 ἀγράφως
2841 3222 2896 3281 δὲ
2952 3224 3121 3304 τυχὸν
3198 3223 3411 3302 ἐλέγετο
3479 3225 3621 3303 παρὰ
3688 3238 3805 3291 τοῖς

2159 3313 2451 3380 Ἰουδαίοις,
2510 3316 2769 3390 Σημαίνει
2818 3311 2873 3369 δὲ
2931 3315 3018 3384 τὸ,
3064 3319 3403 3391 Ναζωραῖος,
3459 3313 3802 3391 ἡγιασμένος,

2156 3402 2271 3458 ἐπεὶ
2339 3406 2509 3460 τοίνυν
2564 3403 2718 3482 ἅγιος
2777 3405 2806 3459 6
2887 3402 3134 3481 Χριστὸς,
3196 3402 3411 3468 εἰκότως
3467 3400 3527 3457 ἂν
3599 3400 3806 3480 λέγοιτο

2158 3498 2493 3570 Ναζωραῖος.
2551 3482 2748 3570 "Axio:
2818 3492 2918 3571 γὰρ
2966 3497 3059 3548 τοῦ
3117 3490 3352 3570 Ἰσραὴλ,
3400 3492 3543 3569 παρὰ
3589 3490 3804 3548 πολλῶν

2156 3584 2443 3661 προφητῶν
2471 3580 2715 3640 καλεῖται
2758 3582 2787 3638 ὃ
2818 3581 3031 3659 Κύριος.

2792 3677 3046 3732 ΚΕΦΑΛ.
3090 3659 3173 3733 Γ’.

2155 3771 2370 3846 Πρῶτος
2478 3766 2726 3839 Ἰωάννης
2829 3763 3043 3855 ἐκήρυξε
3142 3763 3415 3840 βασιλείαν
3515 3771 3622 3822 τῶν
3702 3770 3798 3827 οὗ..

2885 3866 3055 3924 ρανων
3064 3892 3079 3908 ,

2239 3958 2262 3992 α
2297 3938 2389 3996 Ἐν
2457 3936 2511 3994 δὲ
2563 3950 2686 4003 ταῖς
2752 3936 2975 4016 ἡμέραις
3019 3934 3267 3999 ἐκείναις.
3304 3957 3332 3991 »
3368 3938 3484 4014 Οὐχ
3542 3935 3631 3992 ὅτε
3672 3938 3740 4003 ἦν
3770 3939 3798 3993 6

2154 4026 2340 4105 Κύριος
2394 4039 2550 4102 παῖς,
2618 4029 2707 4083 καὶ
2762 4030 2816 4083 ἒν
2877 4024 3113 4103 Ναζαρὲτ
3167 4028 3421 4101 κατῲκει,
3467 4022 3587 4081 ἀλλ’
3615 4023 3801 4090 ἅπλῶς

2152 4113 2287 4171 οὕτω
2329 4118 2510 4195 φησὶν,
2556 4117 2699 4191 οἷον,
2760 4114 2814 4171 ἐν
2865 4120 2943 4188 τῷ
2980 4119 3148 4192 καιρῷ
3190 4114 3398 4188 ἐκείνῳ,
3430 4115 3490 4169 τὸ
3544 4114 3646 4193 πρὸ
3700 4116 3800 4183 τῆς

2151 4211 2236 4258 νῦν
2294 4212 2503 4283 γενεᾶς.
2554 4224 2579 4259 ι
2630 4203 2979 4282 Παραγίνεται
3027 4201 3278 4268 Ἰωάννης
3320 4200 3349 4256 6
3394 4202 3714 4278 βαπτιστής,
3763 4226 3794 4259 ι

2153 4294 2251 4348 Διὰ
2308 4303 2461 4353 τοῦτο
2490 4291 2735 4372 ἐπέμφθη
2792 4293 2936 4371 παρὰ
2984 4298 3075 4347 τοῦ
3129 4293 3263 4347 Θεοῦ
3324 4293 3352 4346 6
3395 4291 3676 4366 ἰωάννης,
3705 4291 3799 4348 ἵνα

2151 4380 2394 4462 ἐλέγχων
2456 4384 2579 4448 τοὺς
2632 4378 2939 4460 Ἰουδαίους,
2991 4380 3150 4457 πείσῃ
3190 4380 3376 4443 αὐτούς
3434 4381 3507 4445 είς
3547 4380 3797 4447 αἴσθησιν

427 4482 493 4535 ut
514 4494 621 4535 sua
653 4474 805 4535 mala
834 4481 1245 4553 agnoscerent,
1278 4482 1452 4554 atque
1481 4475 1561 4535 ita
1605 4476 1898 4538 Christum
1930 4496 2064 4539 sus-

2168 4469 2326 4528 ὶλθεῖν
2381 4472 2486 4528 τῶν
2544 4471 2752 4529 οἰκείων
2811 4475 3014 4545 κακῶν,
3072 4471 3161 4526 καὶ
3219 4469 3357 4526 οὕτω
3412 4467 3796 4548 παραδέξασθαι

429 4562 720 4642 ciperent.
773 4561 916 4622 Nam
951 4562 1062 4621 nisi
1094 4562 1225 4641 quis
1254 4580 1490 4623 sensum
1524 4565 1819 4644 acceperit
1848 4584 2066 4645 pecca-

425 4658 650 4725 torum,
705 4669 821 4710 non
866 4650 1023 4711 venit
1064 4650 1136 4709 ad
1188 4651 1616 4729 paenitentiam.
1652 4652 1866 4716 Missus
1894 4655 2069 4733 igitur

424 4747 516 4801 est
541 4738 819 4803 Joannes.

510 4827 689 4890 Vsus.
737 4831 875 4907 1,2.
916 4826 1301 4888 «Praedicans
1357 4827 1418 4888 in
1464 4828 1700 4891 deserto
1744 4830 1985 4907 Judaaaa,
2008 4842 2065 4894 et

424 4917 634 4978 dicens
665 4939 677 4979 :
714 4916 1132 4996 Resipiscite.»
1161 4916 1522 4995 Arrogantes
1544 4918 1938 5001 erantJudwi,
1967 4921 2064 4982 id-

424 5006 583 5068 circo
617 5006 767 5082 cogit
801 5024 904 5065 eos
934 5006 1005 5065 ad
1034 5006 1465 5084 paenitentiam.
1495 5029 1522 5066 ι(
1556 5009 2065 5090 Appropinquavit

423 5092 584 5154 enim
618 5112 862 5171 regnum
890 5095 1171 5154 caelorum
1236 5120 1263 5149 ››
1299 5093 1564 5173 Regnum
1607 5097 1889 5158 ccelorum
1920 5098 2063 5159 dicit

423 5180 680 5261 primum
714 5189 769 5241 et
800 5183 1123 5241 secundum
1159 5182 1374 5245 Christi
1403 5184 1739 5259 adventum,
1791 5194 1849 5247 et
1882 5186 2056 5248 vitam

420 5268 736 5330 virtutibus
768 5270 1345 5350 praditamﬂuando
1378 5274 1535 5333 enim
1575 5274 1635 5334 in
1663 5283 1819 5335 terra
1847 5276 2055 5338 ambu-

422 5357 637 5438 lamus,
671 5359 840 5438 quasi
872 5358 930 5417 in
965 5361 1111 5419 caelo
1140 5360 1424 5437 degentes
1470 5361 1699 5443 absque
1727 5364 2055 5427 affectioni-

419 5446 550 5525 bus,
586 5466 835 5527 regnum
860 5446 1145 5509 babemus
1173 5450 1477 5513 ccelorum.

499 5608 552 5652 ¹²
583 5609 717 5689 Luc.
753 5628 818 5688 II,
852 5609 953 5674 39.

2149 4561 2241 4615 τὸν
2302 4563 2551 4639 Χριστὸν.
2604 4561 2662 4617 Εἰ
2719 4559 2796 4635 μὴ
2855 4559 2955 4637 γὰρ
3003 4554 3255 4625 αἴσθησιν
3325 4554 3477 4613 λάϐοι
3547 4579 3627 4621 τις
3689 4564 3797 4615 τῶν

2150 4647 2444 4731 ἁμαρτιῶν,
2503 4653 2597 4710 οὐκ
2676 4647 2890 4727 ἔρχεται
2984 4647 3055 4709 εἰς
3154 4645 3460 4722 μετάνοιαν,
3517 4646 3796 4728 Ἐπέμφθη

2149 4738 2318 4795 τοίνυν
2344 4741 2372 4795 6
2404 4737 2680 4805 Ἰωάννης,

2236 4846 2266 4887 (
2314 4828 2599 4906 Κηρύσσων
2644 4826 2697 4883 ἐν
2754 4831 2823 4902 τῇ
2863 4825 3051 4904 ἐρήμῳ
3076 4827 3172 4891 τῆς
3224 4822 3517 4900 Ἰουδαίας,
3574 4826 3662 4883 καὶ
3706 4824 3802 4881 λέ-

2147 4939 2255 4994 γων
2290 4935 2305 4949 '
2357 4924 2699 4975 Μετανοεῖτε.
2778 4937 2806 4969 ι
2886 4912 3169 4984 ’Λλαζόνες
3228 4913 3365 4981 ἦσαν
3420 4916 3471 4971 οἱ
3519 4912 3795 4995 Ἰουδαῖοι,

2147 4992 2231 5062 διὰ
2289 5014 2440 5065 τοῦτο
2496 5008 2721 5063 συνωθεῖ
2763 5004 2952 5067 αὐτοὺς
2997 5003 3070 5066 εἷς
3119 5002 3425 5077 μετάνοιαν,
3485 5025 3515 5058 α
3552 4992 3792 5081 ’Ἡγγικε

2143 5097 2242 5174 γὰρ
2300 5098 2334 5164 ἡ
2377 5094 2618 5173 βασιλεία
2672 5099 2778 5150 τῶν
2834 5094 3087 5170 οὐρανῶν,
3149 5114 3178 5147 ι
3228 5090 3502 5151 Βασιλείαν
3558 5095 3791 5171 οὐρανῶν

2142 5182 2281 5263 λέγει
2350 5183 2447 5250 τὴν
2491 5185 2708 5262 πρώτην
2762 5184 2850 5238 καὶ
2892 5178 3132 5258 δευτέραν
3156 5186 3251 5263 τοῦ
3299 5186 3526 5257 Χριστοῦ
3580 5200 3786 5258 παρου-

2140 5257 2277 5346 σίαν,
2324 5273 2411 5328 καὶ
2472 5257 2565 5339 τὴν
2621 5271 2863 5351 ἐνάρετον
2933 5268 3099 5339 ζωήν.
3162 5257 3344 5325 ’Ὅταν
3399 5268 3500 5348 γὰρ
3541 5267 3626 5324 ἐπὶ
3662 5257 3785 5345 γῆς

2140 5359 2457 5437 βαδίζοντες,
2519 5363 2593 5424 ὡς
2649 5363 2705 5416 ἒν
2748 5360 2949 5437 οὖρανῷ
2993 5355 3419 5433 πολιτευώμεθα,
3478 5357 3555 5434 μὴ
3614 5357 3783 5434 ἐμτα·

2140 5461 2243 5513 θῶς
2271 5457 2488 5525 ζῶντες,
2520 5450 2793 5527 βασιλείαν
2820 5448 3021 5529 ἔχομεν
3066 5447 3323 5525 οὐρανῶν,
