4132 6262
285 362 404 425 173

947 366 1392 430 ENARRATIO
1437 368 1519 432 IN
1564 366 2070 433 EVANGELIUM
2118 367 2512 430 MATTH/EI.
2559 400 2637 412 -—
2679 368 2843 431 CAP.
2892 371 3000 431 III.

3553 369 3667 435 174

373 519 401 549 α
437 496 599 560 Οὗτος
669 497 769 575 γὰρ
844 496 986 552 ἐστιν
1061 500 1088 553 ὁ
1159 499 1332 577 ρηθεὶς
1402 500 1501 556 ὑπὸ
1559 491 1782 557 Ἠσαίου
1850 506 1940 556 τοῦ

2100 496 2279 560 Vens.
2314 498 2376 558 3.
2408 519 2430 553 ι
2465 496 2574 559 Hic
2597 497 2755 558 enim
2802 505 2891 557 est
2933 498 3031 578 qui
3075 497 3267 560 dictus
3300 508 3390 561 est
3417 499 3491 561 ab
3519 498 3670 562 Isaia

283 590 583 668 προφήτου,
647 588 892 667 λέγοντος
929 605 942 620 ⁸
1021 592 1183 659 Φωνὴ
1247 593 1475 668 βοῶντος
1508 593 1560 648 ἐν
1617 600 1685 669 τῇ
1715 594 1897 671 ἐρήμῳ
1925 609 1940 623 ⁶

287 675 645 752 Ἑτοιμάσατε
690 679 789 745 τὴν
845 678 962 735 ὁδὸν
1040 681 1250 759 Κυρίου,
1338 681 1531 745 εὐθείας
1590 695 1795 739 ποιεῖτε
1849 684 1942 746 τὰς

289 764 496 842 τρίϐους
542 768 700 826 αὐτοῦ
746 790 773 821 »
815 757 981 846 Ὁδὸς,
1020 769 1080 823 τὸ
1121 757 1452 847 ἓΕὒαγγέλιον
1508 769 1716 848 λέγεται
1752 787 1765 800 ⁸
1827 770 1942 849 τρί-

292 854 384 912 ϐοι
446 854 523 934 δέ,
569 857 634 910 τὰ
679 856 869 930 νομικᾶ
911 857 1316 935 προστάγματα,
1363 860 1436 923 ὡς
1491 859 1942 938 κατατετριμμένα

297 946 384 1000 καὶ
435 943 659 1002 παλαιά.
708 946 847 1011 Φησὶ
883 947 1076 1024 τοίνυν,
1122 944 1201 1001 ὅτι
1265 935 1518 1022 ”Ετοιμοι
1561 947 1772 1026 γένεσθε
1813 950 1941 1022 πρὸς

294 1033 396 1099 τὴν
455 1031 806 1110 εὖαγγελικὴν
891 1032 1186 1107 πολιτείαν,
1271 1036 1359 1090 καὶ
1423 1037 1517 1099 τὰς
1587 1037 1805 1111 νομικὰς
1889 1035 1943 1092 δέ

297 1120 518 1185 ἐντολὰς
605 1122 826 1200 εὐθείας,
916 1123 1177 1198 τουτέστι,
1244 1125 1601 1199 πνευματικὰς
1657 1128 1937 1195 ποιήσατε,

298 1213 370 1268 T6
427 1213 632 1284 πνεῦμα
682 1211 783 1288 γὰρ
814 1209 954 1274 εὐθές
986 1213 1150 1272 ἔστιν.
1189 1201 1364 1269 υΟταν
1407 1213 1494 1269 οὖν
1540 1212 1661 1281 ἴδης
1697 1203 1948 1272 Ἰουδαῖον

296 1303 565 1377 σαρκικῶς
619 1305 836 1355 νοοῦντα
907 1299 973 1356 τὰ
1031 1307 1124 1356 τοῦ
1168 1300 1356 1376 νόμου,
1415 1300 1525 1356 εἰπὲ
1558 1301 1638 1358 ὅτι
1683 1302 1829 1367 οὗτος
1857 1305 1949 1369 τὰς

293 1384 502 1463 τρίϐους
546 1385 640 1443 οὒκ
687 1385 936 1453 ἐποίησεν
988 1386 1209 1463 εὐθείας,
1291 1388 1586 1464 τουτέστιν,
1648 1390 1706 1447 οὗ
1783 1413 1944 1448 πνευ-

295 1481 538 1552 ματικῶς
571 1487 686 1531 νοεῖ
711 1477 804 1531 τὸν
830 1474 1012 1550 νόμον,

386 1586 408 1619 ι
451 1566 615 1629 Αὐτὸς
661 1563 716 1620 δὲ
777 1567 804 1620 ὁ
864 1562 1111 1632 Ἰωάννης
1174 1567 1298 1645 εἶχε
1329 1567 1390 1622 τὸ
1419 1564 1798 1644 ἕνδυμαάὒτοῦ
1842 1572 1946 1626 ἀπὸ

296 1659 504 1732 τριχῶν
575 1652 845 1729 καμήλου.
909 1676 937 1709 ι
1013 1655 1099 1719 Εἷς
1165 1655 1447 1728 μετάνοιαν
1501 1655 1785 1736 παρεκάλει
1861 1658 1948 1714 καὶ

299 1743 409 1798 ἀπὸ
462 1740 557 1798 τοῦ
612 1743 922 1821 σχήματος.
977 1743 1238 1810 Πενθικὴν
1280 1743 1379 1822 γὰρ
1427 1744 1553 1822 εἶχε
1595 1746 1694 1812 τὴν
1725 1745 1942 1816 στολήν.

2030 587 2335 667 propheta,
2371 586 2605 648 dicente
2630 607 2650 648 :
2684 589 2806 648 Vox
2832 586 3142 648 clamantis
3167 589 3229 648 in
3255 588 3514 664 deserto,
3549 589 3664 651 Pa-

2027 684 2152 736 rate
2183 676 2332 737 viam
2355 674 2614 754 Domini,
2648 683 2837 735 rectas
2861 674 3031 736 facite
3063 676 3304 736 semitas
3331 677 3662 756 ejus.»Via,

2025 763 2402 842 Evangelium
2436 764 2650 824 dicitur
2676 784 2690 824 :
2726 765 2954 825 semitae
2979 773 3172 825 autem
3197 765 3405 844 legalia
3431 767 3667 827 manda-

2028 860 2083 912 ta
2111 861 2173 912 ut
2205 854 2334 913 trita
2359 861 2415 912 et
2444 859 2661 915 vetera.
2703 854 2852 915 Dicit
2883 853 3083 933 igitur,
3135 855 3326 915 Parati
3358 863 3544 917 estote
3593 856 3666 917 ad

2026 938 2435 1017 Evangelicam
2494 941 2692 1021 vitam,
2726 950 2784 1002 et
2812 942 2959 1020 legis
2994 941 3270 1002 mandata
3321 954 3502 1018 recta,
3555 944 3666 1006 hoc

2027 1038 2136 1103 est,
2182 1028 2510 1108 spiritualia
2559 1030 2751 1090 facite.
2802 1030 3062 1109 Spiritus
3111 1031 3269 1090 enim
3326 1041 3523 1092 rectus
3551 1040 3658 1093 est.

2026 1115 2272 1188 Quando
2302 1117 2485 1195 igitur
2512 1117 2734 1178 videris
2771 1118 3042 1178 Judaeum
3075 1118 3394 1179 carnaliter
3441 1120 3667 1181 intelli-

2031 1213 2262 1283 gentem
2288 1223 2356 1266 ea
2391 1224 2519 1286 qua;
2546 1206 2691 1283 legis
2722 1214 2879 1280 sunt,
2903 1205 2999 1266 dic
3019 1216 3172 1286 quod
3199 1207 3326 1285 ipse
3348 1225 3467 1268 non
3497 1209 3672 1270 faciat

2027 1295 2272 1355 semitas
2299 1303 2515 1370 rectas,
2540 1294 2653 1355 hoc
2685 1303 2794 1375 est,
2825 1313 2944 1356 non
2962 1295 3356 1374 spiritualiter
3385 1297 3671 1377 intelligat

2029 1381 2245 1461 legem.

2114 1561 2287 1622 Vens.
2311 1563 2375 1622 4.
2416 1561 2582 1639 «Ipse
2613 1575 2750 1620 vero
2781 1560 3038 1621 Joannes
3071 1560 3329 1623 habebat
3356 1562 3670 1625 indumen-

2029 1655 2153 1710 tum
2185 1667 2356 1710 suum
2389 1667 2455 1710 ex
2491 1647 2625 1728 pilis
2655 1647 3041 1710 camelorum.
3072 1674 3093 1706 ι
3130 1650 3218 1711 Ad
3253 1651 3667 1730 paenitentiam

2029 1737 2377 1799 hortabatur
2407 1735 2584 1798 etiam
2615 1736 2840 1809 habitu;
2875 1737 3184 1814 lugubrem
3224 1740 3382 1798 enim
3424 1740 3671 1818 gerebat

301 1833 524 1910 Λέγουσι
581 1830 636 1886 δὲ
669 1811 804 1898 ⁷τὴν
859 1831 1105 1906 καμήλον
1136 1830 1330 1901 μεταξὺ
1387 1837 1526 1888 εἶναι
1580 1839 1803 1909 καθαροῦ
1860 1831 1946 1891 καὶ

2037 1825 2497 1888 vestem.Dicunt
2521 1833 2715 1886 autem
2745 1811 3033 1885 camelum
3080 1826 3344 1887 medium
3364 1811 3674 1890 esseinter

300 1921 402 1994 μή.
463 1921 601 1977 Καθὸ
666 1919 766 1994 μὲν
812 1921 911 1998 γὰρ
959 1921 1256 1996 μηρυκίζει,
1327 1921 1554 1999 καθαρόν
1614 1922 1769 1980 ἐστι’
1817 1924 1946 1980 καθὸ

299 2006 354 2064 δὲ
405 2011 500 2066 οὔκ
558 2005 670 2064 ἔστι
702 2007 928 2087 δίχηλον
967 2010 1104 2065 κατὰ
1131 2011 1253 2071 τοὺς
1282 2007 1506 2088 ὄνυχας,
1538 2013 1632 2069 οὐκ
1685 2011 1794 2068 ἔστι
1844 2034 1946 2069 κα-

299 2096 476 2175 θαρόν.
540 2097 688 2154 Ἐπεὶ
744 2095 833 2151 οὖν
899 2098 987 2153 καὶ
1055 2099 1082 2152 6
1139 2093 1414 2178 Ἰωάννης,
1475 2099 1563 2155 τόν
1617 2120 1674 2155 τε
1725 2103 1946 2178 καθαρὸν

301 2183 554 2243 δοκοῦντα
612 2185 764 2259 λαὸν,
830 2185 920 2240 τὸν
970 2182 1286 2258 Ἰουδαϊκὸν,
1348 2187 1433 2242 καὶ
1486 2188 1577 2244 τὸν
1631 2187 1943 2268 ἀκάθαρτον,

302 2275 392 2329 τὸν
455 2273 678 2348 ἐθνικὸν,
740 2273 979 2351 προσῆγε
1023 2279 1100 2346 τῷ
1161 2280 1298 2348 Θεῷ,
1332 2277 1418 2330 καὶ
1469 2276 1690 2351 μεσίτης
1724 2276 1789 2343 ἧν
1843 2299 1954 2334 πα-

304 2361 495 2420 λαιᾶας
527 2359 788 2431 διαθήκης
849 2364 936 2418 καὶ
965 2361 1105 2436 νέας,
1139 2360 1223 2417 διὰ
1252 2368 1407 2419 τουτο
1438 2361 1610 2442 ἐφόρει
1641 2365 1732 2428 τὰς
1765 2367 1953 2445 τρίχας

305 2456 403 2517 τῆς
462 2449 730 2525 καμήλου,
799 2472 821 2506 ε
887 2451 983 2508 Καὶ
1057 2450 1230 2521 ζώνην
1312 2449 1622 2529 δερματίνην
1679 2456 1796 2532 περὶ
1857 2455 1951 2523 τὴν

306 2539 471 2617 ὀσφὺν
527 2538 706 2598 αὐτοῦ.
747 2560 772 2594 ι
837 2540 1036 2601 Πάντες
1067 2541 1112 2594 οἶ
1166 2538 1330 2616 ἅγιοι,
1365 2540 1649 2615 ἐζωσμένοι
1708 2542 1949 2621 εἰσάγον-

304 2649 391 2683 ται
456 2629 596 2704 παρὰ
651 2632 718 2703 τῇ
773 2632 977 2706 Γραφῇ,
1030 2630 1102 2689 ὡς
1159 2627 1240 2683 ἀεὶ
1271 2627 1325 2682 ὲν
1354 2627 1492 2707 ἔργῳ
1521 2629 1668 2694 ὅντες
1705 2648 1717 2662 ⁸
1754 2634 1799 2688 οἱ
1855 2633 1952 2711 γὰρ

306 2713 533 2788 ἀμελεῖς
590 2717 674 2770 καὶ
757 2715 1035 2794 τρυφηλοὶ,
1122 2717 1181 2771 οὔ
1262 2717 1567 2793 ζώννυνται,
1617 2720 1687 2782 ὡς
1746 2726 1833 2776 νῦν
1907 2722 1951 2776 οἱ

2029 1918 2250 1978 munda
2277 1925 2334 1978 et
2366 1917 2675 1978 immunda
2702 1916 3013 1979 animalia:
3050 1936 3186 1978 nam
3217 1920 3354 1999 quia
3383 1921 3668 1996 ruminat,

2028 2007 2314 2067 mundum
2344 2014 2431 2067 est
2466 2026 2479 2064 :
2514 2006 2652 2086 quia
2681 2013 2876 2066 autem
2911 2008 3158 2082 ungulas
3187 2027 3308 2068 non
3329 2009 3558 2083 dividit,
3584 2026 3675 2079 est

2027 2094 2423 2156 immundum.
2456 2092 2717 2154 Joannes
2749 2102 2942 2154 autem
2976 2097 3250 2174 quoniam
3271 2096 3344 2156 ad
3363 2096 3548 2158 Deum
3567 2100 3674 2159 ad-

2034 2183 2283 2245 ducebat
2309 2183 2589 2263 populum
2622 2182 3062 2262 Judaicum,qui
3079 2184 3389 2245 videbatur
3418 2186 3674 2247 mundus

2034 2283 2259 2346 esse,et
2287 2271 2695 2350 gentilem,qui
2725 2270 3092 2350 immundus,
3123 2283 3367 2352 eratque
3389 2275 3677 2336 mediator

2034 2360 2249 2421 veteris
2306 2368 2365 2421 et
2426 2359 2561 2419 novi
2595 2359 2958 2434 testamenti,
2992 2360 3214 2421 idcirco
3269 2360 3496 2422 ferebat
3524 2363 3675 2442 pilos

2036 2448 2424 2510 camelorum.
2459 2473 2486 2504 α
2520 2447 2589 2508 Et
2617 2466 2823 2507 zonam
2880 2449 3188 2527 pelliceam
3237 2450 3395 2511 circa
3442 2451 3678 2512 lumbos

2032 2553 2194 2600 suos.
2233 2561 2260 2592 »
2295 2536 2517 2600 Omnes
2569 2537 2755 2596 sancti
2801 2536 3252 2598 introdocuntur
3296 2555 3329 2599 a
3377 2537 3684 2619 Scriptura

2036 2625 2241 2700 cincti,
2297 2625 2472 2686 veluti
2525 2642 2763 2704 semper
2799 2625 2860 2684 in
2913 2643 3094 2704 opere
3141 2627 3534 2689 exsistentes:
3571 2647 3682 2690 ne-

2035 2714 2324 2793 gligentes
2355 2713 2511 2775 enim
2545 2721 2602 2774 et
2631 2713 2867 2774 delicati
2898 2730 3016 2773 non
3046 2715 3386 2793 cinguntur,
3427 2725 3490 2777 ut
3523 2736 3682 2779 nunc

310 2805 616 2882 Σαρακηνοί
650 2823 666 2840 ο
720 2803 754 2870 ἢ
813 2802 894 2858 ὅτι
952 2803 1246 2883 ἐνέκρωσαν
1307 2806 1372 2864 τὰ
1420 2807 1562 2873 πάθη
1616 2806 1712 2874 τῆς
1768 2808 1949 2867 ἐπιθυ-

2040 2803 2367 2863 Saraceni:
2431 2801 2519 2860 vel
2572 2801 2726 2880 quod
2781 2801 3126 2862 alfectiones
3177 2805 3675 2882 concupiscentiae

308 2894 434 2966 μίας
470 2907 484 2921 ⁹
543 2894 604 2947 τὸ
663 2893 762 2970 γὰρ
819 2890 1004 2970 δέρμα,
1069 2900 1252 2971 νεκροῦ
1281 2894 1416 2964 ζώου
1446 2893 1555 2950 ἐστὶ
1613 2895 1792 2974 μέρος,
1831 2920 1859 2952 α
1892 2888 1949 2955 ιΗ

2040 2890 2512 2950 mortiﬁcarunt:
2553 2889 2722 2967 pellis
2754 2890 2912 2948 enim
2970 2889 3185 2950 mortui
3235 2891 3510 2952 animalis
3539 2910 3676 2971 pars

304 2979 359 3035 δὲ
417 2981 587 3059 τροφὴ
615 2981 771 3038 αὖτοῦ
825 2983 893 3047 ἦν
939 2980 1165 3062 ἀκρίδες,
1199 2983 1288 3038 καὶ
1331 2981 1451 3058 μέλι
1484 2983 1688 3062 ἄγριον.
1724 3008 1752 3040 ι
1805 2985 1949 3049 Τινὲς

2038 2987 2126 3039 est
2155 3007 2178 3037 α
2200 2978 2378 3038 Cibus
2408 2985 2605 3038 autem
2629 2978 2758 3055 ejus
2779 2984 2940 3036 erant
2974 2977 3306 3058 locustae,et
3333 2980 3450 3040 mel
3481 2999 3677 3059 agres-

305 3069 517 3146 λέγουσι
573 3070 797 3145 βοτάνας
856 3069 997 3125 εῖναι
1047 3072 1140 3132 τὰς
1189 3069 1422 3150 ἀκρίδας,
1481 3071 1541 3132 ἃς
1574 3073 1660 3128 καὶ
1714 3071 1949 3152 μέλαγρα

2037 3075 2113 3128 te.
2156 3097 2174 3124 ι
2204 3067 2449 3138 Quidam
2489 3066 2694 3126 dicunt
2716 3065 2931 3126 herbas
2961 3062 3399 3146 esse'locustas,
3435 3088 3582 3149 quas
3618 3081 3677 3132 et

301 3157 525 3213 καλοῦσί
564 3174 581 3193 ⁸
608 3158 749 3222 τινὲς
781 3156 860 3238 δὲ,
909 3159 974 3214 τὰ
1020 3156 1278 3236 ἀκρόδρυα
1309 3157 1429 3225 ἤτοι
1474 3160 1684 3240 ὀπώρας
1713 3161 1894 3240 ἀγρίας
1927 3181 1941 3197 ⁸

306 3245 430 3321 μέλι
513 3244 568 3302 δὲ
627 3245 832 3325 ἄγριον,
876 3249 937 3303 τὸ
980 3247 1081 3302 ὑπὸ
1131 3246 1323 3325 ἀγρίων
1368 3246 1634 3323 μελισσῶν
1680 3252 1948 3330 γεωργού-

305 3357 494 3412 μενον,
540 3335 592 3390 iv
623 3334 848 3415 δένδροις
879 3337 1245 3417 εὑρισκόμενον
1285 3338 1374 3393 καὶ
1402 3336 1638 3415 πέτραις.

396 3445 421 3481 ι
474 3425 603 3483 Τότε
644 3424 978 3504 ἒξεπορεύετο
1034 3426 1164 3503 πρὸς
1235 3427 1389 3482 αὐτὸν
1450 3419 1806 3508 Ἰεροσόλυμα,
1866 3442 1953 3496 καὶ

297 3520 447 3570 πᾶσα
505 3515 539 3581 ἡ
586 3512 830 3587 Ἰουδαία,
889 3517 975 3570 καὶ
1023 3518 1167 3570 πᾶσα
1221 3516 1256 3581 ἡ
1290 3514 1586 3594 περίχωρος
1626 3519 1719 3572 τοῦ
1747 3515 1952 3596 Ἰορδά-

299 3625 411 3664 νου,
485 3604 580 3659 Καὶ
649 3600 985 3674 ἰϐαπτίζοντο
1044 3604 1096 3657 ἐν
1156 3608 1234 3676 τῷ
1292 3601 1525 3680 Ἰορδάνῃ
1610 3604 1699 3662 ὑπ’
1771 3611 1948 3684 αὐτοῦ,

303 3689 776 3768 ἐξομολογούμενοι
873 3693 968 3754 τὰς
1044 3691 1301 3773 ἁμαρτίας
1378 3695 1571 3751 αὖτών.
1642 3717 1670 3749 ι
1737 3698 1796 3753 Εἰ
1866 3699 1954 3754 καὶ

301 3778 666 3854 ἰϐαπτίζοντο,
699 3778 818 3835 ἀλλ’
882 3782 970 3837 οὗν
1014 3780 1198 3861 ἄφεσιν
1242 3781 1511 3859 ἁμαρτιῶν
1557 3783 1649 3838 οὐκ
1706 3784 1834 3864 εἶχε
1889 3787 1951 3842 τὸ

303 3867 545 3926 Ἰωάννου
589 3870 884 3946 βάπτισμα.
919 3865 1086 3925 Ἀλλὰ
1130 3870 1299 3945 μόνην
1354 3871 1664 3944 μετάνοιναν
1726 3873 1949 3953 ἐκήρυτ-

303 3983 387 4017 τεν
459 3963 487 4015 ὁ
547 3958 823 4038 Ἰωάννης,
868 3962 955 4016 καὶ
1028 3963 1099 4026 εἷς
1161 3960 1344 4041 ἄφεσιν
1417 3963 1687 4040 ἁμαρτιῶν
1746 3963 1947 4045 ἔφερεν·

305 4051 414 4106 ἀντὶ
496 4056 611 4127 τοῦ,
687 4051 757 4114 εἷς
814 4051 876 4106 τὸ
945 4057 1038 4108 τοῦ
1098 4050 1322 4130 Χριστοῦ
1389 4050 1663 4129 βάπτισμα
1731 4054 1950 4135 ὡδήγεὶ,

303 4139 428 4220 παρ’
462 4144 522 4198 οὗ
547 4144 584 4209 ἡ
617 4140 797 4220 ἔφεσις
838 4147 943 4198 τῶν
986 4143 1268 4222 ἆναρτιῶν,

326 4266 332 4270 -
391 4254 421 4286 α
471 4229 618 4287 Ἰδὼν
645 4230 700 4286 δὲ
747 4230 974 4295 πολλοὺς
1033 4237 1138 4287 τῶν
1183 4234 1502 4309 Φαρισαίων.
1554 4255 1584 4288 ι
1633 4241 1952 4314 Φαρισαῖος,

305 4320 655 4400 ἑρμηνεύεται
734 4319 1198 4396 ἀποκεκομμένος.
1273 4319 1520 4378 Ἐδόκουν
1604 4324 1703 4402 γὰρ
1758 4324 1812 4379 ἐν
1879 4333 1955 4400 τῷ

301 4411 403 4486 βίῷ
447 4411 534 4463 καὶ
574 4415 642 4486 τῇ
693 4409 884 4487 γνώσει
927 4408 1312 4489 ἀποκεκόφθαι,
1371 4411 1459 4466 καὶ
1516 4412 1797 4492 ὑπερέχειν
1848 4415 1953 4470 τῶν

300 4498 504 4556 ἄλλων.
565 4519 588 4553 ι
627 4499 724 4556 Καὶ
753 4496 1141 4559 Σαδδουκαίων.
1179 4520 1205 4557 ι
1258 4496 1435 4574 Οὗτοι,
1497 4501 1613 4556 οὒτε
1672 4501 1954 4560 ἀνάστασιν

303 4587 608 4662 ἐπίστευον,
670 4593 785 4643 οὔτε
843 4586 1091 4666 ἄγγελον,
1151 4584 1268 4643 οὔτε
1316 4585 1544 4662 πνεῦμα.
1600 4579 1954 4666 Ἐρμηνεύον-

303 4699 392 4732 ται
454 4674 530 4752 δε,
606 4675 819 4738 δίκαιοι.
869 4675 1031 4732 Σεδὲκ
1077 4676 1208 4756 γὰρ,
1254 4674 1289 4743 ἡ
1334 4673 1665 4745 δικαιοσύνη.
1714 4681 1955 4746 Δικαίους

306 4767 409 4845 γὰρ
467 4766 680 4846 ἑαυτοὺς
751 4766 1067 4846 ὠνόμαζον,
1096 4755 1196 4820 JH
1242 4763 1348 4846 ᾂπὸ
1376 4765 1713 4846 αἱρεσιάρχου
1770 4770 1956 4828 Σαδὼκ

309 4844 686 4922 ὀνομάζονται,
749 4869 777 4900 α
835 4845 1192 4926 Ἐρχομένους
1250 4844 1335 4900 ἐπὶ
1362 4847 1424 4900 τὸ
1466 4844 1738 4923 βάπτισμα
1779 4854 1959 4931 αὐτοῦ,

310 4935 471 4990 εἶπεν
514 4934 718 4998 αὐτοῖς.
769 4957 794 4992 ι
860 4939 967 4993 Οὒκ
1023 4933 1256 5012 ἤρχοντο
1311 4933 1447 5008 μετὰ
1507 4934 1727 5013 γνώμης
1777 4940 1958 5019 ὀρθῆς,

311 5027 387 5088 ὡς
440 5025 486 5079 οἱ
556 5022 749 5084 λοιποί.
840 5023 938 5081 Τιὰ
1021 5029 1173 5079 τοῦτο
1241 5023 1329 5078 καὶ
1385 5023 1706 5082 καθάπτεται
1765 5028 1955 5091 αὐτῶν.

319 5135 342 5168 ε
395 5113 710 5187 Γεννήματα
784 5109 1034 5192 ἐχιδνῶν,
1112 5111 1190 5173 τίς
1274 5107 1533 5177 ὑπέδειξεν
1590 5114 1717 5188 ὑμῖν
1773 5131 1960 5195 φυγεῖν

310 5202 418 5257 ἀπὸ
476 5201 572 5267 τῆς
625 5198 924 5276 μελλούσης
968 5200 1130 5278 ὀργῆς
1165 5217 1182 5278 ς
1220 5222 1247 5253 ι
1303 5199 1508 5278 Πικρῶς
1569 5203 1748 5270 αὐτοῖς
1777 5203 1956 5261 διαλέ-

308 5311 482 5369 γεται,
517 5290 794 5368 γινώσκων
835 5291 932 5358 τὴν
964 5286 1319 5362 στρεϐλότητα
1378 5288 1570 5367 αὐτῶν,
1628 5291 1767 5360 πλὴν
1823 5293 1959 5352 ἀλλὰ

305 5381 394 5436 καὶ
448 5382 688 5455 ἒπαινεῖ,
749 5377 920 5457 λέγων
955 5393 969 5408 ⁸
1017 5378 1104 5440 Τίς
1147 5375 1408 5442 ὑπέδειξεν
1456 5381 1640 5456 ὑμϊν;
1693 5385 1955 5460 Θαυμάζει

303 5471 408 5549 γὰρ
439 5475 552 5533 πῶς
585 5467 793 5548 ἐγένετο
820 5475 998 5542 τοῦτο,
1030 5467 1091 5523 τὸ
1133 5467 1231 5534 τὴν
1260 5468 1494 5545 πονηρὰν
1547 5469 1715 5527 αὐτῶν
1771 5475 1956 5551 γενεὰν

303 5557 658 5634 μετανοῆσαι.
717 5559 1031 5632 Γεννήματα
1086 5553 1140 5612 δὲ
1222 5553 1445 5636 ἐχιδνῶν
1527 5555 1670 5636 λέγει
1743 5563 1954 5643 αὐτοὺς,

303 5646 438 5703 διότι
491 5646 669 5725 ὥσπερ
726 5649 886 5702 ταῦτα
943 5645 1281 5703 κατεσθίοντα
1338 5647 1431 5710 τὰς
1517 5649 1721 5726 μήτρας
1795 5650 1958 5716 οὕτως

2033 3156 2296 3234 melagra
2326 3163 2559 3230 vocant;
2611 3154 2710 3213 alii
2766 3169 2948 3215 nuces
2999 3161 3099 3214 aut
3147 3174 3326 3234 poma
3349 3157 3671 3235 sylvestria;

2034 3243 2151 3304 mel
2180 3251 2373 3305 autem
2401 3249 2655 3320 agreste,
2690 3241 2847 3321 quod
2877 3240 3077 3302 aleris
3102 3243 3312 3322 apibus
3341 3247 3670 3324 conﬁcitur,

2037 3333 2122 3394 l7
2156 3339 2215 3395 et
2243 3331 2304 3391 in
2333 3330 2647 3392 arboribus
2674 3347 2743 3391 ac
2764 3329 2950 3409 petris
2981 3330 3297 3393 invenitur.

2114 3424 2297 3484 Vens.
2327 3424 2387 3500 5,
2412 3422 2471 3483 6.
2505 3439 2532 3479 ι
2564 3419 2729 3480 Tunc
2776 3437 3011 3494 egressu
3041 3428 3127 3479 cst
3154 3421 3225 3481 ad
3258 3421 3426 3482 illum
3455 3422 3671 3486 Hiero-

2035 3510 2278 3590 solyma,
2312 3518 2370 3570 et
2401 3507 2594 3569 omnis
2625 3507 2847 3581 Iudaea,
2870 3515 2928 3568 et
2960 3509 3154 3568 omnis
3199 3513 3361 3588 regio
3413 3513 3675 3594 undique

2033 3599 2284 3661 ﬁnitima
2313 3597 2579 3668 Jordani,
2605 3605 2664 3658 et
2694 3595 3056 3676 baptizantur
3085 3598 3146 3657 in
3167 3594 3430 3662 Jordane
3451 3599 3525 3661 ab
3543 3601 3672 3681 illo,

2033 3688 2383 3749 confitentes
2430 3693 2675 3765 peccata
2732 3702 2859 3747 sua.
2891 3705 2920 3744 ›
2965 3685 3224 3745 Tametsi
3281 3685 3670 3768 baptizantur,

2033 3795 2152 3836 non
2179 3786 2376 3836 tamen
2409 3773 2824 3836 remissionem
2857 3784 3235 3852 peccatorum
3282 3775 3535 3837 habebat
3563 3779 3672 3841 ba-

2033 3865 2250 3945 ptisma
2278 3863 2557 3939 Joannis;
2603 3862 2708 3922 sed
2737 3862 2923 3922 solam
2954 3863 3360 3941 paenitentiam
3384 3867 3673 3944 praedica-

2033 3953 2132 4014 bat
2157 3954 2438 4031 Joannes,
2470 3960 2526 4012 et
2545 3952 2618 4012 ad
2646 3949 3064 4011 remissionem
3094 3960 3469 4031 peccatorum
3510 3957 3674 4018 fere-

2034 4042 2155 4117 bat,
2185 4043 2296 4103 hoc
2327 4049 2438 4117 est,
2472 4040 2545 4100 ad
2577 4038 2797 4102 Christi
2846 4038 3139 4118 baptisma
3194 4041 3472 4124 ducebat,
3518 4047 3675 4125 apud

2034 4151 2211 4215 quem
2243 4132 2542 4193 remisssio
2576 4139 2980 4210 peccatorum.

2117 4223 2298 4282 Vens.
2331 4221 2385 4282 7.
2425 4242 2446 4274 ι
2485 4222 2634 4280 Cum
2667 4219 2909 4279 vidisset
2935 4223 3136 4281 autem
3172 4221 3389 4282 multos
3415 4240 3485 4283 ex
3515 4224 3675 4285 Pha-

2034 4307 2279 4370 risaais.»
2314 4306 2648 4366 Pharisaeus
2677 4306 3100 4385 interpretatur
3127 4308 3405 4371 absectus
3435 4320 3493 4370 et
3522 4313 3674 4373 divi-

2035 4416 2162 4459 sus.
2191 4394 2561 4458 Videbantur
2589 4394 2748 4454 enim
2783 4396 3062 4455 Pharisaei
3091 4397 3152 4456 in
3188 4399 3304 4458 vita
3348 4408 3404 4460 et
3429 4402 3679 4462 scientia

1974 4472 2291 4564 Dseparati
2320 4501 2470 4558 esse,
2505 4491 2562 4544 et
2587 4483 2880 4543 excedere
2911 4483 3122 4546 alios.a
3151 4486 3224 4547 Et
3251 4485 3611 4557 Sadduoaais.
3644 4515 3671 4546 ι

2037 4575 2112 4637 Hi
2128 4591 2322 4654 neque
2341 4573 2843 4635 resurrectionem
2868 4573 3216 4654 credebant,
3251 4593 3444 4655 neque
3490 4595 3678 4656 ange-

2038 4665 2390 4743 lum,neque
2420 4662 2696 4741 spiritum
2719 4683 2737 4720 :
2765 4661 3234 4741 interpretantur
3259 4675 3478 4747 autem,
3507 4668 3675 4746 justi.

2037 4751 2236 4814 Sedok
2262 4752 2420 4812 enim
2454 4750 2708 4829 justitia;
2753 4768 2888 4809 nam
2915 4753 3107 4828 justos
3147 4752 3374 4832 seipsos
3400 4755 3679 4816 nomina-

2044 4841 2315 4917 bantgvel
2344 4840 2416 4901 ab
2443 4838 2839 4900 haeresiarcha
2867 4840 3062 4901 Sadok
3089 4843 3492 4906 nominantur.
3523 4846 3681 4906 «Ve-

2044 4930 2280 4992 nientes
2300 4929 2373 4990 ad
2407 4929 2766 5009 baptismum
2799 4929 2949 5008 ejus,
2985 4929 3128 4989 dicit
3151 4931 3474 4995 illis.»Non
3496 4951 3678 4995 vene-

2043 5027 2177 5080 rant
2207 5019 2362 5080 bona
2389 5027 2685 5094 mente,ut
2705 5022 2992 5098 caeteri,et
3017 5018 3230 5079 idcirco
3262 5021 3439 5082 etiam
3466 5041 3681 5103 repre-

2044 5108 2254 5170 hendit
2283 5126 2408 5168 eos.
2449 5129 2472 5162 ιι
2503 5106 2824 5185 Progenies
2842 5107 3342 5189 viperarum,quis
3359 5111 3683 5173 submons-

2043 5197 2394 5258 travitvobis
2458 5194 2948 5273 fugereal'utura
3021 5196 3160 5262 ira?
3195 5222 3217 5256 υ
3293 5201 3452 5261 Dure
3483 5202 3568 5263 eis
3591 5202 3683 5262 lo-

2044 5286 2264 5364 quitur,
2296 5286 2493 5346 sciens
2533 5284 2980 5363 perversitatem
3013 5284 3274 5363 illorum,
3311 5291 3542 5351 tametsi
3570 5293 3686 5352 ali-

2041 5375 2386 5456 quantulum
2445 5374 2664 5449 laudet,
2708 5373 2914 5434 dicens
2964 5395 2977 5436 :
3027 5373 3172 5446 Quis
3227 5376 3688 5440 submonstravit

2040 5463 2235 5525 vobis?
2252 5464 2592 5524 Admiratur
2624 5463 2782 5524 enim
2813 5468 3111 5543 quomodo
3141 5464 3253 5526 hoc
3275 5468 3492 5530 factum
3520 5469 3691 5542 sit,ut

2042 5563 2162 5616 tam
2177 5553 2329 5613 mala
2347 5553 2500 5614 natio
2519 5552 2780 5633 ipsorum
2804 5553 3466 5634 resipiscatJ’rogenies
3488 5565 3686 5618 autem

2043 5644 2379 5723 viperarum
2402 5654 2568 5704 vocat
2587 5658 2717 5722 eos,
2752 5660 2820 5704 eo
2845 5643 3002 5722 quod
3033 5643 3185 5703 sicut
3209 5645 3322 5705 illae
3342 5647 3692 5708 devorantes
