4132 6262
466 319 581 383 175

1421 312 2015 379 THEOPHYLAGTI
2056 312 2466 387 BULGARLE
2507 322 2862 394 ARCHIEP.

3714 324 3833 391 176

465 451 744 514 matrices
775 468 911 511 suas
940 455 1287 525 nascuntur,
1319 447 1594 539 similiter
1642 454 1699 509 et
1756 446 2064 539 illigpatres

2155 449 2515 539 ιέξῲχονται,
2576 456 2712 513 οὕτω
2768 458 2855 512 καὶ
2912 460 3053 513 οὗτοι
3109 459 3231 523 τοὺς
3287 460 3536 539 πατέρας,
3581 462 3701 529 ἤτοι
3745 460 3829 517 δι-

461 540 575 602 hoc
604 547 719 621 est,
753 538 1087 617 magistros,
1121 537 1441 627 prOphetas
1460 534 1884 599 occiderunt.A
1913 534 2064 596 futur

2187 534 2509 621 δασκᾶλους,
2560 545 2683 608 τοὺς
2712 545 3009 625 προφήτας,
3062 546 3306 626 ἐφόνευον
3339 561 3355 579 ⁶
3404 534 3647 618 άπὸ-τῆς
3694 550 3828 627 μελ-

458 629 565 709 ira,
598 628 660 689 id
692 637 804 702 est,
838 628 1149 705 gehennae,
1183 624 1393 706 inquit.

537 716 720 780 Vsus.
746 718 806 780 8.
835 738 864 777 ε
896 716 1092 777 Facite
1116 714 1291 792 igitur
1322 714 1546 774 fructus
1575 712 1784 791 dignos
1815 714 2105 792 paeniten-

2185 627 2382 701 λούσης
2426 633 2479 690 δὲ
2510 635 2696 713 ὀργῆς,
2727 638 2826 701 τῆς
2856 634 3098 711 γεέννης,
3146 637 3330 715 φησίν.
3410 680 3417 687 .

2271 744 2299 775 α
2346 724 2610 793 Ποιήσατε
2668 721 2756 778 οὖν
2818 723 3048 801 καρποὺς
3093 724 3263 790 ἆξίοὺς
3315 730 3413 794 τῆς
3457 731 3756 803 μετανοίας.
3797 753 3822 789 ε

459 807 614 868 tiae.»
639 806 824 869 Vides
852 804 993 885 quid
1021 801 1484 895 dicat,quoniam
1516 820 1633 862 non
1653 808 1886 895 oportet
1905 800 2064 895 solun

2187 799 2339 889 Ὀρᾷς
2383 812 2431 867 τί
2488 810 2656 890 λέγει,
2711 809 2791 867 ὅτι
2843 799 2904 868 οὗ
2932 809 3015 867 δεῖ
3043 813 3204 888 μόνον
3234 816 3443 894 φεύγειν
3459 799 3571 885 *τὴν
3615 821 3825 895 κακίαν,

454 895 659 975 fugere
690 895 1001 968 malitiam,
1033 891 1139 953 sed
1172 893 1347 952 etiam
1380 890 1635 951 fructum
1662 889 1893 986 virtutis
1931 888 2058 951 face

2176 895 2312 957 ἀλλὰ
2354 901 2444 956 καὶ
2472 888 2704 977 καρποὺς
2763 899 2956 976 ἀρετῆς
3022 915 3225 965 ποιεῖν.
3247 888 3258 894 ⁷
3291 934 3315 965 ι
3346 888 3650 964 Ῠ”Εκκλινον

453 1002 544 1048 re.
575 1009 602 1040 ι
638 984 881 1047 Declina
910 984 1090 1062 enim,
1125 981 1336 1061 inquit,
1370 999 1404 1041 a
1425 982 1578 1041 malo
1607 988 1665 1040 et
1692 979 1781 1040 fac
1805 978 2064 1039 bonum:

2176 987 2356 1064 φησὶν,
2390 988 2495 1045 ἀπὸ
2537 995 2723 1061 κακοῦ,
2757 990 2844 1045 καὶ
2887 989 3109 1055 ποίησον
3137 990 3355 1069 ἀγαθόν.
3400 1019 3422 1049 ε

532 1073 714 1135 Vens.
749 1073 806 1133 9.
843 1095 867 1129 α
891 1075 957 1132 Et
986 1090 1062 1132 ne
1084 1072 1208 1132 sitis
1238 1070 1347 1130 hac
1381 1076 1681 1143 mente,ut
1708 1067 1918 1139 dicatis
1939 1066 2091 1147 apud

449 1161 986 1242 vosipsos,Patrem
1013 1159 1301 1221 habemus
1325 1158 1647 1219 Abraham.
1674 1185 1695 1216 ι
1724 1156 1873 1218 Hinc
1902 1158 2087 1236 perie-

2258 1094 2289 1136 ί
2337 1078 2436 1163 Kal
2466 1079 2545 1152 μὴ
2583 1074 2768 1143 δόξητε
2801 1075 2974 1153 λέγειν
3019 1077 3074 1133 έν
3126 1079 3357 1146 ἑαυτοῖς·
3391 1083 3597 1163 Πατέρα
3625 1082 3823 1163 ἔχομεν

2172 1164 2263 1219 τὸν
2322 1162 2587 1244 Ἀϐραάμ.
2618 1188 2642 1219 ιι
2700 1172 2863 1223 Τοῦτο
2914 1167 2978 1234 ἦν
3036 1168 3220 1231 αὐτοῖς
3277 1172 3349 1233 εἱς
3404 1162 3699 1248 ἀπώλειαν,
3742 1172 3821 1228 ὅτι

449 1259 609 1333 runt,
640 1252 797 1331 quod
829 1250 889 1311 in
921 1248 1227 1310 nobilitate
1276 1265 1379 1310 sua
1437 1246 1840 1336 confidebant.
1869 1274 1903 1336 _c
1948 1245 2064 1336 Dic:

2171 1251 2226 1308 ἐν
2270 1252 2501 1331 εὐγενείᾳ
2531 1252 2793 1332 ἐθάῤῥουν,
2847 1277 2874 1309 α
2935 1254 3088 1334 Λέγω
3142 1257 3243 1336 γὰρ
3290 1259 3418 1333 ὑμῖν
3474 1258 3555 1316 ὅτι
3612 1245 3820 1318 δύναται

449 1332 609 1401 enim
639 1339 827 1414 vobis,
864 1338 1021 1418 quod
1046 1344 1237 1417 potest
1266 1336 1422 1397 Deus
1455 1336 1627 1395 etiam
1656 1352 1727 1395 ex
1747 1334 1839 1395 his
1868 1332 2087 1411 lapidi-

2170 1342 2199 1428 δ
2254 1344 2390 1428 ῨΘεὸς
2449 1343 2536 1399 καὶ
2592 1342 2652 1397 ἐκ
2707 1348 2813 1398 τῶν
2856 1342 3010 1399 λίθων
3060 1346 3257 1402 τούτων
3313 1347 3516 1428 ἐγεῖραι
3559 1350 3718 1406 τέκνα
3745 1357 3821 1425 τῷ

449 1426 561 1490 bus
590 1428 880 1490 suscitare
909 1426 1060 1486 ﬁlios
1088 1424 1363 1487 Abrahae.
1404 1456 1425 1483 ι.
1462 1426 1575 1485 Per
1604 1423 1830 1502 lapides
1860 1422 2064 1484 intelli-

2172 1427 2437 1507 Ἀϐραάμ.
2472 1453 2500 1485 ιο
2564 1430 2730 1506 Λίθοι,
2788 1438 3023 1488 νοοῦνται
3084 1433 3181 1507 μὲν
3245 1436 3331 1492 καὶ
3354 1422 3444 1492 ’τᾶ
3482 1437 3628 1511 ἔθνη,
3665 1436 3717 1503 ἐξ
3746 1422 3820 1494 ὧν

446 1527 669 1599 guntur
716 1519 891 1581 etiam
923 1526 1151 1596 gentes,
1183 1534 1217 1578 e
1240 1514 1457 1596 quibus
1488 1514 1653 1575 multi
1676 1513 2082 1575 crediderunt.

2169 1515 2355 1575 πολλοὶ
2408 1519 2741 1577 ἒπίστευσαν.
2826 1518 2973 1589 Πλὴν
3054 1520 3188 1578 ἀλλὰ
3243 1526 3331 1580 καὶ
3414 1524 3580 1589 οὕτως
3634 1524 3818 1590 ἀπλῶς

445 1609 808 1689 Simpliciter
855 1616 1053 1669 tamen
1106 1605 1340 1667 dicebat
1395 1603 1676 1683 Joannes,
1711 1603 1868 1682 quod
1910 1603 2064 1665 etian

2167 1613 2322 1663 τοῦτο
2386 1606 2529 1688 λέγει
2588 1609 2616 1663 ὁ
2678 1604 2950 1683 Ἰωάννης,
2998 1607 3078 1666 ὅτι
3122 1612 3209 1668 καὶ
3253 1614 3358 1669 ἀπὸ
3400 1612 3556 1670 λίθων
3607 1612 3819 1677 δύναται

446 1716 517 1760 ex
544 1696 837 1777 lapidibus
889 1694 1073 1775 possit
1126 1693 1281 1754 Deus
1337 1693 1537 1753 facere
1597 1692 1747 1752 ﬁlios
1802 1691 2061 1753 Abrahae

2168 1694 2326 1752 τέκνα
2399 1697 2621 1766 ποιήσαι
2684 1703 2762 1769 τῷ
2818 1695 3084 1777 Ἀϐραάμ.
3145 1700 3244 1757 Καὶ
3288 1702 3387 1779 γὰρ
3435 1699 3577 1766 λίθος
3607 1703 3672 1771 ἦν
3732 1703 3820 1760 καὶ

440 1790 581 1851 Erat
604 1786 763 1848 enim
785 1796 847 1848 et
861 1784 1028 1846 vulva
1045 1787 1204 1847 Sarm
1225 1782 1394 1861 lapis,
1426 1790 1667 1860 propter
1687 1779 2081 1857 sterilitatem,

2169 1784 2203 1850 ἡ
2246 1786 2423 1863 μήτρα
2477 1785 2572 1853 τῆς
2618 1784 2843 1863 Σάῤῥας,
2878 1783 2968 1841 διὰ
2995 1787 3091 1854 τὴν
3123 1787 3419 1868 στείρωσιν,
3471 1789 3591 1847 ἀλλ’
3642 1791 3819 1849 ἔτεκεν

444 1882 504 1937 et
522 1875 913 1937 nihilominus
943 1872 1196 1954 peperit.
1212 1870 1507 1934 Excitavit
1535 1878 1731 1931 autem
1754 1872 1914 1932 Deus
1934 1868 2064 1929 ﬁlio:

2167 1871 2315 1948 ὅμως
2354 1889 2368 1903 ⁸
2444 1872 2623 1953 ἤγειρε
2663 1868 2719 1927 δὲ
2773 1874 2862 1929 καὶ
2931 1872 3087 1931 τέκνα
3135 1882 3211 1950 τῷ
3271 1875 3510 1957 Ἀϐραάμ
3539 1878 3568 1936 ὃ
3626 1881 3816 1959 Κύριος

436 1963 694 2028 Abrahae
722 1983 793 2025 ex
824 1962 1154 2040 lapidibus:
1180 1959 1490 2041 ecquando
1524 1959 1698 2021 vero?
1726 1977 1858 2019 cum
1891 1959 2078 2033 multi,

438 2055 705 2117 videntes
738 2052 1085 2115 cruciﬁxum
1119 2058 1177 2113 et
1200 2058 1404 2130 ruptas
1431 2056 1647 2129 petras,
1669 2047 2078 2109 crediderunt.

523 2140 705 2207 Vens.
738 2144 835 2203 10.
880 2139 1050 2202 uJam
1084 2156 1224 2202 vero
1242 2146 1300 2199 et
1323 2138 1548 2199 securis
1582 2136 1655 2197 ad
1688 2135 1949 2197 radicem
1980 2155 2080 2197 ar--

2166 1962 2271 2019 ὰπὸ
2328 1968 2433 2018 τῶν
2489 1961 2645 2018 λίθων
2681 1980 2699 1998 ο
2773 1961 2947 2038 πότε;
3025 1964 3113 2019 ὅτε
3176 1967 3565 2045 σταυρουμένου
3634 1973 3813 2045 αὐτοῦ,

2164 2048 2358 2116 ἰδόντες
2385 2050 2575 2108 πολλοὶ
2604 2051 2698 2115 τὰς
2731 2049 2924 2128 πέτρας
2954 2051 3221 2129 ῥαγείσας,
3255 2052 3566 2113 ἐπίστευσαν

2251 2159 2276 2197 ε
2315 2130 2549 2211 ’Ἡδηίδὲ
2579 2140 2666 2195 καὶ
2717 2140 2751 2206 ἡ
2797 2137 2945 2206 ἀξίνη
2974 2141 3107 2218 πρὸς
3148 2141 3246 2209 τὴν
3272 2142 3414 2220 ῥίζαν
3455 2150 3560 2199 τῶν
3587 2142 3807 2225 δένδρων

434 2232 645 2293 borum
668 2230 857 2311 posila
890 2238 1037 2291 est.»
1074 2226 1342 2291 Securim
1372 2234 1539 2286 vocat
1560 2224 1842 2303 iudicium
1872 2223 2064 2286 Domi-

2165 2230 2369 2289 κεῖται.
2408 2250 2434 2284 ι
2466 2227 2677 2296 Ἀξίνην
2706 2228 2853 2306 λέγει
2896 2228 2996 2312 τῂν
3017 2238 3108 2288 τοῦ
3136 2237 3361 2307 Χριστοῦ
3386 2233 3570 2309 κρίσιν.
3608 2223 3804 2312 Δένδρα

436 2320 531 2381 ni:
565 2308 812 2381 arbores
856 2326 1075 2391 autem,
1130 2315 1393 2394 singulos
1424 2323 1714 2374 nostrum.
1765 2312 1949 2393 Igitur
1977 2332 2064 2393 qu;

2164 2316 2241 2393 δὲ,
2288 2318 2380 2375 ἕνα
2434 2318 2657 2375 ἕκαστον
2710 2320 2889 2392 ἡμῶν.
2938 2308 2995 2375 Ὀ
3052 2318 3141 2373 οὖν
3171 2319 3249 2395 μὴ
3275 2308 3579 2398 πιστεύσας,
3623 2308 3806 2379 ἐντεύ-

434 2427 555 2470 non
585 2407 1055 2485 crediderit,jam
1089 2405 1224 2465 hinc
1251 2404 1518 2482 stirpitus
1540 2401 1991 2476 exscinditur,et
2018 2403 2077 2463 in

432 2498 763 2576 gehennam
798 2496 1071 2557 mittitur.
1103 2513 1125 2549 ιι
1155 2491 1363 2555 Omnis
1391 2490 1827 2570 igiturlarborm
1856 2489 2078 2552 Etiam-

436 2586 487 2646 si
517 2585 589 2647 ab
611 2586 911 2648 Abraham
946 2582 1290 2645 descendat.
1323 2606 1349 2637 at
1382 2579 1510 2641 Non
1569 2580 1787 2641 faciens
1817 2580 2073 2642 fructum

434 2674 680 2738 bonum.
719 2703 741 2732 ι
780 2678 914 2738 Non
943 2673 1107 2751 dixit,
1137 2670 1277 2744 Quae
1305 2689 1423 2732 non
1455 2670 1616 2742 fecit,
1648 2670 1778 2745 sed,
1811 2673 1949 2735 Non
1979 2671 2071 2732 fa-

435 2763 630 2837 ciens;
661 2780 902 2842 semper
930 2762 1087 2822 enim
1133 2766 1363 2840 oportet
1419 2758 1675 2832 fructum
1708 2758 1888 2821 ferre.
1921 2758 2068 2820 Nam

429 2849 574 2913 licet
603 2851 737 2913 heri
768 2849 1109 2913 misericors
1137 2847 1343 2922 fueris,
1368 2846 1545 2909 hodie
1600 2853 1795 2909 autem
1851 2849 2070 2927 rapias,

432 2958 554 3001 non
583 2938 776 3002 bonus
813 2939 953 3002 eris.
980 2938 1345 3000 «Exsecatur
1364 2937 1504 3015 etin
1532 2937 1727 3015 ignem
1759 2937 2066 3002 mittitur.»

426 3026 730 3091 Gebennas
750 3027 1000 3090 scilicet.

2162 2410 2248 2464 θεν
2299 2406 2401 2475 ἤδη
2473 2405 2768 2485 αὐτόῤῥιζος
2824 2405 3200 2482 ἀποτέμνεται,
3272 2412 3361 2465 καὶ
3437 2411 3509 2474 εἷς
3592 2411 3807 2489 γέενναν

2161 2494 2504 2571 ἐμϐάλλεται.
2582 2518 2611 2551 α
2664 2501 2773 2552 Πᾶν
2832 2497 2919 2551 οὖν
2976 2492 3205 2573 δένδρον.
3268 2520 3297 2553 ι
3365 2497 3475 2556 Κᾶν
3552 2499 3656 2556 ἀπὸ
3714 2508 3809 2557 τοῦ

2156 2584 2398 2667 Ἀϐραὰμ
2425 2587 2746 2665 κατάγηται.
2815 2608 2845 2640 α
2878 2585 2968 2653 Μὴ
3024 2594 3208 2643 ποιοῦν
3262 2590 3464 2667 καρπὸν
3534 2589 3721 2652 καλόν.
3773 2610 3805 2651 ›

2156 2676 2264 2734 Οὐκ
2320 2676 2469 2750 εἶπε,
2505 2676 2593 2743 Μὴ
2652 2674 2902 2753 ποιῆσαν,
2962 2672 3121 2755 ἀλλὰ,
3169 2675 3257 2743 Μὴ
3299 2684 3507 2739 ποιοῦν.
3554 2677 3665 2736 Ἀεὶ
3707 2681 3806 2758 γὰρ

2154 2764 2239 2821 δεῖ
2294 2777 2677 2845 καρποφορεῖν.
2712 2764 2771 2821 El
2814 2763 2913 2841 γὰρ
2955 2764 3083 2842 χθὲς
3141 2762 3401 2840 ἠλέησας,
3453 2766 3689 2845 σήμερον
3748 2766 3803 2823 δὲ

2154 2853 2427 2933 ἆρπάζεις,
2461 2853 2557 2909 οὐκ
2586 2856 2909 2931 εὐαρεστετς.
2956 2868 2988 2911 (
3020 2847 3393 2929 Ἐκκόπτεται,
3453 2853 3543 2909 καὶ
3574 2856 3648 2920 εἷς
3701 2862 3804 2935 πῦρ

2153 2939 2427 3017 βάλλεται.
2464 2965 2493 2999 ι
2542 2943 2613 2999 Τὸ
2643 2946 2742 3009 τῆς
2772 2939 3014 3019 γεέννης.

507 3084 1046 3194 1—1..—
1072 3115 1316 3195 quidem
1342 3114 1567 3195 baptizo
1588 3133 1691 3177 vos
1721 3113 1782 3175 in
1814 3131 1968 3195 aqua
1996 3116 2064 3178 ad

2238 3141 2266 3174 α
2294 3116 2443 3197 Ἐγὼ
2486 3120 2582 3195 μὲν
2612 3119 2847 3195 βαπτίζω
2894 3116 3029 3191 ὑμᾶς
3082 3084 3140 3172 ἲν
3169 3116 3317 3175 ὕδασι
3353 3120 3426 3183 εἷς
3457 3122 3739 3196 μετάνοιαν
3775 3138 3793 3155 '

433 3204 842 3286 paenitentiam
875 3225 888 3264 :
927 3204 1027 3283 qui
1056 3210 1249 3266 autem
1284 3212 1414 3282 post
1436 3222 1531 3266 me
1558 3202 1952 3283 venit,fortior
1971 3222 2067 3266 me

430 3302 540 3353 est.
578 3318 605 3349 ι
634 3293 793 3353 Dixit
828 3292 934 3358 eis.
970 3290 1171 3352 Facite
1201 3290 1756 3353 fructum.Ostendit
1786 3289 1871 3351 l8
1893 3291 2069 3371 igitur

427 3381 561 3460 quis
589 3380 837 3454 fructus,
872 3396 1088 3458 nempe
1118 3379 1366 3441 credere
1422 3380 1483 3439 in
1529 3398 1666 3441 eum
1716 3380 1813 3460 qui
1846 3389 1974 3458 post
2003 3399 2067 3442 se

422 3476 704 3530 venturus
735 3467 1103 3531 erat.Venim
1132 3469 1286 3529 enim
1316 3476 1446 3548 post
1464 3487 1599 3531 eum
1626 3467 2065 3531 Christus.Nam

424 3556 578 3618 sicut
607 3574 712 3618 sex
745 3564 969 3617 tantum
1004 3555 1310 3618 mensibus
1339 3557 1669 3618 secundum
1705 3555 2064 3619 nativitatem

420 3644 715 3724 posterior
738 3663 807 3705 eo
848 3652 995 3724 erat,
1026 3645 1106 3706 ita
1124 3653 1183 3705 et
1206 3646 1371 3724 juxta
1401 3645 1935 3707 manifestationem
1959 3646 2071 3715 fuit

420 3732 1147 3813 posteridr.Manifestatus
1173 3742 1261 3795 est
1289 3734 1447 3807 enim
1481 3733 1641 3814 prius
1671 3736 2012 3796 Praecursor
2043 3752 2058 3797 :

419 3821 639 3884 deinde
662 3822 1063 3901 Christus,qui
1089 3822 1161 3883 ab
1195 3841 1264 3883 eo
1298 3823 1700 3885 testimonium
1724 3830 2056 3903 acceperat.

340 3939 348 3948 ~
419 3933 444 3971 ε
471 3909 653 3989 Cujus
677 3930 795 3972 non
827 3929 957 3972 sum
977 3910 1229 3972 idoneus
1249 3911 1648 3973 calceamenta
1676 3910 2060 3990 gestarenNe

418 4006 757 4079 postremus
776 4000 1607 4080 quidem,inquit,ipsius;sum
1625 4018 1827 4062 servus
1857 4007 1921 4061 ut
1948 4000 2059 4066 ista

416 4095 664 4166 gestem.
718 4092 828 4151 Per
881 4088 1279 4157 calceamenta
1327 4098 1521 4151 autem
1555 4089 1848 4168 intelligas
1877 4089 2057 4151 etiam

415 4174 567 4237 duos
587 4176 913 4239 descensus
930 4176 1308 4257 ejus,nempe
1325 4196 1459 4239 eum
1488 4176 1591 4257 qui
1614 4195 1645 4237 e
1668 4176 1834 4239 caelis
1854 4177 1913 4237 in
1936 4184 2059 4238 ter-

412 4271 631 4344 ram,et
646 4283 777 4326 eum
799 4264 952 4345 quia
974 4273 1131 4327 terra
1156 4265 1216 4325 in
1243 4264 2054 4328 infernum.Calceamentum

414 4352 577 4414 enim
630 4361 718 4414 est
765 4353 1017 4433 pellicea
1047 4372 1180 4416 caro
1213 4362 1267 4416 et
1301 4353 1697 4415 mortiﬁcatio.
1730 4352 1849 4414 Hos
1879 4354 2058 4431 igitur

417 4439 569 4501 duos
598 4441 921 4505 descensus
954 4461 1073 4503 non
1099 4449 1291 4523 potest
1321 4448 1560 4523 portare
1587 4442 1945 4519 Praecursor,
1971 4444 2056 4504 in-

2149 3209 2177 3263 ὁ
2207 3205 2261 3263 δὲ
2293 3208 2462 3264 ὀπίσω
2490 3230 2592 3291 μευ
2635 3206 2948 3287 ἐρχόμενος,
3009 3206 3348 3287 ἰσχυρότερός
3392 3231 3493 3283 μου
3536 3210 3703 3271 ἐστιν.
3757 3235 3786 3269 ε

2149 3299 2317 3352 Εἶπεν
2346 3296 2527 3359 αὐτοῖς
2561 3312 2577 3329 ·
2638 3296 2903 3365 Ποιήσατε
2930 3294 3155 3373 καρπόν.
3205 3296 3470 3353 Δείκνυσιν
3524 3300 3613 3356 οὖν
3641 3301 3720 3366 τίς
3764 3303 3791 3357 ὁ

2147 3385 2375 3464 καρπὸς,
2406 3381 2487 3440 ὅτι
2528 3386 2589 3441 τὸ
2620 3391 2893 3441 πιστεῦσαι
2938 3384 3011 3445 εἰς
3036 3468 3041 3469 7
3069 3384 3159 3440 τὸν
3204 3384 3374 3441 ὀπίσω
3404 3387 3561 3444 αὐτοῦ
3620 3387 3789 3469 ἐρχό-

2149 3493 2329 3547 μενον.
2404 3473 2605 3530 Ὀπίσω
2671 3471 2727 3529 δὲ
2783 3473 2940 3530 αὐτοῦ
3010 3468 3212 3551 ἤρχετο
3270 3474 3298 3528 ὁ
3341 3475 3565 3552 Χριστός
3598 3494 3617 3513 ο
3663 3468 3793 3533 καθὸ

2148 3561 2237 3615 καὶ
2294 3558 2508 3639 ὕστερος
2580 3559 2737 3617 αὖτοῦ
2790 3559 2857 3626 ἦν
2911 3559 3047 3616 κατᾶ
3078 3560 3177 3627 τὴν
3220 3560 3491 3639 γέννησιν,
3523 3561 3574 3629 ἒξ
3603 3565 3788 3638 μόνοις

2148 3650 2335 3723 μησὶν,
2400 3647 2535 3706 ἀλλὰ
2595 3650 2683 3705 καὶ
2735 3647 2871 3704 κατὰ
2914 3647 3009 3715 τὴν
3074 3646 3389 3726 φανέρωσιν.
3450 3647 3789 3731 Ἐφανερώθη

2149 3736 2243 3815 γὺρ
2286 3737 2534 3817 πρότέρον
2593 3739 2622 3794 ὃ
2674 3734 2996 3815 Πρόδρομος,
3068 3736 3194 3793 εἶτα
3267 3738 3296 3793 ὁ
3362 3740 3608 3814 Χριστὸς,
3697 3739 3786 3798 ὑπ’

2144 3829 2299 3885 αὐτοῦ
2354 3825 2723 3905 μαρτυρηθείς.
2789 3844 2814 3878 ε
2849 3825 2920 3882 Οὑ
2976 3824 3066 3881 οὖν
3112 3825 3216 3901 εἰμὶ
3271 3827 3451 3891 ἱκανὸς
3496 3828 3560 3884 τὰ
3587 3828 3790 3899 ὑποδή-

2143 3937 2285 3990 ματα
2326 3915 2603 3991 βαστάσαι.
2658 3938 2687 3969 ι
2724 3911 2851 3971 Οὐδὲ
2898 3909 3107 3997 δοῦλος,
3156 3915 3338 3997 φησὶν,
3372 3913 3599 3995 ἔσχατος
3631 3921 3789 3976 αὐτοῦ

2140 4004 2270 4078 εἰμι,
2330 4002 2466 4060 ὥστε
2496 4003 2770 4080 βαστάζειν
2817 4007 2999 4057 ταῦτα·
3038 3992 3384 4079 ’Υποδήματα
3433 3992 3492 4058 δὲ
3543 4006 3783 4079 νοήσεις,

2139 4093 2227 4148 καὶ
2283 4093 2377 4156 τὰς
2440 4090 2528 4147 δύο
2585 4090 2899 4155 καταϐάσεις
2958 4091 3134 4167 αύτοῦ,
3191 4092 3291 4160 τήν
3344 4111 3400 4147 τε
3458 4090 3510 4157 ἐξ
3567 4095 3789 4172 οὐρανοῦ

2141 4182 2212 4245 εἷς
2272 4186 2396 4260 γῆν,
2457 4182 2546 4238 καὶ
2581 4181 2678 4250 τὴν
2725 4182 2787 4236 εκ
2837 4180 2940 4258 γῆς
2984 4180 3056 4244 εἰς
3099 4180 3191 4235 τὸν
3246 4178 3399 4252 ᾅδην.
3437 4171 3781 4258 ’Υποδήματα

2138 4269 2238 4348 γάρ
2290 4272 2418 4327 εἰσιν
2457 4270 2492 4338 ἡ
2523 4267 2803 4348 δερματίνη
2847 4266 2994 4347 σὰρξ,
3043 4269 3130 4324 καὶ
3159 4270 3195 4336 ἡ
3235 4264 3521 4348 νέκρωσις.
3580 4271 3783 4337 Ταύτας

2138 4356 2225 4412 οὖν
2282 4359 2376 4421 τὰς
2433 4355 2521 4413 δύο
2593 4354 2932 4431 καταϐάσεις,
3020 4358 3081 4414 οὐ
3155 4352 3365 4414 δύναται
3437 4358 3697 4433 βαστάσαι
3755 4362 3785 4416 δ

2137 4443 2462 4527 Πρόδρομος,
2538 4446 2616 4522 μὴ
2702 4442 2984 4514 δυνάμενος
3068 4444 3256 4511 νοῆσαι
3337 4452 3454 4510 πῶς
3510 4444 3782 4525 ἐγένοντο.

414 4528 685 4607 telligere
712 4549 832 4591 non
861 4530 1062 4592 valens
1084 4532 1382 4611 quomodo
1408 4531 1544 4593 facti
1563 4530 1699 4591 sint.
1741 4551 1764 4586 α
1788 4532 1921 4609 Ipse
1951 4549 2053 4592 vos

2155 4557 2165 4589 ι
2214 4537 2381 4598 Αὐτὸς
2411 4537 2547 4611 ὑμᾶς
2602 4534 2841 4611 βαπτίσει
2885 4532 2940 4589 ἐν
3000 4533 3265 4609 Πνεύματι
3323 4533 3477 4612 ἁγίῳ,
3531 4558 3561 4592 ι
3607 4546 3784 4595 Τουτ-

411 4615 729 4696 baptizabit
756 4619 818 4679 in
839 4618 1062 4698 Spiritu
1091 4628 1317 4683 sancto.
1332 4618 1489 4681 uHoc
1506 4618 1931 4693 est,inundabit
1949 4636 2053 4680 vos

412 4704 656 4782 largiter
686 4705 938 4787 Spiritus
967 4707 1154 4768 sancti
1189 4707 1561 4786 gratiis,quia
1581 4725 1800 4787 meum,
1834 4706 2046 4787 inquit,

411 4794 705 4875 baptisma
733 4816 854 4858 non
886 4797 985 4858 dat
1013 4797 1379 4876 spiritualem
1409 4797 1683 4875 gratiam,
1722 4797 1826 4859 sed
1857 4813 2049 4874 neque

412 4894 789 4964 peccatorum
824 4886 1241 4948 remissionem
1273 4907 1285 4948 :
1322 4886 1449 4965 ipse
1478 4891 1674 4947 autem
1701 4892 1759 4947 et
1787 4883 2050 4947 remittet

411 4972 578 5033 vobis
610 4982 874 5053 peccata,
904 4982 962 5035 et
992 4972 1275 5055 Spiritum
1300 4972 1623 5036 liberaliter
1641 4972 1823 5035 dabit.

495 5061 679 5124 VERs.
710 5062 803 5124 12.
842 5087 868 5118 α
895 5060 1074 5142 Cujus
1103 5062 1491 5124 ventilabrum
1523 5062 1586 5122 in
1617 5081 1794 5124 manu
1826 5062 1975 5141 ejus.
2015 5086 2038 5121 ιι

409 5147 541 5211 Non
571 5149 828 5211 credatis
859 5152 1015 5230 quod
1067 5153 1117 5213 si
1148 5152 1424 5233 baptizati
1452 5150 1682 5212 fueritis
1708 5150 1780 5212 ab
1821 5150 1945 5227 illo,
1990 5158 2048 5212 et

410 5237 629 5299 deinde
652 5240 1053 5318 peccaveritis,
1086 5240 1347 5319 ignoscat
1378 5239 1563 5301 vobis.
1600 5238 1745 5301 Nam
1776 5240 2042 5303 etventi-

406 5325 638 5388 labrum
671 5327 869 5399 habet,
894 5328 1007 5388 hoc
1033 5337 1141 5403 est,
1171 5328 1461 5407 judicium
1495 5328 2037 5408 etinquisitionem.

412 5435 436 5471 ιι
473 5414 542 5475 Et
571 5415 912 5496 repurgabit
946 5433 1141 5477 aream
1164 5417 1525 5480 suamnHoc
1547 5425 1656 5492 est,
1687 5416 2037 5497 Ecclesiam,

403 5522 535 5585 qua;
564 5505 778 5567 multos
829 5504 1073 5584 quidem
1126 5506 1302 5567 habet
1332 5506 1672 5587 baptizatos,
1704 5506 1854 5568 sicut
1900 5524 2038 5568 area

2133 4624 2266 4696 ἐστι,
2328 4622 2652 4682 Κατακλύσει
2711 4624 2847 4697 ὑμᾶς
2892 4621 3127 4700 ἀφθόνως
3194 4634 3317 4687 ταῖς
3384 4630 3476 4680 τοῦ
3531 4625 3781 4701 Πνεύμα-

2129 4734 2221 4776 τος
2282 4713 2526 4792 χάριστιν
2570 4709 2718 4768 Ἐπεὶ
2761 4711 2822 4767 τὸ
2879 4710 2977 4785 μὲν
3007 4708 3157 4786 έμὸν,
3190 4712 3342 4791 φησὶ,
3374 4711 3672 4793 βάπτισμα,
3718 4716 3778 4773 οὒ

2129 4797 2305 4856 δίδωσι
2376 4798 2737 4875 πνευματικὴν
2822 4798 3005 4879 χάριν,
3082 4797 3199 4855 οὐδὲ
3255 4800 3354 4878 γὰρ
3417 4801 3518 4868 τὴν
3593 4800 3776 4883 ἄφεσιν

2130 4888 2401 4963 ἁμαρτιῶν
2428 4907 2444 4925 ⁶
2500 4888 2656 4953 αὐτὸς
2699 4886 2778 4969 δὲ,
2836 4888 2925 4945 καὶ
2979 4887 3173 4968 ἀφήσει
3227 4888 3379 4966 ὑμῖν,
3426 4890 3514 4947 καὶ
3564 4897 3775 4969 Πνεῦμα

2130 4974 2366 5053 δαψιλῶς
2409 4976 2588 5039 δώσει.

2215 5086 2240 5121 α
2276 5068 2349 5124 Οὗ
2388 5067 2450 5122 τὸ
2485 5065 2647 5122 πτύον
2703 5063 2757 5118 ὲν
2810 5069 2879 5140 τῇ
2920 5064 3061 5144 χειρὶ
3103 5063 3283 5124 αὐτοῦ.
3321 5087 3346 5123 ε
3383 5066 3473 5134 Μὴ
3518 5067 3771 5144 νομίσητε

2128 5152 2209 5210 ὅτι
2262 5155 2353 5211 εὰν
2431 5156 2754 5231 βαπισθῆτε
2804 5149 2892 5208 ὑπ’
2943 5152 3162 5233 ἐκείνου,
3220 5153 3344 5211 εἶτα
3406 5154 3767 5234 ἀμαρτάνητε,

2125 5244 2465 5323 συγχωρήσει
2523 5242 2681 5318 ὑμῖν.
2741 5238 2905 5297 Ἀλλὰ
2952 5242 3039 5297 καὶ
3096 5242 3258 5300 πτύον
3317 5241 3461 5325 ἔχει,
3506 5244 3764 5324 τουτέστι,

2123 5332 2290 5411 κρίσιν
2348 5334 2433 5391 καὶ
2486 5329 2743 5398 ὶξέτασιν.
2795 5351 2820 5386 ε
2874 5330 2973 5388 Καὶ
3044 5326 3371 5409 διακαθαριεῖ
3428 5334 3526 5400 τὴν
3590 5331 3769 5391 ἅλωνα

2121 5425 2300 5484 αὐτοῦ.
2343 5440 2374 5481 )
2438 5422 2708 5500 Τουτέστι,
2768 5418 2868 5487 τὴν
2925 5414 3270 5495 Ἐκκλησίαν,
3356 5419 3476 5488 ἥτις
3533 5421 3769 5487 πολλοὺς

2119 5508 2216 5585 μὲν
2266 5509 2385 5591 ἔχει
2440 5508 2915 5588 βεϐαπτισμένους,
2980 5506 3157 5587 ὥσπερ
3220 5509 3273 5566 έν
3317 5516 3387 5587 τῇ
3444 5510 3607 5568 ἅλωνι
3661 5519 3769 5569 πᾶν

400 5610 577 5656 omne
606 5593 844 5675 quodin
873 5612 1012 5672 agro
1047 5595 1269 5655 cultum
1302 5594 1409 5654 fuit
1442 5611 1454 5652 :
1488 5594 1592 5655 sed
1624 5596 1777 5657 inter
1806 5596 1915 5656 hos
1935 5595 2034 5656 alii

2155 5601 2464 5678 ὸγεώργιον
2496 5616 2511 5631 ·
2560 5596 2679 5653 ἀλλ’
2724 5597 2779 5653 έν
2833 5598 3062 5672 τούτοις,
3121 5599 3168 5653 οἱ
3222 5599 3318 5676 μέν
3382 5601 3512 5658 εὶσιν
3560 5601 3766 5683 ἄχυρα,
