4132 6262
3576 385 3689 451 178

305 410 418 474 177
969 411 1416 476 ENARRATIO
1458 410 1542 473 IN
1584 402 2091 471 EVANGELI'UM
2136 403 2531 467 MATTILEI.
2579 435 2657 449 --
2698 400 2863 465 CAP.
2908 403 3019 465 III.

296 543 418 601 ὅσοί
474 546 663 625 κοῦφοί
734 547 831 601 εἶσι
916 545 1004 601 καὶ
1050 556 1168 607 τοῖς
1224 542 1485 618 πνεύμασι
1541 545 1639 607 τῆς
1699 540 1943 616 πονηρίας

2037 534 2278 625 quidem
2300 542 2437 598 sunt
2461 535 2719 625 palea,hi
2742 532 2969 625 scilicet
2981 532 3094 625 qui
3120 532 3283 595 loves
3315 536 3547 625 sunt,et
3563 532 3686 625 spij

296 620 605 709 κινούμενοι
642 649 656 664 ⁸
706 636 753 691 οἱ
813 632 893 713 δὲ,
949 645 1123 707 σῖτος,
1152 632 1266 689 ὅσοι
1296 633 1383 687 καὶ
1428 629 1631 708 ἑτέρους
1667 627 1943 707 ὠφελοῦσι,

2036 624 2250 713 ritibus
2278 625 2517 685 malitias
2546 623 2841 713 agitantur
2874 644 2886 680 :
2921 622 3022 683 alii
3050 629 3246 713 autem
3278 620 3684 713 triticum,qui

298 724 393 778 καὶ
450 723 694 801 τρέφουσι
752 721 837 778 διὰ
877 710 1249 786 -διδασκαλίας
1308 723 1397 776 καὶ
1437 717 1698 798 πράξεως,
1766 740 1793 771 α
1857 720 1943 773 Καὶ

2036 712 2166 774 aliis
2198 714 2370 775 utiles
2402 721 2631 787 sunt,et
2653 712 2799 773 alios
2832 718 3078 790 pascunt
3107 710 3376 772 doctrina
3400 718 3457 771 et
3475 727 3683 801 opere.

298 809 511 877 συνάξει
560 800 661 867 τὸν
714 823 860 867 σῖτον
933 812 1006 873 εἷς
1062 811 1162 875 τὴν
1204 809 1485 879 ἀποθήκην
1540 806 1697 863 αὐτοῦ
1728 824 1745 841 ⁹
1793 804 1853 861 τὰ
1898 802 1943 858 δὲ

2040 824 2062 856 σι
2096 803 2169 863 Et
2189 803 2566 882 congregabit
2588 802 2845 863 triticum
2878 809 2937 861 et
2967 801 3250 861 horreum
3275 800 3684 880 suum,paleas

300 898 509 978 ἄχυρον
568 898 889 955 κατακαύσει
943 899 1064 975 πυρὶ
1106 895 1370 971 ἀσϐέστῳ,
1409 920 1436 951 ι
1475 886 1785 952 ’¹Ασϐεστόν
1842 893 1943 949 ἐστι

2037 898 2231 951 autem
2268 892 2576 953 comburet
2629 892 2746 969 igni
2804 888 3295 967 inexstinguibili.
3333 907 3355 940 ι
3384 890 3681 951 Inexstin-

297 988 365 1043 τὸ
410 996 512 1065 πῦρ
563 985 738 1044 έκεῖνο
768 1004 785 1022 ⁸
844 986 983 1043 ὥστε
1056 984 1276 1067 φλυαρεῖ
1346 989 1374 1041 6
1431 982 1737 1063 Ὠριγένης,
1782 981 1950 1060 λέγων

299 1073 392 1132 ὅτι
421 1075 569 1133 ἔσται
597 1075 751 1140 τέλος
795 1080 892 1143 τῆς
920 1073 1215 1140 κολάσεως,

390 1188 417 1219 ι
452 1163 583 1223 Τότε
634 1166 977 1244 παραγίνεται
1033 1167 1060 1219 ὁ
1114 1161 1321 1231 Ἰησοῦς
1378 1163 1483 1219 ἀπὸ
1542 1168 1639 1231 τῆς
1670 1159 1951 1223 Γαλιλαίας

301 1253 391 1309 ἐπὶ
447 1255 537 1310 τὸν
579 1251 845 1331 Ἰορδάνην
900 1255 1031 1330 πρὸς
1074 1254 1163 1308 τὸν
1211 1251 1489 1323 Ἰωάννην,
1536 1259 1628 1309 τοῦ
1658 1252 1953 1327 βαπτισθῆ-

299 1364 387 1397 ναι
436 1340 526 1398 ὑπ’
585 1341 740 1399 αὐτοῦ
774 1358 789 1374 ⁸
824 1344 851 1397 6
915 1339 966 1396 δὲ
1027 1338 1278 1407 Ἰωάννης
1320 1339 1598 1397 διεκώλυεν
1648 1340 1825 1416 αὐτὸν,
1856 1336 1951 1393 λέ-

298 1453 438 1506 γων,
493 1452 516 1486 ε
555 1432 792 1509 Καθαρὸς
821 1431 894 1486 ὢν
936 1430 1269 1509 βαπτίζεται,
1314 1429 1405 1485 ’ίνα
1448 1431 1590 1504 ἡμᾶς
1621 1426 1898 1503 ἀποπλύνῃ
1932 1442 1947 1456 '

301 1519 394 1573 καὶ
453 1517 545 1574 ἵνα
601 1516 742 1595 δείξῇ
794 1520 952 1594 ἡμῖν,
1012 1517 1098 1575 ἐπ’
1147 1517 1208 1574 ἂν
1251 1517 1535 1594 μέλλωμεν
1577 1516 1949 1594 βαπτισθῆναι,

299 1607 743 1685 προκαθαίρεσθαι
777 1623 791 1637 ⁸
880 1606 973 1663 ’ίνα
1028 1608 1106 1682 μὴ
1168 1606 1479 1682 μολῦνωμεν
1530 1607 1592 1661 τό
1650 1605 1949 1681 βάπτισμα,

299 1696 440 1770 μετὰ
482 1702 645 1751 ταῦτα
703 1694 935 1759 εὐκόλως
988 1696 1358 1773 ῥυπαινόμενοι
1410 1694 1495 1751 διὰ
1562 1695 1662 1762 τὴν
1715 1694 1950 1772 πονηρὰν

2037 979 2318 1058 guibilem
2352 982 2514 1041 illum
2536 982 2730 1058 ignem
2764 989 2957 1042 vocat.
2993 978 3160 1041 Unde
3206 986 3454 1056 nugatur
3481 978 3683 1057 Orige-

2040 1086 2169 1141 nes,
2202 1070 2407 1131 dicens
2437 1076 2592 1150 quoat
2624 1069 2855 1130 futurus
2884 1068 2967 1137 sit
2990 1068 3124 1128 ﬁnis
3145 1068 3599 1148 suppliciorum.

2118 1159 2510 1227 VERs.l3,l4.
2526 1161 2721 1220 «Tunc
2742 1158 2906 1219 venit
2934 1158 3105 1219 Jesus
3128 1175 3160 1217 a
3191 1155 3428 1219 Galilma
3458 1157 3518 1217 in
3539 1155 3678 1220 Jor-

2036 1245 2253 1307 danem
2276 1247 2348 1308 ad
2380 1250 2763 1320 Joannem,ut
2794 1246 3194 1326 baptizaretur
3222 1245 3296 1306 ab
3323 1248 3683 1308 eoJoannes

2034 1341 2229 1397 autem
2265 1336 2619 1417 prohibebat
2650 1354 2808 1408 eum,
2843 1333 3267 1397 dicens.»Cum
3290 1334 3549 1396 mundus
3582 1352 3682 1397 es-

2034 1432 2145 1499 set,
2180 1424 2530 1505 baptizatur,
2561 1432 2626 1486 ut
2654 1442 2760 1485 nos
2788 1424 3007 1495 abluat,
3062 1430 3123 1484 et
3152 1431 3215 1483 ut
3252 1424 3527 1485 ostendat
3574 1443 3682 1486 no-

2035 1511 2126 1573 bis
2157 1514 2314 1593 quod
2367 1514 2417 1574 si
2466 1512 2748 1592 baptizari
2781 1512 3049 1585 velimus,
3087 1512 3250 1590 prius
3294 1512 3678 1589 mundemur,

2034 1609 2099 1661 ut
2128 1620 2203 1662 ne
2234 1600 2617 1681 inquinemus
2650 1602 2959 1679 baptisma,
2995 1609 3196 1680 postea
3223 1601 3392 1662 facile
3440 1602 3502 1661 in
3543 1620 3675 1663 sor-

2034 1688 2140 1749 des
2188 1689 2528 1750 relabentes
2586 1698 2829 1769 propter
2895 1689 3107 1750 malam
3159 1689 3674 1752 consuetudinem.

297 1786 605 1853 συνήθειαν.
655 1783 857 1842 Κωλύει
921 1784 976 1841 δὲ
1034 1787 1190 1843 αὐτὸν
1247 1788 1274 1841 6
1323 1784 1598 1864 Ἰωάννης,
1627 1781 1721 1839 ἵνα
1764 1784 1841 1857 μὴ
1868 1805 1943 1838 νο-

2036 1777 2326 1840 Prohibet
2346 1787 2543 1840 autem
2569 1797 2703 1839 eum
2733 1777 3178 1853 Joannes,utne
3206 1778 3477 1839 videntes
3504 1778 3675 1840 illum

298 1876 528 1947 μίσωσιν
589 1876 635 1930 οἱ
693 1877 943 1954 ὁρῶντες,
986 1876 1074 1930 καὶ
1126 1873 1283 1931 αὒτὸν
1335 1875 1407 1939 ὡς
1463 1872 1555 1929 ἕνα
1602 1877 1707 1929 τῶν
1734 1869 1947 1928 πολλῶν

296 1964 375 2024 εἷς
434 1964 719 2037 μετάνοιαν
784 1963 1194 2040 βαπτιζόμενον.
1276 1986 1303 2017 α
1364 1960 1510 2040 Ἐγὼ
1566 1963 1750 2041 χρείαν
1835 1958 1950 2039 ἔχω

294 2051 401 2106 ὑπὸ
452 2059 546 2109 σοῦ
597 2052 984 2127 βαπτισθῆναι.
1022 2074 1049 2106 ι
1087 2051 1273 2128 Χρείαν
1304 2051 1403 2130 γὰρ
1433 2047 1592 2129 εἶχεν
1645 2051 1678 2116 ἡ
1711 2046 1945 2127 Πρόδρο-

301 2160 407 2213 μος
450 2139 552 2195 ὕπὸ
595 2147 689 2196 τοῦ
725 2142 907 2218 Κυρίου
949 2140 1346 2219 καθαρισθῆναι,
1409 2130 1502 2201 ιΩς
1546 2140 1644 2217 γὰρ
1695 2137 1799 2194 ἀπὸ
1854 2144 1947 2193 τοῦ

304 2225 482 2301 Ἀδὰμ
537 2228 926 2308 καταγόμενος,
986 2229 1071 2285 καὶ
1098 2230 1252 2293 αὐτὸς
1283 2228 1566 2306 ἓπεσύρετο
1594 2230 1656 2284 τὸ
1700 2225 1946 2302 μόλυσμα

296 2318 362 2370 τὸ
406 2318 469 2371 ὲκ
508 2319 607 2383 τῆς
653 2320 927 2396 παρακοῆς
960 2334 976 2349 ⁹
1036 2320 1064 2373 6
1124 2318 1347 2395 Χριστὸς
1391 2314 1445 2374 δὲ
1475 2317 1781 2396 σαρκωθεὶς,
1817 2315 1945 2371 ἐκα-

296 2408 479 2484 ϐάρισε
508 2408 734 2472 πάντας.
774 2429 801 2469 ί
837 2413 934 2468 Καὶ
990 2411 1050 2466 σὺ
1092 2410 1232 2490 ἔρχῃ
1263 2411 1392 2489 πρός
1425 2432 1489 2486 με
1519 2430 1535 2490 ς
1572 2433 1600 2465 ι
1636 2411 1741 2467 Οὐκ
1784 2407 1943 2464 ἐτόλ-

298 2517 477 2571 μησεν
524 2499 720 2577 εἰπεῖν,
780 2501 859 2555 ὁτι
913 2499 1010 2557 Καὶ
1059 2500 1122 2554 σὺ
1177 2500 1403 2575 βαπτίζῃ
1432 2497 1519 2555 ὑπ’
1548 2498 1727 2578 ἐμοῦ,
1782 2496 1940 2573 ἀλλὰ,

298 2586 402 2643 Καὶ
433 2586 495 2641 σὺ
517 2584 655 2666 ἔρχῃ
692 2607 708 2662 ;
742 2611 770 2643 ι
806 2586 968 2650 οὕτως
1011 2586 1319 2654 ηῦλαϐεττο.

383 2693 413 2732 (
465 2674 796 2753 ’Δποκριθεὶς
851 2674 907 2732 δὲ
977 2679 1006 2732 6
1056 2675 1290 2748 Ἰησοῦς,
1349 2678 1474 2734 εἶπε
1530 2677 1659 2754 πρὸς
1716 2675 1876 2734 αὐτόν
1922 2694 1939 2711 ο

2033 1871 2241 1943 putent
2292 1866 2460 1946 quasi
2511 1884 2694 1927 unum
2753 1884 2823 1927 ex
2895 1864 3095 1925 multis
3142 1865 3215 1926 ad
3266 1866 3675 1946 pmnitentiam

2031 1952 2334 2031 baptizari.
2388 1978 2412 2010 α
2447 1952 2591 2016 Mihi
2649 1972 2797 2034 opus
2855 1960 2944 2015 est
2994 1962 3058 2014 ut
3112 1972 3146 2015 a
3203 1960 3261 2015 te
3305 1953 3586 2035 baptizer.
3648 1980 3671 2013 ι

2031 2040 2195 2121 Opus
2226 2042 2385 2103 enim
2422 2042 2675 2105 habebat
2706 2047 3039 2104 Praecursor
3059 2060 3094 2103 a
3122 2041 3375 2104 Domino
3421 2045 3675 2107 munda-

2027 2130 2080 2191 ri
2112 2138 2312 2211 utpote
2345 2132 2417 2193 ab
2448 2132 2635 2194 Adam
2668 2131 3062 2195 descendens.
3096 2130 3241 2192 Nam
3272 2139 3329 2193 et
3369 2132 3499 2212 ipse
3530 2150 3677 2197 con-

2032 2226 2285 2281 traxerat
2336 2230 2528 2282 ortum
2562 2240 2633 2283 ex
2680 2220 3089 2282 inobedientia
3136 2220 3672 2301 inquinamentum.

2030 2307 2302 2371 Christus
2359 2319 2556 2372 autem
2588 2309 2948 2390 incarnatus,
2987 2310 3316 2391 puriﬁcavit
3359 2330 3591 2375 omnes.
3639 2337 3667 2369 ι

2027 2395 2097 2457 Et
2128 2404 2189 2458 tu
2220 2398 2391 2459 venis
2431 2399 2503 2460 ad
2538 2398 2672 2461 me?
2706 2423 2729 2457 ι»
2779 2398 2909 2463 Non
2965 2417 3142 2461 ausus
3200 2400 3309 2461 fuit
3349 2400 3573 2477 dicere,
3605 2400 3679 2463 Et

2028 2492 2108 2572 tu!
2142 2493 2459 2575 baptizaris
2508 2514 2542 2557 a
2598 2494 2738 2559 me?
2789 2497 2916 2574 sed,
2985 2498 3055 2559 Et
3102 2496 3313 2560 venis?
3360 2508 3480 2560 tam
3539 2499 3673 2581 pius

2026 2590 2173 2646 erat.

2105 2671 2289 2735 Vrsas.
2327 2676 2423 2736 15.
2470 2704 2491 2733 σ
2526 2674 2918 2754 Respondens
2952 2683 3146 2737 autem
3174 2677 3369 2752 Jesus,
3405 2677 3550 2740 dixit
3597 2679 3671 2740 ad

300 2752 483 2841 ’Ἄφες
528 2752 666 2842 ἄρτι.
709 2788 733 2821 ι
799 2772 925 2845 Νῦν,
989 2766 1140 2845 φησὶ,
1195 2752 1587 2845 παραχώρησον
1624 2783 1635 2796 ·
1698 2763 1845 2821 ’έσται
1887 2762 1943 2819 δὲ

2036 2759 2216 2821 illum.
2255 2764 2499 2825 Dimitte
2527 2752 2705 2826 nunc.
2740 2763 2962 2842 «Nunc,
2998 2765 3210 2845 inquit,
3243 2767 3542 2847 permitte:
3564 2769 3674 2829 erit

296 2854 487 2931 καιρὸς
546 2850 632 2908 ὅτε
689 2854 786 2921 τὴν
829 2852 972 2919 ἀξίαν
1055 2851 1206 2919 δόξαν
1282 2852 1489 2932 ἕξομεν,
1555 2854 1653 2909 κᾶν
1724 2853 1802 2928 μὴ
1857 2861 1943 2911 νῦν

2036 2857 2221 2911 autem
2255 2859 2514 2931 tempus,
2543 2872 2657 2931 quo
2702 2853 2879 2933 digna
2926 2853 3100 2914 nobis
3130 2855 3243 2914 erit
3290 2856 3497 2933 gloria,
3536 2856 3676 2919 licet

298 2941 633 3019 φαινώμεθα,
700 2961 723 2996 ιι
762 2940 911 2998 Οὕτω
964 2941 1064 3019 γάρ
1122 2940 1322 3020 πρέπον
1366 2942 1505 2999 ἐστὶν
1560 2945 1691 3015 ἡμῖν
1722 2940 1943 3020 πληρῶ-

2036 2955 2185 2999 nunc
2236 2958 2355 3001 non
2394 2958 2807 3021 appareamus.
2841 2965 2863 2997 α
2901 2941 2999 3004 Sic
3039 2942 3199 3002 enim
3232 2943 3422 3023 decet,
3458 2954 3522 3005 ut
3551 2946 3671 3007 im-

300 3052 396 3085 σαι
460 3036 632 3085 πᾶσαν
676 3027 1035 3097 δικαιοσύνην.
1088 3053 1113 3087 ι
1163 3033 1262 3089 Τὸν
1294 3032 1454 3107 νόμον
1483 3030 1631 3109 λέγει
1675 3029 1941 3088 δικαιοσύ-

2036 3025 2296 3106 pleamus
2346 3048 2583 3090 omnem
2615 3031 2926 3109 justitiam.
2959 3055 2987 3087 ι
3021 3029 3237 3109 Legem
3294 3040 3460 3093 vocat
3503 3034 3676 3113 justi-

301 3141 426 3185 νην.
486 3118 933 3197 Ἐπικατάρατος,
978 3120 1156 3199 φησὶν,
1215 3122 1283 3186 ἦν
1333 3086 1367 3188 ’ἕξ
1426 3086 1721 3199 ἀνθρωπίνη
1764 3120 1938 3199 φύσις,

2036 3086 2938 3197 liam.Maledicta—era—t17ihqmt
2985 3086 3245 3182 ὴῖιῖεἷιῖἐι
3277 3086 3524 3199 ﬁatﬁat,“
3536 3086 3676 3203 ᾆῖἱῖει

303 3207 387 3265 ὅτι
438 3209 529 3264 τὸν
586 3208 748 3283 νόμον
798 3212 890 3267 οὐκ
945 3206 1168 3275 ἠδύνατο
1219 3207 1517 3272 τελειῶσαι,
1566 3207 1707 3287 Ἐγὼ
1747 3210 1938 3283 τοίνυν,

2036 3203 2217 3281 legem
2249 3216 2393 3267 nont
2423 3216 2652 3287 poterat
2682 3210 2998 3288 perﬁcere.
3030 3210 3156 3286 Ego
3180 3209 3359 3288 igitur
3386 3230 3520 3272 cum
3551 3202 3671 3273 im-

304 3293 522 3352 ἒτέλεσα
581 3297 668 3352 καὶ
725 3292 893 3352 τᾶλλα
952 3298 1043 3352 τοῦ
1094 3296 1256 3371 νόμου
1291 3314 1305 3328 ⁶
1364 3295 1532 3354 λείπει
1563 3294 1617 3352 δέ
1648 3318 1737 3372 μοι
1765 3302 1942 3371 τοῦτο,

2036 3291 2307 3372 plevcrim
2338 3296 2451 3357 alia
2480 3316 2613 3376 qum
2636 3297 2694 3358 in
2726 3298 2854 3372 lege
2879 3306 3042 3374 sunt,
3087 3306 3145 3359 et
3168 3298 3321 3359 desit
3352 3300 3463 3361 hoc
3485 3319 3671 3362 unum

299 3386 363 3443 τὸ
412 3386 789 3462 βαπτισθῆναι.
868 3392 1032 3443 Τοῦτο
1091 3386 1260 3445 τοίνυν
1342 3385 1585 3466 τελέσας,
1662 3384 1943 3451 ἀπαλλάξω

2036 3389 2096 3443 ut
2126 3380 2412 3462 baptizer,
2450 3396 2764 3466 eapropter
2812 3405 2947 3447 cum
3007 3389 3119 3449 hoc
3151 3387 3371 3465 fecero,
3405 3388 3673 3452 liberabo

303 3475 402 3541 τὴν
447 3474 597 3553 φύσιν
638 3478 735 3540 τῆς
763 3472 1018 3553 κατάρας*
1050 3482 1205 3532 τοῦτο
1231 3475 1330 3555 γὰρ
1360 3477 1477 3552 ἐμοὶ
1505 3475 1710 3555 πρέπει.

388 3585 412 3617 ι
466 3563 597 3619 Τότε
662 3561 880 3641 ἀφίησιν
937 3563 1092 3621 αὐτόν
1128 3579 1143 3593 ⁶
1199 3565 1285 3619 καὶ
1350 3565 1655 3640 βαπτισθεὶς
1730 3566 1758 3619 6
1832 3560 1945 3630 Ἰη-

303 3650 446 3715 σοῦς.
500 3672 523 3707 ε
586 3649 877 3728 Τριάκοντα
922 3648 1054 3706 ἐτῶν
1081 3652 1155 3707 ὣν
1184 3652 1509 3727 βαπτίζεται,
1560 3653 1673 3708 ἐπεὶ
1722 3650 1853 3719 αὕτη
1911 3653 1946 3720 ἡ

304 3738 484 3807 ἡλικία
543 3735 757 3817 δέχεται
800 3738 971 3794 πάντα
1026 3739 1093 3795 τὰ
1148 3739 1529 3815 ἁμαρτήματα.
1568 3738 1656 3797 Ἐν
1686 3741 1782 3816 μὲν
1842 3740 1942 3818 γὰρ

307 3830 369 3903 τῇ
425 3828 613 3905 πρώτῃ
667 3825 873 3899 ἡλικίᾳ,
908 3826 1043 3883 πολὺ
1098 3829 1161 3883 τὸ
1191 3828 1416 3894 ἀνόητον
1445 3848 1459 3863 ⁸
1514 3829 1567 3885 ἐν
1624 3828 1679 3885 δὲ
1817 3826 1939 3885 δευ-

310 3916 449 3995 τέρᾳ,
482 3921 551 3991 τῇ
577 3921 682 3972 τῶν
744 3914 1034 3995 νεωτέρων,
1094 3915 1271 3984 πολλὴ
1297 3919 1332 3984 ἡ
1363 3916 1490 3997 φλὸξ
1517 3920 1616 3984 τῆς
1666 3917 1939 3992 ἐπιθυμίας

310 4006 389 4060 καὶ
442 4011 532 4061 τοῦ
573 4006 737 4079 θσμιιῦ
768 4020 784 4035 ⁸
850 4005 904 4059 ἐν
946 4001 1001 4059 δὲ
1050 4006 1214 4081 ταύτῃ
1260 4010 1329 4081 τῇ
1357 4006 1462 4062 τῶν
1490 4004 1713 4084 ἀνδρῶν,
1763 4004 1939 4074 πολλὴ

306 4091 793 4173 ἡφιλοχρηματία.
855 4089 1161 4167 Ἀνέμεινεν
1211 4093 1301 4149 οῦν
1352 4094 1547 4161 ταύτην
1572 4096 1669 4162 τὴν
1700 4093 1934 4171 ἡλικίαν,

303 4179 393 4237 ἵνα
424 4179 509 4237 διὰ
537 4188 723 4237 πασῶν
778 4188 883 4255 τῷν
930 4179 1153 4248 ἡλικιῶν
1183 4180 1444 4260 πληρώσῃ
1474 4185 1565 4239 τὸν
1612 4184 1794 4263 νόμον,
1854 4193 1940 4245 καὶ

302 4269 501 4347 ἁγιάσῃ
557 4270 725 4344 ἡμᾶς,
771 4284 797 4324 ε
834 4270 992 4332 Εὐθὺς
1024 4268 1186 4337 ἀνέϐη
1232 4270 1337 4328 ἀπὸ
1391 4271 1483 4328 τοῦ
1525 4270 1734 4335 ὕδατος.
1794 4294 1817 4328 ι
1880 4272 1941 4329 Οἱ

300 4364 599 4436 Μανιχαῐοι
654 4355 916 4437 λέγουσιν,
949 4357 1030 4414 ὅτι
1083 4360 1144 4415 τὸ
1196 4366 1352 4435 σῶμα
1410 4364 1565 4419 αὐτοῦ
1612 4360 1832 4416 ἀπέθετο
1885 4361 1941 4414 ἓν

291 4451 370 4520 τῷ
454 4443 713 4526 Ἰορδάνῃ,
766 4446 901 4503 κατὰ
968 4448 1255 4526 φαντασίαν
1302 4448 1355 4505 δὲ
1385 4446 1514 4505 ἄλλο
1546 4451 1701 4523 σῶμα
1730 4446 1941 4513 ἔδειξεν.

299 4531 765 4609 Ἐπιστομίζονται
823 4532 878 4589 δὲ
909 4534 1162 4599 ἐντεῦθεν.
1222 4529 1279 4595 Ὀ
1336 4537 1543 4605 Ἰησοῦς
1603 4538 1702 4615 γὰρ
1759 4537 1940 4617 φησὶν,

294 4620 465 4690 ἀνέϐη
499 4638 515 4655 ⁶
550 4626 645 4680 οῦκ
675 4621 834 4685 ἄλλος
866 4622 1052 4704 ἀνέϐη,
1085 4624 1205 4681 ἀλλ’
1257 4628 1285 4682 6
1315 4623 1548 4689 καταϐὰς
1580 4628 1651 4690 εἷς
1681 4628 1742 4683 τὸ
1782 4625 1939 4706 ὕδωρ.

303 4734 330 4767 α
368 4712 467 4769 Καὶ
520 4708 630 4768 ἰδοὺ
685 4712 1038 4790 ἀνεῴχθησαν
1087 4716 1228 4789 αῦτῷ
1288 4716 1335 4771 οἱ
1383 4715 1611 4791 οὐρανοί.
1646 4741 1669 4773 ι
1733 4706 1790 4773 ιΟ
1846 4716 1942 4791 μὲν

293 4797 472 4874 Ἀδὰμ
528 4799 717 4864 αὐτοὺς
766 4798 965 4857 ἔκλεισε
998 4816 1013 4830 ⁸
1087 4800 1171 4859 διὰ
1212 4800 1267 4859 δὲ
1308 4804 1398 4859 τὸν
1444 4805 1666 4883 Χριστὸν
1698 4805 1940 4882 ἀνοίγον-

293 4909 387 4944 ται
418 4903 435 4920 ⁶
495 4888 587 4945 ’ίνα
645 4888 840 4964 μάθῃς,
900 4887 979 4945 ὅτι
1033 4892 1120 4946 καὶ
1167 4892 1229 4947 σὺ
1275 4892 1398 4948 ὅταν
1430 4893 1681 4972 βαπτίζῃ,
1712 4892 1938 4973 ἀνοίγεις

296 4977 514 5039 αῦτοῦς.

387 5087 410 5121 ι
449 5066 547 5123 Καὶ
598 5062 710 5121 εἶδε
753 5068 814 5123 τὸ
861 5074 1071 5129 Πνεῦμα
1126 5077 1216 5127 τοῦ
1265 5078 1397 5128 Θεοῦ
1446 5068 1767 5128 καταϐαῖνον
1817 5073 1944 5127 ὡσεὶ

288 5155 634 5234 περιστερὰν,
689 5157 776 5211 καὶ
836 5157 1130 5237 ἐρχόμενον
1189 5158 1455 5239 έπάῦτὸν,
1503 5161 1590 5216 καὶ
1636 5158 1743 5216 ἰδοὺ
1790 5159 1941 5239 φωνὴ

288 5244 357 5300 ἐκ
411 5248 518 5298 τῶν
560 5243 815 5322 οὐρανῶν,
851 5242 1100 5323 λέγουσα.
1143 5268 1165 5302 ι
1226 5247 1555 5328 Κατέρχεται
1585 5249 1645 5303 τὸ
1703 5253 1938 5323 Πνεῦμα,

287 5332 391 5388 ἵνα
448 5332 790 5411 μαρτυρήσῃ,
876 5332 955 5388 ὅτι
1038 5336 1228 5409 μεζων
1313 5338 1340 5392 6
1396 5336 1776 5413 βαπτιζόμενος
1821 5336 1855 5403 ἣ
1913 5339 1940 5391 6

288 5419 587 5497 βαπτίζων.
619 5503 622 5504 ν
653 5421 711 5475 Οἱ
761 5419 860 5497 γὰρ
918 5420 1165 5483 Ἰουδαῖοι
1223 5424 1388 5503 μέγαν
1446 5428 1604 5504 εἶχον
1630 5426 1722 5480 τὸν
1755 5422 1943 5481 Ἰωάν-

291 5531 424 5588 νην,
473 5513 567 5563 τοῦ
609 5503 663 5561 δὲ
722 5513 952 5585 Χριστοῦ
1004 5512 1063 5568 οὒ
1116 5534 1364 5571 τοσοῦτον
1420 5503 1745 5594 ἐφρόντιζον.
1783 5512 1943 5572 Εἶδον

289 5597 352 5653 δὲ
422 5599 484 5651 τὸ
539 5601 751 5668 Πνεῦμα
780 5597 974 5665 πάντες
1028 5602 1319 5683 ἐρχόμενον
1367 5603 1450 5659 ἐπὶ
1493 5604 1583 5660 τὸν
1612 5602 1838 5682 Ἰησοῦν,
1873 5604 1946 5663 ὡς

294 5686 363 5742 ἂν
389 5688 470 5758 μὴ
502 5684 787 5758 νομίσωσιν
820 5684 899 5741 ὅτι
929 5689 964 5754 ἡ
999 5693 1148 5769 φωνὴ
1180 5694 1213 5759 ἡ
1265 5690 1513 5771 λέγουσα,
1554 5711 1584 5752 (
1615 5691 1779 5755 Οὗτός
1808 5690 1949 5747 ἔστιν

2032 3479 2299 3533 naturam
2333 3493 2367 3535 a
2390 3475 2723 3540 maledicto.
2761 3476 2886 3538 Hoc
2922 3479 3008 3538 19
3038 3479 3193 3538 enim
3226 3497 3323 3539 me
3352 3478 3546 3542 decet.

2112 3561 2293 3649 Vnus.
2333 3564 2428 3637 15,
2466 3566 2559 3626 16.
2598 3590 2625 3620 (ι
2648 3564 2817 3627 Tunc
2849 3567 3059 3627 omittit
3094 3566 3261 3628 illum
3284 3587 3298 3629 :
3323 3576 3381 3628 et
3410 3568 3674 3649 baptiza-

2029 3656 2121 3709 tus
2148 3647 2343 3712 Jesus.
2372 3673 2399 3712 )
2441 3651 2712 3715 Christus
2740 3672 2875 3715 cum
2906 3655 3144 3733 triginta
3173 3674 3465 3717 annorum
3488 3647 3670 3734 esset,

2031 3735 2380 3821 baptizatur,
2416 3759 2485 3801 eo
2518 3741 2677 3819 quod
2712 3750 2851 3803 (etas
2887 3742 2988 3803 illa
3018 3752 3260 3822 peccata
3288 3746 3487 3805 omnia
3514 3745 3576 3806 in
3606 3765 3674 3808 se

2023 3826 2257 3906 accipit.
2289 3826 2354 3887 In
2386 3830 2577 3908 prima
2605 3837 2775 3891 aetate
2828 3849 3038 3908 magna
3068 3840 3161 3893 est
3210 3832 3571 3913 insipientia.
3606 3837 3674 3898 In

2021 3914 2446 3996 set-undaque
2471 3927 2561 3978 est
2592 3918 3061 3993 adolescentum,
3088 3940 3300 3999 magna
3329 3930 3417 3983 est
3440 3924 3677 3986 ﬂamma

2022 4004 2519 4094 concupiscentiae
2549 4015 2608 4068 et
2637 4006 2764 4070 irae.
2799 4010 2864 4070 In
2895 4008 3049 4070 virili
3080 4018 3477 4091 autem,amor
3494 4032 3673 4094 opum

2022 4101 2250 4167 regnat.
2296 4092 2637 4173 Expectavit
2692 4096 2870 4172 igitur
2921 4098 3075 4159 hanc
3125 4107 3380 4174 tetatem,
3447 4092 3674 4182 ιιι-ρει·

2021 4198 2229 4240 omnes
2259 4192 2460 4244 aetates
2490 4184 2768 4263 impleret
2797 4185 3077 4266 legem,et
3108 4206 3215 4247 nos
3244 4190 3670 4254 sanctiﬁcaret.

2028 4286 2058 4327 ‹
2089 4269 2295 4331 Statim
2326 4271 2593 4333 ascendit
2614 4272 2685 4332 ab
2718 4291 2929 4353 aqua.)
2957 4276 3272 4337 Manichmi
3297 4278 3500 4339 dicunt
3516 4280 3673 4359 quod

2030 4377 2241 4448 corpus
2271 4379 2440 4422 suum
2473 4362 2817 4441 deposuerit
2849 4364 2911 4424 in
2960 4366 3239 4441 Iordane,
3288 4368 3461 4446 juxta
3498 4387 3677 4448 appa-

2026 4446 2279 4508 rentiam
2338 4457 2538 4509 autem
2598 4450 2755 4511 aliud
2823 4471 3039 4533 corpus
3104 4456 3476 4532 monstrarit,
3538 4446 3673 4520 Ub-

2029 4543 2364 4627 mutescjunt
2428 4538 2875 4627 autemuh‘inc;
2948 4540 3121 4603 Jesns
3178 4543 3378 4618 enim,
3431 4545 3673 4627 inquit,

2026 4625 2294 4685 ascendit
2344 4644 2358 4688 :
2418 4645 2536 4687 non
2611 4625 2764 4687 alius
2814 4629 3105 4705 ascendit,
3177 4631 3280 4692 sed
3350 4632 3400 4693 is
3468 4634 3565 4712 qui
3612 4625 3675 4695 in

2024 4732 2235 4793 aquam
2302 4714 2717 4779 descenderat.
2783 4744 2806 4773 α
2882 4717 2950 4780 Ei
2996 4737 3135 4781 ecce
3191 4721 3380 4800 aperti
3425 4729 3563 4782 sunt
3618 4723 3676 4784 ei

2023 4802 2180 4865 caali.
2213 4828 2238 4858 ιο
2276 4804 2460 4867 Adam
2512 4804 2647 4866 illos
2691 4804 2927 4880 clausit,
2980 4827 3089 4886 per
3134 4810 3428 4872 Christum
3475 4818 3672 4871 autem

2022 4892 2391 4972 aperiuntur,
2457 4902 2521 4954 ut
2569 4893 2754 4970 dicas,
2814 4897 2971 4976 quod
3026 4897 3262 4978 quando
3330 4898 3673 4979 baptizaris,

2026 4998 2223 5060 aperis
2273 4999 2397 5043 80$.

2106 5068 2501 5145 Vsas.16,t7.
2536 5070 2641 5133 «Et
2670 5073 2813 5135 vidit
2844 5071 3124 5154 Spiritum
3157 5074 3265 5137 Dei
3296 5075 3677 5137 descenden-

2027 5166 2145 5220 tem
2179 5159 2348 5239 quasi
2378 5160 2739 5235 columbam,
2776 5170 2834 5224 et
2864 5164 3199 5225 venientem
3226 5182 3407 5243 super
3428 5183 3589 5241 eum,
3617 5175 3679 5231 et

2026 5265 2167 5309 ecce
2200 5264 2315 5308 vox
2346 5265 2377 5308 e
2409 5248 2594 5327 caelis,
2632 5249 2862 5311 dicens.
2897 5274 2920 5309 ι)
2959 5250 3280 5315 Descendit
3301 5250 3577 5332 Spiritus,
3612 5255 3678 5316 ut

2024 5335 2425 5413 testimonium
2457 5336 2766 5416 perhibeat
2809 5340 2964 5418 quod
3024 5341 3214 5420 major
3244 5341 3321 5401 sit
3350 5341 3449 5421 qui
3480 5341 3675 5421 bapti-

2025 5431 2391 5503 zatur,quam
2408 5424 2508 5504 qui
2532 5424 3001 5505 baptizatJudaei
3031 5429 3190 5490 enim
3224 5430 3681 5509 magniﬁcabant

2026 5511 2413 5587 Joannem,at
2434 5514 2731 5577 Christum
2757 5536 2872 5578 non
2900 5525 3124 5580 tantum
3157 5519 3467 5583 curabant.
3492 5518 3680 5582 Vide-

2030 5610 2173 5663 runt
2200 5610 2398 5663 autem
2432 5602 2718 5683 Spiritum
2751 5624 2959 5669 omnes
2986 5608 3330 5670 venientem
3362 5624 3546 5689 super
3570 5607 3677 5671 Je-

2036 5698 2265 5768 sum,ut
2286 5708 2361 5752 ne
2382 5698 2654 5772 putarent
2680 5695 2837 5776 quod
2871 5716 2980 5759 vox
3008 5695 3354 5777 dicens,Hic
3388 5694 3681 5760 estFilius
