4122 6270
424 337 539 402 179

1375 338 1971 404 THEOPHYLACTI
2017 342 2430 408 BULGARIE
2472 342 2829 409 ARCHIEP.

3695 351 3809 415 180

425 488 594 561 meus
625 470 903 561 dilectus,
938 489 1045 552 pro
1100 471 1387 534 Joannem
1442 471 1598 561 dicta
1653 474 1750 550 sit,
1809 474 1912 536 sed
1946 471 2067 534 viso

2163 475 2355 561 67116;
2381 496 2483 549 μου
2526 478 2554 531 6
2599 475 2902 553 ἀγαπητὸς,
2944 498 2967 533 ο
3020 475 3105 533 διὰ
3145 480 3236 534 τὸν
3283 478 3534 549 Ἰωοίννην
3578 481 3808 561 ἐγένετο,

420 557 641 639 Spiritu
670 558 1165 641 crederentquod
1198 569 1444 642 propter
1472 559 1676 623 Jesum
1704 580 1810 623 vox
1841 562 1941 624 illa
1971 561 2069 623 sit.

418 644 597 719 Quasi
626 647 986 723 columbam,
1008 657 1250 729 propter
1278 650 1676 711 innocentiam
1710 658 1767 712 et
1792 669 2072 713 mansue-

419 736 713 811 tudinem,
747 745 807 799 et
842 738 997 819 quod
1033 739 1425 800 mundissima
1452 739 1527 800 sit
1557 739 1856 821 columba,
1884 747 1943 800 et
1972 730 2071 800 ubi

418 824 569 887 fetor
597 831 710 900 est,
740 826 824 886 ibi
855 845 972 886 non
1020 834 1275 900 maneat,
1300 826 1389 887 sic
1422 834 1480 888 et
1509 826 1765 906 Spiritus
1806 836 2067 889 sanctus.

418 913 491 976 Et
520 924 583 975 ut
611 914 687 975 de
716 916 842 977 Noe
872 915 1037 976 aiunt
1057 915 1389 976 columbam
1422 916 1725 977 nunliasse
1755 916 1958 978 diluvii
1982 935 2074 978 so-

420 1003 733 1083 lutionom,
768 1022 999 1064 ramum
1037 1004 1203 1066 olivae
1230 1005 1599 1082 atferentem,
1632 1006 1717 1067 sic
1737 1013 1795 1067 et
1823 1005 1921 1067 hic
1945 1004 2073 1085 Spi-

419 1096 568 1156 ritus
615 1104 852 1157 sanctus
885 1095 1217 1158 manifestat
1257 1105 1631 1176 peccatorum
1685 1095 2064 1159 solutionem.

421 1185 532 1250 Hic
562 1206 765 1251 ramus
789 1190 976 1264 oliva,
1012 1190 1109 1250 hic
1145 1190 1557 1253 misericordia
1604 1190 1734 1252 Dei.
1786 1219 1808 1251 ι
1841 1191 1954 1253 Hic
1985 1198 2077 1252 est

420 1279 605 1341 Filius
641 1299 808 1343 meus
841 1281 1117 1357 dilectus,
1153 1281 1213 1342 in
1245 1301 1358 1362 quo
1390 1281 1537 1343 mihi
1589 1282 1746 1344 bene
1796 1283 2072 1363 placitum

421 1384 535 1435 est.
573 1394 593 1422 ι
628 1372 754 1434 Hoc
776 1382 887 1446 est,
911 1374 973 1434 in
1004 1393 1122 1454 quo
1141 1375 1480 1456 requiesco,
1514 1376 1573 1436 in
1605 1394 1721 1456 quo
1749 1374 1892 1435 mihi
1914 1393 2071 1436 com-

420 1463 650 1553 placeo.

1045 1586 1287 1653 CAPUT
1339 1588 1435 1651 IV.

462 1704 545 1768 De
589 1709 917 1787 tentatione
961 1707 1189 1769 Christi
1232 1709 1299 1768 in
1340 1708 1590 1787 deserto,
1624 1708 1697 1768 de
1727 1709 2032 1769 vocatione

618 1786 813 1863 Petri,
843 1796 897 1849 et
932 1788 1184 1849 Andreas
1216 1794 1270 1847 et
1304 1786 1583 1866 ﬁliorum
1606 1787 1906 1850 Zebedaai.

498 1897 682 1959 VERS.
718 1898 777 1959 1.
809 1922 831 1954 ι
868 1896 1035 1959 Tunc
1078 1896 1253 1960 Jesus
1312 1897 1527 1960 ductus
1562 1906 1653 1959 est
1680 1898 1741 1958 in
1773 1897 2073 1959 desertum

419 2007 454 2050 a
484 1988 730 2069 Spiritu.
772 2012 794 2048 ι)
833 1992 1066 2054 Docens
1091 1990 1387 2070 nos,quod
1419 1998 1548 2071 post
1571 1989 1923 2070 baptismum
1945 2005 2072 2049 ma-

415 2078 504 2155 gis
533 2085 769 2158 oportet.
800 2088 1143 2159 exspectare
1177 2081 1558 2152 tentationes,
1586 2078 1823 2140 ducitur
1872 2098 1905 2140 a
1934 2078 2071 2157 Spi-

336 2232 341 2237 ,
416 2165 534 2228 ritu
566 2175 767 2229 sancto
804 2188 818 2231 :
857 2168 1005 2229 nihil
1027 2169 1186 2230 enim
1221 2168 1351 2229 sine
1379 2169 1600 2248 Spiritu
1634 2168 1796 2230 fecit.
1832 2167 2073 2232 Ducitur

419 2263 617 2317 autem
652 2258 709 2317 in
741 2256 1071 2337 desertum,
1097 2265 1161 2318 ut
1189 2256 1461 2318 ostendat
1483 2256 1652 2318 nobis
1672 2256 1829 2336 quod
1854 2255 2068 2317 diabo-

417 2343 512 2405 lus
542 2352 681 2406 tunc
712 2364 820 2407 nos
864 2353 1047 2407 tentet
1104 2344 1339 2425 quando
1397 2344 1611 2406 viderit
1663 2344 1979 2418 solitarios,
2012 2352 2072 2405 et

418 2450 539 2494 non
568 2432 642 2494 ab
671 2432 804 2494 aliis
832 2433 1086 2513 adjutos.
1121 2434 1369 2515 Oportet
1398 2434 1574 2512 igitur
1602 2452 1708 2494 nos
1738 2452 1857 2494 non
1890 2441 2070 2494 teme-

418 2537 486 2582 re
517 2521 703 2582 ﬁdere
732 2521 1075 2603 nobisipsis.
1117 2548 1143 2579 α
1186 2522 1260 2585 Ut
1316 2531 1644 2584 tentaretur
1673 2542 1706 2583 ει
1736 2521 1992 2583 diabolo.
2039 2545 2062 2579 ι

419 2608 701 2671 Diabolus
731 2610 968 2687 dicitur,
1004 2610 1159 2691 quod
1193 2611 1557 2673 accusaverit
1587 2620 1644 2671 et
1674 2610 2067 2672 calumniatus

423 2697 607 2759 fuerit
654 2697 842 2761 Deum
899 2699 1054 2778 apud
1106 2698 1321 2764 Adam.
1358 2698 1515 2760 Dixit
1557 2699 1714 2759 enim
1763 2697 1872 2773 illi,
1913 2702 2067 2761 Deus

421 2786 585 2848 vobis
643 2787 908 2865 invidet;
958 2795 1017 2848 et
1064 2806 1223 2849 nunc
1276 2787 1547 2847 virtutem
1594 2786 1747 2867 apud
1799 2805 1908 2848 nos
1962 2805 2064 2847 ca-

420 2875 764 2937 lumniatur.

499 2963 681 3027 Vrsas.
717 2966 780 3028 2.
818 2989 840 3019 ι
872 2967 949 3027 Et
1003 2983 1138 3027 cum
1184 2965 1542 3045 jejunasset.
1579 2990 1606 3020 ι
1639 2964 1963 3044 Jejunavit,
2009 2973 2072 3025 ut

419 3054 693 3115 ostendat
713 3054 872 3134 quod
895 3071 1112 3133 magna
1130 3062 1427 3115 armatura
1451 3061 1655 3115 contra
1684 3053 2071 3132 Ltentationes

2158 559 2276 617 ἀλλ’
2320 560 2516 625 ἰδόντες
2572 567 2635 620 τὸ
2694 571 2927 640 Πνεῦμα,
2991 567 3364 649 πιστεῦσωσιν,
3412 569 3495 626 ὅτι
3560 572 3594 640 ἡ
3623 559 3627 560 7
3659 559 3807 649 φωνῆ

2154 649 2287 719 αὕτη
2353 650 2437 707 διὰ
2492 654 2584 711 τὸν
2655 651 2860 721 Ἰησοῦν
2908 657 3073 717 εστιν.
3140 647 3283 712 Ὠσεὶ
3360 647 3681 739 περιστερὰν
3725 658 3801 735 δὲ,

2154 737 2236 795 διὰ
2289 742 2349 796 16
2381 739 2578 799 ἄκακον
2635 746 2721 799 καὶ
2776 749 2943 822 πρᾶον
2977 761 2990 775 ⁸
3026 744 3113 801 καὶ
3143 742 3224 800 ὅτι
3254 737 3623 825 καθαρῶτατόν
3665 747 3803 805 ἐστιν

2154 829 2188 895 ἡ
2247 832 2550 911 περιστερὰ,
2596 833 2678 888 κοί
2734 830 2855 888 ἔνθα
2886 830 3108 888 δυσωδία
3150 831 3321 908 ἐστίν,
3371 836 3430 893 οὒ
3458 837 3748 914 παραμένει
3783 852 3797 866 ⁸

2155 915 2292 973 οὕτω
2349 919 2435 974 καὶ
2491 920 2553 975 τὸ
2594 919 2745 998 ἅγιον
2791 926 3026 996 Πνεῦμα,
3067 920 3234 981 Ἀλλὰ
3279 923 3367 980 καὶ
3398 924 3483 981 ἐπὶ
3524 928 3618 982 τοῦ
3659 931 3798 1001 Νῶε,

2154 1028 2434 1085 περιστερα
2516 1007 2732 1087 ἤγγειλε
2823 1009 2921 1076 τὴν
3008 1009 3154 1067 λύσιν
3238 1012 3329 1069 τοῦ
3405 1014 3796 1095 κατακλυσμοῦ,

2152 1094 2347 1176 κάρφος
2380 1094 2560 1160 ἐλαίας
2610 1097 2836 1177 φέρουσα
2868 1118 2882 1131 ⁶
2920 1097 3059 1155 οὕτω
3100 1101 3187 1156 καὶ
3232 1100 3448 1158 ἐνταῦθα
3490 1106 3551 1159 τὸ
3597 1094 3802 1177 Πνεῦμα

2157 1185 2218 1272 16
2272 1183 2446 1262 ἅγιον,
2494 1184 2652 1252 δηλοῖ
2713 1186 2860 1243 λύσιν
2910 1194 3016 1242 τῶν
3074 1188 3370 1268 ἁμαρτιῶν,
3417 1189 3568 1249 Ἐκεῖ
3610 1192 3801 1272 κάρφος

2156 1270 2356 1347 ἐλαίας,
2405 1273 2625 1330 ὶνταυθα
2652 1273 2706 1330 δὲ
2750 1274 2896 1340 ἔλεος
2944 1282 3095 1335 Θεοῦ.
3149 1300 3176 1331 ι
3213 1280 3376 1344 Οὗτός
3419 1283 3559 1336 ἔστιν
3611 1282 3638 1336 ὁ
3680 1270 3801 1342 Υἱός

2158 1383 2258 1436 μου
2314 1364 2342 1418 6
2386 1362 2687 1444 ἀγαπητὸς,
2720 1366 2776 1419 ἒν
2821 1368 2865 1439 ᾧ
2913 1362 3173 1433 εὐδόκησα
3207 1385 3224 1401 θ
3261 1388 3282 1419 ι
3319 1368 3609 1444 τουτέστιν,
3642 1368 3729 1428 Ἐν
3758 1372 3803 1442 ᾧ

2156 1447 2518 1526 ἀναπαύομαι,
2547 1450 2601 1507 ἐν
2632 1456 2677 1526 ᾧ
2705 1452 3019 1531 ἂρέσκομαι,

2795 1551 3047 1608 ΚΕΦΑΛ.
3097 1557 3133 1602 Α
3150 1537 3181 1605 '.

2154 1638 2276 1716 Περὶ
2332 1648 2625 1722 πειρασμοῦ
2702 1647 2795 1722 τοῦ
2865 1648 3109 1722 Χριστοῦ,
3178 1646 3294 1722 περὶ
3351 1648 3447 1711 τῆς
3525 1653 3616 1703 τοῦ
3688 1646 3796 1703 Πέ-

2234 1738 2375 1798 τρου,
2457 1719 2551 1798 ,καὶ
2609 1718 2869 1798 Ἀνδρέου,
2915 1718 3030 1780 ήκαὶ
3094 1718 3200 1779 τῶν
3248 1718 3394 1780 ὐἱῶν
3463 1732 3554 1781 τοῦ
3636 1724 3796 1782 Ζεϐε-

2096 1770 2132 1819 Β
2234 1770 2377 1855 δεξιῐᾷιί
2418 1770 2684 1868 aias;

2238 1913 2268 1946 α
2316 1894 2445 1950 Τότε
2501 1895 2529 1949 6
2574 1893 2778 1960 Ἰησοῦς
2824 1894 3036 1975 ἀνήχθη
3092 1897 3164 1958 εἷς
3219 1898 3315 1965 τὴν
3359 1897 3556 1977 ἔρημον
3582 1900 3683 1955 ὑπὸ
3711 1906 3801 1956 τοῦ

2156 1981 2485 2055 Πνεύματος.
2521 1999 2554 2041 υ
2595 1981 2863 2040 Διδάσκων
2893 1986 3064 2064 ἡμᾶς,
3095 1984 3175 2041 ὅτι
3220 1987 3355 2060 μετὰ
3398 1989 3456 2043 τὸ
3499 1988 3799 2063 βάπτισμα,

2158 2069 2360 2146 μᾶλλον
2403 2068 2486 2127 δεῖ
2532 2070 2827 2144 προσδοκᾶν
2877 2076 3222 2153 πειρασμοῦς,
3269 2075 3519 2153 ἀνάγεται
3561 2078 3662 2133 ὑπὸ
3710 2084 3803 2133 τοῦ

2156 2157 2459 2234 Πνεῦματος
2516 2167 2606 2218 τοῦ
2656 2162 2804 2240 ἁγίου
2838 2181 2849 2197 ⁶
2912 2162 3059 2219 οὐδὲν
3115 2165 3214 2242 γὰρ
3260 2164 3380 2220 ἄνευ
3422 2171 3515 2222 τοῦ
3568 2166 3801 2240 Πνεύμα-

2151 2267 2241 2311 τος
2315 2246 2599 2326 ἔπραττεν.
2662 2245 2935 2328 Ἀνάγεται
2990 2249 3044 2307 δὲ
3119 2254 3192 2315 εἷς
3256 2253 3354 2321 τὴν
3424 2253 3643 2331 ἔρημον,
3704 2253 3796 2309 ἵνα

2150 2331 2288 2411 δείξῃ
2332 2335 2489 2410 ἡμῖν,
2553 2337 2633 2392 ὅτι
2678 2339 2706 2393 6
2764 2335 3004 2403 διάϐολος
3060 2340 3179 2395 τότε
3209 2341 3439 2419 πειρᾶζει
3468 2344 3634 2415 ἡμᾶς,
3668 2340 3793 2397 ὅταν

2151 2420 2263 2500 εἰδῇ
2300 2424 2732 2505 μεμονωμένους,
2797 2427 2882 2482 καὶ
2938 2428 3017 2504 μὴ
3074 2427 3159 2483 ὑπ’
3200 2427 3448 2499 ἀλλήλων
3493 2429 3794 2505 βοηθουμέ-

2150 2533 2292 2577 νους.
2348 2523 2444 2569 Δεῖ
2500 2515 2588 2570 οὗν
2644 2516 2787 2591 ἡμᾶς
2847 2516 2925 2590 μὴ
2980 2513 3213 2581 ἀϐούλως
3287 2518 3494 2581 ἑαυτοῖς
3554 2516 3787 2596 θαῤῥεῖν.

2155 2618 2181 2656 ι
2231 2605 2581 2678 Πειρασθῆναι
2638 2604 2737 2659 ὑπὸ
2780 2604 2870 2660 τοῦ
2900 2602 3163 2663 διαϐόλου.
3202 2622 3227 2655 ι
3278 2604 3532 2669 Διάϐολος
3579 2603 3789 2685 λέγεται

2149 2689 2221 2752 ὡς
2276 2687 2541 2747 διαϐαλὼν
2613 2692 2704 2747 τὸν
2776 2693 2905 2748 Θεὸν
2961 2694 3092 2770 πρὸς
3157 2695 3247 2748 τὸν
3303 2691 3495 2771 Ἀδάμ.
3531 2699 3667 2751 Εἷπε
3694 2696 3792 2773 γὰρ

2149 2780 2314 2852 αὐτῷ,
2373 2778 2454 2835 ὅτι
2511 2781 2538 2835 6
2601 2781 2729 2842 Θεὸς
2787 2784 2968 2860 φθονεῖ
3024 2784 3178 2857 ἡμῖν.
3275 2786 3372 2842 Καὶ
3431 2790 3519 2841 νῦν
3576 2781 3629 2838 δὲ
3698 2785 3796 2849 τὴν

2153 2864 2347 2945 ἀρετὴν
2390 2864 2658 2928 διαϐάλλει
2705 2872 2833 2945 πρὸς
2864 2872 3029 2945 ἡμᾶς.

2243 2978 2267 3011 a
2318 2957 2416 3013 Καὶ
2475 2958 2789 3023 νηστεύσας.
2842 2980 2867 3014 ι
2929 2956 3292 3036 Ἐνήστευσεν,
3355 2960 3446 3016 ’ἕνα
3504 2958 3663 3038 δείξῃ,
3711 2958 3793 3014 ὅτι

2151 3043 2318 3101 ὅπλυν
2353 3046 2491 3122 μέγα
2545 3048 2580 3114 ἡ
2627 3046 2839 3113 νηστεία
2883 3048 3019 3103 κατὰ
3077 3054 3183 3103 τῶν
3230 3044 3561 3128 πειρασμῶν,
3618 3047 3795 3125 ὥσπερ

419 3142 496 3203 sit
516 3130 1021 3222 ῙθῙυιιὶυιῐιβίου(
1033 3143 1388 3223 principium
1415 3142 1610 3203 omnis
1642 3130 1895 3221 peccati,
1913 3143 2067 3204 deli-

2163 3133 2300 3213 ἂρχὴ
2344 3135 2521 3201 πάσης
2577 3134 2854 3214 ἁμαρτίας,
2908 3139 2944 3207 ἡ
2987 3140 3178 3217 τρυφή,
3245 3161 3273 3193 α
3310 3130 3539 3215 Ἡμέρας
3598 3158 3795 3193 τεσσα-

419 3229 547 3293 cia.
618 3250 641 3286 α
697 3229 836 3291 Dies
893 3230 1313 3310 quadraginta,
1349 3231 1441 3291 20
1469 3238 1527 3291 et
1557 3238 1759 3293 noctes
1811 3230 2067 3309 quadra-

2163 3223 2377 3297 ράκοντα
2422 3223 2507 3279 καὶ
2564 3224 2753 3287 νύκτας
2834 3226 3247 3304 τεσσαράκοντα.
3306 3250 3333 3282 ι)
3381 3227 3655 3297 Τοσαύτας
3693 3248 3795 3293 νη-

418 3318 602 3396 ginta.
644 3340 667 3376 ιι
702 3316 813 3378 Tot
852 3307 1151 3397 jejunavit
1201 3327 1348 3399 quot
1394 3327 1454 3380 et
1499 3323 1688 3380 Moses
1740 3326 1796 3380 et
1830 3307 2063 3381 _Elias:

2163 3312 2319 3366 ττεύει
2376 3312 2504 3374 ὅσας
2548 3314 2635 3367 καὶ
2678 3313 2899 3388 Μωσῆς,
2949 3317 3034 3371 καὶ
3067 3307 3247 3380 Ἠλίας
3282 3332 3295 3345 ·
3342 3317 3387 3399 εί
3429 3316 3531 3393 γὰρ
3560 3314 3793 3394 πλείους,

420 3394 576 3486 quod
606 3405 656 3466 si
686 3394 887 3485 plures
918 3394 1293 3487 'jejunasset,
1328 3408 1450 3468 visa
1507 3408 1712 3469 fuisset
1741 3407 2067 3469 incarnatio

2163 3397 2318 3465 ἔδοξεν
2387 3401 2450 3454 ἂν
2511 3402 2767 3478 φαντασία
2818 3404 2853 3469 ἡ
2912 3403 3197 3482 σάρκωσις,
3252 3424 3281 3463 ι
3330 3394 3591 3482 ’Ὑστερον
3647 3403 3794 3460 ἐπεί-

419 3483 555 3574 ejus
584 3483 788 3556 ﬁctitia
818 3502 874 3555 et
894 3483 1208 3575 app—arens.
1248 3499 1493 3558 (Postea
1524 3497 1790 3557 esuriit.»
1821 3494 2066 3567 Quando

2163 3511 2326 3553 ιασεν,
2360 3511 2381 3542 ι
2447 3483 2589 3549 ’Ὅτε
2635 3494 2977 3572 συνεχώρησε
3150 3495 3321 3576 φύσει,
3381 3496 3500 3552 τότε
3528 3495 3615 3551 καὶ
3643 3495 3795 3551 ἒπεί-

419 3583 692 3664 permisit
722 3590 962 3657 naturae,
1000 3590 1139 3644 tunc
1170 3594 1229 3647 et
1259 3584 1485 3659 esuriit,
1520 3592 1582 3644 ut
1611 3584 1778 3644 daret
1798 3586 2065 3645 occasio-

2163 3600 2332 3659 υασεν,
2359 3579 2451 3637 ἵνα
2494 3579 2638 3656 δώσῃ
2670 3581 2911 3660 ἀφορμὴν
2963 3590 3038 3657 τῷ
3095 3581 3324 3658 διαϐόλῳ
3366 3582 3679 3663 προσελθεῖν
3708 3584 3796 3638 καὶ

420 3671 1904 3751 ηοῐηόίαδοὶοοοοθάοηάὶειοοηειιθίὶίοηάἰεθουῐη
1936 3691 2066 3753 pro-
2150 3668 2524 3744 συμπλακῆναι
2583 3670 2724 3743 αὺτῷ
2780 3668 2864 3725 διὰ
2920 3669 3017 3738 τῆς
3074 3671 3282 3747 πείνης,
3344 3673 3431 3729 καὶ
3478 3671 3613 3729 οὕτω
3668 3672 3795 3749 ῥίψῃ

420 3768 550 3841 pter
578 3760 818 3835 famem,
854 3769 912 3820 et
931 3760 1017 3821 sic
1048 3768 1382 3840 prosternat
1411 3768 1469 3822 et
1491 3760 1733 3840 dejiciat
1755 3779 1916 3834 eum,
1955 3777 2066 3822 no-

2163 3759 2308 3815 ιῦτὸν
2336 3760 2421 3813 καὶ
2452 3756 2751 3832 καταϐάλῃ,
2785 3759 2871 3815 καὶ
2912 3760 3010 3827 τὴν
3042 3760 3189 3827 νίκην
3220 3761 3505 3840 χαρίσηται
3538 3762 3695 3836 ἡμῖν.

418 3847 630 3928 bisque
657 3847 966 3909 victoriam
1003 3849 1306 3927 largiatur.
2460 3903 2462 3905 .

500 3936 860 4001 VERs.3.«Et
884 3956 1017 3999 cum
1052 3939 1397 4000 accessissst
1425 3938 1496 3999 ad
1518 3957 1652 4000 eum
1685 3938 1785 3999 ille
1808 3938 1907 4018 qui
1933 3946 2065 3999 ten-

2238 3958 2265 3989 α
2302 3935 2399 3994 Καὶ
2430 3934 2730 4011 προσελθὼν
2780 3937 2921 4011 αὐτῷ
2969 3940 2996 3993 6
3044 3938 3329 4018 πειράζων,
3375 3939 3551 3994 εἶπεν
3588 3939 3644 3994 Εἰ
3680 3940 3796 4001 Υἱὸς

420 4032 525 4106 tat,
552 4025 735 4086 dixit:
774 4025 836 4088 Si
867 4024 1052 4087 Filius
1078 4026 1187 4088 Dei
1219 4045 1305 4103 es,
1331 4027 1427 4089 dic
1475 4036 1539 4089 ut
1574 4027 1800 4108 lapides
1830 4027 1924 4087 isti
1958 4046 2065 4106 pa-

2163 4026 2204 4080 ῑῖ
2250 4031 2340 4081 τοῦ
2370 4031 2523 4103 Θεοῦ,
2555 4025 2668 4079 εἰπὲ
2696 4025 2789 4080 ἵνα
2821 4028 2867 4082 oi
2897 4025 3027 4082 λίθοι
3058 4029 3200 4083 οὗτοι
3241 4025 3385 4104 ἄρτοι
3429 4027 3710 4105 γένωνται.
3762 4051 3789 4083 ιι

418 4102 527 4178 nes
557 4117 703 4178 ﬁant
748 4118 865 4199 (α).
902 4136 924 4168 υ
976 4119 1226 4180 Audivit
1262 4138 1467 4180 vocem
1527 4102 1831 4181 caelestem
1891 4102 2064 4183 latro.

2163 4104 2395 4171 Ἠκουσε
2452 4102 2549 4179 τῆς
2610 4114 2825 4192 οὐρανοῦ
2898 4120 3077 4193 φωνῆς
3136 4117 3163 4171 6
3209 4102 3453 4191 λῃστής.-
3503 4114 3667 4172 Πάλιν
3712 4117 3794 4171 εἷ-

416 4204 637 4268 Iterum
672 4206 833 4268 videt
857 4226 992 4267 eum
1027 4208 1416 4283 esurientem,
1453 4217 1511 4270 et
1563 4207 1789 4270 dubitat
1846 4208 2062 4283 adhuc,

2163 4199 2230 4258 ἴεν
2290 4202 2445 4259 αὐτὸν
2504 4208 2788 4279 πεινῶντα,
2850 4204 2937 4259 καὶ
2991 4202 3298 4282 ἀμφέϐαλλε
3343 4203 3554 4279 λοιπὸν,
3596 4211 3711 4269 πῶς
3762 4208 3791 4263 6

419 4295 717 4376 quomodo
775 4295 959 4357 Filius
1010 4297 1110 4357 Dei
1175 4296 1422 4374 esuriat,
1484 4306 1542 4358 et
1598 4296 1823 4358 idcirco
1883 4304 2067 4358 tentat

2163 4292 2269 4355 Γίὸς
2325 4301 2415 4349 τοῦ
2474 4296 2602 4347 Θεοῦ
2644 4298 2798 4363 πεινᾷ
2827 4308 2841 4322 °
2875 4290 2959 4348 διὰ
2990 4292 3143 4349 τοῦτο
3174 4295 3345 4350 τοίνυν
3403 4295 3634 4371 πειράζει
3692 4294 3790 4350 αὖ·

417 4401 555 4444 eum
578 4392 641 4445 ut
670 4384 883 4446 discat.
919 4385 1212 4449 Adulatur
1236 4393 1433 4447 autem
1469 4387 1547 4461 ei,
1586 4394 1799 4466 putans
1829 4404 1892 4446 se
1923 4386 2064 4465 quid

2163 4382 2263 4459 τὸν,
2319 4378 2414 4436 ἵνα
2472 4381 2635 4456 μάθῃ.
2696 4378 2978 4437 Κολακεύει
3035 4379 3089 4435 δὲ
3153 4383 3331 4457 αὐτὸν,
3393 4385 3617 4458 νομίζων
3658 4385 3795 4440 ὐπο-

417 4472 838 4534 suﬂ'uraturum
868 4523 881 4549 ,
924 4473 1223 4550 dii-endo,
1274 4498 1303 4530 κ
1359 4473 1428 4538 Si
1481 4475 1661 4537 Filius
1726 4473 1832 4535 Dei
1881 4493 1967 4534 es.
2036 4497 2060 4532 ι)

2163 4467 2367 4549 ιλέψαι,
2402 4468 2455 4524 ἒν
2484 4475 2560 4543 τῷ
2602 4467 2775 4547 λέγειν
2808 4486 2824 4503 ⁸
2867 4490 2891 4525 α
2930 4471 2986 4527 Εἰ
3017 4472 3137 4533 Υἱὸς
3186 4472 3241 4526 εἶ
3270 4477 3361 4527 τοῦ
3392 4478 3543 4532 Θεοῦ.
3582 4494 3609 4526 ιο
3645 4469 3795 4528 Ἀλλ’

414 4560 545 4623 Jam
598 4580 793 4643 rogas,
858 4569 918 4623 et
965 4564 1122 4643 quod
1179 4573 1493 4644 peccatum
1549 4571 1673 4624 erat
1719 4562 1914 4624 facere
1977 4562 2066 4623 la-

2163 4558 2350 4637 ἑρωτᾶς
2388 4574 2401 4588 ⁶
2438 4560 2536 4644 lla!
2579 4560 2629 4613 τί
2671 4558 2962 4634 ἁμάρτημα
2991 4563 3057 4626 ἦν
3094 4561 3154 4615 τὸ
3208 4566 3427 4628 ποιῆσαι
3459 4561 3578 4623 τοὺς
3623 4562 3793 4624 λίθους

418 4649 610 4738 pides,
646 4636 878 4730 panes?
914 4636 1074 4713 Audi
1124 4636 1325 4730 igitur,
1357 4651 1498 4738 quia
1528 4651 1736 4711 audire
1762 4649 2066 4710 diabolum

2163 4636 2387 4726 ἶρτουςς
2453 4636 2654 4702 Ἀκουε
2706 4646 2817 4720 οὗν,
2870 4646 2975 4738 ὅτι..
3006 4649 3067 4703 16
3123 4648 3334 4705 ἀκούειν
3402 4658 3483 4706 τοῦ
3553 4647 3798 4706 διαϐόλου

415 4737 478 4797 in
526 4737 748 4818 aliquo,
803 4748 1111 4819 peccatum
1167 4746 1276 4801 est.
1324 4737 1471 4801 Vide
1519 4747 1714 4800 autem
1755 4747 1815 4799 et
1852 4738 2008 4799 aliud
2051 4758 2066 4802 :

2163 4736 2287 4791 ιιατά
2314 4757 2387 4794 τι.
2421 4735 2714 4814 ἁμάρτημά
2756 4734 2919 4793 ἐστιν.
2943 4734 3158 4819 ,Ἀλλως
3214 4760 3271 4795 τε
3301 4737 3381 4794 ἴδε
3421 4755 3433 4768 ·
3488 4742 3581 4797 οὐκ
3612 4739 3789 4814 εἶπεν,

418 4844 535 4887 non
568 4825 738 4902 dixit,
765 4825 839 4889 Ut
870 4828 1018 4908 lapis
1048 4827 1145 4889 hic
1177 4829 1345 4908 panis
1374 4828 1497 4904 fiat,
1523 4827 1626 4889 sed
1655 4827 1884 4905 lapides
1920 4847 1931 4886 :
1970 4846 2067 4888 vo-

2163 4822 2266 4880 Ἰνα
2309 4827 2337 4881 6
2372 4822 2511 4888 λίθος
2548 4824 2697 4888 οὗτος
2730 4823 2946 4902 γένηται
2976 4822 3153 4905 ἄρτος,
3186 4826 3306 4883 ἀλλ’
3335 4831 3394 4886 Οἱ
3424 4826 3576 4902 λίθοι,
3624 4826 3790 4883 θέλων

415 4913 547 4975 lens
591 4913 888 4977 Christum
938 4916 1011 4976 ad
1059 4916 1357 4995 superﬂua
1414 4914 1714 4994 instigare.
1762 4912 2064 4977 Esurienti

416 5003 576 5064 enim
609 5022 765 5064 unus
812 5002 981 5085 panis
1011 5004 1246 5079 sufﬁcit,
1280 5012 1339 5064 et
1380 5012 1623 5084 propter
1652 5004 1763 5063 hoc
1793 5002 2061 5065 Christus

416 5109 535 5152 non
566 5093 788 5154 audivit
813 5111 975 5156 eum.

494 5181 679 5242 Vens.
702 5180 765 5244 4.
804 5204 833 5237 ι
865 5181 941 5243 At
969 5181 1072 5243 ille
1102 5184 1498 5261 respondens,
1529 5180 1675 5242 dixit
1715 5202 1727 5244 :
1762 5181 2058 5261 Scriptum

413 5276 523 5345 est,
556 5267 685 5329 Non
727 5269 788 5330 in
830 5286 982 5350 pane
1011 5269 1136 5329 solo
1199 5270 1458 5331 victurus
1501 5278 1589 5331 est
1617 5270 1822 5351 homo,
1853 5271 1959 5331 sed
2000 5271 2062 5331 in

413 5358 573 5417 omni
594 5355 776 5418 verbo
807 5356 964 5436 quod
984 5356 1291 5434 egreditur
1311 5376 1417 5438 per
1449 5377 1515 5418 os
1543 5357 1670 5418 Dei.
1705 5382 1732 5414 ι
1773 5357 1855 5419 Ex
1881 5360 2064 5420 veteri

411 5450 769 5507 testamento
788 5451 878 5505 est
899 5444 1305 5506 testimonium
1332 5447 1666 5523 hoc;Mosis
1688 5448 1846 5508 enim
1867 5465 2063 5508 sermo

494 5621 578 5705 (ιι)
613 5619 764 5682 Edit.
799 5618 928 5683 Lut.
962 5618 1165 5682 omisit
1199 5619 1520 5705 Scriptura;
1565 5621 1767 5687 verba.

2148 4913 2293 4990 ῥίψαι
2348 4914 2438 4968 τὸν
2500 4914 2722 4991 Χριστὸν
2791 4914 2861 4975 είς
2933 4915 3310 4990 περιττότητα,
3374 4923 3459 4990 Τῷ
3519 4918 3617 4995 γὰρ
3671 4938 3788 4972 πει-

2145 5007 2299 5058 νῶντι
2360 5006 2442 5064 εἷς
2499 5000 2650 5077 ἄρτος
2712 5003 2867 5080 ἀρκεῖ
2907 5005 3118 5067 πάντως
3154 5019 3168 5033 '
3203 5003 3286 5061 διὰ
3313 5011 3465 5061 τοῦτο
3505 5008 3531 5061 6
3565 5006 3785 5083 Χριστὸς

2145 5091 2243 5148 οὐκ
2268 5091 2491 5158 ἤκουσεν
2521 5093 2698 5153 αὑτοῦ,

2234 5202 2256 5235 ε
2312 5172 2368 5238 (Ο
2421 5178 2475 5235 δὲ
2532 5179 2851 5259 ἀποκριθεὶς,
2918 5181 3042 5237 εἶπε
3091 5196 3105 5211 ⁸
3154 5182 3479 5263 Γέγραπται,
3538 5183 3647 5241 Οὔκ
3701 5183 3789 5239 ἐπ’

2148 5270 2287 5348 ἄρτῳ
2329 5271 2477 5343 μόνῳ
2529 5270 2742 5339 ζήσεται
2797 5267 3095 5349 ἅνθρωπος,
3150 5268 3271 5326 ἀλλ’
3335 5271 3419 5328 ἐπὶ
3477 5276 3632 5329 παντὶ
3684 5272 3791 5348 ῥή-

2149 5380 2275 5433 ματι
2332 5355 2732 5436 ἐκπορευομένῳ
2775 5355 2859 5413 διὰ
2917 5359 3183 5433 στόματος
3245 5366 3397 5419 Θεοῦ.
3438 5382 3465 5414 ι
3505 5360 3639 5417 Ἀπὸ
3695 5366 3794 5427 τῆς

2150 5445 2385 5511 Παλαιᾶς
2429 5446 2570 5502 ἐστιν
2612 5448 2646 5513 ἦ
2707 5448 2962 5527 μαρτυρία
2992 5467 3004 5481 ⁸
3063 5447 3295 5511 Μωσέως
3349 5451 3447 5528 γὰρ
3505 5451 3533 5505 6
3604 5449 3788 5528 λόγος,
