4132 6262
306 349 423 413 181
982 353 1427 417 ENARRATIO
1469 352 1554 418 ΙΝ
1598 349 2109 417 EVANGELIUM
2155 350 2554 415 MATTH/EI.
2605 386 2664 397 -—
2723 352 2886 417 CAP.
2934 349 3042 419 IV.
3579 350 3693 415 182

296 485 405 542 Καὶ
460 485 560 562 γὰρ
593 487 683 541 καὶ
732 489 779 542 οἱ
841 484 1105 565 Ἐϐρατοι,
1152 490 1229 560 τῷ
1286 487 1456 562 μάννα
1514 486 1839 567 ἐτράφησαν,
1876 489 1963 543 οὐκ

2059 494 2160 549 est.
2186 485 2329 548 Nam
2364 494 2421 548 et
2459 484 2695 547 Hebraei
2727 485 2903 547 cibati
2933 491 3069 549 sunt
3098 498 3336 560 manna,
3377 485 3535 566 quod
3567 507 3689 552 non

294 571 637 656 591§s_6vu,
698 572 841 632 ἀλλᾶ
899 572 985 630 διὰ
1043 575 1280 652 ῥήματος
1343 576 1496 652 Θεοῦ,
1560 582 1734 631 πᾶσαν
1778 577 1963 655 χρείαν

2059 584 2171 635 erat
2199 576 2389 656 panis,
2424 575 2528 637 sed
2563 593 2669 655 per
2697 575 2938 637 verbum
2988 576 3095 637 Dei
3126 575 3413 654 implebat
3444 595 3681 640 omnem

294 667 409 716 τῶν
468 651 720 738 Ἐϐραίων
776 651 1089 742 πληροῦντι,
1160 665 1249 720 καὶ
1320 665 1490 723 πάντα
1545 651 1831 742 γινομένῴῄ
1863 663 1962 720 ὅσα

2059 651 2849 743 Ηθῢτξεοτιιὶηίηάἷὲεηῐίδῐη,
2888 677 2947 725 et
2984 665 3163 726 ﬁebat
3182 651 3379 724 omnia
3396 684 3683 744 quaecun-

307 748 375 804 ἂν
432 763 627 829 φαγεῖν
686 774 765 814 τις
800 751 1068 826 ἐπεθύμει,
1118 751 1244 808 Εἴτε
1288 751 1387 831 γάρ
1432 752 1635 832 ἰχθύος,
1673 752 1787 807 ε’ἔτε
1830 753 1955 828 ὠοῦ,

2059 768 2157 829 rue
2181 753 2496 814 comedere
2517 753 2827 832 quisquam
2878 753 3158 832 cupiebat
3187 774 3201 833 ;
3238 772 3370 812 nam
3402 755 3523 813 sive
3556 754 3683 832 pis-

300 835 418 892 εἴτε
468 846 616 917 τυροῦ
678 840 947 915 ἱπεθύμει,
1044 841 1071 895 6
1130 838 1411 921 Ἰουδαῖος,
1480 842 1731 906 τοιαύτην
1781 848 1957 917 γεῦσιν

2059 857 2194 913 :em,
2246 841 2368 901 sive
2399 859 2597 915 ovum,
2630 842 2753 902 sive
2808 860 3047 901 caseum
3080 841 3542 920 concupiscebat
3568 841 3681 905 Ju-

302 940 571 1007 παρεϊχεν
602 932 745 1002 αύτῷ
785 930 847 984 τὸ
892 931 1083 1003 μάννα.

2059 926 2224 1002 laaus,
2258 928 2417 989 illius
2447 938 2684 1006 gustum
2720 948 2935 990 manna
2961 930 3015 990 ei
3050 928 3374 1008 praebebat.

393 1038 419 1069 ι
455 1016 587 1073 Τότε
638 1016 1040 1096 παραλαμϐάνει
1108 1017 1262 1076 αὐτὸν
1319 1020 1347 1073 6
1430 1014 1672 1083 διάϐολος
1730 1021 1802 1082 εἷς
1859 1021 1956 1086 τὴν

2120 1014 2305 1081 VERS.
2331 1016 2389 1077 5.
2421 1016 2619 1078 «Tunc
2632 1017 2876 1078 assumit
2894 1036 3026 1079 eum
3043 1013 3316 1078 diabolus
3338 1017 3398 1077 in
3418 1026 3681 1080 sanctam

304 1104 459 1181 ἁγίαν
501 1102 678 1178 πόλιν,
727 1106 814 1160 καὶ
846 1104 1058 1171 ἵστησιν
1110 1106 1265 1161 αὐτὸν
1296 1104 1380 1161 ἐπὶ
1422 1106 1482 1160 τὸ
1531 1107 1808 1184 πτερύγιον
1862 1114 1955 1163 τοῦ

2059 1103 2421 1181 :ivitatem,et
2440 1106 2642 1166 statuit
2658 1125 2791 1167 eum
2812 1124 2988 1184 supra
3002 1105 3384 1185 pinnaculum
3408 1106 3675 1185 templi.»

299 1194 465 1270 ἱεροῦ.
505 1216 534 1249 n
570 1193 740 1264 Μέρος
771 1217 821 1250 τι
872 1201 963 1249 τοῦ
1002 1195 1163 1272 ἱεροῦ,
1205 1195 1300 1251 οἶα
1347 1195 1413 1250 τὰ
1458 1193 1584 1272 παρ’
1627 1197 1762 1269 ἡμῖν
1792 1194 1953 1272 λεγό-

2059 1193 2179 1251 )ειιέ
2198 1193 2463 1272 quaedam
2485 1194 2685 1274 templi
2726 1204 2874 1269 erat,
2910 1193 3063 1255 sicut
3093 1213 3227 1273 quze
3255 1194 3410 1273 apud
3445 1212 3552 1255 nos
3583 1196 3678 1257 di-

300 1302 436 1354 μενα
458 1280 662 1359 δίρῥυτα
687 1298 701 1313 ⁸
732 1282 911 1359 ὥσπερ
939 1284 1038 1360 γὰρ
1080 1284 1333 1360 πτέρυγες
1365 1281 1632 1344 δοκοῦσιν,

2059 1288 2249 1341 :untur
2272 1282 2475 1361 δίρῤυτα
2509 1303 2522 1342 :
2557 1282 2832 1343 videntur
2854 1283 3014 1343 enim
3043 1283 3195 1342 sicut
3224 1282 3328 1342 alae
3359 1300 3513 1342 esse.

396 1392 424 1423 ι
465 1370 562 1427 Καὶ
618 1369 763 1447 λέγει
818 1372 959 1440 αύτῷ
994 1386 1007 1400 ⁸
1062 1373 1120 1427 Εἰ
1172 1372 1290 1434 Υἱὸς
1348 1371 1401 1426 εἶ
1460 1380 1553 1429 τοῦ
1609 1378 1761 1443 Θεοῦ,
1792 1371 1954 1447 βάλλε

2118 1370 2299 1432 VERS.
2334 1372 2390 1431 6·
2425 1395 2451 1425 ι
2486 1370 2557 1431 Ει
2585 1371 2727 1431 dicit
2750 1372 2896 1445 ei,Si
2925 1371 3105 1432 Filius
3130 1370 3231 1430 Dei
3266 1389 3328 1430 es
3353 1377 3436 1444 tu,
3466 1373 3676 1435 mittito

299 1459 525 1514 σεαυτὸν
579 1459 748 1516 κάτω.
826 1458 1121 1537 Γέγραπται
1200 1460 1324 1536 γὰρ,
1384 1457 1465 1514 ὅτι
1512 1473 1632 1521 τοῖς
1704 1459 1954 1538 ἀγγέλοις

2063 1455 2707 1538 edeorsum,Scriptum
2725 1466 2815 1519 est
2836 1458 3272 1537 enim,Angelis
3295 1459 3417 1519 suis
3440 1462 3675 1522 manda-

300 1548 469 1604 αὖτοῦ
522 1545 813 1607 ἐντελεῖται
874 1549 992 1624 περὶ
1061 1554 1177 1627 σοῦ,
1234 1548 1320 1603 καὶ
1373 1550 1459 1604 επὶ
1520 1554 1716 1627 χειρῶν
1778 1550 1955 1627 ἀροῦσί

2059 1544 2124 1604 ἠι
2146 1545 2220 1605 de
2250 1554 2327 1618 te,
2363 1555 2419 1607 et
2449 1546 2509 1607 in
2541 1547 2812 1607 manibus
2844 1547 3159 1626 portabunt
3184 1555 3344 1622 te,ne
3374 1548 3531 1608 forte
3557 1550 3676 1609 im-

300 1658 389 1714 σε,
444 1636 656 1709 μήποτε
727 1637 1040 1715 προσκόψῃς
1083 1637 1213 1715 πρὸς
1258 1635 1398 1692 λίθον
1456 1638 1546 1693 τὸν
1576 1635 1710 1693 πόδα
1771 1660 1885 1699 σου,
1922 1660 1948 1691 ››

2059 1632 2244 1711 ιὶηεεε
2274 1634 2331 1693 in
2366 1634 2624 1713 lapidem
2660 1635 2870 1714 pedem
2896 1643 3083 1695 tuum.
3109 1658 3131 1691 »
3172 1634 3231 1695 Si
3262 1635 3445 1695 Filius
3476 1635 3580 1696 Dei
3612 1656 3675 1698 es

303 1726 363 1779 Εἰ
394 1725 518 1787 Υἱὸς
549 1729 605 1781 εἴ
661 1728 751 1782 τοῦ
812 1733 963 1800 Θεοῦ,
999 1727 1283 1805 μονονουχὶ
1325 1732 1477 1783 τοῦτο
1506 1724 1648 1803 λέγει
1676 1743 1693 1759 θ
1729 1723 1869 1804 Ἐγὼ
1896 1728 1956 1781 ού

2063 1739 2123 1791 u,
2158 1722 2328 1801 quasi
2355 1724 2468 1783 hoc
2510 1722 2664 1784 dicat
2701 1745 2713 1780 :
2766 1722 2885 1798 Ego
2934 1741 3049 1781 non
3081 1723 3259 1783 credo
3291 1723 3418 1783 voci
3442 1725 3676 1785 caelitus

300 1813 540 1871 πιστεύω
610 1819 677 1890 τῇ
733 1813 785 1880 ἐξ
845 1816 1074 1892 οὐρανῶν
1130 1820 1281 1893 φωνῇ
1314 1834 1329 1850 ο
1391 1813 1536 1888 ὅμως
1586 1814 1669 1893 σὺ,
1731 1816 1775 1869 εἰ
1837 1814 1952 1879 Υἱὸς

2059 1810 2230 1871 nissa:
2263 1831 2277 1868 :
2311 1818 2569 1871 attamen
2594 1810 2735 1889 tu,si
2764 1809 2950 1871 Filius
2972 1810 3081 1871 Dei
3112 1828 3199 1884 es,
3231 1811 3476 1872 ostende
3498 1812 3671 1873 mihi.

298 1903 357 1958 εἶ
416 1906 512 1959 τοῦ
566 1911 721 1985 Θεοῦ,
767 1902 937 1970 δεῖξόν
994 1927 1110 1979 μοι.
1145 1906 1325 1962 Καίτοι
1357 1925 1440 1982 γε,
1474 1905 1519 1960 ὦ
1550 1905 1727 1984 μιαρὲ,
1757 1906 1799 1960 εἰ
1833 1906 1949 1969 Υἱὸς

2059 1896 2311 1968 luamvis
2340 1898 2523 1961 Filius
2553 1898 2660 1960 Dei
2685 1907 3003 1977 erat,num,
3026 1917 3059 1959 ο
3092 1897 3426 1979 maledicte,
3454 1902 3670 1979 praci-

294 1993 365 2057 ἧν
418 1998 512 2047 τοῦ
557 2000 710 2066 Θεοῦ,
770 1995 1189 2069 κατεκρήμνισεν
1256 1991 1317 2047 ἂν
1389 1993 1619 2067 ἑαυτὸν;
1680 1992 1788 2062 Τῆς
1849 1999 1946 2060 σῆς

2059 1985 2220 2047 »ἱιειτο
2249 1986 2503 2049 debebat
2533 1986 2826 2067 seipsum?
2851 1985 2992 2047 Tuae
3011 1986 3376 2048 credulitatis
3406 1996 3676 2068 est,praa-

294 2080 580 2153 ὠμότητος
632 2081 783 2138 τοῦτό
836 2080 970 2156 ἐστι,
1020 2084 1081 2138 τὸ
1132 2088 1571 2160 κατακρημνίζειν
1602 2082 1724 2145 τοὺς
1754 2079 1945 2155 δαιμο-

2059 2075 2277 2153 ιίρίιετθ
2308 2076 2598 2137 daemonio
2630 2084 2816 2149 actos,
2865 2076 2972 2137 Dei
3021 2083 3215 2135 autem
3265 2074 3511 2137 salvare.
3545 2077 3673 2138 Non

294 2176 498 2233 νῶντας
532 2185 546 2199 ⁹
625 2178 757 2227 Θεοῦ
813 2168 890 2244 δὲ,
937 2172 999 2227 τὸ
1056 2170 1263 2241 σώζειν.
1320 2168 1391 2227 Οὒ
1442 2170 1739 2248 γέγραπται
1778 2168 1833 2226 δὲ
1864 2171 1948 2244 τὸ,

2059 2173 2227 2225 ιιιιθω
2262 2166 2546 2244 scriptum
2610 2174 2698 2225 est
2743 2163 2923 2239 istud,
2958 2162 3024 2223 In
3052 2161 3325 2222 manibus
3357 2165 3673 2242 portabunt

300 2281 329 2312 ι
369 2257 487 2315 Ἐπὶ
544 2266 746 2338 χειρῶν
788 2259 967 2337 άροῦσί
1025 2280 1109 2338 σε,
1171 2282 1193 2315 ι
1228 2259 1347 2336 περὶ
1376 2266 1467 2314 τοῦ
1514 2266 1761 2337 Χριστοῦ,
1816 2256 1951 2313 ἀλλὰ

2059 2270 2114 2326 e,
2150 2262 2387 2333 propter
2418 2252 2739 2326 Christum,
2775 2251 2878 2312 sed
2914 2258 3155 2330 propter
3185 2254 3557 2333 sanctos,qui
3586 2254 3674 2313 in-

296 2348 417 2423 περὶ
475 2348 580 2403 τῶν
631 2349 817 2422 ἁγίων,
865 2354 970 2405 τῶν
1018 2346 1279 2423 δεομένων
1336 2346 1578 2422 βοηθείας
1633 2345 1945 2425 ἂγγελικῆς.

2059 2339 2233 2415 ligent
2288 2341 2555 2421 angelico
2618 2339 2916 2420 praesidio.
2969 2338 3241 2401 Christus
3296 2351 3521 2417 autem,
3573 2344 3672 2423 qui

301 2426 362 2491 Ὀ
393 2433 460 2514 δὲ,
490 2438 708 2514 Χριστὸς
737 2440 795 2495 o6
818 2434 1013 2511 δεῖται,
1049 2438 1177 2499 Θεὸς
1207 2434 1301 2493 ὤν.

2059 2428 2193 2491 )eus
2222 2439 2333 2506 est,
2368 2448 2487 2491 non
2518 2447 2666 2509 opus
2696 2429 2798 2489 illo
2824 2427 3025 2491 habet.

391 2545 420 2577 σ
450 2512 608 2590 ’Ἔπη
666 2527 806 2598 αὖτῷ
858 2528 886 2582 6
940 2521 1140 2591 Ἰησοῦς
1176 2545 1190 2560 ⁸
1248 2521 1411 2579 Πάλιν
1470 2524 1758 2603 γέγραπται
1789 2541 1803 2557 ⁸
1844 2528 1951 2583 Οῶι

302 2613 633 2691 ἐκπειράσεις
683 2614 868 2691 Κύριον
923 2614 1013 2669 τὸν
1075 2613 1204 2669 Θεόν
1263 2635 1379 2673 σου.
1426 2630 1456 2671 ι
1495 2604 1734 2691 Ἠμέρως
1792 2613 1950 2671 αὒτὸν

300 2702 653 2781 ἀποκρούεται
728 2705 756 2758 6
840 2704 1087 2781 Χριστὸς,
1170 2700 1427 2757 διδάσκων
1500 2703 1643 2777 ἡμᾶς
1698 2699 1782 2759 διὰ
1850 2709 1948 2771 τῆς

301 2791 607 2866 πραότητος
639 2797 784 2863 νικᾷν
814 2791 936 2855 τοὺς
966 2787 1239 2865 δαίμονας.

387 2992 408 3025 ε
450 2968 616 3027 Πάλιν
672 2967 1031 3047 προλαμϐάνει
1100 2970 1254 3027 αὺτὸν
1320 2970 1347 3023 6
1394 2965 1638 3034 διάϐολος
1696 2970 1768 3033 είς
1828 2968 1946 3047 ὅρος

2111 2516 2297 2581 Ῡεῐιε.
2328 2519 2390 2582 7.
2446 2549 2468 2579 α
2501 2518 2661 2581 Dixit
2709 2517 2797 2579 illi
2850 2517 3020 2577 Jesus
3056 2518 3354 2578 :Bursum
3385 2519 3671 2598 scriptum

2032 2614 2140 2679 est,
2175 2626 2294 2668 non
2325 2607 2583 2667 tentabis
2625 2605 2945 2667 Dominum
2996 2605 3185 2667 Deum
3218 2612 3409 2667 tuum.
3443 2631 3470 2661 »
3504 2612 3668 2669 Man-

2031 2704 2198 2756 suete
2219 2696 2456 2775 repellit
2486 2714 2620 2756 eum
2653 2695 2948 2768 Christus,
2998 2695 3223 2757 docens
3276 2704 3334 2757 et
3363 2714 3472 2757 nos
3503 2716 3674 2759 man-

2029 2783 2675 2864 suetudinezdazmones
2702 2787 2963 2845 vincere.

2111 2965 2292 3025 Vens.
2318 2964 2375 3037 8,
2412 2966 2467 3029 9.
2506 2985 2535 3025 ‹
2582 2963 2800 3025 Iterum
2842 2963 3089 3024 assumit
3121 2979 3257 3023 eum
3301 2962 3574 3024 diabolus
3606 2965 3667 3025 in

302 3058 514 3135 ὑψηλὸν
560 3057 701 3131 λίαν,
758 3060 846 3115 καὶ
899 3057 1153 3116 δείκνυσιν
1209 3059 1350 3130 αὒτῷ
1405 3056 1578 3120 πάσας
1637 3058 1731 3121 τὰς
1785 3058 1944 3134 βασι-

2059 3058 2292 3115 nontem
2325 3053 2621 3115 excelsum
2654 3050 2911 3124 valde,et
2941 3058 3225 3111 monstrat
3254 3051 3311 3111 ei
3344 3053 3542 3112 omnia
3571 3069 3672 3115 re-

306 3148 458 3211 λείας
510 3157 602 3207 τοῦ
655 3149 880 3223 κόσμου,
921 3149 1010 3204 καὶ
1062 3147 1160 3215 τὴν
1215 3145 1365 3212 δόξαν
1420 3147 1617 3226 αὐτῶν,
1675 3150 1761 3203 καὶ
1806 3146 1948 3227 λέγει

304 3240 452 3310 αύτῷ
484 3253 503 3272 ⁹
563 3243 738 3294 Ταῦτα
796 3238 966 3293 πάντα
1024 3258 1105 3291 σοι
1157 3233 1333 3311 δώσω,
1390 3234 1478 3292 ἐὰν
1509 3236 1685 3292 πεσὼν
1714 3257 1950 3314 προσκυ-

305 3328 479 3401 νήσῃς
523 3347 639 3399 μοι.
689 3348 716 3379 »
765 3325 912 3389 Τινὲς
971 3325 1067 3399 μὲν
1126 3324 1420 3397 νομίζουσιν
1472 3320 1589 3399 ὅρος
1629 3323 1858 3399 ὑψηλὸν,
1892 3325 1953 3381 τὸ

306 3415 403 3481 τῆς
462 3412 890 3493 φιλοχρηματίας
947 3414 1135 3487 πάθος,
1206 3415 1277 3477 εἷς
1335 3413 1362 3466 ὃ
1420 3410 1696 3483 σπουδάζει
1747 3413 1954 3491 ἀναγα-

308 3516 429 3581 γεῖν
471 3503 561 3558 τὸν
613 3501 819 3568 Ἰησοῦν
851 3504 878 3557 6
909 3501 1096 3581 ἐχθρός
1124 3519 1141 3536 ⁶
1174 3499 1295 3556 ἀλλ’
1326 3503 1384 3556 o6
1425 3498 1603 3564 καλῶς
1637 3502 1954 3576 νομίζουσιν,

312 3594 584 3657 Αίσθητῶς
634 3592 733 3669 γὰρ
784 3591 950 3669 ἐφάνη
1035 3590 1178 3664 αύτῷ
1234 3593 1261 3646 6
1319 3586 1565 3651 διάϐολος
1603 3608 1616 3623 ’
1666 3589 1954 3669 λογισμοὺς

312 3679 409 3756 γὰρ
470 3679 498 3733 6
554 3678 736 3755 Κύριος
791 3681 888 3735 αύκ
946 3675 1178 3749 ἒδὲξατο,
1258 3678 1336 3752 μὴ
1390 3677 1620 3754 γένοιτο.
1684 3680 1955 3745 Αἰσθητῶς

314 3766 396 3821 οὖν
444 3768 586 3839 αύτῷ
655 3764 841 3830 ἔδειξεν
898 3766 951 3820 ἐν
1016 3770 1092 3838 τῷ
1133 3763 1239 3843 ὄρει
1284 3765 1458 3829 πάσας
1508 3766 1603 3829 τὰς
1662 3766 1958 3842 βασιλείας,

314 3856 446 3910 κατὰ
524 3854 810 3934 φαντασίαν
894 3856 1196 3923 ὑποστήσας
1276 3855 1417 3928 αὖτῷ
1502 3856 1603 3933 πρὸ
1680 3855 1963 3936 ὀφθαλμῶν

319 3944 528 4015 ταύτας,
589 3946 700 4017 καὶ,
743 3966 769 3997 α
804 3950 975 4001 Ταῦτα
1030 3943 1202 3999 πάντα
1258 3964 1339 3997 σοι
1372 3940 1546 4002 δώσω.
1584 3962 1613 4002 ιι
1651 3946 1832 4023 φησίν.
1871 3936 1961 4010 Ὠς

319 4032 414 4111 γὰρ
471 4029 609 4089 ἴδιον
638 4030 761 4088 ὄντα
814 4033 904 4088 τὸν
960 4031 1159 4107 κόσμον
1215 4030 1498 4109 λογοζεται,
1556 4032 1657 4087 ὑπὸ
1686 4035 1963 4113 ὗπερηφα-

318 4122 425 4185 νίας
460 4140 476 4156 ο
532 4128 688 4177 τοῦτο
751 4118 806 4177 δὲ
861 4121 949 4177 καὶ
990 4127 1078 4176 νῦν
1106 4119 1249 4197 λέγει
1278 4130 1396 4183 τοῖς
1426 4118 1798 4199 πλεονέκταις,
1832 4124 1968 4180 ὥστε

315 4212 362 4265 οἱ
422 4208 831 4287 προσκυνοῦντες
861 4207 1025 4282 αύτῷ,
1059 4208 1255 4265 ἐκεῖνοι
1286 4210 1451 4289 ταῦτα
1482 4207 1720 4289 ἔχουσιν.

406 4320 430 4352 ι
469 4286 597 4356 Τότε
654 4297 798 4375 λέγει
855 4300 997 4372 αύτῷ
1024 4300 1052 4353 6
1098 4295 1303 4363 Ἰησοῦς
1337 4312 1349 4325 '
1390 4286 1607 4373 ιἰ’πειγε
1638 4299 1807 4355 ὀπίσω
1842 4323 1965 4374 μου,

2031 3157 2167 3220 gna,
2200 3142 2407 3202 mundi
2455 3153 2512 3203 et
2553 3140 2800 3219 gloriam
2832 3140 3096 3219 illorum,
3144 3149 3201 3199 et
3244 3138 3390 3199 dicit
3420 3140 3498 3213 ei,
3536 3139 3673 3201 Haec

2033 3228 2233 3290 omnia
2254 3231 2357 3291 tibi
2389 3230 2634 3311 dabo,si
2667 3228 2994 3309 procideris
3027 3236 3085 3288 et
3114 3226 3454 3289 adoraveris
3486 3246 3604 3291 me.
3641 3253 3669 3285 »

2033 3314 2282 3387 Quidam
2301 3328 2507 3398 putant
2522 3327 2783 3381 montem
2799 3318 3096 3378 excelsum
3112 3316 3677 3380 valde,aﬂ‘ectionem

2039 3412 2099 3465 et
2122 3408 2380 3469 studium
2401 3408 2461 3469 in
2484 3407 2858 3488 possidendis
2876 3405 3191 3479 divitiis,in
3223 3422 3400 3485 quem
3432 3412 3681 3465 conatur

2041 3493 2319 3559 inimicus
2339 3494 2913 3571 Jesumducere;sed
2938 3513 3056 3554 non
3075 3502 3239 3554 recte
3261 3494 3683 3572 opinantur.ln

2040 3587 2307 3648 sensibili
2332 3588 2488 3649 enim
2514 3586 2704 3646 forma
2725 3584 2998 3665 apparuit
3026 3585 3078 3644 ei
3114 3581 3407 3644 diabolus.
3441 3583 3523 3641 2!
3565 3583 3684 3644 Co-

2041 3677 2357 3756 gitationes
2388 3676 2548 3736 enim
2583 3676 2728 3736 tales
2758 3692 2876 3733 non
2928 3671 3130 3732 habuit
3160 3674 3471 3745 Dominus,
3506 3670 3684 3733 absit.

2046 3764 2422 3827 Sensibiliter
2439 3763 2614 3841 igitur
2627 3761 2682 3822 ei
2705 3762 3047 3821 monstravit
3072 3760 3133 3819 in
3156 3764 3358 3819 monte
3379 3760 3578 3819 omnia
3598 3778 3691 3821 re-

2047 3861 2326 3933 gna,ante
2358 3852 2561 3914 oculos
2590 3869 2657 3911 ea
2681 3867 2972 3929 apparere
2989 3848 3467 3927 faciens,et,Haec
3490 3848 3691 3908 omnia

2048 3942 2155 4003 tibi
2176 3939 2572 4022 dabo,inquit.
2597 3940 2872 4025 mundum
2892 3936 3058 4017 quasi
3080 3954 3221 3997 suus
3240 3937 3514 4025 proprius
3536 3944 3696 3997 esset

2052 4030 2348 4111 proponit,
2384 4048 2503 4110 prae
2534 4023 2836 4109 superbia.
2872 4029 2993 4087 Hoc
3034 4033 3090 4086 et
3116 4043 3273 4086 nunc
3304 4023 3449 4085 dicit
3476 4025 3688 4100 avaris,

2052 4129 2115 4182 ut
2136 4120 2449 4180 adorantes
2480 4136 2613 4179 eum
2646 4116 2845 4180 omnia
2872 4115 2998 4177 haec
3029 4113 3310 4176 habeant.

2134 4294 2313 4357 Vens.
2352 4294 2450 4357 10.
2486 4318 2511 4348 ι
2537 4293 2703 4354 Tunc
2753 4291 2897 4353 dicit
2940 4291 2994 4352 ei
3019 4293 3207 4366 Jesus,
3244 4290 3409 4351 Vade
3436 4300 3571 4369 post
3601 4309 3696 4350 me

316 4393 533 4445 Σατανᾶ
558 4404 572 4417 '
606 4387 895 4465 γέγραπται
927 4387 1027 4463 γὰρ
1054 4405 1069 4421 ο
1108 4385 1290 4461 Κύριον
1318 4385 1409 4439 τὸν
1463 4383 1590 4440 Θεόν
1652 4408 1743 4441 σου
1798 4410 1963 4465 προσ-

2059 4384 2265 4447 Satana
2295 4382 2590 4462 Scriptum
2622 4391 2711 4441 est
2740 4379 2921 4452 enim,
2960 4379 3289 4439 Dominum
3310 4382 3498 4438 Deum
3532 4386 3695 4437 tuum

311 4478 585 4555 κ’)νήσεις,
648 4477 737 4532 καὶ
810 4478 951 4549 αύτῷ
1024 4474 1170 4549 μόνῳ
1255 4472 1578 4549 λατρεύσεις,
1643 4496 1668 4533 ι
1729 4475 1967 4554 ὀργέζερ

310 4588 401 4621 ται
456 4568 483 4621 6
546 4566 727 4644 Κύριος
783 4567 946 4637 αὐτῷ,
980 4562 1066 4619 ὅτε
1118 4560 1230 4619 εἶδε
1264 4561 1423 4618 αὐτὸν
1465 4563 1530 4616 τα
1559 4564 1650 4619 τοῦ
1679 4571 1809 4624 Θεοῦ
1837 4588 1969 4646 σφε-

313 4654 673 4730 τεριζόμενον,
709 4654 796 4709 καὶ
825 4651 1047 4729 λέγοντα
1086 4670 1101 4683 ⁶
1152 4673 1180 4704 α
1212 4651 1387 4707 Ταῦτα
1416 4650 1587 4705 πάντα
1614 4675 1695 4709 σοι
1728 4651 1906 4729 δώσω,
1943 4678 1965 4711 ι

315 4745 391 4807 ὡς
448 4740 581 4801 ἴδια.
632 4742 773 4799 Μάθε
816 4739 867 4796 δὲ
911 4745 1025 4802 πῶς
1085 4736 1378 4794 ὠπελοῦσιν
1436 4741 1488 4793 αἱ
1542 4744 1764 4820 Γραφαίο
1816 4745 1843 4799 6
1874 4744 1972 4823 γὰρ

326 4832 511 4909 Κύριος
543 4830 635 4887 ἀπ’
675 4830 844 4887 αὐτῶν
886 4827 1203 4903 ἓπεστόμισε
1232 4828 1324 4882 τὸν
1354 4826 1568 4906 ἐχθρόν.

419 4941 444 4976 ε
480 4920 611 4978 Τότε
668 4920 881 4999 ἀφίησιν
939 4919 1094 4975 αὐτὸν
1144 4918 1179 4983 ἡ
1224 4912 1487 4978 διάϐολος.
1538 4919 1622 4975 καὶ
1652 4916 1758 4976 ἱδοὺ
1808 4920 1974 5001 ἅγγε-

329 5012 411 5069 λοι
472 5011 792 5091 προσῆλθον,
854 5012 939 5066 καὶ
999 5008 1273 5075 διηκόνουν
1332 5005 1493 5081 αότῴ,
1545 5032 1572 5063 »
1648 5013 1778 5079 Τοὺς
1831 5029 1976 5092 τρεῖς

328 5101 652 5175 πειρασμοὺς
708 5099 946 5166 ἐνίκησεν
1003 5099 1031 5153 ὀ
1093 5095 1299 5174 Κύριος,
1357 5096 1447 5151 τὸν
1498 5097 1596 5163 τῆς
1646 5122 1975 5182 γαστριμαρ-

325 5192 471 5268 γίασ,
517 5192 608 5247 τὸν
651 5194 749 5255 τῆς
807 5184 1126 5254 κενοδοξίας,
1161 5186 1245 5240 γαὶ
1276 5184 1366 5241 τὸν
1396 5188 1493 5252 τῆς
1523 5184 1974 5268 φιλοχρηματίας,

325 5279 496 5356 ἤγουν
562 5276 960 5359 φιλοπλουτίας.
1042 5276 1195 5332 Οὗτοι
1256 5273 1354 5350 γὰρ
1424 5274 1552 5328 εἰσιν
1606 5279 1653 5332 οἱ
1724 5278 1978 5360 ἄρχοντες

320 5375 429 5424 τῶν
486 5372 665 5424 παθῶν
714 5384 726 5397 ⁸
790 5364 1003 5427 τούτους
1062 5363 1149 5420 οὖν
1196 5362 1442 5432 νικήσας,
1503 5365 1588 5419 καὶ
1621 5367 1741 5432 τοὺς
1791 5368 1978 5436 ἄλλους

317 5457 505 5530 πολλῷ
535 5455 765 5535 μᾶλλον,
797 5444 963 5512 ¹Ὀθεν
1021 5456 1049 5509 6
1110 5457 1316 5512 Λουκᾶς
1350 5451 1507 5529 φησὶν
1540 5452 1620 5509 ὅτι
1654 5457 1825 5515 πάντα
1852 5481 1975 5515 πει..

321 5549 527 5625 ρασμὸν
582 5543 814 5623 ἐτέλεσε,
876 5544 970 5605 τὰς
1026 5538 1259 5620 κεφαλὰς
1309 5545 1443 5594 τῶν
1493 5553 1799 5621 πειρασμῶν
1882 5572 1975 5607 τε-

326 5624 509 5699 λὲσας.
561 5624 743 5708 ΗΟθερ⁵
812 5628 941 5690 καὶέί
981 5629 1199 5709 ἄγγελοι
1264 5625 1589 5687 διακονοῦσιν
1662 5636 1823 5711 αὐτῷ,
1884 5640 1975 5697 ἵνα

2053 4472 2344 4547 adorabis,
2382 4479 2439 4531 et
2469 4470 2633 4531 illum
2666 4469 2855 4529 solum
2889 4468 3068 4528 coles.
3105 4491 3133 4523 »
3170 4466 3450 4527 Irascitur
3472 4465 3552 4525 illi
3574 4465 3696 4525 Do-

2056 4562 2275 4641 minus,
2336 4559 2570 4641 quando
2601 4557 2757 4618 videt
2803 4556 2968 4615 illum
3014 4573 3083 4616 ea
3116 4574 3246 4635 quae
3277 4556 3384 4617 Dei
3416 4562 3550 4614 sunt
3580 4553 3697 4614 sibi

2056 4650 2541 4722 vindicantem,et
2569 4644 3033 4720 dicentem,Haec
3055 4643 3256 4704 omnia
3283 4642 3387 4703 tibi
3421 4641 3596 4715 dabo,
3632 4648 3695 4701 ut

2057 4740 2318 4821 propria.
2336 4738 2507 4800 Disce
2537 4743 2731 4796 autem
2763 4733 3065 4821 quomodo
3093 4734 3317 4813 prosint
3344 4730 3696 4809 Scriptum,

2057 4820 2335 4910 per’quas
2363 4827 2650 4891 Dominus
2680 4842 2746 4885 os
2766 4822 2988 4883 inimici
3020 4820 3330 4910 obturavit.

2140 4921 2321 4995 Vens,
2349 4919 2447 4980 ll.
2488 4940 2513 4971 α
2547 4917 2715 4977 Tunc
2738 4912 2955 4974 omittit
2980 4910 3145 4970 illum
3178 4908 3539 4988 diabolus,et
3559 4924 3699 4968 ecce

2058 5008 2251 5086 angeli
2280 5005 2644 5069 accedebant
2674 5010 2731 5064 et
2762 5000 3176 5062 ministrabant
3206 4998 3314 5059 ei.»
3350 4998 3495 5060 Tres
3516 5002 3703 5057 tenta-

2062 5098 2252 5158 tiones
2281 5094 2578 5175 superavit
2607 5090 2917 5163 Dominus,
2954 5087 3125 5164 gulm,
3176 5106 3339 5148 vanae
3388 5086 3706 5175 glorize_,_et

2060 5173 2490 5248 avaritiae—Illae
2511 5182 2669 5242 enim
2705 5178 3018 5259 praecipuae
3047 5185 3183 5237 sunt
3212 5173 3706 5237 affectionesHas

2062 5275 2241 5353 igitur
2270 5273 2367 5354 qui
2393 5270 2621 5344 vicerit,
2657 5268 2800 5329 alias
2854 5265 3036 5326 multo
3068 5266 3256 5345 magis
3284 5268 3499 5325 vincet.
3535 5261 3706 5325 Unde

2064 5366 2249 5427 Lucas
2262 5362 2404 5425 dicit
2417 5359 2571 5441 quod
2587 5375 2825 5419 omnem
2844 5355 3229 5418 tentationem
3257 5367 3708 5441 consummave-

2060 5437 2643 5533 rit,quandoq—uidem
2658 5444 2850 5526 capita
2871 5442 3255 5506 tentationum
3279 5437 3705 5533 vicit.Proinde

2061 5528 2254 5622 angeli
2286 5540 2342 5601 ei
2374 5528 2713 5599 ministrant
2750 5556 2762 5595 :
2796 5554 2910 5616 quo
2934 5539 3436 5622 commonstratur
3469 5528 3623 5609 quod
3650 5533 3709 5622 et

2062 5614 2232 5694 nobis
2256 5636 2387 5711 post
2408 5626 2704 5689 victoriam
2730 5614 2924 5705 angeli
2947 5619 3341 5685 ministraturi
3362 5614 3712 5696 sint,omnia
