4122 6270
409 349 524 415 183
1134 386 1157 407 .~
1362 294 1956 415 THEOPHYLACTI
1999 344 2400 412 BULGARUE
2434 346 2799 411 ARGHIEP‘.
3110 360 3113 363 ‘
3654 336 3763 401 184

405 481 566 548 enim
595 489 842 563 prepter
867 501 977 544 nos
1006 488 1067 543 et
1092 480 1234 544 fecit
1260 490 1321 544 et
1362 480 1710 544 monstravit
1739 481 2051 556 Dominus,

2146 475 2327 557 δειχθῇ
2371 476 2453 534 ὅτι
2508 478 2598 535 καὶ
2648 479 2783 552 ἡμῖν
2814 476 2948 553 μετὰ
3000 475 3098 542 τὴν
3140 476 3289 541 νίκην
3326 471 3545 563 ἄγγελοι
3571 472 3773 563 ύπηρε·

407 557 685 655 quoniam
710 557 774 632 ei
797 578 864 634 ut
881 572 1005 635 Deo
1032 569 1232 651 angeli
1259 589 1502 653 semper
1530 569 1889 632 ministrant.

2146 566 2379 635 τήσουσι,
2440 566 2615 623 Πάντα
2658 566 2757 644 γὰρ
2786 563 2853 620 δι’
2903 566 3048 640 ἡμᾶς
3090 563 3178 620 καὶ
3208 574 3362 619 παιεϊ
3391 562 3477 618 καὶ
3524 557 3776 655 δείκνυσιν

358 670 361 673 ‘
423 644 445 655 ’
1114 644 1141 651 ν
1394 644 1412 653 ’
2136 656 2164 710 6
2224 656 2469 732 Χριστὸς.
2530 652 2680 711 Ἐπεὶ
2730 656 2895 728 αὐτῷ,
2973 654 3045 715 ὣς
3114 652 3254 726 Θεῷ,
3309 652 3397 707 καὶ
3456 651 3503 707 οἱ
3559 644 3778 725 ἄγγελοι

2132 744 2497 823 ὕπουργοῦσιν,

2221 856 2246 891 α
2283 832 2541 899 Ἀκούσας
2582 833 2637 890 δὲ
2694 836 2722 891 6
2779 833 2985 901 Ἰησοῦς
3047 832 3127 889 ὅτι
3179 829 3431 898 Ἰωάννης
3490 825 3773 907 παρεδόθη,

2134 923 2476 1002 ἀνεχώρησεν
2534 925 2607 987 είς
2664 922 2761 990 τήν
2817 920 3105 979 Γαλιλαίαν
3136 937 3149 952 ⁸
3214 922 3303 976 καὶ
3344 917 3651 975 καταλιπὼν
3677 914 3776 980 τὴν

2134 1011 2391 1089 Ναζαρὲτ,
2477 1010 2641 1069 ἐλθὼν
2716 1012 3027 1085 κατῴκησεν
3088 1012 3159 1075 εἷς
3248 1007 3620 1088 Καπερναοὺμ,
3678 1002 3776 1070 τὴν

2133 1098 2585 1180 παραθαλασσίαν,
2671 1102 2726 1155 ἓν
2809 1102 2967 1179 ὁρίοις
3053 1096 3328 1157 Ζαϐουλὼν
3410 1098 3497 1153 καὶ
3567 1096 3775 1172 Νεφθα-

484 836 664 904 Vxns.
695 837 789 913 12,
820 837 914 903 13.
944 860 968 895 ι
1001 838 1149 902 Cum
1171 836 1441 902 audisset
1466 844 1664 901 autem
1692 835 2049 918 Jesus,quod

404 927 664 989 Joannes
695 920 949 988 traditus
978 925 1423 1002 esset,secessit
1451 925 1513 987 in
1543 925 1935 1001 Galilaeam,et
1960 943 2053 987 re-

408 1014 548 1077 licta
567 1015 882 1095 Nazareth,
916 1014 1214 1095 profectus
1242 1013 1522 1076 habitavit
1558 1016 1621 1077 in
1652 1014 2048 1095 Capernaum,

408 1120 541 1185 quae
570 1111 662 1166 est
688 1103 845 1183 apud
876 1121 1065 1178 mare,
1097 1102 1160 1164 in
1191 1103 1469 1164 conﬁniis
1497 1102 1756 1165 Zabulon
1787 1104 2052 1184 etNeph«

408 1180 632 1255 talima
672 1180 914 1255 Sécedit
932 1190 1356 1266 Jesus,docens
1394 1210 1503 1253 nos
1528 1211 1605 1253 ne
1633 1199 1857 1254 temere
1888 1180 2051 1273 peri-

2146 1190 2277 1263 λείμ.
2331 1211 2355 1246 ι)
2419 1187 2726 1268 Ἀναχωρετ
2782 1190 2810 1244 6
2881 1187 3109 1264 Ἰησοῦς,
3187 1185 3446 1245 παιδεύων
3502 1186 3643 1259 ἡμᾶς

408 1279 559 1342 culis
588 1298 696 1341 nos
728 1279 1089 1360 injiciamus.
1131 1280 1370 1342 Secedit
1409 1289 1607 1343 autem
1639 1280 1701 1341 in
1726 1267 2050 1360 Galilaaam,

2146 1275 2452 1354 επιῤῥίπτειν
2510 1267 2723 1340 ἑαυτοὺς
2807 1288 2924 1340 τοῖς
3009 1274 3285 1340 κινδύνοις.
3344 1274 3651 1353 Ἀναχωρετ
3721 1267 3776 1325 δὲ

406 1367 523 1431 hoc
550 1358 1323 1444 est,devolubilem.Gentes
1354 1369 1510 1431 enim
1534 1369 1595 1429 in
1622 1369 1877 1448 peccatis
1893 1358 2052 1431 voluQ

2146 1366 2208 1428 ῑίς
2266 1365 2364 1431 τὴν
2424 1363 2732 1444 Γαλιλαίαν,
2793 1364 2821 1419 ὅ
2863 1367 3001 1438 εστι,
3060 1366 3159 1432 την
3235 1360 3645 1430 κατακυλιστήν.
3701 1358 3775 1414 Τὰ

410 1463 631 1519 tantur.
663 1455 899 1517 Habitat
929 1465 1127 1518 autem
1157 1456 1219 1517 in
1242 1455 1797 1537 Capernaum,quod
1831 1464 1920 1520 est
1949 1458 2054 1519 do-

2146 1454 2236 1531 γὰρ
2281 1452 2403 1520 ἔθνη
2449 1455 2520 1519 είς
2560 1455 2658 1520 τὴν
2728 1452 2986 1533 ἁμαρτίαν
3048 1455 3437 1513 κατεκυλίοντο.
3500 1451 3598 1508 Καὶ
3637 1467 3773 1504 κατ·
3844 1530 3852 1537 ν

410 1563 543 1606 mus
570 1544 996 1606 consolationis
1032 1563 1046 1606 :
1082 1553 1146 1605 ut
1174 1544 1334 1607 enim
1364 1543 1543 1606 iaciat
1570 1553 1778 1624 gentes
1807 1546 2050 1608 domum

2146 1555 2276 1597 stxa't
2325 1540 2379 1595 ἐν
2437 1543 2809 1619 Καπερναοὺμ,
2875 1539 2909 1598 ὅ
2962 1541 3102 1599 ἐστιν
3156 1543 3308 1606 οἶκος
3364 1537 3771 1617 παρακλήσεως⁶

408 1631 899 1708 consolatoris,ob
918 1651 1045 1693 eam
1067 1650 1302 1695 causam
1319 1634 1406 1714 (α)
1434 1622 1763 1697 descendit.
1789 1634 2052 1697 Zabulon

2146 1630 2223 1686 ίνα
2280 1631 2378 1708 γὰρ
2434 1630 2636 1706 ποιήσῃ
2690 1632 2755 1688 τὰ
2794 1630 2917 1696 ἔθνη
2948 1630 3099 1687 οἷκεν
3138 1638 3231 1688 τοῦ
3271 1627 3643 1708 Παρακλήτου,
3693 1622 3777 1689 διὰ

405 1719 829 1800 interpretatur
844 1719 1537 1801 nocturna,NephthaIim
1559 1734 1757 1784 autem
1781 1724 2047 1786 latitudo.

2146 1724 2288 1774 τοῦτο
2344 1716 2596 1786 κατῆλθε.
2658 1717 2932 1774 Ζαϐουλὼν
2990 1716 3054 1802 δὲ.
3098 1720 3442 1798 ἑρμηνεύεται
3489 1713 3771 1808 νυκτερίας

410 1810 630 1874 Gentes
651 1809 812 1870 enim
834 1817 891 1870 et
913 1816 1151 1870 noctem
1187 1809 1484 1871 habebant
1504 1817 1563 1871 et
1591 1811 1961 1873 latitudinem
1990 1812 2051 1873 in

2146 1803 2434 1884 Νεφθαλεὶμ
2503 1803 2581 1880 δὲ,
2665 1804 2995 1882 πλατυσμὸς.
3048 1801 3161 1864 νΤὰ
3242 1806 3410 1863 τοίνυν
3464 1804 3605 1869 ἔθνη,
3691 1801 3777 1856 καὶ

410 1897 571 1961 vita:
606 1915 728 1959 non
754 1897 913 1958 enim
946 1914 1056 1977 per
1082 1906 1387 1977 augustam
1443 1899 1594 1960 viam
1644 1900 2050 1983 ambulabant,

2146 1894 2292 1949 nixu
2351 1894 2509 1974 εἶχον
2552 1895 2641 1951 καὶ
2690 1892 2996 1970 πλατυσμὸν
3038 1895 3093 1951 ἐν
3148 1900 3216 1971 τῇ
3257 1901 3391 1971 ζωῇ.
3440 1898 3512 1950 Ού
3540 1892 3638 1969 γὰρ
3681 1890 3776 1956 τὴν

411 1985 520 2049 sed
550 2003 658 2067 per
686 2003 818 2049 eam
841 2003 968 2066 qam
996 1987 1058 2047 in
1094 1985 1487 2067 perditionem
1516 1988 1651 2052 fert.
2035 1977 2045 1983 ’

2146 1982 2325 2049 στενὴν
2368 1981 2486 2039 ὁδὸν
2545 1980 2804 2062 ἐϐάδιζον,
2879 1982 3015 2040 ἀλλὰ
3065 1985 3166 2051 τὴν
3226 1985 3297 2049 εἰς
3354 1980 3622 2038 ἀπώλειαν
3681 1977 3773 2057 φέο

492 2163 713 2226 νειιεΑ
729 2160 1014 2225 4-16.‹Ι]ι
1035 2162 1355 2242 impleatur
1384 2165 1541 2245 quod
1572 2166 1794 2229 dictum
1829 2174 1919 2228 est
1948 2186 2057 2248 per

410 2251 622 2316 Isaiam
654 2251 1022 2330 prophetam,
1058 2250 1360 2313 dicentem
1398 2271 1411 2315 :
1459 2253 1644 2316 Terra
1675 2255 1962 2331 Zabulon,
1998 2265 2055 2319 el

411 2349 570 2404 terra
588 2337 969 2418 Nephthalim
989 2340 1151 2417 juxta
1165 2340 1313 2401 viam
1333 2341 1514 2403 maris
1535 2350 1696 2404 trans
1706 2344 1737 2407 J
1743 2350 2025 2405 ordanem
2038 2393 2054 2419 ,

411 2427 652 2492 Galilaea
679 2426 965 2504 gentium.
990 2427 1252 2508 Populus
1282 2430 1385 2509 qui
1413 2431 1659 2494 sedebat
1698 2433 1759 2493 in
1792 2432 2058 2495 tenebris

410 2516 560 2580 vidit
588 2515 784 2577 lucem
837 2532 1132 2594 magnam,
1169 2523 1229 2577 et
1256 2517 1601 2581 sedentibus
1630 2522 1690 2581 in
1722 2520 1966 2600 regione
1999 2533 2058 2586 et

412 2602 629 2667 umbra
650 2603 890 2692 mortis,
926 2604 1021 2692 lux
1044 2611 1171 2666 orta
1200 2612 1289 2667 est
1322 2606 1430 2669 eis.
1463 2631 1490 2662 ι)
1529 2608 1693 2669 Viam
1739 2611 1918 2673 maris
1949 2631 2055 2692 pro

414 2710 486 2756 eo
509 2690 668 2773 quod
690 2698 781 2752 est
803 2691 876 2751 ad
920 2690 1070 2752 viam
1124 2693 1304 2754 maris
1326 2695 1520 2756 sitam.
1552 2695 1673 2757 Lux
1695 2707 1891 2760 autem
1928 2690 2051 2762 ma-

411 2798 548 2859 gna,
582 2778 985 2855 Evangelium.
1017 2780 1137 2842 Lex
1184 2781 1342 2844 enim
1392 2782 1490 2844 lux
1536 2793 1595 2845 et
1616 2786 1743 2865 ipsa
1772 2796 1917 2863 erat,
1949 2792 2054 2853 sed

416 2865 848 2949 parva.Umbra
877 2874 1073 2929 autem
1096 2869 1324 2944 mortis,
1360 2880 1664 2950 peccatum
1692 2895 1706 2933 :
1730 2875 2056 2940 similitudo

415 2958 572 3019 enim
604 2961 663 3016 et
686 2953 1055 3016 adumbratio
1088 2957 1296 3018 mortis
1345 2966 1455 3020 est.
1504 2959 1650 3022 Nam
1702 2962 1862 3025 sicut
1897 2984 2058 3028 mors

2166 2092 2326 2129 ουσαν
2335 2118 2350 2133 ,

2166 2093 2350 2133 ουσαν,

2134 2093 2162 2150 ρ
2223 2181 2248 2213 α
2302 2146 2425 2215 ’Ἰνα
2478 2161 2738 2236 πληρωθῇ
2784 2160 2845 2215 τὸ
2901 2160 3055 2237 ῥηθὲν
3117 2158 3199 2216 διὰ
3244 2157 3470 2217 Ἠσαῖου
3515 2164 3606 2213 τοῦ
3654 2177 3778 2233 προ-

2138 2247 2331 2327 φήτου,
2387 2245 2633 2325 λέγοντος
2669 2262 2683 2277 ⁸
2745 2253 2823 2324 Γῇ
2876 2246 3149 2305 Ζαϐουλῶν
3208 2249 3293 2303 καὶ
3349 2253 3422 2325 γῇ
3462 2244 3769 2326 Νεφθαλεὶμ,

2140 2334 2257 2391 ὁδὸν
2314 2333 2582 2403 θαλάσσης
2640 2336 2804 2415 πέραν
2860 2344 2952 2393 τοῦ
3013 2335 3294 2415 Ἰορδάνου,
3361 2334 3619 2391 Γαλιλαία
3674 2339 3776 2389 τῶν

2141 2423 2298 2480 ἐθνῶν
2328 2438 2342 2453 ⁶
2376 2426 2404 2479 6
2434 2423 2562 2488 λαὸς
2598 2426 2625 2480 6
2654 2426 2952 2500 καθήμενος
2982 2425 3037 2481 ἐν
3064 2426 3263 2499 σκότει,
3298 2423 3411 2481 εἶδε
3441 2430 3551 2503 φῶς
3597 2421 3734 2500 μέγα
3758 2436 3772 2452 ⁸

2139 2515 2225 2569 καὶ
2291 2526 2407 2577 τοϊς
2476 2513 2794 2589 καθημένοις
2848 2514 2903 2569 ἐν
2975 2514 3127 2593 χώρᾳ
3197 2516 3283 2570 καὶ
3357 2519 3477 2570 σκιᾶ
3532 2513 3773 2583 θανάτου,

2140 2607 2249 2680 φῶς
2304 2599 2565 2658 ἀνέτειλεν
2621 2604 2827 2665 αὐτοῖς,
2874 2622 2905 2662 ι
2972 2595 3121 2660 Ὀδὸν
3171 2601 3460 2676 θαλάσσης,
3511 2601 3624 2658 ἀντὶ
3664 2603 3776 2676 τού,

2140 2691 2175 2757 ἡ
2231 2691 2360 2767 πρὸς
2416 2693 2514 2756 τὴν
2574 2687 2691 2745 ὁδὸν
2736 2695 2834 2757 τῆς
2891 2689 3160 2756 θαλάσσης
3231 2690 3473 2765 κειμένη,
3532 2696 3654 2753 Φῶς
3726 2686 3781 2743 δὲ

2140 2778 2298 2855 μέγα,
2356 2779 2417 2833 τὸ
2476 2777 2821 2856 Εὖαγγέλιον,
2873 2771 2929 2837 Ὀ
2960 2779 3059 2858 γὰρ
3101 2779 3285 2857 νόμος,
3330 2785 3441 2858 φῶς
3485 2780 3573 2833 καὶ
3622 2779 3775 2840 αὐτὸς

2139 2869 2230 2938 ἦν,
2302 2864 2437 2921 ἀλλὰ
2494 2867 2703 2944 μικρόν.
2786 2869 2917 2923 Σκιὰ
2987 2865 3041 2921 δὲ
3099 2867 3342 2940 θανάτου,
3412 2868 3446 2932 ἡ
3498 2865 3723 2944 ἁμαρτία
3757 2883 3773 2900 ⁸

2141 2944 2386 3035 δμοίωμα
2456 2956 2555 3033 γὰρ
2638 2956 2726 3011 καὶ
2806 2955 3125 3035 σκιαγραφία
3187 2954 3278 3010 τοῦ
3329 2954 3549 3011 θανάτου
3614 2952 3771 3015 ἐστίν,

413 3043 747 3124 corpus,ita
769 3051 829 3106 et
860 3052 1165 3123 peccatum
1193 3045 1455 3109 animam
1496 3048 1738 3113 invadit.
1779 3051 1920 3115 Orta
1947 3074 2056 3116 au-

2146 3034 2235 3106 ιΩς
2293 3044 2392 3122 γὰρ
2456 3045 2483 3099 6
2527 3044 2746 3108 θάνατος
2776 3047 2837 3100 τὸ
2877 3034 3056 3120 σῶμα,
3102 3042 3247 3107 οὖτος
3291 3043 3423 3109 αὕτη
3467 3042 3564 3110 τὴν
3593 3043 3776 3122 ψυχὴν

414 3138 535 3195 tem
562 3139 652 3194 est
678 3130 1131 3209 luxnobis.Non
1152 3134 1310 3195 enim
1334 3136 1712 3216 quaesivimus
1733 3140 1895 3203 illam
1921 3162 2054 3219 nos,

416 3218 527 3282 sed
557 3219 660 3281 illa
687 3219 965 3303 apparuit
994 3220 1191 3297 nobis,
1226 3222 1393 3303 quasi
1419 3241 1678 3306 sequens
1707 3246 1836 3292 nos.

496 3391 682 3458 VERS.
710 3396 805 3458 l7.
838 3395 952 3457 uEx
978 3396 1093 3459 hoc
1119 3400 1299 3479 ctepit
1318 3400 1490 3463 Iesus
1520 3405 1841 3483 praedicare
1872 3426 1940 3470 ac
1956 3408 2052 3471 di-

416 3501 578 3548 cere.
617 3507 642 3543 »
697 3483 782 3546 Ex
810 3502 926 3565 quo
959 3490 1229 3565 tempore
1283 3488 1559 3553 detentus
1607 3502 1696 3555 est
1719 3496 2059 3571 infvinculis

413 3571 698 3647 Joannes,
734 3571 910 3653 cmpit
933 3574 1262 3652 praedicare
1282 3578 1476 3642 Jesus.
1501 3579 1583 3641 Ex
1594 3586 1876 3661 spectavit
1899 3588 2056 3649 enim

413 3661 736 3755 Jesusiut
747 3679 970 3755 cannes
1000 3662 1163 3742 prius
1193 3664 1268 3727 de
1290 3683 1355 3726 se
1377 3669 1880 3755 testificaretur,et
1898 3693 2061 3755 para-

414 3756 508 3811 ret
540 3750 633 3809 22
663 3748 779 3810 sibi
828 3752 980 3811 viam
1013 3769 1130 3831 qua
1176 3762 1458 3816 venturus
1502 3766 1629 3819 erat
1661 3780 1674 3822 :
1722 3742 1878 3823 sicut
1898 3742 2062 3826 servi

418 3840 561 3901 ante
580 3837 858 3899 dominos
885 3848 1245 3919 praeparant.
1278 3842 1544 3923 Equalis
1584 3848 1741 3909 enim
1769 3851 2060 3913 exsislens

418 3926 575 4016 Patri
585 3926 1159 4016 Dominus,habehat
1183 3938 1239 3991 et
1253 3930 1381 4010 ipse
1394 3935 2059 4016 prophetamJoannem,

418 4012 572 4105 sicut
601 4021 662 4077 et
691 4012 869 4105 Pater
890 4016 1025 4105 ejus
1052 4024 1111 4078 et
1137 4012 1554 4098 Deusﬁhabuit’
1580 4027 1900 4105 prophetas
1920 4012 2061 4093 ante

416 4100 707 4165 Joannem
739 4103 858 4165 imo
884 4111 942 4166 et
969 4103 1058 4166 illi
1083 4113 1140 4166 et
1172 4109 1360 4171 Patris
1393 4120 1531 4172 sunt
1563 4100 1618 4174 et
1644 4100 1802 4178 Filii.
1841 4141 1868 4174 σ
1893 4117 2060 4180 Resi-

418 4190 651 4277 piscite,
681 4191 744 4254 in
775 4191 1107 4273 propinquo
1124 4194 1286 4256 enim
1311 4205 1401 4259 est
1423 4216 1671 4277 regnum
1701 4204 2053 4271 caelorum.»

416 4276 689 4359 Regnum
723 4279 1008 4342 caelorum
1034 4290 1128 4345 est
1148 4292 1207 4346 et
1236 4276 1626 4364 Christus,est
1644 4300 1701 4353 et
1728 4293 1845 4354 vita
1873 4298 2059 4356 virtu-

2138 3131 2382 3212 κατέχει.
2446 3130 2709 3188 Ἀνέτειλε
2764 3131 2819 3188 δὲ
2873 3134 2934 3189 τὸ
2996 3140 3105 3210 φῶς
3144 3134 3303 3206 ἡμῖν.
3337 3133 3408 3189 Οὒ
3455 3133 3554 3210 γὰρ
3615 3134 3776 3199 ἡμεῖς

2138 3220 2471 3296 ἐζητήσαμεν
2530 3222 2678 3295 αὐτὸ,
2738 3219 2860 3277 ἀλλ’
2915 3221 3091 3277 ἐκεῖνο
3120 3219 3355 3300 ἐπεφάνη
3399 3220 3556 3298 ἡμῖν,
3590 3221 3779 3276 ὡσανεὶ

2136 3307 2458 3375 καταδιῶξαν
2501 3311 2667 3386 ἡμᾶς.

2225 3419 2248 3454 (ι
2287 3397 2422 3454 Ἀπὸ
2505 3399 2623 3455 τότε
2694 3395 2885 3477 ἤρξατο
2976 3401 3003 3454 ὁ
3078 3398 3281 3465 Ἰησοῦς
3365 3398 3642 3476 κηρύσσειν
3694 3398 3780 3453 καὶ

2140 3487 2335 3567 λέγειν,
2385 3509 2413 3541 ι
2500 3484 2620 3567 Ἀφ’
2680 3490 2740 3543 οὗ
2810 3484 3094 3562 ἐδεσμεύθη
3159 3490 3186 3543 6
3265 3487 3542 3567 Ἰωάννης,
3589 3485 3778 3564 ἤρξατο

2140 3576 2419 3650 κηρύσσειν
2477 3578 2504 3631 ὁ
2559 3576 2786 3643 Ἰησοῦς,
2873 3575 3121 3651 Ἀνέμενε
3190 3577 3288 3653 γὰρ
3360 3577 3450 3631 τὸν
3534 3576 3778 3642 Ἰωάννην

2141 3665 2393 3743 πρότερον
2436 3670 2763 3745 μαρτυρῆσαι
2823 3666 2940 3743 περὶ
3002 3668 3181 3746 αὐτοῦ,
3253 3666 3341 3721 καὶ
3393 3666 3778 3723 κατασκευάσαι

2146 3752 2287 3826 αύτῷ
2343 3752 2482 3820 ὁδὸν,
2544 3751 2609 3807 δι’
2660 3753 2724 3820 ἧς
2783 3752 3001 3828 ἔμελλεν
3048 3752 3243 3830 ἐλθεῖν,
3305 3753 3481 3832 ὥσπερ
3523 3756 3609 3810 καὶ
3663 3768 3780 3819 τοῖς

2144 3839 2421 3904 δεσπόταις
2481 3844 2527 3897 οἱ
2582 3839 2756 3897 δούλοι
2818 3843 3313 3920 προετοιμάζουσιν.
3361 3837 3495 3906 Ἶσος
3552 3844 3649 3922 γὰρ
3706 3844 3779 3898 ὢν

2144 3936 2219 4004 τῷ
2266 3931 2429 4007 Πατρὶ
2473 3931 2501 3985 6
2564 3930 2765 4008 Κύριος,
2826 3934 2950 4008 εἷχε
3008 3931 3095 3985 καὶ
3152 3931 3304 3992 αὐτὸς
3360 3932 3636 4011 προφήτην
3695 3933 3782 3987 τὸν

2143 4018 2417 4094 Ἰωάννην,
2492 4017 2669 4097 ὥσπερ
2699 4021 2726 4073 6
2773 4020 2953 4097 Πατὴρ
2996 4022 3150 4076 αὐτοῦ
3192 4020 3279 4074 καὶ
3335 4020 3463 4082 Θεὸς
3493 4016 3620 4098 εἶχε
3663 4020 3782 4083 τοὺς

2144 4110 2244 4187 πρὸ
2290 4114 2381 4163 τοῦ
2456 4107 2699 4164 Ἰωάννου
2782 4108 3082 4185 προφήτας,
3158 4105 3362 4181 μᾶλλον
3419 4104 3473 4163 δὲ
3542 4108 3781 4165 κάκεῖνοι

2143 4204 2234 4253 τοῦ
2289 4218 2347 4252 τε
2412 4204 2614 4275 [lattch
2672 4197 2760 4251 καὶ
2814 4206 2907 4255 τοῦ
2964 4198 3085 4252 1⁸ἱοῦ
3127 4198 3275 4257 εἰσιν.
3360 4216 3384 4253 α
3434 4204 3777 4254 Μετανοεῖτε⁹

2143 4285 2331 4364 ἤγγικε
2400 4286 2499 4364 γὰρ
2555 4287 2588 4351 ἡ
2647 4283 2887 4360 βασιλεία
2942 4290 3047 4341 τῶν
3130 4286 3381 4362 οὐρανῶν.
3435 4306 3454 4342 ι
3537 4284 3780 4341 Βασιλεία

415 4365 574 4459 tibus
596 4368 865 4459 prmdﬁita.
896 4368 1141 4442 Quando
1153 4373 1313 4436 enim
1338 4375 1470 4453 quis
1490 4396 1675 4459 super
1692 4387 1906 4444 terram
1929 4383 2058 4445 vivit

2146 4382 2249 4431 τῶν
2321 4378 2551 4453 οὐρανῶν
2624 4373 2734 4429 ἐστὶ
2806 4375 2894 4429 καὶ
2953 4376 2980 4429 6
3038 4376 3281 4451 Χριστὸς,
3343 4373 3453 4429 ἔστι
3510 4371 3563 4429 δὲ
3607 4376 3694 4431 καὶ
3745 4376 3779 4441 ἡ

416 4454 572 4517 sicut
598 4458 1077 4537 angelus,nonne
1097 4460 1357 4524 cmlestis
1382 4463 1503 4524 est?
1522 4454 1697 4548 atque
1727 4468 1807 4532 ita
1826 4473 1885 4532 in
1908 4491 2061 4533 uno-

416 4560 653 4644 quoque
682 4554 949 4644 nostrum
1002 4557 1092 4614 est
1118 4567 1367 4631 regnum
1413 4552 1722 4637 caelorum,
1750 4558 1802 4620 si
1832 4561 2061 4639 angeli-

418 4647 548 4693 cam
578 4635 757 4696 vitam
787 4635 1043 4715 agimus.

496 4809 690 4901 Vens.
712 4812 811 4901 l8,
852 4812 947 4878 19.
980 4812 1349 4901 «Ambulans
1364 4824 1563 4880 autem
1587 4820 1744 4901 apud
1777 4841 1939 4889 mare
1961 4828 2069 4890 Ga-

415 4895 609 4971 lilaeaa,
642 4899 787 4962 vidit
818 4901 968 4963 duos
998 4900 1545 4979 fratres,Simonem
1576 4895 1678 4988 qui
1708 4909 1927 4975 dicitur
1961 4917 2068 4977 Pe-

413 4993 566 5063 trus,
600 4995 680 5076 οξ
691 4989 994 5053 Andream
1028 4989 1269 5055 fratrem
1303 4994 1455 5076 ejus,
1489 4995 1791 5060 mittentes
1845 5010 1973 5064 rete
2006 5004 2065 5066 in

416 5091 604 5161 mare.
637 5074 823 5141 Erant
866 5079 1028 5141 enim
1089 5074 1450 5161 piscatores,
1477 5092 1535 5146 et
1578 5084 1723 5147 dicit
1752 5088 1893 5150 illis.
1930 5115 1958 5147 »
1994 5091 2066 5153 Hi

417 5160 662 5226 fuerunt
709 5164 991 5248 discipuli
1044 5160 1309 5232 JOannis.
1373 5171 1620 5235 Vivente
1647 5182 1844 5238 autem
1873 5179 2068 5242 adhuc

415 5250 1058 5329 Joanne,accesserunt
1084 5258 1156 5319 ad
1183 5258 1506 5323 Christum.
1531 5262 1713 5324 Porro
1747 5265 1849 5327 ubi
1877 5266 2064 5331 Joan-

420 5355 559 5435 nem
581 5338 855 5435 viderunt
874 5343 1390 5435 vinctum,reversi
1412 5359 1551 5411 sunt
1566 5351 1637 5413 ad
1662 5353 2064 5435 piscatoriam,

418 5432 480 5489 et
503 5429 589 5491 sic
610 5430 855 5493 veniens
884 5432 1151 5495 Christus
1178 5436 1441 5516 piscatur
1471 5456 1596 5517 eos,
1621 5429 1831 5504 dicens
1865 5462 1877 5503 :

500 5674 591 5757 (α)
617 5674 774 5742 Edit.
808 5681 938 5743 Lut.
971 5677 1192 5756 omisit,
1225 5681 1298 5745 ob
1322 5699 1458 5746 eam
1485 5703 1766 5755 causam.

2148 4451 2392 4543 ἐνάρετος
2432 4464 2567 4534 ζωή.
2616 4451 2794 4518 ”Οταν
2834 4463 2932 4541 γάρ
2973 4484 3053 4525 τις
3098 4464 3172 4525 ὡς
3217 4460 3440 4541 ἄγγελος
3489 4460 3778 4529 πολιτεύη-

2145 4574 2230 4609 ται
2282 4552 2336 4608 ἐν
2364 4557 2457 4630 γῇ,
2489 4550 2586 4630 ἄρα
2628 4555 2722 4609 οὒκ
2764 4550 3007 4628 οὐράνιός
3036 4553 3177 4607 ἔστιν
3212 4572 3228 4627 ;
3282 4553 3417 4608 ὥστε
3466 4551 3520 4607 ἐν
3578 4553 3782 4626 ἑκάστῳ

2144 4642 2299 4716 ἡμῶν
2331 4640 2470 4697 ἐστιν
2524 4643 2559 4709 ἡ
2613 4638 2854 4715 βασιλεία
2910 4641 3014 4696 τῶν
3062 4640 3318 4720 οὐρανῶν,
3369 4639 3458 4695 ἐὰν
3487 4640 3781 4719 ἀγγελικῶς

2148 4734 2345 4805 ζῶμεν.

2236 4838 2261 4874 α
2309 4823 2621 4896 Περιπατῶν
2674 4816 2730 4873 δὲ
2796 4818 2937 4896 παρὰ
3004 4819 3102 4886 τὴν
3156 4818 3422 4875 θάλασσαν
3464 4822 3562 4886 τῆς
3622 4820 3781 4878 Γαλι-

2150 4905 2327 4981 λαίας,
2385 4905 2497 4963 εἶδε
2565 4904 2651 4963 δύο
2719 4904 2997 4986 ἀδελφοὺς,
3071 4910 3287 4983 Σίμωνα
3354 4909 3444 4965 τὸν
3501 4908 3783 4986 λεγόμενον

2149 4995 2366 5074 Πέτρον,
2423 4997 2510 5051 καὶ
2567 4993 2814 5067 Ἀνδρέαν
2866 4996 2956 5051 τὸν
3001 4994 3222 5077 ἀδελφὸν
3261 4998 3439 5070 αὐτοῦ,
3492 4997 3782 5073 βάλλοντας

2148 5080 2546 5162 ἀμφίϐληστρον
2605 5085 2677 5146 εἰς
2733 5083 2830 5149 τὴν
2874 5082 3139 5139 θάλασσαν
3195 5082 3351 5162 (ἦσαν
3407 5086 3505 5162 γὰρ
3560 5083 3782 5165 ἁλιεῖς),

2147 5172 2233 5230 καὶ
2291 5170 2433 5249 λέγει
2518 5172 2728 5235 αὐτοῖς.
2790 5194 2817 5227 ι
2893 5172 3046 5230 Οὗτοι
3101 5180 3192 5228 τοὺ
3250 5173 3492 5229 Ἰωάννου
3544 5173 3786 5252 ἒγένοντο

2150 5261 2405 5335 μαθηταί.
2471 5266 2674 5339 Ζῶντος
2751 5258 2805 5327 δξ
2862 5260 2938 5316 ἔτι
2995 5268 3087 5317 τοῦ
3156 5259 3419 5337 Ἰωάννου,
3492 5262 3785 5339 προσῆλθον

2148 5355 2225 5422 τῷ
2267 5352 2499 5425 Χριστῷ.
2551 5338 2642 5411 Ὦς
2674 5346 2729 5405 δὲ
2791 5348 2937 5407 εἶδον
2984 5352 3075 5406 τὸν
3127 5350 3375 5417 Ἰωάννην
3420 5338 3782 5428 δημευθέντα,

2148 5434 2307 5492 πάλιν
2362 5435 2690 5515 ὑπέστρεψαν
2760 5440 2833 5502 εἷς
2902 5438 3000 5506 τὴν
3071 5435 3396 5511 ἄλιευτικὴν,
3470 5440 3555 5495 καὶ
3621 5438 3785 5504 οὕτως

2150 5521 2315 5580 ἐλθὼν
2344 5526 2372 5581 6
2401 5526 2648 5604 Χριστὸς,
2692 5526 2889 5585 ἀλιεύει
2919 5527 3129 5602 αὐτοὺς,
3158 5525 3329 5606 λέγων
3366 5542 3377 5555 ·
