4132 6262
316 336 446 402 185

994 342 1445 405 ΕΝΔΒΒΑΤΙΟ
1490 343 1574 404 IN
1618 339 1961 404 EVANGEI

2061 340 2125 399 ’Μ
2172 342 2572 402 ΜΑΤΤΗΛΕΙ.
2625 372 2694 383 -
2738 339 2905 401 CAP.
2953 338 3027 400 V.

3585 326 3703 393 {86

410 488 435 523 ι
488 474 645 525 Δεῦτε
727 470 895 528 ὀπίσω
968 491 1093 549 μου,
1138 469 1226 525 καὶ
1254 469 1467 540 ποιήσω
1495 470 1631 543 ὑμᾶς
1662 467 1835 535 ἁλιεῖς
1865 468 1961 525 ἀν-

2129 466 2313 532 VERS.
2353 470 2448 544 19,
2477 471 2578 533 20.
2604 466 2817 531 Venite
2877 474 3010 547 post
3065 483 3181 539 me,
3230 471 3288 526 et
3332 461 3541 524 faciam
3596 477 3700 549 vos

307 555 570 634 θρώπων,
644 561 703 616 Οἱ
758 557 836 633 δὲ,
882 558 1070 622 εὐθέως
1127 557 1346 637 ἀφέντες
1390 559 1455 614 τὰ
1483 556 1684 637 δίκτυα,
1729 557 1963 625 ἠκολού-

308 647 491 712 θησαν
543 646 709 721 αὐτῷ.
776 670 799 703 ι
853 638 999 725 υΟρα
1066 648 1332 715 ὑπηκόους
1389 646 1712 726 ἀνθρώπους,
1776 648 1962 709 εὐθέως

309 732 690 802 ἠκολοὺθησαν
732 738 895 811 αὑτῷ,
932 729 1103 795 ’Ὅθεν
1152 735 1312 803 δῆλον
1341 734 1421 793 ὅτι
1479 733 1689 814 δευτέρα
1735 736 1873 793 ἐστὶν
1930 738 1965 804 ἡ

314 820 519 889 κλῆσις
547 826 708 891 αὓτη.
758 823 1201 906 Προδιδαχθέντες
1272 825 1371 903 γὰρ
1423 825 1526 880 ὑπὸ
1566 833 1659 882 τοῦ
1717 833 1963 905 Χριστοῦ,

318 911 449 968 εἶτα
533 912 751 993 ἀφέντες
832 914 1013 985 αὐτὸν,
1093 914 1318 989 ἑτοίμως
1392 911 1550 969 πάλιν
1605 913 1966 982 ἠκολούθησαν

315 996 522 1064 ἰδόντες
565 1001 743 1060 αὐτόν.

410 1112 441 1145 ι
465 1091 567 1148 Καὶ
632 1088 830 1168 προϐὰς
887 1091 1111 1164 ἐκεῖθεν,
1147 1089 1286 1147 εἶδεν
1326 1089 1516 1148 ἄλλους
1557 1090 1648 1149 δύο
1693 1090 1965 1171 ἀδελφούς,

346 1178 580 1235 ἰάκωῗον
645 1182 739 1236 τὸν
796 1188 889 1238 τοῦ
952 1177 1247 1253 Ζεϐεδαίου,
1292 1182 1380 1236 καὶ
1405 1182 1657 1247 Ἰωάννην
1686 1183 1776 1237 τὸν
1806 1178 1965 1236 ἀδελ-

320 1269 423 1347 φὸν
483 1268 663 1343 αὐτοῦ,
750 1269 804 1324 ἐν
858 1276 935 1343 τῷ
990 1268 1161 1341 πλοίῳ
1212 1270 1347 1345 μετὰ
1424 1267 1691 1327 Ζεϐεδαίου
1719 1278 1808 1326 τοῦ
1859 1292 1967 1326 πα-

316 1358 447 1435 τρὸς
506 1357 701 1417 αὐτῶν.
762 1380 793 1413 ι
858 1358 1048 1435 ’Δρετή
1119 1360 1370 1435 μεγίστη,
1403 1360 1465 1414 τὸ
1495 1373 1846 1439 γηροτροφεῖν
1877 1360 1967 1415 τὸν

316 1446 528 1525 πατέρα
614 1448 806 1520 αὐτῶν,
858 1447 945 1502 καὶ
1000 1446 1106 1502 ἀπὸ
1161 1445 1383 1503 δικαίων
1436 1448 1706 1529 τρέφεσθαι
1767 1448 1963 1506 πόνων.

322 1558 355 1591 ι
390 1537 809 1615 Καταρτίζοντας
854 1536 920 1591 τὰ
1004 1533 1182 1592 δίκτυα
1236 1535 1429 1601 αὐτῶν,
1495 1560 1519 1595 ι
1596 1537 1825 1604 Πένητες
1868 1539 1968 1617 γὰρ

314 1624 484 1704 ἦσαν,
545 1626 634 1681 καὶ
685 1623 771 1682 διά
800 1630 954 1682 τοῦτο
1026 1626 1103 1700 μὴ
1161 1622 1435 1702 δυνάμενοι
1495 1626 1585 1683 νέα
1638 1627 1963 1702 ὠνήσασθαι,

314 1715 385 1772 τὰ
411 1712 617 1771 παλαιά
643 1712 1015 1791 συνέρραπτον.

2048 558 2368 638 piscatores
2392 556 2824 621 hominum.llli
2852 565 3047 618 autem
3075 554 3271 616 statim
3288 549 3534 625 ,relictis
3560 547 3701 638 reti-

2047 637 2179 717 bus,
2214 646 2405 708 secuti
2435 655 2571 708 sunt
2601 646 2795 709 illum.
2839 670 2859 701 ι
2899 643 3051 706 Vide
3095 640 3445 704 obedientes
3493 637 3693 699 homi-

2050 752 2177 809 nes,
2205 736 2400 796 statim
2452 736 2638 799 secuti
2691 743 2828 797 sunt
2877 733 3068 796 illum.
3103 730 3273 795 Unde
3316 726 3697 790 manifestum

2050 822 2209 902 quod
2240 824 2365 885 haec
2385 824 2649 886 secunda
2676 824 2904 886 vocatio
2938 824 3033 884 sit.
3080 822 3270 884 Antea
3319 818 3480 880 enim
3538 813 3701 876 docti

2050 919 2217 971 erant
2257 929 2291 972 a
2342 912 2600 988 Christo,
2647 912 2867 975 deinde
2915 910 3288 991 reliquerunt
3318 925 3452 969 eum
3489 923 3503 967 :
3538 921 3697 965 nunc

2050 1008 2245 1063 autem
2276 1002 2400 1064 viso
2423 1003 2573 1084 ipso,
2604 1003 2799 1065 statim
2825 1000 3015 1064 secuti
3038 1007 3196 1062 sunt.

2131 1092 2313 1153 VERS.
2348 1080 2462 1153 91.
2505 1080 2634 1155 «Et
2687 1109 3033 1171 progressus
3081 1088 3247 1150 illinc
3277 1136 3292 1166 ,
3354 1083 3500 1145 vidit
3520 1080 3701 1171 _alios

2050 1176 2201 1239 duos
2251 1178 2491 1257 fratres,
2522 1168 3115 1243 JacobumZebedaai
3145 1176 3359 1254 ﬁlium,
3407 1179 3467 1234 et
3512 1168 3696 1233 Joan-

2050 1283 2188 1327 nem
2240 1266 2482 1330 fratrem
2533 1269 2665 1348 ejus
2718 1268 2781 1329 in
2850 1268 2981 1329 navi
3049 1285 3185 1328 cum
3243 1260 3531 1325 Zebedzeo
3590 1274 3699 1337 pa-

2052 1364 2144 1415 tre
2213 1374 2342 1421 suo.
2390 1388 2414 1419 »
2477 1356 2718 1420 Summa
2774 1357 2958 1420 virtus
3013 1364 3125 1428 est,
3164 1354 3699 1446 pascerenpatrem

2051 1461 2301 1520 senem,
2361 1455 2537 1526 atque
2583 1448 2759 1527 justis
2816 1446 2894 1509 ali
2953 1443 3278 1507 laboribus.
3345 1465 3372 1496 α
3425 1437 3702 1499 Sarcien-

2051 1539 2139 1593 tes
2209 1534 2361 1595 retia
2434 1554 2560 1599 sua.
2633 1560 2657 1593 ι
2738 1537 3039 1615 Pauperes
3117 1531 3275 1594 enim
3357 1535 3567 1601 erant,
3642 1532 3701 1585 et

2051 1622 2187 1701 quia
2268 1642 2387 1687 non
2474 1634 2742 1705 poterant
2787 1642 2994 1686 emere
3042 1639 3215 1697 nova,
3274 1619 3701 1699 reparaverunt

2048 1717 2270 1777 vetera.

408 1829 435 1860 ι
472 1807 532 1862 Ol
601 1802 680 1883 δὲ,
712 1803 902 1866 εὐθέως
957 1802 1173 1883 ἀφέντες
1239 1805 1301 1861 τὸ
1351 1802 1544 1862 πλοῖον
1612 1806 1700 1863 καὶ
1728 1806 1818 1862 τὸν
1866 1828 1961 1863 πα-

2120 1803 2302 1867 VEns.
2337 1802 2440 1897 22.
2480 1828 2501 1863 ι
2538 1806 2610 1869 At
2638 1807 2721 1867 illi
2753 1806 3020 1897 protinus
3048 1801 3256 1897 relicta
3277 1796 3411 1897 navi
3443 1802 3500 1857 et
3525 1798 3698 1874 patre

311 1896 445 1975 τέρα
501 1896 699 1972 αὐτῶν,
768 1892 1130 1962 ἠκολούθησαν
1202 1896 1365 1966 αὐτῷ.
1433 1916 1457 1950 ι
1515 1897 1763 1950 Φαίνεται
1792 1896 1821 1951 6
1868 1902 1967 1950 Ζε-

314 1983 539 2063 ϐεδαῖος
599 1982 680 2059 μὴ
747 1982 1060 2061 πιστεύσας,
1103 1982 1193 2038 καὶ
1228 1979 1313 2039 διὰ
1353 1989 1508 2040 τοῦτο
1557 1983 1769 2063 ἀφῆκαν
1811 1985 1966 2040 αὐτὸν

313 2060 479 2152 Ὀρᾷς
532 2070 666 2128 πότε
737 2069 823 2127 δεῖ
872 2060 1083 2148 ἀφεῖναι
1111 2070 1202 2125 τὸν
1252 2068 1475 2147 πατέρα,
1535 2060 1661 2127 ὅταν
1711 2070 1963 2150 ἐμποδίζῃ

315 2164 451 2242 πρὸς
504 2160 698 2240 ἀρετὴν
754 2160 844 2217 καὶ
900 2156 1220 2221 θεοσέϐειαν.
1281 2161 1433 2216 Οὗτοι
1496 2158 1551 2216 δὲ
1592 2158 1788 2224 ἰδόντες
1841 2161 1964 2225 τοὺς

316 2248 608 2329 προτέρους
718 2246 1156 2322 ἀκολουθοῦντας,

315 2338 687 2415 μιμησάτιενοι
717 2335 969 2399 ἐκείνους,

409 2446 433 2483 σ
486 2426 585 2484 Καὶ
613 2424 834 2504 περιῆγε
878 2426 906 2481 6
965 2420 1174 2491 ἰησοῦς
1225 2423 1359 2491 ’ὃλην
1414 2425 1514 2493 τὴν
1545 2424 1861 2501 Γαλιλαίαν,
1893 2424 1967 2482 δι-

315 2514 528 2571 δσίσκων
586 2514 639 2571 ἔν
689 2526 815 2579 ταῖς
873 2526 1212 2591 συναγωγαῖς
1284 2517 1479 2588 αὐτῶν,
1544 2515 1633 2571 καὶ
1688 2516 1963 2593 κηρύσσων

311 2606 382 2662 τὸ
438 2601 757 2682 Εὐαγγέλιον
841 2608 940 2670 τῆς
997 2601 1288 2678 βασιλείας.
1325 2622 1354 2661 ι
1407 2594 1532 2660 ’Ἰνα
1560 2602 1698 2682 δείξῃ
1742 2603 1821 2661 ὅτι
1871 2604 1964 2661 οὒκ

313 2693 463 2751 ἔστιν
510 2692 741 2755 ἐναντίος
798 2697 875 2764 τῷ
930 2691 1100 2767 νόμῳ,
1167 2691 1463 2772 εἰσέρχεται
1535 2694 1609 2757 είς
1668 2694 1762 2757 τὰς
1834 2716 1963 2753 συν·-

313 2782 536 2860 αγωγάς
581 2787 687 2838 τῶν
740 2778 997 2857 Εϐραίων,
1034 2802 1059 2834 ιο
1124 2782 1223 2838 Καὶ
1249 2782 1548 2859 θεραπεύων
1592 2788 1765 2840 πᾶσαν
1810 2785 1960 2842 νόσον

313 2872 407 2928 καὶ
460 2876 635 2928 πᾶσαν
690 2867 954 2945 μαλακίαν
1016 2867 1070 2924 ἐν
1139 2874 1217 2942 τῷ
1284 2869 1421 2944 λαῷ,
1459 2894 1486 2927 ι
1550 2872 1667 2930 Τῶν
1726 2875 1961 2948 σημείων

316 2958 566 3039 ἄρχεται,
624 2958 718 3014 ’ίνα
774 2958 1107 3025 πιστώσηται
1162 2956 1201 3013 ἅ
1226 2957 1478 3022 διδάσκει,
1541 2960 1711 3025 Νόσος
1742 2960 1794 3017 δέ
1820 2962 1960 3019 ἐστιν

311 3050 352 3117 ἡ
406 3048 599 3129 χρονία
687 3048 1037 3104 κακοπάθειαο
1124 3045 1356 3123 μαλάκία
1413 3048 1489 3125 δὲ,
1550 3051 1585 3118 ἡ
1644 3051 1959 3131 πρόσκαιρος

314 3136 592 3212 ἀνωμαλία
612 3144 705 3194 τοῦ
737 3138 1008 3213 σὼματος.

406 3245 439 3285 (
470 3227 567 3284 Καὶ
625 3223 835 3293 ἐξῆλθεν
891 3227 926 3293 ἡ
976 3225 1114 3295 ἀκοή
1174 3228 1331 3284 αὐτοῦ
1359 3227 1431 3292 εἷς
1462 3225 1594 3295 ὅλην
1621 3228 1722 3295 τὴν
1745 3230 1956 3306 Συρίαν,

315 3315 407 3371 καὶ
473 3317 840 3393 προσήνεγκαν
910 3313 1054 3389 αὒτῷ
1114 3314 1313 3380 πάντας
1374 3315 1495 3379 τούς
1525 3322 1702 3380 κακῶς
1734 3315 1959 3397 ἔχοντας

316 3402 586 3467 ποικίλαις
661 3403 838 3468 νόσοις
940 3403 1029 3459 καὶ
1091 3403 1340 3480 βασάνοις
1406 3406 1815 3485 συνεχομένους,
1874 3410 1961 3465 καὶ

315 3492 811 3568 σεληνιαζομένους,
900 3492 988 3549 καὶ
1104 3491 1511 3574 παραλυτικοὺς,
1595 3495 1681 3552 καὶ
1777 3495 1958 3574 ἐθερά-

316 3603 507 3639 πευσεν
561 3583 769 3646 αὖτοὺς.
808 3603 832 3639 ι
893 3583 999 3640 Οὐκ
1047 3580 1134 3661 (1)
1173 3582 1451 3659 ἀπῇτησεν
1508 3585 1535 3640 6
1585 3585 1813 3663 Χριστός
1842 3607 1960 3641 τινα

1274 2248 1492 2312 εἰκότως
1572 2247 1961 2329 ἠκολούθησαν,

317 3670 375 3727 ἐκ
434 3675 542 3726 τῶν
596 3668 1034 3749 προσαγομένων,
1106 3670 1301 3751 πίστιν,
1336 3669 1473 3728 διότι
1504 3671 1631 3729 αὐτὸ
1681 3672 1759 3752 (ἓ)
1806 3675 1961 3730 τοῦτο

317 3760 542 3821 πίστεως
599 3759 687 3833 ἦν,
746 3760 808 3814 τὸ
866 3758 1123 3835 μακρόθεν
1183 3759 1496 3839 προσφέρειν
1551 3760 1756 3825 αὐτούς.
1788 3760 1961 3829 Σελη-

317 3846 651 3922 νιαζομένους
710 3844 764 3903 δὲ
820 3845 963 3925 λέγει
1026 3848 1148 3909 τοὺς
1208 3845 1591 3923 δαιμονῶντας.
1629 3840 1685 3907 Ὀ
1717 3851 1816 3928 γὰρ
1838 3848 1955 3907 δαί-

321 3956 454 4009 μων,
518 3933 687 3991 θέλων
738 3935 1008 4014 ἑνσπεῖραι
1057 3949 1175 3998 τοῖς
1219 3936 1510 4013 ἀνθρώποις
1540 3936 1621 3995 ὅτι
1652 3941 1699 3994 οἱ
1741 3938 1956 4019 ἀστέρες

319 4023 599 4080 κακοποιοί
662 4024 815 4098 εἶσιν,
905 4024 1148 4103 ἐπετήρει
1206 4025 1304 4092 τὴν
1353 4024 1584 4097 σελήνην
1670 4026 1957 4086 όλόκυκλον

314 4111 498 4192 οὖσαν,
570 4113 661 4171 καὶ
727 4112 847 4170 τότε
913 4113 1199 4187 ἐπετίθετο,
1245 4113 1338 4170 ’ίνα
1367 4112 1490 4192 δόξῃ
1522 4117 1557 4183 ἡ
1610 4114 1810 4185 σελήνη
1867 4126 1957 4176 τοῦ

312 4201 512 4264 πίθους
572 4203 731 4277 αἰτία,
792 4205 879 4259 καὶ
934 4200 1192 4278 διαϐληθῇ
1232 4205 1267 4271 ἡ
1319 4202 1633 4283 δημιουργία
1679 4212 1771 4262 τοῦ
1802 4213 1954 4281 Θεοῦ,

314 4287 497 4368 ὥσπερ
526 4291 615 4347 καὶ
659 4292 706 4347 οἱ
738 4298 1034 4372 Μανιχαῖοι
1072 4290 1472 4359 ἐπλανήθησαν.

398 4380 500 4436 Καὶ
530 4377 897 4447 ἠκολούθησαν
944 4381 1084 4452 αὐτῷ
1126 4377 1281 4458 ὄχλοι
1313 4378 1503 4438 πολλοὶ
1558 4380 1662 4438 ἀπὸ
1731 4387 1831 4449 τῆς
1862 4389 1957 4438 Γα-

2049 1908 2181 1967 suo,
2213 1896 2399 1958 secuti
2460 1904 2597 1957 sunt
2649 1885 2809 1958 eum.
2847 1919 2874 1951 π
2912 1894 3167 1974 Apparet
3197 1885 3695 1980 Zebedaeumﬂn‘on

2048 1980 2399 2064 credidisse,
2451 1993 2510 2045 et
2548 1992 2861 2065 propterea
2907 1970 3277 2061 reliquerunt
3304 1992 3466 2037 eum.
3512 1970 3695 2065 Vides

2048 2069 2282 2149 quando
2313 2057 2907 2153 oportet-relinquere
2937 2057 3185 2152 patrem,
3223 2080 3438 2153 nempe
3458 2057 3694 2141 quando

2048 2155 2239 2219 obstat
2265 2160 2463 2222 virtuti
2494 2170 2551 2222 et
2581 2152 2887 2241 pietati.Hi
2912 2164 3110 2222 autem
3140 2164 3202 2217 ut
3232 2152 3501 2247 viderunt
3525 2163 3688 2247 prio-

2047 2262 2144 2307 res
2174 2258 2493 2328 sequentes
2522 2250 2847 2326 Cbristum,
2884 2247 3095 2311 merito
3124 2241 3313 2308 secuti
3352 2245 3512 2311 sunt,
3545 2241 3687 2296 imi-

2050 2344 2244 2401 tantes
2274 2340 2432 2404 illos.
3536 2415 3569 2425 κ
3618 2415 3651 2425 η

2130 2425 2308 2491 Vens.
2342 2429 2440 2492 23.
2482 2455 2508 2485 α
2542 2429 2612 2491 Ει
2671 2429 3020 2492 circumibat
3074 2429 3246 2491 Jesus
3300 2415 3688 2517 totamnGali-

2048 2513 2242 2598 lanam,
2275 2517 2496 2582 docens
2526 2522 2587 2580 in
2617 2520 2936 2600 synagogis
2964 2518 3225 2590 illorum,
3262 2520 3319 2574 et
3364 2505 3689 2591 praedicans

2047 2606 2416 2684 evangelium
2447 2609 2638 2685 regni.
2675 2637 2699 2669 ι
2732 2607 2807 2671 Ut
2836 2615 3127 2669 monstret
3177 2600 3333 2685 quod
3392 2614 3511 2685 non
3540 2611 3687 2655 con-

2046 2683 2259 2755 trarius
2299 2696 2378 2756 sit
2426 2683 2565 2776 legi,
2600 2696 2930 2776 ingreditur
2959 2696 3018 2756 in
3041 2683 3362 2774 synagogas
3396 2683 3686 2748 Hebraeo-

2044 2797 2202 2843 rum.
2245 2804 2266 2836 α
2304 2780 2376 2843 Ει
2424 2802 2641 2846 sanans
2701 2802 2939 2845 omnem
2997 2780 3272 2843 morbum
3342 2783 3399 2837 et
3449 2787 3686 2833 omnem

2044 2866 2389 2947 languorem
2444 2870 2506 2931 in
2565 2871 2803 2951 populo.
2840 2895 2868 2931 ι
2904 2871 2954 2933 Α
2985 2868 3172 2949 signis
3220 2862 3524 2951 incipitut
3552 2874 3687 2919 cre-

2043 2956 2259 3018 dantur
2310 2976 2442 3039 quaa
2496 2948 2667 3028 docet
2702 2981 2715 3018 :
2752 2958 2995 3021 morbus
3024 2948 3221 3020 autem
3274 2960 3369 3015 est
3411 2948 3690 3039 diuturna

2045 3043 2200 3106 mala
2256 3037 2529 3108 valetudo
2581 3069 2596 3107 :
2653 3048 2898 3127 languor
2955 3064 3094 3108 vero
3152 3037 3566 3122 temporarium
3632 3040 3690 3093 et

1979 3132 2416 3198 Cdeordinatio
2473 3135 2536 3198 in
2582 3154 2853 3217 corpore.

2122 3223 2306 3286 Vnus.
2339 3224 2436 3288 24.
2468 3250 2495 3281 σ
2532 3227 2607 3289 Ει
2635 3225 2953 3288 dimanavit
3000 3225 3156 3286 fama
3198 3220 3353 3284 illius
3406 3217 3469 3279 in
3503 3222 3683 3276 totam

2044 3310 2295 3392 Syriam,
2326 3320 2385 3375 et
2411 3318 2734 3377 attulerunt
2757 3315 2829 3377 ad
2863 3333 2999 3376 eum
3030 3328 3241 3373 omnes
3266 3307 3421 3369 male
3443 3304 3688 3367 allectos

2043 3401 2222 3464 variis
2250 3402 2566 3479 morbis,et
2596 3404 2949 3466 torminibus
2977 3403 3428 3493 contractos,_et
3466 3395 3684 3493 lunati:

2045 3508 2171 3571 cos,
2217 3499 2274 3551 et
2323 3492 2697 3574 paralyticos,
2729 3502 2789 3555 et
2840 3491 3064 3555 curavit
3112 3507 3236 3552 eos.
3274 3511 3302 3542 ι
3337 3484 3466 3546 Non
3494 3483 3689 3574 petiit

2044 3576 2310 3641 Christus
2328 3571 2403 3642 ab
2431 3571 2628 3663 aliquo
2653 3571 2721 3643 ex
2752 3582 2826 3643 iis
2846 3581 2946 3663 qui
2977 3579 3443 3664 adducebantur,
3478 3571 3685 3633 ﬁdem:

2043 3685 2178 3729 nam
2211 3668 2363 3731 istuc
2393 3671 2587 3750 ipsum
2619 3690 2653 3732 a
2681 3674 2854 3751 longe
2887 3672 3122 3744 aﬁ'erre,
3156 3667 3291 3731 ﬁdei
3322 3664 3681 3751 erat.Luna-

2043 3755 2192 3819 ticos
2212 3766 2411 3820 autem
2434 3760 2578 3821 dicit
2605 3750 3028 3823 daemoniacos.
3054 3762 3295 3823 Daemon
3311 3755 3469 3816 enim
3487 3750 3686 3812 volens

2040 3845 2381 3939 hominibus
2427 3850 2791 3928 persuadere
2817 3849 2974 3932 quod
3006 3848 3191 3911 stellae
3224 3842 3508 3912 maleﬁcae
3538 3837 3683 3939 sin}.

2041 3933 2313 3998 observat
2339 3939 2432 3996 23
2461 3939 2661 4000 lunam
2692 3958 2829 4002 cum
2863 3940 3096 4019 integra
3116 3945 3226 4016 est,
3261 3944 3320 3997 et
3361 3942 3499 3995 tunc
3535 3933 3686 3990 insi-

2041 4022 2262 4104 diatur,
2296 4033 2360 4086 ut
2388 4026 2656 4090 videatur
2685 4033 2825 4091 luna
2856 4028 3145 4111 passionis
3173 4034 3232 4086 et
3262 4021 3454 4086 morbi
3484 4035 3684 4094 causa,

2041 4121 2099 4175 et
2125 4115 2433 4195 rejiciatur
2461 4119 2763 4199 opiﬁcium
2787 4120 2915 4201 Dei,
2950 4115 3452 4201 quemadmodum
3485 4120 3541 4173 et
3565 4113 3685 4172 Ma-

2039 4201 2188 4265 chaai
2222 4213 2445 4266 errant.

2119 4368 2302 4435 Vsus.
2334 4371 2433 4437 25.
2473 4398 2500 4430 α
2535 4376 2608 4438 Et
2638 4388 2858 4440 secula
2886 4386 3021 4440 sunt
3052 4395 3188 4439 eum
3218 4373 3405 4437 turbae
3436 4368 3689 4431 multaea

316 4464 549 4547 λιλαίας,
610 4468 698 4524 καὶ
780 4456 1196 4541 Δεκαπόλεωςξ
1228 4470 1315 4525 καὶ
1415 4460 1810 4549 Ἰεροσολὺμων,
1872 4473 1959 4529 καὶ

2061 4456 2299 4549 Ξοιὶιωο,
2328 4472 2388 4523 et
2430 4465 2735 4545 Decapoli,
2763 4476 2820 4528 et
2851 4465 3296 4547 Hierosolymis,
3354 4470 3412 4524 et
3459 4457 3684 4532 Judaaa,

316 4550 571 4621 Ἰουδαίας
600 4556 688 4612 καὶ
714 4555 878 4637 πέραν
902 4563 996 4613 τοῦ
1038 4554 1316 4636 Ἰορδάνου.

960 4645 1333 4709 KE¢AA.EC

318 4731 446 4808 Περὶ
473 4813 484 4818 _
526 4738 651 4818 τῶνΔ
695 4740 1071 4818 μακαρισμῶν.
1162 4736 1284 4818 Περι
1351 4742 1445 4793 τοῦ
1512 4736 1591 4818 μὴ
1641 4735 1962 4818 φιλονεικεῖν

398 4755 446 4808 ρι
526 4755 632 4789 των
695 4755 1071 4869 μακαρισμων.
1164 4755 1284 4813 ιιερι
1351 4757 1445 4793 του
1512 4755 1591 4812 μη
1641 4755 1957 4818 φιλονεικεῖν

398 4813 529 4897 πρὸς
607 4814 699 4870 τὸν
793 4837 837 4897 π
871 4815 1045 4897 ησίον,
1164 4815 1283 4897 Περὶ
1378 4821 1470 4871 τοῦ
1522 4815 1601 4891 μὴ
1662 4819 1957 4897 μοιχεύειν,

399 4893 523 4973 Περὶ
551 4899 673 4973 ,τοῦ
742 4895 830 4973 μὴ,
871 4891 1119 4950 ἀπολύειν
1188 4891 1287 4961 τὴν
1358 4908 1606 4973 γυναῖκα,
1696 4891 1817 4973 Πέρὶ
1873 4898 1964 4955 τοῦ

399 4920 523 4970 Περι
578 4920 673 4949 του
871 4920 1119 4950 αποΛυειν
1188 4920 1287 4961 την
1358 4920 1606 4973 γυναικα,
1873 4920 1962 4955 του

398 4970 478 5058 μη
536 4972 743 5058 ὀμόσαι-
789 4972 952 5058 ὅλως.
1019 4975 1151 5058 ,Περὶ
1222 4981 1315 5032 τοῦ
1383 4975 1478 5039 τὰς
1528 4972 1698 5053 ὕϐρεις
1762 4920 1962 5058 Σιὲχε-

400 5053 542 5135 σθαι,
662 5053 751 5135 καὶ
812 5052 1132 5135 Δἀντιστῆναι
1233 5059 1309 5126 τῷ
1378 5052 1616 5133 πονηρῷ,
1669 5058 1792 5135 Περὶ
1858 5052 1965 5115 ⁷’ξοῦ

396 5129 609 5208 ἀγαπᾷν
641 5133 764 5197 τούς
810 5130 1055 5213 ἐχθρούς.

366 5226 367 5229 “
402 5239 430 5272 ι
464 5215 611 5276 Ἰδὼν
662 5218 717 5276 δὲ
746 5221 869 5284 τοὺς
910 5219 1134 5301 ὄχλους,
1169 5220 1330 5290 ἀνέϐη
1362 5224 1433 5289 εἷς
1462 5224 1522 5279 τὸ
1552 5222 1692 5304 ὄρος.
1734 5248 1756 5282 ι
1798 5225 1958 5282 Διδά-

312 5327 459 5365 σκων
528 5309 796 5386 suum;
822 5310 939 5366 κατ’
973 5307 1210 5377 ἐπίδειξίν
1240 5333 1290 5368 τι
1333 5324 1532 5393 ποιεῖν,
1566 5311 1829 5371 ἀναϐαίνει
1890 5316 1959 5381 εἷς

2043 4554 2103 4609 et
2130 4548 2475 4627 regionibus
2500 4560 2659 4620 trans
2686 4553 3010 4618 Iordanem
3043 4557 3195 4618 sitis.
3226 4579 3248 4614 ιι

2688 4649 2931 4713 CAPUT
2982 4649 3054 4712 V.

2043 4731 2127 4795 De
2149 4734 2658 4818 Beatitudtnioua.
2696 4739 2860 4814 Quod
2884 4759 3009 4803 non
3037 4742 3214 4805 liceat
3254 4757 3385 4801 cum
3405 4738 3686 4818 proximo

2125 4815 2682 4894 contendere.Quod
2703 4837 2828 4883 non
2849 4820 3021 4884 liceat
3044 4815 3534 4894 machariﬂuod
3562 4834 3689 4878 non

2128 4892 2301 4956 liceat
2330 4892 2579 4959 uxorem
2609 4899 2936 4964 dimittere.
2974 4902 3139 4976 Quod
3168 4920 3293 4964 non
3320 4892 3498 4961 liceat
3518 4899 3687 4974 iura-

2125 4992 2190 5058 re
2236 4977 2511 5058 omnino.
2571 4978 2752 5055 Quod
2803 4981 3193 5044 contumelias
3246 4980 3567 5058 sustinere,
3629 4983 3689 5039 et

2123 5052 2360 5143 diabolo
2390 5052 2669 5143 resistere
2692 5069 2974 5141 oporteat.
2996 5061 3171 5141 Quod
3202 5067 3473 5143 oporteat
3503 5052 3686 5123 etiam

2122 5133 2400 5198 inimicos
2437 5136 2715 5217 diligere.

2123 5224 2301 5291 Vsus.
2340 5230 2395 5291 1.
2434 5251 2457 5286 «
2496 5230 2569 5292 Et
2611 5251 2745 5303 cum
2794 5236 3035 5298 vidisset
3078 5236 3299 5313 turbas,
3330 5235 3598 5298 ascendit
3625 5236 3686 5299 in

2043 5324 2368 5380 montem.»
2404 5320 2636 5382 Docens
2668 5341 2774 5384 nos
2804 5325 2948 5388 nihil
2970 5327 3041 5389 ad
3065 5325 3519 5389 ostentationem
3552 5344 3686 5391 esse

1416 5429 1503 5492 Ex
1535 5430 1853 5498 collatione
1879 5435 2058 5500 codd.
2091 5434 2305 5504 Venet.
2339 5441 2402 5506 S.
2434 5444 2613 5507 Marci

423 5544 478 5621 1)
509 5544 608 5601 Διὰ
634 5545 685 5603 τί
727 5548 820 5605 οὐκ
849 5545 982 5609 cod.
1013 5546 1115 5613 29.

423 5544 478 5621 1)
509 5544 608 5601 Διὰ
634 5545 685 5603 τί
727 5548 820 5605 οὐκ
849 5545 982 5609 cod.
1013 5546 1115 5613 29.

511 5623 836 5710 At§rt_961rm
864 5631 963 5696 τῆς
996 5627 1177 5710 Δαὐτοῦ
1205 5627 1474 5708 δυνάμεως
1502 5643 1692 5710 πεῖραν
1736 5635 1804 5703 ἧν
1862 5635 1954 5695 δε-

308 5703 517 5770 δωκώς.
572 5703 799 5772 ’Ἄλλως
828 5728 885 5764 τε
927 5707 1014 5766 καὶ
1040 5710 1165 5770 αὐτὸ
1193 5703 1365 5776 τοῦτο.
1403 5731 1428 5769 ε
1491 5703 1638 5786 Quia
1694 5714 1959 5783 nondum

2037 5574 2159 5650 suae
2187 5558 2417 5654 virtutis
2442 5566 2912 5654 experimentum
2947 5571 3234 5650 dederat;
3264 5578 3324 5636 et
3348 5570 3496 5636 alias
3535 5571 3689 5641 istuc

2037 5642 2230 5720 ipsum
2268 5664 2292 5702 ι
2328 5642 2486 5708 idem
2514 5642 2651 5711 cod.
