4122 6270
410 346 522 410 187

1370 343 1961 415 THEOPHYLACTI
2003 342 2414 411 BULGARIA‘]
2459 353 2815 416 ARCHIEP.

3662 361 3770 424 188

401 477 1037 567 faciendum,ascendit
1057 484 1116 546 in
1138 491 1399 546 montem
1431 480 1920 560 Quandoquidem
1936 495 2030 539 au-

2129 478 2188 530 τὸ
2246 477 2386 555 ὅρος·
2464 481 2574 538 ἐπεὶ
2631 484 2729 563 γὰρ
2783 484 2973 559 ἔμελλε
3005 485 3286 563 διδάσκειν,
3357 489 3596 548 παιδεύει
3627 493 3770 567 ἡμᾶς

401 573 517 655 tem
550 566 833 632 docturus
866 580 1018 648 erat,
1077 573 1275 635 erudit
1323 593 1429 634 nos
1462 590 1496 633 a
1527 570 1722 632 media
1765 568 2030 632 secedert

2129 571 2236 621 τῶν
2295 568 2348 624 ἐν
2407 569 2554 647 μέσῳ
2606 573 2910 653 ἀναχωρεῖν
2958 574 3209 655 θορύϐων,
3262 581 3385 636 ὅταν
3419 578 3768 655 διδάσκωμεν.

398 653 591 731 turba,
625 661 860 739 quando
889 663 1196 726 docemus.
1234 688 1259 718 α
1294 663 1530 724 Etcum
1587 659 1842 722 sedisset
1896 658 2042 736 ipse,

396 757 774 810 accesserunt
801 751 875 812 ad
900 770 1033 813 eum
1057 751 1330 830 discipuli
1381 751 1528 829 ejus.
1565 773 1591 804 ι
1627 747 1776 808 Aliae
1806 745 2046 828 quidem

399 832 844 917 turbaapropter
869 841 1173 914 miracula,
1209 840 1482 920 discipuli
1542 846 1742 900 autem
1805 843 2046 916 propter

395 921 726 987 doctrinam
757 929 1070 1006 accedunt,
1101 931 1258 993 unde
1293 936 1603 1011 postquam
1637 925 1867 987 curavit
1908 942 2045 986 cor-

397 1029 562 1092 pora,
589 1023 649 1076 et
670 1015 810 1079 fecit
833 1018 1142 1101 miracula,
1167 1027 1333 1082 curat
1362 1019 1589 1080 animas
1625 1035 1638 1078 :
1668 1024 1729 1076 ut
1751 1014 2046 1077 discamus

396 1101 553 1180 quod
585 1112 644 1164 et
669 1106 1001 1170 animarum
1033 1117 1091 1172 et
1122 1125 1441 1189 corporum
1471 1106 1546 1168 sit
1566 1104 1780 1186 opifex.

480 1191 654 1254 Vens.
689 1192 748 1258 2.
777 1221 803 1251 α
840 1199 909 1258 Et
937 1206 1142 1277 aperto
1174 1217 1276 1259 ore
1299 1216 1427 1258 suo.
1457 1221 1484 1251 ιι
1522 1193 1718 1267 Quare
1773 1191 2037 1254 additum

393 1285 503 1368 est,
537 1290 741 1361 aperto
773 1303 876 1347 ore
906 1286 1050 1348 suo?
1076 1286 1311 1348 videtur
1361 1284 1514 1368 quod
1550 1282 1890 1362 superﬂuat.
1925 1280 2039 1343 Mi-

392 1365 594 1444 nime;
631 1370 829 1434 docuit
857 1374 1014 1436 enim
1049 1377 1223 1437 etiam
1253 1365 1721 1454 nonvaperiendo
1754 1391 1818 1432 os
1840 1387 2033 1432 suum.

2136 677 2163 708 α
2200 658 2294 713 Καὶ
2324 660 2630 726 καθίσαντος
2691 663 2847 723 αὒτοῦ
2905 663 3202 743 προσῆλθον
3262 667 3402 742 αὖτῷ
3436 669 3483 727 οἶ
3541 671 3772 743 μαθηταὶ

2129 748 2362 837 αὐτού.)
2400 751 2458 806 Οἱ
2504 750 2599 837 μὲν
2631 750 2789 831 ὄχλοι
2847 751 2930 823 διή
2988 754 3055 809 τὰ
3118 754 3373 837 θαυϐατα,
3409 760 3456 814 οἱ
3487 756 3542 814 δὲ
3601 762 3771 834 μαθη-

2127 834 2210 888 ταὶ
2254 832 2337 891 διὰ
2394 839 2460 893 τὰ
2517 836 2808 917 διδάγματα
2865 842 3272 922 προσέρχονται’
3322 832 3436 901 ὃθεν
3508 832 3770 921 καὶ-μετὰ

2125 922 2186 977 τὸ
2217 921 2494 1004 πληρῶσαι
2556 928 2622 984 τὰ
2688 930 2948 1007 θαύματα,
3009 921 3101 987 xui
3153 936 3463 1011 θεραπεῦσαι
3538 933 3602 990 τὰ
3659 935 3769 990 σώ-

2128 1032 2289 1092 ματα,
2349 1017 2618 1092 θεραπεὺει
2689 1019 2774 1073 καὶ
2831 1019 2925 1082 τὰς
2985 1021 3188 1100 ψυχὰς·
3243 1021 3335 1077 ἵνα
3379 1022 3652 1098 μάθωμεν,
3686 1021 3765 1077 ὅτι

2127 1102 2212 1156 καὶ
2253 1104 2444 1183 ψυχῶν
2473 1107 2561 1161 καὶ
2605 1108 2866 1182 σωμάτων
2909 1108 3063 1173 αὐτός
3092 1109 3203 1165 ἐστι
3234 1108 3576 1188 δημιουργός.

2210 1211 2233 1244 ε
2275 1192 2370 1247 Καὶ
2435 1192 2637 1259 ἀνοίξας
2703 1197 2763 1250 τὸ
2820 1196 2989 1272 στόμα
3019 1201 3194 1256 αὐτοῦ.
3228 1221 3254 1253 ι
3309 1198 3404 1253 Διὰ
3447 1199 3762 1269 τίπρόσκειυ

2121 1299 2207 1333 ται
2236 1281 2319 1352 τὸ,
2364 1301 2386 1334 ι
2424 1278 2657 1349 Ἀνοίξας
2687 1286 2746 1342 τὸ
2777 1285 2948 1360 στόμα
2978 1288 3136 1344 αὐτοῦ
3173 1305 3188 1360 ;
3225 1307 3249 1346 ι
3287 1288 3524 1367 φαίνεται
3555 1288 3655 1365 γὰρ
3684 1285 3764 1344 ὅτι

2123 1371 2364 1436 περιττόν
2435 1372 2598 1436 ἐστιν,
2661 1373 2809 1431 Ἀλλ’
2868 1381 3013 1455 οὗχίο
3076 1378 3161 1433 καὶ
3213 1378 3289 1452 μὴ
3322 1378 3545 1446 ἀνοίγων
3575 1379 3674 1456 γὰρ
3703 1379 3765 1433 τὸ

394 1454 747 1527 Quomodo?
807 1482 912 1542 per
958 1465 1134 1526 vitam
1184 1473 1241 1526 et
1301 1463 1604 1536 miracula,
1654 1479 1810 1522 nunc
1841 1467 2030 1521 autem

2128 1459 2316 1534 στόμα,
2363 1459 2651 1524 ἐδίδασκεν.
2702 1470 2871 1539 Πῶς;
2930 1463 3014 1522 διὰ
3069 1473 3158 1522 τυῦ
3188 1466 3302 1542 βίου
3332 1467 3417 1522 καὶ
3473 1472 3578 1522 τῶν
3633 1470 3766 1523 θαυ-

394 1547 668 1624 aperiens
691 1569 780 1631 os,
804 1552 996 1614 docet.
1034 1579 1061 1608 α
1095 1552 1362 1616 Docebat
1391 1570 1515 1631 eos,
1573 1550 1796 1610 dicens.
1836 1573 1858 1604 ι
1908 1550 2030 1610 Non

2128 1548 2327 1622 μάτωνο
2387 1553 2472 1606 νῦν
2503 1551 2557 1608 δὲ
2617 1553 2842 1631 ἀνοίγων
2896 1555 2956 1611 τὸ
3017 1555 3215 1634 στόμα,
3259 1552 3517 1617 διδάσκει,
3557 1576 3586 1608 ι
3631 1551 3768 1611 Ἐδί-

392 1641 617 1722 tantum
642 1636 990 1722 discipulos,
1017 1643 1120 1704 sed
1144 1651 1203 1704 et
1237 1641 1493 1703 turbam.
1529 1639 1739 1718 Incipit
1780 1643 1974 1700 autem
2007 1655 2030 1698 ε

2128 1633 2308 1694 δασκεν
2380 1642 2585 1716 αὖτοός,
2646 1641 2838 1720 λέγων.
2880 1666 2905 1699 n
2955 1645 3026 1702 Οὐ
3055 1645 3175 1709 τούς
3201 1633 3209 1634 7
3238 1645 3478 1719 μαθητὰς
3543 1643 3762 1722 μόνους,

393 1720 878 1812 beatitudinibus,
937 1720 1087 1793 sicut
1141 1740 1198 1792 et
1246 1729 1424 1793 David
1477 1749 1509 1790 a
1546 1726 2030 1789 beatitudinein-

2128 1724 2256 1781 ἀλλὰ
2325 1729 2409 1784 καὶ
2464 1731 2551 1786 τὸν
2622 1730 2808 1810 ὄχλον
2877 1733 3098 1812 ἄρχεται
3151 1731 3203 1787 δὲ
3262 1733 3366 1788 ἀπὸ
3398 1739 3501 1789 τῶν
3542 1720 3765 1809 μακαριξ

391 1811 588 1890 cepit.
2120 1816 2292 1889 σιμῶν,
2325 1817 2500 1894 ὥσπερ
2530 1820 2616 1875 καὶ
2645 1822 2672 1875 ὁ
2707 1820 2872 1876 Δαυίδ
2900 1811 3004 1878 ἀπὸ
3036 1829 3369 1900 μακαρισμοῦ
3398 1818 3615 1895 ἤρξατο.

471 1902 652 1966 Vens.
691 1904 747 1969 3.
792 1931 812 1962 ι
852 1907 1017 1970 Beati
1041 1927 1334 1989 pauperes
1357 1903 2030 1988 spiritu,quoniam,illo-

2206 1928 2231 1958 ι
2280 1907 2534 1985 Μακάριοι
2590 1909 2637 1964 οἱ
2667 1912 2878 1990 πτωχοὶ
2905 1917 2980 1985 τῷ
3017 1912 3274 1980 πνεύματι
3306 1910 3386 1967 ὅτι
3420 1909 3589 1966 αὐτῶν
3621 1909 3762 1966 ἐστιν

389 2005 519 2049 rum
557 2000 645 2052 est
674 2012 919 2073 regnum
955 1998 1262 2060 malorum.
1305 2019 1327 2050 ι
1362 1996 1626 2056 Primum
1685 1992 2030 2054 modestiam

2128 1994 2152 2060 ἥ
2201 1993 2438 2070 βασιλείῃ
2509 2003 2611 2052 τῶν
2673 2000 2926 2076 οὐρανῶν.
2988 2018 3017 2058 1
3103 1999 3210 2065 Τὴν
3281 1999 3758 2076 ταπεινοφροσύνην

391 2087 448 2138 et
517 2081 907 2147 humilitatem
962 2088 1147 2148 animi
1201 2107 1312 2149 ceu
1367 2085 1813 2147 fundamentum
1865 2082 2030 2161 jacit.

2128 2083 2604 2160 προκαταϐάλλεται
2635 2087 2813 2165 ὥσπερ
2869 2086 3135 2162 θεμέλιον,
3172 2086 3320 2145 Ἐπεὶ
3373 2088 3472 2166 γὰρ
3531 2087 3589 2142 ἐκ
3660 2090 3758 2154 τῆς

387 2166 530 2229 Nam
565 2173 841 2250 quoniam
895 2185 1136 2256 propter
1185 2175 1522 2255 superbiam
1567 2172 1758 2236 Adam
1791 2171 2030 2244 cecidit,

2128 2170 2470 2251 ὅπερηνρανίας
2525 2173 2706 2231 ἔπεσεν
2778 2179 2805 2231 ὁ
2866 2173 3057 2251 Ἀδάμ,
3113 2173 3195 2231 διὸ
3256 2181 3348 2242 τῆς
3400 2196 3758 2253 ταπεινοφρο-

389 2276 495 2335 per
519 2258 913 2325 humilitatem
930 2267 1096 2344 erigit
1119 2285 1224 2327 nos
1250 2259 2030 2343 Chrtslus,quandoquidem

2128 2258 2275 2326 τύνης
2333 2263 2546 2342 ἀνορθοῖ
2595 2266 2736 2339 ἡμᾶς
2796 2267 2823 2321 ὁ
2870 2266 3116 2343 Χριστός·
3184 2263 3375 2330 ἤλπισε
3433 2263 3530 2342 γὰρ
3587 2261 3756 2337 Ἀδάμ

388 2344 547 2408 Deus
578 2351 705 2411 ﬁeri
738 2354 1011 2432 sperabat
1040 2355 1251 2416 Adam.
1292 2352 1539 2417 Contriti
1572 2359 1765 2411 autem
1809 2349 2028 2424 anima,

390 2444 525 2496 sunt
556 2456 848 2519 pauperes
872 2443 1105 2522 spiritu.

466 2524 646 2589 Vens.
679 2529 736 2590 4.
778 2554 801 2586 ε
840 2530 1004 2592 Beati
1035 2532 1132 2613 qui
1166 2532 1394 2612 lugent,
1426 2529 1703 2612 quoniam
1735 2525 1849 2606 ipsi
1879 2543 2026 2586 con-

386 2614 734 2679 solationem
765 2621 1238 2700 accipient.»Qui
1262 2627 1506 2702 propter
1536 2622 1776 2698 peccata
1805 2615 2023 2693 lugent,

386 2722 502 2764 non
564 2716 805 2787 propter
863 2712 1236 2791 temporalia;
1284 2711 1564 2788 lugentes
1611 2713 1805 2766 autem
1857 2703 2026 2783 dixit,

387 2811 626 2872 semper
654 2797 876 2859 scilicet
906 2806 1112 2862 etnon
1147 2798 1335 2861 semel
1368 2819 1380 2860 :
1417 2804 1474 2858 et
1516 2813 1632 2856 non
1679 2811 1782 2872 pro
1814 2793 2028 2853 nostris

386 2883 647 2960 peccatis
680 2892 929 2968 tantum,
952 2889 1055 2950 sed
1089 2897 1143 2950 et
1177 2908 1280 2969 pro
1316 2885 1575 2968 peccatis
1599 2881 2024 2964 proximorum.

386 2969 816 3036 Cosolationem
849 2995 991 3038 vero
1022 2977 1318 3058 accipient
1347 2983 1404 3037 et
1425 2975 1523 3035 hic
1557 2991 1570 3034 :
1607 2971 1707 3051 qui
1737 2970 1895 3032 enim
1929 2971 2027 3032 lu-

384 3067 481 3139 get
511 3072 754 3144 propter
786 3075 1047 3145 peccata,
1101 3067 1314 3146 gaudet
1359 3062 1781 3146 spiritualiter:
1818 3066 1876 3121 et
1908 3058 2028 3121 illic

383 3169 617 3231 quoque
650 3154 836 3216 multo
867 3159 1076 3234 magis.

464 3241 646 3305 VERS.
672 3241 728 3301 5.
775 3268 798 3298 α
825 3242 990 3305 Beati
1018 3245 1215 3318 mites,
1241 3244 1520 3325 quoniam
1557 3242 1663 3322 ipsi
1705 3237 2026 3301 haeredita-

382 3336 501 3388 tem
533 3329 823 3410 accipient
845 3341 1041 3396 terrae.
1083 3359 1102 3390 ι
1147 3333 1344 3414 Aliqui
1402 3329 1770 3412 spiritualem
1806 3336 2033 3390 terram

382 3416 611 3507 dicunt,
647 3421 860 3482 caelum
895 3421 1166 3483 videlicet
1192 3440 1425 3484 :verum
1452 3430 1512 3482 tu
1544 3429 1600 3483 et
1621 3420 1791 3507 hanc,
1809 3425 2024 3507 terram

384 3506 672 3586 intellige;
705 3511 982 3589 quoniam
1017 3511 1174 3572 enim
1209 3518 1496 3592 putantur
1535 3508 1730 3586 mites,
1762 3506 2026 3584 despecti

384 3601 442 3656 et
471 3596 699 3675 inopes,
733 3598 876 3660 dicit
906 3600 1063 3680 quod
1091 3601 1148 3660 hi
1181 3599 1364 3679 magis
1396 3599 1596 3659 omnia
1627 3593 2025 3658 habeant.Mi-

383 3689 474 3745 tes
506 3692 697 3746 autem
732 3696 888 3761 sunt,
925 3708 1042 3750 non
1071 3689 1171 3769 qui
1207 3707 1448 3769 prorsus
1498 3705 1618 3748 non
1670 3685 2024 3758 irascuntur,

381 3772 527 3833 tales
552 3775 706 3835 enim
739 3775 1090 3858 insipientes
1113 3787 1250 3838 sunt
1272 3785 1329 3838 et
1359 3773 1781 3855 insensati,sed
1803 3772 1903 3853 qui
1925 3773 2028 3832 ira

382 3861 622 3942 quidem
653 3866 746 3925 9.4
773 3867 889 3928 vim
922 3866 1477 3942 habent,continent
1501 3875 1723 3943 tamen,
1755 3872 1813 3924 et
1841 3879 2027 3943 quan-

383 3950 458 4011 do
489 3961 719 4031 oportet
743 3955 1102 4019 irascuntur.

465 4045 655 4104 Vsus.
687 4046 747 4105 6.
781 4043 947 4106 Beati
977 4046 1076 4122 qui
1107 4045 1377 4107 esuriunt
1401 4050 1459 4105 et
1487 4042 1694 4104 sitiunt
1711 4041 2024 4122 justitiam,

382 4131 664 4214 quoniam
717 4133 797 4194 illi
857 4136 1298 4198 saturahuntur.
1333 4159 1360 4190 ι»
1422 4130 1916 4211 Quandoquidem
1955 4129 2029 4192 de

382 4221 792 4284 misericordia
838 4223 1103 4286 dicturus
1152 4232 1262 4299 est,
1295 4222 1554 4286 ostendit
1608 4221 1861 4300 primum
1894 4237 2026 4280 ser—

382 4311 628 4371 vandam
653 4311 967 4392 justitiam,
1005 4321 1062 4374 et
1090 4312 1525 4393 eleemosyuam
1580 4330 1697 4371 non
1722 4328 1789 4369 ex
1825 4308 2030 4388 rapina

384 4399 664 4462 dandam.
693 4401 1092 4482 Porrojutitia
1122 4401 1285 4462 omni
1328 4421 1460 4462 cum
1497 4399 1796 4463 alacritate
1851 4413 2028 4459 exer-

2119 2349 2244 2412 Θεὸς
2274 2351 2526 2426 γενέσθαι.
2564 2355 2622 2410 Oi
2683 2353 3108 2430 συντετριμμένοι
3166 2352 3220 2407 δὲ
3275 2359 3342 2428 τῇ
3393 2357 3568 2431 ψυχῇ,
3616 2355 3753 2408 οὗτοι

2116 2440 2325 2517 πτωχοὶ
2353 2446 2430 2513 τῷ
2457 2443 2736 2517 πνεύματι,

2199 2528 2514 2605 «Μακάριοι
2572 2534 2618 2585 οἱ
2675 2533 3006 2605 πενθοῦντες,
3069 2529 3148 2585 ὅτι
3208 2529 3358 2586 αὐτοὶ
3397 2527 3752 2607 παρακληθή-

2112 2634 2312 2676 σονται.
2351 2639 2376 2670 ι
2440 2619 2498 2674 0i
2552 2620 2636 2674 επὶ
2692 2631 2809 2682 τοῖς
2864 2620 3206 2696 ἂπαρτήμασι
3258 2621 3586 2690 πενθοῦντες,
3633 2618 3755 2696 οὐχὶ

2109 2703 2196 2757 imi
2255 2727 2353 2760 τινι
2383 2707 2487 2762 τῶν
2517 2708 2802 2782 βιωτικῶν·
2836 2711 3142 2770 πενθοῦντες
3175 2704 3229 2760 δὲ
3256 2707 3402 2778 εἷπε,
3463 2705 3750 2785 τουτέστιν,

2113 2789 2190 2846 ἀεὶ
2248 2795 2332 2850 καὶ
2365 2796 2464 2874 οὐχ
2494 2795 2654 2861 ἅπαξο
2687 2798 2774 2854 καὶ
2815 2796 2920 2876 οὒχ
2963 2795 3091 2875 ὑπὲρ
3147 2801 3253 2853 τῶν
3275 2793 3547 2874 ἡμετέρων
3578 2796 3751 2873 ἀμαρ-

2109 2883 2363 2955 τημάτων
2422 2884 2603 2964 μόνον,
2676 2883 2809 2941 ἀλλὰ
2879 2887 2966 2942 καὶ
3022 2887 3150 2962 ὑπὲρ
3205 2891 3309 2941 τῶν
3368 2893 3461 2943 τοῦ
3501 2883 3748 2950 πλησίον.

2112 2971 2617 3045 Παρακλῆθὴσονται
2679 2974 2733 3030 δὲ
2791 2978 2881 3032 καὶ
2932 2975 3173 3032 ἐνταῦθα·
3255 2978 3284 3030 ὁ
3368 2974 3467 3052 γὰρ
3551 2975 3748 3029 πενθῶν

2110 3057 2178 3114 δι’
2234 3062 2514 3142 ἁμαρτίαν,
2576 3064 2750 3143 χαίρει
2807 3070 3197 3140 πνευματικῶς⁶
3227 3065 3315 3120 καὶ
3345 3063 3460 3119 ἐκεῖ
3489 3060 3543 3117 δὲ
3569 3059 3749 3135 πολλῷ

2045 3141 2086 3190 C
2113 3147 2343 3224 μᾶλλον,

2200 3257 2226 3296 ι
2263 3241 2520 3320 Μακάριοι
2551 3244 2597 3299 οἱ
2628 3255 2836 3319 πραεῖς,
2868 3242 2948 3298 ὅτι
2979 3243 3123 3298 αὐτοὶ
3163 3240 3622 3317 κληρονομήσουσι
3653 3239 3748 3306 τὴν

2112 3325 2232 3404 γῆν.
2273 3352 2300 3384 ι
2354 3329 2498 3393 Τινὲς
2550 3336 2676 3408 γῆν,
2741 3331 2836 3398 τὴν
2893 3329 3092 3397 νοητὴν
3146 3351 3326 3409 φασιν,
3387 3328 3509 3396 ἢτοι
3542 3329 3630 3383 τὸν
3664 3326 3753 3383 οὗ·

2112 3417 2287 3494 ρανόν·
2349 3418 2489 3488 πλὴν
2573 3419 2709 3476 ἀλλὰ
2764 3421 2850 3477 καὶ
2928 3421 3025 3487 τὴν
3106 3419 3299 3486 ταύτην
3386 3418 3516 3480 νόει.
3605 3417 3752 3474 Ἐπεὶ

2113 3507 2210 3585 γὰρ
2281 3509 2575 3584 νομίζονται
2662 3512 2708 3565 οἱ
2787 3523 3001 3587 πραεῖς,
3082 3506 3606 3588 καταπεφρονημένοι
3665 3507 3751 3561 καὶ

2112 3595 2553 3674 ἀποστερούμενοι
2606 3600 2709 3655 τῶν
2758 3600 3129 3678 ὑπαρχόντων,
3190 3599 3370 3676 φησὶν,
3432 3595 3513 3651 ὅτι
3547 3592 3752 3670 μᾶλλον

2111 3687 2252 3742 οὗτοι
2301 3687 2365 3742 τὰ
2421 3690 2593 3743 πὰντα
2647 3687 2854 3767 ἔχουσι.
2911 3695 3107 3763 Πραεῖς
3168 3685 3221 3742 δέ
3251 3688 3403 3758 εἰσιν,
3437 3685 3539 3764 οὔχ
3570 3685 3617 3740 οἱ
3648 3706 3755 3758 μηο

2111 3773 2279 3839 δόλως
2338 3776 2665 3854 ὀργιζόμενοι
2695 3775 2769 3854 (οἱ
2812 3783 3038 3833 τοιοῦτοι
3091 3776 3188 3854 γὰρ
3220 3772 3580 3853 ἀναίσθητοι),
3634 3770 3752 3828 ἀλΑ⁹

2112 3866 2158 3919 oi
2209 3867 2369 3939 θυμὸν
2425 3866 2522 3939 μὲν
2581 3862 2823 3945 ἔχοντες,
2884 3871 3192 3944 κρατοῦντες
3249 3861 3326 3941 δὲ,
3388 3863 3474 3919 καὶ
3531 3861 3616 3917 ὅτε
3671 3859 3752 3916 δεῖ

2114 3955 2467 4033 ὀργιζόμενοι.

2193 4064 2223 4103 (
2259 4045 2515 4123 Μακάριοι
2576 4045 2621 4102 οἱ
2657 4051 2941 4108 πεινῶντες
3001 4045 3088 4100 καὶ
3118 4042 3377 4119 διψῶντες
3416 4043 3514 4109 τὴν
3546 4041 3752 4098 δικαιο-

2112 4133 2296 4206 σύνην,
2359 4132 2438 4188 ὅτι
2498 4135 2640 4192 αὐτοὶ
2696 4135 3177 4212 χορτασθήσονται,
3231 4154 3253 4190 ι
3296 4130 3512 4198 Ἐπειδὴ
3568 4127 3751 4205 μέλλει

2113 4225 2229 4300 περὶ
2275 4221 2637 4299 ἐλεημοσύνης
2698 4224 2892 4297 εἰπεῖν,
2937 4221 3158 4281 δείκνυσι
3215 4221 3450 4299 πρῶτον,
3538 4218 3618 4276 ὅτι
3670 4217 3754 4275 δεῖ

2113 4309 2419 4379 δικαιοσὺνη
2507 4311 2762 4387 μετιέναι,
2853 4312 2938 4367 καὶ
2995 4311 3071 4386 μὴ
3154 4309 3205 4376 ἐξ
3257 4311 3500 4389 ἁρπαγῆς
3558 4307 3750 4364 ἐλεεῖν·

2114 4400 2246 4472 μετὰ
2304 4400 2580 4474 ἐπιθυμίας
2639 4398 2693 4454 δὲ
2754 4401 2963 4466 ἀπάσης
3024 4397 3106 4454 δεῖ
3164 4399 3511 4478 μετέρχεσθαι
3542 4397 3638 4464 τὴν
3680 4395 3753 4451 διο

382 4491 570 4551 cenda
591 4498 700 4564 est,
734 4491 891 4572 quod
923 4491 1215 4570 signiﬁcat
1268 4510 1400 4552 cum
1457 4490 1601 4551 dicit
1630 4511 1643 4553 :
1680 4488 2030 4551 Esurientes

2128 4488 2419 4555 ιαιοσὺνην·
2454 4491 2514 4546 τὸ
2544 4489 2666 4569 γὰρ,
2717 4511 2737 4543 ε
2775 4488 3068 4550 Πέινῶντες
3100 4489 3188 4544 καὶ
3211 4485 3491 4562 διψῶντες,
3530 4509 3556 4541 ι
3604 4493 3756 4542 τοῦτο

384 4585 440 4638 et
487 4578 776 4640 sitientes.
832 4579 1118 4653 Quoniam
1151 4588 1344 4642 autem
1377 4579 1531 4641 avari
1567 4578 1807 4660 quidam
1834 4575 2027 4638 abun-

386 4666 592 4729 dantes
623 4686 755 4730 esse
784 4669 1058 4731 videntur
1089 4677 1143 4730 et
1169 4669 1438 4744 saturati,
1495 4668 1638 4729 dicit
1687 4666 1845 4747 quod
1883 4664 2030 4744 justi

385 4755 569 4836 magis
600 4757 779 4818 etiam
832 4758 926 4820 hic
983 4759 1295 4838 satientur,
1353 4757 1492 4838 quia
1542 4756 1782 4837 propria
1823 4771 2032 4816 secure

387 4845 718 4924 possident.

466 4933 647 4998 Vens.
683 4937 736 4997 ’1.
772 4964 793 4991 ι
828 4936 990 4998 Beati
1016 4934 1460 5007 misericordes,
1488 4933 1762 5014 quoniam
1793 4929 2032 5011 ipsimi-

385 5023 769 5088 sericordiam
820 5033 1283 5105 consequentur.
1315 5047 1342 5085 ι
1394 5025 1522 5086 Non
1553 5022 1613 5083 in
1646 5022 1786 5082 solis
1817 5018 2031 5079 divitiis

387 5121 476 5176 est
506 5113 941 5186 misericordia,
977 5116 1084 5176 sed
1115 5116 1172 5175 in
1206 5133 1482 5176 sermone
1512 5133 1525 5171 :
1561 5119 1620 5172 et
1651 5111 1696 5170 si
1732 5108 1876 5170 nihil
1919 5108 2026 5169 ha-

381 5202 510 5273 bes,
541 5203 719 5262 etiam
753 5203 813 5262 in
839 5203 1134 5284 lacrymis.
1161 5200 1622 5265 Misericordiam
1656 5206 1850 5258 autem
1877 5216 2024 5258 con-

382 5298 706 5369 sequentur
757 5300 813 5352 et
861 5293 958 5353 hic
1009 5295 1079 5353 ab
1130 5291 1470 5354 hominibus
1504 5312 1523 5352 :
1555 5288 1652 5370 qui
1710 5288 1868 5349 enim
1898 5285 2026 5349 heri

386 5377 726 5440 misericors
753 5379 883 5453 fuit,
918 5382 1092 5442 etiam
1117 5382 1166 5441 si
1198 5382 1375 5444 hodie
1407 5383 1576 5460 inops
1606 5380 1702 5449 sit,
1732 5377 1803 5437 ab
1829 5376 2025 5436 omni-

384 5468 497 5529 bus
527 5467 994 5530 misericordiam
1047 5479 1442 5551 consequetur
1479 5490 1491 5528 :
1531 5477 1587 5531 et
1635 5467 1801 5539 alibi,
1848 5465 2031 5526 multo

384 5558 669 5637 majorem
693 5577 726 5620 a
758 5560 904 5622 Deo.

466 5648 641 5711 Vens.
678 5650 739 5710 8.
781 5669 802 5702 ι
837 5649 1004 5713 Beati
1063 5649 1282 5711 mundo
1336 5647 1536 5725 corde,
1597 5663 1711 5728 quo
1729 5642 1884 5704 niam
1921 5644 2028 5723 ipsi

2115 4577 2385 4651 σημαίνει.
2421 4576 2636 4645 Ἐπειδὴ
2665 4575 2716 4633 δὲ
2762 4575 2999 4633 δοκοῦσιν
3050 4578 3099 4632 oi
3155 4574 3488 4655 πλεονέκται,
3547 4573 3754 4650 εὔποροι

2115 4665 2257 4720 εἶναι
2328 4670 2414 4723 καὶ
2448 4669 2819 4748 χορτάζεσθαι,
2872 4666 3030 4744 φησὶν
3074 4664 3153 4720 ὅτι
3205 4667 3253 4720 oi
3312 4663 3503 4721 δίκαιοι
3554 4661 3755 4738 μᾶλλον

2113 4755 2200 4809 καὶ
2228 4753 2442 4812 ἐνταῦθα
2473 4755 2953 4836 χορτασθήσονται,
2987 4754 3132 4810 αὐτοὶ
3179 4754 3278 4832 γὰρ
3308 4751 3492 4832 ἔχουσι
3545 4753 3610 4810 τὰ
3647 4750 3757 4808 ἴδια

2112 4842 2246 4915 μετὰ
2276 4843 2578 4923 ἀσφαλείας.

2199 4955 2226 4987 α
2253 4935 2513 5013 Μακάριοι
2569 4937 2614 4990 oi
2645 4931 2954 5008 ἐλεήμονες*
3003 4931 3083 4986 ὅτι
3115 4932 3258 4987 αὒτοὶ
3288 4929 3686 4998 ἐλεηθήσονται.
3721 4946 3750 4988 )

2114 5022 2248 5102 Ούχὶ
2304 5021 2387 5079 διὰ
2442 5023 2741 5102 χρημάτων
2791 5022 2952 5096 μόνον
3022 5019 3161 5075 ἔστιν
3212 5019 3408 5093 ἐλεεῖν,
3490 5016 3626 5073 ἀλλὰ
3674 5020 3759 5074 xui

2113 5109 2294 5190 λόγου·
2356 5111 2450 5170 κᾶν
2502 5109 2666 5186 μηδὲν
2725 5109 2885 5191 ἔχῃς,
2953 5108 3034 5165 διὰ
3090 5106 3349 5187 δακρύων.
3411 5105 3760 5174 Ἐλεηθὴσον-

2114 5222 2196 5255 ται
2270 5199 2348 5273 δὲ,
2408 5201 2495 5256 καὶ
2553 5199 2769 5258 ἐνταῦθα
2825 5199 2965 5278 παρὰ
3025 5197 3333 5278 ἀνθρώπων
3395 5199 3422 5252 ὃ
3477 5196 3575 5274 γὰρ
3631 5195 3758 5275 χθ“;ς

2113 5288 2381 5363 ἐλεήμων,
2477 5287 2564 5346 ἐὰν
2640 5277 2911 5365 ἀπορήσῃ
2974 5277 3232 5364 σήμερον,
3323 5285 3464 5363 παρὰ
3548 5283 3759 5339 πάντων

2113 5365 2478 5446 ἐλεηθήσεταν
2537 5378 2624 5433 xui
2678 5376 2792 5433 ἐκεῖ
2843 5374 2921 5451 δὲ,
2970 5376 3111 5455 παρὰ
3167 5384 3258 5433 τοῦ
3291 5381 3419 5430 9ιοῦ
3478 5373 3754 5447 μειζόνως.

2202 5670 2228 5702 ιι
2265 5646 2521 5722 Μακάριοι
2581 5642 2625 5700 οἳ
2686 5644 2899 5721 καθαροὶ
2951 5648 3018 5719 τῇ
3074 5639 3275 5717 καρδιᾳ,
3325 5639 3410 5698 ὅτι
3469 5639 3614 5696 αὐτοὶ
3667 5639 3757 5694 τὸι
