4126 6268
1019 337 1118 398 EN
1122 337 1461 399 ARBATIO
1506 339 1589 400 ΙΝ
1634 334 1969 399 EVANGE]

2068 334 2143 395 1M
2187 333 2577 399 MATTH/EI.
2635 373 2707 385 -—
2752 340 2916 402 CAP.
2964 341 3035 403 ν.
3603 331 3714 399 190

337 466 473 522 Θεὸν
516 465 759 542 ὄψονται.
817 490 846 522 ι
882 464 1075 524 Πολλοί
1105 468 1233 523 εἰσιν
1265 466 1382 524 οὔτε
1442 468 1787 547 ἁρπάζοντες,
1844 464 1969 523 ἀλλᾶ

2068 462 2249 525 Deum
2284 465 2585 532 videbunt.
2628 491 2651 527 ι
2682 470 2848 533 Multi
2869 479 3007 532 sunt
3026 489 3145 530 non
3174 468 3498 550 rapientes,
3526 466 3628 528 sed
3652 475 3714 529 et

332 555 427 610 καὶ
474 553 676 629 μᾶλλον
733 554 1023 621 ἐλεοῦντες·
1086 555 1227 625 πλὴν
1282 557 1613 637 πορνεύουσι,
1687 559 1772 612 καὶ
1842 554 1969 611 ἀκά-

2068 552 2509 632 misericordes,
2548 567 2958 621 verumtamen
2984 567 3411 638 scortantur,et
3435 556 3581 619 alias
3605 556 3705 618 im-

328 647 518 723 θαρτοι
573 643 750 709 ἄλλως
824 645 969 706 εἰσίν.
1024 635 1081 703 Ὀ
1124 652 1251 724 γοῦν
1303 635 1525 725 Χριστὸς
1573 644 1801 719 κελεύει,
1848 643 1969 720 μετᾶ

2068 644 2270 704 mundi
2305 655 2458 706 sunt.
2478 652 2548 711 At
2573 646 2841 710 Christus
2867 646 3038 729 jubet
3070 667 3206 709 cum
3236 635 3367 709 aliis
3398 643 3711 706 virtutibus

328 739 443 788 τῶν
480 731 657 789 ἄλλων
708 733 930 814 ἀρετῶν,
986 736 1071 792 καὶ
1146 737 1426 814 καθαρούς,
1487 736 1613 802 ἢτοι
1682 735 1969 813 σώφρονας1

2068 733 2240 792 etiam
2276 736 2549 809 mundos,
2585 737 2697 799 hoc
2727 746 2835 810 est,
2892 744 3085 799 castos
3139 755 3309 799 esse:
3363 754 3481 796 non
3514 734 3707 795 solum

330 823 503 879 εἶναι·
536 822 594 878 οὗ
656 823 814 899 μόνον
873 831 948 898 τῷ
1006 824 1239 899 σώματι,
1312 822 1448 880 ἀλλὰ
1503 827 1589 881 καὶ
1654 828 1719 900 τῇ
1774 820 1969 902 καρδίᾳ.

2068 838 2338 900 corpore,
2357 824 2461 886 sed
2495 832 2552 888 et
2585 825 2939 887 corde.Nam
2962 826 3185 905 absque
3217 823 3706 897 sanctiﬁcatione,

330 920 439 971 Τοῦ
468 912 737 989 ἁγιασμοῦ
799 912 921 992 γὰρ,
981 913 1099 981 ἢτοι
1161 918 1259 980 τῆς
1292 913 1635 993 σωφροσύνης
1662 913 1856 992 χωρὶς,
1886 911 1969 966 οὗ·

2068 907 2177 970 hoc
2208 920 2320 987 est,
2354 914 2645 989 castitate,
2672 916 2869 977 nullus
2891 913 3117 976 videbit
3144 913 3356 975 Deum.
3381 912 3545 975 Sicut
3573 928 3709 993 Spe-

329 997 436 1062 δεὶς
467 998 654 1076 ὄψεται
707 1003 797 1057 τὸν
830 1003 1042 1080 Κύριον,
1094 993 1318 1080 Ἣῖὶσπερ
1388 1003 1487 1079 γὰρ
1554 1004 1616 1058 τὸ
1684 1001 1969 1067 κάτοπτρον

2068 998 2286 1081 culum,
2319 1002 2368 1063 si
2401 1002 2575 1065 fuerit
2611 1004 2919 1083 mundum,
2954 1012 3094 1065 tunc
3150 1001 3365 1081 accipit
3392 998 3705 1080 imagines,

330 1087 423 1145 ἰὰν
494 1087 529 1166 ᾖ
594 1092 844 1169 καθαρὸν,
932 1091 1051 1147 τότε
1103 1090 1318 1171 δέχεται
1362 1092 1454 1153 τὰς
1506 1091 1784 1170 ἐμφάσειςο
1844 1088 1969 1145 οῧτιι

2068 1086 2142 1147 ita
2196 1096 2253 1149 et
2300 1093 2495 1153 anima
2526 1112 2671 1173 pura
2702 1093 2915 1156 faciem
2968 1091 3100 1168 Dei,
3151 1098 3209 1152 et
3265 1089 3705 1170 Scripturarum

329 1180 421 1233 καὶ
478 1181 513 1247 ἡ
561 1180 761 1244 καθαρᾶ
817 1181 970 1259 ψυχὴ
1002 1179 1216 1260 δέχεται
1273 1178 1398 1255 ὄψιν
1430 1186 1581 1253 Θεοῦ,
1615 1179 1704 1235 καὶ
1746 1179 1844 1244 τὴν
1873 1183 1969 1234 τῶν

2068 1176 2369 1241 scientiam
2402 1181 2669 1263 suscipit.

329 1267 555 1347 Γραφῶν
586 1273 804 1346 γνῶσιν,

419 1376 444 1413 I
510 1358 771 1435 Μακάριοι
850 1359 896 1414 οἱ
953 1356 1294 1436 εἷρηνοποιοὶ,
1356 1357 1434 1412 ὃτι
1492 1356 1636 1413 αὐτοὶ
1690 1355 1789 1411 υἱοὶ
1848 1360 1969 1411 Θεοῦ

2142 1358 2320 1421 Vens.
2352 1359 2412 1422 9.
2455 1380 2476 1414 (ι
2514 1359 2679 1422 Beati
2712 1358 2971 1439 paciﬁci,
3005 1355 3283 1438 quoniam
3326 1353 3441 1435 ipsi
3468 1353 3573 1415 ﬁlii
3601 1351 3705 1416 Dei

324 1443 714 1515 κληθήσονται.
757 1467 779 1502 ι
815 1446 888 1503 Οὔ
931 1447 1094 1522 μόνον
1152 1449 1197 1503 οἱ
1229 1446 1582 1524 εἰρηνεὺοντες
1640 1446 1782 1503 αὒτοῖ
1842 1444 1969 1522 πρὸς

2068 1444 2445 1510 vocabuntur.
2489 1472 2511 1507 υ
2550 1447 2680 1510 Non
2703 1446 3003 1509 solumilli
3036 1446 3137 1527 qui
3167 1463 3299 1506 cum
3334 1443 3471 1505 aliis
3502 1460 3706 1522 pacem

324 1535 558 1609 πάντας,
644 1532 781 1591 ἀλλὰ
855 1536 942 1591 καὶ
998 1537 1045 1591 οἱ
1128 1535 1335 1612 ἐτέρους
1402 1534 1779 1605 στασιάζοντας
1839 1554 1969 1588 κατ·

2068 1533 2300 1616 habent,
2326 1537 2430 1598 sed
2451 1546 2507 1598 et
2527 1538 2628 1619 qui
2660 1538 2976 1600 seditiosos
3005 1534 3152 1596 alios
3180 1531 3705 1619 conciliantJ’aci-

324 1622 709 1689 αλλάσσοντες.
768 1625 1103 1704 Εἰρηνοποιοὶ
1131 1622 1186 1679 δὲ
1239 1625 1338 1681 εἰσι
1370 1624 1458 1679 καὶ
1488 1624 1535 1679 οἱ
1588 1620 1671 1677 διὰ
1724 1619 1969 1678 διδασκα-

2068 1624 2153 1685 ﬁci
2183 1633 2377 1687 autem
2411 1636 2547 1687 sunt
2577 1636 2631 1688 et
2663 1627 2761 1706 qui
2794 1646 2901 1708 per
2930 1624 3260 1686 doctrinam
3292 1618 3567 1682 inimicos
3595 1620 3707 1682 Dei

323 1711 447 1776 λίας
502 1713 623 1775 τούς
679 1713 900 1793 ἐχθρούς
957 1719 1049 1770 τοῦ
1109 1712 1241 1769 Θεοῦ
1266 1711 1693 1791 ἐπιστρέφοντες.
1754 1712 1863 1767 Υἱοὶ
1922 1708 1969 1765 δὲ

2068 1722 2429 1789 convertunt;
2483 1715 2588 1776 ﬁlii
2621 1724 2818 1778 autem
2878 1714 2984 1777 Dei
3033 1714 3180 1774 ﬁunt
3233 1709 3406 1774 tales.
3471 1708 3704 1771 Etenim

326 1808 464 1859 Θεοῦ
495 1804 560 1857 οἱ·
596 1809 848 1861 τοιοῦτοι.
912 1803 1009 1860 Καὶ
1050 1801 1148 1880 γὰρ
1204 1802 1289 1858 καὶ
1342 1803 1369 1857 6
1428 1801 1721 1879 μονογενὴς
1772 1796 1969 1868 κατήλ-

2068 1801 2409 1882 Unigenitus
2440 1804 2776 1868 conciliavit
2798 1822 2905 1864 nos
2937 1805 3082 1867 Deo.

324 1888 487 1955 λαξεν
514 1891 657 1965 ἡμᾶς
683 1897 762 1967 τῷ
806 1898 943 1965 Θεῷ,

418 2002 445 2033 α
476 1979 736 2059 Μακάριοι
780 1983 826 2037 οἱ
865 1978 1205 2059 δεδιωγμένοι
1257 1980 1435 2035 ἕνεκεν
1464 1977 1827 2057 δικαιοσύνης,
1888 1976 1968 2033 ὅτι

2138 1981 2320 2043 Vms.
2357 1982 2454 2046 10.
2496 2008 2522 2037 α
2554 1982 2719 2045 Beati
2749 1983 2849 2063 qui
2894 1976 3369 2062 persecutionem
3404 1972 3705 2052 patiuntur

326 2069 505 2125 αύτῶν
561 2068 698 2125 ἔστιν
758 2071 792 2136 ἡ
845 2068 1089 2145 βασιλεια
1144 2074 1249 2126 τῶν
1282 2072 1538 2147 οὖρανῶν,
1577 2088 1601 2124 ι
1642 2068 1713 2123 Οὖ
1743 2066 1895 2142 μόνοι
1926 2067 1969 2121 οἱ

2068 2072 2635 2150 propterjustitiam,
2696 2073 2972 2153 quoniam
3009 2069 3270 2149 ipsorum
3306 2069 3420 2153 est_
3448 2079 3697 2153 regnum

329 2157 589 2236 μάρτυρες
659 2155 962 2231 διώκονται,
1042 2156 1177 2214 ἀλλᾶ
1236 2159 1324 2213 καὶ
1383 2155 1568 2214 πολλοὶ
1636 2155 1814 2213 ἕνεκεν
1882 2162 1969 2212 τοῦ

2068 2159 2366 2219 calorum.
2405 2186 2432 2217 ι
2468 2161 2597 2223 Non
2620 2149 2730 2224 soli
2758 2168 3068 2238 martyres,
3096 2154 3198 2216 sed
3225 2160 3281 2213 et
3305 2149 3472 2238 multi
3495 2168 3702 2229 perse-

326 2251 552 2325 βοηθεῖν
605 2263 722 2314 τοῖς
781 2247 1171 2331 ἀδικουμένοις,
1221 2252 1310 2307 καὶ
1339 2250 1516 2316 πάσης
1548 2248 1730 2312 ἁπλῶς
1761 2249 1969 2326 ἀρετῆς·

2068 2247 2354 2308 cntionem
2388 2251 2711 2330 patiuntur,
2745 2251 2879 2331 quia
2898 2249 3106 2328 juvant
3125 2240 3345 2331 injuria
3360 2237 3635 2331 afﬂictos,
3644 2247 3705 2300 et

328 2338 637 2406 δικαιοσὺνη
695 2339 815 2417 γὰρ,
876 2341 912 2406 ἡ
963 2326 1108 2396 πᾶσα
1156 2326 1351 2419 ’ἀρετή
1400 2336 1551 2396 Ἐπεὶ
1609 2338 1695 2394 καὶ
1750 2337 1969 2395 κλέπται

2068 2335 2120 2397 in
2148 2326 2651 2401 summa‘omnem
2684 2326 2956 2400 virtutem
2989 2335 3212 2396 fovent.
3272 2327 3512 2419 iustitia
3542 2326 3702 2419 enim

328 2429 419 2485 καὶ
451 2441 631 2508 φονεῖς
664 2415 965 2508 διώκονται,
991 2427 1108 2485 ἀλλ’
1140 2415 1213 2486 οὐ⁷
1228 2428 1499 2507 μακάριοι.

2068 2433 2147 2487 est
2176 2427 2372 2487 omnis
2401 2428 2798 2491 virtus.Fures
2820 2434 3013 2488 autem
3048 2430 3104 2484 et
3126 2415 3703 2495 homicidae,tametsi

2059 2513 2235 2576 etiam
2295 2516 2406 2595 ipsi
2467 2517 2944 2597 persecutionem
2997 2511 3313 2593 patiantur,
3398 2521 3517 2564 non
3566 2512 3707 2567 sunt

2060 2608 2256 2665 tamen
2287 2602 2471 2667 beati.

422 2717 451 2748 α
485 2694 742 2772 Μακάριοι
769 2694 887 2752 ἐστε
917 2693 1043 2751 ὅταν
1102 2694 1419 2752 ὀνειδίσωσιν
1462 2695 1597 2769 ὑμᾶς
1628 2694 1716 2750 καὶ
1771 2690 1969 2756 διὼξω-

2142 2689 2328 2757 VEns.
2362 2695 2456 2757 11.
2517 2696 2678 2757 Beati
2735 2697 2897 2771 estis,
2931 2691 3167 2776 quando
3217 2680 3704 2766 exprobraverint

330 2806 440 2845 σιν.
478 2805 503 2841 ι
539 2785 674 2863 Πρὸς
720 2783 906 2848 αὐτοὺς
949 2783 1135 2841 λοιπὸν
1164 2785 1284 2848 τούς
1341 2781 1664 2846 ἀποστόλους
1711 2781 1969 2838 ἀποτείνε-

2068 2795 2166 2842 vos
2194 2788 2252 2843 et
2279 2784 2572 2862 persecuti
2602 2784 2841 2846 fuerint.
2873 2810 2897 2841 η
2915 2775 3001 2844 Ad
3031 2780 3193 2861 ipsos
3212 2775 3510 2863 apostolos
3526 2776 3702 2838 dein-

330 2893 447 2953 ται,
504 2862 726 2951 δεικνὺς,
799 2870 880 2928 ὅτι
939 2870 1171 2948 μάλιστα
1217 2878 1321 2928 τῶν
1409 2868 1734 2928 διδασκάλων
1819 2868 1969 2939 ἴδιον1

2068 2887 2205 2947 ceps
2229 2888 2292 2931 se
2323 2872 2633 2950 convertit,
2668 2873 2993 2937 ostendens
3019 2866 3176 2950 quod
3201 2862 3703 2953 maximeipropri-

331 2951 816 3033 1676v5t3i55604t.
888 2983 915 3016 ι
976 2964 1074 3020 Καὶ
1128 2961 1323 3018 ε’ἷπωσι
1380 2966 1484 3017 πᾶν
1546 2960 1777 3037 πονηρόν
1831 2958 1969 3036 ῥῆμα

2068 2976 2158 3019 um
2183 2958 2261 3019 sit
2290 2960 2633 3025 doctoribus
2662 2960 2984 3044 opprobria
3003 2955 3236 3019 audire.
3284 2975 3311 3007 ι
3343 2951 3413 3012 Et
3443 2952 3703 3044 dixerint

332 3046 452 3107 καθ’
480 3051 628 3121 ὑμῶν
667 3047 1000 3127 ψευδόμενοι,
1061 3051 1236 3109 ἓνεκεν
1265 3049 1417 3125 ἐμοῦ,
1454 3072 1482 3103 ι
1558 3050 1674 3128 Οὐχ
1722 3049 1750 3104 6
1792 3045 1969 3110 ἁπλῶς

2068 3064 2236 3108 omne
2286 3050 2506 3112 malum
2574 3039 2819 3113 verbum
2897 3055 3103 3110 contra
3159 3058 3283 3115 vos,
3345 3039 3701 3128 mentientes

330 3122 736 3221 ὀνειδιζόμενος,
792 3122 1071 3218 μακάριος,
1118 3137 1232 3195 ἀλλ’
1282 3122 1408 3194 ὅταν
1436 3138 1525 3194 καὶ
1581 3122 1674 3192 διὲι⁷
1720 3136 1969 3214 Χριστὸν,

2068 3143 2305 3217 propter
2360 3158 2477 3215 me.
2545 3165 2568 3200 ι
2631 3140 2760 3202 Non
2793 3137 3148 3220 simpliciter
3177 3127 3703 3221 quiexprobratur

329 3231 421 3286 καὶ
476 3216 732 3305 ψευδῶς.⁷
763 3230 888 3289 Ἐὰν
916 3216 971 3287 δέ
1027 3231 1106 3307 μὴ
1150 3232 1214 3289 τὰ
1260 3229 1348 3288 δύο
1376 3237 1536 3287 ταῦτα
1566 3228 1762 3307 προσῇ,
1798 3226 1969 3291 ἂθλιος

2068 3216 2269 3287 beatus
2300 3236 2409 3302 est,
2444 3228 2548 3290 sed
2606 3229 2840 3310 quando
2873 3216 2930 3289 et
2979 3216 3703 3310 propter-Christum»;et

329 3318 564 3399 ἐκεῖνος,
595 3321 667 3382 ὡς
696 3317 923 3385 πολλούς
953 3306 1333 3391 σκανδαλίζων,
1612 3306 1617 3307 ί

2068 3311 2202 3375 falso
2236 3334 2249 3375 :
2289 3315 2339 3378 si
2368 3325 2562 3378 autem
2599 3306 2715 3379 duo
2746 3319 2868 3380 haec
2896 3306 3013 3377 non
3040 3306 3342 3399 aﬂ‘uerinl.
3378 3306 3562 3366 ιηῖεθΐ
3593 3306 3697 3371 ille

2059 3410 2404 3493 est_,Autpote
2428 3407 2632 3470 multis
2660 3407 2921 3469 existens
2952 3396 3334 3493 offendicula.
3400 3480 3414 3493 0

2137 3490 2320 3557 Vitas.
2357 3497 2453 3557 19..
2496 3520 2517 3554 ι
2555 3496 2817 3560 Gaudete
2840 3506 2899 3557 et
2922 3490 3514 3567 exsultate,quoniam
3537 3502 3697 3549 mer-

2057 3596 2155 3644 ces
2184 3592 2380 3645 vestra
2412 3584 2594 3647 multa
2621 3595 2713 3651 est
2742 3586 2803 3646 in
2835 3584 3021 3647 caelis.
3064 3604 3087 3639 η
3133 3578 3278 3641 Cum
3328 3571 3405 3633 de
3437 3571 3572 3634 aliis
3601 3574 3695 3638 lo-

2055 3680 2481 3750 queretur,non
2506 3675 2649 3736 dixit
2678 3673 3016 3736 mercedem
3045 3669 3288 3731 multam
3318 3684 3332 3726 :
3374 3666 3473 3728 hic
3495 3670 3696 3734 autem

2054 3761 2502 3843 ostendit,quod
2526 3758 3533 3845 sustinereopprobrium,magnum
3550 3750 3701 3816 sitet

2051 3850 2665 3927 gravissimumMulti
2701 3854 2859 3915 enim
2892 3848 3332 3933 suspenderunt
3363 3846 3700 3928 seipsos.Et

418 3520 441 3552 ι
477 3501 692 3578 Χαίρετε
721 3499 807 3556 καὶ
839 3497 1183 3579 ἀγαλλιᾶσθε,
1236 3498 1316 3553 ὃτι
1341 3498 1369 3553 6
1415 3495 1604 3572 μισθὸς
1633 3494 1779 3569 ὑμῶν
1810 3490 1974 3556 πολύς

324 3588 381 3643 ὲν
406 3601 527 3652 τοῖς
558 3589 824 3666 οὐρανοῖς.
878 3613 903 3644 ιι
942 3586 1061 3646 Ἐπὶ
1094 3588 1200 3644 τῶν
1231 3583 1406 3643 ἄλλων
1476 3584 1570 3641 οὒκ
1625 3583 1750 3639 εἶπε
1788 3582 1973 3658 μισθὸν

323 3676 509 3735 πολύν·
542 3677 758 3736 ἐνταῦθα
814 3677 892 3758 δὲ,
952 3675 1222 3751 δεικνύων,
1270 3675 1349 3731 ὅτι
1400 3676 1459 3730 τὸ
1490 3675 1777 3750 ὑπομεῖναι
1826 3672 1971 3727 ’ὀνει-

322 3764 435 3839 δος,
470 3765 611 3843 μέγα
639 3766 727 3822 καὶ
784 3765 1197 3846 χαλεπώτατον.
1232 3762 1426 3821 Πολλοὶ
1474 3764 1572 3842 γὰρ
1625 3764 1714 3819 καὶ
1785 3760 1970 3839 ἁπηγ-

328 3855 549 3934 χόνισαν
590 3855 828 3919 ἑαυτούς.
865 3857 962 3914 Καὶ
1010 3857 1038 3911 6
1090 3851 1213 3911 ἰὼϐ
1239 3852 1294 3909 δὲ
1336 3853 1456 3915 τούς
1499 3850 1686 3916 ἄλλους
1743 3850 1961 3924 ὑπομεί-

327 3965 415 4008 νας
499 3944 849 4025 πειρασμούς,
962 3944 1083 4001 τότε
1171 3941 1403 4019 μάλιστα
1496 3941 1796 4021 ὶταράχθη,
1881 3938 1969 3996 ὅτε

2068 3937 2185 4020 Iob,
2219 3942 2486 4021 quamvis
2533 3943 2859 4005 sustinebat
2903 3941 3116 4003 multas
3150 3934 3504 3999 tentationes
3525 3936 3692 4017 alias,

321 4030 564 4104 οιείδιζον
638 4036 782 4108 αὐτῷ
837 4034 883 4089 οἱ
912 4036 1075 4113 φίλοι,
1107 4034 1181 4097 ὡς
1236 4029 1302 4086 δι’
1359 4030 1618 4110 ἁμαρτίας
1676 4031 1966 4108 πάσχοντι.

2068 4045 2191 4088 ;unc
2220 4037 2416 4093 tamen
2450 4033 2704 4095 maxime
2728 4032 3239 4109 turbabatur;cum
3270 4025 3697 4106 exprobrarent

326 4142 349 4176 ι
400 4120 554 4179 Οὕτω
604 4122 704 4200 γὰρ
730 4120 940 4187 ἐδίωξαν
984 4122 1103 4184 τούς
1147 4119 1421 4200 προφήτας
1450 4119 1569 4181 τοὺς
1600 4119 1700 4198 πρὸ
1729 4119 1900 4194 ὑμῶν.
1939 4137 1964 4173 1

2068 4116 2109 4178 3i
2136 4118 2311 4179 amici
2344 4121 2511 4199 quasi
2543 4130 2790 4201 propter
2807 4128 3047 4202 peccata
3074 4135 3179 4179 sua
3211 4116 3694 4195 pateretur.¢Sic

320 4202 452 4269 ’Ίνα
523 4214 603 4285 μὴ
646 4212 1014 4280 ὑπονοήσωσιν
1044 4213 1090 4267 οἱ
1120 4207 1434 4286 ἀπόστολοι,
1483 4207 1565 4264 ὅτι
1607 4205 1690 4263 διὰ
1718 4209 1780 4263 τὸ
1823 4206 1969 4262 ἐναν-

2068 4205 2212 4266 anim
2240 4209 2539 4285 persecuti
2563 4219 2700 4272 sunt
2731 4211 3069 4291 prOphetas,
3115 4205 3217 4287 qui
3246 4211 3383 4264 ante
3412 4222 3514 4291 vos
3560 4204 3695 4267 fue-

314 4303 405 4357 τία
504 4299 620 4354 τινὰ
695 4296 979 4373 διδάσκειν,
1065 4297 1484 4377 διωχθήσονται,
1576 4298 1966 4374 παραμυθεῖται

2068 4302 2210 4354 funt.
2249 4320 2275 4352 ι
2310 4296 2386 4360 Ut
2415 4316 2490 4360 ne
2520 4290 2901 4379 suspicentur
2930 4295 3205 4378 apostoli,
3232 4291 3390 4372 quod
3423 4290 3516 4351 25
3555 4311 3697 4372 per-

318 4388 532 4463 αὒτούς,
588 4387 784 4466 λέγων,
831 4388 911 4445 ὅτι
959 4390 1059 4448 Καὶ
1125 4389 1172 4443 οἱ
1211 4389 1312 4465 πρὸ
1365 4388 1513 4463 ὑμῶν
1566 4391 1833 4466 προφῆται
1900 4384 1968 4440 δι’

2068 4382 2421 4447 secutionem
2458 4386 2756 4467 patiantur
2784 4406 2854 4449 eo
2884 4386 3039 4466 quod
3076 4379 3374 4446 contraria
3427 4380 3695 4460 quaedam

318 4478 515 4556 ἀρετὴν
560 4476 877 4547 ήλαύνοντο·
940 4479 1077 4535 ὥστε
1146 4477 1476 4553 παραμυθέαν
1534 4474 1690 4555 ἔχετε
1720 4475 1786 4530 τὰ
1828 4474 1968 4531 ἐκεῖ-

2068 4470 2369 4534 clocuerint
2427 4494 2441 4534 :
2500 4476 2842 4537 consolatur
2886 4493 3010 4549 eos,
3046 4474 3276 4545 dicens,
3312 4467 3460 4556 Quia
3480 4478 3537 4531 et
3559 4474 3698 4534 ante

317 4555 423 4625 νων
452 4569 618 4633 πάθη.
2055 4577 2157 4620 vos
2189 4562 2494 4642 prophetis
2518 4572 2762 4646 propter
2807 4566 3080 4627 virtutem
3112 4561 3223 4621 hoc
3248 4555 3485 4637 accidit,
3540 4558 3698 4622 unde

2055 4650 2289 4713 illorum
2316 4656 2617 4735 passiones
2648 4675 2750 4718 vos
2781 4654 3077 4719 consolari
3109 4651 3352 4714 debent.

410 4765 435 4802 ι
466 4736 652 4821 ’Υμεΐς
685 4744 802 4801 ἐστε
860 4746 921 4801 τὸ
957 4743 1088 4809 ἅλας
1120 4749 1219 4811 τῆς
1252 4749 1381 4823 γῆς.
1419 4766 1444 4801 ι)
1483 4745 1542 4801 Οἱ
1572 4743 1669 4819 μὲν
1702 4746 1969 4822 προφῆται

2134 4743 2323 4807 VERS.
2362 4745 2459 4808 l3.
2501 4769 2526 4800 ι
2558 4744 2675 4809 Vos
2705 4747 2845 4808 estis
2876 4745 2962 4807 sal
2992 4752 3188 4806 terrae.
3228 4763 3251 4798 ι
3287 4738 3596 4818 Prophetas
3622 4737 3692 4799 ad

319 4835 390 4899 εἰς
422 4832 473 4890 ἕν
504 4832 645 4899 ἔθνος
667 4832 1066 4900 ἆπεστάλησαν.
1116 4832 1307 4909 ’Υμεϊς
1363 4830 1419 4889 δὲ
1450 4835 1549 4899 τῆς
1606 4832 1707 4911 γῆς
1758 4829 1969 4906 ἀπάσης

2068 4848 2233 4894 unam
2256 4841 2491 4911 gentem
2522 4835 2687 4896 missi
2733 4843 2889 4913 sunt,
2925 4854 3027 4896 vos
3058 4842 3253 4895 autem
3290 4826 3465 4889 totius
3524 4836 3699 4889 terra;

318 4921 435 4978 ἐστέ
476 4922 537 4978 τό
568 4921 723 4995 ἅλας,
779 4920 862 4978 διὰ
920 4928 1018 4990 τῆς
1070 4920 1405 4986 διδασκαλίας
1453 4923 1542 4977 καὶ
1588 4927 1693 4977 τῶν
1726 4919 1969 4999 ἐλέγχων

2068 4918 2137 4981 sal
2169 4919 2330 4997 estis,
2368 4924 2711 4987 mordentes
2742 4934 2800 4987 et
2829 4922 3182 4987 condientes
3212 4915 3479 4982 doctrina
3508 4924 3565 4977 et
3594 4934 3695 4977 re-

315 5012 600 5092 στύφοντες
697 5013 816 5075 τούς
885 5014 1138 5093 χαύνους,
1213 5013 1306 5069 ἵνα
1363 5013 1441 5087 μὴ
1496 5013 1792 5090 γεννήσωσι
1848 5009 1969 5073 τούς

2068 5008 2557 5073 Jrehensionibus
2585 5014 2923 5087 dissolutos,
2953 5022 3015 5073 ut
3038 5031 3157 5073 non
3186 5008 3418 5090 pariant
3464 5022 3698 5068 vermes

315 5100 699 5171 ἀτελευτήτους
773 5099 1082 5168 σκώληκας’
1156 5103 1295 5159 ὥστε
1354 5104 1431 5176 μη
1488 5097 1795 5166 ἀποϐάλητε
1870 5098 1966 5164 τὴν

2068 5104 2372 5178 serpetuos
2406 5118 2420 5162 :
2456 5111 2768 5181 prepterea
2799 5121 2874 5164 ne
2904 5100 3203 5182 abjiciatis
3246 5094 3694 5159 mordacitatem

312 5191 677 5271 στρυφνότητα
760 5193 866 5247 τῶν
946 5189 1215 5272 Ιελὲγχων,
1304 5187 1401 5247 κᾶν
1471 5188 1808 5261 ὀνειδίζησθε,
1868 5186 1966 5243 κᾶν

2068 5187 2579 5264 'eprehensionum
2593 5240 2607 5263 ,
2626 5190 2855 5251 etiamsi
2874 5189 3346 5271 perSr-cutionem
3366 5185 3694 5267 patiamini,

314 5277 598 5347 διώκησθε.
634 5279 726 5336 Διό
756 5295 937 5358 φησιν·
978 5304 1004 5336 (ι
1042 5280 1166 5338 Ἐὰν
1199 5279 1252 5336 δὲ
1293 5280 1355 5336 τὸ
1410 5278 1543 5341 ἅλας
1596 5280 1869 5357 μωρανθῇ,
1912 5275 1966 5332 ἐν

2068 5284 2109 5336 at
2128 5276 2292 5337 vobis
2318 5277 2700 5355 exprobrent.
2734 5279 2873 5342 Ideo
2904 5280 3046 5343 dicit
3080 5298 3093 5343 :
3134 5305 3152 5337 ι
3182 5278 3349 5352 Quod
3372 5280 3420 5339 si
3444 5276 3527 5337 sal
3550 5276 3698 5339 infa-

312 5369 411 5424 τίνι
469 5367 810 5440 ἁλισθήσεται
844 5388 861 5446 ;
898 5370 969 5433 εἰς
1034 5367 1178 5426 οὐδὲν
1237 5371 1410 5449 ἰσχύει
1463 5367 1561 5444 ἔτι,
1615 5369 1659 5423 εἰ
1713 5368 1791 5444 μὴ
1820 5365 1962 5443 βλη-

2068 5373 2244 5426 νυοῑυε
2275 5366 2475 5442 fuerit,
2510 5367 2568 5428 in
2600 5388 2715 5449 quo
2744 5370 3130 5433 salieturiad
3171 5369 3320 5431 nihil
3352 5369 3502 5431 valet
3524 5369 3694 5451 ultra,

310 5459 465 5524 θῆναι
551 5456 674 5538 ἔξω,
752 5457 840 5514 καὶ
894 5458 1319 5516 καταπατεῖσθαι
1397 5457 1498 5513 ὑπὸ
1572 5462 1678 5513 τῶν
1756 5454 1961 5534 ἀνθρώ-

2068 5452 2161 5514 iisi
2192 5460 2254 5515 ut
2283 5454 2631 5535 projiciatur
2659 5456 2839 5532 foras,
2889 5468 2948 5521 et
2976 5461 3366 5524 conculcetur
3394 5456 3468 5520 ab
3500 5458 3699 5520 homi-

311 5568 447 5606 πων.
511 5563 542 5605 ι
610 5534 667 5603 ’ό
723 5538 823 5624 γὰρ
897 5544 1208 5612 διδάσκαλος
1290 5546 1383 5603 ἰὰν
1467 5548 1740 5623 μωρανθῇ,
1814 5566 1963 5602 τουτ-

2068 5540 2240 5604 libus.
2271 5534 2298 5597 ὲ
2335 5534 2402 5604 Si
2427 5544 2639 5607 doctor
2668 5548 2825 5609 enim
2860 5549 3179 5610 infatuatus
3210 5548 3417 5628 fuerit,
3439 5548 3550 5609 hoc
3572 5556 3688 5625 est,

312 5633 475 5711 ἐστιν,
533 5636 577 5691 εἰ
668 5636 813 5711 σὴς
844 5634 1060 5718 ὶλέγχει
1119 5637 1204 5694 καὶ
1256 5636 1454 5717 στύφει,
1517 5634 1653 5693 ἀλλὰ
1679 5637 1958 5717 χωνωθῇ,

2068 5629 2093 5691 :i
2123 5649 2239 5693 non
2258 5632 2449 5712 arguit
2467 5642 2524 5695 et
2551 5635 2922 5720 constringit,
2954 5636 3055 5700 sed
3080 5637 3289 5706 mollis.
3309 5642 3402 5701 est
3423 5644 3483 5699 et
3505 5637 3670 5700 laxus
