  <div class='ocr_page' id='page_1' title='image "/cluster/home/n/w/nwhite01/storage/ocr_20150623/123/mdp.39015009359079/103.png"; bbox 0 0 4122 6270; ppageno 0'>
   <div class='ocr_carea' id='block_1_1' title="bbox 425 392 526 454">
    <p class='ocr_par' dir='ltr' id='par_1_1' title="bbox 425 392 526 454">
     <span class='ocr_line' id='line_1_1' title="bbox 425 392 526 454; baseline 0 0"><span class='ocrx_word' id='word_1_1' title='bbox 425 392 526 454; x_wconf 89' lang='grc'><strong>191</strong></span> 
     </span>
    </p>
   </div>
   <div class='ocr_carea' id='block_1_2' title="bbox 423 606 2074 689">
    <p class='ocr_par' dir='ltr' id='par_1_2' title="bbox 423 606 2074 689">
     <span class='ocr_line' id='line_1_2' title="bbox 423 606 2074 689; baseline 0.004 -19"><span class='ocrx_word' id='word_1_2' title='bbox 423 610 581 671; x_wconf 90' lang='lat' dir='ltr'><strong>foras</strong></span> <span class='ocrx_word' id='word_1_3' title='bbox 611 606 928 687; x_wconf 75' lang='lat' dir='ltr'><strong>projicitur</strong></span> <span class='ocrx_word' id='word_1_4' title='bbox 953 627 986 669; x_wconf 89' lang='lat' dir='ltr'><strong>a</strong></span> <span class='ocrx_word' id='word_1_5' title='bbox 1016 608 1326 673; x_wconf 91' lang='lat' dir='ltr'><strong>doctorum</strong></span> <span class='ocrx_word' id='word_1_6' title='bbox 1363 609 1739 689; x_wconf 82' lang='lat' dir='ltr'><strong>dignitatezet</strong></span> <span class='ocrx_word' id='word_1_7' title='bbox 1760 614 2074 677; x_wconf 89' lang='lat' dir='ltr'><strong>conculca-</strong></span> 
     </span>
    </p>
   </div>
   <div class='ocr_carea' id='block_1_3' title="bbox 425 696 1221 778">
    <p class='ocr_par' dir='ltr' id='par_1_3' title="bbox 425 696 1221 778">
     <span class='ocr_line' id='line_1_3' title="bbox 425 696 1221 778; baseline 0 -19"><span class='ocrx_word' id='word_1_8' title='bbox 425 712 545 776; x_wconf 82' lang='lat' dir='ltr'><strong>tur,</strong></span> <span class='ocrx_word' id='word_1_9' title='bbox 579 696 693 758; x_wconf 88' lang='lat' dir='ltr'><strong>hoc</strong></span> <span class='ocrx_word' id='word_1_10' title='bbox 725 705 833 772; x_wconf 91' lang='lat' dir='ltr'><strong>est,</strong></span> <span class='ocrx_word' id='word_1_11' title='bbox 869 697 1221 778; x_wconf 84' lang='lat' dir='ltr'><strong>despicitur.</strong></span> 
     </span>
    </p>
   </div>
   <div class='ocr_carea' id='block_1_4' title="bbox 508 785 2075 855">
    <p class='ocr_par' dir='ltr' id='par_1_4' title="bbox 508 785 2075 855">
     <span class='ocr_line' id='line_1_4' title="bbox 508 785 2075 855; baseline 0.005 -8"><span class='ocrx_word' id='word_1_12' title='bbox 508 786 696 848; x_wconf 80' lang='lat' dir='ltr'><strong>VEns.</strong></span> <span class='ocrx_word' id='word_1_13' title='bbox 735 788 828 849; x_wconf 77' lang='grc'><strong>14.</strong></span> <span class='ocrx_word' id='word_1_14' title='bbox 871 811 897 843; x_wconf 73' lang='grc' dir='ltr'><strong>α</strong></span> <span class='ocrx_word' id='word_1_15' title='bbox 930 785 1048 849; x_wconf 83' lang='lat' dir='ltr'><strong>Vos</strong></span> <span class='ocrx_word' id='word_1_16' title='bbox 1071 790 1214 850; x_wconf 82' lang='lat' dir='ltr'><strong>estis</strong></span> <span class='ocrx_word' id='word_1_17' title='bbox 1240 788 1335 850; x_wconf 83' lang='lat' dir='ltr'><strong>lux</strong></span> <span class='ocrx_word' id='word_1_18' title='bbox 1369 789 1598 853; x_wconf 88' lang='lat' dir='ltr'><strong>mundi.</strong></span> <span class='ocrx_word' id='word_1_19' title='bbox 1629 813 1655 845; x_wconf 82' lang='grc'><strong>»</strong></span> <span class='ocrx_word' id='word_1_20' title='bbox 1684 791 1856 852; x_wconf 88' lang='lat' dir='ltr'><strong>Prius</strong></span> <span class='ocrx_word' id='word_1_21' title='bbox 1887 792 1974 853; x_wconf 91' lang='lat' dir='ltr'><strong>sal</strong></span> <span class='ocrx_word' id='word_1_22' title='bbox 2016 801 2075 855; x_wconf 89' lang='lat' dir='ltr'><strong>et</strong></span> 
     </span>
    </p>
   </div>
   <div class='ocr_carea' id='block_1_5' title="bbox 427 875 2067 959">
    <p class='ocr_par' dir='ltr' id='par_1_5' title="bbox 427 875 2067 959">
     <span class='ocr_line' id='line_1_5' title="bbox 427 875 2067 959; baseline 0.001 -19"><span class='ocrx_word' id='word_1_23' title='bbox 427 887 568 940; x_wconf 90' lang='lat' dir='ltr'><strong>tunc</strong></span> <span class='ocrx_word' id='word_1_24' title='bbox 599 877 720 938; x_wconf 88' lang='lat' dir='ltr'><strong>lux.</strong></span> <span class='ocrx_word' id='word_1_25' title='bbox 754 875 863 949; x_wconf 85' lang='lat' dir='ltr'><strong>Qui</strong></span> <span class='ocrx_word' id='word_1_26' title='bbox 896 877 1056 938; x_wconf 91' lang='lat' dir='ltr'><strong>enim</strong></span> <span class='ocrx_word' id='word_1_27' title='bbox 1081 878 1469 958; x_wconf 82' lang='lat' dir='ltr'><strong>reprehendit</strong></span> <span class='ocrx_word' id='word_1_28' title='bbox 1501 897 1631 959; x_wconf 66' lang='lat' dir='ltr'><strong>qua:</strong></span> <span class='ocrx_word' id='word_1_29' title='bbox 1663 879 1860 940; x_wconf 90' lang='lat' dir='ltr'><strong>oculte</strong></span> <span class='ocrx_word' id='word_1_30' title='bbox 1901 880 2067 959; x_wconf 83' lang='lat' dir='ltr'><strong>ﬁunt,</strong></span> 
     </span>
    </p>
   </div>
   <div class='ocr_carea' id='block_1_6' title="bbox 425 960 2067 1052">
    <p class='ocr_par' dir='ltr' id='par_1_6' title="bbox 425 960 2067 1052">
     <span class='ocr_line' id='line_1_6' title="bbox 425 960 2067 1052; baseline 0.005 -26"><span class='ocrx_word' id='word_1_31' title='bbox 425 960 526 1028; x_wconf 90' lang='lat' dir='ltr'><strong>ille</strong></span> <span class='ocrx_word' id='word_1_32' title='bbox 557 967 654 1029; x_wconf 84' lang='lat' dir='ltr'><strong>lux</strong></span> <span class='ocrx_word' id='word_1_33' title='bbox 679 979 790 1032; x_wconf 89' lang='lat' dir='ltr'><strong>est.</strong></span> <span class='ocrx_word' id='word_1_34' title='bbox 821 966 1012 1031; x_wconf 86' lang='lat' dir='ltr'><strong>Omne</strong></span> <span class='ocrx_word' id='word_1_35' title='bbox 1049 970 1210 1032; x_wconf 92' lang='lat' dir='ltr'><strong>enim</strong></span> <span class='ocrx_word' id='word_1_36' title='bbox 1255 970 1412 1052; x_wconf 91' lang='lat' dir='ltr'><strong>quod</strong></span> <span class='ocrx_word' id='word_1_37' title='bbox 1444 970 1780 1032; x_wconf 82' lang='lat' dir='ltr'><strong>manifestat</strong></span> <span class='ocrx_word' id='word_1_38' title='bbox 1807 971 1902 1033; x_wconf 81' lang='lat' dir='ltr'><strong>lux</strong></span> <span class='ocrx_word' id='word_1_39' title='bbox 1932 981 2022 1034; x_wconf 93' lang='lat' dir='ltr'><strong>est</strong></span> <span class='ocrx_word' id='word_1_40' title='bbox 2053 991 2067 1035; x_wconf 91' lang='lat'>:</span> 
     </span>
    </p>
   </div>
   <div class='ocr_carea' id='block_1_7' title="bbox 427 1059 2072 1138">
    <p class='ocr_par' dir='ltr' id='par_1_7' title="bbox 427 1059 2072 1138">
     <span class='ocr_line' id='line_1_7' title="bbox 427 1059 2072 1138; baseline 0.002 -19"><span class='ocrx_word' id='word_1_41' title='bbox 427 1078 548 1120; x_wconf 91' lang='lat' dir='ltr'><strong>non</strong></span> <span class='ocrx_word' id='word_1_42' title='bbox 606 1068 840 1138; x_wconf 83' lang='lat' dir='ltr'><strong>gentem</strong></span> <span class='ocrx_word' id='word_1_43' title='bbox 872 1068 1073 1124; x_wconf 91' lang='lat' dir='ltr'><strong>autem</strong></span> <span class='ocrx_word' id='word_1_44' title='bbox 1131 1081 1308 1124; x_wconf 89' lang='lat' dir='ltr'><strong>unam</strong></span> <span class='ocrx_word' id='word_1_45' title='bbox 1343 1061 1781 1124; x_wconf 78' lang='lat' dir='ltr'><strong>illustraverunt</strong></span> <span class='ocrx_word' id='word_1_46' title='bbox 1810 1061 1920 1138; x_wconf 85' lang='lat' dir='ltr'><strong>illi,</strong></span> <span class='ocrx_word' id='word_1_47' title='bbox 1967 1059 2072 1122; x_wconf 90' lang='lat' dir='ltr'><strong>sed</strong></span> 
     </span>
    </p>
   </div>
   <div class='ocr_carea' id='block_1_8' title="bbox 431 1148 2074 1232">
    <p class='ocr_par' dir='ltr' id='par_1_8' title="bbox 431 1148 2074 1232">
     <span class='ocr_line' id='line_1_8' title="bbox 431 1148 2074 1232; baseline 0.002 -24"><span class='ocrx_word' id='word_1_48' title='bbox 431 1148 741 1210; x_wconf 89' lang='lat' dir='ltr'><strong>mundum.</strong></span> <span class='ocrx_word' id='word_1_49' title='bbox 778 1172 800 1206; x_wconf 79' lang='grc' dir='ltr'><strong>ιι</strong></span> <span class='ocrx_word' id='word_1_50' title='bbox 837 1149 964 1211; x_wconf 84' lang='grc' dir='ltr'>Νοη</span> <span class='ocrx_word' id='word_1_51' title='bbox 992 1159 1184 1232; x_wconf 88' lang='lat' dir='ltr'><strong>potest</strong></span> <span class='ocrx_word' id='word_1_52' title='bbox 1207 1152 1411 1213; x_wconf 83' lang='lat' dir='ltr'><strong>civitas</strong></span> <span class='ocrx_word' id='word_1_53' title='bbox 1433 1152 1879 1232; x_wconf 68' lang='lat' dir='ltr'><strong>occultari,quaa</strong></span> <span class='ocrx_word' id='word_1_54' title='bbox 1896 1169 2074 1231; x_wconf 85' lang='lat' dir='ltr'><strong>supra</strong></span> 
     </span>
    </p>
   </div>
   <div class='ocr_carea' id='block_1_9' title="bbox 431 1239 2068 1315">
    <p class='ocr_par' dir='ltr' id='par_1_9' title="bbox 431 1239 2068 1315">
     <span class='ocr_line' id='line_1_9' title="bbox 431 1239 2068 1315; baseline 0.001 -18"><span class='ocrx_word' id='word_1_55' title='bbox 431 1245 697 1299; x_wconf 87' lang='lat' dir='ltr'><strong>montem</strong></span> <span class='ocrx_word' id='word_1_56' title='bbox 730 1239 843 1300; x_wconf 91' lang='lat' dir='ltr'><strong>sita</strong></span> <span class='ocrx_word' id='word_1_57' title='bbox 875 1248 989 1303; x_wconf 92' lang='lat' dir='ltr'><strong>est.</strong></span> <span class='ocrx_word' id='word_1_58' title='bbox 1026 1265 1052 1296; x_wconf 76' lang='lat' dir='ltr'><strong>ii</strong></span> <span class='ocrx_word' id='word_1_59' title='bbox 1088 1240 1270 1303; x_wconf 87' lang='lat' dir='ltr'><strong>Docet</strong></span> <span class='ocrx_word' id='word_1_60' title='bbox 1301 1259 1423 1315; x_wconf 91' lang='lat' dir='ltr'><strong>eos,</strong></span> <span class='ocrx_word' id='word_1_61' title='bbox 1455 1249 1516 1300; x_wconf 90' lang='lat' dir='ltr'><strong>ut</strong></span> <span class='ocrx_word' id='word_1_62' title='bbox 1539 1240 1756 1301; x_wconf 91' lang='lat' dir='ltr'><strong>durent</strong></span> <span class='ocrx_word' id='word_1_63' title='bbox 1785 1240 1844 1300; x_wconf 89' lang='lat' dir='ltr'><strong>in</strong></span> <span class='ocrx_word' id='word_1_64' title='bbox 1874 1248 2068 1301; x_wconf 82' lang='lat' dir='ltr'><strong>certa-</strong></span> 
     </span>
    </p>
   </div>
   <div class='ocr_carea' id='block_1_10' title="bbox 429 1326 2070 1407">
    <p class='ocr_par' dir='ltr' id='par_1_10' title="bbox 429 1326 2070 1407">
     <span class='ocr_line' id='line_1_10' title="bbox 429 1326 2070 1407; baseline 0.001 -22"><span class='ocrx_word' id='word_1_65' title='bbox 429 1326 681 1404; x_wconf 88' lang='lat' dir='ltr'><strong>mine,et</strong></span> <span class='ocrx_word' id='word_1_66' title='bbox 711 1327 1052 1407; x_wconf 84' lang='lat' dir='ltr'><strong>diligentem</strong></span> <span class='ocrx_word' id='word_1_67' title='bbox 1076 1329 1206 1391; x_wconf 83' lang='lat' dir='ltr'><strong>vitae</strong></span> <span class='ocrx_word' id='word_1_68' title='bbox 1236 1348 1357 1390; x_wconf 61' lang='lat' dir='ltr'><strong>sua;</strong></span> <span class='ocrx_word' id='word_1_69' title='bbox 1387 1329 1676 1391; x_wconf 91' lang='lat' dir='ltr'><strong>rationem</strong></span> <span class='ocrx_word' id='word_1_70' title='bbox 1707 1328 1986 1403; x_wconf 87' lang='lat' dir='ltr'><strong>habeant,</strong></span> <span class='ocrx_word' id='word_1_71' title='bbox 2008 1335 2070 1387; x_wconf 91' lang='lat' dir='ltr'><strong>ut</strong></span> 
     </span>
    </p>
   </div>
   <div class='ocr_carea' id='block_1_11' title="bbox 425 1414 2069 1498">
    <p class='ocr_par' dir='ltr' id='par_1_11' title="bbox 425 1414 2069 1498">
     <span class='ocr_line' id='line_1_11' title="bbox 425 1414 2069 1498; baseline 0.001 -23"><span class='ocrx_word' id='word_1_72' title='bbox 425 1414 469 1475; x_wconf 91' lang='lat' dir='ltr'><strong>ii</strong></span> <span class='ocrx_word' id='word_1_73' title='bbox 492 1415 552 1476; x_wconf 91' lang='lat' dir='ltr'><strong>in</strong></span> <span class='ocrx_word' id='word_1_74' title='bbox 592 1435 738 1497; x_wconf 93' lang='lat' dir='ltr'><strong>quos</strong></span> <span class='ocrx_word' id='word_1_75' title='bbox 768 1435 975 1478; x_wconf 90' lang='lat' dir='ltr'><strong>omnes</strong></span> <span class='ocrx_word' id='word_1_76' title='bbox 1032 1426 1319 1498; x_wconf 90' lang='lat' dir='ltr'><strong>spectant.</strong></span> <span class='ocrx_word' id='word_1_77' title='bbox 1355 1417 1441 1479; x_wconf 90' lang='lat' dir='ltr'><strong>Ne</strong></span> <span class='ocrx_word' id='word_1_78' title='bbox 1473 1419 1647 1497; x_wconf 84' lang='lat' dir='ltr'><strong>igitur</strong></span> <span class='ocrx_word' id='word_1_79' title='bbox 1676 1416 1910 1497; x_wconf 90' lang='lat' dir='ltr'><strong>putetis,</strong></span> <span class='ocrx_word' id='word_1_80' title='bbox 1971 1415 2069 1477; x_wconf 88' lang='lat' dir='ltr'><strong>in-</strong></span> 
     </span>
    </p>
   </div>
   <div class='ocr_carea' id='block_1_12' title="bbox 429 1504 2069 1586">
    <p class='ocr_par' dir='ltr' id='par_1_12' title="bbox 429 1504 2069 1586">
     <span class='ocr_line' id='line_1_12' title="bbox 429 1504 2069 1586; baseline 0.002 -22"><span class='ocrx_word' id='word_1_81' title='bbox 429 1504 577 1584; x_wconf 91' lang='lat' dir='ltr'><strong>quit,</strong></span> <span class='ocrx_word' id='word_1_82' title='bbox 610 1505 769 1585; x_wconf 90' lang='lat' dir='ltr'><strong>quod</strong></span> <span class='ocrx_word' id='word_1_83' title='bbox 797 1506 860 1566; x_wconf 91' lang='lat' dir='ltr'><strong>in</strong></span> <span class='ocrx_word' id='word_1_84' title='bbox 891 1507 1105 1585; x_wconf 84' lang='lat' dir='ltr'><strong>angulo</strong></span> <span class='ocrx_word' id='word_1_85' title='bbox 1138 1507 1363 1569; x_wconf 89' lang='lat' dir='ltr'><strong>latituri</strong></span> <span class='ocrx_word' id='word_1_86' title='bbox 1393 1506 1543 1581; x_wconf 90' lang='lat' dir='ltr'><strong>sitis,</strong></span> <span class='ocrx_word' id='word_1_87' title='bbox 1579 1507 1681 1568; x_wconf 79' lang='lat' dir='ltr'><strong>sed</strong></span> <span class='ocrx_word' id='word_1_88' title='bbox 1715 1505 2069 1586; x_wconf 85' lang='lat' dir='ltr'><strong>spectabiles</strong></span> 
     </span>
    </p>
   </div>
   <div class='ocr_carea' id='block_1_13' title="bbox 428 1593 2072 1676">
    <p class='ocr_par' dir='ltr' id='par_1_13' title="bbox 428 1593 2072 1676">
     <span class='ocr_line' id='line_1_13' title="bbox 428 1593 2072 1676; baseline 0.001 -22"><span class='ocrx_word' id='word_1_89' title='bbox 428 1593 615 1670; x_wconf 87' lang='lat' dir='ltr'><strong>eritis,</strong></span> <span class='ocrx_word' id='word_1_90' title='bbox 649 1603 707 1656; x_wconf 87' lang='lat' dir='ltr'><strong>et</strong></span> <span class='ocrx_word' id='word_1_91' title='bbox 726 1593 858 1655; x_wconf 90' lang='lat' dir='ltr'><strong>ideo</strong></span> <span class='ocrx_word' id='word_1_92' title='bbox 883 1595 1074 1656; x_wconf 85' lang='lat' dir='ltr'><strong>videte</strong></span> <span class='ocrx_word' id='word_1_93' title='bbox 1096 1595 1392 1676; x_wconf 91' lang='lat' dir='ltr'><strong>quomodo</strong></span> <span class='ocrx_word' id='word_1_94' title='bbox 1415 1595 1557 1656; x_wconf 88' lang='lat' dir='ltr'><strong>citra</strong></span> <span class='ocrx_word' id='word_1_95' title='bbox 1582 1594 1868 1656; x_wconf 87' lang='lat' dir='ltr'><strong>maculam</strong></span> <span class='ocrx_word' id='word_1_96' title='bbox 1887 1595 2072 1673; x_wconf 81' lang='lat' dir='ltr'><strong>agatis</strong></span> 
     </span>
    </p>
   </div>
   <div class='ocr_carea' id='block_1_14' title="bbox 421 1683 1650 1763">
    <p class='ocr_par' dir='ltr' id='par_1_14' title="bbox 421 1683 1650 1763">
     <span class='ocr_line' id='line_1_14' title="bbox 421 1683 1650 1763; baseline 0.002 -22"><span class='ocrx_word' id='word_1_97' title='bbox 421 1684 620 1763; x_wconf 90' lang='lat' dir='ltr'><strong>vitam,</strong></span> <span class='ocrx_word' id='word_1_98' title='bbox 653 1691 712 1744; x_wconf 92' lang='lat' dir='ltr'><strong>ut</strong></span> <span class='ocrx_word' id='word_1_99' title='bbox 746 1702 820 1745; x_wconf 91' lang='lat' dir='ltr'><strong>ne</strong></span> <span class='ocrx_word' id='word_1_100' title='bbox 854 1691 911 1744; x_wconf 90' lang='lat' dir='ltr'><strong>et</strong></span> <span class='ocrx_word' id='word_1_101' title='bbox 940 1683 1074 1745; x_wconf 89' lang='lat' dir='ltr'><strong>aliis</strong></span> <span class='ocrx_word' id='word_1_102' title='bbox 1107 1684 1465 1746; x_wconf 75' lang='lat' dir='ltr'><strong>offendicula</strong></span> <span class='ocrx_word' id='word_1_103' title='bbox 1499 1683 1650 1745; x_wconf 90' lang='lat' dir='ltr'><strong>sitis.</strong></span> 
     </span>
    </p>
   </div>
   <div class='ocr_carea' id='block_1_15' title="bbox 1382 387 2827 460">
    <p class='ocr_par' dir='ltr' id='par_1_15' title="bbox 1382 387 2827 460">
     <span class='ocr_line' id='line_1_15' title="bbox 1382 387 2827 460; baseline 0.003 -7"><span class='ocrx_word' id='word_1_104' title='bbox 1382 387 1973 455; x_wconf 83' lang='lat' dir='ltr'><strong>THEOPHYLACTI</strong></span> <span class='ocrx_word' id='word_1_105' title='bbox 2017 391 2428 458; x_wconf 75' lang='lat' dir='ltr'><strong>BULGARUE</strong></span> <span class='ocrx_word' id='word_1_106' title='bbox 2469 395 2827 460; x_wconf 83' lang='lat' dir='ltr'><strong>ARGHIEP.</strong></span> 
     </span>
    </p>
   </div>
   <div class='ocr_carea' id='block_1_16' title="bbox 422 518 2068 604">
    <p class='ocr_par' dir='ltr' id='par_1_16' title="bbox 422 518 2068 604">
     <span class='ocr_line' id='line_1_16' title="bbox 422 518 2068 604; baseline 0.002 -22"><span class='ocrx_word' id='word_1_107' title='bbox 422 522 482 582; x_wconf 92' lang='lat' dir='ltr'><strong>in</strong></span> <span class='ocrx_word' id='word_1_108' title='bbox 517 537 630 601; x_wconf 93' lang='lat' dir='ltr'><strong>quo</strong></span> <span class='ocrx_word' id='word_1_109' title='bbox 657 518 925 600; x_wconf 88' lang='lat' dir='ltr'><strong>salietur,</strong></span> <span class='ocrx_word' id='word_1_110' title='bbox 960 520 1071 581; x_wconf 89' lang='lat' dir='ltr'><strong>hoc</strong></span> <span class='ocrx_word' id='word_1_111' title='bbox 1102 529 1210 594; x_wconf 83' lang='lat' dir='ltr'><strong>est,</strong></span> <span class='ocrx_word' id='word_1_112' title='bbox 1254 520 1637 599; x_wconf 83' lang='lat' dir='ltr'><strong>corrigetur?</strong></span> <span class='ocrx_word' id='word_1_113' title='bbox 1684 522 1848 583; x_wconf 91' lang='lat' dir='ltr'><strong>Tunc</strong></span> <span class='ocrx_word' id='word_1_114' title='bbox 1894 523 2068 604; x_wconf 87' lang='lat' dir='ltr'><strong>igitur</strong></span> 
     </span>
    </p>
   </div>
   <div class='ocr_carea' id='block_1_17' title="bbox 2159 518 2772 604">
    <p class='ocr_par' dir='ltr' id='par_1_17' title="bbox 2159 527 2772 602">
     <span class='ocr_line' id='line_1_17' title="bbox 2159 527 2772 602; baseline 0.011 -21"><span class='ocrx_word' id='word_1_115' title='bbox 2159 527 2206 582; x_wconf 75' lang='grc' dir='ltr'>ἒν</span> <span class='ocrx_word' id='word_1_116' title='bbox 2277 531 2375 586; x_wconf 75' lang='grc' dir='ltr'>τίνι</span> <span class='ocrx_word' id='word_1_117' title='bbox 2433 530 2772 602; x_wconf 70' lang='grc' dir='ltr'><strong>ἁλισθήσεται</strong></span> 
     </span>
    </p>
   </div>
   <div class='ocr_carea' id='block_1_18' title="bbox 3680 396 3793 457">
    <p class='ocr_par' dir='ltr' id='par_1_18' title="bbox 3680 396 3793 457">
     <span class='ocr_line' id='line_1_18' title="bbox 3680 396 3793 457; baseline 0 -1"><span class='ocrx_word' id='word_1_118' title='bbox 3680 396 3793 457; x_wconf 75' lang='grc'><strong>192</strong></span> 
     </span>
    </p>
   </div>
   <div class='ocr_carea' id='block_1_19' title="bbox 2781 530 3792 614">
    <p class='ocr_par' dir='ltr' id='par_1_19' title="bbox 2781 530 3792 614">
     <span class='ocr_line' id='line_1_19' title="bbox 2781 530 3792 614; baseline 0 -26"><span class='ocrx_word' id='word_1_119' title='bbox 2781 581 2796 614; x_wconf 87' lang='grc'><strong>,</strong></span> <span class='ocrx_word' id='word_1_120' title='bbox 2855 532 3113 606; x_wconf 76' lang='grc' dir='ltr'>τουτέστι,</span> <span class='ocrx_word' id='word_1_121' title='bbox 3149 531 3554 612; x_wconf 76' lang='grc' dir='ltr'>διορθωθήσεται</span> <span class='ocrx_word' id='word_1_122' title='bbox 3607 553 3618 594; x_wconf 92' lang='lat'>:</span> <span class='ocrx_word' id='word_1_123' title='bbox 3656 530 3792 588; x_wconf 79' lang='grc' dir='ltr'>Ἀπὸ</span> 
     </span>
    </p>
   </div>
   <div class='ocr_carea' id='block_1_20' title="bbox 2151 618 3797 700">
    <p class='ocr_par' dir='ltr' id='par_1_20' title="bbox 2151 618 3797 700">
     <span class='ocr_line' id='line_1_20' title="bbox 2151 618 3797 700; baseline 0.003 -26"><span class='ocrx_word' id='word_1_124' title='bbox 2151 618 2270 675; x_wconf 89' lang='grc' dir='ltr'>τότε</span> <span class='ocrx_word' id='word_1_125' title='bbox 2315 619 2403 676; x_wconf 79' lang='grc' dir='ltr'><strong>οὗν</strong></span> <span class='ocrx_word' id='word_1_126' title='bbox 2461 619 2559 686; x_wconf 74' lang='grc' dir='ltr'><strong>ἔξω</strong></span> <span class='ocrx_word' id='word_1_127' title='bbox 2611 621 2844 700; x_wconf 83' lang='grc' dir='ltr'>ρίπτεται</span> <span class='ocrx_word' id='word_1_128' title='bbox 2902 629 2994 679; x_wconf 81' lang='grc' dir='ltr'>τοῦ</span> <span class='ocrx_word' id='word_1_129' title='bbox 3044 619 3413 679; x_wconf 87' lang='grc' dir='ltr'>διδασκαλικοῦ</span> <span class='ocrx_word' id='word_1_130' title='bbox 3474 620 3797 698; x_wconf 75' lang='grc' dir='ltr'>ἀξιώματος,</span> 
     </span>
    </p>
   </div>
   <div class='ocr_carea' id='block_1_21' title="bbox 2153 709 3431 792">
    <p class='ocr_par' dir='ltr' id='par_1_21' title="bbox 2153 709 3431 792">
     <span class='ocr_line' id='line_1_21' title="bbox 2153 709 3431 792; baseline 0.008 -30"><span class='ocrx_word' id='word_1_131' title='bbox 2153 709 2240 767; x_wconf 84' lang='grc' dir='ltr'><strong>καὶ</strong></span> <span class='ocrx_word' id='word_1_132' title='bbox 2269 724 2680 791; x_wconf 79' lang='grc' dir='ltr'>καταπατεῖται,</span> <span class='ocrx_word' id='word_1_133' title='bbox 2699 711 2962 792; x_wconf 77' lang='grc' dir='ltr'>τουτέστι,</span> <span class='ocrx_word' id='word_1_134' title='bbox 2994 724 3431 790; x_wconf 74' lang='grc' dir='ltr'>καταφρονεῖται.</span> 
     </span>
    </p>
   </div>
   <div class='ocr_carea' id='block_1_22' title="bbox 2242 787 3792 881">
    <p class='ocr_par' dir='ltr' id='par_1_22' title="bbox 2242 787 3792 881">
     <span class='ocr_line' id='line_1_22' title="bbox 2242 787 3792 881; baseline 0.003 -28"><span class='ocrx_word' id='word_1_135' title='bbox 2242 818 2265 853; x_wconf 76' lang='grc' dir='ltr'>ι</span> <span class='ocrx_word' id='word_1_136' title='bbox 2306 787 2490 872; x_wconf 57' lang='grc' dir='ltr'>’Υμεϊς</span> <span class='ocrx_word' id='word_1_137' title='bbox 2520 800 2635 856; x_wconf 78' lang='grc' dir='ltr'>ἐστε</span> <span class='ocrx_word' id='word_1_138' title='bbox 2665 787 2725 856; x_wconf 82' lang='grc' dir='ltr'><strong>το</strong></span> <span class='ocrx_word' id='word_1_139' title='bbox 2757 807 2866 881; x_wconf 74' lang='grc' dir='ltr'><strong>φῶς</strong></span> <span class='ocrx_word' id='word_1_140' title='bbox 2895 787 2988 858; x_wconf 80' lang='grc' dir='ltr'>τόῠ</span> <span class='ocrx_word' id='word_1_141' title='bbox 3016 787 3241 876; x_wconf 78' lang='grc' dir='ltr'>κόσμου.</span> <span class='ocrx_word' id='word_1_142' title='bbox 3282 825 3306 856; x_wconf 81' lang='lat' dir='ltr'><strong>ii</strong></span> <span class='ocrx_word' id='word_1_143' title='bbox 3344 801 3601 876; x_wconf 80' lang='grc' dir='ltr'><strong>Πρότερον</strong></span> <span class='ocrx_word' id='word_1_144' title='bbox 3634 799 3792 874; x_wconf 77' lang='grc' dir='ltr'>ἅλας,</span> 
     </span>
    </p>
   </div>
   <div class='ocr_carea' id='block_1_23' title="bbox 2155 881 3799 970">
    <p class='ocr_par' dir='ltr' id='par_1_23' title="bbox 2155 881 3799 970">
     <span class='ocr_line' id='line_1_23' title="bbox 2155 881 3799 970; baseline 0.003 -29"><span class='ocrx_word' id='word_1_145' title='bbox 2155 887 2241 941; x_wconf 89' lang='grc' dir='ltr'>καὶ</span> <span class='ocrx_word' id='word_1_146' title='bbox 2310 887 2428 943; x_wconf 91' lang='grc' dir='ltr'>τότε</span> <span class='ocrx_word' id='word_1_147' title='bbox 2499 892 2631 968; x_wconf 81' lang='grc' dir='ltr'>φῶς.</span> <span class='ocrx_word' id='word_1_148' title='bbox 2711 881 2766 948; x_wconf 74' lang='grc' dir='ltr'><strong>Ὀ</strong></span> <span class='ocrx_word' id='word_1_149' title='bbox 2813 891 2912 970; x_wconf 78' lang='grc' dir='ltr'><strong>γὰρ</strong></span> <span class='ocrx_word' id='word_1_150' title='bbox 2957 888 3201 970; x_wconf 74' lang='grc' dir='ltr'>ἐλέγχων</span> <span class='ocrx_word' id='word_1_151' title='bbox 3249 891 3314 946; x_wconf 82' lang='grc' dir='ltr'><strong>τὰ</strong></span> <span class='ocrx_word' id='word_1_152' title='bbox 3356 895 3526 970; x_wconf 76' lang='grc' dir='ltr'>κρυφῆ</span> <span class='ocrx_word' id='word_1_153' title='bbox 3566 892 3799 968; x_wconf 84' lang='grc' dir='ltr'>πραττό-</span> 
     </span>
    </p>
   </div>
   <div class='ocr_carea' id='block_1_24' title="bbox 2155 975 3792 1060">
    <p class='ocr_par' dir='ltr' id='par_1_24' title="bbox 2155 975 3792 1060">
     <span class='ocr_line' id='line_1_24' title="bbox 2155 975 3792 1060; baseline 0.002 -29"><span class='ocrx_word' id='word_1_154' title='bbox 2155 997 2312 1056; x_wconf 90' lang='grc' dir='ltr'>μενα,</span> <span class='ocrx_word' id='word_1_155' title='bbox 2366 975 2568 1044; x_wconf 76' lang='grc' dir='ltr'>ἐκεῖνός</span> <span class='ocrx_word' id='word_1_156' title='bbox 2626 978 2734 1036; x_wconf 81' lang='grc' dir='ltr'>ἐστι</span> <span class='ocrx_word' id='word_1_157' title='bbox 2784 982 2917 1060; x_wconf 73' lang='grc' dir='ltr'>φῶς.</span> <span class='ocrx_word' id='word_1_158' title='bbox 3002 985 3112 1037; x_wconf 86' lang='grc' dir='ltr'>Πᾶν</span> <span class='ocrx_word' id='word_1_159' title='bbox 3145 981 3244 1057; x_wconf 70' lang='grc' dir='ltr'>γὰρ</span> <span class='ocrx_word' id='word_1_160' title='bbox 3275 980 3337 1035; x_wconf 82' lang='grc' dir='ltr'>κὸ</span> <span class='ocrx_word' id='word_1_161' title='bbox 3386 980 3792 1060; x_wconf 72' lang='grc' dir='ltr'><strong>φανερούμενον,</strong></span> 
     </span>
    </p>
   </div>
   <div class='ocr_carea' id='block_1_25' title="bbox 2154 1065 3794 1146">
    <p class='ocr_par' dir='ltr' id='par_1_25' title="bbox 2154 1065 3794 1146">
     <span class='ocr_line' id='line_1_25' title="bbox 2154 1065 3794 1146; baseline 0.002 -26"><span class='ocrx_word' id='word_1_162' title='bbox 2154 1065 2265 1143; x_wconf 74' lang='grc' dir='ltr'><strong>φῶς</strong></span> <span class='ocrx_word' id='word_1_163' title='bbox 2324 1065 2486 1129; x_wconf 81' lang='grc' dir='ltr'>ἐστιν.</span> <span class='ocrx_word' id='word_1_164' title='bbox 2533 1072 2639 1126; x_wconf 71' lang='grc' dir='ltr'><strong>Οὔκ</strong></span> <span class='ocrx_word' id='word_1_165' title='bbox 2694 1067 2834 1135; x_wconf 77' lang='grc' dir='ltr'>ἔθνος</span> <span class='ocrx_word' id='word_1_166' title='bbox 2890 1067 2945 1124; x_wconf 80' lang='grc' dir='ltr'>δὲ</span> <span class='ocrx_word' id='word_1_167' title='bbox 2999 1067 3054 1124; x_wconf 77' lang='grc' dir='ltr'>ἕν</span> <span class='ocrx_word' id='word_1_168' title='bbox 3101 1068 3360 1146; x_wconf 74' lang='grc' dir='ltr'>ἐφώτισαν</span> <span class='ocrx_word' id='word_1_169' title='bbox 3418 1071 3583 1143; x_wconf 80' lang='grc' dir='ltr'>οὗτοι,</span> <span class='ocrx_word' id='word_1_170' title='bbox 3657 1067 3794 1124; x_wconf 79' lang='grc' dir='ltr'>ἀλλὰ</span> 
     </span>
    </p>
   </div>
   <div class='ocr_carea' id='block_1_26' title="bbox 2153 1154 3792 1236">
    <p class='ocr_par' dir='ltr' id='par_1_26' title="bbox 2153 1154 3792 1236">
     <span class='ocr_line' id='line_1_26' title="bbox 2153 1154 3792 1236; baseline 0.002 -28"><span class='ocrx_word' id='word_1_171' title='bbox 2153 1154 2243 1209; x_wconf 82' lang='grc' dir='ltr'>τὸν</span> <span class='ocrx_word' id='word_1_172' title='bbox 2299 1156 2522 1230; x_wconf 89' lang='grc' dir='ltr'>κόσμον,</span> <span class='ocrx_word' id='word_1_173' title='bbox 2588 1177 2610 1212; x_wconf 70' lang='grc' dir='ltr'><strong>α</strong></span> <span class='ocrx_word' id='word_1_174' title='bbox 2668 1161 2739 1216; x_wconf 78' lang='grc' dir='ltr'><strong>Ού</strong></span> <span class='ocrx_word' id='word_1_175' title='bbox 2809 1156 3016 1214; x_wconf 90' lang='grc' dir='ltr'>δύναται</span> <span class='ocrx_word' id='word_1_176' title='bbox 3067 1156 3222 1221; x_wconf 84' lang='grc' dir='ltr'>πόλις</span> <span class='ocrx_word' id='word_1_177' title='bbox 3278 1155 3530 1236; x_wconf 79' lang='grc' dir='ltr'>κρυϐῆναι</span> <span class='ocrx_word' id='word_1_178' title='bbox 3614 1157 3792 1215; x_wconf 76' lang='grc' dir='ltr'>ἐπάνω</span> 
     </span>
    </p>
   </div>
   <div class='ocr_carea' id='block_1_27' title="bbox 2153 1239 3790 1326">
    <p class='ocr_par' dir='ltr' id='par_1_27' title="bbox 2153 1239 3790 1326">
     <span class='ocr_line' id='line_1_27' title="bbox 2153 1239 3790 1326; baseline 0.002 -30"><span class='ocrx_word' id='word_1_179' title='bbox 2153 1239 2299 1319; x_wconf 74' lang='grc' dir='ltr'>ὅρους</span> <span class='ocrx_word' id='word_1_180' title='bbox 2369 1244 2614 1318; x_wconf 88' lang='grc' dir='ltr'>κειμένη.</span> <span class='ocrx_word' id='word_1_181' title='bbox 2667 1269 2691 1304; x_wconf 76' lang='grc' dir='ltr'>ι</span> <span class='ocrx_word' id='word_1_182' title='bbox 2728 1244 2967 1302; x_wconf 88' lang='grc' dir='ltr'>Παιδεύει</span> <span class='ocrx_word' id='word_1_183' title='bbox 3018 1247 3225 1326; x_wconf 74' lang='grc' dir='ltr'>αὐτοὺς,</span> <span class='ocrx_word' id='word_1_184' title='bbox 3272 1245 3589 1322; x_wconf 75' lang='grc' dir='ltr'>ἐναγωνίους</span> <span class='ocrx_word' id='word_1_185' title='bbox 3619 1247 3790 1325; x_wconf 78' lang='grc' dir='ltr'>εἶναι,</span> 
     </span>
    </p>
   </div>
   <div class='ocr_carea' id='block_1_28' title="bbox 2152 1330 3794 1414">
    <p class='ocr_par' dir='ltr' id='par_1_28' title="bbox 2152 1330 3794 1414">
     <span class='ocr_line' id='line_1_28' title="bbox 2152 1330 3794 1414; baseline 0.004 -30"><span class='ocrx_word' id='word_1_186' title='bbox 2152 1331 2239 1384; x_wconf 87' lang='grc' dir='ltr'><strong>καὶ</strong></span> <span class='ocrx_word' id='word_1_187' title='bbox 2309 1330 2546 1411; x_wconf 76' lang='grc' dir='ltr'>ἀκριϐεῖς</span> <span class='ocrx_word' id='word_1_188' title='bbox 2603 1336 2719 1413; x_wconf 85' lang='grc' dir='ltr'>περὶ</span> <span class='ocrx_word' id='word_1_189' title='bbox 2775 1336 2864 1391; x_wconf 81' lang='grc' dir='ltr'><strong>τὸν</strong></span> <span class='ocrx_word' id='word_1_190' title='bbox 2921 1336 3057 1411; x_wconf 85' lang='grc' dir='ltr'>βίον,</span> <span class='ocrx_word' id='word_1_191' title='bbox 3127 1338 3197 1400; x_wconf 86' lang='grc' dir='ltr'>ὡς</span> <span class='ocrx_word' id='word_1_192' title='bbox 3252 1334 3392 1414; x_wconf 81' lang='grc' dir='ltr'>παρὰ</span> <span class='ocrx_word' id='word_1_193' title='bbox 3421 1335 3631 1391; x_wconf 89' lang='grc' dir='ltr'>πάντων</span> <span class='ocrx_word' id='word_1_194' title='bbox 3660 1333 3794 1411; x_wconf 82' lang='grc' dir='ltr'>βλέ-</span> 
     </span>
    </p>
   </div>
   <div class='ocr_carea' id='block_1_29' title="bbox 2154 1420 3793 1503">
    <p class='ocr_par' dir='ltr' id='par_1_29' title="bbox 2154 1420 3793 1503">
     <span class='ocr_line' id='line_1_29' title="bbox 2154 1420 3793 1503; baseline 0.002 -29"><span class='ocrx_word' id='word_1_195' title='bbox 2154 1422 2338 1475; x_wconf 81' lang='grc' dir='ltr'>πεσθαι</span> <span class='ocrx_word' id='word_1_196' title='bbox 2390 1420 2704 1496; x_wconf 82' lang='grc' dir='ltr'>μέλλοντας,</span> <span class='ocrx_word' id='word_1_197' title='bbox 2765 1425 2852 1490; x_wconf 80' lang='grc' dir='ltr'><strong>Μὴ</strong></span> <span class='ocrx_word' id='word_1_198' title='bbox 2919 1425 3018 1503; x_wconf 79' lang='grc' dir='ltr'>γὰρ</span> <span class='ocrx_word' id='word_1_199' title='bbox 3074 1424 3348 1498; x_wconf 80' lang='grc' dir='ltr'><strong>νομίσητε,</strong></span> <span class='ocrx_word' id='word_1_200' title='bbox 3395 1425 3576 1502; x_wconf 77' lang='grc' dir='ltr'>φησὶν,</span> <span class='ocrx_word' id='word_1_201' title='bbox 3627 1423 3708 1480; x_wconf 81' lang='grc' dir='ltr'><strong>ὅτι</strong></span> <span class='ocrx_word' id='word_1_202' title='bbox 3739 1423 3793 1479; x_wconf 78' lang='grc' dir='ltr'>ἐν</span> 
     </span>
    </p>
   </div>
   <div class='ocr_carea' id='block_1_30' title="bbox 2155 1508 3793 1590">
    <p class='ocr_par' dir='ltr' id='par_1_30' title="bbox 2155 1508 3793 1590">
     <span class='ocr_line' id='line_1_30' title="bbox 2155 1508 3793 1590; baseline 0.003 -26"><span class='ocrx_word' id='word_1_203' title='bbox 2155 1509 2317 1585; x_wconf 81' lang='grc' dir='ltr'><strong>γωνίᾳ</strong></span> <span class='ocrx_word' id='word_1_204' title='bbox 2378 1508 2718 1590; x_wconf 75' lang='grc' dir='ltr'>κρυϐήσεσθε,</span> <span class='ocrx_word' id='word_1_205' title='bbox 2804 1511 2938 1568; x_wconf 76' lang='grc' dir='ltr'>ἀλλὰ</span> <span class='ocrx_word' id='word_1_206' title='bbox 2997 1511 3333 1590; x_wconf 85' lang='grc' dir='ltr'>περίϐλεπτοι</span> <span class='ocrx_word' id='word_1_207' title='bbox 3393 1511 3591 1590; x_wconf 78' lang='grc' dir='ltr'>ἔσεσθε,</span> <span class='ocrx_word' id='word_1_208' title='bbox 3657 1513 3793 1569; x_wconf 84' lang='grc' dir='ltr'>ὥστε</span> 
     </span>
    </p>
   </div>
   <div class='ocr_carea' id='block_1_31' title="bbox 2153 1598 3788 1682">
    <p class='ocr_par' dir='ltr' id='par_1_31' title="bbox 2153 1598 3788 1682">
     <span class='ocr_line' id='line_1_31' title="bbox 2153 1598 3788 1682; baseline 0.004 -28"><span class='ocrx_word' id='word_1_209' title='bbox 2153 1598 2373 1674; x_wconf 83' lang='grc' dir='ltr'><strong>βλέπετε</strong></span> <span class='ocrx_word' id='word_1_210' title='bbox 2445 1600 2559 1666; x_wconf 86' lang='grc' dir='ltr'><strong>πῶς</strong></span> <span class='ocrx_word' id='word_1_211' title='bbox 2607 1600 2848 1678; x_wconf 82' lang='grc' dir='ltr'>ἀμώμως</span> <span class='ocrx_word' id='word_1_212' title='bbox 2919 1604 3160 1676; x_wconf 72' lang='grc' dir='ltr'>ζήσεσθε,</span> <span class='ocrx_word' id='word_1_213' title='bbox 3225 1601 3317 1659; x_wconf 73' lang='grc' dir='ltr'><strong>ἵνα</strong></span> <span class='ocrx_word' id='word_1_214' title='bbox 3347 1603 3424 1678; x_wconf 80' lang='grc' dir='ltr'>μὴ</span> <span class='ocrx_word' id='word_1_215' title='bbox 3466 1604 3553 1658; x_wconf 80' lang='grc' dir='ltr'><strong>καὶ</strong></span> <span class='ocrx_word' id='word_1_216' title='bbox 3585 1603 3788 1682; x_wconf 80' lang='grc' dir='ltr'>ἑτέρους</span> 
     </span>
    </p>
   </div>
   <div class='ocr_carea' id='block_1_32' title="bbox 2155 1687 2557 1760">
    <p class='ocr_par' dir='ltr' id='par_1_32' title="bbox 2155 1687 2557 1760">
     <span class='ocr_line' id='line_1_32' title="bbox 2155 1687 2557 1760; baseline 0.005 -16"><span class='ocrx_word' id='word_1_217' title='bbox 2155 1687 2383 1745; x_wconf 88' lang='grc' dir='ltr'>σκανδαλ</span> <span class='ocrx_word' id='word_1_218' title='bbox 2391 1690 2531 1760; x_wconf 80' lang='grc' dir='ltr'>ίζητι</span> <span class='ocrx_word' id='word_1_219' title='bbox 2541 1738 2557 1753; x_wconf 87' lang='grc'><strong>.</strong></span> 
     </span>
    </p>
   </div>
   <div class='ocr_carea' id='block_1_33' title="bbox 507 1771 2068 1863">
    <p class='ocr_par' dir='ltr' id='par_1_33' title="bbox 507 1771 2068 1863">
     <span class='ocr_line' id='line_1_33' title="bbox 507 1771 2068 1863; baseline -0.001 -29"><span class='ocrx_word' id='word_1_220' title='bbox 507 1771 689 1835; x_wconf 80' lang='lat' dir='ltr'><strong>VEns.</strong></span> <span class='ocrx_word' id='word_1_221' title='bbox 719 1774 816 1834; x_wconf 86' lang='grc'><strong>15.</strong></span> <span class='ocrx_word' id='word_1_222' title='bbox 841 1774 1048 1863; x_wconf 80' lang='lat' dir='ltr'><strong>Neque</strong></span> <span class='ocrx_word' id='word_1_223' title='bbox 1072 1773 1408 1837; x_wconf 90' lang='lat' dir='ltr'><strong>accendunt</strong></span> <span class='ocrx_word' id='word_1_224' title='bbox 1432 1773 1826 1863; x_wconf 84' lang='lat' dir='ltr'><strong>lucernam,et</strong></span> <span class='ocrx_word' id='word_1_225' title='bbox 1845 1779 2068 1863; x_wconf 84' lang='lat' dir='ltr'><strong>ponunt</strong></span> 
     </span>
    </p>
   </div>
   <div class='ocr_carea' id='block_1_34' title="bbox 2159 1771 3791 1863">
    <p class='ocr_par' dir='ltr' id='par_1_34' title="bbox 2239 1778 3791 1861">
     <span class='ocr_line' id='line_1_34' title="bbox 2239 1778 3791 1861; baseline 0.001 -25"><span class='ocrx_word' id='word_1_226' title='bbox 2239 1796 2269 1836; x_wconf 86' lang='grc'><strong>(</strong></span> <span class='ocrx_word' id='word_1_227' title='bbox 2301 1778 2427 1835; x_wconf 71' lang='grc' dir='ltr'>Οὗδὲ</span> <span class='ocrx_word' id='word_1_228' title='bbox 2469 1780 2671 1836; x_wconf 84' lang='grc' dir='ltr'>καίουσι</span> <span class='ocrx_word' id='word_1_229' title='bbox 2703 1779 2923 1860; x_wconf 87' lang='grc' dir='ltr'>λύχνον,</span> <span class='ocrx_word' id='word_1_230' title='bbox 2985 1783 3071 1837; x_wconf 85' lang='grc' dir='ltr'><strong>καὶ</strong></span> <span class='ocrx_word' id='word_1_231' title='bbox 3099 1780 3328 1838; x_wconf 79' lang='grc' dir='ltr'>τιθέασιν</span> <span class='ocrx_word' id='word_1_232' title='bbox 3349 1782 3448 1838; x_wconf 74' lang='grc' dir='ltr'>ὑπὸ</span> <span class='ocrx_word' id='word_1_233' title='bbox 3493 1783 3555 1838; x_wconf 83' lang='grc' dir='ltr'>τὸ</span> <span class='ocrx_word' id='word_1_234' title='bbox 3585 1779 3791 1861; x_wconf 82' lang='grc' dir='ltr'>μοδιον,</span> 
     </span>
    </p>
   </div>
   <div class='ocr_carea' id='block_1_35' title="bbox 423 1861 2068 1949">
    <p class='ocr_par' dir='ltr' id='par_1_35' title="bbox 423 1861 2068 1942">
     <span class='ocr_line' id='line_1_35' title="bbox 423 1861 2068 1942; baseline -0.001 -19"><span class='ocrx_word' id='word_1_235' title='bbox 423 1879 552 1923; x_wconf 88' lang='lat' dir='ltr'><strong>eam</strong></span> <span class='ocrx_word' id='word_1_236' title='bbox 585 1863 696 1924; x_wconf 92' lang='lat' dir='ltr'><strong>sub</strong></span> <span class='ocrx_word' id='word_1_237' title='bbox 725 1862 1014 1938; x_wconf 92' lang='lat' dir='ltr'><strong>modium,</strong></span> <span class='ocrx_word' id='word_1_238' title='bbox 1038 1863 1144 1924; x_wconf 92' lang='lat' dir='ltr'><strong>sed</strong></span> <span class='ocrx_word' id='word_1_239' title='bbox 1171 1881 1351 1942; x_wconf 86' lang='lat' dir='ltr'><strong>super</strong></span> <span class='ocrx_word' id='word_1_240' title='bbox 1374 1862 1891 1941; x_wconf 89' lang='lat' dir='ltr'><strong>candelabrum,et</strong></span> <span class='ocrx_word' id='word_1_241' title='bbox 1913 1861 2068 1922; x_wconf 92' lang='lat' dir='ltr'><strong>lucet</strong></span> 
     </span>
    </p>
   </div>
   <div class='ocr_carea' id='block_1_36' title="bbox 2159 1861 3791 1949">
    <p class='ocr_par' dir='ltr' id='par_1_36' title="bbox 2159 1867 3791 1949">
     <span class='ocr_line' id='line_1_36' title="bbox 2159 1867 3791 1949; baseline 0.001 -25"><span class='ocrx_word' id='word_1_242' title='bbox 2159 1867 2270 1925; x_wconf 64' lang='grc' dir='ltr'>ἄλλ’</span> <span class='ocrx_word' id='word_1_243' title='bbox 2303 1869 2387 1925; x_wconf 86' lang='grc' dir='ltr'><strong>ἐπὶ</strong></span> <span class='ocrx_word' id='word_1_244' title='bbox 2431 1870 2527 1936; x_wconf 75' lang='grc' dir='ltr'>τὴν</span> <span class='ocrx_word' id='word_1_245' title='bbox 2559 1869 2803 1949; x_wconf 79' lang='grc' dir='ltr'>λυχνίαν,</span> <span class='ocrx_word' id='word_1_246' title='bbox 2849 1870 2938 1926; x_wconf 87' lang='grc' dir='ltr'><strong>καὶ</strong></span> <span class='ocrx_word' id='word_1_247' title='bbox 2992 1868 3190 1944; x_wconf 78' lang='grc' dir='ltr'><strong>λάμπει</strong></span> <span class='ocrx_word' id='word_1_248' title='bbox 3263 1876 3394 1926; x_wconf 81' lang='grc' dir='ltr'>πᾶσι</span> <span class='ocrx_word' id='word_1_249' title='bbox 3437 1883 3554 1934; x_wconf 76' lang='grc' dir='ltr'>τοῖς</span> <span class='ocrx_word' id='word_1_250' title='bbox 3613 1869 3665 1927; x_wconf 70' lang='grc' dir='ltr'>ἐν</span> <span class='ocrx_word' id='word_1_251' title='bbox 3722 1876 3791 1947; x_wconf 79' lang='grc' dir='ltr'>τῇ</span> 
     </span>
    </p>
   </div>
   <div class='ocr_carea' id='block_1_37' title="bbox 422 1949 2068 2038">
    <p class='ocr_par' dir='ltr' id='par_1_37' title="bbox 422 1949 2068 2031">
     <span class='ocr_line' id='line_1_37' title="bbox 422 1949 2068 2031; baseline -0.002 -20"><span class='ocrx_word' id='word_1_252' title='bbox 422 1949 703 2013; x_wconf 90' lang='lat' dir='ltr'><strong>omnibus</strong></span> <span class='ocrx_word' id='word_1_253' title='bbox 736 1952 832 2031; x_wconf 87' lang='lat' dir='ltr'><strong>qui</strong></span> <span class='ocrx_word' id='word_1_254' title='bbox 858 1951 916 2011; x_wconf 90' lang='lat' dir='ltr'><strong>in</strong></span> <span class='ocrx_word' id='word_1_255' title='bbox 941 1951 1115 2011; x_wconf 93' lang='lat' dir='ltr'><strong>domo</strong></span> <span class='ocrx_word' id='word_1_256' title='bbox 1147 1960 1303 2013; x_wconf 88' lang='lat' dir='ltr'><strong>sunt.</strong></span> <span class='ocrx_word' id='word_1_257' title='bbox 1331 1977 1352 2010; x_wconf 76' lang='grc' dir='ltr'>ι)</span> <span class='ocrx_word' id='word_1_258' title='bbox 1388 1951 1508 2030; x_wconf 83' lang='lat' dir='ltr'><strong>Ego</strong></span> <span class='ocrx_word' id='word_1_259' title='bbox 1534 1951 1693 2011; x_wconf 89' lang='lat' dir='ltr'><strong>enim</strong></span> <span class='ocrx_word' id='word_1_260' title='bbox 1717 1949 1964 2011; x_wconf 87' lang='lat' dir='ltr'><strong>accendi</strong></span> <span class='ocrx_word' id='word_1_261' title='bbox 1987 1950 2068 2009; x_wconf 93' lang='lat' dir='ltr'><strong>lu-</strong></span> 
     </span>
    </p>
   </div>
   <div class='ocr_carea' id='block_1_38' title="bbox 2159 1949 3790 2038">
    <p class='ocr_par' dir='ltr' id='par_1_38' title="bbox 2159 1957 3790 2038">
     <span class='ocr_line' id='line_1_38' title="bbox 2159 1957 3790 2038; baseline -0.001 -23"><span class='ocrx_word' id='word_1_262' title='bbox 2159 1960 2307 2031; x_wconf 77' lang='grc' dir='ltr'>οἰκίᾳ.</span> <span class='ocrx_word' id='word_1_263' title='bbox 2351 1980 2372 2012; x_wconf 73' lang='grc' dir='ltr'><strong><em>ι</em></strong></span> <span class='ocrx_word' id='word_1_264' title='bbox 2414 1959 2535 2036; x_wconf 83' lang='grc' dir='ltr'><strong>Εγὼ</strong></span> <span class='ocrx_word' id='word_1_265' title='bbox 2564 1959 2686 2034; x_wconf 75' lang='grc' dir='ltr'>μὲν,</span> <span class='ocrx_word' id='word_1_266' title='bbox 2747 1961 2929 2036; x_wconf 75' lang='grc' dir='ltr'>φησὶν,</span> <span class='ocrx_word' id='word_1_267' title='bbox 2993 1959 3108 2033; x_wconf 79' lang='grc' dir='ltr'><strong>ἦψα</strong></span> <span class='ocrx_word' id='word_1_268' title='bbox 3149 1960 3209 2014; x_wconf 83' lang='grc' dir='ltr'>τὸ</span> <span class='ocrx_word' id='word_1_269' title='bbox 3267 1965 3402 2038; x_wconf 77' lang='grc' dir='ltr'>φῶς,</span> <span class='ocrx_word' id='word_1_270' title='bbox 3482 1960 3543 2015; x_wconf 80' lang='grc' dir='ltr'>τὸ</span> <span class='ocrx_word' id='word_1_271' title='bbox 3600 1957 3654 2014; x_wconf 77' lang='grc' dir='ltr'>δὲ</span> <span class='ocrx_word' id='word_1_272' title='bbox 3711 1959 3790 2034; x_wconf 71' lang='grc' dir='ltr'>μὴ</span> 
     </span>
    </p>
   </div>
   <div class='ocr_carea' id='block_1_39' title="bbox 423 2039 2068 2126">
    <p class='ocr_par' dir='ltr' id='par_1_39' title="bbox 423 2039 2066 2119">
     <span class='ocr_line' id='line_1_39' title="bbox 423 2039 2066 2119; baseline 0.001 -20"><span class='ocrx_word' id='word_1_273' title='bbox 423 2057 584 2119; x_wconf 91' lang='lat' dir='ltr'><strong>men,</strong></span> <span class='ocrx_word' id='word_1_274' title='bbox 617 2040 798 2100; x_wconf 90' lang='lat' dir='ltr'><strong>vestri</strong></span> <span class='ocrx_word' id='word_1_275' title='bbox 828 2048 1025 2102; x_wconf 91' lang='lat' dir='ltr'><strong>autem</strong></span> <span class='ocrx_word' id='word_1_276' title='bbox 1059 2041 1132 2100; x_wconf 89' lang='lat' dir='ltr'><strong>sit</strong></span> <span class='ocrx_word' id='word_1_277' title='bbox 1163 2041 1364 2113; x_wconf 82' lang='lat' dir='ltr'><strong>ofﬁcii,</strong></span> <span class='ocrx_word' id='word_1_278' title='bbox 1396 2058 1473 2102; x_wconf 86' lang='lat' dir='ltr'><strong>ne</strong></span> <span class='ocrx_word' id='word_1_279' title='bbox 1530 2040 1714 2116; x_wconf 89' lang='lat' dir='ltr'><strong>gratia</strong></span> <span class='ocrx_word' id='word_1_280' title='bbox 1756 2039 2066 2118; x_wconf 85' lang='lat' dir='ltr'><strong>exstingu-</strong></span> 
     </span>
    </p>
   </div>
   <div class='ocr_carea' id='block_1_40' title="bbox 2159 2039 3791 2126">
    <p class='ocr_par' dir='ltr' id='par_1_40' title="bbox 2159 2043 3791 2126">
     <span class='ocr_line' id='line_1_40' title="bbox 2159 2043 3791 2126; baseline 0.001 -25"><span class='ocrx_word' id='word_1_281' title='bbox 2159 2045 2431 2114; x_wconf 63' lang='grc' dir='ltr'>σϐεσθῆλαι</span> <span class='ocrx_word' id='word_1_282' title='bbox 2490 2047 2588 2113; x_wconf 82' lang='grc' dir='ltr'><strong>τὴν</strong></span> <span class='ocrx_word' id='word_1_283' title='bbox 2621 2047 2804 2126; x_wconf 85' lang='grc' dir='ltr'>χάριν,</span> <span class='ocrx_word' id='word_1_284' title='bbox 2835 2052 2933 2114; x_wconf 80' lang='grc' dir='ltr'>τῆς</span> <span class='ocrx_word' id='word_1_285' title='bbox 2964 2045 3217 2124; x_wconf 78' lang='grc' dir='ltr'><strong>ὑμετέρας</strong></span> <span class='ocrx_word' id='word_1_286' title='bbox 3252 2045 3387 2102; x_wconf 77' lang='grc' dir='ltr'>ἔστω</span> <span class='ocrx_word' id='word_1_287' title='bbox 3431 2043 3687 2126; x_wconf 79' lang='grc' dir='ltr'>σπουδῆς,</span> <span class='ocrx_word' id='word_1_288' title='bbox 3719 2047 3791 2112; x_wconf 84' lang='grc' dir='ltr'><strong>ὡς</strong></span> 
     </span>
    </p>
   </div>
   <div class='ocr_carea' id='block_1_41' title="bbox 420 2126 2068 2215">
    <p class='ocr_par' dir='ltr' id='par_1_41' title="bbox 420 2126 2068 2209">
     <span class='ocr_line' id='line_1_41' title="bbox 420 2126 2068 2209; baseline 0.001 -22"><span class='ocrx_word' id='word_1_289' title='bbox 420 2135 574 2198; x_wconf 88' lang='lat' dir='ltr'><strong>atur,</strong></span> <span class='ocrx_word' id='word_1_290' title='bbox 608 2128 687 2188; x_wconf 89' lang='lat' dir='ltr'><strong>ita</strong></span> <span class='ocrx_word' id='word_1_291' title='bbox 716 2148 777 2201; x_wconf 82' lang='grc' dir='ltr'><strong>ιη</strong></span> <span class='ocrx_word' id='word_1_292' title='bbox 811 2137 866 2189; x_wconf 93' lang='lat' dir='ltr'><strong>et</strong></span> <span class='ocrx_word' id='word_1_293' title='bbox 892 2128 1023 2188; x_wconf 91' lang='lat' dir='ltr'><strong>aliis</strong></span> <span class='ocrx_word' id='word_1_294' title='bbox 1046 2128 1238 2190; x_wconf 90' lang='lat' dir='ltr'><strong>luceat</strong></span> <span class='ocrx_word' id='word_1_295' title='bbox 1261 2128 1453 2206; x_wconf 82' lang='lat' dir='ltr'><strong>fulgor</strong></span> <span class='ocrx_word' id='word_1_296' title='bbox 1480 2128 1608 2188; x_wconf 60' lang='lat' dir='ltr'><strong>vita!</strong></span> <span class='ocrx_word' id='word_1_297' title='bbox 1636 2126 2068 2209; x_wconf 69' lang='lat' dir='ltr'><strong>vestraelnquit</strong></span> 
     </span>
    </p>
   </div>
   <div class='ocr_carea' id='block_1_42' title="bbox 2159 2126 3789 2215">
    <p class='ocr_par' dir='ltr' id='par_1_42' title="bbox 2159 2134 3789 2215">
     <span class='ocr_line' id='line_1_42' title="bbox 2159 2134 3789 2215; baseline 0.003 -25"><span class='ocrx_word' id='word_1_298' title='bbox 2159 2135 2214 2190; x_wconf 78' lang='grc' dir='ltr'>Ξίν</span> <span class='ocrx_word' id='word_1_299' title='bbox 2243 2137 2329 2192; x_wconf 84' lang='grc' dir='ltr'><strong>καὶ</strong></span> <span class='ocrx_word' id='word_1_300' title='bbox 2358 2149 2475 2201; x_wconf 77' lang='grc' dir='ltr'>τοῖς</span> <span class='ocrx_word' id='word_1_301' title='bbox 2509 2134 2688 2199; x_wconf 73' lang='grc' dir='ltr'>ἄλλοις</span> <span class='ocrx_word' id='word_1_302' title='bbox 2743 2135 2933 2211; x_wconf 82' lang='grc' dir='ltr'>λάμπῃ</span> <span class='ocrx_word' id='word_1_303' title='bbox 2983 2138 3017 2203; x_wconf 70' lang='grc' dir='ltr'>ἡ</span> <span class='ocrx_word' id='word_1_304' title='bbox 3048 2134 3362 2215; x_wconf 85' lang='grc' dir='ltr'>λαμπρότης</span> <span class='ocrx_word' id='word_1_305' title='bbox 3394 2144 3486 2193; x_wconf 81' lang='grc' dir='ltr'>τοῦ</span> <span class='ocrx_word' id='word_1_306' title='bbox 3540 2137 3789 2214; x_wconf 81' lang='grc' dir='ltr'>ὑπετέρου</span> 
     </span>
    </p>
   </div>
   <div class='ocr_carea' id='block_1_43' title="bbox 423 2217 2068 2302">
    <p class='ocr_par' dir='ltr' id='par_1_43' title="bbox 423 2217 624 2280">
     <span class='ocr_line' id='line_1_43' title="bbox 423 2217 624 2280; baseline 0.01 -2"><span class='ocrx_word' id='word_1_307' title='bbox 423 2217 580 2278; x_wconf 86' lang='lat' dir='ltr'><strong>enim</strong></span> <span class='ocrx_word' id='word_1_308' title='bbox 610 2235 624 2280; x_wconf 88' lang='lat'><strong>:</strong></span> 
     </span>
    </p>
   </div>
   <div class='ocr_carea' id='block_1_44' title="bbox 2159 2217 2647 2302">
    <p class='ocr_par' dir='ltr' id='par_1_44' title="bbox 2159 2222 2647 2302">
     <span class='ocr_line' id='line_1_44' title="bbox 2159 2222 2647 2302; baseline 0.004 -25"><span class='ocrx_word' id='word_1_309' title='bbox 2159 2222 2260 2278; x_wconf 62' lang='grc' dir='ltr'>δίου</span> <span class='ocrx_word' id='word_1_310' title='bbox 2271 2272 2283 2284; x_wconf 90' lang='grc'><strong>,</strong></span> <span class='ocrx_word' id='word_1_311' title='bbox 2318 2224 2458 2289; x_wconf 81' lang='grc' dir='ltr'>Φησὶ</span> <span class='ocrx_word' id='word_1_312' title='bbox 2499 2233 2647 2302; x_wconf 79' lang='grc' dir='ltr'>γοῦν·</span> 
     </span>
    </p>
   </div>
   <div class='ocr_carea' id='block_1_45' title="bbox 501 2303 2066 2369">
    <p class='ocr_par' dir='ltr' id='par_1_45' title="bbox 501 2303 2066 2369">
     <span class='ocr_line' id='line_1_45' title="bbox 501 2303 2066 2369; baseline -0.001 -3"><span class='ocrx_word' id='word_1_313' title='bbox 501 2304 676 2369; x_wconf 68' lang='lat' dir='ltr'><strong>Vens.</strong></span> <span class='ocrx_word' id='word_1_314' title='bbox 716 2306 812 2369; x_wconf 77' lang='lat'><strong>16.</strong></span> <span class='ocrx_word' id='word_1_315' title='bbox 846 2328 873 2365; x_wconf 87' lang='grc'><strong>‹</strong></span> <span class='ocrx_word' id='word_1_316' title='bbox 907 2305 1213 2369; x_wconf 89' lang='lat' dir='ltr'><strong>Sicluceat</strong></span> <span class='ocrx_word' id='word_1_317' title='bbox 1238 2306 1333 2366; x_wconf 83' lang='lat' dir='ltr'><strong>lux</strong></span> <span class='ocrx_word' id='word_1_318' title='bbox 1364 2314 1559 2368; x_wconf 89' lang='lat' dir='ltr'><strong>vestra</strong></span> <span class='ocrx_word' id='word_1_319' title='bbox 1589 2322 1784 2365; x_wconf 92' lang='lat' dir='ltr'><strong>coram</strong></span> <span class='ocrx_word' id='word_1_320' title='bbox 1808 2303 2066 2365; x_wconf 88' lang='lat' dir='ltr'><strong>homini-</strong></span> 
     </span>
    </p>
   </div>
   <div class='ocr_carea' id='block_1_46' title="bbox 423 2391 2069 2476">
    <p class='ocr_par' dir='ltr' id='par_1_46' title="bbox 423 2391 2069 2476">
     <span class='ocr_line' id='line_1_46' title="bbox 423 2391 2069 2476; baseline -0.001 -21"><span class='ocrx_word' id='word_1_321' title='bbox 423 2393 555 2466; x_wconf 91' lang='lat' dir='ltr'><strong>bus,</strong></span> <span class='ocrx_word' id='word_1_322' title='bbox 593 2405 656 2459; x_wconf 92' lang='lat' dir='ltr'><strong>ut</strong></span> <span class='ocrx_word' id='word_1_323' title='bbox 681 2396 919 2457; x_wconf 88' lang='lat' dir='ltr'><strong>videant</strong></span> <span class='ocrx_word' id='word_1_324' title='bbox 977 2415 1160 2476; x_wconf 87' lang='lat' dir='ltr'><strong>opera</strong></span> <span class='ocrx_word' id='word_1_325' title='bbox 1193 2403 1384 2457; x_wconf 89' lang='lat' dir='ltr'><strong>vestra</strong></span> <span class='ocrx_word' id='word_1_326' title='bbox 1441 2396 1618 2465; x_wconf 89' lang='lat' dir='ltr'><strong>bona,</strong></span> <span class='ocrx_word' id='word_1_327' title='bbox 1653 2403 1710 2454; x_wconf 89' lang='lat' dir='ltr'><strong>et</strong></span> <span class='ocrx_word' id='word_1_328' title='bbox 1739 2391 2069 2470; x_wconf 86' lang='lat' dir='ltr'><strong>gloriﬁcent</strong></span> 
     </span>
    </p>
   </div>
   <div class='ocr_carea' id='block_1_47' title="bbox 420 2481 2066 2565">
    <p class='ocr_par' dir='ltr' id='par_1_47' title="bbox 420 2481 2066 2565">
     <span class='ocr_line' id='line_1_47' title="bbox 420 2481 2066 2565; baseline -0.001 -19"><span class='ocrx_word' id='word_1_329' title='bbox 420 2484 654 2546; x_wconf 89' lang='lat' dir='ltr'><strong>Patrem</strong></span> <span class='ocrx_word' id='word_1_330' title='bbox 683 2493 945 2546; x_wconf 87' lang='lat' dir='ltr'><strong>vestrum</strong></span> <span class='ocrx_word' id='word_1_331' title='bbox 980 2485 1082 2565; x_wconf 86' lang='lat' dir='ltr'><strong>qui</strong></span> <span class='ocrx_word' id='word_1_332' title='bbox 1113 2486 1169 2546; x_wconf 91' lang='lat' dir='ltr'><strong>in</strong></span> <span class='ocrx_word' id='word_1_333' title='bbox 1197 2484 1362 2546; x_wconf 79' lang='lat' dir='ltr'><strong>ccelis</strong></span> <span class='ocrx_word' id='word_1_334' title='bbox 1394 2491 1501 2545; x_wconf 88' lang='lat' dir='ltr'><strong>est.</strong></span> <span class='ocrx_word' id='word_1_335' title='bbox 1542 2507 1564 2537; x_wconf 76' lang='grc' dir='ltr'><strong>υ</strong></span> <span class='ocrx_word' id='word_1_336' title='bbox 1602 2481 1727 2542; x_wconf 91' lang='lat' dir='ltr'><strong>Non</strong></span> <span class='ocrx_word' id='word_1_337' title='bbox 1763 2481 1928 2563; x_wconf 84' lang='lat' dir='ltr'><strong>dixit,</strong></span> <span class='ocrx_word' id='word_1_338' title='bbox 1947 2484 2066 2545; x_wconf 88' lang='lat' dir='ltr'><strong>Vos</strong></span> 
     </span>
    </p>
   </div>
   <div class='ocr_carea' id='block_1_48' title="bbox 420 2567 2063 2653">
    <p class='ocr_par' dir='ltr' id='par_1_48' title="bbox 420 2567 2063 2653">
     <span class='ocr_line' id='line_1_48' title="bbox 420 2567 2063 2653; baseline -0.001 -19"><span class='ocrx_word' id='word_1_339' title='bbox 420 2573 744 2634; x_wconf 88' lang='lat' dir='ltr'><strong>ostendetis</strong></span> <span class='ocrx_word' id='word_1_340' title='bbox 774 2573 1046 2635; x_wconf 88' lang='lat' dir='ltr'><strong>virtutem</strong></span> <span class='ocrx_word' id='word_1_341' title='bbox 1085 2595 1100 2650; x_wconf 86' lang='lat'><strong>;</strong></span> <span class='ocrx_word' id='word_1_342' title='bbox 1131 2574 1240 2634; x_wconf 89' lang='lat' dir='ltr'><strong>hoc</strong></span> <span class='ocrx_word' id='word_1_343' title='bbox 1273 2572 1431 2634; x_wconf 91' lang='lat' dir='ltr'><strong>enim</strong></span> <span class='ocrx_word' id='word_1_344' title='bbox 1464 2590 1581 2633; x_wconf 91' lang='lat' dir='ltr'><strong>non</strong></span> <span class='ocrx_word' id='word_1_345' title='bbox 1615 2577 1771 2632; x_wconf 88' lang='lat' dir='ltr'><strong>esset</strong></span> <span class='ocrx_word' id='word_1_346' title='bbox 1813 2567 2063 2653; x_wconf 90' lang='lat' dir='ltr'><strong>bonum,</strong></span> 
     </span>
    </p>
   </div>
   <div class='ocr_carea' id='block_1_49' title="bbox 422 2658 2063 2743">
    <p class='ocr_par' dir='ltr' id='par_1_49' title="bbox 422 2658 2063 2743">
     <span class='ocr_line' id='line_1_49' title="bbox 422 2658 2063 2743; baseline -0.001 -20"><span class='ocrx_word' id='word_1_347' title='bbox 422 2660 664 2735; x_wconf 88' lang='lat' dir='ltr'><strong>sed,[lla</strong></span> <span class='ocrx_word' id='word_1_348' title='bbox 685 2663 810 2724; x_wconf 89' lang='lat' dir='ltr'><strong>sola</strong></span> <span class='ocrx_word' id='word_1_349' title='bbox 833 2663 1119 2743; x_wconf 90' lang='lat' dir='ltr'><strong>luceat,ut</strong></span> <span class='ocrx_word' id='word_1_350' title='bbox 1143 2671 1201 2724; x_wconf 92' lang='lat' dir='ltr'><strong>et</strong></span> <span class='ocrx_word' id='word_1_351' title='bbox 1217 2661 1446 2723; x_wconf 90' lang='lat' dir='ltr'><strong>inimici</strong></span> <span class='ocrx_word' id='word_1_352' title='bbox 1465 2659 1645 2722; x_wconf 91' lang='lat' dir='ltr'><strong>vestri</strong></span> <span class='ocrx_word' id='word_1_353' title='bbox 1671 2658 2063 2735; x_wconf 85' lang='lat' dir='ltr'><strong>admirentur,</strong></span> 
     </span>
    </p>
   </div>
   <div class='ocr_carea' id='block_1_50' title="bbox 423 2747 2066 2833">
    <p class='ocr_par' dir='ltr' id='par_1_50' title="bbox 423 2747 2066 2833">
     <span class='ocr_line' id='line_1_50' title="bbox 423 2747 2066 2833; baseline -0.002 -22"><span class='ocrx_word' id='word_1_354' title='bbox 423 2757 482 2811; x_wconf 92' lang='lat' dir='ltr'><strong>et</strong></span> <span class='ocrx_word' id='word_1_355' title='bbox 510 2750 864 2828; x_wconf 84' lang='lat' dir='ltr'><strong>glorificent,</strong></span> <span class='ocrx_word' id='word_1_356' title='bbox 891 2772 1007 2812; x_wconf 91' lang='lat' dir='ltr'><strong>non</strong></span> <span class='ocrx_word' id='word_1_357' title='bbox 1031 2771 1157 2833; x_wconf 89' lang='lat' dir='ltr'><strong>vos,</strong></span> <span class='ocrx_word' id='word_1_358' title='bbox 1190 2750 1294 2812; x_wconf 90' lang='lat' dir='ltr'><strong>sed</strong></span> <span class='ocrx_word' id='word_1_359' title='bbox 1329 2753 1565 2813; x_wconf 89' lang='lat' dir='ltr'><strong>Patrem</strong></span> <span class='ocrx_word' id='word_1_360' title='bbox 1596 2755 1883 2808; x_wconf 83' lang='lat' dir='ltr'><strong>vestrum.</strong></span> <span class='ocrx_word' id='word_1_361' title='bbox 1913 2747 1981 2808; x_wconf 89' lang='lat' dir='ltr'><strong>Et</strong></span> <span class='ocrx_word' id='word_1_362' title='bbox 2016 2748 2066 2808; x_wconf 92' lang='lat' dir='ltr'><strong>si</strong></span> 
     </span>
    </p>
   </div>
   <div class='ocr_carea' id='block_1_51' title="bbox 422 2835 2065 2920">
    <p class='ocr_par' dir='ltr' id='par_1_51' title="bbox 422 2835 2065 2920">
     <span class='ocr_line' id='line_1_51' title="bbox 422 2835 2065 2920; baseline -0.001 -22"><span class='ocrx_word' id='word_1_363' title='bbox 422 2839 500 2899; x_wconf 91' lang='lat' dir='ltr'><strong>ita</strong></span> <span class='ocrx_word' id='word_1_364' title='bbox 522 2857 840 2918; x_wconf 90' lang='lat' dir='ltr'><strong>operamur</strong></span> <span class='ocrx_word' id='word_1_365' title='bbox 854 2840 1151 2920; x_wconf 86' lang='lat' dir='ltr'><strong>virtutem,</strong></span> <span class='ocrx_word' id='word_1_366' title='bbox 1181 2843 1238 2900; x_wconf 90' lang='lat' dir='ltr'><strong>in</strong></span> <span class='ocrx_word' id='word_1_367' title='bbox 1263 2838 1511 2918; x_wconf 89' lang='lat' dir='ltr'><strong>gloriam</strong></span> <span class='ocrx_word' id='word_1_368' title='bbox 1545 2835 1652 2897; x_wconf 88' lang='lat' dir='ltr'><strong>Dei</strong></span> <span class='ocrx_word' id='word_1_369' title='bbox 1684 2841 1915 2915; x_wconf 92' lang='lat' dir='ltr'><strong>oportet</strong></span> <span class='ocrx_word' id='word_1_370' title='bbox 1935 2855 2065 2898; x_wconf 91' lang='lat' dir='ltr'><strong>eam</strong></span> 
     </span>
    </p>
   </div>
   <div class='ocr_carea' id='block_1_52' title="bbox 2237 2311 3787 2392">
    <p class='ocr_par' dir='ltr' id='par_1_52' title="bbox 2237 2311 3787 2392">
     <span class='ocr_line' id='line_1_52' title="bbox 2237 2311 3787 2392; baseline -0.001 -24"><span class='ocrx_word' id='word_1_371' title='bbox 2237 2333 2259 2368; x_wconf 75' lang='grc' dir='ltr'><strong>α</strong></span> <span class='ocrx_word' id='word_1_372' title='bbox 2305 2311 2452 2369; x_wconf 75' lang='grc' dir='ltr'>Οὕτω</span> <span class='ocrx_word' id='word_1_373' title='bbox 2507 2311 2774 2388; x_wconf 77' lang='grc' dir='ltr'>λαμψάτω</span> <span class='ocrx_word' id='word_1_374' title='bbox 2805 2314 2864 2370; x_wconf 79' lang='grc' dir='ltr'>τὸ</span> <span class='ocrx_word' id='word_1_375' title='bbox 2894 2313 3004 2392; x_wconf 77' lang='grc' dir='ltr'><strong>φῶς</strong></span> <span class='ocrx_word' id='word_1_376' title='bbox 3034 2314 3203 2392; x_wconf 79' lang='grc' dir='ltr'>ὑμῶν,</span> <span class='ocrx_word' id='word_1_377' title='bbox 3237 2312 3526 2390; x_wconf 72' lang='grc' dir='ltr'>ἔμπροσθεν</span> <span class='ocrx_word' id='word_1_378' title='bbox 3552 2317 3656 2368; x_wconf 88' lang='grc' dir='ltr'><strong>τῶν</strong></span> <span class='ocrx_word' id='word_1_379' title='bbox 3688 2312 3787 2368; x_wconf 80' lang='grc' dir='ltr'><strong>ἆν-</strong></span> 
     </span>
    </p>
   </div>
   <div class='ocr_carea' id='block_1_53' title="bbox 2147 2401 3791 2480">
    <p class='ocr_par' dir='ltr' id='par_1_53' title="bbox 2147 2401 3791 2480">
     <span class='ocr_line' id='line_1_53' title="bbox 2147 2401 3791 2480; baseline -0.001 -23"><span class='ocrx_word' id='word_1_380' title='bbox 2147 2402 2390 2478; x_wconf 86' lang='grc' dir='ltr'>θρώπων,</span> <span class='ocrx_word' id='word_1_381' title='bbox 2454 2404 2600 2464; x_wconf 86' lang='grc' dir='ltr'>ὃπως</span> <span class='ocrx_word' id='word_1_382' title='bbox 2657 2401 2841 2458; x_wconf 72' lang='grc' dir='ltr'>ἴδωσιν</span> <span class='ocrx_word' id='word_1_383' title='bbox 2909 2404 3054 2477; x_wconf 74' lang='grc' dir='ltr'>ὑμῶν</span> <span class='ocrx_word' id='word_1_384' title='bbox 3127 2403 3192 2459; x_wconf 78' lang='grc' dir='ltr'>τὰ</span> <span class='ocrx_word' id='word_1_385' title='bbox 3274 2401 3411 2460; x_wconf 80' lang='grc' dir='ltr'>καλὰ</span> <span class='ocrx_word' id='word_1_386' title='bbox 3467 2402 3616 2480; x_wconf 80' lang='grc' dir='ltr'>ἔργα,</span> <span class='ocrx_word' id='word_1_387' title='bbox 3703 2401 3791 2457; x_wconf 79' lang='grc' dir='ltr'>καὶ</span> 
     </span>
    </p>
   </div>
   <div class='ocr_carea' id='block_1_54' title="bbox 2150 2489 3783 2572">
    <p class='ocr_par' dir='ltr' id='par_1_54' title="bbox 2150 2489 3783 2572">
     <span class='ocr_line' id='line_1_54' title="bbox 2150 2489 3783 2572; baseline 0 -26"><span class='ocrx_word' id='word_1_388' title='bbox 2150 2489 2404 2556; x_wconf 78' lang='grc' dir='ltr'>δοξάσωσι</span> <span class='ocrx_word' id='word_1_389' title='bbox 2461 2493 2552 2546; x_wconf 86' lang='grc' dir='ltr'>τὸν</span> <span class='ocrx_word' id='word_1_390' title='bbox 2629 2492 2832 2572; x_wconf 80' lang='grc' dir='ltr'>Πατέρα</span> <span class='ocrx_word' id='word_1_391' title='bbox 2878 2494 3023 2566; x_wconf 77' lang='grc' dir='ltr'>ὑμῶν</span> <span class='ocrx_word' id='word_1_392' title='bbox 3079 2494 3168 2548; x_wconf 85' lang='grc' dir='ltr'>τὸν</span> <span class='ocrx_word' id='word_1_393' title='bbox 3197 2491 3249 2546; x_wconf 76' lang='grc' dir='ltr'><strong>έν</strong></span> <span class='ocrx_word' id='word_1_394' title='bbox 3293 2505 3410 2555; x_wconf 82' lang='grc' dir='ltr'>τοϊς</span> <span class='ocrx_word' id='word_1_395' title='bbox 3456 2491 3720 2570; x_wconf 74' lang='grc' dir='ltr'>οὖρανοϊς,</span> <span class='ocrx_word' id='word_1_396' title='bbox 3754 2509 3783 2550; x_wconf 69' lang='grc' dir='ltr'><strong>ι</strong></span> 
     </span>
    </p>
   </div>
   <div class='ocr_carea' id='block_1_55' title="bbox 2151 2571 3790 2659">
    <p class='ocr_par' dir='ltr' id='par_1_55' title="bbox 2151 2571 3790 2659">
     <span class='ocr_line' id='line_1_55' title="bbox 2151 2571 3790 2659; baseline -0.001 -23"><span class='ocrx_word' id='word_1_397' title='bbox 2151 2583 2257 2638; x_wconf 72' lang='grc' dir='ltr'><strong>Οὐκ</strong></span> <span class='ocrx_word' id='word_1_398' title='bbox 2286 2581 2467 2653; x_wconf 77' lang='grc' dir='ltr'>εἶπεν,</span> <span class='ocrx_word' id='word_1_399' title='bbox 2493 2579 2572 2637; x_wconf 83' lang='grc' dir='ltr'><strong>ὅτι</strong></span> <span class='ocrx_word' id='word_1_400' title='bbox 2608 2571 2791 2655; x_wconf 73' lang='grc' dir='ltr'>’Υμεῐς</span> <span class='ocrx_word' id='word_1_401' title='bbox 2823 2579 3169 2637; x_wconf 84' lang='grc' dir='ltr'>ἐπιδεικνύετε</span> <span class='ocrx_word' id='word_1_402' title='bbox 3220 2581 3319 2648; x_wconf 78' lang='grc' dir='ltr'><strong>τὴν</strong></span> <span class='ocrx_word' id='word_1_403' title='bbox 3372 2579 3564 2658; x_wconf 75' lang='grc' dir='ltr'>ἀρετὴν</span> <span class='ocrx_word' id='word_1_404' title='bbox 3613 2578 3790 2659; x_wconf 77' lang='grc' dir='ltr'>(τοῦτο</span> 
     </span>
    </p>
   </div>
   <div class='ocr_carea' id='block_1_56' title="bbox 2148 2667 3794 2746">
    <p class='ocr_par' dir='ltr' id='par_1_56' title="bbox 2148 2667 3794 2746">
     <span class='ocr_line' id='line_1_56' title="bbox 2148 2667 3794 2746; baseline 0.004 -23"><span class='ocrx_word' id='word_1_405' title='bbox 2148 2669 2231 2745; x_wconf 81' lang='grc' dir='ltr'><strong>γὲ.</strong></span> <span class='ocrx_word' id='word_1_406' title='bbox 2268 2670 2324 2726; x_wconf 72' lang='grc' dir='ltr'>οὔ</span> <span class='ocrx_word' id='word_1_407' title='bbox 2354 2669 2558 2746; x_wconf 78' lang='grc' dir='ltr'>καλὸν),</span> <span class='ocrx_word' id='word_1_408' title='bbox 2592 2667 2712 2725; x_wconf 81' lang='grc' dir='ltr'>ἀλλ’</span> <span class='ocrx_word' id='word_1_409' title='bbox 2744 2669 2917 2737; x_wconf 78' lang='grc' dir='ltr'>ἐκείνη</span> <span class='ocrx_word' id='word_1_410' title='bbox 2964 2671 3102 2745; x_wconf 88' lang='grc' dir='ltr'>μόνη</span> <span class='ocrx_word' id='word_1_411' title='bbox 3160 2669 3450 2744; x_wconf 78' lang='grc' dir='ltr'>λαμψάτω,</span> <span class='ocrx_word' id='word_1_412' title='bbox 3511 2669 3648 2725; x_wconf 78' lang='grc' dir='ltr'>ὥστε</span> <span class='ocrx_word' id='word_1_413' title='bbox 3704 2675 3794 2729; x_wconf 89' lang='grc' dir='ltr'><strong>καὶ</strong></span> 
     </span>
    </p>
   </div>
   <div class='ocr_carea' id='block_1_57' title="bbox 2149 2755 3862 2838">
    <p class='ocr_par' dir='ltr' id='par_1_57' title="bbox 2149 2755 3862 2838">
     <span class='ocr_line' id='line_1_57' title="bbox 2149 2755 3862 2838; baseline 0 -26"><span class='ocrx_word' id='word_1_414' title='bbox 2149 2761 2268 2820; x_wconf 91' lang='grc' dir='ltr'>τούς</span> <span class='ocrx_word' id='word_1_415' title='bbox 2323 2758 2545 2838; x_wconf 72' lang='grc' dir='ltr'>ἐχθρούς</span> <span class='ocrx_word' id='word_1_416' title='bbox 2640 2759 2785 2832; x_wconf 81' lang='grc' dir='ltr'>ὑμῶν</span> <span class='ocrx_word' id='word_1_417' title='bbox 2841 2759 3146 2832; x_wconf 79' lang='grc' dir='ltr'>θαυμάζειν,</span> <span class='ocrx_word' id='word_1_418' title='bbox 3206 2760 3292 2814; x_wconf 87' lang='grc' dir='ltr'><strong>καὶ</strong></span> <span class='ocrx_word' id='word_1_419' title='bbox 3362 2755 3614 2830; x_wconf 76' lang='grc' dir='ltr'>δοξάζειν,</span> <span class='ocrx_word' id='word_1_420' title='bbox 3688 2756 3791 2836; x_wconf 68' lang='grc' dir='ltr'><strong>οὔχ</strong></span> <span class='ocrx_word' id='word_1_421' title='bbox 3857 2771 3862 2775; x_wconf 70' lang='grc'>⁷</span> 
     </span>
    </p>
   </div>
   <div class='ocr_carea' id='block_1_58' title="bbox 2149 2839 3788 2924">
    <p class='ocr_par' dir='ltr' id='par_1_58' title="bbox 2149 2839 3788 2924">
     <span class='ocr_line' id='line_1_58' title="bbox 2149 2839 3788 2924; baseline -0.001 -23"><span class='ocrx_word' id='word_1_422' title='bbox 2149 2849 2307 2924; x_wconf 77' lang='grc' dir='ltr'>ὑμᾶς,</span> <span class='ocrx_word' id='word_1_423' title='bbox 2383 2845 2518 2902; x_wconf 73' lang='grc' dir='ltr'>ἀλλὰ</span> <span class='ocrx_word' id='word_1_424' title='bbox 2568 2848 2657 2902; x_wconf 79' lang='grc' dir='ltr'>τὸν</span> <span class='ocrx_word' id='word_1_425' title='bbox 2688 2846 2894 2924; x_wconf 83' lang='grc' dir='ltr'>Πατέρα</span> <span class='ocrx_word' id='word_1_426' title='bbox 2924 2849 3096 2922; x_wconf 76' lang='grc' dir='ltr'>ὑμῶν,</span> <span class='ocrx_word' id='word_1_427' title='bbox 3133 2839 3305 2903; x_wconf 68' lang='grc' dir='ltr'>’Ὥστε</span> <span class='ocrx_word' id='word_1_428' title='bbox 3337 2845 3426 2902; x_wconf 78' lang='grc' dir='ltr'>ἐὰν</span> <span class='ocrx_word' id='word_1_429' title='bbox 3475 2846 3788 2924; x_wconf 83' lang='grc' dir='ltr'>πράττωμεν</span> 
     </span>
    </p>
   </div>
   <div class='ocr_carea' id='block_1_59' title="bbox 423 2932 2068 3015">
    <p class='ocr_par' dir='ltr' id='par_1_59' title="bbox 423 2932 1411 3012">
     <span class='ocr_line' id='line_1_59' title="bbox 423 2932 1411 3012; baseline 0 -20"><span class='ocrx_word' id='word_1_430' title='bbox 423 2932 680 3012; x_wconf 91' lang='lat' dir='ltr'><strong>operari,</strong></span> <span class='ocrx_word' id='word_1_431' title='bbox 717 2951 834 2993; x_wconf 92' lang='lat' dir='ltr'><strong>non</strong></span> <span class='ocrx_word' id='word_1_432' title='bbox 857 2933 916 2994; x_wconf 92' lang='lat' dir='ltr'><strong>in</strong></span> <span class='ocrx_word' id='word_1_433' title='bbox 950 2941 1233 2994; x_wconf 91' lang='lat' dir='ltr'><strong>nostram.</strong></span> <span class='ocrx_word' id='word_1_434' title='bbox 1403 2977 1411 2984; x_wconf 89' lang='lat'><strong>.</strong></span> 
     </span>
    </p>
   </div>
   <div class='ocr_carea' id='block_1_60' title="bbox 2159 2932 3786 3015">
    <p class='ocr_par' dir='ltr' id='par_1_60' title="bbox 2159 2933 3786 3015">
     <span class='ocr_line' id='line_1_60' title="bbox 2159 2933 3786 3015; baseline -0.001 -24"><span class='ocrx_word' id='word_1_435' title='bbox 2159 2936 2365 3015; x_wconf 71' lang='grc' dir='ltr'>ὶρετὴν,</span> <span class='ocrx_word' id='word_1_436' title='bbox 2425 2937 2496 2998; x_wconf 85' lang='grc' dir='ltr'>εἰς</span> <span class='ocrx_word' id='word_1_437' title='bbox 2567 2934 2716 3000; x_wconf 76' lang='grc' dir='ltr'>δόξαν</span> <span class='ocrx_word' id='word_1_438' title='bbox 2766 2933 2849 2991; x_wconf 80' lang='grc' dir='ltr'><strong>δεῖ</strong></span> <span class='ocrx_word' id='word_1_439' title='bbox 2918 2942 3008 2992; x_wconf 82' lang='grc' dir='ltr'><strong>τοῦ</strong></span> <span class='ocrx_word' id='word_1_440' title='bbox 3081 2942 3210 2992; x_wconf 84' lang='grc' dir='ltr'>Θεοῦ</span> <span class='ocrx_word' id='word_1_441' title='bbox 3261 2935 3459 3002; x_wconf 87' lang='grc' dir='ltr'>ταύτην</span> <span class='ocrx_word' id='word_1_442' title='bbox 3515 2935 3786 3014; x_wconf 87' lang='grc' dir='ltr'>πράττειν,</span> 
     </span>
    </p>
   </div>
   <div class='ocr_carea' id='block_1_61' title="bbox 1337 3024 2676 3103">
    <p class='ocr_par' dir='ltr' id='par_1_61' title="bbox 1337 3024 2676 3103">
     <span class='ocr_line' id='line_1_61' title="bbox 1337 3024 2676 3103; baseline -0.001 -20"><span class='ocrx_word' id='word_1_443' title='bbox 1337 3089 1340 3092; x_wconf 43' lang='grc'><strong>,</strong></span> <span class='ocrx_word' id='word_1_444' title='bbox 2153 3027 2245 3081; x_wconf 72' lang='grc' dir='ltr'><strong>οὐκ</strong></span> <span class='ocrx_word' id='word_1_445' title='bbox 2289 3027 2360 3088; x_wconf 85' lang='grc' dir='ltr'>εἰς</span> <span class='ocrx_word' id='word_1_446' title='bbox 2391 3024 2650 3103; x_wconf 77' lang='grc' dir='ltr'>ἡμετέραν</span> <span class='ocrx_word' id='word_1_447' title='bbox 2662 3069 2676 3083; x_wconf 93' lang='grc'><strong>.</strong></span> 
     </span>
    </p>
   </div>
   <div class='ocr_carea' id='block_1_62' title="bbox 505 3100 2068 3189">
    <p class='ocr_par' dir='ltr' id='par_1_62' title="bbox 505 3100 2068 3188">
     <span class='ocr_line' id='line_1_62' title="bbox 505 3100 2068 3188; baseline -0.004 -20"><span class='ocrx_word' id='word_1_448' title='bbox 505 3109 693 3172; x_wconf 71' lang='lat' dir='ltr'><strong>Vens.</strong></span> <span class='ocrx_word' id='word_1_449' title='bbox 731 3111 828 3173; x_wconf 73' lang='lat' dir='ltr'><strong>t7.</strong></span> <span class='ocrx_word' id='word_1_450' title='bbox 870 3133 891 3168; x_wconf 79' lang='grc' dir='ltr'><strong>ιι</strong></span> <span class='ocrx_word' id='word_1_451' title='bbox 943 3109 1030 3172; x_wconf 90' lang='lat' dir='ltr'><strong>Ne</strong></span> <span class='ocrx_word' id='word_1_452' title='bbox 1059 3109 1404 3172; x_wconf 85' lang='lat' dir='ltr'><strong>existimetis</strong></span> <span class='ocrx_word' id='word_1_453' title='bbox 1454 3103 1609 3188; x_wconf 92' lang='lat' dir='ltr'><strong>quod</strong></span> <span class='ocrx_word' id='word_1_454' title='bbox 1657 3101 1923 3164; x_wconf 86' lang='lat' dir='ltr'><strong>venerim</strong></span> <span class='ocrx_word' id='word_1_455' title='bbox 1995 3100 2068 3163; x_wconf 91' lang='lat' dir='ltr'><strong>ad</strong></span> 
     </span>
    </p>
   </div>
   <div class='ocr_carea' id='block_1_63' title="bbox 2159 3100 3786 3189">
    <p class='ocr_par' dir='ltr' id='par_1_63' title="bbox 2237 3100 3786 3189">
     <span class='ocr_line' id='line_1_63' title="bbox 2237 3100 3786 3189; baseline -0.001 -21"><span class='ocrx_word' id='word_1_456' title='bbox 2237 3137 2264 3168; x_wconf 76' lang='grc' dir='ltr'><strong>α</strong></span> <span class='ocrx_word' id='word_1_457' title='bbox 2325 3114 2412 3181; x_wconf 75' lang='grc' dir='ltr'><strong>Μὴ</strong></span> <span class='ocrx_word' id='word_1_458' title='bbox 2482 3100 2754 3189; x_wconf 78' lang='grc' dir='ltr'>νομίσητε,</span> <span class='ocrx_word' id='word_1_459' title='bbox 2827 3113 2908 3171; x_wconf 81' lang='grc' dir='ltr'><strong>ὅτι</strong></span> <span class='ocrx_word' id='word_1_460' title='bbox 2946 3113 3106 3183; x_wconf 73' lang='grc' dir='ltr'>ἦλθον</span> <span class='ocrx_word' id='word_1_461' title='bbox 3137 3112 3429 3174; x_wconf 80' lang='grc' dir='ltr'>καταλῦσαι</span> <span class='ocrx_word' id='word_1_462' title='bbox 3486 3115 3574 3172; x_wconf 81' lang='grc' dir='ltr'><strong>τὸν</strong></span> <span class='ocrx_word' id='word_1_463' title='bbox 3629 3113 3786 3187; x_wconf 89' lang='grc' dir='ltr'>νόμον</span> 
     </span>
    </p>
   </div>
   <div class='ocr_carea' id='block_1_64' title="bbox 425 3165 2068 3282">
    <p class='ocr_par' dir='ltr' id='par_1_64' title="bbox 425 3165 2068 3282">
     <span class='ocr_line' id='line_1_64' title="bbox 425 3165 2068 3282; baseline -0.007 -22"><span class='ocrx_word' id='word_1_464' title='bbox 425 3165 846 3261; x_wconf 64' lang='grc' dir='ltr'><strong>ἀθειῖιῖἑὲιιιαὶέι</strong></span> <span class='ocrx_word' id='word_1_465' title='bbox 875 3165 1558 3280; x_wconf 56' lang='grc' dir='ltr'><strong>ιεέέῖηῖὲῖᾗῖἇρἰῖοιὶεε</strong></span> <span class='ocrx_word' id='word_1_466' title='bbox 1593 3210 1713 3254; x_wconf 91' lang='lat' dir='ltr'><strong>non</strong></span> <span class='ocrx_word' id='word_1_467' title='bbox 1731 3190 1940 3282; x_wconf 90' lang='lat' dir='ltr'><strong>veniut</strong></span> <span class='ocrx_word' id='word_1_468' title='bbox 1968 3189 2068 3250; x_wconf 87' lang='lat' dir='ltr'><strong>de-</strong></span> 
     </span>
    </p>
   </div>
   <div class='ocr_carea' id='block_1_65' title="bbox 2159 3165 3792 3282">
    <p class='ocr_par' dir='ltr' id='par_1_65' title="bbox 2159 3165 3792 3282">
     <span class='ocr_line' id='line_1_65' title="bbox 2245 3165 3779 3187; baseline -0.002 -17"><span class='ocrx_word' id='word_1_469' title='bbox 2245 3165 2264 3168; x_wconf 56' lang='lat'><strong>-</strong></span> <span class='ocrx_word' id='word_1_470' title='bbox 2326 3165 2412 3181; x_wconf 77' lang='lat'><strong>_-,</strong></span> <span class='ocrx_word' id='word_1_471' title='bbox 2493 3165 2729 3181; x_wconf 40' lang='lat' dir='ltr'><strong>nm-..&quot;</strong></span> <span class='ocrx_word' id='word_1_472' title='bbox 2833 3165 2908 3171; x_wconf 77' lang='lat'><strong>---</strong></span> <span class='ocrx_word' id='word_1_473' title='bbox 2952 3165 3428 3183; x_wconf 38' lang='lat' dir='ltr'><strong>-,-.-_.-m_w--,___</strong></span> <span class='ocrx_word' id='word_1_474' title='bbox 3498 3165 3570 3172; x_wconf 66' lang='grc' dir='ltr'><strong>η,</strong></span> 
     </span>
     <span class='ocr_line' id='line_1_66' title="bbox 2159 3165 3792 3282; baseline -0.001 -23"><span class='ocrx_word' id='word_1_475' title='bbox 2159 3201 2186 3268; x_wconf 74' lang='grc' dir='ltr'>ἥ</span> <span class='ocrx_word' id='word_1_476' title='bbox 2255 3204 2374 3268; x_wconf 89' lang='grc' dir='ltr'>τούς</span> <span class='ocrx_word' id='word_1_477' title='bbox 2445 3165 2867 3282; x_wconf 37' lang='grc' dir='ltr'>προιφήταςθνοῦκ</span> <span class='ocrx_word' id='word_1_478' title='bbox 2923 3203 3083 3271; x_wconf 77' lang='grc' dir='ltr'>ἦλθον</span> <span class='ocrx_word' id='word_1_479' title='bbox 3112 3203 3424 3280; x_wconf 79' lang='grc' dir='ltr'>καταλῦσαι,</span> <span class='ocrx_word' id='word_1_480' title='bbox 3486 3202 3622 3260; x_wconf 78' lang='grc' dir='ltr'>ἀλλὰ</span> <span class='ocrx_word' id='word_1_481' title='bbox 3651 3199 3792 3266; x_wconf 80' lang='grc' dir='ltr'>πλη·</span> 
     </span>
    </p>
   </div>
   <div class='ocr_carea' id='block_1_66' title="bbox 426 3281 2068 3370">
    <p class='ocr_par' dir='ltr' id='par_1_66' title="bbox 426 3281 2068 3370">
     <span class='ocr_line' id='line_1_67' title="bbox 426 3281 2068 3370; baseline -0.006 -22"><span class='ocrx_word' id='word_1_482' title='bbox 426 3296 677 3363; x_wconf 89' lang='lat' dir='ltr'><strong>struam,</strong></span> <span class='ocrx_word' id='word_1_483' title='bbox 716 3288 821 3350; x_wconf 90' lang='lat' dir='ltr'><strong>sed</strong></span> <span class='ocrx_word' id='word_1_484' title='bbox 853 3297 919 3351; x_wconf 93' lang='lat' dir='ltr'><strong>ut</strong></span> <span class='ocrx_word' id='word_1_485' title='bbox 942 3290 1323 3370; x_wconf 89' lang='lat' dir='ltr'><strong>adimpleam.</strong></span> <span class='ocrx_word' id='word_1_486' title='bbox 1361 3312 1387 3342; x_wconf 66' lang='grc' dir='ltr'><strong>υ</strong></span> <span class='ocrx_word' id='word_1_487' title='bbox 1419 3283 1706 3359; x_wconf 75' lang='lat' dir='ltr'><strong>Quoniam</strong></span> <span class='ocrx_word' id='word_1_488' title='bbox 1739 3281 1864 3360; x_wconf 92' lang='lat' dir='ltr'><strong>ipse</strong></span> <span class='ocrx_word' id='word_1_489' title='bbox 1884 3297 2068 3370; x_wconf 82' lang='lat' dir='ltr'><strong>_no_vas</strong></span> 
     </span>
    </p>
   </div>
   <div class='ocr_carea' id='block_1_67' title="bbox 2159 3281 3790 3370">
    <p class='ocr_par' dir='ltr' id='par_1_67' title="bbox 2159 3281 3790 3370">
     <span class='ocr_line' id='line_1_68' title="bbox 2159 3281 3790 3370; baseline -0.002 -23"><span class='ocrx_word' id='word_1_490' title='bbox 2159 3298 2339 3370; x_wconf 79' lang='grc' dir='ltr'>ρῶσαι.</span> <span class='ocrx_word' id='word_1_491' title='bbox 2393 3315 2416 3349; x_wconf 68' lang='grc' dir='ltr'><strong>ι</strong></span> <span class='ocrx_word' id='word_1_492' title='bbox 2481 3281 2698 3359; x_wconf 78' lang='grc' dir='ltr'>Ἐπειδὴ</span> <span class='ocrx_word' id='word_1_493' title='bbox 2775 3291 2992 3367; x_wconf 79' lang='grc' dir='ltr'>ἔμελλεν</span> <span class='ocrx_word' id='word_1_494' title='bbox 3061 3294 3215 3357; x_wconf 72' lang='grc' dir='ltr'>αὖτὸς</span> <span class='ocrx_word' id='word_1_495' title='bbox 3288 3294 3477 3368; x_wconf 89' lang='grc' dir='ltr'>νόμους</span> <span class='ocrx_word' id='word_1_496' title='bbox 3561 3291 3790 3370; x_wconf 76' lang='grc' dir='ltr'>εἰσάγειν</span> 
     </span>
    </p>
   </div>
   <div class='ocr_carea' id='block_1_68' title="bbox 425 3367 2068 3460">
    <p class='ocr_par' dir='ltr' id='par_1_68' title="bbox 425 3367 2068 3456">
     <span class='ocr_line' id='line_1_69' title="bbox 425 3367 2068 3456; baseline -0.006 -19"><span class='ocrx_word' id='word_1_497' title='bbox 425 3377 586 3456; x_wconf 89' lang='lat' dir='ltr'><strong>leges</strong></span> <span class='ocrx_word' id='word_1_498' title='bbox 612 3377 1053 3439; x_wconf 90' lang='lat' dir='ltr'><strong>introducturus</strong></span> <span class='ocrx_word' id='word_1_499' title='bbox 1088 3367 1235 3453; x_wconf 81' lang='lat' dir='ltr'><strong>erat,</strong></span> <span class='ocrx_word' id='word_1_500' title='bbox 1261 3385 1326 3439; x_wconf 91' lang='lat' dir='ltr'><strong>ut</strong></span> <span class='ocrx_word' id='word_1_501' title='bbox 1372 3394 1447 3437; x_wconf 90' lang='lat' dir='ltr'><strong>ne</strong></span> <span class='ocrx_word' id='word_1_502' title='bbox 1481 3377 1715 3454; x_wconf 90' lang='lat' dir='ltr'><strong>putetur</strong></span> <span class='ocrx_word' id='word_1_503' title='bbox 1744 3367 1902 3448; x_wconf 90' lang='lat' dir='ltr'><strong>quod</strong></span> <span class='ocrx_word' id='word_1_504' title='bbox 1948 3367 2068 3429; x_wconf 93' lang='lat' dir='ltr'><strong>Deo</strong></span> 
     </span>
    </p>
   </div>
   <div class='ocr_carea' id='block_1_69' title="bbox 2159 3367 3786 3460">
    <p class='ocr_par' dir='ltr' id='par_1_69' title="bbox 2159 3367 3786 3460">
     <span class='ocr_line' id='line_1_70' title="bbox 2159 3367 3786 3460; baseline -0.001 -24"><span class='ocrx_word' id='word_1_505' title='bbox 2159 3367 2384 3460; x_wconf 74' lang='grc' dir='ltr'>καινούς,</span> <span class='ocrx_word' id='word_1_506' title='bbox 2460 3381 2553 3437; x_wconf 71' lang='grc' dir='ltr'><strong>ἵνα</strong></span> <span class='ocrx_word' id='word_1_507' title='bbox 2612 3381 2690 3456; x_wconf 77' lang='grc' dir='ltr'>μὴ</span> <span class='ocrx_word' id='word_1_508' title='bbox 2748 3382 3029 3457; x_wconf 89' lang='grc' dir='ltr'>νομίσωσιν</span> <span class='ocrx_word' id='word_1_509' title='bbox 3082 3382 3162 3439; x_wconf 80' lang='grc' dir='ltr'>ὅτι</span> <span class='ocrx_word' id='word_1_510' title='bbox 3206 3367 3436 3445; x_wconf 77' lang='grc' dir='ltr'>ἀντίθεός</span> <span class='ocrx_word' id='word_1_511' title='bbox 3468 3383 3601 3457; x_wconf 64' lang='grc' dir='ltr'>ἔστι,</span> <span class='ocrx_word' id='word_1_512' title='bbox 3636 3367 3786 3460; x_wconf 81' lang='grc' dir='ltr'>φησὶ,</span> 
     </span>
    </p>
   </div>
   <div class='ocr_carea' id='block_1_70' title="bbox 426 3467 2068 3546">
    <p class='ocr_par' dir='ltr' id='par_1_70' title="bbox 426 3467 2068 3546">
     <span class='ocr_line' id='line_1_71' title="bbox 426 3467 2068 3546; baseline -0.004 -19"><span class='ocrx_word' id='word_1_513' title='bbox 426 3467 798 3528; x_wconf 88' lang='lat' dir='ltr'><strong>adversarius</strong></span> <span class='ocrx_word' id='word_1_514' title='bbox 828 3468 923 3540; x_wconf 92' lang='lat' dir='ltr'><strong>sit,</strong></span> <span class='ocrx_word' id='word_1_515' title='bbox 950 3467 1098 3528; x_wconf 83' lang='lat' dir='ltr'><strong>dixit</strong></span> <span class='ocrx_word' id='word_1_516' title='bbox 1130 3468 1292 3546; x_wconf 89' lang='lat' dir='ltr'><strong>prius</strong></span> <span class='ocrx_word' id='word_1_517' title='bbox 1339 3478 1662 3526; x_wconf 89' lang='lat' dir='ltr'><strong>occurrens</strong></span> <span class='ocrx_word' id='word_1_518' title='bbox 1694 3475 1887 3546; x_wconf 66' lang='lat' dir='ltr'><strong>pravae</strong></span> <span class='ocrx_word' id='word_1_519' title='bbox 1915 3473 2068 3537; x_wconf 82' lang='lat' dir='ltr'><strong>quo-</strong></span> 
     </span>
    </p>
   </div>
   <div class='ocr_carea' id='block_1_71' title="bbox 429 3544 2072 3635">
    <p class='ocr_par' dir='ltr' id='par_1_71' title="bbox 429 3544 2072 3635">
     <span class='ocr_line' id='line_1_72' title="bbox 429 3544 2072 3635; baseline -0.006 -19"><span class='ocrx_word' id='word_1_520' title='bbox 429 3554 700 3616; x_wconf 89' lang='lat' dir='ltr'><strong>rumdam</strong></span> <span class='ocrx_word' id='word_1_521' title='bbox 731 3555 1078 3635; x_wconf 90' lang='lat' dir='ltr'><strong>suspicioni,</strong></span> <span class='ocrx_word' id='word_1_522' title='bbox 1107 3544 1262 3635; x_wconf 85' lang='lat' dir='ltr'><strong>quod</strong></span> <span class='ocrx_word' id='word_1_523' title='bbox 1283 3573 1400 3615; x_wconf 91' lang='lat' dir='ltr'><strong>non</strong></span> <span class='ocrx_word' id='word_1_524' title='bbox 1427 3553 1714 3626; x_wconf 86' lang='lat' dir='ltr'><strong>destruat,</strong></span> <span class='ocrx_word' id='word_1_525' title='bbox 1750 3544 2072 3635; x_wconf 82' lang='lat' dir='ltr'><strong>sedmagis</strong></span> 
     </span>
    </p>
   </div>
   <div class='ocr_carea' id='block_1_72' title="bbox 425 3632 2070 3724">
    <p class='ocr_par' dir='ltr' id='par_1_72' title="bbox 425 3632 2070 3724">
     <span class='ocr_line' id='line_1_73' title="bbox 425 3632 2070 3724; baseline -0.007 -18"><span class='ocrx_word' id='word_1_526' title='bbox 425 3643 742 3724; x_wconf 86' lang='lat' dir='ltr'><strong>adimpleat</strong></span> <span class='ocrx_word' id='word_1_527' title='bbox 764 3632 978 3724; x_wconf 78' lang='lat' dir='ltr'><strong>legem.</strong></span> <span class='ocrx_word' id='word_1_528' title='bbox 1014 3632 1317 3717; x_wconf 78' lang='lat' dir='ltr'><strong>Quomodo</strong></span> <span class='ocrx_word' id='word_1_529' title='bbox 1342 3650 1540 3705; x_wconf 85' lang='lat' dir='ltr'><strong>autem</strong></span> <span class='ocrx_word' id='word_1_530' title='bbox 1562 3632 2070 3724; x_wconf 85' lang='lat' dir='ltr'><strong>adimplevit?Pri-</strong></span> 
     </span>
    </p>
   </div>
   <div class='ocr_carea' id='block_1_73' title="bbox 425 3721 2070 3815">
    <p class='ocr_par' dir='ltr' id='par_1_73' title="bbox 425 3721 2070 3815">
     <span class='ocr_line' id='line_1_74' title="bbox 425 3721 2070 3815; baseline -0.008 -22"><span class='ocrx_word' id='word_1_531' title='bbox 425 3721 881 3813; x_wconf 31' lang='lat' dir='ltr'><strong>mum—quidem,</strong></span> <span class='ocrx_word' id='word_1_532' title='bbox 918 3733 1053 3815; x_wconf 90' lang='lat' dir='ltr'><strong>quia</strong></span> <span class='ocrx_word' id='word_1_533' title='bbox 1088 3733 1332 3813; x_wconf 86' lang='lat' dir='ltr'><strong>perfecit</strong></span> <span class='ocrx_word' id='word_1_534' title='bbox 1362 3732 1559 3793; x_wconf 90' lang='lat' dir='ltr'><strong>omnia</strong></span> <span class='ocrx_word' id='word_1_535' title='bbox 1584 3743 1714 3807; x_wconf 50' lang='lat' dir='ltr'><strong>qua),</strong></span> <span class='ocrx_word' id='word_1_536' title='bbox 1735 3721 1811 3815; x_wconf 77' lang='lat' dir='ltr'><strong>de</strong></span> <span class='ocrx_word' id='word_1_537' title='bbox 1833 3740 1904 3815; x_wconf 82' lang='lat' dir='ltr'><strong>eo</strong></span> <span class='ocrx_word' id='word_1_538' title='bbox 1924 3741 2070 3815; x_wconf 50' lang='lat' dir='ltr'><strong>prie</strong></span> 
     </span>
    </p>
   </div>
   <div class='ocr_carea' id='block_1_74' title="bbox 429 3810 2068 3904">
    <p class='ocr_par' dir='ltr' id='par_1_74' title="bbox 429 3810 2068 3904">
     <span class='ocr_line' id='line_1_75' title="bbox 429 3810 2068 3904; baseline -0.007 -21"><span class='ocrx_word' id='word_1_539' title='bbox 429 3810 704 3885; x_wconf 81' lang='lat' dir='ltr'><strong>dixerunt</strong></span> <span class='ocrx_word' id='word_1_540' title='bbox 731 3810 1203 3904; x_wconf 76' lang='lat' dir='ltr'><strong>prophetaeldeo</strong></span> <span class='ocrx_word' id='word_1_541' title='bbox 1227 3832 1284 3884; x_wconf 92' lang='lat' dir='ltr'><strong>et</strong></span> <span class='ocrx_word' id='word_1_542' title='bbox 1312 3819 1668 3899; x_wconf 88' lang='lat' dir='ltr'><strong>evangelista</strong></span> <span class='ocrx_word' id='word_1_543' title='bbox 1684 3810 1939 3873; x_wconf 89' lang='lat' dir='ltr'><strong>subinde</strong></span> <span class='ocrx_word' id='word_1_544' title='bbox 1972 3812 2068 3872; x_wconf 88' lang='lat' dir='ltr'><strong>di-</strong></span> 
     </span>
    </p>
   </div>
   <div class='ocr_carea' id='block_1_75' title="bbox 427 3904 2072 3998">
    <p class='ocr_par' dir='ltr' id='par_1_75' title="bbox 427 3904 2072 3998">
     <span class='ocr_line' id='line_1_76' title="bbox 427 3904 2072 3998; baseline 0.001 -24"><span class='ocrx_word' id='word_1_545' title='bbox 427 3913 544 3977; x_wconf 89' lang='lat' dir='ltr'><strong>cit:</strong></span> <span class='ocrx_word' id='word_1_546' title='bbox 581 3937 603 3969; x_wconf 86' lang='lat'><strong>«</strong></span> <span class='ocrx_word' id='word_1_547' title='bbox 651 3915 727 3980; x_wconf 92' lang='lat' dir='ltr'><strong>Ut</strong></span> <span class='ocrx_word' id='word_1_548' title='bbox 756 3917 1073 3998; x_wconf 87' lang='lat' dir='ltr'><strong>impleatur</strong></span> <span class='ocrx_word' id='word_1_549' title='bbox 1107 3917 1260 3998; x_wconf 91' lang='lat' dir='ltr'><strong>quod</strong></span> <span class='ocrx_word' id='word_1_550' title='bbox 1294 3915 1514 3977; x_wconf 91' lang='lat' dir='ltr'><strong>dictum</strong></span> <span class='ocrx_word' id='word_1_551' title='bbox 1573 3916 1663 3974; x_wconf 89' lang='lat' dir='ltr'><strong>est</strong></span> <span class='ocrx_word' id='word_1_552' title='bbox 1710 3904 1785 3998; x_wconf 84' lang='lat' dir='ltr'><strong>de_</strong></span> <span class='ocrx_word' id='word_1_553' title='bbox 1835 3921 1906 3965; x_wconf 80' lang='lat' dir='ltr'><strong>eo</strong></span> <span class='ocrx_word' id='word_1_554' title='bbox 1966 3925 2072 3986; x_wconf 81' lang='lat' dir='ltr'><strong>per</strong></span> 
     </span>
    </p>
   </div>
   <div class='ocr_carea' id='block_1_76' title="bbox 429 3993 2065 4083">
    <p class='ocr_par' dir='ltr' id='par_1_76' title="bbox 429 3993 2065 4083">
     <span class='ocr_line' id='line_1_77' title="bbox 429 3993 2065 4083; baseline -0.011 -15"><span class='ocrx_word' id='word_1_555' title='bbox 429 4004 801 4083; x_wconf 85' lang='lat' dir='ltr'><strong>prophetam.</strong></span> <span class='ocrx_word' id='word_1_556' title='bbox 841 3993 865 4062; x_wconf 59' lang='lat' dir='ltr'><strong>ii</strong></span> <span class='ocrx_word' id='word_1_557' title='bbox 905 3993 1141 4069; x_wconf 33' lang='lat' dir='ltr'><strong>Deinde.</strong></span> <span class='ocrx_word' id='word_1_558' title='bbox 1156 4015 1213 4067; x_wconf 91' lang='lat' dir='ltr'><strong>et</strong></span> <span class='ocrx_word' id='word_1_559' title='bbox 1239 4006 1438 4066; x_wconf 90' lang='lat' dir='ltr'><strong>omnia</strong></span> <span class='ocrx_word' id='word_1_560' title='bbox 1465 3999 1740 4064; x_wconf 89' lang='lat' dir='ltr'><strong>mandata</strong></span> <span class='ocrx_word' id='word_1_561' title='bbox 1772 3993 1920 4071; x_wconf 83' lang='lat' dir='ltr'><strong>legis</strong></span> <span class='ocrx_word' id='word_1_562' title='bbox 1948 4000 2065 4065; x_wconf 89' lang='lat' dir='ltr'><strong>im-</strong></span> 
     </span>
    </p>
   </div>
   <div class='ocr_carea' id='block_1_77' title="bbox 429 4091 2071 4172">
    <p class='ocr_par' dir='ltr' id='par_1_77' title="bbox 429 4091 2071 4172">
     <span class='ocr_line' id='line_1_78' title="bbox 429 4091 2071 4172; baseline -0.004 -21"><span class='ocrx_word' id='word_1_563' title='bbox 429 4091 627 4171; x_wconf 88' lang='lat' dir='ltr'><strong>plevit.</strong></span> <span class='ocrx_word' id='word_1_564' title='bbox 669 4119 694 4148; x_wconf 77' lang='grc' dir='ltr'><strong>α</strong></span> <span class='ocrx_word' id='word_1_565' title='bbox 728 4097 1038 4158; x_wconf 88' lang='lat' dir='ltr'><strong>Peccatum</strong></span> <span class='ocrx_word' id='word_1_566' title='bbox 1070 4095 1230 4157; x_wconf 90' lang='lat' dir='ltr'><strong>enim</strong></span> <span class='ocrx_word' id='word_1_567' title='bbox 1256 4113 1373 4155; x_wconf 91' lang='lat' dir='ltr'><strong>non</strong></span> <span class='ocrx_word' id='word_1_568' title='bbox 1406 4092 1544 4154; x_wconf 90' lang='lat' dir='ltr'><strong>fecit</strong></span> <span class='ocrx_word' id='word_1_569' title='bbox 1575 4109 1769 4172; x_wconf 88' lang='lat' dir='ltr'><strong>neque</strong></span> <span class='ocrx_word' id='word_1_570' title='bbox 1797 4091 2071 4151; x_wconf 90' lang='lat' dir='ltr'><strong>inventus</strong></span> 
     </span>
    </p>
   </div>
   <div class='ocr_carea' id='block_1_78' title="bbox 429 4178 2068 4265">
    <p class='ocr_par' dir='ltr' id='par_1_78' title="bbox 429 4178 2068 4265">
     <span class='ocr_line' id='line_1_79' title="bbox 429 4178 2068 4265; baseline -0.002 -24"><span class='ocrx_word' id='word_1_571' title='bbox 429 4189 518 4242; x_wconf 92' lang='lat' dir='ltr'><strong>est</strong></span> <span class='ocrx_word' id='word_1_572' title='bbox 548 4181 719 4245; x_wconf 91' lang='lat' dir='ltr'><strong>dolus</strong></span> <span class='ocrx_word' id='word_1_573' title='bbox 749 4187 808 4245; x_wconf 90' lang='lat' dir='ltr'><strong>in</strong></span> <span class='ocrx_word' id='word_1_574' title='bbox 840 4204 942 4247; x_wconf 93' lang='lat' dir='ltr'><strong>ore</strong></span> <span class='ocrx_word' id='word_1_575' title='bbox 973 4185 1102 4265; x_wconf 87' lang='lat' dir='ltr'><strong>ejus</strong></span> <span class='ocrx_word' id='word_1_576' title='bbox 1136 4184 1212 4245; x_wconf 65' lang='grc'><strong>19.</strong></span> <span class='ocrx_word' id='word_1_577' title='bbox 1262 4208 1287 4239; x_wconf 80' lang='grc'>»</span> <span class='ocrx_word' id='word_1_578' title='bbox 1324 4181 1472 4254; x_wconf 91' lang='lat' dir='ltr'><strong>Quin</strong></span> <span class='ocrx_word' id='word_1_579' title='bbox 1535 4188 1592 4242; x_wconf 93' lang='lat' dir='ltr'><strong>et</strong></span> <span class='ocrx_word' id='word_1_580' title='bbox 1649 4181 1760 4241; x_wconf 89' lang='lat' dir='ltr'><strong>alia</strong></span> <span class='ocrx_word' id='word_1_581' title='bbox 1817 4178 2068 4256; x_wconf 88' lang='lat' dir='ltr'><strong>ratione,</strong></span> 
     </span>
    </p>
   </div>
   <div class='ocr_carea' id='block_1_79' title="bbox 425 4268 2066 4351">
    <p class='ocr_par' dir='ltr' id='par_1_79' title="bbox 425 4268 2066 4351">
     <span class='ocr_line' id='line_1_80' title="bbox 425 4268 2066 4351; baseline -0.002 -22"><span class='ocrx_word' id='word_1_582' title='bbox 425 4268 771 4351; x_wconf 89' lang='lat' dir='ltr'><strong>adimplevit</strong></span> <span class='ocrx_word' id='word_1_583' title='bbox 828 4274 1045 4351; x_wconf 89' lang='lat' dir='ltr'><strong>legem,</strong></span> <span class='ocrx_word' id='word_1_584' title='bbox 1071 4275 1184 4335; x_wconf 87' lang='lat' dir='ltr'><strong>hoc</strong></span> <span class='ocrx_word' id='word_1_585' title='bbox 1219 4279 1308 4334; x_wconf 91' lang='lat' dir='ltr'><strong>est</strong></span> <span class='ocrx_word' id='word_1_586' title='bbox 1333 4271 1528 4332; x_wconf 90' lang='lat' dir='ltr'><strong>denuo</strong></span> <span class='ocrx_word' id='word_1_587' title='bbox 1561 4268 1871 4349; x_wconf 90' lang='lat' dir='ltr'><strong>implevit:</strong></span> <span class='ocrx_word' id='word_1_588' title='bbox 1902 4283 2066 4346; x_wconf 83' lang='lat' dir='ltr'><strong>quae-</strong></span> 
     </span>
    </p>
   </div>
   <div class='ocr_carea' id='block_1_80' title="bbox 427 4355 2070 4441">
    <p class='ocr_par' dir='ltr' id='par_1_80' title="bbox 427 4355 2070 4441">
     <span class='ocr_line' id='line_1_81' title="bbox 427 4355 2070 4441; baseline -0.004 -22"><span class='ocrx_word' id='word_1_589' title='bbox 427 4376 659 4441; x_wconf 89' lang='lat' dir='ltr'><strong>cunque</strong></span> <span class='ocrx_word' id='word_1_590' title='bbox 690 4362 783 4422; x_wconf 75' lang='lat'><strong>26</strong></span> <span class='ocrx_word' id='word_1_591' title='bbox 814 4362 972 4424; x_wconf 90' lang='lat' dir='ltr'><strong>enim</strong></span> <span class='ocrx_word' id='word_1_592' title='bbox 1002 4362 1104 4424; x_wconf 90' lang='lat' dir='ltr'><strong>illa</strong></span> <span class='ocrx_word' id='word_1_593' title='bbox 1157 4358 1546 4433; x_wconf 87' lang='lat' dir='ltr'><strong>adumbravit,</strong></span> <span class='ocrx_word' id='word_1_594' title='bbox 1582 4375 1654 4419; x_wconf 91' lang='lat' dir='ltr'><strong>ea</strong></span> <span class='ocrx_word' id='word_1_595' title='bbox 1682 4357 1780 4418; x_wconf 90' lang='lat' dir='ltr'><strong>hic</strong></span> <span class='ocrx_word' id='word_1_596' title='bbox 1810 4355 2070 4436; x_wconf 87' lang='lat' dir='ltr'><strong>perfecte</strong></span> 
     </span>
    </p>
   </div>
   <div class='ocr_carea' id='block_1_81' title="bbox 2152 3468 3791 3548">
    <p class='ocr_par' dir='ltr' id='par_1_81' title="bbox 2152 3468 3791 3548">
     <span class='ocr_line' id='line_1_82' title="bbox 2152 3468 3791 3548; baseline -0.002 -22"><span class='ocrx_word' id='word_1_597' title='bbox 2152 3470 2554 3548; x_wconf 79' lang='grc' dir='ltr'>προθεραπεύων</span> <span class='ocrx_word' id='word_1_598' title='bbox 2603 3471 2701 3536; x_wconf 79' lang='grc' dir='ltr'>τὴν</span> <span class='ocrx_word' id='word_1_599' title='bbox 2761 3477 2866 3526; x_wconf 88' lang='grc' dir='ltr'><strong>τῶν</strong></span> <span class='ocrx_word' id='word_1_600' title='bbox 2920 3469 3134 3528; x_wconf 83' lang='grc' dir='ltr'>πολλῶν</span> <span class='ocrx_word' id='word_1_601' title='bbox 3191 3470 3484 3546; x_wconf 76' lang='grc' dir='ltr'>ὑπόληψιν,</span> <span class='ocrx_word' id='word_1_602' title='bbox 3543 3471 3623 3526; x_wconf 80' lang='grc' dir='ltr'>ὅτι</span> <span class='ocrx_word' id='word_1_603' title='bbox 3684 3468 3791 3527; x_wconf 71' lang='grc' dir='ltr'>Οὔκ</span> 
     </span>
    </p>
   </div>
   <div class='ocr_carea' id='block_1_82' title="bbox 2155 3557 3788 3640">
    <p class='ocr_par' dir='ltr' id='par_1_82' title="bbox 2155 3557 3788 3640">
     <span class='ocr_line' id='line_1_83' title="bbox 2155 3557 3788 3640; baseline -0.001 -27"><span class='ocrx_word' id='word_1_604' title='bbox 2155 3558 2314 3626; x_wconf 75' lang='grc' dir='ltr'>ἦλθον</span> <span class='ocrx_word' id='word_1_605' title='bbox 2383 3557 2673 3616; x_wconf 82' lang='grc' dir='ltr'>καταλῦσαι</span> <span class='ocrx_word' id='word_1_606' title='bbox 2742 3560 2832 3614; x_wconf 81' lang='grc' dir='ltr'><strong>τὸν</strong></span> <span class='ocrx_word' id='word_1_607' title='bbox 2872 3561 3056 3640; x_wconf 89' lang='grc' dir='ltr'>νόμον,</span> <span class='ocrx_word' id='word_1_608' title='bbox 3089 3558 3224 3616; x_wconf 79' lang='grc' dir='ltr'>ἀλλὰ</span> <span class='ocrx_word' id='word_1_609' title='bbox 3252 3558 3457 3636; x_wconf 82' lang='grc' dir='ltr'>μᾶλλον</span> <span class='ocrx_word' id='word_1_610' title='bbox 3485 3557 3788 3638; x_wconf 81' lang='grc' dir='ltr'>πληρῶσαι,</span> 
     </span>
    </p>
   </div>
   <div class='ocr_carea' id='block_1_83' title="bbox 2159 3647 3792 3729">
    <p class='ocr_par' dir='ltr' id='par_1_83' title="bbox 2159 3647 3792 3729">
     <span class='ocr_line' id='line_1_84' title="bbox 2159 3647 3792 3729; baseline -0.001 -26"><span class='ocrx_word' id='word_1_611' title='bbox 2159 3655 2275 3712; x_wconf 89' lang='grc' dir='ltr'><strong>Πῶς</strong></span> <span class='ocrx_word' id='word_1_612' title='bbox 2335 3647 2388 3703; x_wconf 78' lang='grc' dir='ltr'>δὲ</span> <span class='ocrx_word' id='word_1_613' title='bbox 2447 3647 2720 3727; x_wconf 74' lang='grc' dir='ltr'>ἐπλήρωσε</span> <span class='ocrx_word' id='word_1_614' title='bbox 2757 3669 2773 3720; x_wconf 88' lang='lat'><strong>;</strong></span> <span class='ocrx_word' id='word_1_615' title='bbox 2821 3655 3029 3728; x_wconf 86' lang='grc' dir='ltr'>πρῶτον</span> <span class='ocrx_word' id='word_1_616' title='bbox 3058 3650 3156 3724; x_wconf 79' lang='grc' dir='ltr'>μὲν</span> <span class='ocrx_word' id='word_1_617' title='bbox 3200 3648 3306 3729; x_wconf 82' lang='grc' dir='ltr'>ὅτι,</span> <span class='ocrx_word' id='word_1_618' title='bbox 3362 3648 3460 3705; x_wconf 82' lang='grc' dir='ltr'><strong>ὅσα</strong></span> <span class='ocrx_word' id='word_1_619' title='bbox 3488 3649 3646 3705; x_wconf 72' lang='grc' dir='ltr'>εἷπον</span> <span class='ocrx_word' id='word_1_620' title='bbox 3675 3647 3792 3725; x_wconf 82' lang='grc' dir='ltr'>περὶ</span> 
     </span>
    </p>
   </div>
   <div class='ocr_carea' id='block_1_84' title="bbox 2157 3735 3791 3818">
    <p class='ocr_par' dir='ltr' id='par_1_84' title="bbox 2157 3735 3791 3818">
     <span class='ocr_line' id='line_1_85' title="bbox 2157 3735 3791 3818; baseline -0.001 -25"><span class='ocrx_word' id='word_1_621' title='bbox 2157 3737 2312 3793; x_wconf 73' lang='grc' dir='ltr'><strong>αὖτοῦ</strong></span> <span class='ocrx_word' id='word_1_622' title='bbox 2369 3740 2414 3794; x_wconf 85' lang='grc' dir='ltr'>οἱ</span> <span class='ocrx_word' id='word_1_623' title='bbox 2483 3743 2786 3818; x_wconf 65' lang='grc' dir='ltr'>προφῆται,</span> <span class='ocrx_word' id='word_1_624' title='bbox 2826 3737 3063 3805; x_wconf 73' lang='grc' dir='ltr'>ἐποίησε,</span> <span class='ocrx_word' id='word_1_625' title='bbox 3101 3739 3193 3794; x_wconf 85' lang='grc' dir='ltr'><strong>Διὸ</strong></span> <span class='ocrx_word' id='word_1_626' title='bbox 3223 3741 3320 3794; x_wconf 64' lang='grc' dir='ltr'>καὶ</span> <span class='ocrx_word' id='word_1_627' title='bbox 3354 3740 3380 3794; x_wconf 85' lang='grc' dir='ltr'>ὁ</span> <span class='ocrx_word' id='word_1_628' title='bbox 3411 3735 3791 3816; x_wconf 74' lang='grc' dir='ltr'>εὐαγγελιστης</span> 
     </span>
    </p>
   </div>
   <div class='ocr_carea' id='block_1_85' title="bbox 2152 3817 3795 3904">
    <p class='ocr_par' dir='ltr' id='par_1_85' title="bbox 2152 3817 3795 3904">
     <span class='ocr_line' id='line_1_86' title="bbox 2152 3817 3795 3904; baseline 0 -26"><span class='ocrx_word' id='word_1_629' title='bbox 2152 3824 2408 3904; x_wconf 84' lang='grc' dir='ltr'>συχνάκις</span> <span class='ocrx_word' id='word_1_630' title='bbox 2466 3823 2660 3902; x_wconf 83' lang='grc' dir='ltr'>λέγει·</span> <span class='ocrx_word' id='word_1_631' title='bbox 2703 3846 2726 3880; x_wconf 70' lang='grc' dir='ltr'><strong>ε</strong></span> <span class='ocrx_word' id='word_1_632' title='bbox 2775 3817 2900 3882; x_wconf 75' lang='grc' dir='ltr'>Ἵνα</span> <span class='ocrx_word' id='word_1_633' title='bbox 2957 3824 3209 3904; x_wconf 69' lang='grc' dir='ltr'>φληρωθῇ</span> <span class='ocrx_word' id='word_1_634' title='bbox 3265 3827 3324 3881; x_wconf 83' lang='grc' dir='ltr'><strong>τὸ</strong></span> <span class='ocrx_word' id='word_1_635' title='bbox 3380 3826 3535 3902; x_wconf 82' lang='grc' dir='ltr'>ῥηθεν</span> <span class='ocrx_word' id='word_1_636' title='bbox 3577 3823 3662 3880; x_wconf 78' lang='grc' dir='ltr'><strong>διὰ</strong></span> <span class='ocrx_word' id='word_1_637' title='bbox 3702 3829 3795 3879; x_wconf 81' lang='grc' dir='ltr'><strong>τοῦ</strong></span> 
     </span>
    </p>
   </div>
   <div class='ocr_carea' id='block_1_86' title="bbox 2152 3912 3791 3991">
    <p class='ocr_par' dir='ltr' id='par_1_86' title="bbox 2152 3912 3791 3991">
     <span class='ocr_line' id='line_1_87' title="bbox 2152 3912 3791 3991; baseline -0.001 -23"><span class='ocrx_word' id='word_1_638' title='bbox 2152 3913 2446 3991; x_wconf 70' lang='grc' dir='ltr'>προφὴτου.</span> <span class='ocrx_word' id='word_1_639' title='bbox 2486 3935 2510 3966; x_wconf 90' lang='lat' dir='ltr'><strong>ii</strong></span> <span class='ocrx_word' id='word_1_640' title='bbox 2570 3912 2736 3971; x_wconf 76' lang='grc' dir='ltr'>Ἀλλὰ</span> <span class='ocrx_word' id='word_1_641' title='bbox 2804 3916 2892 3970; x_wconf 87' lang='grc' dir='ltr'><strong>καὶ</strong></span> <span class='ocrx_word' id='word_1_642' title='bbox 2918 3915 3012 3976; x_wconf 75' lang='grc' dir='ltr'><strong>τὰς</strong></span> <span class='ocrx_word' id='word_1_643' title='bbox 3030 3921 3120 3970; x_wconf 82' lang='grc' dir='ltr'>τοῦ</span> <span class='ocrx_word' id='word_1_644' title='bbox 3165 3915 3327 3989; x_wconf 89' lang='grc' dir='ltr'>νόμου</span> <span class='ocrx_word' id='word_1_645' title='bbox 3359 3912 3575 3978; x_wconf 78' lang='grc' dir='ltr'>ἐντολὰς</span> <span class='ocrx_word' id='word_1_646' title='bbox 3619 3913 3791 3976; x_wconf 88' lang='grc' dir='ltr'>πάσας</span> 
     </span>
    </p>
   </div>
   <div class='ocr_carea' id='block_1_87' title="bbox 2153 3994 3790 4082">
    <p class='ocr_par' dir='ltr' id='par_1_87' title="bbox 2153 3994 3790 4082">
     <span class='ocr_line' id='line_1_88' title="bbox 2153 3994 3790 4082; baseline -0.001 -25"><span class='ocrx_word' id='word_1_647' title='bbox 2153 3999 2486 4078; x_wconf 72' lang='grc' dir='ltr'>ἐπληρωσεν,</span> <span class='ocrx_word' id='word_1_648' title='bbox 2557 4025 2579 4056; x_wconf 80' lang='grc' dir='ltr'><strong>ιι</strong></span> <span class='ocrx_word' id='word_1_649' title='bbox 2684 3994 2969 4082; x_wconf 72' lang='grc' dir='ltr'>’Λμαρτιαν</span> <span class='ocrx_word' id='word_1_650' title='bbox 3027 4004 3126 4082; x_wconf 78' lang='grc' dir='ltr'><strong>γὰρ</strong></span> <span class='ocrx_word' id='word_1_651' title='bbox 3184 4007 3279 4061; x_wconf 76' lang='grc' dir='ltr'><strong>οὒκ</strong></span> <span class='ocrx_word' id='word_1_652' title='bbox 3333 4002 3600 4075; x_wconf 75' lang='grc' dir='ltr'>ἐποίησεν,</span> <span class='ocrx_word' id='word_1_653' title='bbox 3674 3999 3790 4059; x_wconf 75' lang='grc' dir='ltr'>οὒδὲ</span> 
     </span>
    </p>
   </div>
   <div class='ocr_carea' id='block_1_88' title="bbox 2154 4088 3792 4168">
    <p class='ocr_par' dir='ltr' id='par_1_88' title="bbox 2154 4088 3792 4168">
     <span class='ocr_line' id='line_1_89' title="bbox 2154 4088 3792 4168; baseline 0 -23"><span class='ocrx_word' id='word_1_654' title='bbox 2154 4090 2334 4168; x_wconf 71' lang='grc' dir='ltr'><strong>εὑρέθτ⁸</strong></span> <span class='ocrx_word' id='word_1_655' title='bbox 2403 4089 2550 4156; x_wconf 83' lang='grc' dir='ltr'>δόλος</span> <span class='ocrx_word' id='word_1_656' title='bbox 2604 4094 2660 4148; x_wconf 71' lang='grc' dir='ltr'>ἓν</span> <span class='ocrx_word' id='word_1_657' title='bbox 2718 4099 2794 4166; x_wconf 86' lang='grc' dir='ltr'><strong>τῷ</strong></span> <span class='ocrx_word' id='word_1_658' title='bbox 2821 4091 3044 4168; x_wconf 84' lang='grc' dir='ltr'>στόματι</span> <span class='ocrx_word' id='word_1_659' title='bbox 3084 4091 3264 4152; x_wconf 74' lang='grc' dir='ltr'>αὐτοῦ.</span> <span class='ocrx_word' id='word_1_660' title='bbox 3301 4114 3329 4147; x_wconf 72' lang='grc' dir='ltr'><strong><em>ι</em></strong></span> <span class='ocrx_word' id='word_1_661' title='bbox 3385 4093 3483 4150; x_wconf 79' lang='grc' dir='ltr'>Καὶ</span> <span class='ocrx_word' id='word_1_662' title='bbox 3533 4089 3707 4154; x_wconf 75' lang='grc' dir='ltr'>ἄλλως</span> <span class='ocrx_word' id='word_1_663' title='bbox 3737 4088 3792 4145; x_wconf 79' lang='grc' dir='ltr'>δὲ</span> 
     </span>
    </p>
   </div>
   <div class='ocr_carea' id='block_1_89' title="bbox 2153 4177 3794 4259">
    <p class='ocr_par' dir='ltr' id='par_1_89' title="bbox 2153 4177 3794 4259">
     <span class='ocr_line' id='line_1_90' title="bbox 2153 4177 3794 4259; baseline 0.001 -25"><span class='ocrx_word' id='word_1_664' title='bbox 2153 4178 2430 4258; x_wconf 71' lang='grc' dir='ltr'>ἐπλήρωσε</span> <span class='ocrx_word' id='word_1_665' title='bbox 2479 4181 2570 4235; x_wconf 80' lang='grc' dir='ltr'><strong>τὸν</strong></span> <span class='ocrx_word' id='word_1_666' title='bbox 2656 4180 2842 4259; x_wconf 86' lang='grc' dir='ltr'>νόμον,</span> <span class='ocrx_word' id='word_1_667' title='bbox 2893 4179 3185 4259; x_wconf 87' lang='grc' dir='ltr'>τουτέστιν,</span> <span class='ocrx_word' id='word_1_668' title='bbox 3236 4178 3632 4258; x_wconf 77' lang='grc' dir='ltr'>ἀνεπλήρωσεν⁶</span> <span class='ocrx_word' id='word_1_669' title='bbox 3694 4177 3794 4236; x_wconf 78' lang='grc' dir='ltr'><strong>ὅσα</strong></span> 
     </span>
    </p>
   </div>
   <div class='ocr_carea' id='block_1_90' title="bbox 2152 4268 3793 4350">
    <p class='ocr_par' dir='ltr' id='par_1_90' title="bbox 2152 4268 3793 4350">
     <span class='ocr_line' id='line_1_91' title="bbox 2152 4268 3793 4350; baseline 0.001 -28"><span class='ocrx_word' id='word_1_670' title='bbox 2152 4269 2251 4347; x_wconf 80' lang='grc' dir='ltr'>γὰρ</span> <span class='ocrx_word' id='word_1_671' title='bbox 2322 4268 2528 4332; x_wconf 79' lang='grc' dir='ltr'>ἐκεῖνος</span> <span class='ocrx_word' id='word_1_672' title='bbox 2575 4268 2987 4350; x_wconf 65' lang='grc' dir='ltr'>ἐσκιαγραφησε,</span> <span class='ocrx_word' id='word_1_673' title='bbox 3021 4276 3182 4325; x_wconf 82' lang='grc' dir='ltr'>ταῦτα</span> <span class='ocrx_word' id='word_1_674' title='bbox 3214 4271 3363 4334; x_wconf 74' lang='grc' dir='ltr'>οὗτος</span> <span class='ocrx_word' id='word_1_675' title='bbox 3392 4268 3606 4333; x_wconf 80' lang='grc' dir='ltr'>τελείως</span> <span class='ocrx_word' id='word_1_676' title='bbox 3653 4271 3793 4340; x_wconf 77' lang='grc' dir='ltr'><strong>ὶζω-</strong></span> 
     </span>
    </p>
   </div>
   <div class='ocr_carea' id='block_1_91' title="bbox 2153 4355 3792 4437">
    <p class='ocr_par' dir='ltr' id='par_1_91' title="bbox 2153 4355 3792 4437">
     <span class='ocr_line' id='line_1_92' title="bbox 2153 4355 3792 4437; baseline -0.001 -23"><span class='ocrx_word' id='word_1_677' title='bbox 2153 4356 2444 4434; x_wconf 75' lang='grc' dir='ltr'>γράφησεν.</span> <span class='ocrx_word' id='word_1_678' title='bbox 2517 4355 2755 4419; x_wconf 77' lang='grc' dir='ltr'>Ἐκεῖνος</span> <span class='ocrx_word' id='word_1_679' title='bbox 2798 4359 2882 4430; x_wconf 76' lang='grc' dir='ltr'><strong>τὸ,</strong></span> <span class='ocrx_word' id='word_1_680' title='bbox 2925 4380 2947 4413; x_wconf 71' lang='grc' dir='ltr'>ι</span> <span class='ocrx_word' id='word_1_681' title='bbox 2987 4358 3075 4425; x_wconf 75' lang='grc' dir='ltr'><strong>Μὴ</strong></span> <span class='ocrx_word' id='word_1_682' title='bbox 3106 4358 3386 4437; x_wconf 68' lang='grc' dir='ltr'>φονεύσῃς*</span> <span class='ocrx_word' id='word_1_683' title='bbox 3438 4381 3462 4415; x_wconf 72' lang='grc' dir='ltr'>ι</span> <span class='ocrx_word' id='word_1_684' title='bbox 3525 4359 3699 4432; x_wconf 80' lang='grc' dir='ltr'>οὗτος,</span> <span class='ocrx_word' id='word_1_685' title='bbox 3731 4357 3792 4412; x_wconf 76' lang='grc' dir='ltr'>τὸ</span> 
     </span>
    </p>
   </div>
   <div class='ocr_carea' id='block_1_92' title="bbox 425 4439 2068 4528">
    <p class='ocr_par' dir='ltr' id='par_1_92' title="bbox 425 4439 2068 4528">
     <span class='ocr_line' id='line_1_93' title="bbox 425 4439 2068 4528; baseline -0.002 -20"><span class='ocrx_word' id='word_1_686' title='bbox 425 4439 712 4528; x_wconf 82' lang='lat' dir='ltr'><strong>depinxit.</strong></span> <span class='ocrx_word' id='word_1_687' title='bbox 772 4450 879 4513; x_wconf 91' lang='lat' dir='ltr'><strong>Illa</strong></span> <span class='ocrx_word' id='word_1_688' title='bbox 929 4451 1091 4528; x_wconf 84' lang='lat' dir='ltr'><strong>dixit,</strong></span> <span class='ocrx_word' id='word_1_689' title='bbox 1162 4471 1191 4510; x_wconf 86' lang='grc'><strong>(</strong></span> <span class='ocrx_word' id='word_1_690' title='bbox 1244 4451 1333 4512; x_wconf 88' lang='lat' dir='ltr'><strong>Ne</strong></span> <span class='ocrx_word' id='word_1_691' title='bbox 1391 4447 1665 4509; x_wconf 89' lang='lat' dir='ltr'><strong>occidas:</strong></span> <span class='ocrx_word' id='word_1_692' title='bbox 1727 4471 1752 4501; x_wconf 71' lang='lat' dir='ltr'><strong>in</strong></span> <span class='ocrx_word' id='word_1_693' title='bbox 1790 4446 1886 4506; x_wconf 84' lang='lat' dir='ltr'><strong>liic</strong></span> <span class='ocrx_word' id='word_1_694' title='bbox 1939 4461 2068 4505; x_wconf 89' lang='lat' dir='ltr'><strong>vero</strong></span> 
     </span>
    </p>
   </div>
   <div class='ocr_carea' id='block_1_93' title="bbox 2159 4439 3792 4528">
    <p class='ocr_par' dir='ltr' id='par_1_93' title="bbox 2159 4439 3792 4527">
     <span class='ocr_line' id='line_1_94' title="bbox 2159 4439 3792 4527; baseline 0.001 -28"><span class='ocrx_word' id='word_1_695' title='bbox 2159 4444 2304 4513; x_wconf 76' lang='grc' dir='ltr'>Μηδὲ</span> <span class='ocrx_word' id='word_1_696' title='bbox 2362 4449 2605 4523; x_wconf 62' lang='grc' dir='ltr'>θ’)μωθῇς</span> <span class='ocrx_word' id='word_1_697' title='bbox 2659 4447 2799 4512; x_wconf 76' lang='grc' dir='ltr'>εἰκῆ.</span> <span class='ocrx_word' id='word_1_698' title='bbox 2863 4439 3086 4526; x_wconf 70' lang='grc' dir='ltr'>’Ὥσπερ</span> <span class='ocrx_word' id='word_1_699' title='bbox 3150 4447 3237 4503; x_wconf 84' lang='grc' dir='ltr'><strong>καὶ</strong></span> <span class='ocrx_word' id='word_1_700' title='bbox 3287 4449 3313 4502; x_wconf 74' lang='grc' dir='ltr'>ὃ</span> <span class='ocrx_word' id='word_1_701' title='bbox 3382 4447 3679 4527; x_wconf 76' lang='grc' dir='ltr'>ζωγράφος,</span> <span class='ocrx_word' id='word_1_702' title='bbox 3733 4445 3792 4503; x_wconf 74' lang='grc' dir='ltr'>οὗ</span> 
     </span>
    </p>
   </div>
   <div class='ocr_carea' id='block_1_94' title="bbox 428 4519 2068 4618">
    <p class='ocr_par' dir='ltr' id='par_1_94' title="bbox 428 4519 2068 4618">
     <span class='ocr_line' id='line_1_95' title="bbox 428 4519 2068 4618; baseline 0.001 -23"><span class='ocrx_word' id='word_1_703' title='bbox 428 4519 710 4618; x_wconf 67' lang='grc' dir='ltr'><strong>ᾱίἱὶι,Νθ</strong></span> <span class='ocrx_word' id='word_1_704' title='bbox 746 4548 973 4601; x_wconf 91' lang='lat' dir='ltr'><strong>temere</strong></span> <span class='ocrx_word' id='word_1_705' title='bbox 1032 4519 1330 4600; x_wconf 79' lang='lat' dir='ltr'><strong>irascaris.</strong></span> <span class='ocrx_word' id='word_1_706' title='bbox 1366 4534 1528 4597; x_wconf 90' lang='lat' dir='ltr'><strong>Sicut</strong></span> <span class='ocrx_word' id='word_1_707' title='bbox 1585 4543 1641 4595; x_wconf 90' lang='lat' dir='ltr'><strong>et</strong></span> <span class='ocrx_word' id='word_1_708' title='bbox 1699 4533 1890 4614; x_wconf 92' lang='lat' dir='ltr'><strong>pictor</strong></span> <span class='ocrx_word' id='word_1_709' title='bbox 1951 4555 2068 4596; x_wconf 90' lang='lat' dir='ltr'><strong>non</strong></span> 
     </span>
    </p>
   </div>
   <div class='ocr_carea' id='block_1_95' title="bbox 2159 4519 3788 4618">
    <p class='ocr_par' dir='ltr' id='par_1_95' title="bbox 2159 4519 3788 4616">
     <span class='ocr_line' id='line_1_96' title="bbox 2159 4519 3788 4616; baseline 0.002 -24"><span class='ocrx_word' id='word_1_710' title='bbox 2159 4519 2434 4592; x_wconf 11' lang='grc' dir='ltr'>καταλύειγ</span> <span class='ocrx_word' id='word_1_711' title='bbox 2484 4519 2583 4603; x_wconf 74' lang='grc' dir='ltr'>τὴν</span> <span class='ocrx_word' id='word_1_712' title='bbox 2633 4535 3001 4615; x_wconf 72' lang='grc' dir='ltr'>σκιαγραφίαν,</span> <span class='ocrx_word' id='word_1_713' title='bbox 3037 4519 3172 4592; x_wconf 75' lang='grc' dir='ltr'>άλλᾶ</span> <span class='ocrx_word' id='word_1_714' title='bbox 3230 4534 3432 4612; x_wconf 76' lang='grc' dir='ltr'>μᾶλλον</span> <span class='ocrx_word' id='word_1_715' title='bbox 3462 4519 3788 4616; x_wconf 73' lang='grc' dir='ltr'>άναπληροϊ.</span> 
     </span>
    </p>
   </div>
   <div class='ocr_carea' id='block_1_96' title="bbox 425 4623 2072 4711">
    <p class='ocr_par' dir='ltr' id='par_1_96' title="bbox 425 4623 2072 4711">
     <span class='ocr_line' id='line_1_97' title="bbox 425 4623 2072 4711; baseline 0.001 -26"><span class='ocrx_word' id='word_1_716' title='bbox 425 4631 754 4711; x_wconf 88' lang='lat' dir='ltr'><strong>corrumpit</strong></span> <span class='ocrx_word' id='word_1_717' title='bbox 783 4630 1143 4692; x_wconf 87' lang='lat' dir='ltr'><strong>lineamenta</strong></span> <span class='ocrx_word' id='word_1_718' title='bbox 1173 4627 1384 4709; x_wconf 90' lang='lat' dir='ltr'><strong>prima,</strong></span> <span class='ocrx_word' id='word_1_719' title='bbox 1451 4623 1556 4685; x_wconf 89' lang='lat' dir='ltr'><strong>sed</strong></span> <span class='ocrx_word' id='word_1_720' title='bbox 1600 4624 1786 4702; x_wconf 89' lang='lat' dir='ltr'><strong>magis</strong></span> <span class='ocrx_word' id='word_1_721' title='bbox 1815 4623 2072 4686; x_wconf 86' lang='lat' dir='ltr'><strong>illustrat</strong></span> 
     </span>
    </p>
   </div>
   <div class='ocr_carea' id='block_1_97' title="bbox 425 4716 818 4799">
    <p class='ocr_par' dir='ltr' id='par_1_97' title="bbox 425 4716 818 4799">
     <span class='ocr_line' id='line_1_98' title="bbox 425 4716 818 4799; baseline 0.013 -24"><span class='ocrx_word' id='word_1_722' title='bbox 425 4721 483 4775; x_wconf 92' lang='lat' dir='ltr'><strong>et</strong></span> <span class='ocrx_word' id='word_1_723' title='bbox 512 4716 818 4799; x_wconf 88' lang='lat' dir='ltr'><strong>adimplet.</strong></span> 
     </span>
    </p>
   </div>
   <div class='ocr_carea' id='block_1_98' title="bbox 505 4802 2068 4871">
    <p class='ocr_par' dir='ltr' id='par_1_98' title="bbox 505 4802 2068 4871">
     <span class='ocr_line' id='line_1_99' title="bbox 505 4802 2068 4871; baseline -0.001 -5"><span class='ocrx_word' id='word_1_724' title='bbox 505 4802 689 4871; x_wconf 69' lang='lat' dir='ltr'><strong>Vens.</strong></span> <span class='ocrx_word' id='word_1_725' title='bbox 730 4809 824 4871; x_wconf 83' lang='grc'><strong>18.</strong></span> <span class='ocrx_word' id='word_1_726' title='bbox 866 4833 886 4864; x_wconf 76' lang='grc' dir='ltr'><strong>ι</strong></span> <span class='ocrx_word' id='word_1_727' title='bbox 920 4811 1114 4871; x_wconf 84' lang='lat' dir='ltr'><strong>Amen</strong></span> <span class='ocrx_word' id='word_1_728' title='bbox 1140 4806 1272 4868; x_wconf 91' lang='lat' dir='ltr'><strong>dico</strong></span> <span class='ocrx_word' id='word_1_729' title='bbox 1303 4803 1494 4864; x_wconf 89' lang='lat' dir='ltr'><strong>vobis.</strong></span> <span class='ocrx_word' id='word_1_730' title='bbox 1535 4826 1558 4857; x_wconf 79' lang='grc' dir='ltr'><strong>υ</strong></span> <span class='ocrx_word' id='word_1_731' title='bbox 1587 4803 1780 4864; x_wconf 85' lang='lat' dir='ltr'><strong>Amen</strong></span> <span class='ocrx_word' id='word_1_732' title='bbox 1802 4802 2068 4865; x_wconf 82' lang='lat' dir='ltr'><strong>afﬁrma-</strong></span> 
     </span>
    </p>
   </div>
   <div class='ocr_carea' id='block_1_99' title="bbox 429 4889 2070 4980">
    <p class='ocr_par' dir='ltr' id='par_1_99' title="bbox 429 4889 2070 4980">
     <span class='ocr_line' id='line_1_100' title="bbox 429 4889 2070 4980; baseline 0.002 -28"><span class='ocrx_word' id='word_1_733' title='bbox 429 4892 541 4956; x_wconf 88' lang='lat' dir='ltr'><strong>tiva</strong></span> <span class='ocrx_word' id='word_1_734' title='bbox 569 4896 856 4975; x_wconf 88' lang='lat' dir='ltr'><strong>particula</strong></span> <span class='ocrx_word' id='word_1_735' title='bbox 888 4907 978 4960; x_wconf 91' lang='lat' dir='ltr'><strong>est</strong></span> <span class='ocrx_word' id='word_1_736' title='bbox 1009 4916 1140 4980; x_wconf 89' lang='lat' dir='ltr'><strong>pro,</strong></span> <span class='ocrx_word' id='word_1_737' title='bbox 1177 4895 1365 4957; x_wconf 85' lang='lat' dir='ltr'><strong>Etiam</strong></span> <span class='ocrx_word' id='word_1_738' title='bbox 1397 4891 1530 4953; x_wconf 89' lang='lat' dir='ltr'><strong>dico</strong></span> <span class='ocrx_word' id='word_1_739' title='bbox 1561 4889 1749 4953; x_wconf 88' lang='lat' dir='ltr'><strong>vobis.</strong></span> <span class='ocrx_word' id='word_1_740' title='bbox 1785 4911 1814 4950; x_wconf 87' lang='grc'><strong>‹</strong></span> <span class='ocrx_word' id='word_1_741' title='bbox 1869 4891 2070 4955; x_wconf 89' lang='lat' dir='ltr'><strong>Donec</strong></span> 
     </span>
    </p>
   </div>
   <div class='ocr_carea' id='block_1_100' title="bbox 425 4985 2072 5060">
    <p class='ocr_par' dir='ltr' id='par_1_100' title="bbox 425 4985 2072 5060">
     <span class='ocr_line' id='line_1_101' title="bbox 425 4985 2072 5060; baseline -0.001 -17"><span class='ocrx_word' id='word_1_742' title='bbox 425 4992 736 5060; x_wconf 69' lang='lat' dir='ltr'><strong>praetereat</strong></span> <span class='ocrx_word' id='word_1_743' title='bbox 765 4988 979 5049; x_wconf 84' lang='lat' dir='ltr'><strong>ccelum</strong></span> <span class='ocrx_word' id='word_1_744' title='bbox 1015 4996 1073 5048; x_wconf 89' lang='lat' dir='ltr'><strong>et</strong></span> <span class='ocrx_word' id='word_1_745' title='bbox 1096 4985 1396 5060; x_wconf 89' lang='lat' dir='ltr'><strong>terra,iota</strong></span> <span class='ocrx_word' id='word_1_746' title='bbox 1423 4999 1600 5042; x_wconf 91' lang='lat' dir='ltr'><strong>unum</strong></span> <span class='ocrx_word' id='word_1_747' title='bbox 1629 4987 1728 5040; x_wconf 87' lang='lat' dir='ltr'><strong>aut</strong></span> <span class='ocrx_word' id='word_1_748' title='bbox 1747 4998 1893 5060; x_wconf 88' lang='lat' dir='ltr'><strong>apex</strong></span> <span class='ocrx_word' id='word_1_749' title='bbox 1915 5000 2072 5043; x_wconf 85' lang='lat' dir='ltr'><strong>unus</strong></span> 
     </span>
    </p>
   </div>
   <div class='ocr_carea' id='block_1_101' title="bbox 422 5069 2062 5156">
    <p class='ocr_par' dir='ltr' id='par_1_101' title="bbox 422 5069 2062 5156">
     <span class='ocr_line' id='line_1_102' title="bbox 422 5069 2062 5156; baseline -0.003 -25"><span class='ocrx_word' id='word_1_750' title='bbox 422 5089 539 5134; x_wconf 88' lang='lat' dir='ltr'><strong>non</strong></span> <span class='ocrx_word' id='word_1_751' title='bbox 561 5075 884 5154; x_wconf 66' lang='lat' dir='ltr'><strong>praeteribit</strong></span> <span class='ocrx_word' id='word_1_752' title='bbox 907 5093 980 5138; x_wconf 82' lang='lat' dir='ltr'><strong>ex</strong></span> <span class='ocrx_word' id='word_1_753' title='bbox 998 5075 1151 5156; x_wconf 89' lang='lat' dir='ltr'><strong>lege,</strong></span> <span class='ocrx_word' id='word_1_754' title='bbox 1174 5072 1365 5156; x_wconf 90' lang='lat' dir='ltr'><strong>quoad</strong></span> <span class='ocrx_word' id='word_1_755' title='bbox 1392 5071 1588 5131; x_wconf 90' lang='lat' dir='ltr'><strong>omnia</strong></span> <span class='ocrx_word' id='word_1_756' title='bbox 1607 5069 1757 5130; x_wconf 85' lang='lat' dir='ltr'><strong>facta</strong></span> <span class='ocrx_word' id='word_1_757' title='bbox 1784 5069 2062 5133; x_wconf 71' lang='lat' dir='ltr'><strong>fuerint.»</strong></span> 
     </span>
    </p>
   </div>
   <div class='ocr_carea' id='block_1_102' title="bbox 424 5158 2069 5247">
    <p class='ocr_par' dir='ltr' id='par_1_102' title="bbox 424 5158 2069 5247">
     <span class='ocr_line' id='line_1_103' title="bbox 424 5158 2069 5247; baseline 0.001 -27"><span class='ocrx_word' id='word_1_758' title='bbox 424 5158 698 5224; x_wconf 87' lang='lat' dir='ltr'><strong>Ostendit</strong></span> <span class='ocrx_word' id='word_1_759' title='bbox 727 5166 846 5246; x_wconf 90' lang='lat' dir='ltr'><strong>hic,</strong></span> <span class='ocrx_word' id='word_1_760' title='bbox 879 5166 1034 5247; x_wconf 92' lang='lat' dir='ltr'><strong>quod</strong></span> <span class='ocrx_word' id='word_1_761' title='bbox 1058 5164 1317 5226; x_wconf 90' lang='lat' dir='ltr'><strong>mundus</strong></span> <span class='ocrx_word' id='word_1_762' title='bbox 1337 5159 1595 5240; x_wconf 63' lang='lat' dir='ltr'><strong>praeterit</strong></span> <span class='ocrx_word' id='word_1_763' title='bbox 1613 5167 1670 5218; x_wconf 92' lang='lat' dir='ltr'><strong>et</strong></span> <span class='ocrx_word' id='word_1_764' title='bbox 1693 5158 2069 5238; x_wconf 83' lang='lat' dir='ltr'><strong>transﬁgura-</strong></span> 
     </span>
    </p>
   </div>
   <div class='ocr_carea' id='block_1_103' title="bbox 422 5247 2063 5335">
    <p class='ocr_par' dir='ltr' id='par_1_103' title="bbox 422 5247 2063 5335">
     <span class='ocr_line' id='line_1_104' title="bbox 422 5247 2063 5335; baseline 0.001 -27"><span class='ocrx_word' id='word_1_765' title='bbox 422 5256 540 5311; x_wconf 90' lang='lat' dir='ltr'><strong>tur.</strong></span> <span class='ocrx_word' id='word_1_766' title='bbox 567 5252 723 5313; x_wconf 91' lang='lat' dir='ltr'><strong>Dicit</strong></span> <span class='ocrx_word' id='word_1_767' title='bbox 744 5254 921 5331; x_wconf 91' lang='lat' dir='ltr'><strong>igitur</strong></span> <span class='ocrx_word' id='word_1_768' title='bbox 951 5254 1107 5335; x_wconf 91' lang='lat' dir='ltr'><strong>quod</strong></span> <span class='ocrx_word' id='word_1_769' title='bbox 1128 5251 1392 5333; x_wconf 89' lang='lat' dir='ltr'><strong>quandiu</strong></span> <span class='ocrx_word' id='word_1_770' title='bbox 1416 5247 1680 5310; x_wconf 91' lang='lat' dir='ltr'><strong>subsistit</strong></span> <span class='ocrx_word' id='word_1_771' title='bbox 1697 5248 2063 5322; x_wconf 89' lang='lat' dir='ltr'><strong>universum,</strong></span> 
     </span>
    </p>
   </div>
   <div class='ocr_carea' id='block_1_104' title="bbox 422 5336 2062 5419">
    <p class='ocr_par' dir='ltr' id='par_1_104' title="bbox 422 5336 2062 5419">
     <span class='ocr_line' id='line_1_105' title="bbox 422 5336 2062 5419; baseline 0.001 -22"><span class='ocrx_word' id='word_1_772' title='bbox 422 5355 616 5418; x_wconf 91' lang='lat' dir='ltr'><strong>neque</strong></span> <span class='ocrx_word' id='word_1_773' title='bbox 649 5342 894 5405; x_wconf 89' lang='lat' dir='ltr'><strong>minima</strong></span> <span class='ocrx_word' id='word_1_774' title='bbox 925 5343 1120 5404; x_wconf 89' lang='lat' dir='ltr'><strong>littera</strong></span> <span class='ocrx_word' id='word_1_775' title='bbox 1153 5359 1186 5403; x_wconf 91' lang='lat' dir='ltr'><strong>e</strong></span> <span class='ocrx_word' id='word_1_776' title='bbox 1216 5341 1347 5418; x_wconf 82' lang='lat' dir='ltr'><strong>lege</strong></span> <span class='ocrx_word' id='word_1_777' title='bbox 1376 5336 1669 5400; x_wconf 90' lang='lat' dir='ltr'><strong>transibit.</strong></span> <span class='ocrx_word' id='word_1_778' title='bbox 1703 5336 1820 5398; x_wconf 89' lang='lat' dir='ltr'><strong>Alii</strong></span> <span class='ocrx_word' id='word_1_779' title='bbox 1842 5345 2062 5419; x_wconf 81' lang='lat' dir='ltr'><strong>autem,</strong></span> 
     </span>
    </p>
   </div>
   <div class='ocr_carea' id='block_1_105' title="bbox 419 5427 2066 5512">
    <p class='ocr_par' dir='ltr' id='par_1_105' title="bbox 419 5427 2066 5512">
     <span class='ocr_line' id='line_1_106' title="bbox 419 5427 2066 5512; baseline 0 -24"><span class='ocrx_word' id='word_1_780' title='bbox 419 5427 539 5490; x_wconf 85' lang='lat' dir='ltr'><strong>iota</strong></span> <span class='ocrx_word' id='word_1_781' title='bbox 563 5439 620 5492; x_wconf 88' lang='lat' dir='ltr'><strong>et</strong></span> <span class='ocrx_word' id='word_1_782' title='bbox 651 5433 882 5512; x_wconf 89' lang='lat' dir='ltr'><strong>apicem</strong></span> <span class='ocrx_word' id='word_1_783' title='bbox 937 5433 1144 5494; x_wconf 91' lang='lat' dir='ltr'><strong>decem</strong></span> <span class='ocrx_word' id='word_1_784' title='bbox 1193 5431 1342 5509; x_wconf 88' lang='lat' dir='ltr'><strong>legis</strong></span> <span class='ocrx_word' id='word_1_785' title='bbox 1383 5435 1676 5510; x_wconf 59' lang='lat' dir='ltr'><strong>praecepta</strong></span> <span class='ocrx_word' id='word_1_786' title='bbox 1705 5427 1933 5501; x_wconf 90' lang='lat' dir='ltr'><strong>dicunt,</strong></span> <span class='ocrx_word' id='word_1_787' title='bbox 1968 5427 2066 5488; x_wconf 90' lang='lat' dir='ltr'><strong>alii</strong></span> 
     </span>
    </p>
   </div>
   <div class='ocr_carea' id='block_1_106' title="bbox 417 5516 2060 5598">
    <p class='ocr_par' dir='ltr' id='par_1_106' title="bbox 417 5516 2060 5598">
     <span class='ocr_line' id='line_1_107' title="bbox 417 5516 2060 5598; baseline -0.001 -19"><span class='ocrx_word' id='word_1_788' title='bbox 417 5525 612 5580; x_wconf 86' lang='lat' dir='ltr'><strong>autem</strong></span> <span class='ocrx_word' id='word_1_789' title='bbox 644 5538 912 5598; x_wconf 83' lang='lat' dir='ltr'><strong>crucem;</strong></span> <span class='ocrx_word' id='word_1_790' title='bbox 931 5539 1073 5583; x_wconf 92' lang='lat' dir='ltr'><strong>nam</strong></span> <span class='ocrx_word' id='word_1_791' title='bbox 1098 5519 1292 5595; x_wconf 79' lang='lat' dir='ltr'><strong>crucis</strong></span> <span class='ocrx_word' id='word_1_792' title='bbox 1313 5519 1432 5580; x_wconf 90' lang='lat' dir='ltr'><strong>iota</strong></span> <span class='ocrx_word' id='word_1_793' title='bbox 1455 5524 1544 5578; x_wconf 91' lang='lat' dir='ltr'><strong>est</strong></span> <span class='ocrx_word' id='word_1_794' title='bbox 1565 5524 1790 5576; x_wconf 91' lang='lat' dir='ltr'><strong>rectum</strong></span> <span class='ocrx_word' id='word_1_795' title='bbox 1814 5516 2060 5594; x_wconf 87' lang='lat' dir='ltr'><strong>lignum,</strong></span> 
     </span>
    </p>
   </div>
   <div class='ocr_carea' id='block_1_107' title="bbox 500 5687 1012 5775">
    <p class='ocr_par' dir='ltr' id='par_1_107' title="bbox 500 5687 1012 5775">
     <span class='ocr_line' id='line_1_108' title="bbox 500 5687 1012 5775; baseline -0.002 -21"><span class='ocrx_word' id='word_1_796' title='bbox 500 5687 552 5735; x_wconf 69' lang='grc'><strong>1³</strong></span> <span class='ocrx_word' id='word_1_797' title='bbox 578 5687 605 5754; x_wconf 90' lang='grc' dir='ltr'>Ι</span> <span class='ocrx_word' id='word_1_798' title='bbox 627 5688 782 5758; x_wconf 85' lang='lat' dir='ltr'><strong>Petr.</strong></span> <span class='ocrx_word' id='word_1_799' title='bbox 815 5710 878 5775; x_wconf 83' lang='lat' dir='ltr'><strong>ii,</strong></span> <span class='ocrx_word' id='word_1_800' title='bbox 908 5695 1012 5757; x_wconf 75' lang='lat'><strong>22.</strong></span> 
     </span>
    </p>
   </div>
   <div class='ocr_carea' id='block_1_108' title="bbox 2239 4799 3791 4882">
    <p class='ocr_par' dir='ltr' id='par_1_108' title="bbox 2239 4799 3791 4882">
     <span class='ocr_line' id='line_1_109' title="bbox 2239 4799 3791 4882; baseline -0.003 -20"><span class='ocrx_word' id='word_1_801' title='bbox 2239 4822 2269 4862; x_wconf 82' lang='grc'><strong>(</strong></span> <span class='ocrx_word' id='word_1_802' title='bbox 2314 4800 2488 4877; x_wconf 76' lang='grc' dir='ltr'>Ἀμὴν</span> <span class='ocrx_word' id='word_1_803' title='bbox 2547 4802 2645 4882; x_wconf 79' lang='grc' dir='ltr'><strong>γὰρ</strong></span> <span class='ocrx_word' id='word_1_804' title='bbox 2677 4799 2818 4881; x_wconf 88' lang='grc' dir='ltr'>λέγω</span> <span class='ocrx_word' id='word_1_805' title='bbox 2845 4804 2994 4879; x_wconf 75' lang='grc' dir='ltr'>ὑμῖν.</span> <span class='ocrx_word' id='word_1_806' title='bbox 3038 4825 3061 4860; x_wconf 80' lang='grc' dir='ltr'>ι)</span> <span class='ocrx_word' id='word_1_807' title='bbox 3098 4805 3168 4862; x_wconf 82' lang='grc' dir='ltr'>Τὸ</span> <span class='ocrx_word' id='word_1_808' title='bbox 3215 4799 3415 4879; x_wconf 77' lang='grc' dir='ltr'>Ἀμὴν,</span> <span class='ocrx_word' id='word_1_809' title='bbox 3445 4800 3791 4880; x_wconf 77' lang='grc' dir='ltr'>βεϐαιωτικόν</span> 
     </span>
    </p>
   </div>
   <div class='ocr_carea' id='block_1_109' title="bbox 2151 4884 3790 4972">
    <p class='ocr_par' dir='ltr' id='par_1_109' title="bbox 2151 4884 3790 4972">
     <span class='ocr_line' id='line_1_110' title="bbox 2151 4884 3790 4972; baseline 0.001 -24"><span class='ocrx_word' id='word_1_810' title='bbox 2151 4895 2316 4972; x_wconf 66' lang='grc' dir='ltr'>ἐστιν,</span> <span class='ocrx_word' id='word_1_811' title='bbox 2349 4892 2459 4947; x_wconf 77' lang='grc' dir='ltr'>ἀντὶ</span> <span class='ocrx_word' id='word_1_812' title='bbox 2488 4901 2601 4966; x_wconf 78' lang='grc' dir='ltr'>τοῦ,</span> <span class='ocrx_word' id='word_1_813' title='bbox 2637 4893 2734 4950; x_wconf 85' lang='grc' dir='ltr'><strong>Ναὶ</strong></span> <span class='ocrx_word' id='word_1_814' title='bbox 2777 4892 2916 4972; x_wconf 84' lang='grc' dir='ltr'>λέγω</span> <span class='ocrx_word' id='word_1_815' title='bbox 2957 4897 3109 4969; x_wconf 79' lang='grc' dir='ltr'>ὑμῖν.</span> <span class='ocrx_word' id='word_1_816' title='bbox 3148 4915 3172 4951; x_wconf 72' lang='grc' dir='ltr'><strong>α</strong></span> <span class='ocrx_word' id='word_1_817' title='bbox 3205 4884 3364 4958; x_wconf 66' lang='grc' dir='ltr'>’Ἕως</span> <span class='ocrx_word' id='word_1_818' title='bbox 3405 4890 3466 4947; x_wconf 71' lang='grc' dir='ltr'><strong>ἄν</strong></span> <span class='ocrx_word' id='word_1_819' title='bbox 3494 4891 3729 4970; x_wconf 80' lang='grc' dir='ltr'>παρέλθῃ</span> <span class='ocrx_word' id='word_1_820' title='bbox 3762 4894 3790 4949; x_wconf 79' lang='grc' dir='ltr'>ὁ</span> 
     </span>
    </p>
   </div>
   <div class='ocr_carea' id='block_1_110' title="bbox 2150 4982 3790 5062">
    <p class='ocr_par' dir='ltr' id='par_1_110' title="bbox 2150 4982 3790 5062">
     <span class='ocr_line' id='line_1_111' title="bbox 2150 4982 3790 5062; baseline -0.001 -24"><span class='ocrx_word' id='word_1_821' title='bbox 2150 4984 2366 5059; x_wconf 68' lang='grc' dir='ltr'>οὐρανὸς</span> <span class='ocrx_word' id='word_1_822' title='bbox 2409 4983 2496 5037; x_wconf 79' lang='grc' dir='ltr'><strong>καὶ</strong></span> <span class='ocrx_word' id='word_1_823' title='bbox 2527 4983 2561 5049; x_wconf 78' lang='grc' dir='ltr'><strong>ἡ</strong></span> <span class='ocrx_word' id='word_1_824' title='bbox 2623 4987 2718 5058; x_wconf 78' lang='grc' dir='ltr'>γῆ,</span> <span class='ocrx_word' id='word_1_825' title='bbox 2751 4984 2881 5038; x_wconf 71' lang='grc' dir='ltr'>ἰῶτα</span> <span class='ocrx_word' id='word_1_826' title='bbox 2912 4983 2968 5038; x_wconf 86' lang='grc' dir='ltr'>ἓν</span> <span class='ocrx_word' id='word_1_827' title='bbox 3001 4982 3035 5050; x_wconf 73' lang='grc' dir='ltr'>ἦ</span> <span class='ocrx_word' id='word_1_828' title='bbox 3066 4985 3162 5058; x_wconf 83' lang='grc' dir='ltr'><strong>μία</strong></span> <span class='ocrx_word' id='word_1_829' title='bbox 3209 4983 3394 5062; x_wconf 84' lang='grc' dir='ltr'>κεραία</span> <span class='ocrx_word' id='word_1_830' title='bbox 3438 4984 3498 5039; x_wconf 78' lang='grc' dir='ltr'>οὖ</span> <span class='ocrx_word' id='word_1_831' title='bbox 3541 4984 3619 5058; x_wconf 75' lang='grc' dir='ltr'>μὴ</span> <span class='ocrx_word' id='word_1_832' title='bbox 3649 5003 3790 5060; x_wconf 88' lang='grc' dir='ltr'>παρ-</span> 
     </span>
    </p>
   </div>
   <div class='ocr_carea' id='block_1_111' title="bbox 2151 5070 3792 5151">
    <p class='ocr_par' dir='ltr' id='par_1_111' title="bbox 2151 5070 3792 5151">
     <span class='ocr_line' id='line_1_112' title="bbox 2151 5070 3792 5151; baseline -0.001 -25"><span class='ocrx_word' id='word_1_833' title='bbox 2151 5070 2275 5146; x_wconf 74' lang='grc' dir='ltr'>έλθῃ</span> <span class='ocrx_word' id='word_1_834' title='bbox 2335 5071 2439 5126; x_wconf 79' lang='grc' dir='ltr'><strong>ἀπὸ</strong></span> <span class='ocrx_word' id='word_1_835' title='bbox 2496 5073 2589 5128; x_wconf 75' lang='grc' dir='ltr'><strong>τοῦ</strong></span> <span class='ocrx_word' id='word_1_836' title='bbox 2659 5071 2842 5151; x_wconf 90' lang='grc' dir='ltr'>νόμου,</span> <span class='ocrx_word' id='word_1_837' title='bbox 2875 5072 2977 5136; x_wconf 71' lang='grc' dir='ltr'>ἕως</span> <span class='ocrx_word' id='word_1_838' title='bbox 3009 5071 3067 5129; x_wconf 76' lang='grc' dir='ltr'><strong>ἂν</strong></span> <span class='ocrx_word' id='word_1_839' title='bbox 3100 5072 3269 5132; x_wconf 85' lang='grc' dir='ltr'>πάντα</span> <span class='ocrx_word' id='word_1_840' title='bbox 3321 5070 3563 5150; x_wconf 84' lang='grc' dir='ltr'>γένηται,</span> <span class='ocrx_word' id='word_1_841' title='bbox 3603 5089 3632 5130; x_wconf 70' lang='grc' dir='ltr'><strong><em>ι</em></strong></span> <span class='ocrx_word' id='word_1_842' title='bbox 3669 5070 3792 5126; x_wconf 84' lang='grc' dir='ltr'><strong>Δεί-</strong></span> 
     </span>
    </p>
   </div>
   <div class='ocr_carea' id='block_1_112' title="bbox 2149 5160 3787 5241">
    <p class='ocr_par' dir='ltr' id='par_1_112' title="bbox 2149 5160 3787 5241">
     <span class='ocr_line' id='line_1_113' title="bbox 2149 5160 3787 5241; baseline 0 -26"><span class='ocrx_word' id='word_1_843' title='bbox 2149 5183 2324 5218; x_wconf 91' lang='grc' dir='ltr'>κνυσιν</span> <span class='ocrx_word' id='word_1_844' title='bbox 2400 5161 2615 5217; x_wconf 74' lang='grc' dir='ltr'>ὶνταῦθα</span> <span class='ocrx_word' id='word_1_845' title='bbox 2671 5160 2750 5216; x_wconf 80' lang='grc' dir='ltr'><strong>ὅτι</strong></span> <span class='ocrx_word' id='word_1_846' title='bbox 2781 5164 2809 5217; x_wconf 87' lang='grc' dir='ltr'>ὁ</span> <span class='ocrx_word' id='word_1_847' title='bbox 2866 5161 3067 5238; x_wconf 80' lang='grc' dir='ltr'>κόσμος</span> <span class='ocrx_word' id='word_1_848' title='bbox 3121 5161 3446 5241; x_wconf 81' lang='grc' dir='ltr'>παρέρχεται</span> <span class='ocrx_word' id='word_1_849' title='bbox 3499 5160 3587 5216; x_wconf 84' lang='grc' dir='ltr'><strong>καὶ</strong></span> <span class='ocrx_word' id='word_1_850' title='bbox 3617 5181 3787 5234; x_wconf 89' lang='grc' dir='ltr'>μετα-</span> 
     </span>
    </p>
   </div>
   <div class='ocr_carea' id='block_1_113' title="bbox 2151 5248 3788 5330">
    <p class='ocr_par' dir='ltr' id='par_1_113' title="bbox 2151 5248 3788 5330">
     <span class='ocr_line' id='line_1_114' title="bbox 2151 5248 3788 5330; baseline -0.001 -26"><span class='ocrx_word' id='word_1_851' title='bbox 2151 5250 2562 5330; x_wconf 83' lang='grc' dir='ltr'>σχηματίζεται.</span> <span class='ocrx_word' id='word_1_852' title='bbox 2625 5249 2777 5328; x_wconf 83' lang='grc' dir='ltr'>Λέγει</span> <span class='ocrx_word' id='word_1_853' title='bbox 2846 5252 3016 5308; x_wconf 88' lang='grc' dir='ltr'>τοίνυν</span> <span class='ocrx_word' id='word_1_854' title='bbox 3058 5250 3137 5308; x_wconf 81' lang='grc' dir='ltr'><strong>ὅτι</strong></span> <span class='ocrx_word' id='word_1_855' title='bbox 3196 5250 3296 5315; x_wconf 72' lang='grc' dir='ltr'>ἕως</span> <span class='ocrx_word' id='word_1_856' title='bbox 3367 5252 3426 5306; x_wconf 75' lang='grc' dir='ltr'>οὗ</span> <span class='ocrx_word' id='word_1_857' title='bbox 3496 5248 3788 5305; x_wconf 85' lang='grc' dir='ltr'>συνίστατοι</span> 
     </span>
    </p>
   </div>
   <div class='ocr_carea' id='block_1_114' title="bbox 2149 5336 3791 5420">
    <p class='ocr_par' dir='ltr' id='par_1_114' title="bbox 2149 5336 3791 5420">
     <span class='ocr_line' id='line_1_115' title="bbox 2149 5336 3791 5420; baseline 0 -27"><span class='ocrx_word' id='word_1_858' title='bbox 2149 5341 2210 5393; x_wconf 82' lang='grc' dir='ltr'>τὸ</span> <span class='ocrx_word' id='word_1_859' title='bbox 2280 5345 2407 5408; x_wconf 82' lang='grc' dir='ltr'>πᾶν,</span> <span class='ocrx_word' id='word_1_860' title='bbox 2469 5336 2582 5395; x_wconf 74' lang='grc' dir='ltr'>οὐδὲ</span> <span class='ocrx_word' id='word_1_861' title='bbox 2655 5340 2712 5394; x_wconf 80' lang='grc' dir='ltr'>τὸ</span> <span class='ocrx_word' id='word_1_862' title='bbox 2757 5338 3043 5420; x_wconf 78' lang='grc' dir='ltr'>ἐλάχιστον</span> <span class='ocrx_word' id='word_1_863' title='bbox 3095 5339 3314 5420; x_wconf 85' lang='grc' dir='ltr'>γράμμα</span> <span class='ocrx_word' id='word_1_864' title='bbox 3347 5339 3406 5396; x_wconf 75' lang='grc' dir='ltr'>ἑκ</span> <span class='ocrx_word' id='word_1_865' title='bbox 3472 5345 3564 5394; x_wconf 79' lang='grc' dir='ltr'>τοῦ</span> <span class='ocrx_word' id='word_1_866' title='bbox 3629 5337 3791 5410; x_wconf 88' lang='grc' dir='ltr'>νόμου</span> 
     </span>
    </p>
   </div>
   <div class='ocr_carea' id='block_1_115' title="bbox 2150 5425 3793 5507">
    <p class='ocr_par' dir='ltr' id='par_1_115' title="bbox 2150 5425 3793 5507">
     <span class='ocr_line' id='line_1_116' title="bbox 2150 5425 3793 5507; baseline -0.001 -24"><span class='ocrx_word' id='word_1_867' title='bbox 2150 5426 2423 5504; x_wconf 87' lang='grc' dir='ltr'>παρέλθοι,</span> <span class='ocrx_word' id='word_1_868' title='bbox 2485 5425 2692 5483; x_wconf 59' lang='grc' dir='ltr'>’Ἄλλοι</span> <span class='ocrx_word' id='word_1_869' title='bbox 2763 5427 2818 5484; x_wconf 75' lang='grc' dir='ltr'>δὲ</span> <span class='ocrx_word' id='word_1_870' title='bbox 2867 5429 2928 5485; x_wconf 79' lang='grc' dir='ltr'>τὸ</span> <span class='ocrx_word' id='word_1_871' title='bbox 2999 5432 3132 5487; x_wconf 77' lang='grc' dir='ltr'>ἰῶτα</span> <span class='ocrx_word' id='word_1_872' title='bbox 3175 5431 3263 5484; x_wconf 89' lang='grc' dir='ltr'><strong>καί</strong></span> <span class='ocrx_word' id='word_1_873' title='bbox 3304 5428 3401 5496; x_wconf 76' lang='grc' dir='ltr'><strong>τὴν</strong></span> <span class='ocrx_word' id='word_1_874' title='bbox 3434 5429 3668 5507; x_wconf 82' lang='grc' dir='ltr'>κεραίαν,</span> <span class='ocrx_word' id='word_1_875' title='bbox 3699 5427 3793 5489; x_wconf 81' lang='grc' dir='ltr'><strong>τὰς</strong></span> 
     </span>
    </p>
   </div>
   <div class='ocr_carea' id='block_1_116' title="bbox 2149 5514 3788 5596">
    <p class='ocr_par' dir='ltr' id='par_1_116' title="bbox 2149 5514 3788 5596">
     <span class='ocr_line' id='line_1_117' title="bbox 2149 5514 3788 5596; baseline 0.001 -27"><span class='ocrx_word' id='word_1_876' title='bbox 2149 5514 2274 5570; x_wconf 85' lang='grc' dir='ltr'>δέκα</span> <span class='ocrx_word' id='word_1_877' title='bbox 2302 5522 2393 5572; x_wconf 77' lang='grc' dir='ltr'>τοῦ</span> <span class='ocrx_word' id='word_1_878' title='bbox 2425 5515 2586 5590; x_wconf 83' lang='grc' dir='ltr'>νόμου</span> <span class='ocrx_word' id='word_1_879' title='bbox 2617 5515 2830 5582; x_wconf 71' lang='grc' dir='ltr'>ἐντολάς</span> <span class='ocrx_word' id='word_1_880' title='bbox 2861 5535 3035 5596; x_wconf 78' lang='grc' dir='ltr'>φασιν·</span> <span class='ocrx_word' id='word_1_881' title='bbox 3089 5516 3240 5576; x_wconf 77' lang='grc' dir='ltr'>ἄλλοι</span> <span class='ocrx_word' id='word_1_882' title='bbox 3271 5517 3349 5593; x_wconf 79' lang='grc' dir='ltr'>δὲ,</span> <span class='ocrx_word' id='word_1_883' title='bbox 3405 5519 3497 5574; x_wconf 78' lang='grc' dir='ltr'>τὸν</span> <span class='ocrx_word' id='word_1_884' title='bbox 3548 5517 3788 5595; x_wconf 72' lang='grc' dir='ltr'>σταυρόνο</span> 
     </span>
    </p>
   </div>
  </div>
