4122 6270
262 329 372 393 193

919 330 1018 393 EN
1022 325 1359 393 ARRATIO
1402 327 1484 392 IN
1530 318 1910 390 EVANGEL]

2002 319 2036 379 li
2084 318 2481 381 ΜΑΤΤΗιΕΙ.
2528 350 2607 362 ——
2647 318 2812 381 CAP.
2864 319 2935 380 V.

3533 315 3648 380 194

254 465 349 514 τοῦ
397 459 493 536 γὰρ
556 462 804 537 σταυροῦ,
864 456 995 514 ἱῶτά
1054 457 1165 512 ἔστι
1234 456 1298 513 τὸ
1368 455 1518 534 ὀρθὸν
1582 452 1756 529 ξύλον,
1817 454 1903 510 καὶ

2002 456 2045 512 et
2075 468 2221 532 apex
2253 458 2655 514 transversum
2685 473 2698 510 :
2725 470 2841 532 quo
2872 469 3053 514 sensu
3071 452 3218 516 dieit
3241 452 3397 534 quod
3420 469 3491 515 ea
3514 470 3647 533 qua

258 548 440 625 κεραία
490 547 553 603 τὸ
620 545 874 625 πλάγιον,
939 546 1078 611 Φησὶ
1127 546 1299 601 τοίνυν
1356 543 1437 601 ὅτι
1507 544 1573 599 τὰ
1642 546 1759 620 περὶ
1811 550 1903 600 τοῦ

256 644 480 735 σταυροῦ
524 634 802 714 εἶρημένα,
832 632 1267 713 πληρωθήσεται.

346 744 370 780 ι
411 716 520 789 "Oc
578 725 668 781 ἐὰν
698 723 785 781 οὖν
829 721 962 799 λύσῃ
993 722 1116 797 μίαν
1158 728 1264 778 τῶν
1298 720 1524 778 ξντολῶν
1567 722 1764 779 τούτων
1796 728 1900 779 τῶν

1987 539 2063 601 de
2096 559 2273 602 cruce
2298 540 2455 603 dicta
2475 549 2635 616 sunt,
2671 539 3097 621 implebuntur.

2064 706 2677 789 VERS.(19,Quisquis
2702 709 2879 789 igitur
2912 710 3153 770 solverit
3183 726 3367 772 unum
3389 728 3463 773 ex
3480 728 3643 772 man-

259 814 580 894 έλαχίστων,
640 814 728 869 καὶ
812 798 990 888 διδάξῃ
1020 810 1158 868 οὕτω
1197 811 1319 873 τούς
1380 810 1705 889 ἀνθρώπους,
1769 810 1897 871 ἐλά-

2002 798 2134 861 latis
2163 800 2256 863 his
2277 801 2621 876 minimis,et
2655 801 2929 865 docuerit
2950 802 3036 864 sic
3056 802 3639 877 homines,minimus

260 887 448 985 χιστος
504 901 829 972 κληθήσεται
901 887 972 957 ἐν
997 906 1065 976 τῇ
1134 899 1376 977 βασιλείᾳ
1404 887 1509 955 τῶν
1579 901 1831 977 οὐρανῶν.
1869 922 1892 955 ι

2002 887 2285 950 vocabitur
2338 890 2399 950 in
2450 908 2635 968 regno
2682 891 2993 954 calorum.
3033 915 3060 946 ι
3097 890 3340 953 Minima
3369 893 3642 955 mandata

259 992 583 1073 Ἐλαχίστας
619 990 835 1055 ἐντολὰς
905 988 1068 1069 λέγει,
1127 988 1188 1053 ἃς
1261 987 1444 1064 μέλλει
1503 988 1660 1052 αὐτὸς
1717 1010 1895 1065 παρα-

261 1081 457 1139 δοῦναυ
535 1080 594 1137 οὗ
664 1081 763 1158 γάρ
819 1081 912 1144 τὰς
982 1078 1230 1154 νομικάς,
1304 1076 1581 1151 Ὀνομάζει
1652 1074 1706 1133 δὲ
1737 1079 1896 1142 αύτάς

263 1170 573 1250 ἐλαχίστας,
634 1167 717 1224 διὰ
786 1170 1127 1243 ταπείνωσιν,
1199 1167 1292 1223 ’ἕνα
1374 1167 1464 1223 καὶ
1534 1165 1592 1221 σὲ
1646 1164 1901 1244 παιδεύσῃ

264 1271 660 1337 μετριοφρονετν
715 1256 802 1315 ἐπὶ
880 1270 1006 1319 ταῖς
1049 1254 1424 1319 διδασκαλίαις.
1478 1252 1797 1333 Ἐλάχιστος
1846 1254 1899 1311 δὲ

262 1348 585 1417 κληθήσεται
630 1346 685 1403 έν
729 1352 799 1423 τῇ
850 1345 1124 1423 βασιλείᾳ,
1168 1346 1283 1402 ἀντὶ
1312 1355 1423 1417 τοῦ,
1471 1343 1525 1399 ἐν
1557 1348 1623 1419 τῇ
1666 1344 1901 1402 ἀναστά-

262 1460 340 1494 σει
391 1439 625 1516 ἔσχατος
694 1438 783 1493 καὶ
852 1434 1236 1514 ἀπεῤῥιμμένος
1283 1435 1357 1498 εἷς
1383 1433 1623 1512 γέενναν.
1670 1437 1743 1492 Οὐ
1804 1435 1902 1513 γὰρ

260 1528 333 1589 εἷς
365 1526 466 1593 τὴν
509 1524 780 1601 βασιλείαν
806 1530 913 1581 τῶν
984 1526 1213 1603 οὐρανῶν
1268 1522 1640 1594 εἰσελεύσεται,
1703 1522 1896 1601 ἄπαγε’

259 1614 397 1670 ἀλλὰ
468 1612 761 1690 βασιλείαν,
819 1614 919 1681 τὴν
988 1612 1272 1668 ἀνάστασιν
1342 1612 1473 1674 νόει,
1529 1633 1551 1667 α
1594 1606 1704 1675 ’Ὁς
1749 1610 1793 1667 δ’
1846 1612 1905 1667 ἄν

258 1705 468 1779 ποιήσῃ
528 1704 631 1758 καὶ
683 1701 887 1778 διδάξῃ,
961 1702 1113 1765 οὗτος
1173 1701 1336 1779 μέγας
1391 1703 1715 1780 κγηθήσεται
1758 1700 1812 1756 ἐν
1839 1708 1907 1778 τῇ

1983 974 2144 1057 dicit,
2170 995 2304 1057 qua
2328 978 2457 1058 ipse
2489 978 2815 1040 traditurus
2845 988 2993 1053 erat,
3025 997 3144 1041 non
3177 979 3405 1059 legalia.
3428 981 3638 1043 Nomi-

1986 1074 2083 1128 nat
2102 1076 2304 1128 autem
2338 1086 2408 1128 ea
2443 1067 2720 1148 minima,
2762 1076 3000 1149 propter
3033 1069 3431 1131 humilitatem
3459 1086 3473 1131 ε
3504 1078 3568 1131 ut
3588 1078 3647 1132 et

1987 1162 2042 1215 te
2071 1156 2319 1216 instruat
2348 1156 2613 1218 modeste
2644 1156 2916 1218 docendo
2939 1157 3412 1238 loqui.Minimus
3441 1167 3639 1221 autem

1986 1244 2294 1304 vocabitur
2322 1245 2383 1305 in
2415 1264 2621 1323 regno,
2656 1246 2904 1327 hoc~est,
2938 1246 2998 1306 in
3025 1248 3466 1309 resurrectione
3497 1248 3642 1309 ulti-

1986 1351 2117 1394 mus
2148 1340 2205 1394 et
2228 1332 2498 1413 abjectus
2527 1334 2588 1395 in
2618 1335 3103 1414 gehennamznon
3127 1338 3285 1398 enim
3311 1337 3644 1416 inregnum

1985 1421 2270 1482 calorum
2306 1422 2907 1503 ingredietur,apage;
2943 1425 3045 1486 sed
3078 1444 3328 1503 regnum
3358 1444 3639 1489 resurre-

1985 1510 2245 1572 ctionem
2265 1510 2554 1591 intellige,
2570 1511 2877 1593 IQuisquis
2901 1523 3096 1575 autem
3117 1514 3325 1577 fecerit
3346 1524 3404 1577 et
3421 1516 3643 1581 docue-

1988 1598 2088 1679 rit,
2121 1599 2215 1659 hic
2247 1618 2491 1678 magnus
2541 1601 2848 1664 vocabitur
2902 1602 2964 1663 in
3022 1622 3205 1682 regno
3258 1604 3566 1670 calorum.
3606 1631 3634 1661 ι

1990 1688 2255 1749 Primum
2289 1689 2474 1770 ponit,
2505 1689 2713 1753 fecerit
2745 1708 2757 1753 :
2787 1691 3635 1773 postea,docuerit,quomodo

256 1776 505 1867 βασιλείᾳ
546 1797 652 1847 τῶν
680 1776 935 1870 οὐρανῶν.
970 1815 998 1846 ι
1034 1776 1362 1871 Πρῶτονντὸ,
1396 1776 1622 1866 ποιήσῃ,
1656 1791 1743 1849 καὶ
1785 1776 1906 1846 τότε

2002 1776 2149 1835 enim
2179 1777 2360 1838 alium
2390 1778 2674 1840 inducam
2697 1779 2759 1840 in
2786 1778 2957 1859 viam,
2978 1798 3093 1860 qua
3115 1799 3416 1862 nunquam
3436 1790 3632 1844 trans-

259 1882 344 1955 τὸ,
412 1877 612 1955 διδάξῃ·
690 1885 803 1946 πῶς
870 1880 970 1958 γὰρ
1014 1878 1169 1938 ἄλλον
1228 1877 1480 1956 ὁδηγήσω
1505 1880 1577 1942 εἰς
1609 1878 1726 1935 ὁδὸν
1757 1877 1821 1945 ἦν
1849 1878 1906 1934 ού

259 1967 566 2042 Musa;
628 1967 794 2026 Πάλιν
850 1966 904 2024 δὲ
934 1968 1022 2025 ἐὰν
1069 1974 1208 2025 ποιῶ
1276 1967 1373 2043 μὲν
1416 1967 1545 2046 ἐγὼ,
1580 1971 1638 2027 οὗ
1680 1965 1907 2023 διδάσκω

259 2056 338 2134 δὲ,
388 2061 486 2116 οὐκ
526 2055 643 2137 ἔχω
684 2065 929 2116 τοσοῦτον
973 2056 1177 2132 μισθόν·
1213 2054 1468 2118 πολλάκις
1519 2054 1573 2110 δὲ
1615 2057 1701 2113 καὶ
1733 2056 1903 2113 κατὰ·

258 2168 459 2225 κρισιν,
493 2145 619 2202 ὅταν
665 2143 749 2202 διὰ
777 2146 963 2226 φθόνον
992 2145 1027 2213 ἦ
1069 2142 1222 2202 δκνον
1275 2148 1335 2204 οὐ
1362 2142 1608 2203 διδάσκω.

347 2258 377 2289 α
412 2234 571 2313 Λέγω
600 2235 699 2313 γὰρ
746 2236 874 2311 ὑμῖν
921 2234 1001 2291 ὅτι
1032 2234 1122 2290 ἐὰν
1171 2234 1248 2309 μὴ
1292 2235 1609 2313 περισσεύσῃ
1679 2236 1824 2310 ὑμῶν
1868 2236 1903 2303 ἡ

260 2322 570 2390 δικαιοσύνη
627 2322 790 2381 πλέον
859 2326 961 2380 τῶν
1022 2321 1383 2402 Γραμματέων
1450 2324 1537 2378 καὶ
1580 2325 1900 2401 Φαρισαίων,

261 2412 319 2468 οὗ
382 2412 462 2487 μὴ
519 2410 787 2480 εἰσέλθητε
857 2414 929 2475 εἰς
1000 2411 1097 2479 τὴν
1127 2410 1397 2488 βασιλείαν
1425 2412 1531 2468 τῶν
1583 2414 1834 2489 οὐρανῶν,
1875 2435 1899 2471 ι

266 2501 622 2568 Δικαιοσὺνην
652 2499 796 2580 λέγει
820 2504 919 2568 τὴν
947 2507 1121 2557 πᾶσαν
1152 2500 1366 2580 ἀρετήν.
1401 2502 1472 2563 ὡς
1505 2500 1587 2575 τὰ,
1630 2523 1657 2555 α
1694 2502 1905 2563 Δίκαιος

264 2591 332 2659 ἦν
370 2587 519 2666 Ἰὼϐ,
566 2588 733 2666 ὅσιος,
782 2589 1083 2666 ἅμεμμτος.
1136 2611 1161 2647 ι
1230 2587 1415 2668 Φρίξον
1473 2589 1584 2663 οὖν,
1644 2588 1904 2668 ἄνθρωπε,

268 2679 526 2749 ἐννοήσας
583 2680 746 2737 πόσον
803 2680 1183 2755 ἀπαιτούμεθα.
1250 2678 1386 2735 Εἶτα
1439 2675 1665 2735 διδάσκει
1736 2680 1903 2753 ἡμᾶς,

269 2771 385 2833 πῶς
458 2769 519 2830 ἄν
568 2769 1009 2847 περιντεύσωμεψ
1098 2770 1185 2825 καὶ
1241 2766 1522 2846 καταλέγει
1553 2769 1648 2832 τὰς
1691 2768 1904 2845 ἀρετὰς.

357 2969 380 3003 ε
420 2947 714 3005 Ἠκούσατε
747 2947 827 3005 ὅτι
860 2945 1039 3026 ἒῤῥέθη
1070 2960 1187 3010 τοῖς
1218 2946 1485 3027 ἀρχαίοιςο
1521 2950 1592 3004 0-5
1614 2947 1911 3026 φονεύσειςο

276 3057 332 3098 ος
361 3034 405 3091 δ’
437 3034 503 3091 ἄν
534 3038 787 3116 φονεύσῃ,
819 3035 1011 3116 ἔνοχος
1042 3035 1186 3092 ἔσται
1236 3041 1306 3111 τῇ
1360 3036 1548 3114 κρίσει.
1592 3058 1620 3090 ι
1670 3036 1741 3116 Τρ
1769 3037 1914 3113 παρὰ

1988 1868 2110 1933 ivi?
2153 1871 2443 1933 Caterum
2474 1873 2521 1933 si
2566 1873 2789 1955 fecero,
2822 1882 2880 1934 et
2911 1892 3029 1934 non
3060 1874 3344 1952 docuero,
3379 1894 3498 1937 non
3528 1876 3636 1938 ha-

1988 1957 2141 2020 bebo
2174 1968 2395 2021 tantam
2429 1962 2769 2024 mercedem
2797 1980 2811 2025 :
2850 1980 3009 2041 sape
3048 1961 3225 2023 etiam
3257 1970 3315 2025 et
3343 1965 3635 2027 condem-

1987 2048 2316 2129 nationem,
2349 2049 2398 2109 si
2429 2050 2668 2131 quando
2702 2059 2945 2133 propter
2975 2051 3258 2113 invidiam
3300 2054 3393 2115 vel
3439 2055 3631 2134 negli-

1986 2137 2241 2215 gentiam
2276 2156 2395 2200 non
2426 2139 2709 2201 docuero.

2067 2224 2248 2289 Vens.
2282 2226 2383 2290 20.
2423 2253 2448 2284 α
2482 2228 2623 2295 Dico
2657 2230 2815 2290 enim
2842 2231 3001 2291 vobis
3031 2231 3189 2311 quod
3221 2232 3334 2295 nisi
3362 2233 3631 2297 abunda-

1986 2314 2135 2375 verit
2158 2316 2393 2394 justitia
2421 2325 2619 2379 vestra
2647 2318 2778 2399 plus
2810 2336 2986 2398 quam
3019 2318 3362 2383 Scribarum
3385 2333 3445 2386 et
3473 2325 3631 2387 Pha—

1989 2403 2322 2486 risaornm,
2360 2425 2475 2466 non
2510 2406 2805 2467 intrabitis
2850 2407 2911 2468 in
2958 2426 3208 2488 regnum
3254 2412 3561 2476 calorum.
3598 2437 3627 2469 ι

1985 2490 2280 2555 Justitiam
2311 2493 2454 2556 dicit
2481 2513 2720 2557 omnem
2750 2498 3021 2558 virtutem
3056 2519 3070 2562 :
3105 2500 3259 2561 sicut
3287 2504 3350 2563 et
3380 2520 3515 2563 cum
3533 2501 3631 2562 di-

1989 2581 2168 2656 citur,
2186 2581 2391 2645 Justus
2424 2592 2550 2645 erat
2570 2583 2867 2665 Job,pius,
2901 2585 3631 2668 irreprehensibilis.Hor-

1993 2688 2185 2752 resce,
2220 2670 2425 2761 h_omo,
2454 2672 2931 2736 animadvertens
2960 2683 3181 2757 quanta
3210 2696 3245 2738 a
3268 2678 3441 2740 nobis
3463 2697 3636 2761 repe-

1991 2765 2209 2822 tantur.
2244 2758 2474 2823 Deinde
2504 2761 2677 2823 docet
2708 2781 2816 2825 nos
2845 2766 3142 2845 quomodo
3173 2758 3637 2846 abundemus,et

1995 2856 2303 2910 enumerat
2329 2849 2592 2913 virtutes.

2074 2935 2237 2999 Vrsas
2258 2938 2358 3002 Ἦ.
2387 2939 2684 3001 «Audistis
2700 2941 2856 3021 quod
2879 2941 3097 3003 dictum
3133 2943 3208 3003 sit
3235 2944 3470 3023 priscis,
3502 2947 3637 3009 Non

1996 3025 2254 3103 occides;
2286 3028 2551 3108 quisquis
2582 3037 2777 3091 autem
2829 3031 3137 3105 occiderit,
3189 3032 3479 3094 obnoxius
3521 3034 3635 3096 erit

276 3126 411 3191 τίνος
472 3108 673 3205 Epp-€011,
863 3108 1035 3205 λέγει,
1098 3127 1157 3183 Εἰ
1212 3108 1312 3204 γὰρ
1373 3108 1550 3195 εἶπεν,
1586 3122 1667 3180 ὅτι
1702 3108 1759 3182 ιΟ
1815 3108 1910 3199 μ’ὶν

2002 3114 2240 3205 iudicio.
2264 3141 2304 3205 γ»
2340 3116 2465 3205 Hoc
2505 3136 2539 3177 a
2568 3126 2728 3180 certo
2759 3120 3016 3201 quodam
3048 3140 3186 3185 esse
3227 3122 3450 3185 dictum
3511 3143 3629 3185 non

275 3214 487 3295 Πατὴρ
516 3238 618 3292 μου
688 3216 813 3273 εἶπε
881 3229 997 3281 τοῖς
1054 3215 1321 3294 ἀρχαίοις,
1355 3213 1463 3292 ἐγὼ
1490 3212 1544 3269 δὲ
1586 3213 1729 3292 λέγω
1756 3215 1909 3295 ὑμῖν,

274 3302 446 3369 ἔδοξεν
505 3303 569 3361 ἄν
624 3304 1051 3379 ἀντινομοθετεῦ)
1118 3310 1196 3378 τῷ
1226 3305 1410 3381 Πατρε.
1463 3301 1627 3358 Πάλιν
1658 3304 1702 3357 εἰ
1735 3303 1913 3378 εἷπεν,

272 3390 357 3447 ὅτι
388 3390 533 3470 Ἐγὼ
603 3393 761 3450 εἷπον
789 3406 906 3458 τοῖς
949 3393 1216 3472 ἀρχαίοις,
1261 3390 1676 3471 δυσπαράδεκτος
1709 3392 1770 3448 ἂν
1803 3392 1917 3471 ἐγέ-

269 3502 417 3542 νετο.
444 3480 727 3559 Ἀορίστως
759 3484 848 3539 οὗν
876 3480 1041 3560 λέγει,
1071 3480 1151 3538 ὃτι
1188 3503 1217 3536 α
1251 3480 1464 3559 Ἐῤῥέθη
1494 3493 1610 3545 τοῖς
1643 3480 1912 3560 ἀρχαίοις’

268 3567 503 3649 δείκνυσι
532 3567 587 3625 δέ
616 3568 696 3626 ὅτι
726 3568 1032 3635 ἕπαλαιώθη
1152 3568 1337 3649 νόμος,
1370 3567 1423 3625 ἓν
1468 3575 1544 3642 τῷ
1578 3570 1772 3649 εἰπεῖν,
1834 3567 1914 3625 ὅτι

270 3671 305 3703 α
357 3647 573 3728 Ἐρῤἐθη
614 3663 734 3714 τοῖς
791 3650 1057 3730 ἀρχαίοις
1091 3647 1204 3705 ἐπεὶ
1258 3647 1330 3704 δέ
1355 3648 1537 3705 λοιπὸν
1580 3647 1911 3728 ἐπαλαιὼθη,

261 3737 361 3794 καὶ
404 3737 561 3817 ἒγγύς
604 3738 745 3796 ἐστιν
828 3738 1148 3819 ἀφανισμοῦ,
1210 3734 1293 3794 δεῖ
1362 3737 1575 3817 ἀφεῖναι
1641 3739 1798 3795 αὐτὸν
1828 3739 1916 3795 καὶ

263 3825 498 3904 δραμεῖν
527 3826 615 3884 ἰπὶ
642 3828 707 3885 τὰ
751 3826 867 3890 νέα,
917 3851 945 3882 ι

362 4027 385 4059 ο
437 4002 585 4082 Ἐγὼ
652 4002 706 4059 δὲ
763 4002 905 4082 λέγω
958 4005 1087 4081 ὑμῖν
1114 4004 1195 4062 ὅτι
1225 4010 1327 4068 πᾶς
1370 4006 1399 4060 ὁ
1456 4004 1794 4084 ὀργιζόμενος
1836 4004 1915 4079 τῷ

266 4090 487 4173 ἀδελφῷ
542 4091 699 4151 αὖτοῦ
741 4092 881 4172 εὶκῆ,
936 4091 1128 4174 ἔνοχος
1196 4093 1342 4150 ἔσται
1399 4098 1468 4169 τῇ
1518 4093 1705 4172 κρίσει.
1774 4115 1796 4149 ι
1861 4095 1920 4151 Οἱ

269 4182 375 4257 μὲν
435 4184 702 4259 προφῆται
783 4178 1066 4257 μέλλοντες
1130 4182 1488 4262 προφητεύειν
1532 4180 1739 4259 ἔλεγον⁹
1787 4180 1920 4239 Τάδε

268 4269 424 4349 λέγει
484 4269 695 4345 Κύριος⁶
731 4272 758 4325 ὁ
816 4267 870 4325 δὲ
899 4271 1145 4351 Χριστὸς,
1178 4270 1321 4349 Ἐγὼ
1372 4268 1538 4348 λέγω,
1582 4267 1830 4326 δεικνύων
1859 4271 1920 4326 τὸ

1998 3201 2164 3264 dicit.
2213 3204 2277 3267 Si
2325 3204 2485 3266 enim
2535 3206 2799 3281 dixisset,
2832 3208 2991 3289 quod
3033 3212 3202 3272 Pater
3234 3230 3403 3274 meus
3433 3212 3648 3275 dixerit

2002 3291 2236 3371 priscis,
2271 3312 2377 3373 ego
2409 3302 2607 3356 autem
2639 3295 2775 3357 dico
2820 3296 3009 3380 vobis,
3060 3300 3246 3362 videri
3291 3311 3491 3383 posset
3547 3302 3643 3363 di-

2000 3399 2228 3442 versam
2263 3401 2297 3443 a
2328 3386 2497 3446 Patre
2558 3384 2753 3464 legem
2796 3406 3043 3466 ponere.
3097 3388 3318 3452 Iterum
3371 3399 3568 3454 autem
3599 3391 3651 3453 si

2002 3469 2273 3545 dixisset,
2332 3473 2453 3549 Ego
2506 3472 2627 3535 dixi
2680 3473 2912 3554 priscis,
2948 3496 3103 3556 agre
3134 3488 3414 3560 acceptus
3444 3479 3651 3541 fuisset
3752 3546 3755 3547 ν

2001 3578 2219 3622 sermo.
2254 3560 2573 3623 Indefinite
2602 3562 2779 3642 igitur
2800 3565 3207 3647 dixit,Dictum
3243 3584 3334 3630 est
3362 3567 3647 3649 antiquis:

2000 3666 2109 3728 per
2133 3649 2245 3710 hoc
2275 3658 2474 3712 autem
2502 3653 2661 3731 quod
2688 3652 2855 3730 dicit,
2883 3654 3109 3719 dictum
3133 3662 3225 3719 est
3252 3657 3643 3737 antiquis,os-

1996 3737 2189 3799 tendit
2218 3738 2579 3822 antiquatam
2611 3760 2743 3805 esse
2773 3743 2964 3822 legem
2998 3746 3307 3826 :quoniam
3336 3754 3534 3809 autem
3555 3764 3648 3809 ve-

1997 3834 2124 3890 tera
2152 3848 2311 3892 nunc
2340 3833 2641 3913 antiquata
2669 3843 2826 3910 sunt,
2863 3842 2922 3895 et
2948 3833 3136 3897 ferme
3164 3835 3406 3914 abolita,
3461 3854 3645 3917 opor-

2000 3925 2107 3992 tet,
2140 3920 2381 3982 omissis
2412 3921 2553 3995 illis,
2582 3941 2826 3985 currere
2848 3924 2921 3986 ad
2951 3942 3124 3986 nova.

2084 4005 2390 4072 “315.22.
2428 4039 2448 4069 α
2481 4010 2601 4091 Ego
2631 4021 2828 4074 autem
2874 4013 3010 4076 dico
3059 4014 3248 4091 vobis,
3294 4013 3501 4078 Omnis
3544 4015 3646 4096 qui

2003 4095 2283 4159 irascitur
2304 4098 2473 4160 fratri
2503 4118 2610 4162 suo
2642 4101 3185 4177 temere,obnoxius
3215 4103 3329 4165 erit
3351 4095 3642 4183 judicio.»

2001 4186 2316 4263 Propheta
2362 4187 2578 4251 dicturi
2625 4189 2823 4252 futura
2850 4190 3151 4267 dicebant,
3185 4191 3322 4254 Hac
3351 4191 3495 4254 dicit
3530 4192 3644 4254 Do-

2004 4274 2203 4335 minus
2227 4292 2241 4337 :
2269 4275 2539 4337 Christus
2557 4279 2907 4357 autem,Ego
2928 4278 3643 4353 dico,ostendensdivini-

271 4358 665 4424 ἒξουσιαστικὸν
760 4365 860 4428 τῆς
942 4361 1219 4428 θεότητος.
1278 4361 1335 4416 Oi
1386 4359 1485 4434 μὲν
1538 4358 1680 4448 γὰρ,
1714 4354 1909 4448 δοῦλον

2005 4362 2139 4424 tatis
2167 4363 2703 4429 auctoritatem.27
2725 4365 2816 4428 Illi
2836 4354 2992 4428 enim
3024 4367 3178 4428 servi
3209 4369 3532 4448 erant,ipse
3546 4387 3650 4431 au-

274 4451 304 4504 δ
333 4447 419 4528 δὲ,
462 4449 604 4521 Υἱὸς,
663 4448 752 4504 καὶ
806 4449 873 4505 τὰ
927 4455 1020 4505 τοῦ
1076 4448 1280 4528 Πατρὸς
1339 4449 1507 4504 πάντα
1537 4437 1706 4527 ἔχων.
1743 4437 1800 4505 Ὀ
1832 4448 1918 4526 ὀρ-

278 4538 554 4615 γιζόμενος
584 4535 639 4593 δὲ
665 4538 742 4613 τῷ
772 4536 980 4617 ἀδελφῷ
1055 4541 1212 4597 αὐτοῦ
1279 4538 1420 4610 εἰκῆ,
1489 4535 1696 4600 ἐκεῖνος
1745 4557 1917 4591 κατα-

278 4627 527 4703 κρίνεται⁸
608 4625 698 4686 ἐὰν
794 4625 849 4683 δὲ
935 4649 1015 4694 τις
1074 4628 1342 4707 ὀργίζηται
1412 4624 1644 4704 εὐλόγως
1695 4625 1782 4682 καὶ
1834 4623 1920 4681 ἐπὶ

277 4712 486 4787 παιδείᾳ
526 4716 615 4771 καὶ
662 4716 799 4773 κατὰ
857 4715 1018 4787 ζῆλον
1069 4717 1446 4792 πνευματικὸν,
1518 4718 1577 4773 οὗ
1659 4735 1919 4794 κατακρι-

280 4804 514 4870 θῆσεταί’
564 4804 652 4861 καὶ
696 4806 725 4860 ὗ
770 4804 972 4870 Παῦλος
1031 4807 1151 4885 γὰρ,
1225 4804 1388 4886 ὁργῆς
1455 4806 1667 4883 ῥήματα
1724 4801 1920 4882 ἰφθέγ-

280 4892 401 4959 ξατο
454 4896 587 4974 πρὸς
658 4892 893 4971 Ἐλύμαν
961 4897 1053 4952 τὸν
1085 4896 1277 4976 μάγον,
1310 4895 1397 4951 καὶ
1444 4896 1574 4973 πρὸς
1605 4894 1695 4949 ’τὸν
1724 4892 1919 4973 ἀρχιε-

279 4982 395 5062 ρέα,
427 4985 485 5040 οὐ
514 4984 619 5059 μὴν
677 4985 818 5060 εἰκῆ,
891 4982 1029 5040 ἀλλὰ
1096 4985 1234 5040 κατὰ
1290 4982 1470 5055 ζῆλον.
1520 4978 1749 5062 Τότε-δὲ
1806 4982 1920 5050 εἰκῆ

280 5058 595 5149 ὄργιζόμεθα
647 5070 771 5129 ὅταν
803 5058 809 5060 ⁷
846 5072 931 5129 διὰ
957 5074 1215 5153 χρήματα
1241 5071 1279 5140 ἢ
1336 5069 1509 5138 δόξαν,
1561 5091 1584 5126 ε
1639 5058 1749 5133 ”Ος
1782 5067 1827 5124 δ’
1858 5068 1920 5125 ἂν

280 5158 416 5236 εἴπῃ
444 5166 523 5235 τῷ
555 5158 763 5237 ἀδελφῷ
791 5152 1188 5237 αὖτοῦ,ίῬακὰ,
1234 5159 1425 5240 ἔνοχος
1457 5158 1601 5240 ἔσται
1646 5165 1726 5234 τῷ
1794 5180 1924 5214 συν-

492 5271 517 5307 ι
553 5248 849 5333 ξυνέδριον,
881 5252 943 5308 τὸ
972 5248 1308 5328 δικαστήριον
1334 5239 1440 5305 τῶν
1473 5239 1727 5328 Ἐϐραίων
1771 5250 1921 5328 φησι.

280 5339 351 5395 Τὸ
376 5335 455 5414 δὲ,
494 5360 523 5393 α
559 5330 741 5416 Ῥακὰ,
795 5330 1099 5415 ’σημαίνει
1150 5337 1263 5395 ἀντὶ
1302 5348 1417 5415 τοῦ,
1472 5338 1556 5395 σύ·
1604 5337 1782 5415 ὥσπερ
1811 5336 1924 5402 ἔθος

532 5426 707 5507 λέγειν
756 5431 885 5527 πρὸς
914 5450 1032 5527 τινα
1074 5428 1561 5527 καταφρονούμενον
1611 5426 1697 5527 bcp’
1740 5429 1916 5527 ἡμῶν·

279 5514 524 5576 ’Ἂπελθε
569 5519 653 5577 σύ.
702 5517 879 5575 Θέλων
920 5517 1009 5575 οὖν
1057 5514 1332 5574 παιδεῦσαι
1362 5519 1506 5594 ἡμᾶς
1563 5518 1650 5573 καὶ
1693 5516 1810 5595 περὶ
1855 5515 1921 5571 τὰ

281 5609 441 5685 μικρὰ
482 5606 721 5687 ἀκριϐεῖς
774 5606 939 5682 εἶναι,
1001 5607 1088 5663 καὶ
1136 5604 1403 5677 ἀλλήλους
1446 5611 1627 5681 τιμᾷν,
1673 5616 1922 5683 παραινεῖ

2002 4456 2118 4511 tem
2154 4449 2339 4513 Filius
2368 4451 2571 4514 omnia
2596 4471 2729 4533 qua
2756 4461 2893 4515 sunt
2921 4454 3112 4516 Patris
3136 4453 3198 4515 in
3226 4472 3292 4516 se
3307 4456 3644 4535 possidens.

2001 4537 2112 4611 Qui
2141 4540 2413 4603 irascitur
2441 4541 2608 4603 fratri
2638 4560 2744 4604 suo
2776 4542 3140 4619 temere,ille
3167 4543 3599 4607 condemnatur
3629 4563 3643 4608 :

2001 4630 2052 4689 si
2080 4636 2279 4691 autem
2311 4629 2445 4711 quis
2477 4630 2772 4707 irascitur,
2801 4632 3031 4693 ratione
3054 4632 3219 4712 justa
3247 4641 3463 4713 motus,
3494 4642 3552 4695 et
3583 4642 3646 4697 ut

2001 4716 2181 4779 alium
2214 4719 2537 4795 erudiat,et
2565 4719 2858 4801 spirituali
2885 4720 3034 4797 zelo,
3068 4739 3185 4783 non
3212 4722 3647 4785 condemnabi-

2003 4814 2119 4870 tur.
2143 4804 2314 4869 Unde
2344 4817 2404 4870 et
2431 4808 2648 4871 Paulus
2691 4809 2871 4872 verba
2891 4810 2998 4872 ira
3028 4810 3259 4872 locutus
3287 4818 3377 4873 est
3403 4812 3478 4873 ad
3508 4812 3649 4893 Ely-

2004 4913 2160 4957 mam
2194 4914 2436 4959 manum
2471 4906 2529 4960 et
2580 4898 2654 4960 ad
2708 4899 3051 4980 pontiﬁcem
3081 4921 3095 4961 :
3132 4918 3253 4962 non
3282 4907 3509 4963 temere
3528 4901 3656 4981 qui-

2001 4983 2163 5059 dem,
2188 4985 2313 5071 sed
2369 4986 2519 5048 zelo.
2578 4988 2745 5049 Tunc
2801 4996 2996 5049 autem
3065 4995 3295 5052 temere
3353 4990 3647 5071 irascitur,

2007 5070 2243 5159 quando
2274 5081 2517 5153 propter
2532 5092 2678 5156 Opes
2694 5074 2785 5137 vel
2805 5076 3075 5153 gloriam.
3087 5076 3494 5159 «Quicumque
3513 5070 3652 5140 vero

2008 5158 2224 5221 dixerit
2251 5160 2417 5224 fratri
2447 5181 2578 5238 suo,
2611 5163 2837 5239 Rhaca,
2866 5162 3160 5227 obnoxius
3186 5167 3298 5228 erit
3324 5158 3600 5231 concilio.
3619 5192 3649 5225 »

2007 5248 2336 5311 Concilium
2368 5258 2538 5313 vocat
2565 5251 2948 5316 Hebraorum
2983 5254 3265 5319 tribunal.
3297 5255 3505 5321 Rhaca‘
3521 5275 3653 5323 vero

2008 5335 2306 5416 significat
2334 5338 2495 5401 idem
2521 5341 2675 5421 quod
2709 5340 2797 5403 Tu
2826 5361 2842 5404 :
2874 5353 2939 5405 ut
2971 5363 3106 5406 cum
3138 5344 3211 5407 ad
3231 5346 3491 5427 aliquem
3514 5367 3649 5411 con-

2010 5434 2299 5508 temptum
2331 5446 2364 5489 a
2391 5428 2563 5491 nobis
2594 5429 2988 5510 dicimus,Abi
3010 5432 3322 5497 tu.Volens
3350 5436 3527 5514 igitur
3546 5458 3657 5501 nos

2008 5522 2070 5605 et
2094 5514 2170 5577 de
2206 5516 2399 5597 parvis
2431 5517 2720 5580 sollicitos
2734 5522 3342 5599 esse,etnosinvicem
3356 5528 3648 5605 venerari,

2002 5603 2284 5666 admonet
2311 5605 2550 5670 horum.
2589 5605 2842 5678 Quidam
2872 5610 3075 5675 dicunt
3102 5613 3300 5675 Rhaca
3328 5612 3568 5695 Syriace
3593 5603 3656 5677 et
