  <div class='ocr_page' id='page_1' title='image "/cluster/home/n/w/nwhite01/storage/ocr_20150623/123/mdp.39015009359079/105.png"; bbox 0 0 4122 6270; ppageno 0'>
   <div class='ocr_carea' id='block_1_1' title="bbox 458 359 570 422">
    <p class='ocr_par' dir='ltr' id='par_1_1' title="bbox 458 359 570 422">
     <span class='ocr_line' id='line_1_1' title="bbox 458 359 570 422; baseline -0.018 0"><span class='ocrx_word' id='word_1_1' title='bbox 458 359 570 422; x_wconf 79' lang='grc'><strong>195</strong></span> 
     </span>
    </p>
   </div>
   <div class='ocr_carea' id='block_1_2' title="bbox 1417 351 2855 422">
    <p class='ocr_par' dir='ltr' id='par_1_2' title="bbox 1417 351 2855 422">
     <span class='ocr_line' id='line_1_2' title="bbox 1417 351 2855 422; baseline -0.006 0"><span class='ocrx_word' id='word_1_2' title='bbox 1417 355 2008 422; x_wconf 84' lang='lat' dir='ltr'><strong>THEOPHYLACTI</strong></span> <span class='ocrx_word' id='word_1_3' title='bbox 2048 355 2457 418; x_wconf 75' lang='lat' dir='ltr'><strong>BULGARLE</strong></span> <span class='ocrx_word' id='word_1_4' title='bbox 2499 351 2855 416; x_wconf 86' lang='lat' dir='ltr'><strong>ARCHIEP.</strong></span> 
     </span>
    </p>
   </div>
   <div class='ocr_carea' id='block_1_3' title="bbox 3710 348 3830 413">
    <p class='ocr_par' dir='ltr' id='par_1_3' title="bbox 3710 348 3830 413">
     <span class='ocr_line' id='line_1_3' title="bbox 3710 348 3830 413; baseline -0.008 0"><span class='ocrx_word' id='word_1_5' title='bbox 3710 348 3830 413; x_wconf 83' lang='grc'>196</span> 
     </span>
    </p>
   </div>
   <div class='ocr_carea' id='block_1_4' title="bbox 444 475 2084 572">
    <p class='ocr_par' dir='ltr' id='par_1_4' title="bbox 444 488 2084 572">
     <span class='ocr_line' id='line_1_4' title="bbox 444 488 2084 572; baseline -0.002 -20"><span class='ocrx_word' id='word_1_6' title='bbox 444 491 874 571; x_wconf 87' lang='lat' dir='ltr'><strong>indignativum</strong></span> <span class='ocrx_word' id='word_1_7' title='bbox 892 490 1343 571; x_wconf 86' lang='lat' dir='ltr'><strong>etrespuitivum</strong></span> <span class='ocrx_word' id='word_1_8' title='bbox 1359 491 1642 572; x_wconf 87' lang='lat' dir='ltr'><strong>quiddam</strong></span> <span class='ocrx_word' id='word_1_9' title='bbox 1660 491 1911 571; x_wconf 89' lang='lat' dir='ltr'><strong>signare.</strong></span> <span class='ocrx_word' id='word_1_10' title='bbox 1925 488 2084 565; x_wconf 91' lang='lat' dir='ltr'><strong>Quis-</strong></span> 
     </span>
    </p>
   </div>
   <div class='ocr_carea' id='block_1_5' title="bbox 2178 475 3831 572">
    <p class='ocr_par' dir='ltr' id='par_1_5' title="bbox 2178 475 3831 559">
     <span class='ocr_line' id='line_1_5' title="bbox 2178 475 3831 559; baseline -0.004 -15"><span class='ocrx_word' id='word_1_11' title='bbox 2178 494 2360 545; x_wconf 79' lang='grc' dir='ltr'>ταῦτα.</span> <span class='ocrx_word' id='word_1_12' title='bbox 2411 485 2558 549; x_wconf 80' lang='grc' dir='ltr'>Τινὲς</span> <span class='ocrx_word' id='word_1_13' title='bbox 2585 483 2638 540; x_wconf 79' lang='grc' dir='ltr'>δὲ</span> <span class='ocrx_word' id='word_1_14' title='bbox 2670 487 2751 553; x_wconf 81' lang='grc' dir='ltr'><strong>τὸ,</strong></span> <span class='ocrx_word' id='word_1_15' title='bbox 2807 507 2830 541; x_wconf 73' lang='grc' dir='ltr'><strong>α</strong></span> <span class='ocrx_word' id='word_1_16' title='bbox 2885 475 3066 559; x_wconf 74' lang='grc' dir='ltr'>Ῥακά,</span> <span class='ocrx_word' id='word_1_17' title='bbox 3105 506 3134 540; x_wconf 70' lang='grc' dir='ltr'><strong><em>ι</em></strong></span> <span class='ocrx_word' id='word_1_18' title='bbox 3182 486 3411 559; x_wconf 65' lang='grc' dir='ltr'>Συριστὶ,</span> <span class='ocrx_word' id='word_1_19' title='bbox 3457 483 3831 542; x_wconf 73' lang='grc' dir='ltr'>κατάπτυστον</span> 
     </span>
    </p>
   </div>
   <div class='ocr_carea' id='block_1_6' title="bbox 445 580 2088 661">
    <p class='ocr_par' dir='ltr' id='par_1_6' title="bbox 445 580 2088 661">
     <span class='ocr_line' id='line_1_6' title="bbox 445 580 2088 661; baseline 0.003 -23"><span class='ocrx_word' id='word_1_20' title='bbox 445 582 576 661; x_wconf 87' lang='lat' dir='ltr'><strong>quis</strong></span> <span class='ocrx_word' id='word_1_21' title='bbox 599 581 777 659; x_wconf 80' lang='lat' dir='ltr'><strong>igitur</strong></span> <span class='ocrx_word' id='word_1_22' title='bbox 827 581 1039 660; x_wconf 79' lang='lat' dir='ltr'><strong>injuria</strong></span> <span class='ocrx_word' id='word_1_23' title='bbox 1071 580 1334 641; x_wconf 81' lang='lat' dir='ltr'><strong>all&#39;ecerit</strong></span> <span class='ocrx_word' id='word_1_24' title='bbox 1363 582 1604 642; x_wconf 82' lang='lat' dir='ltr'><strong>fratrem</strong></span> <span class='ocrx_word' id='word_1_25' title='bbox 1639 600 1843 661; x_wconf 92' lang='lat' dir='ltr'><strong>suum,</strong></span> <span class='ocrx_word' id='word_1_26' title='bbox 1878 591 2088 643; x_wconf 87' lang='lat' dir='ltr'><strong>contu-</strong></span> 
     </span>
    </p>
   </div>
   <div class='ocr_carea' id='block_1_7' title="bbox 445 668 2087 739">
    <p class='ocr_par' dir='ltr' id='par_1_7' title="bbox 445 668 2087 739">
     <span class='ocr_line' id='line_1_7' title="bbox 445 668 2087 739; baseline 0.001 -10"><span class='ocrx_word' id='word_1_27' title='bbox 445 668 621 730; x_wconf 88' lang='lat' dir='ltr'><strong>melia</strong></span> <span class='ocrx_word' id='word_1_28' title='bbox 647 669 956 739; x_wconf 88' lang='lat' dir='ltr'><strong>invadens,</strong></span> <span class='ocrx_word' id='word_1_29' title='bbox 986 668 1276 729; x_wconf 75' lang='lat' dir='ltr'><strong>obnoxius</strong></span> <span class='ocrx_word' id='word_1_30' title='bbox 1307 671 1417 730; x_wconf 90' lang='lat' dir='ltr'><strong>erit</strong></span> <span class='ocrx_word' id='word_1_31' title='bbox 1450 670 1701 731; x_wconf 93' lang='lat' dir='ltr'><strong>concilio</strong></span> <span class='ocrx_word' id='word_1_32' title='bbox 1749 681 2087 734; x_wconf 88' lang='lat' dir='ltr'><strong>sanctorum</strong></span> 
     </span>
    </p>
   </div>
   <div class='ocr_carea' id='block_1_8' title="bbox 443 757 2086 838">
    <p class='ocr_par' dir='ltr' id='par_1_8' title="bbox 443 757 2086 838">
     <span class='ocr_line' id='line_1_8' title="bbox 443 757 2086 838; baseline 0.002 -20"><span class='ocrx_word' id='word_1_33' title='bbox 443 759 839 838; x_wconf 81' lang='lat' dir='ltr'><strong>apostolorum</strong></span> <span class='ocrx_word' id='word_1_34' title='bbox 854 759 1107 835; x_wconf 80' lang='lat' dir='ltr'><strong>,quando</strong></span> <span class='ocrx_word' id='word_1_35' title='bbox 1127 757 1758 838; x_wconf 90' lang='lat' dir='ltr'><strong>sedebuntjudicantes</strong></span> <span class='ocrx_word' id='word_1_36' title='bbox 1772 760 2086 821; x_wconf 88' lang='lat' dir='ltr'><strong>duodecim</strong></span> 
     </span>
    </p>
   </div>
   <div class='ocr_carea' id='block_1_9' title="bbox 443 845 2084 929">
    <p class='ocr_par' dir='ltr' id='par_1_9' title="bbox 443 845 2084 929">
     <span class='ocr_line' id='line_1_9' title="bbox 443 845 2084 929; baseline 0.002 -22"><span class='ocrx_word' id='word_1_37' title='bbox 443 848 630 908; x_wconf 87' lang='lat' dir='ltr'><strong>tribus</strong></span> <span class='ocrx_word' id='word_1_38' title='bbox 660 845 864 908; x_wconf 85' lang='lat' dir='ltr'><strong>Israel.</strong></span> <span class='ocrx_word' id='word_1_39' title='bbox 904 874 927 905; x_wconf 80' lang='grc' dir='ltr'><strong>α</strong></span> <span class='ocrx_word' id='word_1_40' title='bbox 956 846 1304 927; x_wconf 86' lang='lat' dir='ltr'><strong>Quicunque</strong></span> <span class='ocrx_word' id='word_1_41' title='bbox 1353 858 1548 908; x_wconf 91' lang='lat' dir='ltr'><strong>autem</strong></span> <span class='ocrx_word' id='word_1_42' title='bbox 1600 847 1837 929; x_wconf 77' lang='lat' dir='ltr'><strong>dixerit,</strong></span> <span class='ocrx_word' id='word_1_43' title='bbox 1874 849 2084 920; x_wconf 89' lang='lat' dir='ltr'><strong>Stulte,</strong></span> 
     </span>
    </p>
   </div>
   <div class='ocr_carea' id='block_1_10' title="bbox 438 935 2090 1016">
    <p class='ocr_par' dir='ltr' id='par_1_10' title="bbox 438 935 2090 1016">
     <span class='ocr_line' id='line_1_10' title="bbox 438 935 2090 1016; baseline 0 -18"><span class='ocrx_word' id='word_1_44' title='bbox 438 955 579 998; x_wconf 89' lang='lat' dir='ltr'><strong>reus</strong></span> <span class='ocrx_word' id='word_1_45' title='bbox 599 936 712 999; x_wconf 88' lang='lat' dir='ltr'><strong>erit</strong></span> <span class='ocrx_word' id='word_1_46' title='bbox 738 937 1029 1014; x_wconf 72' lang='lat' dir='ltr'><strong>gehennze</strong></span> <span class='ocrx_word' id='word_1_47' title='bbox 1071 935 1370 999; x_wconf 90' lang='lat' dir='ltr'><strong>incendio.</strong></span> <span class='ocrx_word' id='word_1_48' title='bbox 1405 960 1425 988; x_wconf 78' lang='grc' dir='ltr'>ι</span> <span class='ocrx_word' id='word_1_49' title='bbox 1459 937 1634 1000; x_wconf 86' lang='grc' dir='ltr'><strong>ΜυΙιὶ</strong></span> <span class='ocrx_word' id='word_1_50' title='bbox 1667 941 1778 998; x_wconf 89' lang='lat' dir='ltr'><strong>hoc</strong></span> <span class='ocrx_word' id='word_1_51' title='bbox 1825 956 2001 1016; x_wconf 84' lang='lat' dir='ltr'><strong>grave</strong></span> <span class='ocrx_word' id='word_1_52' title='bbox 2033 945 2090 999; x_wconf 91' lang='lat' dir='ltr'><strong>et</strong></span> 
     </span>
    </p>
   </div>
   <div class='ocr_carea' id='block_1_11' title="bbox 442 1025 2086 1107">
    <p class='ocr_par' dir='ltr' id='par_1_11' title="bbox 442 1025 2086 1107">
     <span class='ocr_line' id='line_1_11' title="bbox 442 1025 2086 1107; baseline 0.001 -20"><span class='ocrx_word' id='word_1_53' title='bbox 442 1025 654 1087; x_wconf 90' lang='lat' dir='ltr'><strong>durum</strong></span> <span class='ocrx_word' id='word_1_54' title='bbox 688 1043 820 1086; x_wconf 89' lang='lat' dir='ltr'><strong>esse</strong></span> <span class='ocrx_word' id='word_1_55' title='bbox 853 1033 1079 1105; x_wconf 93' lang='lat' dir='ltr'><strong>putant,</strong></span> <span class='ocrx_word' id='word_1_56' title='bbox 1113 1045 1228 1086; x_wconf 90' lang='lat' dir='ltr'><strong>non</strong></span> <span class='ocrx_word' id='word_1_57' title='bbox 1279 1035 1368 1086; x_wconf 93' lang='lat' dir='ltr'><strong>est</strong></span> <span class='ocrx_word' id='word_1_58' title='bbox 1396 1033 1618 1086; x_wconf 90' lang='lat' dir='ltr'><strong>autem.</strong></span> <span class='ocrx_word' id='word_1_59' title='bbox 1655 1027 1802 1088; x_wconf 91' lang='lat' dir='ltr'><strong>Nam</strong></span> <span class='ocrx_word' id='word_1_60' title='bbox 1837 1027 1937 1107; x_wconf 88' lang='lat' dir='ltr'><strong>qui</strong></span> <span class='ocrx_word' id='word_1_61' title='bbox 1969 1027 2086 1088; x_wconf 84' lang='lat' dir='ltr'><strong>fra-</strong></span> 
     </span>
    </p>
   </div>
   <div class='ocr_carea' id='block_1_12' title="bbox 447 1113 2089 1195">
    <p class='ocr_par' dir='ltr' id='par_1_12' title="bbox 447 1113 2089 1195">
     <span class='ocr_line' id='line_1_12' title="bbox 447 1113 2089 1195; baseline 0.001 -20"><span class='ocrx_word' id='word_1_62' title='bbox 447 1125 594 1175; x_wconf 88' lang='lat' dir='ltr'><strong>trem</strong></span> <span class='ocrx_word' id='word_1_63' title='bbox 612 1133 781 1175; x_wconf 89' lang='lat' dir='ltr'><strong>suum</strong></span> <span class='ocrx_word' id='word_1_64' title='bbox 800 1113 1025 1175; x_wconf 87' lang='lat' dir='ltr'><strong>ratione</strong></span> <span class='ocrx_word' id='word_1_65' title='bbox 1045 1122 1101 1175; x_wconf 91' lang='lat' dir='ltr'><strong>et</strong></span> <span class='ocrx_word' id='word_1_66' title='bbox 1125 1114 1679 1195; x_wconf 87' lang='lat' dir='ltr'><strong>prudentia,quibus</strong></span> <span class='ocrx_word' id='word_1_67' title='bbox 1709 1134 1741 1176; x_wconf 89' lang='lat' dir='ltr'><strong>a</strong></span> <span class='ocrx_word' id='word_1_68' title='bbox 1760 1116 1947 1177; x_wconf 87' lang='lat' dir='ltr'><strong>brutis</strong></span> <span class='ocrx_word' id='word_1_69' title='bbox 1967 1116 2089 1176; x_wconf 87' lang='lat' dir='ltr'><strong>dis-</strong></span> 
     </span>
    </p>
   </div>
   <div class='ocr_carea' id='block_1_13' title="bbox 442 1203 2092 1284">
    <p class='ocr_par' dir='ltr' id='par_1_13' title="bbox 442 1203 2092 1284">
     <span class='ocr_line' id='line_1_13' title="bbox 442 1203 2092 1284; baseline 0.001 -20"><span class='ocrx_word' id='word_1_70' title='bbox 442 1221 775 1282; x_wconf 87' lang='lat' dir='ltr'><strong>crepamus,</strong></span> <span class='ocrx_word' id='word_1_71' title='bbox 811 1204 1017 1283; x_wconf 82' lang='lat' dir='ltr'><strong>privat,</strong></span> <span class='ocrx_word' id='word_1_72' title='bbox 1053 1204 1350 1284; x_wconf 91' lang='lat' dir='ltr'><strong>quomodo</strong></span> <span class='ocrx_word' id='word_1_73' title='bbox 1386 1223 1503 1264; x_wconf 91' lang='lat' dir='ltr'><strong>non</strong></span> <span class='ocrx_word' id='word_1_74' title='bbox 1526 1203 1738 1282; x_wconf 88' lang='lat' dir='ltr'><strong>dignus</strong></span> <span class='ocrx_word' id='word_1_75' title='bbox 1771 1205 2092 1282; x_wconf 83' lang='lat' dir='ltr'><strong>gehenna?</strong></span> 
     </span>
    </p>
   </div>
   <div class='ocr_carea' id='block_1_14' title="bbox 444 1294 2088 1378">
    <p class='ocr_par' dir='ltr' id='par_1_14' title="bbox 444 1294 2088 1378">
     <span class='ocr_line' id='line_1_14' title="bbox 444 1294 2088 1378; baseline 0.001 -22"><span class='ocrx_word' id='word_1_76' title='bbox 444 1296 672 1356; x_wconf 88' lang='lat' dir='ltr'><strong>Etenim</strong></span> <span class='ocrx_word' id='word_1_77' title='bbox 708 1294 805 1375; x_wconf 90' lang='lat' dir='ltr'><strong>qui</strong></span> <span class='ocrx_word' id='word_1_78' title='bbox 830 1296 1172 1356; x_wconf 82' lang='lat' dir='ltr'><strong>scommatis</strong></span> <span class='ocrx_word' id='word_1_79' title='bbox 1203 1303 1259 1356; x_wconf 92' lang='lat' dir='ltr'><strong>et</strong></span> <span class='ocrx_word' id='word_1_80' title='bbox 1281 1295 1657 1356; x_wconf 89' lang='lat' dir='ltr'><strong>contumeliis</strong></span> <span class='ocrx_word' id='word_1_81' title='bbox 1692 1296 2088 1378; x_wconf 84' lang='lat' dir='ltr'><strong>persequitur,</strong></span> 
     </span>
    </p>
   </div>
   <div class='ocr_carea' id='block_1_15' title="bbox 444 1373 2084 1464">
    <p class='ocr_par' dir='ltr' id='par_1_15' title="bbox 444 1373 2084 1464">
     <span class='ocr_line' id='line_1_15' title="bbox 444 1373 2084 1464; baseline 0.002 -20"><span class='ocrx_word' id='word_1_82' title='bbox 444 1373 786 1447; x_wconf 82' lang='lat' dir='ltr'><strong>charitatem</strong></span> <span class='ocrx_word' id='word_1_83' title='bbox 819 1384 1071 1445; x_wconf 89' lang='lat' dir='ltr'><strong>destruit</strong></span> <span class='ocrx_word' id='word_1_84' title='bbox 1105 1402 1117 1445; x_wconf 91' lang='lat'><strong>:</strong></span> <span class='ocrx_word' id='word_1_85' title='bbox 1157 1403 1270 1463; x_wconf 90' lang='lat' dir='ltr'><strong>qua</strong></span> <span class='ocrx_word' id='word_1_86' title='bbox 1314 1385 1633 1464; x_wconf 85' lang='lat' dir='ltr'><strong>destructa,</strong></span> <span class='ocrx_word' id='word_1_87' title='bbox 1680 1373 1855 1446; x_wconf 78' lang='lat' dir='ltr'><strong>simul</strong></span> <span class='ocrx_word' id='word_1_88' title='bbox 1887 1373 2084 1448; x_wconf 70' lang='lat' dir='ltr'><strong>omnes</strong></span> 
     </span>
    </p>
   </div>
   <div class='ocr_carea' id='block_1_16' title="bbox 2178 1373 2697 1464">
    <p class='ocr_par' dir='ltr' id='par_1_16' title="bbox 2178 1373 2697 1454">
     <span class='ocr_line' id='line_1_16' title="bbox 2178 1373 2697 1454; baseline 0 -24"><span class='ocrx_word' id='word_1_89' title='bbox 2178 1373 2289 1440; x_wconf 69' lang='grc' dir='ltr'>ἣτις</span> <span class='ocrx_word' id='word_1_90' title='bbox 2373 1373 2697 1454; x_wconf 69' lang='grc' dir='ltr'><strong>διαλυθεῖσα,</strong></span> 
     </span>
    </p>
   </div>
   <div class='ocr_carea' id='block_1_17' title="bbox 443 1474 2084 1546">
    <p class='ocr_par' dir='ltr' id='par_1_17' title="bbox 443 1474 2084 1546">
     <span class='ocr_line' id='line_1_17' title="bbox 443 1474 2084 1546; baseline 0.001 -11"><span class='ocrx_word' id='word_1_91' title='bbox 443 1475 729 1536; x_wconf 90' lang='lat' dir='ltr'><strong>tolluntur</strong></span> <span class='ocrx_word' id='word_1_92' title='bbox 780 1474 1028 1536; x_wconf 83' lang='lat' dir='ltr'><strong>virtutes</strong></span> <span class='ocrx_word' id='word_1_93' title='bbox 1087 1492 1100 1535; x_wconf 91' lang='lat'><strong>:</strong></span> <span class='ocrx_word' id='word_1_94' title='bbox 1156 1475 1307 1535; x_wconf 90' lang='lat' dir='ltr'><strong>sicut</strong></span> <span class='ocrx_word' id='word_1_95' title='bbox 1369 1492 1578 1536; x_wconf 87' lang='lat' dir='ltr'><strong>omnes</strong></span> <span class='ocrx_word' id='word_1_96' title='bbox 1625 1485 2084 1546; x_wconf 85' lang='lat' dir='ltr'><strong>conservantur,</strong></span> 
     </span>
    </p>
   </div>
   <div class='ocr_carea' id='block_1_18' title="bbox 444 1563 2088 1646">
    <p class='ocr_par' dir='ltr' id='par_1_18' title="bbox 444 1563 2088 1646">
     <span class='ocr_line' id='line_1_18' title="bbox 444 1563 2088 1646; baseline 0.004 -23"><span class='ocrx_word' id='word_1_97' title='bbox 444 1582 510 1624; x_wconf 91' lang='lat' dir='ltr'><strong>ea</strong></span> <span class='ocrx_word' id='word_1_98' title='bbox 543 1565 720 1624; x_wconf 88' lang='lat' dir='ltr'><strong>salva.</strong></span> <span class='ocrx_word' id='word_1_99' title='bbox 754 1563 1024 1624; x_wconf 90' lang='lat' dir='ltr'><strong>Dissolvit</strong></span> <span class='ocrx_word' id='word_1_100' title='bbox 1070 1564 1249 1640; x_wconf 86' lang='lat' dir='ltr'><strong>igitur</strong></span> <span class='ocrx_word' id='word_1_101' title='bbox 1279 1583 1490 1625; x_wconf 89' lang='lat' dir='ltr'><strong>omnes</strong></span> <span class='ocrx_word' id='word_1_102' title='bbox 1520 1563 1792 1646; x_wconf 83' lang='lat' dir='ltr'><strong>virtutes,</strong></span> <span class='ocrx_word' id='word_1_103' title='bbox 1813 1567 1913 1646; x_wconf 89' lang='lat' dir='ltr'><strong>qui</strong></span> <span class='ocrx_word' id='word_1_104' title='bbox 1945 1585 2088 1629; x_wconf 90' lang='lat' dir='ltr'><strong>con-</strong></span> 
     </span>
    </p>
   </div>
   <div class='ocr_carea' id='block_1_19' title="bbox 445 1652 2086 1732">
    <p class='ocr_par' dir='ltr' id='par_1_19' title="bbox 445 1652 2086 1732">
     <span class='ocr_line' id='line_1_19' title="bbox 445 1652 2086 1732; baseline 0.004 -21"><span class='ocrx_word' id='word_1_105' title='bbox 445 1652 685 1713; x_wconf 87' lang='lat' dir='ltr'><strong>tumelia</strong></span> <span class='ocrx_word' id='word_1_106' title='bbox 715 1653 1044 1732; x_wconf 84' lang='lat' dir='ltr'><strong>proximum</strong></span> <span class='ocrx_word' id='word_1_107' title='bbox 1079 1653 1284 1724; x_wconf 77' lang='lat' dir='ltr'><strong>allicit,</strong></span> <span class='ocrx_word' id='word_1_108' title='bbox 1319 1653 1456 1713; x_wconf 90' lang='lat' dir='ltr'><strong>dum</strong></span> <span class='ocrx_word' id='word_1_109' title='bbox 1486 1655 1834 1716; x_wconf 91' lang='lat' dir='ltr'><strong>charitatem</strong></span> <span class='ocrx_word' id='word_1_110' title='bbox 1871 1655 2086 1718; x_wconf 85' lang='lat' dir='ltr'><strong>dilace-</strong></span> 
     </span>
    </p>
   </div>
   <div class='ocr_carea' id='block_1_20' title="bbox 444 1742 1893 1821">
    <p class='ocr_par' dir='ltr' id='par_1_20' title="bbox 444 1742 1893 1821">
     <span class='ocr_line' id='line_1_20' title="bbox 444 1742 1893 1821; baseline 0.004 -21"><span class='ocrx_word' id='word_1_111' title='bbox 444 1751 570 1803; x_wconf 86' lang='lat' dir='ltr'><strong>rat:</strong></span> <span class='ocrx_word' id='word_1_112' title='bbox 607 1750 664 1802; x_wconf 88' lang='lat' dir='ltr'><strong>et</strong></span> <span class='ocrx_word' id='word_1_113' title='bbox 694 1742 1415 1820; x_wconf 88' lang='lat' dir='ltr'><strong>proindeignisincendio</strong></span> <span class='ocrx_word' id='word_1_114' title='bbox 1443 1743 1658 1821; x_wconf 90' lang='lat' dir='ltr'><strong>dignus</strong></span> <span class='ocrx_word' id='word_1_115' title='bbox 1697 1744 1893 1808; x_wconf 80' lang='lat' dir='ltr'><strong>fuerit.</strong></span> 
     </span>
    </p>
   </div>
   <div class='ocr_carea' id='block_1_21' title="bbox 524 1830 2080 1910">
    <p class='ocr_par' dir='ltr' id='par_1_21' title="bbox 524 1830 2080 1910">
     <span class='ocr_line' id='line_1_21' title="bbox 524 1830 2080 1910; baseline 0.002 -18"><span class='ocrx_word' id='word_1_116' title='bbox 524 1830 704 1893; x_wconf 67' lang='lat' dir='ltr'><strong>Vens.</strong></span> <span class='ocrx_word' id='word_1_117' title='bbox 737 1831 835 1906; x_wconf 77' lang='lat'><strong>23,</strong></span> <span class='ocrx_word' id='word_1_118' title='bbox 867 1830 966 1892; x_wconf 74' lang='grc'><strong>24.</strong></span> <span class='ocrx_word' id='word_1_119' title='bbox 1001 1854 1021 1885; x_wconf 77' lang='grc' dir='ltr'><strong>ι</strong></span> <span class='ocrx_word' id='word_1_120' title='bbox 1053 1830 1116 1891; x_wconf 84' lang='lat' dir='ltr'><strong>Si</strong></span> <span class='ocrx_word' id='word_1_121' title='bbox 1165 1849 1308 1910; x_wconf 77' lang='lat' dir='ltr'><strong>ergo</strong></span> <span class='ocrx_word' id='word_1_122' title='bbox 1341 1831 1628 1893; x_wconf 88' lang='lat' dir='ltr'><strong>obtuleris</strong></span> <span class='ocrx_word' id='word_1_123' title='bbox 1656 1851 1870 1894; x_wconf 81' lang='lat' dir='ltr'><strong>munus</strong></span> <span class='ocrx_word' id='word_1_124' title='bbox 1921 1843 2080 1896; x_wconf 90' lang='lat' dir='ltr'><strong>tuum</strong></span> 
     </span>
    </p>
   </div>
   <div class='ocr_carea' id='block_1_22' title="bbox 2174 565 3830 655">
    <p class='ocr_par' dir='ltr' id='par_1_22' title="bbox 2174 565 3830 655">
     <span class='ocr_line' id='line_1_22' title="bbox 2174 565 3830 655; baseline -0.002 -21"><span class='ocrx_word' id='word_1_125' title='bbox 2174 600 2299 655; x_wconf 83' lang='grc' dir='ltr'>φασι</span> <span class='ocrx_word' id='word_1_126' title='bbox 2344 577 2642 651; x_wconf 81' lang='grc' dir='ltr'>σημαίνειν.</span> <span class='ocrx_word' id='word_1_127' title='bbox 2699 565 2891 640; x_wconf 78' lang='grc' dir='ltr'><strong>υΟστις</strong></span> <span class='ocrx_word' id='word_1_128' title='bbox 2925 573 3013 631; x_wconf 77' lang='grc' dir='ltr'><strong>οὖν</strong></span> <span class='ocrx_word' id='word_1_129' title='bbox 3042 571 3236 652; x_wconf 78' lang='grc' dir='ltr'>ὑϐρίσει</span> <span class='ocrx_word' id='word_1_130' title='bbox 3265 576 3355 630; x_wconf 79' lang='grc' dir='ltr'>τὸν</span> <span class='ocrx_word' id='word_1_131' title='bbox 3387 572 3612 654; x_wconf 44' lang='grc' dir='ltr'>ἀδελρὸν</span> <span class='ocrx_word' id='word_1_132' title='bbox 3667 573 3830 630; x_wconf 75' lang='grc' dir='ltr'><strong>αὒτοῦ</strong></span> 
     </span>
    </p>
   </div>
   <div class='ocr_carea' id='block_1_23' title="bbox 2173 661 3826 744">
    <p class='ocr_par' dir='ltr' id='par_1_23' title="bbox 2173 661 3826 744">
     <span class='ocr_line' id='line_1_23' title="bbox 2173 661 3826 744; baseline -0.002 -22"><span class='ocrx_word' id='word_1_133' title='bbox 2173 667 2558 740; x_wconf 74' lang='grc' dir='ltr'><strong>κατάπτυστον,</strong></span> <span class='ocrx_word' id='word_1_134' title='bbox 2615 663 2804 744; x_wconf 80' lang='grc' dir='ltr'>ἔνοχος</span> <span class='ocrx_word' id='word_1_135' title='bbox 2868 663 3012 719; x_wconf 71' lang='grc' dir='ltr'>ἔσται</span> <span class='ocrx_word' id='word_1_136' title='bbox 3068 669 3146 737; x_wconf 83' lang='grc' dir='ltr'>τῷ</span> <span class='ocrx_word' id='word_1_137' title='bbox 3189 661 3440 741; x_wconf 90' lang='grc' dir='ltr'>συνεδριῳ</span> <span class='ocrx_word' id='word_1_138' title='bbox 3495 663 3598 718; x_wconf 78' lang='grc' dir='ltr'><strong>τῶν</strong></span> <span class='ocrx_word' id='word_1_139' title='bbox 3658 663 3826 741; x_wconf 78' lang='grc' dir='ltr'>ἁγίων</span> 
     </span>
    </p>
   </div>
   <div class='ocr_carea' id='block_1_24' title="bbox 2171 750 3828 830">
    <p class='ocr_par' dir='ltr' id='par_1_24' title="bbox 2171 750 3828 830">
     <span class='ocr_line' id='line_1_24' title="bbox 2171 750 3828 830; baseline -0.002 -19"><span class='ocrx_word' id='word_1_140' title='bbox 2171 754 2507 830; x_wconf 74' lang='grc' dir='ltr'><strong>ἀποστόλων,</strong></span> <span class='ocrx_word' id='word_1_141' title='bbox 2593 755 2678 808; x_wconf 80' lang='grc' dir='ltr'>ὅτε</span> <span class='ocrx_word' id='word_1_142' title='bbox 2789 753 3056 810; x_wconf 86' lang='grc' dir='ltr'>καθίσουσι</span> <span class='ocrx_word' id='word_1_143' title='bbox 3139 751 3400 830; x_wconf 73' lang='grc' dir='ltr'>κρίνοντες</span> <span class='ocrx_word' id='word_1_144' title='bbox 3475 752 3568 815; x_wconf 77' lang='grc' dir='ltr'><strong>τὰς</strong></span> <span class='ocrx_word' id='word_1_145' title='bbox 3623 750 3828 808; x_wconf 81' lang='grc' dir='ltr'>δώδεκα</span> 
     </span>
    </p>
   </div>
   <div class='ocr_carea' id='block_1_25' title="bbox 2171 833 3820 921">
    <p class='ocr_par' dir='ltr' id='par_1_25' title="bbox 2171 833 3820 921">
     <span class='ocr_line' id='line_1_25' title="bbox 2171 833 3820 921; baseline -0.002 -24"><span class='ocrx_word' id='word_1_146' title='bbox 2171 840 2359 921; x_wconf 77' lang='grc' dir='ltr'>φυλάς.</span> <span class='ocrx_word' id='word_1_147' title='bbox 2398 864 2425 896; x_wconf 71' lang='grc' dir='ltr'><strong>α</strong></span> <span class='ocrx_word' id='word_1_148' title='bbox 2457 833 2564 903; x_wconf 74' lang='lat' dir='ltr'><strong>H0c</strong></span> <span class='ocrx_word' id='word_1_149' title='bbox 2599 838 2644 894; x_wconf 90' lang='grc' dir='ltr'>δ’</span> <span class='ocrx_word' id='word_1_150' title='bbox 2692 839 2753 895; x_wconf 76' lang='grc' dir='ltr'><strong>ἂν</strong></span> <span class='ocrx_word' id='word_1_151' title='bbox 2782 839 2937 915; x_wconf 83' lang='grc' dir='ltr'>εἴπῃ,</span> <span class='ocrx_word' id='word_1_152' title='bbox 2975 839 3155 917; x_wconf 70' lang='grc' dir='ltr'>Μωρέ,</span> <span class='ocrx_word' id='word_1_153' title='bbox 3189 837 3379 918; x_wconf 73' lang='grc' dir='ltr'>ἔνοχος</span> <span class='ocrx_word' id='word_1_154' title='bbox 3431 841 3577 898; x_wconf 67' lang='grc' dir='ltr'>ἔσται</span> <span class='ocrx_word' id='word_1_155' title='bbox 3621 841 3690 904; x_wconf 77' lang='grc' dir='ltr'>εἷς</span> <span class='ocrx_word' id='word_1_156' title='bbox 3721 841 3820 906; x_wconf 78' lang='grc' dir='ltr'>τὴν</span> 
     </span>
    </p>
   </div>
   <div class='ocr_carea' id='block_1_26' title="bbox 2171 927 3818 1008">
    <p class='ocr_par' dir='ltr' id='par_1_26' title="bbox 2171 927 3818 1008">
     <span class='ocr_line' id='line_1_26' title="bbox 2171 927 3818 1008; baseline -0.001 -24"><span class='ocrx_word' id='word_1_157' title='bbox 2171 930 2384 1006; x_wconf 70' lang='grc' dir='ltr'>γέεννιν</span> <span class='ocrx_word' id='word_1_158' title='bbox 2437 937 2527 987; x_wconf 78' lang='grc' dir='ltr'>τοῦ</span> <span class='ocrx_word' id='word_1_159' title='bbox 2585 929 2768 1008; x_wconf 85' lang='grc' dir='ltr'>πυρός.</span> <span class='ocrx_word' id='word_1_160' title='bbox 2808 952 2832 986; x_wconf 70' lang='grc' dir='ltr'><strong><em>ι</em></strong></span> <span class='ocrx_word' id='word_1_161' title='bbox 2884 927 3080 986; x_wconf 86' lang='grc' dir='ltr'>Πολλοὶ</span> <span class='ocrx_word' id='word_1_162' title='bbox 3123 927 3335 1005; x_wconf 83' lang='grc' dir='ltr'>λέγουσι</span> <span class='ocrx_word' id='word_1_163' title='bbox 3406 929 3493 985; x_wconf 79' lang='grc' dir='ltr'>καὶ</span> <span class='ocrx_word' id='word_1_164' title='bbox 3549 929 3818 1003; x_wconf 81' lang='grc' dir='ltr'>νομίζουσι</span> 
     </span>
    </p>
   </div>
   <div class='ocr_carea' id='block_1_27' title="bbox 2170 1016 3818 1098">
    <p class='ocr_par' dir='ltr' id='par_1_27' title="bbox 2170 1016 3818 1098">
     <span class='ocr_line' id='line_1_27' title="bbox 2170 1016 3818 1098; baseline 0.001 -25"><span class='ocrx_word' id='word_1_165' title='bbox 2170 1019 2299 1097; x_wconf 82' lang='grc' dir='ltr'>βαρὺ</span> <span class='ocrx_word' id='word_1_166' title='bbox 2331 1020 2471 1076; x_wconf 76' lang='grc' dir='ltr'>εἶναι</span> <span class='ocrx_word' id='word_1_167' title='bbox 2535 1026 2685 1075; x_wconf 85' lang='grc' dir='ltr'>τοῦτο</span> <span class='ocrx_word' id='word_1_168' title='bbox 2743 1020 2832 1074; x_wconf 89' lang='grc' dir='ltr'><strong>καὶ</strong></span> <span class='ocrx_word' id='word_1_169' title='bbox 2899 1016 3132 1098; x_wconf 76' lang='grc' dir='ltr'>σκληρὸν</span> <span class='ocrx_word' id='word_1_170' title='bbox 3163 1017 3258 1073; x_wconf 76' lang='grc' dir='ltr'>οὒκ</span> <span class='ocrx_word' id='word_1_171' title='bbox 3308 1016 3417 1072; x_wconf 73' lang='grc' dir='ltr'>ἔστι</span> <span class='ocrx_word' id='word_1_172' title='bbox 3474 1017 3554 1080; x_wconf 83' lang='grc' dir='ltr'>δέ.</span> <span class='ocrx_word' id='word_1_173' title='bbox 3633 1027 3672 1075; x_wconf 95' lang='grc' dir='ltr'><strong>Ο</strong></span> <span class='ocrx_word' id='word_1_174' title='bbox 3717 1018 3818 1095; x_wconf 77' lang='grc' dir='ltr'><strong>γὰρ</strong></span> 
     </span>
    </p>
   </div>
   <div class='ocr_carea' id='block_1_28' title="bbox 2171 1105 3813 1187">
    <p class='ocr_par' dir='ltr' id='par_1_28' title="bbox 2171 1105 3813 1187">
     <span class='ocr_line' id='line_1_28' title="bbox 2171 1105 3813 1187; baseline -0.001 -25"><span class='ocrx_word' id='word_1_175' title='bbox 2171 1106 2475 1187; x_wconf 81' lang='grc' dir='ltr'><strong>ἀποστερῶν</strong></span> <span class='ocrx_word' id='word_1_176' title='bbox 2531 1109 2620 1163; x_wconf 86' lang='grc' dir='ltr'>τὸν</span> <span class='ocrx_word' id='word_1_177' title='bbox 2691 1105 2914 1174; x_wconf 81' lang='grc' dir='ltr'>ἀδελφὸν</span> <span class='ocrx_word' id='word_1_178' title='bbox 2966 1108 3122 1166; x_wconf 78' lang='grc' dir='ltr'>αὐτοῦ</span> <span class='ocrx_word' id='word_1_179' title='bbox 3153 1105 3314 1183; x_wconf 87' lang='grc' dir='ltr'>λόγου</span> <span class='ocrx_word' id='word_1_180' title='bbox 3356 1108 3443 1162; x_wconf 85' lang='grc' dir='ltr'>καὶ</span> <span class='ocrx_word' id='word_1_181' title='bbox 3486 1107 3813 1186; x_wconf 77' lang='grc' dir='ltr'>φρονήσεως,</span> 
     </span>
    </p>
   </div>
   <div class='ocr_carea' id='block_1_29' title="bbox 2175 1195 3812 1276">
    <p class='ocr_par' dir='ltr' id='par_1_29' title="bbox 2175 1195 3812 1276">
     <span class='ocr_line' id='line_1_29' title="bbox 2175 1195 3812 1276; baseline -0.002 -24"><span class='ocrx_word' id='word_1_182' title='bbox 2175 1197 2263 1259; x_wconf 79' lang='grc' dir='ltr'>οἷς</span> <span class='ocrx_word' id='word_1_183' title='bbox 2318 1203 2422 1253; x_wconf 85' lang='grc' dir='ltr'><strong>τῶν</strong></span> <span class='ocrx_word' id='word_1_184' title='bbox 2477 1199 2670 1276; x_wconf 89' lang='grc' dir='ltr'>θηρίων</span> <span class='ocrx_word' id='word_1_185' title='bbox 2727 1195 3063 1276; x_wconf 80' lang='grc' dir='ltr'><strong>διαφέρομεν,</strong></span> <span class='ocrx_word' id='word_1_186' title='bbox 3098 1202 3212 1259; x_wconf 83' lang='grc' dir='ltr'>πῶς</span> <span class='ocrx_word' id='word_1_187' title='bbox 3240 1197 3332 1253; x_wconf 74' lang='grc' dir='ltr'><strong>οὒκ</strong></span> <span class='ocrx_word' id='word_1_188' title='bbox 3378 1195 3519 1260; x_wconf 78' lang='grc' dir='ltr'>ἂξιος</span> <span class='ocrx_word' id='word_1_189' title='bbox 3549 1195 3763 1272; x_wconf 78' lang='grc' dir='ltr'><strong>γεέννης</strong></span> <span class='ocrx_word' id='word_1_190' title='bbox 3797 1213 3812 1274; x_wconf 69' lang='grc' dir='ltr'><strong>ς</strong></span> 
     </span>
    </p>
   </div>
   <div class='ocr_carea' id='block_1_30' title="bbox 2178 1277 3812 1365">
    <p class='ocr_par' dir='ltr' id='par_1_30' title="bbox 2178 1277 3812 1365">
     <span class='ocr_line' id='line_1_30' title="bbox 2178 1277 3812 1365; baseline -0.001 -25"><span class='ocrx_word' id='word_1_191' title='bbox 2178 1277 2234 1340; x_wconf 70' lang='grc' dir='ltr'><strong>Ὀ</strong></span> <span class='ocrx_word' id='word_1_192' title='bbox 2267 1286 2366 1364; x_wconf 77' lang='grc' dir='ltr'><strong>γὰρ</strong></span> <span class='ocrx_word' id='word_1_193' title='bbox 2420 1284 2671 1364; x_wconf 80' lang='grc' dir='ltr'>λοιδορῶν</span> <span class='ocrx_word' id='word_1_194' title='bbox 2740 1286 2827 1341; x_wconf 84' lang='grc' dir='ltr'>καὶ</span> <span class='ocrx_word' id='word_1_195' title='bbox 2857 1283 3096 1365; x_wconf 80' lang='grc' dir='ltr'>ὑϐρίζων,</span> <span class='ocrx_word' id='word_1_196' title='bbox 3155 1285 3252 1352; x_wconf 74' lang='grc' dir='ltr'><strong>τὴν</strong></span> <span class='ocrx_word' id='word_1_197' title='bbox 3308 1284 3520 1361; x_wconf 83' lang='grc' dir='ltr'><strong>ἀγάπην</strong></span> <span class='ocrx_word' id='word_1_198' title='bbox 3593 1282 3812 1339; x_wconf 71' lang='grc' dir='ltr'>διαλύει·</span> 
     </span>
    </p>
   </div>
   <div class='ocr_carea' id='block_1_31' title="bbox 2796 1373 3818 1453">
    <p class='ocr_par' dir='ltr' id='par_1_31' title="bbox 2796 1373 3818 1453">
     <span class='ocr_line' id='line_1_31' title="bbox 2796 1373 3818 1453; baseline 0 -25"><span class='ocrx_word' id='word_1_199' title='bbox 2796 1386 3098 1453; x_wconf 79' lang='grc' dir='ltr'>συναναιρετ</span> <span class='ocrx_word' id='word_1_200' title='bbox 3178 1374 3272 1437; x_wconf 79' lang='grc' dir='ltr'><strong>τὰς</strong></span> <span class='ocrx_word' id='word_1_201' title='bbox 3349 1374 3561 1453; x_wconf 80' lang='grc' dir='ltr'>ἀρετὰς,</span> <span class='ocrx_word' id='word_1_202' title='bbox 3639 1373 3818 1450; x_wconf 78' lang='grc' dir='ltr'>ὥσπερ</span> 
     </span>
    </p>
   </div>
   <div class='ocr_carea' id='block_1_32' title="bbox 2177 1462 3817 1543">
    <p class='ocr_par' dir='ltr' id='par_1_32' title="bbox 2177 1462 3817 1543">
     <span class='ocr_line' id='line_1_32' title="bbox 2177 1462 3817 1543; baseline -0.001 -25"><span class='ocrx_word' id='word_1_203' title='bbox 2177 1465 2266 1520; x_wconf 85' lang='grc' dir='ltr'>καὶ</span> <span class='ocrx_word' id='word_1_204' title='bbox 2313 1471 2549 1543; x_wconf 86' lang='grc' dir='ltr'>παροῦσα</span> <span class='ocrx_word' id='word_1_205' title='bbox 2596 1469 2832 1536; x_wconf 85' lang='grc' dir='ltr'>συνιστᾷ·</span> <span class='ocrx_word' id='word_1_206' title='bbox 2879 1465 2974 1528; x_wconf 80' lang='grc' dir='ltr'><strong>τὰς</strong></span> <span class='ocrx_word' id='word_1_207' title='bbox 3022 1463 3210 1542; x_wconf 77' lang='grc' dir='ltr'>ἀρετὰς</span> <span class='ocrx_word' id='word_1_208' title='bbox 3269 1462 3357 1519; x_wconf 81' lang='grc' dir='ltr'>οὗν</span> <span class='ocrx_word' id='word_1_209' title='bbox 3413 1462 3585 1526; x_wconf 85' lang='grc' dir='ltr'>πάσας</span> <span class='ocrx_word' id='word_1_210' title='bbox 3645 1483 3817 1518; x_wconf 90' lang='grc' dir='ltr'>κατα-</span> 
     </span>
    </p>
   </div>
   <div class='ocr_carea' id='block_1_33' title="bbox 2171 1544 3816 1634">
    <p class='ocr_par' dir='ltr' id='par_1_33' title="bbox 2171 1544 3816 1634">
     <span class='ocr_line' id='line_1_33' title="bbox 2171 1544 3816 1634; baseline -0.001 -24"><span class='ocrx_word' id='word_1_211' title='bbox 2171 1556 2279 1623; x_wconf 76' lang='grc' dir='ltr'>λύει</span> <span class='ocrx_word' id='word_1_212' title='bbox 2331 1557 2357 1611; x_wconf 98' lang='lat'><strong>6</strong></span> <span class='ocrx_word' id='word_1_213' title='bbox 2440 1553 2680 1634; x_wconf 74' lang='grc' dir='ltr'>ὑϐρίζων,</span> <span class='ocrx_word' id='word_1_214' title='bbox 2739 1557 2792 1611; x_wconf 63' lang='grc' dir='ltr'>ἓν</span> <span class='ocrx_word' id='word_1_215' title='bbox 2849 1560 2925 1628; x_wconf 84' lang='grc' dir='ltr'><strong>τῷ</strong></span> <span class='ocrx_word' id='word_1_216' title='bbox 2981 1557 3076 1623; x_wconf 77' lang='grc' dir='ltr'>τὴν</span> <span class='ocrx_word' id='word_1_217' title='bbox 3107 1555 3324 1634; x_wconf 82' lang='grc' dir='ltr'>ἀγάπην</span> <span class='ocrx_word' id='word_1_218' title='bbox 3358 1553 3605 1626; x_wconf 78' lang='grc' dir='ltr'>διασπᾷν,</span> <span class='ocrx_word' id='word_1_219' title='bbox 3641 1544 3816 1608; x_wconf 72' lang='grc' dir='ltr'>’Ὠστε</span> 
     </span>
    </p>
   </div>
   <div class='ocr_carea' id='block_1_34' title="bbox 2172 1645 2918 1727">
    <p class='ocr_par' dir='ltr' id='par_1_34' title="bbox 2172 1645 2918 1727">
     <span class='ocr_line' id='line_1_34' title="bbox 2172 1645 2918 1727; baseline 0.009 -25"><span class='ocrx_word' id='word_1_220' title='bbox 2172 1648 2388 1712; x_wconf 75' lang='grc' dir='ltr'>εἰκότως</span> <span class='ocrx_word' id='word_1_221' title='bbox 2433 1647 2572 1714; x_wconf 73' lang='grc' dir='ltr'>ἄξιος</span> <span class='ocrx_word' id='word_1_222' title='bbox 2603 1653 2696 1703; x_wconf 71' lang='grc' dir='ltr'>τοῦ</span> <span class='ocrx_word' id='word_1_223' title='bbox 2728 1645 2918 1727; x_wconf 82' lang='grc' dir='ltr'>πυρός.</span> 
     </span>
    </p>
   </div>
   <div class='ocr_carea' id='block_1_35' title="bbox 2254 1824 3814 1906">
    <p class='ocr_par' dir='ltr' id='par_1_35' title="bbox 2254 1824 3814 1906">
     <span class='ocr_line' id='line_1_35' title="bbox 2254 1824 3814 1906; baseline -0.003 -22"><span class='ocrx_word' id='word_1_224' title='bbox 2254 1852 2281 1884; x_wconf 75' lang='grc' dir='ltr'>ι</span> <span class='ocrx_word' id='word_1_225' title='bbox 2341 1825 2467 1886; x_wconf 80' lang='grc' dir='ltr'>Ἐὰν</span> <span class='ocrx_word' id='word_1_226' title='bbox 2547 1829 2636 1884; x_wconf 83' lang='grc' dir='ltr'><strong>οὖν</strong></span> <span class='ocrx_word' id='word_1_227' title='bbox 2713 1826 3015 1906; x_wconf 75' lang='grc' dir='ltr'>προσφέρῃς</span> <span class='ocrx_word' id='word_1_228' title='bbox 3097 1827 3158 1882; x_wconf 77' lang='grc' dir='ltr'>τὸ</span> <span class='ocrx_word' id='word_1_229' title='bbox 3227 1824 3390 1905; x_wconf 75' lang='grc' dir='ltr'>δῶρὸν</span> <span class='ocrx_word' id='word_1_230' title='bbox 3451 1847 3542 1882; x_wconf 86' lang='grc' dir='ltr'>σου</span> <span class='ocrx_word' id='word_1_231' title='bbox 3599 1825 3683 1881; x_wconf 72' lang='grc' dir='ltr'><strong>ἰπὶ</strong></span> <span class='ocrx_word' id='word_1_232' title='bbox 3751 1831 3814 1886; x_wconf 81' lang='grc' dir='ltr'>τὸ</span> 
     </span>
    </p>
   </div>
   <div class='ocr_carea' id='block_1_36' title="bbox 441 1915 2084 2002">
    <p class='ocr_par' dir='ltr' id='par_1_36' title="bbox 441 1919 2084 2002">
     <span class='ocr_line' id='line_1_36' title="bbox 441 1919 2084 2002; baseline 0.003 -22"><span class='ocrx_word' id='word_1_233' title='bbox 441 1921 512 1982; x_wconf 89' lang='lat' dir='ltr'><strong>ad</strong></span> <span class='ocrx_word' id='word_1_234' title='bbox 545 1920 747 1994; x_wconf 90' lang='lat' dir='ltr'><strong>altare,</strong></span> <span class='ocrx_word' id='word_1_235' title='bbox 784 1927 841 1979; x_wconf 92' lang='lat' dir='ltr'><strong>et</strong></span> <span class='ocrx_word' id='word_1_236' title='bbox 869 1919 992 1980; x_wconf 88' lang='lat' dir='ltr'><strong>illic</strong></span> <span class='ocrx_word' id='word_1_237' title='bbox 1041 1919 1388 1981; x_wconf 88' lang='lat' dir='ltr'><strong>recordatus</strong></span> <span class='ocrx_word' id='word_1_238' title='bbox 1446 1921 1650 1994; x_wconf 81' lang='lat' dir='ltr'><strong>fueris,</strong></span> <span class='ocrx_word' id='word_1_239' title='bbox 1685 1921 1844 2002; x_wconf 91' lang='lat' dir='ltr'><strong>quod</strong></span> <span class='ocrx_word' id='word_1_240' title='bbox 1903 1922 2084 1985; x_wconf 81' lang='lat' dir='ltr'><strong>frater</strong></span> 
     </span>
    </p>
   </div>
   <div class='ocr_carea' id='block_1_37' title="bbox 2178 1915 3814 2002">
    <p class='ocr_par' dir='ltr' id='par_1_37' title="bbox 2178 1915 3814 2001">
     <span class='ocr_line' id='line_1_37' title="bbox 2178 1915 3814 2001; baseline -0.002 -25"><span class='ocrx_word' id='word_1_241' title='bbox 2178 1921 2554 2001; x_wconf 68' lang='grc' dir='ltr'>ὶυσιαστήριον,</span> <span class='ocrx_word' id='word_1_242' title='bbox 2626 1921 2785 1977; x_wconf 79' lang='grc' dir='ltr'>κάκεῖ</span> <span class='ocrx_word' id='word_1_243' title='bbox 2859 1921 3123 1999; x_wconf 78' lang='grc' dir='ltr'><strong>μνησθῇς,</strong></span> <span class='ocrx_word' id='word_1_244' title='bbox 3205 1918 3286 1974; x_wconf 80' lang='grc' dir='ltr'><strong>ὅτι</strong></span> <span class='ocrx_word' id='word_1_245' title='bbox 3343 1919 3370 1972; x_wconf 83' lang='lat'><strong>6</strong></span> <span class='ocrx_word' id='word_1_246' title='bbox 3439 1915 3664 1997; x_wconf 74' lang='grc' dir='ltr'>ἀδελφός</span> <span class='ocrx_word' id='word_1_247' title='bbox 3721 1938 3814 1973; x_wconf 88' lang='grc' dir='ltr'>σου</span> 
     </span>
    </p>
   </div>
   <div class='ocr_carea' id='block_1_38' title="bbox 444 2007 2081 2088">
    <p class='ocr_par' dir='ltr' id='par_1_38' title="bbox 444 2007 2081 2088">
     <span class='ocr_line' id='line_1_38' title="bbox 444 2007 2081 2088; baseline 0.002 -18"><span class='ocrx_word' id='word_1_248' title='bbox 444 2017 576 2070; x_wconf 89' lang='lat' dir='ltr'><strong>tuus</strong></span> <span class='ocrx_word' id='word_1_249' title='bbox 599 2007 1019 2088; x_wconf 85' lang='lat' dir='ltr'><strong>habetaliquid</strong></span> <span class='ocrx_word' id='word_1_250' title='bbox 1046 2010 1359 2070; x_wconf 87' lang='lat' dir='ltr'><strong>adversum</strong></span> <span class='ocrx_word' id='word_1_251' title='bbox 1387 2009 1703 2083; x_wconf 87' lang='lat' dir='ltr'><strong>te,dimitte</strong></span> <span class='ocrx_word' id='word_1_252' title='bbox 1729 2010 1847 2072; x_wconf 92' lang='lat' dir='ltr'><strong>illic</strong></span> <span class='ocrx_word' id='word_1_253' title='bbox 1864 2029 2081 2075; x_wconf 86' lang='lat' dir='ltr'><strong>munus</strong></span> 
     </span>
    </p>
   </div>
   <div class='ocr_carea' id='block_1_39' title="bbox 443 2095 2084 2178">
    <p class='ocr_par' dir='ltr' id='par_1_39' title="bbox 443 2097 2079 2178">
     <span class='ocr_line' id='line_1_39' title="bbox 443 2097 2079 2178; baseline 0.003 -21"><span class='ocrx_word' id='word_1_254' title='bbox 443 2106 607 2157; x_wconf 90' lang='lat' dir='ltr'><strong>tuum</strong></span> <span class='ocrx_word' id='word_1_255' title='bbox 640 2105 776 2157; x_wconf 89' lang='lat' dir='ltr'><strong>ante</strong></span> <span class='ocrx_word' id='word_1_256' title='bbox 806 2100 990 2158; x_wconf 91' lang='lat' dir='ltr'><strong>altare</strong></span> <span class='ocrx_word' id='word_1_257' title='bbox 1021 2107 1076 2158; x_wconf 93' lang='lat' dir='ltr'><strong>et</strong></span> <span class='ocrx_word' id='word_1_258' title='bbox 1108 2097 1226 2177; x_wconf 86' lang='lat' dir='ltr'><strong>abi,</strong></span> <span class='ocrx_word' id='word_1_259' title='bbox 1265 2101 1426 2178; x_wconf 90' lang='lat' dir='ltr'><strong>prius</strong></span> <span class='ocrx_word' id='word_1_260' title='bbox 1475 2100 1864 2162; x_wconf 89' lang='lat' dir='ltr'><strong>reconciliare</strong></span> <span class='ocrx_word' id='word_1_261' title='bbox 1913 2101 2079 2162; x_wconf 79' lang='lat' dir='ltr'><strong>fratri</strong></span> 
     </span>
    </p>
   </div>
   <div class='ocr_carea' id='block_1_40' title="bbox 2178 2095 3128 2178">
    <p class='ocr_par' dir='ltr' id='par_1_40' title="bbox 2178 2095 3128 2178">
     <span class='ocr_line' id='line_1_40' title="bbox 2178 2095 3128 2178; baseline -0.003 -24"><span class='ocrx_word' id='word_1_262' title='bbox 2178 2106 2256 2155; x_wconf 75' lang='grc' dir='ltr'>τοῦ</span> <span class='ocrx_word' id='word_1_263' title='bbox 2321 2100 2708 2178; x_wconf 79' lang='grc' dir='ltr'><strong>θυσιαστηρίου,</strong></span> <span class='ocrx_word' id='word_1_264' title='bbox 2784 2098 2872 2153; x_wconf 84' lang='grc' dir='ltr'><strong>καὶ</strong></span> <span class='ocrx_word' id='word_1_265' title='bbox 2936 2095 3128 2177; x_wconf 75' lang='grc' dir='ltr'>ὕπαγε,</span> 
     </span>
    </p>
   </div>
   <div class='ocr_carea' id='block_1_41' title="bbox 443 2187 2085 2252">
    <p class='ocr_par' dir='ltr' id='par_1_41' title="bbox 443 2187 2085 2252">
     <span class='ocr_line' id='line_1_41' title="bbox 443 2187 2085 2252; baseline 0.003 -5"><span class='ocrx_word' id='word_1_266' title='bbox 443 2196 540 2247; x_wconf 90' lang='lat' dir='ltr'><strong>tuo</strong></span> <span class='ocrx_word' id='word_1_267' title='bbox 573 2195 630 2247; x_wconf 92' lang='lat' dir='ltr'><strong>et</strong></span> <span class='ocrx_word' id='word_1_268' title='bbox 663 2195 800 2247; x_wconf 91' lang='lat' dir='ltr'><strong>tunc</strong></span> <span class='ocrx_word' id='word_1_269' title='bbox 831 2187 1075 2248; x_wconf 81' lang='lat' dir='ltr'><strong>veniens</strong></span> <span class='ocrx_word' id='word_1_270' title='bbox 1118 2189 1265 2248; x_wconf 77' lang='lat' dir='ltr'><strong>offer</strong></span> <span class='ocrx_word' id='word_1_271' title='bbox 1299 2207 1511 2248; x_wconf 88' lang='lat' dir='ltr'><strong>munus</strong></span> <span class='ocrx_word' id='word_1_272' title='bbox 1569 2197 1758 2250; x_wconf 90' lang='lat' dir='ltr'><strong>tuum.</strong></span> <span class='ocrx_word' id='word_1_273' title='bbox 1799 2214 1821 2247; x_wconf 72' lang='grc' dir='ltr'><strong>ι</strong></span> <span class='ocrx_word' id='word_1_274' title='bbox 1862 2191 2085 2252; x_wconf 90' lang='lat' dir='ltr'><strong>Conte-</strong></span> 
     </span>
    </p>
   </div>
   <div class='ocr_carea' id='block_1_42' title="bbox 446 2275 2085 2355">
    <p class='ocr_par' dir='ltr' id='par_1_42' title="bbox 446 2275 2085 2355">
     <span class='ocr_line' id='line_1_42' title="bbox 446 2275 2085 2355; baseline 0.004 -21"><span class='ocrx_word' id='word_1_275' title='bbox 446 2275 768 2337; x_wconf 91' lang='lat' dir='ltr'><strong>mnitDeus</strong></span> <span class='ocrx_word' id='word_1_276' title='bbox 801 2275 1107 2355; x_wconf 90' lang='lat' dir='ltr'><strong>proprium</strong></span> <span class='ocrx_word' id='word_1_277' title='bbox 1144 2276 1456 2344; x_wconf 87' lang='lat' dir='ltr'><strong>honorem,</strong></span> <span class='ocrx_word' id='word_1_278' title='bbox 1495 2285 1721 2338; x_wconf 85' lang='lat' dir='ltr'><strong>tantum</strong></span> <span class='ocrx_word' id='word_1_279' title='bbox 1757 2285 1820 2337; x_wconf 92' lang='lat' dir='ltr'><strong>ut</strong></span> <span class='ocrx_word' id='word_1_280' title='bbox 1852 2297 1958 2339; x_wconf 92' lang='lat' dir='ltr'><strong>nos</strong></span> <span class='ocrx_word' id='word_1_281' title='bbox 1990 2280 2085 2340; x_wconf 90' lang='lat' dir='ltr'><strong>di-</strong></span> 
     </span>
    </p>
   </div>
   <div class='ocr_carea' id='block_1_43' title="bbox 442 2361 2085 2447">
    <p class='ocr_par' dir='ltr' id='par_1_43' title="bbox 442 2361 2085 2447">
     <span class='ocr_line' id='line_1_43' title="bbox 442 2361 2085 2447; baseline 0.004 -25"><span class='ocrx_word' id='word_1_282' title='bbox 442 2361 711 2441; x_wconf 91' lang='lat' dir='ltr'><strong>ligamus.</strong></span> <span class='ocrx_word' id='word_1_283' title='bbox 751 2363 895 2425; x_wconf 86' lang='lat' dir='ltr'><strong>Cum</strong></span> <span class='ocrx_word' id='word_1_284' title='bbox 928 2373 1124 2424; x_wconf 87' lang='lat' dir='ltr'><strong>autem</strong></span> <span class='ocrx_word' id='word_1_285' title='bbox 1154 2363 1420 2437; x_wconf 83' lang='lat' dir='ltr'><strong>dixisset,</strong></span> <span class='ocrx_word' id='word_1_286' title='bbox 1453 2365 1515 2427; x_wconf 90' lang='lat' dir='ltr'><strong>Si</strong></span> <span class='ocrx_word' id='word_1_287' title='bbox 1547 2365 1821 2426; x_wconf 88' lang='lat' dir='ltr'><strong>habuerit</strong></span> <span class='ocrx_word' id='word_1_288' title='bbox 1865 2368 2085 2447; x_wconf 90' lang='lat' dir='ltr'><strong>aliquid</strong></span> 
     </span>
    </p>
   </div>
   <div class='ocr_carea' id='block_1_44' title="bbox 442 2453 2087 2533">
    <p class='ocr_par' dir='ltr' id='par_1_44' title="bbox 442 2453 2087 2533">
     <span class='ocr_line' id='line_1_44' title="bbox 442 2453 2087 2533; baseline 0.004 -21"><span class='ocrx_word' id='word_1_289' title='bbox 442 2460 642 2513; x_wconf 90' lang='lat' dir='ltr'><strong>contra</strong></span> <span class='ocrx_word' id='word_1_290' title='bbox 689 2460 744 2512; x_wconf 92' lang='lat' dir='ltr'><strong>te</strong></span> <span class='ocrx_word' id='word_1_291' title='bbox 789 2453 970 2512; x_wconf 85' lang='lat' dir='ltr'><strong>frater</strong></span> <span class='ocrx_word' id='word_1_292' title='bbox 999 2461 1156 2523; x_wconf 90' lang='lat' dir='ltr'><strong>tuus,</strong></span> <span class='ocrx_word' id='word_1_293' title='bbox 1193 2453 1340 2513; x_wconf 90' lang='lat' dir='ltr'><strong>nihil</strong></span> <span class='ocrx_word' id='word_1_294' title='bbox 1391 2453 1546 2514; x_wconf 88' lang='lat' dir='ltr'><strong>aliud</strong></span> <span class='ocrx_word' id='word_1_295' title='bbox 1604 2455 1898 2533; x_wconf 89' lang='lat' dir='ltr'><strong>apposuit.</strong></span> <span class='ocrx_word' id='word_1_296' title='bbox 1954 2460 2087 2519; x_wconf 83' lang='lat' dir='ltr'><strong>Sive</strong></span> 
     </span>
    </p>
   </div>
   <div class='ocr_carea' id='block_1_45' title="bbox 443 2540 2088 2620">
    <p class='ocr_par' dir='ltr' id='par_1_45' title="bbox 443 2540 2088 2620">
     <span class='ocr_line' id='line_1_45' title="bbox 443 2540 2088 2620; baseline 0.004 -20"><span class='ocrx_word' id='word_1_297' title='bbox 443 2540 601 2600; x_wconf 90' lang='lat' dir='ltr'><strong>enim</strong></span> <span class='ocrx_word' id='word_1_298' title='bbox 629 2541 788 2618; x_wconf 88' lang='lat' dir='ltr'><strong>juste</strong></span> <span class='ocrx_word' id='word_1_299' title='bbox 816 2541 1182 2620; x_wconf 39' lang='lat' dir='ltr'><strong>sivejinjuste</strong></span> <span class='ocrx_word' id='word_1_300' title='bbox 1206 2541 1940 2616; x_wconf 83' lang='lat' dir='ltr'><strong>habeat,reconciliare.Et</strong></span> <span class='ocrx_word' id='word_1_301' title='bbox 1972 2565 2088 2606; x_wconf 94' lang='lat' dir='ltr'><strong>non</strong></span> 
     </span>
    </p>
   </div>
   <div class='ocr_carea' id='block_1_46' title="bbox 2165 2005 3814 2089">
    <p class='ocr_par' dir='ltr' id='par_1_46' title="bbox 2165 2005 3814 2089">
     <span class='ocr_line' id='line_1_46' title="bbox 2165 2005 3814 2089; baseline -0.002 -25"><span class='ocrx_word' id='word_1_302' title='bbox 2165 2009 2282 2089; x_wconf 70' lang='grc' dir='ltr'>ἔχει</span> <span class='ocrx_word' id='word_1_303' title='bbox 2334 2032 2382 2064; x_wconf 86' lang='grc' dir='ltr'><strong>τι</strong></span> <span class='ocrx_word' id='word_1_304' title='bbox 2440 2010 2574 2065; x_wconf 83' lang='grc' dir='ltr'><strong>κατά</strong></span> <span class='ocrx_word' id='word_1_305' title='bbox 2608 2017 2722 2087; x_wconf 78' lang='grc' dir='ltr'>σοῦ,</span> <span class='ocrx_word' id='word_1_306' title='bbox 2756 2008 2883 2087; x_wconf 76' lang='grc' dir='ltr'>ἄφες</span> <span class='ocrx_word' id='word_1_307' title='bbox 2921 2008 3036 2064; x_wconf 76' lang='grc' dir='ltr'>ἐκεῖ</span> <span class='ocrx_word' id='word_1_308' title='bbox 3066 2010 3124 2064; x_wconf 82' lang='grc' dir='ltr'><strong>τὸ</strong></span> <span class='ocrx_word' id='word_1_309' title='bbox 3168 2005 3332 2086; x_wconf 83' lang='grc' dir='ltr'>δῶρόν</span> <span class='ocrx_word' id='word_1_310' title='bbox 3389 2028 3482 2064; x_wconf 90' lang='grc' dir='ltr'>σου</span> <span class='ocrx_word' id='word_1_311' title='bbox 3519 2006 3814 2084; x_wconf 75' lang='grc' dir='ltr'>ἔμπροσθεν</span> 
     </span>
    </p>
   </div>
   <div class='ocr_carea' id='block_1_47' title="bbox 3215 2093 3812 2173">
    <p class='ocr_par' dir='ltr' id='par_1_47' title="bbox 3215 2093 3812 2173">
     <span class='ocr_line' id='line_1_47' title="bbox 3215 2093 3812 2173; baseline -0.003 -21"><span class='ocrx_word' id='word_1_312' title='bbox 3215 2101 3422 2173; x_wconf 83' lang='grc' dir='ltr'>πρῶτον</span> <span class='ocrx_word' id='word_1_313' title='bbox 3492 2093 3539 2150; x_wconf 90' lang='grc' dir='ltr'><strong>δι</strong></span> <span class='ocrx_word' id='word_1_314' title='bbox 3547 2094 3784 2173; x_wconf 86' lang='grc' dir='ltr'>αλλάγηθ</span> <span class='ocrx_word' id='word_1_315' title='bbox 3797 2119 3812 2150; x_wconf 91' lang='grc' dir='ltr'><strong>ι</strong></span> 
     </span>
    </p>
   </div>
   <div class='ocr_carea' id='block_1_48' title="bbox 2168 2183 3812 2268">
    <p class='ocr_par' dir='ltr' id='par_1_48' title="bbox 2168 2183 3812 2268">
     <span class='ocr_line' id='line_1_48' title="bbox 2168 2183 3812 2268; baseline -0.002 -26"><span class='ocrx_word' id='word_1_316' title='bbox 2168 2193 2245 2262; x_wconf 83' lang='grc' dir='ltr'>τῷ</span> <span class='ocrx_word' id='word_1_317' title='bbox 2300 2185 2508 2265; x_wconf 77' lang='grc' dir='ltr'>ἀδελφῷ</span> <span class='ocrx_word' id='word_1_318' title='bbox 2563 2210 2680 2268; x_wconf 88' lang='grc' dir='ltr'>σου,</span> <span class='ocrx_word' id='word_1_319' title='bbox 2730 2188 2816 2243; x_wconf 84' lang='grc' dir='ltr'>καὶ</span> <span class='ocrx_word' id='word_1_320' title='bbox 2859 2186 2978 2242; x_wconf 84' lang='grc' dir='ltr'>τότε</span> <span class='ocrx_word' id='word_1_321' title='bbox 3051 2185 3214 2241; x_wconf 79' lang='grc' dir='ltr'>ἐλθὼν</span> <span class='ocrx_word' id='word_1_322' title='bbox 3245 2183 3505 2266; x_wconf 76' lang='grc' dir='ltr'>πρόσφερε</span> <span class='ocrx_word' id='word_1_323' title='bbox 3542 2185 3602 2240; x_wconf 81' lang='grc' dir='ltr'>τὸ</span> <span class='ocrx_word' id='word_1_324' title='bbox 3646 2183 3812 2262; x_wconf 82' lang='grc' dir='ltr'>δῶρόν</span> 
     </span>
    </p>
   </div>
   <div class='ocr_carea' id='block_1_49' title="bbox 2171 2273 3812 2355">
    <p class='ocr_par' dir='ltr' id='par_1_49' title="bbox 2171 2273 3812 2355">
     <span class='ocr_line' id='line_1_49' title="bbox 2171 2273 3812 2355; baseline -0.003 -23"><span class='ocrx_word' id='word_1_325' title='bbox 2171 2297 2283 2334; x_wconf 89' lang='grc' dir='ltr'>σου.</span> <span class='ocrx_word' id='word_1_326' title='bbox 2352 2298 2376 2333; x_wconf 73' lang='grc' dir='ltr'>ι</span> <span class='ocrx_word' id='word_1_327' title='bbox 2440 2287 2769 2355; x_wconf 74' lang='grc' dir='ltr'>Καταφρονεϊ</span> <span class='ocrx_word' id='word_1_328' title='bbox 2837 2277 2865 2330; x_wconf 91' lang='lat'><strong>6</strong></span> <span class='ocrx_word' id='word_1_329' title='bbox 2922 2275 3051 2337; x_wconf 77' lang='grc' dir='ltr'>Θεὸς</span> <span class='ocrx_word' id='word_1_330' title='bbox 3111 2279 3209 2342; x_wconf 76' lang='grc' dir='ltr'><strong>τῆς</strong></span> <span class='ocrx_word' id='word_1_331' title='bbox 3280 2275 3476 2338; x_wconf 78' lang='grc' dir='ltr'>οἰκείας</span> <span class='ocrx_word' id='word_1_332' title='bbox 3507 2274 3689 2353; x_wconf 71' lang='grc' dir='ltr'>τιμῆς,</span> <span class='ocrx_word' id='word_1_333' title='bbox 3722 2273 3812 2328; x_wconf 77' lang='grc' dir='ltr'>’ίνα</span> 
     </span>
    </p>
   </div>
   <div class='ocr_carea' id='block_1_50' title="bbox 2169 2361 3812 2442">
    <p class='ocr_par' dir='ltr' id='par_1_50' title="bbox 2169 2361 3812 2442">
     <span class='ocr_line' id='line_1_50' title="bbox 2169 2361 3812 2442; baseline -0.002 -19"><span class='ocrx_word' id='word_1_334' title='bbox 2169 2369 2331 2440; x_wconf 77' lang='grc' dir='ltr'>ἡμεῖς</span> <span class='ocrx_word' id='word_1_335' title='bbox 2386 2365 2548 2440; x_wconf 83' lang='grc' dir='ltr'>μόνον</span> <span class='ocrx_word' id='word_1_336' title='bbox 2618 2365 2936 2442; x_wconf 83' lang='grc' dir='ltr'>ἀγαπῶμεν,</span> <span class='ocrx_word' id='word_1_337' title='bbox 2999 2361 3124 2422; x_wconf 79' lang='grc' dir='ltr'>Ἐὰν</span> <span class='ocrx_word' id='word_1_338' title='bbox 3154 2362 3209 2418; x_wconf 76' lang='grc' dir='ltr'>δὲ</span> <span class='ocrx_word' id='word_1_339' title='bbox 3253 2361 3360 2442; x_wconf 80' lang='grc' dir='ltr'>’έχῃ</span> <span class='ocrx_word' id='word_1_340' title='bbox 3393 2386 3440 2419; x_wconf 89' lang='grc' dir='ltr'><strong>τι</strong></span> <span class='ocrx_word' id='word_1_341' title='bbox 3487 2364 3622 2419; x_wconf 87' lang='grc' dir='ltr'><strong>κατά</strong></span> <span class='ocrx_word' id='word_1_342' title='bbox 3665 2370 3755 2419; x_wconf 80' lang='grc' dir='ltr'>σοῦ</span> <span class='ocrx_word' id='word_1_343' title='bbox 3785 2365 3812 2418; x_wconf 96' lang='lat'><strong>6</strong></span> 
     </span>
    </p>
   </div>
   <div class='ocr_carea' id='block_1_51' title="bbox 2170 2451 3813 2533">
    <p class='ocr_par' dir='ltr' id='par_1_51' title="bbox 2170 2451 3813 2533">
     <span class='ocr_line' id='line_1_51' title="bbox 2170 2451 3813 2533; baseline -0.001 -25"><span class='ocrx_word' id='word_1_344' title='bbox 2170 2453 2390 2533; x_wconf 80' lang='grc' dir='ltr'>ἀδελφός</span> <span class='ocrx_word' id='word_1_345' title='bbox 2461 2476 2553 2512; x_wconf 77' lang='grc' dir='ltr'>σου</span> <span class='ocrx_word' id='word_1_346' title='bbox 2608 2455 2790 2528; x_wconf 83' lang='grc' dir='ltr'>εἰπὼν,</span> <span class='ocrx_word' id='word_1_347' title='bbox 2827 2452 2971 2509; x_wconf 69' lang='grc' dir='ltr'>οὐδὲν</span> <span class='ocrx_word' id='word_1_348' title='bbox 3005 2451 3137 2508; x_wconf 82' lang='grc' dir='ltr'>ἂλλο</span> <span class='ocrx_word' id='word_1_349' title='bbox 3179 2452 3522 2519; x_wconf 81' lang='grc' dir='ltr'>προσέθηκεν.</span> <span class='ocrx_word' id='word_1_350' title='bbox 3559 2452 3685 2510; x_wconf 71' lang='grc' dir='ltr'>Εἴτε</span> <span class='ocrx_word' id='word_1_351' title='bbox 3714 2451 3813 2529; x_wconf 81' lang='grc' dir='ltr'><strong>γὰρ</strong></span> 
     </span>
    </p>
   </div>
   <div class='ocr_carea' id='block_1_52' title="bbox 2171 2540 3810 2622">
    <p class='ocr_par' dir='ltr' id='par_1_52' title="bbox 2171 2540 3810 2622">
     <span class='ocr_line' id='line_1_52' title="bbox 2171 2540 3810 2622; baseline -0.002 -25"><span class='ocrx_word' id='word_1_352' title='bbox 2171 2542 2384 2606; x_wconf 81' lang='grc' dir='ltr'>δικαίως</span> <span class='ocrx_word' id='word_1_353' title='bbox 2455 2541 2566 2598; x_wconf 73' lang='grc' dir='ltr'>εἴτε</span> <span class='ocrx_word' id='word_1_354' title='bbox 2598 2541 2787 2606; x_wconf 83' lang='grc' dir='ltr'>ἀδίκως</span> <span class='ocrx_word' id='word_1_355' title='bbox 2831 2541 2973 2622; x_wconf 77' lang='grc' dir='ltr'>ἔχει,</span> <span class='ocrx_word' id='word_1_356' title='bbox 3007 2540 3343 2619; x_wconf 84' lang='grc' dir='ltr'>διαλλάγηθι,</span> <span class='ocrx_word' id='word_1_357' title='bbox 3381 2545 3478 2600; x_wconf 84' lang='grc' dir='ltr'>Καὶ</span> <span class='ocrx_word' id='word_1_358' title='bbox 3506 2543 3600 2598; x_wconf 75' lang='grc' dir='ltr'><strong>οὔκ</strong></span> <span class='ocrx_word' id='word_1_359' title='bbox 3630 2542 3810 2615; x_wconf 72' lang='grc' dir='ltr'>εἶπεν,</span> 
     </span>
    </p>
   </div>
   <div class='ocr_carea' id='block_1_53' title="bbox 442 2628 2084 2713">
    <p class='ocr_par' dir='ltr' id='par_1_53' title="bbox 442 2628 2084 2713">
     <span class='ocr_line' id='line_1_53' title="bbox 442 2628 2084 2713; baseline 0.004 -25"><span class='ocrx_word' id='word_1_360' title='bbox 442 2629 608 2704; x_wconf 83' lang='lat' dir='ltr'><strong>dixit,</strong></span> <span class='ocrx_word' id='word_1_361' title='bbox 646 2628 706 2689; x_wconf 92' lang='lat' dir='ltr'><strong>Si</strong></span> <span class='ocrx_word' id='word_1_362' title='bbox 735 2629 925 2691; x_wconf 87' lang='lat' dir='ltr'><strong>habes</strong></span> <span class='ocrx_word' id='word_1_363' title='bbox 960 2639 1019 2690; x_wconf 90' lang='lat' dir='ltr'><strong>tu</strong></span> <span class='ocrx_word' id='word_1_364' title='bbox 1052 2639 1257 2692; x_wconf 87' lang='lat' dir='ltr'><strong>contra</strong></span> <span class='ocrx_word' id='word_1_365' title='bbox 1288 2630 1478 2705; x_wconf 82' lang='lat' dir='ltr'><strong>illum,</strong></span> <span class='ocrx_word' id='word_1_366' title='bbox 1524 2632 1627 2691; x_wconf 90' lang='lat' dir='ltr'><strong>sed</strong></span> <span class='ocrx_word' id='word_1_367' title='bbox 1655 2632 1717 2692; x_wconf 82' lang='lat' dir='ltr'><strong>Si</strong></span> <span class='ocrx_word' id='word_1_368' title='bbox 1747 2633 1886 2713; x_wconf 88' lang='lat' dir='ltr'><strong>quid</strong></span> <span class='ocrx_word' id='word_1_369' title='bbox 1914 2635 2084 2695; x_wconf 88' lang='lat' dir='ltr'><strong>habet</strong></span> 
     </span>
    </p>
   </div>
   <div class='ocr_carea' id='block_1_54' title="bbox 2178 2628 3812 2713">
    <p class='ocr_par' dir='ltr' id='par_1_54' title="bbox 2178 2628 3812 2711">
     <span class='ocr_line' id='line_1_54' title="bbox 2178 2628 3812 2711; baseline -0.003 -23"><span class='ocrx_word' id='word_1_370' title='bbox 2178 2631 2297 2688; x_wconf 79' lang='grc' dir='ltr'><strong>Ἐὰν</strong></span> <span class='ocrx_word' id='word_1_371' title='bbox 2329 2630 2462 2710; x_wconf 75' lang='grc' dir='ltr'>ἔχῃς</span> <span class='ocrx_word' id='word_1_372' title='bbox 2496 2633 2555 2688; x_wconf 85' lang='grc' dir='ltr'>σὺ</span> <span class='ocrx_word' id='word_1_373' title='bbox 2598 2630 2715 2688; x_wconf 84' lang='grc' dir='ltr'>κατ’</span> <span class='ocrx_word' id='word_1_374' title='bbox 2748 2631 2968 2710; x_wconf 73' lang='grc' dir='ltr'>ἐκείνου,</span> <span class='ocrx_word' id='word_1_375' title='bbox 3001 2629 3147 2711; x_wconf 82' lang='grc' dir='ltr'>ἀλλ’,</span> <span class='ocrx_word' id='word_1_376' title='bbox 3181 2628 3305 2687; x_wconf 81' lang='grc' dir='ltr'>Ἐὰν</span> <span class='ocrx_word' id='word_1_377' title='bbox 3347 2629 3454 2710; x_wconf 85' lang='grc' dir='ltr'>’έχη</span> <span class='ocrx_word' id='word_1_378' title='bbox 3502 2629 3709 2693; x_wconf 70' lang='grc' dir='ltr'>ὶκεϊνος</span> <span class='ocrx_word' id='word_1_379' title='bbox 3764 2651 3812 2684; x_wconf 93' lang='grc' dir='ltr'><strong>τι</strong></span> 
     </span>
    </p>
   </div>
   <div class='ocr_carea' id='block_1_55' title="bbox 441 2717 2092 2798">
    <p class='ocr_par' dir='ltr' id='par_1_55' title="bbox 441 2717 2092 2798">
     <span class='ocr_line' id='line_1_55' title="bbox 441 2717 2092 2798; baseline 0.004 -21"><span class='ocrx_word' id='word_1_380' title='bbox 441 2717 539 2786; x_wconf 73' lang='lat' dir='ltr'><strong>illo</strong></span> <span class='ocrx_word' id='word_1_381' title='bbox 571 2726 776 2778; x_wconf 90' lang='lat' dir='ltr'><strong>contra</strong></span> <span class='ocrx_word' id='word_1_382' title='bbox 801 2727 877 2790; x_wconf 92' lang='lat' dir='ltr'><strong>te,</strong></span> <span class='ocrx_word' id='word_1_383' title='bbox 902 2737 1121 2780; x_wconf 90' lang='lat' dir='ltr'><strong>conare</strong></span> <span class='ocrx_word' id='word_1_384' title='bbox 1149 2727 1209 2779; x_wconf 87' lang='lat' dir='ltr'><strong>ut</strong></span> <span class='ocrx_word' id='word_1_385' title='bbox 1240 2719 1431 2798; x_wconf 92' lang='lat' dir='ltr'><strong>ipsum</strong></span> <span class='ocrx_word' id='word_1_386' title='bbox 1465 2721 1534 2779; x_wconf 92' lang='lat' dir='ltr'><strong>ad</strong></span> <span class='ocrx_word' id='word_1_387' title='bbox 1569 2720 1886 2782; x_wconf 89' lang='lat' dir='ltr'><strong>amicitiam</strong></span> <span class='ocrx_word' id='word_1_388' title='bbox 1916 2724 2092 2782; x_wconf 93' lang='lat' dir='ltr'><strong>redu-</strong></span> 
     </span>
    </p>
   </div>
   <div class='ocr_carea' id='block_1_56' title="bbox 442 2805 2089 2890">
    <p class='ocr_par' dir='ltr' id='par_1_56' title="bbox 442 2805 2089 2890">
     <span class='ocr_line' id='line_1_56' title="bbox 442 2805 2089 2890; baseline 0.004 -25"><span class='ocrx_word' id='word_1_389' title='bbox 442 2825 562 2866; x_wconf 88' lang='lat' dir='ltr'><strong>cas.</strong></span> <span class='ocrx_word' id='word_1_390' title='bbox 597 2805 868 2886; x_wconf 74' lang='lat' dir='ltr'><strong>Praecipit</strong></span> <span class='ocrx_word' id='word_1_391' title='bbox 917 2815 1109 2868; x_wconf 89' lang='lat' dir='ltr'><strong>autem</strong></span> <span class='ocrx_word' id='word_1_392' title='bbox 1144 2807 1564 2868; x_wconf 89' lang='lat' dir='ltr'><strong>dimittendum</strong></span> <span class='ocrx_word' id='word_1_393' title='bbox 1612 2808 1857 2890; x_wconf 88' lang='lat' dir='ltr'><strong>donum,</strong></span> <span class='ocrx_word' id='word_1_394' title='bbox 1914 2820 1975 2871; x_wconf 91' lang='lat' dir='ltr'><strong>ut</strong></span> <span class='ocrx_word' id='word_1_395' title='bbox 2010 2810 2089 2872; x_wconf 91' lang='lat' dir='ltr'><strong>ibi</strong></span> 
     </span>
    </p>
   </div>
   <div class='ocr_carea' id='block_1_57' title="bbox 441 2895 2086 2978">
    <p class='ocr_par' dir='ltr' id='par_1_57' title="bbox 441 2895 2086 2978">
     <span class='ocr_line' id='line_1_57' title="bbox 441 2895 2086 2978; baseline 0.003 -23"><span class='ocrx_word' id='word_1_396' title='bbox 441 2896 852 2956; x_wconf 89' lang='lat' dir='ltr'><strong>necessitatem</strong></span> <span class='ocrx_word' id='word_1_397' title='bbox 911 2896 1174 2976; x_wconf 84' lang='lat' dir='ltr'><strong>imponat</strong></span> <span class='ocrx_word' id='word_1_398' title='bbox 1228 2895 1680 2978; x_wconf 84' lang='lat' dir='ltr'><strong>reconciliandi,</strong></span> <span class='ocrx_word' id='word_1_399' title='bbox 1717 2906 1774 2958; x_wconf 92' lang='lat' dir='ltr'><strong>et</strong></span> <span class='ocrx_word' id='word_1_400' title='bbox 1810 2909 1868 2959; x_wconf 89' lang='lat' dir='ltr'><strong>tu</strong></span> <span class='ocrx_word' id='word_1_401' title='bbox 1901 2899 1949 2959; x_wconf 91' lang='lat' dir='ltr'><strong>si</strong></span> <span class='ocrx_word' id='word_1_402' title='bbox 1986 2917 2086 2961; x_wconf 88' lang='lat' dir='ltr'><strong>vo-</strong></span> 
     </span>
    </p>
   </div>
   <div class='ocr_carea' id='block_1_58' title="bbox 439 2984 2084 3066">
    <p class='ocr_par' dir='ltr' id='par_1_58' title="bbox 439 2984 2084 3064">
     <span class='ocr_line' id='line_1_58' title="bbox 439 2984 2084 3064; baseline 0.005 -20"><span class='ocrx_word' id='word_1_403' title='bbox 439 2984 644 3045; x_wconf 52' lang='lat' dir='ltr'><strong>lueris”</strong></span> <span class='ocrx_word' id='word_1_404' title='bbox 671 2984 884 3045; x_wconf 80' lang='lat' dir='ltr'><strong>otl‘erre</strong></span> <span class='ocrx_word' id='word_1_405' title='bbox 924 2986 1168 3058; x_wconf 85' lang='lat' dir='ltr'><strong>donum,</strong></span> <span class='ocrx_word' id='word_1_406' title='bbox 1200 2987 1428 3064; x_wconf 87' lang='lat' dir='ltr'><strong>cogaris</strong></span> <span class='ocrx_word' id='word_1_407' title='bbox 1463 2987 1861 3048; x_wconf 85' lang='lat' dir='ltr'><strong>reconciliari.</strong></span> <span class='ocrx_word' id='word_1_408' title='bbox 1902 2987 2084 3053; x_wconf 89' lang='lat' dir='ltr'><strong>Docet</strong></span> 
     </span>
    </p>
   </div>
   <div class='ocr_carea' id='block_1_59' title="bbox 2178 2984 3324 3066">
    <p class='ocr_par' dir='ltr' id='par_1_59' title="bbox 2178 2984 3324 3066">
     <span class='ocr_line' id='line_1_59' title="bbox 2178 2984 3324 3066; baseline 0 -23"><span class='ocrx_word' id='word_1_409' title='bbox 2178 2987 2260 3066; x_wconf 79' lang='grc' dir='ltr'>ρὸν</span> <span class='ocrx_word' id='word_1_410' title='bbox 2345 3009 2460 3063; x_wconf 79' lang='grc' dir='ltr'>σου,</span> <span class='ocrx_word' id='word_1_411' title='bbox 2519 2988 2902 3065; x_wconf 76' lang='grc' dir='ltr'>ἀναγκασθήσῃ</span> <span class='ocrx_word' id='word_1_412' title='bbox 2955 2984 3324 3064; x_wconf 78' lang='grc' dir='ltr'>διαλλαγῆναι.</span> 
     </span>
    </p>
   </div>
   <div class='ocr_carea' id='block_1_60' title="bbox 2173 2718 3813 2799">
    <p class='ocr_par' dir='ltr' id='par_1_60' title="bbox 2173 2718 3813 2799">
     <span class='ocr_line' id='line_1_60' title="bbox 2173 2718 3813 2799; baseline -0.001 -24"><span class='ocrx_word' id='word_1_413' title='bbox 2173 2723 2307 2776; x_wconf 85' lang='grc' dir='ltr'><strong>κατά</strong></span> <span class='ocrx_word' id='word_1_414' title='bbox 2365 2728 2479 2796; x_wconf 82' lang='grc' dir='ltr'>σοῦ,</span> <span class='ocrx_word' id='word_1_415' title='bbox 2542 2718 2834 2777; x_wconf 79' lang='grc' dir='ltr'>σπούδασον</span> <span class='ocrx_word' id='word_1_416' title='bbox 2892 2722 3044 2777; x_wconf 68' lang='grc' dir='ltr'>αὐτὸν</span> <span class='ocrx_word' id='word_1_417' title='bbox 3077 2719 3322 2799; x_wconf 77' lang='grc' dir='ltr'>φιλιῶσαί</span> <span class='ocrx_word' id='word_1_418' title='bbox 3355 2741 3460 2779; x_wconf 90' lang='grc' dir='ltr'>σοι.</span> <span class='ocrx_word' id='word_1_419' title='bbox 3495 2720 3813 2796; x_wconf 85' lang='grc' dir='ltr'>Προστάττει</span> 
     </span>
    </p>
   </div>
   <div class='ocr_carea' id='block_1_61' title="bbox 2174 2807 3815 2889">
    <p class='ocr_par' dir='ltr' id='par_1_61' title="bbox 2174 2807 3815 2889">
     <span class='ocr_line' id='line_1_61' title="bbox 2174 2807 3815 2889; baseline -0.001 -25"><span class='ocrx_word' id='word_1_420' title='bbox 2174 2807 2229 2864; x_wconf 81' lang='grc' dir='ltr'>δὲ</span> <span class='ocrx_word' id='word_1_421' title='bbox 2259 2810 2471 2889; x_wconf 71' lang='grc' dir='ltr'>ἀφεῖναι</span> <span class='ocrx_word' id='word_1_422' title='bbox 2498 2811 2558 2866; x_wconf 71' lang='grc' dir='ltr'>τὸ</span> <span class='ocrx_word' id='word_1_423' title='bbox 2632 2807 2818 2887; x_wconf 83' lang='grc' dir='ltr'>δῶρον,</span> <span class='ocrx_word' id='word_1_424' title='bbox 2867 2808 2959 2866; x_wconf 76' lang='grc' dir='ltr'>’ίνα</span> <span class='ocrx_word' id='word_1_425' title='bbox 3020 2831 3107 2866; x_wconf 92' lang='grc' dir='ltr'><strong>σοι</strong></span> <span class='ocrx_word' id='word_1_426' title='bbox 3164 2809 3399 2886; x_wconf 83' lang='grc' dir='ltr'>ἀνάγκην</span> <span class='ocrx_word' id='word_1_427' title='bbox 3462 2808 3657 2883; x_wconf 72' lang='grc' dir='ltr'>ἓνθήσῃ</span> <span class='ocrx_word' id='word_1_428' title='bbox 3722 2813 3815 2863; x_wconf 83' lang='grc' dir='ltr'><strong>τοῦ</strong></span> 
     </span>
    </p>
   </div>
   <div class='ocr_carea' id='block_1_62' title="bbox 2171 2894 3811 2978">
    <p class='ocr_par' dir='ltr' id='par_1_62' title="bbox 2171 2894 3811 2978">
     <span class='ocr_line' id='line_1_62' title="bbox 2171 2894 3811 2978; baseline -0.001 -25"><span class='ocrx_word' id='word_1_429' title='bbox 2171 2897 2596 2977; x_wconf 77' lang='grc' dir='ltr'>καταλλαγῆναι⁶</span> <span class='ocrx_word' id='word_1_430' title='bbox 2653 2901 2713 2954; x_wconf 84' lang='grc' dir='ltr'>σὸ</span> <span class='ocrx_word' id='word_1_431' title='bbox 2796 2899 2895 2978; x_wconf 78' lang='grc' dir='ltr'><strong>γὰρ</strong></span> <span class='ocrx_word' id='word_1_432' title='bbox 2950 2897 3117 2954; x_wconf 90' lang='grc' dir='ltr'>θέλων</span> <span class='ocrx_word' id='word_1_433' title='bbox 3146 2898 3564 2978; x_wconf 66' lang='grc' dir='ltr'>προσενεχθῆναι</span> <span class='ocrx_word' id='word_1_434' title='bbox 3597 2899 3657 2953; x_wconf 85' lang='grc' dir='ltr'>τὸ</span> <span class='ocrx_word' id='word_1_435' title='bbox 3701 2894 3811 2951; x_wconf 84' lang='grc' dir='ltr'><strong>δὼ-</strong></span> 
     </span>
    </p>
   </div>
   <div class='ocr_carea' id='block_1_63' title="bbox 3415 2975 3812 3061">
    <p class='ocr_par' dir='ltr' id='par_1_63' title="bbox 3415 2975 3812 3061">
     <span class='ocr_line' id='line_1_63' title="bbox 3415 2975 3812 3061; baseline -0.005 -20"><span class='ocrx_word' id='word_1_436' title='bbox 3415 2979 3428 2998; x_wconf 46' lang='grc' dir='ltr'>ι</span> <span class='ocrx_word' id='word_1_437' title='bbox 3439 2975 3572 3061; x_wconf 76' lang='grc' dir='ltr'><strong>Ἀμα</strong></span> <span class='ocrx_word' id='word_1_438' title='bbox 3617 2984 3671 3041; x_wconf 80' lang='grc' dir='ltr'>δὲ</span> <span class='ocrx_word' id='word_1_439' title='bbox 3705 2983 3812 3040; x_wconf 85' lang='grc' dir='ltr'>δει-</span> 
     </span>
    </p>
   </div>
   <div class='ocr_carea' id='block_1_64' title="bbox 443 3072 2084 3159">
    <p class='ocr_par' dir='ltr' id='par_1_64' title="bbox 443 3073 2084 3138">
     <span class='ocr_line' id='line_1_64' title="bbox 443 3073 2084 3138; baseline 0 -4"><span class='ocrx_word' id='word_1_440' title='bbox 443 3074 618 3134; x_wconf 84' lang='lat' dir='ltr'><strong>etiam</strong></span> <span class='ocrx_word' id='word_1_441' title='bbox 650 3073 889 3134; x_wconf 89' lang='lat' dir='ltr'><strong>interim</strong></span> <span class='ocrx_word' id='word_1_442' title='bbox 921 3074 1269 3136; x_wconf 89' lang='lat' dir='ltr'><strong>charitatem</strong></span> <span class='ocrx_word' id='word_1_443' title='bbox 1295 3093 1500 3136; x_wconf 88' lang='lat' dir='ltr'><strong>verum</strong></span> <span class='ocrx_word' id='word_1_444' title='bbox 1543 3093 1674 3136; x_wconf 90' lang='lat' dir='ltr'><strong>esse</strong></span> <span class='ocrx_word' id='word_1_445' title='bbox 1703 3077 2084 3138; x_wconf 83' lang='lat' dir='ltr'><strong>sacriﬁcium.</strong></span> 
     </span>
    </p>
   </div>
   <div class='ocr_carea' id='block_1_65' title="bbox 2178 3072 3376 3159">
    <p class='ocr_par' dir='ltr' id='par_1_65' title="bbox 2178 3072 3376 3154">
     <span class='ocr_line' id='line_1_65' title="bbox 2178 3072 3376 3154; baseline 0.001 -22"><span class='ocrx_word' id='word_1_446' title='bbox 2178 3077 2311 3133; x_wconf 77' lang='grc' dir='ltr'>κνύει</span> <span class='ocrx_word' id='word_1_447' title='bbox 2353 3078 2433 3132; x_wconf 87' lang='grc' dir='ltr'>ὃτι</span> <span class='ocrx_word' id='word_1_448' title='bbox 2475 3075 2512 3142; x_wconf 74' lang='grc' dir='ltr'><strong>η</strong></span> <span class='ocrx_word' id='word_1_449' title='bbox 2545 3076 2727 3154; x_wconf 87' lang='grc' dir='ltr'>ἀγάπη</span> <span class='ocrx_word' id='word_1_450' title='bbox 2761 3074 2905 3131; x_wconf 79' lang='grc' dir='ltr'>ἐστὲν</span> <span class='ocrx_word' id='word_1_451' title='bbox 2936 3077 2970 3143; x_wconf 80' lang='grc' dir='ltr'>ἡ</span> <span class='ocrx_word' id='word_1_452' title='bbox 3002 3072 3166 3137; x_wconf 74' lang='grc' dir='ltr'>ὅντως</span> <span class='ocrx_word' id='word_1_453' title='bbox 3208 3075 3376 3132; x_wconf 85' lang='grc' dir='ltr'>θυσία.</span> 
     </span>
    </p>
   </div>
   <div class='ocr_carea' id='block_1_66' title="bbox 509 3161 2087 3234">
    <p class='ocr_par' dir='ltr' id='par_1_66' title="bbox 509 3161 2087 3234">
     <span class='ocr_line' id='line_1_66' title="bbox 509 3161 2087 3234; baseline 0.002 -10"><span class='ocrx_word' id='word_1_454' title='bbox 509 3164 695 3224; x_wconf 74' lang='lat' dir='ltr'><strong>Vens.</strong></span> <span class='ocrx_word' id='word_1_455' title='bbox 725 3162 824 3234; x_wconf 74' lang='lat'><strong>9.5,</strong></span> <span class='ocrx_word' id='word_1_456' title='bbox 857 3161 956 3226; x_wconf 72' lang='lat'><strong>26.</strong></span> <span class='ocrx_word' id='word_1_457' title='bbox 994 3185 1018 3219; x_wconf 73' lang='grc' dir='ltr'><strong><em>α</em></strong></span> <span class='ocrx_word' id='word_1_458' title='bbox 1055 3161 1190 3223; x_wconf 87' lang='lat' dir='ltr'><strong>Esto</strong></span> <span class='ocrx_word' id='word_1_459' title='bbox 1221 3163 1545 3225; x_wconf 88' lang='lat' dir='ltr'><strong>benevolus</strong></span> <span class='ocrx_word' id='word_1_460' title='bbox 1600 3164 1940 3227; x_wconf 88' lang='lat' dir='ltr'><strong>adversario</strong></span> <span class='ocrx_word' id='word_1_461' title='bbox 1989 3173 2087 3227; x_wconf 94' lang='lat' dir='ltr'><strong>tuo</strong></span> 
     </span>
    </p>
   </div>
   <div class='ocr_carea' id='block_1_67' title="bbox 440 3252 2089 3334">
    <p class='ocr_par' dir='ltr' id='par_1_67' title="bbox 440 3252 2089 3334">
     <span class='ocr_line' id='line_1_67' title="bbox 440 3252 2089 3334; baseline 0.002 -22"><span class='ocrx_word' id='word_1_462' title='bbox 440 3254 578 3330; x_wconf 88' lang='lat' dir='ltr'><strong>cito,</strong></span> <span class='ocrx_word' id='word_1_463' title='bbox 603 3252 863 3332; x_wconf 90' lang='lat' dir='ltr'><strong>quandiu</strong></span> <span class='ocrx_word' id='word_1_464' title='bbox 896 3260 982 3312; x_wconf 91' lang='lat' dir='ltr'><strong>est</strong></span> <span class='ocrx_word' id='word_1_465' title='bbox 1015 3253 1072 3312; x_wconf 90' lang='lat' dir='ltr'><strong>in</strong></span> <span class='ocrx_word' id='word_1_466' title='bbox 1103 3252 1195 3313; x_wconf 88' lang='lat' dir='ltr'><strong>via</strong></span> <span class='ocrx_word' id='word_1_467' title='bbox 1222 3272 1358 3313; x_wconf 90' lang='lat' dir='ltr'><strong>cum</strong></span> <span class='ocrx_word' id='word_1_468' title='bbox 1392 3271 1487 3316; x_wconf 92' lang='lat' dir='ltr'><strong>eo.</strong></span> <span class='ocrx_word' id='word_1_469' title='bbox 1522 3271 1597 3314; x_wconf 91' lang='lat' dir='ltr'><strong>ne</strong></span> <span class='ocrx_word' id='word_1_470' title='bbox 1627 3254 1861 3334; x_wconf 90' lang='lat' dir='ltr'><strong>quando</strong></span> <span class='ocrx_word' id='word_1_471' title='bbox 1895 3263 1950 3316; x_wconf 93' lang='lat' dir='ltr'><strong>te</strong></span> <span class='ocrx_word' id='word_1_472' title='bbox 1975 3264 2089 3316; x_wconf 89' lang='lat' dir='ltr'><strong>tra-</strong></span> 
     </span>
    </p>
   </div>
   <div class='ocr_carea' id='block_1_68' title="bbox 441 3340 2081 3420">
    <p class='ocr_par' dir='ltr' id='par_1_68' title="bbox 441 3340 2081 3420">
     <span class='ocr_line' id='line_1_68' title="bbox 441 3340 2081 3420; baseline 0.004 -21"><span class='ocrx_word' id='word_1_473' title='bbox 441 3340 539 3401; x_wconf 87' lang='lat' dir='ltr'><strong>dat</strong></span> <span class='ocrx_word' id='word_1_474' title='bbox 566 3341 936 3401; x_wconf 89' lang='lat' dir='ltr'><strong>adversarius</strong></span> <span class='ocrx_word' id='word_1_475' title='bbox 956 3341 1168 3419; x_wconf 92' lang='lat' dir='ltr'><strong>judici,</strong></span> <span class='ocrx_word' id='word_1_476' title='bbox 1203 3349 1262 3401; x_wconf 92' lang='lat' dir='ltr'><strong>et</strong></span> <span class='ocrx_word' id='word_1_477' title='bbox 1284 3342 1470 3420; x_wconf 82' lang='lat' dir='ltr'><strong>judex</strong></span> <span class='ocrx_word' id='word_1_478' title='bbox 1496 3350 1552 3403; x_wconf 89' lang='lat' dir='ltr'><strong>te</strong></span> <span class='ocrx_word' id='word_1_479' title='bbox 1578 3345 1767 3403; x_wconf 88' lang='lat' dir='ltr'><strong>tradat</strong></span> <span class='ocrx_word' id='word_1_480' title='bbox 1788 3343 2081 3420; x_wconf 88' lang='lat' dir='ltr'><strong>ministro,</strong></span> 
     </span>
    </p>
   </div>
   <div class='ocr_carea' id='block_1_69' title="bbox 438 3429 2082 3508">
    <p class='ocr_par' dir='ltr' id='par_1_69' title="bbox 438 3429 2082 3508">
     <span class='ocr_line' id='line_1_69' title="bbox 438 3429 2082 3508; baseline 0.002 -18"><span class='ocrx_word' id='word_1_481' title='bbox 438 3438 494 3490; x_wconf 88' lang='lat' dir='ltr'><strong>et</strong></span> <span class='ocrx_word' id='word_1_482' title='bbox 524 3431 582 3490; x_wconf 90' lang='lat' dir='ltr'><strong>in</strong></span> <span class='ocrx_word' id='word_1_483' title='bbox 624 3448 927 3490; x_wconf 90' lang='lat' dir='ltr'><strong>carcerem</strong></span> <span class='ocrx_word' id='word_1_484' title='bbox 971 3429 1516 3508; x_wconf 81' lang='lat' dir='ltr'><strong>onjiciaris.Amen</strong></span> <span class='ocrx_word' id='word_1_485' title='bbox 1542 3432 1673 3492; x_wconf 90' lang='lat' dir='ltr'><strong>dico</strong></span> <span class='ocrx_word' id='word_1_486' title='bbox 1720 3433 1845 3503; x_wconf 89' lang='lat' dir='ltr'><strong>tibi,</strong></span> <span class='ocrx_word' id='word_1_487' title='bbox 1882 3435 2082 3494; x_wconf 87' lang='lat' dir='ltr'><strong>neuti-</strong></span> 
     </span>
    </p>
   </div>
   <div class='ocr_carea' id='block_1_70' title="bbox 440 3519 2084 3601">
    <p class='ocr_par' dir='ltr' id='par_1_70' title="bbox 440 3519 2084 3601">
     <span class='ocr_line' id='line_1_70' title="bbox 440 3519 2084 3601; baseline 0.004 -24"><span class='ocrx_word' id='word_1_488' title='bbox 440 3537 613 3597; x_wconf 90' lang='lat' dir='ltr'><strong>quam</strong></span> <span class='ocrx_word' id='word_1_489' title='bbox 647 3519 833 3579; x_wconf 81' lang='lat' dir='ltr'><strong>exibis</strong></span> <span class='ocrx_word' id='word_1_490' title='bbox 865 3519 1247 3598; x_wconf 74' lang='lat' dir='ltr'><strong>illinc,donec</strong></span> <span class='ocrx_word' id='word_1_491' title='bbox 1265 3519 1478 3579; x_wconf 88' lang='lat' dir='ltr'><strong>reddas</strong></span> <span class='ocrx_word' id='word_1_492' title='bbox 1501 3521 1770 3580; x_wconf 88' lang='lat' dir='ltr'><strong>ultimum</strong></span> <span class='ocrx_word' id='word_1_493' title='bbox 1795 3521 2084 3601; x_wconf 88' lang='lat' dir='ltr'><strong>quadran-</strong></span> 
     </span>
    </p>
   </div>
   <div class='ocr_carea' id='block_1_71' title="bbox 436 3607 2078 3688">
    <p class='ocr_par' dir='ltr' id='par_1_71' title="bbox 436 3607 2078 3688">
     <span class='ocr_line' id='line_1_71' title="bbox 436 3607 2078 3688; baseline 0.003 -22"><span class='ocrx_word' id='word_1_494' title='bbox 436 3615 577 3667; x_wconf 87' lang='lat' dir='ltr'><strong>tem.</strong></span> <span class='ocrx_word' id='word_1_495' title='bbox 598 3633 615 3662; x_wconf 76' lang='grc' dir='ltr'><strong>ι</strong></span> <span class='ocrx_word' id='word_1_496' title='bbox 642 3607 922 3669; x_wconf 90' lang='lat' dir='ltr'><strong>Nonnulli</strong></span> <span class='ocrx_word' id='word_1_497' title='bbox 947 3616 1149 3687; x_wconf 88' lang='lat' dir='ltr'><strong>putant</strong></span> <span class='ocrx_word' id='word_1_498' title='bbox 1176 3608 1580 3670; x_wconf 79' lang='lat' dir='ltr'><strong>adversarium</strong></span> <span class='ocrx_word' id='word_1_499' title='bbox 1616 3609 1735 3672; x_wconf 88' lang='lat' dir='ltr'><strong>dici</strong></span> <span class='ocrx_word' id='word_1_500' title='bbox 1754 3611 2078 3688; x_wconf 89' lang='lat' dir='ltr'><strong>diabolum,</strong></span> 
     </span>
    </p>
   </div>
   <div class='ocr_carea' id='block_1_72' title="bbox 2260 3154 3812 3242">
    <p class='ocr_par' dir='ltr' id='par_1_72' title="bbox 2260 3154 3812 3242">
     <span class='ocr_line' id='line_1_72' title="bbox 2260 3154 3812 3242; baseline -0.002 -23"><span class='ocrx_word' id='word_1_501' title='bbox 2260 3185 2282 3219; x_wconf 74' lang='grc' dir='ltr'><strong>ι</strong></span> <span class='ocrx_word' id='word_1_502' title='bbox 2320 3154 2466 3221; x_wconf 76' lang='grc' dir='ltr'>’Ἰσθι</span> <span class='ocrx_word' id='word_1_503' title='bbox 2524 3162 2715 3218; x_wconf 74' lang='grc' dir='ltr'>εὐνοῶν</span> <span class='ocrx_word' id='word_1_504' title='bbox 2773 3169 2849 3237; x_wconf 82' lang='grc' dir='ltr'>τῷ</span> <span class='ocrx_word' id='word_1_505' title='bbox 2912 3159 3156 3235; x_wconf 79' lang='grc' dir='ltr'>ἀντιδίκῳ</span> <span class='ocrx_word' id='word_1_506' title='bbox 3211 3184 3306 3218; x_wconf 91' lang='grc' dir='ltr'>σου</span> <span class='ocrx_word' id='word_1_507' title='bbox 3335 3162 3498 3242; x_wconf 85' lang='grc' dir='ltr'>ταχὺ,</span> <span class='ocrx_word' id='word_1_508' title='bbox 3545 3161 3646 3224; x_wconf 90' lang='grc' dir='ltr'>ἓως</span> <span class='ocrx_word' id='word_1_509' title='bbox 3691 3162 3812 3217; x_wconf 86' lang='grc' dir='ltr'>ὃτου</span> 
     </span>
    </p>
   </div>
   <div class='ocr_carea' id='block_1_73' title="bbox 2170 3247 3816 3330">
    <p class='ocr_par' dir='ltr' id='par_1_73' title="bbox 2170 3247 3816 3330">
     <span class='ocr_line' id='line_1_73' title="bbox 2170 3247 3816 3330; baseline -0.001 -23"><span class='ocrx_word' id='word_1_510' title='bbox 2170 3253 2224 3308; x_wconf 69' lang='grc' dir='ltr'>εἴ</span> <span class='ocrx_word' id='word_1_511' title='bbox 2281 3252 2335 3308; x_wconf 72' lang='grc' dir='ltr'>ἓν</span> <span class='ocrx_word' id='word_1_512' title='bbox 2393 3257 2460 3329; x_wconf 75' lang='grc' dir='ltr'><strong>τῇ</strong></span> <span class='ocrx_word' id='word_1_513' title='bbox 2521 3249 2625 3324; x_wconf 83' lang='grc' dir='ltr'>ὁδῷ</span> <span class='ocrx_word' id='word_1_514' title='bbox 2695 3249 2813 3326; x_wconf 78' lang='grc' dir='ltr'>μετ’</span> <span class='ocrx_word' id='word_1_515' title='bbox 2871 3251 3049 3330; x_wconf 76' lang='grc' dir='ltr'>αὐτοῦ,</span> <span class='ocrx_word' id='word_1_516' title='bbox 3113 3250 3322 3326; x_wconf 74' lang='grc' dir='ltr'>μὴποτί</span> <span class='ocrx_word' id='word_1_517' title='bbox 3379 3272 3436 3306; x_wconf 81' lang='grc' dir='ltr'><strong>σε</strong></span> <span class='ocrx_word' id='word_1_518' title='bbox 3508 3247 3727 3329; x_wconf 82' lang='grc' dir='ltr'>παραδῷ</span> <span class='ocrx_word' id='word_1_519' title='bbox 3787 3252 3816 3306; x_wconf 89' lang='lat'><strong>6</strong></span> 
     </span>
    </p>
   </div>
   <div class='ocr_carea' id='block_1_74' title="bbox 2167 3339 3814 3421">
    <p class='ocr_par' dir='ltr' id='par_1_74' title="bbox 2167 3339 3814 3421">
     <span class='ocr_line' id='line_1_74' title="bbox 2167 3339 3814 3421; baseline -0.002 -24"><span class='ocrx_word' id='word_1_520' title='bbox 2167 3339 2423 3405; x_wconf 82' lang='grc' dir='ltr'>ἀντίδικος</span> <span class='ocrx_word' id='word_1_521' title='bbox 2479 3348 2555 3416; x_wconf 84' lang='grc' dir='ltr'>τῷ</span> <span class='ocrx_word' id='word_1_522' title='bbox 2611 3347 2792 3421; x_wconf 78' lang='grc' dir='ltr'>κριτῇ,</span> <span class='ocrx_word' id='word_1_523' title='bbox 2865 3341 2953 3397; x_wconf 89' lang='grc' dir='ltr'>καὶ</span> <span class='ocrx_word' id='word_1_524' title='bbox 3008 3344 3036 3396; x_wconf 89' lang='lat'><strong>6</strong></span> <span class='ocrx_word' id='word_1_525' title='bbox 3091 3343 3276 3420; x_wconf 78' lang='grc' dir='ltr'>κριτής</span> <span class='ocrx_word' id='word_1_526' title='bbox 3373 3339 3704 3421; x_wconf 25' lang='grc' dir='ltr'>σεᾼπαραδῷ</span> <span class='ocrx_word' id='word_1_527' title='bbox 3737 3340 3814 3414; x_wconf 84' lang='grc' dir='ltr'><strong>τῷ</strong></span> 
     </span>
    </p>
   </div>
   <div class='ocr_carea' id='block_1_75' title="bbox 2165 3419 3812 3510">
    <p class='ocr_par' dir='ltr' id='par_1_75' title="bbox 2165 3419 3812 3510">
     <span class='ocr_line' id='line_1_75' title="bbox 2165 3419 3812 3510; baseline -0.001 -25"><span class='ocrx_word' id='word_1_528' title='bbox 2165 3429 2425 3510; x_wconf 78' lang='grc' dir='ltr'>ὑπηρέτῃ,</span> <span class='ocrx_word' id='word_1_529' title='bbox 2502 3431 2589 3485; x_wconf 81' lang='grc' dir='ltr'><strong>καὶ</strong></span> <span class='ocrx_word' id='word_1_530' title='bbox 2659 3432 2729 3494; x_wconf 81' lang='grc' dir='ltr'>εἷς</span> <span class='ocrx_word' id='word_1_531' title='bbox 2777 3419 3026 3508; x_wconf 15' lang='grc' dir='ltr'>ἠφυλαγὴν</span> <span class='ocrx_word' id='word_1_532' title='bbox 3096 3419 3366 3506; x_wconf 81' lang='grc' dir='ltr'>βληθήσῃ,</span> <span class='ocrx_word' id='word_1_533' title='bbox 3446 3419 3614 3504; x_wconf 74' lang='grc' dir='ltr'>Ἀμὴν</span> <span class='ocrx_word' id='word_1_534' title='bbox 3672 3427 3812 3507; x_wconf 88' lang='grc' dir='ltr'>λέγω</span> 
     </span>
    </p>
   </div>
   <div class='ocr_carea' id='block_1_76' title="bbox 2167 3516 3809 3598">
    <p class='ocr_par' dir='ltr' id='par_1_76' title="bbox 2167 3516 3809 3598">
     <span class='ocr_line' id='line_1_76' title="bbox 2383 3516 3768 3540; baseline -0.001 -3"><span class='ocrx_word' id='word_1_535' title='bbox 2383 3521 2396 3537; x_wconf 70' lang='lat'><strong>1</strong></span> <span class='ocrx_word' id='word_1_536' title='bbox 2520 3519 2532 3535; x_wconf 82' lang='lat'><strong><em>\</em></strong></span> <span class='ocrx_word' id='word_1_537' title='bbox 2582 3518 2596 3536; x_wconf 70' lang='grc'><strong>9</strong></span> <span class='ocrx_word' id='word_1_538' title='bbox 2647 3517 2656 3535; x_wconf 71' lang='grc'><strong><em>1</em></strong></span> <span class='ocrx_word' id='word_1_539' title='bbox 2874 3521 2886 3540; x_wconf 62' lang='grc' dir='ltr'><strong>ν</strong></span> <span class='ocrx_word' id='word_1_540' title='bbox 3161 3521 3183 3538; x_wconf 73' lang='lat' dir='ltr'>ﬂ</span> <span class='ocrx_word' id='word_1_541' title='bbox 3331 3516 3354 3536; x_wconf 73' lang='grc' dir='ltr'><strong><em>ν</em></strong></span> <span class='ocrx_word' id='word_1_542' title='bbox 3588 3523 3613 3533; x_wconf 79' lang='lat'><strong>~</strong></span> <span class='ocrx_word' id='word_1_543' title='bbox 3755 3520 3768 3536; x_wconf 79' lang='lat'><strong><em>\</em></strong></span> 
     </span>
     <span class='ocr_line' id='line_1_77' title="bbox 2167 3516 3809 3598; baseline 0 -24"><span class='ocrx_word' id='word_1_544' title='bbox 2167 3541 2272 3598; x_wconf 70' lang='grc' dir='ltr'>σοι,</span> <span class='ocrx_word' id='word_1_545' title='bbox 2348 3543 2407 3575; x_wconf 89' lang='grc' dir='ltr'>ου</span> <span class='ocrx_word' id='word_1_546' title='bbox 2470 3541 2548 3593; x_wconf 86' lang='grc' dir='ltr'><strong>μη</strong></span> <span class='ocrx_word' id='word_1_547' title='bbox 2579 3516 2788 3592; x_wconf 80' lang='grc' dir='ltr'>εξελθῃς</span> <span class='ocrx_word' id='word_1_548' title='bbox 2876 3522 3101 3597; x_wconf 77' lang='grc' dir='ltr'>εκεῒθεν,</span> <span class='ocrx_word' id='word_1_549' title='bbox 3162 3541 3260 3582; x_wconf 90' lang='grc' dir='ltr'><strong>εως</strong></span> <span class='ocrx_word' id='word_1_550' title='bbox 3324 3541 3383 3573; x_wconf 93' lang='grc' dir='ltr'><strong>αν</strong></span> <span class='ocrx_word' id='word_1_551' title='bbox 3441 3518 3649 3592; x_wconf 81' lang='grc' dir='ltr'>ἀποδῳς</span> <span class='ocrx_word' id='word_1_552' title='bbox 3719 3540 3809 3574; x_wconf 89' lang='grc' dir='ltr'><strong>τον</strong></span> 
     </span>
    </p>
   </div>
   <div class='ocr_carea' id='block_1_77' title="bbox 2166 3605 3810 3686">
    <p class='ocr_par' dir='ltr' id='par_1_77' title="bbox 2166 3605 3810 3686">
     <span class='ocr_line' id='line_1_78' title="bbox 2166 3605 3810 3686; baseline 0 -24"><span class='ocrx_word' id='word_1_553' title='bbox 2166 3607 2399 3686; x_wconf 77' lang='grc' dir='ltr'>ἔσχατον</span> <span class='ocrx_word' id='word_1_554' title='bbox 2479 3606 2791 3686; x_wconf 78' lang='grc' dir='ltr'>κοδράντην·</span> <span class='ocrx_word' id='word_1_555' title='bbox 2862 3629 2890 3662; x_wconf 69' lang='grc' dir='ltr'><strong><em>ι</em></strong></span> <span class='ocrx_word' id='word_1_556' title='bbox 2968 3607 3116 3671; x_wconf 79' lang='grc' dir='ltr'>Τινὲς</span> <span class='ocrx_word' id='word_1_557' title='bbox 3202 3608 3496 3683; x_wconf 86' lang='grc' dir='ltr'>νομίζουσιν</span> <span class='ocrx_word' id='word_1_558' title='bbox 3552 3605 3810 3662; x_wconf 85' lang='grc' dir='ltr'>ἀντίδικον</span> 
     </span>
    </p>
   </div>
   <div class='ocr_carea' id='block_1_78' title="bbox 442 3693 2084 3784">
    <p class='ocr_par' dir='ltr' id='par_1_78' title="bbox 442 3695 2084 3774">
     <span class='ocr_line' id='line_1_79' title="bbox 442 3695 2084 3774; baseline 0.005 -21"><span class='ocrx_word' id='word_1_559' title='bbox 442 3696 585 3756; x_wconf 88' lang='lat' dir='ltr'><strong>viam</strong></span> <span class='ocrx_word' id='word_1_560' title='bbox 613 3703 808 3757; x_wconf 91' lang='lat' dir='ltr'><strong>autem</strong></span> <span class='ocrx_word' id='word_1_561' title='bbox 837 3695 1016 3758; x_wconf 90' lang='lat' dir='ltr'><strong>vitam</strong></span> <span class='ocrx_word' id='word_1_562' title='bbox 1052 3717 1064 3758; x_wconf 92' lang='lat'>:</span> <span class='ocrx_word' id='word_1_563' title='bbox 1103 3698 1418 3758; x_wconf 90' lang='lat' dir='ltr'><strong>Dominum</strong></span> <span class='ocrx_word' id='word_1_564' title='bbox 1452 3716 1589 3759; x_wconf 91' lang='lat' dir='ltr'><strong>vero</strong></span> <span class='ocrx_word' id='word_1_565' title='bbox 1639 3699 1984 3774; x_wconf 89' lang='lat' dir='ltr'><strong>admonere,</strong></span> <span class='ocrx_word' id='word_1_566' title='bbox 2019 3713 2084 3762; x_wconf 86' lang='lat' dir='ltr'><strong>ut</strong></span> 
     </span>
    </p>
   </div>
   <div class='ocr_carea' id='block_1_79' title="bbox 2178 3693 3810 3784">
    <p class='ocr_par' dir='ltr' id='par_1_79' title="bbox 2178 3693 3810 3784">
     <span class='ocr_line' id='line_1_80' title="bbox 2178 3693 3810 3784; baseline -0.003 -31"><span class='ocrx_word' id='word_1_567' title='bbox 2178 3698 2404 3776; x_wconf 51' lang='grc' dir='ltr'>λέγεσθαι</span> <span class='ocrx_word' id='word_1_568' title='bbox 2459 3699 2548 3753; x_wconf 82' lang='grc' dir='ltr'>τὸν</span> <span class='ocrx_word' id='word_1_569' title='bbox 2609 3693 3038 3784; x_wconf 46' lang='grc' dir='ltr'>διάϐολον,.ῥδὸν</span> <span class='ocrx_word' id='word_1_570' title='bbox 3080 3693 3134 3784; x_wconf 80' lang='grc' dir='ltr'>δὲ</span> <span class='ocrx_word' id='word_1_571' title='bbox 3184 3697 3276 3754; x_wconf 80' lang='grc' dir='ltr'>τὸν</span> <span class='ocrx_word' id='word_1_572' title='bbox 3338 3697 3473 3772; x_wconf 86' lang='grc' dir='ltr'>βίον·</span> <span class='ocrx_word' id='word_1_573' title='bbox 3530 3708 3810 3775; x_wconf 79' lang='grc' dir='ltr'>παραινεῖν</span> 
     </span>
    </p>
   </div>
   <div class='ocr_carea' id='block_1_80' title="bbox 438 3776 2084 3869">
    <p class='ocr_par' dir='ltr' id='par_1_80' title="bbox 438 3784 2083 3869">
     <span class='ocr_line' id='line_1_81' title="bbox 438 3784 2083 3869; baseline 0.004 -25"><span class='ocrx_word' id='word_1_574' title='bbox 438 3784 701 3863; x_wconf 89' lang='lat' dir='ltr'><strong>quandiu</strong></span> <span class='ocrx_word' id='word_1_575' title='bbox 733 3785 790 3844; x_wconf 90' lang='lat' dir='ltr'><strong>in</strong></span> <span class='ocrx_word' id='word_1_576' title='bbox 821 3785 928 3845; x_wconf 86' lang='lat' dir='ltr'><strong>hac</strong></span> <span class='ocrx_word' id='word_1_577' title='bbox 955 3785 1068 3844; x_wconf 89' lang='lat' dir='ltr'><strong>vita</strong></span> <span class='ocrx_word' id='word_1_578' title='bbox 1098 3803 1184 3859; x_wconf 88' lang='lat' dir='ltr'><strong>es,</strong></span> <span class='ocrx_word' id='word_1_579' title='bbox 1211 3785 1511 3846; x_wconf 89' lang='lat' dir='ltr'><strong>desciscas</strong></span> <span class='ocrx_word' id='word_1_580' title='bbox 1545 3807 1578 3848; x_wconf 91' lang='lat' dir='ltr'><strong>a</strong></span> <span class='ocrx_word' id='word_1_581' title='bbox 1607 3787 1953 3864; x_wconf 91' lang='lat' dir='ltr'><strong>diabolo,ne</strong></span> <span class='ocrx_word' id='word_1_582' title='bbox 1982 3808 2083 3869; x_wconf 90' lang='lat' dir='ltr'><strong>po-</strong></span> 
     </span>
    </p>
   </div>
   <div class='ocr_carea' id='block_1_81' title="bbox 2178 3776 3812 3869">
    <p class='ocr_par' dir='ltr' id='par_1_81' title="bbox 2178 3776 3812 3865">
     <span class='ocr_line' id='line_1_82' title="bbox 2178 3776 3812 3865; baseline -0.006 -23"><span class='ocrx_word' id='word_1_583' title='bbox 2178 3785 2219 3842; x_wconf 74' lang='grc' dir='ltr'>Ξὲ</span> <span class='ocrx_word' id='word_1_584' title='bbox 2265 3789 2355 3842; x_wconf 85' lang='grc' dir='ltr'>τὸν</span> <span class='ocrx_word' id='word_1_585' title='bbox 2430 3787 2614 3865; x_wconf 80' lang='grc' dir='ltr'>Κύριον</span> <span class='ocrx_word' id='word_1_586' title='bbox 2665 3785 2854 3849; x_wconf 82' lang='grc' dir='ltr'>οὕτως·</span> <span class='ocrx_word' id='word_1_587' title='bbox 2893 3776 3045 3848; x_wconf 62' lang='grc' dir='ltr'><strong>υΕως</strong></span> <span class='ocrx_word' id='word_1_588' title='bbox 3077 3783 3199 3841; x_wconf 77' lang='grc' dir='ltr'>ὅτου</span> <span class='ocrx_word' id='word_1_589' title='bbox 3257 3786 3312 3841; x_wconf 69' lang='grc' dir='ltr'>εἴ</span> <span class='ocrx_word' id='word_1_590' title='bbox 3356 3786 3409 3840; x_wconf 82' lang='grc' dir='ltr'>ἐν</span> <span class='ocrx_word' id='word_1_591' title='bbox 3453 3790 3529 3858; x_wconf 83' lang='grc' dir='ltr'>τῷ</span> <span class='ocrx_word' id='word_1_592' title='bbox 3563 3785 3661 3861; x_wconf 86' lang='grc' dir='ltr'><strong>βίῳ</strong></span> <span class='ocrx_word' id='word_1_593' title='bbox 3689 3786 3812 3840; x_wconf 84' lang='grc' dir='ltr'>τοὺ-</span> 
     </span>
    </p>
   </div>
   <div class='ocr_carea' id='block_1_82' title="bbox 435 3872 2084 3957">
    <p class='ocr_par' dir='ltr' id='par_1_82' title="bbox 435 3872 2082 3957">
     <span class='ocr_line' id='line_1_83' title="bbox 435 3872 2082 3957; baseline 0.004 -24"><span class='ocrx_word' id='word_1_594' title='bbox 435 3880 562 3934; x_wconf 91' lang='lat' dir='ltr'><strong>stea</strong></span> <span class='ocrx_word' id='word_1_595' title='bbox 596 3873 778 3952; x_wconf 88' lang='lat' dir='ltr'><strong>possit</strong></span> <span class='ocrx_word' id='word_1_596' title='bbox 808 3881 863 3934; x_wconf 91' lang='lat' dir='ltr'><strong>te</strong></span> <span class='ocrx_word' id='word_1_597' title='bbox 895 3872 966 3934; x_wconf 90' lang='lat' dir='ltr'><strong>de</strong></span> <span class='ocrx_word' id='word_1_598' title='bbox 1000 3883 1239 3953; x_wconf 91' lang='lat' dir='ltr'><strong>peccato</strong></span> <span class='ocrx_word' id='word_1_599' title='bbox 1271 3893 1539 3953; x_wconf 81' lang='lat' dir='ltr'><strong>arguere,</strong></span> <span class='ocrx_word' id='word_1_600' title='bbox 1575 3877 1980 3957; x_wconf 58' lang='lat' dir='ltr'><strong>quasizaliquid</strong></span> <span class='ocrx_word' id='word_1_601' title='bbox 2009 3878 2082 3939; x_wconf 92' lang='lat' dir='ltr'><strong>de</strong></span> 
     </span>
    </p>
   </div>
   <div class='ocr_carea' id='block_1_83' title="bbox 2178 3872 3808 3957">
    <p class='ocr_par' dir='ltr' id='par_1_83' title="bbox 2178 3873 3808 3954">
     <span class='ocr_line' id='line_1_84' title="bbox 2178 3873 3808 3954; baseline -0.002 -22"><span class='ocrx_word' id='word_1_602' title='bbox 2178 3899 2262 3954; x_wconf 72' lang='grc' dir='ltr'>τῳ,</span> <span class='ocrx_word' id='word_1_603' title='bbox 2309 3874 2578 3941; x_wconf 78' lang='grc' dir='ltr'>διαλύθητι</span> <span class='ocrx_word' id='word_1_604' title='bbox 2608 3877 2736 3951; x_wconf 82' lang='grc' dir='ltr'>πρὸς</span> <span class='ocrx_word' id='word_1_605' title='bbox 2794 3876 2884 3931; x_wconf 61' lang='grc' dir='ltr'><strong>τὸν</strong></span> <span class='ocrx_word' id='word_1_606' title='bbox 2941 3873 3204 3954; x_wconf 80' lang='grc' dir='ltr'>διάϐολον,</span> <span class='ocrx_word' id='word_1_607' title='bbox 3255 3873 3348 3930; x_wconf 75' lang='grc' dir='ltr'>’ίνα</span> <span class='ocrx_word' id='word_1_608' title='bbox 3392 3877 3468 3950; x_wconf 79' lang='grc' dir='ltr'><strong>μή</strong></span> <span class='ocrx_word' id='word_1_609' title='bbox 3514 3873 3619 3953; x_wconf 75' lang='grc' dir='ltr'>ἔχῃ</span> <span class='ocrx_word' id='word_1_610' title='bbox 3649 3874 3808 3932; x_wconf 75' lang='grc' dir='ltr'>ὕστε-</span> 
     </span>
    </p>
   </div>
   <div class='ocr_carea' id='block_1_84' title="bbox 437 3961 2084 4045">
    <p class='ocr_par' dir='ltr' id='par_1_84' title="bbox 437 3961 2082 4045">
     <span class='ocr_line' id='line_1_85' title="bbox 437 3961 2082 4045; baseline 0.004 -24"><span class='ocrx_word' id='word_1_611' title='bbox 437 3981 543 4022; x_wconf 88' lang='lat' dir='ltr'><strong>suo</strong></span> <span class='ocrx_word' id='word_1_612' title='bbox 575 3961 914 4036; x_wconf 88' lang='lat' dir='ltr'><strong>habentem,</strong></span> <span class='ocrx_word' id='word_1_613' title='bbox 953 3971 1207 4043; x_wconf 89' lang='lat' dir='ltr'><strong>tuncque</strong></span> <span class='ocrx_word' id='word_1_614' title='bbox 1241 3981 1435 4043; x_wconf 66' lang='lat' dir='ltr'><strong>poenae</strong></span> <span class='ocrx_word' id='word_1_615' title='bbox 1487 3964 1735 4025; x_wconf 90' lang='lat' dir='ltr'><strong>tradaris</strong></span> <span class='ocrx_word' id='word_1_616' title='bbox 1793 3985 1978 4045; x_wconf 91' lang='lat' dir='ltr'><strong>usque</strong></span> <span class='ocrx_word' id='word_1_617' title='bbox 2010 3967 2082 4027; x_wconf 86' lang='lat' dir='ltr'><strong>ad</strong></span> 
     </span>
    </p>
   </div>
   <div class='ocr_carea' id='block_1_85' title="bbox 2178 3961 3811 4045">
    <p class='ocr_par' dir='ltr' id='par_1_85' title="bbox 2178 3963 3811 4044">
     <span class='ocr_line' id='line_1_86' title="bbox 2178 3963 3811 4044; baseline -0.004 -21"><span class='ocrx_word' id='word_1_618' title='bbox 2178 3989 2253 4024; x_wconf 68' lang='lat' dir='ltr'><strong>nov</strong></span> <span class='ocrx_word' id='word_1_619' title='bbox 2285 3965 2530 4044; x_wconf 77' lang='grc' dir='ltr'>ἐλέγχειν</span> <span class='ocrx_word' id='word_1_620' title='bbox 2560 3985 2618 4020; x_wconf 87' lang='grc' dir='ltr'><strong>σε</strong></span> <span class='ocrx_word' id='word_1_621' title='bbox 2677 3965 2794 4040; x_wconf 90' lang='grc' dir='ltr'>περὶ</span> <span class='ocrx_word' id='word_1_622' title='bbox 2879 3964 3158 4039; x_wconf 85' lang='grc' dir='ltr'>ἁμαρτίας,</span> <span class='ocrx_word' id='word_1_623' title='bbox 3223 3965 3296 4028; x_wconf 85' lang='grc' dir='ltr'>ὡς</span> <span class='ocrx_word' id='word_1_624' title='bbox 3356 3963 3554 4043; x_wconf 78' lang='grc' dir='ltr'>ἔχοντά</span> <span class='ocrx_word' id='word_1_625' title='bbox 3597 3984 3646 4018; x_wconf 92' lang='grc' dir='ltr'><strong>τι</strong></span> <span class='ocrx_word' id='word_1_626' title='bbox 3704 3963 3811 4018; x_wconf 76' lang='grc' dir='ltr'><strong>τῶν</strong></span> 
     </span>
    </p>
   </div>
   <div class='ocr_carea' id='block_1_86' title="bbox 437 4049 2084 4133">
    <p class='ocr_par' dir='ltr' id='par_1_86' title="bbox 437 4050 2077 4132">
     <span class='ocr_line' id='line_1_87' title="bbox 437 4050 2077 4132; baseline 0.003 -23"><span class='ocrx_word' id='word_1_627' title='bbox 437 4050 711 4110; x_wconf 90' lang='lat' dir='ltr'><strong>ultimum</strong></span> <span class='ocrx_word' id='word_1_628' title='bbox 779 4051 1164 4130; x_wconf 88' lang='lat' dir='ltr'><strong>quadrantem</strong></span> <span class='ocrx_word' id='word_1_629' title='bbox 1226 4071 1330 4132; x_wconf 95' lang='lat' dir='ltr'><strong>pro</strong></span> <span class='ocrx_word' id='word_1_630' title='bbox 1385 4056 1638 4132; x_wconf 85' lang='lat' dir='ltr'><strong>peccatis</strong></span> <span class='ocrx_word' id='word_1_631' title='bbox 1690 4053 2077 4132; x_wconf 82' lang='lat' dir='ltr'><strong>corrigendis.</strong></span> 
     </span>
    </p>
   </div>
   <div class='ocr_carea' id='block_1_87' title="bbox 2178 4049 3812 4133">
    <p class='ocr_par' dir='ltr' id='par_1_87' title="bbox 2178 4049 3812 4133">
     <span class='ocr_line' id='line_1_88' title="bbox 2178 4049 3812 4133; baseline -0.002 -22"><span class='ocrx_word' id='word_1_632' title='bbox 2178 4055 2384 4133; x_wconf 67' lang='grc' dir='ltr'>ἐκείνου,</span> <span class='ocrx_word' id='word_1_633' title='bbox 2458 4055 2548 4108; x_wconf 85' lang='grc' dir='ltr'><strong>καὶ</strong></span> <span class='ocrx_word' id='word_1_634' title='bbox 2600 4053 2722 4109; x_wconf 85' lang='grc' dir='ltr'>τότε</span> <span class='ocrx_word' id='word_1_635' title='bbox 2772 4051 3073 4130; x_wconf 76' lang='grc' dir='ltr'>παραδοθῇς</span> <span class='ocrx_word' id='word_1_636' title='bbox 3145 4057 3214 4130; x_wconf 81' lang='grc' dir='ltr'><strong>τῇ</strong></span> <span class='ocrx_word' id='word_1_637' title='bbox 3249 4050 3490 4126; x_wconf 85' lang='grc' dir='ltr'>κολάσει,</span> <span class='ocrx_word' id='word_1_638' title='bbox 3542 4049 3676 4131; x_wconf 73' lang='grc' dir='ltr'>ἄχρι</span> <span class='ocrx_word' id='word_1_639' title='bbox 3724 4052 3812 4108; x_wconf 80' lang='grc' dir='ltr'><strong>καὶ</strong></span> 
     </span>
    </p>
   </div>
   <div class='ocr_carea' id='block_1_88' title="bbox 441 4138 2084 4224">
    <p class='ocr_par' dir='ltr' id='par_1_88' title="bbox 441 4138 2084 4224">
     <span class='ocr_line' id='line_1_89' title="bbox 441 4138 2084 4224; baseline 0.004 -27"><span class='ocrx_word' id='word_1_640' title='bbox 441 4138 748 4209; x_wconf 87' lang='lat' dir='ltr'><strong>Quadrans</strong></span> <span class='ocrx_word' id='word_1_641' title='bbox 795 4139 970 4201; x_wconf 89' lang='lat' dir='ltr'><strong>habet</strong></span> <span class='ocrx_word' id='word_1_642' title='bbox 1017 4140 1133 4201; x_wconf 89' lang='lat' dir='ltr'><strong>duo</strong></span> <span class='ocrx_word' id='word_1_643' title='bbox 1183 4141 1430 4204; x_wconf 86' lang='lat' dir='ltr'><strong>minuta.</strong></span> <span class='ocrx_word' id='word_1_644' title='bbox 1470 4145 1548 4203; x_wconf 86' lang='lat' dir='ltr'><strong>At</strong></span> <span class='ocrx_word' id='word_1_645' title='bbox 1582 4151 1641 4202; x_wconf 94' lang='lat' dir='ltr'><strong>tu</strong></span> <span class='ocrx_word' id='word_1_646' title='bbox 1675 4143 1959 4224; x_wconf 88' lang='lat' dir='ltr'><strong>intellige,</strong></span> <span class='ocrx_word' id='word_1_647' title='bbox 1992 4145 2084 4204; x_wconf 78' lang='lat'><strong>28</strong></span> 
     </span>
    </p>
   </div>
   <div class='ocr_carea' id='block_1_89' title="bbox 2178 4138 3812 4224">
    <p class='ocr_par' dir='ltr' id='par_1_89' title="bbox 2178 4138 3812 4221">
     <span class='ocr_line' id='line_1_90' title="bbox 2178 4138 3812 4221; baseline -0.003 -21"><span class='ocrx_word' id='word_1_648' title='bbox 2178 4151 2272 4200; x_wconf 75' lang='grc' dir='ltr'><strong>τῶν</strong></span> <span class='ocrx_word' id='word_1_649' title='bbox 2333 4142 2578 4220; x_wconf 78' lang='grc' dir='ltr'>ἐσχάτων</span> <span class='ocrx_word' id='word_1_650' title='bbox 2640 4142 3041 4221; x_wconf 79' lang='grc' dir='ltr'>ἁμαρτημάτων</span> <span class='ocrx_word' id='word_1_651' title='bbox 3101 4141 3463 4218; x_wconf 55' lang='grc' dir='ltr'>εὖθυνόμενυς,</span> <span class='ocrx_word' id='word_1_652' title='bbox 3513 4138 3812 4220; x_wconf 83' lang='grc' dir='ltr'>Κοδράντης</span> 
     </span>
    </p>
   </div>
   <div class='ocr_carea' id='block_1_90' title="bbox 441 4228 2084 4313">
    <p class='ocr_par' dir='ltr' id='par_1_90' title="bbox 441 4228 2084 4313">
     <span class='ocr_line' id='line_1_91' title="bbox 441 4228 2084 4313; baseline 0.004 -25"><span class='ocrx_word' id='word_1_653' title='bbox 441 4228 600 4307; x_wconf 90' lang='lat' dir='ltr'><strong>quod</strong></span> <span class='ocrx_word' id='word_1_654' title='bbox 631 4228 807 4289; x_wconf 90' lang='lat' dir='ltr'><strong>etiam</strong></span> <span class='ocrx_word' id='word_1_655' title='bbox 841 4229 914 4290; x_wconf 92' lang='lat' dir='ltr'><strong>de</strong></span> <span class='ocrx_word' id='word_1_656' title='bbox 936 4229 1293 4290; x_wconf 88' lang='lat' dir='ltr'><strong>adversariis</strong></span> <span class='ocrx_word' id='word_1_657' title='bbox 1324 4229 1423 4310; x_wconf 90' lang='lat' dir='ltr'><strong>qui</strong></span> <span class='ocrx_word' id='word_1_658' title='bbox 1456 4229 1550 4291; x_wconf 92' lang='lat' dir='ltr'><strong>hic</strong></span> <span class='ocrx_word' id='word_1_659' title='bbox 1569 4239 1725 4304; x_wconf 89' lang='lat' dir='ltr'><strong>sunt,</strong></span> <span class='ocrx_word' id='word_1_660' title='bbox 1751 4231 1944 4292; x_wconf 88' lang='lat' dir='ltr'><strong>dicat:</strong></span> <span class='ocrx_word' id='word_1_661' title='bbox 1979 4252 2084 4313; x_wconf 87' lang='lat' dir='ltr'><strong>per</strong></span> 
     </span>
    </p>
   </div>
   <div class='ocr_carea' id='block_1_91' title="bbox 2178 4228 3812 4313">
    <p class='ocr_par' dir='ltr' id='par_1_91' title="bbox 2178 4228 3812 4312">
     <span class='ocr_line' id='line_1_92' title="bbox 2178 4228 3812 4312; baseline -0.002 -24"><span class='ocrx_word' id='word_1_662' title='bbox 2178 4234 2264 4312; x_wconf 71' lang='grc' dir='ltr'>γὰρ</span> <span class='ocrx_word' id='word_1_663' title='bbox 2320 4231 2429 4288; x_wconf 72' lang='grc' dir='ltr'>ἔστι</span> <span class='ocrx_word' id='word_1_664' title='bbox 2473 4230 2561 4286; x_wconf 82' lang='grc' dir='ltr'><strong>δὺο</strong></span> <span class='ocrx_word' id='word_1_665' title='bbox 2606 4231 2796 4295; x_wconf 87' lang='grc' dir='ltr'>λεπτά,</span> <span class='ocrx_word' id='word_1_666' title='bbox 2851 4234 2923 4287; x_wconf 84' lang='grc' dir='ltr'><strong>Σὺ</strong></span> <span class='ocrx_word' id='word_1_667' title='bbox 2967 4229 3021 4286; x_wconf 80' lang='grc' dir='ltr'>δὲ</span> <span class='ocrx_word' id='word_1_668' title='bbox 3092 4232 3197 4287; x_wconf 86' lang='grc' dir='ltr'>νόει</span> <span class='ocrx_word' id='word_1_669' title='bbox 3243 4228 3324 4286; x_wconf 79' lang='grc' dir='ltr'><strong>ὅτι</strong></span> <span class='ocrx_word' id='word_1_670' title='bbox 3382 4232 3470 4286; x_wconf 82' lang='grc' dir='ltr'>καὶ</span> <span class='ocrx_word' id='word_1_671' title='bbox 3527 4233 3645 4306; x_wconf 84' lang='grc' dir='ltr'>περὶ</span> <span class='ocrx_word' id='word_1_672' title='bbox 3705 4235 3812 4284; x_wconf 85' lang='grc' dir='ltr'><strong>τῶν</strong></span> 
     </span>
    </p>
   </div>
   <div class='ocr_carea' id='block_1_92' title="bbox 441 4315 2084 4400">
    <p class='ocr_par' dir='ltr' id='par_1_92' title="bbox 441 4315 2083 4397">
     <span class='ocr_line' id='line_1_93' title="bbox 441 4315 2083 4397; baseline 0.004 -21"><span class='ocrx_word' id='word_1_673' title='bbox 441 4315 552 4378; x_wconf 90' lang='lat' dir='ltr'><strong>hoc</strong></span> <span class='ocrx_word' id='word_1_674' title='bbox 582 4317 1257 4397; x_wconf 91' lang='lat' dir='ltr'><strong>admonens,nejudicio</strong></span> <span class='ocrx_word' id='word_1_675' title='bbox 1289 4320 1635 4395; x_wconf 89' lang='lat' dir='ltr'><strong>contendas,</strong></span> <span class='ocrx_word' id='word_1_676' title='bbox 1670 4327 1730 4378; x_wconf 92' lang='lat' dir='ltr'><strong>et</strong></span> <span class='ocrx_word' id='word_1_677' title='bbox 1759 4319 1839 4380; x_wconf 88' lang='lat' dir='ltr'><strong>ita</strong></span> <span class='ocrx_word' id='word_1_678' title='bbox 1867 4338 1898 4382; x_wconf 89' lang='lat' dir='ltr'><strong>a</strong></span> <span class='ocrx_word' id='word_1_679' title='bbox 1931 4321 2083 4382; x_wconf 89' lang='lat' dir='ltr'><strong>divi-</strong></span> 
     </span>
    </p>
   </div>
   <div class='ocr_carea' id='block_1_93' title="bbox 2178 4315 3811 4400">
    <p class='ocr_par' dir='ltr' id='par_1_93' title="bbox 2178 4317 3811 4400">
     <span class='ocr_line' id='line_1_94' title="bbox 2178 4317 3811 4400; baseline -0.002 -22"><span class='ocrx_word' id='word_1_680' title='bbox 2178 4325 2382 4379; x_wconf 74' lang='grc' dir='ltr'>ινταῦθα</span> <span class='ocrx_word' id='word_1_681' title='bbox 2454 4319 2725 4377; x_wconf 85' lang='grc' dir='ltr'>ἀντιδίκων</span> <span class='ocrx_word' id='word_1_682' title='bbox 2769 4321 2914 4399; x_wconf 86' lang='grc' dir='ltr'>λέγει</span> <span class='ocrx_word' id='word_1_683' title='bbox 2971 4328 3147 4400; x_wconf 85' lang='grc' dir='ltr'>τοῦτο,</span> <span class='ocrx_word' id='word_1_684' title='bbox 3207 4324 3475 4398; x_wconf 80' lang='grc' dir='ltr'>παραινῶν</span> <span class='ocrx_word' id='word_1_685' title='bbox 3520 4320 3598 4396; x_wconf 76' lang='grc' dir='ltr'>μὴ</span> <span class='ocrx_word' id='word_1_686' title='bbox 3655 4317 3811 4374; x_wconf 87' lang='grc' dir='ltr'>δικά-</span> 
     </span>
    </p>
   </div>
   <div class='ocr_carea' id='block_1_94' title="bbox 439 4405 2084 4508">
    <p class='ocr_par' dir='ltr' id='par_1_94' title="bbox 439 4405 2083 4487">
     <span class='ocr_line' id='line_1_95' title="bbox 439 4405 2083 4487; baseline 0.004 -22"><span class='ocrx_word' id='word_1_687' title='bbox 439 4405 533 4467; x_wconf 86' lang='lat' dir='ltr'><strong>nis</strong></span> <span class='ocrx_word' id='word_1_688' title='bbox 579 4406 857 4486; x_wconf 86' lang='lat' dir='ltr'><strong>operibus</strong></span> <span class='ocrx_word' id='word_1_689' title='bbox 903 4406 1195 4482; x_wconf 88' lang='lat' dir='ltr'><strong>avellaris,</strong></span> <span class='ocrx_word' id='word_1_690' title='bbox 1234 4408 1424 4470; x_wconf 89' lang='lat' dir='ltr'><strong>Etiam</strong></span> <span class='ocrx_word' id='word_1_691' title='bbox 1476 4407 1528 4470; x_wconf 93' lang='lat' dir='ltr'><strong>si</strong></span> <span class='ocrx_word' id='word_1_692' title='bbox 1570 4408 1789 4487; x_wconf 87' lang='lat' dir='ltr'><strong>injuria</strong></span> <span class='ocrx_word' id='word_1_693' title='bbox 1838 4410 2083 4472; x_wconf 70' lang='lat' dir='ltr'><strong>allectus</strong></span> 
     </span>
    </p>
   </div>
   <div class='ocr_carea' id='block_1_95' title="bbox 2178 4405 3808 4508">
    <p class='ocr_par' dir='ltr' id='par_1_95' title="bbox 2178 4408 3808 4488">
     <span class='ocr_line' id='line_1_96' title="bbox 2178 4408 3808 4488; baseline -0.001 -21"><span class='ocrx_word' id='word_1_694' title='bbox 2178 4415 2371 4484; x_wconf 71' lang='grc' dir='ltr'>ζεσθαι,</span> <span class='ocrx_word' id='word_1_695' title='bbox 2455 4411 2542 4466; x_wconf 89' lang='grc' dir='ltr'><strong>καὶ</strong></span> <span class='ocrx_word' id='word_1_696' title='bbox 2640 4410 2743 4466; x_wconf 77' lang='grc' dir='ltr'><strong>ἀπὸ</strong></span> <span class='ocrx_word' id='word_1_697' title='bbox 2801 4416 2906 4465; x_wconf 81' lang='grc' dir='ltr'>τῶν</span> <span class='ocrx_word' id='word_1_698' title='bbox 2990 4409 3141 4465; x_wconf 90' lang='grc' dir='ltr'>θείων</span> <span class='ocrx_word' id='word_1_699' title='bbox 3211 4408 3378 4488; x_wconf 81' lang='grc' dir='ltr'>ἔργων</span> <span class='ocrx_word' id='word_1_700' title='bbox 3434 4411 3808 4488; x_wconf 81' lang='grc' dir='ltr'>περισπᾶσθαι.</span> 
     </span>
    </p>
   </div>
   <div class='ocr_carea' id='block_1_96' title="bbox 438 4494 2084 4578">
    <p class='ocr_par' dir='ltr' id='par_1_96' title="bbox 438 4494 2084 4576">
     <span class='ocr_line' id='line_1_97' title="bbox 438 4494 2084 4576; baseline 0.004 -22"><span class='ocrx_word' id='word_1_701' title='bbox 438 4494 647 4575; x_wconf 81' lang='lat' dir='ltr'><strong>fueris,</strong></span> <span class='ocrx_word' id='word_1_702' title='bbox 681 4496 891 4576; x_wconf 87' lang='lat' dir='ltr'><strong>inquit,</strong></span> <span class='ocrx_word' id='word_1_703' title='bbox 945 4515 1019 4558; x_wconf 91' lang='lat' dir='ltr'><strong>ne</strong></span> <span class='ocrx_word' id='word_1_704' title='bbox 1062 4496 1239 4558; x_wconf 89' lang='lat' dir='ltr'><strong>abeas</strong></span> <span class='ocrx_word' id='word_1_705' title='bbox 1286 4497 1357 4557; x_wconf 90' lang='lat' dir='ltr'><strong>ad</strong></span> <span class='ocrx_word' id='word_1_706' title='bbox 1405 4497 1665 4559; x_wconf 88' lang='lat' dir='ltr'><strong>tribunal</strong></span> <span class='ocrx_word' id='word_1_707' title='bbox 1701 4517 1715 4557; x_wconf 90' lang='lat'>:</span> <span class='ocrx_word' id='word_1_708' title='bbox 1750 4498 1854 4560; x_wconf 90' lang='lat' dir='ltr'><strong>sed</strong></span> <span class='ocrx_word' id='word_1_709' title='bbox 1892 4499 1953 4560; x_wconf 91' lang='lat' dir='ltr'><strong>in</strong></span> <span class='ocrx_word' id='word_1_710' title='bbox 1996 4500 2084 4560; x_wconf 85' lang='lat' dir='ltr'><strong>via</strong></span> 
     </span>
    </p>
   </div>
   <div class='ocr_carea' id='block_1_97' title="bbox 2178 4494 3810 4578">
    <p class='ocr_par' dir='ltr' id='par_1_97' title="bbox 2178 4495 3810 4578">
     <span class='ocr_line' id='line_1_98' title="bbox 2178 4495 3810 4578; baseline -0.003 -21"><span class='ocrx_word' id='word_1_711' title='bbox 2178 4502 2275 4560; x_wconf 66' lang='grc' dir='ltr'><strong>Κάν</strong></span> <span class='ocrx_word' id='word_1_712' title='bbox 2358 4501 2456 4578; x_wconf 74' lang='grc' dir='ltr'><strong>γὰρ</strong></span> <span class='ocrx_word' id='word_1_713' title='bbox 2527 4499 2812 4574; x_wconf 74' lang='grc' dir='ltr'>ἠδικήθης,</span> <span class='ocrx_word' id='word_1_714' title='bbox 2883 4500 3032 4578; x_wconf 77' lang='grc' dir='ltr'>φησί,</span> <span class='ocrx_word' id='word_1_715' title='bbox 3065 4499 3144 4574; x_wconf 71' lang='grc' dir='ltr'>μὴ</span> <span class='ocrx_word' id='word_1_716' title='bbox 3190 4497 3422 4575; x_wconf 77' lang='grc' dir='ltr'>ἀπέλθῃς</span> <span class='ocrx_word' id='word_1_717' title='bbox 3452 4500 3522 4562; x_wconf 82' lang='grc' dir='ltr'>εἷς</span> <span class='ocrx_word' id='word_1_718' title='bbox 3552 4495 3810 4567; x_wconf 68' lang='grc' dir='ltr'>δικαστή-</span> 
     </span>
    </p>
   </div>
   <div class='ocr_carea' id='block_1_98' title="bbox 439 4583 2084 4668">
    <p class='ocr_par' dir='ltr' id='par_1_98' title="bbox 439 4583 2084 4667">
     <span class='ocr_line' id='line_1_99' title="bbox 439 4583 2084 4667; baseline 0.005 -25"><span class='ocrx_word' id='word_1_719' title='bbox 439 4583 602 4644; x_wconf 89' lang='lat' dir='ltr'><strong>litem</strong></span> <span class='ocrx_word' id='word_1_720' title='bbox 633 4587 815 4662; x_wconf 87' lang='lat' dir='ltr'><strong>solve,</strong></span> <span class='ocrx_word' id='word_1_721' title='bbox 851 4603 926 4648; x_wconf 89' lang='lat' dir='ltr'><strong>ne</strong></span> <span class='ocrx_word' id='word_1_722' title='bbox 958 4586 1032 4646; x_wconf 93' lang='lat' dir='ltr'><strong>ob</strong></span> <span class='ocrx_word' id='word_1_723' title='bbox 1077 4585 1397 4666; x_wconf 90' lang='lat' dir='ltr'><strong>potentiam</strong></span> <span class='ocrx_word' id='word_1_724' title='bbox 1439 4587 1785 4667; x_wconf 69' lang='lat' dir='ltr'><strong>adversarii</strong></span> <span class='ocrx_word' id='word_1_725' title='bbox 1818 4589 2084 4667; x_wconf 88' lang='lat' dir='ltr'><strong>graviora</strong></span> 
     </span>
    </p>
   </div>
   <div class='ocr_carea' id='block_1_99' title="bbox 2178 4583 3810 4668">
    <p class='ocr_par' dir='ltr' id='par_1_99' title="bbox 2178 4585 3810 4666">
     <span class='ocr_line' id='line_1_100' title="bbox 2178 4585 3810 4666; baseline -0.003 -21"><span class='ocrx_word' id='word_1_726' title='bbox 2178 4608 2296 4645; x_wconf 78' lang='grc' dir='ltr'>&gt;ιον⁰</span> <span class='ocrx_word' id='word_1_727' title='bbox 2331 4586 2449 4644; x_wconf 88' lang='grc' dir='ltr'>ἀλλ’</span> <span class='ocrx_word' id='word_1_728' title='bbox 2506 4590 2561 4644; x_wconf 66' lang='grc' dir='ltr'>ἓν</span> <span class='ocrx_word' id='word_1_729' title='bbox 2629 4593 2698 4664; x_wconf 78' lang='grc' dir='ltr'><strong>τῇ</strong></span> <span class='ocrx_word' id='word_1_730' title='bbox 2768 4585 2871 4660; x_wconf 81' lang='grc' dir='ltr'><strong>ὀδῷ</strong></span> <span class='ocrx_word' id='word_1_731' title='bbox 2928 4585 3220 4666; x_wconf 74' lang='grc' dir='ltr'>διαλύθητν,</span> <span class='ocrx_word' id='word_1_732' title='bbox 3310 4588 3522 4662; x_wconf 74' lang='grc' dir='ltr'>μήποτε</span> <span class='ocrx_word' id='word_1_733' title='bbox 3593 4586 3810 4666; x_wconf 82' lang='grc' dir='ltr'>χείρονα</span> 
     </span>
    </p>
   </div>
   <div class='ocr_carea' id='block_1_100' title="bbox 439 4673 2084 4754">
    <p class='ocr_par' dir='ltr' id='par_1_100' title="bbox 439 4673 702 4752">
     <span class='ocr_line' id='line_1_101' title="bbox 439 4673 702 4752; baseline 0.011 -18"><span class='ocrx_word' id='word_1_734' title='bbox 439 4673 702 4752; x_wconf 90' lang='lat' dir='ltr'><strong>patiaris.</strong></span> 
     </span>
    </p>
   </div>
   <div class='ocr_carea' id='block_1_101' title="bbox 2178 4673 3341 4754">
    <p class='ocr_par' dir='ltr' id='par_1_101' title="bbox 2178 4673 3341 4754">
     <span class='ocr_line' id='line_1_102' title="bbox 2178 4673 3341 4754; baseline -0.003 -19"><span class='ocrx_word' id='word_1_735' title='bbox 2178 4679 2339 4754; x_wconf 71' lang='grc' dir='ltr'>πείθῃς</span> <span class='ocrx_word' id='word_1_736' title='bbox 2369 4676 2452 4733; x_wconf 80' lang='grc' dir='ltr'><strong>διὰ</strong></span> <span class='ocrx_word' id='word_1_737' title='bbox 2479 4678 2579 4745; x_wconf 78' lang='grc' dir='ltr'>τὴν</span> <span class='ocrx_word' id='word_1_738' title='bbox 2610 4675 2912 4732; x_wconf 87' lang='grc' dir='ltr'>δυναστείαν</span> <span class='ocrx_word' id='word_1_739' title='bbox 2937 4698 3030 4732; x_wconf 88' lang='grc' dir='ltr'>του</span> <span class='ocrx_word' id='word_1_740' title='bbox 3059 4673 3341 4738; x_wconf 87' lang='grc' dir='ltr'>ἀντιδίκου,</span> 
     </span>
    </p>
   </div>
   <div class='ocr_carea' id='block_1_102' title="bbox 519 4761 2084 4844">
    <p class='ocr_par' dir='ltr' id='par_1_102' title="bbox 519 4762 2082 4844">
     <span class='ocr_line' id='line_1_103' title="bbox 519 4762 2082 4844; baseline 0.001 -17"><span class='ocrx_word' id='word_1_741' title='bbox 519 4765 704 4827; x_wconf 70' lang='lat' dir='ltr'><strong>Vnus.</strong></span> <span class='ocrx_word' id='word_1_742' title='bbox 736 4763 838 4826; x_wconf 69' lang='grc'><strong>27.</strong></span> <span class='ocrx_word' id='word_1_743' title='bbox 878 4783 905 4823; x_wconf 75' lang='grc' dir='ltr'><strong>ι</strong></span> <span class='ocrx_word' id='word_1_744' title='bbox 938 4762 1203 4824; x_wconf 84' lang='lat' dir='ltr'><strong>Audistis</strong></span> <span class='ocrx_word' id='word_1_745' title='bbox 1237 4763 1396 4844; x_wconf 90' lang='lat' dir='ltr'><strong>quod</strong></span> <span class='ocrx_word' id='word_1_746' title='bbox 1426 4763 1648 4824; x_wconf 91' lang='lat' dir='ltr'><strong>dictum</strong></span> <span class='ocrx_word' id='word_1_747' title='bbox 1687 4764 1782 4839; x_wconf 91' lang='lat' dir='ltr'><strong>sit,</strong></span> <span class='ocrx_word' id='word_1_748' title='bbox 1810 4767 1900 4829; x_wconf 86' lang='lat' dir='ltr'><strong>Ne</strong></span> <span class='ocrx_word' id='word_1_749' title='bbox 1933 4785 2082 4829; x_wconf 77' lang='lat' dir='ltr'><strong>mce—</strong></span> 
     </span>
    </p>
   </div>
   <div class='ocr_carea' id='block_1_103' title="bbox 2178 4761 3811 4844">
    <p class='ocr_par' dir='ltr' id='par_1_103' title="bbox 2254 4761 3811 4844">
     <span class='ocr_line' id='line_1_104' title="bbox 2254 4761 3811 4844; baseline -0.003 -21"><span class='ocrx_word' id='word_1_750' title='bbox 2254 4790 2282 4823; x_wconf 74' lang='grc' dir='ltr'>ι</span> <span class='ocrx_word' id='word_1_751' title='bbox 2333 4765 2623 4823; x_wconf 83' lang='grc' dir='ltr'>Ἠκοὺσατε</span> <span class='ocrx_word' id='word_1_752' title='bbox 2685 4763 2771 4822; x_wconf 81' lang='grc' dir='ltr'><strong>ὅτι</strong></span> <span class='ocrx_word' id='word_1_753' title='bbox 2829 4763 3033 4844; x_wconf 80' lang='grc' dir='ltr'>ἐρῤέθη⁸</span> <span class='ocrx_word' id='word_1_754' title='bbox 3069 4763 3141 4821; x_wconf 77' lang='lat'>06</span> <span class='ocrx_word' id='word_1_755' title='bbox 3173 4765 3506 4844; x_wconf 82' lang='grc' dir='ltr'>μοιχεύσεις.</span> <span class='ocrx_word' id='word_1_756' title='bbox 3544 4787 3572 4819; x_wconf 68' lang='grc' dir='ltr'><strong><em>ι</em></strong></span> <span class='ocrx_word' id='word_1_757' title='bbox 3621 4761 3811 4821; x_wconf 56' lang='lat' dir='ltr'><strong>&quot;Anio</strong></span> 
     </span>
    </p>
   </div>
   <div class='ocr_carea' id='block_1_104' title="bbox 437 4852 2079 4918">
    <p class='ocr_par' dir='ltr' id='par_1_104' title="bbox 437 4852 2079 4918">
     <span class='ocr_line' id='line_1_105' title="bbox 437 4852 2079 4918; baseline 0.003 -5"><span class='ocrx_word' id='word_1_758' title='bbox 437 4852 658 4915; x_wconf 89' lang='lat' dir='ltr'><strong>cheris.</strong></span> <span class='ocrx_word' id='word_1_759' title='bbox 693 4876 716 4911; x_wconf 73' lang='grc' dir='ltr'>ι</span> <span class='ocrx_word' id='word_1_760' title='bbox 744 4852 918 4914; x_wconf 84' lang='lat' dir='ltr'><strong>Aliud</strong></span> <span class='ocrx_word' id='word_1_761' title='bbox 952 4861 1040 4913; x_wconf 89' lang='lat' dir='ltr'><strong>est</strong></span> <span class='ocrx_word' id='word_1_762' title='bbox 1071 4853 1340 4916; x_wconf 88' lang='lat' dir='ltr'><strong>moechia.</strong></span> <span class='ocrx_word' id='word_1_763' title='bbox 1370 4853 1532 4914; x_wconf 89' lang='lat' dir='ltr'><strong>aliud</strong></span> <span class='ocrx_word' id='word_1_764' title='bbox 1560 4855 1842 4917; x_wconf 88' lang='lat' dir='ltr'><strong>scortatio</strong></span> <span class='ocrx_word' id='word_1_765' title='bbox 1872 4873 1885 4918; x_wconf 90' lang='lat'><strong>:</strong></span> <span class='ocrx_word' id='word_1_766' title='bbox 1923 4874 2079 4918; x_wconf 85' lang='lat' dir='ltr'><strong>moe-</strong></span> 
     </span>
    </p>
   </div>
   <div class='ocr_carea' id='block_1_105' title="bbox 437 4942 2080 5024">
    <p class='ocr_par' dir='ltr' id='par_1_105' title="bbox 437 4942 2080 5024">
     <span class='ocr_line' id='line_1_106' title="bbox 437 4942 2080 5024; baseline 0.004 -23"><span class='ocrx_word' id='word_1_767' title='bbox 437 4942 569 5002; x_wconf 88' lang='lat' dir='ltr'><strong>chia</strong></span> <span class='ocrx_word' id='word_1_768' title='bbox 600 4942 757 5003; x_wconf 91' lang='lat' dir='ltr'><strong>enim</strong></span> <span class='ocrx_word' id='word_1_769' title='bbox 794 4951 883 5004; x_wconf 90' lang='lat' dir='ltr'><strong>est</strong></span> <span class='ocrx_word' id='word_1_770' title='bbox 911 4960 1046 5003; x_wconf 89' lang='lat' dir='ltr'><strong>cum</strong></span> <span class='ocrx_word' id='word_1_771' title='bbox 1079 4943 1410 5022; x_wconf 86' lang='lat' dir='ltr'><strong>conjugata,</strong></span> <span class='ocrx_word' id='word_1_772' title='bbox 1457 4943 1733 5004; x_wconf 89' lang='lat' dir='ltr'><strong>scortatio</strong></span> <span class='ocrx_word' id='word_1_773' title='bbox 1763 4962 1911 5024; x_wconf 91' lang='lat' dir='ltr'><strong>_vero</strong></span> <span class='ocrx_word' id='word_1_774' title='bbox 1945 4964 2080 5007; x_wconf 91' lang='lat' dir='ltr'><strong>cum</strong></span> 
     </span>
    </p>
   </div>
   <div class='ocr_carea' id='block_1_106' title="bbox 439 5030 656 5093">
    <p class='ocr_par' dir='ltr' id='par_1_106' title="bbox 439 5030 656 5093">
     <span class='ocr_line' id='line_1_107' title="bbox 439 5030 656 5093; baseline 0.018 -4"><span class='ocrx_word' id='word_1_775' title='bbox 439 5030 656 5093; x_wconf 85' lang='lat' dir='ltr'><strong>soluta.</strong></span> 
     </span>
    </p>
   </div>
   <div class='ocr_carea' id='block_1_107' title="bbox 517 5116 2081 5203">
    <p class='ocr_par' dir='ltr' id='par_1_107' title="bbox 517 5116 2081 5203">
     <span class='ocr_line' id='line_1_108' title="bbox 517 5116 2081 5203; baseline 0.003 -23"><span class='ocrx_word' id='word_1_776' title='bbox 517 5116 698 5182; x_wconf 70' lang='lat' dir='ltr'><strong>Vsus.</strong></span> <span class='ocrx_word' id='word_1_777' title='bbox 734 5119 832 5181; x_wconf 78' lang='lat'><strong>28.</strong></span> <span class='ocrx_word' id='word_1_778' title='bbox 859 5117 1012 5198; x_wconf 76' lang='lat' dir='ltr'><strong>«Ego</strong></span> <span class='ocrx_word' id='word_1_779' title='bbox 1036 5128 1230 5182; x_wconf 88' lang='lat' dir='ltr'><strong>autem</strong></span> <span class='ocrx_word' id='word_1_780' title='bbox 1263 5121 1396 5182; x_wconf 92' lang='lat' dir='ltr'><strong>dico</strong></span> <span class='ocrx_word' id='word_1_781' title='bbox 1421 5120 1607 5197; x_wconf 89' lang='lat' dir='ltr'><strong>vobis,</strong></span> <span class='ocrx_word' id='word_1_782' title='bbox 1643 5121 1802 5201; x_wconf 91' lang='lat' dir='ltr'><strong>quod</strong></span> <span class='ocrx_word' id='word_1_783' title='bbox 1826 5123 2081 5203; x_wconf 90' lang='lat' dir='ltr'><strong>quicun-</strong></span> 
     </span>
    </p>
   </div>
   <div class='ocr_carea' id='block_1_108' title="bbox 439 5207 2077 5291">
    <p class='ocr_par' dir='ltr' id='par_1_108' title="bbox 439 5207 2077 5291">
     <span class='ocr_line' id='line_1_109' title="bbox 439 5207 2077 5291; baseline 0.004 -24"><span class='ocrx_word' id='word_1_784' title='bbox 439 5224 555 5285; x_wconf 89' lang='lat' dir='ltr'><strong>que</strong></span> <span class='ocrx_word' id='word_1_785' title='bbox 585 5207 885 5286; x_wconf 81' lang='lat' dir='ltr'><strong>aspexerit</strong></span> <span class='ocrx_word' id='word_1_786' title='bbox 916 5209 1229 5271; x_wconf 90' lang='lat' dir='ltr'><strong>mulierem</strong></span> <span class='ocrx_word' id='word_1_787' title='bbox 1247 5211 1317 5272; x_wconf 89' lang='lat' dir='ltr'><strong>ad</strong></span> <span class='ocrx_word' id='word_1_788' title='bbox 1350 5210 1893 5289; x_wconf 91' lang='lat' dir='ltr'><strong>concupiscendum</strong></span> <span class='ocrx_word' id='word_1_789' title='bbox 1923 5232 2077 5291; x_wconf 76' lang='lat' dir='ltr'><strong>eam,</strong></span> 
     </span>
    </p>
   </div>
   <div class='ocr_carea' id='block_1_109' title="bbox 432 5295 2073 5375">
    <p class='ocr_par' dir='ltr' id='par_1_109' title="bbox 432 5295 2073 5375">
     <span class='ocr_line' id='line_1_110' title="bbox 432 5295 2073 5375; baseline 0.002 -20"><span class='ocrx_word' id='word_1_790' title='bbox 432 5295 555 5375; x_wconf 89' lang='lat' dir='ltr'><strong>jam</strong></span> <span class='ocrx_word' id='word_1_791' title='bbox 600 5296 954 5357; x_wconf 88' lang='lat' dir='ltr'><strong>adulterium</strong></span> <span class='ocrx_word' id='word_1_792' title='bbox 988 5299 1285 5359; x_wconf 91' lang='lat' dir='ltr'><strong>commisit</strong></span> <span class='ocrx_word' id='word_1_793' title='bbox 1314 5319 1447 5360; x_wconf 91' lang='lat' dir='ltr'><strong>cum</strong></span> <span class='ocrx_word' id='word_1_794' title='bbox 1479 5317 1548 5361; x_wconf 89' lang='lat' dir='ltr'><strong>ea</strong></span> <span class='ocrx_word' id='word_1_795' title='bbox 1579 5298 1639 5360; x_wconf 91' lang='lat' dir='ltr'><strong>in</strong></span> <span class='ocrx_word' id='word_1_796' title='bbox 1683 5300 1863 5362; x_wconf 91' lang='lat' dir='ltr'><strong>corde</strong></span> <span class='ocrx_word' id='word_1_797' title='bbox 1897 5320 2073 5364; x_wconf 76' lang='lat' dir='ltr'><strong>suo.»</strong></span> 
     </span>
    </p>
   </div>
   <div class='ocr_carea' id='block_1_110' title="bbox 2165 4851 3810 4934">
    <p class='ocr_par' dir='ltr' id='par_1_110' title="bbox 2165 4851 3810 4934">
     <span class='ocr_line' id='line_1_111' title="bbox 2165 4851 3810 4934; baseline -0.002 -24"><span class='ocrx_word' id='word_1_798' title='bbox 2165 4857 2405 4934; x_wconf 74' lang='grc' dir='ltr'>μοιχεία,</span> <span class='ocrx_word' id='word_1_799' title='bbox 2467 4857 2553 4910; x_wconf 84' lang='grc' dir='ltr'><strong>καὶ</strong></span> <span class='ocrx_word' id='word_1_800' title='bbox 2610 4851 2741 4910; x_wconf 75' lang='grc' dir='ltr'>ἄλλο</span> <span class='ocrx_word' id='word_1_801' title='bbox 2795 4853 3032 4933; x_wconf 87' lang='grc' dir='ltr'>πορνεία⁸</span> <span class='ocrx_word' id='word_1_802' title='bbox 3069 4854 3289 4932; x_wconf 81' lang='grc' dir='ltr'>μοιχεία</span> <span class='ocrx_word' id='word_1_803' title='bbox 3319 4853 3442 4934; x_wconf 76' lang='grc' dir='ltr'>μὲν,</span> <span class='ocrx_word' id='word_1_804' title='bbox 3482 4855 3516 4921; x_wconf 81' lang='grc' dir='ltr'>ἡ</span> <span class='ocrx_word' id='word_1_805' title='bbox 3549 4854 3622 4917; x_wconf 83' lang='grc' dir='ltr'><strong>εὶς</strong></span> <span class='ocrx_word' id='word_1_806' title='bbox 3651 4853 3810 4910; x_wconf 76' lang='grc' dir='ltr'>ὕπανο</span> 
     </span>
    </p>
   </div>
   <div class='ocr_carea' id='block_1_111' title="bbox 2165 4941 3308 5024">
    <p class='ocr_par' dir='ltr' id='par_1_111' title="bbox 2165 4941 3308 5024">
     <span class='ocr_line' id='line_1_112' title="bbox 2165 4941 3308 5024; baseline 0.003 -25"><span class='ocrx_word' id='word_1_807' title='bbox 2165 4943 2303 5023; x_wconf 85' lang='grc' dir='ltr'>δρον·</span> <span class='ocrx_word' id='word_1_808' title='bbox 2341 4945 2554 5024; x_wconf 87' lang='grc' dir='ltr'>πορνεία</span> <span class='ocrx_word' id='word_1_809' title='bbox 2591 4941 2669 5024; x_wconf 76' lang='grc' dir='ltr'><strong>δὲ,</strong></span> <span class='ocrx_word' id='word_1_810' title='bbox 2717 4944 2752 5011; x_wconf 77' lang='grc' dir='ltr'>ἡ</span> <span class='ocrx_word' id='word_1_811' title='bbox 2786 4943 2856 5007; x_wconf 83' lang='grc' dir='ltr'>εἷς</span> <span class='ocrx_word' id='word_1_812' title='bbox 2885 4941 3308 5017; x_wconf 78' lang='grc' dir='ltr'>ἀπολελυμένην.</span> 
     </span>
    </p>
   </div>
   <div class='ocr_carea' id='block_1_112' title="bbox 2252 5117 3808 5200">
    <p class='ocr_par' dir='ltr' id='par_1_112' title="bbox 2252 5117 3808 5200">
     <span class='ocr_line' id='line_1_113' title="bbox 2252 5117 3808 5200; baseline -0.001 -22"><span class='ocrx_word' id='word_1_813' title='bbox 2252 5144 2275 5178; x_wconf 75' lang='grc' dir='ltr'>ι</span> <span class='ocrx_word' id='word_1_814' title='bbox 2311 5121 2455 5200; x_wconf 80' lang='grc' dir='ltr'>Ἐγώ</span> <span class='ocrx_word' id='word_1_815' title='bbox 2485 5119 2539 5176; x_wconf 77' lang='grc' dir='ltr'>δὲ</span> <span class='ocrx_word' id='word_1_816' title='bbox 2585 5119 2726 5199; x_wconf 81' lang='grc' dir='ltr'>λέγω</span> <span class='ocrx_word' id='word_1_817' title='bbox 2767 5120 2918 5195; x_wconf 75' lang='grc' dir='ltr'>ὑμῖν,</span> <span class='ocrx_word' id='word_1_818' title='bbox 2966 5121 3047 5175; x_wconf 86' lang='grc' dir='ltr'>ὃτι</span> <span class='ocrx_word' id='word_1_819' title='bbox 3080 5126 3183 5185; x_wconf 84' lang='grc' dir='ltr'><strong>πᾶς</strong></span> <span class='ocrx_word' id='word_1_820' title='bbox 3225 5122 3252 5176; x_wconf 89' lang='lat'><strong>6</strong></span> <span class='ocrx_word' id='word_1_821' title='bbox 3313 5117 3524 5196; x_wconf 85' lang='grc' dir='ltr'>βλέπων</span> <span class='ocrx_word' id='word_1_822' title='bbox 3583 5130 3808 5199; x_wconf 71' lang='grc' dir='ltr'>γυναῖκα</span> 
     </span>
    </p>
   </div>
   <div class='ocr_carea' id='block_1_113' title="bbox 2164 5208 3808 5290">
    <p class='ocr_par' dir='ltr' id='par_1_113' title="bbox 2164 5208 3808 5290">
     <span class='ocr_line' id='line_1_114' title="bbox 2164 5208 3808 5290; baseline -0.002 -22"><span class='ocrx_word' id='word_1_823' title='bbox 2164 5214 2292 5290; x_wconf 82' lang='grc' dir='ltr'>πρὸς</span> <span class='ocrx_word' id='word_1_824' title='bbox 2361 5213 2422 5267; x_wconf 82' lang='grc' dir='ltr'><strong>τὸ</strong></span> <span class='ocrx_word' id='word_1_825' title='bbox 2472 5210 2791 5285; x_wconf 78' lang='grc' dir='ltr'>ἐπιθυμῆσαι</span> <span class='ocrx_word' id='word_1_826' title='bbox 2849 5211 3038 5290; x_wconf 74' lang='grc' dir='ltr'>αὐτῆς,</span> <span class='ocrx_word' id='word_1_827' title='bbox 3072 5208 3176 5278; x_wconf 72' lang='grc' dir='ltr'>ἢδη</span> <span class='ocrx_word' id='word_1_828' title='bbox 3213 5209 3520 5290; x_wconf 78' lang='grc' dir='ltr'>ἐποίχευσεν</span> <span class='ocrx_word' id='word_1_829' title='bbox 3564 5210 3726 5278; x_wconf 74' lang='grc' dir='ltr'>αὐτὴν</span> <span class='ocrx_word' id='word_1_830' title='bbox 3754 5213 3808 5265; x_wconf 63' lang='grc' dir='ltr'>ἓν</span> 
     </span>
    </p>
   </div>
   <div class='ocr_carea' id='block_1_114' title="bbox 2162 5298 3810 5380">
    <p class='ocr_par' dir='ltr' id='par_1_114' title="bbox 2162 5298 3810 5380">
     <span class='ocr_line' id='line_1_115' title="bbox 2162 5298 3810 5380; baseline -0.001 -24"><span class='ocrx_word' id='word_1_831' title='bbox 2162 5307 2230 5366; x_wconf 90' lang='grc' dir='ltr'>τῆ</span> <span class='ocrx_word' id='word_1_832' title='bbox 2303 5299 2484 5378; x_wconf 75' lang='grc' dir='ltr'>καρδίᾳ</span> <span class='ocrx_word' id='word_1_833' title='bbox 2554 5300 2732 5360; x_wconf 75' lang='grc' dir='ltr'>αὑτοῦ.</span> <span class='ocrx_word' id='word_1_834' title='bbox 2825 5321 2850 5352; x_wconf 74' lang='grc' dir='ltr'><strong><em>ι</em></strong></span> <span class='ocrx_word' id='word_1_835' title='bbox 2913 5298 3184 5380; x_wconf 83' lang='grc' dir='ltr'>Τουτέστι,</span> <span class='ocrx_word' id='word_1_836' title='bbox 3257 5301 3283 5355; x_wconf 90' lang='lat'><strong>6</strong></span> <span class='ocrx_word' id='word_1_837' title='bbox 3370 5299 3652 5375; x_wconf 81' lang='grc' dir='ltr'>ἱστάμενος</span> <span class='ocrx_word' id='word_1_838' title='bbox 3722 5300 3810 5355; x_wconf 85' lang='grc' dir='ltr'><strong>καὶ</strong></span> 
     </span>
    </p>
   </div>
   <div class='ocr_carea' id='block_1_115' title="bbox 437 5385 2084 5470">
    <p class='ocr_par' dir='ltr' id='par_1_115' title="bbox 437 5385 2077 5470">
     <span class='ocr_line' id='line_1_116' title="bbox 437 5385 2077 5470; baseline 0.005 -26"><span class='ocrx_word' id='word_1_839' title='bbox 437 5385 561 5445; x_wconf 87' lang='lat' dir='ltr'><strong>lloc</strong></span> <span class='ocrx_word' id='word_1_840' title='bbox 590 5395 702 5458; x_wconf 84' lang='lat' dir='ltr'><strong>est,</strong></span> <span class='ocrx_word' id='word_1_841' title='bbox 735 5403 833 5464; x_wconf 82' lang='lat' dir='ltr'><strong>qui</strong></span> <span class='ocrx_word' id='word_1_842' title='bbox 863 5394 998 5460; x_wconf 89' lang='lat' dir='ltr'><strong>stat,</strong></span> <span class='ocrx_word' id='word_1_843' title='bbox 1028 5399 1088 5449; x_wconf 87' lang='lat' dir='ltr'><strong>et</strong></span> <span class='ocrx_word' id='word_1_844' title='bbox 1117 5389 1351 5449; x_wconf 91' lang='lat' dir='ltr'><strong>curiose</strong></span> <span class='ocrx_word' id='word_1_845' title='bbox 1388 5398 1668 5470; x_wconf 83' lang='lat' dir='ltr'><strong>aspectat,</strong></span> <span class='ocrx_word' id='word_1_846' title='bbox 1707 5397 1765 5450; x_wconf 91' lang='lat' dir='ltr'><strong>et</strong></span> <span class='ocrx_word' id='word_1_847' title='bbox 1803 5392 2077 5452; x_wconf 80' lang='lat' dir='ltr'><strong>accendit</strong></span> 
     </span>
    </p>
   </div>
   <div class='ocr_carea' id='block_1_116' title="bbox 2178 5385 3809 5470">
    <p class='ocr_par' dir='ltr' id='par_1_116' title="bbox 2178 5386 3809 5468">
     <span class='ocr_line' id='line_1_117' title="bbox 2178 5386 3809 5468; baseline 0 -24"><span class='ocrx_word' id='word_1_848' title='bbox 2178 5388 2656 5468; x_wconf 79' lang='grc' dir='ltr'>τεριεργαζόμενος,</span> <span class='ocrx_word' id='word_1_849' title='bbox 2727 5387 2816 5444; x_wconf 85' lang='grc' dir='ltr'><strong>καὶ</strong></span> <span class='ocrx_word' id='word_1_850' title='bbox 2882 5386 3130 5444; x_wconf 82' lang='grc' dir='ltr'>ἀνάπτων</span> <span class='ocrx_word' id='word_1_851' title='bbox 3203 5387 3301 5455; x_wconf 77' lang='grc' dir='ltr'><strong>τὴν</strong></span> <span class='ocrx_word' id='word_1_852' title='bbox 3371 5388 3646 5465; x_wconf 78' lang='grc' dir='ltr'>ἐπιθυμίαν</span> <span class='ocrx_word' id='word_1_853' title='bbox 3704 5388 3809 5444; x_wconf 81' lang='grc' dir='ltr'><strong>ἀπὸ</strong></span> 
     </span>
    </p>
   </div>
   <div class='ocr_carea' id='block_1_117' title="bbox 438 5472 2084 5558">
    <p class='ocr_par' dir='ltr' id='par_1_117' title="bbox 438 5472 2079 5555">
     <span class='ocr_line' id='line_1_118' title="bbox 438 5472 2079 5555; baseline 0.003 -21"><span class='ocrx_word' id='word_1_854' title='bbox 438 5472 976 5553; x_wconf 90' lang='lat' dir='ltr'><strong>concupiscentiam</strong></span> <span class='ocrx_word' id='word_1_855' title='bbox 1003 5494 1166 5535; x_wconf 84' lang='lat' dir='ltr'><strong>suam</strong></span> <span class='ocrx_word' id='word_1_856' title='bbox 1191 5477 1468 5554; x_wconf 86' lang='lat' dir='ltr'><strong>videndo,</strong></span> <span class='ocrx_word' id='word_1_857' title='bbox 1506 5487 1564 5539; x_wconf 90' lang='lat' dir='ltr'><strong>et</strong></span> <span class='ocrx_word' id='word_1_858' title='bbox 1595 5479 1804 5539; x_wconf 89' lang='lat' dir='ltr'><strong>iterum</strong></span> <span class='ocrx_word' id='word_1_859' title='bbox 1831 5479 2079 5555; x_wconf 84' lang='lat' dir='ltr'><strong>videt,ut</strong></span> 
     </span>
    </p>
   </div>
   <div class='ocr_carea' id='block_1_118' title="bbox 2178 5472 3811 5558">
    <p class='ocr_par' dir='ltr' id='par_1_118' title="bbox 2178 5475 3811 5558">
     <span class='ocr_line' id='line_1_119' title="bbox 2178 5475 3811 5558; baseline -0.001 -24"><span class='ocrx_word' id='word_1_860' title='bbox 2178 5479 2256 5534; x_wconf 79' lang='grc' dir='ltr'>εοῦ</span> <span class='ocrx_word' id='word_1_861' title='bbox 2311 5477 2547 5553; x_wconf 86' lang='grc' dir='ltr'>βλέπειν,</span> <span class='ocrx_word' id='word_1_862' title='bbox 2605 5479 2690 5533; x_wconf 85' lang='grc' dir='ltr'><strong>καὶ</strong></span> <span class='ocrx_word' id='word_1_863' title='bbox 2746 5475 2907 5533; x_wconf 85' lang='grc' dir='ltr'>πάλιν</span> <span class='ocrx_word' id='word_1_864' title='bbox 2965 5476 3178 5553; x_wconf 87' lang='grc' dir='ltr'>βλέπων</span> <span class='ocrx_word' id='word_1_865' title='bbox 3209 5479 3339 5558; x_wconf 84' lang='grc' dir='ltr'>πρὸς</span> <span class='ocrx_word' id='word_1_866' title='bbox 3392 5478 3453 5534; x_wconf 85' lang='grc' dir='ltr'>τὸ</span> <span class='ocrx_word' id='word_1_867' title='bbox 3483 5477 3670 5534; x_wconf 80' lang='grc' dir='ltr'>πλεῖον</span> <span class='ocrx_word' id='word_1_868' title='bbox 3693 5477 3811 5533; x_wconf 77' lang='grc' dir='ltr'>ἐπι-</span> 
     </span>
    </p>
   </div>
   <div class='ocr_carea' id='block_1_119' title="bbox 440 5561 2084 5648">
    <p class='ocr_par' dir='ltr' id='par_1_119' title="bbox 440 5561 2073 5648">
     <span class='ocr_line' id='line_1_120' title="bbox 440 5561 2073 5648; baseline 0.005 -26"><span class='ocrx_word' id='word_1_869' title='bbox 440 5561 623 5640; x_wconf 77' lang='lat' dir='ltr'><strong>magis</strong></span> <span class='ocrx_word' id='word_1_870' title='bbox 646 5581 776 5624; x_wconf 88' lang='lat' dir='ltr'><strong>eam</strong></span> <span class='ocrx_word' id='word_1_871' title='bbox 803 5564 1308 5644; x_wconf 88' lang='lat' dir='ltr'><strong>concupiscat,hic</strong></span> <span class='ocrx_word' id='word_1_872' title='bbox 1335 5567 1418 5644; x_wconf 90' lang='lat' dir='ltr'><strong>(a)</strong></span> <span class='ocrx_word' id='word_1_873' title='bbox 1445 5566 1661 5628; x_wconf 89' lang='lat' dir='ltr'><strong>malum</strong></span> <span class='ocrx_word' id='word_1_874' title='bbox 1692 5568 1944 5646; x_wconf 81' lang='lat' dir='ltr'><strong>perfecit</strong></span> <span class='ocrx_word' id='word_1_875' title='bbox 1952 5570 2073 5648; x_wconf 91' lang='lat' dir='ltr'><strong>jam</strong></span> 
     </span>
    </p>
   </div>
   <div class='ocr_carea' id='block_1_120' title="bbox 2178 5561 3810 5648">
    <p class='ocr_par' dir='ltr' id='par_1_120' title="bbox 2178 5565 3810 5646">
     <span class='ocr_line' id='line_1_121' title="bbox 2178 5565 3810 5646; baseline 0 -24"><span class='ocrx_word' id='word_1_876' title='bbox 2178 5572 2412 5643; x_wconf 66' lang='grc' dir='ltr'>ίυμῆσαι,</span> <span class='ocrx_word' id='word_1_877' title='bbox 2487 5569 2515 5622; x_wconf 91' lang='lat'><strong>6</strong></span> <span class='ocrx_word' id='word_1_878' title='bbox 2561 5573 2796 5631; x_wconf 81' lang='grc' dir='ltr'>τοιοῦτος</span> <span class='ocrx_word' id='word_1_879' title='bbox 2872 5567 2934 5622; x_wconf 81' lang='grc' dir='ltr'>τὸ</span> <span class='ocrx_word' id='word_1_880' title='bbox 2963 5569 3128 5624; x_wconf 81' lang='grc' dir='ltr'>κακὸν</span> <span class='ocrx_word' id='word_1_881' title='bbox 3178 5567 3468 5646; x_wconf 74' lang='grc' dir='ltr'>ἀπήρτισεν</span> <span class='ocrx_word' id='word_1_882' title='bbox 3497 5565 3599 5635; x_wconf 74' lang='grc' dir='ltr'>ἢδη</span> <span class='ocrx_word' id='word_1_883' title='bbox 3631 5567 3684 5624; x_wconf 83' lang='grc' dir='ltr'>ὲν</span> <span class='ocrx_word' id='word_1_884' title='bbox 3741 5572 3810 5642; x_wconf 76' lang='grc' dir='ltr'>τῇ</span> 
     </span>
    </p>
   </div>
   <div class='ocr_carea' id='block_1_121' title="bbox 523 5720 2466 5808">
    <p class='ocr_par' dir='ltr' id='par_1_121' title="bbox 523 5720 2466 5808">
     <span class='ocr_line' id='line_1_122' title="bbox 523 5720 2466 5808; baseline 0.003 -26"><span class='ocrx_word' id='word_1_885' title='bbox 523 5721 606 5805; x_wconf 83' lang='lat' dir='ltr'><strong>(a)</strong></span> <span class='ocrx_word' id='word_1_886' title='bbox 638 5720 794 5792; x_wconf 89' lang='lat' dir='ltr'><strong>Edit.</strong></span> <span class='ocrx_word' id='word_1_887' title='bbox 831 5725 958 5785; x_wconf 88' lang='lat' dir='ltr'><strong>Lut.</strong></span> <span class='ocrx_word' id='word_1_888' title='bbox 989 5721 1154 5787; x_wconf 76' lang='lat' dir='ltr'><strong>Talis</strong></span> <span class='ocrx_word' id='word_1_889' title='bbox 1181 5725 1412 5787; x_wconf 84' lang='lat' dir='ltr'><strong>animo.</strong></span> <span class='ocrx_word' id='word_1_890' title='bbox 1449 5724 1562 5788; x_wconf 79' lang='lat' dir='ltr'><strong>Sed</strong></span> <span class='ocrx_word' id='word_1_891' title='bbox 1595 5728 1692 5790; x_wconf 77' lang='lat' dir='ltr'><strong>hic</strong></span> <span class='ocrx_word' id='word_1_892' title='bbox 1723 5729 1906 5791; x_wconf 79' lang='lat' dir='ltr'><strong>textui</strong></span> <span class='ocrx_word' id='word_1_893' title='bbox 1937 5731 2125 5808; x_wconf 79' lang='lat' dir='ltr'><strong>magis</strong></span> <span class='ocrx_word' id='word_1_894' title='bbox 2157 5737 2466 5794; x_wconf 75' lang='lat' dir='ltr'><strong>consonat.</strong></span> 
     </span>
    </p>
   </div>
  </div>
