4122 6270
277 320 383 386 197

937 321 1375 390 ENARRATIO
1413 324 1497 388 IN
1538 321 1899 389 EVANGEL

1994 321 2048 383 M
2093 321 2491 385 ΜΑΤΤΗιΕΙ.
2538 353 2616 366 -
2660 323 2825 386 CAP.
2872 324 2946 385 V.

3515 317 3628 382 198

497 456 680 521 αὒτοῦ,
714 458 771 514 Εἰ
816 455 871 512 δὲ
912 457 975 512 τὸ
1004 455 1156 536 ἔργον
1196 457 1291 513 οὒκ
1338 457 1586 537 ἐπέθηκε,
1617 458 1667 513 τί
1708 464 1899 529 τοῦτος

1991 452 2049 513 in
2081 453 2285 524 corde.
2321 452 2487 527 Quod
2529 456 2575 515 si
2625 474 2777 536 opus
2828 473 2944 516 non
3001 452 3253 533 addidit,
3311 450 3453 533 quid
3484 450 3645 514 hoc?

264 547 372 602 Οὐκ
399 544 649 624 ἴσχυσεν·
716 546 828 602 ἐπεὶ
873 545 962 601 ἐὰν
1024 548 1247 626 ἰσχύσῃ,
1305 548 1597 625 παραυτίκα
1640 547 1701 601 τὸ
1748 547 1911 603 κακὸν

261 632 489 694 τελέσει.
559 633 704 705 ιΙλήν
763 635 986 712 γίνωσκε
1039 636 1119 691 ὃτι
1179 633 1277 692 κόίν
1319 635 1754 713 ἐπιθυμήσωμεν,
1789 634 1911 690 εἶτα

261 720 581 798 κωλυθῶμεν
637 723 827 801 πρᾶξαι
856 725 917 779 τὸ
960 722 1135 804 ἔργον,
1190 722 1456 802 πρόδηλον
1515 723 1594 779 ὅτι
1643 724 1745 779 ὑπὸ
1812 731 1909 794 τῆς

262 810 484 889 χάριτος
557 810 984 886 ἐσκεπάσθημεν.
1067 814 1167 870 Καὶ
1226 814 1275 869 αἱ
1364 826 1614 891 γυναῖκες
1670 810 1750 886 δὲ,
1823 811 1912 867 ἐὰν

261 896 696 970 καλλωπίζωνται
752 897 837 956 διὰ
905 902 967 957 τὸ
998 900 1180 980 ἀρέσαι
1243 903 1369 976 τισὶ,
1458 899 1558 957 κόίν
1589 902 1665 976 μή
1703 900 1911 979 ἀρέσω-

262 1008 361 1059 σιν,
427 985 577 1062 ὅμως
634 987 833 1045 ἐκεῖναι
904 990 965 1045 τὸ
1011 988 1288 1069 φάρμακον
1348 989 1623 1069 ἐκέρασαν,
1674 987 1769 1045 κᾶν
1797 1013 1911 1065 μησ-

263 1074 358 1137 δεὶς
391 1078 524 1153 πίνη
534 1123 551 1139 ,

344 1189 368 1220 ε
422 1162 554 1222 Ἐὰν
608 1164 663 1221 δὲ
711 1168 741 1222 ὑ
783 1166 1052 1246 ὀφθαλμός
1096 1190 1189 1225 σου
1219 1170 1247 1225 6
1278 1166 1442 1234 δεξιὸς
1474 1168 1791 1245 σκανδαλίζῃ
1824 1190 1906 1240 σε,

262 1252 400 1318 ἐξελε
458 1256 636 1328 αὺτὸν,
699 1256 786 1312 καὶ
855 1255 984 1332 βάλε
1028 1257 1132 1313 ἀπὸ
1165 1260 1281 1320 σοῦ,
1342 1258 1604 1337 Συμσξέρει
1645 1260 1743 1337 γὰρ
1801 1280 1906 1331 σοι,

258 1343 348 1398 ἵνα
392 1342 665 1411 ἀπόληται
712 1343 767 1400 ἓν
827 1351 930 1401 τῶν
988 1345 1164 1421 μελῶν
1222 1368 1338 1423 σου,
1394 1350 1481 1403 καὶ
1534 1350 1610 1423 μὴ
1682 1346 1806 1404 ὅλον
1848 1350 1910 1404 τὸ

258 1433 416 1508 σῶμά
474 1455 570 1490 σου
657 1431 833 1511 βληθῇ
892 1435 967 1498 εἷς
1026 1436 1267 1514 γέενναν,
1334 1438 1433 1494 Καὶ
1483 1441 1526 1492 εἱ
1572 1439 1607 1506 ἡ
1642 1436 1786 1503 δεξιά
1817 1459 1910 1494 σου

256 1522 375 1599 χεὶρ
441 1520 757 1593 σκανδαλίζη
788 1516 884 1597 σε,
931 1523 1160 1597 ἔκκοψον
1210 1526 1399 1599 αὑτὴν,
1448 1526 1534 1581 καὶ
1603 1525 1733 1602 βάλε
1807 1527 1911 1583 ἀπὸ

253 1609 369 1672 σοῦ,
449 1612 708 1690 Συμφέρει
776 1613 877 1690 γὰρ
945 1634 1052 1693 σοι,
1114 1614 1207 1670 ’ίνα
1270 1612 1537 1681 ἀπόληται
1582 1613 1635 1670 ἕν
1669 1622 1774 1672 τῶν
1808 1637 1910 1691 με·

1993 559 2109 602 non
2144 543 2334 622 potuit
2374 565 2386 600 :
2422 544 2563 624 quia
2585 544 2632 604 si
2664 544 2975 624 potuisset,
3012 542 3209 606 statim
3245 541 3466 602 malum
3501 558 3641 619 per-

1994 638 2304 709 petrasset.
2334 629 2551 692 Verum
2579 651 2902 711 cognosce,
2932 632 3086 713 quod
3112 641 3168 692 et
3187 630 3236 691 si
3266 629 3645 709 concupisca-

1994 733 2150 791 mus,
2212 718 2430 779 deinde
2487 720 2914 799 prohibeamur
2958 721 3155 782 facere
3205 737 3374 799 opus,
3408 720 3640 796 signum

1996 814 2085 867 est
2113 808 2269 885 quod
2302 808 2613 870 manifeste
2642 827 2673 869 a
2713 810 2897 886 gratia
2930 810 3181 891 protecti
3210 805 3520 870 fuerimus.
3552 808 3641 868 lta

1996 903 2054 955 et
2084 895 2367 957 mulieres
2397 896 2536 957 dum
2569 915 2633 959 se
2658 906 2891 959 ornant.
2930 904 2991 957 ut
3020 894 3318 977 aliquibus
3348 894 3640 975 placeant,

1995 983 2228 1044 etiamsi
2259 1003 2376 1044 non
2435 984 2730 1065 placeant,
2766 994 3023 1048 attamen
3084 986 3463 1066 pbarmacum
3496 983 3643 1044 mis-

1993 1080 2266 1147 cuerunt,
2296 1072 2529 1134 etiamsi
2564 1073 2762 1135 nullus
2791 1073 2975 1135 bibat.

2072 1162 2258 1224 Vsus.
2290 1159 2385 1232 29,
2425 1160 2522 1224 30.
2567 1184 2589 1219 ι
2627 1161 2696 1223 Ει
2728 1160 2777 1223 si
2803 1162 3009 1224 oculus
3051 1172 3187 1225 tuus
3218 1159 3422 1221 dexter
3449 1158 3642 1221 offen-

1992 1247 2187 1309 diculo
2221 1248 2323 1311 tibi
2362 1249 2564 1330 fuerit,
2606 1268 2750 1311 erue
2781 1250 2948 1311 illum
2984 1258 3043 1312 et
3090 1249 3287 1329 abjice
3317 1254 3449 1310 ate.
3484 1245 3640 1310 Utile

1991 1336 2151 1398 enim
2188 1336 2292 1400 tibi
2338 1347 2428 1399 est
2460 1347 2521 1399 ut
2552 1347 2757 1419 pereat
2789 1358 2967 1399 unum
2997 1358 3067 1401 ex
3098 1336 3384 1399 membris
3413 1336 3553 1410 tuis,
3585 1343 3643 1397 et

1994 1443 2111 1485 non
2174 1434 2361 1487 totum
2412 1445 2631 1507 corpus
2690 1427 2956 1489 mittatur
2999 1428 3058 1488 in
3103 1427 3465 1506 gehennam.
3498 1424 3645 1487 Etsi

1995 1513 2238 1575 dextera
2271 1534 2479 1577 manus
2512 1524 2607 1576 tua
2652 1517 2950 1578 obstiterit
2997 1516 3124 1589 tibi,
3154 1522 3397 1595 amputa
3423 1532 3554 1575 eam
3585 1524 3645 1578 et

1998 1602 2224 1682 projice
2254 1603 2360 1665 abs
2394 1612 2451 1665 te
2485 1623 2497 1667 :
2532 1604 2773 1685 expedit
2799 1604 2959 1666 enim
2993 1604 3099 1666 tibi
3130 1613 3194 1666 ut
3234 1611 3440 1684 pereat
3459 1622 3642 1664 unum

252 1698 361 1755 λῶν
418 1721 537 1767 σου,
596 1702 683 1757 καὶ
754 1702 830 1776 μὴ
885 1704 1008 1759 ὃΑοδ
1038 1691 1098 1759 τὸ
1130 1704 1286 1779 σῶμά
1318 1725 1410 1760 σου
1440 1703 1614 1781 βληθῇ
1656 1706 1729 1769 εἷς
1772 1706 1899 1782 γέεν.

2003 1691 2404 1753 membrorum
2441 1703 2699 1770 tuorum,
2736 1704 2794 1757 et
2843 1713 2959 1754 non
3020 1702 3200 1755 totum
3232 1708 3449 1773 corpus
3480 1701 3643 1753 tuum

250 1811 368 1849 ναν.
438 1810 461 1845 ο
541 1788 840 1867 Ὀφθαλμὸν
910 1793 997 1849 καὶ
1057 1806 1225 1871 χεῖρα
1282 1791 1507 1862 ἀκούων,
1579 1794 1655 1869 μὴ
1726 1795 1910 1870 νόμιζε

248 1878 509 1957 περὶτῶν
571 1877 749 1953 μελῶν
803 1882 957 1937 τοῦτο
1013 1881 1282 1959 λέγεσθαιο
1348 1886 1408 1940 οὗ
1464 1883 1562 1961 γὰρ
1606 1881 1667 1940 ἄν
1738 1905 1909 1962 προσ-

250 1967 411 2033 ἑθηκε
458 1968 546 2041 τὸ,
620 1969 649 2023 6
704 1965 868 2034 δεξιὸς
937 1970 1027 2027 καὶ
1111 1972 1145 2038 ἡ
1219 1968 1381 2037 δεξιά”
1441 1968 1579 2026 ἀλλὰ
1630 1972 1749 2051 περὶ
1804 1979 1910 2028 τῶν

249 2054 553 2113 δοκούντων
636 2056 800 2136 φίλων
850 2058 937 2115 καὶ
1006 2058 1353 2136 βλαπτόντων
1392 2061 1558 2133 ἡμᾶς’
1596 2064 1737 2117 οἷον·
1796 2060 1906 2117 ἔστι

248 2165 327 2209 τις
400 2144 543 2221 νέος,
593 2144 740 2225 ἔχων
801 2146 978 2226 φίλους
1036 2146 1384 2222 ἀκολάστως,
1447 2150 1534 2205 καὶ
1588 2148 1899 2224 βλάπτεται·

250 2236 481 2299 Τούτους
541 2235 631 2291 οὖν
713 2234 1003 2311 ἀπότεμνε,
1062 2238 1213 2315 φησί’
1275 2238 1420 2317 τάχα
1450 2238 1547 2313 μὲν
1592 2239 1691 2317 γὰρ
1724 2239 1907 2295 κάκεί-

248 2344 366 2385 νους
428 2323 640 2403 σώσεις,
700 2324 774 2387 είς
817 2324 1069 2392 αἴσθησιν
1125 2324 1391 2388 ἐλθόντας
1461 2327 1503 2382 εἰ
1547 2325 1601 2381 δὲ
1652 2328 1754 2407 μὴ,
1812 2326 1911 2384 κόίν

248 2413 497 2474 σεαυτὶν,
546 2414 603 2470 Εἰ
659 2411 713 2469 δὲ
787 2436 1024 2493 στρργεις
1090 2414 1186 2482 τὴν
1242 2416 1373 2493 πρὸς
1423 2415 1650 2478 ἐκείνους
1701 2415 1898 2495 φιλίαν,

246 2500 541 2580 ἀμφότεροι
600 2500 889 2559 ἀπολεῖσθε
907 2546 922 2564 .

328 2611 357 2646 ι
394 2586 613 2667 Ἐῤῥέθη
666 2589 746 2665 δὲ,
806 2591 885 2647 ὅτι
961 2581 1070 2653 υΟς
1127 2591 1189 2647 ἄν
1239 2590 1479 2667 ἆπολὺση
1528 2592 1627 2659 τὴν
1677 2607 1903 2670 γυναῖκα

249 2676 428 2752 αὑτοῦ,
495 2675 632 2735 δότω
680 2683 815 2754 αὐτῇ
886 2680 1235 2741 ἀποστάσιον,
1286 2702 1311 2737 s
1363 2681 1573 2749 Μοϋσῆς
1610 2680 1897 2748 ἐκέλευσεν,

1998 1780 2346 1858 conjiciatur
2376 1781 2435 1841 in
2465 1782 2864 1858 gehennama
2898 1781 3148 1845 Oculum
3181 1790 3240 1842 et
3261 1796 3498 1842 manum
3530 1799 3643 1843 au-

1995 1868 2189 1944 diens,
2216 1888 2291 1930 ne
2313 1871 2615 1932 existimes
2644 1872 2718 1933 de
2746 1870 3030 1932 membris
3052 1871 3146 1932 his
3175 1869 3318 1944 dici,
3340 1888 3459 1931 non
3480 1870 3642 1931 enim

1993 1957 2608 2039 apposuisset,dexter
2628 1967 2685 2019 et
2708 1959 2975 2021 dextera:
3001 1958 3104 2021 sed
3119 1957 3298 2020 dehis
3318 1957 3422 2040 qui
3438 1957 3641 2020 viden-

1996 2052 2091 2106 tur
2123 2064 2257 2107 esse
2281 2046 2551 2118 amici,et
2584 2056 2799 2109 nocent
2829 2044 3401 2127 nobis.Ut,exempli
3429 2048 3637 2126 gratia,

1993 2133 2350 2196 adolescens
2371 2136 2585 2215 est,cui
2604 2146 2739 2197 sunt
2754 2136 2933 2198 amici
2954 2136 3489 2215 intemperantes,a
3504 2137 3639 2217 qui-

1994 2220 2105 2285 bus
2126 2224 2406 2285 damnum
2437 2228 2668 2303 accepit
2700 2245 2713 2286 :
2748 2224 2869 2286 Hos
2929 2225 3106 2305 igitur
3135 2232 3396 2304 amputa,
3428 2225 3641 2306 inquit.

1994 2312 2289 2374 Fortassis
2321 2312 2479 2373 enim
2504 2321 2562 2373 et
2591 2312 2722 2374 illos
2742 2313 3025 2388 servabis,
3054 2311 3154 2373 ubi
3188 2313 3301 2374 hoc
3332 2330 3642 2392 persense-

1992 2400 2111 2461 rint
2146 2419 2159 2463 :
2190 2401 2348 2481 quod
2379 2401 2428 2461 si
2460 2402 2676 2478 minus,
2712 2411 2872 2463 certe
2903 2402 2993 2464 vel
3036 2401 3315 2482 teipsum.
3352 2400 3418 2463 Si
3444 2411 3637 2463 autem

1986 2506 2150 2550 amas
2173 2490 2417 2551 illorum
2450 2489 2792 2572 amicitiam,
2819 2492 3051 2572 utrique
3084 2489 3376 2572 peribitis.

2066 2577 2253 2642 Vens.
2284 2581 2383 2641 31.
2420 2599 2448 2637 ‹
2474 2578 2705 2641 Dictum
2738 2588 2827 2642 est
2856 2588 3077 2654 autem,
3105 2580 3261 2660 quod
3292 2578 3640 2661 Quicunque

1986 2667 2281 2729 dimiserit
2342 2686 2581 2729 uxorem
2641 2687 2838 2742 suam,
2895 2669 2995 2730 det
3032 2668 3087 2730 ei
3143 2668 3573 2748 repudiarium.
3610 2694 3633 2729 ο

250 2765 336 2823 ἐάν
394 2788 475 2831 τις
532 2773 666 2844 μισῇ
720 2769 821 2836 τὴν
878 2781 1107 2847 γυναῖκα
1153 2770 1331 2841 ανῦτοῦ,
1365 2769 1681 2847 χωρίζεσθαι
1713 2774 1896 2844 αὐτῆς,

1991 2758 2181 2819 Moses
2197 2756 2398 2834 jussit,
2422 2756 2470 2817 si
2502 2757 2636 2836 quis
2666 2758 2859 2819 oderit
2888 2775 3133 2819 uxorem
3164 2775 3355 2832 suam,
3390 2776 3636 2838 separe-

249 2854 339 2909 ῗνα
396 2856 474 2929 μὴ
551 2855 740 2936 χεῖρόν
784 2879 835 2913 τι
891 2856 1133 2935 γένηται·
1182 2855 1478 2930 πισουμένη
1523 2858 1644 2935 γὰρ,
1677 2856 1812 2921 ἴσως
1842 2858 1899 2914 ἄν

1991 2853 2083 2936 tur
2110 2844 2183 2936 ab
2206 2863 2298 2936 ea,
2322 2854 2386 2905 ut
2406 2864 2491 2936 ne
2511 2845 2653 2925 quid
2695 2846 3291 2936 graviuscontingat.
3324 2844 3469 2907 Nam
3500 2865 3633 2907 cum

251 2945 334 2999 καὶ
394 2933 670 3023 ἐφονεῦθψ
726 2933 920 3002 διδόναι
1000 2943 1055 3000 δὲ
1106 2951 1175 3021 τῇ
1248 2933 1653 3024 διαζευγνυμένῃ
1725 2969 1899 3026 γραμ-

1991 2935 2126 2996 odio
2158 2933 2432 3005 habetur,
2467 2934 2736 2995 fortassis
2773 2934 2965 2996 occidi
3001 2944 3222 3015 posset.
3247 2935 3399 2996 Dare
3438 2945 3632 2997 autem

254 3022 476 3107 ματεϊον
548 3031 889 3112 ἂπολυτικὸν,
937 3033 965 3089 ὅ
1036 3034 1287 3091 ἐκαλεῖτο
1333 3022 1680 3091 ἀποστάσιονο
1726 3022 1800 3098 ὧς
1844 3035 1899 3092 ἄν

1991 3022 2735 3112 Ῑυῦοιάἰωεεεεοιίὺθηυιη
2770 3023 3224 3097 absolutorium,
3259 3042 3438 3104 quem
3468 3034 3634 3087 vocat

254 3122 448 3197 μηκέτι
504 3120 590 3178 ἐπ’
646 3122 801 3179 αὐτὸν
862 3111 1159 3195 ἐπανέλθοι,
1232 3123 1320 3179 καὶ
1375 3122 1435 3178 ἐκ
1461 3124 1645 3180 τούτου
1675 3123 1895 3203 γένηται

1991 3112 2413 3203 repudiarium,
2450 3111 2531 3203 ita
2556 3119 2620 3203 ut
2638 3112 2761 3203 jam
2797 3130 2915 3203 non
2944 3112 3016 3203 ad
3048 3113 3247 3203 ipsum
3274 3113 3540 3189 accedat,
3574 3123 3634 3177 et

250 3212 531 3290 σύγχυσις,
566 3210 719 3290 ἑτέρᾳ
746 3218 1103 3277 συνοικοῦντος
1148 3219 1241 3268 τοῦ
1270 3210 1476 3291 ἄνδρός,
1690 3200 1699 3203 ⁷

1991 3203 2199 3291 ex_hoc
2233 3201 2334 3291 fiat
2364 3200 2657 3291 confusio,
2690 3201 2821 3291 viro
2837 3201 3013 3291 alteri
3029 3201 3437 3291 cohabitante.

332 3289 558 3377 (Ἐγὼ
603 3289 661 3355 δέ
708 3298 851 3378 λέγω
904 3302 1054 3375 ὑμῖν,
1123 3300 1202 3357 ὅτι
1274 3289 1378 3364 πᾶς
1433 3303 1461 3356 6
1522 3300 1766 3357 ἆπολὺων
1796 3303 1896 3370 τὴν

2059 3289 2350 3353 νεειεΒΞ.
2373 3289 2532 3368 «Ego
2562 3298 2757 3352 autem
2790 3289 2928 3353 dico
2954 3290 3139 3378 vobis,
3174 3291 3331 3370 quod
3362 3293 3633 3374 quisquis

246 3375 500 3467 γυναῖκα
550 3387 725 3461 ώτῶ,
786 3375 1064 3468 ’παρεκτὸς
1144 3388 1302 3467 λόγου
1378 3390 1645 3468 πορνείας,
1747 3404 1897 3449 ποιεῖ

1991 3378 2526 3440 iimiserituxorem
2551 3391 2994 3460 suam,excepta
3009 3375 3415 3441 fornicationis
3428 3401 3628 3459 causa,

244 3478 414 3545 αὐτὴν
486 3475 800 3556 ποιχᾶσθαι’
862 3467 950 3534 καὶ
1020 3477 1077 3542 ὅς
1110 3477 1169 3534 ἄν
1200 3467 1602 3552 ἀπολελυμένην
1642 3482 1892 3557 γαμήσῃ,

1991 3467 2114 3529 iacit
2172 3486 2300 3528 eam
2357 3467 2687 3530 moechari:
2754 3476 2812 3529 et
2855 3470 2954 3551 qui
3007 3469 3309 3530 dimissam
3371 3471 3626 3548 duxerit,

238 3572 530 3646 μοιχᾶται.
565 3585 595 3626 )
659 3570 731 3625 Οὒ
790 3564 900 3623 λὺει
956 3565 1010 3621 δὲ
1060 3568 1128 3623 τὰ
1159 3567 1440 3639 Μωσαϊκὰ,
1488 3566 1624 3622 ἀλλὰ
1655 3566 1894 3647 διορθοῦ-

235 3677 351 3730 ται,
403 3652 641 3736 ἐκφοόὦν
686 3657 778 3711 τὸν
822 3652 1001 3734 ἄνδρα,
1062 3655 1153 3712 ἴνα
1210 3656 1287 3730 μὴ
1329 3654 1539 3733 ἀλόγως
1598 3664 1731 3734 μισῇ
1794 3660 1894 3727 τὴν

235 3756 501 3823 γυναῖκα,
552 3743 676 3800 Ἐὰν
757 3744 857 3824 γὰρ
911 3743 1155 3819 ἀπολὺσῃ
1186 3746 1349 3812 αὐτὴν
1422 3743 1681 3827 εὐλόγως,
1731 3769 1893 3804 τωτ-

234 3834 381 3909 ιστι,
438 3833 823 3914 πορνεὺσασαν,
886 3831 1235 3913 ἂκατάκριτός
1296 3833 1459 3891 ἐστιν·
1530 3835 1574 3890 εἰ
1627 3834 1681 3891 δὲ
1724 3839 1892 3916 χωρὶς

233 3921 515 4001 πορνείας,
574 3921 911 3999 κατάκριτος·
1013 3920 1294 3998 ἀναγκάζει
1365 3923 1465 3999 γὰρ
1525 3922 1688 3990 αὐτὴν
1762 3947 1892 3999 μοι..

233 4014 466 4092 las-On,
523 4006 693 4065 Ἀλλὰ
722 4009 811 4065 καὶ
868 4011 897 4065 6
924 4007 1215 4088 δεχόμενος
1244 4010 1465 4083 ταυτην,
1495 4011 1691 4090 μοιχός
1722 4012 1887 4073 ἐστιν.

1980 3557 2370 3618 moechatur.»
2399 3555 2527 3617 Non
2548 3558 2725 3618 solvit
2744 3558 3134 3639 Mosaica,sed
3153 3559 3628 3638 corrigit,exter-

1977 3663 2119 3708 rens
2145 3646 2363 3720 virum,
2397 3653 2463 3706 ut
2491 3665 2566 3708 ne
2596 3646 2821 3729 absque
2852 3666 3030 3709 causa
3061 3647 3197 3709 odio
3232 3648 3445 3710 habeat
3475 3668 3627 3714 uxo-

1978 3752 2125 3798 rem.
2159 3734 2305 3797 Nam
2336 3735 2385 3797 si
2409 3737 2573 3816 justa
2603 3737 2679 3799 de
2709 3755 2888 3799 causa
2911 3736 3205 3799 dimiserit
3229 3755 3386 3818 eam,
3410 3757 3629 3821 nempe

1974 3822 2393 3899 fornicantem,
2449 3824 2601 3888 nulli
2660 3826 3140 3887 condemnationi
3193 3835 3281 3888 est
3312 3826 3623 3896 obnoxius.

1975 3913 2144 3986 Quod
2163 3914 2451 3995 siabsque
2472 3914 2883 3978 fornicationis
2902 3933 3101 3993 causa,
3136 3915 3625 3981 condemnandus

1976 4010 2089 4078 est,
2124 4003 2280 4081 cogit
2308 4004 2468 4064 enim
2498 4022 2629 4065 eam
2665 4005 2989 4065 mmchari:
3025 4008 3131 4067 sed
3174 4014 3230 4066 et
3267 4004 3367 4086 qui
3404 4008 3626 4089 accipit

235 4101 297 4157 Εἴ
359 4100 463 4178 γὰρ
538 4097 616 4173 μὴ
682 4095 911 4173 ἐδέξατο,
970 4097 1364 4177 ἀπανέστρεψεν
1422 4096 1485 4153 ἄν
1550 4097 1748 4175 ἐκείνη,
1804 4110 1892 4165 καὶ

1991 4092 2412 4165 eam,m(ecbus
2446 4092 2693 4156 est.Nisi
2724 4094 2883 4153 enim
2915 4093 3017 4154 ille
3043 4095 3622 4175 accepisset,rediis-

230 4187 483 4255 ὑπετάγη
553 4192 628 4260 τῷ
684 4183 844 4264 ἀνδρί.
904 4186 1003 4244 Τὸν
1059 4186 1158 4265 γὰρ
1230 4188 1541 4265 Χριστιανὸν
1571 4186 1655 4245 δεῖ
1679 4190 1890 4268 εἰρηνο-

1991 4189 2063 4240 iet
2111 4182 2314 4261 utique
2343 4182 2465 4261 illa,
2503 4190 2561 4242 et
2610 4181 2849 4245 subdita
2900 4182 3111 4244 fuisset
3140 4183 3290 4243 viro.
3325 4185 3418 4245 29
3448 4185 3624 4248 Chri-

232 4278 396 4333 ποιὸν
456 4279 595 4332 εἶναι
660 4275 750 4332 καὶ
820 4276 950 4353 πρὸς
980 4276 1101 4339 τούς
1131 4273 1343 4350 ἄλλους,
1379 4276 1469 4333 καὶ
1515 4274 1700 4352 πολλῷ
1728 4277 1889 4337 πλέον

1991 4268 2227 4331 itianum
2258 4278 2454 4331 autem
2485 4278 2716 4350 oportet
2745 4288 2875 4333 esse
2920 4272 3257 4351 paciﬁcum,
3319 4272 3495 4334 etiam
3547 4277 3621 4337 ad

234 4367 373 4445 πρὸς
415 4367 518 4432 τὴν
560 4362 689 4422 ἰδίαν
720 4376 973 4443 γυναῖκα.

1991 4356 2147 4431 ilios,
2180 4365 2241 4421 et
2277 4357 2462 4418 multo
2508 4358 2694 4438 magis
2751 4377 2883 4420 cum
2917 4377 3099 4422 uxore
3126 4378 3234 4422 sua
3274 4379 3479 4441 pacem
3511 4364 3621 4425 ha-

326 4475 354 4509 c
388 4452 555 4511 Πάλιν
624 4452 907 4528 ἧκοὺσατε,
969 4451 1048 4508 ὅτι
1106 4451 1284 4531 ἐρρέθη
1315 4466 1431 4519 τοῖς
1472 4454 1739 4534 ἀρχαίοις·
1786 4457 1892 4515 Οὐκ
1976 4443 2147 4511 bere.

240 4542 605 4621 ἐπιορκὴσεις,
656 4538 949 4623 ἀποδῲσεις
1021 4539 1076 4597 δὲ
1135 4548 1212 4616 τῷ
1284 4544 1455 4621 Κυρίῳ
1519 4545 1640 4609 τούς
1704 4544 1890 4623 ὅρκους

2062 4536 2243 4602 Vens.
2292 4536 2395 4602 33.
2436 4561 2459 4595 ι
2512 4536 2735 4600 [ternm
2780 4538 3032 4604 audistis
3085 4540 3243 4622 quod
3293 4541 3515 4603 dictum
3546 4542 3622 4604 sit

243 4652 356 4693 σου.
394 4654 425 4687 ι
458 4619 761 4710 Τουτέστιν,
809 4619 986 4688 υΟτιιν
1016 4630 1237 4711 όμνὺῃς,
1271 4619 1514 4702 ἀλήθευε,
1736 4619 1744 4623 ’

1991 4626 2347 4706 πὶεοίε,Νοη
2381 4627 2816 4709 pejerabis,sed
2850 4619 3151 4711 persolves
3181 4630 3435 4693 Domino
3458 4636 3622 4708 jura-

1974 4728 2173 4781 menta
2197 4727 2356 4783 tua.»
2391 4718 2515 4780 Hoc
2539 4728 2653 4796 est,
2687 4720 2925 4800 quando
2952 4721 3145 4801 juras,
3183 4739 3318 4784 vera
3348 4721 3616 4801 loquere.

2051 4806 2236 4873 Vens.
2269 4810 2370 4884 34,
2392 4808 2659 4888 35.¢Ego
2682 4816 2879 4873 autem
2901 4809 3033 4873 dico
3054 4810 3241 4887 vobis,
3275 4828 3393 4872 non
3417 4811 3621 4888 jurare

1970 4897 2239 4975 omnino,
2273 4917 2466 4979 neque
2497 4916 2606 4978 per
2660 4899 2903 4975 coelum,
2956 4899 3095 4979 quia
3140 4900 3314 4962 sedes
3345 4900 3451 4963 Dei
3475 4906 3563 4960 est
3601 4918 3617 4961 :

330 4832 352 4866 ε
380 4809 527 4887 Ἐγὼ
573 4806 629 4864 δὲ
701 4806 843 4886 λέγω
897 4808 1049 4888 ὑμῖν,
1084 4808 1160 4884 μὴ
1219 4808 1412 4885 ὀμόσαι
1456 4808 1618 4889 ὅλως,
1653 4811 1791 4887 μὴτε
1832 4813 1888 4870 ἐν

240 4902 319 4975 τῷ
376 4900 603 4977 οὖρανῷ,
661 4897 742 4954 ὃτι
804 4896 984 4975 θρόνος
1044 4896 1154 4954 ἐστὶ
1208 4905 1302 4955 τοῦ
1344 4905 1498 4955 Θεοῦ’
1533 4900 1671 4973 μήτε
1713 4900 1765 4956 ἐν
1819 4909 1887 4980 τῇ

238 4995 336 5069 τῇ,
384 4990 467 5044 ὅτι
521 4983 807 5043 ὁποπόδιόν
850 4985 960 5042 ἐστὶ
1004 4990 1112 5041 τῶν
1170 4984 1348 5044 ποδῶν
1398 4987 1581 5050 αὐτοῦ.
1626 4988 1763 5063 μὴτε
1815 4992 1887 5056 εἷς

242 5071 602 5157 Ἰεροσόλυμα,
665 5074 743 5131 ὃτι
788 5074 943 5140 πόλις
1001 5074 1109 5131 ἐστὶ
1138 5082 1231 5131 τοῦ
1270 5074 1505 5154 μεγάλου
1533 5077 1820 5153 βασιλέως,
1858 5103 1881 5136 ι

240 5165 463 5237 Ἐπειδή
506 5168 553 5222 οἱ
608 5162 857 5225 Ἰουδαῖοι
900 5164 995 5221 to;
1057 5164 1190 5222 Θεοῦ
1226 5163 1474 5243 λέγοντος
1512 5165 1728 5243 ἢκουον,
1767 5191 1793 5223 ε
1850 5179 1889 5227 0

240 5256 457 5332 οὐρανός
517 5277 609 5330 μοι
676 5254 889 5333 θρόνος,
920 5255 989 5335 κὴ
1045 5251 1096 5309 δὲ
1130 5254 1199 5332 γῆ
1242 5253 1554 5335 ὒποπόδιον,
1599 5277 1628 5311 ι
1682 5256 1890 5333 ὤμνυον

240 5346 376 5403 κατᾶ
430 5348 536 5401 τῶν
578 5344 853 5406 τοιούτων,
917 5334 976 5399 ιΟ
1007 5355 1205 5399 ’τοινυν
1257 5344 1445 5423 Κύριος
1514 5343 1733 5402 κωλύων
1788 5350 1887 5407 αὖ-

238 5435 359 5497 τούς
417 5431 479 5489 οὗ
526 5429 694 5511 λέγει,
756 5429 835 5487 ὅτι
888 5428 1106 5500 Ἐπειδὴ
1138 5431 1302 5497 καλὸς
1331 5434 1419 5489 καὶ
1450 5433 1618 5512 μέγας
1668 5434 1807 5493 ἐστὶν
1858 5439 1887 5494 6

241 5524 480 5603 οὐρανὸς,
526 5521 609 5576 κοὶ
681 5519 928 5600 χρησίμη
953 5521 989 5588 ἡ
1021 5524 1116 5598 γῆ,
1162 5518 1247 5578 διὰ
1277 5529 1427 5579 τοῦτο
1497 5523 1574 5598 μὴ
1644 5524 1883 5599 όμνὺιτὲ·

241 5611 359 5669 ἀλλ’
386 5613 467 5668 ὃτι
521 5612 549 5665 6
623 5609 719 5685 μὶν
747 5610 927 5689 θρόνος
964 5608 1087 5665 ἐστὶ
1128 5616 1221 5666 τοῦ
1265 5617 1419 5685 Θεοῦ,
1450 5613 1501 5679 ἦν
1539 5609 1618 5688 δί,
1681 5613 1890 5673 ὑποπά-

1971 5004 2168 5068 nequo
2197 5006 2304 5069 per
2346 4997 2591 5062 terram,
2643 4990 2780 5069 quia
2844 4988 3169 5051 scabellum
3220 4988 3440 5069 pedum
3490 4988 3621 5067 cjus

1971 5085 2061 5137 est
2085 5097 2100 5138 :
2122 5095 2317 5159 neque
2342 5096 2446 5158 per
2468 5077 2897 5157 Hierosolyma,
2923 5077 3061 5160 quia
3112 5077 3318 5139 civitas
3346 5084 3436 5139 est
3462 5077 3619 5157 regis

1974 5166 2193 5246 magni.
2232 5191 2259 5222 ι
2292 5165 2484 5229 Judaei
2518 5165 2659 5246 quia
2706 5166 2895 5227 Deum
2951 5166 3264 5229 audierant
3292 5167 3614 5248 dicentem,

1973 5254 2199 5316 Caelum
2234 5254 2380 5316 mihi
2410 5254 2681 5329 thronus,
2718 5262 2875 5317 terra
2905 5264 3101 5318 autem
3133 5253 3483 5329 scabellum,
3509 5255 3614 5335 ju-

1970 5342 2182 5406 rabant
2211 5362 2317 5424 per
2369 5342 2532 5405 talia.
2589 5341 2769 5423 Igitur
2817 5344 3102 5407 Dominus
3129 5343 3456 5426 prohibens
3487 5362 3615 5418 eos,

1970 5448 2092 5493 non
2122 5431 2445 5514 dicit,Quia
2463 5430 2780 5513 pulohrum
2799 5442 2858 5496 et
2875 5451 3155 5516 magnum
3179 5441 3269 5496 est
3283 5434 3523 5506 caelum,
3559 5442 3619 5496 et

1974 5529 2132 5585 terra
2161 5522 2322 5585 utilis
2353 5527 2463 5601 est,
2486 5520 2622 5583 ideo
2655 5540 2763 5604 per
2799 5541 2869 5586 ea
2898 5542 3015 5586 non
3044 5523 3243 5603 jurate
3268 5544 3285 5598 ;
3310 5523 3440 5599 sed,
3469 5521 3617 5595 Quia

1976 5610 2191 5676 coelum
2248 5612 2494 5677 thronus
2553 5619 2644 5673 est
2690 5614 2819 5692 Dei,
2873 5622 3032 5677 terra
3060 5620 3256 5677 autem
3286 5611 3610 5675 scabellum
