  <div class='ocr_page' id='page_1' title='image "/cluster/home/n/w/nwhite01/storage/ocr_20150623/123/mdp.39015009359079/107.png"; bbox 0 0 4122 6270; ppageno 0'>
   <div class='ocr_carea' id='block_1_1' title="bbox 475 299 586 363">
    <p class='ocr_par' dir='ltr' id='par_1_1' title="bbox 475 299 586 363">
     <span class='ocr_line' id='line_1_1' title="bbox 475 299 586 363; baseline 0 0"><span class='ocrx_word' id='word_1_1' title='bbox 475 299 586 363; x_wconf 86' lang='grc'><strong>199</strong></span> 
     </span>
    </p>
   </div>
   <div class='ocr_carea' id='block_1_2' title="bbox 1435 292 2872 361">
    <p class='ocr_par' dir='ltr' id='par_1_2' title="bbox 1435 292 2872 361">
     <span class='ocr_line' id='line_1_2' title="bbox 1435 292 2872 361; baseline -0.001 0"><span class='ocrx_word' id='word_1_2' title='bbox 1435 296 2020 361; x_wconf 80' lang='lat' dir='ltr'><strong>THEOPAYLACTI</strong></span> <span class='ocrx_word' id='word_1_3' title='bbox 2063 293 2469 359; x_wconf 75' lang='lat' dir='ltr'><strong>BULGARI/E</strong></span> <span class='ocrx_word' id='word_1_4' title='bbox 2515 292 2872 359; x_wconf 84' lang='lat' dir='ltr'><strong>ARCHIEP.</strong></span> 
     </span>
    </p>
   </div>
   <div class='ocr_carea' id='block_1_3' title="bbox 3712 297 3830 361">
    <p class='ocr_par' dir='ltr' id='par_1_3' title="bbox 3712 297 3830 361">
     <span class='ocr_line' id='line_1_3' title="bbox 3712 297 3830 361; baseline 0.017 -1"><span class='ocrx_word' id='word_1_5' title='bbox 3712 297 3830 361; x_wconf 74' lang='lat'><strong>200</strong></span> 
     </span>
    </p>
   </div>
   <div class='ocr_carea' id='block_1_4' title="bbox 466 424 2080 512">
    <p class='ocr_par' dir='ltr' id='par_1_4' title="bbox 466 427 2080 512">
     <span class='ocr_line' id='line_1_4' title="bbox 466 427 2080 512; baseline -0.003 -19"><span class='ocrx_word' id='word_1_6' title='bbox 466 430 684 512; x_wconf 89' lang='lat' dir='ltr'><strong>pedum</strong></span> <span class='ocrx_word' id='word_1_7' title='bbox 715 431 937 510; x_wconf 88' lang='lat' dir='ltr'><strong>ejus,ut</strong></span> <span class='ocrx_word' id='word_1_8' title='bbox 965 449 1042 492; x_wconf 90' lang='lat' dir='ltr'><strong>ne</strong></span> <span class='ocrx_word' id='word_1_9' title='bbox 1074 433 1146 492; x_wconf 90' lang='lat' dir='ltr'><strong>sit</strong></span> <span class='ocrx_word' id='word_1_10' title='bbox 1175 431 1341 492; x_wconf 90' lang='lat' dir='ltr'><strong>locus</strong></span> <span class='ocrx_word' id='word_1_11' title='bbox 1371 429 1920 492; x_wconf 65' lang='lat' dir='ltr'><strong>idololatriaa.Forte</strong></span> <span class='ocrx_word' id='word_1_12' title='bbox 1943 427 2080 490; x_wconf 91' lang='lat' dir='ltr'><strong>enin</strong></span> 
     </span>
    </p>
   </div>
   <div class='ocr_carea' id='block_1_5' title="bbox 2179 424 3832 512">
    <p class='ocr_par' dir='ltr' id='par_1_5' title="bbox 2187 424 3832 509">
     <span class='ocr_line' id='line_1_5' title="bbox 2187 424 3832 509; baseline 0.005 -27"><span class='ocrx_word' id='word_1_13' title='bbox 2187 424 2320 501; x_wconf 88' lang='grc' dir='ltr'>διον,</span> <span class='ocrx_word' id='word_1_14' title='bbox 2363 427 2455 485; x_wconf 59' lang='grc' dir='ltr'><strong>τίνα</strong></span> <span class='ocrx_word' id='word_1_15' title='bbox 2518 429 2622 504; x_wconf 78' lang='grc' dir='ltr'><strong>μὴν</strong></span> <span class='ocrx_word' id='word_1_16' title='bbox 2668 427 3043 508; x_wconf 76' lang='grc' dir='ltr'>είδολωλατρία</span> <span class='ocrx_word' id='word_1_17' title='bbox 3075 429 3261 509; x_wconf 84' lang='grc' dir='ltr'>χώραν</span> <span class='ocrx_word' id='word_1_18' title='bbox 3286 428 3402 506; x_wconf 64' lang='grc' dir='ltr'><strong>ἵξῃ.</strong></span> <span class='ocrx_word' id='word_1_19' title='bbox 3457 429 3832 503; x_wconf 77' lang='grc' dir='ltr'>Ἐθεοποιήθη-</span> 
     </span>
    </p>
   </div>
   <div class='ocr_carea' id='block_1_6' title="bbox 461 518 2107 582">
    <p class='ocr_par' dir='ltr' id='par_1_6' title="bbox 461 518 2107 582">
     <span class='ocr_line' id='line_1_6' title="bbox 461 518 2107 582; baseline -0.001 -2"><span class='ocrx_word' id='word_1_20' title='bbox 461 520 522 581; x_wconf 89' lang='lat' dir='ltr'><strong>in</strong></span> <span class='ocrx_word' id='word_1_21' title='bbox 553 523 801 582; x_wconf 89' lang='lat' dir='ltr'><strong>deorum</strong></span> <span class='ocrx_word' id='word_1_22' title='bbox 858 537 1171 581; x_wconf 87' lang='lat' dir='ltr'><strong>numerum</strong></span> <span class='ocrx_word' id='word_1_23' title='bbox 1229 521 1416 581; x_wconf 88' lang='lat' dir='ltr'><strong>relata</strong></span> <span class='ocrx_word' id='word_1_24' title='bbox 1462 518 1711 582; x_wconf 80' lang='lat' dir='ltr'><strong>fuissent</strong></span> <span class='ocrx_word' id='word_1_25' title='bbox 1743 519 2043 580; x_wconf 72' lang='lat' dir='ltr'><strong>elementa</strong></span> <span class='ocrx_word' id='word_1_26' title='bbox 2072 535 2107 579; x_wconf 83' lang='lat' dir='ltr'><strong>a</strong></span> 
     </span>
    </p>
   </div>
   <div class='ocr_carea' id='block_1_7' title="bbox 456 606 1938 688">
    <p class='ocr_par' dir='ltr' id='par_1_7' title="bbox 456 606 1938 688">
     <span class='ocr_line' id='line_1_7' title="bbox 456 606 1938 688; baseline 0 -17"><span class='ocrx_word' id='word_1_27' title='bbox 456 606 797 688; x_wconf 89' lang='lat' dir='ltr'><strong>jurantibus</strong></span> <span class='ocrx_word' id='word_1_28' title='bbox 830 626 935 688; x_wconf 90' lang='lat' dir='ltr'><strong>per</strong></span> <span class='ocrx_word' id='word_1_29' title='bbox 963 627 1033 668; x_wconf 92' lang='lat' dir='ltr'><strong>ea</strong></span> <span class='ocrx_word' id='word_1_30' title='bbox 1068 630 1079 669; x_wconf 95' lang='lat'>:</span> <span class='ocrx_word' id='word_1_31' title='bbox 1116 608 1175 668; x_wconf 91' lang='lat' dir='ltr'><strong>id</strong></span> <span class='ocrx_word' id='word_1_32' title='bbox 1206 607 1361 688; x_wconf 90' lang='lat' dir='ltr'><strong>quod</strong></span> <span class='ocrx_word' id='word_1_33' title='bbox 1382 612 1553 668; x_wconf 83' lang='lat' dir='ltr'><strong>antea</strong></span> <span class='ocrx_word' id='word_1_34' title='bbox 1580 607 1796 668; x_wconf 85' lang='lat' dir='ltr'><strong>factum</strong></span> <span class='ocrx_word' id='word_1_35' title='bbox 1828 616 1938 671; x_wconf 88' lang='lat' dir='ltr'><strong>est.</strong></span> 
     </span>
    </p>
   </div>
   <div class='ocr_carea' id='block_1_8' title="bbox 541 696 2105 778">
    <p class='ocr_par' dir='ltr' id='par_1_8' title="bbox 541 696 2105 778">
     <span class='ocr_line' id='line_1_8' title="bbox 541 696 2105 778; baseline 0 -22"><span class='ocrx_word' id='word_1_36' title='bbox 541 701 723 760; x_wconf 69' lang='lat' dir='ltr'><strong>Vens.</strong></span> <span class='ocrx_word' id='word_1_37' title='bbox 760 698 856 758; x_wconf 82' lang='lat'><strong>36.</strong></span> <span class='ocrx_word' id='word_1_38' title='bbox 895 719 925 757; x_wconf 85' lang='grc'><strong><em>‹</em></strong></span> <span class='ocrx_word' id='word_1_39' title='bbox 957 697 1154 778; x_wconf 86' lang='lat' dir='ltr'><strong>Neqee</strong></span> <span class='ocrx_word' id='word_1_40' title='bbox 1189 715 1296 776; x_wconf 87' lang='lat' dir='ltr'><strong>per</strong></span> <span class='ocrx_word' id='word_1_41' title='bbox 1314 703 1676 776; x_wconf 89' lang='lat' dir='ltr'><strong>caputtuum</strong></span> <span class='ocrx_word' id='word_1_42' title='bbox 1702 696 2105 776; x_wconf 88' lang='lat' dir='ltr'><strong>jurabis,quia</strong></span> 
     </span>
    </p>
   </div>
   <div class='ocr_carea' id='block_1_9' title="bbox 461 784 2095 868">
    <p class='ocr_par' dir='ltr' id='par_1_9' title="bbox 461 784 2095 868">
     <span class='ocr_line' id='line_1_9' title="bbox 461 784 2095 868; baseline -0.005 -19"><span class='ocrx_word' id='word_1_43' title='bbox 461 806 578 850; x_wconf 93' lang='lat' dir='ltr'><strong>non</strong></span> <span class='ocrx_word' id='word_1_44' title='bbox 611 795 778 868; x_wconf 89' lang='lat' dir='ltr'><strong>potes</strong></span> <span class='ocrx_word' id='word_1_45' title='bbox 808 805 991 848; x_wconf 91' lang='lat' dir='ltr'><strong>unum</strong></span> <span class='ocrx_word' id='word_1_46' title='bbox 1029 787 1210 866; x_wconf 90' lang='lat' dir='ltr'><strong>pilum</strong></span> <span class='ocrx_word' id='word_1_47' title='bbox 1231 786 1430 847; x_wconf 88' lang='lat' dir='ltr'><strong>album</strong></span> <span class='ocrx_word' id='word_1_48' title='bbox 1455 786 1544 846; x_wconf 87' lang='lat' dir='ltr'><strong>vel</strong></span> <span class='ocrx_word' id='word_1_49' title='bbox 1578 785 1811 863; x_wconf 87' lang='lat' dir='ltr'><strong>nigrum</strong></span> <span class='ocrx_word' id='word_1_50' title='bbox 1841 784 2095 847; x_wconf 63' lang='lat' dir='ltr'><strong>facere.»</strong></span> 
     </span>
    </p>
   </div>
   <div class='ocr_carea' id='block_1_10' title="bbox 454 873 2100 956">
    <p class='ocr_par' dir='ltr' id='par_1_10' title="bbox 454 873 2100 956">
     <span class='ocr_line' id='line_1_10' title="bbox 454 873 2100 956; baseline -0.002 -18"><span class='ocrx_word' id='word_1_51' title='bbox 454 877 614 939; x_wconf 87' lang='lat' dir='ltr'><strong>Deus</strong></span> <span class='ocrx_word' id='word_1_52' title='bbox 641 876 803 937; x_wconf 92' lang='lat' dir='ltr'><strong>solus</strong></span> <span class='ocrx_word' id='word_1_53' title='bbox 838 894 945 955; x_wconf 91' lang='lat' dir='ltr'><strong>per</strong></span> <span class='ocrx_word' id='word_1_54' title='bbox 959 875 1344 956; x_wconf 90' lang='lat' dir='ltr'><strong>semetipsum</strong></span> <span class='ocrx_word' id='word_1_55' title='bbox 1359 875 1754 954; x_wconf 87' lang='lat' dir='ltr'><strong>jurat,utpote</strong></span> <span class='ocrx_word' id='word_1_56' title='bbox 1780 875 1923 935; x_wconf 88' lang='lat' dir='ltr'><strong>nulli</strong></span> <span class='ocrx_word' id='word_1_57' title='bbox 1955 873 2100 935; x_wconf 90' lang='lat' dir='ltr'><strong>sub-</strong></span> 
     </span>
    </p>
   </div>
   <div class='ocr_carea' id='block_1_11' title="bbox 448 963 2098 1045">
    <p class='ocr_par' dir='ltr' id='par_1_11' title="bbox 448 963 2098 1045">
     <span class='ocr_line' id='line_1_11' title="bbox 448 963 2098 1045; baseline -0.001 -19"><span class='ocrx_word' id='word_1_58' title='bbox 448 966 642 1045; x_wconf 89' lang='lat' dir='ltr'><strong>jectus</strong></span> <span class='ocrx_word' id='word_1_59' title='bbox 676 982 690 1027; x_wconf 90' lang='lat'>:</span> <span class='ocrx_word' id='word_1_60' title='bbox 723 983 832 1026; x_wconf 88' lang='lat' dir='ltr'><strong>nos</strong></span> <span class='ocrx_word' id='word_1_61' title='bbox 889 971 1086 1025; x_wconf 74' lang='lat' dir='ltr'><strong>autem</strong></span> <span class='ocrx_word' id='word_1_62' title='bbox 1137 983 1271 1025; x_wconf 90' lang='lat' dir='ltr'><strong>cum</strong></span> <span class='ocrx_word' id='word_1_63' title='bbox 1306 983 1424 1024; x_wconf 94' lang='lat' dir='ltr'><strong>non</strong></span> <span class='ocrx_word' id='word_1_64' title='bbox 1459 963 1644 1024; x_wconf 93' lang='lat' dir='ltr'><strong>simus</strong></span> <span class='ocrx_word' id='word_1_65' title='bbox 1680 973 1894 1024; x_wconf 70' lang='lat' dir='ltr'><strong>nostrae</strong></span> <span class='ocrx_word' id='word_1_66' title='bbox 1926 971 2098 1044; x_wconf 88' lang='lat' dir='ltr'><strong>pote-</strong></span> 
     </span>
    </p>
   </div>
   <div class='ocr_carea' id='block_1_12' title="bbox 446 1051 2098 1135">
    <p class='ocr_par' dir='ltr' id='par_1_12' title="bbox 446 1051 2098 1135">
     <span class='ocr_line' id='line_1_12' title="bbox 446 1051 2098 1135; baseline -0.004 -18"><span class='ocrx_word' id='word_1_67' title='bbox 446 1055 636 1129; x_wconf 80' lang='lat' dir='ltr'><strong>statis,</strong></span> <span class='ocrx_word' id='word_1_68' title='bbox 670 1072 786 1135; x_wconf 90' lang='lat' dir='ltr'><strong>quo</strong></span> <span class='ocrx_word' id='word_1_69' title='bbox 849 1059 1019 1133; x_wconf 89' lang='lat' dir='ltr'><strong>pacto</strong></span> <span class='ocrx_word' id='word_1_70' title='bbox 1080 1071 1186 1134; x_wconf 90' lang='lat' dir='ltr'><strong>per</strong></span> <span class='ocrx_word' id='word_1_71' title='bbox 1212 1062 1387 1132; x_wconf 80' lang='lat' dir='ltr'><strong>caput</strong></span> <span class='ocrx_word' id='word_1_72' title='bbox 1418 1061 1685 1112; x_wconf 87' lang='lat' dir='ltr'><strong>nostrum</strong></span> <span class='ocrx_word' id='word_1_73' title='bbox 1712 1051 2098 1131; x_wconf 86' lang='lat' dir='ltr'><strong>jurabimus?</strong></span> 
     </span>
    </p>
   </div>
   <div class='ocr_carea' id='block_1_13' title="bbox 444 1140 2092 1222">
    <p class='ocr_par' dir='ltr' id='par_1_13' title="bbox 444 1140 2092 1222">
     <span class='ocr_line' id='line_1_13' title="bbox 444 1140 2092 1222; baseline -0.003 -17"><span class='ocrx_word' id='word_1_74' title='bbox 444 1143 687 1205; x_wconf 72' lang='lat' dir='ltr'><strong>alterius</strong></span> <span class='ocrx_word' id='word_1_75' title='bbox 713 1144 873 1204; x_wconf 89' lang='lat' dir='ltr'><strong>enim</strong></span> <span class='ocrx_word' id='word_1_76' title='bbox 897 1150 987 1204; x_wconf 91' lang='lat' dir='ltr'><strong>est</strong></span> <span class='ocrx_word' id='word_1_77' title='bbox 1010 1140 1400 1222; x_wconf 87' lang='lat' dir='ltr'><strong>possessio.Si</strong></span> <span class='ocrx_word' id='word_1_78' title='bbox 1425 1142 1580 1203; x_wconf 89' lang='lat' dir='ltr'><strong>enim</strong></span> <span class='ocrx_word' id='word_1_79' title='bbox 1601 1150 1762 1203; x_wconf 91' lang='lat' dir='ltr'><strong>tuum</strong></span> <span class='ocrx_word' id='word_1_80' title='bbox 1788 1151 1874 1203; x_wconf 86' lang='lat' dir='ltr'><strong>est</strong></span> <span class='ocrx_word' id='word_1_81' title='bbox 1897 1149 2092 1221; x_wconf 85' lang='lat' dir='ltr'><strong>caput,</strong></span> 
     </span>
    </p>
   </div>
   <div class='ocr_carea' id='block_1_14' title="bbox 445 1231 1492 1312">
    <p class='ocr_par' dir='ltr' id='par_1_14' title="bbox 445 1231 1492 1312">
     <span class='ocr_line' id='line_1_14' title="bbox 445 1231 1492 1312; baseline -0.005 -19"><span class='ocrx_word' id='word_1_82' title='bbox 445 1241 628 1305; x_wconf 89' lang='lat' dir='ltr'><strong>muta,</strong></span> <span class='ocrx_word' id='word_1_83' title='bbox 663 1233 712 1292; x_wconf 93' lang='lat' dir='ltr'><strong>si</strong></span> <span class='ocrx_word' id='word_1_84' title='bbox 745 1239 933 1311; x_wconf 87' lang='lat' dir='ltr'><strong>potes,</strong></span> <span class='ocrx_word' id='word_1_85' title='bbox 967 1250 1152 1293; x_wconf 92' lang='lat' dir='ltr'><strong>nnum</strong></span> <span class='ocrx_word' id='word_1_86' title='bbox 1187 1231 1492 1312; x_wconf 80' lang='lat' dir='ltr'><strong>capillum.</strong></span> 
     </span>
    </p>
   </div>
   <div class='ocr_carea' id='block_1_15' title="bbox 519 1317 2090 1398">
    <p class='ocr_par' dir='ltr' id='par_1_15' title="bbox 519 1317 2090 1398">
     <span class='ocr_line' id='line_1_15' title="bbox 519 1317 2090 1398; baseline -0.002 -15"><span class='ocrx_word' id='word_1_87' title='bbox 519 1319 951 1384; x_wconf 74' lang='lat' dir='ltr'><strong>VERS.37.¢Sit</strong></span> <span class='ocrx_word' id='word_1_88' title='bbox 980 1330 1176 1381; x_wconf 90' lang='lat' dir='ltr'><strong>autem</strong></span> <span class='ocrx_word' id='word_1_89' title='bbox 1207 1339 1402 1380; x_wconf 86' lang='lat' dir='ltr'><strong>sermo</strong></span> <span class='ocrx_word' id='word_1_90' title='bbox 1434 1317 1848 1398; x_wconf 87' lang='lat' dir='ltr'><strong>vester,Etiam</strong></span> <span class='ocrx_word' id='word_1_91' title='bbox 1874 1319 2048 1381; x_wconf 90' lang='lat' dir='ltr'><strong>etiam</strong></span> <span class='ocrx_word' id='word_1_92' title='bbox 2074 1341 2090 1380; x_wconf 89' lang='lat'><strong>:</strong></span> 
     </span>
    </p>
   </div>
   <div class='ocr_carea' id='block_1_16' title="bbox 443 1407 2090 1492">
    <p class='ocr_par' dir='ltr' id='par_1_16' title="bbox 443 1407 2090 1492">
     <span class='ocr_line' id='line_1_16' title="bbox 443 1407 2090 1492; baseline -0.002 -20"><span class='ocrx_word' id='word_1_93' title='bbox 443 1430 585 1492; x_wconf 90' lang='lat' dir='ltr'><strong>non,</strong></span> <span class='ocrx_word' id='word_1_94' title='bbox 621 1429 760 1470; x_wconf 92' lang='lat' dir='ltr'><strong>non.</strong></span> <span class='ocrx_word' id='word_1_95' title='bbox 797 1430 822 1461; x_wconf 67' lang='grc' dir='ltr'>ιν</span> <span class='ocrx_word' id='word_1_96' title='bbox 855 1408 930 1471; x_wconf 90' lang='lat' dir='ltr'><strong>Ut</strong></span> <span class='ocrx_word' id='word_1_97' title='bbox 961 1429 1037 1470; x_wconf 90' lang='lat' dir='ltr'><strong>ne</strong></span> <span class='ocrx_word' id='word_1_98' title='bbox 1069 1409 1229 1470; x_wconf 88' lang='lat' dir='ltr'><strong>dicas</strong></span> <span class='ocrx_word' id='word_1_99' title='bbox 1264 1427 1276 1470; x_wconf 92' lang='lat'>:</span> <span class='ocrx_word' id='word_1_100' title='bbox 1313 1408 1384 1470; x_wconf 84' lang='lat' dir='ltr'><strong>Et</strong></span> <span class='ocrx_word' id='word_1_101' title='bbox 1412 1407 1707 1488; x_wconf 90' lang='lat' dir='ltr'><strong>quomodo</strong></span> <span class='ocrx_word' id='word_1_102' title='bbox 1741 1407 1918 1468; x_wconf 84' lang='lat' dir='ltr'><strong>ﬁdem</strong></span> <span class='ocrx_word' id='word_1_103' title='bbox 1943 1408 2090 1469; x_wconf 89' lang='lat' dir='ltr'><strong>mihi</strong></span> 
     </span>
    </p>
   </div>
   <div class='ocr_carea' id='block_1_17' title="bbox 439 1496 2094 1577">
    <p class='ocr_par' dir='ltr' id='par_1_17' title="bbox 439 1496 2094 1577">
     <span class='ocr_line' id='line_1_17' title="bbox 439 1496 2094 1577; baseline -0.001 -17"><span class='ocrx_word' id='word_1_104' title='bbox 439 1499 774 1563; x_wconf 82' lang='lat' dir='ltr'><strong>habebunt?</strong></span> <span class='ocrx_word' id='word_1_105' title='bbox 806 1497 997 1577; x_wconf 84' lang='lat' dir='ltr'><strong>inquit</strong></span> <span class='ocrx_word' id='word_1_106' title='bbox 1026 1517 1039 1560; x_wconf 90' lang='lat'><strong>:</strong></span> <span class='ocrx_word' id='word_1_107' title='bbox 1065 1499 1126 1560; x_wconf 93' lang='lat' dir='ltr'><strong>Si</strong></span> <span class='ocrx_word' id='word_1_108' title='bbox 1144 1516 1382 1577; x_wconf 88' lang='lat' dir='ltr'><strong>semper</strong></span> <span class='ocrx_word' id='word_1_109' title='bbox 1399 1498 1786 1558; x_wconf 91' lang='lat' dir='ltr'><strong>verelocutus</strong></span> <span class='ocrx_word' id='word_1_110' title='bbox 1802 1496 2009 1569; x_wconf 85' lang='lat' dir='ltr'><strong>fueris,</strong></span> <span class='ocrx_word' id='word_1_111' title='bbox 2035 1505 2094 1558; x_wconf 89' lang='lat' dir='ltr'><strong>et</strong></span> 
     </span>
    </p>
   </div>
   <div class='ocr_carea' id='block_1_18' title="bbox 442 1585 2092 1668">
    <p class='ocr_par' dir='ltr' id='par_1_18' title="bbox 442 1585 2092 1668">
     <span class='ocr_line' id='line_1_18' title="bbox 442 1585 2092 1668; baseline -0.001 -19"><span class='ocrx_word' id='word_1_112' title='bbox 442 1606 740 1668; x_wconf 87' lang='lat' dir='ltr'><strong>nunquam</strong></span> <span class='ocrx_word' id='word_1_113' title='bbox 795 1585 1116 1666; x_wconf 89' lang='lat' dir='ltr'><strong>juraveris.</strong></span> <span class='ocrx_word' id='word_1_114' title='bbox 1150 1585 1306 1648; x_wconf 89' lang='lat' dir='ltr'><strong>Nulli</strong></span> <span class='ocrx_word' id='word_1_115' title='bbox 1365 1587 1521 1648; x_wconf 90' lang='lat' dir='ltr'><strong>enim</strong></span> <span class='ocrx_word' id='word_1_116' title='bbox 1585 1587 1781 1646; x_wconf 90' lang='lat' dir='ltr'><strong>minus</strong></span> <span class='ocrx_word' id='word_1_117' title='bbox 1831 1586 2092 1648; x_wconf 81' lang='lat' dir='ltr'><strong>creditur</strong></span> 
     </span>
    </p>
   </div>
   <div class='ocr_carea' id='block_1_19' title="bbox 439 1674 2150 1776">
    <p class='ocr_par' dir='ltr' id='par_1_19' title="bbox 439 1674 2150 1776">
     <span class='ocr_line' id='line_1_19' title="bbox 439 1674 2150 1776; baseline 0 -39"><span class='ocrx_word' id='word_1_118' title='bbox 439 1695 608 1776; x_wconf 79' lang='lat' dir='ltr'><strong>qaam</strong></span> <span class='ocrx_word' id='word_1_119' title='bbox 630 1677 684 1736; x_wconf 91' lang='lat' dir='ltr'><strong>ei</strong></span> <span class='ocrx_word' id='word_1_120' title='bbox 711 1677 811 1756; x_wconf 93' lang='lat' dir='ltr'><strong>qui</strong></span> <span class='ocrx_word' id='word_1_121' title='bbox 836 1676 1184 1776; x_wconf 78' lang='lat' dir='ltr'><strong>frequenter</strong></span> <span class='ocrx_word' id='word_1_122' title='bbox 1193 1678 1382 1776; x_wconf 66' lang='lat' dir='ltr'><strong>jurat.</strong></span> <span class='ocrx_word' id='word_1_123' title='bbox 1398 1674 1597 1776; x_wconf 65' lang='lat' dir='ltr'><strong>«Quod</strong></span> <span class='ocrx_word' id='word_1_124' title='bbox 1618 1682 1813 1776; x_wconf 75' lang='lat' dir='ltr'><strong>autem</strong></span> <span class='ocrx_word' id='word_1_125' title='bbox 1837 1676 2090 1776; x_wconf 73' lang='lat' dir='ltr'><strong>amplius</strong></span> <span class='ocrx_word' id='word_1_126' title='bbox 2115 1727 2150 1776; x_wconf 71' lang='grc' dir='ltr'><strong>Β</strong></span> 
     </span>
    </p>
   </div>
   <div class='ocr_carea' id='block_1_20' title="bbox 439 1763 2090 1843">
    <p class='ocr_par' dir='ltr' id='par_1_20' title="bbox 439 1763 2090 1843">
     <span class='ocr_line' id='line_1_20' title="bbox 439 1763 2090 1843; baseline -0.001 -16"><span class='ocrx_word' id='word_1_127' title='bbox 439 1766 532 1827; x_wconf 87' lang='lat' dir='ltr'><strong>his</strong></span> <span class='ocrx_word' id='word_1_128' title='bbox 565 1775 675 1836; x_wconf 87' lang='lat' dir='ltr'><strong>est,</strong></span> <span class='ocrx_word' id='word_1_129' title='bbox 732 1785 763 1825; x_wconf 94' lang='lat' dir='ltr'><strong>a</strong></span> <span class='ocrx_word' id='word_1_130' title='bbox 819 1765 972 1826; x_wconf 90' lang='lat' dir='ltr'><strong>malo</strong></span> <span class='ocrx_word' id='word_1_131' title='bbox 1023 1777 1134 1826; x_wconf 89' lang='lat' dir='ltr'><strong>est.</strong></span> <span class='ocrx_word' id='word_1_132' title='bbox 1174 1791 1192 1820; x_wconf 77' lang='grc' dir='ltr'><strong>ι</strong></span> <span class='ocrx_word' id='word_1_133' title='bbox 1231 1763 1442 1825; x_wconf 84' lang='lat' dir='ltr'><strong>Jurare</strong></span> <span class='ocrx_word' id='word_1_134' title='bbox 1475 1763 1719 1843; x_wconf 85' lang='lat' dir='ltr'><strong>(inquit)</strong></span> <span class='ocrx_word' id='word_1_135' title='bbox 1751 1772 1809 1825; x_wconf 91' lang='lat' dir='ltr'><strong>et</strong></span> <span class='ocrx_word' id='word_1_136' title='bbox 1827 1763 2090 1842; x_wconf 86' lang='lat' dir='ltr'><strong>adjicere</strong></span> 
     </span>
    </p>
   </div>
   <div class='ocr_carea' id='block_1_21' title="bbox 437 1851 2086 1934">
    <p class='ocr_par' dir='ltr' id='par_1_21' title="bbox 437 1851 2086 1934">
     <span class='ocr_line' id='line_1_21' title="bbox 437 1851 2086 1934; baseline -0.001 -21"><span class='ocrx_word' id='word_1_137' title='bbox 437 1854 692 1934; x_wconf 89' lang='lat' dir='ltr'><strong>amplius</strong></span> <span class='ocrx_word' id='word_1_138' title='bbox 722 1854 794 1914; x_wconf 91' lang='lat' dir='ltr'><strong>ad</strong></span> <span class='ocrx_word' id='word_1_139' title='bbox 829 1853 1018 1914; x_wconf 83' lang='lat' dir='ltr'><strong>Etiam</strong></span> <span class='ocrx_word' id='word_1_140' title='bbox 1053 1854 1140 1916; x_wconf 80' lang='lat' dir='ltr'><strong>vel</strong></span> <span class='ocrx_word' id='word_1_141' title='bbox 1164 1852 1318 1927; x_wconf 89' lang='lat' dir='ltr'><strong>Non,</strong></span> <span class='ocrx_word' id='word_1_142' title='bbox 1354 1871 1387 1912; x_wconf 93' lang='lat' dir='ltr'><strong>a</strong></span> <span class='ocrx_word' id='word_1_143' title='bbox 1410 1851 1645 1913; x_wconf 88' lang='lat' dir='ltr'><strong>diabolo</strong></span> <span class='ocrx_word' id='word_1_144' title='bbox 1679 1862 1785 1914; x_wconf 90' lang='lat' dir='ltr'><strong>est.</strong></span> <span class='ocrx_word' id='word_1_145' title='bbox 1821 1855 2004 1914; x_wconf 89' lang='lat' dir='ltr'><strong>Porro</strong></span> <span class='ocrx_word' id='word_1_146' title='bbox 2037 1855 2086 1913; x_wconf 89' lang='lat' dir='ltr'><strong>si</strong></span> 
     </span>
    </p>
   </div>
   <div class='ocr_carea' id='block_1_22' title="bbox 435 1941 2086 2023">
    <p class='ocr_par' dir='ltr' id='par_1_22' title="bbox 435 1941 2086 2023">
     <span class='ocr_line' id='line_1_22' title="bbox 435 1941 2086 2023; baseline -0.001 -20"><span class='ocrx_word' id='word_1_147' title='bbox 435 1942 657 2005; x_wconf 83' lang='lat' dir='ltr'><strong>dixeris</strong></span> <span class='ocrx_word' id='word_1_148' title='bbox 701 1943 856 2023; x_wconf 90' lang='lat' dir='ltr'><strong>quod</strong></span> <span class='ocrx_word' id='word_1_149' title='bbox 883 1952 942 2005; x_wconf 92' lang='lat' dir='ltr'><strong>et</strong></span> <span class='ocrx_word' id='word_1_150' title='bbox 991 1943 1082 2005; x_wconf 87' lang='lat' dir='ltr'><strong>lex</strong></span> <span class='ocrx_word' id='word_1_151' title='bbox 1113 1942 1291 2004; x_wconf 89' lang='lat' dir='ltr'><strong>Mosis</strong></span> <span class='ocrx_word' id='word_1_152' title='bbox 1323 1942 1473 2002; x_wconf 84' lang='lat' dir='ltr'><strong>mala</strong></span> <span class='ocrx_word' id='word_1_153' title='bbox 1507 1943 1643 2016; x_wconf 89' lang='lat' dir='ltr'><strong>erit,</strong></span> <span class='ocrx_word' id='word_1_154' title='bbox 1679 1941 1958 2021; x_wconf 87' lang='lat' dir='ltr'><strong>quoniam</strong></span> <span class='ocrx_word' id='word_1_155' title='bbox 1991 1942 2086 2020; x_wconf 71' lang='lat' dir='ltr'><strong>[u-</strong></span> 
     </span>
    </p>
   </div>
   <div class='ocr_carea' id='block_1_23' title="bbox 433 2030 2085 2112">
    <p class='ocr_par' dir='ltr' id='par_1_23' title="bbox 433 2030 2085 2112">
     <span class='ocr_line' id='line_1_23' title="bbox 433 2030 2085 2112; baseline 0 -21"><span class='ocrx_word' id='word_1_156' title='bbox 433 2049 574 2092; x_wconf 84' lang='lat' dir='ltr'><strong>rare</strong></span> <span class='ocrx_word' id='word_1_157' title='bbox 597 2030 793 2112; x_wconf 85' lang='lat' dir='ltr'><strong>jubet,</strong></span> <span class='ocrx_word' id='word_1_158' title='bbox 828 2032 993 2093; x_wconf 88' lang='lat' dir='ltr'><strong>disce</strong></span> <span class='ocrx_word' id='word_1_159' title='bbox 1051 2032 1208 2112; x_wconf 87' lang='lat' dir='ltr'><strong>quod</strong></span> <span class='ocrx_word' id='word_1_160' title='bbox 1261 2040 1400 2092; x_wconf 92' lang='lat' dir='ltr'><strong>tunc</strong></span> <span class='ocrx_word' id='word_1_161' title='bbox 1436 2047 1550 2092; x_wconf 91' lang='lat' dir='ltr'><strong>non</strong></span> <span class='ocrx_word' id='word_1_162' title='bbox 1581 2039 1707 2092; x_wconf 88' lang='lat' dir='ltr'><strong>erat</strong></span> <span class='ocrx_word' id='word_1_163' title='bbox 1740 2031 1956 2092; x_wconf 90' lang='lat' dir='ltr'><strong>malum</strong></span> <span class='ocrx_word' id='word_1_164' title='bbox 1982 2031 2085 2109; x_wconf 91' lang='lat' dir='ltr'><strong>ju-</strong></span> 
     </span>
    </p>
   </div>
   <div class='ocr_carea' id='block_1_24' title="bbox 434 2118 2088 2201">
    <p class='ocr_par' dir='ltr' id='par_1_24' title="bbox 434 2118 2088 2201">
     <span class='ocr_line' id='line_1_24' title="bbox 434 2118 2088 2201; baseline 0 -21"><span class='ocrx_word' id='word_1_165' title='bbox 434 2137 608 2181; x_wconf 89' lang='lat' dir='ltr'><strong>rare:</strong></span> <span class='ocrx_word' id='word_1_166' title='bbox 650 2127 782 2201; x_wconf 91' lang='lat' dir='ltr'><strong>post</strong></span> <span class='ocrx_word' id='word_1_167' title='bbox 812 2120 1114 2183; x_wconf 90' lang='lat' dir='ltr'><strong>Christum</strong></span> <span class='ocrx_word' id='word_1_168' title='bbox 1166 2128 1362 2180; x_wconf 92' lang='lat' dir='ltr'><strong>autem</strong></span> <span class='ocrx_word' id='word_1_169' title='bbox 1418 2118 1638 2180; x_wconf 79' lang='lat' dir='ltr'><strong>malum</strong></span> <span class='ocrx_word' id='word_1_170' title='bbox 1692 2128 1802 2190; x_wconf 87' lang='lat' dir='ltr'><strong>est,</strong></span> <span class='ocrx_word' id='word_1_171' title='bbox 1851 2119 2001 2179; x_wconf 90' lang='lat' dir='ltr'><strong>sicut</strong></span> <span class='ocrx_word' id='word_1_172' title='bbox 2029 2127 2088 2180; x_wconf 92' lang='lat' dir='ltr'><strong>et</strong></span> 
     </span>
    </p>
   </div>
   <div class='ocr_carea' id='block_1_25' title="bbox 446 2203 2087 2287">
    <p class='ocr_par' dir='ltr' id='par_1_25' title="bbox 446 2203 2087 2287">
     <span class='ocr_line' id='line_1_25' title="bbox 446 2203 2087 2287; baseline -0.001 -18"><span class='ocrx_word' id='word_1_173' title='bbox 446 2203 815 2283; x_wconf 85' lang='lat' dir='ltr'><strong>circumcidi,</strong></span> <span class='ocrx_word' id='word_1_174' title='bbox 853 2217 909 2270; x_wconf 93' lang='lat' dir='ltr'><strong>et</strong></span> <span class='ocrx_word' id='word_1_175' title='bbox 935 2211 992 2270; x_wconf 92' lang='lat' dir='ltr'><strong>in</strong></span> <span class='ocrx_word' id='word_1_176' title='bbox 1029 2227 1284 2283; x_wconf 88' lang='lat' dir='ltr'><strong>summa,</strong></span> <span class='ocrx_word' id='word_1_177' title='bbox 1319 2207 1608 2287; x_wconf 90' lang='lat' dir='ltr'><strong>quidquid</strong></span> <span class='ocrx_word' id='word_1_178' title='bbox 1638 2220 1728 2268; x_wconf 88' lang='lat' dir='ltr'><strong>est</strong></span> <span class='ocrx_word' id='word_1_179' title='bbox 1750 2207 2087 2269; x_wconf 89' lang='lat' dir='ltr'><strong>Judaicum.</strong></span> 
     </span>
    </p>
   </div>
   <div class='ocr_carea' id='block_1_26' title="bbox 449 2295 1862 2379">
    <p class='ocr_par' dir='ltr' id='par_1_26' title="bbox 449 2295 1862 2379">
     <span class='ocr_line' id='line_1_26' title="bbox 449 2295 1862 2379; baseline 0.001 -20"><span class='ocrx_word' id='word_1_180' title='bbox 449 2295 677 2376; x_wconf 88' lang='lat' dir='ltr'><strong>Sugere</strong></span> <span class='ocrx_word' id='word_1_181' title='bbox 707 2299 864 2359; x_wconf 88' lang='lat' dir='ltr'><strong>enim</strong></span> <span class='ocrx_word' id='word_1_182' title='bbox 895 2316 1078 2379; x_wconf 92' lang='lat' dir='ltr'><strong>puero</strong></span> <span class='ocrx_word' id='word_1_183' title='bbox 1109 2297 1403 2370; x_wconf 88' lang='lat' dir='ltr'><strong>convenit,</strong></span> <span class='ocrx_word' id='word_1_184' title='bbox 1441 2298 1561 2356; x_wconf 90' lang='lat' dir='ltr'><strong>viro</strong></span> <span class='ocrx_word' id='word_1_185' title='bbox 1597 2297 1862 2362; x_wconf 86' lang='lat' dir='ltr'><strong>minime.</strong></span> 
     </span>
    </p>
   </div>
   <div class='ocr_carea' id='block_1_27' title="bbox 528 2385 2087 2466">
    <p class='ocr_par' dir='ltr' id='par_1_27' title="bbox 528 2385 2087 2466">
     <span class='ocr_line' id='line_1_27' title="bbox 528 2385 2087 2466; baseline 0.002 -20"><span class='ocrx_word' id='word_1_186' title='bbox 528 2388 714 2448; x_wconf 69' lang='lat' dir='ltr'><strong>Vens.</strong></span> <span class='ocrx_word' id='word_1_187' title='bbox 751 2386 849 2450; x_wconf 92' lang='lat'><strong>38.</strong></span> <span class='ocrx_word' id='word_1_188' title='bbox 892 2415 912 2438; x_wconf 74' lang='grc' dir='ltr'><strong>ι</strong></span> <span class='ocrx_word' id='word_1_189' title='bbox 947 2386 1208 2448; x_wconf 87' lang='lat' dir='ltr'><strong>Audistis</strong></span> <span class='ocrx_word' id='word_1_190' title='bbox 1255 2385 1410 2466; x_wconf 88' lang='lat' dir='ltr'><strong>quod</strong></span> <span class='ocrx_word' id='word_1_191' title='bbox 1460 2385 1682 2447; x_wconf 89' lang='lat' dir='ltr'><strong>dictum</strong></span> <span class='ocrx_word' id='word_1_192' title='bbox 1707 2386 1803 2466; x_wconf 91' lang='lat' dir='ltr'><strong>sit,</strong></span> <span class='ocrx_word' id='word_1_193' title='bbox 1837 2385 2087 2449; x_wconf 92' lang='lat' dir='ltr'><strong>Oculum</strong></span> 
     </span>
    </p>
   </div>
   <div class='ocr_carea' id='block_1_28' title="bbox 447 2476 2088 2559">
    <p class='ocr_par' dir='ltr' id='par_1_28' title="bbox 447 2476 2088 2559">
     <span class='ocr_line' id='line_1_28' title="bbox 447 2476 2088 2559; baseline -0.002 -20"><span class='ocrx_word' id='word_1_194' title='bbox 447 2497 554 2559; x_wconf 88' lang='lat' dir='ltr'><strong>pro</strong></span> <span class='ocrx_word' id='word_1_195' title='bbox 586 2479 784 2554; x_wconf 89' lang='lat' dir='ltr'><strong>ocnlo,</strong></span> <span class='ocrx_word' id='word_1_196' title='bbox 819 2478 1056 2540; x_wconf 89' lang='lat' dir='ltr'><strong>dentem</strong></span> <span class='ocrx_word' id='word_1_197' title='bbox 1119 2495 1221 2557; x_wconf 90' lang='lat' dir='ltr'><strong>pro</strong></span> <span class='ocrx_word' id='word_1_198' title='bbox 1271 2477 1470 2540; x_wconf 87' lang='lat' dir='ltr'><strong>dente.</strong></span> <span class='ocrx_word' id='word_1_199' title='bbox 1511 2501 1535 2531; x_wconf 74' lang='grc' dir='ltr'>»ι</span> <span class='ocrx_word' id='word_1_200' title='bbox 1573 2477 1693 2537; x_wconf 85' lang='lat' dir='ltr'><strong>Lex</strong></span> <span class='ocrx_word' id='word_1_201' title='bbox 1724 2476 2088 2539; x_wconf 83' lang='lat' dir='ltr'><strong>condescen-</strong></span> 
     </span>
    </p>
   </div>
   <div class='ocr_carea' id='block_1_29' title="bbox 445 2564 2086 2647">
    <p class='ocr_par' dir='ltr' id='par_1_29' title="bbox 445 2564 2086 2647">
     <span class='ocr_line' id='line_1_29' title="bbox 445 2564 2086 2647; baseline -0.002 -19"><span class='ocrx_word' id='word_1_202' title='bbox 445 2567 594 2630; x_wconf 91' lang='lat' dir='ltr'><strong>dens</strong></span> <span class='ocrx_word' id='word_1_203' title='bbox 624 2566 910 2647; x_wconf 88' lang='lat' dir='ltr'><strong>permittit</strong></span> <span class='ocrx_word' id='word_1_204' title='bbox 939 2575 1002 2628; x_wconf 92' lang='lat' dir='ltr'><strong>ut</strong></span> <span class='ocrx_word' id='word_1_205' title='bbox 1022 2565 1230 2629; x_wconf 89' lang='lat' dir='ltr'><strong>eadem</strong></span> <span class='ocrx_word' id='word_1_206' title='bbox 1265 2565 1397 2646; x_wconf 93' lang='lat' dir='ltr'><strong>quis</strong></span> <span class='ocrx_word' id='word_1_207' title='bbox 1429 2565 1682 2644; x_wconf 89' lang='lat' dir='ltr'><strong>patiatur</strong></span> <span class='ocrx_word' id='word_1_208' title='bbox 1705 2584 1834 2645; x_wconf 63' lang='lat' dir='ltr'><strong>qua;</strong></span> <span class='ocrx_word' id='word_1_209' title='bbox 1856 2564 2086 2640; x_wconf 88' lang='lat' dir='ltr'><strong>inﬂixit,</strong></span> 
     </span>
    </p>
   </div>
   <div class='ocr_carea' id='block_1_30' title="bbox 443 2653 2091 2735">
    <p class='ocr_par' dir='ltr' id='par_1_30' title="bbox 443 2653 2091 2735">
     <span class='ocr_line' id='line_1_30' title="bbox 443 2653 2091 2735; baseline -0.002 -17"><span class='ocrx_word' id='word_1_210' title='bbox 443 2665 505 2718; x_wconf 90' lang='lat' dir='ltr'><strong>ut</strong></span> <span class='ocrx_word' id='word_1_211' title='bbox 536 2675 612 2718; x_wconf 91' lang='lat' dir='ltr'><strong>ne</strong></span> <span class='ocrx_word' id='word_1_212' title='bbox 643 2664 846 2718; x_wconf 91' lang='lat' dir='ltr'><strong>mutuo</strong></span> <span class='ocrx_word' id='word_1_213' title='bbox 877 2674 942 2717; x_wconf 91' lang='lat' dir='ltr'><strong>se</strong></span> <span class='ocrx_word' id='word_1_214' title='bbox 995 2655 1322 2735; x_wconf 77' lang='lat' dir='ltr'><strong>offendant,</strong></span> <span class='ocrx_word' id='word_1_215' title='bbox 1359 2653 1596 2730; x_wconf 90' lang='lat' dir='ltr'><strong>timore,</strong></span> <span class='ocrx_word' id='word_1_216' title='bbox 1631 2672 1706 2716; x_wconf 90' lang='lat' dir='ltr'><strong>ne</strong></span> <span class='ocrx_word' id='word_1_217' title='bbox 1738 2653 1948 2716; x_wconf 88' lang='lat' dir='ltr'><strong>eadem</strong></span> <span class='ocrx_word' id='word_1_218' title='bbox 1983 2672 2091 2733; x_wconf 80' lang='lat' dir='ltr'><strong>pa-</strong></span> 
     </span>
    </p>
   </div>
   <div class='ocr_carea' id='block_1_31' title="bbox 443 2744 1033 2826">
    <p class='ocr_par' dir='ltr' id='par_1_31' title="bbox 443 2744 1033 2826">
     <span class='ocr_line' id='line_1_31' title="bbox 443 2744 1033 2826; baseline 0.005 -20"><span class='ocrx_word' id='word_1_219' title='bbox 443 2747 681 2826; x_wconf 89' lang='lat' dir='ltr'><strong>tiantur,</strong></span> <span class='ocrx_word' id='word_1_220' title='bbox 711 2744 1033 2809; x_wconf 87' lang='lat' dir='ltr'><strong>absterriti.</strong></span> 
     </span>
    </p>
   </div>
   <div class='ocr_carea' id='block_1_32' title="bbox 523 2831 2092 2913">
    <p class='ocr_par' dir='ltr' id='par_1_32' title="bbox 523 2831 2092 2913">
     <span class='ocr_line' id='line_1_32' title="bbox 523 2831 2092 2913; baseline 0.001 -22"><span class='ocrx_word' id='word_1_221' title='bbox 523 2834 809 2896; x_wconf 74' lang='lat' dir='ltr'><strong>Vens.39.</strong></span> <span class='ocrx_word' id='word_1_222' title='bbox 847 2832 1001 2913; x_wconf 72' lang='lat' dir='ltr'><strong>«Ego</strong></span> <span class='ocrx_word' id='word_1_223' title='bbox 1033 2841 1228 2894; x_wconf 89' lang='lat' dir='ltr'><strong>autem</strong></span> <span class='ocrx_word' id='word_1_224' title='bbox 1259 2833 1392 2895; x_wconf 88' lang='lat' dir='ltr'><strong>dico</strong></span> <span class='ocrx_word' id='word_1_225' title='bbox 1424 2832 1610 2908; x_wconf 86' lang='lat' dir='ltr'><strong>vobis,</strong></span> <span class='ocrx_word' id='word_1_226' title='bbox 1645 2839 1705 2892; x_wconf 90' lang='lat' dir='ltr'><strong>ut</strong></span> <span class='ocrx_word' id='word_1_227' title='bbox 1736 2850 1811 2893; x_wconf 91' lang='lat' dir='ltr'><strong>ne</strong></span> <span class='ocrx_word' id='word_1_228' title='bbox 1843 2831 2092 2894; x_wconf 89' lang='lat' dir='ltr'><strong>resista-</strong></span> 
     </span>
    </p>
   </div>
   <div class='ocr_carea' id='block_1_33' title="bbox 442 2920 2091 3002">
    <p class='ocr_par' dir='ltr' id='par_1_33' title="bbox 442 2920 2091 3002">
     <span class='ocr_line' id='line_1_33' title="bbox 442 2920 2091 3002; baseline 0 -19"><span class='ocrx_word' id='word_1_229' title='bbox 442 2922 519 2984; x_wconf 89' lang='lat' dir='ltr'><strong>tis</strong></span> <span class='ocrx_word' id='word_1_230' title='bbox 551 2923 740 2983; x_wconf 92' lang='lat' dir='ltr'><strong>malo:</strong></span> <span class='ocrx_word' id='word_1_231' title='bbox 769 2922 871 2984; x_wconf 90' lang='lat' dir='ltr'><strong>sed</strong></span> <span class='ocrx_word' id='word_1_232' title='bbox 897 2925 1164 3002; x_wconf 88' lang='lat' dir='ltr'><strong>quisquis</strong></span> <span class='ocrx_word' id='word_1_233' title='bbox 1194 2922 1508 3002; x_wconf 87' lang='lat' dir='ltr'><strong>impegerit</strong></span> <span class='ocrx_word' id='word_1_234' title='bbox 1529 2921 1757 3001; x_wconf 86' lang='lat' dir='ltr'><strong>alapam</strong></span> <span class='ocrx_word' id='word_1_235' title='bbox 1790 2920 1852 2981; x_wconf 92' lang='lat' dir='ltr'><strong>in</strong></span> <span class='ocrx_word' id='word_1_236' title='bbox 1883 2922 2091 2983; x_wconf 85' lang='lat' dir='ltr'><strong>dexte-</strong></span> 
     </span>
    </p>
   </div>
   <div class='ocr_carea' id='block_1_34' title="bbox 2188 518 3834 598">
    <p class='ocr_par' dir='ltr' id='par_1_34' title="bbox 2188 518 3834 598">
     <span class='ocr_line' id='line_1_34' title="bbox 2188 518 3834 598; baseline 0.004 -27"><span class='ocrx_word' id='word_1_237' title='bbox 2188 538 2283 572; x_wconf 91' lang='grc' dir='ltr'><strong>σαν</strong></span> <span class='ocrx_word' id='word_1_238' title='bbox 2310 518 2409 594; x_wconf 83' lang='grc' dir='ltr'><strong>γὰρ</strong></span> <span class='ocrx_word' id='word_1_239' title='bbox 2479 518 2540 573; x_wconf 74' lang='grc' dir='ltr'>ἄν</span> <span class='ocrx_word' id='word_1_240' title='bbox 2595 519 2660 579; x_wconf 78' lang='grc' dir='ltr'>τὰ</span> <span class='ocrx_word' id='word_1_241' title='bbox 2691 531 2943 598; x_wconf 75' lang='grc' dir='ltr'>στοιχεῖα</span> <span class='ocrx_word' id='word_1_242' title='bbox 2991 520 3134 596; x_wconf 77' lang='grc' dir='ltr'>μαρὰ</span> <span class='ocrx_word' id='word_1_243' title='bbox 3176 525 3280 575; x_wconf 89' lang='grc' dir='ltr'><strong>τῶν</strong></span> <span class='ocrx_word' id='word_1_244' title='bbox 3325 522 3398 584; x_wconf 82' lang='grc' dir='ltr'>εἷς</span> <span class='ocrx_word' id='word_1_245' title='bbox 3445 521 3576 580; x_wconf 70' lang='grc' dir='ltr'>αὐτὰ</span> <span class='ocrx_word' id='word_1_246' title='bbox 3606 523 3834 598; x_wconf 87' lang='grc' dir='ltr'>ὀμνυόν-</span> 
     </span>
    </p>
   </div>
   <div class='ocr_carea' id='block_1_35' title="bbox 2185 604 3066 685">
    <p class='ocr_par' dir='ltr' id='par_1_35' title="bbox 2185 604 3066 685">
     <span class='ocr_line' id='line_1_35' title="bbox 2185 604 3066 685; baseline 0.006 -26"><span class='ocrx_word' id='word_1_247' title='bbox 2185 626 2313 667; x_wconf 85' lang='grc' dir='ltr'>των.</span> <span class='ocrx_word' id='word_1_248' title='bbox 2361 604 2388 660; x_wconf 75' lang='grc' dir='ltr'>ὅ</span> <span class='ocrx_word' id='word_1_249' title='bbox 2421 607 2508 662; x_wconf 86' lang='grc' dir='ltr'><strong>καὶ</strong></span> <span class='ocrx_word' id='word_1_250' title='bbox 2550 607 2803 685; x_wconf 88' lang='grc' dir='ltr'>πρότερον</span> <span class='ocrx_word' id='word_1_251' title='bbox 2835 607 3066 685; x_wconf 79' lang='grc' dir='ltr'>ἐγένετο,</span> 
     </span>
    </p>
   </div>
   <div class='ocr_carea' id='block_1_36' title="bbox 2272 694 3825 776">
    <p class='ocr_par' dir='ltr' id='par_1_36' title="bbox 2272 694 3825 776">
     <span class='ocr_line' id='line_1_36' title="bbox 2272 694 3825 776; baseline 0.007 -27"><span class='ocrx_word' id='word_1_252' title='bbox 2272 717 2296 749; x_wconf 78' lang='grc' dir='ltr'><strong>ιι</strong></span> <span class='ocrx_word' id='word_1_253' title='bbox 2345 696 2492 764; x_wconf 75' lang='grc' dir='ltr'>Μήτε</span> <span class='ocrx_word' id='word_1_254' title='bbox 2549 694 2603 750; x_wconf 80' lang='grc' dir='ltr'>ἐν</span> <span class='ocrx_word' id='word_1_255' title='bbox 2658 703 2727 772; x_wconf 81' lang='grc' dir='ltr'>τῇ</span> <span class='ocrx_word' id='word_1_256' title='bbox 2770 696 2976 776; x_wconf 77' lang='grc' dir='ltr'>κεφαλῇ</span> <span class='ocrx_word' id='word_1_257' title='bbox 3003 719 3093 753; x_wconf 92' lang='grc' dir='ltr'><strong>σου</strong></span> <span class='ocrx_word' id='word_1_258' title='bbox 3125 697 3351 774; x_wconf 78' lang='grc' dir='ltr'><strong>ὀμόσῃς,</strong></span> <span class='ocrx_word' id='word_1_259' title='bbox 3388 697 3468 754; x_wconf 82' lang='grc' dir='ltr'><strong>ὅτι</strong></span> <span class='ocrx_word' id='word_1_260' title='bbox 3514 703 3573 758; x_wconf 75' lang='grc' dir='ltr'>οὒ</span> <span class='ocrx_word' id='word_1_261' title='bbox 3615 698 3825 760; x_wconf 86' lang='grc' dir='ltr'>δὺνασαι</span> 
     </span>
    </p>
   </div>
   <div class='ocr_carea' id='block_1_37' title="bbox 2189 781 3828 863">
    <p class='ocr_par' dir='ltr' id='par_1_37' title="bbox 2189 781 3828 863">
     <span class='ocr_line' id='line_1_37' title="bbox 2189 781 3828 863; baseline 0.007 -27"><span class='ocrx_word' id='word_1_262' title='bbox 2189 782 2314 856; x_wconf 89' lang='grc' dir='ltr'>μίαν</span> <span class='ocrx_word' id='word_1_263' title='bbox 2356 783 2517 863; x_wconf 85' lang='grc' dir='ltr'>τρίχα</span> <span class='ocrx_word' id='word_1_264' title='bbox 2581 783 2774 852; x_wconf 82' lang='grc' dir='ltr'>λευκῆν</span> <span class='ocrx_word' id='word_1_265' title='bbox 2829 783 2864 852; x_wconf 77' lang='grc' dir='ltr'><strong>ῆ</strong></span> <span class='ocrx_word' id='word_1_266' title='bbox 2922 785 3176 860; x_wconf 83' lang='grc' dir='ltr'>μέλαιναν</span> <span class='ocrx_word' id='word_1_267' title='bbox 3251 792 3498 854; x_wconf 91' lang='grc' dir='ltr'>ποιῆσαι.</span> <span class='ocrx_word' id='word_1_268' title='bbox 3545 811 3566 846; x_wconf 75' lang='grc' dir='ltr'><strong>ιι</strong></span> <span class='ocrx_word' id='word_1_269' title='bbox 3607 781 3662 846; x_wconf 74' lang='grc' dir='ltr'><strong>Ὀ</strong></span> <span class='ocrx_word' id='word_1_270' title='bbox 3703 793 3828 857; x_wconf 83' lang='grc' dir='ltr'><strong>Θεὸς</strong></span> 
     </span>
    </p>
   </div>
   <div class='ocr_carea' id='block_1_38' title="bbox 2187 871 3821 955">
    <p class='ocr_par' dir='ltr' id='par_1_38' title="bbox 2187 871 3821 955">
     <span class='ocr_line' id='line_1_38' title="bbox 2187 871 3821 955; baseline 0.009 -30"><span class='ocrx_word' id='word_1_271' title='bbox 2187 872 2348 944; x_wconf 81' lang='grc' dir='ltr'>μόνος</span> <span class='ocrx_word' id='word_1_272' title='bbox 2380 873 2560 946; x_wconf 88' lang='grc' dir='ltr'>ὀμνὺει</span> <span class='ocrx_word' id='word_1_273' title='bbox 2613 871 2731 929; x_wconf 88' lang='grc' dir='ltr'>καθ’</span> <span class='ocrx_word' id='word_1_274' title='bbox 2804 875 3010 945; x_wconf 79' lang='grc' dir='ltr'>ἑαυτοῦ,</span> <span class='ocrx_word' id='word_1_275' title='bbox 3085 877 3156 940; x_wconf 84' lang='grc' dir='ltr'><strong>ὡς</strong></span> <span class='ocrx_word' id='word_1_276' title='bbox 3219 874 3402 950; x_wconf 83' lang='grc' dir='ltr'>μηδενὶ</span> <span class='ocrx_word' id='word_1_277' title='bbox 3463 879 3821 955; x_wconf 78' lang='grc' dir='ltr'><strong>ὑποκείμενος·</strong></span> 
     </span>
    </p>
   </div>
   <div class='ocr_carea' id='block_1_39' title="bbox 2141 958 3828 1044">
    <p class='ocr_par' dir='ltr' id='par_1_39' title="bbox 2141 958 3828 1044">
     <span class='ocr_line' id='line_1_39' title="bbox 2141 958 3828 1044; baseline 0.011 -33"><span class='ocrx_word' id='word_1_278' title='bbox 2141 1002 2149 1010; x_wconf 83' lang='lat'><strong>.</strong></span> <span class='ocrx_word' id='word_1_279' title='bbox 2183 961 2349 1034; x_wconf 78' lang='grc' dir='ltr'>ἡμεῖς</span> <span class='ocrx_word' id='word_1_280' title='bbox 2407 958 2461 1015; x_wconf 83' lang='grc' dir='ltr'>δὲ</span> <span class='ocrx_word' id='word_1_281' title='bbox 2515 964 2608 1018; x_wconf 77' lang='grc' dir='ltr'><strong>οὒκ</strong></span> <span class='ocrx_word' id='word_1_282' title='bbox 2650 961 3034 1034; x_wconf 77' lang='grc' dir='ltr'><strong>ἐξουσιάζοντες</strong></span> <span class='ocrx_word' id='word_1_283' title='bbox 3064 964 3288 1044; x_wconf 78' lang='grc' dir='ltr'>ἑαυτῶν,</span> <span class='ocrx_word' id='word_1_284' title='bbox 3345 973 3462 1030; x_wconf 87' lang='grc' dir='ltr'><strong>πῶς</strong></span> <span class='ocrx_word' id='word_1_285' title='bbox 3505 964 3566 1023; x_wconf 76' lang='grc' dir='ltr'><strong>ἄν</strong></span> <span class='ocrx_word' id='word_1_286' title='bbox 3613 971 3828 1044; x_wconf 83' lang='grc' dir='ltr'>ὁμοσαι-</span> 
     </span>
    </p>
   </div>
   <div class='ocr_carea' id='block_1_40' title="bbox 2181 1049 3819 1135">
    <p class='ocr_par' dir='ltr' id='par_1_40' title="bbox 2181 1049 3819 1135">
     <span class='ocr_line' id='line_1_40' title="bbox 2181 1049 3819 1135; baseline 0.009 -32"><span class='ocrx_word' id='word_1_287' title='bbox 2181 1069 2277 1122; x_wconf 87' lang='grc' dir='ltr'><strong>μεν</strong></span> <span class='ocrx_word' id='word_1_288' title='bbox 2315 1049 2449 1104; x_wconf 81' lang='grc' dir='ltr'>κατὰ</span> <span class='ocrx_word' id='word_1_289' title='bbox 2476 1055 2574 1116; x_wconf 89' lang='grc' dir='ltr'><strong>τῆς</strong></span> <span class='ocrx_word' id='word_1_290' title='bbox 2639 1049 2877 1130; x_wconf 76' lang='grc' dir='ltr'><strong>κεφαλῆς</strong></span> <span class='ocrx_word' id='word_1_291' title='bbox 2933 1053 3121 1132; x_wconf 70' lang='grc' dir='ltr'>ἡμῶνς</span> <span class='ocrx_word' id='word_1_292' title='bbox 3156 1053 3332 1131; x_wconf 81' lang='grc' dir='ltr'>ἑτέρου</span> <span class='ocrx_word' id='word_1_293' title='bbox 3361 1055 3460 1133; x_wconf 82' lang='grc' dir='ltr'><strong>γὰρ</strong></span> <span class='ocrx_word' id='word_1_294' title='bbox 3517 1058 3576 1112; x_wconf 81' lang='grc' dir='ltr'>τὸ</span> <span class='ocrx_word' id='word_1_295' title='bbox 3619 1064 3819 1135; x_wconf 87' lang='grc' dir='ltr'>κτῆμα.</span> 
     </span>
    </p>
   </div>
   <div class='ocr_carea' id='block_1_41' title="bbox 2180 1136 3820 1223">
    <p class='ocr_par' dir='ltr' id='par_1_41' title="bbox 2180 1136 3820 1223">
     <span class='ocr_line' id='line_1_41' title="bbox 2180 1136 3820 1223; baseline 0.009 -32"><span class='ocrx_word' id='word_1_296' title='bbox 2180 1137 2238 1192; x_wconf 82' lang='grc' dir='ltr'><strong>Εἰ</strong></span> <span class='ocrx_word' id='word_1_297' title='bbox 2268 1137 2367 1215; x_wconf 76' lang='grc' dir='ltr'><strong>γὰρ</strong></span> <span class='ocrx_word' id='word_1_298' title='bbox 2421 1139 2489 1207; x_wconf 75' lang='grc' dir='ltr'><strong>σή</strong></span> <span class='ocrx_word' id='word_1_299' title='bbox 2521 1136 2660 1195; x_wconf 82' lang='grc' dir='ltr'>ἐστιν</span> <span class='ocrx_word' id='word_1_300' title='bbox 2692 1141 2725 1206; x_wconf 82' lang='grc' dir='ltr'>ἠ</span> <span class='ocrx_word' id='word_1_301' title='bbox 2778 1138 3010 1218; x_wconf 76' lang='grc' dir='ltr'>κεφαλὴ,</span> <span class='ocrx_word' id='word_1_302' title='bbox 3057 1138 3304 1214; x_wconf 72' lang='grc' dir='ltr'>ἄλλαξον,</span> <span class='ocrx_word' id='word_1_303' title='bbox 3339 1143 3381 1198; x_wconf 78' lang='grc' dir='ltr'>εἰ</span> <span class='ocrx_word' id='word_1_304' title='bbox 3411 1141 3645 1222; x_wconf 85' lang='grc' dir='ltr'>δύνασαι,</span> <span class='ocrx_word' id='word_1_305' title='bbox 3702 1149 3820 1223; x_wconf 90' lang='grc' dir='ltr'>μίαν</span> 
     </span>
    </p>
   </div>
   <div class='ocr_carea' id='block_1_42' title="bbox 2177 1225 2360 1305">
    <p class='ocr_par' dir='ltr' id='par_1_42' title="bbox 2177 1225 2360 1305">
     <span class='ocr_line' id='line_1_42' title="bbox 2177 1225 2360 1305; baseline 0 -25"><span class='ocrx_word' id='word_1_306' title='bbox 2177 1225 2360 1305; x_wconf 86' lang='grc' dir='ltr'>τρίχα,</span> 
     </span>
    </p>
   </div>
   <div class='ocr_carea' id='block_1_43' title="bbox 2261 1304 3819 1396">
    <p class='ocr_par' dir='ltr' id='par_1_43' title="bbox 2261 1304 3819 1396">
     <span class='ocr_line' id='line_1_43' title="bbox 2261 1304 3819 1396; baseline 0.009 -27"><span class='ocrx_word' id='word_1_307' title='bbox 2261 1304 2296 1369; x_wconf 13' lang='grc' dir='ltr'><strong>«ν</strong></span> <span class='ocrx_word' id='word_1_308' title='bbox 2338 1304 2528 1372; x_wconf 78' lang='grc' dir='ltr'>’Ἐστω</span> <span class='ocrx_word' id='word_1_309' title='bbox 2560 1314 2613 1371; x_wconf 82' lang='grc' dir='ltr'>δὲ</span> <span class='ocrx_word' id='word_1_310' title='bbox 2643 1318 2671 1372; x_wconf 79' lang='grc' dir='ltr'>ὃ</span> <span class='ocrx_word' id='word_1_311' title='bbox 2713 1316 2872 1396; x_wconf 86' lang='grc' dir='ltr'>λόγος</span> <span class='ocrx_word' id='word_1_312' title='bbox 2903 1318 3074 1392; x_wconf 79' lang='grc' dir='ltr'>ὑμῶν,</span> <span class='ocrx_word' id='word_1_313' title='bbox 3106 1321 3212 1389; x_wconf 88' lang='grc' dir='ltr'>ναὶ,</span> <span class='ocrx_word' id='word_1_314' title='bbox 3250 1321 3345 1376; x_wconf 66' lang='grc' dir='ltr'>ναί·</span> <span class='ocrx_word' id='word_1_315' title='bbox 3383 1319 3464 1396; x_wconf 74' lang='grc' dir='ltr'>οὒ,</span> <span class='ocrx_word' id='word_1_316' title='bbox 3513 1321 3594 1380; x_wconf 71' lang='grc' dir='ltr'><strong>οὔ.</strong></span> <span class='ocrx_word' id='word_1_317' title='bbox 3637 1347 3664 1378; x_wconf 71' lang='grc' dir='ltr'><strong><em>ι</em></strong></span> <span class='ocrx_word' id='word_1_318' title='bbox 3699 1305 3819 1383; x_wconf 30' lang='grc' dir='ltr'><strong>ι,Ινα</strong></span> 
     </span>
    </p>
   </div>
   <div class='ocr_carea' id='block_1_44' title="bbox 2174 1403 3823 1488">
    <p class='ocr_par' dir='ltr' id='par_1_44' title="bbox 2174 1403 3823 1488">
     <span class='ocr_line' id='line_1_44' title="bbox 2174 1403 3823 1488; baseline 0.008 -31"><span class='ocrx_word' id='word_1_319' title='bbox 2174 1412 2252 1479; x_wconf 83' lang='grc' dir='ltr'>μὴ</span> <span class='ocrx_word' id='word_1_320' title='bbox 2297 1403 2485 1484; x_wconf 72' lang='grc' dir='ltr'>εἴπης,</span> <span class='ocrx_word' id='word_1_321' title='bbox 2535 1406 2630 1462; x_wconf 83' lang='grc' dir='ltr'>Καὶ</span> <span class='ocrx_word' id='word_1_322' title='bbox 2687 1411 2801 1469; x_wconf 87' lang='grc' dir='ltr'><strong>πῶς</strong></span> <span class='ocrx_word' id='word_1_323' title='bbox 2857 1408 3274 1483; x_wconf 74' lang='grc' dir='ltr'>πιστευθήσομαι</span> <span class='ocrx_word' id='word_1_324' title='bbox 3324 1429 3339 1485; x_wconf 74' lang='grc' dir='ltr'><strong>ς</strong></span> <span class='ocrx_word' id='word_1_325' title='bbox 3384 1411 3543 1488; x_wconf 78' lang='grc' dir='ltr'>φησίν</span> <span class='ocrx_word' id='word_1_326' title='bbox 3583 1409 3705 1469; x_wconf 84' lang='grc' dir='ltr'>Ἐάν</span> <span class='ocrx_word' id='word_1_327' title='bbox 3737 1414 3823 1472; x_wconf 82' lang='grc' dir='ltr'><strong>ἆσὶ</strong></span> 
     </span>
    </p>
   </div>
   <div class='ocr_carea' id='block_1_45' title="bbox 2174 1491 3818 1580">
    <p class='ocr_par' dir='ltr' id='par_1_45' title="bbox 2174 1491 3818 1580">
     <span class='ocr_line' id='line_1_45' title="bbox 2174 1491 3818 1580; baseline 0.008 -33"><span class='ocrx_word' id='word_1_328' title='bbox 2174 1491 2462 1572; x_wconf 74' lang='grc' dir='ltr'>ἀληθεύῃς,</span> <span class='ocrx_word' id='word_1_329' title='bbox 2550 1495 2636 1549; x_wconf 89' lang='grc' dir='ltr'><strong>καὶ</strong></span> <span class='ocrx_word' id='word_1_330' title='bbox 2692 1493 2960 1569; x_wconf 84' lang='grc' dir='ltr'>μηδέμοτε</span> <span class='ocrx_word' id='word_1_331' title='bbox 2986 1497 3208 1572; x_wconf 77' lang='grc' dir='ltr'>ὸμνύῃς,</span> <span class='ocrx_word' id='word_1_332' title='bbox 3266 1495 3443 1563; x_wconf 70' lang='grc' dir='ltr'>Οὐδεὶς</span> <span class='ocrx_word' id='word_1_333' title='bbox 3513 1501 3612 1580; x_wconf 79' lang='grc' dir='ltr'><strong>γὰρ</strong></span> <span class='ocrx_word' id='word_1_334' title='bbox 3652 1503 3818 1570; x_wconf 82' lang='grc' dir='ltr'>οὕτως</span> 
     </span>
    </p>
   </div>
   <div class='ocr_carea' id='block_1_46' title="bbox 2173 1581 3820 1662">
    <p class='ocr_par' dir='ltr' id='par_1_46' title="bbox 2173 1581 3820 1662">
     <span class='ocr_line' id='line_1_46' title="bbox 2173 1581 3820 1662; baseline 0.009 -27"><span class='ocrx_word' id='word_1_335' title='bbox 2173 1581 2502 1660; x_wconf 71' lang='grc' dir='ltr'><strong>ἀπιστεῖται,</strong></span> <span class='ocrx_word' id='word_1_336' title='bbox 2555 1584 2628 1646; x_wconf 82' lang='grc' dir='ltr'>ὡς</span> <span class='ocrx_word' id='word_1_337' title='bbox 2689 1585 2716 1639; x_wconf 86' lang='grc' dir='ltr'>ὁ</span> <span class='ocrx_word' id='word_1_338' title='bbox 2760 1584 3058 1662; x_wconf 78' lang='grc' dir='ltr'>προχείρως</span> <span class='ocrx_word' id='word_1_339' title='bbox 3107 1585 3336 1660; x_wconf 84' lang='grc' dir='ltr'>ὀμνὺων.</span> <span class='ocrx_word' id='word_1_340' title='bbox 3369 1607 3391 1641; x_wconf 78' lang='grc' dir='ltr'><strong>α</strong></span> <span class='ocrx_word' id='word_1_341' title='bbox 3449 1590 3520 1644; x_wconf 87' lang='grc' dir='ltr'><strong>Τὸ</strong></span> <span class='ocrx_word' id='word_1_342' title='bbox 3591 1587 3644 1645; x_wconf 77' lang='grc' dir='ltr'>δὲ</span> <span class='ocrx_word' id='word_1_343' title='bbox 3716 1614 3820 1648; x_wconf 87' lang='grc' dir='ltr'>πε-</span> 
     </span>
    </p>
   </div>
   <div class='ocr_carea' id='block_1_47' title="bbox 2174 1670 3817 1762">
    <p class='ocr_par' dir='ltr' id='par_1_47' title="bbox 2174 1670 3817 1762">
     <span class='ocr_line' id='line_1_47' title="bbox 2174 1670 3817 1762; baseline 0.009 -38"><span class='ocrx_word' id='word_1_344' title='bbox 2174 1671 2349 1746; x_wconf 85' lang='grc' dir='ltr'>ρισσὸν</span> <span class='ocrx_word' id='word_1_345' title='bbox 2402 1670 2625 1750; x_wconf 88' lang='grc' dir='ltr'>τούτων,</span> <span class='ocrx_word' id='word_1_346' title='bbox 2689 1671 2749 1727; x_wconf 77' lang='grc' dir='ltr'>ἐκ</span> <span class='ocrx_word' id='word_1_347' title='bbox 2804 1680 2893 1728; x_wconf 88' lang='grc' dir='ltr'><strong>τοῦ</strong></span> <span class='ocrx_word' id='word_1_348' title='bbox 2936 1684 3170 1752; x_wconf 88' lang='grc' dir='ltr'>πονηροῦ</span> <span class='ocrx_word' id='word_1_349' title='bbox 3219 1676 3354 1738; x_wconf 65' lang='grc' dir='ltr'>ἔστι.</span> <span class='ocrx_word' id='word_1_350' title='bbox 3390 1695 3419 1735; x_wconf 70' lang='grc' dir='ltr'><strong><em>ι</em></strong></span> <span class='ocrx_word' id='word_1_351' title='bbox 3456 1680 3529 1735; x_wconf 83' lang='grc' dir='ltr'><strong>Τὸ</strong></span> <span class='ocrx_word' id='word_1_352' title='bbox 3584 1681 3817 1762; x_wconf 88' lang='grc' dir='ltr'>ὀμνύειν,</span> 
     </span>
    </p>
   </div>
   <div class='ocr_carea' id='block_1_48' title="bbox 2172 1760 3820 1846">
    <p class='ocr_par' dir='ltr' id='par_1_48' title="bbox 2172 1760 3820 1846">
     <span class='ocr_line' id='line_1_48' title="bbox 2172 1760 3820 1846; baseline 0.009 -33"><span class='ocrx_word' id='word_1_353' title='bbox 2172 1760 2322 1837; x_wconf 73' lang='grc' dir='ltr'>φησὶ,</span> <span class='ocrx_word' id='word_1_354' title='bbox 2366 1762 2615 1837; x_wconf 83' lang='grc' dir='ltr'>περισσὸν</span> <span class='ocrx_word' id='word_1_355' title='bbox 2672 1760 2728 1817; x_wconf 86' lang='grc' dir='ltr'><strong>ὅν</strong></span> <span class='ocrx_word' id='word_1_356' title='bbox 2774 1763 2914 1835; x_wconf 79' lang='grc' dir='ltr'>παρὰ</span> <span class='ocrx_word' id='word_1_357' title='bbox 2943 1764 3003 1818; x_wconf 86' lang='grc' dir='ltr'>τὸ</span> <span class='ocrx_word' id='word_1_358' title='bbox 3061 1764 3143 1819; x_wconf 88' lang='grc' dir='ltr'><strong>ναὶ</strong></span> <span class='ocrx_word' id='word_1_359' title='bbox 3173 1765 3259 1820; x_wconf 86' lang='grc' dir='ltr'><strong>καὶ</strong></span> <span class='ocrx_word' id='word_1_360' title='bbox 3304 1767 3366 1821; x_wconf 85' lang='grc' dir='ltr'>τὸ</span> <span class='ocrx_word' id='word_1_361' title='bbox 3409 1765 3491 1846; x_wconf 70' lang='grc' dir='ltr'>οὔ,</span> <span class='ocrx_word' id='word_1_362' title='bbox 3527 1775 3619 1825; x_wconf 91' lang='grc' dir='ltr'><strong>τοῦ</strong></span> <span class='ocrx_word' id='word_1_363' title='bbox 3649 1760 3820 1828; x_wconf 52' lang='grc' dir='ltr'>διαϐόλ</span> 
     </span>
    </p>
   </div>
   <div class='ocr_carea' id='block_1_49' title="bbox 2171 1846 3816 1933">
    <p class='ocr_par' dir='ltr' id='par_1_49' title="bbox 2171 1846 3816 1933">
     <span class='ocr_line' id='line_1_49' title="bbox 2171 1846 3816 1933; baseline 0.009 -30"><span class='ocrx_word' id='word_1_364' title='bbox 2171 1846 2265 1905; x_wconf 91' lang='grc' dir='ltr'><strong>λου</strong></span> <span class='ocrx_word' id='word_1_365' title='bbox 2297 1848 2456 1910; x_wconf 79' lang='grc' dir='ltr'>ἐστίν,</span> <span class='ocrx_word' id='word_1_366' title='bbox 2532 1847 2681 1906; x_wconf 85' lang='grc' dir='ltr'>Ἀλλ’</span> <span class='ocrx_word' id='word_1_367' title='bbox 2712 1850 2878 1928; x_wconf 73' lang='grc' dir='ltr'>ἐρεῖς,</span> <span class='ocrx_word' id='word_1_368' title='bbox 2922 1850 3001 1907; x_wconf 77' lang='grc' dir='ltr'><strong>ὅτι</strong></span> <span class='ocrx_word' id='word_1_369' title='bbox 3049 1854 3146 1910; x_wconf 88' lang='grc' dir='ltr'>Καὶ</span> <span class='ocrx_word' id='word_1_370' title='bbox 3176 1851 3358 1911; x_wconf 79' lang='grc' dir='ltr'>λοιπὸν</span> <span class='ocrx_word' id='word_1_371' title='bbox 3431 1859 3458 1912; x_wconf 84' lang='grc' dir='ltr'><strong>ὁ</strong></span> <span class='ocrx_word' id='word_1_372' title='bbox 3490 1859 3651 1933; x_wconf 90' lang='grc' dir='ltr'>νόμος</span> <span class='ocrx_word' id='word_1_373' title='bbox 3684 1867 3816 1916; x_wconf 80' lang='grc' dir='ltr'><strong>Μω-</strong></span> 
     </span>
    </p>
   </div>
   <div class='ocr_carea' id='block_1_50' title="bbox 2173 1939 3817 2028">
    <p class='ocr_par' dir='ltr' id='par_1_50' title="bbox 2173 1939 3817 2028">
     <span class='ocr_line' id='line_1_50' title="bbox 2173 1939 3817 2028; baseline 0.01 -33"><span class='ocrx_word' id='word_1_374' title='bbox 2173 1940 2329 2019; x_wconf 82' lang='grc' dir='ltr'>σέως,</span> <span class='ocrx_word' id='word_1_375' title='bbox 2362 1939 2593 1998; x_wconf 78' lang='grc' dir='ltr'>κελεύων</span> <span class='ocrx_word' id='word_1_376' title='bbox 2690 1944 2921 2019; x_wconf 78' lang='grc' dir='ltr'>ὀμνύειν,</span> <span class='ocrx_word' id='word_1_377' title='bbox 2981 1947 3212 2024; x_wconf 83' lang='grc' dir='ltr'>πονηρὸς</span> <span class='ocrx_word' id='word_1_378' title='bbox 3243 1947 3310 2014; x_wconf 74' lang='grc' dir='ltr'>ἦν</span> <span class='ocrx_word' id='word_1_379' title='bbox 3345 1966 3361 2027; x_wconf 73' lang='grc' dir='ltr'><strong>ς</strong></span> <span class='ocrx_word' id='word_1_380' title='bbox 3389 1950 3532 2007; x_wconf 76' lang='grc' dir='ltr'>Μάθε</span> <span class='ocrx_word' id='word_1_381' title='bbox 3593 1952 3704 2028; x_wconf 77' lang='grc' dir='ltr'>οὖν,</span> <span class='ocrx_word' id='word_1_382' title='bbox 3737 1953 3817 2011; x_wconf 77' lang='grc' dir='ltr'><strong>ὅτι</strong></span> 
     </span>
    </p>
   </div>
   <div class='ocr_carea' id='block_1_51' title="bbox 2170 2030 3813 2120">
    <p class='ocr_par' dir='ltr' id='par_1_51' title="bbox 2170 2030 3813 2120">
     <span class='ocr_line' id='line_1_51' title="bbox 2170 2030 3813 2120; baseline 0.01 -36"><span class='ocrx_word' id='word_1_383' title='bbox 2170 2030 2263 2086; x_wconf 75' lang='grc' dir='ltr'>οὐκ</span> <span class='ocrx_word' id='word_1_384' title='bbox 2293 2030 2358 2098; x_wconf 84' lang='grc' dir='ltr'><strong>ῆν</strong></span> <span class='ocrx_word' id='word_1_385' title='bbox 2401 2033 2636 2108; x_wconf 84' lang='grc' dir='ltr'>πονηρὸν</span> <span class='ocrx_word' id='word_1_386' title='bbox 2679 2033 2799 2090; x_wconf 89' lang='grc' dir='ltr'>τότε</span> <span class='ocrx_word' id='word_1_387' title='bbox 2843 2036 2905 2089; x_wconf 83' lang='grc' dir='ltr'>τὸ</span> <span class='ocrx_word' id='word_1_388' title='bbox 2963 2034 3199 2109; x_wconf 84' lang='grc' dir='ltr'>ὁμνὺειν⁶</span> <span class='ocrx_word' id='word_1_389' title='bbox 3255 2037 3392 2111; x_wconf 80' lang='grc' dir='ltr'>μετὰ</span> <span class='ocrx_word' id='word_1_390' title='bbox 3450 2036 3504 2094; x_wconf 83' lang='grc' dir='ltr'>δὲ</span> <span class='ocrx_word' id='word_1_391' title='bbox 3569 2045 3813 2120; x_wconf 77' lang='grc' dir='ltr'>Χριστὸν,</span> 
     </span>
    </p>
   </div>
   <div class='ocr_carea' id='block_1_52' title="bbox 2172 2118 3816 2206">
    <p class='ocr_par' dir='ltr' id='par_1_52' title="bbox 2172 2118 3816 2206">
     <span class='ocr_line' id='line_1_52' title="bbox 2172 2118 3816 2206; baseline 0.011 -34"><span class='ocrx_word' id='word_1_392' title='bbox 2172 2118 2282 2175; x_wconf 74' lang='grc' dir='ltr'>ἔστι</span> <span class='ocrx_word' id='word_1_393' title='bbox 2393 2120 2647 2197; x_wconf 86' lang='grc' dir='ltr'>πονηρόν·</span> <span class='ocrx_word' id='word_1_394' title='bbox 2720 2121 2900 2198; x_wconf 84' lang='grc' dir='ltr'>ὥσπερ</span> <span class='ocrx_word' id='word_1_395' title='bbox 2963 2124 3052 2179; x_wconf 86' lang='grc' dir='ltr'><strong>καὶ</strong></span> <span class='ocrx_word' id='word_1_396' title='bbox 3121 2125 3181 2180; x_wconf 81' lang='grc' dir='ltr'>τὸ</span> <span class='ocrx_word' id='word_1_397' title='bbox 3232 2118 3652 2206; x_wconf 81' lang='grc' dir='ltr'>περιτέμνεσθαι,</span> <span class='ocrx_word' id='word_1_398' title='bbox 3729 2118 3816 2189; x_wconf 83' lang='grc' dir='ltr'><strong>καὶ</strong></span> 
     </span>
    </p>
   </div>
   <div class='ocr_carea' id='block_1_53' title="bbox 2174 2207 3814 2296">
    <p class='ocr_par' dir='ltr' id='par_1_53' title="bbox 2174 2207 3814 2296">
     <span class='ocr_line' id='line_1_53' title="bbox 2174 2207 3814 2296; baseline 0.01 -33"><span class='ocrx_word' id='word_1_399' title='bbox 2174 2207 2357 2271; x_wconf 81' lang='grc' dir='ltr'>ἁπλῶς</span> <span class='ocrx_word' id='word_1_400' title='bbox 2412 2211 2473 2264; x_wconf 86' lang='grc' dir='ltr'>τὸ</span> <span class='ocrx_word' id='word_1_401' title='bbox 2527 2208 2855 2282; x_wconf 67' lang='grc' dir='ltr'>Ἰουδαΐζειν,</span> <span class='ocrx_word' id='word_1_402' title='bbox 2905 2209 3052 2268; x_wconf 82' lang='grc' dir='ltr'>Ἐπεὶ</span> <span class='ocrx_word' id='word_1_403' title='bbox 3104 2213 3192 2269; x_wconf 89' lang='grc' dir='ltr'><strong>καὶ</strong></span> <span class='ocrx_word' id='word_1_404' title='bbox 3262 2215 3323 2270; x_wconf 79' lang='grc' dir='ltr'>τὸ</span> <span class='ocrx_word' id='word_1_405' title='bbox 3365 2215 3634 2296; x_wconf 75' lang='grc' dir='ltr'>θηλάζειν,</span> <span class='ocrx_word' id='word_1_406' title='bbox 3695 2235 3814 2286; x_wconf 78' lang='grc' dir='ltr'>τοῖς</span> 
     </span>
    </p>
   </div>
   <div class='ocr_carea' id='block_1_54' title="bbox 2176 2296 3574 2385">
    <p class='ocr_par' dir='ltr' id='par_1_54' title="bbox 2176 2296 3574 2385">
     <span class='ocr_line' id='line_1_54' title="bbox 2176 2296 3574 2385; baseline 0.009 -34"><span class='ocrx_word' id='word_1_407' title='bbox 2176 2297 2272 2372; x_wconf 59' lang='grc' dir='ltr'>μὲν</span> <span class='ocrx_word' id='word_1_408' title='bbox 2303 2296 2532 2362; x_wconf 83' lang='grc' dir='ltr'>παιδίοις</span> <span class='ocrx_word' id='word_1_409' title='bbox 2555 2299 2794 2375; x_wconf 77' lang='grc' dir='ltr'>ἁρμόζει,</span> <span class='ocrx_word' id='word_1_410' title='bbox 2823 2313 2938 2363; x_wconf 81' lang='grc' dir='ltr'>νοϊς</span> <span class='ocrx_word' id='word_1_411' title='bbox 2965 2298 3019 2355; x_wconf 84' lang='grc' dir='ltr'>δὲ</span> <span class='ocrx_word' id='word_1_412' title='bbox 3050 2300 3293 2379; x_wconf 81' lang='grc' dir='ltr'>ἀνδράσιν</span> <span class='ocrx_word' id='word_1_413' title='bbox 3325 2306 3574 2385; x_wconf 74' lang='grc' dir='ltr'>αἰσχύνη.</span> 
     </span>
    </p>
   </div>
   <div class='ocr_carea' id='block_1_55' title="bbox 2259 2387 3812 2477">
    <p class='ocr_par' dir='ltr' id='par_1_55' title="bbox 2259 2387 3812 2477">
     <span class='ocr_line' id='line_1_55' title="bbox 2259 2387 3812 2477; baseline 0.011 -37"><span class='ocrx_word' id='word_1_414' title='bbox 2259 2408 2288 2440; x_wconf 69' lang='grc' dir='ltr'>κ</span> <span class='ocrx_word' id='word_1_415' title='bbox 2317 2387 2622 2477; x_wconf 16' lang='grc' dir='ltr'>,ἶῌκούσατε</span> <span class='ocrx_word' id='word_1_416' title='bbox 2652 2387 2965 2477; x_wconf 12' lang='grc' dir='ltr'>ὅτιᾷἒῤῥέθη,</span> <span class='ocrx_word' id='word_1_417' title='bbox 3013 2387 3284 2470; x_wconf 69' lang='grc' dir='ltr'>Ὀφθαλμὸ</span> <span class='ocrx_word' id='word_1_418' title='bbox 3337 2393 3451 2450; x_wconf 82' lang='grc' dir='ltr'>ἀντὶ</span> <span class='ocrx_word' id='word_1_419' title='bbox 3521 2397 3812 2477; x_wconf 72' lang='grc' dir='ltr'>ὀφθαλμοῦ,</span> 
     </span>
    </p>
   </div>
   <div class='ocr_carea' id='block_1_56' title="bbox 2172 2473 3816 2563">
    <p class='ocr_par' dir='ltr' id='par_1_56' title="bbox 2172 2473 3816 2563">
     <span class='ocr_line' id='line_1_56' title="bbox 2172 2473 3816 2563; baseline 0.011 -35"><span class='ocrx_word' id='word_1_420' title='bbox 2172 2475 2260 2530; x_wconf 84' lang='grc' dir='ltr'><strong>καὶ</strong></span> <span class='ocrx_word' id='word_1_421' title='bbox 2303 2473 2489 2532; x_wconf 83' lang='grc' dir='ltr'>ὀδόντα</span> <span class='ocrx_word' id='word_1_422' title='bbox 2546 2476 2659 2533; x_wconf 80' lang='grc' dir='ltr'>ἀντὶ</span> <span class='ocrx_word' id='word_1_423' title='bbox 2717 2475 2950 2542; x_wconf 86' lang='grc' dir='ltr'>ὀδύντος.</span> <span class='ocrx_word' id='word_1_424' title='bbox 2984 2499 3015 2539; x_wconf 69' lang='grc' dir='ltr'><strong><em>ι</em></strong></span> <span class='ocrx_word' id='word_1_425' title='bbox 3093 2480 3150 2537; x_wconf 89' lang='grc' dir='ltr'>Ὀ</span> <span class='ocrx_word' id='word_1_426' title='bbox 3225 2481 3385 2557; x_wconf 88' lang='grc' dir='ltr'>νόμος</span> <span class='ocrx_word' id='word_1_427' title='bbox 3458 2473 3816 2563; x_wconf 51' lang='grc' dir='ltr'>συγκαταϐαίέ</span> 
     </span>
    </p>
   </div>
   <div class='ocr_carea' id='block_1_57' title="bbox 2173 2564 3816 2652">
    <p class='ocr_par' dir='ltr' id='par_1_57' title="bbox 2173 2564 3816 2652">
     <span class='ocr_line' id='line_1_57' title="bbox 2173 2564 3816 2652; baseline 0.011 -34"><span class='ocrx_word' id='word_1_428' title='bbox 2173 2584 2275 2620; x_wconf 60' lang='grc' dir='ltr'><strong>νων</strong></span> <span class='ocrx_word' id='word_1_429' title='bbox 2319 2564 2607 2644; x_wconf 80' lang='grc' dir='ltr'>συνεχώρει</span> <span class='ocrx_word' id='word_1_430' title='bbox 2663 2567 2760 2635; x_wconf 86' lang='grc' dir='ltr'><strong>τὴν</strong></span> <span class='ocrx_word' id='word_1_431' title='bbox 2819 2569 3220 2649; x_wconf 80' lang='grc' dir='ltr'>ταυτοπάθειαν,</span> <span class='ocrx_word' id='word_1_432' title='bbox 3291 2570 3383 2628; x_wconf 53' lang='grc' dir='ltr'>τίνα</span> <span class='ocrx_word' id='word_1_433' title='bbox 3412 2571 3557 2652; x_wconf 75' lang='grc' dir='ltr'>φόϐῳ</span> <span class='ocrx_word' id='word_1_434' title='bbox 3611 2583 3704 2634; x_wconf 87' lang='grc' dir='ltr'><strong>τοῦ</strong></span> <span class='ocrx_word' id='word_1_435' title='bbox 3749 2580 3816 2636; x_wconf 79' lang='grc' dir='ltr'><strong>τὰ</strong></span> 
     </span>
    </p>
   </div>
   <div class='ocr_carea' id='block_1_58' title="bbox 2178 2653 3230 2733">
    <p class='ocr_par' dir='ltr' id='par_1_58' title="bbox 2178 2653 3230 2733">
     <span class='ocr_line' id='line_1_58' title="bbox 2178 2653 3230 2733; baseline 0.012 -26"><span class='ocrx_word' id='word_1_436' title='bbox 2178 2655 2272 2708; x_wconf 78' lang='grc' dir='ltr'>ἶσα</span> <span class='ocrx_word' id='word_1_437' title='bbox 2300 2656 2516 2733; x_wconf 78' lang='grc' dir='ltr'>παθεῖν,</span> <span class='ocrx_word' id='word_1_438' title='bbox 2543 2654 2620 2730; x_wconf 77' lang='grc' dir='ltr'>μὴ</span> <span class='ocrx_word' id='word_1_439' title='bbox 2650 2653 2899 2714; x_wconf 79' lang='grc' dir='ltr'>ἀδικῶσιν</span> <span class='ocrx_word' id='word_1_440' title='bbox 2943 2656 3230 2728; x_wconf 78' lang='grc' dir='ltr'>ἀλλήλους.</span> 
     </span>
    </p>
   </div>
   <div class='ocr_carea' id='block_1_59' title="bbox 2264 2827 3818 2922">
    <p class='ocr_par' dir='ltr' id='par_1_59' title="bbox 2264 2827 3818 2922">
     <span class='ocr_line' id='line_1_59' title="bbox 2264 2827 3818 2922; baseline 0.01 -37"><span class='ocrx_word' id='word_1_441' title='bbox 2264 2849 2293 2922; x_wconf 55' lang='grc' dir='ltr'><strong>ε</strong></span> <span class='ocrx_word' id='word_1_442' title='bbox 2493 2829 2547 2886; x_wconf 84' lang='grc' dir='ltr'>δὲ</span> <span class='ocrx_word' id='word_1_443' title='bbox 2575 2831 2719 2922; x_wconf 76' lang='grc' dir='ltr'>λέγω</span> <span class='ocrx_word' id='word_1_444' title='bbox 2760 2835 2911 2907; x_wconf 78' lang='grc' dir='ltr'>ὑμῖν,</span> <span class='ocrx_word' id='word_1_445' title='bbox 2973 2836 3051 2910; x_wconf 81' lang='grc' dir='ltr'><strong>μὴ</strong></span> <span class='ocrx_word' id='word_1_446' title='bbox 3096 2837 3398 2906; x_wconf 80' lang='grc' dir='ltr'>ἀντιστῆναι</span> <span class='ocrx_word' id='word_1_447' title='bbox 3442 2849 3519 2916; x_wconf 80' lang='grc' dir='ltr'><strong>τῷ</strong></span> <span class='ocrx_word' id='word_1_448' title='bbox 3569 2849 3818 2922; x_wconf 79' lang='grc' dir='ltr'>πονηρῷ,</span> 
     </span>
    </p>
   </div>
   <div class='ocr_carea' id='block_1_60' title="bbox 2173 2916 3820 3010">
    <p class='ocr_par' dir='ltr' id='par_1_60' title="bbox 2173 2916 3820 3010">
     <span class='ocr_line' id='line_1_60' title="bbox 2173 2916 3820 3010; baseline 0.009 -36"><span class='ocrx_word' id='word_1_449' title='bbox 2173 2916 2295 2974; x_wconf 80' lang='grc' dir='ltr'>ἀλλ’</span> <span class='ocrx_word' id='word_1_450' title='bbox 2323 2918 2468 2983; x_wconf 78' lang='grc' dir='ltr'>ὅστις</span> <span class='ocrx_word' id='word_1_451' title='bbox 2530 2943 2586 2977; x_wconf 85' lang='grc' dir='ltr'><strong>σε</strong></span> <span class='ocrx_word' id='word_1_452' title='bbox 2656 2921 2860 2999; x_wconf 82' lang='grc' dir='ltr'>ῥαπίσει</span> <span class='ocrx_word' id='word_1_453' title='bbox 2916 2924 3002 2979; x_wconf 61' lang='grc' dir='ltr'><strong>επὶ</strong></span> <span class='ocrx_word' id='word_1_454' title='bbox 3038 2925 3136 2993; x_wconf 77' lang='grc' dir='ltr'><strong>τὴν</strong></span> <span class='ocrx_word' id='word_1_455' title='bbox 3167 2925 3332 2992; x_wconf 78' lang='grc' dir='ltr'>δεξιάν</span> <span class='ocrx_word' id='word_1_456' title='bbox 3377 2933 3628 3010; x_wconf 79' lang='grc' dir='ltr'>σιαγόνα,</span> <span class='ocrx_word' id='word_1_457' title='bbox 3661 2916 3820 3010; x_wconf 72' lang='grc' dir='ltr'>στρέ-</span> 
     </span>
    </p>
   </div>
   <div class='ocr_carea' id='block_1_61' title="bbox 443 3009 2080 3096">
    <p class='ocr_par' dir='ltr' id='par_1_61' title="bbox 443 3010 2080 3091">
     <span class='ocr_line' id='line_1_61' title="bbox 443 3010 2080 3091; baseline -0.002 -20"><span class='ocrx_word' id='word_1_458' title='bbox 443 3028 568 3072; x_wconf 90' lang='lat' dir='ltr'><strong>ram</strong></span> <span class='ocrx_word' id='word_1_459' title='bbox 621 3020 776 3072; x_wconf 91' lang='lat' dir='ltr'><strong>tuam</strong></span> <span class='ocrx_word' id='word_1_460' title='bbox 837 3011 1159 3091; x_wconf 83' lang='lat' dir='ltr'><strong>maxillam,</strong></span> <span class='ocrx_word' id='word_1_461' title='bbox 1222 3010 1462 3072; x_wconf 89' lang='lat' dir='ltr'><strong>obverte</strong></span> <span class='ocrx_word' id='word_1_462' title='bbox 1519 3010 1576 3071; x_wconf 89' lang='lat' dir='ltr'><strong>ei</strong></span> <span class='ocrx_word' id='word_1_463' title='bbox 1637 3018 1694 3070; x_wconf 89' lang='lat' dir='ltr'><strong>et</strong></span> <span class='ocrx_word' id='word_1_464' title='bbox 1751 3010 2019 3071; x_wconf 90' lang='lat' dir='ltr'><strong>alteram.</strong></span> <span class='ocrx_word' id='word_1_465' title='bbox 2061 3033 2080 3067; x_wconf 75' lang='grc' dir='ltr'><strong>ι</strong></span> 
     </span>
    </p>
   </div>
   <div class='ocr_carea' id='block_1_62' title="bbox 2179 3009 3818 3096">
    <p class='ocr_par' dir='ltr' id='par_1_62' title="bbox 2179 3009 3818 3096">
     <span class='ocr_line' id='line_1_62' title="bbox 2179 3009 3818 3096; baseline 0.01 -34"><span class='ocrx_word' id='word_1_466' title='bbox 2179 3011 2288 3096; x_wconf 56' lang='grc' dir='ltr'><strong>ιιαον⁸</strong></span> <span class='ocrx_word' id='word_1_467' title='bbox 2318 3011 2459 3096; x_wconf 77' lang='grc' dir='ltr'>αὐτῷ</span> <span class='ocrx_word' id='word_1_468' title='bbox 2514 3011 2601 3067; x_wconf 88' lang='grc' dir='ltr'><strong>καὶ</strong></span> <span class='ocrx_word' id='word_1_469' title='bbox 2670 3013 2768 3078; x_wconf 75' lang='grc' dir='ltr'><strong>τῆν</strong></span> <span class='ocrx_word' id='word_1_470' title='bbox 2819 3009 3012 3079; x_wconf 76' lang='grc' dir='ltr'>ἄλλην.</span> <span class='ocrx_word' id='word_1_471' title='bbox 3088 3038 3115 3070; x_wconf 71' lang='lat' dir='ltr'><strong>n</strong></span> <span class='ocrx_word' id='word_1_472' title='bbox 3162 3020 3398 3096; x_wconf 81' lang='grc' dir='ltr'>Πονηρὸν</span> <span class='ocrx_word' id='word_1_473' title='bbox 3447 3009 3670 3079; x_wconf 72' lang='grc' dir='ltr'>ἐνταῦθα</span> <span class='ocrx_word' id='word_1_474' title='bbox 3727 3009 3818 3078; x_wconf 77' lang='grc' dir='ltr'><strong>τὸν</strong></span> 
     </span>
    </p>
   </div>
   <div class='ocr_carea' id='block_1_63' title="bbox 442 3092 2080 3191">
    <p class='ocr_par' dir='ltr' id='par_1_63' title="bbox 442 3097 2080 3191">
     <span class='ocr_line' id='line_1_63' title="bbox 442 3097 2080 3191; baseline -0.002 -29"><span class='ocrx_word' id='word_1_475' title='bbox 442 3099 797 3191; x_wconf 86' lang='lat' dir='ltr'><strong>Malum__hic</strong></span> <span class='ocrx_word' id='word_1_476' title='bbox 823 3098 1448 3191; x_wconf 9' lang='lat' dir='ltr'><strong>diabolumpvocapqui</strong></span> <span class='ocrx_word' id='word_1_477' title='bbox 1481 3097 1920 3191; x_wconf 71' lang='lat' dir='ltr'><strong>perhominem</strong></span> <span class='ocrx_word' id='word_1_478' title='bbox 1947 3117 2080 3191; x_wconf 44' lang='lat' dir='ltr'><strong>ope‘</strong></span> 
     </span>
    </p>
   </div>
   <div class='ocr_carea' id='block_1_64' title="bbox 2179 3092 3812 3191">
    <p class='ocr_par' dir='ltr' id='par_1_64' title="bbox 2179 3092 3812 3191">
     <span class='ocr_line' id='line_1_64' title="bbox 2179 3092 3812 3191; baseline 0.014 -41"><span class='ocrx_word' id='word_1_479' title='bbox 2179 3092 2450 3191; x_wconf 38' lang='lat' dir='ltr'><strong>StdS-olovh</strong></span> <span class='ocrx_word' id='word_1_480' title='bbox 2483 3096 2649 3191; x_wconf 68' lang='grc' dir='ltr'>λεγει,</span> <span class='ocrx_word' id='word_1_481' title='bbox 2709 3102 2797 3156; x_wconf 85' lang='grc' dir='ltr'>τὸν</span> <span class='ocrx_word' id='word_1_482' title='bbox 2873 3099 2956 3158; x_wconf 78' lang='grc' dir='ltr'><strong>διὰ</strong></span> <span class='ocrx_word' id='word_1_483' title='bbox 3010 3113 3102 3163; x_wconf 90' lang='grc' dir='ltr'><strong>τοῦ</strong></span> <span class='ocrx_word' id='word_1_484' title='bbox 3155 3092 3425 3184; x_wconf 64' lang='grc' dir='ltr'>ἀνθρώπου</span> <span class='ocrx_word' id='word_1_485' title='bbox 3475 3109 3812 3191; x_wconf 69' lang='grc' dir='ltr'>ἐνεργοῦντα.</span> 
     </span>
    </p>
   </div>
   <div class='ocr_carea' id='block_1_65' title="bbox 442 3186 2083 3268">
    <p class='ocr_par' dir='ltr' id='par_1_65' title="bbox 442 3186 2083 3268">
     <span class='ocr_line' id='line_1_65' title="bbox 442 3186 2083 3268; baseline -0.001 -19"><span class='ocrx_word' id='word_1_486' title='bbox 442 3195 630 3252; x_wconf 89' lang='lat' dir='ltr'><strong>ratur.</strong></span> <span class='ocrx_word' id='word_1_487' title='bbox 662 3188 792 3250; x_wconf 90' lang='lat' dir='ltr'><strong>Non</strong></span> <span class='ocrx_word' id='word_1_488' title='bbox 815 3196 1047 3268; x_wconf 90' lang='lat' dir='ltr'><strong>oportet</strong></span> <span class='ocrx_word' id='word_1_489' title='bbox 1073 3189 1249 3267; x_wconf 82' lang='lat' dir='ltr'><strong>igitur</strong></span> <span class='ocrx_word' id='word_1_490' title='bbox 1270 3187 1561 3250; x_wconf 90' lang='lat' dir='ltr'><strong>obsistere</strong></span> <span class='ocrx_word' id='word_1_491' title='bbox 1582 3186 1850 3249; x_wconf 87' lang='lat' dir='ltr'><strong>diabolo?</strong></span> <span class='ocrx_word' id='word_1_492' title='bbox 1870 3186 2083 3248; x_wconf 87' lang='lat' dir='ltr'><strong>Etiam:</strong></span> 
     </span>
    </p>
   </div>
   <div class='ocr_carea' id='block_1_66' title="bbox 440 3274 2087 3358">
    <p class='ocr_par' dir='ltr' id='par_1_66' title="bbox 440 3274 2087 3358">
     <span class='ocr_line' id='line_1_66' title="bbox 440 3274 2087 3358; baseline -0.001 -20"><span class='ocrx_word' id='word_1_493' title='bbox 440 3286 499 3339; x_wconf 90' lang='lat' dir='ltr'><strong>at</strong></span> <span class='ocrx_word' id='word_1_494' title='bbox 521 3297 640 3339; x_wconf 91' lang='lat' dir='ltr'><strong>non</strong></span> <span class='ocrx_word' id='word_1_495' title='bbox 667 3284 754 3339; x_wconf 88' lang='lat' dir='ltr'><strong>est</strong></span> <span class='ocrx_word' id='word_1_496' title='bbox 774 3277 1319 3358; x_wconf 85' lang='lat' dir='ltr'><strong>repercutiendum,</strong></span> <span class='ocrx_word' id='word_1_497' title='bbox 1353 3277 1458 3338; x_wconf 86' lang='lat' dir='ltr'><strong>sed</strong></span> <span class='ocrx_word' id='word_1_498' title='bbox 1489 3275 1927 3337; x_wconf 90' lang='lat' dir='ltr'><strong>sustinendum.</strong></span> <span class='ocrx_word' id='word_1_499' title='bbox 1959 3274 2087 3337; x_wconf 90' lang='lat' dir='ltr'><strong>Non</strong></span> 
     </span>
    </p>
   </div>
   <div class='ocr_carea' id='block_1_67' title="bbox 439 3364 2083 3446">
    <p class='ocr_par' dir='ltr' id='par_1_67' title="bbox 439 3364 2083 3446">
     <span class='ocr_line' id='line_1_67' title="bbox 439 3364 2083 3446; baseline -0.001 -17"><span class='ocrx_word' id='word_1_500' title='bbox 439 3367 596 3429; x_wconf 88' lang='lat' dir='ltr'><strong>enim</strong></span> <span class='ocrx_word' id='word_1_501' title='bbox 619 3366 742 3446; x_wconf 82' lang='lat' dir='ltr'><strong>igni</strong></span> <span class='ocrx_word' id='word_1_502' title='bbox 762 3366 1154 3444; x_wconf 79' lang='lat' dir='ltr'><strong>exstinguitur</strong></span> <span class='ocrx_word' id='word_1_503' title='bbox 1180 3366 1466 3444; x_wconf 88' lang='lat' dir='ltr'><strong>ignis;sed</strong></span> <span class='ocrx_word' id='word_1_504' title='bbox 1492 3364 1758 3446; x_wconf 85' lang='lat' dir='ltr'><strong>aqua.Ne</strong></span> <span class='ocrx_word' id='word_1_505' title='bbox 1779 3365 2083 3427; x_wconf 88' lang='lat' dir='ltr'><strong>existimes</strong></span> 
     </span>
    </p>
   </div>
   <div class='ocr_carea' id='block_1_68' title="bbox 435 3454 2086 3535">
    <p class='ocr_par' dir='ltr' id='par_1_68' title="bbox 435 3454 2086 3535">
     <span class='ocr_line' id='line_1_68' title="bbox 435 3454 2086 3535; baseline -0.001 -19"><span class='ocrx_word' id='word_1_506' title='bbox 435 3463 631 3516; x_wconf 89' lang='lat' dir='ltr'><strong>autem</strong></span> <span class='ocrx_word' id='word_1_507' title='bbox 662 3455 818 3535; x_wconf 91' lang='lat' dir='ltr'><strong>quod</strong></span> <span class='ocrx_word' id='word_1_508' title='bbox 851 3456 1124 3535; x_wconf 87' lang='lat' dir='ltr'><strong>loquatur</strong></span> <span class='ocrx_word' id='word_1_509' title='bbox 1142 3455 1334 3516; x_wconf 92' lang='lat' dir='ltr'><strong>solum</strong></span> <span class='ocrx_word' id='word_1_510' title='bbox 1353 3455 1428 3516; x_wconf 86' lang='lat' dir='ltr'><strong>de</strong></span> <span class='ocrx_word' id='word_1_511' title='bbox 1463 3454 1849 3534; x_wconf 90' lang='lat' dir='ltr'><strong>percussione</strong></span> <span class='ocrx_word' id='word_1_512' title='bbox 1875 3454 2086 3516; x_wconf 81' lang='lat' dir='ltr'><strong>maxil-</strong></span> 
     </span>
    </p>
   </div>
   <div class='ocr_carea' id='block_1_69' title="bbox 436 3543 1804 3626">
    <p class='ocr_par' dir='ltr' id='par_1_69' title="bbox 436 3543 1804 3626">
     <span class='ocr_line' id='line_1_69' title="bbox 436 3543 1804 3626; baseline -0.001 -22"><span class='ocrx_word' id='word_1_513' title='bbox 436 3544 529 3616; x_wconf 74' lang='lat' dir='ltr'><strong>lae,</strong></span> <span class='ocrx_word' id='word_1_514' title='bbox 564 3545 667 3607; x_wconf 91' lang='lat' dir='ltr'><strong>sed</strong></span> <span class='ocrx_word' id='word_1_515' title='bbox 698 3545 774 3606; x_wconf 90' lang='lat' dir='ltr'><strong>de</strong></span> <span class='ocrx_word' id='word_1_516' title='bbox 804 3546 967 3607; x_wconf 90' lang='lat' dir='ltr'><strong>omni</strong></span> <span class='ocrx_word' id='word_1_517' title='bbox 996 3545 1111 3607; x_wconf 91' lang='lat' dir='ltr'><strong>alio</strong></span> <span class='ocrx_word' id='word_1_518' title='bbox 1145 3544 1298 3607; x_wconf 92' lang='lat' dir='ltr'><strong>malo</strong></span> <span class='ocrx_word' id='word_1_519' title='bbox 1321 3545 1474 3626; x_wconf 90' lang='lat' dir='ltr'><strong>quod</strong></span> <span class='ocrx_word' id='word_1_520' title='bbox 1502 3543 1804 3624; x_wconf 85' lang='lat' dir='ltr'><strong>inﬂigitur.</strong></span> 
     </span>
    </p>
   </div>
   <div class='ocr_carea' id='block_1_70' title="bbox 513 3720 2075 3803">
    <p class='ocr_par' dir='ltr' id='par_1_70' title="bbox 513 3720 2075 3803">
     <span class='ocr_line' id='line_1_70' title="bbox 513 3720 2075 3803; baseline 0 -21"><span class='ocrx_word' id='word_1_521' title='bbox 513 3725 695 3786; x_wconf 68' lang='lat' dir='ltr'><strong>Vens.</strong></span> <span class='ocrx_word' id='word_1_522' title='bbox 726 3723 825 3785; x_wconf 70' lang='lat'><strong>40.</strong></span> <span class='ocrx_word' id='word_1_523' title='bbox 868 3723 974 3784; x_wconf 85' lang='lat' dir='ltr'><strong>«Et</strong></span> <span class='ocrx_word' id='word_1_524' title='bbox 998 3724 1049 3784; x_wconf 89' lang='lat' dir='ltr'><strong>ei</strong></span> <span class='ocrx_word' id='word_1_525' title='bbox 1073 3723 1174 3803; x_wconf 91' lang='lat' dir='ltr'><strong>qui</strong></span> <span class='ocrx_word' id='word_1_526' title='bbox 1207 3722 1328 3783; x_wconf 82' lang='lat' dir='ltr'><strong>vult</strong></span> <span class='ocrx_word' id='word_1_527' title='bbox 1359 3729 1558 3784; x_wconf 88' lang='lat' dir='ltr'><strong>tecum</strong></span> <span class='ocrx_word' id='word_1_528' title='bbox 1583 3720 1865 3802; x_wconf 90' lang='lat' dir='ltr'><strong>judicari,</strong></span> <span class='ocrx_word' id='word_1_529' title='bbox 1899 3728 1958 3782; x_wconf 91' lang='lat' dir='ltr'><strong>et</strong></span> <span class='ocrx_word' id='word_1_530' title='bbox 1978 3730 2075 3783; x_wconf 87' lang='lat' dir='ltr'><strong>tu-</strong></span> 
     </span>
    </p>
   </div>
   <div class='ocr_carea' id='block_1_71' title="bbox 438 3811 2071 3891">
    <p class='ocr_par' dir='ltr' id='par_1_71' title="bbox 438 3811 2071 3891">
     <span class='ocr_line' id='line_1_71' title="bbox 438 3811 2071 3891; baseline -0.002 -20"><span class='ocrx_word' id='word_1_531' title='bbox 438 3811 632 3874; x_wconf 91' lang='lat' dir='ltr'><strong>nicam</strong></span> <span class='ocrx_word' id='word_1_532' title='bbox 670 3819 827 3873; x_wconf 88' lang='lat' dir='ltr'><strong>tuam</strong></span> <span class='ocrx_word' id='word_1_533' title='bbox 887 3811 1120 3886; x_wconf 89' lang='lat' dir='ltr'><strong>tollere,</strong></span> <span class='ocrx_word' id='word_1_534' title='bbox 1182 3811 1463 3891; x_wconf 88' lang='lat' dir='ltr'><strong>permitte</strong></span> <span class='ocrx_word' id='word_1_535' title='bbox 1517 3811 1572 3872; x_wconf 91' lang='lat' dir='ltr'><strong>ei</strong></span> <span class='ocrx_word' id='word_1_536' title='bbox 1630 3819 1688 3873; x_wconf 92' lang='lat' dir='ltr'><strong>et</strong></span> <span class='ocrx_word' id='word_1_537' title='bbox 1738 3811 2007 3890; x_wconf 90' lang='lat' dir='ltr'><strong>pallium.</strong></span> <span class='ocrx_word' id='word_1_538' title='bbox 2049 3835 2071 3868; x_wconf 72' lang='grc' dir='ltr'><strong>ι</strong></span> 
     </span>
    </p>
   </div>
   <div class='ocr_carea' id='block_1_72' title="bbox 433 3899 2076 3982">
    <p class='ocr_par' dir='ltr' id='par_1_72' title="bbox 433 3899 2076 3982">
     <span class='ocr_line' id='line_1_72' title="bbox 433 3899 2076 3982; baseline 0.001 -22"><span class='ocrx_word' id='word_1_539' title='bbox 433 3899 676 3963; x_wconf 86' lang='lat' dir='ltr'><strong>Etiamsi</strong></span> <span class='ocrx_word' id='word_1_540' title='bbox 705 3901 938 3982; x_wconf 92' lang='lat' dir='ltr'><strong>quando</strong></span> <span class='ocrx_word' id='word_1_541' title='bbox 971 3909 1026 3962; x_wconf 88' lang='lat' dir='ltr'><strong>te</strong></span> <span class='ocrx_word' id='word_1_542' title='bbox 1056 3902 1130 3962; x_wconf 83' lang='lat' dir='ltr'><strong>ad</strong></span> <span class='ocrx_word' id='word_1_543' title='bbox 1155 3901 1424 3981; x_wconf 90' lang='lat' dir='ltr'><strong>judicem</strong></span> <span class='ocrx_word' id='word_1_544' title='bbox 1458 3901 1654 3961; x_wconf 88' lang='lat' dir='ltr'><strong>trahat</strong></span> <span class='ocrx_word' id='word_1_545' title='bbox 1690 3908 1748 3961; x_wconf 91' lang='lat' dir='ltr'><strong>et</strong></span> <span class='ocrx_word' id='word_1_546' title='bbox 1777 3899 2076 3982; x_wconf 86' lang='lat' dir='ltr'><strong>obturbet,</strong></span> 
     </span>
    </p>
   </div>
   <div class='ocr_carea' id='block_1_73' title="bbox 432 3988 2074 4070">
    <p class='ocr_par' dir='ltr' id='par_1_73' title="bbox 432 3988 2074 4070">
     <span class='ocr_line' id='line_1_73' title="bbox 432 3988 2074 4070; baseline 0 -20"><span class='ocrx_word' id='word_1_547' title='bbox 432 3993 577 4051; x_wconf 85' lang='lat' dir='ltr'><strong>tunc</strong></span> <span class='ocrx_word' id='word_1_548' title='bbox 607 3989 837 4050; x_wconf 90' lang='lat' dir='ltr'><strong>dimitte</strong></span> <span class='ocrx_word' id='word_1_549' title='bbox 867 3991 919 4050; x_wconf 92' lang='lat' dir='ltr'><strong>ei</strong></span> <span class='ocrx_word' id='word_1_550' title='bbox 953 3989 1195 4070; x_wconf 88' lang='lat' dir='ltr'><strong>pallium</strong></span> <span class='ocrx_word' id='word_1_551' title='bbox 1233 4008 1246 4053; x_wconf 92' lang='lat'>:</span> <span class='ocrx_word' id='word_1_552' title='bbox 1287 4008 1403 4052; x_wconf 90' lang='lat' dir='ltr'><strong>non</strong></span> <span class='ocrx_word' id='word_1_553' title='bbox 1434 3988 1485 4048; x_wconf 93' lang='lat' dir='ltr'><strong>si</strong></span> <span class='ocrx_word' id='word_1_554' title='bbox 1515 3989 1867 4068; x_wconf 90' lang='lat' dir='ltr'><strong>simpliciter</strong></span> <span class='ocrx_word' id='word_1_555' title='bbox 1896 3997 2074 4069; x_wconf 88' lang='lat' dir='ltr'><strong>petat.</strong></span> 
     </span>
    </p>
   </div>
   <div class='ocr_carea' id='block_1_74' title="bbox 431 4075 2082 4158">
    <p class='ocr_par' dir='ltr' id='par_1_74' title="bbox 431 4075 2082 4158">
     <span class='ocr_line' id='line_1_74' title="bbox 431 4075 2082 4158; baseline 0.002 -21"><span class='ocrx_word' id='word_1_556' title='bbox 431 4075 653 4140; x_wconf 88' lang='lat' dir='ltr'><strong>Tunica</strong></span> <span class='ocrx_word' id='word_1_557' title='bbox 684 4078 924 4158; x_wconf 85' lang='lat' dir='ltr'><strong>proprie</strong></span> <span class='ocrx_word' id='word_1_558' title='bbox 955 4078 1175 4140; x_wconf 86' lang='lat' dir='ltr'><strong>dicitur</strong></span> <span class='ocrx_word' id='word_1_559' title='bbox 1203 4096 1378 4158; x_wconf 90' lang='lat' dir='ltr'><strong>quam</strong></span> <span class='ocrx_word' id='word_1_560' title='bbox 1414 4076 1762 4139; x_wconf 91' lang='lat' dir='ltr'><strong>subuculam</strong></span> <span class='ocrx_word' id='word_1_561' title='bbox 1791 4079 1879 4140; x_wconf 90' lang='lat' dir='ltr'><strong>vel</strong></span> <span class='ocrx_word' id='word_1_562' title='bbox 1911 4078 2082 4140; x_wconf 87' lang='lat' dir='ltr'><strong>indu-</strong></span> 
     </span>
    </p>
   </div>
   <div class='ocr_carea' id='block_1_75' title="bbox 430 4165 2074 4248">
    <p class='ocr_par' dir='ltr' id='par_1_75' title="bbox 430 4165 2074 4248">
     <span class='ocr_line' id='line_1_75' title="bbox 430 4165 2074 4248; baseline 0.002 -22"><span class='ocrx_word' id='word_1_563' title='bbox 430 4165 584 4228; x_wconf 89' lang='lat' dir='ltr'><strong>sium</strong></span> <span class='ocrx_word' id='word_1_564' title='bbox 643 4185 920 4230; x_wconf 85' lang='lat' dir='ltr'><strong>vocamus</strong></span> <span class='ocrx_word' id='word_1_565' title='bbox 977 4189 990 4231; x_wconf 92' lang='lat'>:</span> <span class='ocrx_word' id='word_1_566' title='bbox 1043 4167 1310 4248; x_wconf 90' lang='lat' dir='ltr'><strong>pallium,</strong></span> <span class='ocrx_word' id='word_1_567' title='bbox 1391 4186 1506 4247; x_wconf 91' lang='lat' dir='ltr'><strong>quo</strong></span> <span class='ocrx_word' id='word_1_568' title='bbox 1555 4167 1717 4229; x_wconf 90' lang='lat' dir='ltr'><strong>illam</strong></span> <span class='ocrx_word' id='word_1_569' title='bbox 1773 4169 2074 4246; x_wconf 88' lang='lat' dir='ltr'><strong>tegimus:</strong></span> 
     </span>
    </p>
   </div>
   <div class='ocr_carea' id='block_1_76' title="bbox 430 4257 1632 4338">
    <p class='ocr_par' dir='ltr' id='par_1_76' title="bbox 430 4257 1632 4338">
     <span class='ocr_line' id='line_1_76' title="bbox 430 4257 1632 4338; baseline 0.003 -23"><span class='ocrx_word' id='word_1_570' title='bbox 430 4257 694 4335; x_wconf 83' lang='lat' dir='ltr'><strong>quamvis</strong></span> <span class='ocrx_word' id='word_1_571' title='bbox 723 4275 879 4337; x_wconf 56' lang='lat' dir='ltr'><strong>sape</strong></span> <span class='ocrx_word' id='word_1_572' title='bbox 903 4257 1019 4318; x_wconf 91' lang='lat' dir='ltr'><strong>alia</strong></span> <span class='ocrx_word' id='word_1_573' title='bbox 1046 4275 1150 4338; x_wconf 93' lang='lat' dir='ltr'><strong>pro</strong></span> <span class='ocrx_word' id='word_1_574' title='bbox 1178 4257 1312 4318; x_wconf 89' lang='lat' dir='ltr'><strong>aliis</strong></span> <span class='ocrx_word' id='word_1_575' title='bbox 1334 4257 1632 4319; x_wconf 89' lang='lat' dir='ltr'><strong>dicantur.</strong></span> 
     </span>
    </p>
   </div>
   <div class='ocr_carea' id='block_1_77' title="bbox 2169 3183 3819 3281">
    <p class='ocr_par' dir='ltr' id='par_1_77' title="bbox 2169 3183 3819 3281">
     <span class='ocr_line' id='line_1_77' title="bbox 2169 3183 3819 3281; baseline 0.012 -42"><span class='ocrx_word' id='word_1_576' title='bbox 2282 3183 2365 3242; x_wconf 82' lang='grc' dir='ltr'><strong>δεῖ</strong></span> <span class='ocrx_word' id='word_1_577' title='bbox 2388 3188 2483 3281; x_wconf 72' lang='grc' dir='ltr'><strong>οὖν</strong></span> <span class='ocrx_word' id='word_1_578' title='bbox 2522 3187 2856 3281; x_wconf 70' lang='grc' dir='ltr'>ἀντιστασθαι</span> <span class='ocrx_word' id='word_1_579' title='bbox 3032 3191 3262 3281; x_wconf 75' lang='grc' dir='ltr'>διαϐόλῳ</span> <span class='ocrx_word' id='word_1_580' title='bbox 3297 3212 3313 3270; x_wconf 86' lang='grc'><strong>;</strong></span> <span class='ocrx_word' id='word_1_581' title='bbox 3347 3199 3450 3260; x_wconf 90' lang='grc' dir='ltr'>ναί,</span> <span class='ocrx_word' id='word_1_582' title='bbox 3693 3201 3819 3281; x_wconf 72' lang='grc' dir='ltr'><strong>οὐχ(</strong></span> 
     </span>
    </p>
   </div>
   <div class='ocr_carea' id='block_1_78' title="bbox 2169 3271 3815 3362">
    <p class='ocr_par' dir='ltr' id='par_1_78' title="bbox 2169 3271 3815 3362">
     <span class='ocr_line' id='line_1_78' title="bbox 2169 3271 3815 3362; baseline 0.012 -34"><span class='ocrx_word' id='word_1_583' title='bbox 2169 3271 2250 3329; x_wconf 82' lang='grc' dir='ltr'><strong>διὰ</strong></span> <span class='ocrx_word' id='word_1_584' title='bbox 2305 3280 2398 3332; x_wconf 88' lang='grc' dir='ltr'><strong>τοῦ</strong></span> <span class='ocrx_word' id='word_1_585' title='bbox 2454 3274 2853 3358; x_wconf 79' lang='grc' dir='ltr'>ἀντιπλήττειν,</span> <span class='ocrx_word' id='word_1_586' title='bbox 2902 3277 3038 3336; x_wconf 76' lang='grc' dir='ltr'>ἀλλὰ</span> <span class='ocrx_word' id='word_1_587' title='bbox 3093 3279 3175 3340; x_wconf 79' lang='grc' dir='ltr'><strong>διὰ</strong></span> <span class='ocrx_word' id='word_1_588' title='bbox 3229 3290 3320 3340; x_wconf 88' lang='grc' dir='ltr'><strong>τοῦ</strong></span> <span class='ocrx_word' id='word_1_589' title='bbox 3376 3286 3681 3362; x_wconf 82' lang='grc' dir='ltr'>ὑπομένειν.</span> 
     </span>
    </p>
   </div>
   <div class='ocr_carea' id='block_1_79' title="bbox 2167 3361 3814 3452">
    <p class='ocr_par' dir='ltr' id='par_1_79' title="bbox 2167 3361 3814 3452">
     <span class='ocr_line' id='line_1_79' title="bbox 2167 3361 3814 3452; baseline 0.01 -35"><span class='ocrx_word' id='word_1_590' title='bbox 2167 3363 2267 3441; x_wconf 81' lang='grc' dir='ltr'>γὰρ</span> <span class='ocrx_word' id='word_1_591' title='bbox 2298 3363 2420 3441; x_wconf 84' lang='grc' dir='ltr'>πυρὶ</span> <span class='ocrx_word' id='word_1_592' title='bbox 2483 3361 2755 3423; x_wconf 80' lang='grc' dir='ltr'>σϐέννυται</span> <span class='ocrx_word' id='word_1_593' title='bbox 2827 3374 2949 3447; x_wconf 86' lang='grc' dir='ltr'>πῦρ,</span> <span class='ocrx_word' id='word_1_594' title='bbox 3017 3368 3137 3426; x_wconf 79' lang='grc' dir='ltr'>ἀλλ’</span> <span class='ocrx_word' id='word_1_595' title='bbox 3174 3370 3342 3433; x_wconf 78' lang='grc' dir='ltr'>ὕδατι.</span> <span class='ocrx_word' id='word_1_596' title='bbox 3395 3361 3490 3443; x_wconf 15' lang='grc' dir='ltr'><strong>Μὴν</strong></span> <span class='ocrx_word' id='word_1_597' title='bbox 3516 3376 3704 3452; x_wconf 84' lang='grc' dir='ltr'>νόμιζε</span> <span class='ocrx_word' id='word_1_598' title='bbox 3758 3377 3814 3434; x_wconf 77' lang='grc' dir='ltr'>δὲ</span> 
     </span>
    </p>
   </div>
   <div class='ocr_carea' id='block_1_80' title="bbox 2168 3453 3811 3543">
    <p class='ocr_par' dir='ltr' id='par_1_80' title="bbox 2168 3453 3811 3543">
     <span class='ocr_line' id='line_1_80' title="bbox 2168 3453 3811 3543; baseline 0.01 -37"><span class='ocrx_word' id='word_1_599' title='bbox 2281 3453 2402 3543; x_wconf 87' lang='grc' dir='ltr'>περὶ</span> <span class='ocrx_word' id='word_1_600' title='bbox 2470 3453 2567 3521; x_wconf 85' lang='grc' dir='ltr'><strong>τῆς</strong></span> <span class='ocrx_word' id='word_1_601' title='bbox 2639 3456 2714 3518; x_wconf 75' lang='grc' dir='ltr'>εἷς</span> <span class='ocrx_word' id='word_1_602' title='bbox 2751 3457 2851 3524; x_wconf 83' lang='grc' dir='ltr'><strong>τῆν</strong></span> <span class='ocrx_word' id='word_1_603' title='bbox 2881 3460 3103 3538; x_wconf 89' lang='grc' dir='ltr'>σιαγόνα</span> <span class='ocrx_word' id='word_1_604' title='bbox 3161 3459 3380 3540; x_wconf 81' lang='grc' dir='ltr'>πληγῆς</span> <span class='ocrx_word' id='word_1_605' title='bbox 3410 3462 3554 3543; x_wconf 81' lang='grc' dir='ltr'>λέγει</span> <span class='ocrx_word' id='word_1_606' title='bbox 3611 3467 3811 3542; x_wconf 85' lang='grc' dir='ltr'>μόνης,</span> 
     </span>
    </p>
   </div>
   <div class='ocr_carea' id='block_1_81' title="bbox 2165 3539 3814 3685">
    <p class='ocr_par' dir='ltr' id='par_1_81' title="bbox 2165 3539 3814 3685">
     <span class='ocr_line' id='line_1_81' title="bbox 2165 3539 3814 3685; baseline 0.012 -91"><span class='ocrx_word' id='word_1_607' title='bbox 2165 3539 2330 3685; x_wconf 43' lang='grc' dir='ltr'>ἔκλα.</span> <span class='ocrx_word' id='word_1_608' title='bbox 2400 3543 2488 3598; x_wconf 86' lang='grc' dir='ltr'><strong>καὶ</strong></span> <span class='ocrx_word' id='word_1_609' title='bbox 2557 3543 2676 3623; x_wconf 76' lang='grc' dir='ltr'>περὶ</span> <span class='ocrx_word' id='word_1_610' title='bbox 2744 3545 2921 3613; x_wconf 86' lang='grc' dir='ltr'>πάσης</span> <span class='ocrx_word' id='word_1_611' title='bbox 2992 3545 3158 3616; x_wconf 67' lang='grc' dir='ltr'>ἄλλης</span> <span class='ocrx_word' id='word_1_612' title='bbox 3233 3539 3322 3608; x_wconf 83' lang='grc' dir='ltr'>καὶ</span> <span class='ocrx_word' id='word_1_613' title='bbox 3373 3539 3569 3618; x_wconf 78' lang='grc' dir='ltr'>παντὸς</span> <span class='ocrx_word' id='word_1_614' title='bbox 3614 3539 3814 3620; x_wconf 37' lang='grc' dir='ltr'>-ἆπλῶς</span> 
     </span>
     <span class='ocr_line' id='line_1_82' title="bbox 2225 3652 2356 3685; baseline 0 0"><span class='ocrx_word' id='word_1_615' title='bbox 2225 3652 2356 3685; x_wconf 87' lang='grc' dir='ltr'>ινου.</span> 
     </span>
    </p>
   </div>
   <div class='ocr_carea' id='block_1_82' title="bbox 2225 3652 2356 3690">
    <p class='ocr_par' dir='ltr' id='par_1_82' title="bbox 2225 3652 2356 3690">
     <span class='ocr_line' id='line_1_83' title="bbox 2225 3652 2356 3690; baseline 0.031 -4"><span class='ocrx_word' id='word_1_616' title='bbox 2225 3652 2356 3690; x_wconf 86' lang='grc' dir='ltr'>ινου.</span> 
     </span>
    </p>
   </div>
   <div class='ocr_carea' id='block_1_83' title="bbox 2246 3721 3814 3814">
    <p class='ocr_par' dir='ltr' id='par_1_83' title="bbox 2246 3721 3814 3814">
     <span class='ocr_line' id='line_1_84' title="bbox 2246 3721 3814 3814; baseline 0.011 -39"><span class='ocrx_word' id='word_1_617' title='bbox 2246 3742 2275 3775; x_wconf 71' lang='grc' dir='ltr'><strong>α</strong></span> <span class='ocrx_word' id='word_1_618' title='bbox 2310 3722 2408 3779; x_wconf 84' lang='grc' dir='ltr'>Καὶ</span> <span class='ocrx_word' id='word_1_619' title='bbox 2465 3727 2542 3794; x_wconf 84' lang='grc' dir='ltr'>τῷ</span> <span class='ocrx_word' id='word_1_620' title='bbox 2597 3721 2802 3781; x_wconf 79' lang='grc' dir='ltr'>θέλοντί</span> <span class='ocrx_word' id='word_1_621' title='bbox 2857 3746 2940 3782; x_wconf 90' lang='grc' dir='ltr'><strong>σοι</strong></span> <span class='ocrx_word' id='word_1_622' title='bbox 3002 3730 3265 3805; x_wconf 85' lang='grc' dir='ltr'>κριθῆναι,</span> <span class='ocrx_word' id='word_1_623' title='bbox 3321 3731 3408 3787; x_wconf 85' lang='grc' dir='ltr'><strong>καὶ</strong></span> <span class='ocrx_word' id='word_1_624' title='bbox 3466 3734 3552 3789; x_wconf 82' lang='grc' dir='ltr'>τὸν</span> <span class='ocrx_word' id='word_1_625' title='bbox 3597 3737 3814 3814; x_wconf 82' lang='grc' dir='ltr'>χιτῶνά</span> 
     </span>
    </p>
   </div>
   <div class='ocr_carea' id='block_1_84' title="bbox 2159 3807 3816 3893">
    <p class='ocr_par' dir='ltr' id='par_1_84' title="bbox 2159 3807 3816 3893">
     <span class='ocr_line' id='line_1_85' title="bbox 2159 3807 3816 3893; baseline 0.011 -28"><span class='ocrx_word' id='word_1_626' title='bbox 2159 3831 2253 3866; x_wconf 92' lang='grc' dir='ltr'><strong>σου</strong></span> <span class='ocrx_word' id='word_1_627' title='bbox 2281 3807 2490 3890; x_wconf 82' lang='grc' dir='ltr'>λαϐεῖν,</span> <span class='ocrx_word' id='word_1_628' title='bbox 2527 3809 2654 3891; x_wconf 72' lang='grc' dir='ltr'>ἄφες</span> <span class='ocrx_word' id='word_1_629' title='bbox 2707 3813 2849 3888; x_wconf 74' lang='grc' dir='ltr'>αὐτῷ</span> <span class='ocrx_word' id='word_1_630' title='bbox 2901 3816 2990 3872; x_wconf 87' lang='grc' dir='ltr'><strong>καὶ</strong></span> <span class='ocrx_word' id='word_1_631' title='bbox 3044 3817 3105 3872; x_wconf 84' lang='grc' dir='ltr'>τὸ</span> <span class='ocrx_word' id='word_1_632' title='bbox 3171 3817 3406 3893; x_wconf 73' lang='grc' dir='ltr'>ἱμάτιον.</span> <span class='ocrx_word' id='word_1_633' title='bbox 3469 3844 3496 3879; x_wconf 68' lang='grc' dir='ltr'>ι</span> <span class='ocrx_word' id='word_1_634' title='bbox 3558 3807 3686 3880; x_wconf 58' lang='grc' dir='ltr'>’Βίαν</span> <span class='ocrx_word' id='word_1_635' title='bbox 3739 3827 3816 3891; x_wconf 78' lang='grc' dir='ltr'>εἷς</span> 
     </span>
    </p>
   </div>
   <div class='ocr_carea' id='block_1_85' title="bbox 2162 3896 3819 3992">
    <p class='ocr_par' dir='ltr' id='par_1_85' title="bbox 2162 3896 3819 3992">
     <span class='ocr_line' id='line_1_86' title="bbox 2162 3896 3819 3992; baseline 0.005 -38"><span class='ocrx_word' id='word_1_636' title='bbox 2162 3896 2513 3992; x_wconf 56' lang='grc' dir='ltr'><strong>δικαστηριόνΔ</strong></span> <span class='ocrx_word' id='word_1_637' title='bbox 2544 3921 2603 3956; x_wconf 89' lang='grc' dir='ltr'><strong>σε</strong></span> <span class='ocrx_word' id='word_1_638' title='bbox 2648 3900 2786 3992; x_wconf 67' lang='grc' dir='ltr'><strong>Δἕλκη</strong></span> <span class='ocrx_word' id='word_1_639' title='bbox 2858 3905 2947 3959; x_wconf 86' lang='grc' dir='ltr'><strong>καὶ</strong></span> <span class='ocrx_word' id='word_1_640' title='bbox 2995 3903 3159 3984; x_wconf 79' lang='grc' dir='ltr'>ὀχλῇ,</span> <span class='ocrx_word' id='word_1_641' title='bbox 3235 3906 3362 3988; x_wconf 76' lang='grc' dir='ltr'>ἃφες</span> <span class='ocrx_word' id='word_1_642' title='bbox 3389 3911 3531 3986; x_wconf 75' lang='grc' dir='ltr'>αὐτῷ</span> <span class='ocrx_word' id='word_1_643' title='bbox 3559 3914 3650 3970; x_wconf 77' lang='grc' dir='ltr'>καὶ</span> <span class='ocrx_word' id='word_1_644' title='bbox 3691 3914 3819 3992; x_wconf 74' lang='grc' dir='ltr'>ἱμά-</span> 
     </span>
    </p>
   </div>
   <div class='ocr_carea' id='block_1_86' title="bbox 2163 3988 3817 4080">
    <p class='ocr_par' dir='ltr' id='par_1_86' title="bbox 2163 3988 3817 4080">
     <span class='ocr_line' id='line_1_87' title="bbox 2163 3988 3817 4080; baseline 0.011 -36"><span class='ocrx_word' id='word_1_645' title='bbox 2163 4003 2294 4080; x_wconf 60' lang='grc' dir='ltr'>τιονρ</span> <span class='ocrx_word' id='word_1_646' title='bbox 2329 3990 2424 4080; x_wconf 69' lang='grc' dir='ltr'>οὐκ</span> <span class='ocrx_word' id='word_1_647' title='bbox 2471 3988 2560 4048; x_wconf 79' lang='grc' dir='ltr'>ἐὰν</span> <span class='ocrx_word' id='word_1_648' title='bbox 2635 3989 2817 4080; x_wconf 75' lang='grc' dir='ltr'>ἁπλῶς</span> <span class='ocrx_word' id='word_1_649' title='bbox 2861 3998 3018 4070; x_wconf 76' lang='grc' dir='ltr'>ζητῇ.</span> <span class='ocrx_word' id='word_1_650' title='bbox 3093 3997 3268 4053; x_wconf 81' lang='grc' dir='ltr'>Χιτὼν</span> <span class='ocrx_word' id='word_1_651' title='bbox 3338 3996 3392 4054; x_wconf 81' lang='grc' dir='ltr'>δὲ</span> <span class='ocrx_word' id='word_1_652' title='bbox 3450 4002 3664 4080; x_wconf 81' lang='grc' dir='ltr'>κυρίως,</span> <span class='ocrx_word' id='word_1_653' title='bbox 3716 3988 3817 4062; x_wconf 21' lang='grc' dir='ltr'><strong>ήτὸ</strong></span> 
     </span>
    </p>
   </div>
   <div class='ocr_carea' id='block_1_87' title="bbox 2162 4077 3818 4174">
    <p class='ocr_par' dir='ltr' id='par_1_87' title="bbox 2162 4077 3818 4174">
     <span class='ocr_line' id='line_1_88' title="bbox 2162 4077 3818 4174; baseline 0.012 -43"><span class='ocrx_word' id='word_1_654' title='bbox 2162 4077 2288 4174; x_wconf 43' lang='lat' dir='ltr'><strong>imp:</strong></span> <span class='ocrx_word' id='word_1_655' title='bbox 2323 4079 2494 4174; x_wconf 38' lang='grc' dir='ltr'>,ᾕμτν</span> <span class='ocrx_word' id='word_1_656' title='bbox 2571 4079 2859 4174; x_wconf 76' lang='grc' dir='ltr'>λεγόμενον</span> <span class='ocrx_word' id='word_1_657' title='bbox 2931 4083 3281 4174; x_wconf 64' lang='grc' dir='ltr'>ῦποκάμισον·</span> <span class='ocrx_word' id='word_1_658' title='bbox 3337 4077 3546 4162; x_wconf 74' lang='grc' dir='ltr'>ἱμάτιον</span> <span class='ocrx_word' id='word_1_659' title='bbox 3613 4077 3696 4174; x_wconf 66' lang='grc' dir='ltr'>δὲ,</span> <span class='ocrx_word' id='word_1_660' title='bbox 3754 4096 3818 4151; x_wconf 83' lang='grc' dir='ltr'><strong>τὸ</strong></span> 
     </span>
    </p>
   </div>
   <div class='ocr_carea' id='block_1_88' title="bbox 2162 4164 3819 4258">
    <p class='ocr_par' dir='ltr' id='par_1_88' title="bbox 2162 4164 3819 4258">
     <span class='ocr_line' id='line_1_89' title="bbox 2162 4164 3819 4258; baseline 0.012 -37"><span class='ocrx_word' id='word_1_661' title='bbox 2162 4164 2601 4258; x_wconf 51' lang='grc' dir='ltr'>ἐπιϐαλλόμενον·</span> <span class='ocrx_word' id='word_1_662' title='bbox 2675 4167 2817 4236; x_wconf 77' lang='grc' dir='ltr'>πλὴν</span> <span class='ocrx_word' id='word_1_663' title='bbox 2875 4171 2963 4228; x_wconf 84' lang='grc' dir='ltr'>καὶ</span> <span class='ocrx_word' id='word_1_664' title='bbox 3010 4171 3124 4228; x_wconf 81' lang='grc' dir='ltr'>ἀντ’</span> <span class='ocrx_word' id='word_1_665' title='bbox 3170 4172 3420 4245; x_wconf 76' lang='grc' dir='ltr'>ἀλλήλων</span> <span class='ocrx_word' id='word_1_666' title='bbox 3478 4179 3547 4236; x_wconf 80' lang='grc' dir='ltr'><strong>τὰ</strong></span> <span class='ocrx_word' id='word_1_667' title='bbox 3571 4164 3819 4258; x_wconf 69' lang='grc' dir='ltr'>ὀνόματα</span> 
     </span>
    </p>
   </div>
   <div class='ocr_carea' id='block_1_89' title="bbox 2162 4254 2433 4333">
    <p class='ocr_par' dir='ltr' id='par_1_89' title="bbox 2162 4254 2433 4333">
     <span class='ocr_line' id='line_1_90' title="bbox 2162 4254 2433 4333; baseline 0.011 -22"><span class='ocrx_word' id='word_1_668' title='bbox 2162 4254 2433 4333; x_wconf 82' lang='grc' dir='ltr'>λέγονται.</span> 
     </span>
    </p>
   </div>
   <div class='ocr_carea' id='block_1_90' title="bbox 508 4342 2080 4436">
    <p class='ocr_par' dir='ltr' id='par_1_90' title="bbox 508 4343 2072 4436">
     <span class='ocr_line' id='line_1_91' title="bbox 508 4343 2072 4436; baseline 0.001 -30"><span class='ocrx_word' id='word_1_669' title='bbox 508 4343 764 4436; x_wconf 58' lang='lat' dir='ltr'><strong>Vens.“</strong></span> <span class='ocrx_word' id='word_1_670' title='bbox 786 4370 812 4400; x_wconf 75' lang='grc' dir='ltr'><strong>α</strong></span> <span class='ocrx_word' id='word_1_671' title='bbox 831 4345 1018 4436; x_wconf 84' lang='lat' dir='ltr'><strong>thui</strong></span> <span class='ocrx_word' id='word_1_672' title='bbox 1042 4355 1097 4407; x_wconf 91' lang='lat' dir='ltr'><strong>te</strong></span> <span class='ocrx_word' id='word_1_673' title='bbox 1123 4346 1393 4436; x_wconf 80' lang='lat' dir='ltr'><strong>adegerit</strong></span> <span class='ocrx_word' id='word_1_674' title='bbox 1427 4346 1499 4407; x_wconf 89' lang='lat' dir='ltr'><strong>ad</strong></span> <span class='ocrx_word' id='word_1_675' title='bbox 1525 4345 1845 4408; x_wconf 88' lang='lat' dir='ltr'><strong>miliarium</strong></span> <span class='ocrx_word' id='word_1_676' title='bbox 1865 4365 2072 4436; x_wconf 88' lang='lat' dir='ltr'><strong>unum,</strong></span> 
     </span>
    </p>
   </div>
   <div class='ocr_carea' id='block_1_91' title="bbox 2179 4342 3815 4436">
    <p class='ocr_par' dir='ltr' id='par_1_91' title="bbox 2200 4342 3815 4436">
     <span class='ocr_line' id='line_1_92' title="bbox 2200 4342 3815 4436; baseline 0.011 -37"><span class='ocrx_word' id='word_1_677' title='bbox 2200 4435 2206 4436; x_wconf 12' lang='grc' dir='ltr'><em>γ</em></span> <span class='ocrx_word' id='word_1_678' title='bbox 2245 4365 2269 4400; x_wconf 72' lang='grc' dir='ltr'><strong>ι</strong></span> <span class='ocrx_word' id='word_1_679' title='bbox 2308 4345 2406 4436; x_wconf 63' lang='grc' dir='ltr'>Καί</span> <span class='ocrx_word' id='word_1_680' title='bbox 2457 4342 2600 4410; x_wconf 75' lang='grc' dir='ltr'>ὅστις</span> <span class='ocrx_word' id='word_1_681' title='bbox 2651 4367 2716 4436; x_wconf 83' lang='grc' dir='ltr'><strong>σε</strong></span> <span class='ocrx_word' id='word_1_682' title='bbox 2756 4348 3079 4436; x_wconf 11' lang='grc' dir='ltr'>,ἀγγαρεύσει</span> <span class='ocrx_word' id='word_1_683' title='bbox 3108 4350 3283 4426; x_wconf 78' lang='grc' dir='ltr'>μίλιον</span> <span class='ocrx_word' id='word_1_684' title='bbox 3328 4352 3406 4434; x_wconf 79' lang='grc' dir='ltr'>ἕν,</span> <span class='ocrx_word' id='word_1_685' title='bbox 3457 4354 3632 4436; x_wconf 73' lang='grc' dir='ltr'>ὕπαγε</span> <span class='ocrx_word' id='word_1_686' title='bbox 3691 4353 3815 4435; x_wconf 88' lang='grc' dir='ltr'>μετ’</span> 
     </span>
    </p>
   </div>
   <div class='ocr_carea' id='block_1_92' title="bbox 427 4433 2074 4518">
    <p class='ocr_par' dir='ltr' id='par_1_92' title="bbox 427 4433 2074 4518">
     <span class='ocr_line' id='line_1_93' title="bbox 427 4433 2074 4518; baseline 0.001 -24"><span class='ocrx_word' id='word_1_687' title='bbox 427 4433 572 4495; x_wconf 89' lang='lat' dir='ltr'><strong>vade</strong></span> <span class='ocrx_word' id='word_1_688' title='bbox 603 4453 738 4496; x_wconf 91' lang='lat' dir='ltr'><strong>cum</strong></span> <span class='ocrx_word' id='word_1_689' title='bbox 789 4453 858 4496; x_wconf 89' lang='lat' dir='ltr'><strong>eo</strong></span> <span class='ocrx_word' id='word_1_690' title='bbox 891 4435 1034 4497; x_wconf 91' lang='lat' dir='ltr'><strong>duo.</strong></span> <span class='ocrx_word' id='word_1_691' title='bbox 1063 4460 1089 4491; x_wconf 73' lang='grc' dir='ltr'>ι)</span> <span class='ocrx_word' id='word_1_692' title='bbox 1126 4434 1275 4507; x_wconf 88' lang='lat' dir='ltr'><strong>Quid</strong></span> <span class='ocrx_word' id='word_1_693' title='bbox 1338 4435 1494 4518; x_wconf 88' lang='lat' dir='ltr'><strong>dico,</strong></span> <span class='ocrx_word' id='word_1_694' title='bbox 1544 4436 1638 4496; x_wconf 73' lang='grc'>50</span> <span class='ocrx_word' id='word_1_695' title='bbox 1667 4436 1880 4517; x_wconf 91' lang='lat' dir='ltr'><strong>inquit,</strong></span> <span class='ocrx_word' id='word_1_696' title='bbox 1913 4435 2074 4497; x_wconf 90' lang='lat' dir='ltr'><strong>tuni-</strong></span> 
     </span>
    </p>
   </div>
   <div class='ocr_carea' id='block_1_93' title="bbox 426 4522 2072 4604">
    <p class='ocr_par' dir='ltr' id='par_1_93' title="bbox 426 4522 2072 4604">
     <span class='ocr_line' id='line_1_94' title="bbox 426 4522 2072 4604; baseline 0.001 -21"><span class='ocrx_word' id='word_1_697' title='bbox 426 4541 551 4583; x_wconf 86' lang='lat' dir='ltr'><strong>cam</strong></span> <span class='ocrx_word' id='word_1_698' title='bbox 585 4530 645 4584; x_wconf 89' lang='lat' dir='ltr'><strong>et</strong></span> <span class='ocrx_word' id='word_1_699' title='bbox 674 4522 958 4604; x_wconf 83' lang='lat' dir='ltr'><strong>pallium?</strong></span> <span class='ocrx_word' id='word_1_700' title='bbox 991 4525 1166 4586; x_wconf 91' lang='lat' dir='ltr'><strong>etiam</strong></span> <span class='ocrx_word' id='word_1_701' title='bbox 1196 4541 1414 4603; x_wconf 91' lang='lat' dir='ltr'><strong>corpus</strong></span> <span class='ocrx_word' id='word_1_702' title='bbox 1464 4533 1626 4586; x_wconf 92' lang='lat' dir='ltr'><strong>tuum</strong></span> <span class='ocrx_word' id='word_1_703' title='bbox 1684 4525 1759 4586; x_wconf 89' lang='lat' dir='ltr'><strong>da</strong></span> <span class='ocrx_word' id='word_1_704' title='bbox 1800 4526 1858 4587; x_wconf 92' lang='lat' dir='ltr'><strong>ei</strong></span> <span class='ocrx_word' id='word_1_705' title='bbox 1889 4524 2072 4604; x_wconf 91' lang='lat' dir='ltr'><strong>quite</strong></span> 
     </span>
    </p>
   </div>
   <div class='ocr_carea' id='block_1_94' title="bbox 424 4610 1986 4694">
    <p class='ocr_par' dir='ltr' id='par_1_94' title="bbox 424 4610 1986 4694">
     <span class='ocr_line' id='line_1_95' title="bbox 424 4610 1986 4694; baseline 0.001 -23"><span class='ocrx_word' id='word_1_706' title='bbox 424 4610 644 4691; x_wconf 86' lang='lat' dir='ltr'><strong>injuste</strong></span> <span class='ocrx_word' id='word_1_707' title='bbox 674 4612 875 4689; x_wconf 91' lang='lat' dir='ltr'><strong>trahit,</strong></span> <span class='ocrx_word' id='word_1_708' title='bbox 912 4621 969 4674; x_wconf 92' lang='lat' dir='ltr'><strong>et</strong></span> <span class='ocrx_word' id='word_1_709' title='bbox 995 4613 1252 4693; x_wconf 90' lang='lat' dir='ltr'><strong>amplius</strong></span> <span class='ocrx_word' id='word_1_710' title='bbox 1273 4632 1450 4693; x_wconf 88' lang='lat' dir='ltr'><strong>quam</strong></span> <span class='ocrx_word' id='word_1_711' title='bbox 1474 4613 1576 4676; x_wconf 90' lang='lat' dir='ltr'><strong>ille</strong></span> <span class='ocrx_word' id='word_1_712' title='bbox 1611 4614 1754 4694; x_wconf 88' lang='lat' dir='ltr'><strong>vult,</strong></span> <span class='ocrx_word' id='word_1_713' title='bbox 1790 4613 1986 4675; x_wconf 81' lang='lat' dir='ltr'><strong>facito.</strong></span> 
     </span>
    </p>
   </div>
   <div class='ocr_carea' id='block_1_95' title="bbox 505 4699 2072 4783">
    <p class='ocr_par' dir='ltr' id='par_1_95' title="bbox 505 4699 2072 4783">
     <span class='ocr_line' id='line_1_96' title="bbox 505 4699 2072 4783; baseline 0.001 -21"><span class='ocrx_word' id='word_1_714' title='bbox 505 4699 795 4766; x_wconf 72' lang='lat' dir='ltr'><strong>Vnns.42.</strong></span> <span class='ocrx_word' id='word_1_715' title='bbox 828 4727 854 4758; x_wconf 78' lang='grc' dir='ltr'><strong>α</strong></span> <span class='ocrx_word' id='word_1_716' title='bbox 881 4703 1117 4765; x_wconf 80' lang='lat' dir='ltr'><strong>Potenti</strong></span> <span class='ocrx_word' id='word_1_717' title='bbox 1146 4702 1250 4764; x_wconf 90' lang='lat' dir='ltr'><strong>abs</strong></span> <span class='ocrx_word' id='word_1_718' title='bbox 1277 4703 1452 4783; x_wconf 85' lang='lat' dir='ltr'><strong>te,da</strong></span> <span class='ocrx_word' id='word_1_719' title='bbox 1481 4724 1492 4765; x_wconf 96' lang='lat'>:</span> <span class='ocrx_word' id='word_1_720' title='bbox 1525 4711 1584 4764; x_wconf 89' lang='lat' dir='ltr'><strong>et</strong></span> <span class='ocrx_word' id='word_1_721' title='bbox 1615 4703 1909 4764; x_wconf 89' lang='lat' dir='ltr'><strong>volentem</strong></span> <span class='ocrx_word' id='word_1_722' title='bbox 1945 4719 1980 4763; x_wconf 90' lang='lat' dir='ltr'><strong>a</strong></span> <span class='ocrx_word' id='word_1_723' title='bbox 2015 4709 2072 4763; x_wconf 91' lang='lat' dir='ltr'><strong>te</strong></span> 
     </span>
    </p>
   </div>
   <div class='ocr_carea' id='block_1_96' title="bbox 426 4791 2070 4872">
    <p class='ocr_par' dir='ltr' id='par_1_96' title="bbox 426 4791 2070 4872">
     <span class='ocr_line' id='line_1_97' title="bbox 426 4791 2070 4872; baseline 0.001 -22"><span class='ocrx_word' id='word_1_724' title='bbox 426 4798 696 4852; x_wconf 90' lang='lat' dir='ltr'><strong>mutuum</strong></span> <span class='ocrx_word' id='word_1_725' title='bbox 755 4795 1056 4872; x_wconf 89' lang='lat' dir='ltr'><strong>accipere,</strong></span> <span class='ocrx_word' id='word_1_726' title='bbox 1116 4810 1192 4852; x_wconf 90' lang='lat' dir='ltr'><strong>ne</strong></span> <span class='ocrx_word' id='word_1_727' title='bbox 1246 4793 1603 4856; x_wconf 65' lang='lat' dir='ltr'><strong>averseris.»</strong></span> <span class='ocrx_word' id='word_1_728' title='bbox 1645 4791 1781 4854; x_wconf 86' lang='lat' dir='ltr'><strong>Sive</strong></span> <span class='ocrx_word' id='word_1_729' title='bbox 1811 4791 2070 4867; x_wconf 88' lang='lat' dir='ltr'><strong>amicus,</strong></span> 
     </span>
    </p>
   </div>
   <div class='ocr_carea' id='block_1_97' title="bbox 426 4878 2068 4963">
    <p class='ocr_par' dir='ltr' id='par_1_97' title="bbox 426 4878 2068 4963">
     <span class='ocr_line' id='line_1_98' title="bbox 426 4878 2068 4963; baseline 0.002 -25"><span class='ocrx_word' id='word_1_730' title='bbox 426 4878 548 4941; x_wconf 88' lang='lat' dir='ltr'><strong>sive</strong></span> <span class='ocrx_word' id='word_1_731' title='bbox 573 4880 872 4962; x_wconf 88' lang='lat' dir='ltr'><strong>inimicus,</strong></span> <span class='ocrx_word' id='word_1_732' title='bbox 901 4881 1024 4944; x_wconf 87' lang='lat' dir='ltr'><strong>sive</strong></span> <span class='ocrx_word' id='word_1_733' title='bbox 1086 4881 1371 4958; x_wconf 83' lang='lat' dir='ltr'><strong>inﬁdelis,</strong></span> <span class='ocrx_word' id='word_1_734' title='bbox 1405 4882 1525 4944; x_wconf 86' lang='lat' dir='ltr'><strong>sive</strong></span> <span class='ocrx_word' id='word_1_735' title='bbox 1557 4880 1839 4963; x_wconf 88' lang='lat' dir='ltr'><strong>pecunias</strong></span> <span class='ocrx_word' id='word_1_736' title='bbox 1887 4889 2068 4960; x_wconf 89' lang='lat' dir='ltr'><strong>petat,</strong></span> 
     </span>
    </p>
   </div>
   <div class='ocr_carea' id='block_1_98' title="bbox 424 4969 2072 5036">
    <p class='ocr_par' dir='ltr' id='par_1_98' title="bbox 424 4969 2072 5036">
     <span class='ocr_line' id='line_1_99' title="bbox 424 4969 2072 5036; baseline 0.002 -8"><span class='ocrx_word' id='word_1_737' title='bbox 424 4969 542 5029; x_wconf 91' lang='lat' dir='ltr'><strong>sive</strong></span> <span class='ocrx_word' id='word_1_738' title='bbox 566 4969 846 5031; x_wconf 84' lang='lat' dir='ltr'><strong>auxillum</strong></span> <span class='ocrx_word' id='word_1_739' title='bbox 879 4970 1065 5036; x_wconf 90' lang='lat' dir='ltr'><strong>aliud.</strong></span> <span class='ocrx_word' id='word_1_740' title='bbox 1099 4973 1365 5034; x_wconf 88' lang='lat' dir='ltr'><strong>Mutuum</strong></span> <span class='ocrx_word' id='word_1_741' title='bbox 1419 4980 1616 5033; x_wconf 87' lang='lat' dir='ltr'><strong>autem</strong></span> <span class='ocrx_word' id='word_1_742' title='bbox 1641 4990 1761 5032; x_wconf 93' lang='lat' dir='ltr'><strong>non</strong></span> <span class='ocrx_word' id='word_1_743' title='bbox 1791 4987 1926 5031; x_wconf 89' lang='lat' dir='ltr'><strong>cum</strong></span> <span class='ocrx_word' id='word_1_744' title='bbox 1959 4970 2072 5032; x_wconf 71' lang='lat' dir='ltr'><strong>foe-</strong></span> 
     </span>
    </p>
   </div>
   <div class='ocr_carea' id='block_1_99' title="bbox 420 5058 2072 5141">
    <p class='ocr_par' dir='ltr' id='par_1_99' title="bbox 420 5058 2072 5141">
     <span class='ocr_line' id='line_1_100' title="bbox 420 5058 2072 5141; baseline 0.001 -23"><span class='ocrx_word' id='word_1_745' title='bbox 420 5075 573 5119; x_wconf 90' lang='lat' dir='ltr'><strong>nore</strong></span> <span class='ocrx_word' id='word_1_746' title='bbox 594 5058 758 5133; x_wconf 88' lang='lat' dir='ltr'><strong>dicit,</strong></span> <span class='ocrx_word' id='word_1_747' title='bbox 811 5059 914 5121; x_wconf 90' lang='lat' dir='ltr'><strong>sed</strong></span> <span class='ocrx_word' id='word_1_748' title='bbox 972 5060 1325 5141; x_wconf 83' lang='lat' dir='ltr'><strong>simpliciter</strong></span> <span class='ocrx_word' id='word_1_749' title='bbox 1359 5059 1714 5124; x_wconf 87' lang='lat' dir='ltr'><strong>usum.Nam</strong></span> <span class='ocrx_word' id='word_1_750' title='bbox 1766 5059 1912 5120; x_wconf 90' lang='lat' dir='ltr'><strong>etin</strong></span> <span class='ocrx_word' id='word_1_751' title='bbox 1944 5059 2072 5137; x_wconf 86' lang='lat' dir='ltr'><strong>lege</strong></span> 
     </span>
    </p>
   </div>
   <div class='ocr_carea' id='block_1_100' title="bbox 419 5145 1430 5226">
    <p class='ocr_par' dir='ltr' id='par_1_100' title="bbox 419 5145 1430 5226">
     <span class='ocr_line' id='line_1_101' title="bbox 419 5145 1430 5226; baseline 0.006 -20"><span class='ocrx_word' id='word_1_752' title='bbox 419 5145 643 5226; x_wconf 88' lang='lat' dir='ltr'><strong>absque</strong></span> <span class='ocrx_word' id='word_1_753' title='bbox 665 5165 844 5209; x_wconf 88' lang='lat' dir='ltr'><strong>usura</strong></span> <span class='ocrx_word' id='word_1_754' title='bbox 868 5155 1136 5210; x_wconf 90' lang='lat' dir='ltr'><strong>mutuum</strong></span> <span class='ocrx_word' id='word_1_755' title='bbox 1183 5149 1430 5214; x_wconf 87' lang='lat' dir='ltr'><strong>dabant.</strong></span> 
     </span>
    </p>
   </div>
   <div class='ocr_carea' id='block_1_101' title="bbox 500 5235 2070 5319">
    <p class='ocr_par' dir='ltr' id='par_1_101' title="bbox 500 5235 2070 5319">
     <span class='ocr_line' id='line_1_102' title="bbox 500 5235 2070 5319; baseline 0.003 -24"><span class='ocrx_word' id='word_1_756' title='bbox 500 5235 952 5318; x_wconf 72' lang='lat' dir='ltr'><strong>Vens.43,44.¢</strong></span> <span class='ocrx_word' id='word_1_757' title='bbox 981 5237 1244 5300; x_wconf 89' lang='lat' dir='ltr'><strong>Audistis</strong></span> <span class='ocrx_word' id='word_1_758' title='bbox 1268 5240 1422 5319; x_wconf 91' lang='lat' dir='ltr'><strong>quod</strong></span> <span class='ocrx_word' id='word_1_759' title='bbox 1451 5240 1674 5301; x_wconf 90' lang='lat' dir='ltr'><strong>dictum</strong></span> <span class='ocrx_word' id='word_1_760' title='bbox 1709 5245 1816 5313; x_wconf 87' lang='lat' dir='ltr'><strong>est,</strong></span> <span class='ocrx_word' id='word_1_761' title='bbox 1847 5237 2070 5317; x_wconf 89' lang='lat' dir='ltr'><strong>Diliges</strong></span> 
     </span>
    </p>
   </div>
   <div class='ocr_carea' id='block_1_102' title="bbox 421 5323 2060 5404">
    <p class='ocr_par' dir='ltr' id='par_1_102' title="bbox 421 5323 2060 5404">
     <span class='ocr_line' id='line_1_103' title="bbox 421 5323 2060 5404; baseline 0.004 -20"><span class='ocrx_word' id='word_1_762' title='bbox 421 5323 752 5400; x_wconf 91' lang='lat' dir='ltr'><strong>proximum</strong></span> <span class='ocrx_word' id='word_1_763' title='bbox 790 5334 976 5404; x_wconf 91' lang='lat' dir='ltr'><strong>tuum,</strong></span> <span class='ocrx_word' id='word_1_764' title='bbox 1014 5335 1072 5387; x_wconf 91' lang='lat' dir='ltr'><strong>et</strong></span> <span class='ocrx_word' id='word_1_765' title='bbox 1101 5327 1236 5388; x_wconf 89' lang='lat' dir='ltr'><strong>odio</strong></span> <span class='ocrx_word' id='word_1_766' title='bbox 1260 5327 1508 5390; x_wconf 91' lang='lat' dir='ltr'><strong>habebis</strong></span> <span class='ocrx_word' id='word_1_767' title='bbox 1531 5329 1839 5390; x_wconf 87' lang='lat' dir='ltr'><strong>inimicum</strong></span> <span class='ocrx_word' id='word_1_768' title='bbox 1874 5335 2060 5391; x_wconf 91' lang='lat' dir='ltr'><strong>tuum.</strong></span> 
     </span>
    </p>
   </div>
   <div class='ocr_carea' id='block_1_103' title="bbox 417 5409 2060 5496">
    <p class='ocr_par' dir='ltr' id='par_1_103' title="bbox 417 5409 2060 5496">
     <span class='ocr_line' id='line_1_104' title="bbox 417 5409 2060 5496; baseline 0.001 -25"><span class='ocrx_word' id='word_1_769' title='bbox 417 5409 537 5488; x_wconf 89' lang='lat' dir='ltr'><strong>Ego</strong></span> <span class='ocrx_word' id='word_1_770' title='bbox 567 5421 764 5475; x_wconf 92' lang='lat' dir='ltr'><strong>autem</strong></span> <span class='ocrx_word' id='word_1_771' title='bbox 797 5414 928 5477; x_wconf 83' lang='lat' dir='ltr'><strong>dico</strong></span> <span class='ocrx_word' id='word_1_772' title='bbox 961 5414 1145 5490; x_wconf 86' lang='lat' dir='ltr'><strong>vobis,</strong></span> <span class='ocrx_word' id='word_1_773' title='bbox 1171 5415 1407 5496; x_wconf 80' lang='lat' dir='ltr'><strong>Diligite</strong></span> <span class='ocrx_word' id='word_1_774' title='bbox 1435 5419 1709 5481; x_wconf 90' lang='lat' dir='ltr'><strong>inimicos</strong></span> <span class='ocrx_word' id='word_1_775' title='bbox 1742 5424 1995 5479; x_wconf 86' lang='lat' dir='ltr'><strong>vestros.</strong></span> <span class='ocrx_word' id='word_1_776' title='bbox 2033 5442 2060 5472; x_wconf 71' lang='grc' dir='ltr'>ι)</span> 
     </span>
    </p>
   </div>
   <div class='ocr_carea' id='block_1_104' title="bbox 417 5503 2066 5588">
    <p class='ocr_par' dir='ltr' id='par_1_104' title="bbox 417 5503 2066 5588">
     <span class='ocr_line' id='line_1_105' title="bbox 417 5503 2066 5588; baseline 0.005 -31"><span class='ocrx_word' id='word_1_777' title='bbox 417 5503 587 5564; x_wconf 88' lang='lat' dir='ltr'><strong>Venit</strong></span> <span class='ocrx_word' id='word_1_778' title='bbox 613 5503 685 5564; x_wconf 88' lang='lat' dir='ltr'><strong>ad</strong></span> <span class='ocrx_word' id='word_1_779' title='bbox 707 5504 992 5565; x_wconf 85' lang='lat' dir='ltr'><strong>verticem</strong></span> <span class='ocrx_word' id='word_1_780' title='bbox 1015 5504 1320 5567; x_wconf 87' lang='lat' dir='ltr'><strong>virtutum:</strong></span> <span class='ocrx_word' id='word_1_781' title='bbox 1343 5508 1484 5588; x_wconf 89' lang='lat' dir='ltr'><strong>quid</strong></span> <span class='ocrx_word' id='word_1_782' title='bbox 1510 5509 1671 5569; x_wconf 90' lang='lat' dir='ltr'><strong>enim</strong></span> <span class='ocrx_word' id='word_1_783' title='bbox 1696 5508 1798 5568; x_wconf 90' lang='lat' dir='ltr'><strong>illo</strong></span> <span class='ocrx_word' id='word_1_784' title='bbox 1826 5506 2016 5584; x_wconf 86' lang='lat' dir='ltr'><strong>majus</strong></span> <span class='ocrx_word' id='word_1_785' title='bbox 2036 5505 2066 5567; x_wconf 83' lang='lat'>?</span> 
     </span>
    </p>
   </div>
   <div class='ocr_carea' id='block_1_105' title="bbox 417 5591 2065 5672">
    <p class='ocr_par' dir='ltr' id='par_1_105' title="bbox 417 5591 2065 5672">
     <span class='ocr_line' id='line_1_106' title="bbox 417 5591 2065 5672; baseline -0.001 -20"><span class='ocrx_word' id='word_1_786' title='bbox 417 5591 546 5653; x_wconf 89' lang='lat' dir='ltr'><strong>Non</strong></span> <span class='ocrx_word' id='word_1_787' title='bbox 561 5601 653 5656; x_wconf 89' lang='lat' dir='ltr'><strong>est</strong></span> <span class='ocrx_word' id='word_1_788' title='bbox 671 5601 864 5655; x_wconf 85' lang='lat' dir='ltr'><strong>autem</strong></span> <span class='ocrx_word' id='word_1_789' title='bbox 880 5594 959 5653; x_wconf 89' lang='lat' dir='ltr'><strong>im</strong></span> <span class='ocrx_word' id='word_1_790' title='bbox 969 5594 1472 5672; x_wconf 80' lang='lat' dir='ltr'><strong>possibile.Moses</strong></span> <span class='ocrx_word' id='word_1_791' title='bbox 1488 5598 1647 5657; x_wconf 90' lang='lat' dir='ltr'><strong>enim</strong></span> <span class='ocrx_word' id='word_1_792' title='bbox 1667 5607 1724 5657; x_wconf 92' lang='lat' dir='ltr'><strong>et</strong></span> <span class='ocrx_word' id='word_1_793' title='bbox 1741 5595 1955 5658; x_wconf 86' lang='lat' dir='ltr'><strong>Paulus</strong></span> <span class='ocrx_word' id='word_1_794' title='bbox 1965 5605 2065 5668; x_wconf 62' lang='grc' dir='ltr'><strong>ιιι-</strong></span> 
     </span>
    </p>
   </div>
   <div class='ocr_carea' id='block_1_106' title="bbox 2157 4431 3819 4524">
    <p class='ocr_par' dir='ltr' id='par_1_106' title="bbox 2157 4431 3819 4524">
     <span class='ocr_line' id='line_1_107' title="bbox 2157 4431 3819 4524; baseline 0.01 -35"><span class='ocrx_word' id='word_1_795' title='bbox 2157 4435 2312 4490; x_wconf 69' lang='grc' dir='ltr'>αὐτοῦ</span> <span class='ocrx_word' id='word_1_796' title='bbox 2341 4431 2450 4516; x_wconf 62' lang='grc' dir='ltr'>δύο.</span> <span class='ocrx_word' id='word_1_797' title='bbox 2483 4452 2514 4492; x_wconf 67' lang='grc' dir='ltr'><strong><em>ι</em></strong></span> <span class='ocrx_word' id='word_1_798' title='bbox 2591 4437 2650 4493; x_wconf 90' lang='grc' dir='ltr'>Τί</span> <span class='ocrx_word' id='word_1_799' title='bbox 2705 4434 2872 4517; x_wconf 80' lang='grc' dir='ltr'>λέγω,</span> <span class='ocrx_word' id='word_1_800' title='bbox 2916 4439 3098 4517; x_wconf 79' lang='grc' dir='ltr'>φησὶν,</span> <span class='ocrx_word' id='word_1_801' title='bbox 3143 4441 3327 4515; x_wconf 83' lang='grc' dir='ltr'>ἱμάτια</span> <span class='ocrx_word' id='word_1_802' title='bbox 3381 4431 3468 4499; x_wconf 78' lang='grc' dir='ltr'><strong>καὶ</strong></span> <span class='ocrx_word' id='word_1_803' title='bbox 3519 4431 3764 4524; x_wconf 73' lang='grc' dir='ltr'>χιτῶνας</span> <span class='ocrx_word' id='word_1_804' title='bbox 3801 4467 3819 4523; x_wconf 85' lang='grc'><strong>;</strong></span> 
     </span>
    </p>
   </div>
   <div class='ocr_carea' id='block_1_107' title="bbox 2154 4524 3822 4614">
    <p class='ocr_par' dir='ltr' id='par_1_107' title="bbox 2154 4524 3822 4614">
     <span class='ocr_line' id='line_1_108' title="bbox 2154 4524 3822 4614; baseline 0.008 -37"><span class='ocrx_word' id='word_1_805' title='bbox 2154 4525 2251 4614; x_wconf 25' lang='grc' dir='ltr'>καὶ.</span> <span class='ocrx_word' id='word_1_806' title='bbox 2274 4524 2399 4614; x_wconf 49' lang='lat' dir='ltr'><strong>animo</strong></span> <span class='ocrx_word' id='word_1_807' title='bbox 2446 4524 2517 4614; x_wconf 46' lang='lat' dir='ltr'><strong>eo</strong></span> <span class='ocrx_word' id='word_1_808' title='bbox 2560 4525 2719 4600; x_wconf 82' lang='grc' dir='ltr'>σῶμοί</span> <span class='ocrx_word' id='word_1_809' title='bbox 2774 4548 2865 4582; x_wconf 90' lang='grc' dir='ltr'><strong>σου</strong></span> <span class='ocrx_word' id='word_1_810' title='bbox 2922 4524 3010 4591; x_wconf 83' lang='grc' dir='ltr'>δὸς</span> <span class='ocrx_word' id='word_1_811' title='bbox 3053 4533 3131 4602; x_wconf 82' lang='grc' dir='ltr'><strong>τῷ</strong></span> <span class='ocrx_word' id='word_1_812' title='bbox 3175 4525 3370 4594; x_wconf 83' lang='grc' dir='ltr'>ὂιδὶκως</span> <span class='ocrx_word' id='word_1_813' title='bbox 3419 4529 3656 4614; x_wconf 79' lang='grc' dir='ltr'>ἕλκοντι,</span> <span class='ocrx_word' id='word_1_814' title='bbox 3731 4536 3822 4592; x_wconf 87' lang='grc' dir='ltr'><strong>καὶ</strong></span> 
     </span>
    </p>
   </div>
   <div class='ocr_carea' id='block_1_108' title="bbox 2153 4610 3219 4690">
    <p class='ocr_par' dir='ltr' id='par_1_108' title="bbox 2153 4610 3219 4690">
     <span class='ocr_line' id='line_1_109' title="bbox 2153 4610 3219 4690; baseline 0.008 -23"><span class='ocrx_word' id='word_1_815' title='bbox 2153 4610 2340 4686; x_wconf 83' lang='grc' dir='ltr'>πλέον,</span> <span class='ocrx_word' id='word_1_816' title='bbox 2363 4611 2398 4679; x_wconf 73' lang='grc' dir='ltr'><strong>ἤ</strong></span> <span class='ocrx_word' id='word_1_817' title='bbox 2441 4612 2645 4677; x_wconf 81' lang='grc' dir='ltr'>ἐκεῖνος</span> <span class='ocrx_word' id='word_1_818' title='bbox 2669 4613 2939 4690; x_wconf 85' lang='grc' dir='ltr'>βούλεται,</span> <span class='ocrx_word' id='word_1_819' title='bbox 2971 4617 3219 4684; x_wconf 88' lang='grc' dir='ltr'>ποίησον.</span> 
     </span>
    </p>
   </div>
   <div class='ocr_carea' id='block_1_109' title="bbox 2241 4702 3820 4786">
    <p class='ocr_par' dir='ltr' id='par_1_109' title="bbox 2241 4702 3820 4786">
     <span class='ocr_line' id='line_1_110' title="bbox 2241 4702 3820 4786; baseline 0.008 -30"><span class='ocrx_word' id='word_1_820' title='bbox 2241 4724 2268 4755; x_wconf 78' lang='grc' dir='ltr'><strong>α</strong></span> <span class='ocrx_word' id='word_1_821' title='bbox 2298 4708 2383 4764; x_wconf 80' lang='grc' dir='ltr'><strong>Τῷ</strong></span> <span class='ocrx_word' id='word_1_822' title='bbox 2414 4703 2640 4759; x_wconf 80' lang='grc' dir='ltr'>αἰτοῦντί</span> <span class='ocrx_word' id='word_1_823' title='bbox 2685 4725 2744 4758; x_wconf 86' lang='grc' dir='ltr'><strong>σε</strong></span> <span class='ocrx_word' id='word_1_824' title='bbox 2803 4702 2961 4786; x_wconf 82' lang='grc' dir='ltr'>δίδου,</span> <span class='ocrx_word' id='word_1_825' title='bbox 2994 4707 3082 4762; x_wconf 83' lang='grc' dir='ltr'><strong>καὶ</strong></span> <span class='ocrx_word' id='word_1_826' title='bbox 3140 4709 3232 4763; x_wconf 83' lang='grc' dir='ltr'><strong>τὸν</strong></span> <span class='ocrx_word' id='word_1_827' title='bbox 3286 4707 3505 4767; x_wconf 81' lang='grc' dir='ltr'>θέλοντα</span> <span class='ocrx_word' id='word_1_828' title='bbox 3554 4711 3663 4769; x_wconf 81' lang='grc' dir='ltr'><strong>ἀπὸ</strong></span> <span class='ocrx_word' id='word_1_829' title='bbox 3723 4720 3820 4769; x_wconf 92' lang='grc' dir='ltr'><strong>σοῦ</strong></span> 
     </span>
    </p>
   </div>
   <div class='ocr_carea' id='block_1_110' title="bbox 2155 4787 3820 4880">
    <p class='ocr_par' dir='ltr' id='par_1_110' title="bbox 2155 4787 3820 4880">
     <span class='ocr_line' id='line_1_111' title="bbox 2155 4787 3820 4880; baseline 0.009 -36"><span class='ocrx_word' id='word_1_830' title='bbox 2155 4787 2520 4880; x_wconf 82' lang='grc' dir='ltr'>δανείσασθαι,</span> <span class='ocrx_word' id='word_1_831' title='bbox 2566 4791 2643 4867; x_wconf 79' lang='grc' dir='ltr'><strong>μὴ</strong></span> <span class='ocrx_word' id='word_1_832' title='bbox 2704 4793 3067 4876; x_wconf 77' lang='grc' dir='ltr'>ἀποστραφῆς.</span> <span class='ocrx_word' id='word_1_833' title='bbox 3140 4819 3167 4852; x_wconf 76' lang='grc' dir='ltr'><strong>ι</strong></span> <span class='ocrx_word' id='word_1_834' title='bbox 3231 4797 3340 4856; x_wconf 78' lang='grc' dir='ltr'><strong>Κᾶν</strong></span> <span class='ocrx_word' id='word_1_835' title='bbox 3413 4799 3638 4880; x_wconf 82' lang='grc' dir='ltr'>ἐχγρός,</span> <span class='ocrx_word' id='word_1_836' title='bbox 3719 4803 3820 4861; x_wconf 77' lang='grc' dir='ltr'>κᾶν</span> 
     </span>
    </p>
   </div>
   <div class='ocr_carea' id='block_1_111' title="bbox 2146 4879 3823 4966">
    <p class='ocr_par' dir='ltr' id='par_1_111' title="bbox 2146 4879 3823 4966">
     <span class='ocr_line' id='line_1_112' title="bbox 2146 4879 3823 4966; baseline 0.008 -31"><span class='ocrx_word' id='word_1_837' title='bbox 2146 4879 2330 4958; x_wconf 73' lang='grc' dir='ltr'>φίλος,</span> <span class='ocrx_word' id='word_1_838' title='bbox 2361 4880 2460 4937; x_wconf 78' lang='grc' dir='ltr'><strong>κᾶν</strong></span> <span class='ocrx_word' id='word_1_839' title='bbox 2489 4879 2731 4964; x_wconf 75' lang='grc' dir='ltr'>ἄπιστος,</span> <span class='ocrx_word' id='word_1_840' title='bbox 2797 4882 2908 4941; x_wconf 70' lang='grc' dir='ltr'>εἴτε</span> <span class='ocrx_word' id='word_1_841' title='bbox 2964 4887 3223 4965; x_wconf 76' lang='grc' dir='ltr'>χρήματα</span> <span class='ocrx_word' id='word_1_842' title='bbox 3253 4895 3431 4966; x_wconf 80' lang='grc' dir='ltr'>ζητεῖ,</span> <span class='ocrx_word' id='word_1_843' title='bbox 3471 4879 3596 4947; x_wconf 79' lang='grc' dir='ltr'>εἴτε</span> <span class='ocrx_word' id='word_1_844' title='bbox 3642 4890 3823 4960; x_wconf 81' lang='grc' dir='ltr'>ἂλλην</span> 
     </span>
    </p>
   </div>
   <div class='ocr_carea' id='block_1_112' title="bbox 2154 4971 3820 5059">
    <p class='ocr_par' dir='ltr' id='par_1_112' title="bbox 2154 4971 3820 5059">
     <span class='ocr_line' id='line_1_113' title="bbox 2154 4971 3820 5059; baseline 0.007 -32"><span class='ocrx_word' id='word_1_845' title='bbox 2154 4971 2428 5046; x_wconf 77' lang='grc' dir='ltr'>βοήθειαν,</span> <span class='ocrx_word' id='word_1_846' title='bbox 2482 4973 2748 5049; x_wconf 86' lang='grc' dir='ltr'>Δάνεισμα</span> <span class='ocrx_word' id='word_1_847' title='bbox 2804 4971 2881 5049; x_wconf 78' lang='grc' dir='ltr'>δὲ,</span> <span class='ocrx_word' id='word_1_848' title='bbox 2958 4979 3018 5034; x_wconf 78' lang='grc' dir='ltr'><strong>οὗ</strong></span> <span class='ocrx_word' id='word_1_849' title='bbox 3051 4979 3111 5032; x_wconf 87' lang='grc' dir='ltr'><strong>τὺ</strong></span> <span class='ocrx_word' id='word_1_850' title='bbox 3170 4977 3263 5037; x_wconf 76' lang='grc' dir='ltr'>σὺν,</span> <span class='ocrx_word' id='word_1_851' title='bbox 3293 4978 3437 5054; x_wconf 86' lang='grc' dir='ltr'>τόκῳ</span> <span class='ocrx_word' id='word_1_852' title='bbox 3467 4978 3637 5059; x_wconf 83' lang='grc' dir='ltr'>λέγει,</span> <span class='ocrx_word' id='word_1_853' title='bbox 3673 4980 3820 5038; x_wconf 77' lang='grc' dir='ltr'>ἀλλὰ</span> 
     </span>
    </p>
   </div>
   <div class='ocr_carea' id='block_1_113' title="bbox 2154 5059 3821 5150">
    <p class='ocr_par' dir='ltr' id='par_1_113' title="bbox 2154 5059 3821 5150">
     <span class='ocr_line' id='line_1_114' title="bbox 2154 5059 3821 5150; baseline 0.008 -36"><span class='ocrx_word' id='word_1_854' title='bbox 2154 5059 2252 5126; x_wconf 81' lang='grc' dir='ltr'><strong>τὴν</strong></span> <span class='ocrx_word' id='word_1_855' title='bbox 2305 5060 2488 5150; x_wconf 82' lang='grc' dir='ltr'>ἅπλῶς</span> <span class='ocrx_word' id='word_1_856' title='bbox 2545 5062 2767 5142; x_wconf 83' lang='grc' dir='ltr'>χρῆσιν.</span> <span class='ocrx_word' id='word_1_857' title='bbox 2824 5061 2972 5121; x_wconf 78' lang='grc' dir='ltr'>Ἐπεὶ</span> <span class='ocrx_word' id='word_1_858' title='bbox 3026 5066 3115 5122; x_wconf 87' lang='grc' dir='ltr'><strong>καὶ</strong></span> <span class='ocrx_word' id='word_1_859' title='bbox 3187 5065 3241 5122; x_wconf 75' lang='grc' dir='ltr'>ἒν</span> <span class='ocrx_word' id='word_1_860' title='bbox 3299 5075 3376 5143; x_wconf 83' lang='grc' dir='ltr'><strong>τῷ</strong></span> <span class='ocrx_word' id='word_1_861' title='bbox 3419 5069 3568 5146; x_wconf 88' lang='grc' dir='ltr'>νόμῳ</span> <span class='ocrx_word' id='word_1_862' title='bbox 3640 5071 3821 5150; x_wconf 85' lang='grc' dir='ltr'>χωρὶς</span> 
     </span>
    </p>
   </div>
   <div class='ocr_carea' id='block_1_114' title="bbox 2154 5148 2655 5226">
    <p class='ocr_par' dir='ltr' id='par_1_114' title="bbox 2154 5148 2655 5226">
     <span class='ocr_line' id='line_1_115' title="bbox 2154 5148 2655 5226; baseline 0.012 -21"><span class='ocrx_word' id='word_1_863' title='bbox 2154 5149 2322 5226; x_wconf 88' lang='grc' dir='ltr'>τόκομ</span> <span class='ocrx_word' id='word_1_864' title='bbox 2366 5148 2627 5222; x_wconf 74' lang='grc' dir='ltr'>ἐδόνειζον</span> <span class='ocrx_word' id='word_1_865' title='bbox 2641 5197 2655 5211; x_wconf 94' lang='grc'><strong>.</strong></span> 
     </span>
    </p>
   </div>
   <div class='ocr_carea' id='block_1_115' title="bbox 2241 5237 3822 5323">
    <p class='ocr_par' dir='ltr' id='par_1_115' title="bbox 2241 5237 3822 5323">
     <span class='ocr_line' id='line_1_116' title="bbox 2241 5237 3822 5323; baseline 0.009 -29"><span class='ocrx_word' id='word_1_866' title='bbox 2241 5258 2264 5294; x_wconf 73' lang='grc' dir='ltr'>α</span> <span class='ocrx_word' id='word_1_867' title='bbox 2302 5237 2592 5298; x_wconf 84' lang='grc' dir='ltr'>Ἠκούσατε</span> <span class='ocrx_word' id='word_1_868' title='bbox 2623 5240 2703 5298; x_wconf 79' lang='grc' dir='ltr'><strong>ὅτι</strong></span> <span class='ocrx_word' id='word_1_869' title='bbox 2766 5240 2969 5320; x_wconf 72' lang='grc' dir='ltr'>ἐῤῥὲθηο</span> <span class='ocrx_word' id='word_1_870' title='bbox 3039 5241 3367 5323; x_wconf 82' lang='grc' dir='ltr'>Ἀγαπήσεις</span> <span class='ocrx_word' id='word_1_871' title='bbox 3439 5247 3532 5303; x_wconf 78' lang='grc' dir='ltr'><strong>τὸν</strong></span> <span class='ocrx_word' id='word_1_872' title='bbox 3580 5247 3822 5319; x_wconf 85' lang='grc' dir='ltr'>πλησίον</span> 
     </span>
    </p>
   </div>
   <div class='ocr_carea' id='block_1_116' title="bbox 2151 5331 3815 5416">
    <p class='ocr_par' dir='ltr' id='par_1_116' title="bbox 2151 5331 3815 5416">
     <span class='ocr_line' id='line_1_117' title="bbox 2151 5331 3815 5416; baseline 0.01 -34"><span class='ocrx_word' id='word_1_873' title='bbox 2151 5349 2267 5401; x_wconf 83' lang='grc' dir='ltr'>σου,</span> <span class='ocrx_word' id='word_1_874' title='bbox 2300 5331 2388 5385; x_wconf 87' lang='grc' dir='ltr'>καὶ</span> <span class='ocrx_word' id='word_1_875' title='bbox 2430 5331 2674 5404; x_wconf 78' lang='grc' dir='ltr'>μισὴσεις</span> <span class='ocrx_word' id='word_1_876' title='bbox 2704 5332 2796 5389; x_wconf 85' lang='grc' dir='ltr'><strong>τόν</strong></span> <span class='ocrx_word' id='word_1_877' title='bbox 2822 5331 3013 5412; x_wconf 81' lang='grc' dir='ltr'>ἐχθρόν</span> <span class='ocrx_word' id='word_1_878' title='bbox 3053 5353 3167 5390; x_wconf 88' lang='grc' dir='ltr'>σου·</span> <span class='ocrx_word' id='word_1_879' title='bbox 3216 5333 3323 5413; x_wconf 79' lang='grc' dir='ltr'>ἐγώ</span> <span class='ocrx_word' id='word_1_880' title='bbox 3368 5334 3591 5416; x_wconf 81' lang='grc' dir='ltr'>δὲλέγω</span> <span class='ocrx_word' id='word_1_881' title='bbox 3648 5341 3815 5416; x_wconf 76' lang='grc' dir='ltr'>ὑμῖν.</span> 
     </span>
    </p>
   </div>
   <div class='ocr_carea' id='block_1_117' title="bbox 2152 5417 3818 5510">
    <p class='ocr_par' dir='ltr' id='par_1_117' title="bbox 2152 5417 3818 5510">
     <span class='ocr_line' id='line_1_118' title="bbox 2152 5417 3818 5510; baseline 0.009 -34"><span class='ocrx_word' id='word_1_882' title='bbox 2152 5422 2422 5499; x_wconf 84' lang='grc' dir='ltr'>Ἀγαπᾶτε</span> <span class='ocrx_word' id='word_1_883' title='bbox 2465 5426 2587 5490; x_wconf 84' lang='grc' dir='ltr'>τοὺς</span> <span class='ocrx_word' id='word_1_884' title='bbox 2658 5425 2878 5505; x_wconf 77' lang='grc' dir='ltr'>ἐχθρούς</span> <span class='ocrx_word' id='word_1_885' title='bbox 2935 5428 3103 5503; x_wconf 80' lang='grc' dir='ltr'>ὑμῶν.</span> <span class='ocrx_word' id='word_1_886' title='bbox 3165 5447 3195 5487; x_wconf 70' lang='grc' dir='ltr'><strong><em>ι</em></strong></span> <span class='ocrx_word' id='word_1_887' title='bbox 3256 5417 3532 5510; x_wconf 70' lang='grc' dir='ltr'>’Ἑφθασεν</span> <span class='ocrx_word' id='word_1_888' title='bbox 3563 5433 3649 5489; x_wconf 66' lang='grc' dir='ltr'><strong>επὶ</strong></span> <span class='ocrx_word' id='word_1_889' title='bbox 3710 5435 3818 5502; x_wconf 80' lang='grc' dir='ltr'>τὴν</span> 
     </span>
    </p>
   </div>
   <div class='ocr_carea' id='block_1_118' title="bbox 2148 5518 3815 5605">
    <p class='ocr_par' dir='ltr' id='par_1_118' title="bbox 2148 5518 3815 5605">
     <span class='ocr_line' id='line_1_119' title="bbox 2148 5518 3815 5605; baseline 0.007 -32"><span class='ocrx_word' id='word_1_890' title='bbox 2148 5518 2380 5597; x_wconf 75' lang='grc' dir='ltr'>κορυφὴν</span> <span class='ocrx_word' id='word_1_891' title='bbox 2451 5526 2555 5578; x_wconf 88' lang='grc' dir='ltr'><strong>τῶν</strong></span> <span class='ocrx_word' id='word_1_892' title='bbox 2615 5521 2836 5601; x_wconf 81' lang='grc' dir='ltr'>ἀρετῶν·</span> <span class='ocrx_word' id='word_1_893' title='bbox 2911 5524 2961 5578; x_wconf 87' lang='grc' dir='ltr'><strong>τί</strong></span> <span class='ocrx_word' id='word_1_894' title='bbox 3015 5523 3114 5602; x_wconf 82' lang='grc' dir='ltr'><strong>γὰρ</strong></span> <span class='ocrx_word' id='word_1_895' title='bbox 3167 5523 3352 5580; x_wconf 88' lang='grc' dir='ltr'>τούτου</span> <span class='ocrx_word' id='word_1_896' title='bbox 3396 5531 3634 5605; x_wconf 68' lang='grc' dir='ltr'>μεῖζον,</span> <span class='ocrx_word' id='word_1_897' title='bbox 3699 5531 3815 5587; x_wconf 76' lang='grc' dir='ltr'>Οὐκ</span> 
     </span>
    </p>
   </div>
   <div class='ocr_carea' id='block_1_119' title="bbox 2149 5607 3815 5690">
    <p class='ocr_par' dir='ltr' id='par_1_119' title="bbox 2149 5607 3815 5690">
     <span class='ocr_line' id='line_1_120' title="bbox 2149 5607 3815 5690; baseline 0.007 -29"><span class='ocrx_word' id='word_1_898' title='bbox 2149 5607 2398 5665; x_wconf 82' lang='grc' dir='ltr'>ἀδύνατον</span> <span class='ocrx_word' id='word_1_899' title='bbox 2442 5609 2517 5671; x_wconf 80' lang='grc' dir='ltr'><strong>δέ.</strong></span> <span class='ocrx_word' id='word_1_900' title='bbox 2568 5612 2768 5679; x_wconf 87' lang='grc' dir='ltr'>Μωσῆς</span> <span class='ocrx_word' id='word_1_901' title='bbox 2797 5613 3005 5690; x_wconf 78' lang='grc' dir='ltr'>γὰρκαὶ</span> <span class='ocrx_word' id='word_1_902' title='bbox 3053 5611 3260 5674; x_wconf 79' lang='grc' dir='ltr'>Παῦλος</span> <span class='ocrx_word' id='word_1_903' title='bbox 3308 5612 3429 5676; x_wconf 85' lang='grc' dir='ltr'>τούς</span> <span class='ocrx_word' id='word_1_904' title='bbox 3482 5614 3600 5669; x_wconf 89' lang='grc' dir='ltr'>κατ’</span> <span class='ocrx_word' id='word_1_905' title='bbox 3631 5619 3815 5676; x_wconf 73' lang='grc' dir='ltr'>αὐτῶν</span> 
     </span>
    </p>
   </div>
  </div>
