4122 6270
454 305 576 373 203
1419 294 2002 366 THEOPHYLACTI
2045 295 2457 383 BULGARLE
2499 299 2855 368 ABGHIEP.
3707 301 3822 369 204

449 444 629 506 etiam
662 440 919 522 teipsum
942 437 1204 518 ignores.
1237 435 1346 500 Vel
1396 436 1570 499 etiam
1613 434 1804 505 aliter,
1836 432 2077 502 Sinistra

2201 409 2262 492 ιΒ
2294 433 2383 489 καὶ
2411 431 2589 496 ἄλλως
2624 450 2638 465 ⁸
2673 434 2940 517 ἀριστερὰ,
2972 438 3006 506 ἡ
3037 435 3304 505 κενοδοξία
3336 454 3351 470 ⁸
3386 437 3549 515 δεξιὰ,
3581 440 3616 507 ἡ
3658 437 3822 505 έλεηο

451 541 540 594 est
570 530 764 592 inanis
789 527 998 607 gloria,
1033 527 1235 589 dextra
1262 545 1401 589 vero
1434 526 1834 604 eleemosyna,
1868 522 2079 584 nesciat

2193 523 2378 588 ισσύνη
2415 539 2428 552 ⁶
2464 524 2542 598 μὴ
2575 524 2882 602 γινωσκέτω
2926 526 3014 583 οὗν
3055 529 3090 596 ἡ
3136 527 3400 595 κενοδοξία
3442 529 3541 595 τὴν
3585 528 3821 602 έλεημο-

448 621 628 700 igitur
658 619 1101 694 eleemosynam
1133 615 1330 677 inanis
1359 613 1568 694 gloria.
1812 699 1821 700 7
1873 699 1881 700 7

729 635 1101 694 eemosynam
1133 615 1330 677 inanis
1359 613 1568 694 gloria.
1812 699 1821 700 7
1873 699 1881 700 7
2173 609 2357 700 σύνην,

527 710 718 770 Vnus.
749 709 809 770 4.
845 727 874 765 ε
899 688 974 768 Ut
1003 703 1080 765 sit
1111 688 1488 783 eleemos'yna
1519 709 1617 763 tua
1661 701 1722 762 in
1774 699 1996 773 abdito,
2034 706 2092 761 et

2259 723 2287 753 α
2323 688 2522 765 ΗΟπως
2580 701 2615 768 ἦ
2660 721 2753 758 σου
2796 704 2830 770 ἡ
2872 703 3207 780 ὶλεημοσύνη
3257 706 3310 763 iv
3353 711 3431 780 τῷ
3460 712 3696 785 κρυπτῷ,
3740 726 3807 761 κα

447 799 623 862 Pater
643 805 778 857 tuus
798 795 899 876 qui
921 792 1078 854 videt
1108 792 1171 853 in
1196 791 1422 866 abdito,
1446 790 1660 854 reddet
1682 789 1787 851 tibi
1807 790 1867 850 in
1905 787 2075 851 mani-

2179 789 2228 876 767
2261 789 2443 866 Πατήρ
2502 812 2594 849 σου
2650 792 2677 846 6
2719 788 2934 867 βλέπων
2982 793 3036 851 iv
3079 801 3155 870 τῷ
3199 817 3436 876 κρυπτῳ,
3487 797 3640 857 αὐτὸς
3682 795 3807 851 ἀποὶ

446 882 617 948 festo.
649 910 673 942 υ
711 872 1008 956 Quando?
1051 879 1217 943 Tunc
1262 883 1420 942 nuda
1451 888 1509 942 et
1538 877 1845 942 manifesta
1889 878 2074 940 omnia

2181 872 2321 932 idm:
2381 899 2463 934 σοι
2525 877 2578 934 ἐν
2639 885 2715 954 τῷ
2786 888 3018 960 φανερῷ.
3054 905 3079 942 ε
3139 872 3276 940 Πότε
3313 901 3330 957 ;
3364 872 3502 943 Η(ὅτε
3547 885 3719 961 γυμνὰ
3741 905 3809 938 κα

446 981 642 1051 erunt,
689 981 748 1035 et
770 983 912 1034 tunc
931 969 1116 1050 magis
1138 967 1570 1048 gloriﬁcabere.

2186 967 2363 1044 ρανερὰ
2431 965 2600 1024 πάντα
2689 969 3062 1051 παρίστανται,
3144 974 3232 1030 καὶ
3285 974 3406 1031 τότε
3518 971 3814 1049 δοξάσθήσῃ

2168 1053 2310 1128 μᾶλλ
2316 1076 2372 1112 ον
2381 1101 2396 1118 .

526 1152 706 1214 Vsus.
741 1152 799 1213 5.
840 1171 864 1206 ε
885 1149 960 1211 Ει
984 1147 1220 1229 quando
1251 1163 1531 1218 oras,non
1553 1145 1672 1205 eris
1701 1143 2086 1225 quemadmo-

2189 1228 2192 1229 7
2255 1162 2279 1198 ε
2318 1145 2417 1202 Καὶ
2446 1144 2572 1202 ὅταν
2605 1147 2907 1227 προσεύχῃ,
2955 1148 3048 1204 ούκ
3091 1149 3188 1226 ἴση
3219 1149 3396 1229 ὥσπερ
3440 1151 3486 1207 οἱ
3513 1151 3807 1229 ὑποκριταὶ,

446 1240 587 1303 dum
642 1238 984 1320 hypocrita.
1009 1228 1115 1317 qui
1155 1243 1354 1297 amant
1394 1234 1456 1295 in
1489 1231 1899 1295 conciliabulis
1929 1241 1985 1294 et
2022 1233 2074 1294 in

2183 1228 2248 1320 ίτι
2308 1230 2547 1309 φιλοῦσιν
2606 1233 2659 1289 iv
2716 1247 2840 1299 ταῖς
2895 1252 3231 1315 συναγωγαῖς
3290 1228 3378 1295 καὶ
3435 1239 3489 1295 iv
3532 1228 3659 1301 ταῖς
3695 1228 3811 1317 γωὲ

440 1328 672 1408 angulis
692 1319 1025 1408 platearum
1066 1333 1289 1387 stantes
1319 1341 1512 1396 orare,
1545 1331 1609 1384 ut
1637 1321 1942 1402 conspicui
1966 1322 2068 1383 sini

2185 1319 2299 1384 νίαις
2350 1325 2454 1378 τῶν
2513 1321 2782 1380 πλατειῶν
2825 1323 3054 1389 έστῶτες
3103 1325 3516 1406 προσεύχεσθαι,
3562 1325 3709 1389 ὅπως
3752 1327 3813 1384 ἂν

440 1414 806 1478 hominibus.
838 1415 1026 1476 Amen
1059 1412 1191 1473 dico
1220 1409 1570 1489 vobis,quod
1604 1408 1824 1469 habent
1845 1425 2068 1469 merce-

2187 1415 2368 1487 ρανῶσι
2412 1425 2532 1476 τοῖς
2593 1413 2912 1490 ἀνθρώποις,
2969 1413 3147 1497 Ἀμῇν
3190 1414 3331 1494 λέγω
3385 1419 3537 1497 ὑμῖν,
3571 1416 3652 1473 ὅτι
3683 1417 3815 1473 ἀπέ-

440 1503 577 1567 dem
611 1522 799 1566 suam.
837 1528 864 1558 ι
900 1500 1257 1581 Hypocritas
1282 1507 1339 1561 et
1369 1499 1513 1559 istos
1543 1497 1830 1584 nominat,
1864 1498 1946 1558 uti
1980 1516 2068 1559 eo:

2183 1520 2321 1577 ιουσι
2381 1500 2472 1555 τὸν
2525 1503 2711 1576 μισθὸν
2754 1503 2949 1565 αῦτῶν.
2988 1526 3011 1560 ε
3080 1495 3398 1584 1Υποκριτιὶς
3455 1495 3542 1562 καὶ
3596 1507 3811 1570 τούτους

439 1593 540 1672 qui
560 1593 831 1654 videntur
860 1589 1098 1671 quidem
1129 1587 1436 1649 attendere
1482 1585 1570 1675 ad
1603 1583 1815 1675 Deum,
1862 1585 1977 1675 sed
2005 1587 2067 1647 ad

2181 1587 2434 1675 ἰνομᾴζει,
2482 1591 2555 1653 ὡς
2599 1588 2883 1657 δοκοῦντας
2933 1593 3030 1668 μὲν
3081 1601 3196 1668 Θεῳ
3237 1583 3548 1675 προσέχειν,
3605 1594 3809 1673 ἀνθρώ-

438 1679 713 1742 homines
767 1678 953 1757 magis
1010 1675 1339 1744 attendunt.
1384 1672 1667 1755 atquibus
1697 1672 1941 1754 habent,
1966 1673 2066 1735 hoc

2176 1697 2282 1739 τοις
2313 1673 2368 1732 δὲ
2421 1678 2787 1759 προσέχοντας
2823 1701 2837 1714 ·
2879 1679 3005 1759 παρ’
3045 1685 3120 1739 ῶν
3169 1672 3457 1764 ἀπέχουσι,
3515 1672 3804 1765 τουτέστιν,

439 1781 548 1844 εει,
575 1768 873 1848 accipiunt
901 1765 1239 1827 mercedem
1269 1781 1456 1824 suam.

2160 1763 2593 1841 ἀπολαμϐάνουσι
2625 1771 2716 1825 τὸν
2759 1772 2947 1844 μισθὸν
2977 1774 3169 1833 αὐτῶν.

516 1853 701 1918 Vnus.
729 1857 792 1918 6.
824 1879 851 1910 ε
875 1852 965 1915 Tu
986 1863 1206 1932 autem,
1229 1850 1464 1933 quando
1495 1868 1650 1932 oras,
1677 1849 1993 1928 ingredere
2014 1850 2076 1912 in

2246 1876 2268 1910 α
2309 1855 2379 1910 Σὺ
2424 1853 2479 1912 δὲ
2532 1856 2659 1914 ὅταν
2714 1861 3015 1938 προσεύχῃ,
3080 1859 3286 1918 εἴσελθε
3343 1862 3417 1925 εἰς
3473 1863 3534 1919 τὸ
3582 1863 3807 1938 ταμεῖόν

435 1943 777 2008 cubiculum
811 1951 998 2018 tuum,
1033 1953 1092 2004 et
1119 1942 1319 2004 clausa
1345 1941 1529 2020 janua
1563 1949 1664 2004 tua
1709 1959 1810 2030 ora
1844 1939 2063 2030 Patrem

2183 1964 2275 2022 που,
2335 1945 2423 2000 καὶ
2463 1943 2676 2010 κλείσας
2737 1948 2831 2014 τὴν
2875 1949 3029 2027 θύραν
3073 1969 3189 2029 σου,
3234 1949 3510 2030 πρόσευξαι
3562 1955 3638 2024 τῷ
3693 1955 3811 2008 Πα-

437 2042 600 2095 tuum
631 2032 694 2094 in
718 2030 1086 2106 abscondito,
1111 2039 1166 2092 et
1199 2032 1372 2093 Pater
1394 2038 1528 2092 tuus
1549 2030 1650 2111 qui
1672 2029 1828 2090 videt
1850 2030 1911 2089 in
1935 2029 2065 2090 abs-

2177 2032 2238 2109 τρί
2279 2053 2371 2088 σου
2402 2039 2479 2106 τῷ
2508 2032 2562 2088 iv
2594 2040 2670 2095 τῶ
2713 2042 2950 2114 κρυπτῷ,
3003 2038 3090 2093 καὶ
3142 2038 3170 2092 6
3201 2039 3387 2116 Πατήρ
3417 2059 3511 2093 σου
3539 2039 3566 2094 6
3595 2036 3805 2114 βλέπων

433 2122 695 2198 condito,
743 2120 955 2183 reddet
1009 2118 1115 2180 tibi
1162 2120 1222 2180 in
1272 2119 1605 2180 manifesto.
1663 2144 1690 2173 ι
1749 2117 1903 2190 Quid
1959 2119 2061 2197 igi-

2176 2121 2216 2174 ἱν
2273 2127 2350 2194 τῷ
2397 2129 2635 2199 κρυπτῷ,
2683 2121 2947 2180 ἀποδώσει
3019 2147 3101 2182 σοι
3157 2125 3211 2182 iv
3252 2133 3329 2201 τῷ
3376 2133 3606 2206 φανερῷ.
3657 2149 3681 2185 e
3747 2131 3804 2186 Ti

433 2215 567 2278 tur?
624 2215 684 2276 in
733 2213 984 2277 ecclesia
1029 2231 1146 2274 non
1207 2211 1422 2274 orabo?
1470 2213 1752 2294 Omnino,
1804 2231 1903 2274 sec
1934 2231 2061 2274 rec-

2175 2210 2247 2263 ›ῦν
2282 2229 2298 2288 ς
2353 2209 2409 2265 iv
2468 2210 2725 2284 ἐκκλησίᾳ
2770 2215 2848 2287 μὴ
2879 2213 3247 2291 προσεύξωμαι
3281 2235 3297 2296 ς
3333 2217 3432 2274 Καὶ
3458 2217 3593 2273 πάνυ
3620 2235 3637 2252 ο
3671 2215 3803 2274 ἀλλὰ

432 2311 493 2368 ιο
514 2304 735 2380 animo,
770 2312 828 2365 ει
847 2302 998 2363 citra
1025 2301 1503 2364 ostentationem.
1539 2303 1728 2364 Locus
1757 2301 1914 2362 enim
1954 2320 2060 2363 non

2171 2298 2290 2353 ιετὰ
2349 2299 2573 2376 γνώμης
2627 2301 2808 2380 όρθῆς,
2879 2304 2966 2359 καὶ
3057 2304 3192 2360 ὥστε
3262 2304 3341 2380 μὴ
3403 2302 3799 2382 έπιδείκνυσθαι,

431 2405 630 2467 nocet,
663 2392 764 2454 sed
801 2391 1009 2452 modus
1040 2399 1097 2451 et
1124 2389 1390 2451 intentio.
1428 2390 1594 2452 Multi
1627 2390 1784 2451 enim
1810 2390 2059 2452 etiamin

2174 2388 2268 2442 ;πεὶ
2312 2390 2338 2443 ὁ
2389 2389 2552 2453 τόπος
2598 2391 2658 2447 ού
2698 2390 2942 2467 βλάπτει,
2993 2390 3111 2448 ἀλλ’
3160 2396 3187 2450 ὁ
3237 2394 3432 2473 τρόπος
3476 2397 3561 2451 καὶ
3617 2396 3645 2452 6
3671 2417 3802 2452 σκο-

429 2479 777 2543 abscondito
836 2486 1095 2558 orantes,
1129 2479 1243 2540 hoc
1300 2490 1365 2540 ut
1413 2478 1754 2541 hominibus
1804 2478 2057 2560 placeam

2173 2477 2279 2538 τός.
2339 2475 2534 2534 Πολλοὶ
2605 2486 2729 2556 γοῦν
2791 2481 2847 2535 iv
2904 2488 2982 2555 τῷ
3034 2489 3246 2560 κρυπτῷ
3308 2483 3616 2563 εὐχόμενοι,
3674 2487 3801 2563 πρὸς

423 2569 671 2632 faciunt.

2155 2566 2611 2644 ἂνθρωπαρεσκίαν
2641 2579 2796 2628 τοῦτο
2826 2577 3091 2630 ποιοῦσιν.

511 2657 690 2722 Vens.
731 2659 784 2719 7.
819 2682 845 2712 α
873 2655 1123 2721 Orantes
1154 2663 1373 2729 autem,
1408 2675 1484 2717 ne
1529 2655 1654 2717 sitis
1701 2654 1978 2735 battalogi
2010 2656 2070 2717 in

2242 2679 2269 2709 α
2306 2659 2740 2737 Προσευχόμενοι
2785 2656 2862 2729 δὲ,
2914 2659 2995 2734 μὴ
3043 2659 3503 2740 βαττολογήσητε,
3535 2662 3712 2743 ὥσπερ
3755 2673 3804 2728 οι

429 2746 712 2827 precibus
733 2745 962 2816 vestris,
984 2745 1136 2806 sicut
1167 2743 1469 2807 ethinici.:
1507 2744 1829 2822 Battalogia
1852 2753 1945 2805 est
1966 2763 2057 2805 nu-

2172 2746 2369 2807 ιθνικοί,
2418 2770 2446 2801 ι
2524 2746 2845 2826 βαττολογία
2903 2748 3042 2806 ἐστὶν
3098 2752 3134 2819 ἡ
3205 2749 3424 2829 φλυαρία
3461 2766 3475 2781 ⁹
3527 2742 3692 2832 οἷον,
3739 2755 3800 2809 τὸ

424 2836 739 2915 gacitas,ut
765 2833 1021 2915 exempli
1050 2833 1467 2913 gratia.petere
1486 2833 1709 2914 aliquid
1738 2842 2052 2912 terrenum,

2173 2832 2321 2888 ιίτεῖν
2380 2857 2430 2892 τι
2488 2841 2597 2891 τῶν
2642 2837 2874 2916 γηίνων,
2923 2835 3097 2917 δόξαν,
3157 2837 3403 2913 πλοῦτον,
3449 2840 3618 2905 νίκην.
3669 2847 3801 2896 Βατ-

426 2924 699 3003 gloriam,
753 2923 1008 3003 divitias,
1059 2922 1386 2984 victoriam.
1438 2923 1825 2986 Battarismus
1871 2930 2054 2984 autem

2168 2942 2406 3001 ταρισμος
2450 2920 2506 2978 δέ
2545 2926 2689 2980 εστιν
2719 2925 2753 2993 ἡ
2810 2922 3062 3004 ἄναρθρος
3119 2927 3293 3007 φωνὴ,
3323 2929 3396 2992 ὡς
3429 2929 3462 2995 ἠ
3510 2930 3608 2985 τῶν
3667 2951 3796 2985 παι-

425 3015 517 3074 est
543 3012 858 3076 inarticula
877 3031 1006 3092 vox,
1041 3011 1230 3092 qualis
1260 3025 1352 3073 est
1380 3029 1700 3092 puerorum
1738 3034 1750 3072 :
1785 3015 1850 3074 tu
1885 3011 2053 3091 igitul

2166 3008 2316 3067 iiwv-
2369 3012 2432 3068 σὺ
2461 3012 2633 3070 τοίνυν
2693 3014 2771 3088 μὴ
2827 3012 3058 3094 φλύαρος
3122 3014 3233 3078 ἔσο.
3297 3023 3517 3073 Δοκοῦσι
3546 3019 3669 3098 γὰρ,
3715 3017 3794 3075 ὄτι

421 3119 498 3163 ne
520 3121 710 3180 nugax
737 3110 798 3162 et
840 3100 1226 3180 multiloquus
1255 3099 1358 3164 sis.
1392 3124 1420 3156 ε
1452 3098 1663 3162 Putant
1693 3100 1853 3163 enim
1900 3100 2049 3182 quod

2174 3121 2201 3156 v
2255 3105 2324 3177 τῇ
2393 3099 2683 3178 πολυλογίᾳ
2762 3103 2929 3160 αὐτῶν
3011 3105 3528 3174 εἰσακουσθήσονται.
3589 3107 3664 3164 Οὔ
3715 3105 3797 3165 δεῖ

422 3189 485 3250 in
516 3189 888 3271 multiloquio
913 3207 1020 3250 suo
1053 3187 1461 3250 exaudiantur.
1491 3211 1515 3246 ι
1541 3187 1669 3250 Non
1692 3195 1828 3249 sunt
1871 3187 2050 3266 longa

2168 3191 2353 3267 ιακρὰς
2409 3194 2680 3248 ποιεῖσθαι
2751 3191 2844 3256 τὰς
2931 3193 3121 3272 εὒχὰς,
3172 3191 3311 3249 ἀλλὰ
3368 3194 3623 3274 βραχείας
3675 3196 3796 3271 μὲν,

425 3295 638 3360 preces
666 3276 974 3358 faciendae,
1019 3276 1122 3338 sed
1170 3277 1379 3338 breves
1425 3276 1668 3355 quidem
1723 3285 1782 3338 et
1809 3276 2053 3354 crebra,

2170 3279 2398 3357 υχνάκις
2442 3275 2519 3354 δὲ,
2581 3281 2670 3337 καὶ
2726 3279 2880 3359 ὀλίγα
2908 3281 3320 3360 φθεγγομένους,
3384 3298 3798 3364 προσκαρτερεῖν

425 3375 659 3447 oportet
686 3365 845 3429 enim
879 3383 1066 3446 pauca
1095 3365 1405 3445 loquentes
1425 3383 1812 3446 perseverare
1841 3365 1903 3428 in
1932 3385 2057 3447 pre-
2145 3372 2214 3444 τῇ
2245 3371 2404 3448 εὐχῇ.

422 3454 614 3519 cibus.

501 3543 680 3608 Vsus.
717 3544 777 3606 8.
817 3567 841 3601 ε
873 3544 962 3606 Νε
995 3543 1173 3622 igitur
1204 3542 1612 3606 assimilemini
1641 3544 2064 3622 eis;§scitenim

2234 3569 2262 3603 ε
2297 3548 2387 3616 Μὴ
2426 3547 2513 3605 οὗν
2571 3545 2868 3624 ὁμοιωθῆτε
2928 3551 3135 3626 αὐτοῖς,
3195 3548 3309 3606 οἶδε
3376 3552 3474 3630 γὰρ
3531 3552 3559 3608 6
3616 3551 3795 3630 Πατὴρ

418 3632 596 3696 Pater
621 3641 815 3695 vester
842 3632 1057 3714 quibus
1078 3630 1376 3711 indigetis,
1413 3641 1727 3714 antequam
1762 3633 1974 3713 petatis
1988 3633 2046 3696 al

2161 3638 2292 3714 ip.ch
2336 3640 2410 3694 ῶν
2463 3639 2650 3717 χρείαν
2679 3636 2836 3717 ἔχετε
2864 3640 2968 3718 πρὸ
3020 3641 3111 3695 τοῦ
3137 3640 3275 3715 ὑμᾶς
3307 3639 3517 3707 αὶτῆσαι
3548 3640 3727 3700 αὐτόν.
3761 3664 3789 3697 ι

416 3722 579 3785 illo.»
611 3722 742 3785 Non
777 3721 934 3783 enim
967 3721 1390 3796 utdoceamus,
1413 3721 1666 3803 petimus
1695 3739 1708 3784 :
1743 3722 1845 3782 sed
1872 3731 1934 3783 ut
1956 3741 2044 3785 no:

2163 3725 2219 3781 )6
2273 3723 2374 3802 γὰρ
2415 3721 2511 3781 ἵνα
2565 3721 2852 3800 διδάξωμεν
2905 3727 3172 3803 αἰτοῦμεν,
3237 3725 3360 3784 ἀλλ’
3430 3728 3522 3784 ἵνα
3579 3729 3791 3794 ἑαυτοὺς

417 3829 452 3874 ε
482 3810 905 3894 temporalibus
927 3819 984 3871 et
1005 3809 1387 3873 saecularibus
1437 3810 1596 3871 curis
1626 3809 2045 3892 abstrahamus,

2163 3811 2628 3894 ἔπασχολήσαντες
2708 3820 2816 3871 τῶν
2891 3815 3184 3894 βιωτικῶν,
3245 3815 3607 3897 ὧφεληθῶμεν
3663 3821 3791 3894 ὁμι-

415 3909 474 3964 ει
503 3903 693 3964 otiose
713 3909 770 3963 et
801 3918 1012 3979 magna
1039 3918 1174 3961 cum
1206 3900 1459 3963 utilitate
1488 3919 1621 3962 cum
1660 3918 1731 3962 eo
1762 3899 2043 3982 colloqua‘

930 3918 1012 3968 :na
1039 3918 1174 3961 cum
1206 3900 1459 3963 utilitate
1488 3919 1621 3962 cum
1660 3918 1731 3962 eo
1762 3899 2062 3982 colloqua-
2142 3901 2355 3968 λοῦντες
2389 3901 2558 3976 αὐτῷ,

414 4006 680 4142 ωιξὲιιε.
702 4080 762 4142 9.
804 4105 832 4135 ε
866 4077 964 4142 Sic
1014 4077 1192 4156 igitur
1242 4086 1405 4140 orate
1447 4095 1584 4142 vos:
1621 4079 1791 4140 Pater
1831 4087 2042 4158 noster:

2223 4098 2256 4140 (
2302 4080 2481 4143 Οὕτως
2527 4083 2615 4138 οὖν
2659 4082 3014 4162 προσεύχεσθε
3064 4083 3222 4158 ὑμεῖς
3250 4100 3267 4118 ο
3321 4085 3492 4163 Πάτερ
3525 4086 3700 4162 ἡμῶν,
3765 4090 3791 4144 6

413 4169 514 4249 qui
546 4188 612 4232 es
641 4168 701 4230 in
733 4169 918 4231 ccelis.
956 4189 984 4227 ›
1014 4166 1195 4229 Aliud
1228 4180 1320 4230 est
1368 4175 1590 4239 votum,
1640 4167 1801 4229 aliud
1841 4169 2041 4230 oratio.

2161 4192 2194 4224 ιν
2223 4169 2345 4234 τοῖς
2389 4173 2658 4244 οὐρανοῖς.
2700 4193 2725 4228 e
2780 4171 2934 4251 Εὒχὴ
2991 4168 3149 4247 ἄλλο,
3192 4174 3280 4230 καὶ
3321 4175 3600 4255 προσευχὴ
3636 4174 3789 4250 ἄλλο,

409 4256 623 4322 Votum
669 4259 829 4320 enim
859 4265 948 4320 est
970 4256 1287 4336 promissio
1334 4274 1533 4318 coram
1557 4255 1701 4337 Deo,
1727 4265 1790 4318 ut
1819 4260 2037 4338 quandi

2161 4259 2292 4338 Ξῦχὴ
2338 4260 2566 4361 μένιγᾶρ
2596 4259 2738 4317 ἔστιν
2785 4261 3079 4342 ὑπόσχεσις
3138 4263 3270 4339 πρὸς
3303 4265 3432 4320 Θεόν
3470 4282 3484 4300 ⁶
3534 4267 3608 4330 ὡς
3667 4265 3789 4324 ὅταν

410 4347 703 4429 promittit
725 4348 856 4429 quis
880 4365 944 4409 se
974 4345 1329 4408 abstinerea
1377 4346 1534 4426 vino,
1586 4346 1678 4407 vel
1732 4345 1846 4408 alia
1902 4365 2038 4427 qua-

2157 4350 2464 4428 »πισχνῆταί
2515 4371 2595 4414 τις
2654 4350 2989 4431 ἀποσχέσθαι
3066 4350 3214 4408 οἴνου
3284 4353 3319 4421 ἢ
3377 4350 3539 4412 ἄλλου
3595 4357 3736 4420 τινός
3771 4373 3785 4388 ·

409 4435 544 4498 dam
575 4455 678 4500 re:
711 4440 896 4499 oratio
951 4434 1411 4525 autem77petitio
1460 4433 1775 4525 bonorum.
1837 4435 2037 4498 Dicen:

2160 4439 2412 4518 προσευχὴ
2471 4437 2550 4515 δὲ,
2614 4438 2828 4516 ἀγαθῶν
2912 4439 3155 4508 αἴτησις.
3244 4441 3416 4520 Πάτερ
3471 4440 3528 4498 δί
3605 4445 3788 4525 εἰπὼν,

406 4535 600 4588 autem
626 4529 827 4604 Pater,
859 4525 1117 4613 ostendit
1143 4523 1245 4584 tibi
1271 4532 1494 4613 quanta
1526 4523 1680 4613 bona
1702 4523 1782 4585 sis
1811 4541 2034 4613 assecu«

2163 4527 2357 4584 είκνυσί
2412 4549 2495 4584 σοι
2537 4527 2694 4585 τίνων
2723 4527 2935 4607 ἀγαθῶν
2992 4528 3248 4611 ἡξιώθης,
3318 4531 3426 4594 υἱὸς
3499 4539 3628 4590 Θεοῦ
3695 4523 3791 4613 γεέ

409 4621 528 4689 tus,
559 4614 746 4677 factus
784 4613 943 4675 ﬁlius
989 4612 1120 4674 Dei.
1153 4613 1226 4673 Et
1249 4611 1388 4673 dum
1430 4611 1591 4688 dicit,
1625 4611 1689 4674 In
1722 4611 1910 4687 caelis,
1944 4631 2037 4673 os-

2159 4616 2301 4680 νονώς
2336 4632 2351 4648 ⁶
2386 4616 2442 4673 iv
2486 4613 2540 4672 δὲ
2583 4623 2661 4692 τῷ
2691 4618 2887 4698 εἰπεῖν,
2934 4617 2988 4674 iv
3028 4631 3146 4683 τοῖς
3191 4620 3458 4698 οὐρανοῖς,
3511 4619 3676 4688 έδειξέ
3706 4611 3787 4680 σοι

414 4703 610 4765 tendit
632 4703 737 4765 tibi
759 4702 1007 4784 patriam
1041 4710 1198 4789 tuam
1227 4709 1285 4762 et
1310 4700 1549 4789 domum
1586 4699 2042 4782 paternamNan

2160 4703 2241 4772 τὴν
2294 4704 2518 4784 πατρίδα
2569 4727 2664 4763 σου
2719 4709 2808 4762 καὶ
2863 4707 2958 4763 τὸν
3001 4707 3158 4765 οἷκον
3208 4709 3300 4765 τὸν
3340 4711 3595 4789 πατρικόν
3630 4729 3644 4744 ⁸
3697 4713 3788 4768 ἰὰν

408 4790 458 4853 εἰ
496 4792 575 4854 vis
597 4791 821 4854 habere
844 4789 1080 4852 Patrem
1111 4787 1390 4860 Deum,in
1417 4790 1509 4848 59
1540 4789 1721 4852 caelos
1750 4797 1975 4867 specta,
2001 4807 2034 4852 e

2159 4793 2239 4872 γὰρ
2287 4791 2444 4871 θέλῃς
2498 4792 2646 4874 ’έχειν
2703 4795 2913 4875 Πατέρα
2967 4797 3061 4853 τὸν
3113 4795 3268 4878 Θεόν,
3312 4787 3596 4876 πρὸςήτοὺς
3637 4801 3787 4878 οὖρα.

405 4885 611 4946 nonin
642 4895 884 4947 terram.
918 4884 1051 4946 Non
1081 4881 1231 4943 dicis
1258 4890 1481 4953 autem,
1513 4882 1692 4944 Pater
1715 4898 1904 4957 meus,
1943 4899 2033 4943 sec

2162 4882 2257 4946 »οὺς
2299 4881 2489 4960 βλέπε,
2546 4884 2633 4939 καὶ
2691 4884 2776 4959 μὴ
2831 4886 2963 4963 πρὸς
3022 4884 3124 4961 γῆν
3153 4903 3174 4923 ο
3233 4884 3293 4942 οὗ
3335 4883 3511 4964 λέγεις
3568 4885 3624 4944 δὲ
3680 4889 3790 4946 Πά-

402 4970 576 5036 Paler
607 4983 829 5047 noster,
853 4981 920 5033 ut
948 4988 1156 5033 omnes
1184 4969 1351 5050 quasi
1402 4969 1612 5031 fratres
1654 4969 1828 5031 unius
1868 4970 2030 5050 patri:

2157 4991 2220 5049 rep
2250 4992 2375 5046 μου,
2402 4969 2562 5046 ἀλλὰ,
2595 4972 2765 5052 Πάτερ
2817 4974 2995 5049 ἡμῶν,
3043 4975 3117 5038 ὡς
3161 4972 3224 5030 ἂν
3256 4972 3404 5055 ἔχοις
3454 4975 3656 5042 πάντας
3711 4979 3785 5044 ὣς

403 5060 652 5126 habeas.
691 5087 718 5119 ε
753 5061 1170 5126 Sanctiﬁcetur
1218 5077 1437 5121 nomen
1490 5068 1678 5124 tuum.
1723 5083 1744 5116 ο
1777 5057 1903 5120 Hoc
1932 5069 2031 5140 est,

2152 5055 2381 5137 ιδελφοὺς
2442 5060 2556 5122 ένδς
2591 5059 2822 5139 Πατρός.
2886 5078 2917 5120 ε
2948 5059 3286 5140 Ἀγιασθήτω
3311 5065 3372 5121 τὸ
3403 5061 3572 5140 δνομα
3602 5086 3716 5128 σου.
3755 5088 3780 5124 ι

402 5151 574 5212 facito
631 5170 741 5213 nos
783 5159 1038 5224 sanctos,
1099 5156 1164 5211 ut
1209 5157 1267 5210 et
1300 5157 1360 5210 tu
1391 5167 1498 5230 per
1525 5167 1634 5211 nos
1664 5147 2030 5228 gloriﬁceris.

2155 5148 2399 5222 Γουτέστι,
2435 5148 2664 5216 Ποίησον
2711 5150 2855 5226 ἡμᾶς
2913 5150 3118 5229 ἁγίους,
3177 5151 3270 5209 ἵνα
3322 5153 3411 5210 καὶ
3453 5155 3516 5210 σὺ
3543 5152 3614 5211 δι’
3643 5158 3783 5232 ἡμᾶς

404 5236 571 5301 Sicut
599 5240 756 5300 enim
791 5239 1238 5320 blasphematur
1268 5247 1507 5318 propter
1538 5256 1654 5310 me,
1689 5239 1769 5298 ita
1798 5245 2032 5300 etsanc-

2158 5234 2316 5312 οξάζῃ
2352 5252 2366 5266 ⁸
2427 5239 2502 5301 ὡς
2569 5239 2669 5317 γὰρ
2738 5236 3140 5319 βλασφημεῖται
3203 5238 3272 5297 δι’
3344 5241 3462 5319 έμὶ,
3519 5242 3656 5301 οὕτω
3692 5267 3786 5302 κα-

403 5328 660 5391 tiﬁcatur
704 5339 947 5410 propter
993 5346 1088 5389 me
1149 5325 1347 5390 Deus:
1379 5328 1492 5389 hoc
1549 5336 1658 5405 est,
1693 5335 1757 5388 ut
1804 5334 2031 5390 sanctus

2153 5326 2400 5402 εγιάζεται
2457 5323 2521 5382 δι’
2581 5326 2676 5404 ipsi
2734 5329 2764 5383 ό
2823 5329 2977 5404 Θεὸς,
3023 5328 3317 5405 τουτέστιν,
3369 5333 3443 5396 ὡς
3499 5333 3652 5412 ἅγιος
3706 5331 3781 5392 δοὶ

397 5409 778 5496 gleriiicatur.

731 5435 778 5480 r.
2129 5409 2359 5484 ξάζεται,

465 5504 659 5572 Vsus.
691 5507 789 5570 10.
821 5529 843 5565 ι
880 5504 1172 5593 Adveniet
1194 5521 1442 5585 regnum
1474 5515 1701 5570 tuum.»
1727 5503 2038 5569 Secundus

2208 5521 2240 5561 ε
2271 5500 2504 5560 Ἐλθέτω
2550 5506 2585 5573 ἡ
2635 5503 2881 5593 βασιλεία,
2931 5527 3047 5573 σου.
3086 5529 3112 5568 ι
3147 5509 3449 5588 Τουτέστιν,
3481 5513 3518 5581 ἡ
3560 5509 3774 5593 δευτέρα

397 5595 631 5664 scilicet
646 5592 1315 5674 adventnsmaeretus
1334 5593 1490 5659 bona
1510 5593 1895 5670 conscientia,
1898 5612 2025 5685 pre-

2144 5592 2378 5670 παρουσία
2413 5606 2429 5622 ⁸
2487 5593 2516 5648 ὁ
2569 5595 2669 5674 γὰρ
2718 5592 2951 5659 συνειδὸς
3005 5595 3162 5677 ’έχων
3219 5592 3772 5680 πεπαρῤησιασμένον,
