4126 6268
337 315 456 381 205
1003 313 1449 380 ENARBATIO
1491 316 1575 379 IN
1617 309 1986 411 EVANGEL.

2084 307 2125 370 li
2171 307 2564 372 ΜΑΤΤΗιΕΙ.
2612 342 2689 354 -
2732 312 2896 375 CAP.
2946 309 3048 378 VI.
3586 314 3708 381 206

320 451 538 530 εὔχεται
563 449 744 506 ὶλθεϊν
798 450 898 517 τὴν
963 448 1247 505 ἀνάστασιν
1295 450 1382 505 καὶ
1436 449 1536 516 τὴν
1586 449 1780 528 κρίσιν.
1819 469 1841 502 ι
1873 453 1978 502 Γε-

2084 450 2230 505 :atur
2257 452 2320 505 ut
2347 444 2541 506 veniat
2566 447 2922 507 resurrectio
2953 453 3013 508 et
3031 444 3354 526 judicium.
3390 472 3419 505 ε
3451 448 3580 512 Fiat
3606 468 3706 514 vo-

328 542 546 608 νηθήτω
608 541 670 595 τὸ
716 537 924 613 θέλημά
957 561 1048 595 σου
1075 540 1148 601 ὡς
1210 537 1262 592 ἕν
1324 541 1528 616 ούρανῷ
1588 540 1676 594 καὶ
1728 537 1813 593 ἐπὶ
1881 540 1977 603 τῆς

2088 539 2256 592 untas
2285 539 2378 594 tua
2412 532 2564 595 sicut
2609 533 2670 595 in
2719 533 2868 595 coelo
2902 542 2958 595 et
2988 535 3048 596 in
3079 543 3262 598 terra.
3306 561 3327 592 ι
3383 536 3568 614 Sicut,
3605 540 3702 601 in-

327 634 455 706 γῆς.
491 648 521 687 )
562 618 803 706 υΩσπερ,
863 629 1042 706 φησὶν,
1077 630 1122 682 οἱ
1154 625 1370 705 ἄγγελοι
1394 633 1632 683 ποιοῦσιν
1666 629 1726 682 τὸ
1772 624 1978 700 θέλημά

332 740 450 797 σου,
484 717 621 774 οὕτω
645 719 732 772 καὶ
756 719 889 784 ἡμῖν
933 714 1019 780 ὀὸς
1049 729 1224 772 ποιεῖν
1261 717 1410 776 αὐτό,

418 830 448 861 ι
481 808 583 864 Τὸν
614 807 767 884 ἄρτον
845 805 1000 880 ἣμῶν
1054 806 1143 860 τὸν
1214 805 1479 860 ὲπιουσιον
1530 802 1618 869 δὸς
1665 805 1800 878 ἡμῖν
1870 803 1977 872 σή-

331 917 516 973 μερον.
558 917 582 951 ε
611 891 932 971 Ἐπιοὺσιον,
967 894 1057 948 τὸν
1111 893 1196 949 ἐπὶ
1237 898 1304 968 τῇ
1360 894 1506 965 οὐσίᾳ
1561 893 1648 948 καὶ
1736 891 1980 950 συστάσει

327 985 488 1057 ἡμῶν
547 982 808 1060 αὒτάρκη,
891 982 1097 1061 φησίνο·
1181 981 1388 1059 ἀναιρεῖ
1449 979 1502 1036 δὲ
1559 983 1658 1047 τὴν
1707 983 1822 1060 περὶ
1882 985 1979 1045 τῆς

329 1073 510 1149 αὔριον
561 1071 841 1146 μέριμναν,
905 1071 991 1126 καὶ
1042 1072 1102 1125 τὸ
1133 1077 1286 1144 σῶμα
1312 1067 1366 1124 δε
1413 1079 1508 1127 τοῦ
1539 1077 1764 1144 Χριστοῦ
1821 1069 1975 1146 ἄρτος

329 1160 472 1216 ἐστὶν
557 1161 846 1223 ἓπιουσιος·
936 1161 994 1214 οὗ
1091 1154 1525 1233 μεταλαμϐάνειν
1611 1157 1977 1234 ἀκατακρῖτως

335 1247 606 1327 εὐχόμεθα
615 1293 628 1307 .

420 1357 444 1388 ι
482 1337 579 1394 Καὶ
635 1334 760 1415 ἄφες
818 1337 954 1410 ἡμῖν
1013 1335 1076 1390 τὰ
1134 1333 1469 1413 ὀφειλήματα
1529 1337 1708 1415 ἡμῶν,
1769 1337 1842 1399 ὡς
1897 1335 1983 1391 καὶ

330 1427 499 1500 ἡμεῖς
571 1424 790 1502 ἀφίεμεν
846 1437 963 1486 τοῖς
1019 1422 1316 1501 ὀφειλέταις
1361 1425 1536 1498 ἡμῶν,
1578 1447 1602 1482 ε
1651 1422 1866 1490 Ἐπειδὴ
1895 1424 1984 1479 καὶ

331 1514 472 1589 μετὰ
556 1513 618 1567 τὸ
704 1513 979 1588 βάπτισμα
1061 1511 1450 1592 ἁμαρτάνομεν,
1541 1513 1837 1588 ἱκετεύομεν
1892 1511 1983 1566 *ἕνα

330 1602 522 1680 ἀφήσῃ
565 1603 723 1675 ἡμῖν,
778 1601 914 1657 οὕτω
980 1599 1034 1655 δὲ
1093 1597 1263 1679 ἀφήσε
1322 1604 1396 1664 ὼς
1465 1603 1550 1658 καὶ
1607 1603 1792 1676 ἡμεῖς.
1858 1600 1984 1658 Ἐὰν

2066 620 2215 699 quit,
2251 622 2443 699 angeli
2501 621 2722 683 faciunt
2776 622 3139 687 voluntatem
3173 632 3355 702 tuam,
3387 626 3470 687 ita
3500 635 3558 689 et
3597 647 3705 691 nos

2066 708 2141 769 da
2172 727 2300 769 eam
2331 711 2549 772 facere.
2585 725 2590 728 ·

2140 798 2319 860 Vsus.
2359 799 2450 860 11.
2491 802 2740 862 «Panem
2775 808 3039 862 nostrum
3083 803 3704 882 supersubstantialem

2061 885 2149 977 da
2193 886 2363 977 nobis
2408 887 2610 951 hodie.
2650 914 2672 947 n
2713 889 3353 968 Supersubstantialem
3402 894 3568 977 dicit,
3601 898 3706 976 qui

2063 973 2404 1036 substantiae
2434 985 2492 1036 et
2529 977 2934 1038 constitutioni
2987 989 3204 1041 nostra;
3261 981 3496 1056 sufﬁcit,
3553 973 3709 1046 tollit

2059 1074 2256 1127 autem
2289 1086 2490 1128 curam
2525 1067 2598 1129 de
2647 1069 2928 1130 crastino.
2975 1069 3126 1141 Quin
3160 1081 3217 1134 et
3247 1091 3461 1154 corpus
3491 1076 3707 1139 Christi

2062 1154 2229 1245 panis
2260 1164 2350 1216 est
2373 1155 2991 1245 supersubstantialis:
3028 1161 3198 1239 cujus
3229 1179 3360 1224 esse
3391 1163 3708 1245 participes

2062 1241 2212 1303 citra
2242 1243 2800 1305 condemnationem
2834 1263 3161 1324 precamur.

2145 1330 2323 1393 Vsns.
2351 1332 2512 1422 124
2534 1334 2610 1422 Et
2637 1333 2872 1422 dimitte
2900 1334 3072 1397 nobis
3104 1336 3299 1400 debita
3327 1341 3712 1422 nostra,sicut

2066 1426 2126 1481 et
2173 1438 2280 1480 nos
2333 1419 2682 1480 dimittimus
2737 1420 3105 1485 debitoribus
3135 1429 3380 1490 nostris.
3415 1449 3445 1489 ›
3480 1419 3630 1502 Quia
3651 1435 3713 1492 et

2064 1517 2196 1588 post
2230 1510 2518 1590 baptisma
2546 1529 3204 1592 peccamus,precamur
3226 1525 3289 1578 ut
3325 1519 3708 1582 dimittatno-

2067 1597 2182 1672 bis,
2233 1599 2319 1659 sic
2371 1607 2564 1662 autem
2615 1600 2890 1676 dimittet,
2924 1606 3420 1682 quemadmodum
3455 1617 3514 1670 et
3544 1628 3652 1672 nos
3688 1627 3706 1671 :

330 1693 435 1769 γὰρ
506 1689 951 1764 μνησικακῶμεν,
1009 1693 1103 1747 οὒκ
1159 1689 1350 1768 ἆφήσει
1397 1692 1553 1764 ἡμῖν·
1602 1689 1696 1765 ἐμὲ
1727 1692 1824 1768 γὰρ
1869 1688 1984 1769 ἔχει

2084 1705 2201 1747 iam
2246 1687 2296 1746 si
2327 1686 2597 1749 vindicta
2625 1689 2779 1749 avidi
2809 1698 2866 1750 et
2908 1709 3202 1753 memores
3246 1695 3555 1773 fuerimus,
3587 1716 3707 1759 non

331 1782 364 1835 6
437 1780 565 1843 Θεὸς
634 1775 988 1854 παράδειγμα·
1035 1778 1123 1834 καὶ
1181 1779 1208 1833 ὃ
1238 1779 1376 1835 ποιῶ
1407 1777 1492 1834 ἐπ’
1524 1777 1692 1853 ἄλλῳ,
1725 1791 1873 1834 ποιεῖ
1899 1779 1982 1834 ἐπ’

332 1868 479 1944 ἰμοί,

427 1979 449 2013 ε
531 1957 628 2013 Καὶ
674 1955 751 2032 μὴ
783 1955 1086 2033 εἰσενέγκῃς
1116 1957 1259 2031 ἡμᾶς
1292 1958 1366 2019 εἰς
1393 1955 1713 2034 πειρασμόν,
1745 1977 1770 2010 ι)
1807 1953 1984 2011 Ἀσθε-

332 2058 449 2108 νεῖς
506 2045 666 2119 ἐσμεν
710 2047 758 2099 οἱ
789 2043 1082 2124 ἅνθρωποι,
1126 2042 1206 2100 διὸ
1265 2045 1323 2101 οὗ
1372 2043 1454 2100 δεῖ
1486 2043 1807 2121 ἐπιῤῥίπτειν
1853 2044 1981 2102 ἑαυ-

333 2135 457 2198 τούς
525 2146 644 2194 τοῖς
718 2146 1064 2211 πειρασμοῖς·
1099 2133 1219 2190 ἀλλ’
1263 2134 1593 2210 ἐμπεσόντας
1637 2131 1880 2212 εὔχεσθαι
1913 2133 1988 2207 μὴ

333 2226 704 2289 καταποθῆναι
777 2224 878 2278 ὑπὸ
950 2230 1041 2278 τοῦ
1114 2229 1426 2300 πειρασμοῦ.
1492 2214 1548 2279 ιΟ
1597 2223 1695 2299 γὰρ
1747 2243 1988 2278 καταπο-

330 2315 440 2377 θεῖς
498 2313 586 2367 καὶ
633 2313 886 2388 νικηθεὶς,
975 2314 1179 2374 ἓκεῖνος
1226 2311 1514 2390 εἰσηνέχθη
1560 2312 1631 2374 εἰς
1684 2312 1775 2366 τὸν
1807 2311 1989 2388 βόθρον

332 2411 430 2459 τοῦ
485 2408 803 2478 πειρασμοῦ,
853 2399 972 2455 ἀλλ’
1015 2400 1118 2479 οὐχ
1176 2403 1203 2456 6
1271 2400 1515 2475 ἐμπεσὼν
1572 2402 1693 2475 μὲν,
1733 2401 1987 2468 ’νικήσας

341 2489 421 2550 δέ.
464 2511 486 2544 ε
524 2487 693 2546 Ἀλλὰ
721 2491 869 2566 ῥῦσαι
899 2492 1042 2564 ἡμᾶς
1075 2490 1177 2545 ἀπὸ
1206 2497 1301 2545 τσῦ
1325 2500 1579 2567 πονηροῦ,
1619 2513 1641 2548 ε
1675 2495 1780 2548 Οὐκ
1810 2491 1987 2563 εἶπεν,

341 2581 447 2637 ἀπὸ
503 2585 609 2636 τῶν
664 2585 911 2657 πονηρῶν
967 2579 1277 2654 ἀνθρώπων·
1325 2579 1384 2634 ού
1440 2581 1540 2657 γὰρ
1593 2582 1792 2636 ἓκεῖνοι
1867 2577 1987 2634 ἀδι-

343 2692 525 2728 κουσιν
595 2671 763 2744 ἡμᾶς,
836 2667 956 2724 ἀλλ’
1036 2670 1063 2724 6
1119 2668 1376 2744 πονηρός,
1413 2689 1437 2724 ε
1469 2659 1596 2725 ’Ὅτι
1642 2676 1735 2726 σοῦ
1782 2668 1922 2724 ἐστιν
1952 2670 1986 2736 ὴ

341 2758 582 2836 βασιλεία
654 2759 742 2813 καὶ
799 2759 832 2824 ἡ
865 2755 1079 2829 δύναμις
1150 2758 1238 2813 καὶ
1280 2759 1314 2824 ἡ
1346 2755 1466 2821 δόξα
1496 2759 1570 2821 εἰς
1613 2757 1734 2819 τούς
1766 2759 1984 2837 αἰῶνας,

343 2849 540 2924 Ἀμὴν.
606 2870 629 2902 ε
707 2849 959 2923 Θαρσὺνει
1019 2848 1162 2921 ἡμᾶς
1212 2845 1450 2906 ἐνταῦθα.
1497 2849 1555 2903 Εἰ
1561 2847 1700 2925 λλγὰρ
1744 2845 1987 2922 βασιλεύς

343 2938 482 3008 ἐστι,
542 2937 631 2993 καὶ
688 2933 905 2998 δυνατὸς
978 2937 1005 2992 6
1067 2934 1247 3012 Πατὴρ
1270 2937 1357 2991 καὶ
1384 2933 1608 3010 ἔνδοξος,
1658 2935 1869 2998 πάντως
1901 2936 1988 2991 καὶ

346 2995 504 3102 ἡμεῖς
563 3025 850 3099 νικήσομεν
892 2995 1015 3081 *τὸν
1093 2995 1350 3101 πονηρὸν,
1407 2995 1524 3080 καὶ-
1564 2995 2049 3099 δοξασθησόμεθαβ

342 3118 582 3175 ὕστερον.

429 3138 465 3172 τε
499 3138 582 3175 ον.

429 3138 614 3264 (P’E‘jw
672 3203 772 3280 γὰρ
802 3201 970 3279 ἀφῆτε
1001 3214 1118 3264 τοῖς
1161 3200 1451 3279 ἀνθρώποις
1490 3200 1557 3256 τὰ
1586 3201 1992 3280 παραπτὼματα

343 3294 544 3372 αὐτῶν,
610 3291 806 3369 ἀφήσει
878 3291 964 3345 καὶ
1005 3291 1133 3364 ὑμῖν
1158 3291 1186 3345 ὁ
1230 3289 1412 3368 Πατὴρ
1435 3291 1581 3364 ὑμῶν
1612 3292 1639 3345 6
1673 3289 1930 3367 οὐράνιος,
1959 3313 1988 3345 ε

341 3381 510 3441 Πάλιν
568 3379 966 3454 άμνησικάκους
1057 3381 1201 3452 ἡμᾶς
1260 3379 1402 3434 εἶναι
1456 3376 1711 3439 διδάσκει.
1762 3375 1990 3453 Ἀναμι-

339 3473 570 3547 μνήσκει
639 3467 693 3524 δὲ
723 3470 865 3541 ἡμᾶς
921 3474 1012 3522 τοῦ
1065 3467 1292 3546 Πατρός,
1327 3467 1418 3524 ἵνα
1448 3465 1765 3543 αἱδεσθῶμεν
1809 3469 1986 3547 αὐτὸν,

339 3561 431 3616 καὶ
462 3559 539 3634 μὴ
582 3557 967 3637 ἑκθηριώμεθα,
1000 3557 1249 3613 τοιούτου
1273 3553 1461 3619 παῖδες
1495 3554 1668 3619 ὄντες.

429 3755 460 3795 ε
509 3734 634 3793 Ἐὰν
701 3733 756 3790 δὲ
801 3735 879 3810 μὴ
923 3734 1093 3814 ἀφῆτε
1120 3746 1240 3796 τοῖς
1274 3734 1568 3812 ἀνθρώποις
1599 3734 1664 3790 τὰ
1695 3735 1989 3811 παραπτὼ..

345 3847 491 3902 ματα
543 3824 737 3900 αὒτῶν,
799 3820 915 3879 οὐδὲ
966 3826 993 3878 6
1079 3823 1262 3900 Πατὴρ
1318 3823 1465 3898 ὑμῶν
1495 3823 1686 3902 ἀφήσει
1715 3824 1781 3879 τὰ
1824 3845 1991 3903 παρα-

343 3915 608 3990 πτώματα
675 3915 846 3988 δμῶν,
894 3935 922 3966 »
985 3909 1142 3970 Οὐδὲν
1201 3910 1336 3968 οὕτω
1379 3923 1530 3987 μισεῖ
1559 3913 1586 3966 6
1637 3918 1802 3991 πρᾶος
1834 3914 1987 3993 Θεὸς,

344 4007 418 4069 ὡς
463 4004 564 4069 τὴν
606 4002 886 4076 ὠμότητα,

432 4111 464 4150 (
497 4082 681 4148 ⁹Ὀταν
753 4088 806 4144 δὲ
862 4090 1174 4168 νηστεύητε,
1207 4089 1285 4164 μὴ
1338 4089 1537 4166 γίνεσθε
1568 4089 1744 4168 ὥσπερ
1765 4092 1812 4144 οἱ
1855 4091 1992 4145 ὑπο-

2066 1774 2544 1864 remittet.Ha_bet
2577 1795 2671 1864 me
2691 1778 2849 1864 Deus
2877 1785 2941 1838 ut
2971 1781 3272 1861 exemplar
3303 1800 3317 1845 :
3345 1791 3404 1845 et
3432 1785 3592 1864 quod
3614 1784 3707 1847 fa-

2068 1863 2158 1923 cio
2189 1861 2310 1938 alii,
2343 1862 2481 1923 facit
2510 1870 2569 1922 et
2598 1863 2766 1926 mihi.

2148 1949 2328 2012 Vsns.
2369 1950 2464 2012 13.
2503 1975 2529 2006 α
2563 1950 2634 2013 Ει
2655 1971 2728 2014 ne
2759 1952 3002 2016 inducas
3030 1972 3136 2017 nos
3164 1956 3226 2017 in
3259 1961 3703 2024 tentationem.»

2068 2037 2405 2100 Imbecilles
2435 2058 2638 2100 sumus
2681 2041 3116 2118 homines,ideo
3147 2064 3264 2106 non
3298 2048 3586 2112 debemus
3601 2070 3710 2113 nos

2071 2127 2230 2208 ipsos
2264 2128 2324 2187 in
2375 2129 2732 2191 tentationes
2759 2130 3008 2209 injicere
3042 2153 3054 2192 :
3089 2133 3194 2194 sed
3226 2136 3274 2197 si
3303 2136 3706 2215 inciderimus,

2072 2216 2358 2308 orandum
2391 2235 2468 2308 ne
2487 2217 2919 2308 absorbeamur
2946 2239 2980 2281 a
3001 2223 3348 2286 tentatione.
3380 2227 3710 2308 Ahsorptus

2073 2305 2232 2366 enim
2265 2316 2321 2366 et
2350 2307 2560 2377 victus,
2591 2307 2692 2367 ille
2742 2309 2800 2368 in
2853 2310 3210 2388 profundum
3247 2305 3592 2378 tentationis
3615 2317 3711 2380 in-

2073 2393 2284 2454 ductus
2315 2402 2425 2470 est,
2473 2403 2530 2454 at
2561 2414 2676 2456 non
2708 2395 2848 2456 item
2881 2397 2978 2475 qui
3007 2398 3305 2476 incidit,et
3335 2404 3536 2467 vincit.
3561 2405 3714 2468 (Sed

2070 2480 2258 2542 libera
2288 2500 2394 2542 nos
2424 2500 2457 2541 a
2490 2483 2666 2546 malo.
2711 2504 2738 2542 ›
2778 2481 2906 2544 Non
2937 2484 3103 2561 dixit,
3152 2505 3186 2547 a
3228 2489 3400 2551 malis
3451 2492 3711 2553 homini-

2070 2568 2181 2630 bus
2209 2589 2221 2632 :
2253 2589 2370 2631 non
2395 2572 2550 2631 enim
2586 2571 2668 2631 illi
2700 2590 2808 2632 nos
2839 2572 3060 2652 injuria
3080 2575 3366 2656 afficiunt,
3401 2581 3507 2641 sed
3536 2581 3712 2643 mali-

2070 2674 2240 2748 gnus.
2283 2680 2304 2714 (ι
2339 2657 2625 2748 Quoniam
2659 2667 2819 2720 tuum
2855 2670 2943 2721 est
2971 2679 3248 2745 regnum,
3283 2675 3340 2728 et
3365 2668 3720 2748 potentia,et

2069 2746 2258 2823 gloria
2299 2748 2357 2806 in
2413 2747 2649 2828 secula,
2709 2750 2918 2814 Amen.
2949 2773 2976 2805 ι
3011 2753 3248 2814 Animat
3277 2746 3386 2817 nos
3416 2758 3528 2820 hoc
3558 2758 3710 2822 loco.

2068 2832 2214 2927 Nam
2247 2834 2296 2893 si
2319 2836 2444 2897 Rex
2477 2843 2586 2927 est,
2622 2844 2681 2896 et
2705 2840 3115 2927 potensPater
3144 2849 3201 2903 et
3229 2843 3542 2927 gloriosus,
3577 2865 3714 2907 om-

2071 2923 2305 3070 ninohet
2333 2941 2442 2983 nos
2472 2925 2772 2986 vincemus
2795 2925 3141 3005 malignum,
3171 2936 3229 2992 et
3256 2923 3717 3013 gloriﬁpabimur

2073 3019 2202 3070 nost
2247 3028 2338 3070 ac.

2073 3019 2338 3090 posthac.

2156 3186 2336 3250 Vzns.
2378 3190 2472 3252 14.
2521 3215 2548 3246 α
2583 3190 2816 3255 Etenim
2875 3193 2921 3256 si
2976 3194 3323 3260 remiseritis
3371 3199 3714 3265 hominibus

2075 3277 2294 3339 delicta
2317 3296 2444 3354 sua,
2481 3281 2743 3344 remittet
2772 3283 2947 3345 etiam
2978 3284 3145 3348 vobis
3177 3290 3349 3350 Pater
3377 3300 3570 3354 vester
3599 3310 3715 3354 cm-

2076 3365 2260 3427 lestis.
2300 3391 2322 3425 ι
2361 3369 2575 3429 lterum
2607 3389 2714 3431 nos
2738 3372 2915 3435 docet
2946 3391 3075 3435 esse
3104 3377 3331 3439 alienos
3351 3397 3385 3440 a
3414 3380 3714 3444 vindican-

2075 3454 2134 3515 di
2160 3455 2496 3536 cupiditate.
2533 3459 2882 3522 Memoriam
2914 3470 3111 3524 autem
3142 3467 3323 3545 patris
3353 3470 3631 3543 inculcat,
3651 3479 3716 3533 ut

2071 3563 2451 3608 revereamur
2483 3568 2620 3612 eum
2655 3567 2668 3612 :
2707 3559 2764 3615 et
2792 3569 2924 3612 cum
2956 3555 3084 3633 ejus
3107 3556 3295 3618 simus
3316 3558 3438 3628 ﬁlii.
3470 3579 3590 3622 non
3619 3578 3718 3622 ex-

2071 3653 2439 3716 aSperemur.

2153 3726 2334 3787 Vnus.
2370 3728 2469 3788 15.
2509 3752 2534 3783 α
2563 3729 2732 3801 Quod
2759 3731 2808 3790 si
2838 3749 2955 3792 non
2987 3735 3338 3800 remiseritis
3369 3738 3716 3803 hominibus

2073 3812 2289 3875 delicta
2313 3834 2438 3892 sua,
2476 3836 2669 3896 neque
2699 3821 2874 3880 Pater
2893 3830 3090 3884 vester
3118 3827 3383 3889 remittet
3412 3828 3576 3890 vobis
3604 3828 3714 3890 de-

2073 3903 2211 3964 licta
2257 3913 2448 3997 vestra
2480 3931 2507 3962 »
2541 3907 2697 3969 Nihil
2730 3909 2888 3970 enim
2923 3913 3000 3973 ita
3031 3913 3154 3975 odit
3204 3913 3496 3997 benignus
3535 3920 3714 3994 Deus,

2073 3999 2138 4053 ut
2165 3993 2592 4058 crudelitatem.
3352 3993 3373 3997 ⁷
3566 4017 3568 4020 ’

2156 4084 2338 4144 VERS.
2378 4087 2474 4144 16.
2519 4109 2539 4141 ‹
2581 4087 2764 4147 Porro
2821 4106 2952 4148 cum
2989 4089 3423 4170 jejunaveritis,
3479 4114 3556 4159 ne
3590 4096 3719 4158 sitis

343 4182 539 4262 κριταὶ,
616 4181 934 4258 σκυθρωποῦ
997 4178 1298 4258 ἀφανίζουσι
1370 4179 1468 4256 γὰρ
1525 4179 1591 4234 τὰ
1619 4180 1876 4256 πρόσωπα
1906 4179 1986 4233 αὒ-

2084 4171 2227 4232 sicut
2258 4173 2581 4262 hypocrita;
2634 4178 2906 4238 vultuosi.
2944 4177 3274 4244 Obscuram
3324 4185 3483 4246 enim
3539 4187 3722 4248 facies

341 4260 475 4349 τῶν,
562 4267 710 4332 ὅπως
805 4273 1004 4348 φανῶσι
1087 4280 1204 4330 τοῖς
1277 4267 1567 4344 ἀνθρώποις
1623 4267 1986 4333 νηστεύοντες,

2084 4278 2237 4334 suas,
2275 4269 2336 4321 ut
2365 4260 2676 4324 videantur
2721 4265 3062 4328 hominibus
3113 4270 3478 4348 jejunantes.
3529 4273 3721 4336 Amen

342 4318 524 4435 ’ἶμιλν
763 4318 1043 4433 ὗεῖἶν-,ᾐότι
1075 4318 1917 4437 dinéiouotvggvpt‘aeiivr(16163»).
1943 4318 1986 4414 ἶ

2263 4318 2445 4430 vobis,
2497 4352 2650 4432 quod
2679 4354 2898 4415 habent
2930 4318 3497 4422 mercedemusham.

343 4448 676 4526 Ἀφανισμὸς
761 4447 1044 4526 προσώπου
1103 4446 1243 4502 ἐστὶν
1301 4448 1335 4512 ἡ
1395 4447 1670 4525 ὠχρότης,
1706 4444 1834 4502 ὅταν
1889 4445 1986 4525 οὐχ

2084 4443 2336 4504 scuratio
2385 4443 2554 4505 faciei
2606 4455 2694 4506 est
2741 4446 2976 4526 pallor:
3015 4451 3250 4529 quando
3302 4453 3432 4533 quis
3465 4473 3584 4517 non
3634 4464 3723 4517 est

345 4538 467 4599 οἷός
524 4536 635 4592 ὶστί
692 4557 771 4600 τις
855 4536 1126 4614 φαίνηται,
1159 4533 1297 4591 ἀλλὰ
1365 4539 1720 4612 προσποιῆται
1767 4538 1986 4613 στυγνό-

2084 4534 2265 4615 qualis
2289 4543 2556 4614 apparet,
2589 4535 2696 4598 sed
2713 4536 2952 4600 simulat
2982 4540 3301 4608 tristitiam.

346 4646 512 4692 τητα.

436 4736 464 4767 α
525 4714 598 4769 Σὺ
650 4712 705 4769 δὲ
763 4715 1052 4789 νηστεύων,
1090 4711 1306 4787 ἄλειψαί
1336 4735 1427 4770 σου
1474 4714 1571 4780 τὴν
1616 4711 1876 4793 κεφαλὴν,
1909 4713 1986 4768 καῖ

2160 4711 2342 4777 Vens.
2380 4715 2603 4805 177,718.
2635 4739 2662 4770 α
2684 4715 2771 4777 Tu
2822 4725 3019 4779 autem
3045 4720 3350 4799 jejunans,
3376 4741 3531 4802 unge
3552 4733 3728 4805 caput

347 4804 410 4858 τὸ
481 4801 765 4880 πρόσωπόν
797 4823 890 4857 σου
919 4803 1088 4877 νίψαι,
1138 4800 1284 4864 ὅπως
1329 4802 1406 4877 μὴ
1436 4807 1603 4881 φανῇς
1645 4816 1764 4865 τοῖς
1789 4802 1986 4880 ἀνθρώ-

2084 4809 2271 4878 tuum,
2303 4811 2363 4866 et
2383 4804 2593 4866 faciem
2625 4812 2782 4867 tuam
2814 4805 2961 4881 lava,
2996 4827 3072 4870 ne
3099 4809 3351 4872 videaris
3385 4800 3728 4876 hominibus

349 4911 472 4957 ποις
515 4892 807 4967 νηστεύων,
841 4888 977 4946 ἀλλὰ
1007 4896 1084 4964 τῷ
1127 4890 1289 4969 Πατρί
1316 4911 1410 4948 σου
1441 4897 1518 4964 τῷ
1548 4888 1601 4946 ἓν
1632 4891 1709 4965 τῷ
1757 4895 1986 4968 κρυπτῷ.

2084 4893 2376 4974 iejunans,
2403 4894 2508 4956 sed
2541 4895 2695 4955 Patri
2741 4903 2838 4957 tuo
2888 4897 2990 4976 qui
3039 4906 3128 4960 est
3160 4899 3221 4960 in
3247 4900 3598 4966 abscondito
3625 4923 3638 4966 :
3668 4916 3730 4970 et

348 4981 441 5038 καὶ
499 4983 526 5037 6
570 4981 754 5060 Πατὴρ
796 5000 889 5036 σου
919 4982 947 5036 6
990 4977 1202 5056 βλέπων
1233 4978 1285 5034 ἑν
1334 4985 1410 5054 τῷ
1451 4987 1686 5058 κρυπτῷ,
1735 4977 1986 5036 ἀποδώσει

2084 4984 2254 5042 Pater
2300 4989 2434 5044 tuus
2481 4982 2585 5062 qui
2610 4982 2771 5044 videt
2801 4984 2862 5044 in
2890 4986 3262 5063 abscondito,
3287 4990 3501 5052 reddet
3529 4991 3662 5056 tibi.
3697 5017 3720 5050 ε

349 5090 461 5134 σοι,
499 5092 524 5127 ε
560 5072 620 5128 Οἱ
650 5068 877 5127 παλαιοὶ
923 5075 1096 5149 χαρᾶς
1128 5067 1288 5147 εἶχον
1333 5082 1564 5162 σημεῖον
1608 5069 1667 5162 1:6
1698 5067 1986 5162 ἀλείφεσθαι

2084 5070 2271 5162 Prisci
2303 5072 2363 5132 in
2393 5071 2593 5150 gaudii
2622 5071 2858 5150 signum
2891 5074 3208 5148 habebant,
3251 5078 3382 5141 oleo
3428 5081 3568 5160 ungi
3595 5090 3728 5162 post

349 5157 512 5232 ἰλαίῳ
557 5158 694 5250 μετὰ
757 5159 818 5213 τὸ
864 5155 1128 5250 ,λουτρὸν
1189 5158 1276 5250 και
1346 5157 1436 5250 ad“
1466 5159 1552 5213 οὗν
1603 5155 1740 5250 οἱξτω
1798 5158 1986 5250 xarime

2084 5158 2369 5250 lotionem
2395 5177 2408 5222 :
2434 5162 2526 5220 55
2556 5168 2615 5221 et
2645 5168 2703 5250 tu
2729 5180 2964 5243 quoque
3007 5163 3092 5227 sic
3123 5166 3289 5228 laetus
3336 5155 3733 5250 appare'Per

352 5245 559 5326 φαινου.
594 5236 830 5305 ’Ἐλαιον
859 5243 917 5302 δὲ
950 5258 1150 5334 νοεῖται
1175 5245 1282 5334 ,καὶ
1393 5244 1752 5334 ἰλεημοσύνη,
1787 5236 1986 5326 Κεφαλί

2087 5248 2283 5309 oleum
2308 5257 2502 5310 autem
2532 5257 2589 5310 et
2614 5236 2987 5332 eleemosyna
3011 5236 3394 5334 intelligitur:
3412 5236 3594 5322 l’orro
3623 5278 3728 5321 ca-

351 5332 409 5390 δὶ
464 5336 617 5411 ἡμῶν
669 5336 698 5392 6
757 5334 1005 5413 Χριστὸς,
1066 5333 1126 5390 ὅν
1168 5332 1252 5390 δεῖ
1295 5331 1524 5414 ἀλείφειν
1555 5348 1676 5398 ταῖς
1706 5333 1986 5411 ὶλεημοσύ·

2089 5345 2193 5416 put
2223 5346 2519 5426 nostrum,
2551 5338 2663 5398 hoc
2709 5345 2817 5414 est,
2853 5331 3148 5405 Christum
3208 5331 3441 5426 oportet
3465 5350 3732 5411 eleemo-

355 5441 494 5492 ναις⁶
529 5427 615 5484 καὶ
679 5427 742 5483 τὸ
798 5427 1108 5504 πρόσωπον,
1180 5423 1298 5493 ἤτοι
1347 5426 1438 5490 τὰς
1469 5427 1758 5500 αἰσθήσεις,
1809 5426 1986 5482 νίπτειε

2090 5442 2234 5505 syna
2260 5425 2468 5516 inungi
2503 5447 2517 5490 :
2558 5426 2770 5489 faicem
2805 5437 3027 5507 autem,
3058 5432 3172 5494 hoc
3206 5423 3321 5512 est,
3349 5453 3615 5516 sensum,
3643 5437 3738 5500 la-

353 5512 442 5572 διᾶ
470 5513 735 5594 δακρύων,

2089 5515 2306 5594 crymis
2335 5515 2553 5579 lavare.

443 5623 471 5674 ε
532 5605 620 5672 Μὴ
688 5607 1026 5685 θησαυρίζετε
1096 5595 1225 5682 δμῖν
1292 5606 1584 5682 θησαυρούς
1618 5604 1702 5663 ἐπὶ
1744 5609 1845 5673 τῆς
1876 5610 1980 5684 γῆς

2170 5601 2485 5688 Vsns.18,
2518 5606 2612 5670 19.
2654 5630 2679 5664 ι
2712 5604 2802 5670 Ne
2833 5607 3240 5675 thesaurizetis
3286 5612 3452 5678 vobis
3498 5615 3737 5680 thesau-
