4126 6268
418 290 538 362 207

1377 305 1971 370 THEOPHYLACTI
2011 299 2423 368 BULGARLB
2463 297 2828 368 ARGHIEP.

3679 306 3797 372 ‘208

417 451 517 498 ros
547 450 725 512 super
752 440 995 505 terram,
1025 432 1131 496 ubi
1149 451 1344 516 mgo
1367 444 1426 499 et
1445 438 1964 520 tineacorrumpit:
1999 441 2049 496 et

2140 430 2272 520 ὅπου
2343 432 2446 500 σὴς
2517 434 2607 490 καὶ
2674 435 2870 512 βρῶσις
2942 436 3200 516 ἀφανίζει·
3223 439 3313 494 καὶ
3375 438 3509 495 ὅπου
3564 438 3794 496 κλέπται

417 523 522 585 ubi
552 523 714 584 fures
743 522 1082 601 perfodiunt
1102 532 1160 584 et
1179 524 1470 591 furantur.
1501 526 1920 589 Thesaurizate
1951 544 2060 588 au-

422 620 538 674 tem
572 611 737 672 vobis
757 610 1063 673 thesauros
1091 612 1153 673 in
1184 615 1356 691 coelo,
1391 615 1492 676 ubi
1513 635 1703 696 neque
1725 633 2061 696 zerugo,ne-

417 719 533 782 que
562 701 719 762 tinea
747 700 1093 781 corrumpit,
1129 711 1188 762 et
1209 703 1308 766 ubi
1339 704 1502 766 fures
1533 725 1650 766 non
1702 705 2060 787 perfodiunt,

416 808 610 872 neque
650 789 943 851 furantur.
979 812 1002 847 ι
1039 787 1359 871 Postquam
1403 792 1597 855 inanis
1643 793 1850 872 gloriae
1897 810 2061 853 mor-

416 880 556 943 bum
584 879 776 960 ejecit,
806 887 1242 959 consequenter
1260 879 1336 943 de
1366 881 1569 961 inopia
1619 881 1901 962 loquitur.
1934 878 2061 942 Ho-

417 968 610 1031 mines
640 969 799 1031 enim
827 977 1066 1048 propter
1093 984 1296 1029 vanam
1350 969 1597 1048 gloriam
1650 970 1833 1031 multa
1863 968 2058 1050 possi-

417 1058 580 1120 dent.
621 1057 894 1119 Ostendit
932 1075 1106 1136 quam
1138 1057 1212 1118 sit
1253 1059 1465 1121 inutile
1500 1060 1807 1121 thesauros
1836 1057 2059 1121 habere

415 1164 600 1228 super
626 1153 842 1208 terram
878 1163 892 1208 :
928 1146 1066 1224 quia
1113 1164 1308 1226 aerugo
1357 1155 1416 1208 et
1468 1149 1627 1209 tinea
1674 1153 2062 1226 corrumpunt

415 1236 582 1299 cibos
621 1244 682 1296 et
719 1243 930 1298 vestes.
968 1234 1127 1296 fures
1180 1242 1376 1297 autem
1426 1255 1632 1298 aurum
1705 1243 1762 1298 et
1843 1252 2059 1314 argen-

416 1331 565 1386 tum.
615 1321 845 1383 Deinde
906 1340 982 1383 ne
1027 1322 1159 1402 quis
1203 1323 1359 1385 dicat
1418 1326 1521 1387 ei:
1579 1323 1691 1387 Sed
1747 1342 1865 1384 non
1924 1341 2048 1384 om-

411 1411 512 1474 nia
567 1410 720 1473 furto
789 1419 1079 1491 pereunt,
1144 1411 1357 1492 inquit.
1422 1413 1698 1485 Quamvis
1756 1411 1908 1474 nihil
1959 1413 2058 1473 ho-

411 1517 544 1562 rum
603 1499 699 1577 sit,
735 1508 992 1562 attamen
1049 1500 1135 1561 sic
1184 1503 1488 1563 addictum
1531 1519 1664 1564 esse
1721 1500 2052 1562 divitiarum

411 1587 841 1670 sollicitudini,
939 1589 1238 1669 quomodo
1327 1608 1446 1652 non
1522 1591 1856 1652 miserum?
1918 1589 2052 1650 ideo

410 1677 554 1740 dicit
599 1695 614 1740 ε

491 1764 671 1829 Vens.
698 1766 914 1830 21-23.
962 1789 984 1821 ς
1025 1764 1138 1830 Ubi
1168 1767 1326 1828 enim
1361 1776 1449 1829 est
1479 1768 1790 1830 thesaurus
1833 1774 2048 1847 vester,

405 1854 490 1916 ibi
521 1855 630 1916 erit
652 1862 827 1918 etcor
852 1855 1413 1918 vestrum.Lucerna
1426 1858 1692 1938 corporis
1709 1864 1798 1920 est
1819 1855 2047 1918 oculus:

407 1944 457 2006 si
485 1943 664 2022 igitur
691 1943 899 2005 oculus
931 1951 1067 2004 tuus
1099 1944 1350 2025 simplex
1381 1945 1574 2020 fuerit,
1608 1955 1790 2007 totum
1840 1963 2053 2025 corpus

406 2040 570 2094 tuum
617 2032 876 2094 lucidum
929 2033 1044 2093 erit
1076 2050 1090 2094 :
1127 2033 1178 2094 si
1213 2043 1408 2096 autem
1440 2035 1650 2097 oculus
1680 2044 1816 2096 tuus
1862 2035 2052 2096 malus

400 2120 792 2195 fuerit,totum
812 2139 1025 2202 corpus
1040 2129 1203 2182 tuum
1230 2123 1614 2185 tenebrosum
1635 2125 1763 2185 erit.
1783 2121 1846 2186 Si
1868 2124 2046 2202 igitur

401 2209 500 2272 lux
519 2227 649 2290 quae
667 2210 724 2270 in
742 2218 800 2272 te
816 2209 1194 2290 est,tenebrae
1215 2219 1372 2286 sunt,
1411 2213 1674 2274 tenebrae
1693 2213 1834 2292 ipsae
1850 2229 2042 2292 quan-

401 2297 1003 2378 tae‘hHocdiciLquod
1024 2297 1075 2360 si
1094 2298 1386 2378 adjeceris
1402 2301 1662 2361 animum
1688 2319 1865 2381 opum
1884 2299 2043 2361 solli-

404 2387 675 2461 citudini,
701 2386 1030 2448 exstinxisti
1081 2389 1406 2464 lucernam,
1432 2387 1833 2450 obtenebrasti
1879 2396 2037 2450 tuam

397 2475 685 2539 animam.
710 2477 869 2540 Sicut
897 2474 1056 2536 enim
1084 2476 1292 2538 oculus
1322 2478 1370 2539 si
1393 2477 1502 2539 sim
1513 2477 1794 2558 plex,hoc
1816 2486 1924 2550 est,
1948 2493 2038 2539 sa-

402 2582 514 2627 nus
547 2565 745 2640 fuerit,
769 2564 1066 2626 illuminat
1094 2583 1309 2646 corpus
1340 2583 1354 2628 :
1383 2566 1435 2628 si
1459 2575 1654 2628 autem
1687 2565 1896 2639 malus,
1924 2566 2036 2627 hoc

404 2664 489 2716 cst
521 2653 850 2730 morbidus,
884 2652 1255 2718 obtenebrat:
1301 2655 1380 2716 ita
1415 2663 1472 2716 et
1501 2673 1670 2718 mens
1701 2664 2034 2718 excaecatur

400 2761 519 2825 pre
551 2741 1148 2815 sollicitudine.Quod
1178 2744 1228 2805 si
1257 2761 1428 2806 mens
1460 2743 1844 2807 obtenebrata
1899 2743 2034 2806 fue-

393 2832 492 2906 rit,
510 2831 575 2893 ﬁt
606 2841 662 2894 et
690 2832 887 2894 anima
917 2830 1256 2912 tenebrosa,
1283 2840 1341 2894 et
1365 2832 1546 2894 multo
1579 2834 1764 2912 magis
1793 2851 2030 2914 corpus.

475 2921 658 2987 Vsus.
690 2923 790 2986 24.
825 2945 850 2981 ε
884 2921 1097 2985 Nullus
1129 2933 1321 3004 potest
1346 2925 1578 2988 duobus
1610 2925 1869 2987 dominis
1899 2942 2032 2987 ser-

2145 519 2474 600 διορύσσουσι
2530 522 2619 579 καὶ
2714 520 3022 587 κλέπτουσι,
3097 528 3446 605 Θησαυρίζετε
3541 526 3597 584 δὲ
3665 531 3794 603 ὗμτν

2147 611 2437 688 θησαυροὺς
2493 608 2549 665 ἂν
2610 610 2838 689 οὐρανῷ,
2897 611 3029 669 ὅπου
3060 612 3177 671 οὔτε
3250 614 3352 682 σὴς
3417 614 3536 672 οὔτε
3598 617 3792 695 βρῶσις

2146 697 2404 785 ἀφανίζει,
2478 701 2568 756 καὶ
2636 696 2768 756 ὅπου
2835 699 3066 758 κλέπται
3124 706 3185 761 ού
3234 700 3615 785 διορύσσουσιν,
3675 703 3791 762 οὐδὲ

2145 784 2483 842 κλέπτουσιν·
2519 786 2652 846 ὃπου
2706 788 2808 866 γὰρ
2865 787 3007 845 ἔστιν
3079 793 3106 846 6
3173 794 3433 871 θησαυρὸς
3462 784 3634 869 ὑμῶν,
3676 793 3791 851 ἰκεῖ

2147 873 2292 931 ἔσται
2362 875 2450 930 καὶ
2506 877 2541 943 ἡ
2593 873 2779 953 καρδία
2822 878 2994 952 ὑμῶν.
3032 900 3057 937 ε
3095 877 3246 936 Ἐπεὶ
3276 881 3339 936 :6
3369 881 3465 948 τῆς
3494 880 3788 948 κενοδοξίας

2143 961 2356 1028 ἐξέϐαλε
2430 963 2663 1044 νόσημα,
2751 967 2869 1044 περὶ
2925 968 3305 1042 ἀκτημοσύνης
3363 969 3551 1027 λοιπὸν
3619 969 3786 1049 λέγει,

2143 1054 2203 1109 01
2272 1053 2371 1131 γὰρ
2427 1051 2688 1130 ἅνθρωποι
2731 1051 2816 1109 διὰ
2877 1053 3169 1120 κενοδοξίαν
3225 1063 3454 1115 κτῶνται
3512 1061 3568 1115 τὰ
3598 1059 3784 1136 πλείω,

2143 1137 2370 1196 δείκνυσι
2427 1137 2482 1195 δὲ
2545 1149 2639 1198 τοῦ
2707 1139 2794 1197 ἰπὶ
2850 1147 2952 1221 γῆς
3010 1145 3271 1224 θησαυροῦ
3311 1148 3373 1201 :6
3419 1145 3658 1227 ἀκερδὲςο
3709 1149 3789 1205 ὅτι

2141 1229 2241 1318 σὴς
2314 1229 2410 1304 μὲν
2440 1230 2556 1318 ⁸καὶ
2624 1230 2820 1308 βρῶσις
2890 1231 3122 1311 ἀφανίζει
3164 1235 3420 1311 βρώματα
3461 1238 3548 1293 καὶ
3578 1237 3784 1318 ἱμάτια,

2140 1317 2363 1373 κλέπται
2434 1314 2512 1390 δὶ,
2573 1320 2790 1397 χρυσίον
2820 1321 2907 1375 καὶ
2949 1320 3219 1399 ἀργύριον,
3253 1323 3392 1379 Εἶτα
3420 1322 3513 1381 ἵνα
3543 1327 3621 1400 μὴ
3649 1314 3784 1402 εἶ’πῇ

2137 1426 2218 1470 τις
2275 1409 2441 1479 αὐτῷ,
2502 1403 2582 1462 ὅτι
2639 1405 2790 1464 Ἀλλ’
2818 1407 2877 1463 ού
2908 1409 3105 1472 πάντες
3131 1409 3474 1489 κλέπτονται,
3509 1415 3691 1493 φησίν⁶
3726 1417 3783 1473 Εἰ

2139 1499 2227 1554 καὶ
2297 1497 2464 1574 μηδὲν
2532 1498 2732 1556 τούτων
2783 1497 2949 1578 ἔστὶν,
3001 1497 3120 1556 ἀλλ’
3150 1502 3239 1560 06v
3278 1526 3340 1583 γε
3384 1508 3510 1563 αὐτὸ
3537 1513 3692 1564 τοῦτο
3720 1510 3782 1565 :6

2134 1586 2505 1665 προσηλῶσθαί
2557 1607 2614 1644 σε
2670 1594 2739 1664 τῇ
2800 1590 2919 1668 περὶ
2963 1595 3055 1646 τοῦ
3094 1589 3322 1650 πλούτου
3379 1595 3630 1674 μερίμνῃ,
3665 1600 3779 1662 πῶς

2073 1731 2115 1783 Β
2135 1679 2231 1734 οὒκ
2259 1674 2436 1783 ἄθλιον
2473 1695 2490 1748 ;
2524 1674 2603 1732 διὸ
2631 1674 2798 1754 λέγει·

2220 1787 2248 1820 α
2301 1756 2490 1850 "91:00
2543 1766 2642 1843 γὰρ
2701 1769 2729 1822 6
2758 1768 3018 1846 Θησαυρὸς
3061 1769 3232 1850 ὑμῶν,
3266 1769 3383 1828 ὶκεῖ
3417 1773 3503 1828 καὶ
3531 1773 3567 1840 ἡ
3597 1770 3779 1850 καρδία

2135 1853 2299 1928 ὑμῶν.
2369 1844 2428 1910 Ὀ
2478 1851 2676 1932 λύχνος
2729 1861 2822 1912 τοῦ
2880 1844 3127 1930 σῶματός
3176 1844 3316 1915 ἐστιν
3389 1862 3417 1916 6
3476 1844 3777 1940 ὀφθαλμός·

2135 1940 2224 1998 ἐὰν
2281 1941 2369 1998 οὖν
2399 1943 2426 1997 6
2472 1941 2741 2022 ὀφθαλμός
2773 1965 2866 2000 σου
2897 1942 3096 2009 ἁπλοῦς
3140 1947 3200 2020 ἦ,
3250 1946 3374 2005 ὅλον
3416 1950 3476 2007 :6
3505 1951 3663 2025 σῶμά
3686 1973 3778 2009 σου

2134 2031 2412 2111 φωτεινόν·
2464 2030 2554 2089 ἐὰν
2624 2029 2679 2086 δὲ
2735 2033 2768 2098 ἡ
2820 2031 3090 2110 ὀφθαλμός
3151 2057 3244 2093 σου
3297 2039 3529 2117 πονηρὸς
3559 2037 3617 2114 ᾖ,
3651 2038 3776 2097 ὅλον

2125 2121 2186 2175 :6
2242 2118 2399 2194 σῶμά
2453 2141 2545 2176 σου
2602 2121 2876 2177 σκοτεινὸν
2945 2121 3115 2179 ἔσται·
3168 2125 3213 2180 εἰ
3255 2125 3343 2181 οὗν
3385 2128 3446 2182 :6
3477 2133 3586 2206 φῶς
3618 2130 3679 2184 :6
3722 2129 3776 2186 ἂν

2126 2209 2206 2263 σοὶ
2265 2207 2467 2295 σκότος
2525 2209 2657 2284 ἐστὶ,
2718 2211 2778 2265 τὸ
2833 2210 3022 2274 σκότος
3073 2212 3238 2269 πόσον
3271 2232 3289 2293 ς
3328 2237 3352 2269 ι
3391 2214 3556 2272 Τοῦτό
3585 2239 3767 2295 φησιν,

2125 2296 2206 2352 ὅτι
2261 2294 2388 2354 Ἐὰν
2417 2296 2777 2384 προσηλώσῃς
2802 2300 2895 2356 τὸν
2933 2300 3052 2356 νοῦν
3093 2321 3188 2360 σου
3241 2309 3310 2379 τῇ
3339 2310 3446 2359 τῶν
3475 2294 3774 2384 χρημάτων

2125 2385 2404 2468 φροντίδι,Δ
2435 2383 2652 2448 ἔσϐεσας
2737 2386 2828 2442 τὸν
2885 2387 3110 2468 Αύχνον,
3181 2383 3624 2456 ἂσκοτισάςησου
3673 2396 3772 2462 τὴν

2121 2475 2327 2554 ψυχὴν,
2392 2465 2618 2554 ’Ὥσπερ
2671 2475 2770 2553 γὰρ
2843 2477 2871 2531 6
2921 2465 3191 2556 ὀφθαλμὸς
3234 2479 3460 2560 ἁπλοῦς,
3502 2483 3772 2542 τουτέστιν

2116 2563 2272 2641 ὑγιὴς
2328 2561 2426 2637 ὢν,
2472 2564 2682 2643 φωτίζει
2711 2568 2774 2620 τὸ
2814 2569 2993 2641 σῶμα,
3027 2565 3116 2623 ἰὰν
3169 2565 3224 2623 δὲ
3254 2573 3487 2648 πονηρὸς
3520 2571 3579 2645 ἦ,
3611 2593 3770 2629 τουτ-

2118 2650 2228 2708 έστι
2278 2650 2542 2732 νοσώδης,
2614 2652 2863 2740 σκοτίζει,
2937 2651 3077 2711 οὕτω
3127 2657 3216 2713 καὶ
3271 2659 3299 2712 6
3330 2667 3449 2721 νοῦς
3480 2664 3767 2740 τυφλοῦται

2115 2741 2217 2797 ὑπὸ
2286 2746 2384 2809 τῆς
2441 2739 2733 2821 φροντίδος,
2855 2740 2910 2797 δὲ
2946 2744 2975 2798 6
3003 2749 3124 2809 νοῦς
3177 2748 3497 2824 σκοτισθείη,
3600 2751 3761 2830 ψυχὴ

2115 2830 2304 2893 σκότος
2333 2830 2556 2908 γίνεται,
2591 2832 2679 2887 καὶ
2707 2827 2895 2905 πολλῷ
2922 2830 3125 2904 μᾶλλον
3165 2835 3226 2890 τὸ
3255 2840 3432 2910 σῶμα,

2200 2939 2226 2976 ε
2281 2917 2456 2986 οὔδεὶς
2526 2918 2736 2976 δύναται
2805 2919 2916 2977 δυσὶ
2968 2924 3164 3001 κυρίοις
3231 2921 3512 2988 δουλεύειν.
3549 2949 3578 2982 ι
3649 2929 3754 2986 Δὺο

393 3012 755 3075 virm-Duos
786 3012 1058 3074 dominos
1079 3012 1223 3076 dicit
1257 3015 1548 3077 contraria
1596 3014 2030 3095 praecipientes,

2140 3008 2322 3086 ιυρίους
2391 3007 2536 3087 λέγει
2605 3011 2726 3073 τοὺς
2779 3010 2846 3066 τὰ
2889 3009 3110 3095 ,ἔναντία
3178 3011 3578 3090 ἐπιτάττοντας,
3638 3020 3760 3074 οἷον

393 3102 647 3182 exempli
679 3100 887 3181 gratia,
919 3109 984 3162 ut
1012 3102 1171 3164 Deus
1220 3109 1280 3164 et
1327 3089 1648 3164 Mammon.
1691 3089 1806 3163 Nos
1834 3089 2033 3165 autem

2140 3099 2249 3154 θεὸν
2318 3098 2403 3153 καὶ
2472 3104 2809 3185 μαμμωνᾶν.
2889 3089 3076 3173 Ἡμεῖς
3145 3099 3202 3157 δὶ
3271 3105 3527 3179 ποιοῦμεν
3584 3106 3762 3185 κύριον

390 3190 638 3252 facimus
695 3187 1000 3250 dominum
1049 3197 1318 3251 nostrum
1375 3191 1704 3265 diabolum,
1762 3189 1915 3262 sicut
1977 3198 2036 3252 et

2140 3192 2270 3260 ,μῶν
2323 3187 2414 3242 τὸν
2471 3183 2739 3265 διάϐολον,
2799 3185 2977 3265 ὥσπερ
3035 3189 3120 3244 καὶ
3193 3190 3286 3257 τὴν
3355 3190 3562 3250 κοιλίαν
3615 3183 3756 3252 θεόν·

388 3288 657 3340 ventrem
687 3276 894 3338 deum.
945 3275 1163 3338 Natura
1204 3279 1362 3339 enim
1417 3288 1509 3341 est
1554 3297 1692 3340 vere
1723 3277 2029 3354 Dominus,

2140 3275 2261 3330 ιύσει
2333 3272 2388 3330 δὲ
2443 3278 2532 3330 καὶ
2599 3272 2814 3341 ἀληθῶς
2874 3275 3086 3354 Κύριος,
3143 3278 3172 3333 6
3229 3281 3382 3342 Θεὸςο
3446 3287 3762 3358 Μαμμωνᾶς

389 3367 571 3442 Deus,
607 3382 942 3427 mammona
973 3374 1171 3427 autem
1195 3375 1285 3428 εει
1312 3367 1624 3445 injustitia.
1665 3391 1688 3423 ε
1724 3367 1842 3428 Αιιι
1869 3367 2028 3428 enim

2143 3361 2167 3418 ἑ
2236 3361 2378 3420 ἔστιν
2446 3365 2482 3431 ἦ
2525 3362 2721 3424 ἆδικία.
2775 3382 2806 3424 ε
2848 3362 2935 3420 ’Ἥ
2977 3366 3077 3444 γὰρ
3105 3368 3197 3423 τὸν
3250 3367 3341 3425 ἳνα
3385 3372 3627 3447 μισήσει,
3674 3375 3764 3429 καὶ

391 3474 577 3517 unum
623 3454 759 3515 odio
806 3453 1046 3515 habebit
1096 3462 1154 3515 et
1200 3456 1451 3516 alterum
1501 3455 1752 3535 diliget:
1787 3465 1888 3516 aut
1927 3456 2030 3516 uni

2142 3453 2200 3507 6v
2255 3453 2433 3532 ἕτερον
2505 3453 2794 3531 ἆγάπήσει,
2848 3454 2883 3521 ἤ
2937 3461 3032 3512 τοῦ
3055 3455 3170 3521 ἑνὸς
3195 3455 3480 3535 ἀνθέξεται,
3542 3463 3628 3518 καὶ
3667 3471 3759 3521 τοῦ

389 3543 714 3607 adhaerebit
738 3551 796 3604 et
824 3545 1074 3604 alterum
1107 3551 1463 3606 contemnet.
1485 3543 1614 3606 Non
1646 3543 2027 3624 potestisDeo

2140 3540 2288 3619 τέρου
2370 3544 2785 3621 καταφρονήσει.
2871 3547 2944 3602 O6
3040 3541 3252 3602 δύνασθε
3312 3550 3429 3622 Θεῷ
3499 3545 3762 3606 δουλεύειν

387 3634 612 3695 servire
651 3640 712 3694 et
769 3649 1142 3695 mammonae.
1182 3655 1203 3690 ν
1242 3632 1424 3694 Vides
1471 3633 1628 3713 quod
1685 3651 1804 3694 non
1835 3641 2025 3712 potest

2140 3632 2196 3684 ,αὶ
2239 3636 2532 3706 μαμμωνᾷ.
2574 3653 2598 3689 ι
2637 3628 2792 3710 Ὀρᾷς
2824 3630 2904 3687 ὅτι
2937 3635 3031 3692 οὐκ
3061 3633 3176 3690 ἔστι
3207 3631 3425 3693 δυνατὸν
3464 3639 3554 3694 τὸν
3583 3638 3758 3696 πλού-

387 3724 551 3784 dives
580 3729 640 3782 et
659 3719 911 3799 injustus
942 3721 1067 3782 Deo
1098 3722 1354 3783 servire!
1389 3721 1609 3801 Abjicit
1625 3723 1779 3783 enim
1801 3720 2029 3782 divitia-

2143 3739 2221 3775 ιον
2289 3722 2374 3775 καὶ
2434 3718 2611 3776 ἄδικον
2669 3722 2785 3794 Qui}
2843 3718 3105 3779 δουλεύειν
3150 3721 3484 3798 ςἘκϐάλλει
3516 3728 3616 3805 γὰρ
3659 3729 3756 3785 αὖ·

384 3829 514 3872 rum
545 3826 714 3871 amor
731 3827 764 3869 a
788 3807 934 3869 Deo.

2140 3808 2196 3863 6v
2240 3809 2276 3875 ἡ
2319 3806 2726 3888 φιλοχρηματία
2755 3808 2861 3865 ἆπὸ
2896 3816 3050 3873 θεοῦ.

465 3897 773 3962 Vsns.25.
815 3921 838 3952 ιι
868 3899 1190 3977 Propterea
1236 3899 1367 3960 dico
1417 3899 1603 3975 vobis,
1665 3917 1741 3960 ne
1789 3897 2024 3970 solliciti

2192 3918 2222 3950 α
2270 3898 2367 3952 Διά
2436 3905 2587 3954 τοῦτο
2634 3897 2776 3977 γέγω
2829 3899 2980 3978 ὑμῖν,
3041 3899 3120 3974 μὴ
3175 3908 3464 3978 μεριμνᾶτε
3489 3909 3557 3981 τῇ

384 3987 514 4050 sitis
547 3989 761 4049 animae
789 3993 999 4049 vestras
1031 3989 1171 4068 quid
1203 3990 1362 4053 esuri
1411 3990 1536 4051 sitis
1580 3997 1678 4050 aut
1727 3989 1970 4049 hibituri
2004 4007 2018 4053 :

2140 3990 2252 4060 μῶν
2305 3988 2356 4040 τί
2409 3988 2614 4067 φάγητε
2670 3989 2756 4043 καὶ
2784 3990 2834 4044 τί
2871 3988 3053 4069 πίητε,
3087 3987 3226 4064 μηδὲ
3267 3998 3344 4064 τῷ
3365 3992 3573 4067 σώματι
3604 3984 3756 4070 ὑμῶν

381 4095 577 4158 neque
605 4076 839 4156 corpori
859 4084 1052 4137 vestro
1083 4076 1298 4157 quibus
1347 4078 1708 4139 indumentis
1763 4077 1953 4140 usuri.
1989 4102 2009 4134 ε

2140 4072 2150 4129 ί
2203 4071 2503 4142 ἕνδύσησθε,
2562 4098 2588 4132 ε
2655 4077 2754 4131 Διὰ
2781 4086 2956 4151 τοῦτο,
2992 4089 3153 4134 ποῖον
3189 4097 3206 4157 ;
3241 4080 3339 4134 Διᾶ
3366 4082 3427 4136 τό
3456 4081 3562 4138 ἀπὸ
3620 4090 3753 4142 Θεοῦ

380 4164 546 4238 Quod
567 4174 654 4226 est
676 4166 1134 4245 lioc,propterea
1160 4185 1173 4228 :
1203 4166 1252 4227 A
1267 4165 1389 4228 Deo
1417 4166 1556 4247 ejici
1574 4173 1822 4246 prapter
1845 4165 2020 4247 opes?

2140 4159 2443 4220 ιϐάλλεσθαι
2515 4165 2616 4221 ὑπὸ
2665 4169 2771 4222 τῶν
2840 4167 3162 4247 χρημάτων
3228 4168 3345 4248 Οὒχ
3407 4172 3442 4238 ἡ
3496 4172 3651 4252 ψυχὴ
3694 4170 3751 4229 δί

376 4255 505 4316 Non
543 4255 801 4316 comedit
829 4261 1024 4315 autem
1055 4255 1275 4330 anima,
1328 4256 1678 4337 incorporea
1711 4254 1869 4317 enim
1899 4263 2009 4331 est,
2041 4325 2049 4337 Ι

2140 4254 2278 4327 τθίει,
2348 4252 2630 4327 ἀσώματον
2679 4255 2805 4334 γὰρ,
2850 4255 2989 4311 ἀλλὰ
3036 4257 3175 4313 κατὰ
3230 4258 3329 4324 τὴν
3372 4261 3556 4328 κοινὴν
3574 4249 3750 4332 συνή-

376 4345 479 4404 sed
501 4345 666 4423 juxta
694 4362 1072 4405 communem
1103 4324 1590 4408 consuetudinem
1639 4346 1868 4406 locutus
1899 4324 2009 4405 est.
2036 4325 2049 4374 ¹

2140 4324 2269 4397 ιιαν-
2304 4324 2476 4398 τοῦτοῄ
2526 4324 2706 4401 εἶπε..
2752 4324 2916 4401 λόιιεῖ
2957 4345 3057 4423 γὰρ
3084 4346 3118 4412 ἡ
3153 4347 3309 4425 ψυχὴ
3338 4348 3418 4422 μή
3465 4324 3748 4427 ἀνέχεσθαι

373 4433 624 4495 Videtur
652 4441 846 4494 autem
878 4433 1076 4494 anima
1104 4452 1220 4494 non
1247 4452 1418 4513 posse
1450 4453 1580 4496 esse
1631 4435 1692 4494 in
1737 4451 2009 4513 corpore,

2140 4432 2236 4485 ῖναι
2295 4431 2351 4486 ἐν
2397 4440 2474 4506 τῷ
2529 4432 2763 4510 σώματι,
2837 4434 2882 4490 εἴ
2937 4434 3016 4510 μὴ
3086 4435 3333 4514 τρέφοιτο
3359 4439 3395 4504 ἡ
3453 4437 3603 4515 σάρξ.
3637 4442 3746 4500 Ούιι

371 4523 479 4582 nisi
512 4530 784 4599 pascatur
812 4520 1108 4583 caro.Non
1138 4522 1397 4603 explodit
1425 4531 1622 4584 autem
1646 4523 2014 4602 operari,sed

2140 4516 2341 4578 ιϐἀλλει
2397 4518 2451 4576 δὶ
2522 4522 2584 4578 :6
2612 4521 2942 4602 ἂργᾶζεσοαι,
2992 4521 3130 4581 ἀλλὰ
3171 4527 3234 4581 τὸ
3262 4525 3344 4600 μὴ
3373 4523 3568 4584 διδόναι
3601 4525 3746 4591 ὅλως

369 4610 602 4689 seipsos
634 4618 784 4670 totos
814 4611 974 4670 curis
1000 4610 1234 4671 tradere
1263 4621 1318 4673 et
1351 4611 1654 4690 negligere
1684 4611 2015 4686 Deum,hoc

2140 4609 2312 4696 ιυτοὺς
2389 4622 2520 4696 ταῖς
2600 4612 2859 4690 φροντίσι,
2931 4613 3019 4669 καὶ
3088 4611 3312 4688 ἀμελεῖν
3370 4617 3522 4696 Θεοῦ,
3591 4623 3747 4674 τοῦτο

369 4706 458 4758 est
491 4697 647 4777 quod
681 4697 979 4778 prohibet,
1013 4699 1290 4778 quoniam
1315 4707 1570 4786 etiagros
1599 4699 1799 4761 colere
1827 4717 2009 4778 opor-

2140 4695 2311 4760 ωλύει,
2386 4695 2535 4755 Ἐπεὶ
2591 4701 2678 4758 καὶ
2734 4715 2994 4782 γεωργεῖν
3051 4699 3156 4782 δεῖ,
3205 4701 3342 4760 ἀλλὰ
3411 4695 3513 4761 καὶί
3556 4709 3744 4786 ψυχῆς

366 4794 450 4850 ιει
478 4788 770 4874 etanimae
789 4804 990 4846 curam
1016 4786 1265 4847 habere.
1294 4809 1318 4843 ε
1346 4785 1558 4848 Nonne
1597 4787 1796 4848 anima
1825 4788 2008 4866 pluris

2140 4788 2401 4864 ιοντίζειν.
2449 4809 2478 4842 α
2537 4791 2672 4869 ούχῖ
2729 4792 2763 4858 ἡ
2797 4791 2952 4870 ψυχὴ
2993 4789 3186 4849 πλεῖόν
3235 4791 3346 4850 ἔστι
3377 4797 3491 4874 ,τῆς
3518 4785 3745 4874 τροφῆς,

363 4884 452 4936 est
471 4892 646 4956 quam
677 4873 866 4948 cibus,
897 4883 952 4936 et
982 4893 1199 4955 corpus
1225 4894 1399 4956 quam
1423 4875 2008 4940 indumentum?Hoc

2140 4875 2177 4931 ιὶ
2206 4876 2268 4932 :6
2295 4882 2452 4952 σῶμα
2484 4883 2576 4934 τοῦ
2603 4877 2892 4954 ινδύματος
2920 4897 2937 4960 ;
2975 4901 3000 4937 ε
3035 4879 3337 4958 Tuda-rw,
3374 4872 3431 4940 ὀ
3462 4883 3524 4939 :0‘
3555 4872 3742 4959 μεῖζον

361 4973 471 5038 est,
506 4965 603 5044 qui
657 4964 848 5043 majus
905 4963 1069 5026 dedit
1121 4982 1336 5044 nempe
1393 4965 1653 5026 animam
1707 4972 1765 5026 et
1793 4981 2007 5044 corpus

2140 4964 2234 5045 ιὺς,
2291 4965 2389 5033 τὴν
2445 4966 2633 5046 ψυχὴν
2674 4969 2763 5025 καὶ
2805 4969 2868 5025 :6
2924 4968 3081 5044 σῶμα
3131 4967 3448 5049 διαπλάσας,
3482 4973 3542 5028 06
3583 4968 3743 5030 δὼσει

358 5051 550 5132 ipsum
577 5053 670 5113 54
698 5052 992 5134 formavit,
1026 5073 1145 5115 non
1168 5052 1333 5114 dabit
1363 5059 1421 5115 et
1441 5052 1790 5116 alimentum
1823 5061 1880 5114 et
1909 5053 2004 5115 in-

2140 5054 2177 5109 ιὶ
2205 5054 2403 5133 τροφὴν
2443 5055 2531 5110 καὶ
2557 5052 2818 5132 ἐνδύματα
2852 5075 2871 5138 ς

355 5139 711 5203 dumentum
737 5147 766 5203 ’ἰ

436 5231 624 5292 Vsns.
660 5229 762 5290 26.
796 5251 820 5285 ι
847 5229 1108 5310 Aspicite
1141 5230 1214 5292 ad
1233 5229 1488 5293 volatilia
1520 5231 1678 5308 cceli,
1715 5229 1854 5314 quia
1881 5249 2000 5293 non

2171 5253 2200 5285 α
2249 5227 2587 5308 Ἐμϐλάψατε
2613 5235 2686 5301 εἷς
2754 5236 2821 5293 τὰ
2892 5234 3110 5292 πετεινᾶ
3169 5237 3260 5292 :06
3287 5235 3531 5318 ούρανοῦ,
3559 5236 3640 5295 ὅτι
3671 5240 3735 5297 οὐ

350 5326 580 5394 serunt,
613 5335 808 5397 neque
837 5328 1296 5400 metunt,neque
1317 5328 1678 5400 congregant
1698 5321 1759 5382 in
1781 5321 2002 5383 horre-

2140 5321 2403 5401 ιείρουσιν,
2461 5321 2578 5379 οὐδὲ
2673 5325 2983 5403 Θερίζουσιν,
3067 5321 3184 5380 οὐδὲ
3257 5326 3569 5406 σύνᾶγουσιν
3655 5329 3731 5393 είς

348 5425 446 5468 um
457 5416 540 5488 ,et
556 5410 725 5497 Pater
734 5415 932 5497 vester
953 5407 1218 5470 caelestis
1231 5409 1418 5488 pascit
1436 5428 1526 5471 ea:
1539 5428 1737 5472 nonne
1753 5428 1857 5472 vos
1871 5409 1998 5471 lon-

2140 5410 2375 5485 ιοθήκας,
2433 5412 2522 5468 καὶ
2591 5413 2620 5468 δ
2693 5415 2877 5494 Πατὴρ
2946 5415 3096 5492 ὑμῶν
3166 5416 3200 5470 6
3261 5416 3494 5494 οὐράνιος
3553 5418 3742 5497 τρέφει·

348 5514 421 5575 ge
444 5495 781 5578 pracellitis
805 5494 970 5557 illa?»
1004 5497 1300 5562 Potuisset
1327 5498 1539 5561 aﬂ‘erre
1561 5499 1620 5562 in
1654 5498 1991 5578 exemplum

2142 5498 2230 5561 τὰ.
2295 5502 2411 5581 Οὐχ
2466 5502 2622 5577 ὑμεῖς
2654 5501 2861 5579 μᾶλλον
2904 5501 3174 5584 διαφέρετε
3229 5506 3402 5564 αὐτῶν
3435 5525 3452 5583 ;
3489 5527 3536 5564 ι,
3557 5494 3734 5566 ΔΜ-

346 5584 573 5650 Heliam
623 5592 684 5648 et
734 5584 1053 5662 Joannem,
1085 5595 1146 5648 et
1202 5585 1476 5649 meminit
1522 5588 1714 5651 avium
1749 5604 1762 5651 :
1794 5593 1853 5649 ut
1885 5605 1993 5649 nos

2140 5609 2233 5650 ,νος
2262 5604 2613 5669 παρενεγκεῖν
2679 5593 2752 5656 εἰς
2826 5591 3162 5673 παράδειγμα
3231 5593 3323 5650 τδν
3393 5591 3606 5673 Ἧλίαν,
3640 5598 3736 5655 τδν
