4122 6270
275 402 390 468 209

913 407 1356 472 ENARRATIO
1397 409 1480 473 IN
1524 402 2032 474 EVANGELIUM
2074 405 2476 472 MATTMI.
2522 437 2600 453 --
2639 409 2810 474 CAP.
2859 409 2997 474 VII.

3523 408 3646 474 240

263 533 539 611 Ἰωάννην,
612 539 883 615 μέμνηται
955 543 1064 596 τῶν
1133 547 1413 598 πετεινῶν⁶
1473 541 1566 598 ’ίνα
1633 541 1777 614 ἡμᾶς
1821 539 1898 596 ιν-

1998 536 2227 618 pudore
2253 537 2500 614 efficiat,
2533 539 2691 622 quod
2744 557 2853 602 nos
2883 539 3073 619 magis
3103 539 3280 604 etiam
3311 559 3488 623 quam
3537 542 3641 608 illa

263 625 455 707 τρέψῃ,
542 626 623 684 ὅτι
691 627 778 685 καὶ
808 628 1007 686 τούτων
1036 627 1364 708 ἂλογώτεροί
1391 628 1579 706 ὶσμεν.
1637 629 1822 709 ’τρέφει
1853 627 1909 685 δὶ

261 714 392 772 αὐτὰ
474 719 502 772 6
528 718 678 790 Θεὸς,
712 719 874 782 Mel:
945 717 1135 778 αὐτοῖς
1165 719 1393 797 φυσικὴν
1440 725 1633 796 γνῶσιν
1662 720 1792 797 πρὸς
1849 718 1910 773 τὸ

259 805 452 884 τροφὰς
480 803 782 884 συλλέγειν.

344 915 374 949 ε
408 894 500 958 Τίς
558 891 612 951 δὶ
671 891 721 959 ιξ
772 895 920 968 ὑμῶν
964 900 1253 972 μεριμνῶν,
1325 894 1536 952 δύναται
1603 899 1905 974 προσθεῖναι

257 982 340 1038 ἐπὶ
409 983 508 1050 τὴν
529 980 740 1051 ἡλικίαν
804 986 961 1040 αὐτοῦ
1003 987 1186 1063 πῆχυν
1209 983 1348 1062 Eva;
1403 1005 1428 1041 ε
1503 989 1667 1042 Τοῦτο
1718 1005 1900 1064 φησιν,

259 1070 339 1128 ὅτι
426 1071 533 1130 [is
609 1078 890 1151 μεριμνᾷς,
952 1071 1068 1131 0686
1141 1086 1323 1136 ποιεῖς
1382 1075 1461 1149 μὴ
1515 1071 1758 1136 θέλοντος
1813 1083 1904 1134 τοῦ

262 1167 414 1222 Θεου.
464 1163 524 1220 Τί
563 1162 734 1219 τοίνυν
777 1168 1035 1240 περιττῶς
1063 1164 1415 1226 κατακόπτεις
1445 1163 1662 1220 σεαυτὸν
1689 1182 1706 1237 ;

346 1271 369 1307 ε
408 1251 507 1309 Καὶ
550 1251 665 1328 περὶ
694 1249 976 1325 ίνδύματος
1048 1252 1097 1306 τί
1147 1256 1433 1328 μεριμνᾶτε
1467 1270 1483 1329 ς
1561 1251 1902 1326 Καταμάθετε

260 1340 323 1395 τὲ
375 1340 523 1417 κρίνα
562 1345 656 1396 τοῦ
724 1339 912 1416 ἀγροῦ,
956 1343 1070 1404 πῶς
1129 1337 1370 1404 αὖξάνειο
1418 1340 1478 1396 06
1529 1339 1712 1412 κοπιᾷ,
1785 1338 1901 1396 οὐδὲ

259 1429 425 1496 νήθει,
462 1426 612 1504 Λέγω
641 1425 696 1483 δὲ
721 1428 872 1500 ὑμῖν,
926 1424 1006 1482 ὅτι
1051 1425 1166 1484 ούδὲ
1217 1426 1472 1501 Σολομὼν
1520 1425 1574 1481 ἂν
1629 1427 1773 1503 πάσῃ
1834 1432 1901 1502 τῇ

258 1513 378 1591 δόξῃ
433 1517 589 1573 αὒτοῦ
644 1512 984 1594 περιεϐάλετο
1014 1517 1086 1576 ὡς
1137 1513 1190 1571 ’ἐν
1221 1514 1441 1576 τούτων.
1498 1533 1528 1573 )
1592 1516 1664 1573 Οὐ
1734 1514 1896 1589 μόνον

255 1603 360 1659 ἀπὸ
418 1607 525 1659 τῶν
577 1601 785 1680 ἀλόγων
841 1609 1055 1669 πτηνῶν
1117 1602 1351 1681 ἐντρέπει
1414 1603 1578 1676 ἡμᾶς,
1631 1601 1766 1659 ἀλλὰ
1807 1604 1894 1659 καὶ

256 1692 360 1748 ἀπὸ
407 1697 514 1748 τῶν
583 1694 770 1771 κρίνων
819 1698 926 1748 τῶν
995 1690 1418 1768 μαραινομένων,
1452 1693 1508 1749 Εἰ
1561 1692 1659 1770 γὰρ
1703 1695 1730 1748 6
1763 1694 1891 1756 Θεὸς

1991 627 2220 712 ratione
2263 627 2677 690 destitusmur.
2733 628 2927 691 Pascit
2963 636 3161 691 autem
3187 646 3289 691 eas
3322 628 3500 704 Deus,
3533 633 3636 712 qni

1989 711 2206 776 indidit
2236 714 2322 777 eis
2343 717 2672 779 naturalem
2705 717 3018 781 scientiam
3047 717 3121 779 ad
3152 718 3514 797 colligendas
3538 711 3636 783 es-

1991 819 2111 864 cas.

2070 892 2256 954 Vsus.
2288 894 2580 968 27.:Quis
2607 903 2803 958 autem
2832 915 2903 957 ex
2934 893 3099 956 vobis
3127 895 3420 958 sollicitus
3441 904 3636 979 potest

1984 998 2285 1061 apponere
2303 982 2377 1044 ad
2406 991 2688 1045 staturam
2721 1001 2887 1046 suam
2918 983 3185 1046 cubitum
3217 990 3476 1047 unum?»
3509 984 3635 1048 Hoc

1985 1069 2196 1150 inquit,
2229 1072 2409 1150 quod,
2441 1072 2578 1134 licet
2622 1072 2913 1134 sollicitus
2943 1072 3048 1144 sis,
3080 1072 3227 1134 nihil
3261 1074 3486 1154 poteris
3514 1092 3633 1136 non

1987 1158 2219 1220 volente
2245 1157 2390 1222 Deo.
2417 1160 2535 1223 Cur
2555 1161 2730 1240 igitur
2759 1161 2821 1222 in
2850 1180 3068 1223 vanum
3092 1163 3321 1225 crucias
3345 1163 3635 1243 teipsum?

2068 1247 2250 1310 Vsus.
2280 1246 2381 1328 28,
2414 1249 2514 1312 29.
2555 1274 2582 1305 ι
2616 1247 2685 1311 Et
2714 1249 2790 1311 de
2821 1249 3171 1312 vestimento
3218 1250 3360 1331 quid
3397 1248 3632 1314 solliciti

1987 1333 2157 1396 estis?
2205 1335 2592 1399 Considerate
2621 1337 2745 1398 lilia
2773 1338 2926 1416 agri,
2960 1339 3256 1417 quomodo
3308 1347 3580 1401 crescant
3613 1359 3628 1400 :

1984 1440 2102 1483 non
2133 1423 2422 1499 laborant,
2459 1444 2651 1506 neque
2685 1434 2848 1488 nent.
2887 1425 3030 1488 Dico
3057 1434 3254 1488 autem
3279 1426 3633 1509 vobis,quod

1985 1528 2178 1592 neque
2207 1512 2488 1575 Salomon
2521 1515 2582 1575 in
2615 1516 2774 1576 omni
2801 1514 2990 1593 gloria
3020 1533 3127 1576 sua
3152 1515 3404 1577 amictus
3433 1515 3541 1578 fuit
3570 1523 3632 1579 ut

1975 1619 2158 1661 unum
2193 1620 2261 1664 ex
2289 1603 2442 1664 his.»
2465 1604 2594 1666 Non
2628 1603 2818 1664 solum
2853 1621 2960 1683 per
2982 1621 3121 1665 aves
3152 1605 3380 1664 ratione
3409 1621 3629 1667 caren-

1973 1696 2062 1750 tes
2088 1707 2192 1753 nos
2223 1691 2523 1764 admonet,
2548 1692 2653 1753 sed
2685 1700 2744 1754 et
2766 1710 2870 1772 per
2911 1691 3036 1753 lilia
3063 1710 3194 1772 quae
3227 1701 3628 1755 marcescunt.

254 1784 440 1838 ὶκεττα
497 1780 662 1844 σῖτως
695 1778 1052 1854 ἐκαλλώπισε,
1105 1781 1274 1836 καίτοι
1370 1777 1634 1856 μηδεμιᾶς
1704 1781 1891 1862 χρείας

1997 1781 2126 1840 Nam
2153 1780 2203 1840 si
2235 1780 2397 1842 Deus
2421 1780 2523 1842 illa
2555 1783 2640 1843 sic
2664 1781 2916 1860 ornavit,
2941 1780 3210 1860 quamvis
3240 1779 3399 1842 nulla
3423 1799 3634 1843 neces-

257 1870 445 1949 οὔσης,
517 1869 666 1942 πόσῳ
723 1867 922 1944 μᾶλλον
966 1868 1066 1934 τὴν
1094 1869 1277 1948 χρείαν
1311 1874 1418 1924 τῶν
1456 1869 1726 1948 ἡμετέρων
1754 1869 1898 1926 ὶνδυο

257 1959 440 2032 μάτων
489 1956 912 2035 ἆποπληρώσεις
994 1957 1227 2013 Δείκνυσι
1297 1954 1351 2012 δὲ
1404 1954 1512 2036 ὅτι,
1568 1956 1665 2015 κᾶν
1722 1957 1896 2016 πολλὰ

255 2049 613 2126 μεριμνήσῃς,
687 2048 746 2103 0-3
815 2045 1012 2122 δυνήσῃ
1066 2044 1500 2114 καλλωπισθῆναι
1526 2049 1598 2110 ὡς
1627 2048 1693 2103 τὰ
1721 2051 1888 2126 κρίνα·

253 2137 382 2196 ὅπου
452 2158 514 2213 γε
583 2135 834 2210 Σολομὼν
866 2137 893 2191 6
923 2136 1320 2215 φρονιμὼτατος
1365 2136 1454 2190 καὶ
1501 2135 1894 2216 τρυφηλότατος

249 2224 330 2281 διὰ
401 2225 582 2292 πάσης
638 2229 795 2283 αὖτοῦ
853 2223 945 2290 τῆς
1015 2221 1287 2298 βασιλείας
1318 2223 1412 2279 οὐκ
1441 2221 1634 2303 ἴσχυσε
1667 2223 1891 2304 περιϐα-

249 2313 427 2370 λέσθαι
454 2336 502 2370 τι
535 2319 795 2374 τοιοῦτον.

337 2427 365 2457 ι
418 2404 477 2460 Et
545 2400 598 2458 δί
669 2404 759 2458 τὸν
818 2403 1013 2481 χόρτον
1081 2401 1172 2457 τοῦ⁹
1202 2403 1362 2480 ἀγροῦ
1391 2404 1625 2481 σήμερον
1654 2401 1778 2458 ὄντα
1806 2405 1894 2460 καὶ

249 2493 421 2567 αὔριον
500 2491 572 2553 εἷς
601 2487 846 2546 κλίϐανον
919 2487 1247 2565 βαλλόμενον
1304 2491 1331 2545 6
1363 2491 1491 2554 Θεὸς
1514 2490 1678 2553 οὕτως
1723 2490 1893 2569 ἀμφι-

249 2581 472 2655 εννυσιν,
544 2581 603 2635 οὐ
670 2577 854 2652 πολλῷ
925 2576 1128 2653 μᾶλλον
1197 2579 1358 2652 ὑμᾶς,
1432 2577 1802 2659 όλιγόπιστοι;
1863 2602 1887 2638 ι

250 2669 596 2742 Ιανθᾶνομεν
642 2666 898 2745 ἐντεῦθεν,
983 2669 1062 2724 ὸτι
1108 2668 1168 2723 οὔ
1199 2664 1282 2722 δεῖ
1347 2667 1632 2746 φροντίζειν
1677 2667 1895 2726 καλλω-

1978 1869 2118 1929 sitas
2149 1868 2363 1946 exigat,
2412 1877 2630 1949 quanto
2684 1869 2871 1948 magis
2910 1868 3220 1947 penuriam
3269 1883 3535 1932 neSIram
3566 1870 3626 1932 in

1976 1957 2236 2020 vestibus
2293 1957 2623 2039 supplebit?
2684 1957 2966 2021 Ostendit
3021 1964 3218 2018 autem
3273 1959 3432 2037 quod
3489 1958 3628 2020 licet

1979 2048 2228 2108 multum
2278 2047 2567 2109 sollicitus
2618 2047 2722 2121 sis,
2749 2065 2868 2108 non
2927 2047 3149 2127 poteris
3198 2053 3396 2107 tamen
3427 2049 3625 2108 ornari

1977 2134 2131 2196 sicut
2159 2135 2281 2198 lilia
2317 2157 2331 2197 :
2369 2134 2852 2218 quandoquidem
2910 2152 3104 2215 neque
3154 2133 3434 2196 Salomon
3480 2153 3624 2215 pru-

1979 2223 2362 2287 dentissimus
2397 2234 2456 2288 et
2493 2224 2950 2286 delicatissimus
2977 2223 3040 2284 in
3090 2222 3254 2286 omni
3302 2240 3486 2303 regno
3517 2241 3624 2286 suo

1978 2315 2169 2394 potuit
2195 2315 2394 2375 ornari
2426 2323 2489 2376 ut
2519 2332 2700 2376 unum
2724 2332 2795 2375 ex
2826 2313 2969 2376 illis.

2059 2403 2239 2464 Vsus.
2278 2403 2375 2464 30.
2418 2425 2442 2459 ι
2479 2402 2648 2475 Quod
2686 2402 2736 2462 si
2779 2419 3025 2481 gramen
3055 2401 3202 2477 agri,
3258 2399 3416 2481 quod
3447 2400 3626 2462 hodie

1978 2507 2113 2552 cum
2137 2489 2235 2567 sit,
2265 2510 2400 2554 cras
2431 2493 2488 2552 in
2521 2491 2820 2554 clibanum
2851 2488 3294 2565 mittitur,Deus
3315 2489 3402 2551 sic
3421 2489 3620 2566 vestit,

1976 2596 2052 2640 an
2083 2597 2200 2640 non
2245 2581 2430 2642 multo
2469 2583 2655 2658 magis
2681 2578 2848 2640 vobis
2875 2578 2935 2640 id
2966 2577 3163 2652 faciet,
3197 2595 3405 2657 parum
3437 2576 3622 2640 fiden-

1978 2673 2128 2730 tes?»
2159 2666 2458 2732 Discimus
2489 2669 2600 2730 hoc
2631 2669 2764 2730 loco
2794 2667 2953 2749 quod
2986 2666 3184 2728 nullus
3214 2683 3423 2729 curare
3445 2666 3626 2729 debet

251 2764 476 2833 πισμού.
536 2763 698 2815 τοῦτο
754 2757 854 2834 γὰρ
929 2763 1036 2812 τῶν
1092 2757 1423 2835 προσκαίρων
1494 2756 1688 2836 ἀνθέων
1733 2757 1892 2822 ἔστὶν,

1997 2765 2279 2818 irnatum.
2315 2759 2440 2821 Hoc
2488 2757 2647 2820 enim
2694 2757 3050 2819 caducorum
3082 2757 3295 2817 ﬂorum
3325 2763 3453 2817 est:
3487 2757 3623 2836 qui-

261 2837 439 2902 "une
497 2851 601 2908 πᾶς
656 2843 1144 2924 καλλωπιζόμενος,
1180 2851 1377 2924 χόρτος
1411 2844 1573 2908 ἐστὶν.
1615 2835 1779 2921 ’Υμᾶς
1847 2846 1898 2904 δὲ

1997 2863 2218 2926 cunque
2244 2865 2350 2926 ego
2383 2853 2648 2920 ornatur,
2684 2845 2883 2906 fenum
2915 2852 3025 2906 est.
3061 2845 3179 2904 Vos
3211 2852 3408 2905 autem
3449 2835 3623 2920 dixit,

259 2949 402 3010 εἷπε,
446 2935 569 2998 τοὺς
597 2933 865 3013 λογικούς,
919 2937 1004 2998 οἷς
1062 2939 1245 3013 ψυχῆν
1267 2935 1356 2990 καὶ
1387 2939 1542 3010 σῶμα
1599 2932 1898 2992 διέπλασενο

1997 2934 2328 3016 rationales,
2361 2935 2578 3017 quibus
2608 2937 2765 2998 Deus
2795 2933 3055 2996 animam
3083 2941 3142 2995 et
3161 2951 3379 3012 corpus
3407 2933 3626 2994 forma-

256 3023 583 3102 ὀλιγόπιστοι
627 3021 682 3078 δὲ
713 3022 903 3088 πάντες
961 3024 1007 3080 οἱ
1039 3029 1418 3100 μεριμνῶντες,
1453 3021 1653 3103 Είςγᾶρ
1697 3026 1898 3082 τελείαν

1997 3025 2085 3086 vit.
2118 3028 2333 3087 Parum
2365 3025 2556 3086 fidunt
2600 3031 2797 3086 autem
2848 3039 3056 3084 omnes
3101 3020 3363 3085 solliciti.
3395 3019 3542 3083 Nam
3568 3021 3621 3083 si

252 3114 411 3191 εἶχον
469 3113 544 3174 εἰς
602 3113 728 3168 Θεὸν
786 3109 984 3183 πίστιν,
1058 3110 1154 3167 οὐκ
1211 3109 1272 3167 ἄν
1356 3110 1650 3188 ὶμερίμνων
1733 3111 1898 3178 οὕτως

1997 3113 2302 3191 perfectam
2332 3115 2391 3174 in
2425 3115 2611 3177 Deum
2638 3111 2928 3174 haberent
2949 3109 3281 3182 ﬁdem,non
3301 3115 3419 3170 tam
3449 3109 3624 3171 enixe

253 3199 532 3264 ὶιαενδότως
543 3244 560 3261 .

1997 3201 2221 3265 solliciti
2245 3213 2466 3265 essent.

330 3312 358 3343 ε
422 3289 510 3356 Μὴ
566 3287 653 3344 οὖν
709 3289 1098 3365 μεριμνήσητε,
1159 3286 1428 3365 λέγοντες·
1459 3289 1518 3349 Τί
1549 3291 1826 3371 φάγωμεν,
1857 3291 1894 3359 ἢ

2059 3293 2240 3355 Vsus.
2265 3293 2333 3355 31
2353 3341 2369 3368 ,
2390 3291 2490 3354 32.
2520 3292 2643 3354 cNe
2665 3289 2842 3368 igitur
2870 3286 3110 3350 solliciti
3139 3285 3272 3348 sitis
3300 3286 3568 3348 dicentes
3601 3303 3615 3347 :

247 3378 297 3433 τί
379 3377 608 3452 πίωμεν,
666 3376 701 3443 ἤ
757 3376 806 3433 τί
874 3373 1322 3456 περίδαλώμεοα;
1368 3377 1545 3436 Πέντα
1591 3380 1691 3457 γὰρ
1733 3387 1895 3438 ταῦτα

1997 3378 2127 3452 ὶυὶᾱ
2160 3380 2427 3462 edemus,
2459 3389 2556 3442 aut
2585 3378 2726 3460 quid
2767 3377 3066 3456 bibemus,
3093 3384 3194 3438 aut
3223 3374 3438 3456 quibus
3469 3393 3620 3453 ope-

251 3468 316 3523 τᾶ
341 3467 466 3531 ὶθνη
526 3464 795 3536 ἰπιζητετ.
838 3486 862 3519 ι»
938 3465 1007 3522 T6
1065 3465 1160 3540 μὲν
1217 3478 1418 3545 φαγεῖν,
1467 3466 1524 3523 οὗ
1579 3467 1794 3528 κωλύει.
1828 3471 1898 3527 Τὸ

252 3551 304 3608 δὲ
360 3552 560 3632 λέγειν,
622 3553 680 3610 Τί
747 3551 1051 3631 φάγωμενς
1125 3543 1342 3612 κωλύει.
1405 3543 1488 3611 ι’0
1545 3553 1787 3632 λέγουσιν
1853 3560 1899 3612 οἱ

255 3641 498 3698 πλοὺσιοι
552 3638 642 3720 ἀφ’
681 3639 931 3719 ἑσπέρας⁸
997 3643 1057 3700 Τί
1125 3645 1377 3721 φάγωμεν
1449 3641 1674 3721 αὕριονς

255 3731 330 3787 ὅτι
366 3731 465 3797 τὴν
495 3731 689 3809 τρυφὴν
734 3731 818 3786 καὶ
848 3731 944 3798 τὴν
987 3728 1131 3809 ὕϐριν
1161 3730 1378 3790 κωλὺει.

1775 3647 1896 3718 ὁρᾷς

336 3931 365 3962 ε
403 3905 532 3964 Οἵδε
579 3908 678 3985 γὰρ
707 3909 736 3964 6
782 3908 962 3987 Πατὴρ
989 3909 1137 3982 ὑμῶν
1194 3910 1221 3964 6
1269 3908 1504 3986 οὐράνιος
1543 3910 1624 3966 ὃτι
1670 3917 1895 3990 χρῇζετε

251 3996 449 4052 τοὺτῶν
478 3995 752 4058 ἁπάντων,
813 4004 1033 4063 Ζητεττε
1086 3994 1140 4051 δὲ
1213 4001 1418 4076 πρῶτον
1463 3999 1561 4066 την
1620 3997 1897 4074 βασιλείαν

250 4087 341 4142 10-3
384 4087 540 4164 Θεοῦ,
601 4086 686 4141 καὶ
756 4085 856 4151 τὴν
929 4083 1262 4153 δικαιοσὺνην
1338 4090 1516 4167 αὐτοῦ,
1576 4089 1664 4146 καὶ
1732 4098 1894 4148 ταῦτα

251 4173 422 4229 πάντα
478 4175 892 4251 προστεθήσεται
949 4175 1100 4248 ὑμῖν,
1173 4195 1194 4228 ε
1261 4172 1506 4230 Βασιλεία
1561 4185 1654 4234 τοῦ
1738 4183 1887 4250 Θεοῦ,

1981 3469 2235 3532 riemur?
2266 3470 2402 3532 Haec
2428 3469 2588 3532 enim
2619 3465 2820 3529 omnia
2865 3473 3073 3542 gentes
3127 3472 3419 3545 quarunt.
3453 3483 3477 3518 ι
3505 3467 3619 3529 Co-

1984 3558 2227 3621 medere
2258 3559 2535 3622 etbibere
2558 3574 2676 3617 non
2703 3554 3205 3635 prohibet,dicere
3233 3552 3620 3627 autem,Quid

1981 3648 2397 3711 comedemus?
2427 3645 2703 3729 prohibet
2733 3662 2748 3707 :
2777 3645 2932 3707 sicut
2975 3643 3182 3705 dicunt
3223 3641 3456 3715 divites,
3483 3659 3620 3703 ves-

1982 3736 2130 3816 peri,
2165 3735 2315 3809 Quid
2342 3737 2722 3799 comedemus
2753 3739 2958 3795 mane?
2980 3731 3160 3794 Vides
3189 3730 3346 3811 quod
3376 3729 3623 3792 delicias

1979 3833 2037 3884 et
2070 3825 2271 3887 luxum
2305 3826 2603 3905 prohibet.

2058 3911 2239 3976 Vsus.
2276 3914 2374 3995 39,
2407 3914 2505 3978 33.
2538 3939 2565 3970 ε
2601 3912 2728 3977 Scit
2758 3911 2919 3974 enim
2951 3913 3121 3973 Pater
3152 3916 3346 3972 vester
3402 3907 3617 3970 cccles-

1979 4001 2053 4064 tis
2082 4003 2238 4083 quod
2269 4003 2498 4065 habetis
2523 4003 2616 4065 his
2646 3999 2925 4064 omnibus
2954 4017 3121 4079 opus.
3156 3997 3407 4071 Qumrite
3425 4003 3622 4058 autem

1978 4090 2236 4171 primum
2291 4110 2538 4173 regnum
2593 4091 2701 4154 Dei
2759 4099 2817 4150 et
2866 4088 3158 4166 justitiam
3201 4088 3355 4168 ejus.
3382 4094 3441 4147 et
3497 4086 3623 4148 hac

1977 4181 2178 4240 omnia
2201 4190 2574 4260 apponentur
2604 4179 2830 4241 vobis.)
2865 4176 3132 4255 Regnum
3168 4176 3298 4247 Dei,
3331 4174 3622 4260 bonorum

250 4263 285 4328 ἡ
341 4260 633 4327 ἀπόλαυσις
664 4267 771 4348 τῷν
800 4261 1035 4341 ἆγαθῶνθ
1095 4261 1228 4330 αὕτη
1299 4261 1351 4319 δὲ
1410 4261 1493 4322 διὰ
1559 4262 1893 4334 δικαιοσύνης

1997 4267 2176 4331 ruitio
2207 4258 2298 4330 est
2330 4288 2343 4333 :
2375 4269 2476 4333 illa
2492 4277 2687 4331 autem
2720 4285 2825 4348 per
2846 4265 3131 4345 justitiam
3161 4258 3621 4341 contingit.0m-

253 4351 612 4427 προσγίνεται.
689 4341 884 4414 ”Οστις
937 4351 1024 4407 οὖν
1054 4358 1210 4423 ζητεῖ
1235 4351 1304 4408 τὰ
1343 4354 1692 4428 πνευματικὰ,
1726 4377 1896 4433 προτ-

253 4442 447 4496 τίθεται
519 4441 686 4512 τούτῳ
742 4442 831 4496 καὶ
913 4441 978 4498 τὰ
1059 4441 1341 4516 σωματικὰ
1397 4443 1532 4499 κατὰ
1599 4441 1902 4522 φιλοτιμίαν

256 4534 412 4589 Θεοῦ.

339 4639 371 4672 ε
427 4617 516 4685 Μὴ
602 4617 691 4674 οὖν
748 4619 1111 4697 μεριμνήσητε
1194 4619 1264 4684 είς
1311 4618 1410 4685 τὴν
1485 4618 1680 4698 αὔριον·
1727 4624 1762 4690 ἡ
1805 4623 1904 4701 γὰρ

255 4707 427 4785 αὔριον
501 4708 818 4786 μεριμνήσει
874 4708 939 4764 τὰ
976 4708 1191 4774 ἑαυτῆς·
1244 4707 1465 4786 ἀρκετὸν
1515 4714 1582 4783 τῇ
1644 4711 1817 4787 ἡμέρᾳ
1866 4713 1900 4779 ἡ

252 4795 407 4852 κακία
463 4795 650 4863 αὐτῆς,
701 4819 726 4853 ε
819 4797 1017 4855 Κακίαν
1075 4795 1276 4868 ἡμέρας
1346 4797 1446 4864 τὴν
1496 4796 1769 4875 συντριϐὴν
1815 4801 1904 4858 καὶ

246 4883 346 4950 τὴν
403 4885 638 4941 κάκωσιν
689 4883 857 4962 λέγει*
924 4889 1064 4959 οἷον,
1101 4883 1350 4963 Ἀρκετὸν
1406 4906 1489 4942 σοι
1533 4885 1616 4942 ὅτι
1657 4886 1902 4967 συντρίὸῃ

246 4972 382 5050 ὑπὲρ
458 4977 556 5038 τῆς
613 4975 870 5051 σήμερον,
919 4975 962 5029 εί
995 4971 1168 5029 δὲκαὶ
1236 4973 1366 5051 ὑπὲρ
1418 4979 1514 5041 τῆς
1581 4973 1754 5055 αὔριον
1797 4999 1902 5053 με·

247 5063 549 5137 ριμνήσεις,
605 5063 732 5120 πότε
805 5063 1096 5142 σχολάσεις
1155 5069 1232 5136 τῷ
1285 5069 1424 5142 Θεῷ,
1487 5064 1568 5121 ἀεὶ
1624 5067 1902 5147 συντρίϐων

251 5154 476 5208 σεαυτὸν
502 5152 630 5230 ὑπὲρ
658 5154 763 5207 τῶν
794 5157 1112 5224 σωματικῶν
1146 5169 1164 5226 ;

885 5247 1137 5304 non.
1195 5229 1274 5302 z'.

1986 4359 2044 4418 ni
2075 4357 2249 4437 igitur
2277 4357 2568 4436 quaerenti
2600 4353 3252 4433 Spiritualia,adduntur
3281 4351 3457 4414 etiam
3481 4367 3620 4411 cor-

1987 4447 2232 4528 poralia,
2259 4466 2325 4510 ex
2363 4444 2717 4510 liberalitate
2745 4443 2877 4505 Dei.

2070 4614 2257 4682 Vnus.
2287 4613 2514 4680 34..Ne
2542 4612 2720 4694 igitur
2748 4609 2988 4673 solliciti
3018 4607 3142 4671 sitis
3169 4608 3232 4670 in
3264 4606 3618 4670 crastinum:

1989 4724 2129 4769 nam
2159 4707 2288 4769 dies
2307 4705 2596 4769 crastinus
2618 4718 2821 4764 curam
2854 4696 3094 4760 habebit
3131 4695 3412 4777 suiipsius
3445 4714 3458 4755 :
3497 4694 3623 4757 suf-

1986 4795 2109 4859 ﬁcit
2137 4797 2296 4859 enim
2325 4793 2446 4857 diei
2468 4811 2574 4855 sua
2604 4789 2847 4852 malitia.
2885 4813 2913 4844 ι
2946 4786 3228 4851 Malitiam
3258 4785 3397 4855 diei,
3431 4783 3624 4846 afflic—

1986 4888 2204 4948 tionem
2264 4892 2324 4947 et
2369 4881 2763 4946 calamitatem
2809 4884 3002 4941 vocat.
3037 4874 3265 4937 Sufficit
3297 4872 3458 4936 enim
3491 4871 3621 4948 tibi,

1986 4974 2144 5058 quod
2174 4972 2462 5037 hodierna
2489 4969 2811 5032 afflictione
2839 4963 3113 5058 obrueris
3142 4962 3350 5058 :quod-
3368 4959 3419 5058 si
3447 4968 3515 5058 et
3523 4978 3629 5041 pro

1986 5050 2248 5128 crastino
2297 5061 2588 5124 sollicitus
2642 5058 2852 5128 fueris,
2903 5053 3144 5132 quando
3198 5050 3428 5113 vacabis
3477 5052 3626 5125 Deo,

1989 5171 2227 5233 semper
2259 5149 2634 5229 temetipsum
2667 5144 2942 5233 crucians
2969 5159 3076 5221 pro
3100 5139 3544 5220 corporalibus!

2585 5235 2827 5301 CAPUT
2872 5232 2996 5297 Vll.

255 5331 384 5406 Περὶ
473 5336 563 5385 τοῦ
639 5331 830 5408 κρίνειν
918 5327 1142 5404 μηδένα⁶
1213 5327 1335 5408 περὶ,
1399 5330 1492 5386 τοῦ
1565 5332 1756 5407 αίτεϊν,
1817 5329 1898 5391 καῖ

1997 5324 2082 5387 55
2113 5324 2291 5408 Quod
2319 5339 2442 5386 non
2468 5321 2642 5382 liceat
2685 5318 2755 5379 de
2791 5329 3092 5408 quoquam
3131 5310 3440 5408 judicare:
3471 5311 3636 5408 Quo-

336 5417 544 5479 ζητεῖν·
612 5406 728 5487 περὶ
783 5416 874 5466 τοῦ
944 5408 1230 5488 προσέχειν
1314 5406 1421 5464 άπὸ
1516 5416 1621 5468 τῶν
1704 5406 1898 5488 ψευδο-

336 5492 648 5568 προφητῶν.

338 5601 361 5634 ε
401 5577 490 5642 Μὴ
545 5578 764 5656 κρίνετε,
815 5578 906 5635 ἵνα
964 5579 1044 5655 μὴ
1093 5577 1308 5658 κριθῆτε
1338 5583 1353 5642 l
1386 5601 1431 5662 Δε
1481 5581 1616 5660 Θὺχὶ
1639 5583 1700 5638 τὸ
1741 5581 1901 5662 ὶλάγ-

246 5687 372 5748 χειν
454 5664 673 5746 κωλύει,
737 5664 874 5722 ἀλλὰ
903 5668 962 5726 τὸ
993 5657 1346 5745 κατακρινειν.
1386 5657 1444 5725 Ὀ
1482 5657 1596 5742 μὶν
1627 5671 1726 5750 γὰρ
1757 5657 1902 5753 ἔλεγε

2070 5391 2243 5470 ιη’ὅάο
2279 5410 2482 5480 petere
2512 5410 2566 5462 et
2597 5391 2871 5480 qurere're
2898 5391 3237 5480 debeamus.
3265 5391 3433 5466 Quod
3461 5391 3636 5453 nobis

2072 5422 2243 5470 MOGO
2323 5422 2482 5466 atere
2512 5422 2566 5462 ει
2597 5422 2871 5480 quwrcre
2898 5422 3117 5455 ασυσιιη

2072 5422 2407 5551 adventrum
2436 5482 2514 5544 sit
2543 5498 2582 5542 α
2609 5478 2760 5558 fusis
2784 5474 3117 5556 prophetis.

2075 5579 2259 5644 Vsus.
2289 5582 2344 5638 1.
2381 5600 2410 5632 ε
2433 5573 2521 5638 Ne
2542 5569 2844 5654 judicetis,
2878 5573 2942 5629 ut
2960 5583 3036 5628 ne
3051 5562 3480 5654 judicemini.»
3507 5560 3636 5624 Non

1991 5665 2440 5753 reprehendere
2472 5653 2882 5746 prohibet,sed
2913 5653 3316 5718 condemnare
3343 5673 3356 5712 :
3391 5669 3526 5714 nam
3548 5669 3642 5739 re-
