4126 6268
409 417 524 484 211

1371 409 1956 482 THEOPHYLAGTI
1999 411 2409 476 BULGARLE
2453 408 2806 474 ARCHIEP.

3654 395 3772 463 212

412 555 729 638 prehensio
762 554 924 616 utilis
954 553 1484 635 est,condemnatio
1507 563 1701 616 autem
1737 552 2075 634 probrosar

2169 567 2234 626 γος
2278 545 2362 600 ἐπὶ
2432 542 2677 623 ὠφελείᾳ,
2735 542 2897 610 ἐστὶν,
2957 541 2992 606 ἡ
3051 535 3106 592 δὲ
3163 538 3468 614 κατάκρισις
3516 531 3601 589 ἰπὶ
3630 530 3776 587 ὄνει-

412 651 471 706 et
498 643 816 724 despectus
839 644 1013 724 plena
1042 662 1055 705 :
1090 643 1179 704 vel
1215 643 1386 706 aliter
1424 643 1687 721 intellige
1720 641 1794 703 de
1825 660 1895 702 eo
1926 639 2050 720 qui,

415 733 642 811 magnis
673 732 932 812 peccatis
962 731 1606 813 obnoxius,approbrat
1633 732 2054 798 alios,etcom—

415 819 657 882 demnat
685 822 882 882 minus
910 821 1324 902 culpabiles,et
1353 821 1415 882 in
1445 822 1535 882 bis
1559 839 1688 901 qua:
1714 817 2052 897 Deusjudi-

413 917 657 971 caturus
687 917 796 973 est.

495 996 680 1059 Vsus.
715 999 851 1060 2-5.
883 1021 907 1055 ιι
945 998 1071 1071 Quo
1114 999 1270 1059 enim
1293 998 1519 1077 judicio
1555 996 1862 1077 judicatis,
1888 995 2054 1075 judi-

417 1085 699 1148 cabimini
727 1109 739 1144 :
768 1095 826 1147 et
853 1106 969 1168 qua
1015 1104 1294 1149 mensura
1347 1087 1658 1162 metimini,
1694 1086 2061 1146 mentientur

417 1174 605 1236 vobis.
639 1174 790 1246 Quid
813 1183 1006 1237 autem
1029 1174 1190 1235 vides
1212 1174 1490 1236 festucam
1524 1193 1654 1254 quae
1683 1183 1771 1234 est
1801 1175 1858 1233 in
1889 1174 2059 1233 oculo

418 1262 989 1343 fratris,tui,trabem
1020 1271 1215 1324 autem
1249 1282 1378 1343 quae
1404 1263 1574 1324 estin
1602 1263 1772 1323 oculo
1806 1273 1904 1321 tuo
1938 1279 2056 1321 non

419 1349 616 1412 vides?
644 1355 758 1412 Aut
788 1352 1086 1431 quomodo
1117 1351 1280 1413 dices
1305 1352 1469 1412 fratri
1495 1361 1615 1420 tuo,
1651 1351 1790 1413 Sine
1823 1350 2054 1428 ejiciam

419 1439 702 1500 festucam
729 1458 796 1500 ex
821 1441 992 1502 oculo
1025 1449 1148 1512 tuo,
1187 1448 1243 1500 et
1272 1459 1412 1501 ecce
1444 1440 1602 1501 trabs
1633 1443 1690 1499 in
1720 1438 1888 1499 oculo
1923 1435 2058 1498 tuo?

419 1527 756 1607 Hypocrita,
793 1529 945 1607 ejice
977 1530 1229 1608 primum
1267 1530 1492 1590 trabem
1543 1548 1610 1589 ex
1641 1528 1808 1596 oculo
1846 1535 1964 1596 tuo,
2003 1532 2059 1585 et

423 1624 564 1677 tunc
595 1615 818 1675 videbis
866 1625 927 1676 ut
974 1618 1176 1696 ejicias
1223 1616 1512 1678 fustucam
1548 1635 1616 1678 ex
1648 1617 1817 1678 oculo
1865 1613 2060 1676 fratris

422 1704 529 1764 tui.
565 1727 589 1759 υ
617 1701 966 1784 Carpturum
996 1705 1143 1765 alios
1173 1713 1403 1784 oportet
1433 1706 1872 1765 immaculatum
1902 1721 2058 1764 esse.

2134 621 2306 709 δίσμῷ
2375 635 2463 690 καὶ
2494 621 2869 703 -ἐξουδενώσει,
2918 626 3094 691 ἄλλως
3123 649 3181 682 τε
3213 627 3302 682 καὶ
3345 623 3470 680 ὅταν
3515 621 3658 701 ’έχων
3695 639 3776 709 τις

2137 708 2372 801 μεγάὶας
2435 722 2715 799 ἁμαρτίας,
2773 717 3004 794 ὁηειδίζη
3055 716 3273 794 ἑτέροις,
3336 714 3424 801 καί
3491 708 3774 787 κατακρίνῃ

2136 800 2255 875 τοὸς
2287 810 2537 868 ἐλάττονα
2566 809 2816 889 ἔχοντας,
2849 807 2884 862 ἅ
2907 809 2934 862 6
2967 807 3095 869 Θεὸς
3126 802 3308 879 μέλλει
3336 800 3549 879 κρίνειν.

2218 999 2254 1041 ἀ
2301 986 2389 1044 Ἐν
2437 991 2482 1061 ᾧ
2510 987 2611 1065 γὰρ
2660 985 2880 1064 κρίνετε,
2916 984 3243 1060 κριθήσεσθε⁹
3281 979 3448 1035 καὶέν
3496 980 3540 1050 ᾧ
3602 974 3778 1065 μέτρῳ

2143 1089 2410 1156 μετρεῖτε,
2474 1064 2858 1152 μετρηθήσεται
2911 1073 3064 1151 ὑμῖν,
3098 1071 3157 1128 Τί
3205 1067 3258 1123 δὲ
3301 1067 3514 1144 βλέπεις
3531 1066 3598 1156 ,τὸ
3627 1064 3779 1156 Δκάρ-

2144 1149 2324 1246 ιροςΙτὸ
2379 1165 2434 1222 ἐν
2477 1149 2585 1238 Ἵτῷ-
2607 1161 2860 1242 ὀφθαλμῷ
2917 1162 3007 1216 τοῦ
3051 1149 3285 1236 νᾶδελφοῦ
3317 1179 3431 1234 σου,
3491 1155 3586 1222 τῆν
3623 1151 3678 1246 δὲ
3725 1149 3778 1206 ἐν

2135 1243 2212 1330 τῷ
2267 1263 2344 1329 σῴ
2405 1254 2661 1335 ὀφθαλμῷ
2719 1251 2870 1335 δοκὸν
2939 1251 2997 1306 οὗ
3041 1262 3366 1325 κατανοεῖς,
3411 1247 3447 1314 ἢ
3492 1248 3606 1335 πῶς
3639 1243 3781 1320 ἰρεῐς

2137 1351 2214 1417 τῷ
2282 1331 2490 1423 ἀδελφῷ
2547 1365 2662 1417 σου,
2719 1331 2898 1419 ’Ἀφες
2944 1337 3150 1394 ἐκϐάλω
3219 1339 3280 1392 τὸ
3310 1337 3504 1423 κάρφος
3536 1333 3639 1388 ἀπὸ
3690 1336 3783 1386 τοῦ

2140 1422 2430 1512 ὀφθαλμοῦ
2465 1454 2582 1506 σου,
2619 1432 2706 1486 καὶ
2736 1428 2842 1485 ἰδοὺ
2870 1432 2904 1496 ἡ
2926 1426 3079 1490 δοκὸς
3112 1426 3165 1480 ἐν
3194 1432 3270 1498 τῷ
3327 1422 3581 1504 ὀφθαλμῷ
3638 1440 3732 1512 σου
3759 1440 3784 1490 ;

2144 1506 2448 1600 ιῙζποκριτὰ,
2480 1519 2668 1576 ἔκϐαλε
2738 1525 2944 1596 πρῶτον
2999 1517 3095 1583 τὴν
3140 1513 3291 1570 δοκὸν
3362 1513 3422 1567 ἐκ
3449 1519 3542 1568 τοῦ
3583 1506 3782 1600 ὀφθαλ-

2144 1609 2243 1685 μοῦ
2300 1594 2414 1683 σοῦ,
2470 1609 2556 1664 καὶ
2623 1608 2742 1663 τότε
2773 1594 3072 1679 διαϐλέψεις
3101 1599 3346 1658 ἐκϐαλεῖν
3394 1602 3451 1655 τὸ
3493 1599 3691 1674 κάρφος
3722 1594 3781 1649 ἐκ

2143 1684 2234 1753 τοῦ
2306 1696 2575 1777 ὸφταλμοῦ
2644 1695 2738 1751 τοῦ
2821 1692 3042 1772 ἀδελφοῦ
3099 1713 3213 1751 σου,
3281 1713 3308 1743 n
3373 1689 3473 1745 Τὸν
3521 1684 3784 1761 μέλλοντα

423 1794 574 1856 Nam
600 1773 826 1855 habens
856 1792 1081 1854 trabem
1115 1793 1174 1853 in
1205 1773 1375 1854 oculo
1405 1795 1654 1868 suo,boc
1674 1803 2061 1870 estmagnum

2169 1773 2492 1854 νπιπλήττειν
2547 1783 2734 1846 ἄλλοῖς
2793 1781 2874 1837 δεῖ
2918 1780 3139 1856 ἄμωμον
3197 1779 3363 1834 εἶναι.
3403 1778 3460 1834 Εἰ
3502 1773 3784 1876 γὰράύτὸς

422 1881 673 1960 lignum,
700 1881 926 1942 scilicet
957 1889 1288 1962 peccatum,
1322 1890 1380 1943 et
1408 1882 1856 1963 reprehendens
1886 1881 2066 1941 alium

423 1971 708 2032 festucam
757 1971 1098 2047 habentem,
1134 1972 1633 2052 impudentiorem
1687 1972 1855 2033 illum
1907 1969 2064 2032 facit.

425 2059 698 2122 Ostendit
751 2067 946 2121 autem
995 2059 1303 2136 Dominus,
1365 2063 1524 2142 quod
1570 2078 1818 2140 magnus
1851 2077 2067 2140 pecca-

425 2157 519 2210 tor
549 2167 666 2209 non
697 2157 888 2227 potest
917 2148 1069 2210 bene
1097 2149 1298 2211 videre
1333 2157 1638 2229 peccatum
1671 2149 1887 2210 fratris.
1919 2150 2066 2208 Nam

427 2236 529 2318 qui
581 2235 855 2298 habuerit
910 2237 971 2298 in
1016 2238 1188 2301 oculo
1239 2237 1488 2315 trabem,
1525 2238 1821 2318 quomodo
1869 2236 2068 2297 videre

428 2332 622 2406 potest
649 2324 828 2385 alium
860 2325 1242 2387 mediocriter
1275 2327 1545 2387 malum?

510 2500 688 2565 VERS.
721 2496 782 2564 6.
822 2502 958 2565 «Ne
1014 2503 1169 2565 detis
1229 2512 1498 2565 sanctum
1553 2503 1821 2578 canibus,
1876 2522 2071 2583 neque

434 2590 680 2653 mittatis
711 2591 1053 2670 margaritas
1103 2599 1328 2655 vestras
1377 2600 1511 2653 ante
1553 2610 1786 2672 porcos,
1821 2611 1896 2653 ne
1923 2593 2072 2654 forte

2152 1874 2304 1931 δοκὸν
2347 1874 2492 1953 ἔχων
2551 1873 2605 1928 ἐν
2645 1877 2722 1944 τῷ
2763 1869 3036 1949 ὀφθαλμῷ,
3108 1866 3364 1945 τουτέστι,
3423 1861 3784 1953 μὲγαὲξύλον,

2151 1962 2268 2030 ἤτοι
2313 1951 2624 2041 ἁμάρτημα,
2699 1959 3049 2037 ἐπιμέμφεται
3118 1954 3265 2028 ἄλλῳ
3326 1955 3518 2041 κάριρος
3577 1951 3786 2029 ἔχοντι,

2152 2040 2557 2130 ἀναισχύντερον
2620 2050 2823 2104 ἐκεῖνον
2882 2046 3120 2111 ἐποίησε.
3159 2046 3395 2099 Δείκνυσι
3424 2040 3478 2096 δὲ
3509 2043 3536 2096 6
3576 2041 3783 2116 Κὺριος,

2150 2142 2230 2196 ὃτι
2301 2127 2417 2199 ὸὸδὲ
2475 2127 2698 2196 δύναται
2725 2135 2856 2192 ἰδεῖν
2896 2135 3074 2198 καλῶς
3130 2135 3190 2188 τὸ
3233 2139 3322 2188 τοῦ
3367 2129 3589 2208 ἀδελ.φοῦ
3622 2127 3789 2203 ἀμάρ-

2149 2250 2297 2303 τημα
2347 2231 2374 2283 6
2436 2225 2641 2304 μεγάλα
2695 2224 3029 2302 ἁμαρτάνων·
3087 2224 3114 2277 6
3167 2223 3265 2299 γὰρ
3327 2219 3470 2298 ἔχων
3519 2216 3678 2304 δοκὸν
3733 2213 3787 2268 ἐν

2149 2321 2226 2388 τῷ
2309 2303 2590 2394 ὀφθαλμῷ,
2652 2319 2763 2376 πῶς
2806 2311 2867 2368 ἂν
2899 2308 3005 2366 ἴδοι
3037 2309 3196 2365 ἄλλον
3229 2307 3451 2386 μετρίως
3481 2303 3790 2380 βλαπτόμε-

2152 2427 2238 2460 νον
2261 2424 2278 2485 ς

2238 2480 2274 2549 ί
2301 2492 2386 2559 Μὴ
2441 2488 2571 2546 δῶτε
2625 2491 2684 2544 τὺ
2739 2489 2890 2566 ἅγιον
2947 2498 3064 2550 τοῖς
3109 2486 3244 2545 κυσὶε
3281 2480 3417 2549 μηδὲ
3447 2482 3645 2559 βάλητε
3672 2480 3790 2541 τοὺς

2154 2579 2474 2660 μαργαρίτας
2560 2580 2705 2653 ὑμῶν
2774 2575 3064 2653 ἔμπροσθεν
3121 2581 3225 2630 τῶν
3289 2572 3506 2652 χοίρων,
3584 2571 3793 2660 μήποτε

430 2678 786 2742 conculcent
815 2658 914 2742 eas
945 2679 1196 2760 pedibus
1225 2679 1370 2752 suis,
1415 2690 1476 2742 et
1505 2658 1785 2741 cdnversi'
1809 2681 2071 2744 disrum-

2169 2658 2600 2737 ιαταπατήσωσιν
2663 2666 2846 2726 αὐτούς
2905 2664 2958 2718 ἐν
3013 2677 3130 2726 τοῖς
3218 2664 3371 2717 ποσὶν
3452 2664 3644 2738 αὐτῶν,
3707 2658 3794 2714 καὶ

2336 2757 2345 2769 1
2545 2756 2556 2769 Ι
2585 2753 2626 2769 ΙΙ
2835 2754 2846 2769 ο
2909 2759 2932 2768 υ
3099 2761 3132 2769 ιν-
3153 2751 3166 2769 Ι
3327 2751 3339 2769 ν
3377 2750 3391 2769 1
3485 2751 3496 2769 ε
3561 2747 3583 2764 ν
3675 2767 3706 2769 ,A

431 2776 575 2858 pant
607 2784 729 2858 vos.
752 2790 797 2858 Α»
834 2751 1026 2828 Canes
1053 2775 1188 2829 sunt
1209 2768 1479 2858 inﬁdetes
1517 2790 1528 2830 :
1563 2767 1725 2848 porci
1747 2777 1967 2843 autem,
1997 2770 2069 2829 ﬁ-

2169 2757 2465 2837 πτραιρέντες
2535 2753 2759 2831 ῥήξωσιν
2830 2754 2989 2826 ὑμᾶς.
3032 2773 3055 2807 ε
3099 2751 3256 2813 Κύνες
3299 2751 3423 2804 εἰσὶν
3454 2751 3498 2803 οἱ
3554 2751 3788 2823 ἄπιστοι,

2233 2846 2259 2858 ο
2392 2843 2432 2858 αι
2541 2845 2554 2858 ο
2747 2843 2758 2858 \
2837 2841 2851 2857 κ
2945 2842 2972 2858 n
3042 2837 3071 2858 ρ
3156 2835 3207 2858 rh
3308 2835 3349 2858 βε
3401 2837 3453 2858 ΩΙ
3551 2834 3574 2856 ν
3629 2856 3638 2858 ᾉ
3691 2855 3764 2858 κ--

432 2835 601 2918 deles
627 2855 869 2944 quidem
900 2865 1056 2932 sunt,
1090 2858 1194 2919 sed
1233 2835 1579 2918 lutulentani
1607 2858 1782 2920 vitam
1812 2835 2074 2936 agentes.

2169 2835 2344 2924 χοῖροι
2387 2843 2463 2918 δὲ,
2511 2845 2557 2898 οἱ
2589 2843 2763 2898 πιστοὶ
2793 2841 2913 2920 μὲν,
2944 2835 3242 2918 βορϐορώδη
3303 2835 3356 2891 δὲ
3400 2837 3511 2911 βίον
3551 2835 3789 2914 ἔχοντες.

2382 2934 2391 2944 ι
2561 2932 2573 2944 ι
2796 2931 2805 2944 l
3005 2931 3017 2944 \
3082 2927 3100 2944 Ν
3128 2927 3136 2938 '
3398 2938 3422 2944 ..
3535 2923 3547 2944 Ὶ
3607 2925 3617 2944 Ι

432 2923 701 3023 Mysteria
731 2943 911 3022 igitur
933 2923 1257 3007 incredulis
1289 2964 1404 3008 non
1435 2954 1572 3007 sunt
1613 2923 1917 3026 prolenda,
1967 2967 2075 3010 ne-

2169 2923 2258 2990 Δεῖ
2312 2934 2479 2989 τοίνυν
2523 2932 2587 2987 τὰ
2637 2931 2899 3007 μυστήρια
2956 2931 3032 3003 μὴ
3082 2927 3251 3004 λέγειν
3333 2938 3450 2987 τοῖς
3525 2923 3786 2997 ἀπίστοις,

2246 3021 2285 3035 λι
2423 3022 2433 3035 ι
2535 3019 2552 3035 ς
2764 3020 2775 3035 1
2938 3019 2951 3035 \
3233 3012 3284 3035 νδ
3431 3011 3492 3035 ‘.,’
3579 3034 3582 3035 ,
3680 3011 3786 3035 ,κὶ-

434 3012 552 3114 que
576 3033 720 3093 clari
751 3012 807 3094 ct
841 3034 1171 3111 margaritis
1220 3035 1445 3097 similes
1469 3012 1780 3097 sermones
1803 3035 1877 3096 de
1900 3012 2074 3100 theo-

2169 3021 2294 3089 xqaé
2349 3022 2465 3085 ειούς
2534 3019 2807 3096 λαμπρούς
2867 3019 2955 3074 καὶ
3003 3012 3361 3094 μαργαρώδεις
3431 3012 3617 3090 λόγους
3674 3012 3791 3075 τοὺς

2256 3112 2267 3121 .
2344 3113 2362 3121 -
2431 3107 2449 3121 κ
2538 3108 2548 3121 ,
2733 3108 2759 3121 ..
2841 3106 2854 3121 ς
2939 3109 2961 3121 λ
2988 3103 2999 3121 1
3229 3105 3242 3121 .
3319 3103 3332 3117 ι
3469 3103 3483 3118 κ
3661 3113 3685 3121 _

433 3105 588 3199 logia
619 3120 943 3182 immundis
971 3105 1472 3184 communicandi.
1508 3123 1678 3184 Porci
1724 3124 1882 3185 enim
1926 3143 2073 3185 con-

2169 3112 2272 3188 ιτερὶ
2341 3107 2611 3186 θεολογίας
2669 3108 2789 3171 τοῖς
2833 3105 3142 3183 ἀκαθάρτοις
3201 3105 3372 3177 οἱμὲν
3430 3105 3529 3206 γαρ
3587 3113 3792 3206 χονῖροι,

435 3189 691 3284 οιίίοδηῐ,
727 3209 848 3270 sive
877 3218 1266 3271 contemnunt
1295 3231 1426 3291 qua
1453 3212 1937 3287 dicuntur,canes
1966 3232 2075 3274 au-

2169 3204 2568 3270 μιαταπατοῦσιν,
2642 3196 2764 3264 ἢτοι
2850 3200 3224 3273 καταφρονοῦσι
3292 3196 3397 3245 τῶν
3474 3189 3796 3267 λεγομένων,

435 3305 554 3360 tem
587 3297 854 3359 conversi
880 3296 1144 3358 lacerant
1193 3317 1301 3359 nos
1338 3320 1351 3360 :
1387 3301 1543 3379 quod
1586 3299 1856 3361 fecerunt
1886 3302 2076 3380 philo-

434 3385 629 3465 sophi,
664 3403 797 3446 cum
828 3385 1102 3446 audirent
1133 3387 1478 3448 cruciﬁxum
1510 3387 1828 3451 Christum.
1855 3389 2080 3452 Dilace-

436 3479 571 3534 rant
601 3481 798 3534 autem
824 3491 933 3534 nos
962 3473 1396 3550 ratiocinando,
1427 3476 1794 3555 impossibile
1825 3495 1956 3539 esse
1989 3497 2079 3539 ca-

436 3560 731 3624 villantes.

521 3651 699 3712 Vnus.
737 3651 798 3732 7,
831 3651 890 3714 8.
930 3676 957 3706 α
985 3649 1196 3725 Petite,
1228 3659 1286 3713 et
1306 3651 1540 3713 dabitur
1568 3652 1770 3714 vobis:
1813 3658 2079 3734 quaerite,

439 3747 500 3800 et
540 3738 894 3803 invenietis:
931 3740 1178 3820 pulsate,
1214 3750 1271 3803 et
1317 3741 1616 3820 aperietur
1657 3742 1842 3804 vobis.
1875 3745 2084 3807 Omnis

441 3827 600 3891 enim
633 3829 731 3907 qui
763 3828 928 3908 petit,
963 3827 1212 3908 accipit:
1257 3837 1314 3890 et
1335 3830 1433 3910 qui
1458 3831 1686 3910 quaerit,
1723 3831 1987 3893 invenit:
2025 3843 2084 3895 et

441 3916 697 3998 pulsanti
717 3917 1038 3996 aperietur.
1069 3941 1095 3972 ι
1123 3917 1436 3998 Imperavit
1467 3919 1638 3979 nobis
1659 3919 1720 3980 in
1751 3922 2080 4000 superiori-

442 4005 556 4066 bus
585 4014 795 4083 magna
824 4012 883 4065 et
912 4004 1178 4066 difﬁcilia
1213 4028 1226 4063 :
1263 4008 1520 4068 ostendit
1566 4008 1742 4086 igitur
1799 4009 1910 4070 hoc
1957 4012 2082 4074 loco

442 4093 739 4175 quomodo
766 4093 1060 4174 imperata
1091 4095 1495 4174 perﬁciantur,
1531 4115 1746 4176 nempe
1789 4116 1895 4178 per
1939 4118 2084 4180 pre-

444 4199 546 4244 ces
576 4182 906 4244 continuas.
941 4182 1130 4244 Petite
1161 4184 1342 4258 enim,
1385 4185 1672 4265 dixit,boc
1704 4194 2082 4269 est,semper,

443 4269 573 4332 Non
607 4270 765 4331 enim
796 4270 967 4347 dixit,
993 4272 1206 4353 petatis
1236 4274 1442 4334 semel.
1477 4273 1703 4336 Deinde
1733 4283 1790 4337 et
1815 4276 2084 4355 exemplo

445 4359 707 4420 humano
736 4359 1047 4420 conﬁrmat
1076 4361 1322 4425 dictum.

524 4447 710 4510 Vnus.
740 4449 800 4528 9,
828 4452 924 4510 10.
966 4472 989 4506 ε
1018 4449 1108 4511 An
1140 4452 1450 4532 quisquam
1482 4461 1570 4515 est
1591 4471 1662 4514 ex
1694 4454 1859 4516 vobis
1885 4456 2083 4534 homo,

445 4554 625 4617 quem
648 4539 694 4597 si
728 4535 964 4616 petierit
999 4539 1154 4599 ﬁlius
1189 4541 1317 4618 ejus
1350 4560 1588 4621 panem,
1621 4543 1878 4622 lapidem
1911 4545 2085 4606 datu-

444 4643 546 4687 rus
602 4627 677 4714 sit
706 4625 842 4688 illi?
871 4635 972 4687 aut
1000 4627 1052 4690 si
1082 4627 1305 4706 piscem
1369 4631 1626 4710 petierit,
1663 4651 1803 4692 num
1835 4652 2088 4714 serpen-

444 4722 564 4775 tem
595 4713 775 4776 addet
817 4714 996 4776 illi?)
1049 4717 1266 4780 Erudit
1294 4719 1407 4780 hoc
1459 4720 1587 4780 loco
1648 4721 1802 4799 quod
1863 4713 2094 4802 oportet

445 4803 840 4865 vehementer
895 4811 1121 4884 petere,
1161 4811 1219 4865 et
1246 4805 1418 4866 utilia
1475 4815 1697 4888 petere.
1733 4807 1901 4874 Sicut
1933 4813 2091 4872 enim

446 4907 575 4966 vos,
622 4889 838 4970 inquit,
885 4890 1156 4953 videntes
1211 4893 1366 4954 ﬁlios
1414 4903 1645 4957 vestros
1700 4897 1864 4957 utilia
1922 4911 2092 4975 pete-

446 4996 537 5052 re,
587 4978 680 5039 56
729 4997 943 5058 panem
996 4988 1054 5041 et
1103 4980 1352 5062 piscem,
1403 4982 1555 5043 datis
1584 4985 1783 5044 omnia
1837 5004 1969 5065 quae
1997 5005 2095 5066 pe-

448 5067 652 5129 tierint
697 5087 711 5126 :
764 5067 844 5128 ita
893 5075 952 5128 et
1002 5088 1107 5130 vos
1164 5070 1438 5150 spitualia
1484 5071 1756 5152 quaerite,
1815 5091 1932 5135 non
1966 5088 2095 5138 car-

451 5155 631 5217 nalia.

530 5240 715 5330 Vnus.
755 5244 848 5307 11.
889 5269 912 5300 (ι
949 5243 1010 5306 Si
1042 5247 1220 5325 igitur
1256 5265 1379 5319 vos,
1405 5265 1535 5308 cum
1569 5248 1697 5309 sitis
1724 5250 1886 5330 mali,
1911 5252 2096 5313 nostis

451 5334 612 5396 dona
640 5329 797 5391 bona
827 5331 969 5394 dare
998 5334 1134 5396 ﬁliis
1173 5336 1404 5408 vestris,
1452 5346 1670 5416 quanto
1706 5329 1892 5416 magis
1926 5342 2098 5402 Pater

451 5427 647 5483 vester
676 5420 775 5500 qui
808 5420 868 5480 in
898 5422 1062 5482 caelis
1085 5433 1194 5498 est,
1230 5425 1392 5485 dabit
1415 5425 1569 5486 bona
1601 5426 1938 5504 petentibus
1969 5428 2092 5491 se!)

450 5508 637 5575 Malos
667 5508 936 5570 nominat
957 5510 1230 5573 homines
1258 5513 1330 5574 ad
1357 5515 1541 5576 Deum
1562 5525 2104 5597 comparatos,quo-

453 5599 611 5662 niam
646 5603 851 5658 natura
876 5605 1080 5660 nostra
1110 5601 1262 5664 bona
1291 5609 1406 5676 est,
1445 5608 1648 5682 utpote
1673 5620 1707 5663 a
1727 5602 1851 5665 Deo
1884 5605 2098 5667 condi-

451 5696 511 5752 to
541 5701 557 5752 :
583 5686 882 5752 voluntate
901 5695 1100 5752 autem
1135 5689 1273 5752 mali
1304 5708 1533 5756 sumus.

2160 3291 2206 3344 οἱ
2257 3287 2312 3342 δὲ
2367 3287 2516 3348 κύνες
2588 3284 2898 3364 στραφέντες
2953 3281 3423 3360 διασπαραττουσιν
3494 3279 3654 3352 ἡμᾶς·
3709 3281 3800 3333 οἷα

2161 3385 2397 3433 ποιοῦσιν
2455 3376 2501 3430 οἱ
2562 3373 2839 3450 λεγόμενοι
2897 3369 3197 3449 φιλόσοφοι,
3244 3367 3369 3423 ὅταν
3400 3367 3690 3422 ἀκούσωσιν
3720 3367 3801 3422 ὃτι

2163 3465 2461 3541 ἐσταυρωθη
2532 3464 2684 3539 Θεὸς,
2739 3460 3115 3537 σπαράττουσιν
3172 3461 3316 3530 ἡμᾶς
3372 3467 3488 3517 τοῖς
3548 3452 3800 3532 συλλογι-

2165 3567 2348 3630 σμοῖς,
2388 3550 2636 3607 ἀδύνατον
2667 3549 2813 3605 εἶναι
2847 3547 2999 3603 τοῦτο
3029 3544 3384 3625 σοφιζόμενοι.

2251 3666 2278 3697 α
2314 3643 2543 3714 Αἰτεῖτε,
2617 3640 2702 3695 καὶ
2760 3636 3032 3706 δοθήσεται
3099 3637 3246 3709 ὑμῖν·
3306 3641 3540 3711 ζητεῖτε,
3577 3631 3663 3686 καὶ
3711 3633 3802 3686 εὑ-

2165 3735 2376 3813 ρήσετε·
2437 3730 2669 3806 κρούετε,
2733 3727 2818 3781 καὶ
2876 3725 3209 3803 ἀνοιγήσεται
3267 3722 3416 3796 ῧμῖν·
3476 3727 3579 3784 πᾶς
3627 3721 3725 3798 γὰρ
3777 3722 3805 3775 ὸ

2166 3810 2324 3878 αἰτῶν
2422 3815 2706 3892 λαμϐάνει,
2803 3815 2890 3870 καὶ
2946 3816 2973 3869 6
3051 3817 3224 3882 ζητῶν
3282 3811 3526 3888 εὑρίσκει,
3587 3810 3673 3863 καὶ
3731 3814 3807 3880 τῷ

2164 3911 2400 3990 κροὺοντι
2457 3905 2815 3981 ἀνοιγήσεται,
2884 3925 2909 3956 ε
2960 3897 3236 3964 Ἐπέταξεν
3267 3902 3402 3974 ἡμῖν
3432 3897 3484 3954 ἐν
3513 3910 3631 3960 τοῖς
3669 3919 3806 3976 προ-

2165 3985 2380 4054 λαϐοῦσι
2443 3993 2652 4070 μεγάλα
2720 3992 2804 4046 καὶ
2859 3989 3099 4069 χαλεπά.
3176 3997 3443 4043 Δεικνυσιν
3473 3986 3561 4040 οὖν
3591 3985 3810 4041 ἐνταῦθα

2167 4094 2280 4149 πῶς
2351 4082 2860 4162 κατορθωθήσονται,
2932 4081 3019 4135 καὶ
3075 4079 3155 4134 ὅτι
3213 4074 3296 4131 διὰ
3333 4074 3430 4142 τῆς
3490 4075 3661 4152 εὐχῆς
3707 4076 3809 4140 τῆς

2174 4176 2468 4242 διηνεκοῦς.
2527 4173 2733 4226 Αἰτεῖτε
2783 4170 2904 4247 γὰρ,
2939 4169 3117 4240 εἶπεν,
3149 4167 3262 4221 ἀντὶ
3304 4171 3394 4220 τοῦ
3442 4163 3544 4237 ἀεὶ,
3594 4167 3655 4221 οὐ
3712 4165 3812 4241 γὰρ

2176 4266 2353 4337 εἶπεν,
2414 4261 2704 4329 Αἰτήσασθε
2778 4257 2943 4322 ἅπαξ.
2989 4257 3125 4312 Εῐτα
3167 4256 3255 4310 καὶ
3296 4253 3401 4308 ἀπὸ
3430 4250 3811 4329 ὑποδείγματος

2177 4351 2496 4432 ἀνθρωπίνου
2527 4345 2727 4424 βεϐαιοι
2759 4349 2819 4403 τὸ
2847 4345 3056 4425 λεχθὲν,

2263 4427 2287 4496 ᾇ
2341 4432 2422 4495 ’Ἥ
2465 4441 2544 4500 τίς
2574 4436 2713 4492 ἐστιν
2742 4435 3011 4513 ἅνθρωπος
3047 4432 3098 4498 ἐξ
3140 4433 3308 4506 ὑμῶν,
3341 4433 3396 4485 ὃν
3428 4427 3514 4484 ἐὰν
3561 4431 3753 4507 αἰτήσῃ
3785 4433 3811 4487 ὁ

2170 4534 2277 4595 υἱὸς
2350 4531 2505 4585 αὐτοῦ
2576 4522 2755 4603 ἄρτον,
2807 4525 2884 4598 μὴ
2915 4522 3052 4578 λίθον
3090 4519 3333 4576 ἐπιδώσει
3365 4519 3504 4590 αὒτῴ
3540 4535 3556 4591 ς
3603 4520 3692 4574 καὶ
3721 4517 3811 4576 ἐὰν

2170 4623 2319 4699 ῖχθῠν
2393 4616 2607 4690 αἰτήσῃ,
2667 4614 2743 4687 μὴ
2789 4612 2905 4691 ὅφιν
2936 4608 3178 4666 ἐπιδώσει
3226 4609 3415 4680 aurci);
3473 4627 3497 4662 ι
3575 4603 3812 4662 Παιδεζιει

2175 4697 2391 4766 ἕνταῦθα
2447 4707 2527 4760 ὃτι
2585 4702 2668 4759 δεῖ
2725 4705 2811 4758 καὶ
2841 4700 3073 4781 σφοδρῶς
3105 4702 3294 4778 αἰτεῖν,
3359 4699 3446 4752 καὶ
3489 4698 3554 4752 τὰ
3606 4697 3809 4777 συμφέ-

2176 4819 2332 4877 ροντα
2401 4796 2591 4853 αἰτεῖν.
2629 4784 2812 4866 ’Υμεῖς
2845 4793 2964 4870 γὰρ,
3002 4791 3152 4870 φησὶ,
3200 4787 3421 4863 βλέπετε
3464 4787 3584 4848 τοὺς
3616 4785 3811 4849 παῖδας

2175 4876 2321 4962 ύμῶν
2395 4885 2460 4940 τὰ
2515 4880 2783 4959 πρέποντα
2813 4883 3105 4952 αἰτοῦντας,
3178 4876 3332 4955 ἄρτον
3377 4877 3464 4931 καὶ
3510 4877 3682 4954 ἰχθῦν,
3729 4877 3817 4931 καὶ

2176 4977 2296 5032 τότε
2355 4971 2520 5029 δίδοτε
2591 4971 2773 5031 αὐτοῖς
2847 4967 2972 5024 ὅταν
3042 4966 3258 5023 τοιαῦτα
3337 4970 3588 5035 ζητῶσιν’
3647 4963 3813 5026 οὕτως

2176 5068 2263 5122 οὖν
2318 5064 2406 5119 καὶ
2462 5063 2616 5135 ὑμεῖς
2675 5059 2741 5113 τὰ
2796 5056 3124 5132 πνευματικὰ
3153 5062 3388 5127 ζητεῖτε,
3441 5053 3516 5128 μὴ
3567 5054 3631 5108 τὰ
3683 5074 3815 5132 σαρ-

2175 5154 2322 5213 κικὰ.

2264 5263 2287 5298 ε
2316 5241 2374 5298 Εἰ
2403 5239 2491 5294 οὗν
2533 5235 2940 5312 ὑμεῖςπονηροὶ
2985 5232 3157 5311 ὄντες,
3189 5231 3369 5288 οἴδατε
3418 5228 3622 5306 δόματα
3651 5230 3821 5308 ἀγαθὰ

2178 5329 2374 5387 διδόναι
2428 5338 2548 5388 τοῖς
2604 5323 2810 5386 τέκνοις
2868 5325 3037 5401 ὑμῶν,
3098 5317 3250 5393 πόσῳ
3302 5318 3505 5395 μᾶλλον
3558 5321 3585 5374 ὁ
3637 5319 3820 5398 Πατὴρ

2179 5423 2325 5495 ὑμῶν
2396 5417 2423 5471 6
2474 5413 2528 5468 ἐν
2558 5426 2676 5476 τοῖς
2709 5415 2951 5491 οὐρανοῖς
3019 5410 3173 5468 δώσει
3232 5410 3401 5487 ἀγαθὰ
3433 5422 3549 5471 τοῖς
3593 5409 3820 5466 αἰτοῦσιν

2181 5504 2379 5580 αὒτ6ν;
2416 5525 2443 5557 io
2493 5503 2760 5581 Πονηρούς
2793 5501 3035 5576 ὀνομάζει
3080 5499 3200 5560 τούς
3234 5497 3557 5576 ἀνθρώπους,
3587 5499 3660 5559 ὡς
3694 5498 3824 5574 πρὸς

2180 5598 2272 5654 τὸν
2333 5593 2460 5649 Θεὸν
2538 5590 2826 5668 συγκρίνων
2881 5589 3092 5668 αὐτούς,
3151 5585 3264 5642 ἐπεὶ
3357 5588 3391 5652 ἡ
3451 5587 3602 5663 φὺσις
3671 5586 3826 5660 ἡμῶν

2182 5682 2353 5764 ἀγαθὴ
2424 5678 2588 5752 ἐστιν,
2648 5681 2719 5741 ὡς
2778 5685 2909 5735 Θεοῦ
2939 5677 3340 5755 δημιούργημα,
3403 5675 3539 5732 κατὰ
3564 5672 3618 5730 δὲ
3648 5674 3828 5754 προαί-

2167 5768 2319 5856 ρεσιν
2359 5767 2786 5847 πονηρευόμεθα.
