4126 6268
293 383 425 452 213

949 389 1392 464 ENARRATIO
1434 399 1518 463 IN
1563 399 2070 465 EVANGELIUN
2113 402 2503 472 narrem.
2547 437 2627 452 -
2665 366 2829 470 ω.
2871 402 3008 470 vn.

3541 393 3670 460 114

393 548 420 581 ε
470 529 648 587 Πάντα
699 534 788 589 οὖν
859 533 958 590 ὅσα
1013 534 1074 591 ἃν
1116 534 1302 603 θέλητε
1332 536 1426 591 ἵνα
1462 541 1682 595 ποιῶσιν
1723 538 1851 612 ὑμῖν
1905 534 1945 590 οἱ

2115 537 2296 600 Vens.
2336 538 2430 602 12.
2471 561 2495 591 α
2525 538 2741 603 Omnia
2781 538 2962 620 igitur
3005 549 3372 620 quacunque
3418 527 3674 620 volueri-

289 614 589 698 ἄνθρωποι,
650 621 738 676 καὶ
782 622 941 698 δμετς
1007 637 1216 681 ποιεῖτε
1266 626 1472 689 αὐτοῖς.
1519 624 1680 691 οὗτος
1711 626 1810 703 γὰρ
1837 623 1947 681 ἰστι

289 706 324 761 6
391 705 554 779 νόμος
615 731 704 765 και
775 714 822 768 οἱ
875 714 1169 793 προφῆται.
1221 735 1244 768 ε
1290 713 1569 789 Σύητομον
1598 712 1820 772 δείκνυσι
1848 713 1946 779 τὴν

290 793 379 858 αἷς
430 794 618 873 ἀρετὴν
673 797 815 862 ὁδὸν.
849 801 909 858 Ol
971 803 1070 880 γὰρ
1127 799 1390 879 ἃιθρωποι
1431 800 1641 860 οἴκοθεν
1682 801 1945 880 γινώσκο-

293 902 404 955 μεν
459 886 521 971 τὸ
579 883 714 945 δέον.
754 890 810 945 Εἰ
842 891 942 968 γὰρ
971 888 1138 953 θέλεις
1195 890 1599 971 εὖεργετεϊσθαι,
1655 889 1941 968 εὒεργέτει.

299 971 364 1026 Εἰ
429 970 597 1036 θέλεις
658 975 958 1054 ἀγαπᾶσθαι
1017 978 1158 1056 παρᾶ
1225 983 1332 1033 τῶν
1362 970 1592 1058 ὶχθρῶν,
1651 977 1830 1058 ἀγάπα
1859 979 1946 1034 καὶ

297 1058 368 1114 σὺ
439 1062 561 1124 τοὺς
618 1061 864 1142 έχθροὺς.
925 1067 1023 1123 Καὶ
1082 1066 1182 1144 γὰρ
1210 1067 1238 1122 ὃ
1267 1067 1429 1142 νόμος
1461 1073 1550 1124 τοῦ
1608 1074 1739 1123 Θεοῦ
1769 1067 1853 1122 καὶ
1899 1068 1946 1122 οἱ

299 1153 575 1226 προφῆται
632 1153 812 1208 ἱκεῐνα
864 1151 1127 1231 λέγουσιν,
1183 1153 1219 1210 ἅ
1271 1155 1359 1210 καὶ
1416 1157 1443 1210 ὁ
1511 1157 1729 1234 φυσικὸς
1786 1155 1945 1229 νόμος

297 1235 444 1310 ἡμῖν
475 1235 783 1296 διατάττεται
796 1267 836 1303 ι.

395 1342 425 1383 ι
473 1326 742 1385 Εἰσέλθετε
799 1329 882 1385 διὰ
909 1335 1009 1397 τῆς
1040 1335 1230 1400 στενῆς
1274 1331 1470 1405 πύλης,
1543 1330 1622 1386 ὅτι
1652 1329 1884 1388 πλατεῖα
1913 1333 1945 1398 ἡ

298 1410 478 1486 πύλη,
533 1418 622 1471 καὶ
667 1418 966 1497 εύρὺχωρος
1031 1421 1066 1486 ἡ
1102 1417 1218 1482 ὁδὸς
1271 1421 1305 1487 ἡ
1361 1419 1633 1497 ἀπάγουσα
1704 1420 1776 1481 εἱς
1850 1419 1948 1483 τὴν

295 1498 598 1577 ἀπώλειαν,
659 1507 745 1561 καὶ
792 1505 982 1563 πολλοί
1039 1510 1167 1564 εἰσιν
1225 1510 1272 1565 οἱ
1338 1507 1704 1587 εἰσερχόμενοι
1757 1505 1825 1562 δι’
1848 1508 1946 1562 αὗ-

295 1593 427 1654 τῆς.
495 1612 518 1647 ε
586 1594 783 1661 Στενήν
852 1593 1024 1663 πύλην
1078 1594 1218 1674 λέγει
1276 1596 1396 1659 τούς
1451 1595 1793 1673 πειρασμούς,
1828 1596 1947 1657 τυύς

293 1697 360 1734 τε
421 1679 707 1755 ἑκουσίους,
774 1684 896 1739 οἷον
952 1685 1194 1753 νηστείαν
1274 1686 1362 1741 καὶ
1416 1682 1606 1762 τᾶλλα,
1681 1686 1768 1740 καὶ
1824 1685 1946 1747 τοὺς

298 1765 604 1838 ἀκουσίους,
657 1771 776 1828 οἷον
848 1770 1037 1847 δεσμὰ,
1069 1771 1358 1850 διωγμούς.
1386 1763 1604 1851 ’Ὥσπερ
1632 1770 1720 1829 οὗν
1776 1769 1944 1828 πολὺ-

2031 622 2106 684 tis
2159 632 2224 686 ut
2276 626 2492 689 faciant
2545 627 2711 690 vobis
2759 618 3056 700 homines,
3111 632 3171 688 et
3229 642 3327 686 vos
3357 621 3526 686 facite
3554 618 3670 682 eis.

2034 716 2173 775 Haec
2226 715 2386 778 enim
2446 726 2538 778 est
2593 717 2708 798 lex,
2760 725 2818 778 et
2872 717 3263 798 prophetae.)
3327 714 3568 773 Brevem
3596 706 3671 769 ad

2028 800 2298 865 virtutem
2357 805 2505 865 viam
2562 803 2838 868 ostenbit.
2901 805 2987 867 Ex
3039 803 3212 865 nobis
3257 799 3417 862 enim
3449 798 3670 858 scimus

2028 890 2170 970 quid
2223 891 2376 953 facto
2431 893 2508 954 sit
2558 912 2730 973 opus.
2790 895 2936 957 Nam
2997 892 3048 953 si
3103 891 3194 952 vis
3253 886 3544 950 beneﬁcia
3574 903 3673 946 ac-_

2025 977 2260 1057 cipere,
2343 981 2593 1044 benefac
2648 1005 2660 1040 :
2725 983 2773 1043 si
2830 982 2917 1042 vis
2995 979 3158 1058 diligi
3230 978 3302 1040 ab
3373 973 3666 1048 inimicis,

2025 1064 2207 1145 dilige
2263 1077 2326 1130 tu
2382 1071 2560 1131 etiam
2636 1070 2931 1132 inimicos.
2993 1067 3228 1130 Etenim
3290 1066 3381 1127 lex
3449 1061 3554 1124 Dei
3611 1069 3672 1124 et

2029 1155 2332 1234 prophetae
2375 1157 2476 1220 illa
2522 1157 2726 1220 dicunt
2758 1176 2772 1221 :
2809 1175 2940 1240 quae
2969 1164 3027 1218 et
3056 1153 3336 1217 naturalis
3377 1151 3472 1214 lex
3510 1168 3665 1230 prae-

2029 1243 2196 1322 cipit.
3580 1283 3582 1285 .

2115 1331 2292 1394 Vens.
2326 1333 2423 1396 13.
2461 1358 2488 1389 α
2521 1333 2765 1396 Introite
2799 1352 2905 1415 per
2933 1340 3239 1413 augustam
3273 1326 3671 1415 portam,quia

2031 1420 2146 1482 lata
2175 1425 2266 1483 est
2296 1430 2461 1502 porta
2493 1431 2550 1483 et
2577 1414 2836 1502 spatiosa
2880 1423 2971 1483 via
3000 1439 3131 1503 quae
3157 1419 3322 1482 ducit
3351 1417 3422 1480 ad
3454 1414 3670 1478 interi-

2033 1516 2177 1589 tum,
2215 1516 2273 1570 et
2305 1510 2472 1572 multi
2529 1518 2670 1571 sunt
2709 1510 2810 1590 qui
2851 1509 3265 1589 ingrediuntur
3297 1524 3404 1587 per
3446 1523 3597 1567 eam.
3637 1528 3665 1560 ι

2030 1598 2347 1676 Angustam
2384 1607 2608 1679 portam
2641 1608 2803 1660 vocat
2833 1599 3210 1677 tentationes,
3248 1604 3368 1656 tum
3403 1593 3672 1654 volunta-

2028 1687 2166 1760 rias,
2191 1687 2363 1747 veluti
2401 1688 2695 1767 jejunium
2727 1696 2788 1750 et
2817 1688 2931 1750 alia
2968 1708 2980 1746 :
3010 1695 3132 1747 tum
3166 1691 3378 1764 praeter
3406 1689 3668 1742 nostram

1970 1811 2010 1862 Β
2029 1776 2387 1837 voluntatem
2417 1777 2781 1847 evenientes.
2816 1785 2880 1838 ut
2909 1775 3166 1849 vincula,
3193 1769 3664 1862 persecutiones.

297 1879 501 1943 σαρκος
572 1859 862 1940 ἄνθρωπος,
923 1863 958 1931 ἢ
1013 1862 1185 1920 πολλὰ
1255 1864 1553 1940 βαστάζων,
1626 1864 1683 1919 οὗ
1740 1861 1945 1919 δύναται

2035 1862 2545 1936 Quemadmodum
2581 1871 2776 1926 autem
2809 1865 3244 1943 corpulentum,
3274 1860 3366 1922 vel
3416 1857 3667 1918 sarcinis

299 1941 388 1999 διὰ
460 1947 557 2013 τῆς
613 1952 801 2016 στενῆς
857 1950 1133 2032 εἰσελθεῖν,
1191 1951 1354 2016 οὕτως
1410 1951 1524 2011 οὐδὲ
1594 1950 1856 2030 τρυφηλδς
1913 1949 1945 2016 ἧ

2035 1959 2329 2024 onustum,
2366 1969 2471 2030 per
2528 1958 2831 2030 angustam
2883 1941 3118 2031 ingredi
3159 1941 3364 2028 nequit
3395 1965 3408 2005 :
3445 1945 3526 2005 ita
3554 1962 3666 2005 ne-

300 2032 583 2099 πλούσιος⁰
640 2035 724 2094 διὰ
752 2037 806 2094 δὲ
836 2045 934 2108 τῆς
976 2039 1227 2104 πλατείας
1286 2044 1333 2098 οἱ
1379 2048 1599 2098 τοιοῦτοι
1671 2039 1945 2118 εἰσέρχον-

2035 2056 2146 2119 que
2170 2038 2456 2100 delicatus
2485 2040 2574 2100 vel
2606 2040 2794 2120 dives,
2828 2056 2934 2120 per
2962 2041 3135 2100 latam
3166 2045 3364 2098 autem
3387 2033 3532 2094 tales
3559 2050 3665 2093 va-

301 2143 414 2184 ται.
481 2127 740 2183 Δεικνύων
792 2125 847 2184 δὲ
903 2127 982 2184 ὅτι
1034 2131 1121 2188 καὶ
1173 2131 1208 2197 ἡ
1273 2129 1602 2209 στενοχωρία
1631 2125 1945 2206 πρόσκαιρός

2035 2128 2198 2190 dunt.
2233 2126 2518 2191 Caeterum
2549 2128 2871 2191 ostendens
2921 2127 3076 2208 quod
3108 2139 3169 2188 et
3202 2122 3468 2203 angustia
3509 2128 3667 2182 tem-

305 2211 444 2282 ἐστι,
495 2216 584 2269 καὶ
612 2216 646 2282 ἡ
685 2214 957 2284 πλατὺτης
1007 2217 1288 2297 παροδικὴ,
1335 2217 1507 2284 πύλην
1538 2217 1628 2273 καὶ
1657 2215 1774 2273 ὁδὸν
1817 2215 1945 2272 ἱκά-

2035 2217 2264 2297 pororia
2307 2217 2404 2290 sit,
2441 2225 2496 2278 et
2532 2216 2776 2277 latitudo
2807 2216 3408 2295 transitoria,portam
3437 2217 3494 2271 et
3513 2209 3666 2270 viam

302 2299 452 2357 λεσε⁶
481 2301 578 2368 τὴν
621 2325 679 2360 τε
721 2306 820 2384 γὰρ
851 2304 1047 2385 πύλην,
1081 2305 1197 2373 ἤτοι
1230 2307 1332 2374 τὴν
1373 2306 1750 2378 κακοπάθειαν,
1807 2327 1945 2382 παρ-

2035 2305 2274 2366 vocavit.
2301 2308 2416 2368 Per
2441 2305 2829 2367 afﬂictionem
2860 2304 3019 2366 enim
3042 2303 3142 2386 qui
3173 2301 3471 2380 afﬂigitur.
3497 2297 3666 2380 quasi

303 2388 523 2467 έρχεται
581 2393 610 2447 ὁ
668 2398 1004 2468 κακοπαθῶν,
1090 2396 1177 2452 καὶ
1251 2396 1350 2463 τήν
1421 2393 1619 2474 τρυφὴν
1657 2392 1711 2449 δὲ
1737 2395 1808 2459 ὡς
1832 2391 1950 2449 δδδν

302 2477 581 2556 παροδεύει
638 2482 666 2536 ὃ
729 2484 958 2562 τρυφῶνο
1016 2484 1129 2540 έπεὶ
1177 2483 1263 2540 οὖν
1332 2484 1602 2565 ἀμφότερα
1631 2484 1945 2562 πρόσκαιρα,

302 2566 367 2620 τὸ
396 2581 641 2644 κρεῖττον
683 2571 935 2649 αἱρετέον.

390 2655 453 2712 Τί
507 2659 664 2724 στενὴ
735 2661 769 2727 ἡ
803 2661 971 2740 πύλη,
1003 2662 1090 2718 καὶ
1121 2660 1443 2738 τεθλιμμένη
1499 2662 1532 2727 ἡ
1563 2657 1681 2721 ὁδὸς
1707 2660 1740 2726 ἡ
1799 2657 1946 2714 ἆπεὶ⁹

307 2766 477 2821 γουσα
523 2747 594 2810 εἷς
665 2747 764 2816 τὴν
815 2749 982 2822 ζωὴν,
1030 2752 1119 2806 καὶ
1172 2748 1340 2828 ὀλίγοι
1371 2750 1495 2806 εἰσὶν
1525 2751 1572 2805 οἱ
1623 2749 1945 2826 εὑρίσκοντες

308 2833 474 2900 αὐτὴν
522 2840 535 2895 ι
612 2858 634 2889 ε
683 2839 1047 2911 Θαυμασσίκόν
1103 2838 1213 2896 ἔστι
1260 2839 1321 2896 τὸ
1371 2838 1451 2899 Τί.
1510 2837 1771 2912 Θαυμάζει
1817 2837 1935 2914 γὰρ,

308 2920 490 3004 βαϐαὶ,
526 2925 687 2981 πόσον
785 2926 894 2983 ἐστὶ
951 2929 1107 2997 στενή
1153 2934 1166 2989 l
1230 2933 1347 2993 Πῶς
1403 2925 1490 2984 οὗν
1561 2925 1802 3004 ἀλλαχοῦ
1847 2922 1940 2979 λέ-

306 3028 411 3088 γει’
468 3002 528 3071 ὀ
583 3014 736 3091 ζυγός
767 3037 868 3090 μου
908 3014 1132 3096 ιλαφρός
1162 3036 1180 3096 ς
1232 3017 1326 3072 Δίὰ
1353 3017 1448 3079 τὰς
1479 3002 1773 3090 μελλούσας
1803 3012 1944 3069 ἀντι-

307 3119 504 3167 οοσεις.

397 3211 423 3245 ε
455 3191 755 3271 Προσέχετε
792 3191 847 3249 δὲ
903 3194 1007 3250 ἀπὸ
1053 3199 1158 3251 τῶν
1216 3193 1684 3273 ψευδοπροφητῶν,
1743 3191 1939 3255 οἵτινες

307 3281 558 3359 ἴρχονται
614 3283 743 3358 πρὸς
792 3283 924 3345 ὑπᾰς
1008 3283 1061 3339 ἒν
1111 3282 1356 3359 ὶνδύμασι
1402 3279 1698 3362 προϐάτων,
1755 3279 1947 3337 ἔσωθεν

309 3368 364 3425 δὲ
465 3371 564 3424 εἰσι
641 3368 788 3428 λὺκοι
835 3371 1092 3449 ἅρπαγεςο
1171 3373 1275 3429 ἀπὸ
1331 3377 1436 3428 τῶν
1492 3371 1705 3449 καρπῶν
1777 3371 1947 3426 αὐτῶν

308 3457 662 3534 ιπιγνώσεσθε
730 3459 938 3523 αὐτούς.
969 3483 997 3515 ιο
1034 3461 1322 3539 Πανοῠργοί
1349 3462 1446 3517 εἱσι
1496 3461 1582 3515 καὶ
1640 3456 1869 3514 ἑπιθέται
1901 3459 1947 3512 οἱ

309 3549 582 3626 αἱρετικοὶ,
644 3546 726 3603 διὰ
784 3555 938 3605 τοῦτο
994 3547 1160 3627 λέγει,
1195 3552 1517 3628 Προσέχετε.
1553 3545 1948 3624 Χρηστολογίαν

308 3636 406 3708 μὲν
472 3637 571 3712 γὰρ
619 3633 1024 3715 προϐάλλονται,
1121 3640 1209 3693 καὶ
1259 3639 1370 3713 βίον
1433 3635 1795 3715 ὑποκρίνονται
1850 3653 1947 3688 σε·-

307 3709 496 3800 ξυνὸν,-
528 3709 670 3780 ἆλλ”
704 3723 891 3782 ἕσωθέν
949 3709 1057 3782 ἑστι
1113 3728 1174 3782 τὸ
1233 3709 1534 3803 έγκιστρον,
1573 3709 1837 3799 ’θενδυμα
1894 3719 1948 3774 δὲ

307 3812 595 3894 προϐάτου,
680 3816 767 3870 καὶ
843 3815 876 3881 ἡ
963 3815 1221 3894 πραότης,
1306 3816 1446 3884 ᾗτινι
1528 3813 1762 3894 χρῶνταί
1812 3829 1948 3876 τινες

309 3907 764 3988 σχηματιζόμενοι
821 3903 903 3962 διὰ
959 3909 1020 3962 τὸ
1100 3906 1403 3963 κολακεύειν
1479 3908 1566 3962 καὶ
1662 3903 1943 3975 ἰξαπατᾷν.

315 3993 444 4054 Ἀπνῖ
500 3995 554 4051 δὲ
594 3997 688 4052 τοῦ
739 4003 940 4074 καρποῦ
995 3995 1360 4075 γνωρίζονται,
1430 3994 1690 4074 τουτέστι,
1722 3999 1826 4049 τῶν
1854 3992 1946 4071 ἔρ-

305 4108 418 4164 γων
474 4087 562 4142 καὶ
617 4105 709 4140 του
763 4083 898 4160 βίου.
933 4081 1042 4142 Κᾶν
1098 4084 1197 4162 γὰρ
1247 4083 1622 4161 δποκρίνωνται
1660 4082 1790 4159 πρὸς
1821 4101 1945 4135 και-

305 4179 397 4253 ρὸν
427 4172 564 4231 ἄλλα
593 4185 708 4236 τοῖς
742 4171 1093 4252 προσέχουσιν
1125 4171 1464 4252 ἐλέγχονται.

399 4286 424 4318 ι
490 4263 628 4332 Μήτι
687 4259 1024 4337 συλλέγουσιν
1105 4260 1211 4317 ἀπὸ
1271 4260 1509 4316 ἀκανθῶν
1565 4255 1853 4336 σταφυλὴν,
1910 4255 1945 4322 ἦ

303 4355 414 4411 ἀπὸ
443 4349 696 4430 τριϐόλων
745 4355 876 4405 σῦκα
905 4369 921 4428 ς
955 4348 1103 4406 Ούνω
1157 4355 1260 4406 πᾶν
1302 4346 1504 4428 δένδρον
1564 4347 1759 4424 ἀγαθὸν
1812 4366 1946 4423 καρ-

307 4446 436 4504 ποὺς
490 4439 681 4500 καλοὺς
731 4450 902 4495 ποιεῖ’
979 4439 1040 4518 τὸ
1100 4437 1154 4494 δὲ
1215 4440 1414 4518 σαπρὸν
1461 4434 1663 4504 δένδρον
1720 4434 1948 4512 καρποὺς

307 4530 568 4608 πονηροὺς
650 4539 818 4587 ποιετ.
887 4547 911 4582 ι
959 4517 1230 4584 ’Ἄκανθαι
1283 4517 1371 4582 καὶ
1418 4522 1648 4604 τρίὸολοί
1705 4524 1833 4579 εἰσιν
1904 4524 1949 4578 οἱ

309 4617 603 4698 ὑποκριταί⁸
677 4613 917 4687 ἄκανθαι,
977 4617 1047 4680 ὡς
1118 4615 1438 4686 πλήττοντες
1497 4613 1773 4693 λαθραίως,
1830 4612 1942 4688 τρί-

309 4707 461 4767 ὗολοι
518 4704 598 4779 δὲ,
678 4705 751 4768 ὡς
834 4709 1120 4782 πανοῦργοι
1199 4708 1286 4761 καὶ
1341 4703 1679 4782 πολύτροποι.
1735 4701 1943 4777 Σαπρὸν

309 4796 364 4854 δὲ
413 4792 639 4873 δένδρον,
699 4797 802 4853 πᾶς
860 4789 918 4845 ὅν
975 4793 1134 4860 σήπει
1189 4795 1217 4847 ὁ
1242 4793 1399 4870 ὑγρὸς
1455 4792 1541 4847 καὶ
1596 4787 1942 4863 ἐκλελυμένος

341 4886 442 4948 ίος.

306 4888 442 5027 βιοῖ.
492 4970 563 5029 Οὔ
615 4967 823 5025 δύναται
882 4965 1088 5047 δένδρον
1144 4967 1338 5046 ἀγαθὸν
1389 4968 1620 5045 καρποὺς
1675 4965 1939 5044 πονηροὺς

306 5075 511 5140 ποιεῖν,
543 5056 656 5115 οὐδὲ
685 5054 886 5134 δένδρον
943 5058 1142 5132 σαπρὸν
1198 5059 1424 5136 καρπούς
1455 5055 1645 5121 καλοὺς
1675 5054 1871 5116 ποίεῒν,
1906 5075 1934 5108 ι

2033 2412 2140 2473 per
2169 2401 2398 2473 portam
2431 2394 2660 2474 transit,
2695 2403 2753 2455 et
2776 2393 3062 2456 delicatus
3094 2408 3200 2472 per
3229 2387 3472 2452 delicias
3498 2386 3666 2474 quasi

2032 2500 2135 2563 per
2169 2482 2322 2543 viam
2351 2482 2701 2562 ingreditur:
2738 2487 2799 2546 et
2827 2483 2966 2563 quia
2995 2489 3241 2562 utraque
3270 2473 3663 2556 temporaria,

2029 2570 2277 2649 eligatur
2305 2589 2436 2652 qua:
2466 2572 2698 2633 melior.

2115 2657 2289 2722 Vens.
2330 2661 2419 2722 14.
2463 2685 2487 2714 α
2525 2659 2705 2732 Quam
2737 2667 2978 2739 angusta
3030 2667 3118 2722 est
3173 2662 3340 2738 porta
3371 2660 3429 2716 et
3459 2652 3665 2714 stricta

2028 2748 2120 2809 via
2147 2766 2277 2828 quae
2296 2747 2459 2809 ducit
2487 2748 2559 2808 ad
2592 2748 2789 2827 vitam,
2822 2755 2882 2810 et
2909 2749 3080 2826 pauci
3112 2757 3251 2808 sunt
3293 2742 3664 2804 invenientes

2025 2837 2191 2897 eam!
2233 2861 2255 2893 ο
2287 2835 2648 2897 Admirativa
2700 2836 2879 2897 dictio
2938 2845 3047 2909 est,
3096 2832 3292 2907 Quid?
3322 2830 3668 2893 Admiratur

2024 2924 2205 3000 enim,
2243 2942 2426 3004 papae,
2461 2943 2636 3005 quam
2667 2925 2943 3003 augusta!
2979 2921 3287 2996 Quomodo
3319 2919 3497 2996 igitur
3523 2913 3666 3005 alibi

2022 3003 2350 3087 dicit,0nus
2382 3003 2580 3076 meum
2609 3013 2770 3074 leve?
2797 3019 3038 3094 propter
3067 3011 3287 3072 futuras
3308 3003 3662 3068 retributio-

2021 3121 2151 3166 nes.

2106 3191 2288 3254 Vens.
2347 3194 2437 3266 15,
2479 3193 2576 3254 16.
2614 3212 2637 3248 α
2672 3189 2972 3252 Attendite
3021 3197 3217 3251 autem
3248 3205 3283 3249 a
3311 3183 3470 3247 falsis
3519 3198 3663 3262 pro-

2030 3280 2223 3362 pbetis
2275 3280 2377 3361 qui
2432 3282 2670 3342 veniunt
2696 3280 2771 3340 ad
2801 3297 2903 3341 vos
2931 3279 2992 3340 in
3022 3275 3386 3339 vestimentis
3440 3271 3658 3343 ovium,

2031 3369 2133 3431 sed
2165 3368 2525 3431 intrinsecus
2557 3375 2693 3429 sunt
2739 3367 2861 3446 lupi
2890 3384 3155 3449 rapaces,
3180 3384 3213 3427 a
3236 3363 3522 3426 fructibus
3557 3376 3662 3449 eo-

2029 3457 2326 3536 gnoscetis
2352 3477 2519 3518 eos.)
2551 3455 2713 3518 Vafri
2742 3465 2877 3517 sunt
2903 3446 3336 3536 et'impostores
3370 3446 3660 3536 haeretici,

2032 3535 2342 3626 propterea
2375 3545 2538 3620 dicit,
2572 3545 2878 3620 attendite,
2912 3547 3024 3607 hoc
3048 3535 3158 3619 est,
3182 3550 3403 3604 cavete.
3429 3535 3671 3602 Blandi.

2030 3635 2388 3711 loquentiam
2446 3635 2604 3697 enim
2657 3644 3001 3715 praetexunt,
3062 3642 3121 3696 et
3164 3633 3351 3700 vitam,
3387 3628 3669 3691 simulant

2030 3732 2317 3803 sanctam,
2352 3723 2455 3786 sed
2504 3723 2860 3785 intrinsecus
2899 3725 3042 3786 latet
3071 3724 3304 3784 hamus.
3338 3718 3665 3780 Indumen-

2029 3823 2150 3874 tum
2182 3822 2376 3874 autem
2433 3813 2566 3874 ovis
2610 3822 2697 3875 est
2752 3822 2811 3875 et
2842 3812 3255 3886 mansuetudo,
3279 3826 3460 3890 quam
3489 3823 3666 3867 usur-

2030 3911 2168 3983 pant
2191 3904 2331 3965 dum
2361 3902 2677 3964 adulantur
2705 3910 2764 3964 ct
2791 3903 3115 3982 decipiunt.
3149 3903 3196 3962 A
3226 3900 3419 3961 fructu
3467 3903 3664 3957 autem

2029 4000 2490 4072 cognoscuntur,
2526 3993 2638 4053 hoc
2669 4000 2778 4066 est,
2814 3991 2887 4053 ab
2923 3991 3205 4070 operibus
3238 3997 3296 4050 et
3323 3988 3459 4050 vita.
3513 3983 3664 4047 Nam

2028 4080 2167 4142 licet
2190 4079 2262 4140 ad
2292 4088 2526 4162 tempus
2560 4081 2863 4161 simulent,
2900 4080 3005 4143 sed
3038 4079 3366 4160 produntur
3386 4092 3666 4137 successu

2026 4167 2333 4247 temporis.

2111 4255 2296 4318 Vens.
2334 4257 2462 4332 16,1
2480 4259 2535 4321 Ἰ.
2563 4257 2871 4336 «Nunquid
2898 4257 3178 4335 colligunt
3205 4274 3239 4316 a
3267 4253 3456 4332 spinis
3471 4269 3666 4332 uvam,

2032 4344 2122 4406 vel
2152 4362 2186 4404 a
2217 4344 2448 4406 tribulis
2471 4346 2618 4407 ﬁcus
2638 4353 2665 4409 ?
2696 4346 2793 4406 Sic
2825 4347 3018 4406 omnis
3050 4345 3230 4406 arbor
3256 4343 3409 4404 bona
3441 4341 3668 4402 fructus

2033 4431 2221 4494 bonos
2250 4434 2388 4494 facit
2418 4454 2431 4496 :
2463 4435 2643 4494 arbor
2669 4441 2866 4494 autem
2893 4435 3080 4513 putris
3108 4434 3331 4494 fructus
3366 4429 3548 4490 malos
3573 4427 3674 4508 [ει--

1974 4563 2015 4613 D
2035 4522 2132 4582 cit.
2174 4544 2201 4613 ξ
2236 4520 2436 4613 δρίυω
2465 4529 2524 4582 et
2555 4520 2758 4584 tribuli
2788 4529 2925 4613 sunt
2967 4521 3305 4613 hypocrita.
3356 4520 3578 4613 Spinee,
3604 4523 3668 4576 ut

2033 4609 2258 4671 occulte
2276 4609 2652 4672 vulnerantes
2683 4632 2695 4671 :
2728 4609 2952 4685 tribuli,
2988 4609 3212 4672 utvafri
3244 4615 3302 4669 et
3329 4605 3661 4672 versatiles.

2024 4697 2218 4761 Arbor
2259 4710 2455 4761 antem
2513 4700 2723 4780 putris,
2755 4700 2946 4762 omnis
2975 4698 3077 4780 qui
3108 4697 3272 4760 molli
3301 4703 3358 4758 et
3386 4694 3671 4758 dissoluta

2025 4785 2136 4846 vita
2172 4787 2490 4868 putrescit.

2101 4965 2285 5026 Vens.
2322 4964 2416 5026 18.
2456 4985 2479 5020 ιι
2503 4964 2633 5024 Non
2665 4971 2858 5044 potest
2889 4964 3069 5026 arbor
3096 4964 3253 5026 bona
3289 4964 3515 5028 fructus
3545 4979 3664 5025 ma-

2023 5069 2111 5140 los
2138 5052 2356 5132 facere,
2387 5070 2579 5132 neque
2636 5051 2812 5113 arbor
2867 5053 3056 5132 putris
3115 5054 3338 5116 fructus
3363 5054 3550 5116 bonos
3574 5055 3664 5114 57

307 5144 464 5214 ’Ἕως
509 5149 568 5206 οὗ
598 5145 707 5203 ἔστι
763 5146 984 5224 σαπρὸν⁶
1019 5149 1078 5204 ού
1107 5143 1339 5201 δύναται⁶
1391 5145 1479 5202 ἐὰν
1529 5141 1935 5224 δὶιμεταϐληθῇ,

2035 5158 2240 5222 μασι-ο.
2278 5164 2300 5198 ι
2340 5140 2612 5213 Quandiu
2643 5151 2729 5203 est
2758 5142 2968 5222 putris,
3007 5161 3122 5204 non
3154 5152 3372 5222 potest;
3407 5143 3508 5206 ubi
3555 5161 3669 5205 au-

305 5240 540 5299 δύναται.
600 5227 752 5314 ’Ὂρα
808 5235 928 5312 γὰρ,
1007 5233 1087 5289 ὅτι
1144 5238 1238 5294 οὒκ
1292 5233 1595 5312 εἶπενίίοῦ
1642 5233 1937 5310 δυνήσεται,

306 5327 427 5387 ἀλλ’
458 5327 538 5384 ὅτι
571 5324 624 5381 ἰν
649 5325 759 5396 ὅσῳ
779 5320 885 5378 ἐστὶ
915 5323 1138 5399 σαπρὸν,
1162 5323 1299 5380 καλὰ
1331 5325 1388 5379 ού
1417 5329 1595 5401 γεννᾷ,

392 5527 415 5562 ε
454 5509 565 5561 Πᾶν
594 5498 798 5580 δένδρον
855 5501 934 5577 μὴ
1006 5504 1184 5558 ποιοῦν
1214 5502 1415 5579 καρπὸν
1444 5498 1630 5580 καλὸν,
1686 5488 1949 5555 ἐκκόπτεέ-

304 5619 413 5670 ται,
475 5592 564 5650 καὶ
613 5591 685 5653 εἷς
745 5595 846 5667 πῦρ
905 5588 1178 5664 βάλλεται.
1213 5588 1434 5668 ’Ἀραγε
1467 5587 1572 5645 ἀπὸ
1599 5594 1705 5645 τῶν
1734 5593 1951 5666 καρπῶν

305 5685 481 5742 αύτῶν
500 5680 854 5758 ἐπιγνώσεσθε
912 5678 1122 5746 αὐτούς.
1181 5701 1205 5734 ι
1269 5683 1440 5740 Ταῦτα
1489 5678 1621 5757 πρὸς
1676 5671 1951 5742 Ἰουδαίους

2021 5243 2142 5304 gem
2175 5247 2461 5292 conversa
2481 5227 3060 5309 fuerit,potest.Vide
3085 5231 3244 5293 enim
3276 5233 3432 5314 quod
3448 5253 3564 5296 uon
3581 5233 3665 5295 di-

2028 5317 2266 5418 xit.lVon
2299 5319 2511 5398 poterit
2541 5339 2554 5376 :
2588 5318 2693 5380 sed
2727 5326 3014 5398 quatenus
3035 5327 3125 5381 est
3147 5321 3356 5400 putris,
3381 5322 3537 5385 bona
3551 5341 3674 5385 non

2033 5416 2296 5558 Ρωίίέιίιε.
2332 5494 2426 5567 19,
2448 5493 2549 5558 20.
2590 5519 2613 5549 α
2641 5495 2855 5556 Omnia
2873 5494 3020 5557 abor
3036 5515 3153 5558 non
3176 5497 3395 5560 faciens
3417 5499 3672 5562 fructum

2038 5584 2285 5659 bonum,
2313 5582 2766 5660 exscinditur,et
2784 5584 2842 5645 in
2868 5584 3066 5664 ignem
3099 5583 3589 5668 mittitur.Ut_ique
3603 5606 3677 5652 ex

2037 5671 2606 5764 fructibusipsorum
2620 5673 2950 5754 agnoscetis
2977 5692 3136 5762 eos,»
3175 5673 3280 5745 His
3306 5675 3541 5742 Iudaeos
3569 5694 3678 5760 per
