4126 6268
446 366 566 432 215

1401 359 1996 429 THEOPHYLACTI
2036 359 2446 424 BULGARI/E
2487 360 2853 424 ARCHIEP.

3703 358 3819 424 216

445 499 700 582 stringit,
731 517 868 572 nam
903 507 962 561 et
987 499 1250 561 Joannes
1275 498 1414 561 talia
1453 499 1540 560 eis
1586 497 1841 559 dicebat.
1874 493 2081 556 Arbori

2173 490 2524 569 ἀποτείνεται,
2598 494 2686 549 καὶ
2754 493 2782 549 ὃ
2856 491 3106 561 Ἰωάννης
3183 496 3283 572 γὰρ
3351 495 3570 552 τοιαῦτα
3632 498 3812 557 αὺτοῖς

446 595 644 651 antem
676 587 903 650 confert
937 586 1266 664 hominem,
1302 605 1371 649 eo
1398 586 1556 670 quod
1605 592 1802 667 potest
1837 603 1871 645 a
1901 582 2086 644 sterili

445 684 691 760 peccato
721 675 784 738 in
807 676 1083 738 virtutem
1121 676 1326 741 inseri.

525 851 704 916 Vens.
730 855 831 916 21.
862 878 889 908 α
929 855 1060 916 Non
1093 853 1286 915 omnis
1309 852 1407 934 qui
1432 851 1574 914 dicit
1605 851 1776 930 mihi,
1809 847 2084 926 Domine,

443 942 720 1016 Domine,
781 942 1022 1004 intrabit
1070 942 1132 1003 in
1190 961 1438 1022 regnum
1491 940 1777 1003 caelorum
1813 938 1953 1002 :sed
1987 936 2086 1018 qui

438 1031 579 1093 facit
619 1033 980 1094 voluntatem
1023 1033 1216 1094 Patris
1264 1032 1406 1108 mei,
1463 1030 1566 1111 qui
1607 1030 1669 1089 in
1700 1028 1864 1090 caelis
1905 1035 2014 1088 est.
2055 1050 2078 1081 υ

441 1119 568 1181 Hoc
595 1120 726 1181 loco
753 1120 1009 1182 ostendit
1037 1121 1296 1201 seipsum
1328 1113 2083 1196 Dominum,dicendo,Non

444 1208 638 1269 omnis
667 1209 766 1288 qui
797 1208 942 1283 dicit
975 1207 1142 1278 mihi,
1179 1206 1453 1282 Domine,
1501 1205 1773 1278 Domine,
1825 1221 1956 1262 nam
2004 1201 2084 1261 ita

445 1314 510 1360 so
534 1304 594 1359 et
622 1298 810 1358 Deum
859 1296 1026 1359 dicit.
1058 1294 1241 1357 Docet
1269 1305 1461 1356 autem
1495 1312 1622 1368 nos,
1657 1293 1706 1352 si
1736 1291 1912 1354 ﬁdem
1943 1289 2079 1350 abs-

443 1403 559 1465 que
582 1385 858 1464 operibus
890 1385 1294 1458 habuerimus,
1339 1382 1485 1443 nihil
1517 1381 1684 1441 nobis
1712 1398 1840 1441 eam
1875 1379 2079 1458 profu-

443 1479 654 1534 turam.
693 1472 839 1533 Nam
873 1473 1150 1551 dicendo,
1195 1471 1308 1543 Qui
1351 1470 1488 1531 facit
1542 1469 1924 1542 voluntatem,
1965 1486 2081 1527 non

443 1559 589 1622 dicit
605 1559 705 1640 qui
723 1562 907 1622 semel
931 1559 1203 1632 facit,sed
1227 1559 1326 1639 qui
1352 1575 1535 1637 usque
1557 1557 1627 1617 ad
1653 1565 1900 1616 mortem
1922 1556 2078 1616 facit.

443 1649 516 1711 Et
551 1667 670 1710 non
700 1648 1250 1722 dixit,Voluntatem
1273 1664 1571 1718 meam,ne
1589 1645 2084 1708 oﬁenderetaudi-

441 1736 956 1816 tores,sed,Patris
975 1736 1378 1800 [τιεί.οηιηίηο
1397 1745 1592 1797 autem
1618 1754 1735 1796 una
1756 1735 2085 1815 eademque

439 1824 709 1886 voluntas
730 1832 819 1884 est
849 1825 1027 1904 patris
1049 1833 1108 1887 et
1143 1825 1270 1900 ﬁlii,
1303 1824 1418 1885 nisi
1449 1824 1710 1902 degener
1741 1823 1818 1883 sit
1845 1823 2024 1885 ﬁlius.

522 1910 1124 2004 V_ERS.22,23.¢Multi
1153 1913 1352 2004 dicent
1382 1913 1527 1973 mihi
1552 1914 1610 1974 in
1634 1913 1731 2004 die
1760 1910 2080 2004 illa:Domio
2107 1957 2144 2004 Β

2170 577 2340 658 ἔλεγε.
2420 579 2621 660 Δένδρῳ
2690 579 2743 636 δὲ
2802 581 3070 654 ἀπεικάζει
3099 583 3191 638 τὸν
3237 583 3528 663 ἄνθρωπον,
3563 581 3695 639 διότι
3725 582 3812 638 δὺο

2168 690 2318 724 ναται
2389 668 2818 748 ἐγκεντρισθῆναι
2893 670 3000 727 ἀπὸ
3083 671 3179 738 τῆς
3249 671 3485 750 ἀκάρπου
3559 670 3812 748 ἁμαρτίας

2169 757 2243 819 είς
2273 757 2363 836 ἀρε
2373 759 2490 825 τὴν.

2256 869 2280 900 α
2357 848 2429 904 Οὐ
2482 853 2584 908 πᾶς
2656 849 2683 902 6
2794 846 2964 925 λέγων
3022 869 3136 924 μοι,
3215 848 3392 926 Κύριε,
3464 846 3806 905 εἰσελεύσεται

2169 935 2240 997 είς
2298 934 2395 1001 τὴν
2452 934 2722 1011 βασιλείαν
2752 935 2859 992 τῶν
2903 939 3158 1015 οὐρανῶν,
3188 934 3307 992 ἀλλ’
3337 938 3364 992 ὃ
3393 943 3558 994 ποιῶν
3586 938 3646 993 τὸ
3716 935 3806 992 θέ-

2165 1020 2317 1096 λημα
2367 1030 2458 1078 ιοῦ
2510 1026 2709 1101 Πατρὸς
2767 1046 2869 1099 μου
2926 1030 3020 1080 τοῦ
3071 1023 3123 1081 ἒν
3181 1026 3441 1102 οὐρανοῖς.
3474 1047 3496 1082 ι
3559 1023 3808 1082 Ἐνταῦθα

2166 1109 2510 1169 ἐπιδείκνυσιν
2542 1113 2726 1169 ἑαυτὸν
2782 1113 2992 1191 Κύριον,
3044 1112 3099 1168 ἐν
3153 1119 3229 1186 τῷ
3282 1115 3474 1169 εἰπεῖν’
3509 1113 3581 1171 Οὐ
3623 1120 3725 1174 πᾶς
3781 1114 3808 1168 6

2164 1199 2336 1277 λέγων
2385 1224 2498 1275 μοι,
2577 1202 2750 1280 Κύριε,
2807 1203 2990 1280 Κύριε,
3022 1202 3159 1258 ὥστε
3205 1203 3333 1258 Θεὸν
3387 1204 3568 1258 ἑαυτὸν
3639 1200 3804 1278 λέγει,

2163 1286 2390 1345 δ.δάσκει
2457 1287 2510 1344 δὲ
2565 1291 2705 1365 ἡμᾶς
2762 1289 2866 1364 ὅτι,
2927 1289 3017 1346 ἐὰν
3045 1292 3219 1347 πίστιν
3264 1292 3429 1370 χωρὶς
3461 1290 3626 1370 ’έργων
3657 1288 3808 1368 ἔχω-

2163 1398 2282 1449 μεν,
2345 1374 2487 1432 οόδὲν
2535 1377 2595 1432 ἐκ
2646 1380 2831 1434 τούτου
2863 1377 3228 1456 ὠφελοὺμεθα’
3367 1380 3465 1457 γὰρ
3512 1385 3677 1434 ποιῶν
3748 1378 3807 1432 τὸ

2164 1463 2399 1545 θέλημα,
2433 1465 2527 1520 οὒκ
2571 1466 2726 1522 εἶπεν
2784 1469 2811 1522 6
2869 1465 3006 1530 ἃπαξ
3031 1468 3282 1545 ποιήσας,
3317 1465 3438 1522 ἀλλ’
3481 1469 3510 1523 6
3549 1465 3676 1546 ἄχρι
3707 1469 3804 1521 θα-

2167 1553 2322 1608 νάτου
2391 1559 2582 1613 ποιῶν.
2644 1556 2742 1612 Καὶ
2802 1556 2894 1611 οὒκ
2937 1555 3085 1631 εἶπε,
3120 1557 3179 1611 τὸ
3205 1554 3414 1630 θέλημᾶ
3456 1578 3576 1629 μου,
3611 1555 3702 1609 ἵνα
3727 1554 3805 1628 μὴ

2166 1639 2488 1718 σκανδαλισῃ
2560 1643 2679 1705 τοὺς
2738 1642 3054 1718 ἀκούοντας,
3125 1642 3283 1718 ἀλλὰ,
3328 1647 3419 1700 τοῦ
3445 1645 3646 1723 [ἰατρὸς
3678 1657 3799 1718 μου·

2164 1729 2372 1792 πάντως
2405 1728 2457 1786 δὲ
2486 1730 2540 1786 ἕν
2606 1729 2812 1806 θέλημα
2882 1735 3078 1812 πατρὸς
3111 1736 3199 1789 καὶ
3239 1735 3370 1813 υἱοῦ,
3422 1733 3509 1788 ἐὰν
3540 1734 3633 1789 οὐκ
3660 1731 3801 1787 ἔστιν

2164 1816 2469 1884 ἀποστάτης
2501 1821 2528 1874 6
2557 1821 2688 1882 υἱὸς,

2251 1927 2275 1960 α
2333 1904 2528 1962 Πολλοὶ
2580 1907 2750 1986 ὲροῦσί
2820 1931 2909 1981 μοι
2940 1908 2995 1964 έν
3049 1908 3223 1986 ἐκείνῃ
3279 1909 3570 1988 τῇἡμέρα·
3622 1910 3801 1986 Κὺριε,

442 2000 1030 2082 ne,Domine,nonne
1053 2004 1109 2062 in
1126 2002 1367 2063 nomine
1389 2011 1487 2062 tuo
1510 2000 2081 2080 prophetavimus,et

2168 1994 2345 2070 Κὺριε,
2405 1999 2463 2053 οὗ
2533 2000 2608 2082 τῷ
2659 2002 2737 2069 σῷ
2767 1997 2992 2071 ὀνόματι
3067 1999 3558 2077 προεφητεὺσαμεν,
3613 1998 3702 2052 καὶ
3731 2004 3804 2070 τῷ

442 2091 504 2152 in
535 2091 777 2152 nomine
811 2099 909 2151 tuo
942 2090 1234 2152 daemonia
1261 2091 1621 2169 ejicimus,et
1641 2089 1701 2148 in
1720 2088 1959 2150 nomine
1985 2097 2080 2150 tuo

438 2179 683 2241 virtutes
727 2179 940 2240 multas
984 2178 1262 2240 fecimus?
1303 2179 1372 2240 Et
1415 2186 1556 2239 tunc
1586 2177 1914 2239 conﬁtebor
1943 2178 2074 2239 eis:

441 2267 752 2350 Nunquam
804 2268 1051 2344 cognovi
1101 2286 1230 2347 vos,
1262 2266 1548 2328 disccdite
1592 2284 1625 2327 a
1669 2283 1789 2345 me,
1821 2267 2082 2346 operarii

441 2357 832 2436 iniquitatis.»
869 2357 1036 2417 Multi
1069 2376 1199 2417 cum
1232 2355 1553 2436 praedicare
1583 2353 2080 2433 incipiebant,eji-

443 2446 678 2508 ciebant
699 2445 1025 2508 daemonia:
1062 2453 1121 2508 et
1151 2444 1419 2526 quamvis
1451 2442 1677 2521 indigni
1715 2453 1938 2517 essent,
1976 2461 2082 2522 per

441 2552 661 2596 nomen
688 2533 830 2596 Jesu
861 2533 1136 2612 fugabant
1161 2533 1487 2595 daemones.
1507 2531 1652 2592 Nam
1684 2533 1867 2607 gratia
1901 2532 2077 2592 etiam

444 2639 553 2703 per
581 2622 855 2701 indignos
875 2623 1083 2685 efﬁcax
1107 2630 1216 2697 est,
1252 2622 1410 2682 sicut
1439 2639 1545 2700 per
1566 2620 1839 2698 indignos
1871 2638 2078 2682 sacer-

444 2711 613 2774 dotes
641 2713 1074 2774 sanctilicamur
1109 2729 1122 2771 :
1157 2719 1216 2772 et
1241 2709 1423 2770 Judas
1460 2727 1694 2790 quoque
1723 2708 1891 2785 signa
1920 2710 2076 2787 fecit,

441 2807 501 2862 et
529 2797 633 2860 ﬁlii
663 2797 887 2862 Scevaa.
913 2799 1079 2872 Quod
1111 2807 1308 2859 autem
1331 2797 1493 2870 dicit,
1527 2795 1836 2876 Nunquam
1870 2816 2082 2873 cogno-

440 2887 498 2948 vi
530 2904 653 2961 vos,
679 2888 792 2948 hoc
818 2888 965 2964 vult,
999 2889 1206 2967 Neque
1233 2896 1394 2959 tunc,
1421 2885 1656 2966 quando
1690 2886 1974 2948 miracula
1993 2886 2080 2946 fa-

2165 2085 2242 2153 σῷ
2270 2082 2488 2157 ὀνόματι
2546 2080 2790 2158 δαιμόνια
2821 2083 3190 2160 έξεϐάλλομεν,
3225 2088 3312 2142 καὶ
3353 2087 3428 2159 τῷ
3460 2093 3536 2160 σῷ
3582 2085 3802 2160 ὀνόματι

2163 2166 2403 2244 δυνάμεις
2461 2169 2663 2235 πολλὰς
2721 2172 3101 2249 ἐποιήσαμεν;
3176 2175 3273 2231 Καὶ
3329 2174 3447 2229 τότε
3479 2173 3800 2250 ὁμολογήσω

2163 2255 2368 2331 αὐτοῖς,
2429 2257 2508 2314 ὅτι
2559 2258 2814 2316 Οὐδέποτε
2871 2261 3034 2339 ἔγνων
3103 2264 3262 2341 ὑμᾶς,
3309 2261 3647 2342 ἀποχωρεῖτε
3707 2257 3802 2316 ἄπ’

2162 2343 2313 2418 έμοῦ,
2373 2349 2419 2403 οἱ
2474 2345 2812 2426 ἐργαζόμενοι
2883 2350 2983 2416 τὴν
3014 2350 3257 2426 ἀνομίαν.
3288 2373 3312 2408 ι
3350 2349 3539 2406 Πολλοὶ
3570 2350 3623 2405 ἐν
3654 2351 3799 2428 ἀρχῇ

2160 2439 2250 2489 τοῦ
2349 2437 2688 2514 κηρὺγματος
2767 2435 3010 2502 ὶξέϐαλον
3093 2436 3360 2518 δαιμόνια,
3445 2439 3534 2495 καὶ
3601 2437 3798 2502 ἀνάξιοι

2160 2519 2329 2596 ὄντες,
2383 2521 2466 2581 διὰ
2547 2525 2608 2580 τὸ
2675 2523 2843 2601 ὄνομα
2873 2535 2963 2583 τοῦ
3006 2525 3185 2593 ἰησοῦ
3217 2528 3514 2607 φευγόντων
3539 2530 3644 2582 τῶν
3674 2525 3793 2582 δαι-

2161 2609 2359 2683 μόνων·
2421 2615 2509 2668 καὶ
2589 2613 2688 2692 γὰρ
2730 2616 2764 2682 ἡ
2819 2615 2978 2694 χάρις
3021 2613 3221 2672 καιδιᾶ
3249 2617 3352 2671 τῶν
3398 2613 3617 2680 ἀναξίων
3649 2615 3793 2690 ένερο

2162 2712 2274 2776 γεϊ,
2348 2701 2421 2764 ὡς
2462 2703 2550 2757 καὶ
2578 2701 2662 2757 διὰ
2703 2709 2808 2758 τῶν
2855 2703 3074 2768 ἀναξίων
3117 2704 3294 2782 ἱερέων
3323 2703 3665 2780 ἁγιαζόμεθα,
3711 2705 3800 2759 καὶ

2165 2785 2360 2850 Ἰούδας
2431 2788 2485 2844 δὲ
2557 2805 2762 2862 σημεῖα
2806 2791 3046 2866 ἐποίησε,
3079 2794 3162 2848 καὶ
3218 2794 3264 2846 οἱ
3318 2793 3413 2846 υἱοὶ
3456 2799 3547 2846 τοῦ
3601 2797 3795 2851 Σκευᾶ.

2165 2878 2235 2932 Τὸ
2294 2874 2348 2930 δὲ
2396 2876 2852 2957 Οὒδέποτεέγνων
2905 2882 3062 2959 ὑμᾶς,
3109 2881 3219 2935 ἀντὶ
3245 2885 3358 2953 τοῦ,
3391 2878 3519 2935 Οὒδὲ
3548 2879 3666 2934 τότε
3711 2881 3797 2934 ὃτε

442 2974 711 3057 c_iebatis,
740 2975 1059 3056 diligebam
1089 2965 1214 3038 vos.
1249 2973 1373 3036 Hoc
1395 2965 1551 3035 enim
1584 2975 2081 3054 locoIcaritas,co-

2167 2965 2663 3057 ξθαυματουργεϊτε,
2709 2968 2932 3047 ἠγάπων
2967 2970 3124 3044 ὑμᾶς·
3157 2974 3347 3046 γνῶσις
3376 2968 3476 3045 γὰρ
3517 2968 3552 3034 ἡ
3611 2967 3794 3045 ἀγάπη

442 3064 625 3143 gnitio
650 3064 891 3127 dicitur.

527 3153 709 3217 Vnus.
740 3154 841 3228 24,
867 3156 965 3218 25.
1003 3173 1032 3213 ‹
1063 3152 1271 3216 Omnis
1312 3151 1512 3232 igitur;
1542 3151 1642 3232 qui
1693 3151 1858 3213 audit
1891 3169 1959 3213 ex
1990 3170 2085 3213 me

2168 3049 2377 3129 λέγεται
2408 3053 2648 3117 ἐνταῦθα,

2255 3163 2280 3194 α
2344 3148 2454 3204 Ηᾶς
2510 3143 2599 3198 οὖν
2654 3142 2796 3208 ὅστις
2828 3144 3000 3201 ἀκούει
3034 3167 3134 3220 μοο
3164 3144 3282 3208 τούς
3338 3142 3525 3222 λόγους
3554 3141 3794 3216 τούτους,

441 3260 751 3304 sermones
802 3243 912 3303 bos
967 3250 1024 3304 et
1079 3242 1220 3303 facit
1264 3229 1390 3318 eos,
1423 3229 1758 3301 assimilabo
1790 3259 1926 3301 eum
1963 3241 2081 3301 viro

2167 3229 2254 3284 καὶ
2342 3243 2490 3286 ποιεῖ
2545 3233 2754 3306 αὐτούς,
2821 3233 3070 3289 ὁποιώσω
3127 3237 3280 3292 αὺτὸν
3341 3230 3480 3310 ἀνδρὶ
3537 3230 3793 3311 φρονίμῳ,

442 3330 740 3411 prudenti,
774 3330 874 3410 qui
901 3330 1208 3392 aediﬁcavit
1239 3329 1480 3390 domum
1533 3347 1697 3389 suam
1747 3347 1929 3406 super
1972 3347 2081 3408 pe-

441 3427 616 3494 tram,
642 3427 700 3480 et
723 3419 1031 3481 descendit
1060 3417 1273 3499 pluvia,
1308 3426 1367 3478 et
1390 3423 1680 3479 venerunt
1723 3417 1988 3497 ﬁumina,
2021 3428 2081 3479 et

441 3507 731 3570 ﬁavorunt
776 3508 935 3568 venti
993 3515 1052 3567 et
1109 3506 1410 3567 irruerunt
1437 3505 1498 3565 in
1530 3505 1770 3566 domum
1803 3507 1983 3586 illam,
2021 3512 2082 3569 et

439 3611 559 3656 non
593 3594 849 3658 cecidit:
884 3595 1129 3656 fundata
1157 3594 1317 3654 enim
1372 3602 1498 3654 erat
1554 3611 1732 3672 supra
1763 3603 2014 3673 petram.
2044 3620 2072 3651 »

439 3683 682 3765 Absque
713 3685 836 3747 Deo
867 3684 1050 3745 virtus
1088 3683 1289 3763 perﬁci
1332 3681 1559 3763 nequit;
1585 3682 1827 3756 idcirco,
1864 3683 2074 3762 inquit,

438 3771 776 3834 assimilabo
822 3791 959 3833 eum
1004 3772 1128 3832 viro
1183 3770 1482 3852 prudenti.
1519 3773 1694 3833 Petro
1749 3779 1944 3831 autem
1989 3781 2079 3832 est

439 3859 728 3934 Christus,
762 3859 973 3921 domus
1028 3868 1222 3921 autem
1271 3859 1487 3920 anima.
1522 3858 1867 3938 Quicunque
1899 3859 2078 3936 igitur

439 3950 700 4010 animam
768 3967 934 4009 suam
1011 3946 1364 4022 aediﬁcabit,
1438 3946 1740 4027 operando
1808 3948 2079 4008 mandata

438 4034 696 4110 Christi,
750 4036 915 4097 illum
972 4055 1164 4117 neque
1213 4036 1449 4116 pluvia,
1506 4035 1564 4095 id
1629 4043 1715 4096 est
1765 4035 2078 4118 diabolus,

441 4125 539 4204 qui
570 4123 646 4185 de
675 4124 822 4185 coelo
851 4123 1071 4186 decidit
1105 4146 1116 4183 :
1153 4142 1346 4204 neque
1369 4124 1635 4198 ﬁumina,
1666 4125 1938 4186 homines
1959 4126 2079 4186 sci-

439 4212 581 4274 licet
607 4213 914 4295 laadentes,
941 4215 1045 4295 qui
1075 4215 1147 4276 ab
1177 4215 1289 4282 hac
1323 4215 1519 4294 pluvia
1557 4214 2028 4294 multiplicantur
2061 4236 2074 4278 :

437 4317 636 4382 neque
667 4303 847 4378 venti,
881 4304 996 4365 hoc
1033 4311 1123 4366 est
1151 4303 1391 4384 spiritus
1422 4302 1584 4384 mali,
1628 4311 1686 4363 et
1723 4304 1782 4364 in
1823 4322 2074 4378 summa,

437 4389 797 4453 tentationes
841 4410 1048 4453 onmes
1096 4392 1147 4452 si
1186 4391 1319 4452 talis
1365 4391 1562 4466 fuerit,
1611 4397 1886 4471 poterunt
1929 4391 2080 4473 deji-

436 4495 599 4541 σοι-ο.

516 4567 1039 4658 VERS.26,_27,¢Et
1060 4569 1256 4658 omnis
1282 4570 1379 4658 qui
1400 4569 1574 4658 audit
1592 4587 1626 4630 a
1651 4586 1745 4630 me
1776 4588 2085 4638 sermones
2111 4609 2151 4658 ι)

2163 3316 2306 3381 ὅστις
2377 3319 2688 3396 ᾠκοδόμησε
2757 3323 2855 3390 τὴν
2929 3325 3092 3379 οἰκίαν
3136 3323 3294 3378 αὐτοῦ
3335 3323 3420 3378 ἐπὶ
3449 3322 3545 3390 τὴν
3574 3321 3792 3398 πέτραν,

2162 3408 2249 3462 καὶ
2318 3406 2513 3476 κατέϐη
2563 3413 2596 3477 ἡ
2653 3412 2854 3489 βροχὴ,
2889 3413 2974 3467 καὶ
3019 3410 3175 3478 ἦλθον
3207 3415 3252 3467 οἱ
3294 3412 3541 3484 ποταμοὶ,
3577 3411 3664 3464 καὶ
3695 3408 3793 3464 ἕπ-

2163 3517 2344 3554 νευσαν
2418 3500 2464 3554 οἱ
2535 3497 2740 3574 ἄνεμοι,
2775 3502 2862 3555 καὶ
2907 3502 3232 3577 προσέπεσον
3276 3506 3344 3575 τῇ
3376 3500 3511 3570 οἰκίᾳ
3557 3497 3729 3574 ἐκείνῃ
3765 3520 3788 3554 ι

2161 3587 2246 3640 καὶ
2306 3585 2402 3640 οὒκ
2460 3585 2637 3667 ἔπεσε,
2692 3589 3037 3664 τεθεμελίωτο
3085 3591 3184 3668 γὰρ
3255 3591 3339 3645 επὶ
3381 3588 3478 3654 τὴν
3509 3587 3724 3665 πέτραν.
3766 3608 3788 3640 ι

2161 3681 2290 3728 Θεοῦ
2363 3677 2528 3753 χωρὶς
2611 3680 2669 3734 οὐ
2725 3674 2935 3734 δύναται
3023 3679 3183 3755 ἀρετή
3244 3676 3655 3755 κατορθωθῆναι,
3715 3673 3798 3730 διὰ

2158 3761 2311 3817 τοῦτό
2372 3783 2556 3841 φησιν,
2595 3755 2874 3839 Ὀμοιώσω
2929 3769 3083 3822 αὐτὸν
3144 3764 3283 3844 ἀνδρῇ
3338 3771 3595 3844 φρονίμῳ,
3630 3762 3799 3840 Πέτρα

2159 3846 2237 3923 δὲ,
2325 3852 2353 3904 6
2403 3851 2647 3925 Χριστός·
2682 3855 2818 3908 οἰκία
2851 3852 2927 3928 δὲ,
2961 3856 2994 3921 ἡ
3028 3854 3203 3933 ψδχὴ.
3263 3837 3429 3915 Ὀστις
3459 3854 3547 3906 οὖν
3578 3851 3674 3917 τὴν
3702 3856 3802 3925 ψυ-

2163 3938 2274 4016 χὴν
2345 3943 2502 3997 αὐτοῦ
2558 3939 2889 4016 οἰκοδομὴσει
2949 3943 3129 4017 ἐπὶτῇ
3159 3942 3372 4021 ἐργασίᾳ
3425 3942 3531 3997 τῶν
3574 3939 3798 3996 ἐντολῶν

2163 4034 2254 4084 τοῦ
2310 4034 2556 4102 Χριστοῦ,
2616 4037 2798 4086 τοῦτον
2844 4030 2956 4087 οὔτε
2987 4034 3020 4099 ἡ
3052 4033 3251 4111 βροχὴ,
3285 4034 3312 4086 6
3341 4028 3584 4094 διάϐολος
3629 4027 3794 4106 λέγω,

2163 4117 2191 4171 ὁ
2250 4114 2301 4181 ἐξ
2372 4119 2585 4195 ούρανου
2618 4120 2816 4192 πεσὼν,
2868 4120 2982 4176 οὔτε
3012 4124 3058 4176 οἱ
3106 4121 3356 4197 ποταμοὶ,
3403 4121 3449 4174 οἱ
3475 4117 3800 4196 ἒπηρεασταὶ

2163 4203 2448 4282 ἂνθρωποι,
2510 4210 2556 4261 οἱ
2578 4207 2682 4262 ἀπὸ
2725 4214 2824 4275 τῆς
2887 4210 3134 4276 τοιαύτης
3181 4210 3387 4286 βροχῆς
3457 4204 3798 4278 πληθυνόμε-

2163 4315 2265 4373 νοι,
2341 4292 2456 4350 οὔτε
2513 4298 2560 4351 οἱ
2591 4295 2773 4371 ἄνεμοι
2831 4299 2895 4354 τὰ
2929 4299 3201 4374 πνεύματα
3235 4300 3330 4364 τῆς
3388 4294 3665 4372 πονηρίας,
3713 4294 3801 4348 καὶ

2163 4383 2336 4448 ἀςλῶς
2408 4386 2599 4448 πάντες
2645 4389 2691 4444 οἱ
2735 4389 3038 4468 πειρασμοὶ,
3072 4390 3161 4445 τὸν
3205 4396 3439 4445 τοιοῦτον
3469 4384 3527 4441 οὗ
3557 4381 3797 4438 δύνανται

2164 4470 2509 4536 καταϐαλεῖν,

2257 4582 2281 4618 α
2345 4565 2443 4620 Καὶ
2501 4571 2603 4628 πᾶς
2673 4567 2700 4621 6
2755 4565 2958 4623 ἀκούων
3007 4589 3109 4641 μου
3170 4567 3290 4630 τοὺς
3347 4564 3533 4644 λόγους
3563 4563 3798 4642 τούτους,

434 4654 546 4716 hos
575 4662 634 4716 et
661 4673 778 4715 non
808 4655 946 4717 facit
971 4674 1095 4729 eos,
1129 4655 1559 4718 assimilabitur
1588 4659 1710 4717 viro
1748 4658 1946 4732 stulto,
1979 4659 2080 4738 qui

2167 4653 2254 4708 καὶ
2325 4653 2404 4728 μη
2474 4656 2640 4711 ποιῶν
2722 4657 2932 4737 αὐτοὺς,
3004 4658 3385 4731 ὃμοιωθὲβεται
3443 4653 3583 4731 ἀνδρὶ
3613 4659 3798 4731 μωρῷ,

435 4741 984 4805 exstruxitdomum
1010 4762 1175 4805 suam
1194 4761 1372 4823 super
1386 4763 1649 4818 arenam,
1686 4754 1741 4805 et
1772 4746 2081 4807 descendit

435 4830 655 4912 pluvia,
689 4840 748 4892 et
776 4841 1070 4893 venerunt
1095 4832 1360 4906 flumina,
1395 4845 1454 4894 et
1489 4833 1864 4911 spiraverunt
1894 4839 2074 4910 venti,

434 4926 494 4980 et
523 4918 826 4982 irruerunt
858 4921 920 4981 in
951 4920 1191 4981 domum
1248 4920 1432 4994 illam,
1471 4929 1528 4982 et
1577 4921 1818 4996 cecidit,
1852 4922 2078 5004 fuitque

431 5005 608 5068 ruina
641 5008 769 5086 ejus
787 5006 1191 5088 magna.»Non
1227 5007 1752 5088 dixit,Assimilabo
1780 5028 1938 5084 eum,
1974 5010 2079 5072 sed

435 5112 545 5176 per
573 5097 830 5176 seipsum
852 5096 1273 5159 assimilabitur
1297 5099 1470 5158 stulto
1495 5096 1596 5157 ille
1617 5097 1717 5177 qui
1743 5098 1931 5158 credit
1951 5099 2080 5179 qui-

2161 4739 2305 4806 ὅστις
2368 4742 2682 4819 ᾠκοδόμησε
2748 4748 2848 4812 τὴν
2904 4748 3068 4801 οἰκίαν
3137 4744 3292 4800 αὒτοῠ
3362 4744 3446 4799 ἐπὶ
3475 4743 3570 4810 τὴν
3599 4741 3800 4817 ἅμμον,

2159 4831 2245 4885 καὶ
2317 4830 2513 4899 κατέϐη
2564 4836 2599 4900 ἡ
2667 4835 2866 4914 βροχὴ,
2923 4837 3010 4891 καὶ
3077 4833 3231 4900 ἦλθον
3290 4835 3336 4889 οἱ
3387 4833 3637 4907 ποταμοὶ,
3711 4830 3798 4886 καὶ

2163 4917 2413 4978 ἔπνευσαν
2473 4924 2520 4977 οἱ
2549 4921 2754 4996 ἄνεμοι,
2815 4924 2901 4979 καὶ
2947 4923 3283 5002 προσέκοψαν
3325 4929 3393 4998 τῇ
3434 4922 3570 4992 οἰκίᾳ
3601 4920 3797 4998 ἐκείνῃ,

2163 5009 2249 5063 καὶ
2278 5006 2457 5090 ἔπεσε,
2509 5013 2597 5066 καὶ
2641 5011 2706 5077 ἧν
2747 5014 2782 5080 ἡ
2814 5018 3013 5078 πτῶσις
3045 5013 3208 5080 αὖτῆς
3239 5012 3474 5090 μεγάλη.
3510 5034 3534 5066 n
3585 5014 3690 5068 Οὔκ
3720 5015 3802 5066 εἷ-

2319 5088 2332 5108 (
2494 5099 2505 5120 I
2667 5100 2680 5118 9
2728 5101 2742 5118 κ
2845 5101 2857 5120 a
2943 5093 2958 5114 ν
3017 5093 3031 5113 ι
3325 5088 3331 5090 ⁷
3487 5101 3500 5119 9
3553 5097 3568 5120 ν
3749 5107 3771 5116 ..

2161 5118 2280 5176 πεν,
2335 5107 2598 5173 Ομοιωσω
2627 5121 2805 5176 αυτον,
2835 5100 2935 5156 αλλ
2962 5150 2977 5181 ,
3034 5103 3433 5176 Ομοιωθήσεται
3478 5123 3547 5179 αφ
3591 5102 3802 5175 ἑαυτου,

437 5182 574 5244 dem
626 5203 743 5244 non
793 5194 990 5247 autem
1040 5194 1342 5266 operatur,
1392 5188 1481 5246 ὃὸ
1527 5186 1619 5248 llic
1654 5186 1871 5266 estqui
1902 5205 2081 5268 super

2167 5194 2354 5264 μωρῷ,
2401 5186 2606 5252 ἐκεῖνος
2667 5189 2724 5254 ὅς
2767 5192 2997 5248 πιστεύει
3043 5192 3162 5266 μὲν,
3198 5193 3256 5249 οὒ
3303 5192 3512 5268 πράττει
3543 5189 3618 5247 δέ’
3652 5194 3804 5254 οὗτος

433 5288 677 5359 uenam
709 5274 957 5337 aediﬁcat
983 5275 1269 5351 ignaviter
1307 5295 1580 5356 operans:
1618 5284 1932 5356 propterea
1965 5285 2021 5338 et
2049 5296 2081 5339 a

2167 5274 2253 5330 οὖν
2324 5275 2407 5331 ἐπὶ
2479 5277 2701 5353 ψάμμου
2745 5281 2929 5355 κτίζει,
2979 5280 3062 5336 ἐπὶ
3102 5281 3420 5359 σαθρότητος
3464 5287 3569 5336 τῶν
3611 5280 3806 5359 ἔργων,

435 5357 861 5448 tentationibus
888 5362 1200 5442 dejicitur:
1233 5365 1543 5436 irruit,boc
1574 5374 1680 5433 est,
1719 5365 1990 5445 impingit
2020 5366 2081 5428 in

2169 5365 2268 5421 Διὰ
2349 5372 2502 5423 τοῦτο
2558 5370 2645 5424 καὶ
2686 5370 2786 5425 ὑπὸ
2841 5377 2947 5426 τῶν
2970 5376 3274 5448 πειρασμῶν
3328 5371 3528 5426 πίπτει·
3563 5368 3686 5426 ὅταν
3710 5370 3811 5447 γὰρ

434 5464 572 5509 eum
597 5447 932 5522 tentatio,et
963 5469 1173 5529 magna
1193 5453 1854 5532 cadit(a)ruina.Nullus
1886 5463 2078 5517 autem

2167 5455 2473 5536 πρσσκόψη,
2543 5456 2800 5533 τοῦτέστι,
2859 5447 3193 5539 προσκροὺσῃ
3253 5457 3393 5532 αὑτῴ
3490 5461 3808 5539 πειρασμὸς,

516 5605 605 5688 (0)
637 5604 796 5670 Edit.
826 5605 960 5668 Lut.
990 5608 1206 5686 solum,
1251 5619 1308 5674 et
1335 5613 1517 5674 cadit.
