4126 6268
321 376 431 449 221

1015 386 1461 450 ENARRATIO
1502 386 2009 449 EVANGELIUM
2053 385 2451 457 MATTHEI,
2496 420 2577 431 —
2618 378 2783 451 CAP.
2829 387 2990 449 VIII.

3565 378 3681 444 222

400 543 429 577 ι
466 522 564 580 Καὶ
634 521 798 580 ὶλθὼν
846 524 875 579 6
934 519 1136 590 Ἰησοῦς
1212 523 1286 586 εἷς
1345 522 1446 590 τὴα
1502 521 1667 578 οἰκίαν
1735 520 1952 597 Πέτρου,

2120 515 2304 581 Vens.
2325 519 2539 598 14,15.
2570 540 2598 573 α
2629 517 3015 594 Etingressus
3032 518 3207 578 Jesus
3228 514 3291 577 in
3313 513 3558 576 domum
3574 514 3683 577 Pe-

315 606 429 666 εῐδε
482 610 582 679 τήν
639 612 886 691 πενθερὰν
932 614 1088 671 16106
1141 609 1478 688 βεϐλημένην
1524 612 1613 667 καὶ
1663 608 1957 690 πυρέσσου-

2047 604 2139 678 tri,
2165 606 2315 668 vidit
2334 626 2570 669 socrum
2597 607 2728 687 ejus
2747 605 3209 668 decumbentem
3244 612 3303 666 et
3326 601 3681 691 febricitan-

318 720 437 758 σαν.
499 701 598 758 Καὶ
643 700 822 776 ἥψατο
906 700 1003 767 τῆς
1089 702 1272 780 χειρὸς
1347 701 1532 778 αὐτῆς,
1620 701 1706 756 καὶ
1760 698 1963 778 ἀφῆκεν

316 787 482 855 αὐτὴν
534 792 562 845 6
611 790 853 865 πυρετός,
901 790 999 847 Καὶ
1029 789 1226 867 ἠγέρθη
1272 790 1359 845 καὶ
1402 786 1635 855 διηκόνει
1680 790 1883 851 αὐτοῖς.
1936 807 1958 841 ι

318 875 566 942 Εἰσῆλθεν
615 879 687 943 εἷς
711 879 811 944 τὴν
840 877 1037 957 Πέτρου
1102 877 1268 935 οἰκίαν
1324 875 1409 932 8ιά
1435 879 1497 933 τὸ
1525 890 1740 958 φαγεῖν,
1790 867 1965 950 Ἀψά-

316 985 473 1037 μενος
533 964 589 1022 δὲ
643 972 743 1034 τῆς
798 968 1003 1046 χειρὸς,
1066 968 1126 1023 οὔ
1166 966 1328 1042 μόνον
1356 970 1446 1022 τόν
1477 968 1697 1044 πυρετὸν
1725 961 1960 1037 ἔσϐεσεν,

315 1051 451 1113 ἀλλὰ
510 1056 599 1111 καὶ
656 1057 882 1134 καθαρὰν
936 1056 1113 1134 ὑγείαν
1170 1053 1407 1112 ἀπέδωκε
1436 1061 1504 1131 τῇ
1543 1055 1769 1133 γυναικὶ,
1827 1052 1964 1109 ὥστε

313 1143 399 1197 καὶ
471 1144 572 1211 τὴν
620 1142 836 1219 δύναμιν
888 1142 1197 1201 ἐπανελθεῖν
1254 1146 1341 1200 καὶ
1413 1145 1629 1223 ἰσχύσαι
1672 1141 1960 1203 διακονεῖν.

314 1231 501 1287 Καίτοι
559 1231 732 1307 ἴσμεν
776 1230 857 1287 ὅτι
917 1230 1080 1295 πολὺς
1132 1232 1324 1312 χρόνος
1394 1234 1465 1298 εἷς
1516 1230 1802 1310 ἆνάῤῥωσιν
1844 1242 1962 1295 τοῖς

313 1329 535 1378 νοσοῦσι
582 1321 996 1401 παρεκτείνεται.
1064 1329 1179 1380 Τῶν
1236 1320 1411 1402 ἄλλων
1466 1319 1521 1377 δὲ
1579 1319 1964 1399 εεῦαγγελιστῶν

312 1409 574 1466 εἰπόντων
628 1412 709 1466 ὃτι
780 1408 1149 1487 παρέκαλεσαν
1206 1410 1384 1489 αὐτὸν,
1430 1411 1517 1466 καὶ
1574 1408 1711 1466 οὕτω
1767 1409 1963 1474 ταύτην

310 1494 683 1578 ἐθεράπευσεν,
729 1500 756 1553 6
818 1501 1088 1561 Ματθαῖος
1146 1498 1237 1555 οὒκ
1279 1499 1405 1554 εἴτε
1447 1508 1621 1572 τοῦτο,
1682 1498 1962 1572 συντομίας

311 1586 619 1662 φροντίσας.
669 1594 839 1643 Εῖπον
869 1587 969 1665 γάρ
1010 1609 1094 1643 σοι
1134 1590 1223 1643 καὶ
1270 1587 1585 1667 ἐρχόμενος,
1631 1586 1708 1644 ὅτι
1743 1589 1771 1643 ὃ
1822 1608 1962 1657 παρ-

194 1720 203 1726 .
314 1672 499 1729 έλιπεν
557 1677 733 1750 οὗτος,
794 1674 936 1753 λέγει
995 1675 1154 1740 ἄλλος
1191 1691 1204 1705 ⁶
1252 1678 1385 1752 μάθε
1427 1674 1480 1732 δὲ
1517 1679 1607 1733 καὶ
1652 1678 1732 1732 ὄτι
1776 1679 1803 1732 6
1856 1674 1960 1752 γά-

313 1782 413 1834 μος
460 1759 607 1818 οὗδὲν
666 1760 860 1820 κωλύει
914 1764 1011 1831 τὴν
1061 1765 1274 1843 ἀρετὴν,
1324 1766 1352 1820 6
1382 1766 1482 1844 γὰρ
1511 1777 1797 1845 κορυφαῖος
1853 1762 1959 1819 τῶν

310 1848 625 1908 ἀποστόλων
655 1852 903 1930 πενθερὰν
931 1856 1111 1932 εἶχεν.

402 1961 424 1994 ι
482 1937 669 2014 Ὀψίας
719 1938 773 1995 δὲ
815 1941 1129 2020 γενομένης,
1173 1942 1540 2021 προσήνεγκαν
1597 1944 1737 2015 αὗτῳ
1764 1939 1957 2017 δαιμοσο

313 2026 616 2102 νιζομένους
646 2029 898 2100 πολλοὺς,
942 2032 1029 2084 καὶ
1084 2028 1293 2095 ἐξέϐαλε
1336 2032 1401 2089 τὰ
1455 2032 1727 2107 πνεύματα
1786 2030 1956 2109 λόγῳ,

2044 700 2186 766 tem,
2216 694 2519 779 tetigitque
2560 715 2797 758 manum
2824 694 3005 771 illius,
3042 702 3099 756 et
3125 692 3366 774 reliquit
3395 691 3559 779 illam
3587 690 3680 779 Ie-

2048 781 2190 844 bris:
2226 792 2285 845 et
2312 777 2590 866 surrexit,
2615 803 2684 847 ac
2706 783 3060 846 ministravit
3107 781 3252 844 illis.
3293 804 3315 836 ι
3350 778 3592 844 Intravit
3621 777 3683 841 in

2048 869 2291 932 domum
2322 872 2502 948 Petri,
2527 882 2588 935 ut
2619 873 2960 935 comederet
2992 890 3006 935 :
3032 880 3090 933 et
3119 870 3412 949 attingens
3442 884 3678 929 manum

2049 960 2199 1040 ejus,
2234 979 2351 1022 non
2382 964 2573 1024 solum
2606 962 2819 1024 febrim
2850 958 3259 1033 exstinxit,sed
3288 964 3346 1019 et
3367 955 3679 1018 sanitatem

2046 1048 2335 1128 integram
2357 1051 2649 1130 prmstitit,
2673 1050 2753 1111 ita
2771 1060 2832 1110 ut
2851 1047 3109 1127 receptis
3124 1046 3347 1108 viribus
3363 1045 3540 1106 etiam
3565 1040 3683 1103 mi-

2046 1139 2297 1200 nistrare
2328 1140 2568 1204 valeret.
2595 1138 2827 1202 Scimus
2847 1137 3063 1218 alioqui
3094 1136 3279 1199 multo
3300 1132 3399 1197 vix
3417 1141 3689 1211 tempore

2047 1227 2529 1289 convalescentes
2553 1228 2916 1289 confirmari.
2975 1226 3122 1287 Cum
3180 1223 3280 1286 alii
3313 1220 3688 1301 evangelista)

2044 1314 2242 1376 dicant
2263 1318 2417 1397 quod
2450 1316 2816 1378 obsecrarint
2836 1334 2993 1396 eum,
3029 1314 3187 1376 etsic
3208 1319 3411 1375 cnrata
3431 1307 3687 1397 sit,Mat-

2044 1404 2230 1466 thzeus
2258 1395 2368 1465 hoc
2398 1404 2694 1466 brevitatis
2718 1405 3006 1467 rationem
3025 1404 3253 1466 habens
3284 1395 3660 1482 praetermisit

2044 1491 2321 1554 Dicebam
2345 1494 2503 1555 enim
2537 1494 2641 1556 tibi
2665 1494 2725 1555 in
2751 1494 3065 1575 principio,
3088 1492 3266 1554 alium
3286 1482 3681 1564 dicere,quod

2043 1581 2194 1642 alius
2214 1580 2307 1641 40
2328 1583 2757 1646 omittit.Porro
2779 1584 2943 1644 disce
2960 1582 3057 1643 hic
3078 1579 3234 1661 quod
3258 1576 3480 1658 nuptiae
3500 1591 3620 1636 non
3649 1590 3686 1633 a

2042 1670 2256 1733 virtute
2287 1670 2633 1751 prohibent:
2666 1674 2944 1753 princeps
2966 1669 3123 1733 enim
3148 1666 3550 1749 apostolorum
3573 1679 3677 1723 so-

2044 1776 2209 1821 crum
2243 1760 2468 1822 habuit.

2120 1934 2301 1999 Vens.
2331 1939 2430 2013 16,
2464 1941 2558 2001 l7.
2614 1964 2639 1993 ι
2676 1934 3141 2018 νεεροῑθευιθιῐι
3161 1936 3334 2007 facto,
3357 1930 3684 1994 attulerunt

2041 2024 2097 2086 ei
2126 2025 2523 2089 daemoniacos
2544 2029 2780 2103 multos,
2809 2038 2867 2091 et
2896 2027 3074 2107 ejecit
3106 2024 3349 2105 spiritus
3377 2018 3581 2092 verbo,
3620 2023 3682 2078 et

312 2118 401 2174 καὶ
461 2117 668 2180 πάντας
710 2117 832 2181 τοὺς
890 2124 1069 2178 κακῶς
1112 2118 1336 2200 ἔχοννας
1390 2120 1752 2200 ἐθεράπευσεν,
1811 2108 1955 2178 ὅπως

2047 2132 2247 2176 omues
2278 2116 2429 2180 male
2451 2116 2738 2179 habentes
2754 2118 3008 2196 curavit,
3032 2123 3096 2177 ut
3123 2114 3438 2200 impleatur
3455 2108 3679 2200 dictum

314 2204 575 2283 πληρωθῇ
632 2206 695 2261 16
754 2203 907 2283 ῥηθὲν
962 2204 1047 2262 διὰ
1110 2198 1332 2264 Ἠσαίου
1390 2198 1485 2268 106
1538 2198 1831 2288 προφήτου,
1875 2206 1961 2263 λέ-

312 2314 504 2372 γοντος
554 2307 569 2322 ⁹
633 2294 799 2355 Αὐτὸς
837 2294 932 2358 τὰς
972 2295 1239 2359 ἀσθενείας
1291 2297 1447 2372 ἡμῶν
1491 2294 1666 2369 ἔλαϐε,
1726 2298 1813 2352 καὶ
1867 2296 1960 2360 τὰς

312 2382 502 2445 νόσους
560 2379 868 2443 ἐϐάστασεν.
906 2399 936 2439 )
982 2381 1171 2458 Ὀψίας
1213 2384 1301 2440 καὶ
1361 2385 1503 2463 παρά
1555 2386 1736 2462 καιρὸν
1792 2407 1960 2464 προσ-

312 2476 451 2547 ῆγον
527 2470 651 2533 τοὺς
720 2468 1038 2547 ἆῤῥὼστους,
1101 2473 1256 2536 αὐτὸς
1331 2470 1385 2528 δὲ
1457 2471 1818 2553 φιλάνθρωπος
1884 2475 1959 2529 ὢν

314 2558 630 2637 ἐθεράπευσε
655 2557 880 2619 πάντας,
920 2559 1054 2614 Εἶτα
1082 2557 1173 2615 ἵνα
1207 2560 1283 2635 μὴ
1312 2562 1639 2637 ἀπιστήσῃς,
1672 2568 1785 2624 πῶς
1827 2583 1956 2618 τοσ-

313 2646 779 2729 αῦτα-νοσήματα
860 2645 911 2703 ἐν
980 2647 1181 2727 βραχεῖ
1263 2650 1655 2729 ἒθεραπεύοντο,
1735 2649 1959 2726 παράγει

314 2737 405 2792 τὸν
468 2726 701 2791 Ἠσαῖαν
745 2726 1124 2814 μαρτυροῦντα,
1169 2738 1411 2817 Καίτοιγε
1467 2741 1493 2794 6
1536 2726 1814 2818 προφήτης
1845 2737 1962 2815 περὶ

2044 2220 2149 2283 per
2168 2201 2377 2265 Isaiam
2412 2207 2759 2286 prophetam
2794 2207 3119 2279 dicentem,
3149 2202 3281 2283 Ipse
3303 2196 3677 2261 inﬁrmitates

2044 2298 2275 2353 nostras
2303 2296 2564 2374 suscepit
2589 2304 2646 2355 et
2677 2295 2915 2356 morbos
2948 2292 3216 2375 portavit.
3267 2316 3293 2347 ι
3329 2291 3594 2364 Vespere
3618 2289 3679 2345 et

2041 2380 2455 2461 intempestive
2471 2383 2781 2463 languidos
2802 2380 3338 2461 adducebant.Ipse
3350 2380 3676 2449 autem,ut-

2041 2477 2174 2548 pote
2204 2468 2562 2546 misericors,
2587 2473 2807 2535 curavit
2826 2490 3059 2534 omnes.
3090 2470 3316 2533 Deinde
3348 2484 3422 2528 ne
3448 2464 3681 2527 discre-

2042 2558 2147 2619 das
2177 2562 2473 2638 quomodo
2507 2570 2590 2622 tot
2622 2560 2864 2623 morbos
2894 2569 3009 2622 tam
3046 2560 3208 2621 brevi
3226 2567 3495 2638 tempore
3517 2569 3686 2614 cura-

2042 2646 2213 2721 verit,
2272 2649 2441 2711 atfert
2495 2651 2702 2713 Isaiam
2765 2660 3005 2712 testem.
3038 2649 3264 2711 tametsi
3290 2644 3576 2727 propheta
3605 2639 3682 2702 de

2045 2745 2305 2818 peccatis
2337 2737 2448 2800 hoc
2478 2739 2657 2820 dicat,
2692 2740 2992 2801 Mattheus
3050 2745 3245 2798 autem
3307 2735 3383 2795 de
3453 2727 3682 2792 morbis

312 2824 588 2902 ἁμαρτιῶν
645 2829 800 2881 τοῦτο
859 2821 1027 2903 λέγει,
1084 2826 1112 2880 6
1169 2830 1437 2891 Ματθαῖος
1503 2826 1557 2883 δὲ
1615 2828 1732 2907 περὶ
1787 2847 1954 2893 νοση-

2047 2824 2259 2908 Posuit,
2292 2844 2363 2887 eo
2389 2828 2544 2909 quod
2578 2828 2846 2908 plerique
2878 2846 2945 2888 ex
2983 2827 3244 2908 peccatis
3275 2822 3567 2886 accidant.

316 2913 500 2989 μάτων
555 2914 682 2968 αὐτὸ
736 2910 958 2985 τέθεικε,
1003 2914 1093 2968 καὶ
1146 2914 1245 2992 γὰρ
1290 2916 1352 2971 τὰ
1400 2914 1566 2971 πλείω
1596 2914 1647 2981 ἒξ
1704 2916 1951 2991 ἁμαρτη-

324 3002 506 3077 μάτων
548 3001 779 3078 γίνονται
789 3048 803 3062 ,

404 3111 428 3146 ι
474 3088 620 3147 ’ἰδὼν
678 3088 734 3145 δὲ
790 3092 819 3146 6
863 3088 1064 3156 Ἰησοῦς
1109 3090 1336 3158 ηολλοὺς
1386 3092 1583 3173 ὄχλους
1626 3095 1743 3172 περὶ
1774 3095 1953 3170 αὖτὸν,

2121 3096 2300 3161 Vsus.
2331 3096 2427 3158 18.
2470 3118 2492 3153 α
2551 3096 2696 3157 Cum
2750 3093 2996 3155 vidisset
3051 3100 3247 3155 autem
3280 3092 3451 3153 Iesus
3480 3082 3682 3148 turbas

313 3178 585 3237 ἆκέλευσεν
629 3176 879 3235 ἀπελθεῖν
936 3181 1009 3242 εἰς
1038 3181 1100 3235 τὸ
1144 3179 1331 3260 πέραν.
1389 3204 1413 3239 ι
1448 3184 1518 3239 Οὑ
1561 3184 1664 3262 γὰρ
1705 3186 1772 3250 ἦν
1801 3181 1960 3262 φιλόο·

2047 3187 2255 3247 multas
2274 3186 2496 3247 circum
2520 3202 2677 3266 sese,
2703 3185 2879 3264 jussit
2900 3190 2964 3243 ut
2992 3182 3224 3244 abirent
3247 3183 3306 3243 in
3330 3175 3683 3266 ulteriorem

312 3268 485 3344 δοξος,
546 3268 654 3344 ἅμα
726 3266 782 3324 δὲ
840 3269 927 3324 καὶ
997 3272 1103 3325 τῶν
1156 3268 1418 3329 Ἰουδαίων
1446 3273 1537 3327 τὸν
1580 3273 1766 3352 φθόνον
1794 3271 1960 3329 ἐκκλὶ-

2047 3274 2253 3355 ripam.
2305 3300 2333 3331 ιο
2393 3273 2519 3336 Non
2569 3262 2719 3335 erat
2756 3273 2956 3352 gloria:
3003 3271 3300 3354 quaesitor,
3336 3276 3394 3331 et
3437 3282 3541 3347 per
3569 3262 3683 3323 hoc

312 3380 444 3420 νων.
2045 3365 2218 3425 etiam
2241 3363 2581 3426 Judaeorum
2615 3362 2952 3424 declinabat
2983 3361 3289 3424 invidiam.

403 3466 429 3500 σ
465 3445 565 3504 Καὶ
613 3443 918 3524 προσελθὼν
985 3446 1070 3510 εἷς
1131 3449 1496 3528 γραμματεὺς,
1558 3462 1709 3506 εἶπεν
1768 3451 1910 3525 αὗτῷ
1941 3470 1960 3490 ο

2126 3452 2312 3515 Vsus.
2352 3454 2445 3533 19,
2481 3451 2581 3511 20.
2634 3475 2659 3507 «ι
2694 3451 2767 3513 Et
2798 3470 2929 3513 cum
2989 3451 3210 3512 adisset
3241 3466 3391 3510 unus
3449 3440 3679 3533 Scriba,

318 3532 637 3623 Διδάσκαλε,
684 3532 1029 3623 ἀκολουθήσω
1093 3558 1200 3608 σοι,
1246 3534 1378 3596 ὅπου
1433 3536 1521 3596 ἐὰν
1564 3538 1802 3619 ἀπέρχῃ,
1866 3540 1960 3598 Καὶ

2047 3542 2192 3603 dixit
2221 3542 2306 3623 ei;
2333 3528 2692 3621 Praeceptor,
2726 3559 2941 3622 sequar
2968 3553 3026 3602 te
3055 3554 3411 3621 quocunque
3441 3528 3686 3595 ieris.Et

312 3622 462 3700 λέγει
523 3621 664 3695 αὖτῳ
720 3624 748 3679 6
790 3622 996 3689 Ἰησοῦς
1031 3638 1045 3652 ⁸
1079 3626 1141 3680 Αἱ
1171 3624 1444 3690 ἀλώπεκες
1488 3626 1723 3707 φωλεοὺς
1752 3627 1960 3708 ἔχουσι,

2047 3632 2189 3693 dicit
2218 3631 2272 3693 ei
2293 3621 2468 3695 Iesus
2499 3648 2513 3694 :
2566 3628 2787 3710 Vulpes
2834 3630 3028 3692 foveas
3054 3628 3295 3709 habent,
3329 3635 3385 3688 et
3415 3623 3686 3685 volucres

314 3714 403 3768 καὶ
460 3711 528 3769 τὰ
575 3712 790 3768 πετεινὰ
847 3718 939 3768 τοῦ
996 3712 1213 3791 οὐρανοῦ
1292 3715 1721 3782 κατασκηνώσεις
1756 3733 1771 3747 ⁸
1826 3720 1853 3773 6
1911 3715 1960 3773 δὲ

2049 3720 2182 3782 οωιί
2208 3721 2380 3782 nidos
2405 3737 2419 3782 :
2453 3730 2513 3780 at
2540 3718 2725 3781 Filius
2752 3719 3008 3780 hominis
3033 3738 3151 3780 non
3183 3718 3359 3778 habet
3387 3714 3490 3775 ubi
3511 3714 3688 3789 caput

316 3803 439 3866 Υἱὸς
469 3800 562 3857 106
590 3801 863 3878 ἀνθρώπου
894 3804 988 3859 οὒκ
1008 3800 1126 3881 ἔχει
1166 3806 1268 3859 ποῦ
1310 3804 1408 3871 τὴν
1438 3803 1674 3884 κεφαλὴν
1705 3804 1882 3885 κλίνῃ.
1933 3829 1960 3861 ι

2047 3810 2315 3872 reclinet.
2354 3834 2375 3867 ι)
2414 3807 2682 3871 Scribam
2713 3808 2879 3884 dicit,
2912 3809 3167 3870 litteram
3200 3806 3347 3887 legis
3372 3804 3682 3866 scientem.

312 3888 639 3968 Γραμματέα
682 3888 825 3967 λέγει
881 3891 971 3978 τὸν
1015 3893 1076 3946 τὸ
1121 3892 1343 3970 γράμμα
1394 3901 1486 3950 τοῦ
1538 3893 1700 3969 νόμου
1741 3894 1960 3951 ἓπιστά-

2047 3897 2155 3959 Hic
2186 3898 2363 3977 igitur
2417 3906 2481 3959 ut
2508 3897 2655 3959 vidit
2710 3899 2889 3959 multa
2920 3898 3110 3978 signa.
3146 3895 3466 3958 arbitratus
3496 3896 3585 3951 est
3613 3903 3683 3946 ex

312 4000 502 4054 μενον.
560 3980 722 4042 Οὗτος
789 3978 876 4034 οὗν
931 3976 1054 4034 ἰδὼν
1109 3981 1174 4037 τὰ
1215 3979 1388 4038 πολλά
1433 3996 1659 4062 σημεῖα,
1712 3981 1960 4061 προσεδό·

2048 3986 2142 4048 his
2169 3976 2371 4048 Jesum
2424 3994 2713 4065 quaestum
2746 3987 2960 4059 facere,
2984 3976 3059 4049 iet
3109 3986 3331 4047 idcirco
3368 3982 3594 4044 laborat
3621 3980 3688 4035 ut

311 4088 484 4134 κησεν
544 4066 605 4122 ἐκ
685 4067 883 4123 τούτων
942 4069 1197 4147 χρήματα
1271 4071 1510 4149 συνάγειν
1589 4074 1679 4128 τὸν
1738 4071 1960 4147 Ἰησοῦν,

2053 4094 2189 4136 eum
2235 4074 2405 4156 sequi
2435 4083 2653 4156 posset,
2711 4094 2828 4155 quo
2857 4082 2914 4136 et
2938 4075 3066 4156 ipse
3095 4074 3320 4155 aliquid
3356 4071 3683 4156 colligeret.

313 4154 396 4212 διὸ
454 4157 547 4211 καὶ
623 4153 900 4227 σπουδάζει
991 4156 1301 4215 ἀκολουθεῖν
1370 4161 1510 4232 αὐτῷ
1566 4160 1658 4215 ἵνα
1714 4161 1803 4215 καὶ
1870 4164 1960 4218 αὖ·

2054 4153 2560 4231 Christus'aut'em,
2590 4153 2925 4240 cogitationi
2945 4153 3073 4240 ejus
3094 4153 3612 4240 occurrens,quasi
3628 4154 3689 4213 in

311 4247 404 4307 τὸς
462 4242 725 4321 συλλέγῃ.
786 4235 842 4302 Ὀ
894 4243 949 4299 δὲ
1024 4249 1244 4323 Χριστὸς
1302 4249 1431 4325 πρὸς
1474 4246 1847 4324 τὴνωδιάνοιαν
1878 4251 1960 4305 αὖ·

2054 4253 2213 4313 hunc
2235 4250 2472 4312 modum
2496 4235 2762 4311 dicitzhn
2789 4259 2960 4332 putas
2978 4235 3088 4312 'me
3118 4252 3285 4331 sequi
3318 4256 3382 4309 ut
3406 4235 3549 4327 opes
3570 4244 3688 4305 col-

313 4339 409 4392 106
478 4333 753 4413 ἀπαντῶν,
834 4337 1118 4413 μονονουχὶ
1188 4336 1339 4391 τοῦτό
1410 4358 1539 4414 φησι
1574 4356 1586 4369 '
1676 4334 1960 4414 Προσδοκᾷς

2056 4341 2197 4418 ligas
2223 4340 2255 4400 ?
2299 4358 2414 4400 non
2450 4338 2614 4400 vides
2671 4358 2747 4401 ne
2774 4341 2995 4401 donum
3046 4340 3284 4420 quidem
3318 4336 3462 4398 mihi
3508 4333 3693 4422 esse?

314 4420 622 4479 ἄκολουθῶν
652 4422 793 4501 ἐμοὶ,
853 4424 1108 4514 χρὴματα
1167 4422 1438 4501 συλλέγειν
1474 4444 1490 4461 ο
1564 4427 1659 4504 οὐχ
1713 4428 1847 4503 ’ὁρᾷς
1892 4426 1960 4482 ὀδτι

2055 4428 2255 4490 Talem
2289 4445 2419 4489 esse
2450 4435 2683 4514 oportet
2714 4436 2771 4489 et
2799 4447 2931 4489 eum
2963 4429 3061 4509 qui
3096 4446 3189 4488 me
3221 4427 3506 4507 sequitur.
3554 4420 3695 4514 Haec

316 4511 501 4573 ἅοικός
559 4512 720 4587 altu;
768 4514 1013 4573 Τοιοῦτος
1075 4509 1163 4568 καὶ
1216 4515 1244 4568 6
1302 4512 1600 4570 ἀκολουθῶν
1652 4513 1769 4588 ἐμοὶ
1822 4515 1960 4593 ἀνρεί-

2055 4527 2249 4580 autem
2320 4513 2573 4586 dicebat,
2634 4535 2748 4597 quo
2814 4517 3196 4597 persuaderet
3224 4515 3335 4595 illi,
3366 4521 3431 4574 ut
3461 4509 3695 4572 mutatis

315 4599 400 4655 λει
458 4604 623 4660 εἶναι.
676 4606 850 4658 Ταῦτα
894 4598 947 4655 δὲ
996 4599 1177 4678 ἔλεγεν
1233 4603 1357 4657 ὡσεὶ
1406 4608 1564 4680 πείσῃ
1617 4604 1771 4658 αὐτὸν
1802 4625 1960 4678 μετα-

2058 4606 2323 4668 moribus
2350 4613 2702 4685 sequeretur
2727 4624 2740 4668 :
2765 4616 2824 4666 at
2854 4605 2953 4665 ille
2985 4600 3543 4667 secessit.Nonnulli
3574 4600 3696 4660 vul-

316 4686 580 4755 6ληθέντα
610 4686 917 4745 ἀκολουθεῖν
955 4707 969 4722 ⁸
1005 4691 1032 4745 6
1089 4687 1144 4777 δὲ
1204 4689 1502 4771 ἀναχωρεῖ.
1558 4690 1706 4755 Τινὲς
1737 4689 1791 4747 δὲ
1822 4690 1960 4748 ἀλώ-

2059 4712 2161 4777 pes
2192 4701 2250 4763 et
2277 4692 2539 4756 volatilia
2564 4692 2830 4763 diabolos
2852 4693 3078 4756 dicunt:
3114 4692 3280 4773 quasi
3309 4685 3695 4760 diceret,dae-

318 4799 488 4841 πεκας
531 4777 620 4834 καὶ
649 4777 886 4847 πετεινὰ,
930 4778 1049 4842 τοὺς
1102 4776 1350 4853 δαίμονας
1404 4777 1639 4857 λέγουσι.
1673 4781 1841 4846 Φησὶν
1885 4780 1960 4836 06x

2058 4801 2267 4845 mones
2293 4782 2353 4844 in
2375 4790 2430 4843 te
2460 4780 2726 4843 habitant
2755 4794 2811 4843 et
2843 4801 2949 4860 ego
2982 4783 3040 4843 in
3071 4783 3267 4843 anima
3304 4790 3401 4841 tua
3430 4778 3692 4860 quietem

315 4862 399 4921 ὅτι
445 4865 507 4922 Οἱ
549 4862 792 4940 δαίμονες
836 4863 891 4920 ἐν
951 4866 1032 4921 σοὶ
1088 4866 1470 4945 ἀναπαύονται,
1502 4869 1590 4923 καὶ
1639 4867 1746 4945 ἐγὼ
1787 4866 1960 4926 λοιπὸν

2055 4891 2173 4935 nou
2204 4870 2470 4932 invenio.

315 4952 416 5034 οὐκ
431 4952 572 5034 *ἔχω
600 4952 655 5008 ἐν
682 4959 752 5030 τῇ
886 4959 1042 5034 ψυχῇ
1070 4954 1382 5016 ἀνάπαυσιν,

403 5030 647 5120 ’Ἐτερῶς
677 5040 733 5097 δὲ
775 5048 881 5099 τῶν
913 5030 1163 5117 μαθητῶν
1195 5043 1352 5102 αὐτοῦ
1382 5044 1535 5101 εἶπεν
1564 5044 1707 5120 αὖτῷ
1728 5064 1743 5079 ⁸
1793 5047 1960 5126 Κύριε,

2135 5041 2316 5101 Vens.
2350 5040 2450 5113 21,
2484 5039 2562 5099 9'2
2597 5064 2623 5094 ι
2656 5039 2828 5101 Alius
2868 5046 3066 5101 autem
3117 5056 3187 5101 ex
3218 5032 3545 5126 discipulis
3574 5031 3698 5093 suis

314 5129 602 5209 ἐπίτρεψόν
676 5154 767 5206 μοι
836 5134 1046 5210 πρῶτον
1089 5130 1339 5189 ἀπελθεῖν
1382 5135 1470 5189 καὶ
1526 5134 1689 5202 θάψαι
1733 5136 1821 5191 τὸν
1864 5121 1960 5191 πα-

2058 5128 2202 5189 dixit
2232 5127 2327 5187 ei:
2364 5126 2636 5205 Domine,
2656 5128 2933 5208 permitte
2964 5127 3112 5189 mihi
3138 5125 3395 5208 primum
3432 5121 3596 5183 abire
3632 5130 3701 5183 ut.

311 5219 442 5289 τέρα
498 5241 625 5295 μου.
687 5212 744 5277 Ὀ
775 5218 829 5275 δὲ
862 5219 1068 5287 Ἰησοῦς
1113 5221 1269 5277 εἶπεν
1312 5222 1475 5295 αὐτῷ’
1521 5220 1823 5279 Ἀκολούθει
1852 5245 1960 5303 μοι,

2059 5215 2341 5295 sepeliam
2379 5224 2603 5295 patrem
2629 5216 3123 5279 meum.AtJesus
3146 5210 3700 5303 dixit.illi:Seqnere

310 5308 405 5365 καὶ
461 5306 588 5385 ἄφες
644 5310 764 5373 τοὺς
821 5309 1038 5387 νεκροὺς
1082 5309 1244 5384 θάψαι
1274 5310 1397 5373 τοὺς
1430 5310 1632 5366 ἑαυτῶν
1661 5312 1896 5389 νεκροὺς,
1935 5300 1960 5367 ό

2054 5323 2173 5385 me,
2207 5313 2265 5364 et
2293 5303 2423 5363 sine
2445 5312 2705 5366 mortuos
2734 5305 2989 5386 sepelire
3022 5313 3284 5366 mortuos
3312 5318 3507 5363 suos"
3526 5300 3701 5389 Post:

313 5395 443 5452 Μεθ’
504 5383 533 5452 6
590 5396 746 5453 δώσει
789 5419 870 5461 τις
914 5383 1115 5453 έαυτῶν
1289 5405 1427 5479 Θεῷ,
1460 5403 1552 5458 οὒκ
1583 5383 1779 5480 ὀφείλει
1809 5399 1960 5479 στρέ-

2051 5383 2223 5475 quam
2260 5392 2363 5470 qui
2394 5410 2525 5456 sese
2560 5383 2872 5457 tradiderit
2906 5400 3174 5469 Deo,non
3200 5394 3379 5455 debet
3402 5390 3598 5452 denuo
3623 5383 3697 5446 ad

310 5489 500 5566 φεσθαι
529 5488 605 5551 είς
665 5488 732 5545 τὰ
790 5488 1018 5562 βωτικά.
1070 5496 1166 5544 Δεῖ
1215 5487 1314 5563 μὲν
1355 5489 1455 5567 γὰρ
1510 5489 1597 5545 καὶ
1638 5491 1757 5554 τοὺς
1783 5502 1960 5567 γονεῖς

2048 5483 2180 5543 vita;
2210 5481 2391 5561 hujus
2420 5500 2592 5544 curas
2630 5488 2919 5549 converti:
2953 5494 3191 5567 opprtet
3220 5500 3364 5544 sane
3386 5488 3444 5542 et
3476 5494 3697 5567 paren-

309 5562 499 5656 τιμᾷν,
560 5574 699 5632 ἆλλά
776 5577 868 5632 τὸν
951 5577 1081 5633 Θεὸν
1122 5562 1713 5655 προτιμᾷν.”Ενταῦθα
1766 5562 1822 5634 δέ
1874 5581 1960 5648 καὶ

2047 5579 2133 5631 tes
2155 5569 2561 5650 venerari,sed
2589 5575 2773 5654 magis
2805 5562 3047 5656 oportet?
3062 5569 3335 5643 venerari
3357 5562 3703 5656 Deum.Hu—

307 5654 535 5735 ἄτξιστος
590 5667 660 5734 ἦν
717 5668 746 5723 6
802 5666 1011 5746 γονεὺς,
1071 5654 1170 5724 καὶί
1227 5663 1410 5743 δῆλον,
1468 5664 1528 5724 ἐκ
1581 5675 1674 5725 τοῦ
1727 5667 1907 5748 λέγειν
1938 5713 1956 5731 .

2047 5659 2132 5739 ius
2157 5666 2354 5722 autem
2394 5671 2566 5741 pater
2592 5654 2940 5755 incredulus
2960 5661 3282 5770 gram'uop
3315 5654 3698 5751 manifestum

2959 5788 3054 5830 ,εκ
3110 5804 3133 5813 κ.
