4122 6270
304 313 426 380 2‘29

393 469 415 500 α
454 447 585 508 Τότε
652 449 1038 530 προσέρχονται
1091 454 1233 527 αὐτῷ
1309 457 1355 509 οἱ

295 535 539 612 λέγοντες
578 553 592 567 ⁸
635 541 782 594 Διατί
837 543 1000 614 ἡμεῖς
1058 544 1144 597 καὶ
1202 544 1248 598 οἱ
1309 549 1590 617 Φαρισαῖοι
1635 544 1953 615 νηστεύομεν

293 622 499 698 πολλὰ,
534 628 581 681 οἱ
624 625 678 681 δὲ
726 631 957 701 μαθηταί
987 651 1078 686 σου
1110 631 1169 686 οὗ
1209 631 1544 697 νηστεύουσιν
1579 649 1594 706 ;
1635 655 1657 689 ι
1695 635 1752 688 Οἱ
1785 635 1952 705 μαθη-

293 714 378 769 ταὶ
449 713 720 791 Ἰωάννου,
827 721 1132 796 φθονοῦντες
1227 727 1295 796 τῇ
1365 718 1488 797 δόξῃ
1555 731 1645 780 τοῦ
1701 728 1945 801 Χριστοῦ,

291 801 603 881 ὶγκαλοῦσιν
676 808 816 880 αὐτῷ
873 808 950 882 μὴ
1034 810 1336 876 νηστεύοντι
1371 831 1386 848 ⁸
1450 809 1794 890 διηποροῦντο
1848 812 1945 889 γὰρ

292 889 451 966 ἴσως,
485 898 600 956 πῶς
636 893 756 950 ἄγε.)
789 896 1066 966 ἀσκήσεως
1125 900 1190 954 τὰ
1219 900 1360 966 πάθη
1406 906 1542 971 νικᾷ,
1593 899 1719 975 ὅπερ
1751 898 1936 956 Ἰωάν-

293 1000 389 1046 νης
420 981 514 1036 οὐκ
543 980 770 1062 ἴσχυσεν
803 999 819 1014 ⁸
887 984 1106 1062 ἠγνόουν
1147 988 1246 1066 γὰρ
1290 987 1368 1043 ὅτι
1419 986 1667 1054 Ἰωάννης
1700 988 1793 1063 μὲν
1840 987 1936 1042 ἄν-

289 1071 496 1144 θρωπος
568 1071 749 1146 ψιλὸς,
784 1075 872 1128 καὶ
917 1072 965 1136 ἒξ
1011 1075 1200 1153 ἀρετῆς
1267 1075 1463 1140 δίκαιος
1501 1094 1514 1106 ⁸
1578 1080 1796 1154 Χριστὸς
1854 1076 1929 1148 δὲ,

286 1157 602 1236 αὖτοαρετὴ,
636 1163 708 1223 ὡς
755 1163 906 1226 Θεός.

373 1358 398 1388 ε
449 1339 614 1392 Εἶπεν
659 1341 745 1394 οῦν
789 1343 972 1404 αὖτοτς
1007 1345 1033 1398 ὁ
1078 1342 1286 1411 Ἰησοῦς
1322 1362 1334 1374 ·
1371 1346 1458 1410 Μὴ
1490 1343 1730 1402 δύνανται
1765 1350 1810 1401 οἱ
1840 1347 1935 1402 υἷοὶ

289 1430 381 1478 τοῦ
437 1433 710 1503 νυμφῶνος
772 1433 1008 1505 πενθεῖν,
1088 1432 1168 1512 ἐφ’
1229 1431 1347 1489 ὅσον
1406 1433 1521 1508 μετ’
1577 1436 1742 1490 αὐτῶν
1795 1435 1934 1489 ἐστιν

285 1513 335 1602 δ-
372 1513 586 1592 γομφίος
627 1535 642 1590 ;
704 1513 1037 1576 Ἐλεύσονται
1081 1519 1136 1576 δὲ
1188 1521 1381 1598 ἡμέραι
1439 1523 1560 1579 ὅταν
1605 1523 1811 1602 ἀπαρθῇ
1842 1521 1932 1579 ἀπ’

285 1600 456 1656 αὒτῶν
514 1604 542 1658 ὁ
587 1606 828 1686 νυμφίος,
890 1611 978 1664 καὶ
1022 1608 1142 1666 τότε
1190 1610 1582 1677 νηστεύσουσιν.
1640 1637 1666 1666 »
1719 1600 1926 1689 νΧαρᾶς,

979 315 1423 388 ENARRATIO
1465 317 1548 387 IN
1595 321 1919 387 EVANGE]

2011 322 2098 383 JM
2145 316 2543 384 ΜΑΤΤΗιΕΙ.
2593 354 2668 364 -
2715 321 2876 383 CAP.
2927 320 3033 382 IX.
3571 315 3682 427 93D

1414 455 1644 528 μαθηταὶ
1693 453 1919 511 Ἰωάννοι

2011 485 2020 510 λ
2128 449 2307 514 Vsus.
2355 453 2443 514 14.
2489 472 2516 509 ‹
2575 451 2740 512 Tunc
2791 449 3082 512 accedunt
3139 449 3210 510 ad
3241 467 3376 511 eum
3409 437 3684 528 discipull

3571 315 3694 382 230

2034 540 2300 612 Joannis,
2329 541 2594 601 dicentes
2630 557 2644 602 :
2681 540 2874 610 Quare
2907 559 3011 599 nos
3044 546 3101 600 et
3131 537 3414 602 Pharisaei
3441 537 3685 617 jejuna-

2033 648 2167 692 mus
2197 627 2846 707 frequenter,discipuli
2879 637 3075 689 autem
3102 628 3181 687 tui
3207 647 3320 688 non
3341 626 3678 707 jejunant?»

2033 717 2319 798 Discipuli
2349 718 2594 780 Joannis
2617 717 2884 777 invident
2915 716 3122 793 gloriae
3153 715 3457 795 Christi,et
3486 733 3686 795 repre-

2031 807 2298 867 hendunt
2329 826 2462 867 eum
2501 825 2617 866 non
2670 806 3063 885 jejunantem.
3129 803 3490 867 Dubitabant
3521 804 3678 864 enim

2027 894 2278 956 fortasse
2312 895 2607 974 quomodo
2635 896 2898 955 vinceret
2929 893 3153 972 absque
3210 894 3474 973 corporis
3499 894 3677 954 casti-

2027 985 2262 1062 gatione
2293 985 2663 1058 alfectiones,
2720 983 2776 1043 id
2825 984 2977 1063 quod
3019 982 3280 1045 Joannes
3311 1001 3427 1042 non
3463 984 3678 1063 potuit.

2022 1071 2374 1151 Ignorabant
2407 1073 2564 1133 enim
2596 1072 2751 1152 quod
2777 1069 3037 1132 Joannes
3066 1071 3244 1131 homo
3277 1079 3434 1133 esset
3465 1089 3670 1150 purus,

2022 1169 2081 1225 et
2111 1164 2320 1222 virtute
2345 1162 2567 1240 justus.
2621 1159 2892 1229 Christus
2949 1169 3144 1221 autem
3178 1160 3360 1221 virtus
3391 1159 3540 1240 ipsa,
3577 1171 3670 1220 ut-

2021 1257 2158 1330 pote
2189 1250 2368 1311 Deus.

2099 1338 2370 1401 VERs.l5
2410 1363 2428 1395 ι
2469 1339 2623 1400 Dixit
2654 1339 2831 1416 igitur
2861 1338 2978 1398 illis
3006 1337 3180 1400 Jesus
3209 1359 3221 1398 :
3249 1339 3402 1400 Num
3430 1348 3674 1418 possunt

2019 1424 2122 1485 ﬁlii
2158 1427 2399 1487 thalami
2434 1428 2635 1505 lugere
2679 1428 2937 1507 quandiu
2993 1447 3124 1486 cum
3159 1430 3246 1487 eis
3271 1435 3358 1486 est
3383 1434 3674 1506 sponsus?

2019 1514 2277 1575 Venient
2305 1527 2505 1575 autem
2540 1516 2667 1576 dies
2685 1535 2818 1575 cum
2847 1518 3149 1575 auferetur
3170 1515 3242 1575 ab
3275 1517 3361 1576 eis
3391 1534 3665 1594 sponsus,

2014 1613 2074 1664 et
2106 1596 2639 1685 tuncjejunaliunt.
2704 1630 2724 1663 υ
2786 1607 3075 1678 Praesens,
3131 1605 3348 1684 inquit,
3404 1613 3664 1686 tempus,

282 1692 463 1769 φησὶν,
498 1694 525 1747 ὁ
582 1696 763 1770 παρὼν
807 1700 1012 1775 καιρὸς,
1069 1698 1167 1764 ἕως
1222 1699 1281 1756 οῦ
1345 1702 1476 1775 μετὰ
1532 1701 1636 1756 τῶν
1677 1705 1919 1776 μαθητῶν

2011 1698 2245 1772 tempus
2276 1695 2469 1772 gaudii
2525 1704 2634 1767 est,
2691 1694 2952 1774 quandiu
3010 1713 3141 1754 cum
3172 1695 3476 1773 discipulis
3507 1713 3661 1759 sum.

281 1779 412 1868 εἰμι,
471 1782 702 1861 Νυμφίον
759 1785 860 1863 γὰρ
903 1773 1102 1843 ήέαυιὺν
1159 1773 1426 1864 ὀνομάζει,
1458 1793 1530 1853 ὡς
1568 1773 1919 1868 ἁρμοζόμενον

2011 1778 2304 1860 Sponsum
2361 1785 2518 1844 enim
2565 1773 2827 1862 seipsum
2879 1791 3066 1858 vocat,
3099 1782 3251 1862 quod
3286 1792 3519 1862 cooptet
3548 1784 3661 1848 sibi

283 1867 453 1954 ἑαυτῷ
509 1871 608 1936 τὴν
652 1871 774 1928 νέαν
831 1877 1165 1954 συναγωγὴν,
1223 1867 1612 1945 ἀποθανούσης
1658 1885 1754 1944 τῆς
1813 1903 1924 1936 πα-

280 1953 437 2020 λαιᾶς
470 1973 488 1990 ⁸
547 1961 684 2024 υἱοὺς
731 1959 785 2017 δὲ
815 1971 1114 2044 νυμφῶνος,
1174 1968 1293 2031 τοὺς
1339 1968 1685 2032 ἀποστόλους.
1725 1960 1922 2027 ’Ἔσται

280 2046 367 2099 οῦν
396 2049 601 2124 καιρὸς,
649 2053 830 2128 φῆσὶν,
863 2052 973 2126 ὅτε,
1009 2053 1137 2128 ἰμοῦ
1191 2058 1446 2120 παθόντος
1479 2059 1564 2114 καὶ
1594 2057 1921 2138 ἀναληφθέν-

279 2154 396 2206 τος,
441 2138 816 2203 νηστεύσουσιν
873 2141 927 2196 ἐν
976 2141 1118 2219 λιμῷ
1175 2147 1259 2201 καὶ
1303 2144 1429 2222 δίψη
1469 2145 1800 2222 διωκὸμενοι.
1851 2150 1920 2205 Τὸ

277 2223 459 2288 ἀτελὲς
490 2223 543 2280 δὲ
571 2233 676 2284 τῶν
707 2233 958 2303 μαθητῶν
989 2230 1260 2314 δεικνύων,
1289 2234 1473 2314 ἐπάγει
1513 2255 1529 2272 ⁶

365 2401 602 2495 (Οὐδεὶς
679 2404 730 2462 δὲ
786 2406 1058 2467 ἐπιϐάλλει
1120 2411 1391 2489 ἐπίβλημα
1448 2413 1633 2491 ῥάκους
1687 2416 1920 2495 ἀγνάφου

275 2489 362 2547 ἐπὶ
392 2493 586 2567 ίματίῳ
614 2495 847 2577 παλαιῷ,
901 2499 1039 2578 αἴρει
1083 2502 1182 2579 γὰρ
1234 2504 1295 2558 τὸ
1324 2489 1589 2581 πλήρωμα
1619 2489 1776 2563 αὐτοῦ
1816 2489 1920 2562 ἇπὸ

274 2589 369 2670 τοῦ
423 2583 656 2663 ἱματίου,
715 2588 802 2642 καὶ
861 2601 1050 2666 χεῖρον
1108 2590 1314 2670 σχίσμα
1368 2592 1587 2669 γίνεται.
1636 2592 1762 2651 Οὐδὲ
1793 2592 1918 2652 ϐάλ-

273 2667 453 2724 λουσιν
508 2675 655 2729 οἷνον
699 2674 813 2731 νέον
844 2678 916 2739 εἰς
962 2667 1183 2742 ἀσκοὺς*
1211 2667 1467 2746 παλαιούς
1506 2703 1518 2715 ⁸
1568 2684 1611 2738 εἰ
1641 2681 1695 2738 δὲ
1749 2685 1912 2761 μήγε,

277 2758 439 2835 ρήγνυ
453 2781 555 2815 ιται
616 2764 664 2818 οἱ
693 2763 864 2839 ἀσκοὶ,
899 2768 985 2821 καὶ
1016 2769 1043 2822 ὁ
1073 2772 1219 2834 οἶνος
1272 2769 1540 2850 ἐκχεῖται,
1574 2775 1659 2828 καὶ
1692 2775 1736 2830 οἱ
1768 2758 1918 2830 ἀσκοὶ

278 2845 596 2905 ἆπόλλυνται
628 2868 644 2882 ⁸
707 2851 840 2908 ἀλλᾶ
896 2854 1177 2930 βάλλουσιν
1249 2845 1402 2916 οἶνον
1457 2860 1572 2918 νέον
1615 2864 1687 2926 εἰς
1727 2863 1918 2926 ἀσκούς

274 2937 507 3032 καινοὺς,
554 2940 666 2995 καὶ¹
696 2943 965 3022 ἀμφότερα
1009 2954 1402 3025 συντηροῦνται,
1439 2971 1462 3004 ι
1524 2949 1703 3024 Οὔπω,
1737 2953 1915 3032 φησὶν,

283 3026 329 3117 oi
383 3029 614 3100 μαθηταὶ
667 3033 950 3107 γεγόνασιν
996 3036 1233 3115 ἰσχυροὶ,
1295 3036 1430 3094 ἀλλᾶ
1484 3026 1919 3117 συγκαταϐξὶσεως

282 3111 476 3171 δέονται
510 3131 524 3145 ⁸
561 3120 648 3174 καὶ
677 3118 735 3173 οὔ
793 3123 903 3200 χρὴ
959 3124 1118 3202 βάρος
1167 3130 1348 3192 αὐτοῖς
1389 3126 1670 3185 ἐπιτιθέναι
1729 3129 1919 3186 ἐπιτα-

278 3203 516 3293 γμάτων.
551 3213 726 3264 Ταῦτα
756 3206 808 3264 δὲ
865 3209 1035 3290 ἔλεγε,
1083 3211 1337 3272 διδάσκων
1387 3220 1474 3274 καὶ
1502 3218 1621 3282 τοὺς
1653 3220 1915 3293 μαθητὰς,

273 3292 365 3345 ἵνα
420 3295 508 3386 καὶ
549 3298 718 3370 αὐτοὶ,
748 3298 889 3386 ,ὅταν
933 3304 1270 3376 μαθητεύωσι
1297 3306 1397 3372 τὴν
1427 3306 1764 3383 οἰκουμένμν,
1798 3330 1921 3386 συγ-

273 3377 653 3472 καταϐαίνωσι,
748 3377 929 3454 Ῥἀκος
988 3391 1075 3448 οὖν
1149 3390 1382 3472 ἅγναφον
1437 3396 1473 3463 ἠ
1527 3377 1760 3470 νηστεία,
1833 3377 1921 3452 καὶ

272 3468 422 3534 οἶνος
483 3471 596 3537 νέος
625 3490 641 3505 ⁸
703 3477 914 3551 ἱμάτιον
983 3477 1037 3536 δὲ
1095 3468 1322 3539 παλαιόν
1377 3485 1464 3541 καὶ
1494 3487 1666 3565 ἀσκοὶ,
1699 3468 1919 3553 ἡ-ἀσθέ-

271 3579 382 3614 νεια
423 3567 530 3616 τῶν
561 3567 836 3637 μαθητῶν,

357 3673 384 3702 ι
434 3658 608 3707 ταῦτα
665 3655 823 3713 αὐτοῦ
893 3655 1178 3746 λαλοῦντος
1227 3661 1436 3742 αὐτοῖς,
1486 3662 1593 3719 ἰδοὺ
1625 3663 1805 3746 ἅρχων
1839 3688 1918 3729 τις

271 3741 575 3832 προσεκύνει
608 3742 768 3832 αύτῷ,
803 3743 976 3824 λέγων
1006 3763 1021 3776 ⁸
1085 3739 1149 3805 Ἠ
1200 3739 1431 3829 θυγάτηρ
1491 3773 1592 3826 μου
1627 3739 1740 3832 ἄρτι
1798 3754 1918 3812 ἐτε-

273 3830 549 3905 λεύτησεν,
596 3831 736 3889 ἀλλὰ
763 3833 929 3891 ὶλθὼν
960 3837 1134 3902 ἐπίθες
1164 3841 1262 3908 τήν
1294 3841 1456 3919 χεῖρά
1486 3864 1580 3898 σου
1612 3830 1698 3899 ἐπ’
1728 3843 1913 3917 αὐτὴν,

267 3921 354 3973 καὶ
401 3920 620 3989 ζήσεται
657 3940 671 3955 ⁸
744 3926 832 3980 καὶ
883 3925 1107 4004 ἐγερθεὶς
1181 3930 1209 3982 ὃ
1279 3927 1487 3996 Ἰησοῦς
1555 3931 1915 4000 ἠκολούθησεν

268 4006 408 4100 ιιι-ξτῷ
465 4011 552 4100 καὶ
584 4013 630 4066 οἱ
675 4014 904 4085 μαθηταὶ
962 4017 1138 4076 αὐτοῦ.
1189 4039 1214 4076 ι
1277 4018 1522 4075 Φαίνεται
1565 4023 1739 4078 πίστιν
1771 4021 1914 4100 ἔχων

269 4097 441 4175 οὗτος,
503 4099 545 4152 εἰ
602 4101 688 4154 καὶ
749 4106 826 4177 μὴ
885 4102 1151 4182 μεγάληνο
1199 4105 1500 4184 παρακαλεῖ⁹
1550 4110 1648 4187 γὰρ
1677 4112 1765 4166 τὸν
1797 4097 1911 4178 ίίη-

267 4194 410 4258 σοῦν,
459 4188 583 4265 ούχὶ
627 4187 772 4266 λόγῳ
804 4191 952 4266 μόνῳ
992 4194 1186 4268 εἰπεῖν,
1245 4193 1380 4250 ἀλλὰ
1435 4199 1522 4253 καὶ
1573 4197 1770 4274 ἓλθεῒν,
1829 4202 1918 4257 καὶ

267 4274 554 4365 τὴν-χεῖρα
613 4279 896 4340 ὶπιθεϊναι.
963 4281 1404 4350 Τετελευτηκέναι
1453 4283 1506 4341 δὲ
1533 4285 1674 4365 λέγει
1703 4289 1799 4356 τὴν
1828 4293 1917 4344 θυ-

268 4361 486 4440 γατέρα,
539 4365 709 4421 καίτοι
765 4377 860 4426 τοῦ
918 4375 1092 4426 Λουκᾶ
1149 4370 1397 4451 λέγοντος
1444 4375 1518 4436 ὡς
1562 4361 1708 4431 οῦπω
1759 4397 1912 4432 τετε-

2008 1887 2216 1931 novam
2242 1872 3028 1950 congregationem,mortua
3052 1871 3382 1946 veteri,hoc
3414 1881 3663 1952 est,syn-

2005 1975 2210 2038 agoga.
2276 1961 2453 2022 Filios
2505 1969 2700 2021 autem
2777 1961 3044 2040 thalami,
3102 1963 3408 2039 apostolos
3462 1969 3653 2026 vocat.

2006 2045 2268 2129 Tempus
2299 2050 2902 2130 erit,inquit,jejunii,
2940 2069 3070 2110 cum
3089 2067 3196 2126 ego
3223 2068 3430 2128 passus
3459 2050 3652 2130 fuero,

2005 2143 2063 2195 et
2083 2147 2422 2217 assumptus
2455 2138 2514 2199 iu
2569 2140 2803 2198 coelum.
2872 2138 3232 2218 Jejunabunt
3261 2140 3413 2199 fame
3446 2151 3501 2200 et
3531 2140 3648 2222 siti,

2009 2228 2482 2302 persecutionem
2506 2227 3097 2308 patientes.Ostendit
3116 2234 3312 2288 autem
3338 2246 3510 2307 quam
3543 2230 3653 2289 im-

2007 2313 2256 2391 perfecti
2289 2316 2408 2376 sint
2430 2317 2726 2396 discipuli,
2763 2327 2818 2376 et
2841 2318 2980 2377 dicit
3014 2334 3026 2378 :

2086 2401 2376 2478 VEBSJG,
2418 2409 2510 2467 l7.
2554 2430 2578 2460 α
2615 2406 2819 2466 Nullus
2845 2405 3318 2468 autemimmittit
3345 2425 3648 2468 assumen-

2005 2497 2127 2550 tum
2159 2497 2335 2572 panni
2368 2493 2534 2555 rudis
2567 2495 2625 2554 in
2652 2504 2811 2556 veste
2855 2495 3036 2556 veteri
3068 2513 3080 2557 :
3124 2495 3276 2555 tollit
3305 2495 3462 2557 enim
3496 2517 3645 2576 sup-

2004 2579 2368 2658 plementum
2429 2583 2586 2644 illius
2635 2602 2668 2644 a
2713 2585 3086 2658 vestimento,
3133 2583 3223 2642 44
3272 2586 3554 2665 pejorque
3586 2586 3652 2653 fit

2001 2675 2268 2748 ruptura.
2302 2670 2505 2752 Neque
2535 2681 2769 2733 mittunt
2799 2674 2996 2734 vinum
3032 2691 3244 2733 novum
3270 2675 3326 2733 in
3352 2683 3511 2734 utres
3540 2693 3646 2736 ve-

1999 2762 2156 2819 teres
2191 2778 2203 2821 :
2231 2761 2450 2841 alioqui
2483 2773 2838 2842 rumpuntur
2867 2773 3053 2838 utrcs,
3087 2771 3146 2823 et
3180 2763 3370 2822 vlnum
3401 2765 3651 2824 effundi-

2000 2854 2117 2922 tur,
2147 2858 2205 2910 et
2237 2859 2398 2910 utres
2431 2860 2682 2930 pereunt
2709 2873 2722 2911 :
2775 2852 2884 2912 sed
2917 2852 3156 2911 mittunt
3188 2852 3393 2912 vinum
3428 2869 3644 2912 novum

2002 2941 2062 3001 in
2083 2944 2244 2997 utres
2277 2956 2479 3010 novos,
2517 2948 2574 2999 et
2606 2948 2854 3020 utraque
2879 2940 3053 3000 simul
3089 2951 3453 3002 servantur.»
3492 2943 3647 3002 Non-

2003 3022 2166 3098 dum,
2203 3025 2414 3106 inquit,
2450 3027 2583 3087 facti
2617 3038 2754 3088 sunt
2801 3028 3072 3108 discipuli
3128 3028 3329 3108 fortes,
3364 3027 3466 3089 sed
3498 3047 3646 3109 opus

2003 3110 2222 3175 habent
2250 3115 2636 3196 indulgentia,
2673 3135 2866 3196 neque
2897 3116 3132 3196 gravius
3169 3117 3355 3180 moles
3385 3116 3499 3176 illis
3527 3118 3641 3177 im-

1938 3178 1979 3230 θ
2004 3204 2280 3279 ponenda
2305 3178 2736 3269 maridatorum.
2769 3178 2929 3269 Illae:
2935 3214 3132 3268 autem
3156 3178 3410 3286 dicebat,
3442 3206 3665 3269 docens

2004 3295 2062 3348 et
2089 3288 2438 3373 discipulos,
2476 3303 2537 3354 ut
2569 3304 2629 3356 et
2660 3293 2771 3374 ipsi
2792 3295 3025 3355 docturi
3049 3294 3664 3372 orbem,indulgentes

2002 3377 2140 3439 sint.
2177 3378 2414 3442 Pannus
2469 3381 2630 3442 enim
2689 3383 2856 3445 rudis
2897 3383 3196 3463 jejunium
3231 3392 3341 3459 est,
3378 3395 3436 3446 et
3467 3385 3664 3445 vinum

2003 3485 2268 3529 novum:
2333 3472 2512 3532 vestis
2571 3481 2768 3534 autem
2826 3482 2992 3534 vetus
3043 3481 3099 3534 et
3133 3480 3315 3549 utres,
3348 3472 3662 3535 infirmitas

2001 3555 2454 3638 discipulorum.

2081 3644 2262 3712 Vsus.
2299 3649 2390 3724 18,
2425 3654 2522 3715 19.
2564 3677 2590 3707 α
2625 3651 2768 3714 Cum
2807 3651 2932 3711 haec
2968 3650 3085 3710 illis
3116 3649 3481 3729 loqueretur,
3515 3669 3657 3714 ecce

2003 3735 2281 3818 princeps
2312 3740 2550 3819 quidam
2584 3741 2837 3802 accessit
2857 3749 2913 3800 et
2943 3740 3205 3800 adoravit
3229 3758 3364 3800 eum
3398 3741 3605 3802 (licens
3632 3760 3645 3804 :

2002 3825 2150 3887 Filia
2183 3846 2314 3889 mea
2365 3832 2541 3892 modo
2577 3832 2859 3892 defuncta
2889 3838 3017 3904 est;
3069 3829 3172 3889 sed
3211 3829 3365 3904 veni,
3401 3839 3460 3890 et
3500 3850 3655 3910 pone

2001 3931 2238 3977 manum
2275 3925 2429 3979 tuam
2463 3938 2647 4000 super
2677 3928 2899 4000 eam,et
2928 3919 3100 3981 vivet.
3137 3917 3515 3998 Surgensque
3543 3917 3650 3980 Je-

1998 4015 2354 4067 sussecutus
2371 4017 2616 4086 esteum
2657 4018 2714 4070 et
2735 4007 3182 4088 discipuliejus.
3217 4033 3239 4064 υ
3280 4007 3526 4069 Videtur
3555 4009 3654 4071 ille

1997 4089 2176 4153 fidem
2200 4094 2721 4177 habere,quamvis
2744 4117 2861 4158 non
2885 4095 3469 4176 magnamﬂbsecrat
3491 4098 3650 4159 enim

1999 4180 2198 4241 .Iesum
2223 4202 2339 4244 non
2363 4194 2422 4244 ut
2443 4186 2631 4248 solum
2659 4185 2904 4247 verbum
2929 4187 3110 4259 dicat,
3142 4185 3245 4245 sed
3271 4194 3332 4245 et
3351 4193 3411 4244 ut
3433 4186 3648 4260 veniat,

1999 4278 2058 4330 et
2111 4289 2349 4333 manum
2407 4274 2696 4355 imponat.
2733 4276 3078 4336 Defunctam
3111 4284 3310 4336 autem
3345 4294 3476 4336 esse
3508 4276 3653 4338 dicit

2003 4358 2206 4436 ﬁliam,
2246 4365 2510 4441 quamvis
2531 4365 2685 4445 apud
2716 4368 2930 4426 Lucam
2963 4363 3194 4424 dicatur
3239 4364 3502 4424 nondum
3536 4365 3648 4426 de~

267 4447 544 4545 λεύτηκεν,
811 4447 1234 4545 στοχαζόμενος,
1289 4460 1372 4520 διὰ
1428 4465 1489 4518 τὸ
1547 4464 1601 4519 εν
1659 4466 1913 4545 εσχάταις

2011 4447 2225 4545 functa,
2259 4451 2403 4512 dicit
2437 4461 2632 4545 autem
2664 4454 2822 4516 velut
2862 4453 3226 4545 conjectans,
3261 4469 3332 4516 eo
3363 4453 3518 4545 quod
3551 4473 3654 4515 re-

267 4537 560 4635 ανατινοαῖς
606 4543 782 4635 ιιύτὴνΔ
829 4543 1064 4628 ἀφεῖναι,
1109 4549 1145 4618 ἢ
1195 4550 1424 4616 αὐξάνων
1479 4553 1576 4620 τὴν
1623 4537 1914 4635 συμξορὰν,

267 4627 334 4688 ὡς
366 4630 438 4692 εἰς
483 4627 634 4686 ἵλεον
661 4631 875 4689 ὶλκύσαι
906 4637 998 4692 τὸν
1028 4627 1276 4715 Χριστόν.

345 4826 367 4860 ε
405 4807 506 4904 Καὶ
548 4805 655 4904 ἰδοὺ
690 4809 832 4904 γυνη.
871 4811 1216 4891 αίμοῤῥοοῦσα
1249 4815 1448 4876 δώδεκα
1506 4819 1622 4902 ἔτη,
1679 4826 1910 4904 προσελ,

474 4895 740 4996 ﬁrm-On”
774 4898 982 4996 ,ἤρξατο
1051 4910 1143 4996 τοῦ
1195 4906 1502 4996 *κρασπέδου
1555 4895 1650 4969 τοῦ
1703 4895 1911 4990 ἱματίου

259 4983 434 5078 αὑτοῦ.
489 4983 688 5064 ’Ἐλεγε
731 4988 832 5067 γὰρ
861 4987 915 5046 ἓν
947 4991 1106 5070 ἑαυτῇ
1127 5009 1154 5078 _'
1192 4983 1316 5052 Ἐνὰν
1369 5000 1529 5072 μόνον
1560 4983 1784 5078 ἅψωμαι
1815 5011 1911 5065 τοῦ

513 5078 697 5176 αὐτοῦ,
743 5080 1074 5176 σωῌσομαι.
1127 5073 1182 5141 ’0
1215 5082 1269 5141 δὲ
1318 5085 1524 5154 Ἰησοῦς
1573 5071 1909 5176 ἔπιστραφεὶς

257 5163 344 5255 καὶ
376 5160 498 5255 tas.»
539 5165 724 5239 αὐτὴν,
786 5169 930 5255 εἷπε*
985 5171 1196 5249 Θάρσει,
1251 5175 1490 5255 θύγατερ,
1522 5180 1556 5245 ἡ
1587 5160 1758 5248 πίστις
1810 5160 1906 5242 σου

256 5251 457 5307 σέσωκέ
491 5255 728 5347 ⁵σιμαὶ
781 5254 952 5324 ισώθη
1014 5262 1049 5328 ἡ
1093 5263 1226 5340 γυνὴ
1271 5251 1375 5320 ἀπὸ
1429 5251 1526 5333 τῆς
1574 5269 1714 5347 ὥρας
1760 5273 1904 5331 ἑκεί-

256 5360 368 5406 νης.
405 5363 452 5437 »ῃ
489 5339 810 5437 ’Λκὰθαρτος
872 5348 1011 5437 οίξσαΔ
1055 5347 1138 5405 διὰ
1180 5353 1241 5408 τὸ
1299 5353 1488 5429 πάθος,
1552 5339 1902 5437 οἶπροσῆλθε

257 5435 491 5526 φανερῶς
549 5431 585 5498 ἡ
852 5432 1212 5526 εὐλαϐουμένη
1279 5443 1472 5517 μήπως
1530 5431 1742 5526 κωλυθῇ
1777 5467 1792 5481 ⁸
1857 5453 1901 5509 εἰ

259 5518 344 5622 καὶ
387 5518 600 5622 ξνόμισε
621 5518 686 5622 ἐξ
710 5519 1013 5622 λανθάνειν,
1045 5525 1198 5622 πλὴν⁸
1227 5528 1450 5622 ἤλπισεν
1486 5535 1662 5614 ὑγείας
1684 5518 1897 5622 τῦχετν,

257 5607 299 5661 εί
341 5608 503 5683 μόνον
553 5617 648 5667 τοῦ
703 5608 862 5691 ἄκρου
919 5615 1011 5672 τοῦ
1053 5617 1259 5693 ἱματίου
1306 5607 1541 5698 ἅψεται..
1561 5629 1722 5684 Τοῦτο
1749 5607 1896 5708 "1&9;

2002 4535 2260 4618 liquerat
2289 4557 2417 4601 eam
2444 4542 2566 4620 jam
2597 4550 2926 4604 extremum
2953 4543 3325 4603 exhalantem
3350 4541 3653 4624 Spiritum,

1997 4628 2091 4689 vel
2123 4635 2189 4690 ut
2218 4646 2442 4707 augens
2473 4632 2895 4709 calamitatem,
2922 4650 3038 4712 quo
3071 4632 3141 4694 ad
3177 4631 3649 4694 misericordiam

1995 4727 2344 4796 provocaret
2371 4720 2698 4782 Christum.

2083 4804 2258 4869 Vsus.
2293 4807 2511 4871 20-29.
2551 4835 2577 4865 ε
2613 4811 2683 4872 Ει
2732 4829 2873 4873 ecce
2921 4811 3132 4873 mulier
3161 4829 3292 4891 quae
3345 4812 3649 4889 sanguinis

1997 4895 2286 4974 profluvio
2318 4897 2692 4962 laboraverat
2734 4900 2906 4963 annis
2963 4900 3307 4971 duodecim,
3340 4901 3644 4961 accessita

1995 4991 2181 5064 tergo,
2214 4993 2275 5046 et
2303 4987 2490 5066 tetigit
2521 4989 2816 5051 fimbriam
2846 4987 3182 5051 vestimenti
3213 4991 3378 5068 ejus;
3413 4989 3648 5052 dicebat

1995 5076 2154 5136 enim
2177 5074 2329 5135 intra
2361 5078 2740 5159 semetipsam
2767 5101 2780 5137 :
2817 5077 2880 5140 Si
2909 5087 3134 5140 tantum
3157 5079 3400 5158 tetigero
3421 5088 3641 5141 vestem

1991 5162 2145 5244 ejus,
2180 5165 2337 5225 salva
2368 5183 2494 5226 ero.
2546 5168 2717 5229 Jesus
2750 5177 2946 5229 autem
3009 5185 3350 5242 conversus,
3405 5177 3466 5228 ut
3498 5169 3647 5232 vidit

1987 5249 2175 5327 illam,
2210 5253 2358 5314 dixit
2389 5272 2402 5317 :
2439 5257 3013 5333 Confide,lilia,fides
3031 5265 3127 5319 tua
3155 5257 3373 5319 salvam
3409 5266 3465 5320 te
3484 5258 3640 5319 fecit.

1944 5342 1957 5367 '
1985 5342 2062 5403 Et
2089 5341 2246 5403 salva
2274 5343 2424 5404 facta
2486 5343 2595 5406 fuit
2651 5347 2868 5408 mulier
2925 5366 2998 5409 ex
3033 5347 3177 5409 hora
3208 5347 3330 5408 illa.
3373 5375 3394 5402 η
3435 5347 3648 5410 Mulier

1989 5430 2114 5492 haec
2148 5431 2428 5512 quoniam
2463 5433 2542 5495 ob
2573 5435 2847 5497 morbum
2875 5434 3180 5499 immunda
3209 5445 3356 5512 erat,
3390 5455 3508 5497 non
3540 5455 3643 5497 ac-

1984 5518 2167 5582 cessit
2188 5519 2533 5599 manifeste,
2599 5525 2787 5588 verita
2817 5543 2892 5586 ne
2922 5524 3068 5588 forte
3097 5545 3212 5607 quo
3244 5534 3412 5608 pacto
3442 5524 3638 5605 prohi-

1982 5610 2251 5673 beretur.
2287 5609 2583 5681 Quamvis
2613 5624 2808 5678 autem
2853 5616 3095 5696 putabat
3121 5635 3187 5680 se
3218 5634 3390 5697 posse
3438 5619 3643 5693 latere,
