  <div class='ocr_page' id='page_1' title='image "/cluster/home/n/w/nwhite01/storage/ocr_20150623/123/mdp.39015009359079/125.png"; bbox 0 0 4122 6270; ppageno 0'>
   <div class='ocr_carea' id='block_1_1' title="bbox 376 377 494 447">
    <p class='ocr_par' dir='ltr' id='par_1_1' title="bbox 376 377 494 447">
     <span class='ocr_line' id='line_1_1' title="bbox 376 377 494 447; baseline 0 -1"><span class='ocrx_word' id='word_1_1' title='bbox 376 377 494 447; x_wconf 78' lang='grc'><strong>235</strong></span> 
     </span>
    </p>
   </div>
   <div class='ocr_carea' id='block_1_2' title="bbox 1346 389 2785 460">
    <p class='ocr_par' dir='ltr' id='par_1_2' title="bbox 1346 389 2785 460">
     <span class='ocr_line' id='line_1_2' title="bbox 1346 389 2785 460; baseline -0.001 -4"><span class='ocrx_word' id='word_1_2' title='bbox 1346 393 1938 460; x_wconf 83' lang='lat' dir='ltr'><strong>THEOPHYLACTI</strong></span> <span class='ocrx_word' id='word_1_3' title='bbox 1977 389 2386 457; x_wconf 66' lang='lat' dir='ltr'><strong>BULGARI/E</strong></span> <span class='ocrx_word' id='word_1_4' title='bbox 2428 389 2785 456; x_wconf 80' lang='lat' dir='ltr'><strong>ARCHIEP.</strong></span> 
     </span>
    </p>
   </div>
   <div class='ocr_carea' id='block_1_3' title="bbox 3626 378 3742 449">
    <p class='ocr_par' dir='ltr' id='par_1_3' title="bbox 3626 378 3742 449">
     <span class='ocr_line' id='line_1_3' title="bbox 3626 378 3742 449; baseline -0.026 0"><span class='ocrx_word' id='word_1_5' title='bbox 3626 378 3742 449; x_wconf 70' lang='lat'><strong>236</strong></span> 
     </span>
    </p>
   </div>
   <div class='ocr_carea' id='block_1_4' title="bbox 378 518 2011 606">
    <p class='ocr_par' dir='ltr' id='par_1_4' title="bbox 378 521 2006 606">
     <span class='ocr_line' id='line_1_4' title="bbox 378 521 2006 606; baseline 0.005 -26"><span class='ocrx_word' id='word_1_6' title='bbox 378 521 465 580; x_wconf 92' lang='lat' dir='ltr'><strong>eis</strong></span> <span class='ocrx_word' id='word_1_7' title='bbox 495 521 748 583; x_wconf 84' lang='lat' dir='ltr'><strong>faciendi</strong></span> <span class='ocrx_word' id='word_1_8' title='bbox 790 523 1070 584; x_wconf 86' lang='lat' dir='ltr'><strong>miracula</strong></span> <span class='ocrx_word' id='word_1_9' title='bbox 1118 525 1422 598; x_wconf 83' lang='lat' dir='ltr'><strong>virtutem,</strong></span> <span class='ocrx_word' id='word_1_10' title='bbox 1458 536 1523 587; x_wconf 93' lang='lat' dir='ltr'><strong>ut</strong></span> <span class='ocrx_word' id='word_1_11' title='bbox 1572 548 1678 606; x_wconf 92' lang='lat' dir='ltr'><strong>per</strong></span> <span class='ocrx_word' id='word_1_12' title='bbox 1723 529 2006 590; x_wconf 85' lang='lat' dir='ltr'><strong>miracula</strong></span> 
     </span>
    </p>
   </div>
   <div class='ocr_carea' id='block_1_5' title="bbox 2106 518 3739 606">
    <p class='ocr_par' dir='ltr' id='par_1_5' title="bbox 2106 518 3739 602">
     <span class='ocr_line' id='line_1_5' title="bbox 2106 518 3739 602; baseline -0.004 -20"><span class='ocrx_word' id='word_1_13' title='bbox 2106 547 2200 590; x_wconf 77' lang='lat' dir='ltr'><strong>;s:°</strong></span> <span class='ocrx_word' id='word_1_14' title='bbox 2235 525 2408 582; x_wconf 72' lang='grc' dir='ltr'>δίδωσι</span> <span class='ocrx_word' id='word_1_15' title='bbox 2466 526 2518 582; x_wconf 80' lang='grc' dir='ltr'>δὲ</span> <span class='ocrx_word' id='word_1_16' title='bbox 2572 526 2754 588; x_wconf 72' lang='grc' dir='ltr'>αὖτοϊς</span> <span class='ocrx_word' id='word_1_17' title='bbox 2808 526 2870 581; x_wconf 73' lang='grc' dir='ltr'>τὸ</span> <span class='ocrx_word' id='word_1_18' title='bbox 2917 528 3354 602; x_wconf 76' lang='grc' dir='ltr'>θαυματουργεῖν,</span> <span class='ocrx_word' id='word_1_19' title='bbox 3417 524 3491 582; x_wconf 81' lang='grc' dir='ltr'>ὡς</span> <span class='ocrx_word' id='word_1_20' title='bbox 3540 521 3599 576; x_wconf 81' lang='grc' dir='ltr'>ἅν</span> <span class='ocrx_word' id='word_1_21' title='bbox 3655 518 3739 576; x_wconf 73' lang='grc' dir='ltr'><strong>διὰ</strong></span> 
     </span>
    </p>
   </div>
   <div class='ocr_carea' id='block_1_6' title="bbox 376 610 2001 697">
    <p class='ocr_par' dir='ltr' id='par_1_6' title="bbox 376 610 2001 697">
     <span class='ocr_line' id='line_1_6' title="bbox 376 610 2001 697; baseline 0.006 -28"><span class='ocrx_word' id='word_1_22' title='bbox 376 610 435 669; x_wconf 88' lang='lat' dir='ltr'><strong>in</strong></span> <span class='ocrx_word' id='word_1_23' title='bbox 464 611 913 673; x_wconf 81' lang='lat' dir='ltr'><strong>admirationem</strong></span> <span class='ocrx_word' id='word_1_24' title='bbox 945 613 1328 693; x_wconf 79' lang='lat' dir='ltr'><strong>adducerent,</strong></span> <span class='ocrx_word' id='word_1_25' title='bbox 1373 624 1429 675; x_wconf 91' lang='lat' dir='ltr'><strong>et</strong></span> <span class='ocrx_word' id='word_1_26' title='bbox 1478 617 1661 694; x_wconf 70' lang='lat' dir='ltr'><strong>magis</strong></span> <span class='ocrx_word' id='word_1_27' title='bbox 1705 618 2001 697; x_wconf 87' lang='lat' dir='ltr'><strong>obtempe-</strong></span> 
     </span>
    </p>
   </div>
   <div class='ocr_carea' id='block_1_7' title="bbox 376 700 1510 765">
    <p class='ocr_par' dir='ltr' id='par_1_7' title="bbox 376 700 1510 765">
     <span class='ocr_line' id='line_1_7' title="bbox 376 700 1510 765; baseline 0.005 -7"><span class='ocrx_word' id='word_1_28' title='bbox 376 707 575 759; x_wconf 82' lang='lat' dir='ltr'><strong>rantes</strong></span> <span class='ocrx_word' id='word_1_29' title='bbox 601 700 884 761; x_wconf 77' lang='lat' dir='ltr'><strong>dectrinae</strong></span> <span class='ocrx_word' id='word_1_30' title='bbox 917 701 1168 762; x_wconf 86' lang='lat' dir='ltr'><strong>habeant</strong></span> <span class='ocrx_word' id='word_1_31' title='bbox 1190 704 1510 765; x_wconf 73' lang='lat' dir='ltr'><strong>auditores.</strong></span> 
     </span>
    </p>
   </div>
   <div class='ocr_carea' id='block_1_8' title="bbox 456 785 2011 872">
    <p class='ocr_par' dir='ltr' id='par_1_8' title="bbox 456 785 2011 872">
     <span class='ocr_line' id='line_1_8' title="bbox 456 785 2011 872; baseline 0.005 -24"><span class='ocrx_word' id='word_1_32' title='bbox 456 785 634 849; x_wconf 78' lang='lat' dir='ltr'><strong>VEus.</strong></span> <span class='ocrx_word' id='word_1_33' title='bbox 671 794 728 851; x_wconf 77' lang='lat'><strong>2.</strong></span> <span class='ocrx_word' id='word_1_34' title='bbox 760 815 784 843; x_wconf 76' lang='grc' dir='ltr'><strong>ιι</strong></span> <span class='ocrx_word' id='word_1_35' title='bbox 811 789 1134 851; x_wconf 88' lang='lat' dir='ltr'><strong>Duodecim</strong></span> <span class='ocrx_word' id='word_1_36' title='bbox 1165 801 1359 852; x_wconf 79' lang='lat' dir='ltr'><strong>autem</strong></span> <span class='ocrx_word' id='word_1_37' title='bbox 1392 795 1790 872; x_wconf 82' lang='lat' dir='ltr'><strong>apostolorum</strong></span> <span class='ocrx_word' id='word_1_38' title='bbox 1817 796 2011 856; x_wconf 89' lang='lat' dir='ltr'><strong>nomi-</strong></span> 
     </span>
    </p>
   </div>
   <div class='ocr_carea' id='block_1_9' title="bbox 376 877 2017 961">
    <p class='ocr_par' dir='ltr' id='par_1_9' title="bbox 376 877 2017 961">
     <span class='ocr_line' id='line_1_9' title="bbox 376 877 2017 961; baseline 0.005 -25"><span class='ocrx_word' id='word_1_39' title='bbox 376 894 452 936; x_wconf 89' lang='lat' dir='ltr'><strong>na</strong></span> <span class='ocrx_word' id='word_1_40' title='bbox 479 884 615 936; x_wconf 91' lang='lat' dir='ltr'><strong>sunt</strong></span> <span class='ocrx_word' id='word_1_41' title='bbox 645 877 805 940; x_wconf 67' lang='lat' dir='ltr'><strong>haec:</strong></span> <span class='ocrx_word' id='word_1_42' title='bbox 843 878 1072 939; x_wconf 88' lang='lat' dir='ltr'><strong>Primus</strong></span> <span class='ocrx_word' id='word_1_43' title='bbox 1101 881 1305 941; x_wconf 92' lang='lat' dir='ltr'><strong>Simon</strong></span> <span class='ocrx_word' id='word_1_44' title='bbox 1341 884 1439 961; x_wconf 86' lang='lat' dir='ltr'><strong>qui</strong></span> <span class='ocrx_word' id='word_1_45' title='bbox 1475 883 1694 943; x_wconf 89' lang='lat' dir='ltr'><strong>dicitur</strong></span> <span class='ocrx_word' id='word_1_46' title='bbox 1720 883 2017 956; x_wconf 89' lang='lat' dir='ltr'><strong>Petrus,et.</strong></span> 
     </span>
    </p>
   </div>
   <div class='ocr_carea' id='block_1_10' title="bbox 375 964 2011 1050">
    <p class='ocr_par' dir='ltr' id='par_1_10' title="bbox 375 964 2011 1050">
     <span class='ocr_line' id='line_1_10' title="bbox 375 964 2011 1050; baseline 0.006 -26"><span class='ocrx_word' id='word_1_47' title='bbox 375 964 643 1026; x_wconf 84' lang='lat' dir='ltr'><strong>Andreas</strong></span> <span class='ocrx_word' id='word_1_48' title='bbox 661 968 838 1028; x_wconf 82' lang='lat' dir='ltr'><strong>frater</strong></span> <span class='ocrx_word' id='word_1_49' title='bbox 858 969 1006 1046; x_wconf 82' lang='lat' dir='ltr'><strong>ejus.</strong></span> <span class='ocrx_word' id='word_1_50' title='bbox 1022 968 1376 1029; x_wconf 67' lang='lat' dir='ltr'><strong>iEnumerat</strong></span> <span class='ocrx_word' id='word_1_51' title='bbox 1393 979 1587 1032; x_wconf 84' lang='lat' dir='ltr'><strong>autem</strong></span> <span class='ocrx_word' id='word_1_52' title='bbox 1614 973 2011 1050; x_wconf 88' lang='lat' dir='ltr'><strong>apostolorum</strong></span> 
     </span>
    </p>
   </div>
   <div class='ocr_carea' id='block_1_11' title="bbox 374 1054 2013 1138">
    <p class='ocr_par' dir='ltr' id='par_1_11' title="bbox 374 1054 2013 1138">
     <span class='ocr_line' id='line_1_11' title="bbox 374 1054 2013 1138; baseline 0.002 -22"><span class='ocrx_word' id='word_1_53' title='bbox 374 1054 887 1134; x_wconf 87' lang='lat' dir='ltr'><strong>nomina,propter</strong></span> <span class='ocrx_word' id='word_1_54' title='bbox 911 1057 1460 1135; x_wconf 89' lang='lat' dir='ltr'><strong>pseudoapostolos.</strong></span> <span class='ocrx_word' id='word_1_55' title='bbox 1497 1061 1797 1138; x_wconf 79' lang='lat' dir='ltr'><strong>Praeponit</strong></span> <span class='ocrx_word' id='word_1_56' title='bbox 1820 1070 2013 1121; x_wconf 86' lang='lat' dir='ltr'><strong>autem</strong></span> 
     </span>
    </p>
   </div>
   <div class='ocr_carea' id='block_1_12' title="bbox 376 1144 2018 1227">
    <p class='ocr_par' dir='ltr' id='par_1_12' title="bbox 376 1144 2018 1227">
     <span class='ocr_line' id='line_1_12' title="bbox 376 1144 2018 1227; baseline 0.002 -23"><span class='ocrx_word' id='word_1_57' title='bbox 376 1144 616 1205; x_wconf 91' lang='lat' dir='ltr'><strong>Petrum</strong></span> <span class='ocrx_word' id='word_1_58' title='bbox 650 1155 800 1213; x_wconf 73' lang='lat' dir='ltr'><strong>taJet</strong></span> <span class='ocrx_word' id='word_1_59' title='bbox 829 1146 1434 1226; x_wconf 85' lang='lat' dir='ltr'><strong>Andream,quoniam</strong></span> <span class='ocrx_word' id='word_1_60' title='bbox 1468 1157 1525 1207; x_wconf 87' lang='lat' dir='ltr'><strong>et</strong></span> <span class='ocrx_word' id='word_1_61' title='bbox 1559 1148 1812 1227; x_wconf 88' lang='lat' dir='ltr'><strong>primum</strong></span> <span class='ocrx_word' id='word_1_62' title='bbox 1848 1157 2018 1209; x_wconf 74' lang='lat' dir='ltr'><strong>erant</strong></span> 
     </span>
    </p>
   </div>
   <div class='ocr_carea' id='block_1_13' title="bbox 375 1227 2016 1317">
    <p class='ocr_par' dir='ltr' id='par_1_13' title="bbox 375 1227 2016 1317">
     <span class='ocr_line' id='line_1_13' title="bbox 375 1227 2016 1317; baseline 0.005 -28"><span class='ocrx_word' id='word_1_63' title='bbox 375 1227 584 1296; x_wconf 52' lang='lat' dir='ltr'><strong>vocati:</strong></span> <span class='ocrx_word' id='word_1_64' title='bbox 618 1232 844 1294; x_wconf 89' lang='lat' dir='ltr'><strong>Deinde</strong></span> <span class='ocrx_word' id='word_1_65' title='bbox 899 1253 1125 1313; x_wconf 90' lang='lat' dir='ltr'><strong>ponens</strong></span> <span class='ocrx_word' id='word_1_66' title='bbox 1178 1236 1331 1296; x_wconf 83' lang='lat' dir='ltr'><strong>ﬁlios</strong></span> <span class='ocrx_word' id='word_1_67' title='bbox 1389 1236 1678 1317; x_wconf 66' lang='lat' dir='ltr'><strong>Zebedaai,</strong></span> <span class='ocrx_word' id='word_1_68' title='bbox 1729 1239 2016 1317; x_wconf 53' lang='lat' dir='ltr'><strong>praeponit</strong></span> 
     </span>
    </p>
   </div>
   <div class='ocr_carea' id='block_1_14' title="bbox 373 1321 2014 1407">
    <p class='ocr_par' dir='ltr' id='par_1_14' title="bbox 373 1321 2014 1407">
     <span class='ocr_line' id='line_1_14' title="bbox 373 1321 2014 1407; baseline 0.005 -28"><span class='ocrx_word' id='word_1_69' title='bbox 373 1321 656 1382; x_wconf 72' lang='lat' dir='ltr'><strong>Jacobum</strong></span> <span class='ocrx_word' id='word_1_70' title='bbox 690 1323 924 1393; x_wconf 76' lang='lat' dir='ltr'><strong>Joanni,</strong></span> <span class='ocrx_word' id='word_1_71' title='bbox 961 1343 1076 1384; x_wconf 91' lang='lat' dir='ltr'><strong>non</strong></span> <span class='ocrx_word' id='word_1_72' title='bbox 1114 1334 1354 1404; x_wconf 87' lang='lat' dir='ltr'><strong>propter</strong></span> <span class='ocrx_word' id='word_1_73' title='bbox 1382 1325 1861 1402; x_wconf 85' lang='lat' dir='ltr'><strong>dignitatem,sed</strong></span> <span class='ocrx_word' id='word_1_74' title='bbox 1879 1329 2014 1407; x_wconf 89' lang='lat' dir='ltr'><strong>quia</strong></span> 
     </span>
    </p>
   </div>
   <div class='ocr_carea' id='block_1_15' title="bbox 374 1410 1249 1488">
    <p class='ocr_par' dir='ltr' id='par_1_15' title="bbox 374 1410 1249 1488">
     <span class='ocr_line' id='line_1_15' title="bbox 374 1410 1249 1488; baseline 0.005 -18"><span class='ocrx_word' id='word_1_75' title='bbox 374 1410 456 1470; x_wconf 89' lang='lat' dir='ltr'><strong>ita</strong></span> <span class='ocrx_word' id='word_1_76' title='bbox 488 1410 810 1471; x_wconf 89' lang='lat' dir='ltr'><strong>acciderat.</strong></span> <span class='ocrx_word' id='word_1_77' title='bbox 835 1412 989 1474; x_wconf 87' lang='lat' dir='ltr'><strong>Dicit</strong></span> <span class='ocrx_word' id='word_1_78' title='bbox 1023 1412 1201 1488; x_wconf 80' lang='lat' dir='ltr'><strong>igitur</strong></span> <span class='ocrx_word' id='word_1_79' title='bbox 1236 1430 1249 1474; x_wconf 90' lang='lat'><strong>:</strong></span> 
     </span>
    </p>
   </div>
   <div class='ocr_carea' id='block_1_16' title="bbox 453 1499 2016 1579">
    <p class='ocr_par' dir='ltr' id='par_1_16' title="bbox 453 1499 2016 1579">
     <span class='ocr_line' id='line_1_16' title="bbox 453 1499 2016 1579; baseline 0.006 -22"><span class='ocrx_word' id='word_1_80' title='bbox 453 1499 633 1560; x_wconf 80' lang='lat' dir='ltr'><strong>VERS.</strong></span> <span class='ocrx_word' id='word_1_81' title='bbox 669 1499 794 1579; x_wconf 79' lang='lat'><strong>3,4.</strong></span> <span class='ocrx_word' id='word_1_82' title='bbox 836 1530 858 1558; x_wconf 72' lang='lat' dir='ltr'>c</span> <span class='ocrx_word' id='word_1_83' title='bbox 889 1499 1142 1561; x_wconf 87' lang='lat' dir='ltr'><strong>Jacobus</strong></span> <span class='ocrx_word' id='word_1_84' title='bbox 1164 1500 1432 1561; x_wconf 65' lang='lat' dir='ltr'><strong>Zebedaei</strong></span> <span class='ocrx_word' id='word_1_85' title='bbox 1467 1502 1645 1574; x_wconf 83' lang='lat' dir='ltr'><strong>ﬁlius,</strong></span> <span class='ocrx_word' id='word_1_86' title='bbox 1673 1513 1730 1563; x_wconf 91' lang='lat' dir='ltr'><strong>et</strong></span> <span class='ocrx_word' id='word_1_87' title='bbox 1756 1503 2016 1567; x_wconf 86' lang='lat' dir='ltr'><strong>Joannes</strong></span> 
     </span>
    </p>
   </div>
   <div class='ocr_carea' id='block_1_17' title="bbox 372 1587 2017 1670">
    <p class='ocr_par' dir='ltr' id='par_1_17' title="bbox 372 1587 2017 1670">
     <span class='ocr_line' id='line_1_17' title="bbox 372 1587 2017 1670; baseline 0.005 -25"><span class='ocrx_word' id='word_1_88' title='bbox 372 1587 554 1646; x_wconf 81' lang='lat' dir='ltr'><strong>frater</strong></span> <span class='ocrx_word' id='word_1_89' title='bbox 585 1589 736 1666; x_wconf 78' lang='lat' dir='ltr'><strong>ejus,</strong></span> <span class='ocrx_word' id='word_1_90' title='bbox 761 1588 1068 1667; x_wconf 88' lang='lat' dir='ltr'><strong>Philippus</strong></span> <span class='ocrx_word' id='word_1_91' title='bbox 1101 1597 1156 1648; x_wconf 92' lang='lat' dir='ltr'><strong>et</strong></span> <span class='ocrx_word' id='word_1_92' title='bbox 1189 1589 1941 1670; x_wconf 56' lang='lat' dir='ltr'><strong>Bartholomazusﬂhomas</strong></span> <span class='ocrx_word' id='word_1_93' title='bbox 1961 1603 2017 1654; x_wconf 84' lang='lat' dir='ltr'><strong>et</strong></span> 
     </span>
    </p>
   </div>
   <div class='ocr_carea' id='block_1_18' title="bbox 369 1674 2018 1756">
    <p class='ocr_par' dir='ltr' id='par_1_18' title="bbox 369 1674 2018 1756">
     <span class='ocr_line' id='line_1_18' title="bbox 369 1674 2018 1756; baseline 0.004 -20"><span class='ocrx_word' id='word_1_94' title='bbox 369 1674 677 1736; x_wconf 74' lang='lat' dir='ltr'><strong>Matthaeus</strong></span> <span class='ocrx_word' id='word_1_95' title='bbox 709 1676 1344 1755; x_wconf 87' lang='lat' dir='ltr'><strong>publicanus,Jacobus</strong></span> <span class='ocrx_word' id='word_1_96' title='bbox 1379 1679 1620 1756; x_wconf 70' lang='lat' dir='ltr'><strong>Alphzei,</strong></span> <span class='ocrx_word' id='word_1_97' title='bbox 1647 1690 1705 1740; x_wconf 92' lang='lat' dir='ltr'><strong>et</strong></span> <span class='ocrx_word' id='word_1_98' title='bbox 1737 1681 2018 1743; x_wconf 70' lang='lat' dir='ltr'><strong>Lebbaaus</strong></span> 
     </span>
    </p>
   </div>
   <div class='ocr_carea' id='block_1_19' title="bbox 371 1765 2018 1848">
    <p class='ocr_par' dir='ltr' id='par_1_19' title="bbox 371 1765 2018 1848">
     <span class='ocr_line' id='line_1_19' title="bbox 371 1765 2018 1848; baseline 0.004 -25"><span class='ocrx_word' id='word_1_99' title='bbox 371 1775 759 1841; x_wconf 75' lang='lat' dir='ltr'><strong>cognomento</strong></span> <span class='ocrx_word' id='word_1_100' title='bbox 779 1765 1133 1835; x_wconf 72' lang='lat' dir='ltr'><strong>Thaddteus,</strong></span> <span class='ocrx_word' id='word_1_101' title='bbox 1163 1765 1366 1826; x_wconf 85' lang='lat' dir='ltr'><strong>Simon</strong></span> <span class='ocrx_word' id='word_1_102' title='bbox 1402 1769 1812 1848; x_wconf 70' lang='lat' dir='ltr'><strong>Cananzeus,et</strong></span> <span class='ocrx_word' id='word_1_103' title='bbox 1839 1769 2018 1839; x_wconf 86' lang='lat' dir='ltr'><strong>Judas</strong></span> 
     </span>
    </p>
   </div>
   <div class='ocr_carea' id='block_1_20' title="bbox 2095 607 3737 690">
    <p class='ocr_par' dir='ltr' id='par_1_20' title="bbox 2095 607 3737 690">
     <span class='ocr_line' id='line_1_20' title="bbox 2095 607 3737 690; baseline -0.004 -20"><span class='ocrx_word' id='word_1_104' title='bbox 2095 613 2218 670; x_wconf 80' lang='grc' dir='ltr'><strong>τών’</strong></span> <span class='ocrx_word' id='word_1_105' title='bbox 2257 615 2535 687; x_wconf 69' lang='grc' dir='ltr'>θαυμάτων</span> <span class='ocrx_word' id='word_1_106' title='bbox 2587 614 3081 690; x_wconf 75' lang='grc' dir='ltr'>καταπλήσσοντες,</span> <span class='ocrx_word' id='word_1_107' title='bbox 3149 613 3279 688; x_wconf 80' lang='grc' dir='ltr'>πρὸς</span> <span class='ocrx_word' id='word_1_108' title='bbox 3335 612 3433 677; x_wconf 70' lang='grc' dir='ltr'>τὴν</span> <span class='ocrx_word' id='word_1_109' title='bbox 3489 607 3737 665; x_wconf 85' lang='grc' dir='ltr'>διδασκα-</span> 
     </span>
    </p>
   </div>
   <div class='ocr_carea' id='block_1_21' title="bbox 2098 701 3194 782">
    <p class='ocr_par' dir='ltr' id='par_1_21' title="bbox 2098 701 3194 782">
     <span class='ocr_line' id='line_1_21' title="bbox 2098 701 3194 782; baseline -0.003 -24"><span class='ocrx_word' id='word_1_110' title='bbox 2098 704 2211 758; x_wconf 84' lang='grc' dir='ltr'>λίαν</span> <span class='ocrx_word' id='word_1_111' title='bbox 2242 707 2539 770; x_wconf 79' lang='grc' dir='ltr'>πειθηνίους</span> <span class='ocrx_word' id='word_1_112' title='bbox 2570 704 2742 782; x_wconf 72' lang='grc' dir='ltr'>ἔχωσι</span> <span class='ocrx_word' id='word_1_113' title='bbox 2767 704 2887 765; x_wconf 86' lang='grc' dir='ltr'>τοὺς</span> <span class='ocrx_word' id='word_1_114' title='bbox 2910 701 3194 778; x_wconf 77' lang='grc' dir='ltr'>ἀκροατάς,</span> 
     </span>
    </p>
   </div>
   <div class='ocr_carea' id='block_1_22' title="bbox 2179 784 3741 861">
    <p class='ocr_par' dir='ltr' id='par_1_22' title="bbox 2179 784 3741 861">
     <span class='ocr_line' id='line_1_22' title="bbox 2179 784 3741 861; baseline -0.007 -13"><span class='ocrx_word' id='word_1_115' title='bbox 2179 811 2209 851; x_wconf 64' lang='grc' dir='ltr'>κ</span> <span class='ocrx_word' id='word_1_116' title='bbox 2271 796 2384 848; x_wconf 80' lang='grc' dir='ltr'><strong>Τῶν</strong></span> <span class='ocrx_word' id='word_1_117' title='bbox 2443 791 2496 847; x_wconf 78' lang='grc' dir='ltr'>δὲ</span> <span class='ocrx_word' id='word_1_118' title='bbox 2553 790 2752 847; x_wconf 86' lang='grc' dir='ltr'>δώδεκα</span> <span class='ocrx_word' id='word_1_119' title='bbox 2821 789 3133 846; x_wconf 70' lang='grc' dir='ltr'>ἆποστόλωι</span> <span class='ocrx_word' id='word_1_120' title='bbox 3217 789 3284 844; x_wconf 76' lang='grc' dir='ltr'><strong>τὰ</strong></span> <span class='ocrx_word' id='word_1_121' title='bbox 3364 786 3596 861; x_wconf 84' lang='grc' dir='ltr'>ὀνόματα</span> <span class='ocrx_word' id='word_1_122' title='bbox 3646 784 3741 839; x_wconf 80' lang='grc' dir='ltr'>εἰσὶ</span> 
     </span>
    </p>
   </div>
   <div class='ocr_carea' id='block_1_23' title="bbox 2099 872 3738 960">
    <p class='ocr_par' dir='ltr' id='par_1_23' title="bbox 2099 872 3738 960">
     <span class='ocr_line' id='line_1_23' title="bbox 2099 872 3738 960; baseline -0.006 -23"><span class='ocrx_word' id='word_1_123' title='bbox 2099 887 2533 960; x_wconf 78' lang='grc' dir='ltr'>ταῦτα·Πρῶτος</span> <span class='ocrx_word' id='word_1_124' title='bbox 2585 881 2763 954; x_wconf 90' lang='grc' dir='ltr'>Σίμων</span> <span class='ocrx_word' id='word_1_125' title='bbox 2820 881 2846 935; x_wconf 93' lang='lat'><strong>6</strong></span> <span class='ocrx_word' id='word_1_126' title='bbox 2904 878 3187 956; x_wconf 77' lang='grc' dir='ltr'>λεγόμενος</span> <span class='ocrx_word' id='word_1_127' title='bbox 3223 876 3440 952; x_wconf 78' lang='grc' dir='ltr'><strong>Πέτρος,</strong></span> <span class='ocrx_word' id='word_1_128' title='bbox 3472 875 3557 931; x_wconf 80' lang='grc' dir='ltr'><strong>καὶ</strong></span> <span class='ocrx_word' id='word_1_129' title='bbox 3611 872 3738 929; x_wconf 79' lang='grc' dir='ltr'>Ἀν-</span> 
     </span>
    </p>
   </div>
   <div class='ocr_carea' id='block_1_24' title="bbox 2099 961 3737 1049">
    <p class='ocr_par' dir='ltr' id='par_1_24' title="bbox 2099 961 3737 1049">
     <span class='ocr_line' id='line_1_24' title="bbox 2099 961 3737 1049; baseline -0.005 -26"><span class='ocrx_word' id='word_1_130' title='bbox 2099 967 2246 1044; x_wconf 78' lang='grc' dir='ltr'>δρὲας</span> <span class='ocrx_word' id='word_1_131' title='bbox 2305 969 2333 1023; x_wconf 93' lang='lat'><strong>6</strong></span> <span class='ocrx_word' id='word_1_132' title='bbox 2390 967 2610 1049; x_wconf 77' lang='grc' dir='ltr'>ἀδελφὸς</span> <span class='ocrx_word' id='word_1_133' title='bbox 2668 970 2843 1026; x_wconf 71' lang='grc' dir='ltr'>αὐτοῦ.</span> <span class='ocrx_word' id='word_1_134' title='bbox 2884 992 2908 1026; x_wconf 71' lang='grc' dir='ltr'><strong>ι</strong></span> <span class='ocrx_word' id='word_1_135' title='bbox 2955 964 3332 1044; x_wconf 75' lang='grc' dir='ltr'>Καταλέγειτὰ</span> <span class='ocrx_word' id='word_1_136' title='bbox 3369 962 3475 1019; x_wconf 64' lang='grc' dir='ltr'><strong>τῶν</strong></span> <span class='ocrx_word' id='word_1_137' title='bbox 3504 961 3737 1018; x_wconf 81' lang='grc' dir='ltr'>ἀποστό-</span> 
     </span>
    </p>
   </div>
   <div class='ocr_carea' id='block_1_25' title="bbox 2099 1051 3736 1130">
    <p class='ocr_par' dir='ltr' id='par_1_25' title="bbox 2099 1051 3736 1130">
     <span class='ocr_line' id='line_1_25' title="bbox 2099 1051 3736 1130; baseline -0.005 -18"><span class='ocrx_word' id='word_1_138' title='bbox 2099 1055 2206 1112; x_wconf 90' lang='grc' dir='ltr'><strong>λων</strong></span> <span class='ocrx_word' id='word_1_139' title='bbox 2265 1058 2519 1130; x_wconf 85' lang='grc' dir='ltr'>όνοματα,</span> <span class='ocrx_word' id='word_1_140' title='bbox 2575 1054 2658 1111; x_wconf 82' lang='grc' dir='ltr'>διὰ</span> <span class='ocrx_word' id='word_1_141' title='bbox 2736 1057 2855 1118; x_wconf 80' lang='grc' dir='ltr'>τοὺς</span> <span class='ocrx_word' id='word_1_142' title='bbox 2918 1052 3396 1130; x_wconf 76' lang='grc' dir='ltr'>ψευδαποστόλουξ.</span> <span class='ocrx_word' id='word_1_143' title='bbox 3458 1051 3736 1130; x_wconf 76' lang='grc' dir='ltr'>Προτίθησι</span> 
     </span>
    </p>
   </div>
   <div class='ocr_carea' id='block_1_26' title="bbox 2099 1138 3740 1224">
    <p class='ocr_par' dir='ltr' id='par_1_26' title="bbox 2099 1138 3740 1224">
     <span class='ocr_line' id='line_1_26' title="bbox 2099 1138 3740 1224; baseline -0.005 -23"><span class='ocrx_word' id='word_1_144' title='bbox 2099 1144 2150 1200; x_wconf 79' lang='grc' dir='ltr'>δὲ</span> <span class='ocrx_word' id='word_1_145' title='bbox 2205 1144 2398 1223; x_wconf 75' lang='grc' dir='ltr'>Πέτρον</span> <span class='ocrx_word' id='word_1_146' title='bbox 2456 1147 2542 1201; x_wconf 86' lang='grc' dir='ltr'><strong>καὶ</strong></span> <span class='ocrx_word' id='word_1_147' title='bbox 2574 1143 2839 1224; x_wconf 79' lang='grc' dir='ltr'>Ἀνδρέαν,</span> <span class='ocrx_word' id='word_1_148' title='bbox 2875 1141 3012 1199; x_wconf 84' lang='grc' dir='ltr'>διότι</span> <span class='ocrx_word' id='word_1_149' title='bbox 3060 1145 3147 1199; x_wconf 81' lang='grc' dir='ltr'><strong>καὶ</strong></span> <span class='ocrx_word' id='word_1_150' title='bbox 3177 1139 3566 1219; x_wconf 84' lang='grc' dir='ltr'>πρωτόκλητοι.</span> <span class='ocrx_word' id='word_1_151' title='bbox 3604 1138 3740 1195; x_wconf 77' lang='grc' dir='ltr'>Εἶτα</span> 
     </span>
    </p>
   </div>
   <div class='ocr_carea' id='block_1_27' title="bbox 2097 1225 3740 1312">
    <p class='ocr_par' dir='ltr' id='par_1_27' title="bbox 2097 1225 3740 1312">
     <span class='ocr_line' id='line_1_27' title="bbox 2097 1225 3740 1312; baseline -0.004 -24"><span class='ocrx_word' id='word_1_152' title='bbox 2097 1233 2215 1296; x_wconf 85' lang='grc' dir='ltr'>τοὺς</span> <span class='ocrx_word' id='word_1_153' title='bbox 2269 1241 2362 1290; x_wconf 80' lang='grc' dir='ltr'>τοῦ</span> <span class='ocrx_word' id='word_1_154' title='bbox 2418 1231 2708 1289; x_wconf 85' lang='grc' dir='ltr'>Ζεϐεδαίου·</span> <span class='ocrx_word' id='word_1_155' title='bbox 2770 1225 3047 1312; x_wconf 73' lang='grc' dir='ltr'>προτάττει</span> <span class='ocrx_word' id='word_1_156' title='bbox 3100 1230 3154 1286; x_wconf 77' lang='grc' dir='ltr'>δὲ</span> <span class='ocrx_word' id='word_1_157' title='bbox 3211 1232 3300 1286; x_wconf 79' lang='grc' dir='ltr'><strong>τὸν</strong></span> <span class='ocrx_word' id='word_1_158' title='bbox 3359 1226 3606 1286; x_wconf 83' lang='grc' dir='ltr'>Ἰάκωϐον</span> <span class='ocrx_word' id='word_1_159' title='bbox 3650 1233 3740 1283; x_wconf 76' lang='grc' dir='ltr'>τοῦ</span> 
     </span>
    </p>
   </div>
   <div class='ocr_carea' id='block_1_28' title="bbox 2099 1315 3740 1399">
    <p class='ocr_par' dir='ltr' id='par_1_28' title="bbox 2099 1315 3740 1399">
     <span class='ocr_line' id='line_1_28' title="bbox 2099 1315 3740 1399; baseline -0.004 -23"><span class='ocrx_word' id='word_1_160' title='bbox 2099 1321 2358 1379; x_wconf 75' lang='grc' dir='ltr'>Ἰωάννου’</span> <span class='ocrx_word' id='word_1_161' title='bbox 2411 1323 2469 1377; x_wconf 75' lang='grc' dir='ltr'><strong>οὖ</strong></span> <span class='ocrx_word' id='word_1_162' title='bbox 2511 1322 2610 1399; x_wconf 80' lang='grc' dir='ltr'>γὰρ</span> <span class='ocrx_word' id='word_1_163' title='bbox 2669 1321 2804 1376; x_wconf 83' lang='grc' dir='ltr'>κατὰ</span> <span class='ocrx_word' id='word_1_164' title='bbox 2851 1320 2949 1386; x_wconf 77' lang='grc' dir='ltr'><strong>τὴν</strong></span> <span class='ocrx_word' id='word_1_165' title='bbox 2978 1319 3145 1398; x_wconf 80' lang='grc' dir='ltr'>ἀξίαν,</span> <span class='ocrx_word' id='word_1_166' title='bbox 3197 1317 3312 1374; x_wconf 80' lang='grc' dir='ltr'>ἀλλ’</span> <span class='ocrx_word' id='word_1_167' title='bbox 3375 1315 3557 1379; x_wconf 78' lang='grc' dir='ltr'>ἁπλῶς</span> <span class='ocrx_word' id='word_1_168' title='bbox 3606 1315 3740 1371; x_wconf 83' lang='grc' dir='ltr'>κατᾶ</span> 
     </span>
    </p>
   </div>
   <div class='ocr_carea' id='block_1_29' title="bbox 2095 1406 3406 1488">
    <p class='ocr_par' dir='ltr' id='par_1_29' title="bbox 2095 1406 3406 1488">
     <span class='ocr_line' id='line_1_29' title="bbox 2095 1406 3406 1488; baseline -0.002 -25"><span class='ocrx_word' id='word_1_169' title='bbox 2095 1410 2156 1463; x_wconf 74' lang='grc' dir='ltr'>τὸ</span> <span class='ocrx_word' id='word_1_170' title='bbox 2181 1411 2486 1488; x_wconf 71' lang='grc' dir='ltr'>παραπεσὸν</span> <span class='ocrx_word' id='word_1_171' title='bbox 2511 1408 2792 1487; x_wconf 78' lang='grc' dir='ltr'>καταλέγει</span> <span class='ocrx_word' id='word_1_172' title='bbox 2822 1409 3058 1470; x_wconf 88' lang='grc' dir='ltr'>τούτους,</span> <span class='ocrx_word' id='word_1_173' title='bbox 3089 1408 3230 1473; x_wconf 70' lang='grc' dir='ltr'>Φησὶ</span> <span class='ocrx_word' id='word_1_174' title='bbox 3261 1406 3406 1484; x_wconf 81' lang='grc' dir='ltr'><strong>γοῦν⁶</strong></span> 
     </span>
    </p>
   </div>
   <div class='ocr_carea' id='block_1_30' title="bbox 2183 1487 3739 1576">
    <p class='ocr_par' dir='ltr' id='par_1_30' title="bbox 2183 1487 3739 1576">
     <span class='ocr_line' id='line_1_30' title="bbox 2183 1487 3739 1576; baseline -0.004 -25"><span class='ocrx_word' id='word_1_175' title='bbox 2183 1520 2212 1551; x_wconf 77' lang='grc' dir='ltr'><strong>α</strong></span> <span class='ocrx_word' id='word_1_176' title='bbox 2262 1487 2526 1563; x_wconf 67' lang='grc' dir='ltr'>Ἰάκωϐος</span> <span class='ocrx_word' id='word_1_177' title='bbox 2575 1499 2602 1554; x_wconf 98' lang='lat'><strong>6</strong></span> <span class='ocrx_word' id='word_1_178' title='bbox 2654 1504 2744 1554; x_wconf 81' lang='grc' dir='ltr'><strong>τοῦ</strong></span> <span class='ocrx_word' id='word_1_179' title='bbox 2800 1494 3092 1576; x_wconf 82' lang='grc' dir='ltr'>Ζεϐεδαίου,</span> <span class='ocrx_word' id='word_1_180' title='bbox 3127 1497 3214 1552; x_wconf 84' lang='grc' dir='ltr'><strong>καὶ</strong></span> <span class='ocrx_word' id='word_1_181' title='bbox 3238 1491 3492 1560; x_wconf 65' lang='grc' dir='ltr'>Ἰωάννης</span> <span class='ocrx_word' id='word_1_182' title='bbox 3525 1494 3552 1547; x_wconf 80' lang='grc' dir='ltr'>ὁ</span> <span class='ocrx_word' id='word_1_183' title='bbox 3581 1487 3739 1546; x_wconf 81' lang='grc' dir='ltr'>ἀδελ-</span> 
     </span>
    </p>
   </div>
   <div class='ocr_carea' id='block_1_31' title="bbox 2097 1581 3740 1665">
    <p class='ocr_par' dir='ltr' id='par_1_31' title="bbox 2097 1581 3740 1665">
     <span class='ocr_line' id='line_1_31' title="bbox 2097 1581 3740 1665; baseline -0.004 -25"><span class='ocrx_word' id='word_1_184' title='bbox 2097 1588 2193 1665; x_wconf 72' lang='grc' dir='ltr'><strong>φὸς</strong></span> <span class='ocrx_word' id='word_1_185' title='bbox 2251 1587 2428 1661; x_wconf 70' lang='grc' dir='ltr'>αὐτοῦ,</span> <span class='ocrx_word' id='word_1_186' title='bbox 2478 1589 2741 1652; x_wconf 83' lang='grc' dir='ltr'>Φίλιππος</span> <span class='ocrx_word' id='word_1_187' title='bbox 2791 1589 2878 1644; x_wconf 81' lang='grc' dir='ltr'><strong>καὶ</strong></span> <span class='ocrx_word' id='word_1_188' title='bbox 2937 1585 3353 1662; x_wconf 69' lang='grc' dir='ltr'><strong>Βαρθολομαῖος,</strong></span> <span class='ocrx_word' id='word_1_189' title='bbox 3409 1587 3602 1656; x_wconf 76' lang='grc' dir='ltr'>Θωμᾶς</span> <span class='ocrx_word' id='word_1_190' title='bbox 3655 1581 3740 1634; x_wconf 85' lang='grc' dir='ltr'>καὶ</span> 
     </span>
    </p>
   </div>
   <div class='ocr_carea' id='block_1_32' title="bbox 2102 1669 3739 1756">
    <p class='ocr_par' dir='ltr' id='par_1_32' title="bbox 2102 1669 3739 1756">
     <span class='ocr_line' id='line_1_32' title="bbox 2102 1669 3739 1756; baseline -0.004 -27"><span class='ocrx_word' id='word_1_191' title='bbox 2102 1678 2370 1739; x_wconf 75' lang='grc' dir='ltr'>Ματθαῖος</span> <span class='ocrx_word' id='word_1_192' title='bbox 2426 1677 2454 1732; x_wconf 91' lang='lat'><strong>6</strong></span> <span class='ocrx_word' id='word_1_193' title='bbox 2505 1675 2765 1756; x_wconf 85' lang='grc' dir='ltr'>τελώνης,</span> <span class='ocrx_word' id='word_1_194' title='bbox 2824 1674 3076 1740; x_wconf 76' lang='grc' dir='ltr'>Ἰάκωϐος</span> <span class='ocrx_word' id='word_1_195' title='bbox 3135 1675 3164 1732; x_wconf 90' lang='lat'><strong>6</strong></span> <span class='ocrx_word' id='word_1_196' title='bbox 3215 1670 3308 1730; x_wconf 81' lang='grc' dir='ltr'>τοῦ</span> <span class='ocrx_word' id='word_1_197' title='bbox 3335 1671 3609 1750; x_wconf 72' lang='grc' dir='ltr'>Ἀλφαίου,</span> <span class='ocrx_word' id='word_1_198' title='bbox 3653 1669 3739 1724; x_wconf 86' lang='grc' dir='ltr'><strong>καὶ</strong></span> 
     </span>
    </p>
   </div>
   <div class='ocr_carea' id='block_1_33' title="bbox 2103 1760 3798 1843">
    <p class='ocr_par' dir='ltr' id='par_1_33' title="bbox 2103 1760 3798 1843">
     <span class='ocr_line' id='line_1_33' title="bbox 2103 1760 3798 1843; baseline 0.003 -26"><span class='ocrx_word' id='word_1_199' title='bbox 2103 1761 2362 1828; x_wconf 70' lang='grc' dir='ltr'>Λεϐϐαῖος</span> <span class='ocrx_word' id='word_1_200' title='bbox 2423 1766 2449 1820; x_wconf 91' lang='lat'><strong>6</strong></span> <span class='ocrx_word' id='word_1_201' title='bbox 2504 1765 2801 1832; x_wconf 66' lang='grc' dir='ltr'>ἐπικληθεὶς</span> <span class='ocrx_word' id='word_1_202' title='bbox 2835 1763 3115 1843; x_wconf 74' lang='grc' dir='ltr'>Θαδδαῖος,</span> <span class='ocrx_word' id='word_1_203' title='bbox 3149 1765 3326 1839; x_wconf 89' lang='grc' dir='ltr'>Σίμων</span> <span class='ocrx_word' id='word_1_204' title='bbox 3355 1763 3384 1818; x_wconf 91' lang='lat'><strong>6</strong></span> <span class='ocrx_word' id='word_1_205' title='bbox 3417 1760 3732 1830; x_wconf 79' lang='grc' dir='ltr'>Κανανίτης,</span> <span class='ocrx_word' id='word_1_206' title='bbox 3796 1773 3798 1775; x_wconf 77' lang='grc'><em>’</em></span> 
     </span>
    </p>
   </div>
   <div class='ocr_carea' id='block_1_34' title="bbox 367 1847 2011 1934">
    <p class='ocr_par' dir='ltr' id='par_1_34' title="bbox 367 1847 2011 1934">
     <span class='ocr_line' id='line_1_34' title="bbox 367 1847 2011 1934; baseline 0.003 -21"><span class='ocrx_word' id='word_1_207' title='bbox 367 1849 699 1927; x_wconf 80' lang='lat' dir='ltr'><strong>Iscariotes,</strong></span> <span class='ocrx_word' id='word_1_208' title='bbox 734 1855 835 1934; x_wconf 91' lang='lat' dir='ltr'><strong>qui</strong></span> <span class='ocrx_word' id='word_1_209' title='bbox 872 1864 930 1915; x_wconf 89' lang='lat' dir='ltr'><strong>et</strong></span> <span class='ocrx_word' id='word_1_210' title='bbox 963 1854 1200 1914; x_wconf 85' lang='lat' dir='ltr'><strong>tradidit</strong></span> <span class='ocrx_word' id='word_1_211' title='bbox 1232 1854 1422 1915; x_wconf 86' lang='lat' dir='ltr'><strong>illum.</strong></span> <span class='ocrx_word' id='word_1_212' title='bbox 1458 1881 1484 1911; x_wconf 70' lang='grc' dir='ltr'><strong>ι)</strong></span> <span class='ocrx_word' id='word_1_213' title='bbox 1521 1847 2011 1918; x_wconf 74' lang='lat' dir='ltr'><strong>Videbumilita-</strong></span> 
     </span>
    </p>
   </div>
   <div class='ocr_carea' id='block_1_35' title="bbox 2106 1847 3733 1934">
    <p class='ocr_par' dir='ltr' id='par_1_35' title="bbox 2106 1847 3733 1933">
     <span class='ocr_line' id='line_1_35' title="bbox 2106 1847 3733 1933; baseline -0.004 -25"><span class='ocrx_word' id='word_1_214' title='bbox 2106 1854 2188 1908; x_wconf 79' lang='grc' dir='ltr'><strong>καὶ</strong></span> <span class='ocrx_word' id='word_1_215' title='bbox 2249 1850 2441 1916; x_wconf 85' lang='grc' dir='ltr'>Ἰούδας</span> <span class='ocrx_word' id='word_1_216' title='bbox 2501 1854 2840 1933; x_wconf 74' lang='grc' dir='ltr'><strong>Ἰσκαριώτης</strong></span> <span class='ocrx_word' id='word_1_217' title='bbox 2899 1856 2927 1910; x_wconf 91' lang='lat'><strong>6</strong></span> <span class='ocrx_word' id='word_1_218' title='bbox 2984 1856 3072 1910; x_wconf 78' lang='grc' dir='ltr'><strong>καὶ</strong></span> <span class='ocrx_word' id='word_1_219' title='bbox 3128 1850 3388 1930; x_wconf 77' lang='grc' dir='ltr'>παραδοὺς</span> <span class='ocrx_word' id='word_1_220' title='bbox 3466 1847 3641 1905; x_wconf 65' lang='grc' dir='ltr'>αὐτόν.</span> <span class='ocrx_word' id='word_1_221' title='bbox 3706 1869 3733 1901; x_wconf 72' lang='grc' dir='ltr'><strong><em>ι</em></strong></span> 
     </span>
    </p>
   </div>
   <div class='ocr_carea' id='block_1_36' title="bbox 371 1942 2013 2023">
    <p class='ocr_par' dir='ltr' id='par_1_36' title="bbox 371 1942 2013 2023">
     <span class='ocr_line' id='line_1_36' title="bbox 371 1942 2013 2023; baseline 0.004 -23"><span class='ocrx_word' id='word_1_222' title='bbox 371 1949 487 2002; x_wconf 88' lang='lat' dir='ltr'><strong>tem</strong></span> <span class='ocrx_word' id='word_1_223' title='bbox 522 1944 792 2022; x_wconf 69' lang='lat' dir='ltr'><strong>Matthaai,</strong></span> <span class='ocrx_word' id='word_1_224' title='bbox 819 1942 1116 2023; x_wconf 90' lang='lat' dir='ltr'><strong>quomodo</strong></span> <span class='ocrx_word' id='word_1_225' title='bbox 1136 1962 1199 2002; x_wconf 93' lang='lat' dir='ltr'><strong>se</strong></span> <span class='ocrx_word' id='word_1_226' title='bbox 1231 1952 1359 2021; x_wconf 88' lang='lat' dir='ltr'><strong>post</strong></span> <span class='ocrx_word' id='word_1_227' title='bbox 1392 1943 1680 2005; x_wconf 87' lang='lat' dir='ltr'><strong>Thomam</strong></span> <span class='ocrx_word' id='word_1_228' title='bbox 1706 1948 2013 2007; x_wconf 86' lang='lat' dir='ltr'><strong>ordinarit.</strong></span> 
     </span>
    </p>
   </div>
   <div class='ocr_carea' id='block_1_37' title="bbox 368 2030 2021 2115">
    <p class='ocr_par' dir='ltr' id='par_1_37' title="bbox 368 2030 2021 2115">
     <span class='ocr_line' id='line_1_37' title="bbox 368 2030 2021 2115; baseline 0.004 -25"><span class='ocrx_word' id='word_1_229' title='bbox 368 2030 456 2090; x_wconf 85' lang='lat' dir='ltr'><strong>Ad</strong></span> <span class='ocrx_word' id='word_1_230' title='bbox 480 2031 694 2115; x_wconf 43' lang='lat' dir='ltr'><strong>Judam‘</strong></span> <span class='ocrx_word' id='word_1_231' title='bbox 716 2043 916 2093; x_wconf 89' lang='lat' dir='ltr'><strong>autem</strong></span> <span class='ocrx_word' id='word_1_232' title='bbox 951 2050 1082 2092; x_wconf 89' lang='lat' dir='ltr'><strong>cum</strong></span> <span class='ocrx_word' id='word_1_233' title='bbox 1106 2033 1390 2111; x_wconf 84' lang='lat' dir='ltr'><strong>venisset,</strong></span> <span class='ocrx_word' id='word_1_234' title='bbox 1424 2053 1541 2093; x_wconf 90' lang='lat' dir='ltr'><strong>non</strong></span> <span class='ocrx_word' id='word_1_235' title='bbox 1581 2034 1740 2096; x_wconf 83' lang='lat' dir='ltr'><strong>dixit:</strong></span> <span class='ocrx_word' id='word_1_236' title='bbox 1762 2037 2021 2096; x_wconf 87' lang='lat' dir='ltr'><strong>Pollutus</strong></span> 
     </span>
    </p>
   </div>
   <div class='ocr_carea' id='block_1_38' title="bbox 367 2117 2020 2202">
    <p class='ocr_par' dir='ltr' id='par_1_38' title="bbox 367 2117 2020 2202">
     <span class='ocr_line' id='line_1_38' title="bbox 367 2117 2020 2202; baseline 0.004 -24"><span class='ocrx_word' id='word_1_237' title='bbox 367 2117 776 2197; x_wconf 85' lang='lat' dir='ltr'><strong>ille,inimicus</strong></span> <span class='ocrx_word' id='word_1_238' title='bbox 805 2121 905 2181; x_wconf 87' lang='lat' dir='ltr'><strong>ille</strong></span> <span class='ocrx_word' id='word_1_239' title='bbox 935 2121 1179 2199; x_wconf 84' lang='lat' dir='ltr'><strong>Dei,5ed</strong></span> <span class='ocrx_word' id='word_1_240' title='bbox 1212 2121 1553 2182; x_wconf 87' lang='lat' dir='ltr'><strong>Iscariotem</strong></span> <span class='ocrx_word' id='word_1_241' title='bbox 1577 2123 1744 2183; x_wconf 92' lang='lat' dir='ltr'><strong>illum</strong></span> <span class='ocrx_word' id='word_1_242' title='bbox 1775 2143 1807 2183; x_wconf 90' lang='lat' dir='ltr'><strong>a</strong></span> <span class='ocrx_word' id='word_1_243' title='bbox 1838 2127 2020 2202; x_wconf 89' lang='lat' dir='ltr'><strong>patria</strong></span> 
     </span>
    </p>
   </div>
   <div class='ocr_carea' id='block_1_39' title="bbox 368 2206 2014 2290">
    <p class='ocr_par' dir='ltr' id='par_1_39' title="bbox 368 2206 2014 2290">
     <span class='ocr_line' id='line_1_39' title="bbox 368 2206 2014 2290; baseline 0.004 -24"><span class='ocrx_word' id='word_1_244' title='bbox 368 2207 708 2268; x_wconf 88' lang='lat' dir='ltr'><strong>nominavit.</strong></span> <span class='ocrx_word' id='word_1_245' title='bbox 743 2206 880 2268; x_wconf 88' lang='lat' dir='ltr'><strong>Erat</strong></span> <span class='ocrx_word' id='word_1_246' title='bbox 911 2209 1068 2270; x_wconf 90' lang='lat' dir='ltr'><strong>enim</strong></span> <span class='ocrx_word' id='word_1_247' title='bbox 1124 2217 1182 2268; x_wconf 88' lang='lat' dir='ltr'><strong>et</strong></span> <span class='ocrx_word' id='word_1_248' title='bbox 1228 2211 1378 2269; x_wconf 88' lang='lat' dir='ltr'><strong>alius</strong></span> <span class='ocrx_word' id='word_1_249' title='bbox 1405 2209 1608 2282; x_wconf 85' lang='lat' dir='ltr'><strong>Judas,</strong></span> <span class='ocrx_word' id='word_1_250' title='bbox 1642 2213 1740 2290; x_wconf 88' lang='lat' dir='ltr'><strong>qui</strong></span> <span class='ocrx_word' id='word_1_251' title='bbox 1775 2221 1832 2272; x_wconf 89' lang='lat' dir='ltr'><strong>et</strong></span> <span class='ocrx_word' id='word_1_252' title='bbox 1866 2212 2014 2276; x_wconf 88' lang='lat' dir='ltr'><strong>Leb-</strong></span> 
     </span>
    </p>
   </div>
   <div class='ocr_carea' id='block_1_40' title="bbox 368 2294 2011 2374">
    <p class='ocr_par' dir='ltr' id='par_1_40' title="bbox 368 2294 2011 2374">
     <span class='ocr_line' id='line_1_40' title="bbox 368 2294 2011 2374; baseline 0.003 -18"><span class='ocrx_word' id='word_1_253' title='bbox 368 2294 528 2357; x_wconf 69' lang='lat' dir='ltr'><strong>baeus</strong></span> <span class='ocrx_word' id='word_1_254' title='bbox 555 2305 612 2356; x_wconf 90' lang='lat' dir='ltr'><strong>et</strong></span> <span class='ocrx_word' id='word_1_255' title='bbox 640 2295 970 2357; x_wconf 83' lang='lat' dir='ltr'><strong>Thaddaeus</strong></span> <span class='ocrx_word' id='word_1_256' title='bbox 1013 2297 1342 2358; x_wconf 87' lang='lat' dir='ltr'><strong>dicebatur.</strong></span> <span class='ocrx_word' id='word_1_257' title='bbox 1382 2301 1508 2359; x_wconf 92' lang='lat' dir='ltr'><strong>Duo</strong></span> <span class='ocrx_word' id='word_1_258' title='bbox 1550 2298 1734 2374; x_wconf 74' lang='lat' dir='ltr'><strong>igitur</strong></span> <span class='ocrx_word' id='word_1_259' title='bbox 1785 2300 2011 2362; x_wconf 83' lang='lat' dir='ltr'><strong>Jocobi.</strong></span> 
     </span>
    </p>
   </div>
   <div class='ocr_carea' id='block_1_41' title="bbox 365 2385 2011 2464">
    <p class='ocr_par' dir='ltr' id='par_1_41' title="bbox 365 2385 2011 2464">
     <span class='ocr_line' id='line_1_41' title="bbox 365 2385 2011 2464; baseline 0.003 -20"><span class='ocrx_word' id='word_1_260' title='bbox 365 2402 581 2463; x_wconf 87' lang='lat' dir='ltr'><strong>nempe</strong></span> <span class='ocrx_word' id='word_1_261' title='bbox 605 2404 755 2445; x_wconf 90' lang='lat' dir='ltr'><strong>unus</strong></span> <span class='ocrx_word' id='word_1_262' title='bbox 785 2385 1080 2464; x_wconf 76' lang='lat' dir='ltr'><strong>Zebedaei,</strong></span> <span class='ocrx_word' id='word_1_263' title='bbox 1104 2386 1252 2446; x_wconf 88' lang='lat' dir='ltr'><strong>alter</strong></span> <span class='ocrx_word' id='word_1_264' title='bbox 1280 2387 1506 2464; x_wconf 68' lang='lat' dir='ltr'><strong>Alphaai</strong></span> <span class='ocrx_word' id='word_1_265' title='bbox 1535 2405 1547 2448; x_wconf 91' lang='lat'><strong>:</strong></span> <span class='ocrx_word' id='word_1_266' title='bbox 1575 2397 1632 2447; x_wconf 89' lang='lat' dir='ltr'><strong>et</strong></span> <span class='ocrx_word' id='word_1_267' title='bbox 1661 2388 1779 2447; x_wconf 85' lang='lat' dir='ltr'><strong>duo</strong></span> <span class='ocrx_word' id='word_1_268' title='bbox 1828 2388 2011 2462; x_wconf 69' lang='lat' dir='ltr'><strong>Judaa,</strong></span> 
     </span>
    </p>
   </div>
   <div class='ocr_carea' id='block_1_42' title="bbox 362 2471 2014 2554">
    <p class='ocr_par' dir='ltr' id='par_1_42' title="bbox 362 2471 2014 2554">
     <span class='ocr_line' id='line_1_42' title="bbox 362 2471 2014 2554; baseline 0.004 -22"><span class='ocrx_word' id='word_1_269' title='bbox 362 2471 695 2534; x_wconf 68' lang='lat' dir='ltr'><strong>Thaddaaus</strong></span> <span class='ocrx_word' id='word_1_270' title='bbox 726 2493 899 2545; x_wconf 90' lang='lat' dir='ltr'><strong>unus,</strong></span> <span class='ocrx_word' id='word_1_271' title='bbox 936 2483 993 2535; x_wconf 88' lang='lat' dir='ltr'><strong>et</strong></span> <span class='ocrx_word' id='word_1_272' title='bbox 1021 2475 1170 2534; x_wconf 87' lang='lat' dir='ltr'><strong>alter</strong></span> <span class='ocrx_word' id='word_1_273' title='bbox 1202 2475 1488 2554; x_wconf 89' lang='lat' dir='ltr'><strong>proditor.</strong></span> <span class='ocrx_word' id='word_1_274' title='bbox 1528 2475 1675 2537; x_wconf 92' lang='lat' dir='ltr'><strong>Tres</strong></span> <span class='ocrx_word' id='word_1_275' title='bbox 1703 2487 1897 2537; x_wconf 80' lang='lat' dir='ltr'><strong>autem</strong></span> <span class='ocrx_word' id='word_1_276' title='bbox 1921 2477 2014 2538; x_wconf 92' lang='lat' dir='ltr'><strong>Si-</strong></span> 
     </span>
    </p>
   </div>
   <div class='ocr_carea' id='block_1_43' title="bbox 365 2562 2008 2643">
    <p class='ocr_par' dir='ltr' id='par_1_43' title="bbox 365 2562 2008 2643">
     <span class='ocr_line' id='line_1_43' title="bbox 365 2562 2008 2643; baseline 0.003 -22"><span class='ocrx_word' id='word_1_277' title='bbox 365 2578 593 2636; x_wconf 91' lang='lat' dir='ltr'><strong>mones,</strong></span> <span class='ocrx_word' id='word_1_278' title='bbox 628 2562 857 2622; x_wconf 87' lang='lat' dir='ltr'><strong>scilicet</strong></span> <span class='ocrx_word' id='word_1_279' title='bbox 906 2562 1132 2637; x_wconf 83' lang='lat' dir='ltr'><strong>Petrus,</strong></span> <span class='ocrx_word' id='word_1_280' title='bbox 1165 2573 1222 2622; x_wconf 89' lang='lat' dir='ltr'><strong>et</strong></span> <span class='ocrx_word' id='word_1_281' title='bbox 1247 2566 1592 2634; x_wconf 72' lang='lat' dir='ltr'><strong>Cananzeus,</strong></span> <span class='ocrx_word' id='word_1_282' title='bbox 1621 2574 1678 2624; x_wconf 91' lang='lat' dir='ltr'><strong>et</strong></span> <span class='ocrx_word' id='word_1_283' title='bbox 1722 2565 2008 2643; x_wconf 71' lang='lat' dir='ltr'><strong>proditor.</strong></span> 
     </span>
    </p>
   </div>
   <div class='ocr_carea' id='block_1_44' title="bbox 364 2649 1767 2714">
    <p class='ocr_par' dir='ltr' id='par_1_44' title="bbox 364 2649 1767 2714">
     <span class='ocr_line' id='line_1_44' title="bbox 364 2649 1767 2714; baseline 0.002 -4"><span class='ocrx_word' id='word_1_284' title='bbox 364 2649 568 2710; x_wconf 91' lang='lat' dir='ltr'><strong>Simon</strong></span> <span class='ocrx_word' id='word_1_285' title='bbox 601 2649 758 2710; x_wconf 90' lang='lat' dir='ltr'><strong>enim</strong></span> <span class='ocrx_word' id='word_1_286' title='bbox 781 2651 958 2712; x_wconf 83' lang='lat' dir='ltr'><strong>Judas</strong></span> <span class='ocrx_word' id='word_1_287' title='bbox 992 2651 1298 2712; x_wconf 88' lang='lat' dir='ltr'><strong>[scariotes</strong></span> <span class='ocrx_word' id='word_1_288' title='bbox 1321 2653 1410 2711; x_wconf 76' lang='grc'><strong>47</strong></span> <span class='ocrx_word' id='word_1_289' title='bbox 1440 2653 1767 2714; x_wconf 85' lang='lat' dir='ltr'><strong>dicebatur.</strong></span> 
     </span>
    </p>
   </div>
   <div class='ocr_carea' id='block_1_45' title="bbox 449 2739 2012 2813">
    <p class='ocr_par' dir='ltr' id='par_1_45' title="bbox 449 2739 2012 2813">
     <span class='ocr_line' id='line_1_45' title="bbox 449 2739 2012 2813; baseline 0.003 -14"><span class='ocrx_word' id='word_1_290' title='bbox 449 2739 630 2800; x_wconf 65' lang='lat' dir='ltr'><strong>Vens.</strong></span> <span class='ocrx_word' id='word_1_291' title='bbox 682 2741 805 2802; x_wconf 80' lang='lat'><strong>5-7.</strong></span> <span class='ocrx_word' id='word_1_292' title='bbox 873 2762 895 2796; x_wconf 73' lang='grc' dir='ltr'><strong>α</strong></span> <span class='ocrx_word' id='word_1_293' title='bbox 933 2739 1052 2800; x_wconf 88' lang='lat' dir='ltr'><strong>Hos</strong></span> <span class='ocrx_word' id='word_1_294' title='bbox 1103 2742 1417 2802; x_wconf 89' lang='lat' dir='ltr'><strong>duodecim</strong></span> <span class='ocrx_word' id='word_1_295' title='bbox 1469 2742 1664 2802; x_wconf 88' lang='lat' dir='ltr'><strong>emisit</strong></span> <span class='ocrx_word' id='word_1_296' title='bbox 1709 2741 1906 2813; x_wconf 85' lang='lat' dir='ltr'><strong>Jesus,</strong></span> <span class='ocrx_word' id='word_1_297' title='bbox 1957 2753 2012 2804; x_wconf 92' lang='lat' dir='ltr'><strong>et</strong></span> 
     </span>
    </p>
   </div>
   <div class='ocr_carea' id='block_1_46' title="bbox 369 2828 2008 2907">
    <p class='ocr_par' dir='ltr' id='par_1_46' title="bbox 369 2828 2008 2907">
     <span class='ocr_line' id='line_1_46' title="bbox 369 2828 2008 2907; baseline 0.002 -19"><span class='ocrx_word' id='word_1_298' title='bbox 369 2829 649 2907; x_wconf 67' lang='lat' dir='ltr'><strong>praecepit</strong></span> <span class='ocrx_word' id='word_1_299' title='bbox 677 2828 784 2900; x_wconf 83' lang='lat' dir='ltr'><strong>eis,</strong></span> <span class='ocrx_word' id='word_1_300' title='bbox 821 2830 1024 2890; x_wconf 89' lang='lat' dir='ltr'><strong>dicens</strong></span> <span class='ocrx_word' id='word_1_301' title='bbox 1061 2830 1164 2891; x_wconf 89' lang='lat' dir='ltr'><strong>:In</strong></span> <span class='ocrx_word' id='word_1_302' title='bbox 1198 2831 1349 2890; x_wconf 84' lang='lat' dir='ltr'><strong>viam</strong></span> <span class='ocrx_word' id='word_1_303' title='bbox 1383 2830 1646 2907; x_wconf 80' lang='lat' dir='ltr'><strong>gentium</strong></span> <span class='ocrx_word' id='word_1_304' title='bbox 1685 2849 1757 2890; x_wconf 91' lang='lat' dir='ltr'><strong>ne</strong></span> <span class='ocrx_word' id='word_1_305' title='bbox 1788 2831 2008 2892; x_wconf 87' lang='lat' dir='ltr'><strong>abieri-</strong></span> 
     </span>
    </p>
   </div>
   <div class='ocr_carea' id='block_1_47' title="bbox 2106 1935 3740 2017">
    <p class='ocr_par' dir='ltr' id='par_1_47' title="bbox 2106 1935 3740 2017">
     <span class='ocr_line' id='line_1_47' title="bbox 2106 1935 3740 2017; baseline -0.004 -21"><span class='ocrx_word' id='word_1_306' title='bbox 2106 1939 2140 1968; x_wconf 82' lang='lat'>”</span> <span class='ocrx_word' id='word_1_307' title='bbox 2149 1939 2229 2001; x_wconf 87' lang='grc' dir='ltr'>[δε</span> <span class='ocrx_word' id='word_1_308' title='bbox 2288 1944 2598 2000; x_wconf 73' lang='grc' dir='ltr'>ταπείνωσιν</span> <span class='ocrx_word' id='word_1_309' title='bbox 2645 1953 2737 2003; x_wconf 77' lang='grc' dir='ltr'>τοῦ</span> <span class='ocrx_word' id='word_1_310' title='bbox 2812 1944 3096 2017; x_wconf 82' lang='grc' dir='ltr'>Ματθαίου,</span> <span class='ocrx_word' id='word_1_311' title='bbox 3146 1941 3260 2004; x_wconf 81' lang='grc' dir='ltr'><strong>πῶς</strong></span> <span class='ocrx_word' id='word_1_312' title='bbox 3350 1939 3534 1995; x_wconf 77' lang='grc' dir='ltr'>ἑαυτὸν</span> <span class='ocrx_word' id='word_1_313' title='bbox 3607 1935 3740 2013; x_wconf 83' lang='grc' dir='ltr'>μετᾶ</span> 
     </span>
    </p>
   </div>
   <div class='ocr_carea' id='block_1_48' title="bbox 2103 2027 3742 2106">
    <p class='ocr_par' dir='ltr' id='par_1_48' title="bbox 2103 2027 3742 2106">
     <span class='ocr_line' id='line_1_48' title="bbox 2103 2027 3742 2106; baseline -0.002 -21"><span class='ocrx_word' id='word_1_314' title='bbox 2103 2032 2192 2085; x_wconf 85' lang='grc' dir='ltr'>τὸν</span> <span class='ocrx_word' id='word_1_315' title='bbox 2255 2037 2450 2106; x_wconf 82' lang='grc' dir='ltr'>Θωμᾶν</span> <span class='ocrx_word' id='word_1_316' title='bbox 2503 2031 2703 2098; x_wconf 76' lang='grc' dir='ltr'>ἔταξεν.</span> <span class='ocrx_word' id='word_1_317' title='bbox 2767 2031 2888 2089; x_wconf 87' lang='grc' dir='ltr'><strong>Ἐπὶ</strong></span> <span class='ocrx_word' id='word_1_318' title='bbox 2935 2030 2988 2087; x_wconf 76' lang='grc' dir='ltr'>δὲ</span> <span class='ocrx_word' id='word_1_319' title='bbox 3037 2034 3128 2088; x_wconf 68' lang='grc' dir='ltr'><strong>τὸν</strong></span> <span class='ocrx_word' id='word_1_320' title='bbox 3160 2028 3355 2087; x_wconf 80' lang='grc' dir='ltr'>Ἰούδαν</span> <span class='ocrx_word' id='word_1_321' title='bbox 3405 2027 3594 2100; x_wconf 73' lang='grc' dir='ltr'>ἒλθὼν,</span> <span class='ocrx_word' id='word_1_322' title='bbox 3648 2027 3742 2082; x_wconf 76' lang='grc' dir='ltr'>οὒκ</span> 
     </span>
    </p>
   </div>
   <div class='ocr_carea' id='block_1_49' title="bbox 2103 2115 3740 2201">
    <p class='ocr_par' dir='ltr' id='par_1_49' title="bbox 2103 2115 3740 2201">
     <span class='ocr_line' id='line_1_49' title="bbox 2103 2115 3740 2201; baseline 0.004 -28"><span class='ocrx_word' id='word_1_323' title='bbox 2103 2133 2253 2174; x_wconf 74' lang='grc' dir='ltr'>εἶπεν</span> <span class='ocrx_word' id='word_1_324' title='bbox 2310 2121 2337 2175; x_wconf 92' lang='lat'><strong>6</strong></span> <span class='ocrx_word' id='word_1_325' title='bbox 2400 2123 2611 2201; x_wconf 78' lang='grc' dir='ltr'>μιαρὸς,</span> <span class='ocrx_word' id='word_1_326' title='bbox 2643 2122 2670 2177; x_wconf 93' lang='lat'><strong>6</strong></span> <span class='ocrx_word' id='word_1_327' title='bbox 2717 2124 2810 2179; x_wconf 73' lang='grc' dir='ltr'><strong>τοῦ</strong></span> <span class='ocrx_word' id='word_1_328' title='bbox 2839 2129 2969 2180; x_wconf 80' lang='grc' dir='ltr'>Θεοῦ</span> <span class='ocrx_word' id='word_1_329' title='bbox 2999 2120 3214 2201; x_wconf 72' lang='grc' dir='ltr'>ἐχθρὸς,</span> <span class='ocrx_word' id='word_1_330' title='bbox 3245 2115 3364 2174; x_wconf 81' lang='grc' dir='ltr'>ἀλλ’</span> <span class='ocrx_word' id='word_1_331' title='bbox 3395 2115 3740 2193; x_wconf 76' lang='grc' dir='ltr'>Ἰσκαριώτην</span> 
     </span>
    </p>
   </div>
   <div class='ocr_carea' id='block_1_50' title="bbox 2102 2202 3738 2284">
    <p class='ocr_par' dir='ltr' id='par_1_50' title="bbox 2102 2202 3738 2284">
     <span class='ocr_line' id='line_1_50' title="bbox 2102 2202 3738 2284; baseline -0.003 -22"><span class='ocrx_word' id='word_1_332' title='bbox 2102 2208 2257 2263; x_wconf 77' lang='grc' dir='ltr'>αὒτὸν</span> <span class='ocrx_word' id='word_1_333' title='bbox 2330 2209 2434 2264; x_wconf 83' lang='grc' dir='ltr'><strong>ἀπὸ</strong></span> <span class='ocrx_word' id='word_1_334' title='bbox 2512 2215 2610 2277; x_wconf 80' lang='grc' dir='ltr'>τῆς</span> <span class='ocrx_word' id='word_1_335' title='bbox 2667 2208 2910 2282; x_wconf 80' lang='grc' dir='ltr'>πατρίδος</span> <span class='ocrx_word' id='word_1_336' title='bbox 2999 2210 3293 2284; x_wconf 82' lang='grc' dir='ltr'>ὠνόμασεν.</span> <span class='ocrx_word' id='word_1_337' title='bbox 3354 2202 3450 2263; x_wconf 81' lang='grc' dir='ltr'>Ἦν</span> <span class='ocrx_word' id='word_1_338' title='bbox 3502 2205 3601 2282; x_wconf 81' lang='grc' dir='ltr'>γὰρ</span> <span class='ocrx_word' id='word_1_339' title='bbox 3651 2203 3738 2258; x_wconf 84' lang='grc' dir='ltr'>καί</span> 
     </span>
    </p>
   </div>
   <div class='ocr_carea' id='block_1_51' title="bbox 2100 2287 3740 2374">
    <p class='ocr_par' dir='ltr' id='par_1_51' title="bbox 2100 2287 3740 2374">
     <span class='ocr_line' id='line_1_51' title="bbox 2100 2287 3740 2374; baseline 0.005 -24"><span class='ocrx_word' id='word_1_340' title='bbox 2100 2295 2273 2374; x_wconf 78' lang='grc' dir='ltr'>ἕτερος</span> <span class='ocrx_word' id='word_1_341' title='bbox 2337 2287 2556 2373; x_wconf 79' lang='grc' dir='ltr'>Ἰούδας,</span> <span class='ocrx_word' id='word_1_342' title='bbox 2611 2301 2638 2355; x_wconf 91' lang='lat'><strong>6</strong></span> <span class='ocrx_word' id='word_1_343' title='bbox 2693 2302 2780 2356; x_wconf 87' lang='grc' dir='ltr'><strong>καὶ</strong></span> <span class='ocrx_word' id='word_1_344' title='bbox 2833 2295 3094 2361; x_wconf 77' lang='grc' dir='ltr'>Λεϐϐαῖος</span> <span class='ocrx_word' id='word_1_345' title='bbox 3152 2295 3248 2354; x_wconf 69' lang='grc' dir='ltr'>καί</span> <span class='ocrx_word' id='word_1_346' title='bbox 3290 2293 3549 2357; x_wconf 74' lang='grc' dir='ltr'>Θαδδαῖος</span> <span class='ocrx_word' id='word_1_347' title='bbox 3640 2293 3740 2348; x_wconf 70' lang='grc' dir='ltr'>Δύο</span> 
     </span>
    </p>
   </div>
   <div class='ocr_carea' id='block_1_52' title="bbox 2098 2379 3738 2467">
    <p class='ocr_par' dir='ltr' id='par_1_52' title="bbox 2098 2379 3738 2467">
     <span class='ocr_line' id='line_1_52' title="bbox 2098 2379 3738 2467; baseline -0.002 -27"><span class='ocrx_word' id='word_1_348' title='bbox 2098 2385 2267 2441; x_wconf 80' lang='grc' dir='ltr'>τοίνυν</span> <span class='ocrx_word' id='word_1_349' title='bbox 2330 2383 2594 2467; x_wconf 80' lang='grc' dir='ltr'>’[ακωϐοι,</span> <span class='ocrx_word' id='word_1_350' title='bbox 2649 2388 2676 2443; x_wconf 92' lang='lat'><strong>6</strong></span> <span class='ocrx_word' id='word_1_351' title='bbox 2728 2397 2822 2446; x_wconf 81' lang='grc' dir='ltr'>τοῦ</span> <span class='ocrx_word' id='word_1_352' title='bbox 2867 2385 3161 2461; x_wconf 87' lang='grc' dir='ltr'>Ζεϐεδαίου,</span> <span class='ocrx_word' id='word_1_353' title='bbox 3218 2387 3305 2441; x_wconf 84' lang='grc' dir='ltr'><strong>καὶ</strong></span> <span class='ocrx_word' id='word_1_354' title='bbox 3369 2385 3398 2439; x_wconf 87' lang='lat'><strong>6</strong></span> <span class='ocrx_word' id='word_1_355' title='bbox 3449 2389 3539 2440; x_wconf 80' lang='grc' dir='ltr'><strong>τοῦ</strong></span> <span class='ocrx_word' id='word_1_356' title='bbox 3609 2379 3738 2438; x_wconf 83' lang='grc' dir='ltr'><strong>Ἀλ-</strong></span> 
     </span>
    </p>
   </div>
   <div class='ocr_carea' id='block_1_53' title="bbox 2100 2466 3733 2553">
    <p class='ocr_par' dir='ltr' id='par_1_53' title="bbox 2100 2466 3733 2553">
     <span class='ocr_line' id='line_1_53' title="bbox 2100 2466 3733 2553; baseline -0.002 -24"><span class='ocrx_word' id='word_1_357' title='bbox 2100 2475 2272 2553; x_wconf 72' lang='grc' dir='ltr'>φαίου,</span> <span class='ocrx_word' id='word_1_358' title='bbox 2327 2479 2414 2531; x_wconf 89' lang='grc' dir='ltr'>καὶ</span> <span class='ocrx_word' id='word_1_359' title='bbox 2465 2474 2553 2531; x_wconf 89' lang='grc' dir='ltr'><strong>δύο</strong></span> <span class='ocrx_word' id='word_1_360' title='bbox 2583 2466 2586 2467; x_wconf 12' lang='grc' dir='ltr'><em>ν</em></span> <span class='ocrx_word' id='word_1_361' title='bbox 2612 2466 2820 2549; x_wconf 65' lang='grc' dir='ltr'>Ἰοῦδαι,</span> <span class='ocrx_word' id='word_1_362' title='bbox 2876 2478 2903 2532; x_wconf 92' lang='lat'><strong>6</strong></span> <span class='ocrx_word' id='word_1_363' title='bbox 2962 2472 3245 2552; x_wconf 79' lang='grc' dir='ltr'>Θαδδαῖος,</span> <span class='ocrx_word' id='word_1_364' title='bbox 3275 2475 3362 2530; x_wconf 84' lang='grc' dir='ltr'>καὶ</span> <span class='ocrx_word' id='word_1_365' title='bbox 3393 2473 3421 2528; x_wconf 93' lang='lat'><strong>6</strong></span> <span class='ocrx_word' id='word_1_366' title='bbox 3450 2469 3733 2549; x_wconf 87' lang='grc' dir='ltr'>προδότης,</span> 
     </span>
    </p>
   </div>
   <div class='ocr_carea' id='block_1_54' title="bbox 2104 2560 3739 2644">
    <p class='ocr_par' dir='ltr' id='par_1_54' title="bbox 2104 2560 3739 2644">
     <span class='ocr_line' id='line_1_54' title="bbox 2104 2560 3739 2644; baseline -0.002 -26"><span class='ocrx_word' id='word_1_367' title='bbox 2104 2564 2199 2618; x_wconf 84' lang='grc' dir='ltr'>Καὶ</span> <span class='ocrx_word' id='word_1_368' title='bbox 2254 2577 2398 2642; x_wconf 76' lang='grc' dir='ltr'>τρεῖς</span> <span class='ocrx_word' id='word_1_369' title='bbox 2456 2566 2716 2644; x_wconf 86' lang='grc' dir='ltr'>Σίμωνες,</span> <span class='ocrx_word' id='word_1_370' title='bbox 2774 2565 2801 2620; x_wconf 91' lang='lat'><strong>6</strong></span> <span class='ocrx_word' id='word_1_371' title='bbox 2839 2565 3055 2642; x_wconf 80' lang='grc' dir='ltr'>Πέτρος,</span> <span class='ocrx_word' id='word_1_372' title='bbox 3106 2564 3134 2617; x_wconf 87' lang='lat'><strong>6</strong></span> <span class='ocrx_word' id='word_1_373' title='bbox 3193 2561 3511 2634; x_wconf 83' lang='grc' dir='ltr'>Κανανίτης,</span> <span class='ocrx_word' id='word_1_374' title='bbox 3568 2560 3655 2616; x_wconf 84' lang='grc' dir='ltr'><strong>καὶ</strong></span> <span class='ocrx_word' id='word_1_375' title='bbox 3713 2561 3739 2614; x_wconf 95' lang='lat'><strong>6</strong></span> 
     </span>
    </p>
   </div>
   <div class='ocr_carea' id='block_1_55' title="bbox 2097 2648 3576 2730">
    <p class='ocr_par' dir='ltr' id='par_1_55' title="bbox 2097 2648 3576 2730">
     <span class='ocr_line' id='line_1_55' title="bbox 2097 2648 3576 2730; baseline -0.001 -25"><span class='ocrx_word' id='word_1_376' title='bbox 2097 2648 2381 2728; x_wconf 83' lang='grc' dir='ltr'>προδότης,</span> <span class='ocrx_word' id='word_1_377' title='bbox 2413 2654 2591 2728; x_wconf 82' lang='grc' dir='ltr'>Σίμων</span> <span class='ocrx_word' id='word_1_378' title='bbox 2622 2654 2720 2730; x_wconf 78' lang='grc' dir='ltr'>γὰρ</span> <span class='ocrx_word' id='word_1_379' title='bbox 2743 2650 2937 2715; x_wconf 79' lang='grc' dir='ltr'>Ἰούδας</span> <span class='ocrx_word' id='word_1_380' title='bbox 2968 2651 3306 2728; x_wconf 81' lang='grc' dir='ltr'>Ἰσκαριώτης</span> <span class='ocrx_word' id='word_1_381' title='bbox 3337 2648 3576 2726; x_wconf 62' lang='grc' dir='ltr'>ἐλέγετο,</span> 
     </span>
    </p>
   </div>
   <div class='ocr_carea' id='block_1_56' title="bbox 2181 2738 3736 2815">
    <p class='ocr_par' dir='ltr' id='par_1_56' title="bbox 2181 2738 3736 2815">
     <span class='ocr_line' id='line_1_56' title="bbox 2181 2738 3736 2815; baseline -0.003 -19"><span class='ocrx_word' id='word_1_382' title='bbox 2181 2761 2203 2796; x_wconf 77' lang='grc' dir='ltr'>ι</span> <span class='ocrx_word' id='word_1_383' title='bbox 2241 2742 2461 2807; x_wconf 79' lang='grc' dir='ltr'>Τούτους</span> <span class='ocrx_word' id='word_1_384' title='bbox 2514 2745 2632 2804; x_wconf 80' lang='grc' dir='ltr'>τοὺς</span> <span class='ocrx_word' id='word_1_385' title='bbox 2690 2739 2890 2796; x_wconf 86' lang='grc' dir='ltr'>δώδεκα</span> <span class='ocrx_word' id='word_1_386' title='bbox 2947 2738 3250 2796; x_wconf 75' lang='grc' dir='ltr'>ἀπέστειλεν</span> <span class='ocrx_word' id='word_1_387' title='bbox 3274 2739 3302 2794; x_wconf 91' lang='lat'><strong>6</strong></span> <span class='ocrx_word' id='word_1_388' title='bbox 3336 2738 3561 2810; x_wconf 82' lang='grc' dir='ltr'>Ἰησοῦς,</span> <span class='ocrx_word' id='word_1_389' title='bbox 3597 2759 3736 2815; x_wconf 85' lang='grc' dir='ltr'>παρ-</span> 
     </span>
    </p>
   </div>
   <div class='ocr_carea' id='block_1_57' title="bbox 2095 2825 3735 2908">
    <p class='ocr_par' dir='ltr' id='par_1_57' title="bbox 2095 2825 3735 2908">
     <span class='ocr_line' id='line_1_57' title="bbox 2095 2825 3735 2908; baseline -0.002 -25"><span class='ocrx_word' id='word_1_390' title='bbox 2095 2827 2342 2906; x_wconf 75' lang='grc' dir='ltr'>αγγείλας</span> <span class='ocrx_word' id='word_1_391' title='bbox 2392 2831 2595 2908; x_wconf 75' lang='grc' dir='ltr'>αὒτοϊς,</span> <span class='ocrx_word' id='word_1_392' title='bbox 2643 2828 2832 2907; x_wconf 79' lang='grc' dir='ltr'>λέγων·</span> <span class='ocrx_word' id='word_1_393' title='bbox 2891 2831 2978 2892; x_wconf 83' lang='grc' dir='ltr'><strong>Εἷς</strong></span> <span class='ocrx_word' id='word_1_394' title='bbox 3035 2826 3152 2884; x_wconf 81' lang='grc' dir='ltr'>ὁδὸν</span> <span class='ocrx_word' id='word_1_395' title='bbox 3214 2825 3373 2883; x_wconf 77' lang='grc' dir='ltr'>ἐθνῶν</span> <span class='ocrx_word' id='word_1_396' title='bbox 3429 2825 3508 2899; x_wconf 74' lang='grc' dir='ltr'>μὴ</span> <span class='ocrx_word' id='word_1_397' title='bbox 3565 2825 3735 2880; x_wconf 77' lang='grc' dir='ltr'>ἀπέλ-</span> 
     </span>
    </p>
   </div>
   <div class='ocr_carea' id='block_1_58' title="bbox 368 2913 2011 2997">
    <p class='ocr_par' dir='ltr' id='par_1_58' title="bbox 368 2916 2011 2997">
     <span class='ocr_line' id='line_1_58' title="bbox 368 2916 2011 2997; baseline 0.002 -21"><span class='ocrx_word' id='word_1_398' title='bbox 368 2916 466 2996; x_wconf 82' lang='lat' dir='ltr'><strong>tis,</strong></span> <span class='ocrx_word' id='word_1_399' title='bbox 502 2917 636 2976; x_wconf 90' lang='lat' dir='ltr'><strong>etin</strong></span> <span class='ocrx_word' id='word_1_400' title='bbox 667 2919 957 2979; x_wconf 88' lang='lat' dir='ltr'><strong>civitatem</strong></span> <span class='ocrx_word' id='word_1_401' title='bbox 991 2917 1493 2980; x_wconf 84' lang='lat' dir='ltr'><strong>Samaritanorum</strong></span> <span class='ocrx_word' id='word_1_402' title='bbox 1525 2939 1596 2979; x_wconf 92' lang='lat' dir='ltr'><strong>ne</strong></span> <span class='ocrx_word' id='word_1_403' title='bbox 1634 2921 2011 2997; x_wconf 86' lang='lat' dir='ltr'><strong>ingrediami-</strong></span> 
     </span>
    </p>
   </div>
   <div class='ocr_carea' id='block_1_59' title="bbox 2106 2913 3731 2997">
    <p class='ocr_par' dir='ltr' id='par_1_59' title="bbox 2106 2913 3731 2996">
     <span class='ocr_line' id='line_1_59' title="bbox 2106 2913 3731 2996; baseline -0.002 -24"><span class='ocrx_word' id='word_1_404' title='bbox 2106 2925 2237 2996; x_wconf 80' lang='grc' dir='ltr'>)·ητε,</span> <span class='ocrx_word' id='word_1_405' title='bbox 2298 2919 2385 2972; x_wconf 81' lang='grc' dir='ltr'><strong>καὶ</strong></span> <span class='ocrx_word' id='word_1_406' title='bbox 2440 2919 2512 2980; x_wconf 81' lang='grc' dir='ltr'>εἷς</span> <span class='ocrx_word' id='word_1_407' title='bbox 2569 2916 2723 2974; x_wconf 75' lang='grc' dir='ltr'>πόλιν</span> <span class='ocrx_word' id='word_1_408' title='bbox 2755 2921 3100 2994; x_wconf 82' lang='grc' dir='ltr'>Σαμαρειτῶν</span> <span class='ocrx_word' id='word_1_409' title='bbox 3148 2915 3226 2990; x_wconf 78' lang='grc' dir='ltr'>μὴ</span> <span class='ocrx_word' id='word_1_410' title='bbox 3282 2913 3570 2980; x_wconf 79' lang='grc' dir='ltr'>εἰσέλθητε·</span> <span class='ocrx_word' id='word_1_411' title='bbox 3627 2934 3731 2969; x_wconf 90' lang='grc' dir='ltr'>πο-</span> 
     </span>
    </p>
   </div>
   <div class='ocr_carea' id='block_1_60' title="bbox 369 3005 2002 3086">
    <p class='ocr_par' dir='ltr' id='par_1_60' title="bbox 369 3005 2002 3086">
     <span class='ocr_line' id='line_1_60' title="bbox 369 3005 2002 3086; baseline 0.001 -22"><span class='ocrx_word' id='word_1_412' title='bbox 369 3005 468 3066; x_wconf 89' lang='lat' dir='ltr'><strong>ni:</strong></span> <span class='ocrx_word' id='word_1_413' title='bbox 493 3005 595 3066; x_wconf 87' lang='lat' dir='ltr'><strong>sed</strong></span> <span class='ocrx_word' id='word_1_414' title='bbox 648 3007 727 3066; x_wconf 87' lang='lat' dir='ltr'><strong>ite</strong></span> <span class='ocrx_word' id='word_1_415' title='bbox 760 3008 948 3085; x_wconf 81' lang='lat' dir='ltr'><strong>potius</strong></span> <span class='ocrx_word' id='word_1_416' title='bbox 978 3010 1047 3068; x_wconf 82' lang='lat' dir='ltr'><strong>ad</strong></span> <span class='ocrx_word' id='word_1_417' title='bbox 1084 3027 1220 3068; x_wconf 89' lang='lat' dir='ltr'><strong>oves</strong></span> <span class='ocrx_word' id='word_1_418' title='bbox 1257 3009 1520 3086; x_wconf 86' lang='lat' dir='ltr'><strong>perditas</strong></span> <span class='ocrx_word' id='word_1_419' title='bbox 1551 3009 1764 3068; x_wconf 90' lang='lat' dir='ltr'><strong>domus</strong></span> <span class='ocrx_word' id='word_1_420' title='bbox 1801 3011 2002 3070; x_wconf 87' lang='lat' dir='ltr'><strong>Israel.</strong></span> 
     </span>
    </p>
   </div>
   <div class='ocr_carea' id='block_1_61' title="bbox 368 3092 2005 3176">
    <p class='ocr_par' dir='ltr' id='par_1_61' title="bbox 368 3092 2005 3176">
     <span class='ocr_line' id='line_1_61' title="bbox 368 3092 2005 3176; baseline 0.001 -21"><span class='ocrx_word' id='word_1_421' title='bbox 368 3092 813 3156; x_wconf 84' lang='lat' dir='ltr'><strong>Proficiscentes</strong></span> <span class='ocrx_word' id='word_1_422' title='bbox 843 3105 1034 3157; x_wconf 90' lang='lat' dir='ltr'><strong>autem</strong></span> <span class='ocrx_word' id='word_1_423' title='bbox 1064 3097 1399 3175; x_wconf 67' lang='lat' dir='ltr'><strong>praedicam,</strong></span> <span class='ocrx_word' id='word_1_424' title='bbox 1419 3097 1686 3156; x_wconf 84' lang='lat' dir='ltr'><strong>dicentes</strong></span> <span class='ocrx_word' id='word_1_425' title='bbox 1721 3119 1731 3153; x_wconf 95' lang='lat'>:</span> <span class='ocrx_word' id='word_1_426' title='bbox 1763 3100 2005 3176; x_wconf 87' lang='lat' dir='ltr'><strong>Appro-</strong></span> 
     </span>
    </p>
   </div>
   <div class='ocr_carea' id='block_1_62' title="bbox 370 3182 2008 3264">
    <p class='ocr_par' dir='ltr' id='par_1_62' title="bbox 370 3182 2008 3264">
     <span class='ocr_line' id='line_1_62' title="bbox 370 3182 2008 3264; baseline 0.002 -22"><span class='ocrx_word' id='word_1_427' title='bbox 370 3182 925 3262; x_wconf 85' lang='lat' dir='ltr'><strong>pinquavitregnum</strong></span> <span class='ocrx_word' id='word_1_428' title='bbox 960 3187 1265 3246; x_wconf 68' lang='lat' dir='ltr'><strong>caalorum.</strong></span> <span class='ocrx_word' id='word_1_429' title='bbox 1296 3212 1316 3241; x_wconf 78' lang='grc' dir='ltr'><strong><em>ι</em></strong></span> <span class='ocrx_word' id='word_1_430' title='bbox 1355 3184 1491 3256; x_wconf 78' lang='lat' dir='ltr'><strong>Hos,</strong></span> <span class='ocrx_word' id='word_1_431' title='bbox 1520 3185 1775 3264; x_wconf 79' lang='lat' dir='ltr'><strong>quales?</strong></span> <span class='ocrx_word' id='word_1_432' title='bbox 1810 3185 2008 3247; x_wconf 89' lang='lat' dir='ltr'><strong>Pisca-</strong></span> 
     </span>
    </p>
   </div>
   <div class='ocr_carea' id='block_1_63' title="bbox 371 3273 2010 3352">
    <p class='ocr_par' dir='ltr' id='par_1_63' title="bbox 371 3273 2010 3352">
     <span class='ocr_line' id='line_1_63' title="bbox 371 3273 2010 3352; baseline 0.004 -23"><span class='ocrx_word' id='word_1_433' title='bbox 371 3277 547 3342; x_wconf 88' lang='lat' dir='ltr'><strong>tores,</strong></span> <span class='ocrx_word' id='word_1_434' title='bbox 583 3273 871 3349; x_wconf 85' lang='lat' dir='ltr'><strong>vulgares,</strong></span> <span class='ocrx_word' id='word_1_435' title='bbox 915 3274 1280 3352; x_wconf 89' lang='lat' dir='ltr'><strong>publicanos.</strong></span> <span class='ocrx_word' id='word_1_436' title='bbox 1341 3273 1603 3335; x_wconf 85' lang='lat' dir='ltr'><strong>Primum</strong></span> <span class='ocrx_word' id='word_1_437' title='bbox 1661 3282 1854 3334; x_wconf 91' lang='lat' dir='ltr'><strong>autem</strong></span> <span class='ocrx_word' id='word_1_438' title='bbox 1909 3294 2010 3336; x_wconf 92' lang='lat' dir='ltr'><strong>eos</strong></span> 
     </span>
    </p>
   </div>
   <div class='ocr_carea' id='block_1_64' title="bbox 372 3359 2008 3441">
    <p class='ocr_par' dir='ltr' id='par_1_64' title="bbox 372 3359 2008 3441">
     <span class='ocr_line' id='line_1_64' title="bbox 372 3359 2008 3441; baseline 0.004 -23"><span class='ocrx_word' id='word_1_439' title='bbox 372 3360 530 3420; x_wconf 91' lang='lat' dir='ltr'><strong>misit</strong></span> <span class='ocrx_word' id='word_1_440' title='bbox 553 3361 626 3419; x_wconf 89' lang='lat' dir='ltr'><strong>ad</strong></span> <span class='ocrx_word' id='word_1_441' title='bbox 662 3359 920 3434; x_wconf 73' lang='lat' dir='ltr'><strong>Judzeos,</strong></span> <span class='ocrx_word' id='word_1_442' title='bbox 973 3382 1046 3422; x_wconf 88' lang='lat' dir='ltr'><strong>ne</strong></span> <span class='ocrx_word' id='word_1_443' title='bbox 1087 3363 1288 3422; x_wconf 88' lang='lat' dir='ltr'><strong>dicere</strong></span> <span class='ocrx_word' id='word_1_444' title='bbox 1320 3371 1581 3441; x_wconf 81' lang='lat' dir='ltr'><strong>queant:</strong></span> <span class='ocrx_word' id='word_1_445' title='bbox 1611 3361 1900 3433; x_wconf 86' lang='lat' dir='ltr'><strong>Quoniam</strong></span> <span class='ocrx_word' id='word_1_446' title='bbox 1937 3365 2008 3425; x_wconf 86' lang='lat' dir='ltr'><strong>ad</strong></span> 
     </span>
    </p>
   </div>
   <div class='ocr_carea' id='block_1_65' title="bbox 372 3449 2007 3530">
    <p class='ocr_par' dir='ltr' id='par_1_65' title="bbox 372 3449 2007 3530">
     <span class='ocr_line' id='line_1_65' title="bbox 372 3449 2007 3530; baseline 0.004 -23"><span class='ocrx_word' id='word_1_447' title='bbox 372 3449 616 3525; x_wconf 82' lang='lat' dir='ltr'><strong>gentiles</strong></span> <span class='ocrx_word' id='word_1_448' title='bbox 647 3449 811 3508; x_wconf 88' lang='lat' dir='ltr'><strong>missi</strong></span> <span class='ocrx_word' id='word_1_449' title='bbox 842 3450 1097 3523; x_wconf 83' lang='lat' dir='ltr'><strong>fuerunt,</strong></span> <span class='ocrx_word' id='word_1_450' title='bbox 1129 3451 1348 3512; x_wconf 90' lang='lat' dir='ltr'><strong>idcirco</strong></span> <span class='ocrx_word' id='word_1_451' title='bbox 1374 3470 1480 3511; x_wconf 87' lang='lat' dir='ltr'><strong>nos</strong></span> <span class='ocrx_word' id='word_1_452' title='bbox 1502 3449 1692 3512; x_wconf 64' lang='lat' dir='ltr'><strong>Judaei</strong></span> <span class='ocrx_word' id='word_1_453' title='bbox 1721 3452 1860 3530; x_wconf 89' lang='lat' dir='ltr'><strong>jure</strong></span> <span class='ocrx_word' id='word_1_454' title='bbox 1891 3473 2007 3514; x_wconf 93' lang='lat' dir='ltr'><strong>non</strong></span> 
     </span>
    </p>
   </div>
   <div class='ocr_carea' id='block_1_66' title="bbox 371 3537 2008 3617">
    <p class='ocr_par' dir='ltr' id='par_1_66' title="bbox 371 3537 2008 3617">
     <span class='ocr_line' id='line_1_66' title="bbox 371 3537 2008 3617; baseline 0.004 -21"><span class='ocrx_word' id='word_1_455' title='bbox 371 3537 753 3599; x_wconf 87' lang='lat' dir='ltr'><strong>credidimus.</strong></span> <span class='ocrx_word' id='word_1_456' title='bbox 787 3540 1057 3599; x_wconf 87' lang='lat' dir='ltr'><strong>Destituit</strong></span> <span class='ocrx_word' id='word_1_457' title='bbox 1087 3540 1259 3616; x_wconf 81' lang='lat' dir='ltr'><strong>igitur</strong></span> <span class='ocrx_word' id='word_1_458' title='bbox 1289 3542 1518 3601; x_wconf 66' lang='lat' dir='ltr'><strong>Judaaos</strong></span> <span class='ocrx_word' id='word_1_459' title='bbox 1551 3539 1711 3617; x_wconf 82' lang='lat' dir='ltr'><strong>omni</strong></span> <span class='ocrx_word' id='word_1_460' title='bbox 1761 3559 2008 3602; x_wconf 60' lang='lat' dir='ltr'><strong>exi-usa-</strong></span> 
     </span>
    </p>
   </div>
   <div class='ocr_carea' id='block_1_67' title="bbox 375 3623 2006 3705">
    <p class='ocr_par' dir='ltr' id='par_1_67' title="bbox 375 3623 2006 3705">
     <span class='ocr_line' id='line_1_67' title="bbox 375 3623 2006 3705; baseline 0.005 -23"><span class='ocrx_word' id='word_1_461' title='bbox 375 3623 554 3686; x_wconf 89' lang='lat' dir='ltr'><strong>tione.</strong></span> <span class='ocrx_word' id='word_1_462' title='bbox 606 3627 917 3704; x_wconf 81' lang='lat' dir='ltr'><strong>Conjungit</strong></span> <span class='ocrx_word' id='word_1_463' title='bbox 963 3639 1160 3688; x_wconf 86' lang='lat' dir='ltr'><strong>autem</strong></span> <span class='ocrx_word' id='word_1_464' title='bbox 1219 3627 1617 3688; x_wconf 73' lang='lat' dir='ltr'><strong>Samaritanus</strong></span> <span class='ocrx_word' id='word_1_465' title='bbox 1660 3629 2006 3705; x_wconf 86' lang='lat' dir='ltr'><strong>gentilibus.</strong></span> 
     </span>
    </p>
   </div>
   <div class='ocr_carea' id='block_1_68' title="bbox 373 3713 2011 3794">
    <p class='ocr_par' dir='ltr' id='par_1_68' title="bbox 373 3713 2011 3794">
     <span class='ocr_line' id='line_1_68' title="bbox 373 3713 2011 3794; baseline 0.003 -21"><span class='ocrx_word' id='word_1_466' title='bbox 373 3713 646 3792; x_wconf 87' lang='lat' dir='ltr'><strong>quoniam</strong></span> <span class='ocrx_word' id='word_1_467' title='bbox 680 3715 1193 3794; x_wconf 85' lang='lat' dir='ltr'><strong>Babyloniierant,</strong></span> <span class='ocrx_word' id='word_1_468' title='bbox 1229 3717 1375 3792; x_wconf 77' lang='lat' dir='ltr'><strong>etin</strong></span> <span class='ocrx_word' id='word_1_469' title='bbox 1417 3717 1618 3776; x_wconf 75' lang='lat' dir='ltr'><strong>Judtea</strong></span> <span class='ocrx_word' id='word_1_470' title='bbox 1650 3718 2011 3778; x_wconf 87' lang='lat' dir='ltr'><strong>domicilium</strong></span> 
     </span>
    </p>
   </div>
   <div class='ocr_carea' id='block_1_69' title="bbox 371 3800 2015 3883">
    <p class='ocr_par' dir='ltr' id='par_1_69' title="bbox 371 3800 2015 3883">
     <span class='ocr_line' id='line_1_69' title="bbox 371 3800 2015 3883; baseline 0.004 -22"><span class='ocrx_word' id='word_1_471' title='bbox 371 3800 684 3873; x_wconf 86' lang='lat' dir='ltr'><strong>habebant,</strong></span> <span class='ocrx_word' id='word_1_472' title='bbox 727 3803 1152 3882; x_wconf 82' lang='lat' dir='ltr'><strong>prophetasque</strong></span> <span class='ocrx_word' id='word_1_473' title='bbox 1180 3823 1295 3863; x_wconf 88' lang='lat' dir='ltr'><strong>non</strong></span> <span class='ocrx_word' id='word_1_474' title='bbox 1326 3805 1713 3883; x_wconf 84' lang='lat' dir='ltr'><strong>recipiebant,</strong></span> <span class='ocrx_word' id='word_1_475' title='bbox 1752 3806 1857 3866; x_wconf 91' lang='lat' dir='ltr'><strong>sed</strong></span> <span class='ocrx_word' id='word_1_476' title='bbox 1892 3821 2015 3867; x_wconf 84' lang='lat' dir='ltr'><strong>tau-</strong></span> 
     </span>
    </p>
   </div>
   <div class='ocr_carea' id='block_1_70' title="bbox 375 3891 2014 3973">
    <p class='ocr_par' dir='ltr' id='par_1_70' title="bbox 375 3891 2014 3973">
     <span class='ocr_line' id='line_1_70' title="bbox 375 3891 2014 3973; baseline 0.004 -24"><span class='ocrx_word' id='word_1_477' title='bbox 375 3891 679 3950; x_wconf 90' lang='lat' dir='ltr'><strong>tummodo</strong></span> <span class='ocrx_word' id='word_1_478' title='bbox 721 3892 979 3972; x_wconf 91' lang='lat' dir='ltr'><strong>quinque</strong></span> <span class='ocrx_word' id='word_1_479' title='bbox 1025 3893 1208 3952; x_wconf 83' lang='lat' dir='ltr'><strong>libros</strong></span> <span class='ocrx_word' id='word_1_480' title='bbox 1243 3891 1472 3972; x_wconf 77' lang='lat' dir='ltr'><strong>Moysis.</strong></span> <span class='ocrx_word' id='word_1_481' title='bbox 1526 3897 1712 3953; x_wconf 86' lang='lat' dir='ltr'><strong>Porro</strong></span> <span class='ocrx_word' id='word_1_482' title='bbox 1762 3911 1867 3973; x_wconf 89' lang='lat' dir='ltr'><strong>per</strong></span> <span class='ocrx_word' id='word_1_483' title='bbox 1912 3913 2014 3955; x_wconf 87' lang='lat' dir='ltr'><strong>re-</strong></span> 
     </span>
    </p>
   </div>
   <div class='ocr_carea' id='block_1_71' title="bbox 373 3979 2009 4059">
    <p class='ocr_par' dir='ltr' id='par_1_71' title="bbox 373 3979 2009 4059">
     <span class='ocr_line' id='line_1_71' title="bbox 373 3979 2009 4059; baseline 0.005 -23"><span class='ocrx_word' id='word_1_484' title='bbox 373 3996 551 4055; x_wconf 81' lang='lat' dir='ltr'><strong>gnum</strong></span> <span class='ocrx_word' id='word_1_485' title='bbox 604 3979 909 4053; x_wconf 66' lang='lat' dir='ltr'><strong>caelorum,</strong></span> <span class='ocrx_word' id='word_1_486' title='bbox 955 3981 1280 4052; x_wconf 81' lang='lat' dir='ltr'><strong>futurorum</strong></span> <span class='ocrx_word' id='word_1_487' title='bbox 1331 3981 1590 4059; x_wconf 85' lang='lat' dir='ltr'><strong>intellige</strong></span> <span class='ocrx_word' id='word_1_488' title='bbox 1645 3981 2009 4044; x_wconf 90' lang='lat' dir='ltr'><strong>fruitionem.</strong></span> 
     </span>
    </p>
   </div>
   <div class='ocr_carea' id='block_1_72' title="bbox 372 4068 1562 4143">
    <p class='ocr_par' dir='ltr' id='par_1_72' title="bbox 372 4068 1562 4143">
     <span class='ocr_line' id='line_1_72' title="bbox 372 4068 1562 4143; baseline 0.003 -17"><span class='ocrx_word' id='word_1_489' title='bbox 372 4068 575 4128; x_wconf 82' lang='lat' dir='ltr'><strong>Armat</strong></span> <span class='ocrx_word' id='word_1_490' title='bbox 594 4076 790 4128; x_wconf 88' lang='lat' dir='ltr'><strong>autem</strong></span> <span class='ocrx_word' id='word_1_491' title='bbox 822 4086 925 4129; x_wconf 90' lang='lat' dir='ltr'><strong>eos</strong></span> <span class='ocrx_word' id='word_1_492' title='bbox 955 4069 1278 4143; x_wconf 86' lang='lat' dir='ltr'><strong>miraculis,</strong></span> <span class='ocrx_word' id='word_1_493' title='bbox 1315 4069 1521 4130; x_wconf 85' lang='lat' dir='ltr'><strong>dicens</strong></span> <span class='ocrx_word' id='word_1_494' title='bbox 1550 4089 1562 4130; x_wconf 93' lang='lat'><strong>:</strong></span> 
     </span>
    </p>
   </div>
   <div class='ocr_carea' id='block_1_73' title="bbox 453 4242 2008 4326">
    <p class='ocr_par' dir='ltr' id='par_1_73' title="bbox 453 4242 2008 4326">
     <span class='ocr_line' id='line_1_73' title="bbox 453 4242 2008 4326; baseline 0.001 -20"><span class='ocrx_word' id='word_1_495' title='bbox 453 4242 634 4307; x_wconf 80' lang='lat' dir='ltr'><strong>VERS.</strong></span> <span class='ocrx_word' id='word_1_496' title='bbox 666 4247 725 4308; x_wconf 91' lang='lat'><strong>7.</strong></span> <span class='ocrx_word' id='word_1_497' title='bbox 769 4268 790 4302; x_wconf 77' lang='grc' dir='ltr'>α</span> <span class='ocrx_word' id='word_1_498' title='bbox 826 4247 1094 4308; x_wconf 82' lang='lat' dir='ltr'><strong>lntirmos</strong></span> <span class='ocrx_word' id='word_1_499' title='bbox 1126 4256 1346 4320; x_wconf 90' lang='lat' dir='ltr'><strong>sanate,</strong></span> <span class='ocrx_word' id='word_1_500' title='bbox 1391 4248 1658 4326; x_wconf 89' lang='lat' dir='ltr'><strong>leprosos</strong></span> <span class='ocrx_word' id='word_1_501' title='bbox 1703 4246 2008 4323; x_wconf 86' lang='lat' dir='ltr'><strong>inundate,</strong></span> 
     </span>
    </p>
   </div>
   <div class='ocr_carea' id='block_1_74' title="bbox 375 4331 2004 4415">
    <p class='ocr_par' dir='ltr' id='par_1_74' title="bbox 375 4331 2004 4415">
     <span class='ocr_line' id='line_1_74' title="bbox 375 4331 2004 4415; baseline 0.001 -24"><span class='ocrx_word' id='word_1_502' title='bbox 375 4331 672 4394; x_wconf 65' lang='lat' dir='ltr'><strong>demones</strong></span> <span class='ocrx_word' id='word_1_503' title='bbox 717 4335 934 4414; x_wconf 87' lang='lat' dir='ltr'><strong>ejicite.</strong></span> <span class='ocrx_word' id='word_1_504' title='bbox 966 4336 1154 4398; x_wconf 88' lang='lat' dir='ltr'><strong>Gratis</strong></span> <span class='ocrx_word' id='word_1_505' title='bbox 1196 4335 1526 4415; x_wconf 90' lang='lat' dir='ltr'><strong>accepistis,</strong></span> <span class='ocrx_word' id='word_1_506' title='bbox 1575 4335 1755 4413; x_wconf 87' lang='lat' dir='ltr'><strong>gratis</strong></span> <span class='ocrx_word' id='word_1_507' title='bbox 1783 4336 1938 4397; x_wconf 87' lang='lat' dir='ltr'><strong>date.</strong></span> <span class='ocrx_word' id='word_1_508' title='bbox 1982 4360 2004 4393; x_wconf 72' lang='grc' dir='ltr'><strong>υ</strong></span> 
     </span>
    </p>
   </div>
   <div class='ocr_carea' id='block_1_75' title="bbox 2092 3001 3731 3085">
    <p class='ocr_par' dir='ltr' id='par_1_75' title="bbox 2092 3001 3731 3085">
     <span class='ocr_line' id='line_1_75' title="bbox 2092 3001 3731 3085; baseline -0.002 -25"><span class='ocrx_word' id='word_1_509' title='bbox 2092 3009 2294 3084; x_wconf 83' lang='grc' dir='ltr'>ρεύεσθε</span> <span class='ocrx_word' id='word_1_510' title='bbox 2357 3004 2411 3062; x_wconf 80' lang='grc' dir='ltr'>δὲ</span> <span class='ocrx_word' id='word_1_511' title='bbox 2469 3005 2672 3080; x_wconf 81' lang='grc' dir='ltr'>μᾶλλον</span> <span class='ocrx_word' id='word_1_512' title='bbox 2726 3007 2856 3083; x_wconf 77' lang='grc' dir='ltr'>πρὸς</span> <span class='ocrx_word' id='word_1_513' title='bbox 2904 3005 2971 3061; x_wconf 81' lang='grc' dir='ltr'><strong>τὰ</strong></span> <span class='ocrx_word' id='word_1_514' title='bbox 3011 3002 3247 3085; x_wconf 85' lang='grc' dir='ltr'>πρόϐατα</span> <span class='ocrx_word' id='word_1_515' title='bbox 3304 3005 3369 3059; x_wconf 83' lang='grc' dir='ltr'>τὰ</span> <span class='ocrx_word' id='word_1_516' title='bbox 3417 3001 3731 3060; x_wconf 81' lang='grc' dir='ltr'>ἀπολωλότα</span> 
     </span>
    </p>
   </div>
   <div class='ocr_carea' id='block_1_76' title="bbox 2095 3090 3731 3174">
    <p class='ocr_par' dir='ltr' id='par_1_76' title="bbox 2095 3090 3731 3174">
     <span class='ocr_line' id='line_1_76' title="bbox 2095 3090 3731 3174; baseline -0.001 -26"><span class='ocrx_word' id='word_1_517' title='bbox 2095 3097 2247 3152; x_wconf 75' lang='grc' dir='ltr'>οἴκου</span> <span class='ocrx_word' id='word_1_518' title='bbox 2287 3092 2520 3174; x_wconf 79' lang='grc' dir='ltr'>Ἰσραήλ.</span> <span class='ocrx_word' id='word_1_519' title='bbox 2583 3095 2930 3173; x_wconf 77' lang='grc' dir='ltr'>Πορευόμενοι</span> <span class='ocrx_word' id='word_1_520' title='bbox 3003 3092 3057 3149; x_wconf 74' lang='grc' dir='ltr'>δὲ</span> <span class='ocrx_word' id='word_1_521' title='bbox 3110 3094 3420 3172; x_wconf 79' lang='grc' dir='ltr'>κηρύσσετε,</span> <span class='ocrx_word' id='word_1_522' title='bbox 3460 3090 3731 3169; x_wconf 78' lang='grc' dir='ltr'>λέγοντες,</span> 
     </span>
    </p>
   </div>
   <div class='ocr_carea' id='block_1_77' title="bbox 2095 3180 3728 3262">
    <p class='ocr_par' dir='ltr' id='par_1_77' title="bbox 2095 3180 3728 3262">
     <span class='ocr_line' id='line_1_77' title="bbox 2095 3180 3728 3262; baseline -0.002 -25"><span class='ocrx_word' id='word_1_523' title='bbox 2095 3180 2176 3238; x_wconf 82' lang='grc' dir='ltr'><strong>ὅτι</strong></span> <span class='ocrx_word' id='word_1_524' title='bbox 2210 3183 2485 3261; x_wconf 77' lang='grc' dir='ltr'>’¹Ηγγικεν</span> <span class='ocrx_word' id='word_1_525' title='bbox 2536 3186 2570 3251; x_wconf 81' lang='grc' dir='ltr'><strong>ἡ</strong></span> <span class='ocrx_word' id='word_1_526' title='bbox 2622 3181 2862 3259; x_wconf 86' lang='grc' dir='ltr'>βασιλεία</span> <span class='ocrx_word' id='word_1_527' title='bbox 2919 3189 3026 3239; x_wconf 76' lang='grc' dir='ltr'><strong>τῶν</strong></span> <span class='ocrx_word' id='word_1_528' title='bbox 3083 3184 3334 3262; x_wconf 67' lang='grc' dir='ltr'>οὐρανῶν.</span> <span class='ocrx_word' id='word_1_529' title='bbox 3397 3202 3421 3238; x_wconf 74' lang='grc' dir='ltr'>ι</span> <span class='ocrx_word' id='word_1_530' title='bbox 3483 3181 3728 3241; x_wconf 85' lang='grc' dir='ltr'>Τούτους’</span> 
     </span>
    </p>
   </div>
   <div class='ocr_carea' id='block_1_78' title="bbox 2097 3267 3731 3347">
    <p class='ocr_par' dir='ltr' id='par_1_78' title="bbox 2097 3267 3731 3347">
     <span class='ocr_line' id='line_1_78' title="bbox 2097 3267 3731 3347; baseline -0.002 -21"><span class='ocrx_word' id='word_1_531' title='bbox 2097 3277 2326 3347; x_wconf 72' lang='grc' dir='ltr'>ποίουςτ,</span> <span class='ocrx_word' id='word_1_532' title='bbox 2387 3273 2516 3337; x_wconf 77' lang='grc' dir='ltr'>Τοὺς</span> <span class='ocrx_word' id='word_1_533' title='bbox 2569 3271 2768 3346; x_wconf 79' lang='grc' dir='ltr'>ἁλιεῖς,</span> <span class='ocrx_word' id='word_1_534' title='bbox 2833 3275 2956 3335; x_wconf 81' lang='grc' dir='ltr'>τοὺς</span> <span class='ocrx_word' id='word_1_535' title='bbox 3011 3269 3248 3345; x_wconf 73' lang='grc' dir='ltr'>ἰδιώτας,</span> <span class='ocrx_word' id='word_1_536' title='bbox 3305 3271 3426 3333; x_wconf 83' lang='grc' dir='ltr'>τοὺς</span> <span class='ocrx_word' id='word_1_537' title='bbox 3476 3267 3731 3332; x_wconf 82' lang='grc' dir='ltr'>τελώνας,</span> 
     </span>
    </p>
   </div>
   <div class='ocr_carea' id='block_1_79' title="bbox 2098 3357 3739 3438">
    <p class='ocr_par' dir='ltr' id='par_1_79' title="bbox 2098 3357 3739 3438">
     <span class='ocr_line' id='line_1_79' title="bbox 2098 3357 3739 3438; baseline -0.001 -24"><span class='ocrx_word' id='word_1_538' title='bbox 2098 3360 2516 3438; x_wconf 86' lang='grc' dir='ltr'>Προηγουμένως</span> <span class='ocrx_word' id='word_1_539' title='bbox 2573 3361 2628 3418; x_wconf 77' lang='grc' dir='ltr'>δὲ</span> <span class='ocrx_word' id='word_1_540' title='bbox 2686 3375 2804 3426; x_wconf 74' lang='grc' dir='ltr'>τοῖς</span> <span class='ocrx_word' id='word_1_541' title='bbox 2871 3359 3138 3424; x_wconf 84' lang='grc' dir='ltr'>Ἰουδαίοις</span> <span class='ocrx_word' id='word_1_542' title='bbox 3192 3357 3503 3417; x_wconf 73' lang='grc' dir='ltr'>ἀποστέλλει</span> <span class='ocrx_word' id='word_1_543' title='bbox 3532 3359 3739 3436; x_wconf 74' lang='grc' dir='ltr'>αὖτοὺς,</span> 
     </span>
    </p>
   </div>
   <div class='ocr_carea' id='block_1_80' title="bbox 2092 3446 3742 3531">
    <p class='ocr_par' dir='ltr' id='par_1_80' title="bbox 2092 3446 3742 3531">
     <span class='ocr_line' id='line_1_80' title="bbox 2092 3446 3742 3531; baseline -0.006 -17"><span class='ocrx_word' id='word_1_544' title='bbox 2092 3447 2184 3503; x_wconf 67' lang='grc' dir='ltr'>ἵνα</span> <span class='ocrx_word' id='word_1_545' title='bbox 2243 3453 2320 3524; x_wconf 78' lang='grc' dir='ltr'>μή</span> <span class='ocrx_word' id='word_1_546' title='bbox 2379 3450 2555 3531; x_wconf 77' lang='grc' dir='ltr'>ἔχωσι</span> <span class='ocrx_word' id='word_1_547' title='bbox 2602 3450 2777 3529; x_wconf 80' lang='grc' dir='ltr'>λέγειν</span> <span class='ocrx_word' id='word_1_548' title='bbox 2802 3449 2882 3507; x_wconf 78' lang='grc' dir='ltr'>ὅτι</span> <span class='ocrx_word' id='word_1_549' title='bbox 2913 3452 3046 3528; x_wconf 75' lang='grc' dir='ltr'>πρὸς</span> <span class='ocrx_word' id='word_1_550' title='bbox 3092 3451 3213 3514; x_wconf 76' lang='grc' dir='ltr'>τοὺς</span> <span class='ocrx_word' id='word_1_551' title='bbox 3243 3448 3477 3512; x_wconf 82' lang='grc' dir='ltr'>ἒθνικοὺς</span> <span class='ocrx_word' id='word_1_552' title='bbox 3506 3446 3742 3504; x_wconf 76' lang='grc' dir='ltr'>ἀπεστά-</span> 
     </span>
    </p>
   </div>
   <div class='ocr_carea' id='block_1_81' title="bbox 2093 3535 3802 3614">
    <p class='ocr_par' dir='ltr' id='par_1_81' title="bbox 2093 3535 3802 3614">
     <span class='ocr_line' id='line_1_81' title="bbox 2093 3535 3802 3614; baseline 0.001 -23"><span class='ocrx_word' id='word_1_553' title='bbox 2093 3535 2285 3611; x_wconf 84' lang='grc' dir='ltr'>λησαν,</span> <span class='ocrx_word' id='word_1_554' title='bbox 2347 3542 2432 3595; x_wconf 85' lang='grc' dir='ltr'><strong>καὶ</strong></span> <span class='ocrx_word' id='word_1_555' title='bbox 2489 3538 2572 3597; x_wconf 76' lang='grc' dir='ltr'><strong>διὰ</strong></span> <span class='ocrx_word' id='word_1_556' title='bbox 2629 3546 2784 3596; x_wconf 84' lang='grc' dir='ltr'>τοῦτο</span> <span class='ocrx_word' id='word_1_557' title='bbox 2811 3541 2974 3614; x_wconf 80' lang='grc' dir='ltr'>ἡμεῖς</span> <span class='ocrx_word' id='word_1_558' title='bbox 3005 3541 3053 3594; x_wconf 79' lang='grc' dir='ltr'>οἱ</span> <span class='ocrx_word' id='word_1_559' title='bbox 3088 3536 3340 3596; x_wconf 79' lang='grc' dir='ltr'>Ἰουδαῖοι</span> <span class='ocrx_word' id='word_1_560' title='bbox 3372 3539 3464 3594; x_wconf 81' lang='grc' dir='ltr'>οὒκ</span> <span class='ocrx_word' id='word_1_561' title='bbox 3501 3535 3744 3592; x_wconf 75' lang='grc' dir='ltr'>ἑπιστεύ-</span> <span class='ocrx_word' id='word_1_562' title='bbox 3799 3535 3802 3539; x_wconf 66' lang='grc'><em>’</em></span> 
     </span>
    </p>
   </div>
   <div class='ocr_carea' id='block_1_82' title="bbox 2096 3622 3743 3707">
    <p class='ocr_par' dir='ltr' id='par_1_82' title="bbox 2096 3622 3743 3707">
     <span class='ocr_line' id='line_1_82' title="bbox 2096 3622 3743 3707; baseline 0.001 -27"><span class='ocrx_word' id='word_1_563' title='bbox 2096 3647 2284 3700; x_wconf 85' lang='grc' dir='ltr'>σαμεν.</span> <span class='ocrx_word' id='word_1_564' title='bbox 2367 3625 2815 3707; x_wconf 73' lang='grc' dir='ltr'>Ἀπροφασίστους</span> <span class='ocrx_word' id='word_1_565' title='bbox 2899 3628 2991 3684; x_wconf 78' lang='grc' dir='ltr'>οὖν</span> <span class='ocrx_word' id='word_1_566' title='bbox 3065 3627 3189 3689; x_wconf 88' lang='grc' dir='ltr'>τούς</span> <span class='ocrx_word' id='word_1_567' title='bbox 3240 3622 3514 3687; x_wconf 86' lang='grc' dir='ltr'>Ἰουδαίους</span> <span class='ocrx_word' id='word_1_568' title='bbox 3571 3637 3743 3682; x_wconf 77' lang='grc' dir='ltr'>ποιεῖ.</span> 
     </span>
    </p>
   </div>
   <div class='ocr_carea' id='block_1_83' title="bbox 2097 3711 3746 3795">
    <p class='ocr_par' dir='ltr' id='par_1_83' title="bbox 2097 3711 3746 3795">
     <span class='ocr_line' id='line_1_83' title="bbox 2097 3711 3746 3795; baseline -0.001 -28"><span class='ocrx_word' id='word_1_569' title='bbox 2097 3715 2354 3769; x_wconf 78' lang='grc' dir='ltr'>Συνάπτει</span> <span class='ocrx_word' id='word_1_570' title='bbox 2403 3715 2457 3770; x_wconf 83' lang='grc' dir='ltr'>δὲ</span> <span class='ocrx_word' id='word_1_571' title='bbox 2509 3717 2654 3779; x_wconf 81' lang='grc' dir='ltr'>τοὺς.</span> <span class='ocrx_word' id='word_1_572' title='bbox 2757 3721 3094 3795; x_wconf 86' lang='grc' dir='ltr'>Σαμαρειτας</span> <span class='ocrx_word' id='word_1_573' title='bbox 3145 3727 3266 3778; x_wconf 75' lang='grc' dir='ltr'>τοῖς</span> <span class='ocrx_word' id='word_1_574' title='bbox 3326 3713 3576 3792; x_wconf 79' lang='grc' dir='ltr'>ἒθνικοϊς,</span> <span class='ocrx_word' id='word_1_575' title='bbox 3635 3711 3746 3770; x_wconf 74' lang='grc' dir='ltr'>ἐπεὶ</span> 
     </span>
    </p>
   </div>
   <div class='ocr_carea' id='block_1_84' title="bbox 2099 3798 3745 3881">
    <p class='ocr_par' dir='ltr' id='par_1_84' title="bbox 2099 3798 3745 3881">
     <span class='ocr_line' id='line_1_84' title="bbox 2099 3798 3745 3881; baseline 0 -27"><span class='ocrx_word' id='word_1_576' title='bbox 2099 3798 2418 3859; x_wconf 64' lang='grc' dir='ltr'>Βαϐυλώνιοι</span> <span class='ocrx_word' id='word_1_577' title='bbox 2495 3804 2644 3867; x_wconf 76' lang='grc' dir='ltr'>’ὀντες</span> <span class='ocrx_word' id='word_1_578' title='bbox 2719 3806 3046 3878; x_wconf 82' lang='grc' dir='ltr'>κατῴκησαν</span> <span class='ocrx_word' id='word_1_579' title='bbox 3135 3804 3236 3871; x_wconf 78' lang='grc' dir='ltr'>τὴν</span> <span class='ocrx_word' id='word_1_580' title='bbox 3309 3799 3585 3881; x_wconf 80' lang='grc' dir='ltr'>Ἰουδαίαν,</span> <span class='ocrx_word' id='word_1_581' title='bbox 3659 3801 3745 3855; x_wconf 79' lang='grc' dir='ltr'><strong>καὶ</strong></span> 
     </span>
    </p>
   </div>
   <div class='ocr_carea' id='block_1_85' title="bbox 2098 3887 3739 3973">
    <p class='ocr_par' dir='ltr' id='par_1_85' title="bbox 2098 3887 3739 3973">
     <span class='ocr_line' id='line_1_85' title="bbox 2098 3887 3739 3973; baseline 0 -28"><span class='ocrx_word' id='word_1_582' title='bbox 2098 3887 2211 3947; x_wconf 77' lang='grc' dir='ltr'>οὐδέ</span> <span class='ocrx_word' id='word_1_583' title='bbox 2266 3893 2388 3955; x_wconf 80' lang='grc' dir='ltr'>τοὺς</span> <span class='ocrx_word' id='word_1_584' title='bbox 2444 3894 2719 3972; x_wconf 73' lang='grc' dir='ltr'>προφήτας</span> <span class='ocrx_word' id='word_1_585' title='bbox 2778 3891 3054 3973; x_wconf 76' lang='grc' dir='ltr'>ἐδέχοντο,</span> <span class='ocrx_word' id='word_1_586' title='bbox 3113 3890 3251 3949; x_wconf 74' lang='grc' dir='ltr'>ἀλλὰ</span> <span class='ocrx_word' id='word_1_587' title='bbox 3292 3891 3430 3966; x_wconf 88' lang='grc' dir='ltr'>μόνα</span> <span class='ocrx_word' id='word_1_588' title='bbox 3471 3893 3537 3947; x_wconf 79' lang='grc' dir='ltr'>τὰ</span> <span class='ocrx_word' id='word_1_589' title='bbox 3585 3890 3739 3948; x_wconf 80' lang='grc' dir='ltr'>πέντε</span> 
     </span>
    </p>
   </div>
   <div class='ocr_carea' id='block_1_86' title="bbox 2097 3977 3740 4060">
    <p class='ocr_par' dir='ltr' id='par_1_86' title="bbox 2097 3977 3740 4060">
     <span class='ocr_line' id='line_1_86' title="bbox 2097 3977 3740 4060; baseline 0.001 -27"><span class='ocrx_word' id='word_1_590' title='bbox 2097 3985 2188 4034; x_wconf 79' lang='grc' dir='ltr'><strong>τοῦ</strong></span> <span class='ocrx_word' id='word_1_591' title='bbox 2245 3986 2478 4057; x_wconf 59' lang='grc' dir='ltr'>Μωσεως</span> <span class='ocrx_word' id='word_1_592' title='bbox 2520 3977 2714 4057; x_wconf 78' lang='grc' dir='ltr'>βιϐλίοι⁰</span> <span class='ocrx_word' id='word_1_593' title='bbox 2778 3979 3049 4058; x_wconf 84' lang='grc' dir='ltr'>βασιλείαν</span> <span class='ocrx_word' id='word_1_594' title='bbox 3096 3979 3153 4036; x_wconf 80' lang='grc' dir='ltr'>δὲ</span> <span class='ocrx_word' id='word_1_595' title='bbox 3205 3980 3464 4060; x_wconf 70' lang='grc' dir='ltr'>οὐρανῶν,</span> <span class='ocrx_word' id='word_1_596' title='bbox 3506 3981 3595 4036; x_wconf 86' lang='grc' dir='ltr'>καὶ</span> <span class='ocrx_word' id='word_1_597' title='bbox 3641 3980 3740 4047; x_wconf 81' lang='grc' dir='ltr'>τὴν</span> 
     </span>
    </p>
   </div>
   <div class='ocr_carea' id='block_1_87' title="bbox 2097 4061 3740 4142">
    <p class='ocr_par' dir='ltr' id='par_1_87' title="bbox 2097 4061 3740 4142">
     <span class='ocr_line' id='line_1_87' title="bbox 2097 4061 3740 4142; baseline 0.003 -21"><span class='ocrx_word' id='word_1_598' title='bbox 2097 4065 2390 4142; x_wconf 77' lang='grc' dir='ltr'>μέλλουσαν</span> <span class='ocrx_word' id='word_1_599' title='bbox 2439 4069 2729 4126; x_wconf 87' lang='grc' dir='ltr'>ἀπόλαυσιν</span> <span class='ocrx_word' id='word_1_600' title='bbox 2791 4071 2923 4134; x_wconf 90' lang='grc' dir='ltr'>νόει,</span> <span class='ocrx_word' id='word_1_601' title='bbox 2961 4061 3196 4140; x_wconf 66' lang='grc' dir='ltr'><strong>ιΟπλίζει</strong></span> <span class='ocrx_word' id='word_1_602' title='bbox 3256 4067 3310 4125; x_wconf 78' lang='grc' dir='ltr'>δὲ</span> <span class='ocrx_word' id='word_1_603' title='bbox 3383 4069 3568 4132; x_wconf 75' lang='grc' dir='ltr'>αὐτοὺς</span> <span class='ocrx_word' id='word_1_604' title='bbox 3625 4081 3740 4132; x_wconf 72' lang='grc' dir='ltr'>τοῖς</span> 
     </span>
    </p>
   </div>
   <div class='ocr_carea' id='block_1_88' title="bbox 2094 4157 2572 4239">
    <p class='ocr_par' dir='ltr' id='par_1_88' title="bbox 2094 4157 2572 4239">
     <span class='ocr_line' id='line_1_88' title="bbox 2094 4157 2572 4239; baseline 0.004 -27"><span class='ocrx_word' id='word_1_605' title='bbox 2094 4157 2343 4239; x_wconf 80' lang='grc' dir='ltr'>θαύμασι,</span> <span class='ocrx_word' id='word_1_606' title='bbox 2378 4159 2572 4237; x_wconf 80' lang='grc' dir='ltr'>λέγων’</span> 
     </span>
    </p>
   </div>
   <div class='ocr_carea' id='block_1_89' title="bbox 2183 4247 3735 4327">
    <p class='ocr_par' dir='ltr' id='par_1_89' title="bbox 2183 4247 3735 4327">
     <span class='ocr_line' id='line_1_89' title="bbox 2183 4247 3735 4327; baseline -0.001 -22"><span class='ocrx_word' id='word_1_607' title='bbox 2183 4265 2213 4305; x_wconf 82' lang='grc'>‹</span> <span class='ocrx_word' id='word_1_608' title='bbox 2295 4247 2665 4313; x_wconf 82' lang='grc' dir='ltr'>Ἀσθενοῦντας</span> <span class='ocrx_word' id='word_1_609' title='bbox 2731 4250 3063 4327; x_wconf 81' lang='grc' dir='ltr'>θεραπεύετε,</span> <span class='ocrx_word' id='word_1_610' title='bbox 3137 4247 3358 4327; x_wconf 77' lang='grc' dir='ltr'>λεπρούς</span> <span class='ocrx_word' id='word_1_611' title='bbox 3414 4247 3735 4327; x_wconf 78' lang='grc' dir='ltr'>καθαρίζετε,</span> 
     </span>
    </p>
   </div>
   <div class='ocr_carea' id='block_1_90' title="bbox 2095 4333 3734 4417">
    <p class='ocr_par' dir='ltr' id='par_1_90' title="bbox 2095 4333 3734 4417">
     <span class='ocr_line' id='line_1_90' title="bbox 2095 4333 3734 4417; baseline 0.002 -28"><span class='ocrx_word' id='word_1_612' title='bbox 2095 4333 2337 4409; x_wconf 84' lang='grc' dir='ltr'>δαιμόνια</span> <span class='ocrx_word' id='word_1_613' title='bbox 2368 4334 2673 4398; x_wconf 82' lang='grc' dir='ltr'>ἐκϐάλλετε.</span> <span class='ocrx_word' id='word_1_614' title='bbox 2729 4338 2940 4416; x_wconf 79' lang='grc' dir='ltr'>Δωρεὰν</span> <span class='ocrx_word' id='word_1_615' title='bbox 2988 4333 3228 4417; x_wconf 79' lang='grc' dir='ltr'>ἐλάϐετε,</span> <span class='ocrx_word' id='word_1_616' title='bbox 3261 4333 3458 4414; x_wconf 75' lang='grc' dir='ltr'>δωρεὰν</span> <span class='ocrx_word' id='word_1_617' title='bbox 3513 4334 3656 4396; x_wconf 84' lang='grc' dir='ltr'>δότε.</span> <span class='ocrx_word' id='word_1_618' title='bbox 3707 4361 3734 4392; x_wconf 72' lang='grc' dir='ltr'><strong><em>ι</em></strong></span> 
     </span>
    </p>
   </div>
   <div class='ocr_carea' id='block_1_91' title="bbox 371 4417 2011 4505">
    <p class='ocr_par' dir='ltr' id='par_1_91' title="bbox 371 4417 2010 4503">
     <span class='ocr_line' id='line_1_91' title="bbox 371 4417 2010 4503; baseline 0.002 -23"><span class='ocrx_word' id='word_1_619' title='bbox 371 4417 528 4482; x_wconf 85' lang='lat' dir='ltr'><strong>Nihil</strong></span> <span class='ocrx_word' id='word_1_620' title='bbox 559 4433 672 4483; x_wconf 91' lang='lat' dir='ltr'><strong>tam</strong></span> <span class='ocrx_word' id='word_1_621' title='bbox 704 4424 876 4485; x_wconf 84' lang='lat' dir='ltr'><strong>decet</strong></span> <span class='ocrx_word' id='word_1_622' title='bbox 909 4426 1234 4498; x_wconf 81' lang='lat' dir='ltr'><strong>doctorem,</strong></span> <span class='ocrx_word' id='word_1_623' title='bbox 1268 4444 1439 4503; x_wconf 90' lang='lat' dir='ltr'><strong>quam</strong></span> <span class='ocrx_word' id='word_1_624' title='bbox 1495 4423 1796 4483; x_wconf 89' lang='lat' dir='ltr'><strong>humilitas</strong></span> <span class='ocrx_word' id='word_1_625' title='bbox 1829 4433 1885 4483; x_wconf 89' lang='lat' dir='ltr'><strong>et</strong></span> <span class='ocrx_word' id='word_1_626' title='bbox 1915 4423 2010 4483; x_wconf 82' lang='lat' dir='ltr'><strong>di-</strong></span> 
     </span>
    </p>
   </div>
   <div class='ocr_carea' id='block_1_92' title="bbox 2106 4417 3736 4505">
    <p class='ocr_par' dir='ltr' id='par_1_92' title="bbox 2106 4421 3736 4505">
     <span class='ocr_line' id='line_1_92' title="bbox 2106 4421 3736 4505; baseline 0.002 -26"><span class='ocrx_word' id='word_1_627' title='bbox 2106 4421 2254 4501; x_wconf 64' lang='grc' dir='ltr'>Ούδξν</span> <span class='ocrx_word' id='word_1_628' title='bbox 2309 4427 2474 4491; x_wconf 72' lang='grc' dir='ltr'>οὓτως</span> <span class='ocrx_word' id='word_1_629' title='bbox 2523 4427 2737 4503; x_wconf 79' lang='grc' dir='ltr'>ἁρμόζει</span> <span class='ocrx_word' id='word_1_630' title='bbox 2783 4433 2861 4501; x_wconf 84' lang='grc' dir='ltr'>τῷ</span> <span class='ocrx_word' id='word_1_631' title='bbox 2916 4423 3235 4505; x_wconf 64' lang='grc' dir='ltr'>διδασκάλῳ,</span> <span class='ocrx_word' id='word_1_632' title='bbox 3289 4427 3366 4488; x_wconf 84' lang='grc' dir='ltr'>ὡς</span> <span class='ocrx_word' id='word_1_633' title='bbox 3422 4427 3736 4490; x_wconf 88' lang='grc' dir='ltr'>ταπείνωσις</span> 
     </span>
    </p>
   </div>
   <div class='ocr_carea' id='block_1_93' title="bbox 368 4509 2005 4592">
    <p class='ocr_par' dir='ltr' id='par_1_93' title="bbox 368 4509 2005 4592">
     <span class='ocr_line' id='line_1_93' title="bbox 368 4509 2005 4592; baseline 0 -24"><span class='ocrx_word' id='word_1_634' title='bbox 368 4509 637 4570; x_wconf 90' lang='lat' dir='ltr'><strong>vitiarum</strong></span> <span class='ocrx_word' id='word_1_635' title='bbox 665 4522 1059 4592; x_wconf 79' lang='lat' dir='ltr'><strong>contemptus.</strong></span> <span class='ocrx_word' id='word_1_636' title='bbox 1094 4513 1218 4573; x_wconf 93' lang='lat' dir='ltr'><strong>Duo</strong></span> <span class='ocrx_word' id='word_1_637' title='bbox 1251 4515 1428 4590; x_wconf 83' lang='lat' dir='ltr'><strong>igitur</strong></span> <span class='ocrx_word' id='word_1_638' title='bbox 1459 4513 1583 4573; x_wconf 68' lang='lat' dir='ltr'><strong>hazc</strong></span> <span class='ocrx_word' id='word_1_639' title='bbox 1616 4511 1728 4572; x_wconf 89' lang='lat' dir='ltr'><strong>hoc</strong></span> <span class='ocrx_word' id='word_1_640' title='bbox 1761 4512 1888 4572; x_wconf 92' lang='lat' dir='ltr'><strong>loco</strong></span> <span class='ocrx_word' id='word_1_641' title='bbox 1910 4512 2005 4571; x_wconf 86' lang='lat' dir='ltr'><strong>do-</strong></span> 
     </span>
    </p>
   </div>
   <div class='ocr_carea' id='block_1_94' title="bbox 370 4599 2009 4679">
    <p class='ocr_par' dir='ltr' id='par_1_94' title="bbox 370 4599 2009 4679">
     <span class='ocr_line' id='line_1_94' title="bbox 370 4599 2009 4679; baseline 0.002 -22"><span class='ocrx_word' id='word_1_642' title='bbox 370 4606 483 4677; x_wconf 83' lang='lat' dir='ltr'><strong>cet,</strong></span> <span class='ocrx_word' id='word_1_643' title='bbox 535 4599 790 4662; x_wconf 91' lang='lat' dir='ltr'><strong>dicens:</strong></span> <span class='ocrx_word' id='word_1_644' title='bbox 849 4602 1042 4663; x_wconf 89' lang='lat' dir='ltr'><strong>Gratis</strong></span> <span class='ocrx_word' id='word_1_645' title='bbox 1099 4602 1427 4678; x_wconf 81' lang='lat' dir='ltr'><strong>accepistis,</strong></span> <span class='ocrx_word' id='word_1_646' title='bbox 1479 4619 1550 4660; x_wconf 91' lang='lat' dir='ltr'><strong>ne</strong></span> <span class='ocrx_word' id='word_1_647' title='bbox 1608 4600 2009 4679; x_wconf 89' lang='lat' dir='ltr'><strong>superhirent,</strong></span> 
     </span>
    </p>
   </div>
   <div class='ocr_carea' id='block_1_95' title="bbox 371 4686 2010 4764">
    <p class='ocr_par' dir='ltr' id='par_1_95' title="bbox 371 4686 2010 4764">
     <span class='ocr_line' id='line_1_95' title="bbox 371 4686 2010 4764; baseline 0.001 -19"><span class='ocrx_word' id='word_1_648' title='bbox 371 4686 524 4764; x_wconf 87' lang='lat' dir='ltr'><strong>quod</strong></span> <span class='ocrx_word' id='word_1_649' title='bbox 561 4689 696 4747; x_wconf 79' lang='lat' dir='ltr'><strong>talia</strong></span> <span class='ocrx_word' id='word_1_650' title='bbox 719 4689 873 4750; x_wconf 90' lang='lat' dir='ltr'><strong>dona</strong></span> <span class='ocrx_word' id='word_1_651' title='bbox 897 4700 952 4748; x_wconf 88' lang='lat' dir='ltr'><strong>et</strong></span> <span class='ocrx_word' id='word_1_652' title='bbox 983 4688 1269 4748; x_wconf 86' lang='lat' dir='ltr'><strong>haberent</strong></span> <span class='ocrx_word' id='word_1_653' title='bbox 1300 4698 1359 4748; x_wconf 92' lang='lat' dir='ltr'><strong>et</strong></span> <span class='ocrx_word' id='word_1_654' title='bbox 1385 4690 1612 4750; x_wconf 87' lang='lat' dir='ltr'><strong>darent.</strong></span> <span class='ocrx_word' id='word_1_655' title='bbox 1634 4687 1826 4748; x_wconf 65' lang='lat' dir='ltr'><strong>Gratis</strong></span> <span class='ocrx_word' id='word_1_656' title='bbox 1853 4688 2010 4748; x_wconf 89' lang='lat' dir='ltr'><strong>enim</strong></span> 
     </span>
    </p>
   </div>
   <div class='ocr_carea' id='block_1_96' title="bbox 369 4775 2010 4856">
    <p class='ocr_par' dir='ltr' id='par_1_96' title="bbox 369 4775 2010 4856">
     <span class='ocr_line' id='line_1_96' title="bbox 369 4775 2010 4856; baseline 0 -21"><span class='ocrx_word' id='word_1_657' title='bbox 369 4781 427 4835; x_wconf 90' lang='lat' dir='ltr'><strong>et</strong></span> <span class='ocrx_word' id='word_1_658' title='bbox 459 4793 567 4853; x_wconf 86' lang='lat' dir='ltr'><strong>per</strong></span> <span class='ocrx_word' id='word_1_659' title='bbox 590 4777 832 4852; x_wconf 81' lang='lat' dir='ltr'><strong>gratiam</strong></span> <span class='ocrx_word' id='word_1_660' title='bbox 871 4777 1006 4839; x_wconf 77' lang='lat' dir='ltr'><strong>talia</strong></span> <span class='ocrx_word' id='word_1_661' title='bbox 1032 4777 1370 4856; x_wconf 84' lang='lat' dir='ltr'><strong>accepistis,</strong></span> <span class='ocrx_word' id='word_1_662' title='bbox 1407 4776 1510 4836; x_wconf 84' lang='lat' dir='ltr'><strong>scd</strong></span> <span class='ocrx_word' id='word_1_663' title='bbox 1543 4795 1674 4835; x_wconf 88' lang='lat' dir='ltr'><strong>cum</strong></span> <span class='ocrx_word' id='word_1_664' title='bbox 1704 4775 2010 4837; x_wconf 80' lang='lat' dir='ltr'><strong>humilita-</strong></span> 
     </span>
    </p>
   </div>
   <div class='ocr_carea' id='block_1_97' title="bbox 371 4862 2005 4944">
    <p class='ocr_par' dir='ltr' id='par_1_97' title="bbox 371 4862 2005 4944">
     <span class='ocr_line' id='line_1_97' title="bbox 371 4862 2005 4944; baseline -0.001 -20"><span class='ocrx_word' id='word_1_665' title='bbox 371 4871 426 4924; x_wconf 89' lang='lat' dir='ltr'><strong>te</strong></span> <span class='ocrx_word' id='word_1_666' title='bbox 463 4874 520 4924; x_wconf 94' lang='lat' dir='ltr'><strong>et</strong></span> <span class='ocrx_word' id='word_1_667' title='bbox 548 4865 885 4927; x_wconf 85' lang='lat' dir='ltr'><strong>divitiarum</strong></span> <span class='ocrx_word' id='word_1_668' title='bbox 912 4871 1102 4928; x_wconf 86' lang='lat' dir='ltr'><strong>estote</strong></span> <span class='ocrx_word' id='word_1_669' title='bbox 1131 4862 1800 4944; x_wconf 79' lang='lat' dir='ltr'><strong>contemptores.Gratis</strong></span> <span class='ocrx_word' id='word_1_670' title='bbox 1824 4863 2005 4933; x_wconf 86' lang='lat' dir='ltr'><strong>enim,</strong></span> 
     </span>
    </p>
   </div>
   <div class='ocr_carea' id='block_1_98' title="bbox 365 4951 2010 5032">
    <p class='ocr_par' dir='ltr' id='par_1_98' title="bbox 365 4951 2010 5032">
     <span class='ocr_line' id='line_1_98' title="bbox 365 4951 2010 5032; baseline 0.001 -21"><span class='ocrx_word' id='word_1_671' title='bbox 365 4957 576 5032; x_wconf 85' lang='lat' dir='ltr'><strong>inquit,</strong></span> <span class='ocrx_word' id='word_1_672' title='bbox 609 4955 762 5016; x_wconf 90' lang='lat' dir='ltr'><strong>date.</strong></span> <span class='ocrx_word' id='word_1_673' title='bbox 791 4954 862 5016; x_wconf 90' lang='lat' dir='ltr'><strong>Et</strong></span> <span class='ocrx_word' id='word_1_674' title='bbox 893 4963 958 5016; x_wconf 87' lang='lat' dir='ltr'><strong>ut</strong></span> <span class='ocrx_word' id='word_1_675' title='bbox 979 4955 1302 5032; x_wconf 89' lang='lat' dir='ltr'><strong>perfectius</strong></span> <span class='ocrx_word' id='word_1_676' title='bbox 1334 4955 1617 5014; x_wconf 74' lang='lat' dir='ltr'><strong>malorum</strong></span> <span class='ocrx_word' id='word_1_677' title='bbox 1653 4951 1896 5012; x_wconf 87' lang='lat' dir='ltr'><strong>omnino</strong></span> <span class='ocrx_word' id='word_1_678' title='bbox 1923 4970 2010 5013; x_wconf 89' lang='lat' dir='ltr'><strong>ra-</strong></span> 
     </span>
    </p>
   </div>
   <div class='ocr_carea' id='block_1_99' title="bbox 366 5040 1115 5123">
    <p class='ocr_par' dir='ltr' id='par_1_99' title="bbox 366 5040 1115 5123">
     <span class='ocr_line' id='line_1_99' title="bbox 366 5040 1115 5123; baseline 0.008 -23"><span class='ocrx_word' id='word_1_679' title='bbox 366 5040 466 5100; x_wconf 62' lang='lat' dir='ltr'><strong>dix</strong></span> <span class='ocrx_word' id='word_1_680' title='bbox 501 5043 847 5123; x_wconf 77' lang='lat' dir='ltr'><strong>extirpetur,</strong></span> <span class='ocrx_word' id='word_1_681' title='bbox 886 5045 1115 5123; x_wconf 88' lang='lat' dir='ltr'><strong>inquit:</strong></span> 
     </span>
    </p>
   </div>
   <div class='ocr_carea' id='block_1_100' title="bbox 445 5129 2022 5211">
    <p class='ocr_par' dir='ltr' id='par_1_100' title="bbox 445 5129 2022 5211">
     <span class='ocr_line' id='line_1_100' title="bbox 445 5129 2022 5211; baseline 0 -19"><span class='ocrx_word' id='word_1_682' title='bbox 445 5129 691 5206; x_wconf 79' lang='lat' dir='ltr'><strong>VEus.9,</strong></span> <span class='ocrx_word' id='word_1_683' title='bbox 711 5134 797 5196; x_wconf 85' lang='grc' dir='ltr'><strong>ιΟ.</strong></span> <span class='ocrx_word' id='word_1_684' title='bbox 815 5132 972 5195; x_wconf 68' lang='lat' dir='ltr'><strong>«Non</strong></span> <span class='ocrx_word' id='word_1_685' title='bbox 993 5134 1340 5211; x_wconf 84' lang='lat' dir='ltr'><strong>possideatis</strong></span> <span class='ocrx_word' id='word_1_686' title='bbox 1355 5149 1788 5210; x_wconf 84' lang='lat' dir='ltr'><strong>aurum,neque</strong></span> <span class='ocrx_word' id='word_1_687' title='bbox 1810 5149 2022 5208; x_wconf 86' lang='lat' dir='ltr'><strong>argen-</strong></span> 
     </span>
    </p>
   </div>
   <div class='ocr_carea' id='block_1_101' title="bbox 365 5220 2012 5300">
    <p class='ocr_par' dir='ltr' id='par_1_101' title="bbox 365 5220 2012 5300">
     <span class='ocr_line' id='line_1_101' title="bbox 365 5220 2012 5300; baseline -0.001 -20"><span class='ocrx_word' id='word_1_688' title='bbox 365 5226 809 5299; x_wconf 76' lang='lat' dir='ltr'><strong>tum,nequeaes</strong></span> <span class='ocrx_word' id='word_1_689' title='bbox 843 5222 900 5282; x_wconf 91' lang='lat' dir='ltr'><strong>in</strong></span> <span class='ocrx_word' id='word_1_690' title='bbox 931 5223 1093 5282; x_wconf 90' lang='lat' dir='ltr'><strong>zonis</strong></span> <span class='ocrx_word' id='word_1_691' title='bbox 1117 5222 1552 5300; x_wconf 87' lang='lat' dir='ltr'><strong>vestris,neque</strong></span> <span class='ocrx_word' id='word_1_692' title='bbox 1573 5237 1770 5299; x_wconf 85' lang='lat' dir='ltr'><strong>peram</strong></span> <span class='ocrx_word' id='word_1_693' title='bbox 1789 5221 1858 5278; x_wconf 88' lang='lat' dir='ltr'><strong>ad</strong></span> <span class='ocrx_word' id='word_1_694' title='bbox 1880 5220 2012 5293; x_wconf 84' lang='lat' dir='ltr'><strong>iter,</strong></span> 
     </span>
    </p>
   </div>
   <div class='ocr_carea' id='block_1_102' title="bbox 368 5309 2016 5391">
    <p class='ocr_par' dir='ltr' id='par_1_102' title="bbox 368 5309 2016 5391">
     <span class='ocr_line' id='line_1_102' title="bbox 368 5309 2016 5391; baseline 0.001 -23"><span class='ocrx_word' id='word_1_695' title='bbox 368 5325 563 5387; x_wconf 88' lang='lat' dir='ltr'><strong>neque</strong></span> <span class='ocrx_word' id='word_1_696' title='bbox 585 5309 730 5370; x_wconf 88' lang='lat' dir='ltr'><strong>duas</strong></span> <span class='ocrx_word' id='word_1_697' title='bbox 748 5313 1210 5391; x_wconf 81' lang='lat' dir='ltr'><strong>tunicas,neque</strong></span> <span class='ocrx_word' id='word_1_698' title='bbox 1233 5311 1864 5388; x_wconf 81' lang='lat' dir='ltr'><strong>calceamenta,neque</strong></span> <span class='ocrx_word' id='word_1_699' title='bbox 1895 5309 2016 5369; x_wconf 88' lang='lat' dir='ltr'><strong>vir-</strong></span> 
     </span>
    </p>
   </div>
   <div class='ocr_carea' id='block_1_103' title="bbox 2096 4510 3738 4589">
    <p class='ocr_par' dir='ltr' id='par_1_103' title="bbox 2096 4510 3738 4589">
     <span class='ocr_line' id='line_1_103' title="bbox 2096 4510 3738 4589; baseline 0.004 -23"><span class='ocrx_word' id='word_1_700' title='bbox 2096 4513 2183 4566; x_wconf 87' lang='grc' dir='ltr'><strong>καὶ</strong></span> <span class='ocrx_word' id='word_1_701' title='bbox 2238 4510 2606 4589; x_wconf 82' lang='grc' dir='ltr'>ἆκτημοσύνη.</span> <span class='ocrx_word' id='word_1_702' title='bbox 2672 4517 2748 4573; x_wconf 79' lang='grc' dir='ltr'>Τὰ</span> <span class='ocrx_word' id='word_1_703' title='bbox 2776 4511 2864 4571; x_wconf 89' lang='grc' dir='ltr'><strong>δύο</strong></span> <span class='ocrx_word' id='word_1_704' title='bbox 2915 4516 3086 4571; x_wconf 89' lang='grc' dir='ltr'>τοίνυν</span> <span class='ocrx_word' id='word_1_705' title='bbox 3141 4521 3304 4572; x_wconf 82' lang='grc' dir='ltr'>ταῦτα</span> <span class='ocrx_word' id='word_1_706' title='bbox 3352 4514 3569 4572; x_wconf 79' lang='grc' dir='ltr'>ἐνταῦθα</span> <span class='ocrx_word' id='word_1_707' title='bbox 3629 4513 3738 4572; x_wconf 85' lang='grc' dir='ltr'>δεί-</span> 
     </span>
    </p>
   </div>
   <div class='ocr_carea' id='block_1_104' title="bbox 2096 4601 3733 4683">
    <p class='ocr_par' dir='ltr' id='par_1_104' title="bbox 2096 4601 3733 4683">
     <span class='ocr_line' id='line_1_104' title="bbox 2096 4601 3733 4683; baseline 0.004 -28"><span class='ocrx_word' id='word_1_708' title='bbox 2096 4621 2264 4680; x_wconf 86' lang='grc' dir='ltr'>κνυσι,</span> <span class='ocrx_word' id='word_1_709' title='bbox 2311 4604 2518 4679; x_wconf 62' lang='grc' dir='ltr'>Δωρεὰν</span> <span class='ocrx_word' id='word_1_710' title='bbox 2543 4601 2780 4676; x_wconf 74' lang='grc' dir='ltr'>ἐλάϐετε,</span> <span class='ocrx_word' id='word_1_711' title='bbox 2813 4603 3008 4682; x_wconf 82' lang='grc' dir='ltr'>λέγων·</span> <span class='ocrx_word' id='word_1_712' title='bbox 3043 4606 3122 4678; x_wconf 77' lang='grc' dir='ltr'>μὴ</span> <span class='ocrx_word' id='word_1_713' title='bbox 3161 4604 3261 4682; x_wconf 80' lang='grc' dir='ltr'>γὰρ</span> <span class='ocrx_word' id='word_1_714' title='bbox 3289 4601 3733 4683; x_wconf 76' lang='grc' dir='ltr'>ὑψηλοφρονεττε,</span> 
     </span>
    </p>
   </div>
   <div class='ocr_carea' id='block_1_105' title="bbox 2097 4686 3738 4771">
    <p class='ocr_par' dir='ltr' id='par_1_105' title="bbox 2097 4686 3738 4771">
     <span class='ocr_line' id='line_1_105' title="bbox 2097 4686 3738 4771; baseline 0.003 -28"><span class='ocrx_word' id='word_1_715' title='bbox 2097 4689 2168 4752; x_wconf 85' lang='grc' dir='ltr'><strong>ὡς</strong></span> <span class='ocrx_word' id='word_1_716' title='bbox 2217 4686 2434 4746; x_wconf 65' lang='grc' dir='ltr'>τοιαῦτα</span> <span class='ocrx_word' id='word_1_717' title='bbox 2489 4691 2658 4768; x_wconf 72' lang='grc' dir='ltr'>ἀγαθὰ</span> <span class='ocrx_word' id='word_1_718' title='bbox 2689 4690 2908 4770; x_wconf 74' lang='grc' dir='ltr'>ἔχοντες</span> <span class='ocrx_word' id='word_1_719' title='bbox 2965 4693 3052 4748; x_wconf 86' lang='grc' dir='ltr'>καὶ</span> <span class='ocrx_word' id='word_1_720' title='bbox 3104 4689 3357 4754; x_wconf 89' lang='grc' dir='ltr'>διδόντες.</span> <span class='ocrx_word' id='word_1_721' title='bbox 3403 4694 3614 4771; x_wconf 79' lang='grc' dir='ltr'>Δωρεᾶν</span> <span class='ocrx_word' id='word_1_722' title='bbox 3640 4693 3738 4771; x_wconf 79' lang='grc' dir='ltr'><strong>γὰρ</strong></span> 
     </span>
    </p>
   </div>
   <div class='ocr_carea' id='block_1_106' title="bbox 2094 4777 3735 4860">
    <p class='ocr_par' dir='ltr' id='par_1_106' title="bbox 2094 4777 3735 4860">
     <span class='ocr_line' id='line_1_106' title="bbox 2094 4777 3735 4860; baseline 0.004 -29"><span class='ocrx_word' id='word_1_723' title='bbox 2094 4777 2182 4832; x_wconf 81' lang='grc' dir='ltr'><strong>καὶ</strong></span> <span class='ocrx_word' id='word_1_724' title='bbox 2238 4778 2420 4856; x_wconf 82' lang='grc' dir='ltr'>χάριτι</span> <span class='ocrx_word' id='word_1_725' title='bbox 2474 4785 2638 4836; x_wconf 81' lang='grc' dir='ltr'>ταῦτα</span> <span class='ocrx_word' id='word_1_726' title='bbox 2687 4779 2866 4860; x_wconf 71' lang='grc' dir='ltr'>ἔχετε,</span> <span class='ocrx_word' id='word_1_727' title='bbox 2921 4777 3058 4836; x_wconf 83' lang='grc' dir='ltr'><strong>ἀλλᾶ</strong></span> <span class='ocrx_word' id='word_1_728' title='bbox 3114 4780 3205 4836; x_wconf 83' lang='grc' dir='ltr'>σὺν</span> <span class='ocrx_word' id='word_1_729' title='bbox 3252 4787 3329 4856; x_wconf 82' lang='grc' dir='ltr'>τῷ</span> <span class='ocrx_word' id='word_1_730' title='bbox 3383 4802 3735 4860; x_wconf 77' lang='grc' dir='ltr'>ταπεινοφρο-</span> 
     </span>
    </p>
   </div>
   <div class='ocr_carea' id='block_1_107' title="bbox 2095 4864 3742 4952">
    <p class='ocr_par' dir='ltr' id='par_1_107' title="bbox 2095 4864 3742 4952">
     <span class='ocr_line' id='line_1_107' title="bbox 2095 4864 3742 4952; baseline 0.005 -34"><span class='ocrx_word' id='word_1_731' title='bbox 2095 4877 2231 4952; x_wconf 75' lang='grc' dir='ltr'>νεῖν,</span> <span class='ocrx_word' id='word_1_732' title='bbox 2285 4867 2374 4920; x_wconf 89' lang='grc' dir='ltr'><strong>καὶ</strong></span> <span class='ocrx_word' id='word_1_733' title='bbox 2424 4864 2859 4947; x_wconf 67' lang='grc' dir='ltr'>ἀφιλοχρηματοι</span> <span class='ocrx_word' id='word_1_734' title='bbox 2922 4868 3154 4948; x_wconf 75' lang='grc' dir='ltr'>γένεσθε.</span> <span class='ocrx_word' id='word_1_735' title='bbox 3195 4871 3408 4949; x_wconf 79' lang='grc' dir='ltr'>Δωρεὰν</span> <span class='ocrx_word' id='word_1_736' title='bbox 3435 4872 3560 4949; x_wconf 78' lang='grc' dir='ltr'>γὰρ,</span> <span class='ocrx_word' id='word_1_737' title='bbox 3589 4871 3742 4952; x_wconf 71' lang='grc' dir='ltr'>φησὶ,</span> 
     </span>
    </p>
   </div>
   <div class='ocr_carea' id='block_1_108' title="bbox 2094 4951 3741 5034">
    <p class='ocr_par' dir='ltr' id='par_1_108' title="bbox 2094 4951 3741 5034">
     <span class='ocr_line' id='line_1_108' title="bbox 2094 4951 3741 5034; baseline 0.004 -26"><span class='ocrx_word' id='word_1_738' title='bbox 2094 4951 2231 5011; x_wconf 86' lang='grc' dir='ltr'>δότε.</span> <span class='ocrx_word' id='word_1_739' title='bbox 2293 4952 2618 5034; x_wconf 80' lang='grc' dir='ltr'>Τελεώτερον</span> <span class='ocrx_word' id='word_1_740' title='bbox 2667 4955 2722 5013; x_wconf 81' lang='grc' dir='ltr'>δὲ</span> <span class='ocrx_word' id='word_1_741' title='bbox 2771 4957 3022 5016; x_wconf 78' lang='grc' dir='ltr'>ἀνασπῶν</span> <span class='ocrx_word' id='word_1_742' title='bbox 3077 4959 3174 5028; x_wconf 74' lang='grc' dir='ltr'><strong>τὴν</strong></span> <span class='ocrx_word' id='word_1_743' title='bbox 3228 4959 3370 5034; x_wconf 85' lang='grc' dir='ltr'>ῥίζαν</span> <span class='ocrx_word' id='word_1_744' title='bbox 3398 4951 3612 5017; x_wconf 83' lang='grc' dir='ltr'>πάντων</span> <span class='ocrx_word' id='word_1_745' title='bbox 3635 4965 3741 5016; x_wconf 80' lang='grc' dir='ltr'><strong>τῶν</strong></span> 
     </span>
    </p>
   </div>
   <div class='ocr_carea' id='block_1_109' title="bbox 2101 5047 2513 5123">
    <p class='ocr_par' dir='ltr' id='par_1_109' title="bbox 2101 5047 2513 5123">
     <span class='ocr_line' id='line_1_109' title="bbox 2101 5047 2513 5123; baseline 0.002 -25"><span class='ocrx_word' id='word_1_746' title='bbox 2101 5049 2302 5115; x_wconf 82' lang='grc' dir='ltr'>κακῶν,</span> <span class='ocrx_word' id='word_1_747' title='bbox 2333 5047 2513 5123; x_wconf 57' lang='grc' dir='ltr'>φησίν</span> 
     </span>
    </p>
   </div>
   <div class='ocr_carea' id='block_1_110' title="bbox 2190 5135 3746 5219">
    <p class='ocr_par' dir='ltr' id='par_1_110' title="bbox 2190 5135 3746 5219">
     <span class='ocr_line' id='line_1_110' title="bbox 2190 5135 3746 5219; baseline 0.006 -30"><span class='ocrx_word' id='word_1_748' title='bbox 2190 5153 2214 5189; x_wconf 83' lang='lat' dir='ltr'><strong>tt</strong></span> <span class='ocrx_word' id='word_1_749' title='bbox 2274 5135 2361 5203; x_wconf 78' lang='grc' dir='ltr'><strong>Μὴ</strong></span> <span class='ocrx_word' id='word_1_750' title='bbox 2409 5136 2677 5205; x_wconf 75' lang='grc' dir='ltr'>κτήσησθε</span> <span class='ocrx_word' id='word_1_751' title='bbox 2733 5137 2954 5217; x_wconf 80' lang='grc' dir='ltr'>χρυσὸν,</span> <span class='ocrx_word' id='word_1_752' title='bbox 2988 5136 3124 5212; x_wconf 80' lang='grc' dir='ltr'>μηδέ</span> <span class='ocrx_word' id='word_1_753' title='bbox 3161 5136 3403 5218; x_wconf 73' lang='grc' dir='ltr'>ἄργυρον,</span> <span class='ocrx_word' id='word_1_754' title='bbox 3441 5136 3577 5215; x_wconf 81' lang='grc' dir='ltr'>μηδὲ</span> <span class='ocrx_word' id='word_1_755' title='bbox 3608 5137 3746 5219; x_wconf 78' lang='grc' dir='ltr'>χαλ·</span> 
     </span>
    </p>
   </div>
   <div class='ocr_carea' id='block_1_111' title="bbox 2101 5224 3738 5307">
    <p class='ocr_par' dir='ltr' id='par_1_111' title="bbox 2101 5224 3738 5307">
     <span class='ocr_line' id='line_1_111' title="bbox 2101 5224 3738 5307; baseline 0.004 -30"><span class='ocrx_word' id='word_1_756' title='bbox 2101 5224 2193 5278; x_wconf 84' lang='grc' dir='ltr'>κὸν</span> <span class='ocrx_word' id='word_1_757' title='bbox 2251 5225 2322 5288; x_wconf 83' lang='grc' dir='ltr'>εἷς</span> <span class='ocrx_word' id='word_1_758' title='bbox 2378 5224 2471 5285; x_wconf 77' lang='grc' dir='ltr'>τὰς</span> <span class='ocrx_word' id='word_1_759' title='bbox 2513 5224 2682 5294; x_wconf 86' lang='grc' dir='ltr'>ζώνας</span> <span class='ocrx_word' id='word_1_760' title='bbox 2737 5227 2907 5306; x_wconf 76' lang='grc' dir='ltr'>ὑμῶν,</span> <span class='ocrx_word' id='word_1_761' title='bbox 2966 5226 3044 5302; x_wconf 82' lang='grc' dir='ltr'><strong>μὴ</strong></span> <span class='ocrx_word' id='word_1_762' title='bbox 3093 5227 3268 5304; x_wconf 79' lang='grc' dir='ltr'>πήραν</span> <span class='ocrx_word' id='word_1_763' title='bbox 3317 5229 3392 5291; x_wconf 76' lang='grc' dir='ltr'>εἷς</span> <span class='ocrx_word' id='word_1_764' title='bbox 3416 5227 3561 5307; x_wconf 78' lang='grc' dir='ltr'>ὁδὸν,</span> <span class='ocrx_word' id='word_1_765' title='bbox 3603 5225 3738 5302; x_wconf 75' lang='grc' dir='ltr'>μηδὲ</span> 
     </span>
    </p>
   </div>
   <div class='ocr_carea' id='block_1_112' title="bbox 2099 5307 3732 5393">
    <p class='ocr_par' dir='ltr' id='par_1_112' title="bbox 2099 5307 3732 5393">
     <span class='ocr_line' id='line_1_112' title="bbox 2099 5307 3732 5393; baseline 0.006 -29"><span class='ocrx_word' id='word_1_766' title='bbox 2099 5307 2188 5366; x_wconf 85' lang='grc' dir='ltr'><strong>δύο</strong></span> <span class='ocrx_word' id='word_1_767' title='bbox 2239 5318 2498 5390; x_wconf 85' lang='grc' dir='ltr'>χιτῶνας,</span> <span class='ocrx_word' id='word_1_768' title='bbox 2548 5311 2684 5388; x_wconf 81' lang='grc' dir='ltr'>μηδὲ</span> <span class='ocrx_word' id='word_1_769' title='bbox 2741 5312 3078 5389; x_wconf 77' lang='grc' dir='ltr'>ὁπσδήματα,</span> <span class='ocrx_word' id='word_1_770' title='bbox 3112 5313 3247 5390; x_wconf 82' lang='grc' dir='ltr'>μηδὲ</span> <span class='ocrx_word' id='word_1_771' title='bbox 3290 5312 3526 5393; x_wconf 56' lang='grc' dir='ltr'>ῥάϐδους,</span> <span class='ocrx_word' id='word_1_772' title='bbox 3593 5314 3732 5380; x_wconf 79' lang='grc' dir='ltr'>ἄξιος</span> 
     </span>
    </p>
   </div>
   <div class='ocr_carea' id='block_1_113' title="bbox 361 5397 2011 5483">
    <p class='ocr_par' dir='ltr' id='par_1_113' title="bbox 361 5397 2011 5481">
     <span class='ocr_line' id='line_1_113' title="bbox 361 5397 2011 5481; baseline 0.001 -23"><span class='ocrx_word' id='word_1_773' title='bbox 361 5413 490 5474; x_wconf 77' lang='lat' dir='ltr'><strong>gam</strong></span> <span class='ocrx_word' id='word_1_774' title='bbox 503 5398 736 5477; x_wconf 81' lang='lat' dir='ltr'><strong>:dignus</strong></span> <span class='ocrx_word' id='word_1_775' title='bbox 753 5401 910 5462; x_wconf 91' lang='lat' dir='ltr'><strong>enim</strong></span> <span class='ocrx_word' id='word_1_776' title='bbox 933 5411 1022 5462; x_wconf 87' lang='lat' dir='ltr'><strong>est</strong></span> <span class='ocrx_word' id='word_1_777' title='bbox 1038 5401 1342 5481; x_wconf 78' lang='lat' dir='ltr'><strong>operarius</strong></span> <span class='ocrx_word' id='word_1_778' title='bbox 1357 5419 1463 5460; x_wconf 92' lang='lat' dir='ltr'><strong>suo</strong></span> <span class='ocrx_word' id='word_1_779' title='bbox 1479 5397 1882 5476; x_wconf 80' lang='lat' dir='ltr'><strong>cibo.»Maguo</strong></span> <span class='ocrx_word' id='word_1_780' title='bbox 1897 5407 2011 5460; x_wconf 90' lang='lat' dir='ltr'><strong>stu-</strong></span> 
     </span>
    </p>
   </div>
   <div class='ocr_carea' id='block_1_114' title="bbox 2106 5397 3734 5483">
    <p class='ocr_par' dir='ltr' id='par_1_114' title="bbox 2106 5400 3734 5483">
     <span class='ocr_line' id='line_1_114' title="bbox 2106 5400 3734 5483; baseline 0.004 -30"><span class='ocrx_word' id='word_1_781' title='bbox 2106 5400 2199 5476; x_wconf 73' lang='grc' dir='ltr'><strong>γὰρ</strong></span> <span class='ocrx_word' id='word_1_782' title='bbox 2248 5402 2276 5455; x_wconf 89' lang='lat'><strong>6</strong></span> <span class='ocrx_word' id='word_1_783' title='bbox 2341 5401 2567 5481; x_wconf 67' lang='grc' dir='ltr'>ἐργάτης</span> <span class='ocrx_word' id='word_1_784' title='bbox 2625 5407 2724 5470; x_wconf 79' lang='grc' dir='ltr'>τῆς</span> <span class='ocrx_word' id='word_1_785' title='bbox 2750 5408 2948 5483; x_wconf 73' lang='grc' dir='ltr'>τροφῆς</span> <span class='ocrx_word' id='word_1_786' title='bbox 2977 5403 3133 5461; x_wconf 72' lang='grc' dir='ltr'>αὑτοῦ</span> <span class='ocrx_word' id='word_1_787' title='bbox 3155 5403 3317 5466; x_wconf 80' lang='grc' dir='ltr'>ἐστιν,</span> <span class='ocrx_word' id='word_1_788' title='bbox 3358 5425 3382 5460; x_wconf 67' lang='grc' dir='ltr'>θ</span> <span class='ocrx_word' id='word_1_789' title='bbox 3419 5406 3503 5467; x_wconf 69' lang='grc' dir='ltr'><strong>Εἰς</strong></span> <span class='ocrx_word' id='word_1_790' title='bbox 3561 5406 3734 5463; x_wconf 80' lang='grc' dir='ltr'>πᾶσαν</span> 
     </span>
    </p>
   </div>
   <div class='ocr_carea' id='block_1_115' title="bbox 444 5565 2007 5650">
    <p class='ocr_par' dir='ltr' id='par_1_115' title="bbox 444 5565 2007 5650">
     <span class='ocr_line' id='line_1_115' title="bbox 444 5565 2007 5650; baseline 0.004 -24"><span class='ocrx_word' id='word_1_791' title='bbox 444 5565 530 5646; x_wconf 86' lang='lat' dir='ltr'><strong>(a)</strong></span> <span class='ocrx_word' id='word_1_792' title='bbox 565 5565 814 5650; x_wconf 82' lang='lat' dir='ltr'><strong>Videtur</strong></span> <span class='ocrx_word' id='word_1_793' title='bbox 837 5569 932 5631; x_wconf 91' lang='lat' dir='ltr'><strong>hic</strong></span> <span class='ocrx_word' id='word_1_794' title='bbox 957 5570 1250 5633; x_wconf 84' lang='lat' dir='ltr'><strong>interesse</strong></span> <span class='ocrx_word' id='word_1_795' title='bbox 1292 5568 1658 5650; x_wconf 87' lang='lat' dir='ltr'><strong>Teophilacti</strong></span> <span class='ocrx_word' id='word_1_796' title='bbox 1695 5566 2007 5650; x_wconf 80' lang='lat' dir='ltr'><strong>primatum</strong></span> 
     </span>
    </p>
   </div>
   <div class='ocr_carea' id='block_1_116' title="bbox 2093 5569 3733 5654">
    <p class='ocr_par' dir='ltr' id='par_1_116' title="bbox 2093 5569 3733 5654">
     <span class='ocr_line' id='line_1_116' title="bbox 2093 5569 3733 5654; baseline 0.002 -24"><span class='ocrx_word' id='word_1_797' title='bbox 2093 5580 2210 5630; x_wconf 89' lang='lat' dir='ltr'><strong>tem</strong></span> <span class='ocrx_word' id='word_1_798' title='bbox 2243 5569 2514 5654; x_wconf 87' lang='lat' dir='ltr'><strong>absolute</strong></span> <span class='ocrx_word' id='word_1_799' title='bbox 2558 5591 2675 5634; x_wconf 90' lang='lat' dir='ltr'><strong>non</strong></span> <span class='ocrx_word' id='word_1_800' title='bbox 2729 5571 3094 5636; x_wconf 84' lang='lat' dir='ltr'><strong>vocationem</strong></span> <span class='ocrx_word' id='word_1_801' title='bbox 3147 5579 3484 5652; x_wconf 84' lang='lat' dir='ltr'><strong>spectarent</strong></span> <span class='ocrx_word' id='word_1_802' title='bbox 3513 5569 3733 5654; x_wconf 83' lang='lat' dir='ltr'><strong>ubique</strong></span> 
     </span>
    </p>
   </div>
   <div class='ocr_carea' id='block_1_117' title="bbox 354 5643 2481 5729">
    <p class='ocr_par' dir='ltr' id='par_1_117' title="bbox 354 5643 2481 5729">
     <span class='ocr_line' id='line_1_117' title="bbox 354 5643 2481 5729; baseline 0.003 -24"><span class='ocrx_word' id='word_1_803' title='bbox 354 5643 520 5709; x_wconf 80' lang='lat' dir='ltr'><strong>inter</strong></span> <span class='ocrx_word' id='word_1_804' title='bbox 539 5648 840 5726; x_wconf 87' lang='lat' dir='ltr'><strong>apostolos</strong></span> <span class='ocrx_word' id='word_1_805' title='bbox 865 5653 1043 5715; x_wconf 87' lang='lat' dir='ltr'><strong>Petro</strong></span> <span class='ocrx_word' id='word_1_806' title='bbox 1061 5643 1576 5724; x_wconf 62' lang='lat' dir='ltr'><strong>concedere,&#39;cum</strong></span> <span class='ocrx_word' id='word_1_807' title='bbox 1593 5643 1729 5711; x_wconf 79' lang='lat' dir='ltr'><strong>vere</strong></span> <span class='ocrx_word' id='word_1_808' title='bbox 1747 5649 2006 5728; x_wconf 82' lang='lat' dir='ltr'><strong>dignita-</strong></span> <span class='ocrx_word' id='word_1_809' title='bbox 2091 5653 2481 5729; x_wconf 80' lang='lat' dir='ltr'><strong>evangelistae.</strong></span> 
     </span>
    </p>
   </div>
  </div>
