4126 6268
381 352 499 425 239

1344 348 1930 415 THEOPAYLAGTI
1973 331 2377 408 BULGARLE
2422 334 2777 408 ΑΗΟΗΙΕΡ.

3630 328 3748 407 240

380 490 630 553 serpens
657 471 719 531 in
748 478 998 548 augusto
1029 467 1282 548 quodam
1304 464 1594 526 foramine
1611 460 2010 553 circumstrin-

2103 466 2181 518 καὶ
2237 462 2660 544 διεξερχόμενος,
2694 464 2973 521 ἀποδύεται
3004 462 3066 522 τὸ
3108 464 3336 522 παλαιὸν
3382 464 3567 543 δέρμα,
3603 464 3742 520 οὕτω

379 562 462 639 git
485 551 584 635 se,
618 571 678 622 et
708 558 1000 619 transiens
1030 556 1246 635 pellem
1277 562 1535 614 veterem
1578 551 1859 629 exspoliat
1886 575 1897 615 :
1934 554 2015 612 ita

379 658 441 713 et
471 669 577 711 nos
607 666 714 729 per
741 651 1047 723 angustam
1080 644 1229 703 viam
1262 643 1630 713 incedamus,
1673 649 2011 702 utveterem

379 728 662 802 exuamus
707 735 1034 797 hominem.
1067 731 1488 794 Verumtamen
1513 728 1649 808 quia
1678 737 1736 789 et
1764 746 2012 809 serpens

379 826 620 890 nocivus
650 835 762 902 est,
787 821 959 903 jubet
986 839 1094 881 nos
1116 819 1416 898 simplices
1438 835 1591 888 esse,
1613 817 1723 876 hoc
1754 827 1863 891 est,
1890 818 2012 877 sin-

378 934 568 988 ceros,
603 923 662 977 et
688 912 912 991 absque
952 910 1191 981 malitia,
1242 906 1588 983 nullumque
1618 904 2006 978 oﬂ‘emlentes,

377 1005 530 1066 sicut
553 1000 843 1063 columba
876 1020 890 1062 ε
922 998 1039 1059 illae
1071 996 1228 1058 enim
1256 1012 1389 1055 cum
1420 994 1763 1054 auferuntur
1784 993 1870 1052 eis
1900 993 2007 1053 foe-

378 1101 493 1167 tus,
528 1099 587 1152 et
612 1087 1085 1170 persecutionem
1117 1084 1437 1164 patiuntur,
1463 1099 1666 1141 rursus
1705 1080 1776 1170 ad
1810 1081 2005 1141 domi-

378 1199 489 1242 nos
510 1169 650 1240 suos
663 1171 1200 1238 revertuntur.Esto
1229 1171 1407 1248 igitur
1434 1169 1693 1248 prudens
1717 1169 1866 1229 sicut
1887 1187 2004 1229 ser-

378 1286 547 1350 pens,
583 1266 663 1327 ita
692 1273 754 1326 ut
784 1283 859 1325 ne
889 1261 1220 1350 deridearis
1250 1258 1529 1350 ob_vita£n
1588 1257 1853 1350 ab_aliis.
1905 1257 2011 1319 sed

378 1343 578 1417 omnia
609 1370 706 1415 tua
725 1352 871 1413 citra
916 1349 1111 1411 labem
1144 1345 1436 1427 perﬁcias.
1464 1343 1618 1420 Erga
1639 1344 1786 1405 alios
1815 1355 2011 1405 autem

376 1463 452 1507 ne
477 1444 592 1505 illis
618 1458 855 1513 noceas,
888 1439 968 1501 sis
993 1437 1151 1499 velut
1179 1433 1473 1505 columba,
1510 1433 1620 1493 hoc
1663 1436 1774 1512 est,
1810 1433 2012 1494 neuti-

377 1551 551 1614 quam
584 1529 900 1608 malignus.

457 1618 638 1682 Vens.
674 1615 908 1692 17,18.
955 1637 982 1669 ι
1013 1610 1224 1674 CaVete
1273 1619 1469 1671 autem
1522 1610 1596 1671 ab
1646 1609 2011 1691 hominibus,

2094 552 2180 606 καὶ
2228 554 2393 626 ἡμεῖ)
2422 552 2505 610 διὰ
2534 552 2629 619 τῆς
2672 559 2867 618 στενῶς
2894 552 3012 611 ὁδοῦ
3061 552 3348 627 ὁδεὺοντες,
3393 555 3485 608 τὸν
3513 550 3740 609 παλαιὸν

2094 638 2439 715 ἂιποδυώμεθα
2492 640 2785 719 ἄνθρωπον.
2866 641 3014 700 Ἐπεὶ
3057 641 3111 698 δὲ
3143 645 3171 698 6
3222 642 3341 721 ὅφις
3371 642 3464 698 καί
3509 640 3738 717 βλαπτι-

2093 726 2187 789 κός
2243 728 2377 808 ἐστι,
2439 728 2638 786 κελεύει
2687 732 2830 805 ἡμᾶς
2887 731 3159 811 ἀκεραίους
3219 732 3387 805 εἶναι,
3445 729 3735 803 τουτέστιν,
3786 736 3792 742 ’

2092 814 2292 879 ἁπλοῦς
2342 819 2429 873 καὶ
2498 817 2795 896 ἆπονήρους
2854 822 2940 876 καὶ
3012 822 3089 895 μὴ
3150 818 3497 896 βλαπτικοὺς,
3554 819 3627 880 ὡς
3687 820 3739 872 αἱ

2091 903 2411 979 περιστεραί⁶
2472 906 2623 960 αὗται
2713 906 2835 984 γὰρ,
2894 909 2982 962 καὶ
3039 906 3416 985 ἀφαιρούμεναι
3466 906 3534 959 τὰ
3582 902 3738 957 τέκνα

2090 992 2177 1045 καὶ
2248 988 2589 1067 διωκόμεναι,
2669 996 2812 1056 αὖθις
2881 996 3352 1069 επανακᾶμπτουσι
3411 994 3544 1071 πρὸς
3614 989 3738 1052 τοὺς

2090 1074 2368 1142 δεσπότας.
2430 1069 2576 1137 ’Ἐσο
2608 1080 2695 1136 οὖν
2718 1083 2969 1160 φρόνιμος
3029 1084 3103 1146 ὡς
3160 1082 3300 1160 ὄφις,
3347 1069 3483 1136 ὣστε
3515 1080 3592 1154 μὴ
3646 1097 3738 1153 γε-

2091 1164 2277 1221 ὶᾶσθαι
2334 1165 2389 1220 ἐν
2458 1172 2535 1239 τῷ
2561 1168 2682 1245 βίῳ,
2716 1167 2850 1225 ἄλλα
2879 1170 3052 1225 πάντα
3095 1170 3158 1225 τὰ
3198 1170 3332 1225 κατὰ
3362 1168 3421 1224 σὲ
3470 1169 3739 1242 ἂμὼμητα

2092 1250 2393 1311 ’διατιθέναι⁸
2466 1257 2597 1334 πρὸς
2651 1255 2705 1311 δὲ
2762 1259 2823 1312 τὸ
2878 1257 3133 1333 βλάπτειν
3186 1258 3417 1337 ἑτέρους,
3467 1255 3556 1311 ἔσο
3613 1253 3740 1309 ὡσεὶ

2093 1344 2400 1422 περιστερὰ,
2435 1346 2723 1420 τουτέστιν,
2760 1346 3050 1426 ἀπόνηρος.

2178 1629 2208 1661 α
2243 1606 2541 1685 Προσέχετε
2598 1608 2653 1664 δὲ
2714 1610 2822 1666 ἀπὸ
2867 1616 2974 1667 τῶν
3014 1610 3325 1690 ἀνθρώπων,
3369 1608 3735 1689 παραδώσουσι

376 1708 609 1771 tradent
635 1705 795 1768 enim
815 1720 917 1763 vos
942 1702 1001 1761 in
1032 1699 1305 1773 concilia,
1338 1709 1398 1761 et
1428 1700 1486 1758 in
1539 1698 1847 1793 synagogis
1890 1700 2010 1760 suis

2103 1695 2193 1771 γὰρ
2249 1696 2385 1771 ὑμᾶς
2442 1698 2515 1759 εἷς
2574 1696 2831 1776 ουνέδρια,
2877 1700 2965 1755 καὶ
3020 1697 3075 1753 ἐν
3101 1712 3225 1764 ταῖς
3270 1710 3605 1776 συναγωγαῖς
3637 1699 3736 1753 αὒ-

375 1795 753 1877 ﬂagellabunt
794 1809 919 1865 vos,
973 1797 1032 1850 et
1072 1788 1145 1849 ad
1198 1788 1387 1877 duces
1413 1796 1481 1877 et
1499 1805 1671 1865 reges
1715 1786 2010 1877 ducemini

2103 1789 2199 1839 τῶν
2256 1786 2681 1862 μαστιγώσουσιν
2732 1790 2891 1868 ὑμᾶς,
2951 1789 3040 1843 καὶ
3088 1786 3173 1844 ἐπὶ
3211 1786 3482 1866 ἡγεμόνας
3536 1782 3593 1842 δὲ
3649 1787 3737 1841 καὶ

375 1875 617 1966 propter
664 1901 780 1957 me,
828 1880 891 1940 in
939 1876 1343 1939 testimonium
1376 1875 1522 1956 ipsis
1550 1894 1618 1935 ac
1647 1876 1940 1966 gentibus.
1982 1903 2006 1932 ι

372 1964 557 2035 Vides
584 1975 696 2034 hoc
726 1987 859 2032 esse
890 1966 1222 2046 prudentis,
1256 1983 1488 2039 cavere,
1519 1972 1581 2024 et
1610 1982 1727 2023 non
1746 1964 1887 2025 dare
1918 1984 2014 2025 oc-

373 2063 672 2125 casionem
691 2055 1028 2120 volentibus
1044 2053 1347 2134 persequi,
1372 2054 1475 2113 sed
1503 2052 1825 2129 prudenter
1838 2071 2014 2131 agere

372 2169 471 2213 res
500 2156 753 2211 nostras.
783 2144 845 2207 Si
877 2142 1184 2224 pecuniam
1207 2141 1454 2201 voluerit
1483 2141 1581 2219 qui
1612 2142 2008 2222 persequitur,

373 2240 423 2301 si
445 2234 839 2309 honorem,da
863 2241 925 2293 ut
953 2249 1026 2291 ne
1048 2229 1419 2291 occasionem
1449 2228 1663 2288 habeat
1681 2248 1695 2261 °
1732 2230 1783 2288 si
1813 2238 2010 2289 autem

374 2326 553 2387 fidem
581 2325 793 2398 aufert,
818 2316 1045 2382 custodi
1076 2328 1240 2376 tuum
1255 2314 1581 2395 caput.Non
1600 2322 1801 2387 autem
1827 2315 2011 2376 disci-

374 2415 548 2496 pulos
585 2412 873 2473 missurus
901 2406 1123 2496 eratad
1154 2405 1385 2496 Iudaeos
1428 2405 1645 2496 solum,
1689 2403 1792 2496 sed
1836 2404 2009 2496 etiam

373 2491 450 2566 ad
484 2509 723 2580 gentes:
747 2497 968 2558 idcirco
1017 2493 1285 2555 dicitqu
1320 2491 1721 2553 testimonium
1771 2492 1913 2580 ipsis
1953 2501 2012 2553 et

374 2577 670 2670 gentibus,
699 2587 811 2648 hoc
843 2593 951 2657 est,
986 2582 1047 2642 in
1078 2590 1277 2643 notam
1310 2588 1368 2641 et
1392 2581 1448 2640 in
1483 2577 2008 2659 reprehensionem

376 2695 580 2739 eorum
609 2676 708 2757 qui
736 2691 855 2735 non
886 2671 1163 2733 credunt.

455 2851 640 2916 VEns.
673 2853 768 2924 19,
799 2848 898 2910 90.
941 2867 969 2906 ε
990 2848 1065 2907 At
1094 2864 1227 2907 cum
1280 2845 1630 2907 tradiderint
1660 2845 1753 2905 49
1783 2864 1905 2918 vos,
1938 2864 2014 2905 ne

2089 1870 2335 1947 βασιλεῖς
2405 1873 2703 1953 ἀχθήσεσθε
2757 1875 2933 1932 ἕνεκεν
2981 1875 3135 1951 ἐμοῦ,
3190 1877 3264 1940 εἷς
3313 1876 3591 1954 μαρτύριον
3647 1873 3736 1929 αὒ-

2090 1973 2207 2024 τοῖς
2266 1962 2351 2017 καὶ
2409 1975 2527 2024 τοῖς
2585 1962 2802 2022 ἔθνεσιν.
2835 1988 2868 2021 ι
2906 1956 3083 2043 Ὀρᾷς,
3114 1965 3267 2022 τεῦτό
3296 1964 3406 2020 ἐπι
3438 1965 3499 2019 τὸ
3550 1963 3735 2043 φρόνι-

2093 2071 2193 2123 μον
2223 2050 2392 2122 εἶνπι,
2437 2051 2498 2105 τὸ
2528 2052 2813 2131 προσέχειν
2846 2055 2932 2109 καὶ
2990 2054 3067 2127 μὴ
3108 2050 3303 2109 διδόναι
3334 2053 3576 2130 ἀφορμὴν
3618 2064 3734 2113 τοῖς

2091 2137 2297 2195 θέλουσι
2353 2137 2570 2215 θλίϐειν,
2648 2140 2783 2198 ἀλλὰ
2852 2143 3118 2221 φρονίμως
3174 2140 3395 2200 διοικεῖν
3483 2143 3549 2197 τὰ
3619 2138 3732 2197 καθ’

2093 2227 2333 2291 ἑαυτούς·
2394 2227 2455 2282 ἄν
2506 2231 2763 2307 χρήματα
2793 2230 2921 2307 θέλῃ
2975 2233 3004 2287 6
3032 2230 3262 2309 διώκων,
3321 2230 3382 2288 ἂν
3429 2230 3614 2305 τιμὴν,
3649 2227 3736 2293 δὸς

2091 2313 2185 2369 ἵνα
2242 2314 2321 2387 μὴ
2378 2314 2486 2393 ἔχη
2519 2317 2787 2394 ἀφορμήνο
2825 2316 2886 2373 ἅν
2944 2316 2999 2374 δὲ
3052 2318 3150 2385 τὴν
3194 2320 3369 2375 πίστιν
3426 2318 3737 2398 ἀφαιρῆται,

2093 2400 2322 2481 φύλαττέ
2393 2424 2486 2459 σου
2537 2405 2639 2471 τὴν
2692 2405 2957 2484 κεφαλὴν,
2990 2408 3065 2465 Ού
3117 2409 3279 2480 μόνον
3332 2405 3386 2463 δὲ
3415 2410 3546 2485 πρὸς
3604 2406 3741 2463 Ἰου-

2092 2488 2267 2553 δαίους
2326 2491 2557 2567 πέμπειν
2614 2492 2799 2567 μέλλει
2855 2497 2976 2558 τοὺς
3034 2497 3300 2575 μαθητὰς,
3326 2494 3464 2551 ἀλλὰ
3494 2496 3579 2551 καὶ
3611 2497 3740 2571 πρὸς

2089 2580 2155 2636 τὰ
2225 2576 2373 2658 ἔθνη,
2431 2578 2510 2636 διὸ
2537 2584 2626 2638 καὶ
2650 2581 2820 2662 λέγει,
2869 2584 2955 2647 Εἰς
2988 2585 3270 2663 μαρτύριον
3298 2584 3481 2646 αὐτοῖς
3508 2584 3594 2639 καὶ
3622 2597 3741 2647 τοῖς

2092 2665 2284 2746 ἔθνεσι,
2341 2669 2609 2727 τουτέστιν
2665 2674 2741 2737 εὶς
2818 2670 3045 2752 ἔλεγχον
3097 2675 3265 2730 αὐτῶν
3325 2674 3404 2747 μὴ
3452 2673 3737 2728 πιστευόν-

2092 2776 2222 2817 των,

2178 2865 2207 2897 α
2242 2834 2418 2902 ’Ὅταν
2475 2843 2531 2902 δὲ
2602 2846 2953 2925 παραδιδῶσιν
3011 2849 3171 2923 ὑμᾶς,
3232 2850 3311 2924 μὴ
3366 2850 3735 2924 μεριμνήσητε

374 2944 503 3005 sitis
532 2940 771 3004 solliciti
791 2935 1086 3016 quomodo
1112 2943 1210 2995 aut
1239 2934 1378 3013 quid
1412 2934 1759 3013 loquamini;
1779 2933 2010 2994 dabitur

2103 2938 2211 2995 πῶς
2275 2931 2311 2998 ἥ
2367 2935 2417 2989 τί
2473 2933 2769 3015 λαλήσητε,
2828 2934 3101 3007 δοθήσεται
3133 2939 3234 3016 γὰρ
3262 2939 3389 3013 ὑμῖν
3445 2936 3499 2993 ἐν
3556 2937 3732 3011 εκείνη

372 3032 532 3094 enim
566 3011 826 3090 νοιιίεἱῐί
840 3024 941 3086 illa
970 3025 1115 3085 hora
1136 3011 1273 3102 quid
1308 3011 1649 3101 loquamini.
1683 3020 1810 3082 Non
1840 3022 1996 3082 enim

2103 3026 2164 3096 τῇ
2222 3019 2332 3099 ὥρᾳ
2381 3023 2430 3078 τί
2460 3011 2861 3093 λαλήσητεξοῦ
2889 3026 2987 3103 γὰρ
3042 3011 3351 3101 ὑμεῖςήὲστε
3402 3028 3447 3083 οἱ
3514 3024 3736 3081 λαλοῦν-

372 3140 474 3182 vos
503 3119 642 3182 estis
672 3117 757 3178 illi
786 3115 1115 3195 loquentes,
1166 3111 1269 3172 sed
1302 3111 1557 3190 Spiritus
1605 3111 1793 3172 Patris
1824 3111 2002 3172 vestri

2103 3127 2195 3183 ῖες,
2269 3108 2406 3167 ἀλλὰ
2474 3114 2536 3195 1:6
2594 3116 2804 3188 Πνεῦμα
2851 3120 2943 3169 τοῦ
2970 3117 3172 3193 Πατρὸς
3203 3117 3371 3190 ὑμῶν,
3422 3117 3484 3171 τὸ
3549 3112 3744 3173 λαλεῠν

373 3210 474 3290 qui
522 3207 777 3288 loquitur
830 3191 891 3262 in
938 3202 1134 3290 vobis.
1163 3224 1213 3290 Διι
1261 3198 1349 3260 Ne
1378 3199 1631 3290 dicant:
1695 3198 2007 3290 Quomodo

2103 3195 2143 3251 ἐν
2197 3200 2352 3273 ὑμῖν,
2412 3218 2446 3259 ι
2523 3191 2653 3257 ’Ἵνα
2726 3203 2805 3277 μὴ
2868 3191 3094 3276 εἴπωσι,
3121 3204 3220 3260 Καὶ
3266 3209 3381 3267 πῶς
3410 3201 3738 3276 δυνησόμεθα

375 3286 735 3379 persuadere
770 3289 1091 3379 poterimus
1123 3287 1628 3379 idiotaeysapientia
1682 3286 2009 3368 praeditos?

2103 3298 2274 3342 πεῖσαι
2329 3287 2520 3366 σοφοὺς
2593 3286 2796 3345 ἰδιῶται
2852 3290 3051 3364 ὄντες;
3107 3289 3309 3345 κελεὺει
3364 3288 3595 3370 θαρρεῖν,
3654 3299 3747 3352 καὶ

368 3377 542 3465 jubet
565 3381 839 3443 fiduciam
869 3378 1110 3465 habere,
1145 3385 1213 3465 et
1236 3377 1691 3437 sollicitudinem
1741 3379 2009 3465 depone:

374 3462 441 3535 re
472 3492 486 3531 :
521 3488 656 3530 nam
701 3486 836 3529 cum
879 3466 1035 3526 inter
1084 3464 1290 3524 fideles
1350 3483 1689 3525 sermonem
1756 3462 2012 3526 habituri

372 3575 621 3632 sumus,
682 3555 926 3632 dignum
956 3559 1046 3613 est
1090 3561 1151 3609 ut
1182 3552 1680 3630 praemeditemur.
1720 3562 1777 3613 et
1828 3553 2011 3630 parati

374 3648 559 3709 simus
617 3646 687 3707 ad
746 3641 1194 3711 defensionem,
1255 3640 1750 3718 quemadmodum
1805 3644 2012 3702 Petrus

375 3736 651 3797 admonet
678 3729 755 3786 16.
792 3730 950 3789 Inter
971 3726 1171 3787 turbas
1194 3735 1391 3787 autem
1424 3736 1480 3786 et
1510 3745 1679 3804 reges
1710 3728 2014 3789 insanien-

376 3835 465 3885 tes
492 3839 665 3884 suum
695 3815 982 3900 promittit
1009 3813 1213 3892 robur,
1254 3832 1329 3873 ne
1365 3814 1675 3874 tineamus.
1734 3814 2009 3875 Nostrum

376 3924 469 3975 est
491 3912 651 3972 enim
682 3903 948 3968 confiteri
985 3920 998 3965 :
1034 3902 1333 3982 sapienter
1378 3912 1571 3962 autem
1621 3905 2008 3984 respondere,

376 3998 508 4063 Dei.
539 3996 610 4059 Et
632 4013 708 4057 ne
728 3990 1048 4073 suspiceris
1078 3990 1402 4051 uaturalem
1432 4009 1561 4052 esse
1587 3991 1647 4051 in
1677 3992 2009 4053 defenden-

379 4087 454 4149 do
484 4084 859 4152 industriam,
908 4078 1137 4158 inquit:
1190 4080 1322 4141 Non
1366 4096 1485 4151 vos
1524 4079 1857 4159 loquimini,
1906 4080 2013 4141 sed

378 4172 651 4255 Spiritus.

459 4265 623 4328 Vens
644 4259 744 4323 2i.
782 4281 802 4312 σ
837 4256 1052 4318 Tradet
1071 4266 1267 4317 autem
1290 4255 1469 4317 frater
1493 4256 1729 4317 fratrem
1754 4256 1815 4317 iu
1849 4276 2011 4318 mor-

2096 3375 2172 3448 μὴ
2230 3380 2509 3453 μεριμνᾷνο
2562 3373 2688 3432 ὅταν
2740 3378 2839 3450 μὲν
2889 3378 2989 3455 γὰρ
3042 3376 3327 3453 μέλλωμεν
3384 3376 3593 3453 μεταξύ
3641 3399 3740 3432 πι-

2095 3468 2233 3519 στῶν
2306 3462 2661 3541 διαλέγεσθαι,
2732 3462 2817 3521 δεῖ
2872 3468 3015 3540 ἡμᾶς
3065 3465 3417 3545 προμελετᾷν,
3452 3467 3540 3522 καὶ
3595 3465 3739 3520 ἑτοί-

2094 3571 2227 3625 μους
2287 3551 2429 3607 εἶναι
2487 3554 2618 3629 πρὸς
2676 3550 2994 3630 ἀπολογίαν,
3023 3554 3152 3617 ὡςὸ
3209 3556 3403 3632 Πέτρος
3461 3565 3735 3629 παραινεῖ⁰

2094 3638 2287 3713 μεταξὺ
2354 3637 2408 3693 δὲ
2437 3638 2622 3718 ὃχλων
2670 3643 2756 3696 καὶ
2784 3640 3048 3716 βασιλέων
3092 3645 3452 3717 μαινομένων,
3482 3643 3578 3710 τὴν
3609 3643 3737 3699 ἑαυ-

2092 3732 2182 3781 τοῦ
2238 3728 2582 3806 ὑπισχνεῖται
2652 3730 2833 3808 ἰσχὺν,
2902 3730 2995 3786 ἵνα
3044 3731 3122 3805 μὴ
3154 3728 3495 3809 φοϐηθῶμεν
3529 3733 3592 3786 τὸ
3642 3731 3741 3806 μὲν

2091 3816 2191 3893 γὰρ
2244 3815 2556 3893 ὁμολογεῖν,
2602 3819 2880 3893 ἡμέτερον·
2913 3821 2975 3874 τὸ
3004 3817 3063 3892 δὲ,
3102 3824 3277 3900 σοφῶς
3327 3819 3737 3898 ἀπολογεῖσθαι,

2092 3908 2245 3963 Θεοῦ.
2309 3905 2406 3961 Καὶ
2463 3903 2555 3960 ’ίνα
2600 3906 2676 3980 μὴ
2704 3904 2976 3982 ὑπολάϐῃς
3007 3906 3088 3963 ὅτι
3116 3910 3311 3986 φυσική
3373 3907 3514 3965 ἐστιν
3543 3909 3578 3976 ἡ
3610 3908 3741 3985 πρὸς

2092 3992 2186 4054 τὰς
2242 3990 2531 4068 ἀπολογίας
2590 3991 2982 4070 ἐπιτηδειότης,
3042 3997 3226 4073 φησὶν,
3286 3997 3402 4075 Οὐχ
3451 3998 3609 4072 ὑμεῖς
3638 3994 3741 4051 λα-

2093 4079 2268 4152 λεῖτε,
2300 4079 2437 4137 ἀλλὰ
2468 4083 2530 4138 τὸ
2560 4089 2797 4158 Πνεῦμα,

2180 4279 2204 4311 ι
2240 4256 2543 4333 Παραδώσει
2599 4255 2654 4313 δὲ
2706 4258 2928 4340 ἀδελφὸς
2958 4259 3182 4342 ἀδελφὸν
3242 4264 3314 4326 εἰς
3357 4262 3605 4336 θάνατον,
3652 4273 3746 4325 καὶ

382 4361 523 4425 tem,
557 4357 615 4411 et
637 4355 801 4428 pater
828 4344 1037 4418 filium,
1072 4352 1132 4405 et
1154 4346 1458 4424 insurgent
1486 4345 1589 4405 filii
1615 4346 1893 4407 adversus
1916 4366 2010 4426 pa-

2103 4346 2269 4423 πατὴρ
2317 4346 2524 4406 τέκνον.
2598 4348 2698 4406 Καὶ
2752 4350 3206 4419 ἓπαναστήσονται
3236 4351 3395 4408 τέκνα
3422 4350 3507 4407 ἐπὶ
3533 4363 3742 4430 γονεῖς,

378 4448 604 4519 rentes,
630 4444 690 4498 et
707 4442 895 4495 morte
927 4434 1187 4494 afﬁcient
1218 4452 1377 4495 eos.»
1419 4433 1691 4496 Praedicit
1721 4437 1807 4496 eis
1830 4454 2016 4496 even-

380 4541 532 4604 tura,
567 4544 642 4586 ne
683 4522 997 4584 turbentur
1042 4541 1177 4582 cum
1208 4522 1553 4584 acciderint.
1591 4524 1859 4586 Ostendit
1905 4544 2014 4585 au-

381 4628 500 4681 tem
522 4625 578 4677 et
600 4609 1036 4694 praedicationis
1056 4611 1193 4684 vim,
1210 4610 1505 4690 quomodo
1530 4621 1795 4673 naturam
1828 4612 2015 4692 ipsam

383 4714 767 4769 contemnere
813 4699 1010 4760 faciat.
1043 4697 1150 4759 Hic
1193 4700 1350 4760 enim
1384 4698 1861 4761 Cliristianismus
1901 4711 2014 4781 est,

386 4804 445 4859 et
467 4791 757 4856 insaniam
789 4788 1025 4847 illorum
1067 4787 1302 4848 interim
1338 4789 1689 4859 manifestat,
1717 4791 1871 4869 quod
1905 4808 2018 4851 ne-

386 4902 501 4968 que
529 4878 1213 4968 familijtribuspareum,
1273 4965 1306 4968 ,γ
1395 4966 1406 4968 ᾼ
1477 4910 1501 4968 Δ(

468 4973 648 5034 Vens.
696 4966 796 5028 2‘2.
842 4986 870 5024 ‹
901 4964 973 5025 Ει
1002 4965 1165 5025 eritis
1216 4965 1349 5027 odio
1394 4964 1579 5026 habiti
1625 4968 1701 5027 ab
1745 4967 2021 5030 omnibus

2096 4435 2184 4490 καὶ
2238 4437 2623 4493 θανατώσουσιν
2683 4438 2891 4500 αὐτούς.
2933 4461 2955 4493 ι
2992 4437 3247 4517 Προλέγει
3287 4443 3468 4502 αὐτοῖς
3511 4442 3578 4496 τὰ
3602 4461 3743 4514 συμ-

2096 4519 2390 4598 ϐησόμενα,
2449 4523 2540 4578 ἵνα
2609 4521 2735 4580 ὅταν
2792 4525 3071 4605 γένωνται,
3134 4530 3212 4599 μὴ
3260 4525 3611 4607 θορυϐηθῶσι·
3645 4525 3746 4583 δεί-

2098 4633 2246 4667 κνυσι
2302 4610 2357 4669 δὲ
2409 4614 2497 4668 καὶ
2576 4616 2675 4680 τὴν
2761 4615 2854 4671 τοῦ
2914 4616 3254 4695 κηρύγματος
3328 4616 3571 4699 δύναμιν,
3626 4625 3743 4680 πῶς

2100 4712 2248 4757 ποιεῖ
2328 4715 2677 4780 καταφρονεῖν
2721 4709 2818 4770 τῆς
2888 4706 3118 4783 φύσεωςο
3163 4715 3396 4773 τοιοῦτυς
3424 4708 3524 4787 γὰρ
3553 4710 3581 4764 6
3610 4714 3746 4783 Χρι-

2102 4791 2428 4864 στιανισμός’
2505 4789 2643 4847 ἀλλὰ
2697 4793 2786 4847 καὶ
2840 4793 2940 4859 τὴν
2996 4795 3186 4868 μανίαν
3236 4795 3448 4853 ἐκείνων
3478 4798 3741 4875 ἐμφαίνει,

2101 4877 2182 4934 ὅτι
2214 4876 2329 4935 οὐδὲ
2349 4885 2455 4935 τῶν
2487 4880 2825 4936 οἰκειοτάτων
2854 4882 3149 4961 φείσονται,

2189 4989 2216 5024 ε
2255 4969 2350 5026 Καὶ
2406 4967 2579 5025 ἔσεσθε
2612 4971 2918 5045 μισούμενοι
2948 4973 3049 5028 ὑπὸ
3100 4972 3310 5029 πάντων
3338 4971 3423 5029 διὰ
3478 4978 3538 5031 τὸ
3578 4975 3747 5050 ὄνομά

390 5069 632 5143 propter
666 5072 883 5116 nomen
920 5070 1142 5118 meum.
1168 5053 1277 5127 Qui
1314 5063 1510 5116 autem
1561 5058 2010 5134 perseveraveril

2104 5073 2228 5135 μου*
2288 5059 2317 5112 6
2373 5055 2429 5113 δὲ
2478 5059 2763 5134 ὑπομείνας
2820 5060 2893 5122 εἰς
2948 5059 3125 5141 τέλος,
3174 5064 3325 5125 οὗτος
3356 5064 3673 5134 σωθήσεται,
3714 5087 3741 5124 ε

393 5168 578 5230 usque
606 5146 667 5206 in
698 5149 903 5230 linem,
939 5143 1035 5204 hic
1056 5148 1246 5204 salvus
1275 5144 1406 5204 erit.
1438 5169 1461 5199 »
1484 5144 1572 5203 Ab
1602 5144 2023 5218 omnibus,hoc

2105 5150 2176 5205 Τὸ
2204 5148 2304 5203 ὑπὸ
2358 5148 2594 5226 πάντων,
2658 5148 2938 5231 ἀντὶῌτοῦ,
2981 5150 3084 5205 ὑπὸ
3114 5149 3348 5213 πολλῶν,
3379 5152 3452 5209 Οὔ
3481 5155 3580 5231 γὰρ
3610 5154 3747 5210 πάν-

395 5224 506 5318 εει,
530 5233 806 5298 amultis.
852 5229 979 5292 Non
1011 5233 1169 5293 enim
1210 5251 1419 5294 omnes
1475 5232 1608 5293 illos
1636 5232 1771 5296 odio
1817 5252 2010 5313 perse-

2105 5256 2192 5301 τες
2248 5236 2460 5311 ἐμίσουν
2514 5224 2724 5302 αὐτούς.
2784 5224 2951 5294 Ἦσαν
3009 5239 3108 5318 γὰρ
3161 5241 3248 5295 καὶ
3302 5243 3349 5296 οἱ
3376 5224 3744 5320 παραδεξάμε-

394 5324 729 5410 quebantur
764 5337 778 5381 :
813 5337 947 5381 nam
981 5321 1273 5410 nonnulli
1320 5330 1379 5383 et
1426 5322 1601 5382 fidem
1646 5332 2023 5402 acceperant.

2109 5347 2188 5381 νοι
2244 5325 2344 5390 τὴν
2390 5326 2587 5382 πίστιν·
2652 5328 2681 5383 6
2736 5324 2791 5382 δὲ
2820 5327 2951 5406 ἄχρι
2980 5326 3162 5393 τέλους
3208 5330 3517 5405 ὑπομείνας,
3549 5335 3748 5408 καίμή

394 5407 506 5491 Qui
535 5418 729 5474 autem
761 5425 946 5489 usque
977 5407 1039 5469 in
1088 5410 1265 5470 tinem
1298 5410 1787 5491 perseveraverit,
1819 5423 1880 5472 et
1911 5431 2010 5473 nor

2112 5412 2167 5468 ἂν
2194 5418 2262 5487 τῇ
2291 5414 2438 5491 ἀρχῇ
2467 5413 2653 5489 μόνον,
2714 5413 2921 5477 ἐκεῖνος
2979 5420 3078 5481 τῆς
3109 5416 3317 5472 αἰωνίου
3349 5417 3543 5492 μεθέξει
3575 5423 3741 5489 ζωῆς.

391 5507 582 5570 solum
609 5497 923 5578 inceperit,
957 5496 1059 5557 ille
1089 5506 1325 5560 aeternae
1345 5500 1472 5561 vitae
1501 5500 1793 5580 particeps
1816 5501 1945 5562 erit.

467 5668 529 5755 ἕο
554 5666 581 5729 ι
602 5672 761 5732 Patr.
794 5682 879 5731 in.

3674 5558 3701 5591 δ
