4126 6268
392 384 509 447 247

1354 388 1946 451 THEOPHYLACTI
1992 385 2393 449 BULGARUE
2433 388 2788 449 ARCHIEP.

3633 381 3747 447 248

391 517 689 597 intelligas
714 520 1081 598 quodjustus
1114 519 1485 581 existimetur
1544 520 1715 581 etiam
1778 520 1874 578 ille
1933 518 2026 597 qui

2138 518 2364 593 ,ήψεταιο
2425 518 2460 586 ἢ
2534 520 2621 574 καὶ
2652 517 2843 594 ἑτέρως
2877 520 3110 592 νοήσεις,
3144 519 3223 574 ὅτι
3267 517 3464 582 δίκαιος
3493 517 3751 594 λογισθή-

391 607 729 685 suscipit,et
764 609 1013 688 accipiet
1046 609 1379 668 mercedem
1414 610 1669 689 quainju
1712 609 2029 687 ticapiunt.

473 785 649 847 Vens.
674 787 769 848 4‘2.
805 810 829 839 σ
852 785 924 847 Et
955 787 1294 869 quicunque
1316 789 1597 868 potaverit
1622 806 1798 848 unum
1828 805 1895 846 ex
1921 804 2032 864 pu-

392 869 545 934 sillis
576 873 702 934 istis
736 875 948 953 poculo
982 876 1206 955 frigida:
1235 895 1401 957 aqua;
1449 884 1670 936 tantum
1704 876 1764 935 in
1796 874 2034 935 nomine

392 959 699 1043 discipuli,
724 982 896 1023 amen
916 964 1047 1025 dico
1070 965 1380 1044 vobis,non
1411 965 1747 1045 perditurus
1770 970 1857 1023 est
1883 980 2034 1021 mer-

396 1051 603 1111 cedem
640 1069 802 1111 suam
862 1076 883 1108 η
923 1055 1010 1115 Ne
1044 1062 1440 1134 paupertatem
1474 1054 1609 1132 quis
1634 1050 2029 1131 praetexatdi-

396 1136 478 1198 cit
522 1139 676 1217 quod
705 1140 824 1200 Etsi
856 1142 1126 1220 poculum
1178 1162 1344 1222 aqua)
1395 1142 1616 1219 frigidae
1656 1141 1759 1199 des
1814 1139 1904 1197 ’52
1963 1158 2029 1197 eo

397 1228 554 1305 quod
578 1228 678 1288 ille
703 1248 870 1289 meus
886 1229 1210 1309 discipulus
1228 1232 1383 1308 sit,et
1407 1231 1580 1309 hujus
1597 1228 1852 1305 accipies
1876 1246 1999 1285 mer
2016 1261 2032 1269 -

398 1315 628 1377 cedem.
692 1316 968 1378 Poculum
1003 1326 1199 1382 autem
1226 1339 1391 1400 aquae
1424 1319 1646 1396 frigidae
1671 1317 1769 1377 dat
1813 1324 1871 1376 et
1899 1316 2033 1393 qui-

401 1402 576 1465 docet
607 1406 943 1486 quempiam
998 1409 1344 1487 ﬂagrantem
1404 1409 1539 1483 igne
1598 1405 1915 1465 iracundia;
1945 1404 2033 1463 vel

399 1493 1015 1571 concupiscentiarum
1050 1506 1107 1558 et
1135 1496 1273 1558 facit
1292 1516 1422 1558 eum
1450 1496 1742 1556 nominari
1768 1493 2033 1571 discipu-

398 1580 521 1640 lum
544 1580 783 1644 Christi:
811 1602 919 1643 nec
942 1584 1037 1644 hic
1064 1585 1244 1663 igitur
1266 1584 1822 1664 perdetmercedein
1844 1600 2030 1642 suam.

1021 1685 1262 1750 CAPUT
1310 1686 1409 1749 XI.

705 1770 791 1834 De
819 1774 894 1834 iis
914 1777 1016 1852 qui
1047 1779 1216 1837 missi
1242 1784 1379 1837 sunt
1407 1795 1442 1835 a
1471 1778 1726 1835 Joanne.

479 1858 663 1922 VEns.
704 1833 1153 1924 1.7«7Etzfacturn
1188 1833 1439 1924 esvtﬂcurn
1474 1833 1915 1923 linemfecisset
1942 1862 2038 1922 ,Ιο-
2063 1833 2097 1881 Β

401 1966 503 2008 sus
535 1950 850 2011 mandandi
878 1952 1087 2014 duodei
1110 1953 1188 2014 im
1213 1953 1518 2031 discipulis
1549 1951 1670 2011 suis
1696 1969 1709 2013 :
1737 1950 2037 2027 digressus

402 2045 491 2098 est
519 2036 682 2099 illinc
714 2047 776 2098 ut
818 2042 1061 2101 doceret
1112 2052 1170 2102 et
1212 2043 1557 2120 przedicaret
1602 2041 1662 2100 in
1714 2038 2039 2100 civitatibus

402 2124 661 2187 illorum.
706 2152 728 2181 η
766 2126 954 2189 Missis
980 2129 1283 2209 discipulis
1307 2129 1434 2208 ipse
1471 2137 1666 2189 cessat
1695 2128 1889 2187 facere
1923 2128 2035 2186 mi-

402 2214 625 2287 racula,
686 2223 742 2276 et
791 2217 977 2277 solum
1038 2218 1289 2279 docebat
1348 2218 1407 2277 in
1438 2216 1764 2296 synagogis.
1817 2213 1957 2275 Nam
1993 2214 2040 2273 si

403 2302 533 2381 ipse
568 2322 827 2382 prmsens
849 2317 1135 2378 curasset,
1174 2306 1316 2365 nulli
1351 2315 1485 2365 tunc
1534 2304 1923 2365 accessissent
1948 2302 2041 2361 di-

404 2390 663 2470 scipulos
700 2413 712 2454 :
749 2400 810 2451 ut
836 2392 1023 2468 igitur
1053 2404 1107 2454 et
1150 2394 1234 2454 illi
1265 2393 1519 2455 habeant
1546 2394 1739 2453 locum
1772 2391 2041 2471 sanandi,

404 2479 534 2558 ipse
566 2480 866 2558 digressus
894 2490 1006 2545 est.

486 2566 839 2643 Vuns.‘2,3.c
880 2574 1143 2631 Joannes
1164 2580 1359 2633 autem
1385 2589 1517 2633 cum
1551 2571 1812 2632 audisset
1836 2571 1893 2630 in
1924 2582 2045 2631 Car-

409 2673 548 2716 cere
576 2656 724 2716 facta
746 2656 984 2732 Christi,
1013 2659 1451 2720 missisduobus
1475 2678 1542 2721 ex
1569 2660 1876 2735 discipulis
1899 2658 2044 2731 suis,

409 2742 556 2804 dixit
582 2743 687 2804 illi:
721 2746 807 2807 Tu
832 2765 895 2807 es
918 2748 1015 2826 qui
1042 2756 1319 2807 venturus
1344 2767 1508 2821 es,an
1535 2748 1710 2808 alium
1746 2758 2046 2826 exspecta-

412 2838 591 2894 mus?
636 2856 664 2888 ι
717 2832 844 2894 Νοη
904 2836 1220 2914 interrogat
1246 2834 1504 2897 Joannes
1547 2837 1709 2915 quasi
1770 2837 2047 2913 ignorans

410 2920 729 2981 Christum.
756 2921 902 2982 Nam
934 2943 1049 2999 quo
1082 2933 1250 3001 pacto
1274 2926 1591 3002 ignoraret,
1644 2944 1773 2983 cum
1809 2933 2047 2984 testatus

2115 627 2259 662 σεται
2314 608 2401 663 καὶ
2465 608 2619 669 αὒτὸς
2650 609 2677 662 ὁ
2734 604 3036 682 δεξάμενος,
3089 609 3172 663 καὶ
3203 607 3430 682 λήψεται
3474 607 3666 681 μισθὸν
3694 603 3751 661 ὄν

2115 696 2162 749 οἱ
2204 692 2394 750 δικαιοι
2427 693 2804 770 λαμϐάνουσιν.

2204 801 2228 837 α
2277 784 2373 839 Καὶ
2431 782 2489 845 ὅς
2519 784 2609 841 ἐὰν
2694 782 2885 860 ποτίσῃ
2915 782 3004 838 ἕνα
3033 787 3138 837 τῶν
3170 791 3369 861 μικρῶν
3415 784 3613 837 τούτων
3642 803 3744 837 πο-

2117 870 2297 947 τήριον
2368 875 2575 951 ψυχροῦ
2631 872 2813 945 μόνον,
2842 874 2916 936 εἷς
2944 870 3113 946 ὄνομα
3143 875 3404 945 μαθητοῦ,
3438 870 3581 951 ἀμην
3609 869 3750 946 λέγω

2114 959 2263 1036 ὕμῖν,
2325 962 2384 1016 οὐ
2576 959 2815 1036 ἀπολέσῃ
2846 961 2938 1015 τὸν
2995 961 3182 1035 μισθὸν
3224 962 3401 1021 αῦτοῦ.
3439 982 3466 1012 ιθ
3518 948 3642 1013 ’Ἰνα
3674 956 3749 1031 μή

2115 1047 2296 1102 πενίαν
2368 1046 2731 1124 προϐάλληταε
2802 1071 2905 1128 τις,
2964 1049 3146 1128 (ρησὶν,
3180 1046 3260 1104 ὅτι
3319 1047 3428 1106 Κᾶν
3498 1048 3752 1122 ποτήριον

2112 1133 2298 1197 ὓδατος
2352 1141 2557 1216 ψυχροῦ
2614 1136 2743 1218 δῷς,
2819 1139 2978 1217 χάριν
3018 1144 3111 1194 τοῦ
3140 1137 3289 1194 εἶναι
3330 1137 3458 1212 ἐμὸν
3510 1137 3751 1209 μαθητὴν

2118 1222 2345 1298 ἐκεῖνον,
2407 1226 2494 1280 καὶ
2549 1226 2732 1282 τούτου
2786 1225 2938 1301 λήψῃ
2998 1226 3086 1281 τὸν
3146 1224 3352 1301 μισθόν’
3405 1225 3659 1295 ποτήριον
3698 1220 3753 1277 δὲ

2119 1314 2324 1390 ψυχροῦ
2382 1310 2557 1368 δίδωσι
2628 1316 2716 1370 καὶ
2754 1316 2782 1370 6
2829 1311 3086 1369 διδάσκων
3127 1314 3247 1369 τινὰ
3274 1312 3651 1393 φλογιζόμενον
3679 1317 3756 1384 τῷ

2116 1406 2207 1454 τοῦ
2260 1400 2423 1474 θυμοῦ
2453 1402 2571 1479 πυρὶ
2639 1402 2727 1457 καὶ
2755 1407 2860 1457 τῶν
2924 1401 3233 1477 ἐπιθυμιῶν.
3270 1402 3366 1459 Καὶ
3393 1407 3559 1456 ποιῶν
3600 1398 3755 1455 αὖτὸν

2120 1488 2363 1560 μαθητὴν
2433 1489 2771 1560 ὀνομάζεσθαι
2830 1496 3075 1571 Χριστοῦ,
3124 1488 3240 1548 οὐδὲ
3270 1492 3417 1552 οὗτος
3462 1487 3548 1545 οῦν
3578 1485 3752 1543 ἀπόλ-

2120 1573 2235 1631 λυσι
2262 1578 2353 1632 τὸν
2385 1578 2570 1651 μισθὸν
2595 1578 2774 1640 αὐτοῦ,

2742 1689 2990 1742 ΚΕΦΑΛ.
3025 1682 3140 1742 IA'.

2360 1768 2482 1846 Περὶ
2507 1768 2613 1824 τῶν
2642 1768 3045 1826 ἀποσταλέντων
3077 1772 3219 1850 παρὰ
3248 1769 3512 1830 ἰωάνχου.

2208 1878 2230 1910 ιι
2310 1857 2408 1913 Καὶ
2476 1856 2684 1935 ἐγένετο
2732 1856 2819 1913 ὅτε
2851 1857 3087 1915 ἐτέλεσεν
3118 1862 3146 1915 6
3204 1857 3409 1927 Ἰησοῦς
3465 1858 3757 1915 διατάσσων

2120 1957 2236 2007 τοϊς
2293 1941 2492 1999 δώδεκα
2551 1949 2818 2019 μαθηταῖς
2877 1951 3056 2026 αὐτοῦ,
3133 1947 3333 2021 μετέϐη
3418 1948 3619 2004 ἐκεῖθεν
3667 1953 3760 2001 τοῦ

2121 2030 2380 2089 διδάσκειν
2438 2034 2525 2089 καὶ
2580 2036 2860 2111 κηρύσσειν
2917 2035 2968 2091 ἐν
3028 2049 3150 2101 ταῖς
3207 2035 3423 2093 πόλεσιν
3482 2036 3676 2096 αὐτῶν,
3726 2058 3753 2088 ι

2123 2123 2252 2185 Τοῦς
2311 2122 2549 2196 μαθητὰς
2621 2123 2963 2197 ἀποστείλας,
3024 2126 3178 2186 αὐτὸς
3231 2124 3419 2181 λοιπὸν
3473 2123 3755 2203 ἡσυχάζει,

2124 2207 2289 2285 μηδὲν
2342 2212 2775 2289 θαυματουργῶν,
2836 2211 2971 2269 ἀλλᾶ
3032 2213 3191 2288 μόνον
3249 2210 3505 2269 διδάσκων
3534 2213 3588 2268 ἐν
3637 2225 3758 2273 ταῖς

2125 2312 2484 2375 συναγωγαῖς.
2546 2301 2599 2355 Εἰ
2651 2301 2750 2377 γὰρ
2832 2300 2986 2364 αὐτὸς
3058 2301 3333 2378 ἐθεράπευε
3390 2303 3593 2380 παρὼν,
3668 2301 3762 2357 οῦκ

2125 2387 2186 2440 ἂν
2231 2388 2603 2465 προσήρχοντό
2671 2409 2809 2451 τινες
2866 2402 2984 2453 τοῖς
3015 2392 3309 2464 μαθηταῖς⁶
3348 2389 3439 2445 ’ἵνα
3468 2393 3555 2445 οὖν
3585 2394 3761 2468 σχῶσι

2128 2475 2314 2554 χὼραν
2359 2474 2555 2532 ἐκεῖνοι
2586 2485 2679 2534 τοῦ
2706 2477 3031 2557 θεραπεύειν,
3079 2480 3232 2541 αῦτος
3254 2477 3576 2553 μεταϐαίνει,

2216 2586 2237 2617 ε
2281 2554 2339 2619 Ὀ
2370 2561 2423 2618 δὲ
2468 2562 2717 2631 Ἰωάννης
2767 2554 3108 2629 ἀκούσας-ἒν
3157 2572 3234 2639 τῷ
3304 2564 3648 2645 δεσμωτηρίῳ
3702 2567 3766 2620 τὰ

2128 2652 2257 2730 ἔργα
2316 2658 2406 2707 τοῦ
2462 2659 2709 2731 Χριστοῦ,
2763 2653 2982 2727 πέμψας
3024 2650 3112 2708 δὺο
3144 2659 3250 2708 τῶν
3282 2657 3535 2727 μαθητῶν
3584 2656 3763 2723 αὑτοῦ,

2131 2753 2283 2795 εἶπεν
2338 2739 2502 2813 αὐτῷ’
2568 2743 2639 2796 Σὺ
2708 2741 2763 2797 εἷ
2793 2744 2821 2796 6
2851 2741 3165 2820 ἐρχόμενος,
3197 2742 3234 2808 ἢ
3262 2740 3437 2819 ἕτερον
3468 2740 3767 2818 προσδοκῶ-

2132 2851 2227 2903 μεν
2254 2848 2270 2908 ς
2343 2852 2366 2885 ι)
2445 2828 2561 2907 Οὐχ
2590 2832 2662 2893 ὡς
2695 2831 2845 2894 αὐτὸς
2876 2832 3077 2907 ἀγνοῶν
3130 2832 3218 2884 τὸν
3272 2830 3493 2907 Χριστὸν
3523 2832 3550 2885 6
3583 2829 3764 2887 Ἰωάν-

2128 2939 2224 2983 νης
2258 2907 2472 2995 ἐρωτᾷ.
2522 2918 2638 2978 Πῶς
2698 2919 2819 2994 γὰρ,
2853 2918 2978 2994 ὑπὲρ
3025 2919 3084 2972 οὗ
3113 2915 3410 2993 ἐμαρτὺρει,
3442 2915 3523 2972 ὅτι
3564 2938 3588 2972 ι
3650 2907 3763 2972 ’Ἱδε

410 3007 505 3070 sit:
530 3007 683 3070 Ecce
703 3013 910 3088 Agnus
932 3011 1294 3073 Dei?Verum
1331 3015 1465 3092 quia
1499 3012 1769 3092 discipuli
1803 3012 1930 3091 ejus
1965 3013 2046 3072 in-

2138 3009 2158 3061 6
2218 3005 2411 3080 Ἀμνὸς
2492 3012 2581 3061 τοῦ
2614 3013 2741 3061 Θεοῦ
2791 3024 2858 3079 ,ο
2898 3002 3045 3060 Ἀλλ’
3089 3003 3197 3060 ἐπεὶ
3258 3007 3305 3060 οἱ
3356 3005 3584 3079 μαθηταὶ
3614 3006 3767 3059 αὐτοῦ

406 3096 683 3158 videbant
712 3099 969 3174 Christo,
1004 3108 1065 3160 ut
1090 3090 1735 3179 pluribus—argumentis
1765 3090 2046 3164 certiores

2138 3094 2376 3173 ἐφθόνουν
2448 3101 2524 3167 τῷ
2581 3101 2811 3171 Χριστῷ,
2848 3093 2939 3148 ’ἕνα
2971 3092 3356 3172 πληροφορήσῃ
3406 3092 3654 3157 ἐκείνους.
3687 3090 3769 3147 διὰ

411 3202 515 3245 eos
542 3185 821 3248 redderet
853 3205 872 3248 :
909 3196 1147 3267 propter
1177 3190 1289 3249 hoc
1341 3190 1513 3250 mittit
1540 3209 1666 3263 eos,
1702 3199 1759 3250 ut
1790 3190 1881 3249 vel
1914 3191 2046 3249 visis

2138 3190 2285 3239 τοῦτο
2356 3180 2671 3238 ἀποστέλλει
2732 3183 2935 3254 αὐτοὺς,
2977 3184 3049 3244 ὡς
3081 3181 3140 3236 ἄν
3167 3183 3234 3237 τὰ
3301 3182 3539 3256 θαύματα
3576 3179 3771 3245 ἰδόντες

414 3273 718 3334 miraculis
750 3275 1287 3338 credanthristum
1321 3275 1550 3339 Joanne
1582 3280 1862 3356 majorem
1894 3296 2047 3338 esse:

413 3370 472 3423 et
502 3363 725 3425 idcirco
758 3366 922 3444 ﬁngit
965 3387 1027 3428 se
1059 3388 1287 3447 rogare:
1322 3372 1404 3431 Tu
1439 3387 1503 3430 es
1527 3370 1623 3449 qui
1651 3379 1932 3429 ventuius
1962 3376 2054 3430 es?

412 3451 526 3512 hoc
549 3453 770 3532 est,qui
786 3465 1160 3533 exspectatur
1176 3456 1556 3536 inScripturis
1580 3462 1635 3516 in
1658 3476 1837 3518 carne
1853 3466 2053 3517 ventu-

412 3538 820 3601 rus.Nonnulli
852 3550 1044 3603 autem
1070 3544 1459 3624 dicunt,quod
1495 3564 1628 3605 cum
1662 3545 1877 3606 dixerit
1905 3564 2045 3604 ven-

2137 3274 2440 3345 πεισθὼσιν,
2494 3271 2574 3325 ὅτι
2608 3273 2799 3345 μείζων
2850 3273 2942 3328 τοῦ
2973 3270 3215 3326 Ἰωάννου
3246 3268 3383 3325 ἐστὶν
3439 3271 3466 3325 ὀ
3524 3270 3770 3347 Χριστός*

2137 3359 2220 3414 διὰ
2290 3366 2444 3415 τοῦτο
2504 3360 2593 3414 καὶ
2623 3360 3012 3437 σχηματίζεται
3084 3362 3236 3420 αὐτὸς
3280 3359 3501 3436 ἐρωτᾷν,
3552 3359 3624 3413 Σὺ
3654 3362 3705 3413 εἴ
3749 3359 3775 3412 ὀ

2138 3449 2479 3528 ἐρχόμενος,
2547 3447 2836 3521 τουτέστιν,
2933 3450 2960 3503 ὁ
3011 3445 3445 3524 προσδοκώμενος
3516 3449 3570 3502 ὲν
3654 3458 3775 3511 ταῖς

2138 3544 2370 3615 Γραφαϊς
2434 3536 2681 3615 ἔρχεσθαι
2741 3538 2876 3611 μετὰ
2932 3537 3147 3615 σαρκός.
3196 3535 3344 3598 Τινὲς
3392 3532 3446 3589 δὲ
3495 3556 3651 3615 φασιν
3695 3533 3774 3590 ὅτι

415 3630 635 3698 turum,
663 3624 1044 3706 interrogavit
1080 3630 1154 3691 de
1188 3622 1476 3691 descensu
1510 3632 1578 3691 ad
1609 3631 1855 3709 inferos,
1887 3629 2046 3710 quasi

2138 3626 2194 3681 τὸ
2223 3625 2539 3703 ἐρχόμενος,
2590 3645 2704 3702 περ)
2759 3630 2856 3691 τῆς
2914 3626 2987 3688 εἰς
3032 3623 3159 3695 ᾅδην
3213 3622 3430 3680 καθόδου
3476 3623 3773 3702 ἠρώτησεν,

412 3714 642 3789 ignoret
662 3714 947 3790 .lonmies,
984 3725 1041 3777 et
1071 3717 1222 3780 dicat
1256 3742 1267 3777 :
1302 3719 1379 3780 Es
1412 3730 1471 3780 tu
1496 3720 1594 3780 ille
1625 3722 1721 3799 qui
1772 3721 1841 3781 ad
1866 3721 2046 3780 infer-

2138 3717 2207 3777 ὡς,
2270 3715 2472 3791 ἀγνοων
2505 3715 2532 3768 ὁ
2578 3711 2852 3791 Ἰωάννης,
2910 3715 3098 3769 ὡσανεὶ
3140 3711 3333 3790 λέγων’
3368 3713 3439 3767 Σὺ
3470 3712 3523 3767 εἷ
3555 3713 3582 3766 ὀ
3612 3710 3774 3791 ἐρχό-

416 3818 556 3861 num
575 3810 855 3862 venturus
877 3813 1067 3883 est,an
1091 3807 1270 3867 alium
1287 3797 1845 3886 exspectamus‘?Hoc
1862 3818 2046 3867 autem

2141 3824 2297 3878 μενος
2358 3804 2445 3858 καὶ
2520 3803 2591 3865 εἷς
2676 3803 2766 3857 τὸν
2824 3800 2978 3880 ᾇδην,
3036 3801 3071 3868 ἢ
3119 3801 3294 3878 ἕτερον
3351 3797 3772 3878 προσδοκῶμεν,

413 3888 687 3950 frivolum
719 3891 893 3951 fuerit
938 3881 1157 3954 dicere.
1195 3894 1335 3956 Cum
1384 3881 1538 3954 enim
1574 3897 1870 3975 prophetis
1927 3896 2046 3956 aliis

2140 3898 2304 3950 Τοῦτο
2359 3890 2412 3946 δὲ
2462 3890 2710 3956 ἀνόητον,
2760 3881 2816 3946 ιΟ
2874 3892 2973 3968 γὰρ
3028 3889 3283 3956 Ἰωάννης
3340 3895 3626 3968 προφητῶν
3683 3909 3778 3944 πε-

418 3977 801 4041 excellentior
822 3980 1587 4063 fueritJoannes,quomodo
1612 3984 2046 4044 cruciﬁxionem

2140 3981 2434 4059 ρισσότερος
2492 3977 2589 4058 ὤν,
2648 3984 2761 4043 πῶς
2836 3978 2896 4033 ἅν
2951 3978 3127 4056 ἠγνόει
3195 3979 3294 4044 τὴν
3343 3979 3631 4055 σταύρωσιν
3687 3984 3779 4034 τοῦ

418 4065 638 4129 Christi
671 4076 728 4129 et
750 4068 876 4147 ejus
910 4074 979 4131 ad
1032 4071 1253 4133 inferos
1285 4072 1641 4132 descensum
1701 4072 2046 4150 ignorasset,

2142 4077 2367 4149 Χριστοῦ
2420 4069 2505 4123 καὶ
2562 4068 2661 4134 τὴν
2727 4069 2798 4129 εἷς
2830 4066 2952 4138 ᾃδου
2994 4065 3231 4145 κάθοδον,
3264 4068 3350 4123 καὶ
3378 4076 3542 4126 ταῦτα
3611 4067 3776 4141 ἀμνὸν

418 4156 748 4235 praesertim
802 4178 933 4219 cum
980 4162 1272 4222 Christum
1309 4180 1521 4241 agnum
1585 4163 1919 4223 nominarit.
1984 4184 2046 4223 eo

2138 4159 2293 4215 αὐτὸν
2337 4156 2626 4231 ὀνομάσας,
2660 4155 2742 4211 διὰ
2771 4158 2831 4211 τὸ
2876 4155 3087 4229 μέλλειν
3115 4156 3246 4234 ὑπὲρ
3278 4158 3427 4230 ἡμῶν
3459 4157 3724 4233 σφαγῆναι
3760 4177 3777 4227 ς

417 4244 573 4323 quod
605 4262 708 4322 pro
742 4246 913 4307 nobis
942 4238 1533 4312 immi-landuserat?
1583 4249 1820 4311 Sciebat
1876 4252 2046 4326 igitur

2138 4238 2302 4316 ’ᾘδει
2360 4247 2528 4302 τοίνυν
2581 4245 2608 4299 ὀ
2639 4243 2895 4310 Ἰωάννης
2944 4242 3023 4298 ὅτι
3055 4245 3141 4299 καὶ
3184 4246 3255 4306 εἰς
3288 4243 3410 4315 ᾃδου
3441 4243 3708 4299 ἐλεύσεται
3750 4245 3779 4298 ὁ

414 4332 676 4397 Joannes
707 4338 861 4417 quod
881 4340 950 4399 ad
977 4341 1271 4401 infernum
1292 4351 1570 4402 venturus
1594 4351 1749 4402 esset
1773 4342 2046 4403 Dominus

2144 4337 2328 4413 Κύριος
2398 4333 2532 4408 μετὰ
2590 4332 2686 4399 τῆς
2746 4337 2954 4412 ψυχῆς,
2988 4333 3078 4388 ἵνα
3106 4332 3265 4388 κάκεῖ
3310 4333 3482 4410 σώσῃ,
3515 4334 3587 4397 ὣς
3619 4353 3779 4411 φησιν

414 4428 551 4485 eum
586 4426 806 4507 anima,
830 4436 893 4488 ut
922 4437 978 4489 et
1009 4429 1132 4490 illic
1163 4432 1435 4500 salvaret,
1482 4431 1634 4491 sicut
1664 4431 1809 4491 dixit
1832 4434 2046 4509 Grego-

2142 4425 2169 4480 ὀ
2228 4420 2486 4498 Θεολόγος
2546 4421 2856 4500 Γρηγόριος,
2902 4422 3045 4492 τοὺς,
3091 4420 3205 4477 ὅσοι
3237 4421 3499 4476 πιστεύειν
3531 4420 3776 4495 ἔμελλον,

414 4509 539 4597 rius
598 4502 958 4592 Theologus,
1022 4536 1231 4578 omnes
1258 4517 1358 4597 qui
1401 4518 1686 4581 credituri
1720 4527 1888 4579 erant
1915 4502 2046 4579 siin

2143 4514 2183 4568 εἶ
2228 4511 2311 4566 ἐπὶ
2383 4514 2487 4564 τῶν
2539 4502 2751 4587 ἡμερῶν
2810 4510 2979 4565 αὐτῶν
3049 4510 3344 4588 ἐσσιριιώθη⁸
3404 4509 3490 4563 καὶ
3549 4508 3651 4587 οὔχ
3704 4511 3775 4572 ὡς

417 4596 630 4661 diebus
662 4600 926 4681 ipsorum
956 4605 1168 4665 luisset
1219 4595 1577 4667 incarnatus.
1628 4606 1698 4669 Et
1762 4627 1879 4667 non
1910 4607 2046 4668 sicut

2141 4601 2345 4677 ἀγνοῶν
2401 4597 2592 4672 ἐρωτᾷ,
2656 4595 2773 4652 ἀλλ’
2828 4598 2900 4659 ὡς
2970 4596 3135 4653 θέλων
3187 4598 3591 4675 πληροφορῆσαι
3661 4599 3779 4661 τούς

416 4685 696 4774 ignorans
724 4700 909 4770 rogat,
938 4694 1037 4753 scd
1072 4693 1225 4754 sicut
1257 4695 1460 4755 volens
1511 4696 1767 4774 copiosis
1799 4696 2060 4755 testimo-

418 4773 533 4834 niis
556 4775 886 4857 discipulos
904 4800 1041 4841 suos
1057 4781 1277 4842 docere
1297 4782 1371 4843 de
1385 4773 1619 4845 Christo
1648 4783 1723 4843 ob
1744 4784 2061 4845 miraculo-

416 4880 549 4951 rum
574 4866 1167 4944 operationem.Vide
1190 4870 1349 4930 enim
1376 4878 1435 4932 et
1466 4871 1603 4951 quid
1625 4872 1892 4934 Christus
1913 4871 2067 4931 dicat

415 4950 489 5012 ad
515 4951 669 5014 hanc
692 4954 1240 5036 interrogationem.

498 5038 680 5105 Vens.
707 5045 839 5108 4-6.
878 5046 1206 5125 Respondit
1235 5055 1432 5110 autem
1464 5049 1725 5115 .lesus.et
1759 5049 1903 5110 dixit
1932 5049 2018 5110 eis
2048 5067 2059 5109 :

416 5129 501 5191 ite
521 5140 580 5190 et
609 5134 947 5196 renuntiate
971 5133 1184 5196 Joanni
1220 5156 1288 5196 ea
1319 5154 1447 5216 qua:
1477 5136 1695 5197 auditis
1728 5148 1783 5197 et
1812 5137 2021 5197 videtis
2048 5167 2061 5203 ε

420 5216 571 5279 Caeci
603 5217 821 5295 vident,
858 5230 915 5281 et
946 5222 1139 5283 claudi
1172 5223 1496 5285 ambulant:
1528 5224 1749 5303 Ieprosi
1782 5226 2064 5285 mundan-

422 5312 537 5379 tur,
573 5314 632 5367 et
660 5309 823 5369 surdi
854 5311 1097 5370 audiunt
1131 5331 1143 5369 :
1183 5313 1398 5373 mortui
1423 5315 1768 5392 excitantur,
1813 5321 1870 5373 et
1920 5332 2064 5392 pau-

420 5410 594 5474 peres
627 5397 1121 5474 evangelizantur.
1158 5399 1226 5461 Et
1257 5399 1464 5463 beatus
1498 5410 1586 5461 est
1639 5401 1902 5481 quisquis
1946 5420 2060 5461 non

419 5481 597 5544 fuerit
617 5482 881 5545 oﬂ‘ensus
911 5505 1015 5565 per
1048 5505 1162 5550 me.
1234 5513 1259 5544 π
1298 5488 1424 5550 Νοη
1484 5491 1646 5563 dixit,
1705 5490 2063 5550 Anuuutiate

415 5568 653 5648 Joanni,
683 5571 803 5655 Ego
832 5590 962 5635 sum
993 5576 1093 5657 qui
1117 5584 1395 5639 venturus
1421 5597 1552 5642 sum
1582 5598 1597 5639 :
1631 5578 1732 5639 sed
1761 5586 1819 5639 nt
1865 5578 2062 5639 sciens

2150 4687 2389 4764 μαθητὰς
2448 4685 2606 4742 αὐτοῦ
2694 4688 2808 4758 περὶ
2865 4707 2955 4741 του
3036 4692 3279 4764 Χριστοῦ,
3365 4684 3447 4740 διὰ
3525 4690 3622 4752 τῆς
3674 4692 3776 4740 τῶν

2147 4776 2426 4839 θαυμάτων
2482 4772 2751 4851 ἐργασίας.
2816 4764 2961 4848 “Ops:
2988 4776 3087 4853 γὰρ
3132 4777 3217 4837 καὶ
3243 4780 3269 4829 ο
3302 4776 3521 4852 Χριστὸς
3549 4775 3593 4829 τί
3637 4774 3778 4851 λέγει

2148 4866 2277 4942 πρὸς
2305 4864 2401 4931 τὴν
2428 4862 2677 4928 τοιαὺτην
2700 4861 2980 4940 ἐρώτησιν.

2237 5061 2260 5095 α
2299 5040 2629 5117 Ἀποκριθεὶς
2688 5037 2741 5092 δὲ
2790 5040 2817 5093 ὁ
2863 5037 3090 5115 Ἰησοῦς,
3145 5043 3297 5096 εἶπεν
3358 5045 3562 5103 αὐτοῖς.
3611 5066 3635 5096 ιι
3670 5047 3784 5098 Πο-

2148 5130 2408 5210 ρευθέντες
2468 5125 2827 5205 ἀπαγγείλατε
2878 5126 3095 5205 Ἰωάννη
3168 5128 3199 5185 ἅ
3256 5130 3469 5186 ἀκοὺετε
3524 5133 3610 5186 καὶ
3654 5129 3787 5206 βλέ-

2148 5238 2295 5277 πετε’
2360 5215 2543 5295 τυφλοὶ
2600 5214 2976 5290 ἀναλλέπουσι,
3026 5220 3113 5274 καὶ
3186 5217 3354 5298 χωλοὶ
3417 5226 3784 5297 περιπατοῦσι·

2147 5308 2328 5385 λεπροὶ
2415 5305 2791 5381 κεθαρίζονται,
2866 5307 2951 5360 καὶ
3049 5310 3215 5386 κωφοὶ
3263 5307 3529 5364 ἀκούουσιι
3618 5308 3787 5385 νεκροὶ

2148 5397 2459 5474 ἐγείρονται,
2526 5394 2614 5447 καὶ
2666 5394 2879 5473 πτωχοὶ
2927 5394 3370 5473 εὐαγγελίζονται.
3460 5397 3558 5454 Καὶ
3608 5397 3789 5469 μακά-

2146 5485 2258 5564 ριός
2312 5483 2474 5559 ἐστιν,
2532 5478 2585 5545 ὅς
2642 5480 2731 5536 ἐὰν
2804 5482 2883 5557 μὴ
2930 5482 3281 5561 σκανδαλισθῇ
3313 5484 3367 5540 ἐν
3396 5484 3538 5559 ἐμοί.
3581 5509 3608 5540 ιο
3684 5488 3792 5543 Οὐκ

2145 5576 2291 5631 tim:
2349 5570 2430 5626 ὅτι
2465 5567 2853 5649 ’Δπαγγείλατε
2922 5579 2996 5647 τῷ
3046 5572 3292 5649 Ἰωάννη,
3364 5571 3443 5628 ὅτι
3509 5573 3615 5650 ἐγώ
3684 5574 3790 5649 εἰμι
