4126 6268
398 380 520 444 Ξιὶθ

1080 377 1519 441 ENARRATlO
1563 377 1645 436 IN
1694 373 2197 436 EVANGELIUM
2248 352 2637 437 MATTH/EI.
2692 410 2753 419 -ε-
2808 378 2972 436 CAP.
3022 376 3101 436 XI

3660 368 3777 431 ‘250

402 513 432 569 6
462 513 778 593 ἐρχόμενος,
812 508 932 568 ἀλλ’
988 513 1062 576 ὡς
1104 511 1383 588 γινώσκων
1427 509 1507 566 ὅτι
1564 513 1591 566 6
1650 510 1899 575 Ἰωάννης
1956 504 2041 561 διὰ

2151 503 2284 582 ιιιοᾱ
2315 505 2577 567 Joannes
2608 506 2720 568 hac
2752 506 2829 567 de
2857 522 3034 566 causa
3064 503 3395 583 discipulos
3414 502 3689 566 misisset.
3716 508 3779 561 ut

402 609 557 659 τοῦτο
588 600 871 659 ἀπέστειλε
894 602 1020 675 τοὺς
1070 600 1335 675 μαθητὰς,
1369 600 1461 654 ’ἵνα
1505 597 1659 655 ἴδωσι
1688 600 1754 654 τὰ
1782 599 2043 671 θαύματα,

2131 593 2367 654 videant
2404 595 2708 667 miracula,
2748 595 2941 675 inquit
2977 613 2990 655 :
3026 592 3167 666 Quae
3185 588 3778 671 videtis,annuntiate

403 694 589 771 φησὶν,
640 690 725 746 ὅτι
793 712 815 745 ι
868 673 944 747 ἰΑ
978 673 1203 765 βλέπετε
1244 688 1599 766 ἀπαγγείλατε
1628 693 1705 761 τῷ
1734 686 1980 760 Ἰωάννῃ,
2019 705 2042 739 ε

2151 682 2370 763 Ioanni,
2400 694 2457 744 et
2485 685 2727 745 omnino
2759 673 2861 743 ille
2892 690 3134 762 accepta
3166 681 3479 743 occasione
3506 680 3614 740 hac
3644 697 3775 739 am—

399 781 489 834 καὶ
549 780 766 844 πάντως
811 779 1018 839 ἐκεῖνος
1062 777 1309 857 ἀφορμῆς
1353 775 1693 856 δραξάμενος,
1724 777 1810 831 επὶ
1863 774 2051 831 πλεῖον

396 868 521 945 περὶ
602 868 732 944 ἐμοῦ
833 869 1155 945 μαρτυρήσει
1230 867 1360 945 πρὸς
1436 867 1595 941 ὑμᾶς.
1673 866 1926 944 Πτωχοὺς
2000 860 2053 916 δὲ

398 957 930 1037 εὐαγγελιζομένους,
989 956 1024 1024 ἢ
1078 957 1200 1020 τοὺς
1255 957 1317 1011 τὸ
1378 954 1695 1033 Εὖαγγέλιον
1761 956 2049 1033 κηρύττον-

399 1064 526 1119 τας,
558 1047 825 1125 τουτέστι,
860 1046 980 1107 τοὺς
1026 1042 1355 1107 ἀποστόλους
1394 1045 1628 1122 νοήσεις,
1691 1044 1903 1119 πτωχοὶ
1958 1042 2056 1120 γὰρ

402 1136 546 1199 ἦσαν
588 1139 661 1201 ὡς
704 1135 877 1199 ἁλιεῖς
922 1138 1008 1191 καὶ
1068 1132 1595 1212 καταπεφρονημένοι
1639 1131 1723 1187 διὰ
1777 1130 2056 1211 ἰδιωτείαν,

404 1224 443 1291 ἢ
500 1225 622 1288 τοὺς
680 1228 740 1281 τὸ
802 1221 1121 1302 Εὖαγγέλιον
1173 1220 1571 1295 ἑνωτιζομὲνους
1631 1223 1719 1276 καὶ
1774 1220 2057 1283 ἀκούοντας

403 1314 524 1392 περὶ
570 1319 677 1370 τῶν
725 1313 951 1369 αἰωνίων
996 1310 1203 1388 ἀγαθῶν
1239 1328 1252 1344 ’
1316 1307 1563 1365 δεικνύων
1609 1309 1664 1365 δὲ
1716 1322 1836 1374 τοῖς
1879 1308 2053 1366 Ἰωάν-

406 1423 499 1457 νου
541 1406 810 1477 μαθηταῒς
841 1401 923 1458 ὅτι
968 1400 1027 1457 οὗ
1074 1398 1408 1456 λῦνθάνουσιν
1454 1397 1610 1454 αὺτὸν
1652 1397 1684 1453 ἃ
1726 1396 2056 1475 διαλογέζον-

404 1510 518 1570 ται,
578 1492 759 1569 φησὶν,
818 1488 901 1545 ὅτι
954 1488 1221 1566 Μακάριός
1260 1487 1423 1555 ἐστιν,
1472 1487 1528 1551 ὃς
1575 1487 1664 1543 ἐὰν
1716 1488 1792 1562 μὴ
1823 1484 2055 1542 σκανδα-

406 1576 563 1655 λισθῇ
619 1579 674 1635 ἐν
717 1579 860 1658 ἐμοὶ,
926 1579 1073 1634 αὐτοὶ
1130 1577 1229 1655 γὰρ
1288 1574 1456 1632 πολὺν
1516 1581 1675 1656 εἶχον
1735 1577 1853 1647 περὶ
1907 1577 2063 1636 αὺτοῦ

406 1665 720 1746 δισταγμόν.

2139 771 2288 850 plius
2319 772 2394 833 de
2426 791 2520 833 me
2554 772 2717 832 vobis
2756 772 3158 833 testimonium
3185 768 3779 849 perhibehit.Paupe-

2136 878 2235 921 res
2255 870 2451 922 autem
2477 863 2574 942 qui
2598 861 3093 939 evangelizantur,
3115 859 3380 937 intellige
3394 857 3484 918 vel
3515 855 3609 916 ὃὸ
3629 874 3777 933 apo—

2137 950 2321 1011 stolos
2370 951 2753 1029 Evangvlium
2817 950 3232 1030 praedicantes,
3295 964 3584 1028 pauperes
3620 944 3779 1005 enim

2140 1048 2331 1114 erant,
2392 1050 2452 1100 ut
2511 1042 2854 1119 piscatores,
2907 1047 2967 1100 et
3016 1037 3223 1118 privati
3277 1032 3782 1119 contemptibiles,

2143 1128 2230 1189 vel
2286 1128 2592 1190 auditores
2670 1127 2990 1207 Evangelii,
3073 1126 3149 1187 de
3207 1122 3553 1186 cmlestibus
3609 1119 3785 1183 bonis

2139 1216 2477 1279 audientes.
2538 1218 2875 1280 Ostendens
2931 1225 3126 1277 autem
3177 1214 3488 1294 discipulis
3541 1210 3787 1275 Joannis

2140 1306 2295 1387 quod
2322 1326 2436 1369 non
2469 1307 2724 1369 laterent
2754 1326 2888 1367 eum
2922 1325 3053 1387 quae
3080 1301 3617 1385 cogitabant,dicit,
3652 1302 3790 1361 Bea-

2142 1404 2234 1457 tus
2255 1397 2355 1476 qui
2379 1416 2495 1457 non
2516 1398 2778 1457 otl'ensus
2798 1395 3050 1457 fueritin
3078 1414 3173 1457 me
3198 1416 3212 1455 :
3242 1412 3375 1455 nam
3406 1392 3511 1472 ipsi
3538 1391 3787 1451 multum

2145 1486 2221 1548 de
2244 1505 2314 1548 eo
2345 1486 2717 1548 dubitabant.

496 1782 519 1810 ιι
556 1757 768 1816 Τούτων
822 1755 876 1812 δὲ
930 1754 1317 1833 πορευομένων,
1369 1753 1565 1833 ἤρξατο
1635 1757 1663 1810 6
1720 1752 1924 1820 Ἰησοῦς
1966 1751 2059 1808 λέ-

2224 1752 2405 1815 νειιδ.
2440 1756 2502 1814 7.
2544 1779 2562 1809 ι
2595 1754 2720 1818 Illis
2745 1760 2937 1815 autem
2971 1751 3458 1832 euntibus,coepit
3484 1752 3656 1815 Jesus
3686 1746 3784 1807 di-

413 1868 527 1925 γειν
582 1860 700 1910 τοῖς
760 1844 947 1925 ὄχλοις
1003 1847 1121 1923 περὶ
1150 1843 1399 1902 Ἰωάννου
1432 1862 1447 1877 ⁶
1484 1844 1542 1902 Τί
1571 1842 1813 1912 ἐξήλθετε
1843 1844 1915 1904 εἰς
1959 1842 2057 1908 τὴδ

406 1934 609 2015 ἔρημον
657 1936 992 2013 θεάσασθαι;
1056 1933 1297 2008 κάλαμον
1350 1936 1450 1990 ὑπὸ
1507 1933 1702 2008 ἀνέμου
1760 1932 2055 2003 σαλευόμε-

406 2043 549 2098 νονς
618 2048 638 2079 ι
702 2022 876 2087 ’Ίσως
934 2024 1249 2085 ἀκούσαντες
1294 2024 1339 2078 οἱ
1395 2022 1552 2100 ὄχλοι
1610 2027 1710 2089 τῆς
1746 2022 2054 2100 ἐρωτήσεως

413 2121 507 2170 τοῦ
580 2113 849 2186 Ἰωάννου,
922 2109 1398 2177 ἐσκανδαλίσθησαν
1456 2110 1540 2185 ἂν,
1613 2113 1823 2186 μήποτε
1875 2112 1959 2165 καὶ
2029 2111 2056 2164 6

413 2202 674 2268 Ἰωάννης
717 2199 1036 2280 ἀμφιϐάλλει
1093 2202 1209 2278 περὶ
1278 2208 1372 2256 τοῦ
1433 2208 1675 2277 Χριστοῦ,
1741 2202 1829 2256 καὶ
1892 2198 2053 2257 οὕτως

417 2289 654 2353 εὒκόλως
752 2289 1086 2369 μετεστράφη
1162 2290 1259 2355 τὴν
1325 2289 1572 2367 γνώμην,
1640 2288 1873 2365 καίτοιγε
1944 2288 2061 2355 περὶ

421 2387 646 2457 Χριστου
729 2380 1066 2457 μαρτυρήσας
1124 2377 1400 2456 πρότερον,
1490 2378 1695 2444 Ταύτην
1778 2376 1868 2433 οὗν
1964 2376 2062 2441 τὴν

422 2466 668 2522 ύπόνοιαν
726 2465 943 2545 ἂνειρῶν
1016 2468 1043 2522 6
1092 2468 1335 2545 Χριστὸς,
1399 2466 1557 2543 φησίν
1591 2483 1603 2497 ·
1675 2467 1781 2523 Οὐκ
1836 2466 1975 2520 ἔστιν
2035 2466 2061 2517 ὁ

426 2553 673 2621 Ἰωάννης
746 2555 1007 2633 κάλαμος,
1096 2555 1385 2627 τουτέστιν,
1475 2554 1914 2633 εύμετάτρεπτος.
2002 2558 2061 2610 Εἰ

427 2645 524 2722 γὰρ
579 2645 645 2711 ἦν
700 2654 958 2717 τοιοῦτος⁹
1017 2650 1129 2706 πῶς
1188 2643 1374 2700 λοιπὸν
1430 2642 1669 2713 ἐξήλθετε
1728 2644 1857 2721 πρὸς
1910 2642 2061 2699 αὒτὸν

421 2736 495 2797 εἰς
550 2734 649 2800 τὴν
709 2732 959 2812 ’ἐρημονς
1006 2735 1079 2791 Ού
1134 2734 1232 2810 γὰρ
1289 2731 1354 2799 δὴ
1407 2734 1537 2809 πρὸς
1607 2731 1870 2806 κάλαμον,
1944 2730 2062 2797 ἤτοι

418 2822 713 2900 εὖρίπιστον
773 2820 1071 2899 ἄνθρωπον,
1141 2820 1383 2889 ἐξήλθετε
1439 2822 1522 2885 ἂν,
1598 2818 1714 2875 ἀλλ’
1786 2822 1856 2884 ὡς
1927 2820 2056 2896 πρὸς

415 2911 585 2988 μέγαν
682 2909 922 2981 ἐξήλθετε
1013 2912 1099 2965 καὶ
1195 2907 1408 2986 βέϐαιον
1491 2908 1785 2988 ἄνθρωπον.
1861 2908 2057 2965 Οὒγοῦν

408 3007 647 3063 τοιοῦτος
691 2999 836 3075 μένει
866 3000 990 3059 οἷον
1023 3000 1170 3056 αὐτοὶ
1201 3000 1492 3071 ἐνομίζετε,

2142 1861 2283 1904 cere
2306 1842 2493 1904 turbis
2514 1843 2589 1904 de
2631 1842 2858 1905 Joanne
2884 1860 2897 1904 :
2945 1841 3096 1914 Quid
3116 1842 3379 1903 exivistis
3402 1842 3461 1901 in
3483 1840 3785 1901 desertum

2139 1932 2546 1992 utvideretis‘.’
2578 1951 2718 1992 num
2755 1932 3109 1991 arundinem
3141 1950 3272 2010 qua:
3301 1932 3609 2010 agitatur‘a
3640 1943 3787 1985 vcn-

2142 2028 2198 2080 to
2223 2020 2248 2081 ?
2273 2046 2298 2075 ››
2329 2021 2620 2081 Fortassis
2645 2020 2829 2081 turba;
2852 2029 2913 2081 ut
2935 2006 3510 2081 audieruntJoannis
3533 2006 3786 2079 interro-

2140 2111 2460 2189 gationem,
2519 2111 2759 2170 oll'ensze
2808 2117 2966 2182 sunt,
3033 2127 3105 2168 ne
3158 2109 3305 2169 forte
3338 2116 3395 2167 et
3425 2110 3681 2170 Joannes
3711 2101 3787 2161 de

2145 2200 2377 2261 Christo
2408 2199 2754 2273 dubitasset,
2788 2207 2846 2259 et
2875 2198 2962 2257 sic
3004 2197 3178 2260 facile
3214 2206 3499 2257 mutasset
3534 2201 3779 2255 sonten-

2147 2288 2309 2361 tiam,
2330 2292 2596 2367 quamvis
2629 2288 2792 2367 prius
2820 2287 3166 2348 testiﬁcatus
3196 2287 3406 2347 fuisset
3427 2285 3501 2345 de
3524 2283 3775 2346 Christo.

2146 2376 2309 2438 Hanc
2339 2376 2517 2455 igitur
2534 2376 2939 2456 suspicionem
2964 2395 2996 2436 e
3023 2376 3219 2436 medio
3245 2375 3457 2436 tollens
3486 2372 3780 2438 Christus,

2148 2466 2340 2545 inquit
2369 2485 2383 2529 :
2420 2464 2547 2526 Non
2582 2474 2669 2526 est
2707 2464 2968 2527 Joannes
2998 2464 3253 2538 arundo,
3288 2464 3401 2525 hoc
3434 2470 3545 2535 est,
3577 2461 3785 2521 incon-

2144 2563 2306 2616 stans
2330 2562 2386 2614 et
2407 2554 2623 2616 varius.
2674 2558 2823 2617 Nam
2857 2553 2908 2614 si
2942 2554 3075 2613 talis
3104 2562 3280 2623 esset,
3312 2570 3496 2631 qnare
3530 2545 3788 2611 exivistis

2145 2644 2217 2704 ad
2250 2663 2383 2704 eum
2407 2643 2464 2703 in
2491 2642 2832 2704 desertum?
2855 2644 2984 2705 Non
3010 2643 3167 2703 enim
3191 2643 3261 2701 ad
3286 2639 3791 2717 arundinem,hoc

2149 2743 2259 2809 est,
2294 2732 2464 2793 facile
2493 2731 2836 2793 mutabilem
2872 2733 3172 2792 hominem
3207 2730 3558 2804 exivisselis,
3584 2746 3787 2789 verum

2142 2824 2297 2883 sicut
2325 2822 2397 2882 ad
2435 2838 2707 2898 magnum
2759 2832 2817 2881 et
2859 2829 3226 2881 constantem
3261 2820 3566 2880 hominem
3599 2817 3787 2879 exivi-

2142 2911 2269 2972 stis.
2310 2910 2569 2972 Proinde
2603 2910 2734 2971 talis
2768 2919 2989 2983 manet,
3020 2909 3253 2989 qualem
3284 2927 3420 2969 eum
3449 2906 3783 2986 judicastis.

502 3111 528 3143 ι
572 3086 737 3147 Ἀλλὰ
778 3089 827 3145 τί
883 3087 1123 3158 ἐξήλθετε
1179 3086 1361 3161 ὶδεϊνς
1430 3087 1699 3166 ἄνθρωπον
1768 3090 1827 3143 ἓν
1876 3085 2057 3162 μαλα-

2228 3089 2403 3152 νιειιδ.
2431 3090 2490 3151 8.
2523 3108 2548 3145 ι
2576 3086 2690 3149 Sed
2720 3085 2860 3167 quid
2914 3085 3175 3146 exivistis
3210 3092 3272 3145 ut
3310 3084 3592 3147 videretis
3614 3083 3644 3142 ?
3673 3084 3785 3145 ho-

412 3190 535 3239 κοῖς
588 3178 816 3253 ἱματίοις
899 3176 1315 3257 ἠμφιεσμένοι;
1393 3174 1524 3234 Ἰδοὺ
1597 3179 1644 3231 οἱ
1722 3178 1785 3232 τὰ
1844 3175 2062 3251 μαλακὰ

412 3273 720 3345 φοροῦντες,
785 3266 839 3321 ἐν
893 3279 1009 3331 τοῖς
1067 3267 1238 3331 οἴνοις
1320 3273 1424 3321 τῶν
1496 3264 1756 3341 βασιλέων
1813 3266 1961 3322 εἰσίν.
2033 3288 2059 3318 ι

420 3348 549 3413 ιἰνα
602 3356 701 3433 γὰρ
758 3356 835 3430 μὴ
904 3354 1107 3434 ’ἔχωσιν
1178 3357 1347 3411 εἰπεῖν
1404 3354 1485 3409 ὅτι
1554 3360 1723 3432 τρυφῇ
1783 3352 2065 3416 δουλεύσας

413 3447 630 3523 ὕστερον
689 3455 887 3525 χαῦνος
942 3445 1150 3523 γέγονε,
1212 3446 1394 3525 φησὶν,
1475 3443 1571 3503 Οὔ.
1640 3436 1700 3500 Ἠ
1759 3445 1857 3521 γὰρ
1902 3443 2068 3511 στολὴ

419 3535 577 3592 αὺτοῦ
625 3535 841 3614 τριχῖνη
899 3534 1050 3608 οὖσα,
1102 3532 1377 3605 δείκνυσιν,
1424 3533 1504 3589 ὅτι
1564 3533 1751 3612 ἐχθρός
1796 3533 1904 3589 ἐστι
1964 3533 2061 3600 τῇς

413 3629 638 3704 τρυφῆς.
677 3625 734 3681 Εἰ
791 3623 890 3701 γὰρ
928 3621 991 3678 ἂν
1034 3624 1119 3678 καὶ
1177 3624 1392 3697 μαλακὰ
1435 3622 1632 3701 ἐφόρει,
1695 3624 1783 3679 καὶ
1834 3622 1886 3678 ἐν
1942 3635 2061 3684 τοῖς

415 3712 591 3776 οἴκοις
646 3718 751 3768 τῶν
802 3710 1063 3787 βασιλέων
1095 3711 1182 3784 ἧν,
1242 3711 1365 3767 ἀλλ’
1421 3712 1515 3768 οὒκ
1544 3712 1597 3767 ἐν
1655 3719 1731 3785 τῷ
1773 3710 2059 3786 δεσμωτη-

418 3804 538 3881 ρίῳ,
594 3800 684 3857 ἐὰν
740 3799 893 3867 ἤθελε
954 3807 1175 3880 τρυφᾷν,
1244 3802 1387 3857 Μάθε
1446 3801 1534 3857 οὖν
1604 3799 1684 3856 ὅτι
1731 3802 1790 3856 οὗ
1847 3799 1930 3856 δεῖ
1970 3803 2063 3858 τὸν

417 3886 611 3967 ἀκριϐῆ
645 3890 956 3968 Χριστιανὸν
989 3889 1204 3964 μαλακὰ
1227 3891 1439 3968 φορεῖν.

506 3996 535 4035 ι
565 3974 733 4035 Ἀλλὰ
762 3978 811 4033 τί
867 3976 1106 4048 ἐξήλθετε
1165 3977 1323 4034 εἷδεῖν
1359 3999 1374 4058 ;
1430 3981 1707 4058 προφήτην
1746 3999 1761 4055 ;
1796 3982 1891 4038 Ναὶ
1922 3979 2063 4057 λέγω

414 4072 546 4144 ὑμῖν
608 4072 693 4126 καὶ
764 4070 1132 4149 περισσότερον
1191 4072 1485 4151 προφήτου.
1566 4094 1590 4129 ι
1689 4073 2063 4151 Περισσότερος

415 4160 692 4238 προφήτου
748 4161 776 4215 6
856 4158 1132 4238 Ἰωάννης,
1206 4159 1336 4215 διότι
1425 4161 1471 4217 οἱ
1555 4159 1704 4217 ἄλλοι
1774 4162 2066 4241 προφῆται,

416 4248 583 4322 μόνον
638 4260 898 4325 προεῖπον
975 4250 1093 4327 περὶ
1181 4256 1430 4323 Χριστοῦ,
1494 4251 1642 4314 οὗτος
1700 4248 1753 4304 δὲ
1813 4253 1900 4305 καὶ
1969 4252 2068 4306 αὒ-

414 4336 622 4403 τόπτης
685 4336 917 4415 ἐγένετο,
978 4338 1106 4416 ὅπερ
1164 4339 1303 4414 μέγα
1366 4338 1516 4401 ὄντος
1579 4340 1709 4398 ἐστί.
1762 4342 1857 4397 Καὶ
1901 4343 1979 4395 ὅτι
2024 4344 2069 4396 οἱ

417 4427 519 4499 μὲν
607 4423 758 4480 ἄλλοι
840 4427 975 4500 μετὰ
1071 4430 1129 4482 τὸ
1216 4428 1530 4504 γεννηθῆναι
1617 4430 2019 4506 προσερήτευσαν
2053 4446 2066 4458 ·

421 4514 571 4578 οὗτος
626 4510 681 4568 δὲ
729 4515 815 4568 καὶ
864 4513 917 4569 ὲν
974 4515 1169 4594 κοιλίᾳ,
1212 4518 1282 4571 ὧι
1343 4522 1440 4582 τῆς
1487 4518 1714 4595 μητρὸς,
1752 4517 1959 4595 ἒπέγνω
1981 4520 2073 4575 τὸν

422 4602 653 4681 Χριστὸν
694 4604 784 4659 καὶ
812 4603 1040 4683 ἐσκίρτα.

508 4715 535 4746 ε
588 4691 752 4756 Οὗτος
840 4694 941 4771 γὰρ
1022 4694 1130 4751 ἐστι
1214 4696 1331 4769 περὶ
1417 4697 1475 4749 οὗ
1540 4694 1886 4774 γέγραπται·

422 4779 531 4858 ἐγὼ
601 4780 913 4837 ἀποστέλλω
1006 4784 1097 4837 τὸν
1193 4782 1417 4860 ἄγγελόν
1516 4806 1619 4857 μου
1700 4787 1800 4860 πρὸ
1860 4786 2077 4865 προσώ-

422 4891 524 4927 που
583 4892 699 4948 σου,
788 4871 846 4933 ὃς
901 4872 1287 4928 κατασκευάσει
1345 4873 1445 4937 τὴν
1530 4871 1647 4928 ὁδόν
1719 4896 1813 4929 σου
1872 4874 2077 4954 ἔμπροο

423 4955 541 5013 σθεν
602 4979 716 5019 σου.
755 4980 782 5012 ι
852 4947 1125 5037 ’Ἄγγελος
1184 4958 1407 5029 ἐκλήθη,
1484 4962 1569 5017 καὶ
1625 4960 1708 5018 διὰ
1770 4966 1865 5031 τὴν
1902 4947 2066 5043 ’ἀγγμ

420 5045 579 5112 λικὴν
636 5047 781 5117 ζωὴν
810 5049 899 5102 καὶ
941 5046 1099 5105 ἄυλον
1161 5047 1353 5127 σχεδόν
1393 5067 1409 5082 ·
1458 5052 1547 5106 καὶ
1580 5049 1711 5107 διότι
1739 5051 1959 5129 ἤγγειλε
1993 5055 2081 5110 καὶ

419 5131 636 5213 ἐκήρυξε
684 5138 775 5192 τὸν
837 5138 1083 5214 Χριστόν,
1133 5139 1499 5195 Κατεσκεύασε
1553 5138 1608 5195 δὲ
1666 5143 1763 5207 τὴν
1818 5140 1936 5198 ὸδὸν
1995 5152 2084 5200 τοῦ

421 5231 671 5302 Χριστοῦ,
731 5226 805 5287 ὡς
878 5233 1155 5305 μαρτυρῶν
1214 5230 1331 5305 περὶ
1388 5232 1572 5305 αὐτοῦ,
1634 5232 1721 5285 καὶ
1765 5232 1839 5295 ὡς
1887 5233 2084 5308 βαπτί-

418 5319 524 5384 ζων
554 5315 627 5378 εἷς
686 5314 992 5389 μετάνοιαν,
1052 5317 1190 5391 μετὰ
1246 5318 1347 5393 γὰρ
1404 5320 1503 5384 τὴν
1566 5320 1852 5393 μετάνοιαν
1903 5321 2085 5393 ἔφεσις

426 5387 733 5483 ἁμαρτιῶν,
764 5403 831 5471 ἢν
870 5387 1063 5484 ἄρρεσιν⁷
1107 5408 1134 5460 6
1196 5387 1418 5484 Χριστὸς
1476 5387 1674 5465 δίδωσι.
1716 5410 1858 5465 Μετᾶ
1914 5387 1969 5467 δέ
2021 5415 2083 5469 τὸ

438 5492 754 5569 πορευθῆναι
820 5494 937 5560 τοὺς
1007 5492 1253 5553 Ἰωάννου
1328 5498 1566 5570 μαθητὰς
1618 5505 1780 5554 ταῦτα
1837 5497 1979 5577 λέγει
2056 5506 2083 5560 ὁ

2149 3178 2368 3241 minem
2404 3176 2681 3237 mollibus
2725 3175 3095 3236 vestimentis
3138 3172 3461 3235 indutum?
3495 3174 3654 3237 Ecce
3691 3173 3793 3254 qui

2149 3268 2351 3329 mollia
2381 3274 2632 3345 gestant,
2662 3265 2722 3325 in
2746 3263 3024 3325 domibus
3054 3281 3259 3343 regum
3284 3272 3443 3325 sunt.
3478 3292 3501 3323 υ
3536 3266 3684 3327 Nam
3716 3281 3792 3322 ne

2149 3358 2353 3419 dicere
2388 3354 2795 3435 pcssint,quod
2819 3352 3051 3414 deliciis
3084 3359 3287 3430 postea
3318 3356 3581 3412 serviens
3606 3351 3794 3411 factus

2150 3447 2229 3509 sit
2257 3446 2563 3523 remissus,
2588 3442 2811 3522 inquit:
2839 3440 3195 3503 Non.Vestis
3218 3441 3377 3501 enim
3403 3441 3532 3520 ejus
3563 3458 3632 3501 ex
3658 3439 3795 3516 pilis

2147 3543 2297 3609 erat,
2331 3543 2387 3595 et
2441 3531 2793 3592 ostendebat
2849 3549 2883 3590 a
2941 3528 3175 3590 deliciis
3215 3528 3500 3591 alienum.
3536 3527 3596 3591 Si
3634 3529 3791 3589 enim

2148 3624 2350 3685 mollia
2377 3630 2685 3701 gestasset,
2713 3621 2769 3679 in
2792 3638 2998 3698 regum
3026 3617 3305 3679 domibus
3328 3627 3595 3679 versatns
3612 3625 3791 3689 esset,

2144 3722 2205 3778 et
2263 3731 2381 3773 non
2431 3711 2491 3769 in
2552 3727 2817 3781 carcere,
2860 3708 2907 3767 si
2963 3707 3212 3767 delicias
3258 3707 3464 3767 fuisset
3511 3714 3790 3768 sectatus.

2148 3802 2320 3866 Disce
2344 3799 2525 3877 igitur
2542 3797 2701 3878 quod
2727 3816 2844 3857 non
2864 3804 3099 3876 oportet
3122 3795 3370 3876 probum
3394 3794 3793 3858 Christianum

2148 3890 2346 3952 mollia
2376 3898 2628 3968 gestare.

2224 3978 2475 4041 Vens.9.
2519 3978 2629 4037 «At
2651 3975 2789 4055 quid
2822 3973 3080 4035 exivistis
3112 3974 3364 4036 videre?
3395 3976 3744 4056 prophetam
3772 3973 3799 4033 ?

2149 4070 2338 4134 Etiam
2370 4068 2505 4129 dico
2555 4064 2745 4137 vobis,
2810 4071 2866 4124 et
2895 4063 3381 4125 excellentiorem
3416 4066 3725 4145 propheta.
3768 4086 3790 4121 ι

2152 4156 2554 4222 Excellentior
2576 4172 2748 4234 quam
2773 4153 3064 4233 propheta
3083 4162 3170 4214 est
3189 4152 3801 4235 Joannes,propterea

2152 4248 2307 4327 quod
2340 4246 2438 4307 alii
2468 4244 2773 4323 prophetae
2805 4240 2999 4301 futura
3028 4242 3102 4301 de
3125 4243 3357 4305 Christo
3382 4252 3608 4305 tantum
3645 4260 3798 4321 prae-

2156 4338 2453 4401 dixerunt,
2518 4332 2615 4392 hic
2675 4340 2871 4391 autem
2929 4329 3195 4391 oculatus
3238 4331 3345 4391 fuit
3395 4332 3589 4405 testis,
3642 4332 3799 4411 quod

2156 4444 2298 4487 sane
2325 4439 2597 4502 magnum
2620 4420 2825 4481 est.Ad
2856 4419 3002 4494 haec,
3022 4418 3123 4480 alii
3153 4421 3392 4499 quidem
3421 4429 3799 4501 posteaquam

2160 4515 2279 4576 nati
2336 4512 2579 4589 fuerint,
2644 4508 3120 4587 propbetarunt:
3184 4510 3277 4570 hic
3330 4527 3472 4570 vero
3507 4512 3563 4570 in
3596 4509 3804 4570 matris

2159 4602 2353 4667 adhuc
2383 4609 2549 4661 utero
2580 4598 2877 4659 Christum
2910 4597 3146 4673 agnovit
3174 4608 3233 4659 et
3262 4600 3593 4662 exsultavit.

1943 4695 2074 4754 Ἰδοὺ
2100 4713 2141 4762 ι)
2241 4692 2426 4755 Vens.
2461 4691 2559 4749 10.
2599 4712 2625 4741 α
2652 4686 2760 4747 llic
2783 4692 2867 4745 esl
2910 4686 3069 4746 enim
3114 4688 3187 4747 de
3213 4689 3631 4770 quoscriptum
3667 4698 3752 4750 est
3789 4707 3803 4751 :

2164 4787 2317 4849 Ecce
2350 4799 2456 4859 ego
2491 4776 2656 4838 mitto
2684 4774 2958 4853 angelum
2983 4794 3178 4836 meum
3212 4785 3348 4837 ante
3377 4778 3586 4839 faciem
3620 4788 3803 4852 tuam,

2163 4872 2262 4954 qui
2296 4873 2734 4950 praeparaturus
2765 4873 2856 4924 est
2878 4862 3027 4923 viam
3062 4872 3219 4954 tuam
3238 4873 3375 4927 ante
3392 4875 3453 4929 te
3489 4892 3510 4917 -
3547 4867 3808 4946 Angelus

2164 4952 2404 5023 vocatus
2434 4964 2523 5018 est
2555 4963 2611 5015 et
2644 4961 2886 5033 propter
2910 4952 3239 5031 angelicam
3288 4955 3491 5036 vitam,
3524 4975 3590 5017 ac
3622 4958 3808 5017 ferme

2171 5050 2429 5111 materia:
2461 5052 2788 5124 expertem,
2825 5050 2883 5101 et
2920 5051 3165 5122 propter
3197 5044 3307 5105 hoc
3331 5045 3487 5124 quod
3522 5045 3813 5107 nuntiavit

2170 5135 2626 5219 pranlicavitque
2686 5129 3009 5192 Christum.
3046 5134 3400 5212 Praeparavit
3428 5142 3621 5195 autem
3655 5137 3809 5197 viam

2168 5225 2411 5296 Christi,
2452 5220 2619 5303 quasi
2650 5219 2973 5281 testilicans
3006 5220 3081 5281 de
3110 5240 3201 5295 eo,
3237 5231 3294 5282 et
3318 5224 3482 5303 quasi
3510 5224 3813 5303 baptizans

2168 5321 2227 5380 in
2259 5312 2663 5397 pmnitentiam
2689 5332 2701 5367 :
2730 5315 2863 5389 post
2902 5310 3306 5388 paenitentiam
3325 5323 3520 5373 autem
3540 5314 3813 5377 remissio

2168 5414 2751 5491 peccatoruni,quam
2784 5399 3204 5462 remissionem
3235 5402 3504 5464 Christus
3534 5403 3653 5464 dat.
3675 5403 3815 5466 Haec

2165 5487 2364 5560 autem
2392 5491 2539 5554 dixit
2554 5487 2823 5550 Christus
2848 5496 3160 5570 postquam
3200 5509 3234 5552 a
3250 5509 3313 5552 se
3329 5491 3599 5555 abierant
3628 5493 3814 5557 disci-
