4122 6270
402 346 509 410 251

1352 355 1946 419 THEOPHYLACTI
1992 352 2402 416 BULGARIIE
2445 351 2808 421 ARCHIEP.

3657 357 3772 421 252

401 479 891 566 puliJoanuis,ne
919 485 1188 548 videatur
1205 487 1260 548 ei
1282 484 1904 549 adulari.Vaticinium
1934 505 2030 548 au-

2131 487 2378 567 Χριστὸς,
2434 487 2528 545 ’ίνα
2571 488 2649 563 μή
2715 487 2838 566 δόξῃ
2897 489 3175 547 κολακύειν
3221 491 3452 555 ἐκεῖνον.
3497 491 3779 573 Μαλαχίου

400 574 517 630 tem
549 570 770 634 dictum
806 575 1104 637 Malachiae
1148 584 1261 638 est.

478 660 658 726 Vens.
688 664 784 725 11.
819 685 841 718 α
868 664 1058 728 Amen
1079 665 1211 726 dico
1231 664 1420 740 vobis,
1461 683 1578 727 non
1614 664 1871 726 surrexit
1890 665 2047 728 inter

397 756 567 810 natos
593 751 905 815 mulierum
930 755 1120 834 major
1137 752 1362 817 Joanne
1382 755 1664 834 Baptista.
1682 755 1860 816 nCum
1882 753 2046 816 afﬁr-

400 838 658 902 matione
683 842 793 903 hoc
809 842 1024 906 asserit
1067 845 1224 925 quod
1253 863 1369 906 non
1392 844 1471 906 sit
1491 843 1798 924 quisquam
1816 843 2045 906 Joanne

399 930 610 1008 major.
644 929 866 993 Dicens
897 941 1096 994 autem
1132 934 1471 1009 mulierum,
1495 933 1756 1014 seipsum
1790 935 2041 1013 excepit.

397 1016 666 1080 Christus
702 1020 859 1081 enim
893 1040 925 1082 a
955 1022 1182 1100 virgine
1236 1033 1404 1084 natus
1465 1031 1574 1095 est,
1617 1041 1733 1082 non
1771 1021 2041 1098 muliere,

397 1125 529 1188 qua:
547 1108 734 1170 virum
764 1129 958 1184 passa.
996 1134 1018 1167 α
1058 1111 1167 1184 Qui
1201 1121 1395 1173 autem
1430 1112 1626 1173 minor
1650 1119 1739 1173 est
1771 1112 1829 1172 in
1860 1130 2043 1191 regno

397 1196 904 1278 ccelurum,major
925 1199 1025 1261 illo
1053 1211 1163 1263 est.
1191 1226 1214 1255 η
1244 1200 1532 1274 Quoniam
1561 1201 1773 1260 multas
1799 1199 2046 1262 Joannis

392 1284 483 1345 54
508 1285 712 1348 laudes
743 1288 995 1361 dixerat,
1031 1299 1094 1351 ut
1123 1309 1198 1350 ne
1234 1299 1438 1370 putent
1469 1289 1623 1369 quod
1659 1297 1716 1350 et
1741 1307 1806 1350 se
1857 1291 2045 1366 major

393 1375 467 1435 sit
499 1375 618 1455 ille,
651 1375 842 1454 inquit
873 1378 986 1438 hoc
1018 1377 1149 1438 loco
1185 1377 1744 1457 manifestius,quod
1780 1395 1892 1455 ego
1925 1377 2041 1439 mi—

287 1475 298 1486 ‘
393 1473 589 1544 nor,et
621 1474 758 1526 natu
780 1466 1074 1547 junior,et
1100 1469 1266 1547 juxta
1291 1477 1540 1529 vestram
1569 1468 1913 1546 opinionem
1952 1467 2041 1528 in-

391 1552 594 1622 ferior,
626 1554 820 1630 major
849 1556 951 1616 illo
977 1577 1102 1617 sum
1139 1557 1196 1617 in
1228 1577 1411 1636 regno
1439 1556 1748 1628 cmlorum,
1783 1557 1896 1616 hoc
1927 1567 2037 1637 est,

391 1643 450 1702 in
486 1643 887 1723 spiritualibus
919 1653 976 1706 et
1007 1647 1345 1708 caslestibus
1381 1646 1569 1706 bonis.
1600 1643 1745 1705 Nam
1779 1645 1874 1704 hic
1905 1646 2039 1726 qui-

393 1730 528 1793 dem
558 1731 686 1812 ipso
721 1733 916 1794 minor
946 1754 1100 1809 sum,
1133 1745 1190 1795 et
1214 1745 1508 1816 quatenus
1556 1734 1717 1814 prior
1747 1751 1842 1792 me
1875 1743 2044 1794 natus

2125 572 2179 630 δὲ
2211 577 2238 631 6
2265 575 2491 652 ῥηθεϊσα
2522 581 2842 659 προφητεία.

2215 686 2242 719 α
2275 661 2450 740 Ἀμὴν
2505 665 2650 744 λέγω
2705 669 2859 743 ὑμῖν,
2921 674 3015 729 οὒκ
3084 668 3365 748 ἐγήγερται
3409 672 3464 727 ἐν
3495 686 3774 750 γεννητοῖς

2127 761 2389 828 γυναικῶν
2442 757 2636 832 μείζων
2703 756 2946 814 Ἰωάννου
3015 768 3110 818 τοῦ
3179 760 3492 834 βαπτιστοῦ.
3558 785 3582 820 ο
3631 761 3777 818 Μετά

2128 839 2464 916 βεϐαιώσεως
2519 854 2676 904 τοῦτο
2758 846 3131 926 ἀποφαίνεται,
3192 847 3273 904 ὅτι
3341 851 3435 908 οὐκ
3504 849 3613 906 ἔστι
3695 872 3776 914 τις

2129 931 2319 1005 μείζων
2395 930 2640 993 Ἰωάννου
2674 951 2691 970 ⁶
2763 943 3026 1013 γυναικῶν
3101 934 3161 992 δὲ
3231 938 3416 1011 εἰπὼν,
3505 937 3776 1005 ὑπεξεϊλεν

2127 1019 2335 1082 ἑαυτὸν,
2397 1024 2562 1086 Αὐτὸς
2635 1025 2734 1102 γὰρ
2806 1026 2834 1081 6
2905 1025 3127 1104 Χριστός
3201 1029 3455 1104 γεννητὸς
3513 1029 3582 1094 ἦν
3634 1049 3774 1106 παρ-

2126 1108 2298 1188 θένου,
2356 1111 2480 1189 οὗχὶ
2545 1114 2817 1192 γυναικὸς,
2878 1113 3168 1187 τουτέστιν,
3224 1113 3477 1185 ἐλθούσης
3534 1118 3608 1182 εἷς
3670 1117 3774 1194 γά-

2127 1220 2250 1272 μον.
2317 1222 2342 1252 α
2408 1191 2464 1256 Ὀ
2511 1199 2565 1256 δὲ
2617 1191 2926 1280 μικρότερος
2987 1202 3042 1258 ἐν
3097 1209 3165 1279 τῇ
3205 1203 3448 1280 βασιλείᾳ
3481 1211 3586 1262 τῶν
3614 1191 3774 1285 οὖρα-

2128 1294 2230 1342 vim
2317 1289 2507 1362 μείζων
2595 1293 2751 1348 αὖτοῦ
2829 1291 2994 1354 ἐστιν.
3070 1292 3286 1361 Ἐπειδή
3361 1293 3534 1353 πολλὰ
3622 1297 3776 1352 εἶπεν

2125 1377 2365 1452 ἒγκώμια
2423 1381 2540 1458 περὶ
2599 1377 2870 1452 Ἰωάννου,
2931 1381 3022 1437 ’ίνα
3086 1383 3162 1457 μὴ
3220 1382 3522 1458 νωμίσωσιν
3567 1383 3646 1440 ὅτι
3691 1386 3775 1441 καὶ

2127 1467 2284 1523 αὐτοῦ
2355 1470 2548 1542 μείζων
2604 1467 2742 1524 ἐστὶν
2799 1472 3032 1544 ὶκεϊνος,
3118 1473 3276 1551 φησὶν
3325 1471 3539 1530 ἐνταῦθα
3613 1494 3777 1553 φανε-

2126 1555 2373 1635 ρώτερον,
2438 1557 2519 1612 ὅτι
2573 1559 2600 1612 6
2643 1567 2954 1638 μικρότερος
2985 1559 3093 1638 ἐγὼ
3119 1561 3205 1616 καὶ
3243 1562 3380 1617 κατὰ
3422 1561 3521 1628 τὴν
3566 1561 3775 1630 ἡλικίαν

2124 1647 2213 1700 καὶ
2265 1647 2400 1701 κατά
2453 1647 2550 1714 τὴν
2606 1648 2753 1722 ὑμῶν
2811 1647 3106 1729 ὑπόληψιν,
3164 1650 3356 1723 μείζων
3386 1653 3543 1709 αὐτοῦ
3585 1652 3693 1726 εἰμι
3722 1651 3776 1707 ἐν

2126 1731 2192 1800 τῆ
2248 1733 2492 1808 βασιλείᾳ
2550 1742 2654 1790 τῶν
2727 1738 2982 1814 οὖρανῶν,
3045 1738 3337 1813 τοὺτὲστιν,
3383 1737 3436 1796 ἐν
3465 1752 3583 1802 τοῖς
3615 1761 3774 1798 πνευ-

393 1829 570 1895 est,et
600 1831 891 1904 quatenus
917 1823 1046 1904 ipse
1069 1825 1237 1886 vobis
1264 1843 1509 1904 magnus
1529 1823 1764 1883 videtur
1785 1821 1887 1882 sed
1921 1822 2030 1884 illic

2127 1837 2375 1896 ματικοτς
2447 1826 2535 1880 καὶ
2589 1825 2845 1904 οὐρανίοις
2901 1827 3149 1905 ἀγαθοῖς.
3209 1827 3459 1884 Ἐνταῦθα
3521 1828 3619 1904 μὲν
3677 1849 3775 1906 γαρ

392 1912 579 1990 major
609 1931 762 1974 sum.

474 2181 655 2242 Vens.
695 2184 790 2243 ω.
835 2208 858 2236 ι
894 2183 943 2244 Α
993 2183 1208 2243 diebus
1267 2189 1460 2240 autem
1497 2178 1739 2241 Joannis
1772 2176 2045 2256 Baptista:

392 2288 577 2349 usque
603 2271 673 2330 ad
701 2272 858 2333 hunc
881 2273 1042 2332 diem
1069 2290 1312 2350 regnum
1339 2269 1627 2330 malorum
1654 2267 1768 2325 vim
1797 2267 2038 2343 patitur,

388 2357 699 2419 etviolenti
720 2361 958 2439 rapiunt
976 2361 1137 2421 illud.
1156 2357 1615 2418 nVitlenturhzec
1631 2353 2040 2432 superioribus

393 2463 507 2505 non
540 2447 868 2523 cohaerere,
928 2450 1030 2510 sed
1088 2468 1203 2509 non
1265 2446 1347 2507 sic
1400 2445 1594 2506 habet.
1649 2442 1800 2504 Vide
1833 2443 2031 2520 igitur,

390 2535 610 2596 etenim
646 2537 718 2596 de
780 2556 844 2598 se
903 2539 1131 2598 dixerat
1189 2536 1456 2599 Christus
1507 2533 1660 2611 quod
1717 2532 1906 2610 major
1963 2533 2038 2592 sit

385 2622 634 2695 Joanne,
693 2635 749 2685 et
809 2627 964 2705 cogit
1016 2627 1147 2687 illus
1197 2634 1259 2685 ut
1318 2625 1366 2685 ei
1405 2623 1672 2690 credant,
1709 2621 2035 2683 OSiendcns

386 2711 542 2790 quod
604 2713 770 2773 multi
829 2717 1062 2794 rapiunt
1125 2731 1374 2791 regnum
1430 2709 1739 2780 cmlorum,
1778 2709 1888 2768 hoc
1920 2719 2029 2784 est,

387 2801 561 2861 fidem
597 2801 655 2861 in
688 2821 774 2863 se.
802 2801 964 2882 Opus
994 2813 1187 2864 autem
1221 2810 1309 2863 est
1339 2803 1549 2860 virtute
1585 2799 1788 2858 multa.
1826 2797 2032 2860 Belin--

385 2908 569 2969 quere
600 2891 756 2951 enim
793 2903 1016 2972 patrem
1053 2902 1109 2952 et
1166 2905 1443 2965 matrem,
1484 2898 1540 2950 et
1573 2888 1831 2950 animam
1867 2906 2029 2948 suam

384 2988 794 3060 contemnere,
822 2990 1040 3062 quanta
1072 2982 1156 3042 vis
1181 2981 1211 3039 ‘?

465 3157 645 3221 Vens.
690 3159 780 3222 13.
821 3184 842 3216 σ
884 3159 1104 3222 Omnes
1167 3159 1324 3221 enim
1359 3157 1665 3238 prophetae
1697 3163 1752 3216 et
1782 3155 1908 3234 ipsa
1939 3157 2028 3216 lex

388 3265 574 3326 usque
596 3248 665 3309 ad
685 3251 974 3310 Joannem
1005 3248 1579 3327 prophelizaverunt.
1597 3270 1618 3299 η
1657 3249 1725 3308 Et
1748 3246 1856 3305 hoc
1877 3243 2032 3305 bene

385 3335 483 3396 illa
513 3339 896 3419 consequitur
931 3358 944 3399 :
982 3339 1125 3400 dicit
1163 3337 1320 3397 enim
1348 3355 1360 3397 :
1386 3335 1506 3413 Ego
1529 3351 1657 3396 sum
1692 3333 1791 3393 ille
1819 3341 2026 3392 ventu-

382 3441 725 3496 rus,omnes
746 3427 906 3486 enim
934 3427 1237 3506 prophetae
1261 3423 1486 3503 impleti
1509 3419 1802 3480 sunt.Non
1827 3428 2024 3479 autem

382 3513 608 3592 impleti
634 3516 906 3593 fuissent,
941 3513 990 3574 si
1027 3534 1132 3592 ego
1156 3533 1271 3574 non
1297 3513 1624 3574 venissem.
1659 3508 1816 3570 Nihil
1851 3508 2030 3586 igitur

383 3605 737 3681 eXSpectetis
769 3605 1036 3665 ulterius.

463 3690 646 3764 Vsus,
681 3696 777 3755 l4.
821 3716 847 3752 ‹(
875 3693 1022 3757 Etsi
1064 3693 1240 3755 vultis
1268 3692 1560 3771 recipere,
1599 3689 1726 3768 ipse
1753 3699 1837 3749 est
1874 3687 2031 3748 Elias

383 3781 482 3842 ille
505 3783 603 3860 qui
638 3792 922 3845 venturus
955 3793 1141 3847 erat.»
1179 3781 1240 3844 Si
1272 3781 1468 3852 vultis,
1506 3776 2023 3860 inquit,accipere,

381 3871 490 3931 hoc
523 3872 693 3944 est,si
716 3891 857 3933 sana
882 3870 1465 3951 mentejudiratis,et
1498 3887 1614 3928 non
1648 3865 1863 3937 invida,
1901 3866 2028 3944 ipse

381 3966 468 4019 est
487 3958 640 4020 Elias
664 3979 841 4039 quem
868 3961 1010 4023 dixit
1037 3961 1326 4041 propheta
1351 3956 1664 4019 Malachias
1687 3963 2020 4015 venturum.

380 4046 610 4108 Etenim
647 4069 978 4129 praecursor
1009 4069 1076 4111 ac
1111 4050 1264 4110 Elias
1289 4050 1440 4108 idem
1466 4045 1808 4106 sortitisunt
1841 4043 2022 4103 mini-

381 4136 626 4198 sterium
665 4155 677 4196 :
715 4148 770 4200 et
825 4139 922 4200 hic
979 4139 1217 4220 quidem
1273 4137 1487 4218 prioris
1514 4133 1820 4205 adventus,
1872 4132 2025 4192 Elias

378 4235 575 4286 autem
634 4228 983 4307 posterioris
1039 4245 1388 4308 praecursor.
1447 4221 2026 4285 Deindeuslcndens

2045 3074 2086 3125 C
2115 3065 2223 3120 ἐστι
2263 3084 2274 3125 2

2121 1908 2441 1976 ἐλαττοῦμαι
2514 1914 2692 1988 αὐτοῦ,
2752 1915 2839 1969 καὶ
2897 1914 3013 1971 καθ’
3075 1917 3102 1970 ὃ
3161 1915 3415 1994 πρότερός
3473 1937 3575 1990 μου
3619 1915 3772 1994 ἐγεν-

2119 2001 2277 2068 νήθη,
2331 2003 2417 2056 καὶ
2480 2001 2598 2058 καθ’
2654 2005 2682 2059 δ
2739 2000 2888 2059 δοκεῖ
2945 2005 3074 2078 ὑμῖν
3132 2005 3288 2067 αὐτὸς
3347 2005 3540 2083 μέγας,
3574 2005 3689 2062 ἐκεῖ
3719 2004 3773 2062 δὲ

2115 2089 2308 2161 μείζων
2355 2091 2487 2165 εἰμί.

2215 2199 2238 2232 α
2290 2177 2425 2234 Ἀπὸ
2498 2178 2552 2234 δὲ
2606 2186 2712 2234 τῶν
2769 2180 2980 2259 ἡμερῶν
3051 2180 3296 2240 Ἰωάννου
3353 2188 3445 2237 τοῦ
3475 2185 3775 2240 Βαπτιστοῦ

2125 2264 2223 2329 ἕως
2284 2264 2396 2344 ἄρτι
2455 2270 2488 2334 ἡ
2549 2266 2798 2343 βασιλεία
2841 2267 2947 2326 τῶν
2992 2274 3226 2348 οὐρανῶν
3275 2270 3535 2346 βιάζεται,
3599 2272 3686 2326 καὶ
3729 2274 3772 2326 οἱ

2121 2354 2331 2428 βιασταὶ
2391 2355 2711 2432 ἁρπάζουσιν
2770 2360 2952 2427 αὐτήν.
3007 2375 3032 2408 ι
3090 2359 3340 2415 Φαίνεται
3424 2357 3773 2419 ἀνακόλουθον

2121 2443 2264 2498 εἶναι
2323 2452 2501 2518 τουτο,
2565 2449 2660 2503 οὐκ
2717 2445 2826 2501 ἔστι
2899 2445 2977 2505 δέ.
3038 2447 3235 2503 Σκόπει
3293 2456 3418 2526 γοῦν
3453 2463 3465 2476 ⁶
3528 2449 3616 2503 καὶ
3673 2449 3772 2527 γὰρ

2117 2533 2234 2610 περὶ
2279 2532 2465 2589 ἑαυτοῦ
2546 2537 2705 2590 εἰπὼν
2777 2538 2802 2590 6
2877 2537 3121 2614 Χριστός,
3212 2536 3293 2592 ὅτι
3371 2539 3565 2611 μείζων
3633 2539 3772 2594 ἔστὶν

2120 2620 2385 2692 Ἰωάννου,
2445 2627 2671 2679 συνωθεῖ
2727 2625 2909 2688 αὐτοὺς
2970 2627 3041 2689 εἷς
3099 2627 3158 2680 16
3214 2629 3488 2680 πιστεῦσαι
3563 2631 3703 2700 αὺτῷ
3751 2644 3764 2658 ⁸

2117 2706 2365 2764 δεικνύων
2423 2710 2501 2767 ὅτι
2578 2711 2769 2768 πολλοὶ
2840 2714 3125 2790 ἁρπάζουσι
3184 2715 3279 2779 τὴν
3335 2713 3606 2791 βασιλείαν
3663 2717 3768 2772 τῶν

2116 2799 2371 2876 οὒρανῶν,
2434 2801 2694 2876 τοατὲστι,
2768 2802 2865 2868 τὴν
2909 2803 2980 2864 εἰς
3028 2804 3179 2857 αὐτὸν
3252 2803 3425 2858 πίστιν
3461 2821 3476 2839 ο
3536 2803 3651 2878 βίας
3711 2825 3765 2860 οι

2117 2889 2272 2964 χρεία
2319 2887 2552 2956 πολλῆς.
2613 2893 2684 2946 Τὸ
2743 2891 2840 2969 γὰρ
2895 2890 3107 2969 ἀφεῖναι
3154 2890 3357 2969 πατέρα
3398 2892 3486 2947 καὶ
3529 2893 3761 2970 μητέρα,

2115 2977 2201 3030 καὶ
2260 2982 2358 3044 τῆς
2418 2983 2602 3058 ψυχῆς
2666 2979 2828 3047 αὒτῆς
2912 2985 3342 3060 καταφρονῆσαι,
3403 2980 3576 3047 πόσης
3647 2983 3763 3057 βίας

2199 3177 2226 3210 σ
2266 3159 2461 3221 Πάντες
2533 3159 2630 3235 γὰρ
2718 3159 2762 3212 οἱ
2834 3158 3098 3237 προφῆται
3184 3160 3272 3213 καὶ
3330 3161 3356 3212 6
3444 3158 3604 3233 νόμος
3662 3157 3761 3222 ἕως

2113 3240 2360 3302 ’[ωάννου
2450 3247 2870 3326 προεφήτευσαν,
2941 3270 2965 3299 ι
3043 3248 3143 3302 Καὶ
3219 3247 3374 3302 τοῦτο
3429 3249 3528 3315 τῆς
3602 3249 3763 3313 αὒτῆς

2112 3330 2420 3396 ἀκολουθίας
2473 3336 2604 3397 ἐστί,
2651 3337 2791 3406 Φησὶ
2837 3336 2956 3415 γὰρ,
3005 3334 3085 3391 ὅτι
3147 3336 3289 3412 Ἐγώ
3347 3336 3455 3410 εἶμι
3511 3337 3538 3392 6
3595 3334 3761 3417 ἐρχόοι

2111 3442 2294 3500 μενος,
2377 3426 2571 3488 πάντες
2642 3426 2742 3504 γὰρ
2830 3426 2875 3480 oi
2971 3425 3236 3504 προφῆται
3324 3423 3702 3503 πεπλῄρωνται
3741 3443 3756 3458 ·

2112 3511 2204 3566 οὒκ
2233 3510 2293 3566 ἂν
2323 3509 2376 3566 δὲ
2437 3513 2846 3593 ἐπληρώθησαν,
2918 3514 2961 3569 εἰ
3021 3514 3096 3588 μη
3149 3514 3258 3590 ὶγὼ
3321 3512 3481 3580 ἦλθον
3515 3531 3527 3544 ·
3591 3509 3758 3586 μηδὶν

2112 3601 2198 3656 οὖν
2245 3601 2567 3679 προσδοκᾶτε
2600 3603 2913 3682 περαιτέρω.

2199 3712 2224 3741 α
2263 3693 2359 3747 Καὶ
2407 3693 2450 3746 εἰ
2502 3681 2680 3747 θέλετε
2751 3690 3014 3760 δέξασθαι,
3079 3690 3231 3755 αὐτός
3289 3689 3430 3746 ἐστιν
3491 3681 3670 3753 Ἠλίας
3728 3695 3755 3748 6

2112 3776 2322 3850 μέλλων
2375 3779 2644 3859 ἔρχεσθαι.
2684 3801 2710 3837 ι
2753 3781 2808 3836 Εἰ
2851 3777 3052 3858 θέλετε,
3099 3779 3248 3858 φησὶ,
3303 3775 3565 3858 δέξασθαι,
3597 3801 3755 3836 τουτ-

2111 3865 2273 3938 έστιν,
2349 3866 2438 3922 ἐὰν
2490 3869 2839 3946 εὖγνωμόνως
2911 3869 3150 3945 κρίνητε,
3193 3869 3282 3924 καὶ
3343 3868 3422 3942 μὴ
3465 3871 3750 3948 φθονερῶς,

2108 3956 2262 4018 αιῖιτός
2311 3957 2450 4012 ἐστιν
2505 3959 2562 4014 ὃν
2612 3963 2765 4013 εἶπεν
2819 3960 2846 4014 6
2905 3959 3186 4036 προφήτης
3227 3954 3510 4035 Μαλαχίας
3570 3955 3754 4014 Ἠλίαν

2109 4044 2393 4119 μέλλοντα,
2457 4050 2552 4104 Καὶ
2612 4048 2711 4125 γὰρ
2756 4049 2782 4104 6
2831 4045 3132 4125 Πρόδρομος
3189 4047 3277 4101 καὶ
3331 4047 3359 4101 6
3422 4037 3604 4109 Ἠλίας
3653 4047 3750 4113 τὴν

2107 4133 2267 4202 αὗτῆν
2328 4134 2509 4215 ἔχουσι
2568 4134 2855 4197 διακονίαν,
2916 4128 2972 4192 “Ο
3018 4135 3116 4210 μὲν
3153 4139 3250 4200 τῆς
3298 4135 3516 4212 πρώτης
3547 4157 3750 4212 παρου-

2107 4225 2221 4288 σίας
2278 4224 2616 4304 προδραμὼν,
2679 4229 2705 4282 ὁ
2762 4223 2817 4280 δὲ
2879 4217 3058 4288 Ἠλίας
3118 4229 3212 4288 τῆς
3269 4222 3569 4299 μελλούσης
3629 4247 3752 4304 προ-

379 4316 535 4394 quod
562 4318 810 4396 aenigma
833 4319 1208 4380 sitJoannem
1231 4315 1416 4377 Etiam
1451 4331 1605 4384 esse,
1630 4321 1684 4371 et
1717 4309 2018 4371 intellectu

2127 4316 2488 4390 ἑραμούμενος,
2548 4317 2683 4372 Εἶτα
2714 4313 2961 4370 δεικνύων
3005 4312 3086 4369 ὅτι
3135 4311 3363 4388 αἴνιγμά
3405 4312 3516 4370 ἐστι
3547 4315 3607 4369 τὸ
3662 4315 3752 4370 τὸν

377 4424 524 4483 opus
556 4406 630 4466 ad
665 4407 1136 4485 intelligendum,
1172 4406 1363 4486 inquit
1397 4423 1410 4462 :

461 4581 639 4646 Vens.
682 4585 775 4647 15.
845 4610 869 4639 ιι
906 4585 1020 4657 Qui
1079 4583 1256 4646 habet
1306 4601 1480 4643 aures
1511 4580 1581 4640 ad
1631 4575 2016 4646 audiendum,

375 4672 593 4737 audiat.
632 4699 657 4729 ιι
698 4674 780 4734 Ita
827 4673 1118 4736 inducens
1176 4692 1280 4733 eos
1327 4683 1388 4732 ut
1431 4673 1794 4744 interrogent
1825 4681 1891 4723 ac
1925 4663 2018 4724 di-

373 4772 561 4822 scant.
1878 4776 1886 4784 '

457 4853 636 4916 Vens.
673 4855 770 4923 16,
812 4855 900 4916 17.
949 4876 973 4910 ε
1010 4852 1116 4914 Cui
1165 4859 1359 4910 autem
1391 4844 1732 4908 assimilabo
1761 4863 2018 4921 genera-

380 4941 602 5003 tionem
625 4943 775 5003 hauc
801 4941 832 5001 ?
855 4942 1074 5005 Similis
1093 4949 1179 5001 est
1203 4937 1401 5019 pueris
1420 4933 1762 4996 sedentibus
1785 4933 1843 4993 in
1863 4933 2014 5007 foro,

378 5040 437 5092 et
468 5032 939 5094 acclamantibus
963 5031 1264 5093 sodalibus
1283 5027 1405 5088 suis
1427 5039 1482 5086 et
1504 5024 1845 5084 dicentibus
1873 5041 1884 5082 :
1911 5023 2016 5085 Ti-

379 5120 475 5180 bia
521 5120 853 5182 cecinimus
894 5121 1080 5188 vobis,
1140 5129 1194 5180 et
1235 5137 1350 5179 non
1396 5114 1650 5176 saltastis
1687 5133 1700 5172 :
1750 5111 2019 5189 lugubria

380 5209 710 5269 cecinimus
741 5210 922 5276 vobis.
962 5220 1017 5270 et
1050 5228 1164 5269 nun
1213 5205 1538 5287 planxistis.
1581 5225 1599 5254 ι
1633 5202 1894 5264 insinuat
1922 5202 2021 5262 hic

372 5297 716 5360 Iudaeorum
752 5300 1177 5359 morositatem.
1212 5297 1496 5356 Dil‘ticiles
1526 5292 1681 5352 enim
1731 5289 2013 5351 moribus.

379 5404 574 5465 neque
592 5385 839 5447 Joannis
868 5389 1234 5459 austeritate,
1256 5404 1448 5465 neque
1481 5380 1698 5444 Christi
1731 5379 2018 5459 simplici-

375 5483 490 5535 tate
511 5473 744 5534 im’itari
775 5484 1088 5554 potin-runt
1119 5494 1131 5537 :
1163 5476 1264 5536 sed
1292 5473 1519 5533 similes
1560 5471 1797 5530 fuerunt
1823 5469 2023 5549 pueris

2106 4399 2356 4469 Ἰωάννην
2395 4395 2573 4460 Ἠλίαν
2640 4407 2802 4476 εἶναι,
2869 4405 2955 4460 καὶ
3012 4402 3265 4465 συνέσεως
3311 4403 3465 4480 χρεία
3507 4403 3637 4480 πρὸς
3693 4405 3754 4457 16

2105 4495 2319 4564 νοῆσαι,
2353 4496 2536 4572 φησὶν,
2569 4493 2671 4550 ὅτι.

2191 4602 2218 4634 α
2271 4573 2327 4637 Ὀ
2361 4580 2505 4660 ἔχων
2549 4583 2659 4638 ὦτα
2708 4583 2938 4656 ἀκούειν,
2969 4580 3228 4654 ἀκουέτω,
3268 4601 3293 4634 ιι
3329 4577 3530 4658 ἑνάγων
3561 4581 3745 4646 αὐτοὺς

2106 4670 2177 4731 εἰς
2205 4671 2267 4725 τὸ
2297 4670 2560 4748 ἐρωτῆσαι
2584 4673 2669 4727 καὶ
2713 4675 2926 4744 μαθεῖν.

2191 4867 2215 4902 ι
2252 4847 2360 4904 Τίνι
2413 4844 2468 4903 δὲ
2527 4848 2797 4921 ὡμοιώσω
2853 4849 2952 4916 τὴν
3007 4850 3192 4926 γενεὰν
3249 4848 3488 4928 ταύτηνς
3565 4839 3744 4924 Ὀμοία

2103 4934 2213 4992 ἐστὶ
2286 4933 2513 5000 παιδίοις
2570 4939 2890 5012 καθημένοις
2950 4939 3004 4994 ἐν
3081 4938 3268 5017 ἀγορᾷ,
3335 4939 3422 4994 καὶ
3491 4959 3743 5018 προσφω-

2101 5035 2243 5082 νούσι
2300 5038 2414 5088 τοῖς
2446 5026 2668 5101 ἑταίροις
2716 5030 2906 5102 αὒτῶν,
2960 5030 3044 5082 καὶ
3089 5025 3330 5103 λέγωσιν
3359 5040 3373 5055 ⁸
3429 5024 3745 5100 Ηύλήσαμεν

2100 5115 2254 5187 ὑμῖν,
2314 5117 2402 5169 καὶ
2457 5113 2551 5169 οὒκ
2598 5115 2939 5193 ὠρχήσασθε,
2997 5115 3392 5193 Ἐθρηνήσαμεν
3446 5116 3600 5194 ὑμῖν,
3657 5117 3745 5171 καὶ

2102 5203 2197 5257 οὐκ
2243 5201 2525 5278 ἐκόψασθε.
2582 5227 2600 5258 ι
2665 5207 2736 5263 Τὸ
2787 5203 3098 5285 δυσάρεστον
3144 5211 3250 5260 τῶν
3281 5201 3544 5262 Ἰουδαίων
3575 5205 3741 5260 αἰνίτ-

2102 5315 2247 5349 τεται
2307 5293 2546 5351 ἐνταῦθα.
2600 5295 2888 5373 Δόστροποι
2932 5296 3031 5374 γὰρ
3075 5293 3244 5366 ὅντες,
3305 5293 3424 5350 οὕτε
3454 5299 3522 5368 τῇ
3567 5291 3742 5360 σκλη-

2105 5382 2342 5458 ραγωγίᾳ
2423 5381 2514 5438 τοῦ
2599 5382 2846 5440 Ἰωάννου
2939 5382 3249 5462 ἠρέσκοντο,
3325 5381 3441 5437 οὔτε
3511 5386 3581 5456 τῇ
3649 5386 3742 5436 τοῦ

2109 5473 2332 5545 Χριστοῦ
2365 5470 2626 5536 ἁπλότητι
2665 5490 2678 5504 ·
2715 5471 2836 5528 ἀλλ’
2893 5472 3035 5548 ὅμιοι
3077 5471 3212 5539 ἦσαν
3263 5469 3486 5533 παιδίοις
3514 5467 3736 5547 δυσαρε-
