4122 6270
409 276 526 341 '263

1370 281 1957 345 TIIEOPHYLACTI
2013 281 2418 348 BULGARI/E
2459 285 2794 350 ARCHIEP

3655 286 3774 350 264

408 435 539 476 sum
571 414 907 495 Sal:bati,ut
926 415 1190 476 omnium
1217 427 1275 476 et
1299 418 1529 477 dierum
1551 418 1785 496 Opil'cx.
1822 421 1941 493 Ego
1962 415 2047 490 igil

2150 417 2421 496 ἀνθρώπου
2477 422 2663 499 Κύριός
2724 423 2830 495 εἰμι
2909 428 2997 477 του
3083 420 3378 497 Σαόὅάτου,
3438 424 3509 486 ὡς
3583 422 3793 475 πάντων

409 515 503 565 tur
529 514 590 565 ut
624 505 908 564 Dominus
941 505 1104 564 solvo
1130 502 1755 581 Sahbatum.lntetlige
1774 518 1971 565 autem
1998 513 2057 564 et

399 594 567 672 juxta
590 612 891 670 anagogen
919 612 933 652 :
976 593 1256 672 quoniam
1291 593 1550 673 operarii
1582 602 1749 653 erant
1777 591 2049 673 apostoli,

402 682 615 743 messis
638 690 831 742 autem
859 692 916 741 et
946 682 1166 760 aristae,
1192 681 1531 754 credentes,
1568 682 1701 743 ideo
1738 701 1840 743 eos
1873 682 2052 742 velle-

382 774 548 838 .bant
576 770 668 831 58
699 771 948 850 apostoli
1009 778 1066 831 et
1111 771 1529 843 comedebant,
1566 772 1676 832 hoc
1709 782 1818 846 est,
1853 771 2048 832 cibum

402 860 978 934 habebant,salutem
1009 860 1340 922 hominum.
1372 860 1495 921 Hoc
1525 870 1720 921 autem
1757 860 2055 920 faciebant

400 954 457 1014 in
492 950 785 1022 Sabhatis,
822 950 932 1009 hoc
993 956 1103 1015 est,
1138 948 1198 1007 in
1250 950 1369 1009 otio
1420 949 1708 1009 malorum
1771 950 2051 1011 Pharisaai

398 1049 594 1103 autem
626 1036 1111 1117 indignabantur.
1130 1036 1228 1097 Sic
1252 1046 1311 1097 et
1332 1037 1390 1097 in
1420 1038 1678 1099 Ecclesia
1704 1037 2052 1099 doctoribus

396 1127 747 1191 docentibus
778 1138 835 1186 et
868 1124 1153 1204 prodesse
1204 1126 1577 1205 cupientibus
1609 1125 2043 1187 Pharisaeorum

394 1222 587 1280 instar
608 1234 762 1295 szepe
793 1213 1033 1294 quidam
1070 1212 1358 1289 invident,
1393 1223 1449 1275 et
1480 1233 1635 1293 aegre
1664 1215 1879 1277 ferunt.

474 1396 653 1458 Vens.
690 1392 747 1455 9.
789 1396 862 1451 10
925 1414 948 1447 ι
979 1394 1335 1467 Progressus
1362 1401 1556 1452 autem
1594 1390 1756 1452 illinc
1792 1392 1952 1452 venit
1981 1392 2044 1453 in

392 1501 741 1566 synagogam
781 1481 1018 1542 illorum
1058 1498 1070 1539 :
1135 1491 1196 1543 et
1256 1499 1397 1541 ecce
1446 1482 1621 1541 homo
1653 1490 1780 1541 erat
1809 1499 2044 1541 manum

393 1576 618 1638 habens
639 1572 959 1642 aridam,et
992 1572 1497 1647 interrogavsrunt
1518 1569 1991 1643 illum,dicentes
2024 1590 2038 1633 :

392 1664 545 1725 Num
572 1662 715 1721 licet
739 1657 1012 1720 Sabbatis
1043 1676 1254 1718 curare
1276 1660 1305 1717 ?
1358 1666 1789 1718 utaccusarent
1818 1677 1978 1719 eum.
2014 1682 2037 1715 ι

391 1753 511 1815 Alii
533 1749 916 1827 evangelista:
946 1746 1174 1818 dicunt,
1200 1746 1356 1826 quod
1393 1748 1562 1809 Jesus
1594 1746 2044 1824 interrogaverit
2067 1742 2104 1790 Β

394 1836 880 1906 l’hariswosﬂici
897 1835 1075 1913 igitur
1088 1835 1449 1915 potestquod
1466 1854 1598 1896 cum
1618 1835 1801 1896 invidi
1817 1844 2040 1917 essent,

392 1927 785 2012 praevenerint
807 1933 863 1985 et
883 1924 1219 2000 rogaverint
1241 1923 1431 1997 illum,
1457 1935 1513 1983 ut
1543 1923 1688 1984 dicit
1716 1925 2040 1985 Mattbaeus.

391 2020 619 2085 Deinde
641 2016 910 2082 Christus
942 2015 1159 2076 iterum
1205 2015 1594 2093 interrogavit
1624 2034 1749 2091 eos,
1786 2016 1869 2076 uti
1899 2016 2041 2076 sub-

392 2127 652 2173 sannans
684 2115 744 2168 et
799 2104 1005 2165 ridens
1055 2122 1260 2164 eorum
1309 2105 1655 2175 caecitatem,
1690 2105 1747 2164 id
1781 2105 1937 2183 quod
1970 2103 2043 2164 ab

398 2201 530 2263 aliis
565 2193 944 2273 evangelistis
977 2191 1213 2255 dicitur.
1272 2192 1643 2271 Interrogant
1674 2194 1850 2272 igitur
1881 2212 2042 2273 eum,

402 2297 465 2351 ut
494 2288 868 2350 occasionem
894 2280 1150 2341 habeant
1181 2280 1251 2341 ad
1286 2282 1796 2343 calumniandum.

487 2465 668 2528 VEns.
708 2463 801 2540 11,
841 2459 937 2519 1Q.
978 2482 1003 2510 α
1038 2458 1111 2518 At
1157 2458 1258 2519 ille
1305 2458 1454 2519 dixit
1500 2459 1587 2520 eis
1623 2482 1635 2523 :
1668 2459 1808 2532 Quis
1840 2462 1951 2522 erit
1979 2479 2051 2523 ex

403 2556 567 2617 vobis
592 2554 796 2619 homo,
831 2546 931 2626 (lui
966 2546 1209 2607 habebit
1237 2565 1403 2610 ovem
1456 2566 1659 2624 unam,
1694 2558 1752 2609 et
1774 2550 1823 2609 si
1854 2569 1921 2610 ea
1951 2551 2046 2611 in-

403 2643 617 2707 ciderit
664 2637 938 2703 Sabbatis
987 2635 1043 2695 in
1101 2635 1352 2709 foveam,
1413 2654 1610 2697 nonne
1639 2639 2051 2717 apprehendet

401 2735 590 2812 illam,
622 2740 683 2791 et
738 2723 967 2804 erigit?
1031 2722 1259 2812 Quanto
1306 2724 1487 2802 igitur
1541 2728 1909 2805 praestantior
1964 2737 2052 2788 est

403 2811 584 2885 homo
618 2838 725 2880 ove
747 2817 778 2877 ‘?
800 2816 939 2877 licet
968 2814 1145 2893 igitur
1175 2811 1445 2875 Sahbalis
1464 2813 1847 2879 benefacere.
1885 2840 1908 2872 ιι
1942 2815 2049 2877 Ns-

406 2911 591 2973 tendit
646 2924 749 2967 eos
793 2912 1035 2984 propter
1084 2901 1413 2977 avaritiam,
1461 2910 1515 2965 et
1549 2913 1611 2963 ut
1642 2922 1715 2965 ne
1748 2905 2053 2984 priventur

404 3019 531 3073 ove,
556 2995 884 3059 dissolvere
900 2988 1220 3054 Sabbatum
1244 3013 1257 3051 :
1285 2998 1532 3071 propter
1551 2992 1829 3053 invidiam
1848 3002 2044 3054 autem

406 3056 531 3150 non,
555 3088 711 3148 ferre
744 3091 811 3143 ut
835 3089 1075 3141 curetur
1099 3056 1311 3139 homo}
1361 3056 1519 3140 unde
1553 3085 1664 3141 hoc
1688 3081 1817 3142 loco
1840 3056 2105 3143 avarosc

405 3189 461 3240 et
492 3175 767 3240 crudcles
798 3190 900 3235 eos
922 3176 1145 3237 esse,et
1170 3177 1611 3248 contemptores
1627 3170 1731 3231 Dei
1762 3172 2045 3233 ostendit.

405 3270 804 3331 Contemnunt
829 3259 986 3321 cnim
1020 3256 1371 3332 Sabbatum,
1395 3267 1458 3318 ut
1481 3278 1598 3319 non
1631 3272 1837 3338 pereat
1868 3262 1991 3321 ovis
2030 3282 2045 3326 :

402 3348 911 3415 immisericorch
966 3354 1163 3407 autem
1197 3354 1356 3421 sunt,
1391 3347 1529 3427 quia
1554 3347 1814 3410 hominis
1846 3369 2048 3412 curam

401 3449 711 3524 respuunt.

493 3620 678 3683 VERS.
707 3619 801 3677 t3.
834 3634 864 3673 ‹
888 3612 1056 3673 Tunc
1080 3611 1464 3675 dicithomini
1494 3635 1508 3677 :
1530 3615 1791 3677 Extende
1809 3636 2047 3677 manum

407 3720 566 3771 tuam
590 3729 603 3769 :
628 3716 686 3769 et
708 3702 1059 3775 extendit,et
1084 3701 1349 3763 restituta
1373 3712 1461 3764 est
1482 3722 1624 3765 sana
1637 3706 2042 3767 sicutaltera.»

404 3798 571 3861 Multi
591 3806 647 3857 et
668 3812 826 3855 nunc
848 3790 1043 3851 aridas
1066 3809 1276 3850 manus
1296 3791 1541 3868 habent,
1565 3794 1677 3854 hoc
1709 3802 1816 3868 est,
1843 3795 2048 3855 immi-

401 3883 738 3947 sericordes
764 3887 991 3949 sunt,et
1021 3898 1138 3939 non
1170 3881 1613 3943 communicant
1640 3902 1655 3942 :
1682 3884 1787 3943 sed
1811 3884 2046 3962 quando

402 3992 681 4037 sermone
712 3968 1050 4047 evangelico
1103 3967 1415 4042 docentur,
1469 3971 1796 4033 extendunt
1835 3990 1955 4046 eas,
1990 3982 2049 4033 et

404 4056 1145 4138 communicant,quamvis
1176 4057 1729 4140 Pharisaei,superbi
1746 4060 2049 4121 daemones

399 4153 501 4234 qui
531 4172 564 4214 a
594 4150 771 4212 nobio
832 4157 967 4208 sunt
1014 4145 1324 4226 amputati,
1379 4157 1625 4228 propter
1652 4167 1821 4211 suam
1853 4152 1907 4210 in
1942 4169 2047 4211 nos

401 4240 773 4305 inimicitiam
809 4254 1023 4299 manus
1051 4245 1288 4296 nostras
1316 4236 1388 4295 ad
1442 4237 1911 4299 misericordiam
1943 4258 2047 4301 ex-

399 4331 563 4394 tendi
607 4328 841 4390 nolunt.

478 4418 666 4483 Vr-zns.
699 4421 797 4495 14,
833 4412 1259 4477 15.-l’harisaei
1290 4421 1484 4475 autem
1518 4415 1743 4491 egressi
1764 4424 2052 4496 ceperunt

396 4507 710 4571 consilium
729 4506 1013 4566 adversus
1025 4503 1492 4581 eum,quomodo
1510 4505 1677 4565 illum
1705 4507 2045 4584 perderent.

397 4599 472 4661 At
496 4596 670 4661 Jesus
702 4592 803 4654 ubi
832 4589 1110 4661 novisset,
1145 4591 1390 4651 secessit
1418 4591 1642 4654 illinc»
1681 4591 1729 4656 0
1767 4594 2049 4656 inviden-

397 4687 535 4748 tiam
561 4686 575 4745 ι
603 4683 839 4765 quande
860 4678 1169 4741 beneﬁciis
1187 4678 2048 4756 atﬁciuntur,tuncincaniunt.

394 4774 634 4841 Secedit
663 4780 858 4833 autem
888 4767 1088 4841 Jesus,
1141 4786 1213 4829 eo
1262 4769 1421 4848 quod
1479 4770 1781 4832 Passionis
1815 4782 2050 4853 tempus

396 4864 660 4927 nondum
695 4856 1070 4937 imminebat,
1105 4874 1359 4938 parcens
1387 4857 1631 4922 interim
1662 4859 1805 4941 illis,
1839 4879 1915 4923 ne
1946 4863 2049 4921 ho-

397 4953 621 5016 micidii
650 4948 884 5011 crimini
919 4948 1066 5008 ﬁant
1095 4945 1618 5011 obnoxii.Temere
1650 4949 1809 5011 enim
1841 4969 1905 5011 se
1937 4968 2045 5030 pe-

396 5042 602 5105 riculis
633 5039 926 5120 objicere,
960 5035 1080 5099 Det:
1109 5046 1339 5115 gratum
1372 5053 1490 5101 non
1520 5047 1631 5101 est.
1668 5037 1818 5101 Vide
1849 5048 2047 5101 autem

392 5134 550 5216 quod
581 5134 888 5211 signanter
917 5128 1063 5191 dicit
1092 5149 1106 5192 :
1132 5129 1372 5207 Egressi
1400 5151 1412 5187 :
1441 5148 1575 5191 nam
1593 5139 1658 5192 ut
1687 5131 2045 5195 exiverunta

395 5226 545 5297 Deo,
580 5231 719 5283 tune
749 5222 1061 5280 voluerunt
1091 5218 1345 5298 perdere
1384 5218 1614 5285 Jesum.
1644 5218 1853 5283 Nullus
1883 5223 2041 5285 enim

391 5310 453 5372 in
483 5311 606 5373 Deo
638 5326 886 5369 manens
917 5307 1055 5368 talia
1086 5316 1285 5369 mente
1315 5308 1512 5386 agitat.

358 5452 359 5455 η
476 5394 992 5472 νειιε.15,16.αΕι
1013 5404 1228 5457 secutae
1259 5406 1399 5458 sunt
1430 5416 1563 5459 eum
1598 5396 1786 5460 turba:
1809 5399 2035 5476 multa,

391 5500 448 5554 et
480 5487 704 5553 curavit
732 5504 836 5547 eos
868 5503 1098 5559 omnes,
1132 5493 1191 5545 et
1219 5484 1548 5567 increpavit
1578 5506 1708 5569 eos,
1735 5507 1810 5550 ne
1840 5490 2036 5551 mani-

390 5583 603 5645 festum
623 5594 758 5639 eum
782 5573 1059 5636 faciant.»
1086 5570 1164 5634 Ut
1181 5573 1457 5635 invidiam
1484 5575 1721 5638 illorum
1738 5577 2040 5642 demulce-

2136 508 2223 562 καὶ
2277 515 2382 563 τῶν
2426 511 2639 583 ἡμερῶν
2685 511 3041 587 Δημιουργὸς,
3086 509 3224 565 ὥστε
3255 510 3363 587 ἐγὼ
3404 509 3515 565 λύω
3542 511 3603 565 τὸ
3639 505 3795 567 Σάϐ-

2136 593 2295 651 ϐατον
2354 600 2427 660 ὡς
2463 598 2760 665 Δεσπότης.
2813 598 3020 665 Νόησον
3052 597 3107 653 δὲ
3151 599 3237 653 καὶ
3268 599 3403 654 κατὰ
3445 598 3731 675 ἀναγωγήν
3767 614 3780 626 ·

2137 683 2249 739 ἐπεὶ
2294 687 2391 766 γὰρ
2463 687 2678 765 ἐργάται
2742 689 2875 753 ἦσαν
2951 690 2997 743 0i
3041 685 3356 761 ἀπόστολοι,
3419 688 3667 764 θερισμὸς
3727 682 3783 738 δὲ

2136 775 2223 828 καὶ
2278 777 2508 854 στάχυες
2579 779 2624 832 οἱ
2694 777 3053 849 πιστεύοντες,
3145 774 3352 831 ἔτιλλον
3433 777 3647 835 τούτους
3732 774 3782 829 οἱ

2136 862 2424 920 ἀπόστολοι
2476 866 2565 921 καὶ
2626 864 2827 937 ἤσθιον,
2893 864 3148 937 τουτέστι,
3223 865 3412 942 βρῶμα
3485 864 3646 943 εἶχον
3688 861 3786 928 τήν

2135 953 2397 1029 σωτηρίαν
2452 955 2556 1010 τῶν
2629 954 2937 1033 ἀνθρώπων.
3012 965 3166 1013 τοῦτο
3210 952 3264 1008 δὲ
3307 952 3517 1009 ἐποίουν
3558 953 3612 1007 ἐν
3667 964 3784 1016 τοῖς

3294 1044 3340 1100 οἱ
3399 1040 3454 1097 δὲ
3497 1049 3781 1118 Φαρισαῖοι

2129 1132 2478 1207 ἠγανάκτουν.
2541 1132 2691 1191 Οὕτω
2731 1134 2828 1188 κᾶν
2891 1139 2956 1209 τῇ
3001 1131 3315 1203 Ἐκκλησία,
3362 1139 3469 1187 τῶν
3526 1128 3787 1185 διδασκάέ

2127 1219 2234 1274 λων
2291 1220 2547 1286 πολλάκις
2609 1221 2958 1278 διδάσκοντων
3019 1225 3105 1277 καὶ
3168 1219 3534 1299 ὠφελούντων,
3567 1221 3613 1273 οἱ
3658 1225 3776 1272 Φα-

2135 1039 2420 1115 Σάόϐασιν,
2456 1043 2508 1098 ἐν
2554 1050 2621 1119 τῇ
2650 1043 2801 1121 ἀργίᾳ
2855 1050 2958 1099 τῶν
3015 1050 3195 1099 κακῶν
3229 1060 3243 1073 '

2128 1312 2452 1385 ρισαΐζοντες
2485 1313 2571 1367 καὶ
2616 1312 2850 1390 φθονεροὶ
2879 1311 3293 1391 ἆπαρέσκονται,

2218 1416 2246 1454 α
2281 1400 2378 1456 Καὶ
2410 1398 2647 1473 μεταϐὰς
2709 1400 2931 1473 ἐκεῖθεν,
2981 1398 3140 1466 ἦλθεν
3191 1400 3263 1460 εἷς
3308 1398 3407 1463 τὴν
3465 1395 3779 1473 συναγωγήν

2131 1487 2324 1564 αὐτῶν,
2384 1490 2472 1543 καὶ
2514 1486 2621 1543 ἰδοὺ
2680 1486 2947 1566 ἄνθρωπος
3003 1488 3066 1556 ἦν
3113 1488 3250 1562 ἐκεῖ,
3310 1487 3410 1552 τὴν
3439 1497 3604 1564 χεῖρα
3631 1482 3779 1561 ἔχων

2128 1574 2312 1654 ξηρὰν,
2368 1578 2453 1632 καὶ
2490 1577 2845 1656 ἐπηρώτησαν
2905 1577 3082 1651 αὐτὸν,
3135 1576 3381 1654 λέγοντες
3417 1594 3432 1608 ’
3498 1575 3554 1630 Εἰ
3609 1570 3775 1637 ἔξεστι

2125 1679 2242 1725 τοῖς
2299 1662 2535 1723 Σάϐϐασι
2593 1668 2945 1746 θεραπεύειν,
3022 1666 3113 1721 ἴνα
3172 1665 3618 1743 κατηγορήσωσιν
3674 1664 3775 1718 αὖ-

2126 1760 2237 1814 τοῦ.
2290 1778 2315 1807 n
2382 1758 2441 1811 Οἱ
2492 1753 2641 1811 ἄλλοι
2693 1754 3062 1833 εὒαγγελισταὶ
3085 1754 3349 1832 λέγουσιν,
3387 1751 3467 1808 ὅτι
3511 1754 3540 1806 ὃ
3571 1748 3775 1817 ἰησοῦς

2124 1842 2442 1918 ἐπηρώτησε
2488 1844 2610 1907 τοὺς
2667 1845 3007 1919 Φαρισαίους.
3073 1835 3268 1901 ’Ἔστιν
3327 1844 3415 1897 οὖν
3455 1842 3649 1911 εἰπεῖν,
3694 1838 3773 1893 ὅτι

2126 1933 2360 2008 φθονεροὶ
2424 1931 2593 2010 ὄντες,
2639 1930 2931 2009 προέλαϐον
2988 1935 3075 1989 καὶ
3123 1932 3407 2011 ἠρώτησαν
3465 1930 3641 2008 αὺτὸν,
3700 1929 3773 1992 ὡς

2127 2017 2271 2095 λέγει
2317 2023 2344 2075 ὁ
2405 2025 2703 2082 διατθαῖος,
2762 2025 2896 2077 Εἶτα
2941 2024 2968 2077 ὁ
3013 2025 3237 2100 Χριστὸς
3281 2019 3443 2077 πάλιν
3499 2018 3773 2096 ἠρώτησεν

2129 2107 2339 2183 αὐτοὺς,
2392 2108 2571 2187 ὥσπερ
2634 2108 2909 2189 χλευάζων
2980 2113 3067 2166 καὶ
3125 2111 3225 2177 τὴν
3296 2110 3547 2187 πώρωσιν
3603 2109 3773 2163 αὐτῶν

2129 2193 2412 2276 διαγελών,
2472 2196 2602 2275 ὅπερ
2659 2201 2706 2253 οἱ
2741 2197 2907 2278 ἕτεροι
2940 2198 3311 2277 εὐαγγελισταί
3352 2218 3534 2275 φασιν,
3595 2189 3771 2272 Ἠρώ-

2126 2306 2299 2350 τησαν
2342 2284 2396 2340 δὲ
2450 2288 2605 2342 αὑτὸν

2127 2371 2362 2435 ϐάλλειν,

2218 2486 2246 2517 ι
2297 2455 2354 2520 Ὀ
2412 2463 2466 2520 δὲ
2515 2466 2672 2520 εἶπεν
2717 2467 2925 2538 αὐτοῖς,
2973 2468 3063 2529 Τίς
3109 2467 3253 2522 ἔσται
3300 2461 3349 2529 ἐξ
3380 2465 3527 2538 ὑμῶν
3570 2462 3773 2539 ἄνθρω-

2131 2573 2252 2630 πος,
2308 2553 2364 2618 ὃς
2432 2551 2533 2617 ἕξει
2590 2552 2855 2632 πρόϐατον
2926 2554 3006 2629 ἓν,
3080 2557 3168 2611 καὶ
3240 2555 3330 2609 ἐὰν
3366 2552 3579 2628 ἒμπέσῃ
3622 2558 3775 2607 τοῦτο

2130 2653 2249 2703 τοῖς
2280 2639 2545 2697 Σάϐϐασιν
2595 2643 2667 2705 εἷς
2725 2643 2960 2722 βόθυνον,
3009 2644 3132 2723 οὖχὶ
3192 2644 3445 2722 κρατήσει
3477 2643 3625 2718 αὐτὸ,
3688 2641 3776 2695 καὶ

2134 2728 2311 2808 ἐγερεῖ
2338 2751 2354 2801 ;
2444 2731 2599 2802 Πόσῳ
2682 2730 2766 2785 οὖν
2845 2727 3073 2808 διαφέρει
3152 2730 3421 2806 ἄνθρωπος
3478 2726 3774 2805 προϐάτου(

2135 2805 2311 2873 ιὨστε
2368 2816 2530 2882 ἔξεστι
2605 2833 2720 2881 τοῖς
2770 2815 3004 2874 Σαϐϐασι
3031 2817 3208 2882 καλῶς
3256 2831 3451 2875 ποιεῖν.
3488 2839 3512 2872 ι
3553 2818 3769 2871 Δείκνυ-

2132 2927 2214 2959 σιν
2258 2908 2439 2969 αὐτοὺς
2498 2904 2581 2961 διὰ
2624 2905 2723 2979 μὲν
2764 2905 3221 2985 φιλοχρηματίαν,
3280 2908 3370 2962 καὶ
3398 2905 3491 2961 ἵνα
3522 2906 3599 2978 μὴ
3640 2926 3770 2982 προσ

2131 2991 2292 3050 ϐάτου
2342 2999 2632 3071 στερηθῶσι
2686 2993 3040 3060 καταλύοντας
3105 2996 3167 3051 τὸ
3237 2992 3530 3068 Σάϐϐατον,
3591 2991 3674 3048 διὰ
3716 2990 3769 3047 δὲ

2129 3083 2189 3138 τὸ
2245 3086 2621 3162 θεραπευθῆναι
2688 3083 2979 3163 ἄνθρωπον,
3046 3086 3124 3160 μὴ
3181 3084 3560 3163 ἀνεχομένους,
3616 3080 3770 3137 τοῦτο

2130 3171 2392 3247 γενέσθαι.
2450 3171 2638 3229 ’Ίὶστε
2691 3175 2748 3228 ἒν
2803 3177 2978 3247 ταυτῴ
3032 3176 3119 3230 καὶ
3190 3171 3627 3252 φιλοχρημάτους
3683 3170 3771 3226 καὶ

2130 3260 2361 3327 ἀπηνεῖς
2419 3260 2664 3341 δεικνύει,
2724 3262 2812 3317 καὶ
2865 3263 3266 3342 καταφρονητας
3324 3259 3414 3316 τοῦ
3465 3266 3617 3317 Θεοῦ.
3668 3268 3771 3315 Κα-

2131 3350 2443 3429 ταφρονοῦσι
2515 3352 2614 3429 γὰρ
2669 3349 2763 3407 τοῧ
2847 3348 3145 3423 Σαϐϐάτου,
3205 3350 3298 3406 ἵνα
3343 3350 3421 3425 μὴ
3463 3352 3770 3423 ζημιωθῶσι

2133 3437 2418 3516 πρόϐατον,
2462 3439 2699 3503 ἇνελεετς
2738 3436 2793 3494 δέ
2849 3440 3000 3514 εἰσιν,
3054 3439 3135 3497 ὅτι
3179 3440 3452 3518 ἀνθρώπου
3497 3440 3771 3515 θεραπείαν

2131 3530 2191 3584 οὐ
2219 3527 2476 3590 θέλουσιν,

2217 3640 2244 3671 α
2291 3618 2419 3675 Τότε
2475 3618 2618 3697 λέγει
2670 3626 2748 3692 τῷ
2808 3617 3084 3695 ἀνθρώπῳ·
3151 3607 3434 3675 ἸΕκτεινον
3477 3616 3577 3684 τὴν
3608 3615 3773 3695 χεῖρά

2132 3728 2226 3763 σου
2260 3722 2274 3736 ⁸
2344 3709 2431 3762 καὶ
2485 3708 2727 3783 ἐξέτεινε,
2794 3708 2882 3763 καὶ
2938 3707 3341 3773 ἀποκατεστάθη
3399 3707 3553 3784 ὑγιὴς
3608 3708 3680 3770 ὡς
3733 3706 3770 3772 ἦ

2132 3791 2291 3859 ἄλλη.
2345 3816 2373 3848 ι
2437 3792 2632 3850 Πολλοὶ
2678 3795 2765 3850 καὶ
2822 3793 2909 3849 νῦν
2960 3793 3145 3873 ἔχουσι
3213 3792 3374 3872 ξηρᾶς
3428 3795 3521 3856 τὰς
3549 3806 3770 3871 χεῖρας,

2129 3882 2419 3958 τουτέστιν,
2468 3881 2829 3959 ἀνελεήμονας
2899 3885 2987 3940 καὶ
3040 3881 3419 3958 ἆμεταδότους’
3469 3880 3586 3959 ἀλλ’
3646 3880 3773 3937 ὅταν

2130 3970 2157 4024 ὃ
2203 3970 2359 4049 λόγος
2402 3954 2445 4028 ⁷ὁ
2503 3954 2846 4050 εὐαγγελικὸς
2909 3954 3161 4051 ἐνηχήσῃ
3206 3976 3410 4047 αὐτοῖς,
3459 3954 3773 4026 ἐκτείνουσιν

2131 4061 2204 4124 εἷς
2239 4059 2517 4135 μετάδοσιν
2572 4063 2791 4136 ταύτας,
2849 4060 2946 4122 κᾶν
2992 4065 3039 4117 0i
3084 4069 3390 4141 Φαρισαῖοι,
3422 4062 3470 4114 οἱ
3520 4058 3773 4130 ἀλαζόνες

2612 2336 2627 2367 ,
2690 2287 2782 2342 ἵνα
2840 2294 3049 2366 σχῶσιν
3105 2288 3348 2367 ἀφορμὴν
3409 2288 3480 2351 εἷς
3538 2287 3598 2341 τὸ
3653 2284 3775 2340 δια-

2131 4146 2398 4225 δαίμονες,
2430 4153 2478 4206 οἱ
2507 4150 2939 4227 ἀποκεκομμένοι
2983 4154 3159 4226 ἡμῶν,
3219 4148 3302 4205 διὰ
3329 4150 3426 4217 τὰν
3470 4151 3600 4228 πρὸς
3630 4150 3771 4225 ἡμᾶς

2130 4236 2352 4319 ἔχθραν,
2410 4243 2469 4298 οὖ
2522 4238 2759 4297 θέλουσιν
2800 4242 3083 4307 ἒκταθῆναι
3139 4239 3232 4302 τὰς
3262 4252 3458 4317 χεῖρας
3500 4240 3655 4314 ἡμῶν
3699 4239 3772 4302 εἷς

2062 4336 2106 4386 Ι)
2125 4327 2510 4403 ἐλεημοσύνην,

2217 4439 2241 4473 ι
2292 4420 2353 4475 Οἱ
2408 4416 2463 4474 δὲ
2512 4425 2796 4483 Φαρισαῖοι
2848 4417 3168 4498 ἔξελθόντες,
3218 4415 3533 4493 συμϐούλιον
3577 4413 3769 4473 ’ἔλαϐον

2131 4506 2249 4563 κατ’
2297 4509 2474 4583 αὐτοῦ,
2535 4506 2681 4570 ὅπως
2725 4509 2881 4566 αὐτὸν
2931 4506 3292 4583 ἀπολέσωσιν,
3346 4498 3404 4563 Ὀ
3460 4503 3514 4561 δὲ
3562 4503 3772 4571 Ἰησους

2132 4596 2311 4672 γνοὺς,
2355 4580 2701 4675 ἀνεχώρησεν
2729 4596 2956 4655 ἐκεῖθεν,
3006 4619 3033 4651 ι
3074 4580 3153 4651 ’“Ω
3184 4594 3406 4676 φθόνουὲ
3443 4593 3531 4650 ὅτε
3557 4597 3772 4672 εὐεργε-

2130 4686 2345 4759 τῶνται,
2389 4686 2512 4741 τότε
2569 4686 2928 4761 ὲκμαίνονται,
3003 4684 3312 4764 Ἀναχωρετ
3353 4682 3407 4739 δὲ
3467 4687 3496 4740 ὁ
3537 4683 3768 4761 Ἰησοῦς,

2131 4769 2213 4829 διὰ
2270 4774 2330 4828 τὶ
2389 4775 2556 4849 μήπω
2598 4773 2843 4841 ἐνστῆναι
2898 4776 2982 4832 τὸν
3038 4776 3219 4853 καιρὸν
3276 4780 3370 4832 τοῦ
3410 4773 3627 4851 πάθους,
3682 4772 3770 4827 καὶ

2129 4861 2241 4937 ἅμα
2285 4861 2499 4919 ἐκείνων
2553 4861 2884 4944 φειδόμενος,
2943 4865 3022 4940 μὴ
3069 4863 3366 4942 ἐγκλήματι
3395 4867 3556 4942 φόνου
3610 4882 3765 4944 περι-

2129 4952 2357 5015 πέσωσι,
2418 4954 2488 5010 Τὸ
2540 4940 2639 5031 γὰρ
2706 4940 3085 5030 ῥιψοκίνδυνον,
3111 4940 3200 5010 Ὕοῦ
3279 4940 3579 5032 θεάρεστον.
3629 4940 3774 5027 ’Ὅρα

2129 5039 2184 5096 δέ
2238 5043 2319 5115 τὸ,
2374 5040 2728 5107 Ἐξελθόντες.
2788 5032 2927 5100 U01c
2968 5043 3069 5122 γὰρ
3124 5040 3340 5110 ἐξῆλθον
3400 5042 3460 5098 ἐκ
3494 5046 3588 5097 τοῦ
3618 5045 3774 5121 Θεοῦ,

2126 5128 2245 5186 τότε
2276 5129 2651 5203 ἠϐουλήθησαν
2694 5131 2955 5189 ἀπολέσαι
2998 5134 3091 5188 τὸν
3123 5130 3350 5198 Ἰησοῦν.
3384 5128 3560 5193 Οὐδεὶς
3591 5128 3691 5209 γὰρ
3719 5128 3775 5185 ἓν

2125 5224 2203 5291 τῷ
2234 5227 2351 5295 Θεῷ
2382 5222 2555 5297 μένων
2587 5231 2803 5281 τοιαῦτα
2844 5218 3175 5298 βουλεύεται.

2210 5422 2234 5454 α
2288 5400 2386 5457 Καὶ
2414 5400 2783 5468 ἠκολούθησαν
2825 5399 2971 5473 αὐτῷ
3027 5397 3185 5479 ὄχλοι
3243 5396 3454 5471 πολλοὶ,
3515 5400 3604 5452 καὶ
3663 5395 3774 5452 ἐθε-

2121 5489 2379 5563 ράπευσεν
2463 5488 2648 5553 αὐτοὺς
2718 5490 2919 5555 πάντας
2952 5504 2966 5518 ⁸
3049 5489 3137 5545 καὶ
3194 5487 3513 5561 ἐπετίμησεν
3585 5486 3772 5548 αὐτοῖς

2120 5578 2212 5635 ’ἕνα
2240 5584 2317 5653 μὴ
2349 5580 2569 5657 φανερὸν
2630 5581 2784 5634 αὑτὸν
2840 5579 3156 5648 ποιήσωσιν.
3193 5598 3221 5635 ι
3276 5578 3378 5635 Τὸν
3425 5578 3613 5653 φθόνον
3648 5575 3771 5632 ἰκε-
