4126 6268
481 245 596 308 267

1432 250 2021 314 THEOPHYLACTI
2064 248 2472 310 BULGARIAB
2515 248 2869 310 ARCHIEP.

3719 246 3842 309 268

478 395 814 438 sermonem
848 379 1292 459 suscipientem,
1319 381 1589 444 existima
1618 383 1782 442 illum
1818 399 2036 442 caicum
2057 385 2112 438 et

2216 376 2322 444 ιητ⁹
2379 379 2534 436 αὐτὸν
2595 383 2812 432 νοοῦντα
2872 378 2932 432 τὸ
2983 376 3201 456 ἀγαθὸν,
3249 379 3386 453 μήτε
3431 379 3613 456 ἐτέρου
3659 376 3852 454 λόγους

480 473 730 541 mutum,
780 485 957 546 quem
1010 469 1230 529 utinam
1292 469 1512 530 sanarit
1565 468 1723 530 Deus
1778 478 1935 531 tacto
1995 469 2124 546 ejus

478 552 680 614 corde.

558 641 831 702 VEns.2-’l
869 642 1039 714 «Quae
1070 663 1202 703 cum
1236 645 1597 706 audivissent
1627 644 1931 725 Pharisaei,
1967 644 2126 706 dice-

480 727 618 788 bant
652 750 662 789 :
704 727 809 790 Hic
844 750 958 791 non
1010 731 1170 809 ejicit
1219 733 1506 792 dzemonia
1557 734 1668 794 nisi
1701 753 1756 793 in
1791 731 2121 794 Beelzebub

482 817 747 896 principe
767 818 1198 879 daemoniorum
1235 820 1529 882 nTamelsi
1565 823 1848 883 Dominus
1885 831 2125 901 propter

481 923 583 965 eos
609 907 1060 986 secesserat,illi
1087 908 1474 970 nihilominus
1504 910 1678 970 etiam
1715 911 1916 990 prorul
1946 908 2116 971 audi-

484 995 1228 1076 entestaxabuntzcumque
1242 998 1512 1059 homines
1535 998 2123 1059 multisaﬂicerentur

485 1085 1116 1164 beneﬁciis,eranttam
1141 1096 1366 1147 naturae
1385 1089 1809 1169 inimici,qua(e
1825 1089 2116 1152 diabolus.

563 1173 744 1236 Vens.
781 1175 881 1254 ‘25,
918 1175 1015 1236 ⁸.ὶῦ.
1057 1175 1234 1236 «Cum
1267 1185 1461 1236 autem
1495 1177 1671 1238 sciret
1700 1177 1871 1239 Jesus
1901 1178 2118 1255 cogita-

487 1263 677 1324 tiones
708 1263 965 1336 illorum,
1003 1263 1148 1325 dixit
1178 1263 1296 1324 illis
1321 1281 1334 1325 :
1361 1263 1550 1326 Omne
1598 1284 1840 1340 regnum
1871 1265 2123 1325 divisum

486 1351 765 1412 adversus
785 1351 1338 1425 sese,desolatur:et
1359 1354 1553 1413 omnis
1575 1354 1774 1413 civitas
1802 1353 2121 1413 autdomus

485 1438 670 1499 divisa
701 1438 986 1499 abversus
1017 1439 1292 1517 seipsam,
1332 1459 1449 1500 non
1475 1441 1673 1502 stabit.
1706 1440 1775 1501 Et
1797 1440 1846 1500 si
1877 1442 2123 1503 Satanas

486 1525 761 1588 Satanam
817 1527 994 1606 ejicit,
1059 1527 1340 1588 adversus
1397 1528 1656 1607 seipsum
1719 1528 1937 1591 divisus
1982 1537 2117 1592 est:

2205 463 2516 544 δεχόμενον,
2591 471 2775 522 τοῦτον
2851 464 3032 539 νόμιζε
3103 464 3297 545 τυφλὸν
3368 469 3455 523 καὶ
3519 467 3720 547 κωφὸν,
3795 466 3855 518 ὃν

2203 554 2408 610 ἰάσαιτο
2451 556 2478 609 6
2510 555 2638 617 Θεὸς
2670 552 2970 628 ἁπτόμενος
2999 553 3098 620 τῆς
3127 553 3340 632 καρδίας
3370 559 3547 614 αὐτοῦ.

2291 661 2318 692 α
2354 643 2412 697 Οἱ
2468 638 2522 696 δὲ
2578 647 2864 718 Φαρισαῖοι
2921 640 3268 717 ἀκούσανττς,
3312 647 3466 700 εἶπον
3501 665 3514 681 ⁸
3562 643 3725 706 Οὗτος
3755 646 3854 700 οὐκ

2204 725 2448 785 ἐκϐάλλει
2480 729 2545 786 τὰ
2587 726 2857 803 δαιμόνια,
2891 730 2934 784 εἰ
2966 729 3044 804 μὴ
3075 728 3130 784 ἐν
3159 736 3236 803 τῷ
3291 730 3605 803 Βεελζεϐοὺλ
3631 729 3855 810 ἄρχοντι

2203 818 2308 873 τῶν
2343 815 2648 893 δαιμονίων.
2710 842 2734 874 ιι
2773 820 2955 876 Καίτοι
3001 840 3062 898 γε
3115 822 3458 900 ἀνεχώρησεν
3503 825 3531 880 6
3562 823 3754 901 Κύριος
3785 817 3857 875 δι’

2204 909 2411 980 αῦτοες,
2487 905 2608 962 ἀλλ’
2665 906 2861 963 ἐκεῖνοι
2939 909 3028 963 καὶ
3080 907 3343 986 πόῤῥωθεν
3395 911 3674 972 ἀκούοντες
3729 905 3851 963 δια-

2203 992 2508 1068 ϐάλλουσιν,
2566 996 2654 1051 καὶ
2731 995 3178 1074 εὐεργετουμένων
3239 1004 3344 1054 τῶν
3387 999 3696 1078 ἀνθρώπων,
3755 994 3853 1052 οὗ·

2199 1105 2303 1146 τως
2347 1083 2483 1150 ἦσαν
2525 1083 2705 1162 ἐχθροὶ
2735 1084 2833 1150 τῆς
2864 1085 3068 1162 φύσεως
3093 1087 3166 1150 ὡς
3198 1087 3226 1140 6
3254 1083 3522 1150 διάϐολος.

2289 1192 2313 1227 ε
2361 1168 2524 1232 Εἰδὼς
2567 1170 2622 1226 δὲ
2651 1174 2678 1226 6
2733 1170 2936 1237 Ἰησοῦς
2993 1175 3088 1237 τὰς
3135 1172 3448 1248 ἐνθυμήσεις
3478 1178 3672 1245 αὐτῶν,
3697 1173 3855 1228 εἶπεν

2204 1261 2387 1321 αὒτοῖς
2421 1278 2436 1294 ⁸
2499 1264 2648 1315 Πᾶσα
2706 1259 2954 1335 βασιλεία
3030 1264 3340 1340 μερισθεῖσα
3427 1260 3544 1318 καθ’
3635 1262 3853 1326 ἑαυτῆς,

2208 1345 2496 1424 ἐρημοῦται
2532 1363 2544 1378 ⁸
2582 1348 2670 1402 καὶ
2726 1353 2869 1403 πᾶσα
2927 1347 3083 1411 πόλις
3115 1348 3151 1417 ἢ
3203 1352 3339 1406 οἰκία
3370 1352 3680 1429 μερισθεῖσα
3735 1344 3853 1402 καθ’

2203 1435 2420 1508 ἐαυτης,
2483 1434 2542 1490 οῦ
2600 1437 2936 1504 σταθήσεται.
2993 1439 3091 1494 Καὶ
3134 1439 3179 1494 εἰ
3222 1438 3250 1492 ὃ
3279 1444 3518 1501 Σατανᾶς
3546 1438 3635 1494 τὸν
3666 1442 3850 1491 Σατα-

2204 1529 2294 1579 νᾶν
2324 1521 2591 1596 ἐκϐλλλει,
2651 1521 2733 1602 ἐφ’
2784 1525 2970 1580 ἑαυτὸν
3015 1525 3262 1605 ἐμερίσθη
3297 1541 3310 1554 ·
3369 1530 3482 1592 πῶς
3533 1527 3622 1581 οῦν
3651 1525 3852 1592 σταθή-

487 1615 658 1675 modo
702 1614 880 1692 igitur
935 1615 1113 1675 stabit
1160 1634 1407 1689 regnum
1470 1606 1653 1696 ejus?
1697 1641 1724 1674 ι
1765 1616 2122 1696 Invulgando

2216 1633 2350 1668 τεται
2398 1614 2432 1679 ἡ
2475 1610 2715 1688 βασιλεία
2770 1615 2975 1687 αὐτοῦς
3029 1636 3052 1671 ι
3108 1615 3206 1670 Διὰ
3246 1624 3340 1672 τοῦ
3382 1613 3711 1690 δημοσιεύειν
3755 1613 3853 1674 τὰς

485 1702 864 1778 cogitationes
915 1701 1174 1776 illorum,
1212 1701 1396 1762 Deum
1441 1722 1505 1764 se
1534 1723 1667 1764 esse
1697 1705 2118 1783 comprobavit.

484 1787 738 1849 Excusat
765 1799 963 1849 autem
995 1809 1059 1850 se
1102 1790 1254 1869 apud
1311 1791 1442 1850 illos
1471 1791 1886 1852 communibus
1916 1811 2123 1853 exem-

489 1876 624 1956 plis,
658 1887 714 1936 et
747 1885 1032 1937 monstrat
1059 1878 1115 1937 in
1150 1879 1489 1958 sipientiam
1551 1897 1780 1942 eorum.
1817 1879 2125 1953 Quomodo

395 2041 398 2044 _
487 1965 641 2022 enim
676 1964 980 2024 daemones
1025 1967 1249 2044 seipsos
1283 1967 1556 2046 ejiciunt,
1586 1987 1718 2028 cum
1755 1969 1936 2047 magis
1967 1967 2124 2030 inter

486 2069 550 2112 se
582 2053 958 2113 conveniant?
1002 2052 1175 2113 Satan
1207 2063 1400 2114 autem
1436 2055 1653 2114 dicitur
1685 2056 2076 2118 adversarius.

568 2139 744 2202 Vsus.
782 2141 883 2203 Ἣ.
916 2166 941 2194 «
979 2140 1049 2200 Et
1077 2143 1169 2200 60
1217 2143 1265 2201 si
1318 2162 1424 2220 ego
1473 2144 1528 2203 in
1569 2144 1901 2204 Beelzebub
1946 2145 2119 2224 ejicio

489 2229 912 2302 daemoniaﬁlii
944 2231 1126 2291 vestri
1159 2230 1218 2291 in
1241 2250 1354 2310 quo
1379 2231 1654 2309 ejiciunt?
1675 2233 2117 2313 Proptereaipsi

491 2317 668 2378 vestri
713 2326 887 2378 erunt
922 2317 1178 2395 judices.
1238 2344 1258 2374 υ
1322 2317 1480 2391 Esto,
1539 2319 1748 2400 inquit,
1802 2321 1961 2398 quod
2010 2341 2120 2399 ego

494 2405 621 2466 talis
653 2405 764 2466 sim
803 2427 815 2466 :
851 2406 954 2464 ﬁlii
992 2409 1200 2481 vestri,
1253 2408 1363 2468 hoc
1403 2417 1511 2480 est,
1567 2409 1685 2469 mei
1729 2409 2025 2489 discipuli,
2062 2411 2123 2471 in

492 2513 606 2573 quo
638 2493 926 2572 ejiriunt?
971 2493 1173 2574 Neque
1217 2496 1372 2556 enim
1423 2505 1478 2556 et
1521 2497 1608 2556 illi
1656 2497 1715 2557 in
1746 2497 2123 2559 Beelzebub?

491 2582 657 2653 Quod
685 2583 730 2641 si
766 2583 843 2642 illi
876 2582 1071 2642 divina
1120 2583 1355 2653 virtute,
1409 2586 1590 2644 multo
1628 2585 1808 2663 magis
1850 2605 1978 2664 ego.
2034 2587 2119 2650 Illi

495 2671 651 2730 enim
685 2672 744 2730 in
775 2672 1016 2732 nomine
1051 2690 1180 2732 meo
1228 2673 1510 2732 miracula
1564 2683 1904 2754 operantur,
1942 2695 2121 2755 prop-

496 2769 650 2820 terea
686 2759 770 2819 illi
800 2778 901 2819 vos
931 2760 1383 2821 condemnaturi
1414 2769 1574 2837 sunt,
1600 2763 1736 2841 quia
1767 2763 1897 2824 illos
1919 2764 2125 2825 videtis

2205 1699 2510 1773 ἐνθυμήσεις
2554 1700 2749 1780 αὐτῶν,
2811 1699 3067 1757 δείκνυσ.ν
3141 1700 3221 1758 ὅτι
3281 1703 3408 1766 Θεός
3463 1703 3624 1764 ἐστιν,
3677 1698 3852 1756 Ἀπο-

2203 1788 2441 1866 λογεῖται
2499 1786 2553 1843 δὲ
2609 1791 2794 1854 αὐτοῖς
2838 1789 2945 1845 ἀπὸ
2988 1797 3096 1846 τῶν
3149 1796 3340 1848 κοινῶν
3385 1789 3852 1870 παραδειγμάτων,

2201 1878 2291 1932 καὶ
2346 1875 2566 1932 δείκνυσι
2651 1877 2750 1943 τὴν
2821 1877 3118 1956 ἀφροσύνην
3197 1881 3392 1939 αὐτῶν.
3463 1884 3589 1936 Πῶς
3645 1878 3743 1956 γὰρ
3803 1879 3852 1932 οἱ

2203 1963 2442 2039 δαίμονες
2502 1965 2719 2028 ἑαυτοὺς
2767 1963 3136 2042 ἐκϐάλλουσιν,
3200 1965 3332 2024 ὅπου
3368 1989 3429 2046 γε
3479 1965 3682 2042 μᾶλλον
3725 1967 3853 2024 ἐαυ-

2199 2054 2321 2115 τοὺς
2355 2060 2696 2132 συγκροτοῦσι
2732 2073 2748 2133 ;
2784 2054 2960 2108 Σατὰν
2989 2051 3044 2109 δὲ
3075 2053 3288 2133 λέγεται
3317 2057 3344 2111 6
3385 2056 3768 2131 ἀντικείμενος,

2287 2163 2311 2196 ε
2349 2145 2446 2198 Καὶ
2491 2143 2535 2196 εἰ
2564 2140 2673 2218 ἐγὼ
2714 2142 2768 2197 ἐν
2814 2140 3135 2198 Βεελσεϐοὺλ
3192 2141 3435 2199 ἐκϐάλλω
3485 2145 3552 2200 τὰ
3580 2140 3853 2220 δαιμόνια,

2203 2231 2249 2284 οἰ
2303 2230 2401 2287 υἰοὶ
2456 2229 2603 2304 ὑμῶν
2657 2227 2710 2284 ἐν
2767 2229 2868 2284 τίνι
2947 2228 3313 2307 ἐκϐάλλουσι;
3379 2239 3475 2288 Δια
3514 2233 3670 2287 τοῦτο
3713 2231 3858 2288 αὗτοί

2201 2317 2350 2392 ὑμῶν
2406 2316 2612 2374 ἔσονται
2656 2319 2850 2395 κριταί.
2909 2307 3118 2391 ’Ἔα-τω,
3183 2322 3366 2399 φησὶν,
3428 2319 3508 2376 ὅτι
3540 2319 3647 2396 ἐγὼ
3675 2325 3855 2374 τοιοῦ-

2202 2427 2292 2469 τος
2336 2407 2443 2480 εἰμι
2480 2424 2494 2439 ⁸
2528 2409 2573 2462 οἱ
2615 2404 2670 2461 δὲ
2712 2407 2812 2464 υἱοὶ
2848 2407 3019 2480 ὑμῶν,
3075 2407 3366 2480 τουτέστιν,
3401 2411 3448 2464 οἰ
3503 2409 3620 2483 ἐμοὶ
3673 2410 3856 2483 μαθη-

2203 2495 2310 2568 ταὶ,
2373 2493 2428 2548 ἐν
2484 2495 2584 2548 τίνι
2636 2492 2979 2550 ἐκϐάλλουσιν
3013 2514 3030 2574 ;
3093 2499 3164 2553 06
3207 2498 3306 2574 γὰρ
3335 2496 3389 2552 δὲ
3432 2499 3519 2552 καὶ
3560 2496 3758 2552 ἐκεῖνοι
3801 2494 3856 2549 ἐν

2204 2589 2280 2654 τῷ
2338 2579 2702 2662 Βεελζεϐούλ;
2750 2584 2808 2639 Εἰ
2851 2580 2906 2638 δὲ
2951 2582 3148 2639 ἐκεῖνοι
3203 2587 3315 2658 θείᾳ
3369 2583 3608 2658 δυνάμει,
3671 2582 3857 2655 πολλῷ

2207 2668 2407 2744 μᾶλλον
2465 2669 2593 2748 ἐγώ.
2657 2667 2892 2727 Ἐκεῖνοι
2951 2672 3051 2751 γὰρ
3095 2671 3148 2729 ἐν
3193 2679 3271 2746 τῷ
3318 2673 3430 2747 ἐμῷ
3459 2673 3680 2747 ὀνόματι
3735 2676 3855 2727 θαυ·

2208 2758 2558 2836 ματουργοῦσι
2593 2773 2607 2788 ⁸
2645 2757 2729 2816 διὰ
2760 2765 2917 2816 τοῦτο
2961 2759 3050 2814 οὖν
3115 2760 3315 2815 ἐκεῖνοι
3365 2760 3495 2838 πρὸς
3549 2759 3855 2836 κατάκρισιν

491 2849 550 2907 in
582 2866 713 2908 meo
747 2848 990 2908 nomine
1023 2849 1305 2911 miracula
1335 2850 1551 2921 facere,
1586 2860 1641 2913 et
1674 2851 1870 2913 adhuc
1903 2872 1996 2914 me
2028 2873 2094 2914 ac

2216 2848 2358 2916 ὑμῶν
2416 2847 2648 2920 ἔσονται,
2706 2845 2787 2902 ὅτι
2871 2848 2959 2903 καί
3045 2847 3275 2910 ἐκείνους
3331 2845 3619 2922 βλέποντες
3667 2845 3720 2898 ἐν
3774 2852 3853 2918 τῷ

491 2936 726 2997 cusatis.

580 3025 748 3086 Vens.
785 3027 875 3084 ‘28.
924 3023 1118 3096 «Quod
1144 3027 1190 3086 si
1221 3026 1278 3085 in
1314 3027 1524 3104 spiritu
1559 3027 1664 3088 Dei
1697 3046 1806 3104 ego
1841 3028 2134 3090 damonia

492 3113 834 3191 ejicio,ergo
870 3115 1224 3192 pervenitad
1269 3130 1359 3175 vos
1394 3133 1639 3194 regnum
1673 3115 1802 3178 Dei.
1839 3140 1864 3172 ιι
1891 3116 2015 3179 Ηοο
2038 3119 2131 3178 di-

492 3203 593 3281 cit,
624 3203 807 3282 quod,
837 3203 898 3263 Si
922 3203 980 3261 in
1003 3203 1198 3262 divina
1233 3203 1439 3263 virtute
1475 3223 1580 3280 ego
1613 3205 1786 3282 ejicio
1818 3204 2131 3282 daemonia,

492 3312 632 3370 ergo
665 3311 769 3370 ego
804 3312 932 3352 sum
966 3293 1146 3353 Filius
1197 3293 1326 3366 Dei,
1379 3303 1436 3354 et
1476 3295 1710 3356 advenit
1742 3308 1984 3376 propter
2007 3316 2129 3372 vos,

494 3390 553 3439 ut
579 3382 913 3441 alﬁciamini
951 3381 1276 3456 beneficiis,
1313 3391 1486 3460 atque
1521 3385 1597 3443 ita
1641 3385 1912 3462 pervenit
1943 3387 2001 3446 in
2036 3404 2138 3446 vos

492 3485 658 3526 meus
687 3469 972 3528 adventus
1009 3492 1019 3527 :
1059 3469 1150 3529 hic
1180 3471 1338 3528 enim
1374 3478 1460 3529 est
1495 3489 1748 3549 regnem
1796 3472 1901 3534 Dei
1947 3493 1960 3536 :
1996 3474 2135 3553 quid

494 3555 669 3632 igitur
692 3557 1004 3616 adventum
1041 3575 1268 3626 meum,
1295 3557 1392 3635 qui
1420 3568 1656 3638 propter
1686 3578 1787 3620 vos
1817 3569 1928 3637 est,
1962 3582 2135 3624 accu-

490 3643 636 3704 satis
660 3646 688 3702 ‘?

571 3733 750 3792 Vens.
788 3734 882 3793 “29.
922 3757 940 3782 ε
973 3738 1085 3793 Aut
1114 3731 1407 3812 quomodo
1442 3743 1637 3812 potest
1667 3735 1882 3816 aliquis
1913 3738 2133 3800 intrare

491 3821 732 3880 domum
773 3821 1048 3899 potentis,
1076 3830 1130 3882 et
1167 3838 1296 3881 vasa
1329 3822 1458 3900 ejus
1491 3822 1775 3903 diripere,
1810 3825 1920 3886 nisi
1970 3828 2133 3906 prius

494 3910 632 3985 liget
677 3918 1004 3988 potentem,
1053 3918 1108 3970 et
1155 3918 1292 3968 tunc
1341 3911 1581 3970 domum
1615 3912 1744 3990 ejus
1774 3913 2066 3993 diripiet?
2099 3941 2124 3972 ι

493 3996 742 4056 Tantum
789 3997 1000 4077 inquit,
1063 4000 1233 4059 abest
1292 4006 1350 4058 ut
1407 4000 1632 4058 amicos
1680 4001 1929 4063 habeam
2003 4006 2128 4065 dm-

493 4104 718 4164 mones,
811 4097 870 4145 ut
937 4097 991 4146 et
1065 4087 1435 4147 adversarios
1508 4088 1783 4158 habeam,
1839 4100 1897 4151 et
1952 4093 2126 4170 ligem

489 4192 592 4234 eos
643 4177 738 4254 qui
809 4183 944 4235 ante
1015 4193 1209 4235 meum
1285 4176 1596 4236 adventum
1679 4177 1858 4240 fortes
1935 4191 2191 4280 erant.D

488 4261 554 4322 In
623 4263 863 4324 domum
929 4272 1122 4324 autem
1161 4312 1175 4336 ,
1238 4264 1297 4323 id
1357 4275 1487 4339 est,
1549 4266 1610 4325 in
1682 4267 1965 4329 mundum
2029 4270 2126 4330 in-

488 4352 727 4412 lin-ssus
798 4355 989 4428 Jesus,
1052 4371 1185 4412 vasa
1245 4353 1607 4434 daemonum,
1679 4353 1947 4417 homines
1994 4356 2125 4419 dico

489 4439 751 4502 abstulit.

568 4529 748 4592 Vens.
786 4532 882 4595 30.
928 4559 947 4588 ι
982 4531 1093 4603 Qui
1127 4551 1242 4592 non
1275 4539 1364 4595 est
1393 4542 1864 4605 mecum,contra
1897 4553 1990 4595 me
2013 4545 2122 4600 est:

2214 2935 2328 3010 ἐμῷ
2358 2936 2576 3009 ὀνόματι
2604 2938 3147 3012 θαυματουργυῦντας,
3184 2933 3258 2989 ἔτι
3288 2931 3594 2990 διαϐάλλετέ
3621 2952 3710 3007 με.

2301 3047 2325 3079 ε
2360 3025 2418 3080 Εἰ
2449 3021 2504 3078 δὲ
2537 3022 2646 3102 ἐγὼ
2701 3023 2754 3079 ἐν
2812 3023 3068 3097 πνεύματι
3114 3029 3244 3079 Θεοῦ
3303 3019 3544 3081 ἐκϐάλλω
3571 3023 3637 3077 τὰ
3663 3019 3849 3092 δαιμό-

2216 3135 2324 3192 νια,
2370 3111 2467 3189 ἄρα
2513 3110 2730 3190 ἔφθασεν
2771 3110 2850 3189 ἐφ’
2921 3111 3055 3184 ὑμᾶς
3094 3113 3130 3179 ἡ
3187 3109 3430 3187 βασιλεία
3470 3117 3564 3166 τοῦ
3620 3111 3771 3168 Θεοῦ.
3823 3131 3848 3166 ε

2217 3203 2382 3258 Τοῦτο
2423 3199 2594 3278 λέγει,
2640 3199 2718 3255 ὅτι
2791 3201 2851 3254 Εἰ
2919 3198 2972 3255 ἐν
3014 3199 3128 3271 θείᾳ
3183 3199 3398 3275 δυνάμει
3453 3199 3562 3278 ἐγὼ
3618 3194 3860 3254 ἐκϐάλλω

2216 3291 2281 3345 τὰ
2332 3287 2599 3364 δαιμόνια,
2657 3287 2756 3365 ἄρα
2811 3286 2920 3364 ἐγώ
2977 3287 3083 3362 εἰμι
3153 3289 3180 3343 6
3236 3289 3356 3351 Υἱὸς
3425 3297 3517 3346 τοῦ
3574 3291 3728 3362 Θεοῦ,
3770 3287 3858 3341 καὶ

2216 3380 2554 3457 παραγέγονα
2636 3374 2710 3432 δι’
2799 3377 2959 3451 ὑμᾶς,
3031 3375 3124 3431 ἵνα
3185 3379 3585 3454 εὒεργετηθῆτε,
3682 3366 3860 3430 ’Ὥστε

2217 3464 2434 3546 ἔφθασεν
2491 3466 2564 3530 εἰς
2623 3465 2758 3536 ὑμᾶς
2815 3465 2850 3531 ἡ
2925 3463 3031 3538 ἐμὴ
3114 3465 3394 3544 παροοσία.
3467 3463 3612 3531 Αὕτη
3669 3464 3768 3541 γὰρ
3823 3465 3858 3530 ἡ

2215 3553 2455 3630 βασιλεία
2513 3559 2605 3609 τοῦ
2647 3559 2778 3610 Θεοῦ
2812 3572 2824 3584 ⁸
2873 3552 2924 3606 τί
2964 3551 3137 3607 τοίνυν
3178 3553 3278 3620 τὴν
3307 3551 3374 3607 δι’
3402 3553 3538 3629 ὑμᾶς
3569 3551 3858 3630 γενομένην

2215 3643 2501 3720 παρουσίαν
2531 3663 2634 3716 μου
2662 3637 2970 3696 διαϐάλλετε
3007 3661 3023 3717 ;

2299 3713 2327 3786 ὲ
2363 3713 2445 3786 ’Ἠ
2505 3713 2622 3793 πῶς
2678 3727 2889 3784 δύναταί
2929 3713 3018 3792 τις.
3055 3727 3312 3786 εἰσελθεῖν
3342 3731 3417 3792 εἰς
3446 3730 3542 3796 τὴν
3571 3730 3738 3785 οἰκίαν
3766 3737 3858 3786 τοῦ

2213 3821 2457 3898 ἰσχυροῦ,
2529 3828 2615 3874 και
2670 3818 2736 3872 τὰ
2819 3819 2982 3884 σκεύη
3072 3819 3228 3876 αὐτοῦ
3279 3815 3587 3897 διαρπάσαι,
3633 3816 3722 3872 ἐὰν
3777 3818 3880 3891 μὴ,

2212 3917 2421 3987 πρῶτον
2476 3906 2615 3984 δήσῃ
2669 3909 2757 3963 τὸν
2814 3907 3054 3986 ἰσχυρόν,
3107 3909 3194 3963 καὶ
3225 3908 3344 3962 τότε
3373 3907 3479 3962 τὼν
3507 3907 3676 3962 οἰκίαν
3703 3907 3860 3964 αὐτοῦ

2212 3995 2527 4077 διαρπάσεις
2585 4018 2608 4053 ε
2669 4001 2950 4068 Τοσοῦτον,
3029 3996 3210 4075 φησὶν,
3297 3994 3492 4073 ἀπέχω
3545 4001 3637 4051 τοῦ
3679 3993 3858 4073 φίλους

2212 4086 2360 4166 ἔχειν
2402 4086 2523 4149 τοὺς
2567 4082 2840 4163 δαίμονας,
2884 4082 3020 4139 ὥστε
3069 4085 3157 4139 καὶ
3214 4083 3588 4158 ἂντιτάττομαι
3645 4084 3854 4160 αὐτοῖς,

2209 4177 2296 4231 καὶ
2350 4171 2530 4249 δεσμῶ
2586 4172 2793 4245 αὐτοὺς,
2865 4173 2988 4236 τοὺς
3055 4174 3158 4248 πρὸ
3231 4171 3329 4240 τῆς
3386 4172 3523 4247 ἐμῆς
3569 4175 3857 4250 παρουσίας

2202 4264 2456 4342 ἰσχυροὺς
2498 4261 2650 4327 ὄντας
2683 4276 2696 4290 ⁰
2734 4262 2806 4325 εἰς
2850 4261 2949 4327 τὴν
2980 4261 3146 4318 οἰκίαν
3180 4261 3303 4340 γὰρ,
3344 4259 3464 4328 ἤτοι
3507 4262 3598 4316 τὸν
3624 4264 3853 4340 κόσμον,

2209 4351 2452 4410 εἰσελθὼν
2509 4354 2536 4407 6
2607 4351 2854 4429 Χριστὸς,
2913 4351 2981 4405 τὰ
3021 4350 3185 4416 σκεύη
3221 4354 3328 4406 τῶν
3381 4348 3670 4426 δαιμόνων,
3732 4352 3854 4415 τοὺς

2208 4442 2523 4522 ἀνθρώπους
2553 4439 2720 4520 λέγω,
2764 4437 3112 4518 ἀφήρπασεν.

2293 4521 2410 4612 (17)
2449 4551 2473 4587 ε
2512 4521 2569 4586 Ὀ
2613 4528 2689 4604 μὴ
2747 4526 2819 4584 ὢν
2879 4525 2997 4604 μετ’
3057 4525 3209 4602 ἐμοῦ,
3241 4527 3362 4584 κατ’
3389 4529 3521 4603 ἐμοῦ
3550 4526 3660 4584 ἐστι
3701 4547 3714 4562 ⁸
3767 4530 3853 4584 καὶ

1578 4654 1662 4715 Ex
1695 4654 2010 4717 collatione
2039 4655 2213 4719 codd.
2248 4651 2466 4715 Venet.
2503 4649 2569 4712 S.
2605 4647 2810 4712 Marci.
2884 4678 2887 4679 ν

569 4775 690 4852 (l7)
749 4775 890 4838 Cod.
982 4775 1058 4836 3‘2
1133 4774 1297 4834 addit
1356 4773 1942 4853 :_ﬂ1pa55tyu11tx&c
2027 4777 2123 4850 μὲν

482 4855 653 4931 ἐξάγει
708 4858 796 4910 τὸν
854 4856 1038 4933 λόγον,
1082 4853 1343 4920 ὑποδηλοῖ
1401 4851 1454 4908 δὲ
1502 4851 1717 4932 ἰσχυροί)
1767 4855 1860 4930 μὲν
1889 4859 1977 4912 τὸν
2023 4854 2121 4933 ἅρέ

483 4957 653 5012 χοντα
696 4937 798 4991 τῶν
855 4934 1140 5009 δαιμόνων,
1190 4937 1292 5011 οὐχ
1438 4935 1656 5011 ἰσχυρὸν
1691 4941 1764 5014 τῇ,
1792 4936 1965 5014 φύσει,
2001 4932 2122 4991 ἀλλ’

481 5010 550 5076 ὡς
597 5022 939 5090 τυραννοῦντα
1009 5015 1171 5093 ἐχρι
1242 5010 1389 5068 τοῦδε
1456 5010 1574 5068 aerii
1611 5010 2123 5070 καταδυναστεύοντα

482 5101 584 5146 τών
625 5094 977 5148 ἀσθενούντων
1047 5091 1118 5148 ἐνῇ
1169 5093 1437 5170 ρᾳθυμίαις
1475 5109 1486 5121 ⁸
1556 5094 1715 5159 σκεύη
1760 5091 1814 5148 δὲ
1859 5095 2015 5151 αὗτοῦ
2058 5093 2122 5147 τὰ

481 5172 880 5248 ὑποτεταγμένα
935 5176 1073 5246 αὐτῷ
1128 5171 1394 5250 δαιμόνια,
1447 5173 1520 5235 ὡς
1552 5170 1691 5228 ὅπλα
1735 5177 1890 5230 αὐτοῦ
1925 5193 1938 5207 ⁸
1987 5173 2120 5239 σκύη

483 5252 965 5327 γὰρᾼὸνομάζονται
1011 5254 1094 5307 mi
1137 5254 1201 5306 τα
1244 5250 1400 5312 ὅπλα.
1439 5252 1530 5306 Διὸ
1573 5253 1659 5308 καὶ
1690 5255 1716 5306 6
1748 5259 1949 5315 Λουκᾶς
1979 5275 2118 5309 παν-

483 5315 671 5385 οπλῗαν
723 5331 874 5386 αῦτοῦ
945 5338 1106 5386 ταῦτα
1153 5332 1417 5405 ὠνόμασε,
1479 5330 1547 5386 δι’
1615 5335 1689 5386 ὧν
1745 5330 2120 5389 κατεδουλοῦτο

481 5410 599 5471 τοὺς
649 5406 851 5470 ἀθλίους
909 5411 1229 5486 ἀνθρώπους.
1324 5411 1533 5487 Εἶσάγει
1599 5409 1652 5466 δὲ
1721 5410 1980 5489 λογισμὸν
2037 5409 2120 5466 διὰ

481 5489 716 5544 τοιούτου
786 5488 1201 5565 παραδείγματος
1272 5493 1297 5543 .6
1353 5491 1596 5568 Χριστὸς,
1656 5488 1975 5566 δεικνῦοντα,
2036 5488 2114 5544 ὅτι.

481 5573 540 5626 οὗ
583 5569 743 5637 μόνον
789 5568 900 5622 οῦκ,
928 5568 1040 5645 ἔχει
1073 5567 1218 5647 ριλον
1265 5575 1366 5622 τῶν
1402 5567 1689 5644 δαιμονίων
1735 5573 1820 5626 τὸν
1855 5571 2110 5652 ἄρχοντα,

483 5647 611 5703 ξι).λά
643 5647 728 5703 καὶ
776 5646 870 5721 μαὲ
886 5646 973 5702 λον
1009 5646 1292 5722 ἐδεσμτιπεν
1337 5649 1492 5703 αὗτοῦ
1540 5650 1634 5714 τὴν
1693 5651 1868 5729 ἰσχὺν,
1903 5646 1972 5716 (2;;
2005 5651 2109 5730 ἕχ-

2203 4775 2402 4831 θιστον.
2467 4766 2637 4824 ’Ἔστι
2695 4767 2795 4845 γὰρ
2824 4773 2941 4847 ,τοῦ
2993 4764 3254 4847 λογισμοῦ
3294 4767 3518 4841 σκοπὸς,
3564 4765 3646 4824 ὅτι
3675 4766 3852 4847 ὥσπερ

2207 4854 2266 4909 οὗ
2320 4847 2534 4905 δύναταί
2574 4869 2654 4912 τις
2713 4845 2974 4902 εἰσελθεῖν
3031 4847 3104 4910 εἰς
3153 4846 3252 4913 τὴν
3282 4848 3447 4903 οἰκίαν
3476 4853 3569 4903 τοῦ
3610 4845 3850 4926 ἰσχδροῦ,

2206 4931 2292 4987 καὶ
2352 4930 2419 4984 τὰ
2473 4928 2634 4993 σκεύη
2708 4927 2866 4983 αὐτοῦ
2935 4924 3216 5006 διαρπάσαι
3287 4924 3701 5006 φυλαττόμενα”
3729 4924 3857 5006 παρ’

2206 5009 2382 5082 αὐτοῦ,
2433 5006 2523 5065 ἐὰν
2579 5007 2658 5082 μὴ
2721 5007 2930 5084 πρῶτον
2975 5003 3112 5082 δήσῃ
3171 5007 3261 5060 τὸν
3301 5003 3558 5084 ἰσχυρὸν,
3620 5006 3756 5062 οὕτω
3811 5003 3861 5063 δ’

2206 5090 2362 5151 αὐτὸς
2416 5091 2475 5145 οὐ
2535 5085 2826 5164 διήπρασεν
2884 5084 2945 5142 ἂν
2999 5087 3064 5140 τὰ
3125 5086 3387 5159 δαιμονία,
3446 5084 3589 5142 τοῦτ’
3633 5085 3743 5140 ἔστι
3788 5085 3861 5142 δι-

2205 5168 2542 5247 εσκόρπισεν,
2605 5162 2680 5220 εἰ-
2712 5166 2790 5237 μὴ
2847 5185 3097 5242 προτερον
3153 5162 3431 5239 ἑδέσμευσε
3492 5168 3584 5220 τὸν
3626 5165 3863 5244 ἄρχοντα

2203 5249 2409 5305 τούτων
2458 5243 2551 5303 τὸν
2581 5246 2800 5324 ἰσχυρὸν
2857 5244 3006 5306 ὅντα.
3081 5253 3121 5301 Ο
3167 5244 3244 5318 μὴ
3287 5246 3362 5302 ὢν
3418 5243 3535 5319 μετ’
3578 5243 3732 5325 ἐμοῦ,
3777 5248 3867 5302 καὶ

2201 5350 2252 5388 τ.
2286 5326 2346 5389 λ.
2393 5350 2416 5381 α
2451 5325 2522 5387 Ει
2555 5323 2695 5405 quid
2710 5341 2804 5384 em
2837 5323 3245 5403 exemplo,seu
3277 5323 3669 5405 similitudine
3698 5323 3867 5386 com-

2207 5424 2312 5484 pro
2328 5405 2424 5466 bat
2457 5402 2930 5466 ille'sermonem
2963 5402 3160 5475 seum,
3186 5419 3258 5462 ac
3285 5402 3620 5471 subindicat
3648 5404 3859 5466 fortem

2203 5505 2334 5545 esse
2377 5484 2706 5564 principem
2762 5484 3232 5564 daemoniorum;
3284 5491 3542 5544 attamen
3598 5504 3714 5544 non
3747 5505 3858 5545 na-

2205 5562 2477 5634 tura,£ed
2511 5562 2650 5644 quia
2681 5562 3063 5644 tyrannidem
3096 5573 3355 5644 exercet,
3397 5572 3470 5644 et
3515 5565 3857 5644 dominatur

2197 5645 2257 5704 iu
2283 5641 2819 5723 eos,qui'socnrdia
2844 5660 2908 5700 ac
2921 5641 3152 5720 pigritia
3173 5641 3502 5703 imbecilles
3519 5643 3851 5707 ﬁunt.Vasu
