4122 6270
372 269 493 338 ‘269
1052 273 1495 338 ENABRATIO
1539 273 1621 334 IN
1667 271 2019 336 EVANGEL

2105 266 2171 330 lM
2215 270 2610 334 MATTH/El.
2655 305 2734 318 —
2777 274 2940 342 CAP.
2987 275 3122 336 XII.
3610 271 3728 336 270

355 408 382 459 ὃ
426 407 503 481 μὴ
557 408 804 486 συνάγων
857 406 980 484 μετῗ
1015 408 1170 484 ἐμοῦ,
1226 408 1516 484 σκορπίζει.
1574 429 1596 462 ι)
1644 413 1786 481 Πῶς,
1820 407 2000 485 φησὶν,

2105 411 2143 462 ιιι
2175 402 2274 482 qui
2309 421 2421 464 non
2459 403 2680 482 colligit
2710 423 2969 486 mecum,
3009 406 3356 485 dispergit.»
3392 407 3724 482 Quomodo,

357 497 382 549 ὁ
445 493 765 566 Βεελζεϐοῦλ
821 496 1013 572 ἔμελλὲ
1068 519 1160 572 μοι
1206 509 1499 573 συνεργεῖν,
1557 497 1613 558 ὃς
1670 495 1997 573 ἂντιπράττει

2110 492 2296 570 nquit,
2353 493 2690 553 Beelzebub
2726 493 2866 554 mihi
2901 503 3258 574 cooperatus
3288 504 3397 574 est,
3444 496 3545 575 qui
3575 515 3724 557 con-

360 605 448 654 μοι
509 583 716 659 μᾶλλον
752 605 768 660 ;
813 585 960 665 Ἐγὼ
989 586 1084 659 μὲν
1112 587 1211 664 γὰρ
1259 585 1447 662 ἀρετ-ην
1489 581 1737 657 διδάσκω,
1797 584 2000 647 ἐκεῖνος

2107 578 2326 638 rarium
2361 581 2502 640 mihi
2535 582 2841 659 operatur?
2869 581 2986 660 Ego
3019 583 3257 659 quidem
3290 584 3562 645 virtutem
3610 585 3721 646 do-

359 669 412 726 δὲ
467 673 676 736 κακίαν,
724 679 846 738 Πῶς
902 678 992 732 οῦν
1023 674 1134 729 ἐστι
1177 671 1294 748 μετ’
1327 673 1460 747 ἐμοῦ
1492 693 1506 742 ;
1544 672 1705 748 Κάγὼ
1735 673 1830 746 μὲν
1876 695 2000 727 συν-

2105 683 2210 738 :eo,
2237 665 2338 728 ille
2381 677 2574 728 autem
2613 670 2919 748 malitiam,
2954 672 3247 749 quomodo
3285 672 3459 750 igitur
3488 681 3575 733 est
3601 692 3720 735 me—

363 759 475 837 άγω
563 763 688 827 τοὺς
770 763 1070 842 ἀνθρώπους
1155 765 1227 826 εἷς
1303 761 1586 838 σωτηρίαν,
1666 761 1870 824 ἐκεῖνος
1949 759 2002 815 δὲ

2105 757 2267 813 :um?
2313 757 2380 816 Et
2411 774 2516 832 ego
2551 757 2789 836 quidem
2825 776 3117 836 congrego
3151 759 3422 820 homines
3452 761 3524 821 ad
3555 763 3717 823 salu-

363 851 627 927 σκορπίζει
661 868 676 882 ⁶
732 852 1012 909 αἰνίττεται
1081 850 1134 906 δὲ
1205 865 1292 906 καί
1345 851 1466 914 τοὺς
1522 851 1858 926 Φαρισαίους,
1924 849 2003 904 ὅτι

2105 858 2230 919 ,em,
2255 842 2355 902 ille
2385 852 2578 903 autem
2618 843 2920 923 dispergit.
2946 846 3117 906 Notat
3147 857 3344 907 autem
3373 849 3715 924 Pharisaeos,

366 936 519 993 αὐτοῦ
560 937 895 1005 διδάσκοντος
951 942 1038 996 καὶ
1094 938 1418 1018 ὠφελοῦντος
1493 936 1746 1009 πολλοὺς,
1810 938 2005 993 ἐκεῖνοι

365 1023 699 1083 ἒσκεδάννυον
755 1031 849 1085 τὸν
903 1028 1056 1102 λαὸν,
1113 1028 1249 1085 ὥστε
1301 1027 1378 1102 μὴ
1426 1025 1810 1105 προσέρχεσθαι
1840 1031 2002 1100 αὐτῷ.

371 1115 633 1170 Δείκνυσιν
664 1116 752 1172 οὖν
783 1117 969 1180 αὐτοὺς
1000 1114 1362 1191 δαιμονιώδεις
1393 1122 1470 1188 τῷ
1499 1113 1631 1176 ὄντι,

443 1222 472 1260 (
513 1206 609 1259 Διὰ
664 1211 816 1260 τοῦτο
857 1204 1000 1283 λέγω
1050 1208 1178 1280 ὑμῖν
1215 1221 1226 1233 ·
1277 1211 1427 1259 Πᾶσα
1473 1203 1700 1281 ἁμαρτία
1732 1206 1818 1258 καὶ
1846 1203 2010 1278 βλασ-

369 1293 537 1367 φημία
568 1292 887 1372 ἀφεθήσεται
933 1308 1049 1357 τοῖς
1092 1294 1412 1371 ἀνθρώποις,
1468 1295 1502 1359 ἡ
1533 1290 1587 1346 δὲ
1630 1298 1720 1346 τοῦ
1767 1293 2006 1364 [Ινεύμα-

366 1399 453 1439 τος
539 1377 853 1458 βλασφημία
939 1385 1033 1438 οὒκ
1111 1381 1429 1458 ἀφεθήσεται
1502 1391 1617 1441 τοῖς
1692 1379 2002 1456 ἀνθρώποις.

370 1467 464 1522 Καὶ
519 1467 577 1528 ὃς
627 1468 716 1522 ἐὰν
763 1467 894 1545 εἴπῃ
939 1467 1098 1547 λόγον
1129 1469 1265 1524 κατὰ
1307 1474 1399 1523 τοῦ
1431 1470 1552 1523 Υἱοῦ
1593 1474 1685 1523 τοῦ
1715 1467 2006 1544 ἀνθρώπου,

2090 929 2243 1018 quod
2275 948 2338 988 se
2370 931 2620 991 docente
2651 941 2707 992 et
2739 933 2937 992 multis
2971 935 3253 1012 prodesse
3284 935 3585 1017 cupiente,
3607 939 3722 1018 ipsi

2091 1017 2501 1096 dispergerent
2542 1020 2821 1099 populum
2871 1021 2973 1101 ita,
3009 1040 3084 1082 ne
3113 1023 3468 1084 accederent
3512 1026 3585 1086 ad
3633 1017 3720 1088 se.

2090 1103 2259 1166 Unde
2290 1108 2549 1167 ostendit
2579 1127 2680 1168 eos
2707 1126 2914 1169 revera
2946 1110 3254 1170 daemoniis
3280 1111 3505 1190 plenos.

2172 1196 2564 1270 Vens.3l,3‘2.
2581 1195 2840 1257 «Idcirco
2865 1198 2995 1258 dico
3019 1197 3398 1261 vobis:0mne
3422 1210 3724 1280 peccatum

2088 1292 2146 1343 et
2176 1285 2504 1345 convicium
2533 1287 2872 1347 remittetur
2907 1287 3273 1367 hominibus,
3305 1297 3365 1348 at
3394 1289 3724 1350 convicium

2095 1373 2148 1431 in
2182 1372 2464 1451 Spiritum
2489 1382 2760 1434 sanctum
2794 1394 2910 1434 non
2930 1376 3266 1436 remittetur
3289 1377 3729 1440 hominibus.Et

2093 1459 2356 1538 quisquis
2382 1460 2594 1521 dixerit
2615 1462 2854 1522 verbum
2892 1463 3175 1523 adversus
3198 1463 3410 1524 Filium
3445 1466 3726 1540 hominis,

366 1553 684 1632 ἀφεθήσεται
729 1559 871 1630 αὖτῷ
902 1574 915 1588 ⁶
953 1558 1008 1619 ὃς
1058 1555 1102 1612 δ’
1147 1555 1208 1612 ἂν
1258 1555 1390 1633 εἴπῃ
1419 1557 1556 1612 κατὰ
1582 1562 1676 1613 τοῦ
1706 1557 2010 1629 Πνεύματος

2105 1546 2425 1608 remittetur
2447 1549 2655 1628 illizqui
2679 1560 2874 1610 autem
2910 1551 3127 1611 dixerit
3148 1552 3426 1612 adversus
3442 1553 3727 1632 Spiritum

364 1652 454 1700 τοῦ
524 1644 696 1721 ἁγίου,
759 1645 854 1701 οῦκ
910 1647 1226 1724 ἀφεθήσεται
1285 1646 1427 1718 αῦτῴ
1504 1643 1620 1700 οὔτε
1691 1644 1742 1699 ἐν
1800 1651 1876 1717 τῷ
1927 1652 2012 1701 νῦν

2105 1646 2360 1695 sanctum
2395 1656 2512 1696 non
2535 1639 2870 1699 remittetur
2899 1640 2974 1714 ei,
3009 1659 3204 1720 neque
3227 1642 3286 1700 in
3321 1643 3728 1720 prasentisaa-

367 1731 534 1802 αἰῶνι,
583 1732 699 1788 οὔτε
771 1733 824 1788 ἐν
860 1740 938 1806 τῷ
995 1733 1265 1809 μέλλοντι,
1308 1757 1329 1790 ι
1393 1741 1556 1791 Τοῦτο
1603 1733 1818 1788 ἐνταῦθα
1845 1731 2008 1808 λέγει,

2105 1725 2254 1797 culo,
2283 1743 2474 1804 neque
2506 1727 2562 1786 in
2590 1728 2781 1788 luturo
2818 1752 2843 1782 ι)
2879 1728 3031 1788 Dicit
3063 1730 3176 1788 hoc
3221 1729 3349 1789 loco
3381 1732 3729 1792 omnealiud

367 1817 444 1873 ὅτι
509 1827 652 1876 πᾶσα
714 1824 811 1897 μὲν
867 1822 1004 1889 ἄλλη
1064 1822 1313 1901 ἁμαρτία,
1362 1824 1457 1878 κᾶν
1505 1822 1693 1900 μικρὰν
1741 1831 1864 1899 γοῦν
1894 1821 2010 1899 ἔχει

2105 1821 2397 1891 peccatum
2417 1815 2503 1873 vel
2523 1833 2755 1893 parvam
2786 1816 2990 1876 saltem
3025 1817 3244 1877 habere
3263 1819 3726 1896 excusationem,

366 1906 679 1986 ἀπολογίαν,
736 1913 857 1968 οἷον
915 1913 1152 1989 πορνεία,
1207 1911 1404 1980 κλοπή.
1457 1911 1864 1990 Καταφεύγομεν
1913 1911 2011 1984 γὰρ

2105 1910 2291 1980 utpote
2323 1905 2990 1990 scortationem,ﬁirtum
3021 1926 3040 1965 :
3071 1906 3447 1984 confugimus
3480 1907 3638 1968 enim
3659 1908 3731 1968 ad

371 1997 438 2058 εἷς
491 1999 588 2065 τὴν
646 1999 976 2077 ἀνθρωπίνην
1034 2000 1324 2070 ἀσθένειαν,
1404 2000 1494 2054 καὶ
1564 1998 2010 2075 συγγνωστότεροί

2105 1994 2405 2050 humanam
2439 1992 2864 2064 infirmitatem,
2891 1995 3030 2055 elﬁt
3062 1996 3244 2054 venite
3274 1995 3468 2057 locus:
3495 1996 3730 2076 quando

371 2087 548 2160 ὶσμεν.
601 2075 778 2144 ’Ὅταν
821 2086 875 2143 δέ
932 2110 1013 2150 τις
1045 2087 1217 2164 βλέπῃ
1246 2088 1486 2160 θαύματα
1528 2084 1612 2141 διὰ
1638 2093 1729 2142 τοῦ
1761 2086 2007 2160 Πνεῦμα-

2105 2088 2282 2138 ὶυῐθῐῐ]
2304 2079 2435 2158 quis
2462 2080 2669 2141 viderit
2699 2083 2982 2142 miracula
3014 2102 3119 2162 per
3145 2082 3425 2161 Spiritum
3459 2075 3732 2146 sanctum

371 2195 455 2235 τος
497 2173 816 2254 τελούμενα,
879 2178 962 2231 καὶ
1007 2173 1264 2252 διαϐάλλῃ
1305 2174 1465 2230 ταῦτα
1507 2177 1579 2238 ὡς
1634 2176 1734 2230 ὑπὸ
1764 2171 2008 2247 δαίμονος

372 2263 644 2336 γινόμενα,
721 2265 874 2320 ποίαν
956 2263 1055 2328 ἕξει
1127 2264 1277 2326 οὗτος
1340 2261 1680 2342 ἀπολογίαν,
1741 2261 2012 2340 Πρόδηλον

328 2377 332 2380 ·
375 2351 468 2427 γὰρ
499 2350 581 2406 ὅτι
635 2351 748 2407 οἶδε
781 2353 876 2426 μὲν
922 2351 1001 2408 ὅτι
1058 2352 1162 2408 ἀπὸ
1217 2353 1520 2425 Πνεύματος
1569 2353 1714 2429 ῦγίου
1755 2353 2008 2428 γίνονται,

376 2437 682 2496 ἐθελοκακεῖ
751 2439 826 2502 δέ,
901 2447 1021 2502 Πῶς
1082 2443 1168 2496 οὗ)
1219 2443 1246 2495 6
1315 2445 1551 2502 τοιοῦτος
1623 2438 2009 2518 συγγνωστός,

381 2518 552 2584 ’Ὅταν
597 2531 696 2603 μὲν
727 2533 813 2585 οῦν
873 2527 1095 2586 ἔϐλεπον
1151 2531 1198 2584 οἱ
1245 2527 1490 2584 Ἰουδαῖοι
1521 2530 1612 2583 τὸν
1645 2529 1829 2605 Κύριον
1870 2528 2010 2604 τρώ-

381 2639 533 2692 γοντα
591 2620 679 2673 καὶ
736 2619 973 2688 πίνοντα,
1013 2618 1100 2673 καὶ
1163 2619 1294 2691 μετὰ
1349 2615 1591 2673 τελωνῶν
1648 2615 1893 2694 διάγοντα
1924 2618 2010 2670 καὶ

380 2712 601 2786 πορνῶν,
658 2708 746 2762 καὶ
796 2705 965 2762 τᾶλλα
1001 2706 1172 2762 πάντα
1215 2707 1286 2768 ὡς
1339 2707 1456 2760 Υἱὸν
1513 2705 1783 2783 ἀνθρώπου
1837 2705 2009 2783 πρατ-

379 2815 531 2850 τοντα
577 2795 699 2850 εἶτα
743 2792 1018 2850 διέϐαλλον
1067 2796 1224 2852 αὐτὸν
1266 2796 1340 2857 ὡς
1383 2794 1547 2872 φάγον
1594 2795 1680 2848 καὶ
1709 2795 2011 2866 οἰνοπότην,

2094 2167 2242 2234 ﬁeri,
2277 2176 2334 2226 et
2359 2171 2718 2229 accusaverit
2748 2187 2815 2230 ea
2846 2171 3012 2249 quasi
3038 2191 3070 2230 a
3093 2171 3326 2233 diabolo
3349 2173 3503 2234 facta
3543 2196 3556 2236 :
3595 2192 3737 2254 qua-

2094 2254 2205 2314 lem
2221 2255 2528 2316 habiturus
2549 2258 2754 2318 estille
2777 2259 3626 2323 excusationem?Manifestum
3646 2268 3736 2322 est

2095 2343 2250 2402 enim
2282 2343 2433 2402 scire
2458 2363 2592 2404 eum
2613 2347 2764 2424 quod
2786 2366 2817 2405 a
2836 2346 3054 2424 Spiritu
3071 2358 3270 2409 sancto
3297 2351 3459 2422 ﬁant,
3486 2370 3591 2412 sua
3620 2369 3732 2410 au-

2096 2439 2212 2490 tem
2233 2442 2443 2508 sponte
2465 2434 2618 2493 male
2643 2437 3206 2514 operarizquomodo
3228 2438 3404 2512 igitur
3418 2438 3549 2500 talis
3567 2439 3738 2500 venia

2093 2517 2305 2596 dignus
2319 2520 2463 2580 erit?
2481 2520 2684 2600 Itaque
2701 2524 2878 2584 Judaei
2901 2544 3010 2602 qui
3024 2525 3137 2583 ndo
3158 2526 3736 2588 videruutChristum

2094 2607 2545 2669 manducantem
2582 2619 2638 2670 et
2671 2610 3000 2691 bibentem,
3025 2633 3091 2674 ac
3125 2625 3448 2675 versantem
3484 2636 3614 2677 cum
3643 2635 3743 2695 pu-

2096 2693 2344 2756 blicanis
2376 2706 2432 2755 et
2465 2699 2898 2773 meretricibus,
2928 2701 3160 2780 aliaque
3183 2705 3382 2763 omnia
3415 2722 3580 2765 more
3601 2693 3732 2766 Filii

2100 2785 2354 2844 hominis
2398 2786 2736 2861 facientem,
2773 2796 2831 2849 et
2861 2791 3077 2849 deinde
3110 2802 3436 2868 arguerunt
3485 2812 3620 2854 eum
3672 2803 3736 2855 ut

377 2882 501 2958 ὖπέρ
569 2883 753 2938 τούτου
807 2883 1126 2960 συγγνώμης
1203 2881 1361 2956 ἄξιοι,
1420 2884 1507 2938 καὶ
1577 2879 1692 2938 οόδὲ
1737 2884 2018 2957 μετάνοιαν

2105 2873 2512 2955 comedonem,
2550 2885 2607 2936 et
2641 2877 2759 2934 vini
2788 2886 3050 2954 potorem
3088 2896 3099 2938 :
3131 2879 3189 2937 in
3225 2881 3335 2939 hoc
3366 2889 3536 2941 erant
3565 2882 3736 2942 venia

380 2969 827 3040 ἂπαιτηθήσονται
884 2971 1011 3049 ὑπὲρ
1072 2972 1281 3028 τούτου.
1347 2980 1564 3028 Δοκοῦσι
1624 2971 1723 3047 γὰρ
1785 2970 2017 3048 εὖλότως

383 3057 826 3130 σκανδαλίζεσθαι,
889 3049 1064 3117 εὈταν
1150 3057 1204 3114 δὲ
1279 3058 1565 3135 βλέποντες
1616 3059 1771 3115 αῦτον
1821 3063 2019 3133 θαυμα-

380 3146 714 3224 τουργοῦντα,
777 3144 1048 3203 διέϐαλλον
1107 3149 1195 3203 καὶ
1250 3145 1621 3226 ἐϐλασφήμουν
1694 3150 1754 3203 τὸ
1813 3154 2023 3222 Πνεῦμα

380 3235 438 3290 τὸ
489 3235 666 3315 ἅγιον,
723 3235 968 3314 λέγοντες
1012 3238 1138 3292 αὐτὸ
1181 3235 1520 3312 δαιμονιῶδες
1553 3240 1714 3312 εἶναι,
1749 3237 1860 3300 πῶς
1919 3237 2020 3314 ἀφ-

382 3324 624 3392 εθήσεται
663 3328 816 3381 τοῦτο
860 3327 920 3380 τὸ
978 3326 1265 3402 ἁμάρτημα
1324 3327 1531 3400 αὐτοῖς,
1597 3325 1686 3380 ἐὰν
1731 3327 1806 3400 μὴ
1852 3346 2022 3400 μετα-

384 3413 647 3480 νοήσωσιν
681 3432 697 3488 ;
734 3404 909 3468 ΗΩστε
961 3415 1186 3490 γίνωσκε
1228 3415 1300 3474 ὡς
1345 3416 1373 3468 6
1430 3415 1526 3488 μὲν
1552 3415 1621 3476 εἷς
1666 3415 1757 3469 τὸν
1787 3417 1904 3469 Υἱὸν
1934 3423 2026 3472 τοῦ

384 3499 655 3577 ἀνθρώπου
740 3501 1096 3580 βλασφημῶν,
1164 3502 1506 3580 ἀνθρωπικῶς
1575 3505 1743 3573 ζῶντα
1813 3502 2025 3578 βλέπων

385 3590 560 3661 αὒτὸν,
624 3591 712 3645 καὶ
767 3588 937 3667 λέγων
983 3592 1137 3646 αὐτὸν
1195 3589 1343 3670 φίλον
1402 3597 1631 3670 πορνῶν,
1695 3594 1782 3648 καὶ
1831 3592 2023 3671 φάγον,

381 3677 464 3732 καὶ
515 3677 822 3752 οἰνοπότην,
881 3677 965 3736 διὰ
1006 3681 1066 3734 τὸ
1108 3685 1272 3735 ταῦτα
1316 3682 1406 3736 τὸν
1469 3681 1692 3756 Χριστὸν
1735 3681 1936 3752 ποιεῖν,
1999 3682 2026 3735 6

384 3772 618 3828 τοιοῦτος
677 3765 773 3821 κᾶν
829 3768 907 3840 μὴ
962 3769 1293 3847 μετανοήσῃ,
1354 3772 1412 3826 οὒ
1461 3765 1616 3824 δώσει
1667 3769 1795 3848 ὑπὲρ
1843 3769 2028 3824 τούτου

384 3852 540 3932 λόγον
573 3871 592 3888 ⁶
653 3855 1067 3932 συγγινώσκεται
1112 3857 1210 3934 γὰρ
1261 3859 1333 3920 ὡς
1367 3857 1442 3932 μὴ
1486 3858 1682 3926 νοήσας
1714 3859 1870 3915 αὑτὸν
1899 3857 2029 3911 Θεὸν

383 3941 505 3996 ὄντα
550 3943 783 4020 κρυπτάν
815 3959 828 3972 ⁸
892 3945 918 3998 6
963 3941 1018 3998 δὲ
1069 3945 1142 4006 εἷς
1185 3945 1246 3999 τὸ
1288 3944 1440 4021 ἅγισν
1485 3948 1718 4023 Πνεῦμα,
1765 3943 1880 4010 ἦτοι
1937 3943 2030 4006 τὰς

385 4031 748 4104 πνευματικὰς
807 4030 1018 4108 πράξεις
1065 4039 1156 4088 τοῦ
1212 4040 1458 4111 Χριστοῦ,
1538 4032 1892 4112 βλασφημῶν,
1947 4035 2034 4088 καὶ

385 4117 556 4196 λέγων
613 4119 763 4174 αὒτὰι
820 4118 1210 4194 δαιμονιώδεις,
1272 4120 1360 4176 ἐὰν
1434 4123 1512 4196 μὴ
1584 4122 1912 4196 μετανόήσῃ,
1977 4118 2034 4175 οὒ

386 4210 846 4284 συγγνωσθήσεται
882 4228 900 4244 ·

385 4297 446 4351 τὸ
501 4293 800 4354 διαϐάλλειν
871 4302 1052 4377 εἶχεν,
1111 4297 1291 4375 ὥσπερ
1351 4299 1555 4364 ἐκεῖνος
1599 4303 1626 4355 6
1670 4301 1760 4355 τὸν
1811 4299 2033 4377 Χριστὸν

387 4387 522 4461 ὁρῶν
582 4386 716 4460 μετὰ
762 4392 965 4464 πορνῶν
1023 4385 1149 4444 ὄντα
1207 4389 1294 4443 καὶ
1351 4387 1619 4463 τελωνῶν,
1655 4389 1775 4444 εἶτα
1808 4382 2032 4442 διαϐάλ-

390 4471 544 4552 λων;
608 4473 716 4531 Οὖκ
771 4475 1088 4554 ἀφεθήσεται
1148 4475 1237 4532 οὖν
1294 4477 1432 4551 τύτῳ
1475 4475 1590 4534 οὔτε
1641 4477 1859 4532 ἐνταῦθα
1914 4473 2030 4529 οὕτε

395 4559 525 4617 ἷκεν
577 4561 716 4618 ἀλλὰ
780 4563 867 4619 καὶ
946 4563 1164 4621 ἐνταῦθα
1246 4567 1334 4620 καὶ
1391 4565 1506 4622 ἐκεῖ
1570 4565 2021 4644 τιμωρηθήσεται.

2102 2959 2285 3035 digni,
2317 2972 2374 3023 et
2407 2981 2598 3041 neque
2634 2965 2976 3042 paenitentia
3023 2983 3204 3042 super
3254 2967 3364 3027 hoc
3403 2968 3476 3028 ab
3534 2970 3620 3030 eis
3645 2972 3732 3030 61

2104 3049 2390 3124 exigetur.
2427 3049 2794 3111 Videbantur
2837 3055 2993 3112 enim
3029 3055 3460 3116 rationabiliter
3489 3058 3734 3119 offendi.

2104 3135 2348 3207 Quando
2380 3149 2573 3198 autem
2607 3140 2878 3200 viderunt
2909 3159 3042 3200 cum
3075 3145 3306 3220 operari
3347 3145 3649 3220 miracula,
3683 3157 3742 3208 et

2105 3235 2443 3303 arguerunt,
2479 3227 2966 3308 blasphemarunt
2996 3231 3273 3309 Spiritum
3317 3243 3610 3315 sanctum,
3644 3235 3739 3295 di-

2105 3324 2306 3374 centes
2327 3315 2438 3376 hoc
2469 3317 2891 3378 daamoniacum
2926 3322 3379 3398 esse,quomodo
3409 3322 3743 3384 remittetur

2108 3403 2218 3463 hoc
2280 3415 2577 3482 peccatum
2637 3406 2750 3466 nisi
2807 3409 3209 3487 paenitentiam
3271 3410 3527 3488 egerint?
3556 3411 3626 3472 Et
3664 3412 3744 3473 ita

2109 3490 2268 3551 disce
2291 3495 2445 3571 quod
2480 3495 2579 3555 ille
2610 3497 2707 3574 qui
2743 3495 3114 3576 blasphemat
3136 3499 3195 3557 in
3227 3500 3435 3560 Filium
3460 3500 3739 3576 hominis,

2110 3580 2314 3641 videns
2337 3601 2472 3641 eum
2503 3584 2758 3644 humano
2793 3604 2954 3645 more
2995 3587 3210 3662 vivere,
3263 3596 3320 3647 et
3351 3587 3556 3650 dicens
3584 3612 3601 3650 :
3635 3589 3745 3652 Hic

2109 3672 2550 3731 meretricarins
2580 3684 2872 3744 est,vorax
2903 3684 2959 3734 et
2987 3675 3453 3754 vinipotor,dum
3483 3677 3746 3740 Christus

2111 3757 2221 3816 hoc
2253 3759 2546 3821 l'acitztalis
2565 3763 2685 3822 etsi
2708 3781 2824 3822 non
2855 3764 3246 3844 poeniteat,de
3266 3765 3373 3825 hoc
3399 3785 3514 3826 non
3534 3767 3748 3830 reddet

2114 3846 2401 3907 rationem
2445 3847 2689 3910 Veniam
2725 3851 2883 3910 enim
2905 3852 3152 3932 accepit,
3190 3862 3462 3932 tanquam
3497 3857 3596 3936 qui
3629 3874 3749 3917 non

2114 3933 2642 3998 intellexeritillum
2666 3939 2845 4000 fuisse
2863 3939 3151 4015 Deum,eo
3171 3943 3323 4021 quod
3342 3952 3457 4002 tam
3477 3933 3749 4006 occultus

2114 4021 2427 4094 fuerit.Qui
2454 4037 2648 4086 autem
2672 4026 3039 4106 blasphemat
3061 4030 3118 4088 in
3142 4029 3421 4108 Spiritum
3453 4041 3743 4110 sanctum,

2116 4111 2227 4171 hoc
2273 4122 2380 4191 est,
2416 4114 2472 4174 in
2507 4116 2797 4193 Spiritalia
2855 4133 3041 4195 Opera
3100 4117 3334 4198 Christi,
3379 4130 3437 4181 et
3489 4122 3633 4182 dicit
3682 4141 3752 4184 ea

957 4212 1036 4284 μὴ
1092 4211 1190 4287 γὰρ
1247 4208 1464 4288 εὔλογόν
1505 4233 1624 4266 τινα
1673 4211 1916 4289 ἀφορμήν
1961 4210 2019 4265 εὶς

2117 4217 2247 4259 esse
2264 4200 2696 4276 diabolica,nisi
2716 4204 3120 4281 paenitentiam
3141 4207 3344 4283 egerit,
3367 4210 3598 4270 veniam
3632 4230 3751 4272 non

2119 4288 2613 4314 -A--_---a--_'l\1--_
2660 4293 2804 4314 ___:__
2841 4293 3184 4314 _-.:_,_-L!I_
3232 4312 3245 4314 -
3298 4313 3336 4314 ,,
3409 4313 3417 4314 κ
3548 4299 3561 4314 1
3627 4297 3639 4314 l
3709 4299 3745 4314 υ.

2117 4288 2618 4367 assequetur.Non
2653 4293 2809 4350 enim
2840 4293 3252 4353 rationabilem
3285 4313 3521 4357 causam
3547 4297 3753 4359 habuit

2118 4385 2178 4436 ut
2201 4378 3190 4458 calumniaretur,quemadmodum
3211 4383 3311 4442 ille
3328 4384 3424 4462 qui
3451 4386 3752 4448 Christum

2115 4466 2318 4526 videns
2337 4485 2469 4525 cum
2492 4468 2902 4528 meretricibus
2919 4479 2975 4530 et
3002 4471 3331 4548 publicanis
3355 4476 3595 4547 versari,
3630 4485 3751 4537 tum

2114 4555 2600 4616 calumniabatur.
2635 4556 2762 4617 Non
2813 4559 3148 4619 remittetur
3179 4560 3354 4638 igitur
3387 4563 3475 4623 vel
3507 4564 3626 4636 hic,
3663 4565 3754 4626 vel

397 4648 586 4706 Πολλοὶ
644 4651 744 4728 γὰρ
798 4655 1018 4708 ενταῦθα
1087 4653 1186 4728 μὲν
1241 4652 1574 4734 κολᾴζονται,
1651 4643 1765 4710 ἐκεῖ
1821 4651 1875 4708 δὲ
1919 4648 2019 4707 οόδ’

2110 4643 2249 4734 alibi
2270 4665 2291 4734 _:
2324 4644 2426 4703 sed
2458 4656 2517 4734 et
2549 4644 2643 4705 hic
2675 4655 2732 4704 et
2761 4644 2903 4705 alibi
2938 4647 3420 4726 punietur.Multi
3445 4651 3758 4713 enimsunt

395 4735 530 4803 ὅλως
564 4757 581 4775 ⁸
622 4741 694 4802 ὡς
739 4742 766 4796 ὁ
808 4743 1032 4820 πτωχὸς
1062 4740 1319 4820 Λάζαρος.
1357 4732 1662 4818 ’Ἄλλοι-δὲ,
1695 4743 1780 4798 καὶ
1809 4738 1908 4796 ὧδε
1938 4739 2019 4795 καὶ

2109 4733 2207 4813 qui
2225 4732 2321 4793 hic
2333 4733 2567 4812 quidem
2585 4735 3032 4812 puuiuntur,sed
3049 4735 3188 4796 alibi
3206 4740 3758 4816 prorsusimmunes

1474 4871 1555 4934 Ex
1591 4871 1907 4934 collatione
1937 4871 2112 4943 codd.
2148 4870 2361 4930 Venet.
2398 4870 2458 4930 S.
2493 4871 2698 4931 Marci.

396 4997 594 5050 autem
625 4989 778 5068 ejus,
809 4989 1104 5052 daemonia
1127 4991 1328 5082 eidem
1381 4992 1642 5072 subjccta
1670 4999 1870 5084 vocat;
1906 5011 2038 5076 quae
2119 4991 2275 5084 nime
2306 4989 2582 5061 invisam,
2618 4989 3072 5084 alligaveritEst
3103 5010 3236 5052 vero
3268 4992 3761 5084 talisargumenti

399 5067 636 5130 scilicet
659 5067 819 5130 velut
839 5088 1004 5165 ar‘ma
1031 5071 1216 5165 ipsius
1246 5080 1424 5134 sunt:
1457 5067 1591 5135 vasa
1615 5074 1774 5164 enim
1803 5067 2040 5164 etarma
2124 5070 2290 5165 illius
2330 5087 2568 5165 scopus.
2593 5069 3144 5165 “Quemadmodum
3190 5090 3364 5163 nemo
3405 5067 3756 5165 inidomum

398 5155 839 5241 nuncupantur.
861 5148 1084 5241 .Quare‘
1101 5152 1287 5212 Lucas
1314 5163 1699 5241 armatarum
1723 5153 2038 5241 ipsius_ea-
2123 5148 2661 5241 alicujuspéotentis
2693 5150 3197 5241 i_ntrare,va_saque
3229 5153 3602 5241 ejusabipso
3633 5177 3763 5241 cus-

399 5226 537 5321 dem
590 5226 951 5321 appellavit;
988 5229 1124 5321 quia
1157 5249 1260 5310 per
1305 5231 1409 5321 illa
1467 5233 1718 5321 miseros
1747 5226 2043 5295 'homines
2128 5226 2306 5290 tudila
2337 5226 2597 5321 diripere
2629 5238 2842 5308 potest,
2868 5226 3118 5321 siprius
3134 5226 3607 5321 nun'alligaverit
3633 5238 3758 5298 for-

397 5306 514 5367 sibi
541 5306 1280 5408 su‘bigitﬁhristuslita'que
1305 5311 1416 5408 hoc
1445 5313 1717 5408 exemplo
1739 5330 2046 5408 argumen-
2129 5318 2243 5399 tem
2275 5327 2287 5370 :
2325 5310 2409 5398 sic
2443 5317 2500 5368 ct
2545 5306 2672 5398 ipse
2723 5306 3022 5401 nunquam
3056 5313 3347 5408 daemonia
3388 5306 3758 5408 diripuisset,

398 5395 522 5447 tum
557 5387 849 5478 eﬂ'ormat,
886 5387 1207 5479 ostendens
1239 5391 1396 5470 quod
1430 5411 1548 5479 non
1576 5387 2044 5479 _solum_'nullam
2132 5388 2241 5448 nisi
2277 5389 2439 5479 prius
2473 5388 2797 5479 principem
2843 5387 3128 5468 ipsorum,
3163 5394 3258 5467 qui
3291 5393 3457 5453 fortis
3489 5387 3597 5477 est,
3631 5387 3763 5458 alli;

399 5483 535 5527 cum
595 5466 864 5547 principe
933 5466 1360 5530 daemoniorum
1416 5472 1733 5533 amicitiam
1784 5475 2006 5535 habeat

2131 5466 2343 5547 gasset.
2385 5469 2504 5540 Qui
2533 5479 2757 5531 nonest
2781 5466 3020 5531 mecum.
3056 5500 3076 5528 υ
3108 5466 3222 5533 etc.

400 5561 604 5609 verum
665 5545 839 5607 etiam
899 5548 1058 5627 quod
1101 5548 1374 5612 virtutem
1431 5550 1583 5632 ejus,
1643 5561 1705 5612 ut
1751 5553 1863 5614 sibi
1916 5545 2047 5614 maé
