4126 6268
390 458 515 521 275

393 696 666 757 quaerens
689 678 982 758 requiem,
1017 689 1073 739 et
1105 698 1219 738 non
1253 679 1497 753 invenit;
1532 687 1670 738 tunc
1692 679 1868 740 dicit:
1906 681 2028 740 Re-

387 773 583 826 vertar
603 766 664 826 in
687 767 927 826 domum
964 768 1344 847 meam,unde
1360 767 1511 828 exivi
1525 767 1619 829 .Et
1633 785 1764 826 cum
1780 768 2025 838 venerit,

389 853 612 933 reperit
648 873 776 914 eam
809 863 1133 924 vacantem,
1169 865 1226 915 et
1274 857 1467 933 scopis
1518 866 1820 934 purgatam
1852 863 2030 934 atque

390 949 682 1004 ornatam.
716 942 880 1002 Tunc
932 943 1054 1004 abit
1085 953 1140 1003 et
1180 943 1450 1022 adjungit
1478 943 1590 1003 sibi
1623 951 1850 1022 septem
1883 943 2030 1004 alios

390 1031 629 1110 spiritus
652 1031 1061 1091 sceleratiores
1079 1040 1231 1103 se,et
1262 1031 1513 1108 ingressi
1538 1031 1866 1092 inhabitant
1882 1031 2026 1092 illic:

391 1127 450 1180 et
475 1120 622 1179 ﬁunt
647 1129 944 1198 postrema
974 1121 1232 1181 hominis
1262 1121 1425 1182 illius
1453 1121 1656 1200 pejora
1681 1119 1909 1201 primis.
1937 1119 2030 1182 Sic

393 1208 506 1268 erit
537 1215 594 1268 et
624 1209 988 1284 generationi
1021 1210 1162 1270 huic
1196 1227 1507 1286 perversae.
1549 1234 1573 1264 ι)
1601 1207 1871 1270 Ostendit
1900 1209 2030 1268 illos

391 1313 582 1374 usque
614 1294 673 1354 in
705 1305 1023 1356 extremam
1061 1297 1450 1374 perditionem
1486 1296 2030 1375 venisse,quodip-

389 1401 519 1442 sum
541 1402 659 1443 non
681 1384 1151 1462 susceperint.Et
1173 1384 1326 1444 sicut
1343 1403 1375 1444 a
1395 1384 1704 1444 dzemoniis
1722 1383 2031 1455 liberati,si

390 1471 583 1548 ignavi
615 1471 1127 1551 fuerint,deterius
1146 1472 1476 1533 habentzita
1501 1485 1556 1532 et
1576 1483 1775 1533 vestra
1793 1489 2035 1549 genera.

391 1565 468 1624 tio
488 1583 522 1624 a
539 1564 830 1624 daemonio
849 1564 1302 1625 tenebaturcum
1319 1565 1475 1625 idola
1502 1565 1906 1638 adoraret,sed
1931 1584 2036 1644 per

390 1656 708 1737 prophetas
725 1656 950 1734 ejectus
965 1665 1050 1715 est
1067 1656 1165 1715 ille
1191 1655 1810 1718 daunon.Veniautem
1833 1665 2030 1730 etego,

393 1745 678 1805 mundare
698 1763 796 1804 vos
817 1745 1000 1821 magis
1021 1743 1350 1805 volens:sed
1380 1743 1516 1822 quia
1541 1743 1841 1822 repulistis
1866 1763 1958 1803 me
1979 1753 2035 1802 et

389 1832 734 1893 interimere
751 1831 1010 1897 vultis.ut
1027 1832 1258 1910 pravius
1281 1831 1842 1912 peccantes,gravius
1857 1831 2030 1891 etiam

1357 457 1943 522 THEOPHYLACTI
1985 459 2396 524 BULGARIJ
2439 441 2792 526 meum.

393 589 607 651 exierit
634 588 706 649 ab
737 587 1004 664 homine,
1036 589 1408 669 perambulat
1464 608 1569 669 per
1619 589 1844 650 arentia
1879 589 2029 662 loca,
2057 597 2092 644 Α
2117 588 2407 671 ἀνθρώπου,

2495 591 2761 674 διέρχεται
2832 595 2899 652 δι’
2982 593 3210 676 ἀνύδρων
3281 597 3481 678 τόπων,
3565 605 3758 669 ζητοῦν

2114 678 2426 752 ἀνάπαυσιν,
2473 683 2562 739 καὶ
2589 688 2692 764 οὐχ
2723 687 2944 764 εὑρίσκει
2979 702 2994 716 ⁸
3029 685 3149 742 τότε
3190 685 3334 762 λέγει
3368 702 3381 714 ⁸
3419 683 3761 763 Ἐπιστρέψω

2114 770 2186 832 εἰς
2241 771 2332 824 τὸν
2395 771 2548 827 οἶκόν
2592 795 2693 847 μου
2737 773 2852 830 ὅθεν
2901 772 3138 841 ἐξῆλθον,
3201 776 3300 832 Καὶ
3330 773 3502 845 ἐλθὸν,
3535 775 3758 853 εὑρίσκει

2115 855 2466 938 σχολάζοντα,
2527 862 2876 939 σεσαρομένον
2973 864 3060 919 καὶ
3147 861 3570 937 κεκοσμημένον.
3627 863 3756 919 Τότε

2112 946 2410 1023 πορεύεται,
2483 950 2569 1003 καὶ
2660 948 3062 1029 παραλαμϐάνει
3164 949 3276 1025 μεθ’
3359 952 3543 1010 ἑαυτοῦ
3624 951 3759 1006 ἑπτὰ

2113 1031 2263 1111 ἕτερα
2323 1035 2596 1109 πνεύματα
2655 1039 2983 1116 πονηρότερα
3044 1040 3248 1099 ἑαυτοῦ.
3307 1039 3402 1096 Καὶ
3460 1036 3758 1094 εἰσελθόντα

2113 1136 2354 1178 κατοικεῖ
2406 1125 2546 1203 ἐκεῖ,
2591 1127 2679 1181 καὶ
2721 1128 2918 1204 γίνεται
2961 1129 3026 1183 τὰ
3083 1127 3286 1206 ἔσχατα
3341 1134 3433 1183 106
3485 1126 3758 1203 ἀνθρώπου

2115 1210 2332 1281 ἐκείνου,
2393 1213 2608 1292 χείρονα
2665 1223 2772 1272 τῶν
2844 1216 3050 1293 πρώτον
3086 1232 3099 1245 ⁶
3159 1215 3323 1279 οὕτως
3385 1215 3530 1271 ἔσται
3561 1217 3646 1270 καὶ
3689 1216 3754 1278 τῆ

2115 1306 2267 1373 γενεᾷ
2322 1302 2484 1378 ταύτῃ
2541 1308 2609 1377 τῇ
2681 1310 2910 1382 πονηρᾷ,
2975 1327 3002 1358 ι)
3090 1305 3355 1362 Δείκνυσιν
3425 1304 3608 1366 αὖτοὺς
3683 1303 3755 1364 εἷς

2117 1388 2345 1466 ἔσχατον
2402 1388 2684 1469 ἀπωλείας,
2723 1393 3149 1461 καταντήσοντας
3208 1395 3268 1448 ἐκ
3317 1400 3409 1449 τοῦ
3451 1393 3528 1466 μὴ
3587 1412 3760 1469 παρα-

2117 1475 2352 1540 δέξασθαι
2410 1477 2586 1539 αὐτόν.
2650 1468 2869 1558 ΗΩσπερ
2927 1482 3026 1557 γὰρ
3074 1483 3120 1536 οἷ
3163 1479 3427 1555 δαιμόνων
3480 1468 3759 1555 ἐλευθερω-

2116 1565 2316 1638 θέντες,
2373 1564 2460 1620 ἐάν
2516 1567 2880 1643 ῥᾳθυμήσωσι,
2943 1568 3159 1648 χείρονα
3239 1569 3562 1648 πάσχουσιν·
3621 1565 3758 1624 οῧτω

2120 1655 2206 1708 καὶ
2236 1655 2268 1720 ἡ
2297 1653 2522 1728 ὑμετέρα
2578 1656 2734 1731 γενεᾶ
2777 1657 3059 1734 κατείχετο
3089 1655 3315 1731 δαίμονι,
3351 1657 3438 1712 ὅτε
3468 1656 3532 1711 τὰ
3561 1653 3754 1710 εἴδωλα

2116 1756 2486 1819 προσεκυνιῖτε
2525 1759 2538 1772 ⁸
2584 1741 2728 1825 ἄλλα
2777 1741 2859 1799 διὰ
2910 1746 3015 1800 τῶν
3045 1751 3328 1825 προφητῶν
3370 1742 3612 1810 ἐξέϐαλον
3641 1750 3759 1799 106-

2115 1852 2203 1886 τον
2261 1831 2350 1885 τὸν
2397 1827 2640 1904 δαίμονα.
2700 1819 2892 1888 γΠλθον
2949 1831 3118 1889 δὲκαὶ
3151 1835 3321 1907 αὐτὸς,
3352 1832 3512 1889 πλέον
3537 1836 3754 1908 καθᾶραι

393 1920 748 2001 puniemini:
773 1930 829 1980 et
856 1931 1115 1981 extrema
1133 1921 1440 1999 captivitas
1461 1930 1656 1981 vestra
1674 1920 1904 1998 gravior
1921 1920 2036 1980 erit

2124 1920 2252 1993 ὅμᾶς
2308 1918 2626 1994 βουλόμενος
2663 1939 2677 1951 ⁶
2737 1919 2857 1976 ἀλλ’
2924 1919 3108 1988 ἐπειδὴ
3166 1921 3477 2000 παρώσασθεῖ
3535 1941 3625 1994 με,
3670 1921 3756 1974 καὶ

394 2009 811 2088 prioribus.Tu
829 2021 1024 2071 autem
1044 2010 1312 2088 intellige
1331 2020 1389 2069 et
1412 2009 1710 2089 hoc,quod
1729 2027 1832 2087 per
1848 2008 2034 2086 bapli-
2060 2003 2094 2052 Β
2116 2005 2324 2062 ἀνελεῖν
2397 2005 2596 2080 μᾶλλον
2662 2007 2934 2083 σπεύδετε,
2977 2012 3050 2073 ὡς
3103 2023 3288 2089 χεῖρον
3346 2010 3752 2089 ἁμαρτάνοντες,

396 2116 590 2159 smum
625 2098 858 2177 ejicitur
879 2098 1220 2158 immundus
1246 2099 1510 2177 spiritus,
1531 2107 1587 2158 et
1615 2097 1774 2157 vadit
1804 2097 1874 2157 ad
1910 2096 2038 2156 loca

393 2192 764 2270 inaquosa,et
780 2191 1005 2250 animas
1025 2210 1139 2250 non
1155 2189 1593 2268 baptizatas,sed
1615 2189 1806 2250 inillis
1821 2207 1938 2248 non
1953 2188 2038 2247 in-

391 2277 2039 2359 venitrequiemBequiesenimestdazmoniis.baptizatos

393 2369 632 2432 turbare
647 2388 754 2448 per
771 2368 921 2428 mala
937 2368 1421 2447 opera,quoniam
1448 2387 1562 2427 non
1589 2367 2037 2445 baptizatosjam

394 2456 967 2519 habetzconvertitur
992 2457 1168 2533 igitur
1181 2456 1252 2516 ad
1270 2456 1622 2535 baptizatum
1648 2475 1779 2516 cum
1803 2455 2035 2534 spiriti-

395 2546 771 2624 busseptem.
803 2545 1136 2606 Sicutenim
1165 2561 1390 2624 septem
1410 2553 1546 2604 sunt
1576 2544 1730 2603 dona
1760 2542 2036 2622 Spiritus,

396 2634 764 2694 itaediverso
780 2643 1004 2711 septem
1027 2632 1824 2710 suntmalitiiespiritustlum
1843 2639 2038 2690 autem

397 2721 701 2798 ingressus
719 2719 896 2780 fuerit
917 2721 974 2779 in
997 2719 1703 2799 baptizatum,deteriorﬁt
1719 2717 2040 2778 calamitas.

395 2808 568 2870 Prius
599 2808 753 2867 enim
785 2825 920 2886 spes
951 2816 1075 2868 erat
1125 2826 1230 2886 per
1268 2807 1622 2886 baptismum
1656 2825 1785 2866 esse
1820 2823 2029 2883 purga-

394 2907 541 2959 tum:
574 2904 773 2976 postea
791 2907 989 2957 autem
1025 2917 1138 2956 non
1173 2906 1259 2956 est
1291 2915 1426 2975 spes
1457 2896 1701 2956 secundi
1735 2893 2030 2973 baptismi,

395 2989 506 3048 uisi
541 3001 652 3065 per
683 2986 1122 3066 paenitentiam,
1153 3006 1282 3066 quae
1307 2985 1475 3046 valde
1505 2984 1798 3045 laboriosa
1820 2992 1928 3045 est.

2119 2115 2307 2175 χειρον
2363 2095 2448 2150 καὶ
2503 2093 2911 2172 κολασθήσεσθε,
2972 2099 3060 2153 καὶ
3113 2100 3147 2165 ἡ
3179 2099 3386 2178 ἐσχάτη
3417 2096 3756 2176 αἰχμαλωσία

2118 2187 2264 2258 ὑμῶν
2320 2183 2576 2261 βαρυτέρα
2622 2183 2766 2240 ἔσται
2825 2191 2928 2241 τῶν
2973 2186 3263 2263 προτέρων,
3317 2189 3389 2242 Σὺ
3437 2184 3491 2242 δὲ
3534 2187 3641 2242 νόει
3671 2185 3756 2240 καὶ

2120 2281 2294 2347 τοῦτο,
2357 2271 2436 2326 ὅτι
2497 2271 2580 2327 διὰ
2637 2283 2728 2330 106
2768 2274 3130 2349 βαπτίσματος
3183 2274 3493 2332 ἐκϐάλλεται
3526 2276 3586 2330 τὸ
3630 2273 3756 2332 ἀκά-

2120 2366 2305 2438 θαρτον
2361 2369 2588 2439 πνεῦμα,
2650 2363 2736 2416 καὶ
2789 2363 3062 2434 πορεύεται
3118 2363 3171 2418 ἐν
3229 2379 3350 2426 ταῖς
3397 2362 3628 2442 ἀνύδροις
3671 2361 3756 2416 καὶ

2125 2447 2461 2512 ἀϐαπτίστοις
2523 2454 2730 2529 ψυχαῖς
2765 2464 2779 2478 ⁸
2837 2450 2955 2508 ἀλλ’
3006 2452 3056 2507 ἐν
3113 2453 3334 2518 ἐκείναις
3391 2453 3495 2532 οὔχ
3539 2451 3757 2528 εὒρίσκει

2127 2538 2435 2595 ἀνάπαυσιν.
2499 2536 2814 2602 Ἀνάπαυσις
2873 2541 2972 2619 γὰρ
3029 2555 3145 2606 τοῖς
3217 2541 3449 2616 δαίμοσι,
3521 2542 3581 2596 τὸ
3641 2550 3758 2600 τοῖς

2125 2625 2572 2703 βεϐαπτισμένοις
2637 2625 2886 2706 ἐνοχλεῖν
2942 2627 3026 2685 διὰ
3070 2637 3176 2688 τῶι
3224 2637 3470 2709 πονηρῶν
3497 2627 3755 2707 πράξεων,

2129 2716 2241 2771 ἐπεὶ
2297 2716 2416 2777 τοὺς
2461 2712 2808 2779 ἆϐαπτίστους
2857 2714 2960 2783 ἤδη
3011 2717 3151 2797 ἔχει,
3213 2709 3615 2796 ’Υποστρέφεται
3670 2716 3757 2770 οὖν

2119 2805 2204 2860 ἐπὶ
2254 2805 2343 2858 τὸν
2393 2802 2810 2878 βεϐαπτισμένον
2867 2807 3002 2878 μετὰ
3059 2813 3165 2862 τῶν
3231 2808 3361 2862 ἔπτὰ
3418 2804 3750 2877 πνευμάτων.

2118 2894 2326 2970 ’Ὥσπερ
2355 2893 2454 2970 γὰρ
2488 2893 2620 2948 ἑπτὰ
2649 2893 2712 2950 τὰ
2767 2900 2858 2948 106
2906 2895 3199 2969 πνεύματος
3229 2895 3552 2972 χαρίσματα,
3586 2887 3751 2949 οὕτως

2119 2988 2177 3038 ὲκ
2232 2989 2326 3037 106
2385 2980 2617 3038 ἐναντίου
2658 2982 2792 3036 ἐπτὰ
2843 2984 2929 3038 καὶ
2984 2985 3049 3038 τὰ
3089 2984 3182 3049 τῆς
3237 2983 3423 3043 κακίας
3453 2979 3744 3052 πνεύματα.

395 3064 562 3134 Ἐπὰν
594 3074 647 3130 δὲ
706 3075 910 3150 εἰσέλθῃ
973 3079 1044 3139 εἰς
1251 3073 1689 3150 βεϐαπτισμένον,
1751 3075 1943 3153 χείρων
2017 3076 2051 3139 ἡ
2112 3069 2370 3149 συμφορά.
2434 3069 2688 3146 Πρότερον
2747 3072 2841 3142 μὲν
2904 3071 3001 3147 γὰρ
3042 3068 3184 3132 ἐλπδς
3241 3069 3305 3136 ἦν
3361 3066 3445 3124 διὰ
3500 3065 3589 3124 τοῦ
3645 3064 3749 3138 βα-

1527 3164 1567 3181 '\\

393 3167 686 3239 πτίσματος
741 3166 1134 3241 καθαρισθῆναι,
1216 3156 1448 3222 ’Ἐκ-τοτε

395 3257 422 3310 ὃ
453 3251 648 3330 σφόδρα
679 3252 949 3312 ἐπίπονον,

475 3340 652 3402 Vsus.
686 3339 784 3398 46.
819 3365 843 3392 α
881 3339 1086 3401 Adhuc
1117 3350 1310 3401 autem
1345 3340 1622 3420 loquente
1655 3341 1756 3402 illo
1789 3340 1858 3400 ad
1901 3349 2026 3399 tur-
2050 3347 2087 3397 C

403 3428 529 3501 bas,
557 3445 700 3487 ecce
749 3435 934 3487 mater
965 3431 1093 3504 ejus
1124 3438 1180 3488 et
1204 3430 1414 3490 fratres
1461 3430 1586 3506 ejus
1637 3428 1868 3488 stabant
1897 3428 2038 3488 foris

401 3523 740 3596 quarentes
765 3519 816 3574 ei
852 3515 1034 3594 loqui.
1055 3517 1418 3576 uHumanum
1438 3517 1574 3594 quid
1594 3515 1820 3576 volebat
1843 3527 2034 3577 osten-

395 3604 539 3665 dere
580 3613 788 3683 mater,
814 3605 968 3683 quod
1006 3614 1064 3664 ut
1099 3606 1156 3664 in
1185 3605 1367 3664 ﬁlium
1404 3613 1751 3683 potestatem
1786 3604 2030 3664 habeat:

396 3692 546 3754 nihil
584 3693 739 3752 enim
776 3711 1050 3767 magnum
1087 3695 1285 3756 adhuc
1308 3693 1381 3753 de
1414 3713 1482 3753 eo
1507 3693 2033 3770 intelligebat.pro-

398 3789 528 3861 pter
559 3781 671 3843 hoc
705 3780 831 3859 ipso
863 3781 1054 3841 adhuc
1085 3782 1384 3860 loquente,
1406 3781 1638 3841 volebat
1669 3781 1740 3840 ad
1774 3799 1838 3842 se
1870 3782 2035 3841 illum

399 3870 716 3940 attrahere,
739 3869 904 3947 quasi
936 3870 1308 3930 ambitiosula
1339 3877 1497 3930 tanto
1538 3869 1648 3929 sibi
1685 3868 1804 3929 ﬁlio
1837 3869 2038 3930 subdi-

395 3968 478 4020 to.
509 3957 660 4034 Quid
694 3958 867 4033 igitur
917 3957 1214 4019 Christus?
1273 3963 1591 4037 Postquam
1647 3957 2034 4018 intentionem

400 4047 531 4126 ejus
563 4045 742 4116 novit,
779 4048 910 4107 audi
935 4047 1074 4126 quid
1107 4046 1284 4108 dicat.

479 4135 657 4196 VERS.
691 4134 901 4213 47-50,
941 4160 959 4189 ς
1000 4135 1154 4194 Dixit
1196 4145 1394 4196 autem
1448 4133 1685 4214 quidam
1733 4133 1838 4196 illi.
1892 4133 2040 4194 Ecce

401 4231 588 4284 mater
613 4231 710 4283 tua
741 4232 799 4283 et
827 4223 1036 4283 fratres
1069 4225 1148 4282 tui
1182 4223 1325 4283 foris
1348 4231 1523 4295 stant,
1555 4228 1888 4301 quaerentes
1936 4222 2040 4282 tibi

397 4311 580 4391 loqui.
611 4316 681 4374 At
714 4312 812 4373 ille
842 4311 1214 4386 respondens
1245 4311 1389 4373 dixit
1422 4311 1477 4371 ei
1517 4312 1614 4389 qui
1647 4309 1760 4370 sibi
1811 4328 2034 4370 renun-

399 4400 642 4460 tiaverat
675 4419 688 4461 :
725 4398 865 4471 Quae
896 4413 984 4460 est
1017 4408 1208 4462 mater
1239 4419 1391 4477 mea,
1418 4409 1515 4459 aut
1545 4399 1644 4478 qui
1667 4405 1804 4458 sunt
1833 4398 2040 4458 fratres

402 4487 611 4549 mei?et
641 4489 966 4549 extendens
999 4507 1238 4549 manum
1264 4507 1427 4548 suam
1461 4487 1532 4548 ad
1555 4487 1873 4565 discipulos
1903 4505 2043 4547 suos

1522 3164 1574 3218 δὲ
1647 3163 1883 3241 δευτέρου
1942 3162 2306 3236 βαπτίσματος
2367 3159 2462 3214 οὒκ
2505 3157 2642 3214 ἔστιν
2705 3157 2875 3229 ἐλπὶς,
2945 3161 2988 3214 εἰ
3039 3159 3114 3233 μὴ
3171 3164 3261 3213 τοῦ
3318 3155 3402 3211 διὰ
3450 3155 3751 3230 μετανοίας,

2203 3357 2226 3392 ι
2261 3327 2386 3393 ’Ἔτι
2417 3335 2468 3390 δὲ
2501 3340 2657 3394 αυτοῦ
2681 3336 2965 3399 λαλοῦντος
2991 3351 3110 3398 τοῖς
3137 3334 3347 3416 ὄχλοις,
3380 3332 3486 3390 ἰδοὺ
3515 3336 3548 3400 ἡ
3580 3334 3761 3411 μήτηρ

2122 3427 2210 3483 καὶ
2280 3430 2324 3480 οἱ
2369 3421 2579 3503 ἀδελφοὶ
2664 3426 2818 3482 αὒτού
2907 3427 3239 3494 εἷστήκεισαν
3297 3422 3417 3502 ἔξω,
3488 3429 3763 3493 ζητοῦντες

2123 3519 2262 3589 αὐτῷ
2291 3513 2546 3581 λαλῆσαι,
2589 3539 2615 3569 »
2681 3514 3032 3593 Ἀνθρώπινόν
3084 3537 3131 3569 τι
3177 3511 3419 3569 ἐϐούλετο
3449 3509 3760 3575 ἐνδείξασθαι

2120 3605 2152 3671 ἡ
2213 3605 2413 3681 μήτηρ,
2449 3602 2526 3657 ὅτι
2570 3603 2850 3672 ἐξουσιάζει
2905 3611 2994 3659 106
3038 3600 3247 3666 παιδός.
3295 3598 3452 3658 Οὐδὲν
3497 3600 3594 3676 γὰρ
3625 3598 3760 3674 μέγα

2121 3691 2267 3747 οὕπω
2323 3691 2438 3768 περὶ
2484 3695 2638 3748 αὐτοῦ
2695 3691 2828 3746 ἐνόει
2867 3712 2879 3725 ·
2928 3690 3010 3747 διὰ
3053 3693 3208 3746 τοῦτο
3263 3689 3350 3744 οὖν
3390 3689 3475 3744 καὶ
3527 3687 3604 3742 ἔτι
3660 3685 3760 3740 λα·-

2121 3779 2335 3850 λοῦντα,
2406 3778 2652 3854 βούλεται
2717 3781 2846 3856 πρὸς
2907 3781 3098 3846 ἑαυτὴν
3170 3778 3576 3848 ἐπισπάσασθαι,
3616 3772 3760 3852 φιλο·

2120 3869 2413 3943 τιμουμένη
2495 3871 2568 3931 ὡς
2638 3868 3060 3943 ὑποταττομένου
3144 3871 3273 3942 αὐτῇ
3341 3872 3430 3922 106
3498 3867 3630 3925 υἱοῦ,
3705 3863 3765 3919 Τί

2119 3964 2243 4034 γοῦν
2293 3960 2320 4012 6
2353 3957 2572 4034 Χριστός
2609 3973 2624 4028 ;
2685 3957 2833 4013 Ἐπεὶ
2863 3961 2952 4013 τὸν
2985 3958 3181 4013 σκοπὸν
3228 3954 3386 4021 αὒτῆς
3416 3953 3574 4031 ἔγνω,
3608 3951 3763 4008 ἄκουε

2121 4046 2170 4102 τί
2211 4067 2394 4125 φησιν.

2210 4157 2235 4186 α
2273 4141 2405 4189 Εϊπε
2464 4132 2516 4188 δέ
2574 4155 2652 4194 τις
2697 4133 2861 4205 αὐτῷ,
2923 4131 3055 4188 Ἰδοὺ
3110 4135 3143 4200 ἡ
3191 4134 3370 4210 μήτηρ
3417 4153 3506 4187 σου
3561 4131 3647 4184 καὶ
3717 4129 3762 4183 οἱ

2123 4220 2337 4302 ἀδελφοί
2391 4243 2481 4276 σου
2532 4221 2628 4285 ἔξω
2687 4223 2946 4291 ἑστήκασι
2979 4226 3256 4293 ζητοῦντές
3287 4244 3367 4278 σοι
3398 4219 3626 4286 λαλῆσαι
3661 4237 3675 4251 ⁸
3739 4219 3766 4272 6

2124 4309 2200 4383 δὲ,
2264 4311 2557 4388 ἀποκριθεὶς
2616 4314 2736 4366 εἰπε
2786 4318 2862 4385 τῷ
2932 4312 3130 4367 εἰπόντι
3188 4315 3329 4384 αὐτῷ
3359 4327 3374 4343 ⁶
3429 4310 3515 4373 Τίς
3547 4309 3686 4363 ἐστιν
3729 4309 3762 4372 ἡ

2125 4401 2305 4476 μήτηρ
2363 4421 2487 4472 μου,
2557 4399 2646 4454 καὶ
2723 4399 2858 4462 τίνες
2937 4401 3063 4455 εἰσὶν
3125 4403 3171 4456 0!
3230 4397 3442 4477 ἀδελφοί
3497 4419 3594 4471 μου
3627 4415 3642 4475 ;
3678 4397 3765 4450 καὶ

2125 4487 2356 4551 ἐκτείνας
2405 4489 2500 4554 τὴν
2544 4500 2709 4566 χεῖρα
2747 4487 2904 4544 αὖτοῦ
2961 4488 3046 4544 ἐπὶ
3089 4489 3208 4551 τοὺς
3273 4487 3510 4562 μαθητάς
3585 4483 3761 4553 αὒτοῦ,

400 4576 549 4639 dixit
580 4594 593 4638 :
621 4575 774 4638 Ecce
809 4586 995 4638 mater
1049 4597 1177 4637 mea
1230 4586 1285 4637 et
1336 4577 1550 4637 fratres
1585 4564 1724 4637 mei.
1760 4574 2036 4653 Quisquis

2127 4580 2276 4632 εἶπεν
2315 4592 2329 4607 ⁶
2363 4574 2496 4633 Ἰδοὺ
2527 4564 2773 4650 ἥ-μητηρ
2804 4599 2907 4652 μου
2952 4578 3040 4633 καὶ
3068 4579 3115 4632 οἱ
3160 4575 3371 4656 ἀδελφοί
3412 4597 3531 4649 μου.
3573 4564 3763 4633 ’Ὅστις

402 4665 561 4728 enim
579 4665 784 4728 fecerit
819 4666 1171 4726 voluntatem
1200 4667 1391 4727 Patris
1425 4667 1538 4726 mei
1572 4665 1670 4744 qui
1705 4672 1791 4724 est
1822 4664 1885 4722 in‘
1913 4682 2036 4724 cu:-

2124 4665 2223 4742 γάρ
2281 4663 2340 4720 ἂν
2385 4666 2586 4739 ποιήσῃ
2645 4667 2705 4720 τὸ
2761 4664 2967 4739 θέλημα
3025 4673 3116 4721 106
3166 4665 3370 4744 Πατρός
3425 4684 3526 4738 μου
3569 4669 3661 4717 τοῦ
3714 4660 3766 4715 ἐν

403 4755 498 4828 lis,
533 4755 659 4834 ipse
693 4773 858 4814 meus
885 4755 1087 4828 frater,
1122 4766 1182 4814 et
1221 4773 1389 4813 soror
1417 4761 1472 4813 et
1506 4762 1693 4813 mater
1715 4760 1823 4812 est.
1854 4776 1876 4809 ι)
1915 4751 2040 4812 Non

401 4842 620 4922 injuria
649 4844 918 4904 afﬁciens
949 4854 1224 4922 matrem,
1251 4843 1372 4903 haec
1404 4841 1569 4911 dicit,
1604 4840 1705 4900 sed
1737 4840 2043 4917 corrigens

400 4940 661 4993 mentem
722 4933 848 5011 ejus
908 4933 1106 5009 gloriae
1154 4930 1379 4991 avidam
1435 4938 1493 4988 et
1534 4929 1876 4989 humanam.
1913 4926 2040 4988 Non

403 5020 562 5081 enim
622 5020 763 5081 dicit
798 5039 810 5083 :
848 5020 974 5082 Non
1022 5028 1110 5082 est
1169 5027 1358 5080 mater
1407 5036 1586 5079 mea:
1625 5017 1754 5089 sed,
1817 5017 1866 5078 si
1923 5037 2038 5077 non

406 5108 617 5170 fecerit
668 5110 1025 5170 voluntatem
1076 5107 1206 5182 Dei,
1245 5109 1324 5169 nil
1359 5108 1411 5167 ei
1458 5105 1720 5186 proderit
1759 5105 1913 5185 quod
1947 5125 2041 5165 me

407 5197 627 5275 genuit.
664 5200 792 5259 Non
827 5200 981 5260 enim
1042 5207 1216 5276 negat
1261 5197 1584 5257 naturalem
1615 5195 1706 5253 64
1739 5195 2040 5271 cognatio-

407 5302 571 5359 nem,
605 5285 707 5346 sed
738 5289 976 5366 apponit
1007 5290 1180 5348 etiam
1241 5304 1371 5346 eam
1421 5304 1551 5364 quae
1609 5293 1696 5344 est
1731 5301 1832 5362 per
1856 5281 2041 5341 virtu-

404 5381 548 5435 tem.
581 5371 789 5435 Nullus
843 5375 1002 5436 enim
1047 5375 1322 5453 indignus
1353 5392 1386 5434 a
1420 5373 1768 5449 cognatione
1819 5369 2043 5430 utilita-

408 5470 527 5523 tem
587 5465 762 5542 capit.
801 5464 985 5542 Igitur
1051 5471 1318 5524 correcto
1371 5479 1530 5520 vanae
1576 5460 1778 5538 gloriae
1809 5457 2040 5538 morbo,

406 5553 623 5612 iterum
658 5551 859 5613 obedit
891 5553 1060 5613 matri
1094 5549 1346 5612 vocanti.
1384 5549 1534 5610 Dicit
1581 5549 1735 5610 enim
1792 5565 2042 5624 evange-

405 5640 538 5702 lista
570 5659 585 5705 :

2123 4754 2388 4829 οὐρανοῖς,
2437 4753 2589 4815 αὐτός
2649 4775 2749 4826 μου
2791 4752 3014 4834 ἀδελφὸς
3059 4756 3145 4809 καὶ
3194 4751 3392 4831 ἀδελφὴ
3441 4752 3526 4806 καὶ
3589 4749 3768 4824 μήτηρ

2125 4840 2285 4896 ἐστιν.
2332 4862 2352 4893 ι
2419 4839 2526 4896 Οὐκ
2583 4837 2798 4917 ὑϐρίζων
2854 4843 2950 4909 τὴι
3010 4841 3216 4920 μητέρα
3247 4839 3388 4916 λέγει
3419 4845 3602 4914 ταῦτα,
3635 4834 3769 4890 ἀλλὰ

2125 4927 2485 5006 διορθούμενος
2546 4929 2642 4989 τὴν
2721 4928 2990 5009 φιλόδοξον
3067 4931 3233 4996 αὐτῆς
3290 4928 3373 4983 καὶ
3444 4924 3768 5002 ἀνθρωπίνην

2124 5017 2364 5094 γνώμην.
2428 5019 2499 5073 0'3
2543 5019 2642 5095 γὰρ
2688 5019 2841 5074 εἶπεν
2901 5017 2977 5074 ὅτι
3041 5018 3148 5076 Οὔκ
3227 5016 3340 5072 ἔστι
3389 5037 3487 5089 μου
3530 5015 3716 5090 μήτηρ
3751 5026 3765 5040 ⁸

2125 5103 2243 5161 ἀλλ’
2287 5104 2372 5161 ὅτι
2433 5103 2554 5162 Ἐὰν
2615 5107 2692 5181 μὴ
2752 5114 2880 5184 ποιῇ
2919 5110 2979 5163 τὸ
3035 5105 3241 5180 θέλημα
3281 5112 3373 5159 106
3425 5108 3578 5174 Θεοῦ,
3623 5097 3768 5156 οὖδὲν

2125 5195 2285 5260 αὐτὴν
2343 5193 2610 5273 ὠφελήσει
2673 5197 2732 5250 16
2807 5197 3056 5274 γεννῆσαί
3108 5216 3196 5269 με,
3259 5196 3330 5250 O6
3394 5192 3492 5268 γὰρ
3535 5190 3769 5260 ἀρνεῖται

2125 5283 2222 5349 τὴν
2279 5283 2416 5337 κατά
2501 5283 2653 5360 φύσιν
2736 5283 3062 5361 συγγένειαν,
3125 5280 3258 5337 ἀλλὰ
3307 5279 3612 5358 προστίθησι
3683 5279 3771 5332 καὶ

2124 5371 2222 5437 τὴν
2284 5371 2403 5425 κατ’
2450 5369 2662 5448 ἀρετὴν,
2725 5370 2900 5435 Οὐδεὶς
2959 5373 3058 5451 γὰρ
3131 5368 3337 5434 ἀνάξιος
3399 5367 3504 5422 ἀπὸ
3574 5384 3766 5451 συγγε-

2127 5458 2264 5520 νείας
2315 5455 2626 5536 ὠφελεῖται.
2703 5449 3130 5537 Διορθωσάμενος
3179 5457 3345 5514 τοίνυν
3406 5459 3505 5520 τῆς
3557 5449 3771 5509 κενοδο-

2127 5545 2233 5611 ξίας
2277 5547 2337 5601 ’τὸ
2391 5547 2623 5624 νόσημα,
2659 5545 2806 5622 ὅμως
2849 5547 3007 5604 πάλιν
3064 5545 3414 5620 ὑπακούειτῇ
3459 5542 3619 5620 μητρὶ
3665 5561 3770 5595 κα-

2128 5631 2313 5708 λούσῃ.
2360 5634 2498 5698 Φησὶ
2527 5633 2624 5712 γὰρ
2658 5636 2685 5689 ὁ
2716 5635 3092 5713 εὐαγγελιστής
3123 5651 3142 5672 ο
