4122 6270
290 412 409 474 277

938 552 1186 606 ΚΕΦΑΛ.
1234 537 1334 606 ir'.

297 666 423 742 Περὶ
504 672 611 720 τῶν
694 662 1008 738 παραϐολῶν
1101 670 1192 718 τοῦ
1281 664 1590 737 σπείραντος
1680 684 1766 718 και
1850 667 1948 727 τῆς

773 743 1041 819 βασιλείας
1083 748 1186 798 τῶν
1231 743 1462 819 οὒρανῶν
1474 791 1486 805 ,

392 881 417 908 σ
452 856 540 914 Ἐν
570 856 625 913 δὲ
674 865 742 933 τῇ
802 857 975 935 ἡμέρα
1020 857 1196 933 εκείνη
1251 854 1472 922 ἐξελθὼν
1501 861 1529 915 6
1584 858 1790 924 Ἰησοῦς
1848 858 1952 915 ἀπὸ

298 946 399 1013 τῆς
457 946 646 1024 οἰκίας,
702 946 926 1011 ἐκάθητο
983 948 1126 1021 παρὰ
1180 946 1278 1014 τὴν
1340 945 1630 1008 θάλασσαν,
1699 948 1796 1005 Καὶ
1839 967 1955 1002 συν.

298 1037 554 1115 ἤχθησαν
582 1036 713 1107 πρὸς
747 1035 903 1090 αὐτὸν
953 1032 1109 1113 ὄχλοι
1157 1034 1367 1108 πολλοὶ,
1427 1035 1565 1093 ὥστε
1595 1037 1750 1092 αὐτὸν
1782 1037 1852 1100 εἰς
1892 1034 1953 1090 τοὶ

302 1122 498 1179 πλοῖον
546 1120 778 1196 ἐμϐάντα
832 1124 1113 1195 καθῆσθαι,
1168 1124 1255 1179 καὶ
1297 1130 1401 1188 πᾶς
1444 1127 1471 1179 6
1525 1122 1689 1203 ὄχλος
1736 1123 1821 1179 ἐπὶ
1862 1125 1953 1179 τὸν

303 1210 545 1287 αἰγιαλὸν
602 1212 855 1279 εἱστήκει.
922 1232 946 1266 1
1029 1211 1302 1268 Ἐκάθισεν
1379 1212 1433 1267 ὲν
1474 1218 1551 1285 τῷ
1607 1211 1802 1287 πλοίῳ,
1861 1211 1954 1267 ἵνα

302 1301 505 1363 πάντας
556 1300 676 1360 τοὺς
748 1299 1008 1377 ἀκροατὰς
1067 1301 1201 1356 κατὰ
1258 1301 1540 1377 πρόσωπον
1617 1303 1814 1376 στήσῃ,
1870 1317 1958 1374 καὶ

298 1390 498 1452 πάντες
555 1389 806 1445 ἀκούωσι.
856 1389 952 1445 Καὶ
1010 1386 1064 1443 δὲ
1118 1389 1224 1444 ἀπὸ
1296 1394 1396 1456 τῆς
1441 1389 1711 1455 θαλάσσης
1761 1388 1956 1453 ἀλιεύει

315 1479 446 1540 τοὺς
478 1476 531 1533 ἰν
560 1482 627 1552 τῇ

394 1590 416 1621 σ
460 1567 556 1624 Καὶ
612 1564 871 1631 ἐλάλησεν
932 1567 1114 1628 αὐτοῖς
1166 1565 1337 1621 πολλὰ
1392 1565 1446 1621 ἐν
1489 1564 1840 1645 παραϐολαῖς,
1874 1564 1960 1620 λέ-

305 1678 418 1733 γων
444 1670 460 1685 ⁹
513 1678 540 1708 ι
580 1664 707 1715 Τοῖς
740 1654 835 1728 μὲν
869 1651 1159 1716 ἀπλάστοις
1192 1652 1377 1732 ὄχλοις
1406 1656 1493 1710 ὶπὶ
1520 1661 1612 1710 τοῦ
1653 1652 1804 1731 ὅρους
1833 1674 1957 1731 χω-

903 412 1349 479 ENARRATIO
1398 417 1479 476 IN
1526 416 1964 479 EVANGELIU

2082 419 2474 483 ΜΑΤΤΗιΕΙ.
2524 457 2598 466 —
2643 426 2803 487 CAP.
2854 422 3017 487 XIII.

3548 424 3667 487 278

2635 553 2880 618 CAPUT
2914 553 3070 618 XIII.

2154 670 2241 731 De
2268 672 2576 751 parabolis
2606 677 2962 737 seminantis
2991 684 3043 737 et
3074 679 3246 755 regni
3266 679 3567 741 malorum.

2122 850 2300 913 Vens.
2330 855 2386 926 l,
2423 854 2480 917 2.
2523 881 2549 910 ιι
2585 856 2651 917 In
2682 855 2778 917 die
2806 875 2945 917 vero
2978 858 3076 919 illo
3110 875 3386 936 egressus
3444 864 3615 923 Jesus
3641 883 3673 925 θ

2037 940 2217 1002 domo
2273 942 2429 1003 sedit
2469 944 2634 1021 juxta
2696 964 2855 1006 mare
2909 966 2921 1006 :
2985 954 3042 1006 et
3099 959 3479 1025 congregatae
3535 960 3675 1012 sunt

2035 1029 2106 1089 ad
2163 1029 2327 1091 illum
2374 1032 2560 1092 turbae
2613 1033 2811 1093 multae
2860 1037 2959 1105 (a),
3026 1035 3106 1094 ita
3166 1042 3227 1095 ut
3291 1036 3418 1114 ipse
3479 1039 3670 1098 navim

2034 1116 2334 1195 ingressus
2385 1118 2640 1191 sederet,
2693 1130 2752 1181 et
2806 1121 2865 1180 in
2920 1122 3196 1183 universa
3253 1124 3424 1184 turba
3478 1126 3533 1185 in
3570 1126 3670 1187 lit-

2036 1210 2167 1267 tore
2205 1206 2452 1269 stabatn
2505 1207 2669 1269 Sedit
2714 1210 2774 1269 in
2831 1210 2989 1285 navi,
3023 1220 3083 1269 ut
3132 1229 3340 1271 omnes
3370 1212 3674 1275 auditores

2037 1294 2097 1354 in
2156 1294 2367 1356 faciem
2414 1295 2660 1357 haberet
2708 1306 3068 1376 spectantes,
3130 1307 3185 1358 et
3243 1318 3450 1360 omnes
3507 1321 3676 1361 com-

2040 1383 2272 1444 modius
2318 1384 2611 1446 audirent.
2646 1387 2801 1447 Sane
2833 1405 2864 1446 e
2896 1388 3045 1446 mari
3068 1387 3325 1466 piscatur
3356 1406 3458 1448 eos
3486 1390 3586 1468 qui
3616 1391 3676 1450 in

2042 1479 2223 1533 terra.

2122 1561 2306 1621 Vens.
2341 1564 2397 1621 3.
2430 1563 2785 1624 «Etlocutus
2816 1572 2905 1623 est
2935 1565 3021 1625 eis
3055 1564 3232 1625 multa
3262 1565 3321 1624 in
3355 1565 3672 1644 parabolis,

2041 1651 2285 1711 dicens:
2320 1674 2344 1703 ι
2383 1649 2761 1729 Simplicibus
2806 1652 2989 1713 turbis
3037 1652 3261 1732 absque
3305 1653 3583 1732 parabola
3616 1656 3677 1715 in

304 1746 385 1820 ρὶς
430 1740 744 1820 παραϐολῶν
786 1740 944 1798 λαλεῖ
979 1756 993 1770 ⁸
1031 1741 1246 1798 ἐνταῦθα
1285 1741 1338 1797 δὲ
1382 1749 1487 1799 τῶν
1529 1741 1756 1820 δολερὼν
1787 1748 1957 1819 Φαρι-

2053 1748 2243 1799 monte
2275 1738 2503 1798 locutus
2534 1747 2662 1799 est:
2703 1739 2795 1799 his
2824 1749 3019 1801 autem
3051 1741 3109 1800 in
3145 1741 3443 1821 parabole,
3478 1751 3679 1819 utpote

306 1819 471 1887 σαίων
509 1819 719 1903 ὄντων,
766 1829 818 1885 ἐν
878 1828 1206 1904 παραϐολαῖς
1264 1829 1406 1907 λέγει
1441 1847 1454 1860 ·
1512 1831 1605 1886 ἵνα
1652 1819 1749 1887 κᾶν
1778 1832 1850 1892 ὡς
1882 1829 1959 1904 μὴ

2053 1826 2265 1888 dolosis
2317 1826 2643 1897 Pharisaeis,
2680 1834 2743 1887 ut
2774 1830 2821 1889 si
2851 1847 2967 1888 non
3014 1830 3370 1907 intelligant,
3416 1819 3679 1908 quaerant

303 1927 570 1987 νοοῦντες,
603 1917 909 1996 ἐρωτήσωσι
940 1920 1037 1976 καὶ
1095 1919 1353 1992 μάθωσιν.
1386 1908 1618 1982 ’¹Αλλως
1648 1941 1705 1975 τε
1735 1916 1959 1982 ἀναξίοις

2053 1922 2101 1976 et
2129 1915 2375 1975 discant.
2424 1916 2716 1978 Praeterea
2756 1925 2817 1976 ut
2859 1916 3141 1994 indignis,
3197 1936 3315 1977 non
3370 1919 3680 1995 oportebat

304 2011 475 2079 οὖσιν,
523 2011 617 2064 οὒκ
660 2004 761 2061 ἔδει
821 2007 1022 2083 γυμνὰς
1052 2007 1146 2068 τὰς
1195 2004 1529 2070 διδασκαλίας
1587 2008 1769 2071 αὒτοῖς
1824 2028 1960 2083 προ-

2053 2003 2337 2064 doctrinas
2366 2003 2451 2063 eis
2484 2022 2819 2083 proponere
2859 2005 3066 2064 nudas.
3094 2004 3220 2064 Non
3256 2015 3487 2084 oportet
3517 2008 3675 2067 enim

306 2100 538 2157 κεῖσθαι,
587 2095 659 2152 0'3
717 2093 800 2151 δεῖ
857 2095 955 2171 γὰρ
1002 2096 1123 2157 τοὺς
1176 2097 1497 2175 μαργαρίτας
1526 2096 1822 2175 ἔμπροσθεν
1850 2101 1957 2150 τῶν

308 2185 507 2263 χοίρων
556 2184 846 2261 ῥίπτεσθαι,
922 2184 1143 2261 Πρώτην
1200 2182 1252 2238 δὲ
1299 2182 1606 2261 παραϐολὴν
1662 2183 1802 2261 λέγει
1861 2184 1959 2249 την

308 2276 561 2329 srmo-331v
604 2271 1087 2350 προσεκτικώτερον
1117 2273 1206 2327 τὸν
1256 2272 1522 2349 ἀκροατήν
1558 2292 1571 2305 ·
1607 2272 1762 2328 ἄκουε
1805 2272 1905 2350 γάρ
1941 2287 1954 2301 ⁸

316 2382 341 2415 ε
386 2360 520 2419 ’ἰδοὺ
579 2362 792 2427 ἐξῆλθεν
852 2363 877 2416 6
940 2361 1167 2438 σπείρων
1226 2370 1314 2419 τοό
1371 2374 1587 2438 σπεῖραι
1631 2362 1721 2416 τὸν
1768 2360 1962 2438 σπόρον

312 2452 493 2508 αεῖιτοῧ.
540 2471 562 2504 ι
629 2440 846 2507 Ἐιτδτὸν
906 2448 1050 2525 λέγει
1108 2451 1197 2505 τὸν
1278 2452 1577 2528 σπείροντα,
1653 2450 1848 2526 σπόρον
1908 2445 1963 2502 δὲ

316 2541 402 2593 τὸν
456 2537 639 2613 λόγον.
696 2536 913 2605 Ἐξῆλθε
963 2536 1021 2593 δὲ
1079 2541 1139 2596 οὗ
1188 2538 1336 2612 τόπῳ
1371 2554 1385 2570 ⁸
1434 2543 1712 2616 πανταχοῦ
1741 2537 1840 2613 γὰρ
1869 2536 1960 2603 ἦν·

321 2624 453 2682 ἀλλὰ
506 2626 627 2683 καθ’
683 2628 711 2681 ὃ
775 2625 1094 2692 ἐπλησίασεν
1152 2628 1287 2700 ἡμῖν
1360 2627 1496 2701 μετὰ
1551 2626 1767 2704 σαρκός,
1827 2624 1964 2679 κατὰ

318 2723 463 2772 τοῦτο
524 2713 737 2790 λέγεται
788 2712 1051 2793 amem,
1103 2720 1209 2771 τῶν
1262 2715 1478 2772 κόλπων
1516 2721 1621 2771 τῶν
1693 2712 1963 2790 πατρικῶν

313 2801 579 2868 δηλονότι.
612 2801 861 2869 Ἐξῆλθεν
915 2803 1002 2859 οὖν
1055 2804 1186 2881 πρὸς
1218 2805 1385 2879 ἡμᾶς,
1432 2802 1615 2870 ἐπειδὴ
1647 2804 1810 2876 ἡμεῖς
1871 2802 1963 2857 οὒκ

309 2889 611 2969 ἠδυνάμεθα
654 2894 783 2969 πρὸς
834 2893 989 2948 αὐτὸν
1046 2890 1241 2954 ἰλθεῖν,
1303 2894 1404 2951 Καὶ
1458 2894 1506 2947 τί
1545 2896 1764 2959 ποιῆσαι
1801 2887 1963 2955 ἐξῆλ-

311 2984 403 3035 θεν
439 2998 455 3054 ;
522 2967 650 3057 ῘΑρα
699 2967 971 3056 ἐμπρῆσαι
1012 2981 1109 3047 τὴν
1144 2980 1242 3057 γῆν
1292 2978 1376 3035 διὰ
1417 2982 1511 3044 τὰς
1558 2977 1760 3043 πολλὰς
1792 2978 1962 3032 ἀκάν-

312 3071 411 3131 θας
445 3086 462 3145 ς
519 3054 649 3143 Ἀρα
693 3054 1091 3145 τιμωρήσασθαι
1120 3054 1168 3147 ς’
1200 3070 1359 3148 Οὐχὶ,
1419 3067 1557 3125 ἀλλὰ
1585 3074 1680 3124 τοῦ
1721 3078 1960 3141 σπεῖραι.

313 3158 418 3212 Τὸν
478 3154 675 3231 σπόρον
727 3152 781 3209 δὲ
834 3159 992 3213 αὐτοῦ
1043 3157 1192 3229 εἶπε,
1250 3155 1383 3213 διότι
1452 3157 1540 3212 καὶ
1595 3156 1640 3211 οἱ
1697 3158 1963 3233 προφῆται

2045 2091 2534 2165 margaritasante
2565 2111 2774 2170 porcos
2811 2093 3331 2155 mittere.Primam
3360 2103 3555 2155 autem
3582 2115 3679 2175 pa-

2041 2178 2302 2239 rabolam
2338 2180 2498 2258 ponit
2527 2200 2657 2260 quae
2688 2180 3015 2242 auditorem
3066 2181 3237 2241 faciat
3275 2184 3671 2247 attentiorem.

2047 2266 2233 2328 «Ecce
2266 2267 2402 2328 exiit
2427 2269 2527 2347 qui
2548 2269 2901 2343 seminabat,
2920 2269 2992 2329 ad
3025 2270 3444 2330 seminandum
3472 2290 3677 2333 semen

2045 2375 2276 2417 suum.»
2306 2355 2578 2435 Seipsum
2604 2358 2746 2418 dicit
2778 2366 3059 2437 satorem,
3090 2376 3293 2418 semen
3325 2368 3519 2419 autem
3547 2378 3678 2422 ver-

2047 2443 2202 2504 bum.
2240 2443 2390 2505 Exiit
2410 2454 2605 2505 autem
2641 2465 2758 2506 non
2784 2446 2935 2516 loco,
2962 2464 3097 2505 nam
3131 2446 3352 2525 ubique
3384 2456 3507 2507 erat
3535 2466 3546 2508 :
3577 2448 3680 2509 sed

2047 2533 2370 2593 secundum
2417 2532 2563 2593 illud
2613 2533 2771 2614 quod
2831 2533 3002 2594 nobis
3038 2534 3275 2612 propior
3306 2534 3493 2596 factus
3526 2546 3685 2597 esset

2047 2638 2150 2699 per
2193 2638 2456 2695 carnem,
2512 2621 2729 2682 dicitur
2786 2622 2987 2700 egredi
3045 2641 3076 2682 e
3125 2622 3341 2682 ﬁnibus
3394 2626 3680 2701 paternis.

2045 2710 2197 2787 Exiit
2217 2717 2411 2771 autem
2434 2709 2508 2770 ad
2541 2730 2669 2780 nos,
2704 2711 2982 2790 quoniam
3018 2729 3126 2771 nos
3143 2712 3211 2770 ad
3240 2711 3429 2791 ipsum
3461 2714 3682 2775 intrare

2046 2815 2161 2857 non
2205 2798 2519 2875 potuimus.
2561 2798 2630 2858 Et
2660 2799 2729 2858 ad
2764 2799 2905 2878 quid
2941 2799 3277 2859 faciendum
3307 2801 3497 2861 exiit?
3528 2801 3679 2862 Num

2048 2895 2108 2945 ut
2130 2898 2336 2946 exurat
2367 2894 2581 2946 terram
2635 2897 2873 2966 propter
2927 2886 3155 2965 spinas?
3188 2906 3325 2947 num
3362 2898 3422 2949 ut
3454 2889 3685 2968 puniat?

2044 2971 2301 3045 Minime,
2335 2974 2438 3033 sed
2491 2981 2553 3033 ut
2591 2982 2918 3034 sementem
2962 2975 3154 3034 faciat.
3216 2974 3432 3035 Semen
3480 2988 3679 3035 autem

2045 3078 2214 3120 suum
2249 3059 2414 3131 dicit,
2451 3078 2520 3121 eo
2552 3061 2708 3141 quod
2743 3072 2799 3121 et
2833 3064 3131 3141 prophetae
3165 3063 3606 3136 seminaverint,
3629 3072 3685 3125 at

2052 3166 2167 3207 non
2199 3166 2402 3208 semen
2433 3166 2626 3222 suum,
2664 3150 2767 3209 sed
2813 3150 2919 3212 Dei
2991 3149 3122 3227 Ipse
3169 3158 3365 3211 autem
3417 3158 3477 3211 ut
3530 3153 3685 3212 Deus

311 3243 554 3320 ἶσπειρον
639 3241 785 3298 Ἀλλ’
848 3246 906 3301 οὗ
947 3246 1037 3300 τὸν
1082 3246 1276 3323 σπόρον
1335 3245 1531 3318 αὐτῶν,
1592 3242 1728 3299 ἀλλὰ
1757 3243 1845 3297 τὸν
1877 3247 1964 3296 τοῦ

2053 3253 2257 3296 semen
2286 3254 2479 3310 suum,
2505 3238 2615 3297 hoc
2652 3248 2759 3302 est.
2799 3238 3127 3318 proprium,
3182 3239 3528 3300 seminavit:
3567 3258 3684 3299 non

313 3334 469 3392 Θεοῦ.
530 3331 693 3394 Οὗτος
747 3331 802 3387 δὲ
852 3334 980 3396 Θεὸς
1025 3334 1122 3412 ὢν,
1153 3335 1244 3389 τὸν
1276 3334 1471 3410 σπόρον
1506 3335 1669 3389 αὐτοῦ
1712 3332 1805 3388 τὸν
1835 3328 1972 3412 ἴδιον

313 3418 553 3497 ἔσπειρεν
590 3436 603 3449 ⁸
641 3421 701 3476 οὔ
757 3421 855 3498 γὰρ
898 3420 1081 3501 χάριτι
1108 3407 1240 3494 ’θείᾳ
1265 3407 1540 3501 ἔσοιρίσθνι,
1579 3417 1790 3496 ἅπαγεί
1850 3407 1970 3473 ἀλλ’

314 3509 469 3570 αὒτὸς
498 3511 567 3574 ἦν
596 3511 628 3576 ἡ
662 3510 815 3587 σοφία
846 3516 935 3565 τοῦ
979 3516 1130 3571 Θεοῦ,

403 3618 426 3649 ι
464 3599 561 3653 Καὶ
590 3596 645 3652 ὲν
702 3603 780 3671 τῷ
850 3598 1076 3677 σπείρειν
1135 3597 1315 3666 αὖτδν,
1368 3595 1401 3652 ἃ
1461 3595 1556 3669 μὲν
1610 3594 1766 3651 ἔπεσε
1824 3594 1966 3671 παρά

317 3686 416 3752 τὴν
472 3684 590 3741 ὁδόν
625 3703 642 3721 ο
701 3688 790 3742 καὶ
818 3685 947 3752 ἦλθε
976 3687 1042 3741 τὰ
1076 3686 1289 3742 πετεινὰ
1325 3684 1419 3741 τοῦ
1449 3685 1687 3761 οὒρανοῦ,
1718 3683 1805 3739 καὶ
1831 3702 1967 3737 κατ-

317 3775 511 3851 ἑφαγεν
571 3774 700 3829 αὖτά
733 3790 746 3803 ⁸
782 3773 918 3831 ἄλλα
974 3773 1029 3829 δὲ
1078 3773 1268 3830 ἔπεσεν
1299 3774 1385 3829 ἐπὶ
1412 3774 1478 3829 τὰ
1508 3770 1774 3850 πετρώδη,
1836 3769 1968 3826 ὅπου

317 3866 411 3919 οὒκ
464 3861 595 3941 εἷχε
668 3863 770 3938 γῆν
826 3862 1056 3938 πολλὴν,
1111 3865 1198 3919 καὶ
1244 3863 1433 3925 εὐθέως
1477 3859 1767 3926 ἑξανέτειλε
1798 3857 1881 3914 διὰ
1908 3860 1969 3915 τὸ

316 3951 394 4023 μὴ
454 3949 602 4028 ἔχειν
632 3952 790 4027 βάθος
823 3957 925 4029 γῆς
959 3967 971 3981 ·
1023 3951 1176 4018 ἡλίου
1217 3950 1272 4007 δὲ
1301 3950 1695 4027 ἀνατείλαντος,
1731 3949 1967 4022 ἐκαυμα-

316 4042 491 4111 τίσθη,
551 4042 639 4095 καὶ
696 4038 777 4095 διὰ
836 4043 896 4095 τὸ
955 4042 1031 4115 μὴ
1086 4039 1233 4119 ἔχειν
1288 4041 1452 4116 ῥίζαν,
1520 4036 1796 4116 ἐξηράνθη.
1839 4058 1862 4094 ι
1909 4031 1969 4094 Οἱ

317 4129 457 4203 παρὰ
501 4129 599 4194 τὴν
632 4126 773 4199 ὁδὸν,
808 4130 932 4183 εἰσὶν
976 4132 1022 4185 οἱ
1065 4129 1282 4203 ῥᾴθυμοι
1335 4129 1423 4184 καὶ
1467 4129 1702 4204 ὀκνηροὶ,
1751 4127 1806 4182 οἳ
1861 4123 1964 4182 οὔδ’

317 4216 455 4278 ὅλως
514 4215 909 4297 παραδέχονται
992 4219 1082 4273 τὸν
1165 4216 1343 4295 λόγον.
1435 4209 1492 4274 Ὀ
1551 4218 1651 4294 γὰρ
1707 4214 1963 4292 λογισμὸς

318 4308 485 4362 αὗτῶν
543 4302 658 4370 ὁδός
724 4306 834 4361 ἔστι
892 4305 1381 4380 καταπεπατημένη
1438 4306 1525 4360 καὶ
1583 4303 1809 4382 σκληρὰ,
1882 4297 1969 4357 καὶ

204 4456 219 4470 _
320 4394 395 4467 μή
452 4394 837 4472 ἀροτριωθεῖσα
867 4392 1005 4458 ὅλως
1041 4415 1057 4431 ·
1103 4394 1209 4451 ἀπὸ
1254 4395 1451 4449 τούτων
1494 4392 1582 4449 οὖν
1630 4392 1845 4470 ἁρπάζει
1878 4392 1969 4445 τὸν

2052 3321 2209 3382 enim
2241 3322 2438 3384 divina
2465 3324 2653 3402 gratia
2682 3325 3010 3387 illustratus
3050 3335 3163 3398 est,
3211 3325 3383 3396 absit,
3420 3327 3523 3388 sed
3555 3327 3683 3403 ipse

2051 3419 2175 3471 erat
2204 3410 2490 3489 sapientia
2515 3415 2644 3474 Dei.

2088 3640 2103 3651 .
2132 3589 2309 3650 Vens.
2332 3589 2465 3652 4-6.
2503 3588 2753 3650 «Etcum
2786 3591 3247 3657 seminaret.alia
3267 3593 3506 3672 quidem
3529 3595 3687 3655 ceci-

2050 3674 2446 3755 deruntjuxta
2477 3677 2718 3753 viam,et
2749 3682 3324 3741 veneruntvolucres
3344 3681 3686 3754 coeli,etde-

2050 3775 2408 3826 voraverunt
2428 3767 2639 3839 ea;alia
2661 3776 2856 3827 aulem
2886 3768 3232 3829 ceciderunt
3260 3770 3319 3827 in
3351 3778 3567 3830 terram
3592 3788 3687 3848 pe-

2052 3860 2295 3934 trosam,
2323 3854 2421 3914 ubi
2453 3875 2567 3915 non
2595 3855 2892 3915 habebant
2923 3857 3169 3918 multum
3204 3865 3399 3930 terrai,
3426 3866 3481 3917 et
3516 3859 3692 3937 proti-

2052 3962 2162 4003 nus
2193 3953 2393 4004 exorta
2415 3953 2652 4015 sunt,eo
2679 3945 2837 4024 quod
2861 3964 2976 4005 non
3006 3946 3301 4007 habebant
3326 3946 3692 4025 profundita~

2054 4040 2170 4092 tem
2201 4042 2393 4093 terra):
2419 4052 2553 4093 cum
2586 4042 2781 4093 autem
2814 4041 3049 4093 exortus
3075 4043 3161 4094 est
3191 4040 3510 4109 sol,exusta
3533 4042 3686 4096 sunt:

2052 4128 2111 4179 et
2139 4121 2238 4199 qui
2271 4139 2385 4180 non
2420 4119 2717 4180 habebant
2748 4120 3033 4192 radicem,
3068 4122 3694 4200 exaruerunt.»Hiqui

2043 4210 2212 4287 juxta
2230 4207 2549 4285 viam,sunt
2571 4209 2759 4285 ignavi
2782 4217 2839 4269 et
2857 4209 3221 4289 desides,qui
3242 4230 3542 4289 nunquam
3566 4229 3693 4270 sus-

2050 4296 2277 4375 cipiunt
2300 4295 2560 4355 verbum.
2588 4300 2753 4357 Mens
2785 4297 2943 4357 enim
2968 4316 3169 4359 eorum
3208 4298 3296 4358 via
3326 4308 3416 4359 est
3442 4299 3693 4359 concul—

2053 4394 2179 4444 cata
2209 4391 2267 4444 et
2298 4383 2534 4456 dura,et
2560 4385 2805 4445 minime
2826 4394 2983 4445 arata
3012 4406 3023 4444 :
3050 4387 3121 4446 ab
3155 4386 3227 4446 iis
3249 4386 3429 4463 igitur
3456 4387 3697 4465 rapiunt

320 4471 496 4557 λόγον
537 4484 601 4538 τὰ
658 4484 871 4539 πετεινά
924 4489 1018 4539 τοῦ
1088 4485 1326 4561 οὗρανοῦ,
1384 4480 1500 4548 ἤτοι
1554 4488 1647 4537 τοῦ
1700 4479 1851 4557 ἀέρος
1907 4479 1964 4533 τὰ

2054 4471 2299 4533 verbum
2332 4473 2596 4533 volucres
2625 4473 2782 4551 cmli,
2820 4474 2933 4533 hoc
2965 4474 3324 4553 est,8piritus
3354 4474 3534 4547 aeris,
3571 4473 3695 4535 daa-

325 4572 623 4645 πνεύματα,
683 4570 972 4649 τουτέστιν,
1035 4573 1082 4627 oi
1136 4570 1403 4646 δαίμονες.
1455 4572 1515 4627 Οἱ
1562 4569 1617 4624 δὲ
1648 4568 1734 4623 ἰπὶ
1763 4567 1827 4622 τὰ
1869 4587 1971 4622 πε-

327 4656 525 4734 τρώδη,
573 4661 620 4713 οἱ
649 4658 971 4723 ἀκούσαντες
1015 4660 1135 4738 μὲν,
1181 4657 1266 4714 διὰ
1320 4656 1373 4712 δὲ
1422 4658 1519 4724 τὴν
1575 4656 1840 4712 ἀσθένειαν
1896 4655 1973 4729 μὴ

326 4744 634 4810 ἀντιϐάντες
666 4759 987 4824 πειρασμοῖς
1048 4747 1083 4815 ἢ
1140 4746 1401 4820 θλίψεσιν,
1443 4742 1580 4801 ἀλλὰ
1609 4740 1973 4820 καταπροδόν-

324 4856 406 4899 τες
446 4836 543 4903 τὴν
600 4836 796 4891 οἰκείαν
869 4837 1132 4913 σωτηρίαν
1162 4851 1175 4864 '
1250 4833 1400 4901 ἥλιον
1464 4834 1562 4910 γὰρ
1605 4829 1971 4896 ἀνατείλαντα,

328 4925 452 4989 τοὺς
510 4925 833 5001 πειρασμοὺς
892 4924 1021 5001 νόει,
1085 4922 1215 4979 διότι
1268 4926 1313 4979 oi
1356 4922 1636 4998 πειρασμοὶ
1688 4918 1975 4975 δεικνύουσι

328 5014 445 5074 τοὺς
506 5011 856 5091 ἀνθρώπους,
915 5013 1002 5067 καὶ
1080 5019 1386 5091 φανεροῦσιν
1456 5012 1529 5073 ὡς
1609 5010 1637 5063 6
1689 5007 1839 5073 ἥλιος
1913 5008 1979 5061 τα

327 5102 692 5178 κρυπτόμενα,
754 5121 777 5156 ι
846 5089 1036 5156 ἾΑλλα
1092 5089 1148 5156 δὲ
1211 5099 1394 5156 ἔπεσεν
1438 5098 1521 5154 ἐπὶ
1576 5097 1669 5160 τὰς
1728 5094 1972 5167 ἀκάνθας,

327 5191 419 5244 καὶ
481 5186 741 5255 ἀνέϐησαν
812 5191 865 5244 αἱ
942 5188 1187 5262 ἄκανθαι,
1273 5188 1359 5243 καὶ
1426 5183 1683 5248 ἀπέπνιξα
1755 5182 1904 5239 αὐτὰ,
1947 5206 1969 5237 ι

330 5277 488 5334 Οὗτοί
534 5280 663 5334 εἰσιν
707 5280 754 5334 οἱ
823 5276 905 5332 διὰ
977 5278 1083 5333 τῶν
1126 5275 1407 5355 φροντίδων
1453 5272 1830 5346 ἀποπνίγοντες
1889 5270 1978 5324 τὸν

331 5364 494 5442 λόγον
530 5382 543 5395 '
608 5364 707 5422 κᾶν
747 5366 850 5442 γὰρ
879 5363 1008 5441 δοκῇ
1039 5368 1066 5421 6
1123 5364 1369 5427 πλούσιος
1416 5363 1618 5440 ἀγαθήν
1647 5381 1769 5416 τινα
1795 5355 1978 5436 πρᾶξιν

2057 4579 2263 4621 mones
2294 4558 2592 4621 videlicet.
2625 4560 2735 4632 Qui
2764 4580 2901 4622 vero
2933 4579 3119 4638 super
3152 4570 3470 4641 petrosam,
3497 4561 3697 4622 suntii

2055 4647 2154 4727 qui
2176 4647 2772 4727 audieruntquidem,
2809 4650 2911 4710 sed
2950 4659 3188 4729 propter
3221 4650 3692 4711 imbecillitatem

2058 4737 2118 4796 in
2141 4735 2564 4796 tentationibus
2584 4744 2684 4797 aut
2712 4737 3133 4799 afﬂictionibus
3157 4756 3274 4798 non
3297 4738 3692 4817 obluctantur,

2058 4824 2160 4884 sed
2197 4824 2453 4903 perdunt
2481 4844 2645 4885 suam
2663 4827 2936 4889 salutem.
2959 4827 3068 4888 Per
3087 4828 3271 4887 solem
3308 4828 3461 4887 enim
3490 4829 3697 4888 orien-

2060 4913 3030 4995 tem,intellige65tentationes,eo
3052 4915 3205 4992 quod
3230 4916 3473 4976 tentatio
3492 4923 3697 4976 osten-

2060 4999 2143 5061 dit
2158 5001 2428 5061 homines
2441 5002 2767 5063 etdeclarat
2780 5004 2982 5083 quales
2996 5004 3405 5071 sunt,sicutsol
3423 5003 3674 5063 manifes
3690 5034 3703 5044 -

2064 5096 2143 5149 tat
2176 5089 2549 5152 abscondita.
2598 5113 2625 5148 ‹
2647 5092 2778 5152 Alia
2802 5101 2997 5153 autem
3028 5092 3372 5153 ceciderunt
3396 5095 3551 5153 inter
3573 5093 3698 5171 spi-

2062 5184 2254 5249 nas,et
2275 5179 2675 5241 ascenderunt
2696 5180 2903 5259 spinm,
2927 5190 2984 5241 et
3003 5182 3436 5243 suﬂ‘ocaverunt
3468 5179 3703 5243 eanllli

2061 5270 2313 5348 suntqui
2345 5271 2504 5330 curis
2528 5269 3348 5332 suﬂocuntsermonem.Nam
3380 5271 3545 5331 dives
3566 5269 3705 5330 licet

2058 5356 2327 5417 videatur
2345 5358 2561 5417 bonum
2578 5357 2875 5435 quoddam
2893 5357 3335 5436 opuslacere,at
3358 5378 3472 5418 non
3487 5358 3704 5418 crescit

428 5561 515 5636 ἴα)
543 5557 692 5645 Huic
721 5557 909 5620 turba
946 5557 1220 5639 permisti
1254 5564 1420 5619 erant
1448 5553 1732 5617 Pharisaei
1756 5558 1822 5613 ut
1854 5569 1886 5613 ο
1911 5548 2297 5632 sequentibus
2333 5550 2709 5630 patet,Supra
2739 5551 2796 5625 5,
2833 5554 2888 5624 6,
2922 5553 2981 5613 7.
