4122 6270
455 401 574 474 279

1402 400 1992 485 THEOPHXLAGTI
2036 397 2457 479 Bumaste
2484 396 2840 479 ARCHIER.

3686 386 3801 471 πο

456 547 604 607 opus
634 530 785 606 ejus,
838 548 1031 610 neque
1067 530 1320 610 proiicit,
1354 531 1851 593 sollicitudinibus
1884 532 2091 611 prohi—

2182 545 2375 604 ποιεῖν,
2435 530 2555 587 ἀλλ’
2610 530 2757 606 ὅμως
2811 533 2907 589 οὒκ
2956 528 3162 596 αὐξάνει
3204 532 3239 596 ἡ
3269 525 3458 607 πρᾶξις
3518 524 3676 597 αὕτη,
3709 519 3817 580 οὕδὶ

457 615 755 679 benﬁbus.

539 704 808 786 VERS.7,
840 708 895 769 8.
933 709 1119 770 «Alia
1179 726 1315 770 vero
1367 708 1709 770 ceciderunt
1769 709 1829 769 in
1878 716 2094 769 terram

457 795 695 867 bonam,
731 804 787 855 ct
816 796 1108 858 dederunt
1138 797 1413 869 fructum,
1450 797 1549 858 ille
1571 797 1808 876 quidem
1834 804 2091 870 centum,

458 881 608 942 alius
654 892 847 943 autem
882 887 1205 962 sexaginta,
1240 885 1390 945 alius
1418 900 1560 944 vero
1593 884 1850 961 triginta.
1880 903 1907 941 ι
1946 886 2097 945 Tres

459 982 657 1046 partes
686 973 931 1033 seminis
954 974 1349 1052 perierunt,et
1368 981 1571 1052 quarta
1598 973 1722 1032 sola
1741 980 1965 1033 servata
1982 980 2089 1031 est.

458 1060 815 1120 Paucienim
844 1072 980 1121 sunt
1001 1063 1099 1141 qui
1129 1063 1665 1122 salvantur.Postea
1685 1078 1826 1121 vero
1856 1060 1997 1120 dicit
2019 1061 2096 1120 de

461 1156 617 1207 terra
648 1146 819 1219 bona,
852 1150 986 1210 data
1025 1151 1192 1210 nobis
1241 1150 1601 1229 pnanitentiaa
1645 1166 1770 1226 spe.
1806 1148 1905 1209 Est
1937 1148 2093 1209 enim

461 1235 765 1314 possibile,
795 1238 967 1297 etiam
1000 1238 1048 1297 si
1072 1238 1204 1317 quis
1230 1248 1462 1317 petrnsa
1494 1248 1647 1298 terra
1677 1238 1769 1303 sit.
1804 1245 1901 1296 aut
1929 1238 2095 1314 juxta

458 1324 636 1398 viam,
670 1325 758 1383 vel
790 1327 1051 1404 spinosa,
1088 1345 1219 1387 eum
1255 1327 1383 1385 ﬁeri
1436 1336 1649 1385 terram
1698 1325 1930 1384 bonam.
1968 1323 2095 1385 Non

462 1412 620 1473 enim
647 1414 931 1491 aequalem
958 1415 1211 1474 fructum
1246 1415 1705 1474 (ueruntomnes
1732 1413 1828 1491 qui
1853 1432 1938 1471 ve:
1960 1413 2097 1472 bum

462 1500 809 1578 suscipiunt:
837 1505 936 1561 sed
966 1504 1113 1562 alius
1137 1504 1372 1580 quidem
1402 1502 1764 1579 centuplum,
1796 1502 1942 1560 forte
1966 1520 2103 1578 pau-

462 1597 746 1668 pertatem
786 1592 1106 1669 perfectam
1138 1592 1363 1651 habens
1397 1599 1449 1650 et
1485 1608 1772 1649 summam
1808 1590 2099 1648 exercita-

460 1678 701 1737 tionem.
747 1680 911 1739 Alius
959 1690 1153 1739 autem
1206 1679 1684 1757 sexagecuplum,
1722 1677 2094 1738 utcmnobita

2184 1681 2367 1745 ϐιακὸς
2400 1686 2565 1762 τυχὸν
2594 1686 2835 1762 μοναχὸς
2890 1685 2977 1740 καὶ
3034 1684 3110 1739 ἔτι
3163 1680 3418 1759 πατρικός
3452 1694 3467 1709 ⁸

2179 621 2489 699 προκόπτει,
2523 619 2835 687 κωλυομὲνη
2864 622 2964 676 ὑπὸ
2998 625 3103 675 τῶν
3136 624 3431 699 μεριμνῶν.

2266 733 2292 764 α
2330 700 2513 765 ”Αλλα
2572 708 2626 764 δὲ
2670 708 2854 764 ἔπεσεν
2911 709 2998 765 ἐπὶ
3054 708 3154 775 τὴν
3197 709 3300 785 γῆν
3342 705 3445 772 τὴν
3491 700 3663 770 καλήν
3698 715 3711 729 ⁶
3744 698 3828 785 καὶ

2180 796 2341 856 ἐδίδου
2398 799 2624 875 καρπὸν,
2684 798 2712 852 ὃ
2773 798 2870 872 μὲν
2932 798 3142 875 ἑκατὸν,
3210 783 3237 850 ὃ
3296 792 3350 849 δὲ
3408 792 3688 875 ἐξήκοντα,
3721 788 3748 842 ὃ
3776 783 3827 840 δί

2177 874 2477 962 τριάκονταξ
2512 908 2537 942 ι
2600 886 2675 943 Τὰ
2728 886 2845 962 τρία
2899 883 3039 963 μέρη
3096 890 3189 940 τοῦ
3257 882 3457 959 σπόρου
3528 874 3822 944 ἀπώλοντο,

2178 975 2265 1028 καὶ
2324 974 2386 1029 τὰ
2444 973 2691 1051 τέταρτον
2747 973 2921 1039 ἐσώθη
2981 973 3141 1048 μόνον
3178 992 3191 1006 ·
3244 970 3414 1047 ὀλίγοι
3460 970 3561 1045 γάρ
3615 968 3738 1021 εἰσιν
3780 964 3823 1019 οἱ

2180 1062 2469 1136 σωζόμενοι
2505 1079 2518 1092 ·
2566 1061 2779 1143 ὕστερον
2840 1060 2892 1117 δὲ
2953 1060 3095 1140 λέγει
3140 1062 3256 1137 περὶ
3293 1059 3394 1126 τῆς
3426 1060 3530 1134 γῆς
3560 1059 3659 1143 τῆς
3686 1053 3820 1129 ἆγεν

2177 1154 2297 1220 θῆς,
2345 1149 2512 1214 διδοὺς
2543 1142 2991 1225 ἡμῖννμετανοίας
3025 1148 3206 1206 ἐλπίδα
3240 1164 3253 1178 ⁸
3315 1146 3428 1202 ἔστι
3482 1144 3584 1222 γὰρ
3612 1142 3820 1197 δυνατὸν

2176 1238 2273 1294 κᾶν
2332 1237 2603 1321 πετρώδης
2674 1239 2765 1305 εἴη
2837 1260 2942 1316 τις,
2999 1237 3096 1294 κᾶν
3167 1238 3308 1315 παρὰ
3368 1235 3468 1301 τὴν
3533 1231 3674 1304 ὁδὸν,
3727 1230 3819 1285 κᾶν

2178 1320 2569 1406 ἂκανθοφορῶν,
2632 1332 2733 1405 γῆν
2787 1328 2988 1405 ἀγαθὴν
3046 1324 3285 1404 γενέσθαι
3348 1323 3525 1383 αὐτόν.
3585 1324 3660 1378 06
3720 1320 3822 1393 μὴν

2184 1415 2369 1481 ἐπίσης
2414 1419 2797 1493 καρποφοροῦσι
2857 1416 3051 1479 πάντες
3081 1417 3127 1472 οἳ
3175 1411 3447 1487 δεξάμενοι
3478 1412 3569 1466 τὸν
3624 1409 3779 1486 λόγον
3804 1425 3819 1438 ’

2184 1505 2299 1563 ἀλλ’
2358 1509 2386 1561 6
2440 1508 2537 1582 μὲν
2594 1509 2805 1579 ἑκατὸν,
2881 1509 3045 1586 τυχὸν
3095 1508 3122 1561 6
3191 1503 3573 1577 ἀκτημοσύνην
3627 1500 3825 1556 τελείαν

2184 1594 2329 1673 ἔχων
2386 1596 2473 1650 καὶ
2529 1594 2689 1673 ἄκραν
2749 1594 2975 1662 ἄσκησιν
3009 1612 3022 1625 ⁸
3086 1598 3112 1651 6
3172 1591 3227 1649 δὲ
3273 1592 3555 1661 ἐξήκοντα,
3589 1593 3615 1645 6
3645 1610 3822 1644 γοινο·

3532 1679 3559 1733 ὁ
3589 1676 3641 1732 δὲ
3670 1674 3817 1754 τρια-

460 1766 607 1826 t‘orte
640 1768 982 1847 monachus,
1020 1776 1073 1828 et
1105 1769 1293 1827 adhuc
1328 1778 1596 1845 Operant.
1634 1766 1801 1827 Alius
1833 1784 1967 1826 vero
2000 1769 2094 1828 tri-

2182 1794 2363 1844 κοντα,
2413 1775 2440 1827 6
2483 1772 2656 1848 γάμον
2700 1773 2892 1845 σεμνὸν
2923 1770 3197 1849 ἑλόμενος,
3250 1771 3339 1825 καὶ
3387 1769 3482 1831 τὰς
3512 1766 3698 1844 ἀρετὰς
3750 1767 3818 1829 ὼς

460 1855 793 1933 gecuplum,
828 1865 889 1915 ut
919 1856 1019 1934 qui
1052 1856 1329 1915 honestas
1362 1855 1597 1933 nuptias
1627 1856 1866 1933 delegit,
1892 1864 1949 1913 et
1979 1854 2098 1915 vir-

462 1952 641 2003 tutem
678 1963 782 2022 pro
816 1944 964 2003 virili
996 1945 1384 2023 amplexatur.
1423 1944 1568 2003 Vide
1601 1953 1796 2004 autem
1847 1944 1952 2005 Dei
1986 1942 2059 2003 bo
2089 1983 2093 1987 -

460 2034 1030 2112 nitatemquomodo
1057 2050 1260 2093 omnes
1283 2032 1516 2111 sucipit,
1554 2040 1611 2092 et.
1641 2050 1852 2107 magna
1879 2032 2099 2092 medio-

462 2122 586 2182 cria
616 2129 671 2181 et
704 2139 883 2200 parva
913 2121 1195 2181 colentes.

542 2209 716 2271 Vsus.
750 2211 808 2271 9.
847 2231 868 2263 ι
897 2209 1005 2279 Qui
1040 2209 1215 2269 habet
1244 2226 1418 2268 aures
1465 2207 1771 2281 audiendi,
1804 2210 2027 2273 audiat.
2070 2237 2092 2268 ι)

462 2298 794 2359 Manifestat
824 2300 979 2377 quod
1012 2300 1135 2358 hmc
1159 2297 1551 2376 spiritualiter
1583 2298 1966 2375 intelligenda
1986 2300 2104 2360 sint

462 2387 535 2447 ab
557 2388 649 2446 his
668 2388 765 2465 qui
787 2388 1120 2464 spirituales
1149 2404 1324 2445 aures
1345 2386 1551 2445 animae
1575 2385 1983 2447 habent.Multi
2006 2407 2104 2448 au-

465 2481 584 2536 tem
602 2493 776 2535 aures
798 2474 1145 2546 habent,sed
1168 2493 1283 2533 non
1306 2474 1377 2533 ad
1393 2473 1749 2533 audiendum
1765 2485 2102 2553 ;propterea

465 2562 662 2623 subdit
695 2582 707 2624 :
743 2563 853 2634 Qui
876 2563 1051 2622 habet
1082 2581 1255 2623 aures
1286 2562 1589 2640 audiendi,
1626 2562 1726 2622 ille
1755 2564 1977 2623 audiat.

550 2654 725 2712 VERS.
754 2658 849 2724 10,
878 2653 969 2710 12.
1009 2676 1029 2706 (ι
1072 2653 1136 2710 Et
1185 2670 1318 2710 cum
1364 2653 1756 2710 accessissent
1803 2652 2093 2731 discipuli,

464 2740 740 2802 dixerunt
771 2740 854 2799 illi
885 2759 896 2802 ;
932 2741 1123 2811 Quare
1171 2739 1231 2798 in
1287 2738 1582 2817 parabolis
1636 2739 1891 2816 loqueris
1935 2739 2099 2801 illis?

462 2829 595 2907 Ipse
625 2838 821 2889 autem
857 2829 1223 2907 respondens
1250 2828 1394 2887 dixit
1424 2826 1560 2885 illis:
1588 2826 1773 2888 Vobis
1794 2827 1993 2888 datum
2014 2838 2102 2889 est

464 2918 615 2991 scire
634 2934 845 2978 arcana
867 2919 1033 2994 regni
1055 2915 1492 2987 cualorum,illis
1522 2924 1714 2975 autem
1755 2935 1869 2975 non
1903 2917 2099 2977 datum

464 3016 573 3068 est.
613 3005 873 3085 Quisque
899 3006 1055 3065 enim
1086 3004 1282 3086 habet,
1316 3003 1552 3064 dabitur
1582 3004 1692 3081 illi,
1727 3012 1785 3063 et
1816 3006 2104 3066 reddetur

464 3095 907 3156 abundantior:
943 3094 1209 3174 quisquis
1254 3104 1449 3153 autem
1508 3111 1624 3152 non
1675 3092 1874 3166 habet,
1922 3095 2098 3154 etiam

465 3183 611 3244 illud
643 3182 795 3261 quod
821 3183 1263 3253 habet,tolletur
1284 3181 1355 3241 ab
1382 3180 1807 3242 eo.»Videntcs
1832 3182 2106 3261 discipuli

466 3290 734 3349 magnam
756 3275 814 3330 in
838 3271 930 3331 his
945 3290 1074 3349 quae
1090 3288 1119 3331 a
1144 3271 1374 3332 Christo
1393 3270 2106 3346 dicebantur,obscurita-

467 3368 583 3421 tem
610 3380 622 3421 :
646 3367 709 3418 ut
734 3377 1079 3421 communes
1128 3359 1524 3419 multitudinis
1557 3369 1968 3436 procuratores
1996 3379 2096 3419 ac-

468 3448 689 3508 cedunt
745 3449 1197 3523 interrogantes.
1236 3449 1304 3506 At
1338 3447 1433 3507 ille
1466 3446 1644 3506 dicit:
1672 3444 1849 3505 Vobis
1898 3448 2096 3507 datum

465 3548 555 3601 est
582 3540 737 3599 scire
771 3539 1066 3617 mysteria,
1105 3539 1215 3598 hoc
1247 3546 1357 3617 est,
1394 3538 1531 3616 quia
1563 3537 1793 3597 habetis
1823 3539 2098 3598 alacrita-

464 3636 581 3688 tem
608 3637 665 3686 et
693 3627 974 3697 studium,
1012 3627 1210 3685 datum
1238 3633 1324 3685 est
1349 3626 1513 3684 vobis
1547 3645 1561 3687 :
1598 3625 1712 3683 illis
1763 3635 1955 3685 autem
1986 3647 2099 3686 non

461 3715 879 3777 adhibentibus
909 3714 1319 3784 studium,non
1353 3723 1440 3773 est
1466 3714 1804 3774 datum.Ille
1831 3716 1986 3774 enim
2010 3736 2101 3775 ac-

462 3804 623 3883 cipit,
659 3804 753 3881 qui
788 3802 1011 3881 qumrit.
1038 3801 1296 3872 Quaerite
1322 3801 1504 3875 enim,
1542 3802 1750 3880 inquit,
1786 3812 1841 3861 et
1870 3803 2102 3865 dabitur

460 3892 805 3953 vobis.Vide
838 3895 975 3949 item
1010 3891 1306 3969 quomodo
1329 3891 1441 3950 hoc
1478 3891 1606 3950 loco
1640 3890 1980 3968 parabolam
2009 3894 2097 3952 di-

459 3982 542 4041 xit
563 3978 827 4057 Jesus,et
855 3978 1128 4055 discipuli
1150 3978 1258 4037 soli
1282 3979 1381 4055 qui
1398 3978 1900 4055 interrogaveram
1924 3998 2097 4039 acce-

461 4077 694 4150 perunt.
718 4067 886 4129 Unde
915 4066 1065 4127 bene
1088 4066 1367 4145 diximus,
1389 4066 1695 4126 adhibenti
1722 4067 1955 4127 sudium
1990 4070 2093 4129 da-

2180 1861 2419 1940 ἐγχωρεϊ
2493 1858 2784 1935 σπουδαίως
2855 1860 3268 1939 μετερχόμενος.
3360 1849 3507 1928 ’Ὅρα
3577 1852 3632 1909 δὲ
3690 1861 3816 1911 Θεοῦ

2180 1951 2552 2029 χρηστότητα,
2628 1955 2740 2013 πῶς
2797 1949 2997 2012 πάντας
3054 1950 3140 2003 καὶ
3195 1951 3314 2010 τοὺς
3385 1946 3459 2021 τὰ,
3496 1943 3703 2021 μεγάλα
3730 1943 3815 2029 καὶ

2180 2028 2298 2101 τοὺς
2352 2039 2419 2093 τὰ
2489 2037 2623 2113 μέσα
2673 2038 2758 2093 καὶ
2810 2038 2928 2101 τοὺς
2998 2037 3063 2092 τὰ
3106 2036 3268 2113 μικρὰ
3320 2034 3658 2115 ἐνεργοῦντας
3725 2028 3809 2085 δέ·

2184 2149 2317 2207 χετα
2323 2150 2337 2182 ι
2348 2175 2361 2189 ,

2273 2238 2296 2271 ι
2334 2207 2391 2272 Ὀ
2442 2213 2586 2293 ’έ-χων
2642 2216 2753 2271 ὦτα
2823 2214 3051 2287 ἀκούειν,
3111 2214 3369 2275 ἀκουέτω,
3426 2236 3450 2265 η
3512 2209 3705 2289 Δηλοτ,
3735 2207 3813 2264 ὅτι

2184 2308 2553 2379 πνευματικῶς
2609 2301 2692 2359 δεῖ
2720 2307 2971 2371 νοηθῆναι
3013 2310 3176 2359 ταῦτα
3222 2304 3362 2374 παρὰ
3412 2308 3519 2356 τῶν
3548 2300 3610 2356 τὰ
3656 2319 3813 2354 πνευ-

2187 2394 2383 2467 ματικὰ
2426 2392 2555 2447 ὠτία
2614 2393 2981 2466 κεκτημένων.
3033 2391 3227 2448 Πολλοὶ
3270 2389 3324 2463 δὲ
3356 2392 3467 2446 ὦτα
3514 2389 3610 2463 μὲν
3652 2386 3811 2465 ἔχου-

2184 2504 2288 2560 σιν,
2345 2479 2464 2536 ἀλλ’
2522 2480 2615 2537 οὐκ
2668 2482 2739 2545 είς
2791 2481 2851 2535 τὰ
2898 2481 3106 2537 ἀκούειν
3143 2499 3153 2510 ’
3211 2478 3292 2534 διὰ
3322 2486 3476 2535 τοῦτο
3507 2477 3595 2533 οὖν
3648 2494 3811 2550 προσ-

2183 2568 2335 2635 έθηκε
2366 2571 2449 2647 τὸ,
2485 2560 2543 2626 Ὀ
2575 2569 2718 2648 ἔχων
2739 2569 2849 2624 ὦτα
2880 2571 2952 2631 εἰς
2977 2570 3037 2624 τὸ
3062 2568 3288 2645 ἀκούειν,
3322 2567 3523 2627 ἐκεῖνος
3556 2565 3804 2623 ἀκουετω,

2270 2681 2289 2713 ι
2332 2658 2431 2715 Καὶ
2484 2656 2856 2735 προσελθόντες
2937 2659 2985 2712 οἱ
3073 2657 3323 2731 μαθηταὶ,
3358 2734 3361 2735 ν
3400 2659 3552 2712 εἶπον
3620 2653 3757 2723 αὐτῷ
3788 2666 3802 2681 ⁹

2186 2746 2332 2801 Διατί
2359 2745 2414 2800 ἐν
2471 2734 2800 2822 παραϐολαῖς
2844 2743 3028 2808 λαλεῖς
3071 2748 3298 2817 αὖτοϊς;
3353 2734 3409 2801 Ὀ
3451 2740 3529 2819 δὲ,
3583 2739 3801 2815 ἀποκρι-

2182 2835 2284 2897 θεὶς
2318 2834 2470 2889 εἶπεν
2513 2834 2719 2911 αὒτοϊς,
2770 2833 2849 2889 ὅτι
2884 2825 3039 2907 ’Υμϊν
3068 2831 3268 2888 δέδοται
3297 2837 3486 2909 γνῶναι
3514 2828 3575 2883 τὰ
3602 2826 3795 2899 μυστή-

2184 2944 2268 2999 ρια
2352 2927 2448 2988 τῆς
2520 2920 2787 2996 βασιλείας
2876 2927 2977 2976 τῶν
3051 2924 3300 2999 οὐρανῶν,
3357 2919 3566 2978 ὲκείνας
3618 2912 3670 2968 δὲ
3737 2915 3793 2967 οὗ

2187 3008 2410 3066 δέδοται.
2476 3000 2667 3072 ΗΟστις
2731 3011 2829 3087 γὰρ
2903 3009 3041 3089 ἔχει,
3096 3008 3364 3077 δοθήσεται
3414 3008 3548 3077 αὒτῷ
3585 3003 3670 3057 καὶ
3698 3022 3797 3056 πε-

2188 3100 2579 3177 ρισσευθήσεται
2615 3114 2629 3129 '
2684 3097 2826 3161 ὅστις
2882 3097 2936 3154 δὲ
2994 3099 3088 3154 οὒκ
3139 3093 3593 3177 ἔχει,καὶὸῗέχει
3645 3090 3804 3167 ἀρθή-

2190 3208 2335 3242 σεται
2389 3186 2480 3241 ἆπ’
2536 3189 2714 3247 αὐτοῦ.
2771 3211 2790 3241 ι
2861 3179 3111 3264 Ὀρῶντες
3185 3189 3231 3243 οἶ
3288 3185 3515 3259 μαθηταὶ
3565 3180 3813 3257 ἆτάγειαν

2191 3275 2396 3342 πολλὴν
2455 3275 2508 3329 ἐν
2563 3289 2679 3338 τοῖς
2736 3278 2837 3331 ὑπὸ
2904 3284 2995 3331 τοῦ
3074 3284 3297 3354 Χριστοῦ
3366 3270 3686 3350 λεγομένοις,
3743 3268 3813 3329 ὡς

2184 3367 2347 3421 κοινοὶ
2404 3362 2694 3439 κηδεμόνες
2740 3371 2831 3420 τοῦ
2880 3363 3111 3433 πλήθους
3158 3363 3544 3441 προσέρχονται
3576 3358 3809 3436 ἐρωτῶν-

2182 3462 2307 3516 rec;
2357 3444 2413 3509 ιΟ
2443 3452 2497 3507 δὲ
2545 3460 2703 3531 φησιν
2738 3472 2750 3485 ⁸
2789 3444 2945 3527 ’Υμῖν
2990 3451 3189 3508 δέδοται
3219 3453 3413 3528 γνῶναι
3442 3450 3507 3503 τὰ
3534 3447 3805 3521 μυστήρια,

2180 3541 2466 3613 τουτέστιν,
2520 3540 2703 3609 ἐπειδὴ
2760 3541 2912 3620 ἔχετε
2958 3541 3245 3619 προθυμίαν
3302 3540 3391 3594 καὶ
3418 3532 3665 3613 σπουδὴν,
3718 3531 3805 3587 δέ-

2181 3631 2322 3688 δοται
2374 3634 2499 3708 δμῖν
2536 3652 2551 3667 ⁸
2622 3634 2848 3697 ἐκεῖνοις
2917 3632 2971 3688 δὲ
3057 3636 3133 3705 μὴ
3187 3631 3371 3711 ἔχουσι
3428 3625 3678 3703 σπουδὴν,
3748 3626 3804 3681 οὗ

2180 3720 2401 3780 δέδοται.
2464 3720 2702 3784 Ἐκεῖνος
2758 3723 2856 3800 γὰρ
2913 3720 3193 3796 λαμϐάνει,
3254 3723 3282 3775 6
3337 3721 3531 3789 ζητῶν.
3589 3722 3802 3782 Ζητεϊτε

2181 3810 2303 3888 γάρ’
2350 3813 2501 3889 φησὶ’
2554 3813 2637 3867 καὶ
2695 3809 2972 3880 δοθήσετυ
3021 3812 3170 3885 ’δμῖνο
3228 3800 3342 3865 ’Ἴδε
3399 3809 3517 3884 γοῦν
3576 3804 3688 3866 πῶς
3715 3805 3803 3859 ἒν-

2182 3902 2343 3954 ταυθα
2414 3900 2537 3955 εἶπε
2596 3900 2691 3974 μὲν
2734 3902 2761 3955 ὁ
2822 3900 3006 3977 Κύριος
3064 3894 3532 3977 τὴν-παραϐολήν,
3582 3894 3726 3967 μόνοι
3756 3890 3806 3946 δὲ

2182 3991 2228 4044 οἱ
2289 3989 2516 4061 μαθηταὶ
2548 3990 2867 4058 ζητήσαντες
2902 3975 3115 4046 ἔλαϐον.
3153 3975 3327 4040 υΩσσιτε
3356 3982 3531 4044 καλῶς
3564 3981 3804 4055 εἴπομεν,

2182 4074 2261 4131 ὅτι
2317 4083 2393 4149 τῷ
2451 4075 2630 4155 ἔχοντι
2692 4073 2944 4153 σπουδὴν,
3005 4076 3186 4149 ἐκείνῳ
3255 4072 3446 4129 δίδοται
3505 4073 3539 4138 ἡ
3597 4078 3808 4148 γνῶσις,

461 4167 581 4218 tum
610 4175 742 4217 esse
765 4156 1012 4216 scientia
1040 4155 1529 4216 abundantiorem
1568 4156 1692 4215 ﬁeri
1729 4156 1840 4218 :ab
1873 4176 1941 4217 eo
1987 4178 2094 4219 au-

2182 4166 2266 4220 καὶ
2317 4166 2700 4243 περισσεύεται.
2783 4172 2869 4237 Τῷ
2939 4163 2993 4219 δὲ
3076 4164 3153 4238 μὴ
3207 4163 3390 4242 ἔχοντι
3444 4158 3674 4227 σπουδὴν
3730 4160 3811 4213 καὶ

460 4255 575 4307 tem
606 4246 705 4324 qui
736 4264 851 4304 non
886 4243 1063 4304 habet
1085 4243 1366 4317 studium,
1396 4262 1507 4303 nec
1537 4252 1795 4304 mentem
1832 4244 2091 4322 dignam,

457 4343 519 4395 ut
551 4352 651 4413 par
677 4344 791 4403 est,
828 4332 1070 4393 adhibet
1101 4332 1276 4392 etiam
1313 4332 1437 4392 tolli
1470 4332 1625 4411 quod
1681 4332 1899 4393 habere
1931 4334 2096 4395 vide-

457 4432 588 4484 tur:
616 4423 727 4482 hoc
758 4421 1051 4481 est.etiam
1084 4421 1131 4478 si
1168 4438 1399 4499 parvam
1438 4420 1750 4499 quamdam
1787 4420 2097 4483 boniscin-

457 4512 643 4574 tillam
674 4509 913 4582 habeat,
947 4518 1000 4569 et
1025 4527 1154 4570 eam
1188 4528 1307 4569 non
1334 4510 1547 4569 excitet
1572 4518 1629 4569 et
1657 4511 1940 4571 accendat
1988 4530 2095 4590 per

452 4600 723 4679 spiritum
764 4607 821 4658 et
846 4597 1170 4677 spiritualia
1201 4616 1380 4675 opera
1406 4596 1720 4674 exstingui.

532 4687 716 4749 Vnus.
752 4689 1218 4766 13.«t’r0pterea
1250 4704 1354 4765 per
1387 4684 1692 4763 parabolas
1713 4685 1926 4763 loquor
1948 4687 2085 4761 illis,

448 4776 588 4856 quia
602 4776 875 4838 videntes
894 4794 1008 4834 non
1024 4774 1311 4848 vident,et
1339 4774 1651 4833 audientes
1680 4792 1793 4832 non
1817 4775 2086 4850 audiunt,

448 4883 640 4944 neque
664 4862 1328 4941 intelligunt.-Attende
1358 4860 1471 4921 Hic
1503 4861 1659 4921 enim
1693 4862 1863 4921 solvit
1895 4882 2087 4942 quies-

446 4955 664 5015 tionem
699 4953 1019 5013 dicentium
1050 4951 1251 5030 quoda
1277 4962 1486 5011 natura
1513 4957 1572 5009 et
1600 4969 1631 5008 a
1652 4951 1772 5011 Deo
1796 4952 1933 5011 mali
1955 4961 2091 5013 sunt

444 5041 870 5122 quidam.Dixit
888 5038 1864 5119 enim,inquiunt,Christus:Vobis
1886 5040 2084 5102 datum

444 5137 533 5191 est
552 5148 729 5190 nosse
746 5128 1202 5201 arcanaJudzeis
1230 5138 1425 5188 autem
1452 5145 1567 5187 non
1588 5136 1675 5186 est
1697 5128 2087 5189 datum.Dici-

443 5235 574 5276 mus
593 5235 733 5293 ergo
758 5218 827 5277 ad
848 5218 980 5277 illos
1001 5235 1132 5276 cum
1158 5216 1301 5287 Deo,
1320 5214 1608 5293 dicentes,
1635 5214 1729 5273 66
1758 5216 1913 5293 quod
1929 5215 2084 5277 Deus

441 5322 649 5365 omnes
682 5304 855 5364 faciat
877 5305 1209 5383 intelligere
1232 5314 1437 5365 natura
1471 5312 1752 5383 quantum
1793 5322 1941 5383 opus
1971 5314 2079 5366 est.

437 5390 1176 5455 Omnemenimhominem
1200 5392 1835 5453 illuminatvenientem
1852 5392 1912 5451 in
1927 5394 2082 5456 hunc

433 5480 720 5542 mundum
741 5479 833 5538 π’.
870 5479 1154 5542 Voluntas
1219 5490 1415 5543 autem
1468 5489 1667 5542 nostra
1729 5480 2080 5544 obtenebrat

510 5636 799 5702 r1".loan.
832 5657 874 5717 ι,
910 5642 969 5702 9.

2177 4253 2397 4330 γνώμην
2455 4251 2620 4327 ἀξίαν,
2653 4255 2740 4309 καὶ
2769 4254 2796 4308 ὃ
2824 4250 2973 4308 δοκεῖ
3012 4252 3158 4331 ἔχειν
3188 4252 3468 4329 ἀρθήσεται
3512 4246 3607 4304 ἀπ’
3636 4247 3807 4303 αὐτοῦ’

2176 4341 2433 4412 τουτέστι,
2495 4340 2593 4398 κᾶν
2648 4342 2832 4415 μικρόν
2861 4363 2977 4397 τινα
3006 4345 3261 4414 σπινθῆρα
3290 4339 3396 4417 ἔχῃ
3446 4347 3536 4396 τοῦ
3593 4339 3805 4413 ἀγαθοῦ,

2177 4427 2411 4485 σϐέννυσι
2480 4431 2566 4485 καὶ
2646 4436 2852 4503 τοῦτον,
2939 4432 3016 4504 μὴ
3087 4429 3322 4508 ἐκφυσῶν
3378 4429 3533 4483 αὺτὸν
3578 4424 3667 4481 διά
3720 4424 3806 4479 τοῦ

2176 4521 2470 4592 πνεύματος
2522 4519 2608 4573 καὶ
2690 4524 2795 4573 τῶν
2868 4520 3236 4594 πνευματικῶν
3299 4515 3488 4594 ἔργων,
3547 4517 3634 4570 καὶ
3712 4515 3805 4568 ἆν-

2176 4608 2377 4667 ἀπτων,

2260 4716 2284 4749 α
2339 4697 2435 4750 Διὰ
2490 4702 2643 4752 τοῦτο
2686 4696 2740 4751 ἐν
2796 4695 3127 4775 παραϐολαῖς
3158 4696 3338 4755 αὖτοτς
3382 4691 3551 4770 λαλῶ,
3585 4690 3667 4746 ὅτι
3694 4690 3808 4768 βλέ-

2173 4805 2360 4847 ποντες
2417 4783 2473 4839 οὔ
2527 4784 2802 4863 βλέπουσι,
2875 4786 2961 4840 καὶ
3040 4783 3317 4843 ἀκούοντες
3376 4784 3471 4837 σῦκ
3513 4777 3806 4847 ἀκούουσιν,

2172 4870 2289 4929 οὐδὲ
2345 4880 2626 4933 συνιοῦσιν.
2693 4871 2956 4952 Πρόσεχε.
3019 4869 3285 4929 Ἐντεῦθεν
3343 4870 3441 4947 γὰρ
3500 4866 3680 4923 λύεται
3754 4866 3810 4921 τὸ

2168 4962 2386 5036 ζήτημα
2441 4964 2545 5017 τῶν
2614 4961 2877 5039 λεγόντων
2922 4960 3001 5016 ὅτι
3057 4959 3118 5016 ἐκ
3173 4959 3374 5038 φύσεως
3431 4959 3517 5027 καὶ
3546 4956 3655 5011 ἀπὸ
3685 4961 3811 5012 Θεοῦ

2167 5048 2305 5110 τινές
2363 5051 2459 5105 εἰσι
2499 5050 2674 5108 κακοί.
2725 5049 2864 5107 Εἶπε
2904 5051 3027 5127 γὰρ,
3058 5050 3205 5128 φασὶ,
3239 5050 3324 5103 καὶ
3371 5050 3398 5103 6
3431 5047 3675 5123 Χριστὸς,
3726 5044 3803 5099 ὅτι

2172 5128 2329 5211 ’Υμτν
2378 5135 2577 5194 δέδοται
2631 5141 2823 5217 γνῶναι
2875 5140 2941 5194 τὰ
2989 5139 3271 5215 μυστήρια,
3312 5134 3575 5199 Ἰουδαίοις
3635 5132 3690 5189 δὲ
3746 5133 3802 5189 οὗ

2166 5223 2392 5285 δέδοται.
2445 5229 2683 5305 Λὲγομεν
2740 5230 2827 5282 οὖν
2882 5229 3011 5305 πρὸς
3069 5228 3189 5288 τοὺς
3247 5227 3460 5283 τοιαῦτα
3522 5222 3795 5300 λέγοντας,

2166 5314 2257 5368 σὺν
2316 5322 2451 5394 Θεῳ,
2497 5316 2573 5370 ὅτι
2606 5319 2634 5371 6
2696 5317 2793 5391 μὲν
2839 5318 2967 5377 Θεὸς
3025 5316 3223 5379 πάντας
3251 5327 3399 5370 ποιεῖ
3428 5325 3570 5368 νοεῖν
3598 5314 3660 5367 τὸ
3690 5308 3802 5367 δέον

2165 5407 2418 5480 φυσικῶς.
2480 5405 2654 5460 Πάντα
2727 5406 2825 5482 γὰρ
2883 5402 3152 5481 ἄνθρωπον
3234 5403 3441 5481 φωτίζει
3513 5400 3803 5479 ἐρχόμενον

2163 5489 2234 5552 αἷς
2292 5491 2382 5545 τὸν
2431 5492 2632 5569 κόσμον
2670 5511 2688 5530 ·
2746 5495 2782 5561 ἡ
2868 5490 2923 5548 δὶ
2986 5493 3291 5571 προαίρεσις
3372 5494 3531 5568 ἡμῶν
3600 5489 3808 5558 σκοτίζε
