4122 6270
402 446 516 510 ἰ83

1344 447 1937 508 THEOPHYLACTI
1983 447 2076 506 BU
2089 445 2393 506 LGARIIE
2438 441 2794 505 ARCHIEP.

3644 441 3758 507 284
3777 452 3779 454 ’

401 596 534 640 cum
552 577 761 656 gaudio
773 577 1274 658 arripiteumznon
1292 576 1676 638 habetautem
1695 577 1960 637 radicem
1977 574 2038 635 in

2135 575 2300 650 κῦτὸν,
2393 577 2485 632 οὐκ
2541 573 2657 652 ἔχει
2701 570 2754 628 δὲ
2778 573 2920 650 ῥίζαν
2949 573 3004 630 ἐν
3032 576 3223 650 ἑαυτῷ,
3264 573 3398 631 ἀλλὰ
3447 573 3764 653 πρόσκαιρός

401 666 729 746 seipso,sed
755 667 1147 746 temporarius
1168 674 1280 727 est.
1321 686 1346 721 ι
1383 667 1564 727 Porro
1595 684 1728 725 cum
1762 663 2042 725 inciderit

401 755 734 834 persecutio
749 754 837 816 vel
854 755 1093 816 afﬂictio
1120 765 1362 834 propter
1375 753 2040 824 sermonem,statim67

399 843 1253 922 offenditur.Afﬂictio,inqnit,
1276 842 1415 922 quia
1435 842 1602 904 multi
1635 861 1665 902 a
1697 842 2042 920 parentibus

400 931 489 992 vel
548 933 678 996 aliis
737 932 1038 994 infortunii
1081 932 1304 1005 afﬂicti,
1349 931 1544 993 statim
1602 930 2034 1011 blasphemant.

400 1019 739 1084 Persecutio
771 1031 962 1082 autem
993 1020 1136 1082 dicit
1163 1027 1404 1100 propter
1433 1038 1535 1080 eos
1565 1019 1782 1100 quibus
1813 1022 2041 1100 tyranni

406 1110 638 1172 molesti
673 1119 831 1174 sunt.

485 1201 665 1262 Vsus.
691 1201 790 1262 Ἡ.
831 1224 858 1255 α
912 1200 984 1261 At
1013 1198 1111 1278 qui
1151 1199 1208 1258 in
1233 1197 1437 1277 spinas
1467 1215 1669 1259 semen
1704 1207 2040 1275 exceperat,

403 1289 500 1350 hic
531 1297 618 1350 est
648 1289 747 1370 qui
778 1288 1022 1350 verbum
1047 1287 1234 1366 audit,
1272 1295 1329 1347 et
1360 1305 1500 1346 cura
1531 1286 1728 1347 saeculi
1788 1286 1961 1365 hujus
1984 1295 2044 1349 et

401 1377 672 1457 deceptio
693 1376 1022 1438 divitiarum
1048 1375 1293 1436 suﬂ'ocat
1315 1373 1651 1446 verbum,et
1668 1374 1890 1434 sterilis
1913 1375 1994 1436 ﬁt.
2012 1398 2034 1429 ι

401 1467 528 1528 Non
551 1467 698 1527 dixit
729 1465 1018 1528 Saeculum
1040 1465 1152 1524 hoc
1176 1463 1445 1534 suffncat,
1469 1461 1570 1522 sed
1605 1461 1756 1524 Cura
1786 1464 1985 1524 saeculi
2023 1482 2035 1524 :

405 1553 965 1636 neqneDivitizesed
984 1551 1254 1632 deceptio
1269 1551 1597 1611 divitiarum
1634 1550 1860 1612 Divitiae
1881 1551 2040 1612 enim

404 1643 643 1722 quando
674 1643 1118 1722 disperguntur,
1149 1659 1266 1701 non
1291 1640 1602 1712 suffocant,
1629 1640 1731 1699 sed
1763 1658 2041 1702 crescere

401 1733 623 1792 faciunt
656 1730 1129 1807 verbumSpinae
1160 1737 1376 1800 autem,
1403 1745 1560 1789 cum
1579 1737 1634 1788 et
1666 1728 1918 1797 deliciae.
1969 1748 2038 1791 eo

2123 661 2257 722 ἐστι.
2324 680 2352 718 ι
2414 660 2709 734 Γενομένης
2765 658 2821 716 δὲ
2891 661 3120 737 θλίψεως
3190 662 3226 731 ἢ
3264 662 3497 742 διωγμοῦ
3539 661 3622 720 διὰ
3670 664 3764 719 τὸν

2123 748 2302 828 λόγον,
2393 752 2535 813 εὖθὺς
2612 748 3027 822 σκανδαλίζεται.
3113 751 3354 828 Θλίψεως
3413 753 3588 832 εἶπεν,
3649 753 3763 808 ἐπεὶ

2124 837 2312 894 πολλοὶ
2380 840 2480 893 ὑπὸ
2550 837 2748 916 γονέων
2817 838 2852 904 ἢ
2911 837 3087 895 ἄλλων
3131 847 3409 921 συμφορῶν
3437 837 3756 914 θλιϐόμενοι,

2125 927 2270 988 εὐθὺς
2327 925 2724 1007 βλασφηαοῦσν
2785 924 3021 1005 διωγμοῦ
3079 927 3156 1002 δὲ,
3218 928 3301 988 διὰ
3342 931 3460 994 τοὺς
3517 928 3601 984 ἰπὶ
3654 929 3760 984 τῶν

2124 1015 2385 1093 τυράννων
2416 1017 2868 1094 παραπίπτοντας,

2213 1215 2238 1247 ι
2308 1203 2348 1249 Ο
2419 1191 2473 1248 δὲ
2537 1194 2608 1256 εἰς
2651 1195 2742 1260 τὰς
2799 1195 3018 1256 ἀνάνθας
3077 1197 3313 1274 σπαρεὶς,
3360 1195 3509 1258 οὗτός
3566 1194 3702 1250 ἐστιν
3734 1194 3762 1247 ὃ

2125 1279 2217 1334 τὸν
2274 1278 2430 1357 λόγον
2485 1281 2713 1353 ἀκούων,
2765 1285 2852 1338 καὶ
2885 1285 2916 1350 ἡ
2947 1282 3174 1361 μέριμνα
3205 1285 3296 1340 τοῦ
3368 1286 3552 1347 αἰῶνος
3581 1282 3764 1338 τούτου

2125 1370 2212 1422 καὶ
2282 1371 2315 1436 ἡ
2388 1369 2566 1435 ἀπάτη
2621 1378 2712 1426 τοῦ
2786 1370 3014 1428 πλούτου
3077 1374 3352 1450 συμπνίγει
3433 1374 3520 1428 τὸν
3577 1369 3759 1448 λόγον,

2125 1459 2213 1512 καὶ
2283 1456 2517 1536 ἄκαρπος
2569 1460 2793 1536 γίνεται.
2831 1483 2857 1514 ι
2893 1463 2998 1518 Οὔκ
3041 1461 3218 1522 εἶπεν,
3253 1459 3334 1518 ὅτι
3368 1453 3425 1518 Ὀ
3457 1461 3582 1516 αἰὼν
3612 1461 3764 1522 οὗτος

2126 1547 2426 1623 συμπνίγει,
2459 1544 2576 1602 ἀλλ’
2626 1539 2687 1604 Ἠ
2721 1549 2949 1623 μὲριμνα
2992 1559 3083 1607 τοῦ
3112 1550 3322 1614 αἰῶνος·
3360 1547 3475 1607 οὐδὲ
3505 1550 3533 1604 ὁ
3593 1545 3754 1606 πλοὺ-

2122 1657 2235 1707 τος,
2295 1634 2412 1691 ἀλλ’
2449 1626 2508 1693 Ἠ
2555 1637 2733 1703 ἀπάτη
2792 1645 2882 1694 τοῦ
2938 1635 3189 1694 πλουτου.
3251 1629 3307 1695 Ὀ
3379 1636 3604 1700 πλοῦτος
3663 1637 3763 1713 γὰρ

2121 1725 2244 1780 ὅταν
2298 1728 2610 1801 σκορπισθῇ,
2699 1725 2757 1780 οὗ
2841 1727 3144 1805 συμπνίγει,
3231 1723 3350 1781 ἀλλ’
3437 1723 3574 1790 αὔξει
3671 1728 3763 1780 τὸν

402 1821 555 1902 quod
576 1821 768 1902 ignem
790 1818 1283 1902 concupiscentiae
1299 1831 1350 1877 et
1378 1817 1664 1895 gehennm
1681 1818 2018 1902 accendunt

2135 1812 2307 1890 λόγον·
2371 1812 2588 1869 ἄκανθαι
2618 1811 2693 1886 δὲ,
2744 1816 2793 1869 αἱ
2824 1814 3070 1891 μέριμιτι
3143 1817 3232 1870 καὶ
3289 1817 3337 1870 αἱ
3368 1815 3571 1893 τρυφαὶ,
3632 1811 3765 1870 διότι

402 1899 470 1963 Ει
493 1902 641 1960 sicut
669 1899 841 1974 Spina
864 1909 1033 1960 acuta
1059 1899 1115 1958 in
1142 1915 1356 1974 corpus
1384 1905 1671 1976 penetrat.
1709 1911 1764 1956 et
1787 1899 1877 1957 vix
1905 1917 2041 1957 era-

402 1991 672 2050 dicatur:
705 1989 788 2048 sic
820 1998 876 2048 et
908 1988 1138 2048 deliciae
1193 1985 1624 2046 invalescentes
1663 1986 1719 2045 in
1782 1986 2039 2047 animam

401 2077 836 2156 ingrediuntur,
865 2085 920 2138 et
947 2077 1032 2137 vix
1064 2075 1440 2136 cradicantur

482 2345 660 2405 Vsus.
684 2345 782 2405 93.
811 2369 836 2396 α
865 2341 1151 2403 Caeterum
1177 2341 1275 2420 qui
1304 2340 1363 2400 in
1391 2348 1607 2400 terram
1637 2339 1847 2401 bonam
1875 2361 2044 2403 exce-

401 2433 486 2514 pit
517 2451 744 2502 semen,
769 2431 864 2491 hic
894 2437 983 2490 est
1016 2430 1114 2510 qui
1149 2429 1390 2489 verbum
1425 2429 1590 2489 audit
1641 2440 1696 2490 et
1741 2429 2038 2508 intelligit,

400 2523 500 2602 qui
543 2520 798 2600 denique
830 2520 1082 2578 fructum
1133 2517 1326 2578 reddit
1363 2527 1420 2577 et
1445 2517 1599 2595 facit,
1625 2518 1774 2579 alius
1800 2520 2040 2599 quidem

401 2610 770 2689 centuplum,
797 2607 945 2669 alius
974 2625 1114 2668 vero
1140 2607 1624 2684 sexagecnplnm,
1661 2607 1814 2668 alius
1844 2616 2040 2668 autem

402 2698 817 2778 trigecuplum.
845 2722 872 2751 ι
915 2695 1104 2757 νεικείω
1122 2695 1347 2755 virtutis
1371 2696 1598 2774 species
1623 2705 1777 2766 sunt,
1815 2697 1958 2757 varii
1989 2707 2043 2756 et

403 2787 504 2867 qui
554 2786 889 2865 proﬁciunt.
924 2786 1074 2845 Vide
1101 2793 1292 2845 auten
1341 2785 1607 2844 ordinem
1646 2788 1700 2845 in
1739 2786 2038 2865 parabola.

318 2866 323 2871 ’
404 2866 654 2958 Oportet
706 2875 867 2935 enim
921 2893 1029 2935 nos
1083 2875 1337 2953 primum
1372 2873 1577 2933 audire
1616 2892 1954 2935 sermonem
1991 2884 2049 2936 et

403 2965 736 3040 intelligere
768 2982 841 3023 ne
872 2963 1059 3024 simus
1089 2964 1244 3025 sicut
1274 2963 1376 3044 qui
1404 2966 1567 3040 juxta
1595 2963 1769 3023 viam.
1819 2965 2048 3025 Deinde

405 3054 655 3116 firmiter
683 3056 940 3114 retinere
971 3052 1123 3134 quod
1151 3053 1414 3113 auditum
1446 3061 1570 3113 est:
1611 3063 1898 3130 praeterea
1929 3073 2045 3113 non

2127 1903 2186 1956 τὸ
2255 1907 2354 1974 πῦρ
2393 1903 2480 1956 καὶ
2550 1903 2610 1957 τὸ
2669 1903 2767 1967 τῆς
2823 1903 3098 1976 ἐπιθυμίας
3150 1903 3330 1958 καὶτὸ
3387 1906 3484 1967 τῆς
3543 1899 3762 1978 γεέννης

2124 1989 2433 2045 ἀνάπτουσιι
2512 1992 2606 2047 Καὶ
2664 1990 2841 2068 ὥσπερ
2910 1993 2943 2056 ἡ
2974 1989 3170 2046 ἄκανθα
3241 1989 3389 2054 ὀξεῖα
3444 1989 3597 2062 οὖσα,
3649 1990 3762 2045 εἰσ-

2121 2076 2256 2134 δύνει
2331 2081 2404 2142 εἰς
2458 2081 2518 2134 τὸ
2585 2084 2764 2153 σῶμα,
2817 2082 2902 2137 καὶ
2991 2078 3143 2154 μόλις
3197 2077 3527 2156 ἐκϐάλλεται,
3629 2075 3766 2134 οὕτω

2121 2169 2207 2221 καὶ
2265 2169 2297 2233 ἡ
2369 2168 2559 2247 τρυφὴ,
2632 2167 2720 2222 ἐὰν
2777 2172 2961 2247 ψυχῆς
3019 2169 3282 2243 κρανήσῃ,
3360 2164 3604 2238 είσδὺνει,
3677 2166 3765 2221 καὶ

2125 2256 2279 2328 μόλις
2311 2256 2542 2333 ἐκριζοῦτ
2552 2278 2626 2318 αι,

2211 2368 2238 2398 α
2275 2337 2330 2402 ’0
2375 2344 2428 2400 δὲ
2490 2346 2576 2400 ἐπὶ
2632 2346 2728 2411 τὴν
2797 2346 2898 2422 γῆν
2966 2347 3064 2411 τὴν
3093 2343 3261 2410 καλὴν
3318 2345 3558 2422 σπαρεὶς,
3615 2343 3763 2404 οὗτός

2124 2433 2262 2490 ἐστιν
2313 2437 2340 2489 ὁ
2398 2434 2486 2488 τὸν
2518 2433 2676 2510 λόγον
2747 2433 2950 2489 ἀκούων
3003 2435 3088 2489 καὶ
3130 2433 3339 2502 συνιὼν,
3376 2431 3432 2496 ὅς
3466 2431 3529 2499 δὴ
3561 2453 3766 2502 καρπο-

2126 2535 2279 2598 φορεῖ
2348 2523 2436 2575 καὶ
2503 2535 2671 2594 ποιεῖ,
2749 2524 2776 2576 ὁ
2821 2523 2917 2595 μὲν
2948 2521 3154 2593 ἑκατὸν,
3190 2523 3217 2575 ὁ
3248 2519 3301 2574 δὲ
3349 2518 3624 2597 ἑξήκοντα,
3655 2521 3682 2574 ὁ
3713 2517 3768 2572 δὲ

2126 2611 2428 2689 τριάκοντα.
2473 2633 2495 2666 n
2551 2610 2783 2688 Διάφορα
2841 2610 2902 2664 τὰ
2974 2611 3073 2675 τῆς
3130 2609 3321 2686 ἀρετῆς
3354 2606 3496 2682 εἴδη,
3531 2605 3764 2686 διάφοροι

2126 2701 2215 2755 καὶ
2271 2702 2316 2755 οἱ
2375 2699 2788 2766 προκόπτοντες,
2856 2689 3000 2776 ιὈρα
3026 2697 3104 2772 δὲ,
3152 2697 3233 2754 ὅτι
3265 2699 3404 2763 τάξις
3435 2696 3571 2752 ἐστὶν
3614 2696 3668 2751 ἐν
3697 2703 3766 2771 τῇ

2127 2786 2426 2869 πτριϐολῇ,
2505 2798 2600 2844 Δεῖ
2656 2790 2755 2866 γὰρ
2785 2789 2926 2861 ἡμᾶς
2981 2795 3189 2866 πρῶτον
3221 2788 3344 2861 ’μὲν
3401 2787 3616 2842 ἀκοῦσαι
3677 2787 3764 2838 τὸν

2132 2877 2290 2954 λόγον
2347 2879 2434 2931 καὶ
2495 2876 2744 2947 συνιέναι,
2806 2876 2896 2930 ’ίνα
2957 2877 3033 2950 μὴ
3090 2877 3234 2951 ὦμεν
3289 2879 3362 2938 ὡς
3420 2875 3466 2928 οἱ
3495 2873 3635 2948 παρὰ
3664 2872 3762 2937 τὴν

2355 2962 2570 3021 Ἐπειτα
2624 2978 2923 3043 κατασχεῖν
2978 2964 3193 3043 ἑδραίως
3223 2965 3281 3020 τὸ
3312 2960 3584 3020 ἀκουσθέν.
3620 2960 3760 3016 Εἶτα

2132 3057 2208 3129 μὴ
2257 3053 2695 3132 φιλοχρημάτους
2758 3067 2924 3114 εῖναι.
2981 3055 3159 3131 Τίγὰρ
3206 3050 3389 3131 ὃφελος
3450 3051 3491 3105 εἰ
3555 3048 3763 3103 ἀκοὺσω

2131 2964 2270 3022 ὀδόν.

406 3161 535 3206 esse
559 3152 848 3208 amatores
879 3162 1078 3222 opum.
1122 3142 1268 3214 Quid
1301 3143 1460 3203 enim
1496 3142 1783 3220 proderit,
1827 3142 1876 3202 si
1934 3162 2007 3203 au

2135 3146 2216 3199 καὶ
2246 3146 2528 3221 κατάσχω,
2560 3142 2660 3196 ὑπὸ
2689 3141 2742 3197 δὲ
2774 3141 3206 3220 φιλοχρηματιας
3229 3137 3492 3214 συμπνίξω
3525 3157 3540 3211 ;

405 3233 568 3294 diero
601 3241 657 3294 et
684 3233 1010 3304 retinuero,
1044 3241 1100 3292 et
1139 3232 1467 3291 divitiarum
1501 3249 1699 3291 amore
1747 3232 2046 3292 suffocor?

485 3321 880 3384 VEBS.‘24-30.
897 3321 1120 3381 «Aliam
1145 3319 1478 3397 parabolam
1502 3320 1804 3398 proposuit
1834 3319 2042 3397 eis,di«

406 3410 783 3474 cens:Simile
805 3411 1016 3470 factum
1038 3417 1386 3485 estregnuni
1403 3407 1683 3467 caelorum
1707 3407 2043 3469 hominise~

411 3498 1104 3559 minantibonumsemon
1121 3500 1176 3556 in
1195 3515 1331 3576 agro
1344 3499 1588 3574 suo;seil
1609 3495 2046 3557 dormientibus

407 3586 747 3647 hominibus
765 3587 921 3648 venit
942 3587 1097 3646 illius
1121 3587 1464 3648 inimicuset
1487 3585 1800 3645 seminavit
1822 3584 2044 3646 zizania

408 3677 562 3735 inter
591 3675 871 3748 triticum,
932 3674 1214 3754 abiitqne.
1248 3675 1391 3735 Cum
1426 3682 1620 3733 autem
1655 3679 2044 3749 germinassct

409 3763 679 3836 herba,et
702 3764 952 3825 fructum
979 3763 1382 3834 fecisset,tunc
1395 3771 1794 3839 apparuerunt
1816 3769 1872 3822 et
1893 3761 2046 3820 ziza-

411 3853 507 3912 nia
539 3853 910 3914 Accedentes
930 3861 1122 3912 autem
1137 3851 1290 3913 servi
1320 3849 1753 3930 patrifamilias
1772 3849 2049 3910 dixerunt

408 3941 533 4002 illi:
568 3941 837 4017 Domine,
895 3960 1091 4002 nonne
1142 3941 1360 4002 bonum
1394 3958 1598 4000 semen
1631 3939 1957 4000 seminaras
1987 3943 2046 3999 in

413 4039 513 4089 tuo
544 4029 718 4107 agro?
749 4030 904 4093 unde
925 4031 1099 4109 igitur
1122 4029 1301 4091 habet
1319 4027 1568 4090 zizania?
1602 4028 1704 4090 [lle
1731 4045 1871 4088 vero
1903 4029 2048 4089 dixit

410 4119 836 4181 illiszlnimicus
863 4119 1036 4180 homo
1065 4121 1175 4180 hoc
1200 4117 1530 4180 fecit.Servi
1553 4125 1748 4178 autem
1771 4117 2054 4180 dixerunt

412 4207 630 4270 illi:Vis
660 4207 836 4286 igitur
857 4207 1158 4269 abeamus.
1208 4216 1266 4268 et
1289 4207 1638 4285 colligamus
1671 4225 1738 4267 ea
1771 4210 1795 4267 ?
1832 4213 1904 4270 At
1954 4207 2051 4267 ille

415 4296 560 4357 dixit
595 4317 608 4356 :
645 4298 771 4359 Non
814 4319 826 4359 :
886 4316 960 4357 ne
991 4297 1127 4357 dum
1163 4297 1438 4375 colligitis
1466 4296 1707 4372 zizania,
1736 4296 2054 4356 eradicetis

410 4385 584 4446 simul
616 4404 748 4446 cum
785 4385 900 4447 illis
931 4393 989 4446 et
1011 4386 1288 4446 triticum:
1326 4386 1500 4446 sinite
1533 4384 1751 4463 pariter
1781 4403 2054 4446 crescere

411 4481 656 4554 utraque
688 4493 872 4555 usque
903 4479 976 4534 ad
1012 4493 1291 4547 messim,
1329 4483 1386 4534 et
1435 4475 1493 4533 in
1544 4482 1809 4552 tempore
1842 4473 2056 4534 messis

410 4563 601 4623 dicam
663 4564 1065 4625 messoribus:
1101 4564 1367 4643 Colligite
1401 4563 1656 4641 primum
1714 4562 1960 4630 zizania,
1999 4570 2056 4621 et

410 4651 681 4729 colligate
712 4651 771 4711 in
829 4651 1142 4712 fasciculos
1176 4651 1246 4711 ad
1281 4651 1752 4713 comburenilum
1785 4671 1875 4729 ea,
1943 4650 2053 4710 tri-
2079 4691 2120 4740 υ

411 4738 592 4800 ticum
626 4757 761 4799 vero
793 4748 1147 4817 congregate
1193 4740 1253 4800 in
1305 4741 1588 4801 horreum
1639 4758 1856 4800 meum.
1911 4765 1927 4792 ι
1990 4738 2053 4800 In

411 4828 592 4908 priori
648 4828 924 4906 parabola
975 4828 1140 4899 dixit,
1195 4840 1464 4907 quartam
1528 4836 1752 4908 partem
1813 4828 2059 4888 seminis

411 4915 625 4977 cadere
654 4919 709 4975 in
744 4925 960 4976 terram
991 4915 1206 4978 bonam
1243 4936 1259 4994 ;
1309 4917 1364 4976 in
1409 4917 1516 4976 hac
1541 4924 1737 4978 autem
1772 4916 2055 4994 ostendit,

411 5004 566 5084 quod
601 5023 792 5084 neque
817 5005 957 5064 illud
991 5004 1183 5082 ipsum
1209 5023 1414 5065 semen
1446 5005 1599 5084 quod
1628 5005 1686 5064 in
1710 5011 1924 5065 terram
1950 5005 2058 5065 bo-

413 5110 546 5153 nam
581 5092 816 5171 cecidit,
856 5093 1266 5174 incorruptum
1297 5092 1453 5153 sinat
1507 5093 1710 5164 hostis,
1771 5093 1911 5154 dum
1955 5113 2062 5155 nos

2215 3334 2240 3363 α
2305 3309 2523 3376 ’Ἄλλην
2594 3307 2901 3388 παραϐολὴν
2971 3308 3266 3387 παρέθηκεν
3318 3319 3522 3376 αυτοῖς,
3575 3302 3768 3381 λέγων·

2132 3400 2401 3472 ’-ιμοιώθη
2464 3402 2498 3465 ἡ
2567 3397 2806 3474 βασιλεία
2869 3402 2975 3452 τῶν
3033 3399 3266 3475 οὐρανῶν
3335 3395 3590 3471 ἀνθρώπῳ
3617 3393 3774 3447 σπεί-

2128 3511 2274 3570 ραντι
2347 3487 2508 3544 καλὸν
2541 3487 2748 3566 σπέρμα
2780 3486 2834 3541 ἐν
2864 3493 2939 3560 τῷ
2970 3486 3115 3564 ἀγρῷ
3143 3484 3322 3556 αὒτοῦ,
3356 3483 3410 3538 ἐν
3452 3481 3504 3537 δὲ
3534 3487 3611 3554 τῷ
3640 3483 3774 3570 καθέ

2128 3569 2290 3630 εύδειν
2336 3577 2456 3638 τοὺς
2515 3575 2837 3654 ἀνθρώπους,
2901 3572 3058 3640 ἦλθεν
3126 3575 3284 3628 αὐτοῦ
3349 3573 3376 3626 ὁ
3424 3570 3640 3648 ἐχθρὸς,
3686 3569 3776 3623 καὶ

2131 3663 2335 3734 ἔσπειρε
2409 3667 2610 3736 ζιζάνια
2695 3663 2794 3722 ἀνὰ
2826 3663 2984 3737 μέσον
3015 3671 3105 3720 τοῦ
3150 3661 3314 3739 σίτου,
3375 3661 3462 3714 καὶ
3509 3655 3768 3724 ἀπῆλθεν,

2135 3743 2271 3808 ”Θτε
2329 3753 2382 3808 δὲ
2453 3751 2773 3819 ἐϐλάστησεν
2834 3752 3086 3830 ὁχόρτος
3133 3751 3219 3804 καὶ
3275 3749 3477 3826 καρπὸν
3515 3745 3757 3817 ἐποίησε,

2130 3842 2248 3896 τότε
2321 3843 2487 3921 ἐφάνη
2560 3844 2648 3897 καὶ
2730 3843 2794 3896 τα
2856 3841 3080 3910 ζιζάνια.
3175 3836 3552 3916 Προσελθόντες
3611 3831 3666 3888 δὲ
3727 3821 3782 3889 ι)ὶ

2128 3927 2299 3986 δοῦλοι
2369 3943 2457 3990 τοῦ
2513 3930 2901 4008 οἰκοδεσπότου,
2965 3930 3122 3984 εἷπον
3184 3931 3348 4000 αὐτῷ·
3417 3925 3590 4002 Κύριε,
3649 3923 3772 4000 οὒχῖ

2131 4018 2293 4074 καλὸν
2347 4020 2555 4097 σπέρμα
2640 4019 2881 4097 ἔσπειρας
2973 4018 3024 4074 ἐν
3081 4023 3157 4090 τῷ
3209 4023 3286 4089 σῷ
3342 4015 3531 4092 ἀγρῴξ
3608 4011 3772 4066 Πόθεν

2133 4111 2218 4165 οὖν
2280 4108 2394 4187 ἔχει
2438 4113 2503 4166 τὰ
2531 4109 2729 4180 ζιζαίνια
2764 4130 2778 4178 ;
2830 4100 2886 4165 Ὀ
2931 4106 2984 4162 δὲ
3029 4106 3131 4186 ἔφη
3174 4108 3379 4166 αὒτοτς·
3415 4101 3637 4180 Ἐχθρὸς
3670 4097 3767 4154 ἅν-

2132 4202 2334 4276 θρωπος
2388 4201 2540 4254 τοῦτο
2595 4197 2863 4263 ἐποίησεν,
2938 4197 2997 4253 Οἱ
3047 4193 3102 4250 δὲ
3166 4192 3338 4252 δοῦλοι
3386 4196 3540 4276 εἷπον
3599 4190 3763 4262 αὐτῷ*

2137 4270 2318 4350 όέλεις
2378 4288 2463 4344 οὖν
2522 4285 2835 4350 ἀπελθόντες
2866 4282 3194 4358 συλλέξωμεν
3225 4283 3356 4340 αὕτα
3389 4301 3405 4355 ;
3442 4270 3498 4337 Ὀ
3543 4276 3596 4333 δὲ
3655 4274 3774 4355 ἔφη’

2138 4377 2230 4432 Οὔ·
2295 4378 2502 4450 μήποτε
2573 4373 2914 4450 συλλέγοντες
2945 4373 3011 4428 τὰ
3053 4371 3276 4443 ζιζάνια,
3309 4367 3628 4447 ἐκριζώσητε
3665 4364 3780 4438 ἅμα

2140 4469 2317 4530 αὒτοῗς
2362 4469 2450 4522 τὸν
2483 4480 2652 4526 σῖτον.
2700 4463 2718 4489 ³
2731 4455 2910 4543 Ἀφετε
2955 4462 3040 4518 οὖν
3078 4460 3475 4524 συναυξάνεσθαι
3507 4455 3781 4534 ἀμφότερα

2138 4558 2299 4634 μέχρι
2356 4559 2447 4611 τοῦ
2499 4559 2764 4634 θερισμοῦ,
2839 4554 2925 4607 καὶ
2956 4552 3018 4606 ἀν
3046 4547 3124 4623 τῷ
3163 4555 3330 4626 καιρῷ
3385 4553 3478 4602 τοῦ
3531 4549 3780 4634 θερισμοῦ

2139 4633 2385 4723 ὲρῶίτογς
2434 4648 2722 4723 θερισταῖς’
2787 4640 3077 4706 Συλλέξατε
3147 4645 3354 4715 πρῶτον
3398 4639 3464 4690 τα
3549 4633 3779 4704 ζιζάνια,

2140 4737 2224 4788 καὶ
2291 4731 2484 4802 δήσατε
2556 4733 2685 4788 αὔτα
2758 4733 2829 4793 εἰς
2880 4727 3075 4804 δέσμας
3139 4729 3267 4805 πρὸς
3324 4727 3384 4783 τὸ
3447 4731 3780 4779 κατακαῦσαι

2142 4823 2292 4900 αὐτὰ,
2358 4824 2448 4877 τὸν
2504 4820 2559 4877 δὲ
2616 4835 2765 4876 σῖτον
2838 4818 3158 4896 συναγάγετε
3213 4817 3285 4878 εἷς
3345 4814 3444 4878 την
3501 4810 3780 4878 ἀποθήκην

2143 4896 2288 4980 μου.⁷
2335 4933 2355 4964 ε
2457 4909 2545 4967 Ἐν
2614 4916 2682 4985 τῇ
2751 4907 2980 4987 προτέρᾳ
3075 4901 3350 4982 παραϐολῇ
3399 4902 3525 4957 εἶπε
3584 4900 3645 4953 τὸ
3694 4896 3788 4987 τέ·-

2144 5021 2330 5077 ταρτον
2408 4998 2565 5075 μέρος
2622 5005 2714 5054 τοῦ
2765 5000 2963 5074 σπόρου
3017 5006 3204 5050 πεσεῖν
3252 4993 3324 5054 εἷς
3385 4990 3483 5056 τὴν
3533 4993 3633 5077 γῆν
3684 4986 3788 5077 τηεν

2145 5075 2368 5166 ἀγαθὴν,
2440 5087 2492 5143 έν
2545 5085 2599 5142 δὲ
2630 5092 2696 5162 τῇ
2765 5084 3003 5162 παροόσῃ
3055 5080 3331 5159 δείκνυσιν,
3375 5080 3455 5134 ὃτι
3487 5075 3603 5134 ο-Ῐιδὲ
3663 5076 3790 5132 αὐτὸ

411 5179 740 5241 dormimus
775 5166 832 5243 et
861 5181 1050 5259 ignavi
1083 5166 1286 5242 sumus
1344 5183 1499 5260 Ager
1529 5181 1750 5242 etenim
1811 5185 2047 5243 Mundus

2142 5182 2317 5234 ὶκεϊνο
2370 5181 2431 5233 τὸ
2501 5179 2660 5233 πεσὸν
2717 5178 2790 5241 είς
2819 5176 2918 5242 τὴν
2950 5179 3052 5250 γῆν
3084 5173 3179 5240 τὴν
3224 5169 3450 5250 ἀγαθὴν,
3480 5166 3790 5247 ἀδιάφθορον

415 5269 620 5339 est,vel
653 5257 909 5346 cujusvis
934 5263 1162 5331 anima;
1190 5273 1371 5332 Porro
1400 5257 1676 5333 Christus
1709 5279 1807 5332 est
1837 5272 1932 5348 qui
1958 5290 2047 5332 se-

2146 5267 2326 5323 εἴασεν
2409 5268 2436 5321 ὁ
2520 5265 2734 5346 ἐχθρὸς,
2784 5261 2868 5320 διὰ
2938 5266 2998 5318 τὸ
3073 5257 3338 5316 καθεύδειν
3394 5260 3480 5314 καὶ
3539 5257 3791 5354 ῥᾳθυμερ

417 5355 682 5418 minavit.
717 5345 944 5418 Bonum
979 5377 1210 5425 semen.
1239 5359 1379 5419 boni
1405 5357 1677 5420 homines
1707 5359 1795 5419 vel
1829 5345 2047 5422 c’ouita-

2142 5359 2307 5424 ἡμᾶς.
2378 5353 2565 5433 Ἀγρὸς
2624 5355 2732 5423 οὖν,
2794 5355 2821 5409 ὀ
2851 5355 3076 5427 κόσμος,
3129 5350 3164 5418 ἢ
3195 5352 3228 5418 ἡ
3260 5350 3483 5404 ἑκάστου
3513 5345 3692 5424 ψυχὴ.
3731 5345 3791 5399 ὀ

415 5444 626 5504 tiones.
663 5444 915 5521 Zizania,
963 5447 1224 5507 haereses
1276 5448 1365 5509 vel
1429 5451 1598 5508 malae
1651 5449 2047 5526 cogitationes.

2147 5449 2371 5525 στείρας,
2434 5429 2489 5500 ό-
2538 5446 2786 5523 Χριστὸς,
2839 5441 3016 5500 Καλὸν
3060 5439 3292 5519 σπέρμα,
3347 5441 3393 5494 οἱ
3450 5439 3635 5514 ἀγαθοὶ
3690 5429 3792 5490 ἆν-

415 5531 523 5604 Qui
549 5551 686 5593 vero
710 5533 966 5595 seminat
996 5535 1144 5608 haec,
1198 5535 1489 5598 diabolus.
1554 5537 1635 5598 At
1689 5525 2047 5610 dermientet

2148 5539 2344 5613 θρωποι
2416 5534 2450 5601 ἢ
2505 5531 2772 5610 λογισμοί.
2845 5532 3076 5609 Ζιζάνια,
3139 5530 3189 5583 αἱ
3220 5527 3442 5606 αἱρέσεις
3472 5525 3508 5594 ἦ
3538 5527 3584 5582 οἱ
3613 5544 3795 5588 πονη-

415 5621 711 5695 homines,
736 5620 836 5701 qui
866 5631 1111 5702 propter
1131 5622 1420 5702 ignaviam
1445 5643 1614 5686 suam
1647 5624 1842 5687 locum
1876 5624 2047 5686 dede-

2150 5626 2226 5701 ροὶ
2267 5623 2532 5700 λογισμοί.
2599 5614 2653 5678 Ὀ
2713 5621 2927 5698 σπείρας
2954 5617 3008 5675 δὲ
3039 5625 3224 5691 ταῦτα,
3287 5619 3316 5674 ὁ
3345 5613 3620 5678 διάϐολος.
3658 5613 3799 5702 ἱςαθ-

417 5718 554 5772 runt
581 5699 884 5772 hareticis
900 5699 996 5772 vel
1025 5699 1194 5775 malis
1230 5713 1696 5794 cogitationibus
1733 5731 1748 5786 ;
1785 5713 1940 5774 servi
1968 5731 2047 5776 aut

2151 5699 2382 5775 εὕδοντες
2439 5709 2492 5768 δὲ
2552 5711 2835 5790 ἅνθρωποι,
2901 5711 2947 5765 οἱ
3006 5706 3088 5764 8ίά
3129 5707 3379 5784 ῥᾳθυμίαν
3413 5707 3598 5787 χώραν
3627 5699 3800 5759 διδόν-
