4126 6268
193 473 334 538 285
375 473 386 481 ”

859 479 1303 541 ΕΝΛΗΗΑΤΙΟ
1348 479 1430 540 IN
1439 474 1873 540 EVANGELIE

1994 473 2384 536 MATTH/EI.
2434 507 2510 517 —
2550 468 2883 534 CARXIII.

3481 466 3600 530 286

201 631 304 676 τις
361 624 477 675 τοῖς
537 614 824 690 αἱρετικοϊς
891 613 979 666 καὶ
1031 624 1149 673 τοῖς
1228 623 1488 688 πονηροῖς
1561 608 1868 686 λογισμοῖς.

1964 609 2076 667 tem
2103 604 2431 684 angeli.qui
2462 603 2843 682 indignantur
2871 620 3005 663 esse
3027 603 3284 663 haereses
3305 599 3399 660 vel
3425 597 3602 660 mali-

213 698 415 757 Δοῦλοι
474 697 551 777 δὲ,
615 701 662 755 οἱ
709 698 950 777 ἄγγελοι,
998 701 1050 754 οἳ
1097 699 1480 777 ἂγανακτοῦσιν
1511 697 1596 754 ἐπὶ
1625 703 1700 769 τῷ
1730 699 1870 751 εἶναι

211 787 472 866 αἱρέσεις,
509 788 545 856 ἢ
575 789 829 866 πονηρίας
873 788 927 843 ἐν
957 795 1024 864 τῇ
1055 791 1233 866 ψυχῇ,
1281 789 1370 843 καὶ
1419 785 1694 864 βούλονται
1739 784 1871 840 ἀνα-

207 883 358 946 σπᾷν
404 876 491 932 καὶ
534 877 812 933 ἐκκόπτειν
873 876 935 931 ἐκ
977 883 1068 932 τοῦ
1123 877 1234 952 βίου
1267 878 1398 952 ⁹τούς
1468 897 1527 931 τε
1585 872 1871 952 αἱρετικοὺς

201 966 301 1020 καὶ
356 965 481 1026 τοὺς
527 965 593 1020 τὰ
650 966 858 1042 πονηρὰ
917 964 1310 1040 λογιζομένους.
1376 956 1434 1022 Ὀ
1493 965 1622 1026 Θεὸς
1653 966 1712 1020 οὗ
1742 982 1872 1036 συγ·

201 1065 398 1130 χωρεῖ
453 1054 576 1114 τοὺς
639 1053 930 1132 αἱρετικοὺς
1006 1051 1090 1107 διὰ
1158 1051 1408 1124 πολέμων
1481 1049 1869 1120 ἀναλίσκεσθαι,

201 1139 310 1196 ἵνα
345 1141 424 1214 μὴ
469 1142 827 1219 συμπάσχωσι
858 1143 945 1196 καὶ
992 1163 1082 1196 συν
1115 1141 1215 1217 [αν]
1252 1139 1568 1196 αλίσκωνται
1599 1139 1685 1193 καὶ
1717 1138 1764 1192 οἱ
1793 1133 1873 1189 δί-

201 1251 389 1290 καιοι.
461 1220 688 1304 Ὀμοίως
742 1228 856 1286 οὑδὲ
942 1228 1026 1284 διὰ
1083 1231 1201 1292 τοὺς
1268 1229 1530 1307 πονηροὺς
1583 1224 1870 1314 λογισμοὺς

198 1316 362 1374 θέλει
422 1320 450 1373 ὁ
509 1319 638 1379 Θεὸς
682 1318 961 1374 ἐκκόπτειν
1016 1320 1106 1373 τὸν
1168 1317 1458 1394 ἄνθρωπον,
1521 1317 1615 1371 ἵνα
1659 1315 1736 1389 μὴ
1781 1319 1870 1368 και

203 1407 235 1461 ὁ
301 1419 459 1470 σῖτος
518 1405 891 1484 ωνδιαφθαρῇ.
956 1411 1085 1463 Οἷον
1148 1407 1236 1462 ἐὰν
1312 1409 1339 1461 ὁ
1392 1409 1660 1466 Ματθαῖος
1718 1400 1866 1472 ζιζά-

201 1515 326 1549 νιον
385 1495 462 1550 ὢν
515 1493 685 1561 ἐκόπη
731 1493 791 1550 ἐκ
835 1500 934 1560 τῆς
994 1498 1162 1572 ζωῆς,
1241 1494 1562 1559 συνεξεκόπη
1607 1494 1666 1546 ἂν
1725 1491 1866 1561 αὒτῷ

200 1583 300 1637 καὶ
361 1584 388 1637 ὁ
431 1581 648 1652 ὕστερον
691 1582 904 1657 μέλλων
963 1581 1016 1647 ἐξ
1068 1586 1225 1641 αὐτοῦ
1253 1581 1551 1658 βλαστῆσαι
1585 1589 1676 1638 τοῦ
1704 1577 1866 1656 λόγου

202 1684 364 1732 σῖτος
401 1689 413 1700 ·
460 1671 662 1744 ὁμοίως
689 1673 775 1726 καί
804 1674 832 1727 ὁ
866 1670 1091 1741 Παῦλος,
1140 1671 1228 1726 καὶ
1258 1673 1285 1726 ὁ
1315 1670 1518 1747 λῃστής
1550 1693 1562 1706 ·
1598 1672 1740 1725 οὗτοι
1781 1668 1866 1742 γὰρ

205 1759 417 1829 ζιζάνια
474 1758 647 1832 ὄντες,
707 1763 802 1817 οὐκ
859 1758 1212 1832 ἐξεκόπησαν,
1279 1759 1417 1815 ἀλλὰ
1481 1757 1866 1837 συνεχωρήθη-

1955 693 2094 754 tiam
2118 694 2176 754 in
2201 694 2550 762 animam,et
2581 693 2782 753 volunt
2801 691 3059 754 evellere
3081 699 3138 750 et
3159 688 3508 751 exscindere
3533 705 3602 746 ex

1954 784 2066 844 hac
2096 783 2208 843 vita
2255 780 2924 852 haereticos,etmala68
2939 779 3283 857 cogitantes.
3318 777 3605 838 Deusau-

1957 878 2072 930 tem
2105 890 2223 931 non
2271 871 2553 950 permittit
2616 870 2928 931 haareticos
2973 867 3145 929 bellis
3176 866 3469 938 consumi,
3529 883 3602 925 ne

1957 961 2134 1021 simul
2166 961 2466 1038 patiantur
2489 969 2547 1020 et
2569 971 3000 1021 consumantur
3018 956 3481 1036 justi.Similiter
3505 973 3602 1016 ne-

1957 1066 2072 1128 que
2106 1058 2346 1128 propter
2378 1048 2567 1109 malas
2593 1048 2980 1126 cogitationes
3005 1047 3126 1107 vult
3151 1045 3310 1107 Deus
3340 1043 3604 1104 exscindi

1957 1137 2283 1211 hominem,
2345 1155 2421 1197 ne
2480 1145 2536 1196 et
2592 1137 2848 1196 triticum
2909 1136 3083 1196 simul
3135 1143 3601 1211 corrumpatur;

1958 1227 2211 1306 exempli
2243 1225 2520 1304 gratia,si
2542 1225 2854 1286 Matthqu
2885 1223 3118 1284 excisus
3151 1223 3359 1281 fuisset
3391 1239 3460 1281 ex
3494 1221 3604 1280 hac

1950 1315 2086 1393 vita,
2153 1333 2283 1375 cum
2335 1321 2492 1374 esset
2539 1313 2852 1391 zizaninm,
2887 1312 3064 1372 simul
3100 1312 3302 1390 utique
3335 1309 3599 1370 excisum

1949 1402 2156 1463 fuisset
2179 1411 2236 1464 et
2265 1403 2556 1463 sermonis
2576 1401 3124 1480 frumentum,quod
3157 1408 3361 1479 postea
3383 1417 3450 1459 ex
3473 1397 3604 1476 ipso

1949 1494 2238 1552 oriturum
2272 1501 2396 1552 erat
2424 1509 2440 1563 ;
2471 1490 2749 1550 similiter
2772 1499 2830 1551 et
2863 1491 3108 1568 Paulus,
3140 1494 3200 1550 et
3256 1489 3429 1550 latro.
3495 1486 3602 1546 Hi-

1950 1581 2107 1642 enim
2141 1600 2274 1641 cum
2307 1580 2528 1640 zizauia
2560 1586 2782 1652 essent,
2822 1598 2936 1638 non
2969 1587 3106 1638 sunt
3135 1575 3460 1657 exstirpati.
3498 1575 3602 1660 sed

1952 1669 2224 1750 permissi
2249 1678 2387 1730 sunt
2415 1669 2636 1740 vivere,
2674 1677 2738 1728 ut
2763 1676 3062 1730 cresceret
3124 1675 3328 1746 postea
3360 1665 3596 1725 illorum

1953 1757 2401 1819 virtus.Dicitur
2433 1757 2613 1834 igitur
2639 1757 2713 1816 de
2763 1757 2987 1835 angeiis
3033 1759 3190 1835 quod
3223 1756 3280 1813 in
3311 1771 3596 1815 consum-

213 1869 314 1903 σαν
343 1853 458 1922 ζῇν,
528 1847 621 1903 ’ἶνα
683 1848 885 1924 αὐξηθῇ
955 1850 988 1914 ἦ
1045 1849 1178 1921 μετὰ
1235 1855 1397 1904 ταῦτα
1455 1850 1626 1906 αὐτῶν
1682 1845 1864 1920 ἀρετή.

1964 1846 2212 1907 matioue
2246 1855 2382 1905 tunc
2415 1843 2858 1921 cungregabunt
2890 1843 3256 1917 zizania,hoc
3287 1843 3604 1914 θειώδη-ε-

219 1934 374 2011 Δέγει
408 1936 574 1991 τοίνυν
632 1949 751 1999 τοῖς
806 1935 1078 2012 ἀγγέλοις,
1134 1934 1239 2012 ὅτι,
1303 1933 1398 1992 Ἐν
1456 1937 1522 2010 τῇ
1580 1931 1866 2004 συντελείᾳ,

1964 1935 2127 1996 ticos.
2164 1934 2276 1995 Sed
2304 1932 2648 2014 quomodo?
2674 1933 2738 1993 In
2762 1933 3098 2003 fasciculos,
3135 1933 3244 1992 hoc
3271 1939 3381 2002 est,
3411 1928 3603 2006 ligatis

217 2023 342 2078 τότε
419 2022 660 2088 συνάξετε
745 2025 812 2079 τὰ
880 2023 1103 2102 ζιζάνια,
1175 2023 1292 2090 ἤτοι
1378 2024 1498 2086 τοὺς
1557 2019 1868 2100 αἱρετικούς.

222 2109 389 2167 Ἀλλὰ
431 2119 594 2185 πῶςς
673 2114 756 2175 Εἰς
801 2110 1017 2186 δέσμας,
1083 2112 1343 2182 τουτέστι,
1391 2109 1643 2179 δήσαντες
1702 2106 1873 2163 αὐτῶν

1956 2041 2161 2084 eorum
2199 2021 2468 2082 manibus
2499 2031 2556 2082 et
2587 2021 2842 2100 pedibus
2874 2043 2889 2093 ς
2923 2041 3038 2081 non
3071 2021 3228 2080 enim
3266 2028 3404 2079 tunc
3450 2018 3602 2078 ultra

1955 2113 2086 2191 quis
2115 2113 2347 2191 operari
2380 2111 2729 2187 poterit,setl
2777 2112 2968 2170 omnis
3003 2109 3288 2189 operamli
3321 2108 3407 2167 vis
3459 2107 3600 2184 liga-

224 2212 415 2279 χεῖρας
472 2202 559 2256 καὶ
613 2199 778 2264 πόδας
814 2221 828 2234 ⁸
877 2202 969 2256 οὐκ
1012 2199 1087 2254 ἔτι
1151 2202 1250 2277 γὰρ
1303 2199 1513 2255 δύναται
1563 2219 1642 2259 τις
1700 2195 1861 2272 ἐργᾶ-

1964 2201 2123 2263 ήῐυΓ.
2163 2202 2546 2262 Frumentum
2567 2209 2786 2268 autem,
2819 2200 3006 2260 sancti
3042 2198 3337 2276 videlicet,
3374 2215 3408 2257 a
3430 2213 3598 2256 mes-

225 2292 410 2344 σασθαι
478 2289 621 2361 τότε,
669 2288 808 2344 ἀλλὰ
864 2295 1005 2344 πᾶσα
1064 2289 1326 2366 πρακτιιά⁸
1370 2285 1584 2360 δύναμις
1642 2287 1864 2356 δεσμεῖ-ο

389 2368 432 2388 (κ
511 2377 550 2388 Α.
864 2377 888 2388 ιι
1063 2379 1077 2388 ρ
1148 2377 1170 2388 οι
1478 2377 1488 2388 p
1841 2374 1851 2386 ι

1964 2288 2180 2349 toribus
2209 2289 2435 2366 angelis
2466 2288 2927 2365 congregabitur
2949 2289 3017 2347 lin
3064 2288 3326 2349 coelestia
3355 2287 3596 2346 horrea.

223 2398 331 2434 ται.
389 2374 447 2434 ’0
505 2377 560 2432 δὲ
619 2392 795 2448 σῖτος,
858 2377 976 2443 ἤτοι
1035 2379 1080 2432 οἱ
1136 2377 1306 2452 ἅγιοι,
1367 2377 1678 2453 συνάγονται
1726 2374 1866 2450 παρα

224 2471 330 2519 τῶν
387 2465 632 2543 θεριστῶν
688 2464 930 2542 ἀγγέλων
989 2466 1062 2527 είς
1107 2466 1200 2526 τὰς
1247 2464 1512 2541 οὖρανίους
1568 2462 1860 2529 ἀποθήκας.

228 2544 457 2626 Ὀμοίως
513 2554 595 2609 οὖν
653 2556 740 2609 καὶ
799 2557 845 2610 οἱ
904 2555 1123 2630 πονηροὶ
1188 2551 1434 2629 λογισμοὶ
1481 2551 1569 2614 οὒς
1627 2551 1783 2628 εἶχεν
1841 2553 1868 2604 ὁ

226 2641 432 2705 Παῦλος
516 2641 642 2698 ὅταν
713 2640 946 2714 ἒδίωκεν,
1044 2642 1340 2707 ἐκαύθησαν
1407 2646 1485 2714 τῷ
1560 2640 1680 2715 πυρὶ
1782 2644 1872 2692 τοῦ

229 2738 476 2807 Χριστοῦ,
524 2733 551 2782 ὃ
607 2729 735 2798 ἦλθε
791 2730 979 2807 βαλεῖν
1030 2730 1115 2786 ἐπὶ
1157 2730 1252 2796 τῆς
1315 2734 1442 2807 γῆς,
1498 2731 1525 2784 ὁ
1584 2725 1639 2782 δὲ
1695 2739 1870 2796 σῖτος,

224 2818 342 2885 ἦτοι
393 2821 440 2874 οἱ
498 2820 681 2896 ἀγαθοὶ
742 2818 1011 2896 λογισμοὶ,
1045 2820 1388 2898 συνήχθησαν
1421 2819 1492 2872 εἷς
1521 2817 1613 2879 τὰς
1663 2815 1872 2882 ἀποθή-

219 2929 319 2972 κας
349 2913 448 2974 τῆς
480 2906 495 2930 ’
507 2907 825 2974 Εκκλησίας.

309 3019 334 3054 α
386 2987 605 3064 ’Ἄλλην
675 2996 980 3076 παραϐολὴν
1039 2998 1333 3076 παρέθηκεν
1391 2999 1573 3060 αὐτοῖς
1649 2996 1815 3073 λέγων
1849 3012 1859 3022 ·

1950 2377 2132 2456 Igitur
2164 2377 2446 2438 similiter
2501 2377 2670 2437 malae
2743 2377 3133 2451 cogitationes
3196 2393 3343 2454 quas
3398 2372 3606 2433 habuit

1951 2465 2188 2538 Paulus,
2246 2467 2480 2544 quando
2515 2466 3007 2545 persequebatur,
3056 2475 3280 2525 exustae
3312 2471 3450 2523 sunt
3485 2462 3582 2538 ign

1951 2553 2185 2628 Christi,
2219 2573 2394 2632 quem
2427 2554 2583 2613 venit
2613 2555 2671 2615 in
2704 2563 2918 2615 terram
2956 2552 3606 2620 mittere:lrumentuml

1954 2653 2174 2716 autem,
2209 2642 2266 2701 id
2299 2653 2412 2719 est,
2449 2644 2618 2703 bona:
2634 2643 3049 2724 cogitationes,
3073 2651 3442 2721 congregatae
3469 2649 3609 2700 sunt

1959 2733 2016 2792 in
2046 2731 2259 2792 horrea
2294 2731 2603 2792 Ecclesiae.

2033 2994 2216 3057 Vens.
2251 2997 2353 3070 3t,
2389 2995 2489 3056 32.
2533 3020 2558 3050 α
2597 2995 2788 3058 Aliam
2824 2997 3166 3075 parabolam
3224 2996 3439 3075 adjecit
3496 2996 3604 3074 eis,

221 3079 415 3161 Ὀμοία
469 3087 606 3142 ἐστὶν
660 3089 694 3154 ἡ
751 3085 995 3162 βασιλεια
1052 3092 1160 3142 τῶν
1217 3085 1450 3164 οὗρανῶν
1507 3084 1689 3156 κόκκῳ
1717 3083 1866 3138 σινά-

1964 3084 2182 3145 dicens:
2215 3083 2426 3145 Simile
2445 3093 2533 3144 est
2564 3102 2812 3163 regnum
2841 3086 3128 3147 caelorum
3153 3102 3334 3163 grano
3361 3083 3607 3162 sinapis,

218 3195 393 3242 πεως,
459 3175 516 3229 ὃν
601 3171 777 3230 λαϐὼν
830 3173 1100 3241 ἅνθρωπος
1181 3173 1421 3250 ἔσπειρεν
1479 3172 1532 3228 ἐν
1588 3179 1666 3246 τῷ
1725 3174 1872 3250 σγρῷ

1964 3173 2114 3253 quod
2146 3172 2372 3250 accepit
2425 3174 2625 3246 homo,
2688 3192 2746 3233 et
2786 3174 3082 3254 seminam
3163 3193 3197 3232 n
3276 3190 3416 3250 agro
3477 3190 3614 3231 suoo

220 3263 383 3318 αὒτοῦ
419 3277 431 3291 ’
494 3263 530 3358 ὃ.
575 3261 883 3340 μικρότερον
941 3261 1035 3335 μέν
1094 3261 1234 3317 ἐστιν
1284 3249 1499 3318 πάντων
1565 3267 1673 3315 τῶν
1716 3249 1873 3336 σπερ-

281 3351 292 3358 .
493 3340 506 3358 ι
731 3347 770 3358 -.
878 3348 927 3358 ..
977 3353 1030 3358 -_
1191 3351 1218 3358 μ
1425 3351 1434 3358 .
1653 3355 1675 3358 _
1772 3347 1789 3358 ς

1964 3249 2116 3343 quod
2171 3249 2480 3322 minimum
2511 3263 2750 3343 quidem
2783 3274 2872 3325 est
2928 3249 3194 3324 omnium
3251 3249 3544 3322 seminum
3589 3280 3604 3334 ;

219 3351 430 3424 μάτων.
493 3340 668 3407 ΗΟταν
726 3347 780 3404 δὲ
838 3348 1060 3429 αὐξηθῇ,
1121 3351 1310 3424 μεῖζον
1367 3351 1582 3406 πάντων
1610 3355 1713 3404 τῶν
1772 3347 1873 3403 λα-

1967 3340 2201 3431 quando
2231 3359 2428 3411 autem
2465 3340 2739 3427 creverit,
2767 3354 3090 3414 maximum
3122 3361 3210 3413 est
3240 3353 3394 3411 inter
3423 3349 3610 3422 olera,

217 3439 412 3518 χάνων
469 3437 599 3511 ἐστὶ,
660 3441 749 3494 καὶ
813 3441 1015 3514 γίνεται
1083 3437 1308 3517 δένδρον,
1388 3439 1522 3495 ὥστε
1596 3437 1769 3493 ἐλθεῖν
1822 3445 1873 3498 τε

1971 3453 2030 3501 et
2059 3440 2122 3499 ﬁt
2151 3438 2508 3510 arbor,adeo
2541 3450 2604 3502 ut
2631 3443 2872 3502 veniant
2896 3444 3164 3504 volucres
3186 3440 3411 3512 cmli,et
3445 3439 3614 3498 nidu-

221 3528 443 3583 πετεινὰ
484 3534 576 3583 τοῦ
628 3529 847 3606 οὐρανοῦ
888 3527 976 3582 καὶ
1033 3529 1398 3592 κατασκηνοῦν
1457 3526 1510 3580 ἐν
1571 3539 1692 3587 τοῖς
1752 3523 1873 3580 κλά·

1973 3530 2169 3589 lentur
2198 3527 2258 3586 in
2291 3531 2471 3589 ramis
2506 3529 2682 3592 illius.
2697 3553 2720 3588 ι
2734 3530 2993 3593 Granum
3018 3526 3613 3609 sinapis,praadicatio

226 3613 336 3676 δοις
368 3614 547 3672 αὐτοῦ.
589 3637 612 3666 ι)
680 3615 881 3678 Κόκκος
934 3614 1216 3678 σινάπεως.
1267 3616 1328 3669 τὸ
1371 3615 1638 3692 κήρυγμα,
1685 3614 1772 3668 καὶ
1827 3613 1872 3668 οἱ

1965 3625 2074 3688 est,
2114 3625 2166 3675 et
2202 3617 2478 3696 apostoli:
2517 3619 2685 3697 pauci
2719 3619 2878 3680 enim
2925 3620 3197 3680 videntur
3223 3619 3304 3690 hi,
3342 3625 3401 3677 et
3427 3625 3610 3676 totum

227 3700 515 3758 ἀπόστολοι
551 3718 564 3731 ⁸
600 3701 768 3780 ὀλίγοι
825 3703 924 3779 γὰρ
965 3701 1241 3764 δοκοῦντες
1303 3703 1468 3769 οὗτοι,
1501 3703 1598 3768 τὴν
1628 3701 1873 3761 οἰκουμέ-

1964 3711 2168 3769 orbem
2199 3721 2666 3790 occupaverunt,
2717 3723 2895 3792 atque
2925 3713 3028 3780 ita,
3063 3721 3126 3771 ut
3161 3708 3414 3770 volatilia
3457 3707 3609 3778 coeli,

229 3813 327 3856 νην
357 3788 485 3856 ὅλην
543 3788 853 3868 περιέλαϐον
884 3808 902 3826 ⁶
959 3790 1096 3846 ὥστε
1148 3793 1211 3846 τὰ
1245 3793 1459 3847 πετεινὰ
1501 3798 1594 3846 τοῦ
1637 3792 1873 3872 οὗρανοῡ³

1970 3797 2078 3856 hoc
2103 3806 2211 3870 est,
2246 3798 2346 3876 qui
2378 3799 2566 3859 levem
2601 3788 2660 3860 et
2693 3788 2906 3861 alatam
2938 3801 3009 3860 ad
3061 3797 3321 3860 caelestia
3355 3805 3612 3857 mentem

227 3878 484 3948 τουτέστι,
545 3879 666 3942 τοὺς
723 3880 924 3956 κούφην
994 3880 1081 3934 καὶ
1128 3880 1402 3958 πτερωτὴν
1473 3880 1603 3956 πρὸς
1663 3879 1728 3934 τὰ
1780 3877 1873 3931 ἇνιι

1970 3885 2211 3956 habent,
2246 3887 2304 3946 in
2338 3886 2424 3946 eis
2477 3889 2807 3968 quiescant.
2844 3889 2913 3949 Et
2943 3899 3002 3950 tu
3051 3905 3286 3968 quoque
3317 3895 3442 3947 esto
3475 3902 3613 3962 gra-

227 3965 451 4046 ἔχοντας
495 3967 740 4043 γνώμην,
835 3968 1187 4024 ἀναπαύεσθαι
1269 3967 1322 4022 ἐν
1400 3970 1610 4030 αὐτοῖς.
1672 3967 1768 4024 Καὶ
1821 3967 1873 4020 σὲ

1967 3993 2108 4034 num
2141 3975 2387 4052 sinapis,
2425 3965 2584 4056 quod
2623 3996 2862 4054 parvum
2910 3965 3149 4058 quidem
3190 3965 3450 4035 videtur.
3487 3972 3612 4034 Non

223 4055 395 4110 τοίνυν
439 4055 527 4111 ἕσο
560 4076 754 4119 κοκκος
805 4056 1094 4134 σινάπεως,
1141 4059 1329 4135 μικρὸς
1385 4057 1481 4130 μὲν
1532 4058 1592 4111 τὸ
1623 4075 1873 4135 φαινομέ-

1966 4062 2125 4122 enim
2157 4072 2391 4140 oportet
2426 4055 2702 4125 virtutem
2726 4055 2978 4143 jactare,
3045 4067 3149 4126 sed
3211 4064 3497 4124 fervidum
3551 4079 3619 4122 se

221 4166 311 4200 νον
378 4143 462 4222 (οὐ
520 4143 622 4220 γὰρ
681 4141 764 4199 δεῖ
812 4145 1097 4222 θεατρίζειν
1143 4146 1237 4210 τὴν
1299 4144 1540 4223 ἀρετὴν),
1599 4144 1789 4222 Θερμὸς
1830 4141 1873 4197 δὲ

1975 4150 2243 4228 praebere
2267 4161 2324 4211 et
2349 4141 2882 4230 provocativum,et
2911 4170 3146 4214 austere
3177 4149 3617 4231 reprehenden-

221 4233 314 4287 καὶ
358 4230 611 4302 ζηλωτὴς
670 4233 757 4287 καὶ
817 4229 1000 4307 δριμὺς
1074 4254 1164 4288 και
1224 4231 1532 4309 ἐλεγτικός’
1599 4231 1735 4288 οὕτω
1790 4232 1873 4306 γὰξ

1971 4246 2113 4298 tem.
2150 4237 2246 4299 Sic
2301 4229 2459 4300 enim
2515 4242 2634 4301 eris
2693 4243 2984 4302 maximus
3015 4243 3169 4302 inter
3197 4229 3384 4320 olera,
3410 4240 3466 4299 id
3501 4245 3611 4310 est,

221 4322 434 4398 γενήσῃ
498 4320 689 4394 μείζων
745 4326 848 4376 τῶν
893 4319 1174 4398 λαχάνων,
1235 4320 1496 4392 τουτέστι,
1529 4326 1633 4374 τῶν
1661 4320 1873 4374 ἀσθενεῖ»

1974 4326 2269 4404 perfectus
2299 4329 2452 4388 inter
2484 4329 2756 4390 inﬁrmos
2786 4338 2844 4390 et
2877 4330 3275 4409 imperfectos,
3311 4319 3390 4388 ita
3420 4337 3481 4387 ut
3513 4343 3613 4386 vo-

218 4410 312 4464 καὶ
370 4409 430 4463 οὒ
496 4405 730 4477 τελείων,
813 4406 1014 4469 τέλειος
1107 4411 1257 4473 α’)τὸς
1321 4409 1419 4485 ὣν,
1485 4408 1621 4464 ὥστε
1675 4408 1765 4462 καὶ
1822 4408 1873 4460 τὲ

1970 4415 2154 4473 latilia
2186 4415 2344 4486 caeli,
2382 4417 2498 4477 hoc
2531 4427 2640 4495 est,
2682 4419 2902 4498 angeli,
2937 4405 3202 4479 habitent
3232 4419 3287 4476 in
3319 4424 3398 4489 te,
3432 4433 3614 4491 ange-

221 4495 449 4550 πετεινὰ
515 4503 606 4552 τοῦ
672 4498 911 4573 οὐρανοῦ,
973 4495 1235 4574 τουτέστι,
1291 4496 1413 4558 τοὺς
1472 4493 1752 4573 ἀγγέλους,
1834 4493 1873 4550 ἐκ

1971 4503 2143 4563 licam
2179 4503 2430 4565 ducente
2458 4493 2654 4566 vitam.
2693 4493 2958 4569 Ca‘ude'nt
2990 4507 3146 4567 enim
3187 4506 3271 4565 illi
3305 4505 3362 4564 in
3414 4503 3614 4583 justis.

224 4585 311 4638 σοὶ
393 4582 743 4638 ἀναπαύεσθαι
815 4583 1105 4659 ἀγγελικὴν
1177 4591 1334 4653 ζωντι
1385 4586 1548 4653 ζωήν,
1640 4582 1887 4659 Χαίροδσι

225 4672 331 4748 γὰρ
363 4671 450 4725 καὶ
480 4670 618 4725 οὗτοι
649 4670 734 4725 ἐπὶ
764 4684 883 4734 τοῖς
915 4670 1157 4735 δικαίοις.

317 4777 346 4815 ι
383 4747 600 4825 ’Ἄλλην
633 4755 946 4836 παραϐολὴν
980 4759 1238 4825 ἐλάλησεν
1262 4765 1444 4822 αὐτοῖς
1480 4778 1496 4794 ⁸
1534 4750 1724 4831 Ὀμοία
1747 4757 1889 4818 ἐστὶν

225 4847 261 4913 ἡ
322 4845 564 4921 βασιλεία
627 4853 734 4901 τῶν
804 4847 1037 4924 οὐρανῶν
1108 4849 1274 4927 ζύμῃ,
1351 4849 1416 4916 ἣν
1476 4845 1708 4904 λαϐοῦσα
1758 4847 1890 4922 γυνή

226 4933 454 5012 ἔκρυψεν
514 4937 588 4998 εἷς
646 4933 866 5011 ἀλεύρου
925 4936 1055 4990 σάτα
1135 4938 1274 5013 τρία,
1367 4936 1468 4999 ἕως
1528 4937 1588 4992 οὗ
1651 4934 1888 5008 ἐζυμώθη

230 5021 386 5080 ὅλον.
451 5040 479 5079 )
542 5023 718 5097 Ζύμην
773 5023 892 5083 τοὺς
953 5022 1275 5086 ἀποστόλους
1340 5023 1506 5098 λέγει,
1568 5023 1746 5098 ὥσπερ
1799 5027 1886 5082 καὶ

230 5111 430 5166 κόκκον
480 5111 766 5172 σινάπεως.
837 5100 1058 5189 ’Ὠσπερ
1119 5113 1206 5168 οὖν
1264 5115 1296 5180 ἡ
1348 5114 1510 5187 ζύμη,
1545 5111 1704 5186 μικρὰ
1730 5109 1880 5189 οὖσα,

227 5197 352 5253 ὅλον
394 5200 458 5253 τὸ
514 5196 729 5276 ἄλευρον
816 5199 884 5260 εἷς
960 5199 1150 5266 ἑαυτὴν
1225 5214 1528 5277 μεταποιεῖ,
1589 5198 1723 5254 οὕτω
1799 5197 1885 5253 καὶ

229 5289 386 5361 ὒμεϊς
473 5284 595 5342 ὅλον
677 5288 764 5342 τὸν
822 5286 1020 5362 κόσμον
1089 5289 1498 5368 μεταποιὴσετε,
1576 5286 1672 5343 κᾶν
1717 5285 1887 5362 ὀλίγοι

223 5374 368 5434 ἱστέ.
440 5375 608 5430 Σάτον
654 5373 732 5454 δὲ,
793 5375 982 5452 μέτρον
1039 5397 1089 5431 τι
1135 5378 1200 5444 ἦν
1247 5380 1388 5456 παρὰ
1416 5391 1534 5442 τοῖς
1597 5373 1884 5445 Ἰουδαίοις,

227 5464 407 5540 ὥσπερ
466 5465 555 5519 καὶ
617 5464 783 5537 ἡμεῖς
842 5461 1070 5542 ἔχομεν,
1127 5463 1289 5545 λόγου
1330 5469 1516 5546 χάριν,
1576 5465 1816 5544 χοίνικας
1848 5464 1882 5530 ἢ

225 5549 531 5627 δεκάλιτρα.
568 5551 720 5614 Τινὲς
776 5550 831 5606 δὲ
887 5550 1057 5625 ζύμην
1113 5562 1290 5610 νοοῦσι
1322 5557 1383 5610 τὸ
1410 5557 1661 5633 κηρυγμα
1699 5571 1710 5584 ·
1765 5552 1879 5627 τρία

223 5637 281 5695 δὲ
337 5638 495 5712 σάτα,
569 5640 663 5703 τὰς
719 5653 865 5718 τρεῖς
910 5641 1006 5707 τῆς
1057 5645 1244 5722 ψυχῆς
1307 5641 1576 5716 δυνάμεις,
1635 5639 1872 5718 λογικὸν,

219 5727 442 5802 θυμικὸν
495 5728 581 5782 καὶ
635 5726 1012 5805 ἕπιθυμητικόν
1043 5743 1058 5759 ⁸
1114 5745 1340 5808 γυναῖκα
1383 5730 1463 5806 δὲ,
1525 5731 1623 5799 τὴν
1664 5727 1870 5808 ψυχὴν,

2054 4759 2582 4821 VERS.33.¢Allam
2609 4762 2952 4842 parabolam
2983 4763 3131 4826 dixit
3161 4762 3271 4823 eis:
3299 4759 3504 4822 Simile
3531 4767 3620 4819 est

1971 4862 2218 4924 regnum
2255 4849 2539 4908 caelorum
2573 4849 3039 4932 fermentoquod
3073 4861 3379 4930 acceptum
3409 4847 3623 4908 mulier

1972 4933 2279 4994 abscondit
2311 4937 2368 4995 in
2403 4937 2604 4998 farinae
2633 4941 2776 5001 satis
2821 4942 3034 5014 tribus,
3071 4942 3261 5000 donec
3290 4938 3616 4997 fermenta-

1972 5031 2093 5082 tum
2125 5032 2214 5084 est
2248 5032 2494 5085 totum.»
2535 5028 2916 5090 Fermentum
2940 5031 3082 5091 dicit
3113 5028 3436 5108 apostolos,
3466 5023 3623 5084 sicut

1968 5120 2024 5170 et
2053 5129 2297 5186 granum
2357 5113 2606 5194 sinapis.
2643 5116 2804 5178 Sicut
2854 5119 3011 5180 enim
3071 5118 3450 5181 fermentum.
3485 5131 3618 5172 cum

1970 5218 2210 5276 parvum
2241 5205 2336 5279 sit,
2371 5211 2552 5263 totas:
2605 5205 2854 5266 farinam
2913 5207 2972 5266 in
3004 5225 3066 5267 se
3099 5203 3400 5282 transfert,
3452 5202 3534 5261 sic
3566 5208 3624 5260 et
3684 5196 3686 5198 ’

1972 5305 2073 5346 vos
2107 5295 2292 5350 totum
2328 5291 2613 5352 mundum
2643 5293 3162 5358 transformabitis.
3192 5292 3424 5354 tametsi
3451 5288 3620 5366 pauci

1971 5375 2332 5438 sitis.Salum
2363 5390 2559 5441 autem
2597 5392 2722 5442 erat
2770 5401 3052 5445 mensura
3085 5380 3500 5455 Hebrazorum,
3533 5376 3622 5437 si-

1973 5474 2070 5524 cut
2099 5466 2253 5544 apud
2288 5486 2393 5527 nos
2422 5477 2532 5540 est,
2572 5478 2635 5530 ut
2663 5471 2922 5551 exempli
2952 5491 3131 5532 causa
3158 5468 3380 5540 dicam,
3415 5466 3630 5526 modus

1966 5552 2056 5613 vel
2085 5553 2373 5616 decalitra
2403 5556 2601 5637 Aliqui
2634 5567 2830 5622 autem
2865 5579 2970 5641 per
3000 5562 3367 5621 fermentum
3400 5553 3630 5616 intelli-

1961 5649 2106 5730 gunt
2128 5643 2610 5721 praedicationem
2623 5668 2753 5730 ;per
2777 5650 2889 5714 tria
2904 5659 3101 5712 autem
3123 5655 3256 5709 sata
3271 5653 3396 5706 tres
3412 5642 3629 5730 animae

1959 5728 2136 5805 vires,
2168 5733 2542 5809 rationalem,
2580 5728 3110 5822 concupiscibilem
3138 5743 3195 5796 et
3219 5729 3584 5794 irascibilem
3612 5749 3625 5798 ;
