4122 6270
298 296 421 369 297
940 302 1384 377 ENARRATIO
1425 313 1508 376 IN
1552 311 2060 376 EVANGELIUM
2109 308 2511 374 MATTH/EI.
2560 344 2638 355 —
2682 311 2848 373 CAP.
2884 312 3045 376 XIV.
3554 314 3675 379 298

295 437 464 511 εἶναι,
528 437 613 497 διὰ
670 447 836 497 ταῦτα
886 446 1010 518 γοῦν
1066 441 1366 521 ἀναχωρεῖ.
1430 445 1516 508 Εἷς
1546 441 1744 521 ἔρημον
1773 441 1827 499 δὲ
1856 443 1943 499 τό·

2032 438 2262 501 habitus
2283 439 2490 501 fuisset
2522 440 2870 520 phantasma
2894 454 3046 517 esse,
3086 450 3141 503 et
3169 454 3485 523 eapropter
3514 463 3679 507 sece-

295 547 396 584 πον
446 527 569 585 κατ’
624 526 778 603 ἰδίαν,
876 529 969 588 ἵνα
1051 534 1494 611 θαυματουργήσῃ
1550 534 1611 589 τὸ
1681 533 1765 589 ἐπὶ
1820 546 1939 597 τοῖς

2032 528 2129 591 dit.
2169 529 2231 589 In
2261 530 2564 591 desertum
2596 539 2795 591 autem
2818 530 3011 592 locum
3046 533 3675 607 seorsum,utmiracu-

296 613 476 694 ἂρτοις
507 620 703 694 θαῦμα.

2032 617 2142 679 lum
2167 618 2316 680 illud
2350 619 2422 679 de
2456 617 2707 698 panibus
2739 629 3111 697 operaretur.

390 815 417 849 ε
493 794 590 852 Καὶ
638 794 957 861 ἀκούσαντες
1039 800 1086 853 οἱ
1152 796 1332 879 ὄχλοι,
1394 799 1751 869 ἠκολούθηστν
1799 801 1941 873 αὒτῷ

2107 797 2285 859 Vens.
2326 796 2419 875 13,
2454 797 2543 858 14.
2588 800 2691 858 «Et
2717 813 2851 855 cum
2882 797 3193 858 audissent
3222 800 3429 872 turbae,
3455 811 3675 867 secutae

304 887 440 971 πεζῇ
509 882 616 941 ἀπὸ
684 891 790 941 τῶν
828 884 1058 945 πόλεων.
1102 890 1201 946 Καὶ
1246 888 1466 955 ἆξελθὼν
1495 893 1523 947 6
1568 890 1794 969 Ἰησοῦς,
1829 888 1941 946 εἶδε

2032 893 2160 945 sunt
2182 903 2315 945 eum
2350 884 2562 944 itinere
2586 882 2843 963 pedestri
2864 884 3091 957 relictis
3116 886 3460 952 urbibus.Et
3481 910 3675 971 egres-

306 969 470 1027 πολὺν
541 971 732 1053 ὄχλον,
795 975 881 1031 καὶ
910 974 1311 1057 ὶσπλαγχνίσθη
1355 976 1439 1036 ἐπ’
1469 981 1674 1054 αὐτοῖς,
1706 980 1795 1036 καὶ
1824 978 1940 1035 ἑθε-

2032 992 2126 1033 sus
2169 972 2343 1035 Jesus
2384 972 2527 1031 vidit
2573 973 2812 1031 multam
2864 973 3118 1054 turbam,
3151 984 3210 1036 et
3237 969 3553 1042 miseratus
3584 985 3674 1044 74

308 1061 531 1138 ράπευσε
583 1062 704 1126 τοὺς
789 1062 1086 1142 ἂῤῥώστους
1136 1068 1328 1130 αὐτῶν,
1418 1092 1445 1125 ι
1507 1070 1687 1126 Πίστιν
1744 1068 1941 1125 mea-

2032 1061 2211 1134 iilam,
2244 1060 2470 1121 sanavit
2503 1060 2772 1120 inﬁrmos
2802 1060 3062 1123 illorum.
3104 1090 3126 1121 υ
3166 1062 3373 1126 Fidem
3407 1068 3673 1134 indicant

310 1171 481 1209 νυνται
556 1154 603 1208 οἱ
658 1150 837 1231 ὄχλοι,
897 1152 1030 1211 ὅπου
1084 1176 1145 1234 γε
1220 1158 1306 1213 καὶ
1361 1157 1722 1238 ἀναχωροῦντι
1774 1180 1943 1237 προσ-

2032 1149 2239 1228 turhaa,
2278 1150 2433 1210 unde
2457 1157 2513 1238 et
2542 1149 2613 1209 ad
2647 1148 3027 1238 secedentem
3060 1161 3399 1234 accurrunt,
3433 1164 3492 1219 et
3538 1159 3673 1222 ideo

310 1240 558 1320 τρέχουσι
643 1246 720 1315 τῷ
803 1240 1001 1311 Ἰησοῦ.
1089 1248 1184 1305 Διὸ
1272 1250 1459 1323 μισθὸν
1539 1254 1637 1316 τῆς
1721 1250 1946 1312 πίστεως

307 1329 610 1405 κομίζονται
669 1332 764 1395 τὰς
820 1334 1004 1410 ἰάσεις,
1064 1333 1202 1392 ἀλλὰ
1255 1338 1342 1393 καὶ
1397 1338 1456 1393 τὸ
1527 1343 1661 1414 πεζῇ
1716 1338 1946 1395 ἀκολου-

305 1421 488 1493 θῆσαι,
522 1420 610 1475 καὶ
639 1422 699 1476 τὸ
729 1422 894 1500 χωρὶς
922 1423 1139 1503 τροφῆς,
1172 1425 1345 1481 πάντα
1368 1433 1531 1484 ταῦτα
1561 1428 1808 1491 πίστεως.

395 1525 423 1565 ι
470 1505 659 1581 Ὀψίας
716 1507 771 1565 δὲ
818 1512 1134 1593 γενομένης,
1181 1514 1481 1593 προσῆλθον
1511 1516 1651 1589 αὖτῷ
1682 1518 1727 1570 οἱ
1766 1519 1947 1591 μαθη-

306 1596 391 1651 ταὶ
449 1597 630 1669 αὐτοῦ,
664 1596 931 1675 λέγοντες·
967 1590 1389 1679 ’Ἑρημοςτέστιν
1446 1607 1474 1660 6
1502 1605 1687 1676 τόπος,
1760 1590 1849 1661 καὶ
1914 1607 1947 1671 ἡ

309 1683 420 1762 ὥρα
462 1683 566 1754 ἢδη
597 1687 885 1763 παρῆλθεν·
932 1689 1197 1748 ἀπόλυσον
1232 1694 1351 1755 τοὺς
1395 1692 1616 1773 ὄχλους,
1655 1693 1746 1751 ἵνα
1776 1693 1948 1750 ἀπελ-

310 1774 489 1859 θόντες
559 1776 631 1840 εἰς
683 1776 776 1841 τὰς
832 1778 1043 1859 κώμας,
1077 1780 1407 1858 ἀγοράσωσιν
1432 1782 1641 1845 ἑαυτοῖς
1670 1783 1946 1859 βρὼματα,

313 1854 368 1920 Ὀ
428 1860 481 1918 δὲ
543 1860 749 1930 Ἰησοῦς
824 1866 980 1923 εἶπεν
1026 1854 1039 1859 ”
1075 1854 1280 1933 αὗτοϊς·
1344 1869 1416 1927 Οὔ
1470 1854 1679 1950 χρείαν-
1706 1854 1950 1950 ’ἔχουσιν

309 1951 595 2009 ἀπελθεῖν*
665 1950 780 2011 δότε
838 1956 1020 2021 αὐτοῖς
1062 1958 1216 2025 ὑμεῖς
1245 1971 1459 2038 φαγεῖν.
1501 1980 1524 2017 ε
1584 1958 1950 2039 Φιλάνθρωποί

309 2043 438 2097 εἰσιν
505 2044 552 2097 οἰ
619 2045 870 2123 μαθηταὶ,
930 2043 1178 2115 κήδονται
1236 2048 1333 2124 γὰρ
1363 2056 1454 2105 τοῦ
1502 2048 1691 2129 ὄχλου,
1738 2051 1825 2106 καὶ
1866 2048 1949 2105 διὰ

308 2136 462 2185 τοῦτο
521 2133 581 2188 οὗ
645 2129 847 2187 θέλουσι
922 2134 1131 2203 νήστεις
1188 2134 1375 2198 αὐτοὺς
1434 2137 1601 2200 εἶναι.
1669 2141 1728 2196 Τί
1783 2138 1872 2193 οὖν
1924 2141 1951 2194 6

312 2220 502 2289 Σωτὴρ
550 2239 565 2295 ς
603 2227 754 2295 Δότε,
787 2224 969 2302 φησὶν,
1032 2224 1215 2286 αὐτοῖς
1248 2225 1400 2299 ὑμεῖς
1445 2239 1659 2306 φαγεῖν.
1708 2236 1871 2285 Τοῦτο
1897 2226 1950 2283 δὲ

314 2305 477 2383 λέγει,
536 2309 637 2387 οὐχ
702 2310 772 2373 ὡς
827 2308 1032 2387 ἀγνοῶν
1060 2310 1193 2379 ὅσην
1237 2314 1417 2368 πενίαν
1448 2305 1607 2394 εἶχον
1639 2318 1685 2372 οἱ
1713 2316 1953 2373 ἀπόστο-

315 2392 419 2468 λοι,
478 2392 676 2476 ἄπαγε,
735 2395 855 2453 ἀλλ’
899 2397 990 2455 ’ἕνα
1020 2400 1274 2457 εἰπόντων
1305 2392 1545 2478 ἐκείνων,
1570 2403 1650 2459 δτι
1681 2403 1787 2460 Οὐκ
1817 2404 1953 2483 ἔχο-

316 2504 435 2562 μεν’
492 2480 617 2559 δόξῃ
688 2483 740 2551 δε
793 2486 1030 2564 ἀνάγκης
1087 2486 1260 2547 ὶλθεϊν
1317 2489 1402 2547 ἰπὶ
1457 2492 1518 2547 τὸ
1546 2480 1951 2572 θωματουργ-ἦ-

317 2592 428 2646 σαι,
458 2574 551 2629 καί
582 2575 640 2631 οὗ
668 2576 804 2630 κατὰ
831 2573 1147 2655 φιλοδοξίαν.

404 2682 431 2717 ε
490 2663 550 2719 Oi
602 2660 656 2718 δὲ
686 2662 926 2741 λέγουσιν
981 2665 1144 2741 ωὸτῷ·
1221 2666 1327 2747 Οὔκ
1384 2666 1582 2747 ἔχομεν
1646 2667 1769 2746 ὧδε,
1802 2672 1953 2746 εἰμὴ

323 2749 471 2806 πέντ’
520 2750 727 2830 ἃἔπαυς’
762 2755 848 2810 καὶ
903 2752 991 2811 δύο
1048 2757 1255 2835 ἰχθύας.
1309 2746 1366 2813 Ὀ
1416 2746 1490 2814 δὲ
1550 2758 1699 2815 εἰπε·
1759 2760 1951 2833 Φέρετὲ

316 2862 402 2914 μοι
481 2842 668 2905 αὐτοὺς
721 2839 845 2904 ὧδε.
907 2844 1004 2902 Καὶ
1035 2844 1286 2910 κελεύσας
1318 2845 1438 2910 τοὺς
1484 2845 1682 2926 ’ὃχλευς
1725 2846 1947 2904 ἀνακλι-

311 2931 464 2995 θῆναι
522 2929 609 2987 ἰπὶ
676 2933 796 2994 τοὺς
854 2930 1104 3011 χόρτους,
1152 2932 1327 2991 λαϐὼν
1377 2937 1497 3000 τοὺς
1558 2936 1715 2993 πέντε
1764 2936 1948 3016 ἂρτους

307 3018 393 3074 καὶ
444 3020 566 3083 τοὺς
638 3017 725 3076 δύο
781 3022 987 3100 ἰχθύας,
1046 3021 1347 3098 ἀναϐλέψας
1391 3026 1462 3088 εἰς
1492 3027 1581 3082 τὸν
1614 3026 1830 3103 οὖρανὸν
1862 3030 1944 3084 εὖ·

2031 1239 2369 1317 sanitatem,
2394 1237 2534 1299 ﬁdei
2562 1237 2911 1327 mercedem
2944 1238 3398 1319 deportantzsed
3430 1253 3488 1306 et
3516 1249 3674 1327 quod

2034 1327 2291 1406 pedestri
2314 1327 2531 1387 itinere
2556 1326 2927 1407 incedunt,et
2946 1328 3114 1407 quod
3148 1329 3373 1411 absque
3395 1326 3549 1396 cibis
3567 1355 3673 1399 ve-

2031 1414 2221 1487 niunt,
2256 1415 2394 1475 ﬁdei
2426 1415 2593 1491 signa
2609 1424 2767 1474 sunt.

2113 1502 2294 1565 Vens.
2338 1505 2436 1579 15,
2470 1505 2559 1564 16.
2604 1528 2631 1558 α
2660 1502 2835 1564 Facta
2863 1513 3059 1565 autem
3094 1525 3359 1589 vespera,
3394 1514 3670 1576 acceSse-

2030 1602 2169 1653 runt
2200 1593 2272 1654 ad
2304 1612 2437 1653 eum
2471 1592 2745 1671 discipuli
2791 1593 3002 1672 ipsius,
3039 1596 3307 1659 dicentes
3342 1619 3354 1660 :
3390 1602 3673 1665 Desertus

2034 1690 2122 1742 est
2153 1682 2338 1754 locus,
2374 1689 2431 1741 et
2461 1682 2603 1741 liora
2625 1681 2749 1759 jam
2774 1682 3056 1760 praeteriit
3088 1704 3101 1742 :
3130 1684 3361 1747 dimitte
3392 1690 3592 1752 turbas
3611 1702 3674 1754 ut

2033 1771 2250 1831 abeant
2277 1770 2338 1829 in
2371 1769 2617 1843 vicos,et
2648 1780 2844 1829 emant
2883 1771 2995 1831 sibi
3025 1773 3355 1837 cibaria.At
3384 1777 3503 1841 illis
3526 1780 3674 1842 dixit

2032 1858 2357 1922 Jesus:Non
2393 1867 2481 1919 est
2509 1858 2624 1919 illis
2659 1878 2904 1920 necesse
2937 1868 2997 1920 ut
3018 1862 3253 1936 abeant,
3280 1864 3411 1926 date
3432 1868 3552 1929 illis
3573 1889 3673 1931 vos

2034 1948 2189 2028 quod
2222 1950 2422 2010 edant.
2460 1973 2485 2003 ι
2517 1948 2927 2009 Misericordes
2956 1959 3093 2010 sunt
3124 1950 3422 2030 discipuli.
3458 1958 3671 2020 Curam

2034 2037 2191 2097 enim
2226 2044 2439 2127 gerunt
2469 2036 2676 2127 turbae,
2709 2045 2766 2096 et
2798 2046 3111 2127 propterea
3132 2042 3337 2102 nolunt
3366 2062 3495 2105 eam
3521 2049 3673 2127 jeju-

2036 2144 2171 2186 nam
2204 2144 2359 2188 esse.
2392 2124 2543 2197 Quid
2595 2126 2770 2215 igitur
2804 2126 3098 2187 Salmtor?
3127 2128 3290 2209 Date,
3327 2131 3539 2215 inquit,
3574 2124 3673 2197 ros

2033 2215 2150 2276 illis
2210 2216 2365 2296 quod
2417 2217 2613 2277 edant.
2664 2214 2787 2274 Hoc
2817 2224 3013 2305 autem
3040 2216 3200 2289 dicit,
3244 2237 3362 2279 non
3396 2214 3671 2305 tanquam

2034 2304 2314 2381 ignorans
2344 2305 2402 2363 in
2434 2312 2647 2383 quanta
2670 2304 2915 2382 apostoli
2950 2312 3205 2383 egestate
3239 2321 3457 2373 essent:
3495 2304 3669 2390 absit,

2036 2394 2138 2453 sed
2175 2404 2233 2453 ut
2265 2393 2597 2483 dicentibus
2625 2392 2741 2483 illis
2764 2412 2829 2452 se
2862 2412 2977 2453 non
3011 2394 3233 2454 habere
3280 2402 3436 2477 quod
3470 2403 3671 2483 edant,

2034 2491 2314 2562 appareat
2342 2482 2533 2562 ipsum
2569 2500 2685 2541 non
2716 2482 2909 2541 inanis
2929 2483 3136 2559 gloria:
3163 2487 3379 2562 studio,
3407 2492 3512 2551 sed
3562 2512 3671 2554 ne-

2038 2571 2309 2632 cessitate
2339 2573 2410 2631 ad
2443 2570 2807 2649 operantium
2842 2572 3189 2632 miraculum
3220 2580 3570 2651 procedere.

2119 2659 2294 2721 Vaas.
2342 2661 2549 2721 l7-I9.
2590 2686 2614 2714 α
2649 2662 2721 2719 At
2752 2660 2837 2720 illi
2860 2660 3062 2721 dicunt
3093 2664 3147 2722 ei
3183 2682 3194 2724 :
3229 2664 3359 2725 Non
3390 2669 3677 2733 habemus

2037 2748 2133 2809 hic
2168 2749 2278 2808 nisi
2313 2749 2575 2828 quinque
2609 2766 2812 2827 panes,
2848 2756 2905 2808 et
2952 2749 3101 2810 duos
3151 2751 3364 2829 pisces.
3399 2755 3505 2818 llle
3538 2778 3674 2820 vero
3770 2808 3771 2811 η

2034 2838 2425 2898 dixitzAlTerte
2449 2837 2593 2896 milii
2617 2856 2717 2896 eos
2742 2838 2958 2897 liuc.Et
2978 2839 3153 2915 jussit
3183 2842 3381 2903 turbas
3408 2846 3673 2907 discum-
3788 2850 3791 2851 ⁷

2032 2926 2175 2987 bere
2200 2945 2377 3005 super
2406 2926 2690 3004 gramina,
2718 2926 3085 3003 sumptisque
3130 2929 3392 3009 quinque
3424 2936 3672 3013 panibus

2033 3034 2100 3076 ac
2132 3016 2360 3076 duobus
2407 3015 2692 3094 piscibus,
2740 3032 2807 3073 ac
2839 3016 3084 3074 sublatis
3130 3017 3187 3075 in
3240 3021 3453 3082 caaluin
3488 3027 3672 3086 oculis

308 3105 531 3201 λόγησε.
590 3131 616 3167 ε
674 3109 868 3201 Φέρετᾷ
948 3134 1038 3187 μοι
1094 3113 1213 3179 τοὺς
1261 3112 1447 3193 ἄρτους
1508 3113 1630 3171 ὦδε·
1666 3099 1709 3171 si
1736 3116 1836 3195 γὰρ
1864 3119 1943 3173 καί

2036 3104 2361 3165 benedixit.
2400 3130 2425 3159 ι›
2461 3103 2684 3164 Alfertc
2736 3103 2883 3193 mihi
2909 3122 3092 3201 panes
3124 3106 3260 3177 huc,
3312 3119 3369 3169 et
3419 3110 3563 3174 licet
3596 3115 3672 3175 sit
3730 3120 3733 3121 ⁷

310 3196 434 3271 ὀψία
519 3197 678 3278 ἔστὶν,
740 3198 857 3256 ἀλλ’
916 3202 944 3256 6
995 3208 1101 3258 τῶν
1156 3192 1307 3280 ὡρῶν
1340 3202 1581 3270 Ποιητής
1629 3192 1871 3282 πάρειμι·
1908 3207 1943 3261 εἰ

2034 3210 2301 3272 vespera,
2356 3203 2687 3271 temporum
2738 3210 2841 3269 ego
2876 3192 3183 3254 Conditor
3238 3197 3445 3258 adsum
3482 3220 3495 3262 :
3532 3202 3671 3264 licet

314 3284 511 3364 ἕρημος
570 3290 598 3344 6
654 3290 839 3361 τόπος,
915 3287 1035 3347 ἀλλ’
1092 3294 1121 3347 6
1163 3288 1329 3356 διδοὺς
1385 3294 1581 3369 τροφὴν
1613 3295 1758 3371 πάσῃ
1800 3296 1943 3373 σαρκῖ

2034 3281 2308 3342 desertus
2338 3281 2504 3341 lorus
2534 3284 2627 3355 sit,
2663 3300 2768 3359 ego
2799 3289 2992 3340 tamen
3017 3299 3145 3340 sum
3174 3285 3273 3362 qui
3318 3290 3480 3348 omni
3507 3292 3670 3354 carni

315 3375 421 3453 ἆγώ
480 3378 612 3453 εἰμι,
686 3380 1027 3455 Μανθάνομεν
1095 3379 1151 3437 δὲ
1201 3383 1433 3437 ἰιντεῦθεν
1475 3380 1555 3438 ὅτι
1617 3381 1715 3437 κᾶν
1799 3370 1943 3461 ὀλίγα

2034 3388 2228 3430 escam
2271 3371 2367 3431 do.
2404 3370 2713 3430 Discamus
2763 3382 2957 3430 autem
2990 3370 3101 3430 hoc
3149 3371 3278 3433 loco
3311 3379 3467 3454 quod
3491 3381 3668 3441 etiam
3774 3408 3779 3411 ·

316 3463 553 3544 Ιχωμεν,
612 3464 697 3524 δεῖ
750 3476 913 3525 ταῦτα
995 3471 1068 3532 εἰς
1123 3469 1223 3536 τὴν
1280 3467 1573 3549 φιλοξενίαν
1620 3458 1943 3545 ἂναλισκειν,

2034 3476 2215 3538 pauca
2249 3478 2379 3539 qua:
2409 3458 2720 3533 habemus,
2756 3459 2815 3518 in
2857 3459 3316 3538 hospitalitatem
3368 3467 3669 3531 insumere

303 3556 390 3609 καὶ
435 3555 537 3634 γὰρ
594 3558 641 3613 οἶ
697 3556 985 3616 ἀπόστολοι
1041 3556 1195 3637 ὀλίγα
1251 3557 1469 3639 ἔχοντες
1523 3557 1781 3617 δεδώκασι
1828 3575 1947 3626 τοῖς

305 3642 514 3723 ὄχλοις,
576 3642 726 3702 Ἀλλ’
821 3648 999 3726 ὥσπερ
1057 3648 1124 3703 τὰ
1173 3645 1325 3726 ὀλίγα
1378 3655 1541 3706 ταῦτα
1598 3649 1941 3725 ἆπλεόνασαν,

300 3733 440 3788 οὕτω
507 3735 596 3791 καὶ
651 3736 718 3792 τὰ
772 3736 839 3794 σὰ
906 3735 1058 3816 ὀλίγα
1113 3734 1590 3807 πληθυνθήσονται.
1651 3735 1943 3817 Ἀνακλίνει

297 3819 353 3877 δὲ
424 3823 548 3886 τοὺς
604 3822 801 3903 ὄχλους
886 3826 971 3883 ἆπί
997 3827 1119 3889 τοὺς
1150 3827 1401 3906 χόρτους,
1434 3824 1689 3883 διδάσκων
1718 3829 1815 3896 τὴν
1849 3831 1941 3886 εὖ·-

294 3909 525 3983 τέλειαν,
582 3911 676 3969 ἵνα
733 3915 819 3971 καὶ
885 3915 947 3971 σὺ
1020 3916 1095 3989 μὴ
1149 3916 1237 3972 ὶπί
1290 3913 1483 3973 κλινῶν
1514 3914 1817 3974 πολυτελῶν
1853 3920 1941 3976 καί

295 4002 627 4079 στρωμάτων
677 4001 945 4080 ἆναπαύῃ.
1022 4002 1337 4062 Ἀναϐλέπει
1390 4002 1445 4060 δὲ
1503 4006 1572 4068 εἰς
1646 4007 1738 4061 τὸν
1781 4008 1938 4087 obpa-

297 4090 386 4147 νὺν
442 4091 534 4146 καὶ
608 4090 820 4171 εὐλογετ
874 4092 994 4158 τώς
1051 4091 1261 4173 ἄρτους,
1310 4094 1457 4174 τάχα
1526 4094 1645 4173 μὲν,
1709 4096 1795 4151 καί
1848 4096 1941 4153 ἵνα

297 4181 635 4248 πιστώσηται
703 4184 777 4246 ὡς
836 4184 928 4241 οὐκ
982 4182 1212 4246 ἀντίθεός
1256 4182 1418 4262 ἐστιν,
1452 4180 1572 4238 ἀλλ’
1615 4182 1675 4239 ἐκ
1704 4205 1795 4240 του
1827 4190 1941 4241 Πα-

297 4272 420 4348 τρὸς
495 4269 623 4339 ἦλθε
692 4273 779 4330 καί
848 4272 1140 4352 οὐρανόθεν·
1171 4271 1283 4348 ἅμα
1312 4269 1387 4344 δὶ,
1422 4272 1511 4327 καὶ
1560 4268 1654 4329 ἵνα
1683 4270 1939 4350 παιδεύσῃ

297 4361 442 4435 ἡμᾶς
500 4359 833 4436 ἁπτομένους
902 4360 1167 4441 τραπέζης
1220 4360 1559 4440 εὖχαριστετν
1628 4362 1716 4418 καὶ
1772 4361 1938 4427 οὕτως

295 4448 506 4515 ίσθίειν.

385 4564 413 4595 ι
448 4542 548 4600 Καὶ
577 4540 775 4621 κγάσας
816 4538 977 4599 ἔδωκε
1058 4551 1178 4605 τοῖς
1249 4542 1517 4615 μαθηταῖς
1572 4539 1694 4604 τοὺς
1724 4538 1933 4620 ἄρτους,

302 4632 351 4687 οἰ
411 4628 466 4687 δὶ
536 4632 767 4707 μαθηταὶ
834 4642 951 4693 τοῖς
1022 4628 1233 4710 ὅχλοις⁶
1280 4629 1367 4685 καὶ
1395 4629 1591 4708 ῐφαγον
1626 4629 1819 4693 πάντες
1848 4630 1936 4686 γαὶ

300 4718 721 4799 ιχορτάσθηοαν,
780 4721 868 4776 καὶ
909 4719 1042 4799 ἦραν
1096 4719 1159 4775 τὸ
1203 4723 1509 4797 περισσεῦον
1538 4723 1644 4773 τῶν
1695 4715 1937 4775 κλασμά-

298 4830 427 4884 των,
500 4806 700 4868 δὼδεκα
769 4809 1011 4888 κοφίνους
1042 4806 1286 4887 πλήρεις,
1320 4809 1380 4866 Οἱ
1426 4804 1481 4862 δὲ
1510 4805 1769 4871 ἰσθίοντες
1798 4806 1933 4875 ἦσαν

298 4896 479 4979 ἄνδρες
547 4900 673 4955 ὡσεὶ
739 4895 1183 4978 πεντακισχίλιοι,
1271 4897 1439 4977 χωρὶς
1521 4900 1784 4974 γυναικῶν
1850 4896 1938 4953 καὶ

298 4987 542 5052 παιδίων.
611 5009 645 5048 ι
704 4998 833 5051 Τοῖς
882 4990 1153 5064 μαθηταῖς
1209 4982 1384 5041 δίδωσι
1414 4985 1535 5049 τοὺς
1586 4983 1796 5063 ἄρτους,
1845 4983 1937 5040 ’ίνα

296 5078 384 5147 διὰ
441 5080 662 5157 μνήμης
734 5076 935 5157 ἰχωσιν
984 5075 1065 5132 ἀεὶ
1118 5076 1181 5131 τὸ
1237 5076 1431 5149 θαῦμα,
1464 5072 1659 5147 καὶμὴ
1706 5071 1937 5151 ἀποῤῥύῃ

294 5176 398 5239 τῆς
466 5167 699 5232 διανοίας
762 5166 956 5241 αὐτῶν,
1018 5161 1117 5223 κᾶν
1166 5163 1366 5221 ἐκεῖνοι
1437 5160 1708 5236 συντόμως
1740 5159 1939 5219 ιπελᾶ-

295 5263 469 5318 θοντο·
531 5259 625 5315 ’ἕνα
698 5255 752 5313 δὶ
809 5256 888 5332 μὴ
919 5253 1139 5331 νομίσῃς
1167 5253 1246 5309 δτι
1290 5252 1425 5308 κατᾶ
1466 5250 1757 5333 φαντασίαν
1781 5253 1938 5307 ἒθαυ-

296 5350 661 5430 ματούργησε,
720 5344 806 5403 διὰ
886 5350 1042 5403 τοῦτο
1123 5342 1506 5421 περιττεύουσι.
1600 5337 1815 5430 ᾼώδεκα
1884 5337 1939 5395 δὲ

290 5428 524 5521 κόφινοι,
581 5436 674 5495 ’ίνα
742 5436 831 5493 καὶ
891 5431 1088 5497 Ἰούδας
1154 5431 1421 5508 βαστάσῃ,
1453 5428 1649 5506 καὶμὴ
1694 5429 1766 5492 εἰς
1798 5449 1937 5521 προέ

288 5531 469 5590 δοσίαν
538 5525 959 5608 ἰκτραχηλισθῇ,
1027 5523 1406 5600 ἃνθυμοὺμενος
1490 5522 1550 5580 τὸ
1613 5522 1821 5608 θαῦμαε
1842 5520 1941 5608 Ιςαὶ

289 5622 415 5684 τοὺς
473 5605 660 5697 ἄρτους
703 5605 797 5672 ἡδὶ
854 5612 1107 5682 πληθύνει
1160 5613 1396 5675 καὶτοὺς
1439 5608 1649 5689 ἰχθύας,
1679 5607 1773 5665 ἵνα
1802 5605 1940 5683 δείξῃ

664 5788 923 5849 unm.
971 5782 1083 5847 Gn.
1132 5779 1399 5843 CXXIII.

2030 3548 2337 3609 debemus.
2376 3548 2611 3609 Etenim
2643 3546 2890 3626 apostoli
2923 3566 3106 3627 pauca
3136 3550 3444 3631 habentes,
3478 3557 3665 3619 dede-

2028 3647 2166 3698 runt
2196 3638 2384 3698 turbis
2406 3658 2426 3698 :
2460 3646 2518 3698 et
2546 3637 3045 3717 quemadmodum
3081 3657 3265 3717 pauca
3304 3642 3428 3704 haec
3459 3648 3663 3707 multi—

2026 3726 2290 3808 plicavit,
2323 3727 2402 3787 ita
2427 3736 2486 3787 et
2518 3735 2615 3786 tua
2646 3744 2832 3805 pauca
2889 3727 3457 3806 multiplicabuntur.
3507 3737 3668 3800 Facit

2024 3824 2219 3878 autem
2247 3817 2450 3879 turbas
2480 3834 2659 3897 super
2688 3816 2953 3894 gramina
2978 3817 3317 3900 considere,
3357 3821 3662 3904 frugalita-

2026 3916 2142 3967 tem
2174 3906 2416 3981 docens,
2454 3925 2527 3966 ne
2582 3914 2642 3965 tu
2696 3908 2755 3965 in
2808 3905 3081 3985 pretiosis
3140 3908 3312 3970 lectis
3360 3922 3419 3973 et
3469 3918 3664 3981 stratis

2021 3995 2333 4063 recumbas
2391 3998 2571 4057 Porro
2622 3994 2866 4074 suspicit
2923 3994 2984 4055 in
3038 3997 3252 4057 coelum
3311 4008 3366 4060 et
3406 4001 3661 4067 benedi-

2021 4082 2103 4144 cit
2132 4103 2314 4165 panes
2348 4102 2361 4147 :
2396 4083 2660 4145 fortassis
2720 4091 2783 4144 ut
2824 4085 3013 4162 major
3073 4085 3220 4147 ﬁdes
3272 4090 3351 4150 ei-
3377 4092 3664 4158 habeatur

2023 4174 2179 4251 quod
2228 4192 2347 4234 non
2392 4172 2467 4233 sit
2521 4172 2852 4234 contrarius
2914 4172 3059 4248 Deo,
3121 4178 3225 4235 sed
3281 4179 3509 4243 coalitus
3541 4192 3663 4245 eta

2023 4259 2197 4323 Patre
2226 4261 2473 4325 venerit.
2516 4261 2699 4322 Docet
2720 4279 2955 4341 quoque
2977 4269 3037 4322 ut
3059 4269 3116 4321 et
3142 4281 3250 4323 nos
3274 4284 3536 4330 mensam
3567 4290 3662 4333 ac-

2022 4349 2325 4426 cedentes,
2361 4352 2615 4431 primum
2648 4349 2864 4428 gratias
2893 4368 3153 4431 agamus,
3212 4361 3271 4414 et
3318 4355 3405 4419 sic
3451 4378 3657 4423 come-

1957 4451 2002 4502 D
2021 4439 2248 4501 damus.

2098 4527 2279 4591 Vens.
2551 4552 2590 4621 ἰ
2622 4528 2695 4589 Et
2716 4546 2849 4588 cum
2880 4528 3173 4621 fregisset,
3208 4534 3373 4595 dedit
3401 4538 3657 4621 discipu-

2018 4617 2588 4701 lispanes,discipuli
2619 4636 2754 4679 vero
2786 4618 3075 4682 turbis.Et
3104 4624 3490 4689 comederunt
3522 4617 3654 4693 oin-

2016 4717 2214 4787 nes,et
2242 4708 2733 4787 saturatisunt,et
2761 4709 3125 4770 sustulerunt
3154 4713 3309 4792 quod
3340 4721 3654 4796 superfue-

2018 4810 2110 4861 rat
2133 4799 2206 4860 de
2233 4797 2575 4877 fragmentis
2591 4797 2903 4859 duodecim
2928 4800 3216 4881 cophinos
3239 4803 3653 4882 plenos.Porro

2021 4889 2123 4970 qui
2138 4888 2541 4963 comederant,
2572 4887 2739 4948 fuere
2760 4887 2870 4948 viri
2898 4888 3083 4951 ferme
3129 4891 3446 4973 quinquies
3468 4898 3649 4979 mille,

2022 4986 2236 5057 praeter
2266 4977 2547 5074 mulieres
2578 4994 2645 5036 ac
2671 4993 2946 5074 pueros.»
2967 4977 3285 5074 Discipulis
3316 4983 3414 5044 dat
3442 4977 3652 5074 panes,

2023 5074 2083 5128 ut
2112 5067 2172 5127 in
2203 5066 2486 5127 memoria
2519 5083 2757 5145 semper
2784 5065 3037 5129 habeant
3085 5069 3458 5149 miraculum,
3492 5087 3551 5138 et
3578 5065 3654 5144 ne

2023 5155 2221 5219 efﬂuat
2246 5173 2280 5216 a
2308 5155 2659 5234 cogitatione
2689 5172 2917 5230 eorum,
2954 5157 3185 5220 tametsi
3222 5159 3308 5221 illi
3348 5163 3463 5225 cito
3495 5168 3654 5232 obli-

2024 5242 2419 5305 viscebantur.
2454 5241 2536 5303 Ne
2587 5250 2782 5333 autem
2822 5243 3087 5323 opineris
3116 5248 3272 5327 quod
3300 5267 3658 5333 apparenter

2024 5340 2248 5394 tantum
2283 5332 2565 5424 miracula
2594 5332 2823 5424 fecerit,
2857 5334 3324 5415 multiplicantur
3354 5332 3542 5424 usque
3581 5351 3655 5412 ad

2021 5421 2428 5515 impletionem
2469 5420 2781 5515 duodecim
2819 5424 3217 5515 ,σορὴίηοτυίη
3250 5420 3462 5515 Panes;
3493 5444 3557 5498 ut
3598 5450 3658 5503 et

2000 5526 2003 5527 ν
2020 5512 2201 5574 Judas
2253 5520 2464 5607 Portet,
2500 5519 2557 5573 et
2583 5511 2655 5573 ad
2688 5514 3060 5607 prodendum
3094 5537 3213 5579 non
3245 5521 3322 5581 sit
3348 5511 3654 5607 pervicax,

2025 5602 2375 5666 miraculum
2403 5620 2604 5663 secum
2627 5606 3110 5681 cogitans.Panes
3138 5619 3335 5671 autem
3369 5602 3655 5698 multipli.

3236 5780 3331 5840 10.
