4126 6268
471 273 600 378 299

473 542 532 596 et
556 553 718 598 mare
737 535 1157 616 condiderit,et
1177 557 1383 599 omnes
1403 538 1772 619 cibi,quibus
1795 537 2111 609 vescimur,

471 623 543 684 ab
574 623 702 704 ipso
734 625 904 685 nobis
949 624 1253 701 dentur,et
1284 645 1392 704 per
1413 627 1603 706 ipsum
1626 626 2112 705 multiplicentur.

469 711 758 774 Caeterum
783 716 840 774 in
873 714 1107 775 deserto
1137 716 1200 774 lit
1231 716 1601 782 miraculum,
1640 734 1713 776 ne
1743 716 1874 794 quis
1905 716 2117 794 opine-

473 811 569 862 tur
594 822 625 863 e
657 803 886 864 civitate
917 804 1110 863 vicina
1139 813 1369 883 emptos
1396 823 1598 884 panes,
1636 803 2116 882 multitudinique

474 891 938 964 distributos;7t5
963 893 1263 953 desertum
1299 893 1455 954 enim
1492 901 1701 955 eratzet
1731 894 1842 953 hoc
1874 892 2114 972 quidem

473 983 802 1042 secundum
829 981 1343 1043 historiamJuxta
1376 1001 1680 1061 anagogen
1709 991 1901 1042 autem
1929 981 2111 1042 disce.

473 1069 784 1151 Postquam
820 1071 1108 1146 Herodes,
1145 1072 1257 1132 hoc
1308 1077 1422 1151 est,
1458 1073 1710 1133 carnalis
1760 1081 1816 1132 et
1871 1071 2116 1150 pellicea

475 1177 644 1220 mens
672 1158 1125 1238 Judaaorum(ita
1153 1161 1310 1220 enim
1349 1160 1609 1221 Herodes
1637 1161 1829 1238 sonat)
1849 1159 2111 1220 decolla—

471 1247 552 1308 vit
579 1248 893 1318 Joannem,
933 1249 1350 1328 prophetarum
1385 1250 1702 1329 caput,hoc
1732 1248 2112 1321 est,deChri-

475 1345 565 1397 sto
593 1336 1052 1416 praedicentibus
1075 1355 1192 1397 non
1219 1337 1915 1410 credidit,secedit.lesus
1935 1337 1994 1396 in
2019 1337 2117 1397 de-

474 1435 696 1486 sertum
728 1426 945 1499 locum,
967 1425 1039 1485 ad
1072 1435 1277 1503 gentes
1306 1444 1339 1486 a
1368 1426 1488 1487 Deo
1519 1427 1911 1500 dcslitutas,et
1935 1443 2112 1486 sana-

473 1518 555 1577 vit
582 1519 850 1579 infirmas
871 1517 1121 1591 animas,
1157 1525 1215 1578 et
1243 1518 1458 1579 deinde
1483 1519 1635 1597 pavit
1668 1537 1786 1578 eas.
1815 1521 1963 1581 Nam
1997 1516 2111 1577 nisi

473 1607 772 1668 remiserit
801 1605 974 1668 nobis
1011 1614 1272 1686 peccata,
1309 1615 1365 1669 et
1411 1608 1702 1668 sanaverit
1735 1606 1971 1667 morbos
2008 1625 2114 1685 per

474 1695 982 1776 baptismum,non
1015 1704 1214 1774 pascet
1240 1714 1346 1755 nos
1380 1697 1800 1757 communione
1831 1695 2110 1773 impollu-

475 1795 665 1845 torum
696 1783 1130 1864 mysteriorum.
1164 1783 1371 1844 Nullus
1416 1785 1573 1844 enim
1622 1802 1738 1844 non
1788 1783 2110 1862 baptizatus
2137 1777 2173 1827 Β

475 1874 1028 1934 communicat.Jam
1063 1872 1325 1951 quinque
1357 1873 1540 1933 millia
1570 1871 1805 1950 signant
1836 1889 1937 1932 eos
1967 1890 2112 1950 quo—

473 1981 606 2023 rum
635 1962 898 2042 quinque
932 1978 1140 2020 sensus
1181 1961 1330 2021 male
1362 1963 1552 2022 affecti
1584 1970 1772 2040 erant,
1805 1968 1862 2021 et
1892 1960 1989 2040 qui
2014 1978 2117 2039 per

476 2052 738 2131 quinque
771 2068 951 2130 panes
973 2058 1276 2111 curantur.
1307 2051 1478 2112 Enim
1527 2069 1664 2110 vero
1695 2052 1830 2130 quia
1855 2051 2116 2129 quinque

477 2159 688 2202 sensus
719 2137 1186 2212 inﬁrmabantur,
1221 2147 1362 2217 quot
1395 2141 1584 2219 plaga:
1614 2152 1806 2213 erant,
1842 2147 1922 2199 tot
1950 2147 2116 2199 erant

476 2237 534 2292 et
547 2228 1021 2308 emplastra.Duo
1038 2245 1177 2286 vero
1194 2227 1768 2308 pisces,piscatorum
1784 2245 2110 2288 sermones.

477 2321 639 2380 Unus
697 2316 899 2397 piscis,
952 2313 1370 2393 Evangelium;
1431 2317 1577 2376 alius
1639 2317 1858 2395 piscis,
1916 2319 2113 2395 Apos-

477 2409 652 2470 tolus.
705 2404 948 2476 Quidam
1003 2404 1265 2484 quinque
1324 2424 1550 2485 panes,
1613 2406 1871 2486 quinque
1931 2405 2116 2465 libros

476 2499 688 2578 Moysis
729 2495 1172 2570 intellexerunt,
1229 2493 1530 2568 Genesim,
1588 2496 1880 2568 Exodum,
1942 2496 2111 2556 Levi-

478 2588 680 2662 ticum,
710 2589 1027 2662 Numeros,
1053 2582 1597 2646 Deuteronomium.
1633 2583 1952 2646 Duodecim
2003 2603 2112 2644 au-

479 2687 596 2738 tem
660 2672 900 2752 caphini
957 2670 1195 2731 fuerunt
1252 2673 1465 2733 sublati
1541 2673 1614 2734 ab
1685 2673 2006 2752 apostolis,
2059 2679 2116 2731 et

481 2761 714 2845 portati.
769 2761 1151 2838 Quaecunque
1206 2762 1367 2822 enim
1430 2781 1536 2822 nos
1587 2761 1771 2822 turbae
1828 2761 2114 2822 comede-

475 2873 578 2934 re,
638 2853 750 2913 hoc
823 2858 946 2923 est,
1014 2848 1348 2927 intelligere
1418 2871 1536 2912 non
1615 2852 1952 2931 potuimus,
2009 2870 2114 2909 eo-

476 2962 608 3006 rum
664 2938 916 3020 apostoli
967 2955 1211 3016 capaces
1286 2949 1592 3020 portarunt
1648 2950 1704 3000 et
1766 2940 2113 3000 diviserunt.

475 3036 698 3097 Przeter
747 3026 1031 3087 mulieres
1067 3042 1134 3087 ac
1197 3029 1467 3106 parvulos

1430 317 2019 382 THEOPHYLACTI
2063 316 2471 382 BULGARI/E
2514 313 2866 384 ARCHIEP.

471 453 562 506 cat
592 455 648 506 et
671 447 884 527 pisces,
918 456 979 508 ut
1011 448 1281 509 ostendat
1310 449 1463 529 quod
1498 450 1622 530 ipse
1655 450 1728 510 sit
1758 450 1853 529 qui
1888 457 2102 509 terram

2202 451 2269 507 Ξτι
2343 455 2495 518 αὐτὸς
2543 458 2684 510 ἔστιν
2716 457 2742 509 ὁ
2813 455 2911 532 γῆς
2969 456 3055 510 καὶ
3110 453 3381 520 θαλάσσης

3723 311 3844 378 300

3483 450 3845 528 Δημιουργὸς,

3374 545 3529 600 αὐτοῦ
3616 539 3851 600 διδόντος

3661 629 3850 707 ἐρήμῳ

2196 542 2282 596 καὶ
2313 542 2394 598 ὅτι
2460 542 2494 596 ἅ
2549 542 2664 598 καθ’
2727 544 2957 610 ἑκάστην
3015 544 3274 621 ἐσθίομεν,

2199 631 2454 711 ἐσθίομεν,
2528 635 2615 689 καὶ
2671 632 2760 688 ὑπ’
2819 634 2974 689 αὐτοῦ
3056 633 3430 699 πληθύνονται*
3511 632 3563 686 ἐν

2708 724 2781 785 ὡς
2843 722 2905 777 ἂν
2948 723 3025 797 μὴ
3055 724 3244 797 νομίσῃ
3292 743 3393 794 τις,
3423 719 3503 776 ὅτι
3535 719 3594 774 ἐκ
3637 717 3847 775 πόλεως

3483 807 3709 882 διένειμε
3768 806 3846 878 τῷ

2198 718 2251 774 δὲ
2306 723 2366 776 τὸ
2433 726 2627 797 θαῦμα,

2200 810 2430 886 γείτονος
2489 813 2721 890 ἠγόρασε
2793 811 2912 874 τοὺς
2998 809 3206 891 ἄρτους,

2202 899 2412 973 πλήθει,
2478 898 2674 978 ἔρημος
2707 901 2805 978 γὰρ
2863 899 2948 965 ἧν·
2984 901 3072 954 καὶ
3129 899 3267 955 οὕτω
3296 899 3394 973 μὲν
3424 897 3542 953 καθ’
3587 896 3838 973 ἱστορίαν.

2202 989 2348 1048 Κατὰ
2401 987 2453 1043 δὲ
2510 989 2816 1068 ἀναγωγὴν,
2910 989 3041 1062 μάθε
3092 986 3172 1044 ὅτι
3249 986 3430 1056 ἐπειδή
3493 978 3754 1064 Ἡρώδης,
3817 984 3845 1036 ὃ

2203 1078 2442 1154 σάρκινος
2504 1079 2590 1133 καὶ
2647 1076 2953 1156 δερμάτινος
3011 1084 3116 1132 τῶν
3169 1074 3430 1133 Ἰουδαίων
3489 1083 3628 1146 νοῦς,
3690 1080 3846 1128 τοῦτο

2198 1168 2295 1244 γὰρ
2353 1158 2588 1245 Ἡρώδης
2649 1168 3015 1243 ἑρμηνεύεται,
3083 1165 3437 1245 ἀπεκεφάλισε
3493 1167 3580 1219 τὸν
3653 1162 3841 1219 Ἰωάν-

2198 1277 2317 1328 νην,
2375 1259 2436 1311 τὸ
2494 1263 2596 1312 τῶν
2653 1259 2937 1336 προφητῶν
3014 1254 3325 1335 κεφάλαιοδ,
3395 1255 3654 1326 τουτέστι,
3723 1265 3842 1312 τοῖς

2197 1345 2312 1418 περὶ
2366 1351 2592 1422 Χριστοῦ
2647 1346 3070 1425 προφητεὺσασιν
3129 1349 3222 1403 οὒκ
3298 1344 3620 1418 ἐπίστευσεν,
3709 1343 3844 1397 ἀνα-

2197 1447 2373 1512 χωρεῖ
2425 1432 2612 1489 λοιπὸν
2662 1437 2689 1488 ὁ
2747 1432 2950 1500 Ἰησοῦς
3009 1435 3080 1496 εἰς
3157 1433 3356 1511 ἔρημον
3413 1434 3599 1511 τόπον,
3659 1433 3731 1494 εἷς
3778 1431 3844 1485 τὰ

2198 1520 2340 1599 ἔθνη,
2417 1521 2482 1579 τὰ
2552 1521 2724 1599 ἔρημα
2779 1522 2873 1578 τοῦ
2931 1528 3084 1601 Θεοῦ,
3143 1523 3229 1577 καὶ
3285 1521 3556 1600 θεραπεύει
3594 1519 3714 1583 τοὺς
3747 1517 3841 1595 ἆῤ-

2194 1609 2420 1686 ῥώστους
2493 1611 2625 1666 κατᾶ
2697 1611 2903 1690 ψυχὴν,
2978 1611 3101 1666 εἶτα
3155 1611 3241 1666 καὶ
3290 1610 3462 1688 τρέφει
3511 1612 3747 1671 τοὺτους,
3786 1608 3843 1663 Εἰ

2195 1699 2271 1772 μὴ
2327 1700 2424 1778 γὰρ
2497 1700 2688 1778 ἀφήσει
2749 1703 2884 1773 ἡμῖν
2953 1702 3048 1763 τὰς
3080 1699 3358 1778 ἁμαρτίας,
3419 1701 3504 1754 καὶ
3533 1699 3842 1776 θεραπεὺσει

2195 1788 2286 1850 τὰς
2339 1786 2626 1864 ἁῤῥωστίας
2681 1787 2764 1844 διὰ
2836 1791 2926 1845 τοῦ
2956 1789 3343 1867 βαπτίσματος,
3396 1791 3454 1845 οὒ
3481 1787 3658 1866 θρέψει
3695 1788 3840 1860 ἡμᾶς

2195 1881 2264 1950 τῇ
2321 1875 2598 1949 μεταδόσει
2659 1880 2764 1932 τῶν
2833 1879 3115 1956 ἀχράντων
3178 1879 3499 1954 μυστηρίων.
3535 1874 3712 1938 Οὐδεὶς
3743 1875 3845 1952 γὰρ

2197 1961 2516 2029 ἀϐάπτιστος
2577 1964 3019 2040 μεταλαμϐάνει,-
3056 1965 3484 2044 Πεντακισχίλιοι
3514 1962 3593 2039 δὲ,
3641 1967 3687 2019 οἱ
3743 1964 3840 2027 τὰς

2197 2052 2352 2108 πέντε
2420 2055 2686 2123 αὶσθήσεις
2758 2063 2932 2119 κακῶς
2992 2053 3334 2130 διακείμενοι,
3397 2055 3449 2109 οῗ
3482 2055 3569 2109 καὶ
3601 2051 3684 2108 διὰ
3735 2057 3842 2107 τῶν

2198 2141 2354 2197 πέντε
2428 2141 3012 2220 ἄρτων-θεραπεύονται.
3075 2143 3220 2201 Ἐπεὶ
3277 2146 3375 2223 γὰρ
3404 2147 3453 2198 αἱ
3502 2143 3658 2218 μέντε
3719 2142 3841 2196 αἷσ-

2196 2233 2374 2300 θήσεις
2431 2232 2664 2306 ἐνόσουν,
2725 2236 2840 2289 ὂσχι
2900 2237 2950 2289 αἱ
3031 2233 3256 2314 πληγαὶ,
3334 2241 3582 2290 τοσαῦται
3641 2231 3726 2287 καὶ
3787 2231 3842 2284 αἱ

2199 2318 2542 2398 ἕμπλαστροι,
2611 2323 2712 2378 Δύο
2761 2322 2812 2377 δὲ
2870 2325 3070 2402 ἰχθὺες,
3135 2325 3180 2378 οἱ
3253 2327 3356 2379 τῶν
3411 2322 3601 2379 ἀλιέων
3658 2319 3840 2396 λόγοι.

2201 2409 2295 2469 Εἷς
2354 2411 2503 2488 ἰχθὺς
2547 2413 2606 2466 τὸ
2641 2411 2980 2490 Εὗαγγέλιον,
3015 2412 3191 2492 ἕτερος
3240 2414 3390 2493 ἰχθὺς
3427 2415 3454 2468 ὁ
3487 2408 3844 2470 Ἀπόστολος.

2199 2498 2344 2562 Τινὲς
2399 2497 2454 2553 δῖ
2506 2500 2658 2556 πέντε
2716 2499 2921 2576 ἄρτους,
2981 2503 3078 2569 τὴν
3140 2503 3500 2580 Πεντάτευχον
3553 2509 3642 2556 τοὺ
3709 2506 3842 2554 Μω-

2199 2586 2330 2648 σέως
2389 2587 2634 2662 ἐνόησαν,
2695 2590 2925 2670 Γένεσιν,
3002 2589 3254 2664 ’¹Εξοδον,
3304 2592 3598 2663 Λευιτικὸν,
3659 2588 3838 2667 Ἀριθ-

2199 2677 2352 2749 μοὺς,
2419 2680 2847 2754 Δευτερονόμιον,
2913 2679 3126 2736 Δώδεκα
3203 2679 3257 2736 δὲ
3328 2682 3527 2760 κόφινοι
3584 2680 3720 2745 ἦσαν
3794 2681 3841 2734 οἱ

2200 2763 2438 2840 ἀρθέντες
2497 2769 2596 2824 ὑπὸ
2652 2774 2757 2823 τῶν
2825 2769 3134 2825 ἀποστόλων
3236 2771 3322 2826 καὶ
3422 2769 3836 2845 βασταχθέντες.

2202 2842 2348 2908 ΗΟσα
2405 2855 2503 2934 γὰρ
2560 2859 2723 2932 ἡμεῖς
2781 2861 2829 2913 οἱ
2858 2857 3037 2936 ὄχλοι,
3073 2861 3131 2915 οὖ
3160 2842 3654 2934 δυνάμεθα-φαμέν,
3688 2877 3838 2910 τουτ-

2200 2940 2332 3019 έστι,
2392 2950 2600 3019 νοῆσαι,
2672 2954 2833 3002 ταῦτα
2891 2950 2935 3003 οἱ
3020 2945 3299 3002 ἀπόστολοι
3380 2943 3667 2999 ἐϐάστασαν
3744 2945 3830 2996 καί

3311 812 3398 865 καὶ

1529 3047 1542 3090 :
1598 3028 1850 3107 exigitur
1891 3029 2050 3089 enim
2085 3047 2111 3088 a

2202 3029 2503 3108 ἐχώρησαν.
2560 3037 2729 3114 Χωρὶς
2783 3034 2837 3090 δὲ
2921 3041 3176 3114 γυναικῶν
3248 3035 3331 3090 καὶ
3393 3031 3632 3105 παιδίων,
3685 3029 3832 3084 οὐδὲν

475 3119 808 3186 Christiano
863 3133 939 3176 ne
995 3115 1134 3193 quid
1193 3101 1422 3197 puerile
1475 3118 1566 3179 vel
1630 3101 1919 3178 muliebre
1999 3135 2111 3195 pra!

2202 3120 2300 3196 γὰρ
2357 3121 2616 3188 νηπιῶδες
2673 3125 2708 3192 ἢ
2785 3138 3081 3202 γυναικεῖον
3115 3124 3200 3180 καὶ
3249 3120 3493 3197 ἄνανδρον
3525 3121 3833 3176 ἆπαιτεῖται

475 3233 538 3276 se
582 3216 752 3277 ferat.

557 3301 738 3365 Vnus.
804 3301 902 3364 2'2.
955 3326 982 3357 α
1029 3302 1097 3362 Et
1143 3299 1334 3360 statim
1402 3295 1592 3373 coegit
1643 3295 1815 3357 Jesus
1866 3293 2120 3373 discipu-

2203 3209 2230 3260 ὁ
2263 3212 2569 3284 Χριστιανὸς
2597 3211 2765 3292 ἔχειν.

2290 3317 2310 3350 ε
2351 3301 2448 3355 Καὶ
2505 3301 2690 3367 εὖθέως
2747 3303 3046 3381 ἠνάγκασεν
3102 3303 3130 3358 ὁ
3176 3301 3380 3368 Ἰησοῦς
3434 3302 3553 3364 τοὺς
3599 3301 3838 3374 μαθητὰς

477 3393 564 3454 los
618 3411 755 3452 suos
813 3393 1035 3453 intrare
1089 3389 1149 3468 ip
1211 3387 1445 3459 navim,
1507 3393 1563 3445 et
1643 3383 1981 3464 praecedere
2058 3402 2111 3443 se

2206 3388 2363 3442 αύτοῦ
2409 3386 2634 3462 εμϐἦναι
2693 3393 2764 3454 εἰς
2834 3395 2896 3447 τὸ
2952 3391 3168 3470 πλοῖον,
3232 3392 3319 3448 καὶ
3362 3391 3612 3469 προάγειν
3683 3393 3838 3448 αὐτὸν

473 3481 534 3541 in
603 3481 947 3542 ulteriorem
1023 3482 1255 3557 ripam,
1321 3476 1512 3536 donec
1587 3473 1908 3533 dimisisset
1986 3480 2109 3532 tur—

473 3569 600 3630 bas.
635 3591 662 3628 ιι
731 3570 803 3631 Ut
859 3567 1220 3644 signiﬁcaret
1259 3582 1436 3643 quam
1499 3561 1774 3622 indivulsi
1825 3569 2025 3620 essent
2083 3577 2116 3619 a

469 3658 723 3720 Domino
777 3655 1077 3736 discipuli,
1110 3654 1277 3729 dixit,
1315 3653 1542 3729 Coegit,
1586 3667 1822 3729 semper
1851 3648 2024 3736 enim
2061 3648 2117 3709 ei

469 3747 680 3808 adesse
739 3735 1033 3807 volebant.
1065 3735 1340 3804 Dimittit
1395 3750 1594 3800 autem
1645 3746 1697 3799 et
1749 3735 1975 3815 turbas,
2001 3756 2111 3796 no-

469 3836 600 3898 lens
630 3835 787 3915 ipsas
819 3832 1121 3912 subsequi,
1159 3849 1234 3891 ne
1264 3829 1617 3907 arrogantiae
1665 3824 1966 3887 studiosus
2022 3827 2111 3884 vi-

469 3925 732 3986 deretur.

551 4015 731 4075 Vens.
769 4015 870 4084 23,
904 4009 1003 4071 24.
1045 4033 1071 4064 α
1105 4008 1177 4069 Et
1206 4007 1467 4068 dimissis
1514 4007 1721 4082 turbis,
1757 4010 2026 4072 ascendit
2053 4011 2112 4072 in

473 4113 731 4164 montem
747 4100 816 4162 ad
838 4098 1124 4160 orandum
1159 4099 1598 4159 seorsum.Cum
1621 4107 1815 4158 autem
1847 4099 2113 4161 advenis-

470 4200 559 4253 set
585 4191 1019 4272 vespera,solus
1051 4195 1174 4247 erat
1205 4185 1346 4245 illic.
1385 4183 1668 4246 Caeterum
1702 4188 1864 4247 navis
1888 4189 2010 4266 jam
2044 4190 2104 4250 in

467 4284 669 4345 medio
693 4285 872 4344 maris
904 4289 1114 4350 erat,et
1144 4275 1538 4338 afﬂictabatur
1557 4295 1590 4336 a
1619 4279 1895 4340 ﬂuctibus
1921 4302 1932 4339 τ
1969 4301 2104 4342 nam

2204 3473 2276 3536 εἷς
2344 3476 2405 3530 τὸ
2457 3477 2640 3556 πέραν,
2703 3478 2803 3542 ἕως
2864 3481 2922 3537 οὗ
2980 3479 3218 3556 ἀπολύσῃ
3270 3481 3387 3544 τοὺς
3432 3477 3648 3557 ὄχλους.
3706 3502 3732 3533 ι
3769 3478 3842 3534 Τὸ

2197 3558 2631 3622 δυσαπόσπαστον
2690 3570 3045 3644 αἰνιττόμενος
3101 3577 3206 3626 τῶν
3267 3573 3540 3644 μαθητῶν,
3600 3569 3724 3623 εἶπε
3780 3568 3840 3621 τὸ

2199 3647 2545 3728 Ἠνάγκασεν,
2609 3655 2795 3722 ἤθελον
2865 3660 2962 3736 γὰρ
2994 3659 3071 3713 ἀεὶ
3122 3657 3262 3730 αύτῷ
3305 3670 3555 3714 συνεῖναι.
3593 3655 3839 3713 Ἀπολύει

2195 3737 2250 3795 δὲ
2307 3742 2426 3805 τοὺς
2498 3743 2718 3827 ὄχλους,
2790 3747 2848 3803 οὔ
2877 3747 3041 3803 θέλων
3111 3747 3439 3826 ἐπισύρεσθαι
3484 3746 3693 3819 αὖτοὺς,
3747 3746 3839 3801 ’ίνα

2197 3829 2275 3902 μὴ
2311 3827 2434 3906 δόξῃ
2465 3831 2822 3911 φιλόκομπος,

2283 4031 2304 4061 ιι
2348 4012 2446 4066 Καὶ
2493 4012 2759 4077 ἀπολύσας
2809 4017 2929 4078 τοὺς
2990 4013 3211 4095 ὄχλους,
3270 4011 3431 4080 ἀνέϐη
3489 4015 3559 4078 εἷς
3601 4016 3662 4069 τὸ
3717 4013 3839 4093 ὄρος

2195 4095 2314 4151 κατ’
2374 4097 2503 4155 ἰδίαν
2560 4101 2960 4179 προσεύξασθαι’
2993 4106 3146 4178 ὀψίας
3215 4101 3268 4158 δὲ
3300 4103 3614 4181 γενομένης,
3675 4103 3838 4178 μόνος

2193 4181 2258 4248 ἧν
2330 4186 2464 4244 ἐκεῖ·
2527 4192 2587 4245 τὸ
2646 4189 2698 4246 δὲ
2752 4191 2942 4249 πλοῖον
2973 4191 3072 4259 ἤδη
3118 4192 3280 4266 μέσον
3309 4191 3405 4258 τῆς
3441 4190 3710 4258 θαλάσσης
3741 4194 3838 4274 ἦν,

2190 4272 2602 4352 βασανιζόμενον
2662 4282 2763 4336 ὑπὸ
2822 4287 2927 4336 τῶν
3000 4282 3268 4356 κυμάτων,
3320 4281 3384 4348 ἧν
3437 4283 3536 4358 γὰρ
3606 4272 3840 4344 ἐναντίος

463 4381 674 4436 ventus
725 4382 847 4431 erat
890 4372 1193 4430 adversus.
1264 4391 1287 4422 ι›
1344 4365 1678 4427 Ostendens
1735 4369 1906 4430 nobis
1952 4371 2108 4451 quod

2202 4363 2219 4416 5
2290 4362 2502 4440 ἄνεμος.
2567 4391 2596 4423 ι
2665 4371 2925 4426 Δεικνὺων
2985 4373 3121 4446 ἡμῖν
3192 4368 3271 4425 ὅτι
3316 4367 3398 4424 δεῖ
3428 4369 3841 4447 ἀπερισπάστως

464 4470 732 4543 oporteat
786 4460 1006 4539 absque
1047 4455 1428 4518 distractione
1477 4457 1690 4516 mentis
1733 4447 1987 4536 precari,
2039 4460 2100 4520 in

2202 4455 2602 4533 προσεύχεσθαι,
2653 4460 2726 4520 εἰς
2785 4461 2844 4514 τὸ
2902 4458 3023 4538 ὅρος
3077 4457 3369 4538 ἀναϐαίνει,
3416 4458 3587 4513 πάντα
3618 4459 3718 4535 γὰρ
3770 4455 3842 4513 δι’

466 4560 725 4612 montem
759 4549 1025 4610 ascendit
1056 4568 1068 4608 :
1101 4547 1298 4606 omnia
1328 4545 1484 4608 enim
1515 4559 1766 4624 propter
1805 4567 1910 4608 nos
1943 4549 2095 4622 facit,

2187 4545 2323 4617 ἡμᾶς
2381 4559 2549 4615 ποιεῖ,
2610 4548 2668 4602 οὔ
2726 4549 2824 4626 γὰρ
2883 4549 3032 4612 αὖεὸς
3090 4547 3261 4604 ἐδεῖτο
3301 4551 3631 4626 προσευχῆς.
3712 4555 3827 4610 Εως

465 4658 660 4721 neque
683 4639 840 4700 enim
863 4638 991 4716 ipse
1018 4633 1294 4716 precibus
1345 4651 1495 4711 opus
1529 4633 1724 4694 habet.
1784 4637 1978 4715 Usque
2026 4638 2100 4698 ad

2202 4633 2236 4686 ῖὲ
2292 4635 2444 4708 ὀψίας
2515 4635 2752 4717 εὔχεται,
2811 4636 3066 4698 διδάσκων
3129 4637 3274 4712 ἡμᾶς
3331 4639 3408 4713 μὴ
3458 4636 3671 4715 ταχέως
3705 4637 3835 4714 ἀφί-

462 4747 770 4808 vesperam
804 4736 999 4787 autem
1031 4733 1333 4802 precatur,
1367 4723 1589 4783 docens
1645 4723 1798 4802 quod
1835 4743 1941 4786 nos
1983 4746 2099 4787 non

461 4823 655 4882 statim
687 4817 759 4878 ab
791 4813 1155 4878 orationibus
1185 4811 1494 4872 discedere
1527 4811 1871 4884 debeamus,
1915 4815 2015 4874 sed
2045 4824 2102 4876 et

460 4917 634 4970 nocte
667 4905 1033 4987 potissimum
1078 4901 1198 4962 illis
1228 4919 1462 4974 vacare,
1513 4909 1650 4961 tunc
1708 4901 1867 4962 enim
1917 4906 2105 4983 major

460 4999 650 5079 quies.
687 4991 977 5056 Permittit
1004 5001 1202 5053 autem
1261 4989 1586 5079 discipulos
1618 4991 1676 5048 in
1729 4998 2100 5070 tempestate,

459 5078 575 5168 quo
628 5085 856 5146 discant
899 5081 1253 5142 tentationes
1301 5079 1458 5168 ferre
1504 5078 1756 5153 fortiter,
1812 5099 2102 5161 suamque

463 5167 785 5254 agnoscant
813 5173 1114 5233 virtutem.
1150 5171 1214 5232 ln
1245 5167 1439 5228 medio
1471 5176 1666 5228 autem
1719 5169 1898 5230 maris
1930 5171 2100 5232 navi-

464 5265 650 5342 gium,
682 5263 881 5339 signat
913 5262 1194 5340 majorem
1219 5276 1351 5319 esse
1381 5257 1678 5320 timorem.

544 5350 922 5414 VEns.‘25-‘27
937 5374 983 5410 ,ι
999 5349 1214 5420 Quarta
1230 5355 1423 5409 autem
1445 5345 1633 5407 noctis
1654 5346 1844 5425 vigilia
1870 5349 2102 5411 abiitad

466 5442 603 5503 illos
621 5444 815 5520 Jesus,
847 5438 1154 5499 ambulans
1175 5455 1353 5516 super
1397 5443 1649 5510 mare,et
1679 5437 1778 5497 ubi
1813 5439 2101 5499 vidissent

2187 4726 2403 4779 στασθαι
2461 4725 2556 4792 τῆς
2629 4733 2960 4807 προσευχῆς⁶
3037 4725 3290 4782 ἀλλὰκαὶ
3336 4731 3434 4792 τῆς
3469 4727 3651 4787 νυκτὸς
3724 4725 3837 4799 μά-

2188 4809 2341 4867 λιστα
2408 4820 2561 4869 τοῦτο
2619 4828 2823 4889 ποιεῖν,
2857 4818 2977 4872 τότε
3007 4818 3105 4894 γὰρ
3133 4818 3329 4895 ἡσυχία
3360 4813 3556 4882 πολλὴ.
3593 4821 3836 4893 Συγχω-

2189 4913 2272 4976 ρεϊ
2329 4899 2383 4955 δὲ
2448 4903 2564 4965 τοὺς
2626 4906 2866 4979 μαθητὰς
2946 4903 3381 4980 κλυδωνισθῆναι,
3483 4903 3574 4958 ἵνα
3630 4904 3836 4978 μάθωσι

2188 4992 2436 5066 γενναίως
2490 4992 2660 5071 φέρειν
2733 4994 2848 5058 τοὺς
2907 4994 3255 5073 πειρασμοὺς,
3313 4995 3401 5049 καὶ
3450 4993 3704 5070 ἑπιγαῶσι
3735 4992 3838 5057 τὴν

2189 5081 2344 5136 αὐτοῦ
2414 5079 2651 5157 δύναμιν.
2713 5079 2879 5139 Ἀλλὰ
2931 5086 3018 5140 καὶ
3072 5083 3230 5158 μέσον
3297 5082 3393 5150 τῆς
3455 5081 3724 5147 θαλάσσης
3774 5082 3838 5137 τὸ

2187 5166 2401 5250 πλοῖον,
2437 5173 2509 5236 ὡς
2541 5173 2752 5246 μείζονα
2783 5172 2923 5230 εἶναι
2953 5175 3044 5228 τὸν
3075 5169 3257 5252 φόϐον.

2274 5372 2300 5402 ι
2361 5349 2596 5427 Τετάρτῃ
2655 5348 2709 5404 δὲ
2768 5349 2976 5430 φυλακῇ
3003 5354 3100 5416 τῆς
3131 5351 3314 5413 νυκτὸς
3348 5348 3552 5416 ansae:
3578 5349 3709 5427 πρὸς
3739 5351 3838 5405 αύ-

2185 5438 2303 5501 τοὺς
2364 5441 2390 5493 ὁ
2443 5438 2646 5504 Ἰησοῦς
2725 5440 3027 5516 περιπατῶν
3088 5438 3172 5494 ἰπὶ
3228 5443 3326 5504 τῆς
3397 5436 3692 5504 θαλασσης⁹
3751 5446 3842 5501 καὶ

461 5551 596 5594 eum
627 5528 902 5609 discipuli
964 5546 1144 5607 super
1191 5545 1352 5588 mare
1401 5525 1826 5603 ambulantem,
1881 5529 2093 5592 turbati

2202 5526 2373 5589 δόντες
2445 5527 2603 5583 αὐτὸν
2659 5530 2706 5584 οἱ
2738 5529 2967 5602 μαθηταὶ
2998 5526 3082 5583 ἐπὶ
3141 5529 3235 5594 τὴν
3273 5525 3542 5582 θάλασσαν
3603 5547 3841 5604 περιπα-

457 5630 617 5698 sunt,
653 5620 940 5687 dicentes:
967 5619 1278 5697 Spectrum
1311 5623 1422 5690 est,
1453 5633 1520 5690 ac
1553 5631 1670 5692 prae
1703 5624 1861 5676 metu
1892 5616 2091 5678 excla-

2207 5624 2386 5690 οὗντα,
2446 5615 2840 5698 ἐταράχθησαν,
2897 5613 3136 5694 λέγοντες
3194 5616 3274 5672 ὅτι
3335 5616 3627 5693 Φάντασμά
3695 5615 3840 5686 ἑστι,
