4126 6268
347 386 463 452 301

956 389 1058 454 EN
1063 390 1401 453 ARRATIO
1445 392 1526 454 IN
1572 391 1999 456 EVANGELII

2124 391 2520 454 ΜΑΤΤΗιΕΙ.
2571 425 2642 436 —
2686 393 2848 455 CAP.
2897 394 3060 456 XIV.

3597 390 3710 455 302

332 522 425 576 καὶ
493 520 597 576 ἀπὸ
644 521 733 576 τοῦ
789 519 950 602 φόϐου
1029 520 1271 600 ἔκραξαν,
1337 523 1535 587 Eii-Geo);
1608 521 1660 577 δὲ
1719 523 1979 590 ἐλάλησεν

2090 533 2405 596 naverunt;
2457 525 2560 586 sed
2633 529 2827 586 statim
2902 525 3134 586 locutus
3203 534 3294 586 est
3360 525 3478 586 illis
3541 527 3713 587 Jesus

340 613 522 671 αὖτοῖς
581 611 608 665 6
667 609 902 689 Ἰησοῦς,
963 609 1153 688 λέγων·
1232 618 1510 688 Θαρσεῖτε,
1571 611 1678 689 ἐγὼ
1727 614 1857 692 εἶμι,
1907 613 1983 687 μὴ

338 694 608 775 φοϐεῖσθε,
669 721 695 752 ι
732 699 838 755 Οὐκ
871 697 993 776 (21)
1029 697 1216 761 εἰθὲως
1246 702 1425 762 αὺτοῖς
1455 698 1652 766 ἐπέστη
1683 698 1853 758 λύσων
1892 704 1984 757 τὸν

2070 612 2273 676 dicens
2300 633 2312 675 :
2344 615 2553 689 Fidite,
2579 634 2685 692 ego
2719 634 2873 688 sum,
2910 634 2982 675 ne
3010 613 3562 677 terreamini.»Non
3586 622 3708 674 sta—

2068 701 2167 760 tim
2203 701 2381 762 astitit
2414 704 2499 762 eis
2530 711 2592 762 ut
2617 712 3027 782 tempestatem
3059 703 3314 777 sedaret,
3336 704 3558 764 docens
3591 722 3708 764 non

335 790 611 866 χειμῶνα,
663 785 923 843 παιδεὺων
980 787 1059 861 μὴ
1116 787 1329 866 ταχέως
1391 789 1532 845 Λύσιν
1630 791 1797 846 αἰτεῖν
1876 797 1982 846 τῶν

2090 792 2177 853 :ito
2212 791 2522 869 petendam
2548 792 2962 852 adversitatum
2999 792 3485 866 solutionem,sed
3512 793 3710 852 feren-

337 880 646 953 συμφορῶν,
709 874 844 931 ἄλλα
913 874 1085 955 φέρειν
1141 876 1416 954 γενναίως,
1451 875 1587 932 ἀλλὰ
1643 879 1758 954 περὶ
1789 880 1968 957 τετάρ-

333 986 440 1029 την
491 963 751 1043 φυλακὴν·
815 965 888 1028 εἰς
921 963 1151 1040 τέσσαρα
1205 966 1304 1042 γὰρ
1347 963 1628 1043 διαιρεῖται
1660 969 1693 1034 ἡ
1738 966 1820 1032 νύξ
1843 969 1984 1044 παρὰ

330 1065 460 1114 τοῖς
544 1051 894 1132 φυλάσσουσιν
967 1052 1026 1106 ἰκ
1105 1050 1360 1132 διαδοχῆς
1436 1055 1800 1132 στρατιώταις,
1890 1055 1987 1110 ἀνὰ

332 1155 489 1219 τρεῖς
585 1140 722 1219 ὥρας
809 1141 1041 1220 ἆχοόσης
1125 1142 1350 1208 ἑκάστης
1426 1141 1686 1220 φυλακῆς.
1751 1135 1807 1201 ιΟ
1866 1150 1990 1222 γοῦν

340 1231 536 1307 Κὺριος
592 1231 726 1304 μετᾶ
796 1230 894 1296 τὴν
953 1229 1175 1296 ἑννᾶτην
1204 1231 1344 1306 ὥραν
1375 1237 1473 1296 τῆς
1520 1234 1725 1305 νυκτὸς,
1755 1253 1987 1308 περιπα-

333 1325 451 1372 τῶν
508 1319 686 1374 ἐπάνω
735 1327 826 1374 τοῦ
883 1317 1091 1392 ὕδατος,
1154 1320 1227 1383 ὡς
1260 1323 1412 1393 Θεὸς,
1451 1321 1677 1387 ἐπέστη.
1713 1325 1770 1378 Οἱ
1796 1321 1875 1394 δὲ,
1907 1321 1989 1380 διὰ

332 1409 402 1462 τὸ
464 1407 620 1472 ἄηθες
675 1410 761 1463 καὶ
818 1407 979 1482 ξένον,
1055 1406 1232 1472 ἔδοξαν
1263 1410 1544 1487 φάντασμα
1574 1411 1738 1471 εἶναι,
1793 1415 1864 1468 Οὔ
1893 1411 1990 1488 γὰρ

333 1495 452 1550 ἀπὸ
509 1498 601 1550 τοῦ
657 1494 828 1558 εἴδους
885 1499 1174 1574 ἒγνώρισαν
1230 1499 1408 1576 αὐτὸν,
1470 1496 1579 1571 ἅμα
1631 1499 1728 1572 μὲν
1778 1501 1864 1554 καὶ
1907 1496 1991 1554 διὰ

334 1585 442 1651 τὴν
515 1585 693 1656 νύκτα,
759 1585 868 1658 ἅμα
922 1583 975 1640 δὲ
1033 1586 1120 1640 καὶ
1170 1584 1254 1640 διὰ
1301 1589 1392 1641 τὸν
1437 1584 1618 1663 φόϐον·
1653 1589 1679 1642 6
1710 1584 1787 1665 δὲ,
1813 1609 1988 1666 παρα-

334 1671 580 1750 θαῤῥύνει
639 1679 848 1752 πρῶτον
905 1675 1114 1744 αὐτοὺς,
1172 1673 1361 1752 λέγων’
1399 1672 1540 1752 Ἐγὼ
1598 1677 1728 1749 εἶμι,
1761 1676 1789 1732 6
1818 1677 1988 1732 πάντα

340 1761 632 1836 δυνάμενος
645 1808 659 1835 ,
687 1765 929 1839 θαρσεῖτε
940 1811 953 1825 ,

437 1874 459 1905 ι
499 1851 820 1928 Ἀποκριθεὶς
890 1851 946 1906 δὲ
1003 1852 1144 1926 αὖτῷ
1200 1855 1227 1908 6
1286 1852 1479 1931 Πέτρος
1528 1853 1674 1908 εἶπε⁶
1739 1853 1912 1928 Κύριε,
1948 1854 1990 1906 εἱ

343 1942 407 1995 σὺ
469 1941 548 2019 εἴ,
608 1939 856 1999 κέλευσόν
941 1964 1007 2014 με
1064 1943 1194 2020 πρὸς
1227 1942 1285 1998 σὲ
1330 1941 1502 1998 ἐλθεῖν
1534 1942 1617 1997 ἐπὶ
1647 1943 1711 1997 τὰ
1741 1940 1924 1999 ὕδατα.
1963 1963 1988 1999 ι

347 2031 682 2107 Θερμότατος
735 2030 809 2086 ὤν
865 2034 892 2087 6
949 2032 1141 2110 Πέτρος
1189 2032 1286 2096 τὴν
1343 2032 1470 2107 πρὸς
1501 2035 1722 2110 Χριστὸν
1756 2031 1991 2108 ἀγάπην,

347 2119 596 2193 ἐπιθδμεῖ
650 2119 864 2199 ταχέως
921 2122 1078 2199 ἔγγὺς
1140 2120 1297 2178 αὒτοῦ
1355 2120 1592 2198 γενέσθαι
1624 2121 1711 2174 καὶ
1740 2121 1840 2197 πρὸ
1891 2120 1994 2175 τῶν

349 2207 551 2268 ἄλλων,
618 2210 853 2264 Πιστεύει
889 2207 964 2277 ¹δὲ
1051 2209 1182 2265 ὅτιὸ
1240 2208 1445 2275 Ἰησοῦς
1508 2210 1566 2265 οὗ
1622 2211 1784 2283 μόνον
1843 2210 1996 2270 αὐτὸς

350 2311 635 2374 περιπατεῖ
707 2297 792 2353 ἐπὶ
847 2305 952 2353 τῶν
1031 2297 1254 2377 ὑδάτων,
1316 2297 1452 2354 ἀλλὰ
1508 2299 1594 2352 καὶ
1659 2298 1799 2370 αὒτῷ
1845 2304 1998 2352 τοῦτο

351 2383 530 2441 δώσει·
577 2387 671 2441 οὐκ
715 2386 839 2441 εἶπε
883 2383 961 2458 δὲ,
1009 2385 1267 2444 Κέλευσόν
1298 2406 1365 2460 με
1408 2384 1636 2461 βαδίσαι,
1698 2385 1831 2440 ἀλλὰ
1862 2387 1997 2464 Πρὸς

349 2476 410 2529 σὲ
466 2473 662 2536 ὶλθεῖν.
722 2476 794 2532 Τὸ
860 2475 956 2548 μὶν
987 2476 1086 2554 γὰρ
1128 2473 1425 2540 ὶπιδείξεως
1468 2475 1554 2541 ἦν·
1605 2476 1665 2530 τὸ
1697 2472 1750 2528 δὲ
1781 2474 1996 2551 ἀγάπης

355 2565 454 2628 τῆς
490 2564 618 2637 πρὸς
651 2563 874 2639 Χριστόν
885 2611 896 2623 ,

442 2674 468 2706 ι
525 2641 581 2709 Ὀ
613 2651 667 2706 δὲ
726 2651 904 2726 εἶμενο
940 2649 1113 2713 Ἐλθέ.
1147 2653 1246 2708 Καὶ
1275 2648 1507 2715 καταϐὰς
1547 2650 1652 2708 ἀπὸ
1692 2659 1784 2708 τοῦ
1813 2650 1998 2707 πλοίου

353 2743 382 2797 6
449 2739 667 2816 Πέτρος,
728 2741 1031 2817 περιεπάτει
1062 2740 1146 2797 ἐπὶ
1175 2742 1240 2799 τὰ
1282 2738 1464 2819 ὕδατα,
1519 2740 1690 2797 ἒλθεῖν
1722 2742 1850 2817 πρὸς
1907 2742 1997 2796 τὸν

351 2825 581 2895 Ἰησοῦν
642 2825 854 2902 βλέπων
924 2825 978 2882 δὲ
1032 2830 1122 2884 τὸν
1193 2827 1386 2903 ἄνεμον
1453 2829 1690 2908 ἰσχυρὸν,
1737 2825 1994 2906 ἐφοϐήθη,

351 2918 444 2972 καὶ
540 2914 826 2992 ἀρξάμενος
923 2918 1412 2989 καταποντίζεσθαι,
1499 2915 1701 2994 ἔκραξε,
1804 2915 1995 2993 λέγων·

355 3006 538 3082 Κύριε,
612 3004 783 3060 σῶσόν
853 3027 940 3079 με.
978 3026 1006 3063 ι
1074 2996 1404 3082 ’Υπέστρωσε
1449 3012 1525 3079 τῷ
1555 3005 1735 3083 Πέτρῳ
1766 3005 1999 3083 τὴνλθᾶ-

2067 879 2173 940 das
2203 880 2432 940 fortiter
2464 898 2476 940 :
2509 888 2565 939 at
2595 879 2752 940 circa
2801 889 3067 959 quartam
3115 880 3401 957 vigiliam.
3441 884 3503 942 In
3557 897 3701 960 qua-

2068 969 2504 1048 tuor76purtes
2536 977 2766 1028 noctem
2802 968 3067 1027 dividunt
3099 970 3376 1029 custodes
3399 970 3568 1047 juxta
3591 969 3708 1028 mi-

2069 1057 2300 1117 litarem
2333 1056 2736 1136 disciplinam,
2769 1057 3010 1134 singulis
3043 1076 3147 1136 per
3180 1065 3296 1117 tres
3326 1059 3504 1118 horas
3543 1075 3709 1118 suam

2073 1144 2440 1206 servantibus
2455 1145 2776 1204 custodiam
2790 1143 3096 1206 .Dominus
3111 1152 3308 1206 autem
3341 1155 3471 1224 post
3493 1163 3707 1205 nonam

2071 1235 2276 1294 horam
2328 1233 2516 1293 noctis
2572 1233 2881 1293 ambulans
2935 1251 3112 1313 supra
3164 1253 3399 1313 aquam,
3435 1243 3708 1313 tanquam

2073 1323 2250 1397 Deus,
2287 1323 2469 1384 astitit
2520 1321 2607 1381 Illi
2638 1331 2832 1382 autem
2862 1339 2986 1381 rem
3015 1331 3126 1382 tam
3155 1341 3345 1384 raram
3393 1342 3460 1383 ac
3508 1323 3713 1382 insoli-

2077 1421 2194 1472 tam
2229 1419 2582 1490 spectantes,
2641 1411 2919 1489 putabant
2967 1420 3268 1490 spectrum
3323 1431 3476 1472 esse.
3512 1410 3714 1491 Neque

2075 1502 2232 1562 enim
2261 1521 2293 1561 a
2318 1503 2514 1580 specie
2560 1502 2750 1579 ipsum
2789 1500 3248 1578 cognoscebant,
3293 1502 3502 1580 partim
3535 1521 3715 1581 prop-

2075 1599 2164 1651 ter
2199 1589 2677 1669 noctem,partim
2705 1599 2944 1668 propter
2978 1590 3334 1652 metum.Ille
3365 1599 3560 1650 autem
3592 1589 3718 1648 ani-

2075 1698 2240 1740 mans
2298 1679 2427 1738 illos
2483 1687 2682 1738 autem
2773 1678 2916 1737 dixit
2951 1697 2963 1737 :
2997 1678 3116 1756 Ego
3148 1698 3302 1752 sum,
3362 1680 3462 1758 qui
3521 1677 3719 1739 omnia

2077 1787 2310 1848 possum
2338 1787 2351 1830 :
2388 1767 2574 1827 fidite.

2157 1859 2338 1918 Vens.
2367 1856 2461 1917 28.
2501 1854 2930 1934 «Respondens
2962 1863 3157 1916 autem
3189 1856 3276 1916 illi
3309 1858 3517 1918 Petrus
3546 1856 3711 1918 dixit:

2081 1944 2353 2022 Domine,
2378 1944 2425 2002 si
2455 1951 2511 2002 tu
2541 1942 2854 2020 es,jubeto
2896 1961 2989 2002 me
3037 1943 3242 2003 venire
3300 1943 3372 2003 ad
3425 1952 3481 2004 te
3540 1960 3720 2023 super

2079 2052 2279 2113 aquas.
2313 2058 2332 2086 ι
2364 2031 2822 2092 Ferventissima
2851 2031 3004 2091 Petri
3029 2051 3167 2108 erga
3197 2031 3494 2094 Christum
3518 2032 3718 2092 chari-

2081 2130 2165 2182 tas
2191 2119 2726 2182 erat2desiderabat
2758 2120 2916 2179 enim
2947 2121 3138 2179 statim
3166 2139 3348 2199 prope
3371 2121 3532 2180 illum
3561 2138 3712 2193 esse,

2082 2219 2138 2270 et
2171 2229 2289 2289 prm
2312 2209 2464 2269 aliis.
2499 2209 2764 2272 Credidit
2791 2216 2989 2268 autem
3007 2210 3160 2287 quod
3178 2207 3352 2269 Jesus
3376 2228 3493 2269 non
3526 2210 3717 2269 solum

2081 2300 2208 2378 ipse
2239 2299 2568 2357 ambularet
2588 2315 2766 2376 super
2787 2315 2987 2375 aquas,
3018 2297 3124 2357 sed
3151 2297 3336 2357 etsibi
3355 2297 3597 2358 daturus
3620 2316 3720 2358 es-

2082 2398 2170 2452 set
2189 2390 2456 2450 hoc.Non
2490 2388 2634 2448 dixit
2651 2386 3028 2463 autem,Jube
3047 2407 3140 2448 me
3159 2389 3717 2469 ambulare,sed,Ad

2081 2487 2136 2539 te
2159 2476 2418 2538 ire.Nam
2456 2477 2595 2536 illud
2613 2477 3023 2536 ostentationis
3041 2478 3268 2551 est,hoc
3286 2485 3481 2538 autem
3503 2477 3721 2538 amoris

2079 2567 2141 2626 in
2164 2566 2480 2627 Christum.

2162 2654 2344 2716 Vens.
2369 2655 2468 2725 “.29,
2506 2652 2603 2716 30.
2644 2677 2664 2708 ι
2694 2652 2798 2713 Ille
2828 2661 3021 2713 autem
3049 2653 3193 2713 dixit
3219 2672 3230 2714 :
3254 2653 3400 2714 Veni
3431 2676 3444 2734 ;
3500 2663 3555 2716 et
3584 2673 3716 2716 cum

2082 2743 2490 2804 descendisset
2506 2761 2538 2803 e
2561 2741 2690 2801 navi
2721 2741 3296 2814 Petrus,amlbulabat
3320 2762 3497 2821 super
3514 2762 3715 2824 aquas,

2085 2841 2145 2892 ut
2175 2831 2284 2891 iret
2316 2831 2384 2890 ad
2407 2829 2925 2891 Jesum.Ca:terum
2948 2847 3078 2890 cum
3105 2830 3325 2892 videret
3355 2839 3588 2892 ventum
3614 2850 3718 2889 va-

2083 2921 2290 2992 lidum,
2347 2919 2586 2978 territus
2644 2924 2858 2979 estzet
2899 2935 3033 2976 cum
3095 2918 3372 2997 coepisset
3423 2919 3716 2996 demergi,

2085 3008 2354 3069 clamavit
2382 3006 2610 3077 dicens,
2664 3005 2933 3078 Domine,
2971 3024 3138 3065 serva
3171 3024 3284 3066 me.
3320 3030 3341 3062 ι)
3393 3004 3721 3067 Subsrtavit

353 3081 556 3150 λασσαν
614 3094 642 3149 6
703 3092 910 3172 Κύριος,
964 3092 1164 3156 δεικνὺς
1194 3081 1295 3161 τὴν
1357 3095 1542 3153 ἑαυτοῦ
1584 3081 1823 3168 δύναμιν.
1853 3081 1999 3171 ’Ὅρα

2090 3097 2368 3158 Dominus
2403 3097 2575 3155 Petro
2625 3112 2810 3173 mare,
2855 3112 3018 3154 suam
3054 3095 3364 3155 declarans
3419 3097 3718 3156 virtutem.

353 3182 408 3238 δὲ
470 3183 583 3246 πῶς
639 3187 730 3236 τοῦ
790 3190 1024 3257 μείζονος
1088 3185 1491 3262 περιγενόμενος
1547 3185 1575 3238 6
1633 3183 1854 3262 Πέτρος,
1904 3181 1999 3248 τῆς

2090 3185 2338 3248 Attende
2371 3193 2562 3245 autem
2592 3183 2748 3261 quod
2778 3183 2983 3260 majori
3017 3183 3299 3262 periculo,
3337 3202 3549 3262 nempe
3591 3203 3720 3244 ma-

353 3271 628 3337 θαλάσσης
712 3269 874 3347 λέγω,
935 3273 1027 3326 τὸν
1098 3270 1292 3346 ἄνεμον
1347 3269 1610 3350 ἔφοϐἤθη,
1641 3270 1805 3333 οὕτως
1864 3269 2000 3326 ὶστὶν

354 3362 578 3427 ἀσθενὴς
647 3361 682 3427 ἦ
733 3359 1032 3436 ἀνθρωπίνη
1099 3361 1273 3438 φὺσιςθ
1336 3362 1424 3416 καὶ
1478 3361 1660 3417 αὐτίκα
1719 3358 1807 3432 ὅτε
1865 3358 1992 3437 ἐφο-

354 3446 520 3520 ϐήθη,
594 3447 713 3500 τότε
769 3445 962 3523 ἤρξατο
1033 3450 1522 3517 καταποντίζεσθαι.
1565 3446 1652 3502 ὅτε
1697 3448 1796 3524 γὰρ
1839 3446 2001 3512 ἠσθά-

359 3557 520 3602 νησεν
576 3538 611 3600 ἡ
668 3537 868 3607 πίστις,
925 3536 1046 3591 τότε
1093 3536 1350 3611 βυθίζεται
1408 3537 1437 3591 6
1469 3535 1684 3615 Πέτρος.
1741 3542 1905 3593 Τοῦτο
1950 3532 2004 3589 δὲ

359 3627 449 3681 καὶ⁸
511 3623 667 3680 αὒτὸν
725 3623 938 3689 ἐποίησε
1009 3624 1088 3699 μὴ
1171 3625 1580 3704 ὑψηλοφρονεῖν,
1630 3625 1718 3680 καὶ
1752 3625 1871 3686 τοὺς
1904 3622 2005 3678 ἂλο

361 3713 484 3775 λους
544 3714 784 3788 μαθητὰς
832 3714 1263 3790 παρεμυθήσατο,
1324 3712 1503 3776 ’Ἴσως
1559 3714 1658 3791 γὰρ
1715 3712 2005 3791 ἐφθόνησαν

366 3803 528 3875 αὒτῷ·
587 3799 724 3857 ἀλλὰ
776 3801 864 3857 καὶ
948 3801 1114 3858 πόσον
1182 3801 1431 3880 ὑπερέχει
1465 3803 1492 3858 6
1541 3802 1764 3880 Χριστὸς
1823 3802 2002 3880 αὐτοῦ,

369 3888 552 3956 ἔδειξεν
563 3938 576 3952 ,

452 4004 480 4034 ε
541 3979 745 4043 Εὐθέως
829 3977 882 4034 δὲ
953 3979 1159 4046 ’[ησοῦς
1215 3981 1449 4044 ἱκτείνας
1519 3979 1620 4045 τὴν
1653 3991 1840 4058 χεῖρα,
1874 3978 2005 4034 ιπε-

365 4067 556 4126 λάὄετο
628 4071 808 4148 αὐτοῦ,
895 4070 982 4125 καὶ
1041 4068 1186 4136 λέγει
1262 4067 1423 4142 αὐτῷ·
1457 4067 1818 4147 Ὀλιγόπιστε,
1853 4069 1925 4130 εἷς
1957 4067 2008 4125 τί

361 4158 636 4221 ὶδίστασας
673 4176 689 4232 ;
765 4158 862 4215 Καὶ
911 4156 1182 4233 ὶμὸάντων
1212 4158 1381 4215 αὐτῶν
1429 4159 1501 4220 εἰς
1531 4159 1592 4213 τὸ
1635 4156 1850 4225 πλοῖον,
1885 4156 2009 4211 ἑκό-

361 4268 532 4304 πασεν
593 4249 620 4303 6
691 4245 906 4321 ἄνεμοςο
939 4249 984 4303 οἱ
1013 4245 1067 4302 δὲ
1096 4249 1151 4302 ιν
1182 4251 1257 4319 τῷ
1299 4245 1489 4319 πλοίῳ,
1535 4245 1771 4307 ἐλθόντες
1815 4266 2011 4324 προσε-

2087 3273 2191 3348 ris,
2225 3279 2526 3351 superato,
2562 3279 2794 3331 ventum
2822 3270 3016 3330 timuit
3050 3293 3061 3329 :
3095 3272 3176 3332 ita
3198 3271 3432 3331 inﬁrma
3478 3279 3566 3331 est
3605 3272 3718 3332 hu-

2087 3380 2258 3421 mana
2290 3369 2496 3420 natura
2525 3380 2536 3420 :
2574 3367 2632 3418 et
2667 3360 2857 3418 statim
2891 3369 2952 3418 ut
2985 3360 3202 3433 timuit,
3231 3361 3410 3438 caspit
3455 3359 3723 3420 submer-

2087 3449 2141 3527 gi
2182 3471 2194 3510 :
2229 3449 2463 3528 quando
2492 3447 2648 3507 enim
2685 3447 2832 3507 ﬁdes
2863 3447 3098 3509 infirma
3135 3458 3246 3527 est,
3282 3458 3418 3509 tunc
3477 3449 3538 3508 in
3579 3467 3722 3526 pro-

2086 3539 2266 3598 funda
2296 3536 2608 3597 descendit
2641 3540 2861 3596 i’etrus.
2898 3536 3021 3596 Hoc
3051 3545 3244 3597 autem
3293 3537 3453 3608 fecit,
3506 3555 3580 3598 ne
3624 3537 3726 3598 ille

2088 3625 2441 3706 superbiret,
2473 3632 2529 3684 et
2546 3624 2690 3684 alios
2703 3625 2997 3685 solaretur
3016 3624 3543 3705 discipulos.Forte
3564 3625 3722 3685 enim

2089 3714 2456 3792 invidissem,
2491 3714 2593 3774 sed
2628 3721 2684 3773 et
2712 3712 2981 3774 Christus
3003 3723 3286 3792 quantum
3317 3713 3508 3792 ipsum
3542 3731 3724 3792 supe-

2088 3813 2200 3878 ret,
2227 3800 2507 3864 ostendit.

2169 3970 2351 4034 νεεδ.
2381 3970 2583 4034 31-33.
2625 3993 2652 4032 ‹
2686 3972 3009 4034 Confestim
3059 3982 3254 4034 autem
3295 3973 3465 4036 Jesus
3495 3981 3732 4036 extenta

2091 4079 2266 4122 manu
2297 4061 2691 4141 apprehendit
2715 4079 2873 4136 eum,
2907 4071 2964 4121 et
2995 4061 3140 4122 dixit
3169 4063 3256 4122 illi
3283 4083 3294 4122 :
3325 4066 3522 4124 Parvae
3567 4064 3728 4144 fidei,

2095 4151 2164 4210 ad
2201 4151 2340 4230 quid
2367 4148 2815 4210 formidasti?Et
2845 4149 3123 4227 ingressis
3144 4151 3261 4210 illis
3284 4151 3343 4209 in
3367 4152 3731 4224 navim,con-

2095 4240 2566 4318 quievitventus.
2593 4240 2778 4299 Porro
2829 4242 2926 4317 qui
2986 4238 3045 4298 in
3103 4240 3234 4299 navi
3267 4248 3728 4301 erantaccesse-

361 4339 602 4403 κύνησαν
657 4340 822 4414 αὐτῷ,
883 4335 1156 4414 λέγοντες⁸
1221 4326 1462 4402 Ἀληθῶς
1525 4343 1654 4392 Θεου
1716 4336 1833 4398 Υἱὸς
1866 4338 1940 4391 εἴ.
1981 4356 1999 4390 1

2096 4328 2322 4388 runtad
2351 4346 2510 4401 eum,
2539 4335 2596 4387 et
2631 4327 3054 4400 adoravernnt,
3089 4327 3353 4388 dicentes
3391 4350 3403 4390 :
3442 4330 3596 4388 Vere
3624 4329 3731 4391 Dei

367 4425 631 4482 Δεικνύων
663 4427 691 4480 6
736 4426 982 4504 Χριστὸς,
1017 4425 1097 4480 ὃτι
1128 4425 1230 4504 οὐχ
1275 4427 1302 4480 6
1346 4423 1538 4499 ἄνεμος
1567 4422 1740 4486 αἴτιος
1790 4430 1882 4480 τοῦ
1910 4445 1999 4484 κα-

2101 4416 2281 4478 Filius
2302 4415 2773 4504 es.nOstendens
2803 4415 3071 4478 Christus
3095 4435 3214 4476 non
3235 4419 3606 4490 ventum,sed
3629 4438 3730 4497 pu-

364 4517 803 4591 ταποντισθῆναι,
876 4511 996 4569 ἀλλ’
1058 4515 1092 4581 ἡ
1152 4515 1505 4593 μικροψυχία,
1575 4513 1633 4567 οὔ
1688 4518 1766 4586 τῷ
1835 4512 2014 4588 ἀνέμῳ

371 4605 614 4682 ἰπιτιμᾷ,
670 4600 806 4660 ἀλλὰ
859 4606 936 4676 τῷ
1005 4604 1472 4682 μικροψυχήσαντι
1525 4602 1728 4680 Πέτρῳ.
1787 4603 1879 4658 Διὸ
1927 4603 2014 4657 καὶ

373 4689 740 4754 ἀναϐαστάσας
797 4690 975 4767 αὒτὸν,
1035 4690 1260 4758 ἔστησεν
1310 4691 1396 4747 ἐπὶ
1448 4699 1539 4748 τοῦ
1581 4689 1791 4762 ὕδατος,
1855 4691 2014 4753 ὶάσας

371 4783 462 4837 τὸν
536 4780 732 4856 ἄνεμον
803 4793 983 4840 πνεῖν.
1047 4781 1154 4838 Οὔκ
1211 4780 1283 4843 εἷς
1340 4781 1402 4834 τὸ
1444 4785 1548 4836 πᾶν
1578 4777 1632 4834 δὲ
1693 4778 1958 4835 ἰδίστασεν
1988 4781 2016 4834 6

374 4869 595 4945 Πέτρος,
666 4866 785 4925 ἀλλ’
837 4869 922 4932 εἷς
992 4891 1066 4943 τι,
1099 4867 1366 4942 τουτέστι,
1412 4873 1661 4946 μερικῶς’
1710 4865 1825 4924 καθ’
1865 4866 1894 4922 ὅ
1920 4867 2016 4942 μὲν

369 4960 473 5037 γὰρ
515 4955 772 5036 ἰφοόήθη,
817 4959 953 5013 κατὰ
993 4965 1148 5014 τοῦτο
1180 4957 1462 5024 ἠπίστησε·
1502 4957 1616 5013 καθ’
1649 4955 1758 5012 ὅδὲ
1809 4954 2014 5036 ἔκραξε,

373 5047 555 5124 Κύριε,
615 5045 788 5101 σῶσόν
859 5066 948 5121 με,
1009 5047 1145 5102 κατὰ
1188 5052 1341 5102 τοῦτο
1381 5047 1567 5103 ἰάσατο
1622 5045 1719 5111 τὴν
1749 5046 2014 5107 ἀπιστίαν,

375 5138 472 5191 Διὸ
501 5133 842 5213 ὀλιγόπιστος
872 5135 1074 5209 ἀκούει,
1122 5133 1236 5191 ἀλλ’
1299 5135 1395 5191 οὒκ
1437 5133 1686 5197 ἄπιστος.
1717 5137 1775 5191 Οἱ
1845 5135 1932 5190 οὖν
1965 5134 2016 5190 ἐν

369 5232 448 5299 τῷ
502 5223 697 5303 πλοίῳ,
757 5226 844 5280 καὶ
902 5225 1047 5281 αὑτοὶ
1089 5234 1181 5284 τοῦ
1223 5221 1385 5302 φόϐου
1435 5221 1795 5290 ἆπελὺθησαν.
1853 5222 2014 5280 Ἐκό-

369 5333 509 5369 πασε
562 5315 664 5392 γὰρ
717 5315 746 5369 6
822 5310 1038 5388 ἄνεμοςο
1133 5315 1221 5369 καὶ
1278 5310 1344 5379 δὴ
1401 5311 1612 5390 γνόντες
1659 5311 1765 5368 ἀπὸ
1819 5311 2018 5368 τούτων

371 5404 466 5458 τὸν
529 5400 756 5477 Ἰησοῦν,
818 5399 1139 5479 ὁμολογοῦσι
1182 5401 1280 5468 τὴν
1325 5405 1484 5459 αὐτοῦ
1525 5402 1776 5466 θεότητα,
1820 5401 1891 5457 Οὐ
1918 5402 2017 5479 γὰρ

2097 4504 2562 4566 sillanimitatem
2585 4503 3005 4582 submergendi
3029 4522 3267 4567 causam
3293 4523 3576 4579 esse,non
3595 4525 3733 4568 ven-

2099 4603 2220 4654 tum
2253 4591 3358 4674 increpat,sedPetrumpusillanimem
3393 4593 3532 4656 Ideo
3548 4602 3725 4676 etap-

2100 4683 2457 4763 prehensum
2510 4701 2644 4743 eum
2695 4683 2894 4744 statuit
2952 4701 3131 4761 super
3188 4701 3399 4763 aquam
3441 4683 3732 4762 permisso

2099 4784 2272 4833 vento
2304 4774 2468 4834 flare.
2500 4770 2628 4832 Non
2661 4771 2904 4832 omnino
2933 4780 3127 4832 autem
3162 4771 3465 4834 dubitabat
3503 4775 3730 4854 Petrus,

2099 4863 2203 4923 sed
2224 4862 2550 4922 secundum
2583 4859 2747 4940 quid,
2781 4860 3013 4936 hocest,
3040 4879 3107 4921 ex
3130 4869 3467 4942 parte,nam
3480 4863 3647 4940 juxta
3677 4865 3735 4925 id

2101 4950 2256 5024 quod
2288 4949 2597 5022 dubitavit,
2629 4948 2977 5011 iucredulus
3022 4949 3129 5009 fuit
3164 4971 3177 5007 :
3213 4950 3380 5028 juxta
3429 4951 3486 5009 id
3538 4959 3735 5013 autem

2101 5039 2259 5119 quod
2291 5037 3036 5117 clamavit,Domine,serva
3057 5057 3174 5112 me,
3210 5039 3738 5102 curavitincredu-

2099 5131 2350 5190 litatem.
2379 5128 2519 5189 Ideo
2537 5145 2748 5206 parva?
2775 5128 2917 5206 ﬁdei
2944 5128 3181 5207 dicitur,
3216 5147 3334 5188 non
3366 5131 3734 5194 incredulus.

2100 5216 2289 5297 Igitur
2318 5217 2417 5297 qui
2441 5218 2497 5276 in
2534 5216 2755 5292 navi,et
2782 5217 2894 5296 ipsi
2916 5225 3076 5278 metu
3103 5218 3277 5278 soluti
3300 5219 3740 5282 sunt.Cessavit

2102 5308 2262 5370 enim
2297 5315 2525 5367 ventus.
2562 5307 2633 5365 Et
2656 5325 2726 5367 ex
2757 5307 2850 5368 his
2882 5307 3073 5384 cogito
3125 5308 3284 5381 Iesu,
3319 5309 3572 5370 confessi
3606 5318 3742 5370 sunt

2101 5398 2230 5477 ejus
2255 5395 2619 5457 deitatem.N
2626 5413 2774 5475 eque
2800 5396 2959 5457 enim
2993 5397 3253 5458 hominis
3268 5407 3357 5460 est
3384 5416 3563 5477 super
3579 5416 3742 5460 mare

1448 5532 1536 5598 Ex
1565 5534 1879 5597 collatione
1923 5531 2098 5595 codd.
2127 5530 2337 5590 Venet.
2372 5529 2428 5590 S.
2469 5526 2669 5589 Marci.

453 5654 584 5738 (21)
616 5653 774 5718 Edit.
808 5653 937 5720 Lut.
973 5654 1173 5718 omisit
1203 5660 1296 5715 οὒκ
1327 5701 1345 5731 ,
1375 5652 1598 5716 habent
1636 5653 1816 5718 codd.
1850 5655 1914 5716 S.
1947 5651 1999 5714 Π

2090 5649 2126 5711 :i
2155 5649 2229 5711 30
2274 5654 2334 5707 et
2359 5645 2458 5707 31.
