4126 6268
423 367 548 440 303

1384 370 1978 437 THEOPHYLACTI
2023 367 2430 434 BULGARLE
2472 371 2828 466 ARCHIEP.

428 508 755 581 ambulare,
811 507 917 570 sed
957 509 1104 570 Dei:
1143 507 1294 567 sicut
1339 514 1397 566 et
1456 505 1634 566 David
1694 505 1836 566 dicit
1872 527 1883 566 :
1927 526 1947 556 α
1998 504 2059 564 In

2163 503 2413 579 ὶνθρώπου
2469 507 2530 562 τὸ
2585 519 2897 584 περιπατεῖν
2947 505 3034 562 ἐπὶ
3087 506 3379 578 θαλάσσης,

3677 364 3799 432 304

3469 502 3604 561 ἀλλὰ
3636 509 3798 570 Θεοῦ,

433 599 577 660 mari
610 596 717 656 vite
759 603 889 658 tuae.
930 608 987 656 et
1015 594 1240 656 semitm
1264 603 1378 654 tua)
1411 595 1466 653 in
1491 595 1655 673 aquis
1689 593 1884 652 multis
1915 593 1996 648 ‘9.
2037 616 2060 644 ι)

2163 593 2283 648 ιαθὲι
2330 595 2416 649 καὶ
2468 597 2495 650 ὁ
2557 593 2721 650 Δαυίδ
2773 593 2942 673 λέγει·
2993 613 3025 652 ι
3053 595 3146 651 Ἐν
3194 601 3262 671 τῇ
3302 595 3542 670 θαλάσσῃ
3588 593 3638 647 αἱ
3689 588 3804 646 ὁδοί

426 691 596 747 Juxta
625 703 929 761 anagogen
972 695 1191 761 autem,
1244 683 1405 743 navis
1438 692 1611 750 terra.
1649 683 1858 741 ﬂuctus
1901 681 2012 740 vita
2036 698 2070 738 a

429 774 602 836 malis
624 772 934 851 spiritibus
964 772 1217 850 turbata,
1248 791 1362 831 nox
1393 770 1744 847 ignorantia.
1781 769 1840 828 ln
1867 777 2071 846 quarta

429 862 609 941 igitur
633 862 855 939 vigilia,
889 861 961 920 ad
990 862 1164 921 finem
1193 860 1543 920 saeculorum
1578 857 2065 918 astititChristus.

430 951 625 1011 Prima
646 949 864 1026 vigilia,
893 949 1082 1010 foedus
1102 969 1230 1007 cu'u.
1264 948 1558 1008 Abraham
1597 969 1609 1004 :
1652 946 1935 1022 secunda,
1984 946 2071 1004 lex

409 1037 632 1116 .Moysi:
659 1041 744 1096 77
775 1039 946 1098 tertia
980 1038 1320 1116 prophetam
1357 1034 1829 1114 quarta,Domini
1851 1034 2073 1094 adven-

429 1135 543 1186 tus.
575 1125 706 1204 Ipse
728 1127 888 1188 enim
922 1125 1171 1186 servavit
1205 1144 1312 1185 nos
1345 1123 1620 1185 fluctibus
1670 1123 1934 1201 agitatos,
1969 1139 2071 1182 ve-

433 1217 604 1274 niens
655 1215 726 1274 ad
775 1233 902 1287 nos,
939 1214 1019 1273 ita
1070 1222 1133 1273 ut
1183 1233 1316 1274 eum
1367 1229 1888 1290 cognosceremus,
1925 1219 1983 1270 et
2013 1218 2073 1269 ut

431 1302 618 1364 Deum
646 1302 1049 1363 adoraremus.
1078 1301 1229 1361 Vide
1256 1311 1450 1362 autem
1481 1309 1537 1361 et
1562 1301 1674 1359 hoc
1709 1302 1867 1378 quod
1893 1317 2070 1376 nega-

428 1392 651 1452 tionem
687 1393 932 1463 Petri,et
960 1390 1174 1449 deinde
1207 1391 1333 1468 ejus
1364 1389 1810 1450 conversionem
1847 1397 1902 1447 et
1944 1405 2069 1466 pm—

431 1481 738 1540 nitentiam
777 1480 1204 1558 prmsignarunt
1237 1497 1304 1539 ea
1339 1497 1467 1557 qua)
1494 1478 1604 1556 ipsi
1652 1478 1707 1536 in
1743 1477 1886 1536 mari
1911 1477 2074 1535 acci-

430 1566 822 1642 derunt.N3m
857 1567 1144 1627 sicutillic
1170 1566 1400 1626 dicebat
1434 1566 1761 1637 conﬁdens,
1796 1591 1820 1619 ‹‹
1852 1567 1980 1627 Νοη
2021 1573 2075 1625 te

2154 702 2266 760 σου,
2321 683 2404 738 καὶ
2461 685 2512 738 αἱ
2569 682 2734 758 τρίόοι
2797 705 2889 740 σου
2943 683 2998 739 ἐν
3052 681 3200 741 ὕδασι
3258 681 3510 745 πολλοῖς.
3551 703 3575 738 Ii
3611 677 3805 736 Ἀνακ-

2152 768 2270 826 τὲον
2318 767 2372 825 δὲ
2418 772 2509 827 τὸν
2563 769 2742 850 λόγον·
2799 773 3022 852 σκάφος,
3081 774 3115 840 ἡ
3179 778 3274 849 γῇ’
3320 774 3552 848 κύματα,
3603 766 3631 822 ὃ
3687 767 3803 842 βίος

2152 857 2254 912 ὑπὸ
2309 863 2414 913 τῶν
2465 867 2716 938 πονηρῶν
2790 861 3108 934 πνευμάτων
3162 860 3578 934 ταραττόμενος,
3628 854 3738 925 νὺξ,
3768 856 3804 920 ἦ

2155 944 2410 1022 ἀγνωσία.
2473 945 2562 1005 Ἐν
2611 955 2680 1024 τῇ
2746 949 2974 1027 τετάρτῃ
3002 949 3057 1004 δὲ
3087 947 3321 1029 φυλακῇ,
3351 949 3485 1027 πρὸς
3540 951 3618 1019 τῷ
3659 941 3802 1000 τέλει

2155 1031 2398 1099 δηλονότι
2455 1043 2562 1093 τίυν
2637 1038 2866 1116 αἰώνων,
2930 1037 3128 1102 ἐπέστη
3201 1041 3230 1094 ὁ
3286 1038 3530 1116 Χριστός.
3603 1033 3802 1112 Πρώτη

2156 1124 2254 1196 μὲν
2307 1146 2407 1202 γηρ
2464 1124 2696 1200 φυλακή,
2845 1128 2976 1205 πρὸς
3028 1125 3272 1205 Ἀϐραὰμ
3370 1123 3620 1194 διαθήκη’
3679 1120 3796 1177 δευ·

2155 1211 2304 1291 τέρα,
2377 1215 2404 1269 ὁ
2466 1213 2700 1276 Μωσέως
2759 1215 2942 1289 νόμος·
3001 1216 3179 1292 τρίτη,
3240 1216 3286 1272 οἱ
3355 1218 3649 1292 προφῆται*
3708 1231 3795 1266 τε·-

2155 1300 2345 1379 τάρτη,
2421 1304 2449 1368 ἧ
2536 1309 2624 1360 τοῦ
2676 1307 2862 1380 Κυρίου
2932 1304 3208 1381 παρουσία⁶
3265 1303 3422 1366 αὒτὸς
3478 1303 3578 1378 γὰρ
3637 1298 3806 1356 ἔσωσε

2155 1389 2277 1450 τοὺς
2341 1387 2844 1470 κλυδωνιζομὲνους,
2899 1391 3142 1447 εἰσελθὼν
3200 1391 3294 1447 καὶ
3349 1390 3638 1468 γενόμενος
3687 1385 3807 1464 μεθ’

2158 1479 2336 1556 ἡμῶν,
2395 1478 2531 1557 ὥστε
2587 1481 2731 1555 ἡμᾶς
2789 1479 3109 1557 ὲπιγνόντας
3182 1477 3336 1537 αὒτδν
3365 1481 3437 1545 ὡς
3468 1479 3598 1534 Θεὸν
3628 1497 3808 1554 προσ-

2157 1578 2359 1628 κυνεῖν,
2422 1555 2567 1645 υΟρα
2619 1567 2676 1624 δὲ
2743 1568 2839 1625 καῖ
2889 1575 3068 1642 τοῦτο,
3139 1569 3256 1630 πῶς
3301 1569 3400 1636 τὴν
3439 1566 3659 1646 ἄρνησιν
3714 1567 3811 1621 τοῦ

427 1656 652 1734 negabo
677 1656 757 1730 90,
800 1682 819 1710 ι)
881 1657 964 1715 sic
1014 1666 1070 1716 et
1117 1657 1234 1726 hic,
1284 1655 1437 1715 Jube
1492 1674 1583 1714 me
1633 1654 1836 1714 venire
1895 1670 2072 1731 super

2163 1653 2378 1733 Πέτρου,
2433 1656 2554 1712 εἶτα
2610 1656 2710 1724 τὴν
2781 1656 3102 1735 ἐπιστροφὴν
3155 1658 3243 1712 καὶ
3306 1657 3619 1732 μετάνοιαν,
3665 1675 3806 1724 πΡ⁰’

428 1763 624 1830 aquas,
663 1753 719 1804 et
749 1744 898 1803 sicut
932 1752 1070 1804 tunc
1117 1743 1390 1822 permisit
1439 1761 1677 1821 negare,
1733 1742 1810 1801 ita
1870 1750 1927 1802 et
1977 1743 2072 1802 hic

2163 1745 2390 1818 ισήμανε
2446 1745 2510 1799 τὰ
2581 1745 2636 1800 ἐν
2704 1752 2772 1821 τῇ
2827 1747 3067 1822 θαλάσσῃ
3111 1749 3252 1819 αὒτῷ
3297 1743 3590 1820 συμϐάντα*
3625 1742 3808 1820 ὥσπερ

429 1832 711 1912 permittit
741 1833 952 1910 mergi.
989 1831 1097 1892 Hic
1131 1849 1368 1892 manum
1404 1832 1458 1891 ei
1482 1831 2066 1910 porrexitDominus,

427 1928 622 1982 etnon
659 1920 932 1997 permisit
965 1939 1101 1980 eum
1133 1919 1436 1996 submergi
1474 1941 1486 1978 :
1527 1922 1601 1979 ita
1637 1927 1774 1978 tunc
1809 1937 1912 1997 per
1945 1936 2071 1998 pce—

431 2008 739 2069 nitentiam
768 2026 902 2068 eum
935 2027 967 2068 a
999 2008 1288 2087 profundo
1322 2009 1652 2086 negationis
1684 2007 1948 2068 extraxit.

2155 1832 2254 1908 γὰρ
2324 1831 2441 1888 ἐκεῖ
2513 1832 2656 1911 λςέγει
2724 1835 3128 1912 θρασυνόμενος·
3169 1857 3196 1888 ι
3231 1838 3302 1893 Οὐ
3348 1835 3425 1908 μή
3470 1854 3528 1888 σε
3561 1833 3806 1910 ἄπαρνή·

2157 1939 2340 1993 σομαι·
2406 1945 2433 1975 ι
2489 1924 2627 1978 οὒτω
2682 1922 2962 1980 κάνταῦθα·
3048 1922 3304 1981 Κέλευσόν
3338 1921 3605 1996 με’ἰλθεϊν
3634 1921 3810 1976 irrit-Ex

3455 2011 3806 2088 ἀρνήσασθαι,

2155 2007 2342 2066 ὕδαταο
2427 2012 2515 2066 καὶ
2581 2012 2758 2089 ὥσπερ
2829 2013 2948 2068 τότε
3008 2014 3358 2090 συνεχωρήθη

431 2098 564 2153 οὕτω
596 2099 854 2152 κάνταῦθα
909 2111 1269 2176 συγχωρεῖται
1343 2098 1692 2167 ποντίζεσθαι·
1757 2098 1974 2152 ἐνταῦθα
2030 2109 2193 2176 χεῖρα
2281 2095 2500 2154 δέδωκεν
2561 2102 2699 2175 αὒτῷ
2750 2103 2777 2156 ὁ
2838 2101 3045 2179 Κύριος,
3117 2101 3205 2156 καὶ
3286 2101 3379 2156 οὑκ
3455 2099 3627 2178 ἀφῆκε
3670 2120 3808 2153 πον-

429 2189 691 2250 τισθῆναι.
731 2185 900 2242 Κάκεῖ
929 2184 1013 2239 διὰ
1041 2191 1138 2250 τῆς
1171 2188 1449 2259 μετανοίας
1500 2186 1652 2239 -ι-Βτον
1684 2185 1788 2240 ἀπὸ
1822 2192 1909 2238 τοῦ
1940 2185 2096 2258 βυθοῦ
2123 2186 2222 2249 τῆς
2252 2185 2494 2264 ἀρήσεως
2527 2187 2794 2247 εἵλκυσεν.

508 2272 692 2334 VERS.
730 2271 930 2335 34-36.
974 2297 994 2326 σ
1017 2272 1240 2333 Etcum
1275 2273 1670 2352 trajecissent,
1703 2272 2070 2344 veneruntin

429 2370 650 2423 terram
676 2361 1068 2423 Genezareth.
1098 2361 1170 2421 Et
1201 2381 1330 2422 cum
1361 2361 1735 2438 agnovissent
1771 2361 1934 2420 illum
1960 2353 2066 2420 viri

429 2451 546 2518 loci
572 2449 749 2522 illius,
776 2450 1106 2509 emiserunt
1131 2451 1366 2509 nuntios
1400 2451 1456 2509 in
1492 2457 1668 2508 totum
1703 2450 1961 2529 undique
1994 2452 2061 2508 ti-

427 2538 696 2598 nitimam
747 2538 1076 2614 regionem.
1113 2547 1166 2598 et
1199 2539 1519 2598 attulerunt
1549 2538 1630 2596 illi
1675 2556 1881 2598 omnes
1914 2538 2064 2598 male

425 2626 810 2706 babentes,et
833 2625 1226 2687 obsecrabant
1260 2646 1392 2686 eum
1427 2636 1486 2686 ut
1521 2635 1742 2686 tantum
1771 2634 2077 2703 tangerent

431 2715 732 2776 ﬁmbriam
765 2715 1105 2774 vestimenti
1137 2715 1346 2794 ipsius,
1380 2724 1435 2774 et
1458 2723 1742 2794 quotquot
1767 2717 2077 2792 tetigerunt

437 2820 600 2882 eum,
657 2803 798 2864 salvi
849 2803 982 2862 facti
1034 2814 1192 2863 sunt.
1254 2830 1274 2859 ι)
1329 2803 1740 2865 Geunezareni
1779 2803 2077 2864 Christum

319 2961 322 2966 ι
440 2892 625 2952 multo
663 2903 930 2970 tempore
961 2892 1113 2970 apud
1151 2911 1213 2952 se
1256 2903 1583 2952 versantem
1629 2911 1744 2952 non
1787 2891 1975 2951 solum
2013 2910 2082 2950 ex

415 2991 708 3066 ..aSpectu,
744 2980 847 3039 sed
875 2980 1051 3039 etiam
1087 2998 1158 3039 ex
1186 2980 1485 3041 miraculis
1517 2989 1922 3059 agnoscentes,
1955 2982 2077 3038 ala-

2241 2295 2267 2327 (
2303 2279 2400 2331 Καὶ
2450 2274 2884 2356 διαπεράσαντες,
2937 2275 3096 2344 ἦλθον
3169 2278 3240 2343 εἷς
3289 2280 3387 2344 τὴν
3447 2281 3549 2353 γῆν
3609 2282 3776 2346 Γεννη

2151 2361 2329 2440 σαρέτ,
2406 2364 2504 2420 Καὶ
2571 2366 2877 2442 ὶπιγνόντες
2928 2367 3082 2424 αὐτὸν
3137 2368 3184 2423 οἱ
3258 2365 3435 2444 ἄνδρες
3491 2375 3584 2423 τοῦ
3621 2369 3786 2424 τόπου

2148 2448 2367 2525 ἐκείνου,
2427 2452 2739 2510 ἀπέστειλαν
2797 2455 2869 2518 εἷς
2900 2453 3031 2521 ὅλην
3073 2454 3170 2521 τὴν
3213 2457 3513 2534 περίχωρον
3552 2455 3811 2530 ἐκείνην,

2155 2541 2242 2594 καὶ
2301 2543 2668 2616 προσήνεγκαν
2740 2545 2878 2617 αὒτῷ
2932 2544 3131 2608 πάντας
3159 2543 3282 2607 τοῦς
3340 2550 3519 2608 κακῶς
3547 2543 3810 2625 ἔχοντας,

2158 2628 2246 2684 καὶ
2294 2628 2623 2706 παρεκάλουν
2682 2633 2860 2704 αὒτὸν,
2933 2631 3024 2686 ἵνα
3057 2631 3215 2706 μόνον
3267 2633 3507 2707 ἅψωνται
3538 2642 3629 2689 τοῦ
3672 2656 3808 2711 κρα-

2162 2714 2350 2771 σπέδου
2406 2725 2498 2774 τοῦ
2555 2720 2763 2792 ἱματίου
2813 2720 2990 2779 αὒτοῦ’
3051 2721 3139 2776 καὶ
3186 2719 3302 2778 8³οι
3347 2720 3575 2795 ἥψαντο,
3610 2723 3809 2779 διεσώ-

2163 2807 2354 2870 θησαν.
2434 2829 2460 2860 ι
2530 2809 2625 2863 Διά
2684 2807 2882 2868 πολλοῦ
2911 2809 3107 2888 χρόνου
3133 2808 3532 2883 ἐπιδημήσαντα
3566 2817 3630 2864 1:7.
3665 2817 3801 2865 Γεν-

2163 2895 2389 2968 νησαρὲτ
2447 2897 2538 2951 τὸν
2589 2894 2816 2976 Ἰησοῦν,
2877 2901 2934 2954 οὗ
2978 2897 3138 2972 μόνον
3201 2899 3258 2953 ἐκ
3300 2903 3396 2963 τῆς
3427 2897 3624 2972 ὂψεως,
3661 2895 3830 2965 ἀλλά,

2161 2983 2247 3037 καὶ
2317 2982 2376 3038 ἐκ
2446 2991 2552 3040 τῶν
2611 2986 2845 3058 σημείων
2873 2989 3173 3063 ἒπιγνόντες
3229 2990 3273 3043 οἱ
3306 2984 3586 3065 ἅνθρωποι,
3621 2986 3796 3042 πίστιν

435 3088 600 3130 crem
638 3068 1038 3128 exbibuerunt
1084 3069 1278 3143 tidem,
1320 3072 1394 3128 ita
1426 3078 1486 3128 ut
1513 3077 1797 3147 cuperent
1848 3077 1903 3128 et
1947 3069 2072 3126 ﬁm-

2165 3069 2505 3129 ἐνδείκνυνται
2569 3075 2785 3152 θερμὴν’
2863 3077 2999 3132 ὥστε
3048 3078 3324 3151 ἐπιθυμεῖν
3377 3076 3465 3130 καὶ
3521 3082 3613 3131 τοῦ
3668 3097 3802 3153 κραο

439 3156 626 3218 briam
663 3157 1028 3234 contingere,
1064 3165 1237 3235 atque
1275 3160 1354 3217 ita
1394 3159 1575 3218 curati
1610 3164 1766 3216 sunt.
1804 3158 1901 3217 Sic
1931 3163 1988 3216 et
2021 3163 2072 3214 tu

2163 3157 2352 3214 σπέδου
2410 3162 2664 3241 ἅψασθαι,
2724 3165 2812 3220 καὶ
2871 3162 2934 3231 δὴ
2985 3172 3140 3222 τοῦτο
3195 3166 3538 3237 ποιήσαντες,
3615 3164 3803 3242 ἐθερα-

437 3264 670 3325 quoque
696 3245 1095 3305 summitatem
1127 3247 1304 3306 vestis
1335 3248 1548 3308 Christi
1586 3247 1925 3321 contingito,
1968 3246 2077 3304 hoc

437 3336 734 3406 est,tinem
768 3334 1060 3393 incolatus
1104 3335 1196 3395 sui
1240 3336 1297 3394 in
1351 3354 1551 3394 carne.
1589 3337 1646 3396 Si
1690 3334 1844 3393 enim
1878 3334 2073 3393 credi-

437 3422 597 3482 deris
645 3423 800 3500 quod
860 3433 1194 3501 assumptus
1259 3436 1346 3484 est
1405 3447 1416 3482 :
1470 3425 1812 3495 salvalieris,
1875 3424 2068 3484 vestis.

435 3511 620 3581 enim,
652 3529 790 3570 caro
825 3530 838 3568 :
879 3511 1112 3571 limbi-ia
1141 3521 1336 3572 autem
1372 3513 1522 3592 ejus,
1559 3513 1691 3572 linis
1742 3512 1871 3571 vitae
1902 3529 2080 3590 super

438 3606 656 3660 terram
669 3646 682 3659 .

438 3786 523 3846 De
571 3786 1056 3866 transgressione
1111 3789 1536 3849 mandatorum
1584 3787 1696 3847 Dei
1738 3806 1849 3867 per
1880 3790 2077 3849 tradi-

519 3867 745 3926 tionem.
804 3867 1132 3927 hominum.
1190 3868 1272 3928 De
1322 3869 1695 3929 Gitana-nem.
1769 3869 1850 3926 De
1919 3869 2078 3928 mul-

520 3946 778 4006 titudine
826 3955 1074 4008 sanata.
1141 3947 1228 4006 De
1265 3957 1486 4027 septem
1544 3946 1820 4021 panibus.

520 4118 700 4177 Vras.
736 4119 790 4191 1,
825 4116 884 4180 2.
921 4143 945 4172 (ι
976 4116 1140 4181 Tunc
1173 4118 1464 4180 accedunt
1492 4119 1562 4180 ad
1585 4117 1784 4180 Jesum
1809 4119 2081 4180 Hieroso-

435 4200 699 4283 lymitani
734 4205 957 4267 Scribze
983 4216 1037 4265 et.
1071 4208 1376 4281 Pharismi,
1411 4207 1677 4267 dicentes
1712 4227 1724 4264 :
1761 4206 1954 4278 Quare
1983 4206 2080 4266 di-

433 4293 647 4371 scipuli
680 4296 762 4354 tui
790 4295 1296 4372 transgrediuntur
1327 4295 1705 4356 traditionem
1739 4296 2082 4357 seniorum?

431 4397 554 4441 non
575 4382 728 4442 enim
754 4383 1162 4444 lavantmanus
1182 4403 1315 4444 suas
1338 4384 1573 4463 quando
1599 4384 1782 4443 edunt
1801 4402 2073 4462 panem.»

433 4467 778 4549 Quanquam
813 4473 872 4531 in
905 4471 1183 4531 omnibus
1216 4473 1360 4533 locis
1393 4481 1560 4532 erant
1593 4471 1816 4532 Scriba:
1843 4474 2072 4532 etl’ha-

429 4559 803 4638 risaei,magis
836 4569 1029 4621 tamen
1062 4563 1434 4623 venerabiles
1459 4568 1627 4622 erant
1658 4561 2074 4639 Hierosolymi-

431 4647 552 4707 tani
588 4669 600 4706 :
630 4649 761 4708 ideo
796 4649 880 4709 illi
915 4650 1098 4727 magis
1125 4649 1698 4728 invidebant,utpotc
1730 4650 1923 4709 inanis
1953 4650 2070 4726 glo-

428 4737 534 4797 riae
585 4737 772 4816 magis
832 4745 1199 4817 appetentes.
1263 4741 1486 4799 Morem
1533 4746 1729 4797 autem
1782 4737 2075 4799 habebant

425 4824 614 4885 Judzei
647 4845 762 4886 non
796 4827 1112 4900 comedere
1145 4827 1326 4886 illotis
1354 4825 1646 4904 manibus,
1682 4827 1856 4903 idque
1883 4845 1950 4886 ex
1976 4847 2073 4905 pa-

355 4947 357 4950 r
428 4923 580 4975 trum
619 4913 1079 4975 traditione.Has
1114 4914 1289 4991 igitur
1319 4915 1669 4974 traditiones
1702 4923 1757 4973 ut
1789 4915 2068 4976 vidissent

426 5022 542 5063 non
575 5002 876 5062 observari
900 5019 953 5062 'a
987 5002 1318 5080 discipulis,
1374 5007 1725 5081 putaverunt
1761 5002 1888 5062 illos
1920 5023 2066 5064 con-

424 5100 692 5152 temnere
723 5091 1012 5152 seniores.
1051 5091 1202 5163 Quid
1235 5095 1304 5151 ad
1336 5093 1456 5150 haec
1491 5089 1782 5152 Salvator?
1815 5091 1970 5154 Nihil
1997 5093 2067 5154 ad

424 5180 537 5240 hoc.
571 5181 914 5258 respondet,
953 5182 1055 5240 sed
1088 5181 1342 5241 vicissim
1376 5180 1761 5258 reprehendit
1793 5199 1914 5241 eos.

501 5265 680 5328 Vens.
717 5267 851 5329 3-6.
893 5288 920 5326 ‹
949 5270 1021 5327 At
1053 5269 1153 5329 ille
1184 5268 1553 5347 respondens
1585 5268 1726 5328 dixit
1757 5267 2068 5339 eiszQuare

418 5363 474 5414 et
531 5373 631 5414 vos
691 5357 1174 5433 transgredimiui
1243 5366 1602 5436 praeceptum
1663 5357 1764 5419 Dei
1826 5368 2069 5437 propter

418 5447 796 5510 traditionem
833 5455 1087 5509 vestram
1119 5451 1302 5510 ?nam
1339 5448 1492 5509 Deus
1524 5450 1805 5527 praecepit
1835 5451 2062 5510 dicens:

491 5621 548 5708 ἕο
579 5621 736 5684 Psal.
771 5636 968 5696 LXIV],
1005 5621 1103 5685 20.
1193 5623 1254 5673 20
1287 5623 1468 5683 Marc.
1503 5639 1620 5698 XIV,
1663 5624 1766 5685 31.

2160 3251 2444 3316 πεύθησαν.
2509 3252 2686 3315 Οὕτως
2745 3254 2833 3310 οῦν
2889 3257 2976 3310 καὶ
3035 3256 3095 3312 σὺ
3152 3254 3286 3330 ἅψαι
3348 3262 3440 3310 τοῦ
3501 3254 3662 3332 ἃκρου
3716 3264 3806 3311 τοῦ

2157 3339 2364 3406 ἱματίου
2418 3341 2510 3404 τοῦ
2568 3347 2815 3422 Χριστοῦ,
2877 3343 2994 3410 ἤτοι
3043 3350 3135 3400 τοῦ
3164 3343 3350 3409 τέλους
3398 3350 3509 3410 τῆς·
3552 3344 3804 3421 ἰνσάρκου

2159 3430 2314 3483 αὺτοῦ
2369 3429 2672 3504 ἐπιδημίας.
2749 3431 2873 3489 Ἐὰν
2917 3435 3015 3512 γὰρ
3059 3435 3348 3510 πιστεύσῃς
3396 3433 3475 3490 δτι
3508 3432 3802 3513 ἀνελήφθη,

2161 3518 2398 3592 σωθήσῃ³
2458 3519 2666 3592 ἱμάτιον
2722 3521 2822 3599 γὰρ
2896 3523 2929 3589 ἡ
2988 3520 3136 3599 σάρξ·
3182 3521 3476 3602 κρασπεδον
3505 3521 3558 3578 δὲ
3580 3524 3802 3595 ταῦτ-ης,

2160 3607 2219 3659 τὸ
2248 3604 2402 3669 τέλος
2432 3609 2532 3673 τῆς
2563 3607 2614 3662 ἐν
2637 3613 2710 3684 γῆ
2740 3614 2904 3679 ζωῆς.

2778 3696 3189 3775 ΚΕΦΑΛ.ΙΕΣ
3691 3771 3700 3779 .

2166 3799 2286 3872 Περὶ
2341 3802 2440 3863 τῆς
2516 3797 2862 3876 παραϐάσεως
2915 3803 3014 3867 τῆς
3098 3800 3317 3870 ἰντολῆς
3396 3808 3488 3857 τοῦ
3545 3807 3675 3857 Θεοῦ
3722 3797 3807 3855 διὰ

2244 3877 2340 3941 τὴν
2403 3877 2693 3946 παράδοσιν
2779 3887 2882 3936 τῶν
2962 3881 3272 3958 ἀνθρώπων.
3349 3882 3470 3958 Περὶ
3524 3881 3622 3948 τῆς
3689 3887 3804 3936 Χα-

2246 3957 2480 4042 ναναίας.
2554 3961 2677 4037 Περὶ
2745 3967 2852 4014 τῶν
2935 3957 3351 4042 θεραπευθέντων
3408 3957 3612 4040 δ’χλων.
3683 3961 3807 4038 Περὶ

2243 4035 2348 4091 τῶν
2379 4036 2512 4092 ἑπτὰ
2555 4035 2749 4115 ἄρτων,
2996 4035 3005 4038 -
3031 4103 3034 4105 _

2249 4147 2276 4178 α
2311 4125 2440 4182 Τότε
2488 4128 2876 4206 προσέρχονται
2932 4135 3009 4203 τῷ
3060 4125 3241 4196 Ἰησοῦ
3297 4131 3344 4185 οἱ
3406 4127 3512 4184 ἀπὶ
3574 4119 3806 4205 Ἰεροσο..

2163 4211 2342 4288 λύμων
2393 4219 2735 4292 Γραμματεϊς
2795 4219 2881 4272 καὶ
2929 4224 3241 4296 Φαρισαῖοι,
3301 4214 3568 4294 λέγοντες·
3656 4217 3808 4273 Διατί
3903 4265 3914 4280 ,

2163 4303 2208 4355 οἱ
2279 4302 2512 4376 μαθηταί
2569 4325 2661 4359 σου
2734 4301 3110 4381 παραϐαίνουσι
3168 4307 3266 4372 τήν
3344 4301 3632 4383 παράδοσιν
3697 4310 3806 4361 τῶν

2103 4388 2523 4472 οπρεσϐυτὲρων
2570 4413 2585 4463 ;
2651 4393 2709 4448 οῦ
2755 4394 2854 4470 γὰρ
2907 4394 3174 4450 νίπτονται
3231 4394 3326 4456 τὰς
3381 4405 3576 4472 χεῖρας
3609 4391 3808 4473 αὒτῶν,

2160 4475 2285 4533 ὅταν
2341 4477 2497 4554 ἂρτον
2543 4479 2806 4538 ἐσθίωσιν.
2846 4505 2868 4538 ι
2921 4483 2978 4538 Εἰ
3023 4485 3109 4539 καὶ
3139 4488 3304 4538 πᾶσαι
3336 4485 3387 4537 αἱ
3431 4487 3607 4562 χῶραι
3641 4481 3806 4561 εἶχον

2159 4571 2500 4650 Γραμματεϊς
2555 4570 2643 4625 καὶ
2711 4570 3052 4650 Φαρισαίους,
3085 4568 3206 4626 ἀλλ’
3275 4574 3323 4628 οἱ
3391 4571 3718 4649 ἔντιμότεροι
3749 4570 3803 4625 ἐν

2161 4644 2504 4732 Ἰερουσαλὴμ
2559 4659 2717 4723 ἦσαν·
2795 4644 2874 4715 διὸ
2943 4644 3048 4715 καὶ,
3075 4659 3218 4718 οὗτοι
3248 4644 3513 4736 ἐφθόνουν
3545 4644 3804 4733 μάλιστα,

2155 4744 2228 4805 ὡς
2284 4742 2690 4823 φιλοδοξότεροι·
2739 4746 2850 4810 ἔθος
2908 4746 2962 4803 δὲ
3019 4748 3180 4828 εἶχον
3251 4752 3298 4804 οἱ
3385 4746 3658 4822 Ἰουδαῖοι,
3722 4749 3802 4823 μὴ

2153 4831 2387 4897 ἀνίπτοις
2445 4835 2626 4912 χερσὶν
2697 4835 2908 4911 ἐσθίειν,
2970 4837 3077 4893 ἀπὸ
3133 4837 3363 4900 παλαιᾶς
3432 4834 3800 4916 παραδόσεως.

2153 4922 2358 4986 Ταύτης
2431 4925 2517 4978 οῦν
2575 4929 2673 4990 τῆς
2731 4923 3071 5004 παραδόσεως
3119 4932 3572 5004 καταφρονοῦντας
3625 4927 3801 5004 ὁρῶν-

2151 5030 2234 5072 τες
2292 5010 2412 5072 τοὺς
2471 5014 2733 5086 μαθητὰς,
2795 5013 3046 5089 ἐνόμισαν
3094 5014 3280 5078 αὐτοῦς
3334 5013 3621 5079 ὲξουθενεϊν
3680 5014 3801 5079 τοὺς

2152 5096 2554 5176 πρεσϐυτέρους.
2652 5103 2711 5159 Τί
2761 5103 2850 5159 οὖν
2902 5104 2930 5158 ὁ
2989 5104 3228 5181 Eun-imp;
3279 5100 3438 5162 Οὗδὲν
3497 5103 3596 5178 μὲν
3670 5104 3818 5171 πρὸς

2150 5196 2304 5244 τοῦτο
2331 5186 2706 5270 ἀπολογεῖται·
2742 5189 3061 5270 ἀντεγκαλεῖ
3089 5189 3142 5246 δὲ
3169 5194 3375 5256 αὖτοτς,

2238 5294 2267 5331 ι
2329 5267 2384 5333 Ὀ
2441 5275 2495 5332 δὲ
2542 5279 2840 5358 ἀποκριθεὶς
2881 5267 3055 5337 ἐἶπεν
3087 5283 3292 5342 αὐτοῖς·
3352 5281 3502 5337 Διατί
3529 5281 3619 5336 καὶ
3648 5279 3808 5355 ὑμεῖς

2149 5359 2497 5438 παραϐαίνετε
2554 5368 2652 5434 τὴν
2707 5368 2930 5435 ἓντολὴν
2986 5367 3080 5424 τοῦ
3130 5374 3263 5424 Θεοῦ
3303 5365 3388 5424 διὰ
3415 5367 3516 5435 τὴν
3558 5364 3803 5446 παράδο-

2150 5473 2233 5507 σιν
2263 5453 2408 5528 ὑμῶν
2446 5473 2461 5533 ;
2526 5446 2581 5512 εΟ
2612 5457 2712 5536 γὰρ
2741 5458 2870 5520 Θεὸς
2901 5455 3216 5529 ἆνετείλατο,
3267 5455 3461 5536 λέγων’
3524 5456 3665 5534 τίμα
3704 5457 3800 5514 τδν
