4126 6268
335 358 459 428 305
941 371 946 376 ’
1011 377 1456 439 ENARRATIO
1499 377 1584 440 IN
1629 375 1972 440 EVANGEI

2060 377 2134 438 lM
2180 379 2575 441 MATTHIEI.
2611 412 2690 426 —
2720 379 2886 442 CAP.
2918 381 3048 442 XV.
3593 374 3730 441 366-

336 497 543 589 πατέρα-
580 521 679 558 σου
736 507 823 561 καὶ
877 506 977 573 τὴν
1037 508 1264 582 μητέρα·
1324 510 1412 564 καὶ
1537 508 1844 587 κακολογῶν
1874 530 1972 564 πα-

2065 507 2304 570 Honora
2335 517 2559 589 patrem
2593 517 2755 573 tuum
2790 517 2849 572 et
2902 519 3149 572 matrem
3187 531 3208 569 τ
3259 518 3316 570 et
3340 509 3438 588 qui
3473 507 3746 574 maledi-.

331 584 458 687 ’ξέρα
616 591 845 687 ξητέρα,
878 596 1086 670 θανάτῳ
1115 595 1437 662 τελευτάτω,
1469 587 1659 673 ’Υμετς
1689 584 1972 674 δὲ’λέγετεε

2063 595 2222 687 xerit
2251 584 2400 687 patri
2423 607 2532 687 aut
2559 600 2756 672 matri,
2789 608 2980 660 morte
3011 599 3296 660 moriatur
3329 584 3486 660 :‘vos
3515 604 3712 660 autem

375 684 447 741 Ος
504 676 563 734 ἄν
610 678 743 757 εἴπῃ
799 690 876 757 τῷ
949 687 1106 763 πατρὶ
1137 685 1170 753 ἤ
1202 693 1268 762 τῇ
1300 687 1482 765 μητρί⁵
1542 690 1718 765 Δῶρον
1749 687 1776 741 ὅ
1808 686 1896 743 ἐὰν
1929 683 1972 751 ἒξ

2063 682 2258 744 dicitis
2286 708 2298 743 :
2323 685 2673 767 Quicunque
2699 687 3078 766 dixeritpatri
3122 697 3220 747 aut
3248 685 3443 766 matri,
3478 684 3712 746 Donum

332 763 472 870 ipoii‘
519 767 827 848 ὠφεληθῇς,
887 775 977 830 καὶ
1020 777 1078 832 οὒ
1122 777 1199 850 μὴ
1228 763 1435 851 τιμήση
1465 777 1556 832 τὸν
1595 763 1795 855 πατέρα
1825 777 1972 832 αὐτοῦ

2064 773 2170 834 Dei
2196 781 2303 847 est,
2341 763 2624 855 quidquid
2674 796 2778 856 per
2833 763 3018 837 rue—in
3052 784 3213 836 tuum
3249 763 3555 836 cessurum
3589 779 3716 834 erat

329 854 365 919 ἦ
419 854 517 922 τὴν
585 857 814 938 μητέρα’
877 863 965 918 καὶ
1050 863 1356 941 ἧκυρώσατε
1412 865 1511 931 τήν
1597 863 1816 932 ἐντολὴν
1886 871 1972 921 τοῦ

2060 863 2462 942 commodum,
2499 854 2556 925 et
2590 854 2706 925 non
2741 865 3053 926 honorabit
3109 865 3199 923 78
3253 871 3478 942 patrem
3513 880 3709 935 suum,

331 948 464 1000 Θεοῦ
515 942 599 1034 διὰ
669 949 768 1015 τὴν
823 949 1110 1030 παράδοσιν
1164 953 1332 1028 ὑμῶν.
1401 975 1426 1007 ιι
1465 957 1523 1011 Οἱ
1555 953 1650 1028 μὶν
1694 961 1978 1034 Φαρισαῖοι

328 1033 664 1120 κατηγόρουν
731 1044 836 1094 τῶν
891 1043 1165 1116 μαθητῶν,
1219 1043 1292 1104 ὡς
1349 1039 1570 1108 εντολὴν
1625 1048 1729 1098 τῶν
1758 1033 1979 1120 πρεσϐυ-

327 1117 497 1195 τέρων
551 1123 1004 1202 παραϐαινὸντων*
1079 1132 1106 1186 6
1159 1128 1213 1184 δὲ
1255 1130 1479 1207 Χριστός
1519 1129 1740 1186 δεικνύει
1791 1117 1977 1193 αὖτοὺς

328 1209 424 1264 τὸν
479 1212 570 1268 τοῦ
615 1222 746 1274 Θεοῦ
819 1216 980 1292 νόμον
1060 1215 1500 1295 παραϐαίνοντας
1561 1216 1824 1276 ἐδίδασκον
1879 1220 1978 1298 γὰρ

327 1298 454 1363 τοὺς
524 1301 722 1368 παῖδας
766 1303 930 1380 μηδὲν
960 1303 1155 1362 διδόναι
1185 1321 1302 1372 τοῖς
1347 1314 1604 1384 γονεῦσιν,
1641 1306 1758 1362 ἀλλ’
1789 1308 1976 1364 ἀνατι-

326 1386 471 1476 θέναι
539 1391 638 1448 ὅσα
694 1392 879 1473 ἔχουσι
909 1398 984 1467 τῷ
1013 1395 1384 1474 γαζοφυλακίῳ
1439 1404 1532 1452 τοῦ
1566 1399 1722 1475 ἱεροῦ.
1761 1393 1856 1453 Ἦν
1878 1399 1976 1476 γὰρ

325 1475 383 1566 ἐν
439 1485 515 1552 τῷ
559 1483 682 1559 ἱερῷ
729 1484 1012 1564 θησαυρὸς,
1071 1483 1126 1539 ὲν
1270 1488 1314 1541 δ’
1348 1484 1666 1560 βουλόμενος
1731 1475 1974 1566 ἔϐαλλεν,

637 1568 660 1587 ἢ

2060 958 2159 1010 aut
2186 961 2428 1012 matrem
2471 971 2677 1014 suam:
2717 963 2772 1013 et
2803 955 3035 1015 irritum
3091 953 3316 1013 fecistis
3349 957 3711 1030 praeceptum

2059 1037 2166 1099 Dei
2191 1048 2433 1118 propter
2465 1041 2840 1102 traditionem
2865 1050 3177 1102 vestram.»
3215 1041 3496 1100 Phariszei
3527 1057 3714 1099 accu-

2061 1126 2267 1187 sabant
2298 1127 2622 1208 discipulos
2664 1129 2827 1208 quasi
2861 1129 3209 1190 mandatum
3237 1128 3538 1188 seniorum
3568 1143 3714 1205 pree-

2061 1216 2686 1285 vai‘icantes.Christus
2709 1227 2900 1277 autem
2930 1218 3188 1277 ostendit
3210 1218 3374 1296 ipsos
3397 1215 3710 1292 Deilegem

2063 1305 2455 1384 praevaricari.
2489 1306 2794 1366 Ducebant
2817 1307 2972 1366 enim
3003 1325 3219 1386 pueros
3239 1323 3311 1365 ne
3335 1303 3475 1383 quid
3503 1304 3713 1362 darent

2063 1393 2426 1474 pareutibus,
2461 1396 2566 1455 sed
2613 1396 2894 1455 otferrent
2927 1413 3294 1474 quaecunque
3324 1391 3622 1452 trahebant
3651 1389 3710 1450 in

2060 1483 2537 1562 gazophylacium
2565 1484 2793 1561 templi.
2825 1485 2965 1544 Erat
3002 1493 3197 1544 autem
3227 1487 3284 1542 in
3319 1483 3538 1559 templo
3572 1479 3710 1542 the-

323 1565 577 1626 ὲκαλεῖτο
632 1568 686 1625 δὲ
763 1594 915 1636 ουτος
978 1574 1132 1649 γάζα.
1170 1565 1228 1632 Ὀ
1259 1572 1313 1628 δὲ
1343 1576 1606 1652 Θησαυρὸς
1635 1589 1754 1637 τοῖς
1786 1565 1972 1643 πένησι

2063 1574 2362 1651 saurus,iu
2386 1592 2558 1651 quem
2584 1572 2853 1651 quisquis
2886 1571 3114 1631 volebat
3147 1570 3450 1650 quidpiam
3482 1567 3711 1627 immit-

319 1653 601 1720 διεδίδοτο.
661 1661 723 1718 Οἱ
780 1661 951 1719 τοίνυν
1005 1669 1288 1741 Φαρισαῖοι
1320 1666 1585 1726 πείθοντες
1617 1665 1736 1728 τοὺς
1785 1663 1972 1729 παῖδας

2066 1668 2235 1732 teret,
2272 1661 2706 1739 vocabaturque
2735 1661 2834 1719 ille
2887 1660 3127 1738 gaza.At
3159 1655 3621 1719 distribuebatur
3649 1656 3711 1717 in

321 1743 493 1818 μηδὲν
551 1746 747 1806 διδόναι
801 1766 919 1814 τοῖς
991 1750 1251 1828 γονεῦσιν,
1309 1750 1427 1806 ἀλλ’
1488 1752 1779 1808 ἀνατιθέναι
1852 1755 1972 1809 αὐτὰ

2066 1765 2352 1827 pauperes
2384 1749 2719 1810 thesaurus.
2757 1748 3038 1809 Pharisaei
3071 1747 3250 1825 igitur
3281 1744 3710 1826 persuadentes

322 1841 403 1907 τῷ
450 1839 696 1915 Θησαυρῷ
764 1848 856 1898 τοῦ
923 1842 1086 1918 ἱεροῦ,
1146 1838 1414 1896 ἐδίδασκον
1458 1841 1642 1903 αὐτοὺς
1677 1840 1851 1918 λέγειν
1895 1841 1972 1897 ὅτι

2064 1838 2261 1914 pueris
2291 1855 2365 1896 ne
2396 1837 2533 1916 quid
2568 1837 2778 1897 darent.
2802 1835 3167 1915 parentibus,
3197 1836 3302 1896 sed
3333 1835 3621 1895 offerrent
3649 1835 3707 1894 in

331 1926 512 2001 Δῶρόν
575 1925 716 2005 ἐστι,
768 1927 1060 2000 τουτέστιν,
1095 1928 1493 2003 ἀνατεθειμένον
1543 1937 1618 2003 τῷ
1651 1937 1765 2002 Θεῷ
1808 1929 1969 2006 ἐστιν,

2060 1924 2399 1984 thesaurum
2453 1925 2682 2004 templi,
2746 1923 3040 1986 docebant
3083 1925 3242 2002 ipsos
3294 1931 3356 1984 ut
3387 1924 3704 1984 dicerent:

326 2013 373 2069 ὦ
429 2013 617 2092 πάτερ,
676 2014 704 2070 ὅ
775 2023 963 2086 ζητεῖς
1026 2015 1076 2080 ἐξ
1108 2015 1235 2091 ἐμοῦ
1269 2015 1627 2095 ὠφεληθῆναι.
1681 2019 1775 2072 Καὶ
1807 2017 1972 2082 οὕτως

2060 2011 2287 2073 Donum
2310 2014 2412 2073 Dei
2437 2023 2550 2086 est,
2572 2013 2627 2073 id
2662 2026 2774 2093 est,
2801 2013 3066 2073 oblatum
3098 2013 3220 2073 Deo
3245 2020 3394 2084 est,o
3427 2019 3614 2090 pater,
3651 2010 3706 2070 id

325 2100 564 2179 ἑμέριζον
624 2103 767 2160 inci
813 2106 949 2178 μετὰ
999 2110 1102 2160 τῶν
1157 2103 1356 2160 παίδων
1414 2105 1478 2161 τὰ
1550 2106 1831 2184 χρήματα,
1889 2108 1972 2161 καὶ

2060 2103 2214 2180 quod
2241 2120 2343 2180 per
2363 2121 2456 2162 me
2479 2103 2581 2162 tibi
2611 2103 2744 2162 usui
2776 2121 2911 2162 esse
2945 2101 3114 2181 cupis
3144 2101 3215 2161 Et
3244 2101 3329 2161 sic
3361 2098 3704 2179 partieban-

322 2193 369 2246 οἱ
425 2192 608 2267 γονεῖς
666 2191 1122 2268 κατελιμπάνοντο
1182 2194 1612 2271 ἀγηροκὸμητοι’
1676 2195 1887 2252 εποίουν
1917 2193 1969 2248 δὲ

2061 2200 2152 2250 tur
2174 2191 2284 2268 ipsi
2309 2210 2440 2250 cum
2471 2192 2605 2250 filiis
2630 2209 2772 2270 opes
2799 2209 2810 2252 :
2837 2199 2892 2250 et
2915 2200 3192 2268 parentes
3215 2187 3706 2268 relinquebantur

248 2300 255 2308 ‘
317 2288 474 2337 τοῦτο
531 2282 617 2337 καὶ
676 2284 721 2337 οἱ
789 2280 1074 2344 δανεισταί,
1111 2283 1238 2339 Ἐὰν
1295 2285 1394 2359 γὰρ
1451 2305 1529 2347 τις
1602 2280 1828 2338 ἐδάνεισὲ
1868 2303 1968 2338 τινι

2060 2287 2110 2338 et
2142 2279 2706 2358 contemnebantur,
2741 2298 2850 2339 nec
2873 2279 2930 2338 in
2955 2288 3193 2338 senecta
3225 2277 3554 2338 alebantur.
3591 2275 3705 2336 Fa-

318 2370 601 2447 χρήματα,
676 2370 796 2425 εἶτα
828 2368 1076 2432 δύσκολος
1110 2373 1136 2426 6
1168 2371 1449 2450 χρεώστης
1483 2372 1546 2438 ἦν
1579 2374 1664 2427 καὶ
1710 2376 1801 2428 οὒκ
1831 2373 1968 2427 ἀπε-

2060 2366 2288 2426 ciebant
2319 2376 2512 2427 autem
2547 2359 2656 2426 Ιιοό
2683 2377 2740 2426 et
2771 2366 3196 2427 creditores.Si
3228 2367 3356 2446 quis
3389 2364 3548 2425 enim
3584 2363 3703 2423 cui-

317 2453 458 2511 δίδου
509 2459 569 2513 τὸ
623 2457 992 2538 ὀφειλόμενον,
1040 2458 1219 2536 ἔλεγεν
1305 2463 1330 2515 ὁ
1359 2458 1632 2525 δανειστὴς
1667 2462 1794 2537 πρὸς
1839 2467 1965 2516 τοῦ-

319 2568 413 2601 τον
466 2548 556 2601 τὸν
609 2547 893 2623 ἀγνώμονα
962 2549 1264 2628 χρεώστην·
1327 2546 1530 2626 Κορϐάν
1573 2547 1762 2605 ἐστινὸ
1814 2551 1964 2628 ὀφεί-

321 2634 435 2715 λεις
494 2657 605 2710 μοι,
683 2637 942 2710 τουτέστι,
1020 2637 1184 2715 δῶρον
1241 2643 1316 2710 τῷ
1374 2642 1488 2710 Θεῷ
1545 2637 1962 2711 ἀνατεθειμένον.

326 2714 385 2782 Ὀ
431 2724 515 2779 οὖν
548 2725 830 2803 χρεώστης
853 2728 925 2790 ὡς
955 2729 1031 2800 τῷ
1063 2732 1178 2800 Θεῷ
1210 2724 1387 2782 ἔκτοτε
1419 2724 1663 2805 ὀφείλων,
1709 2727 1794 2780 καὶ
1827 2725 1967 2782 ἄκων

319 2809 642 2868 κατέϐαλλεο
702 2821 853 2871 τοῦτο
885 2813 1150 2872 ἰὸίδισκον
1178 2816 1300 2878 τοὺς
1331 2813 1526 2879 παῖδας
1582 2817 1627 2870 οἱ
1684 2822 1966 2893 Φαρισαῖοι

317 2915 525 2960 ποιεῖν.

403 3015 430 3044 α
511 2982 835 3070 ἰ’ποκριταὶ,
919 2991 1098 3058 καλῶς
1175 2994 1532 3071 προεφήτευσε
1608 2994 1724 3070 περὶ

314 3071 569 3159 Ἠσαίας,
620 3080 811 3158 λέγων’
841 3082 1070 3160 Ἐγγίζει
1133 3104 1222 3157 μοι
1283 3084 1310 3138 6
1360 3079 1489 3142 λαὸς
1544 3081 1691 3143 οὗτος
1723 3087 1800 3154 τῷ
1843 3080 1970 3135 στό-

311 3192 445 3245 ματι
520 3169 715 3242 αὐτῶν,
777 3173 862 3227 καὶ
917 3186 1036 3235 τοῖς
1082 3171 1288 3250 χείλεσί
1317 3193 1384 3245 με
1429 3177 1581 3245 τιμᾷ,
1613 3173 1647 3238 ἡ
1704 3169 1757 3225 δὲ
1787 3167 1968 3248 καρδία

1821 2993 1967 3065 ὑμῶν

2052 2456 2206 2534 piam
2245 2466 2442 2515 mutuo
2476 2456 2738 2516 dedisset
2775 2457 3057 2534 pecunias
3092 2474 3104 2516 ;
3139 2465 3196 2514 et
3247 2454 3466 2513 deinde
3519 2451 3706 2512 malus

2049 2544 2287 2603 debitor
2319 2565 2432 2605 non
2463 2546 2740 2604 redderet
2767 2542 3306 2624 debi.um,dicebat
3335 2541 3599 2602 creditor
3629 2541 3700 2600 ad

2048 2631 2213 2691 illum
2239 2632 2528 2710 ingratum
2557 2633 2889 2693 dcbiiorem
2921 2653 2932 2690 :
2969 2631 3202 2692 Corban
3229 2639 3314 2691 est
3337 2629 3493 2709 quod
3520 2627 3704 2689 debes

2051 2723 2222 2795 mihi,
2258 2724 2368 2783 hoc
2394 2733 2501 2796 est,
2543 2725 2760 2782 donum
2797 2722 2915 2784 Deo
2942 2722 3222 2784 oblatum.
3256 2722 3499 2782 Debitor
3531 2719 3706 2796 igitur

2050 2820 2188 2871 tunc
2213 2813 2376 2890 quasi
2402 2811 2523 2872 Deo
2548 2812 2984 2889 debens,etiam
3018 2812 3236 2872 invitus
3263 2807 3700 2870 dinumerabat.

2049 2899 2173 2960 Hoc
2197 2899 2489 2960 docebant
2512 2901 2800 2961 Pharisaei
2835 2919 3050 2978 pueros
3085 2901 3300 2960 facere.

2134 2988 2314 3048 Vens.
2347 2991 2470 3050 7-9.
2506 2987 2892 3066 «Ilypocrilaz,
2932 2987 3084 3048 bene
3117 2985 3485 3068 prophetavit
3519 2983 3591 3044 de
3608 3002 3704 3044 vo-

2051 3076 2218 3137 vobis
2249 3077 2424 3138 Isaias
2447 3076 3139 3156 dicenszAppropinquat
3165 3077 3310 3135 mihi
3337 3073 3588 3154 populus
3610 3073 3708 3134 hic

2055 3185 2158 3226 ore
2191 3176 2384 3240 suo,et
2410 3166 2581 3227 labiis
2615 3185 2707 3226 me
2727 3168 3011 3234 honorat,
3051 3174 3328 3226 caeterum
3365 3181 3467 3226 cor
3499 3180 3704 3222 eorum

308 3261 488 3315 αὐτῶν
550 3258 728 3336 πόῤῥω
787 3260 984 3340 ἀπέχει
1045 3261 1138 3316 ἀπ’
1170 3263 1323 3335 ἒμοῠ.
1386 3261 1574 3326 Μάτην
1618 3258 1671 3313 δὲ
1733 3256 1972 3315 σέϐονταί

2060 3256 2261 3334 procul
2287 3255 2448 3315 abest
2471 3273 2502 3314 a
2523 3273 2637 3315 me.
2672 3256 2787 3316 Sed
2830 3254 3046 3314 frustra
3067 3272 3160 3313 mc
3189 3256 3388 3313 colunt
3419 3252 3706 3310 docentes

309 3369 410 3426 με,
487 3345 820 3411 διδάσκοντες
879 3347 1216 3410 διδασκαλίας
1264 3347 1567 3422 ἓντάλματα
1599 3347 1905 3425 ἀνθρώπων.
1941 3369 1968 3401 ι

320 3437 561 3492 Δείκνυσι
633 3435 721 3494 διὰ
792 3443 890 3504 τῆς
950 3429 1176 3493 Ἠσαίου
1215 3441 1426 3515 φωνῆς,
1458 3437 1548 3490 καὶ
1591 3436 1707 3513 περὶ
1737 3436 1826 3491 τὸν
1858 3441 1974 3489 [Ια-

318 3526 447 3602 τέρα
505 3524 662 3581 αὒτοῦ
717 3527 981 3590 τοιούτους
1043 3524 1199 3588 ὄντας
1268 3525 1478 3599 αὐτοὺς,
1542 3525 1651 3579 οἷοι
1718 3525 1804 3579 καὶ
1860 3517 1976 3600 περὶ

327 3615 484 3669 αὐτὸν
541 3615 883 3693 εὑρίσκονται·
945 3615 1167 3691 πονηροὶ
1235 3614 1334 3691 γὰρ
1377 3612 1549 3692 ὄντες,
1605 3613 1690 3667 καὶ
1732 3610 1815 3666 διὰ
1870 3618 1974 3667 τῶν

328 3709 576 3781 πονηρῶν
649 3703 812 3782 ἔργων
859 3703 1208 3782 μακρύνοντες
1255 3702 1467 3763 ἑαυτοὺς
1514 3700 1608 3757 τοῦ
1637 3707 1790 3773 Θεοῦ,
1845 3700 1973 3756 στό-

331 3813 461 3866 ματι
521 3793 678 3866 μόνον
731 3792 950 3850 ἐλάλουν
1007 3793 1072 3848 τὰ
1101 3799 1194 3847 τυῦ
1249 3797 1378 3847 Θεοῦ
1432 3788 1610 3868 λόγια.
1659 3790 1842 3855 Μάτην
1877 3789 1975 3866 γὰρ

329 3879 540 3946 πάντως
594 3880 837 3938 σέϐονται
891 3883 978 3938 καὶ
1007 3879 1214 3939 δοκοῦσι
1272 3884 1426 3954 τιμᾷν
1483 3879 1574 3934 τὸν
1627 3879 1780 3952 Θεὸν,
1815 3881 1862 3932 οἱ
1891 3875 1975 3934 διὰ

327 3971 436 4026 τῶν
465 3969 631 4048 ἔργων
660 3971 816 4027 αὐτὸν
839 3969 1202 4045 ἀτιμάζοντες.

414 4081 442 4112 ιι
499 4060 594 4117 Καὶ
650 4056 1149 4137 προσκαλεσάμενος
1209 4059 1302 4114 τὸν
1335 4053 1526 4134 ὄχλον,
1573 4056 1728 4111 εἶπεν
1761 4054 1967 4119 αὐτοῖς’

322 4147 574 4205 Ἀκούετε
629 4149 716 4204 καὶ
795 4149 1017 4206 συνίετε.
1087 4150 1158 4204 Οὐ
1225 4147 1287 4200 τὸ
1345 4145 1717 4222 εἰσερχόμενον
1783 4145 1854 4204 εἷς
1910 4146 1970 4200 τὸ

320 4237 500 4311 στόμα
555 4237 732 4292 κοινοῖ
791 4237 882 4292 τὸν
940 4235 1234 4312 ἄνθρωπον,
1267 4232 1404 4291 ἀλλά
1445 4234 1505 4287 τὸ
1558 4231 1969 4310 ξκπορευόμενον

325 4325 390 4380 ὲκ
428 4324 523 4381 τοῦ
575 4325 858 4403 στόματος,
921 4330 1075 4380 τοῦτο
1104 4335 1278 4378 κοινοῖ
1307 4323 1396 4377 τὸν
1429 4320 1721 4400 ἄνθρωπον,
1764 4343 1785 4374 ι
1865 4322 1970 4376 Οὔκ

320 4411 402 4470 ’ἐτι
460 4425 579 4476 τοῖς
666 4412 975 4491 Φαρισαίοις
1039 4411 1366 4488 διαλέγεται,
1439 4409 1512 4471 ὡς
1571 4407 1964 4487 ἀθεράπευτοις,

325 4508 407 4575 τῷ
475 4499 631 4578 ’ὄχλῳ
660 4498 734 4560 δέ.
775 4503 870 4557 Καὶ
919 4498 1004 4556 8ιά
1057 4507 1148 4556 τοῦ
1175 4496 1632 4578 προσκαλέσασθαι
1680 4494 1827 4552 δοκεῖ
1881 4519 1966 4552 τι-

2059 3353 2350 3423 prmcepta
2372 3344 2656 3405 doctrinae
2678 3343 3047 3405 hominum.»
3077 3341 3349 3404 Ostendit
3372 3339 3537 3400 Isaia:
3564 3357 3706 3399 voce

2059 3433 2215 3512 quod
2244 3435 2418 3494 etiam
2471 3433 2617 3493 tales
2675 3433 2792 3492 sint
2834 3450 2976 3508 erga
3006 3434 3239 3493 Patrem
3270 3449 3463 3508 suum,
3501 3426 3704 3508 quales

2059 3530 2115 3582 et
2145 3540 2281 3600 erga
2311 3540 2372 3581 se
2421 3522 2824 3582 inveniunmr.
2861 3523 3009 3582 Nam
3041 3538 3173 3580 cum
3221 3519 3360 3578 mali
3390 3524 3611 3590 essent,
3648 3523 3705 3576 et

2061 3620 2300 3691 propter
2318 3611 2471 3672 mala
2495 3629 2673 3691 opera
2698 3610 2930 3688 longius
2959 3629 2992 3670 a
3028 3613 3146 3670 Deo
3179 3604 3704 3678 recederent,divi-

2061 3718 2201 3760 num
2237 3700 2322 3779 (α)
2357 3719 2693 3762 sermonem
2729 3700 2852 3759 solo
2887 3718 2990 3759 ore
3012 3697 3425 3778 loquebantur.
3462 3696 3705 3757 Frustra

2060 3788 2219 3849 enim
2253 3790 2455 3850 colunt
2476 3798 2532 3849 et
2558 3796 2759 3867 putant
2784 3806 2847 3848 se
2867 3789 3068 3850 colere
3096 3785 3416 3867 Deum,qui
3440 3801 3547 3864 per
3567 3799 3705 3862 ope-

2057 3895 2124 3938 ra
2151 3877 2319 3938 illum
2353 3878 2748 3939 dehonorant.

2135 4056 2426 4131 VERSJO,
2467 4057 2559 4117 11.
2601 4077 2628 4115 α
2660 4057 2733 4117 Et
2761 4057 3060 4118 advocatis
3094 4057 3163 4118 ad
3211 4073 3275 4116 se
3307 4051 3518 4130 turbis,
3555 4047 3705 4111 dixit

2055 4143 2180 4205 eis:
2208 4144 2422 4204 Audite
2444 4152 2501 4204 et
2524 4145 2851 4222 intelligile.
2885 4144 3012 4204 Non
3058 4144 3214 4225 quod
3245 4140 3576 4219 ingreditur
3608 4155 3696 4200 os.

2049 4231 2312 4311 impurat
2335 4233 2636 4293 hominem
2665 4257 2677 4291 :
2705 4235 2808 4294 sed
2834 4236 2987 4312 quod
3009 4233 3311 4312 egreditur
3337 4247 3408 4289 ex
3444 4245 3568 4301 ore,
3592 4226 3702 4286 hoc

2050 4320 2353 4398 impurum
2410 4323 2606 4382 reddit
2665 4323 2990 4383 hominem.
3034 4346 3054 4378 ο
3093 4324 3223 4383 Non
3257 4318 3515 4397 loquitur
3545 4313 3702 4374 ultra’

2051 4407 2392 4481 Pharisaeis,
2425 4419 2629 4489 utpote
2662 4411 3089 4471 incurabilibus
3126 4428 3137 4470 :
3166 4410 3353 4468 turbae
3373 4412 3569 4465 autem
3604 4402 3697 4462 lo-

2052 4496 2274 4575 quitur,
2308 4505 2366 4556 et
2419 4516 2525 4576 per
2581 4500 2736 4577 quod
2769 4500 2898 4560 illos
2939 4500 3010 4560 ad
3043 4518 3106 4559 se
3138 4499 3379 4558 advocat
3408 4496 3698 4554 honorem

329 4595 436 4664 μᾷν
498 4589 706 4662 αὐτοὺς,
776 4587 867 4644 ’ίνα
951 4586 1340 4669 παραδέξωνται
1407 4586 1497 4640 τὶν
1567 4583 1724 4662 λόγον
1781 4589 1958 4665 αὐτοῦ,

2060 4585 2170 4650 illis
2194 4585 2426 4646 deferre
2445 4586 2772 4657 videtur,ut
2795 4589 3470 4668 suscipiantsermonem
3497 4597 3692 4640 suum:

326 4679 418 4733 καὶ
466 4694 647 4757 φησιν·
726 4675 973 4734 Ἀκοὺετε
1027 4678 1116 4733 καὶ
1171 4677 1394 4755 συνίετε,
1461 4671 1746 4729 διανιστῶν
1787 4673 1971 4738 αὐτοὺς

324 4767 400 4830 εἰς
451 4767 750 4846 προσοχήν.
812 4772 926 4824 Τῶν
1013 4763 1067 4822 δὲ
1112 4765 1416 4843 Φαρισαίων
1470 4759 1796 4837 αἰτιωμένων
1853 4763 1970 4827 τοὺς

324 4855 569 4930 μαθητὰς
624 4857 697 4920 ὡς
757 4855 990 4919 ἀνίπτοις
1066 4856 1248 4932 χερσὶν
1323 4851 1612 4924 ἐσθίοντας,
1672 4852 1710 4919 ὁ,
1783 4851 1969 4929 Κύριος

327 4945 447 5022 περὶ
501 4943 796 5021 βρωμάτων
852 4941 1019 5021 λέγει,
1076 4941 1156 4997 ὅτι
1209 4938 1356 4997 066.5»
1426 4939 1613 5015 βρῶμα
1661 4951 1834 4994 κοινοῖ
1881 4941 1970 4993 τὸν

329 5031 629 5110 ἄνθρωπον,
690 5031 928 5088 τουτέστι
985 5030 1220 5104 μολυνει.
1295 5029 1395 5086 Καὶ
1457 5029 1499 5082 εἰ
1566 5028 1628 5081 τὸ
1679 5027 1866 5104 βρῶμα
1916 5031 1974 5086 οὐ

336 5119 577 5197 μολόνει,
629 5118 814 5194 πολλῷ
862 5117 1063 5196 μᾶλλον
1113 5121 1175 5174 τὸ
1234 5117 1469 5180 ἀνίπτοις
1527 5115 1709 5194 χερσὶν
1761 5117 1971 5178 ὶσθίειν,

339 5209 566 5268 Μολῦνει
624 5211 723 5289 γὰρ
777 5213 868 5266 τὸν
929 5209 1076 5273 ἐντὸς
1132 5206 1426 5287 ἄνθρωπον,
1480 5207 1539 5261 τὸ
1589 5204 1762 5280 λέγειν
1809 5205 1844 5260 ἅ
1899 5207 1976 5279 μή

337 5297 445 5361 δεῖ,
501 5299 792 5355 Αἶνίττεται
849 5296 903 5353 δὲ
959 5295 1042 5354 διὰ
1096 5297 1278 5354 τούτου
1348 5296 1468 5358 τοὺς
1499 5295 1835 5370 Φαρισαίους,
1872 5317 1978 5370 μο-

339 5385 656 5465 λυνομένους
710 5387 769 5442 ἐκ
822 5394 915 5443 τοῦ
963 5384 1136 5464 λέγειν
1207 5383 1533 5464 φθονούντων
1593 5381 1824 5459 ρήματα’
1886 5381 1982 5462 ὅρα

336 5475 393 5533 δὲ
454 5477 663 5556 σοφίαν,
722 5477 836 5539 πῶς
907 5471 1022 5536 οὔτε
1090 5476 1324 5553 φανερῶς
1404 5472 1466 5528 τὸ
1522 5469 1738 5556 ἄνιπτον
1797 5472 1983 5529 ἑσθίειν

1593 5555 1612 5576 ἢ

2058 4682 2115 4734 et
2143 4673 2356 4752 inquit,
2390 4675 2697 4749 Audite,et
2725 4677 3052 4755 intelligite,
3081 4676 3341 4738 excitans
3365 4690 3489 4743 eos,
3518 4677 3574 4729 et
3603 4677 3696 4755 at-

2056 4769 2251 4823 tentos
2283 4762 2524 4826 faciens.
2562 4765 2710 4837 Quia
2731 4754 2936 4827 autem
2959 4765 3236 4826 Pharisaei
3259 4758 3582 4840 arguebant
3611 4754 3699 4815 di-

2055 4850 2314 4930 scipulos
2338 4852 2492 4930 quod
2509 4853 2686 4914 illotis
2703 4855 2973 4916 manibus
2997 4845 3696 4929 comederent,Dominus

2055 4937 2129 4998 de
2143 4939 2292 5000 cibis
2306 4941 2448 5001 dicit
2462 4943 2614 5020 quod
2633 4944 2826 5005 nullus
2840 4945 3005 5004 cibus
3021 4933 3694 5022 coinquinelhominem,

2057 5027 2148 5086 vel
2175 5027 2537 5107 impuret.Et
2559 5031 2607 5091 si
2633 5033 2795 5092 cibus
2818 5052 2934 5093 non
2959 5032 3246 5111 inquinat,
3278 5028 3462 5089 multo
3487 5022 3692 5101 magis,

2056 5115 2236 5175 illotis
2267 5118 2581 5180 comedere
2616 5121 2904 5183 manibus.
2967 5121 3324 5199 Coinquinat'
3351 5115 3508 5177 enim
3540 5111 3699 5171 intus

2057 5204 2361 5265 hominem
2399 5207 2595 5269 dicere
2617 5229 2746 5287 qua:
2767 5229 2882 5270 non
2907 5217 3159 5289 oportet.
3181 5207 3351 5269 Notat
3379 5214 3572 5267 autem
3607 5200 3696 5261 la-

2059 5301 2254 5353 tenter
2275 5291 2600 5356 Pharisazos
2635 5317 2740 5375 per
2769 5299 2867 5359 illa
2895 5299 3092 5372 verba,
3121 5298 3221 5374 qui
3253 5297 3514 5356 dicentes
3542 5290 3696 5350 invi-

2064 5380 2272 5446 dorum
2291 5381 2465 5444 verba
2495 5385 3210 5466 coinquinabantur.Vide
3240 5395 3436 5447 autem
3469 5380 3702 5463 sapien-

2065 5469 2228 5550 tiam,
2263 5473 2556 5550 quomodo
2617 5494 2808 5556 neque
2858 5475 3166 5542 manifeste
3217 5474 3396 5538 illotis
3424 5470 3700 5534 manibus

418 5626 505 5708 (α)
538 5625 693 5691 Edit.
727 5627 858 5691 Lut.
894 5643 1028 5692 cum
1059 5623 1212 5690 mali
1239 5631 1451 5703 essent,
1489 5629 1732 5704 propter
1761 5618 1924 5684 mala
1957 5634 2158 5698 opera-
2176 5616 2352 5697 longe
2381 5619 2604 5700 ﬁebant
2634 5641 2669 5684 a
2691 5621 2829 5697 Deo,
2865 5631 2920 5688 et
2950 5624 3253 5688 divinum.
