4126 6268
392 377 507 442 307

1359 381 1947 447 THEOPHYLACTI
1989 377 2397 444 BULGARI/E
2438 382 2796 446 ARCHIEP.

3644 374 3762 444 308

391 513 711 575 comedere
739 510 1045 594 approbat,
1110 530 1303 594 neque
1350 522 1676 586 aversatur,
1731 512 1834 575 sed
1868 511 2026 576 aliud

2120 518 2409 590 νομοθετεῖ,
2485 514 2602 574 οὔτε
2660 516 2965 595 ἀποτρέπει.
3027 513 3176 574 Ἀλλ’
3207 512 3384 594 ἕτερόν
3414 534 3463 570 τι
3492 512 3753 587 διδάσκει,

393 602 673 684 quiddam
710 603 1066 685 docet,quod
1102 623 1221 665 non
1247 602 1489 683 ejiciant
1520 620 1553 664 e
1584 612 1823 682 pectore
1844 605 2029 666 malos

390 709 702 754 sermones
713 743 724 755 .

473 783 659 843 Vens.
677 783 768 845 19.
809 784 1006 844 «Tunc
1036 781 1390 846 accedentes
1411 780 1687 860 discipuli
1710 783 1840 862 ejus
1860 782 2031 844 dixe--

392 874 539 933 runt
567 870 704 932 illi:
762 872 929 934 Nosti
984 870 1312 933 Pharisaeos
1367 869 1567 933 auiito
1615 888 1892 932 sermone
1922 872 2035 934 isto

395 960 659 1021 oﬂ‘ensos
684 959 891 1022 fuisse?
920 985 943 1015 »
979 959 1264 1040 Discipuli
1315 967 1557 1039 propter
1587 961 1676 1019 79
1706 960 2036 1022 Pharisaeos

394 1047 602 1109 dicunt
622 1049 781 1127 quod
807 1048 1013 1109 otl‘eusi
1057 1050 1196 1127 sint,
1227 1048 1458 1109 tametsi
1482 1047 1658 1108 etiam
1682 1048 1798 1128 ipsi
1824 1049 2037 1111 turbati

396 1135 641 1211 fuerint,
675 1136 832 1215 quod
882 1136 1253 1197 manifestum
1314 1154 1383 1196 ex
1431 1154 1500 1196 eo
1532 1135 1686 1216 quod
1720 1139 2042 1204 accesserit

395 1227 631 1297 Petrus,
659 1234 717 1286 et
746 1225 1203 1301 interrogaverit
1236 1224 1309 1285 de
1332 1224 1467 1287 hoc.
1492 1223 1675 1304 Igitur
1701 1224 1874 1288 Jesus
1905 1249 2035 1290 cum

396 1313 661 1375 audisset
692 1314 847 1394 quod
879 1313 1089 1375 offensi
1118 1321 1316 1375 essent
1340 1312 1641 1394 Pharisaei,
1675 1314 1821 1376 dixit
1858 1337 1871 1375 :

476 1488 658 1554 Vens.
696 1490 795 1564 l3,
835 1492 931 1554 14.
999 1516 1024 1545 α
1077 1490 1286 1553 Omnis
1343 1492 1625 1571 plantatio
1683 1511 1858 1573 quam
1914 1514 2032 1555 non

399 1578 679 1657 plantavit
697 1592 867 1659 pater
900 1597 1066 1640 meus
1089 1580 1371 1659 caelestis,
1396 1580 2037 1649 eradicabitur.0mitte

395 1667 551 1740 illos,
582 1667 764 1729 duces
821 1676 957 1729 sunt
1007 1668 1148 1729 caeci
1197 1687 1515 1729 caecorum.
1553 1671 1737 1730 Porro
1767 1672 1817 1731 si
1847 1691 2036 1733 caecus

2112 604 2173 661 τὸ
2243 606 2321 678 μὴ
2378 602 2655 663 έκϐἇλλειν
2702 604 2807 662 ἀπὸ
2836 611 2934 674 τῆς
2979 602 3191 683 καρδίας
3235 603 3498 682 πονηροὺς
3542 601 3756 683 λόγους,

2201 803 2226 839 ε
2311 785 2440 841 Τότε
2497 780 2874 862 προσελθόντες
2949 784 2995 839 οἱ
3067 783 3299 858 μαθηταὶ
3370 784 3549 855 αὐτοῦ,
3604 782 3764 838 εἷπον

2116 875 2278 946 αὐτῷ·
2337 870 2504 936 Οἶδας
2561 871 2642 929 ὅτι
2700 876 2748 930 οἱ
2776 878 3063 951 Φαρισαῖοι
3094 871 3413 935 ἀκούσαντας
3441 872 3534 926 τὸν
3575 869 3762 949 λόγον⁹

2117 959 2644 1037 έσκανδαλίσθησαν;
2712 979 2744 1021 ε
2808 963 2868 1029 οἱ
2925 960 3025 1037 μὶν
3082 962 3315 1037 μαθηταὶ
3343 958 3427 1016 διὰ
3470 960 3591 1023 τοὺς
3639 966 3762 1015 Φα-

2119 1054 2347 1122 ρισαίους
2411 1051 2671 1132 λέγουσιν,
2742 1052 2823 1109 ὅτι
2880 1050 3383 1119 ἐσκανδαλίσθησαν.
3434 1051 3582 1117 Πλὴν
3627 1050 3764 1108 ἀλλὰ

2120 1142 2209 1198 καὶ
2264 1141 2409 1199 αὒτοὶ
2493 1140 2904 1222 ἐθορυϐήθησαν
2962 1148 3119 1199 τοῦτο
3188 1138 3246 1197 δὲ
3298 1139 3459 1207 δῆλον
3514 1139 3620 1197 ἀπὸ
3671 1148 3765 1197 τοῦ

2120 1229 2431 1308 προσελθεῖν
2498 1233 2589 1289 τὸν
2648 1231 2842 1310 Πέτρον
2899 1231 2986 1288 καὶ
3061 1229 3323 1309 έρωτῆσαι
3380 1231 3497 1308 περὶ
3550 1230 3758 1292 τούτου.

2122 1311 2179 1379 Ὀ
2235 1320 2360 1397 γοῦν
2414 1319 2620 1387 Ἰησοῦς
2675 1320 2927 1395 ἀκοὺσας,
3014 1318 3095 1376 ὅτι
3153 1316 3631 1386 ἰσκανδαλίσθησαν
3714 1322 3763 1376 οἱ

2116 1416 2425 1487 Φαρισαῖοι,
2458 1425 2595 1467 ειπε⁶

2203 1520 2231 1553 ε
2280 1504 2431 1554 Πᾶσα
2478 1499 2657 1571 φυτεία
2714 1497 2778 1566 ἥν
2839 1498 2932 1554 οὒκ
2986 1496 3263 1575 ὶφύτευσεν
3292 1498 3321 1554 6
3377 1498 3560 1576 Πατὴρ
3590 1521 3691 1573 μου
3732 1503 3761 1555 6

2120 1587 2377 1664 οὒράνιος,
2452 1585 2878 1665 ἑκριζωθήσεταιθ
2939 1583 3096 1664 ἄφετε
3153 1585 3363 1649 αὐτούς’
3401 1584 3585 1664 ὁδηγοί
3658 1590 3760 1645 εἶσι

2118 1673 2301 1753 τυφλοὶ
2355 1673 2585 1757 τυφλῶν,
2655 1674 2849 1756 τυφλὸς
2903 1670 2959 1731 δὲ
2991 1671 3183 1752 τυφλὸν
3232 1670 3322 1729 δαν
3353 1670 3545 1754 ὁδηγῇ,
3574 1675 3758 1754 ἀμφό-

397 1773 552 1817 czeco
586 1756 699 1816 dux
734 1757 932 1827 fuerit,
958 1757 1132 1818 ambo
1166 1757 1225 1817 in
1249 1757 1476 1818 foveam
1510 1758 1783 1819 cadent.»
1822 1758 2029 1823 Senio-

2120 1784 2258 1842 τεροι
2312 1764 2384 1827 εἷς
2440 1756 2652 1841 βόθυνον
2682 1771 2981 1843 πεσοῦνται.
3022 1786 3050 1818 ε
3101 1765 3205 1826 Τὰς
3245 1768 3351 1818 τῶν
3398 1761 3761 1841 πρεσϐυτέρων

395 1863 527 1905 rum
550 1845 898 1906 traditiones
920 1858 982 1907 et
1002 1845 1343 1909 Judaaorum
1367 1853 1655 1926 prmcepta
1669 1848 2034 1911 eradicatum

396 1932 469 1993 iri
500 1932 791 2006 dixit,nou
828 1933 1057 2011 legalia,
1092 1942 1155 1995 ut
1183 1934 1523 1995 existimant
1552 1936 1880 2000 Manichzei.
1916 1937 2036 2000 Lex

396 2021 556 2083 enim
581 2022 865 2101 plantatio
888 2032 975 2084 est
995 2022 1098 2083 Dei
1114 2041 1251 2094 ,non
1274 2023 1453 2101 igitur
1482 2023 1582 2083 illa
1604 2025 1899 2087 eradicata
1922 2037 2031 2090 est.

395 2113 595 2172 Manet
626 2111 781 2171 enim
810 2111 976 2171 radix
1008 2111 1159 2189 ejus,
1192 2110 1253 2171 id
1295 2120 1404 2191 est,
1439 2112 1680 2191 spiritus
1712 2114 1812 2193 qui
1842 2115 1901 2176 in
1934 2136 2035 2177 oc-

395 2201 552 2261 culto
586 2207 695 2260 est.
733 2201 893 2261 Folia
924 2208 1140 2271 autem,
1174 2201 1287 2261 hoc
1337 2208 1444 2280 est,
1484 2220 1776 2280 apparens
1814 2203 2033 2279 littera,

394 2288 903 2366 deﬂuunt.Legem
936 2290 1094 2348 onim
1120 2288 1275 2350 ultra
1298 2308 1413 2349 non
1428 2289 1597 2367 juxta
1620 2290 1895 2365 litteram,
1930 2295 2034 2355 sed

392 2379 557 2456 juxta
579 2377 854 2457 spiritum
883 2377 1585 2454 intelligimus.Quoniam
1609 2387 1803 2440 autem
1829 2380 2039 2462 despe-

394 2466 505 2526 rati
536 2484 603 2526 ac
636 2465 995 2526 incurabiles
1024 2473 1189 2525 erant
1213 2464 1516 2546 Pharisaei,
1553 2466 1700 2527 dixit
1731 2485 1744 2529 :
1770 2466 2036 2533 Omittite

394 2554 551 2614 illos.
585 2553 736 2613 Hinc
767 2553 923 2613 enim
970 2553 1275 2627 discimus,
1330 2554 1484 2633 quod
1521 2555 1739 2615 oll‘endi
1772 2555 1906 2618 illos
1934 2560 2036 2638 qui

392 2650 601 2721 sponte
633 2642 1035 2721 olfenduntur,
1094 2649 1151 2702 et
1201 2641 1559 2704 incurabiles
1609 2660 1766 2721 sum,
1800 2664 1919 2707 non
1950 2655 2039 2708 est

393 2730 564 2791 nobis
586 2730 1368 2806 damnosum.Praaceptores
1384 2739 1578 2791 autem
1609 2732 1742 2793 illos
1764 2733 1904 2796 dicit
1928 2754 2038 2797 caa-

392 2836 492 2882 cos
514 2835 806 2880 caecorum
832 2818 1037 2893 duces,
1073 2827 1136 2879 ut
1164 2818 1238 2879 ab
1272 2819 1358 2879 eis
1388 2819 1593 2880 turbas
1618 2820 1891 2895 abducat.

472 2996 652 3060 Vens.
700 2998 791 3061 15.
830 3021 848 3053 ι
889 2998 1287 3078 Respondens
1316 3007 1512 3060 autem
1534 2999 1743 3060 Petrus
1764 3000 1908 3060 dixit
1938 3002 2032 3065 ei:

2118 1850 2433 1924 παραδόσεις
2491 1854 2578 1909 καὶ
2632 1853 2697 1909 τὰ
2759 1842 3020 1911 Ἰουδαϊκὰ
3070 1850 3369 1926 ἐντάλματα
3428 1851 3578 1930 λέγει
3607 1854 3759 1932 ἐκρι-

2118 1943 2464 2011 ζωθήσεσθαιο
2530 1943 2653 2021 οὐχὶ
2707 1941 2773 1999 τὰ
2826 1948 2918 1998 τοῦ
2973 1941 3157 2016 νόμου,
3219 1942 3291 2003 ὡς
3349 1948 3523 1998 νοοῦσι
3582 1949 3757 1998 Μανι-

2119 2044 2301 2109 χαῖοιέ
2334 2032 2362 2086 ὁ
2396 2031 2496 2109 γὰρ
2526 2030 2686 2104 νόμος
2745 2034 2926 2109 φυτεία
2977 2028 3088 2086 ἐστὶ
3118 2035 3270 2085 Θεοῦ·
3318 2032 3379 2087 οὗ
3406 2030 3575 2086 τοίνυν
3610 2031 3760 2096 οὗτος

2123 2116 2449 2195 έξεῤῥιζώθη.
2505 2116 2661 2175 Μένει
2732 2120 2832 2197 γὰρ
2886 2115 2916 2182 ἢ
2974 2118 3084 2195 ῥίζα
3141 2118 3319 2197 αὐτοῦ,
3376 2118 3636 2193 τουτέστι,
3697 2123 3761 2177 τὸ

2118 2206 2475 2282 κρυπτόμενον
2530 2213 2756 2281 πνεῦμα.
2786 2206 2862 2263 Τὰ
2918 2203 2973 2260 δὲ
3004 2201 3195 2284 φύλλα,
3262 2205 3380 2272 ἢτοι
3436 2209 3499 2263 τὸ
3564 2210 3755 2277 φαινό-

2118 2316 2279 2370 μενον
2355 2294 2599 2373 γράμμα,
2680 2292 2940 2371 ἀπεῤῥὺηο
2993 2292 3086 2349 οὒκ
3154 2292 3229 2349 ἔτι
3297 2296 3396 2373 γὰρ
3447 2298 3539 2352 τὸν
3595 2298 3757 2372 νόμον

2118 2384 2253 2441 κατὰ
2320 2385 2383 2439 τὸ
2436 2383 2683 2461 γράμμα,
2754 2381 2891 2439 ἀλλὰ
2920 2382 3055 2439 κατὰ
3150 2384 3210 2439 τὸ
3247 2392 3453 2458 πνεῦμα
3511 2394 3751 2460 νοοῦμεν·

2120 2471 2570 2550 Ἀπεγνωσμένων
2596 2469 2650 2526 δὲ
2679 2469 2845 2528 ὄντων
2887 2476 2991 2527 τῶν
3019 2472 3325 2549 Φαρισαίων
3367 2473 3454 2530 γαὶ
3501 2475 3752 2549 ἀνιάτων,

2116 2566 2238 2618 εἷπε
2286 2559 2367 2617 τό·
2424 2550 2630 2638 ’Ἄφετε
2687 2559 2893 2625 αὐτοὺς.
2927 2558 3191 2617 Ἐντεῦθεν
3262 2564 3348 2618 οὖν
3399 2564 3755 2639 μανθάνομεν,

2115 2651 2196 2706 ὃτι
2253 2650 2313 2706 τὸ
2372 2646 2797 2720 σκανδαλίζεσθαι
2854 2648 2976 2712 τοὺς
3035 2649 3207 2705 ἑκοντὶ
3260 2648 3755 2728 αανδῦλιζομένους
3844 2712 3849 2715 _

2115 2739 2203 2795 καὶ
2258 2737 2525 2811 ἀνιάτους,
2598 2742 2692 2797 οὒκ
2743 2737 2881 2795 ἔστιν
2910 2740 3044 2813 ἡμῖν
3075 2734 3355 2813 βλαϐερόν·
3413 2738 3755 2805 διδασκάλους

2117 2826 2171 2882 δὲ
2242 2827 2429 2891 αὐτοὺς
2485 2825 2627 2904 λέγει
2684 2824 2907 2904 τυφλοὺς
2952 2825 3183 2906 τυφλῶν
3216 2834 3366 2883 τοῦτο
3407 2826 3461 2883 δέ
3488 2851 3646 2907 φησιν
3678 2831 3753 2891 ὡς

2119 2915 2180 2972 ἂν
2210 2916 2493 2991 ἀποστήσῃ
2522 2916 2616 2971 ἀπ’
2660 2917 2831 2972 αὐτῶν
2874 2916 2994 2979 τοὺς
3026 2913 3244 2995 ὄχλους.

2206 3028 2235 3060 α
2283 3001 2608 3083 Ἀποκριθεὶς
2679 3002 2733 3059 δὲ
2763 3007 2790 3060 6
2850 3004 3066 3083 Πέτρος,
3126 3005 3275 3083 εἶπεν
3320 3004 3479 3076 αὐτῷ’
3541 3005 3744 3083 Φράσον

390 3086 497 3149 Dic
527 3086 698 3149 nobis
731 3086 1068 3167 parabolam
1099 3088 1273 3149 hanc.
1313 3112 1339 3142 ιο
1398 3090 1603 3149 Petrus
1634 3087 1774 3166 quia
1806 3089 2029 3151 sciebat

2120 3098 2245 3170 ἡμῖν
2303 3092 2403 3159 τὴν
2452 3080 2761 3169 παραϐολὴν
2787 3080 3004 3157 ταύτην.
3048 3080 3070 3148 ὲ
3136 3080 3193 3149 ‘0
3236 3090 3431 3168 Πέτρας
3492 3080 3603 3148 Emi
3632 3091 3745 3169 ᾖδει

392 3177 582 3256 legem
609 3175 925 3256 prohibere
944 3176 1280 3256 promiscue
1303 3193 1466 3236 esum
1491 3176 1845 3245 omnium.et
1869 3180 2033 3239 time-

390 3265 491 3326 bat
515 3264 715 3325 dicere
746 3262 885 3325 Jesu
914 3282 927 3326 :
959 3263 1039 3324 Ex
1072 3263 1162 3324 his
1193 3282 1323 3343 quae
1375 3264 1590 3337 dixisti,
1624 3265 1984 3326 oﬂ‘endimur
2014 3286 2027 3329 :

388 3364 676 3433 apparent
699 3352 858 3414 enim
882 3352 998 3431 legi
1020 3353 1267 3413 adversa
1290 3370 1421 3413 esse
1450 3370 1461 3414 :
1490 3352 1726 3415 simulat
1748 3354 2029 3432 ignorau-

392 3442 552 3515 tiam,
588 3451 644 3502 et
680 3441 1025 3519 interrogat.

472 3533 652 3592 Vnus.
681 3532 887 3593 l6-90.
927 3532 1130 3591 «Jesus
1154 3539 1349 3590 autem
1378 3528 1525 3591 dixit
1559 3552 1571 3590 :
1606 3533 1819 3595 Adhuc
1850 3541 1908 3594 et
1931 3553 2032 3594 vos

390 3620 785 3697 intelligentia
804 3619 1320 3681 caretis.Nondum
1339 3620 1664 3698 intelligitls
1681 3622 1837 3701 quod
1862 3622 2025 3700 quid.

393 3709 534 3789 quid
556 3709 887 3787 ingreditur
918 3708 977 3768 in
1005 3708 1159 3780 os,in
1182 3708 1373 3768 alvum
1403 3708 1609 3779 abit,et
1638 3710 1699 3770 ir.
1729 3728 2027 3771 secessum

391 3797 629 3877 ejicitur
648 3803 675 3859 ?
700 3798 775 3858 At
799 3816 868 3858 ea
886 3816 1018 3877 quae
1047 3798 1501 3876 proﬁciscuntur
1550 3818 1617 3858 ex
1650 3816 1775 3878 ore,
1806 3818 1873 3859 ex
1900 3800 2029 3879 ipso

389 3886 569 3948 corde
599 3885 1072 3964 egrediuntur,et
1093 3886 1192 3946 illa
1223 3887 1519 3965 impurum
1553 3886 1813 3949 reddunt
1843 3889 2030 3948 homi-

387 3973 701 4037 nem.Nam
725 3992 793 4035 ex
818 3975 998 4036 corde
1022 3984 1237 4036 exeunt
1282 3974 1667 4051 cogitationes
1689 3976 1882 4057 malae,
1915 3997 2028 4039 caa-

386 4064 513 4137 des,
538 4062 850 4137 adulteria,
885 4071 1109 4143 stupra,
1136 4063 1461 4141 turta,falsa
1493 4065 1848 4145 testimonia,
1878 4086 2026 4127 con-

384 4152 554 4214 vicia.
588 4152 724 4213 Haec
757 4159 895 4213 sunt
950 4171 1081 4233 quae
1134 4152 1433 4232 impurant
1474 4153 1798 4215 hominem.
1834 4154 2021 4217 Caete-

382 4259 516 4309 rum
550 4242 727 4303 illotis
758 4240 1028 4303 manibus
1068 4240 1265 4302 cibum
1303 4259 1538 4320 capere,
1597 4260 1715 4302 non
1759 4242 2027 4323 inquinat

384 4330 712 4392 hominem.
753 4355 776 4385 »
833 4329 1108 4410 Increpat
1135 4329 1459 4411 discipulos
1491 4328 1845 4411 Salvator,et
1874 4333 2022 4393 iusi-

2116 3183 2197 3241 ὅτι
2254 3184 2281 3240 6
2350 3182 2509 3255 νόμος
2561 3178 2759 3239 έκωλυε
2821 3180 2990 3236 πάντα
3020 3182 3232 3255 ὶσθίειν,
3265 3177 3441 3241 δεδιὼς
3476 3181 3645 3237 εἰπεῖν
3674 3187 3752 3254 τῷ

2118 3261 2314 3350 Ἰησοῦ,
2370 3268 2450 3326 ὅτι
2522 3267 2940 3343 Σκανδαλίζομαι
2968 3257 3055 3349 ho.
3082 3272 3168 3332 οἷς
3199 3269 3387 3345 εἴπας,
3417 3270 3751 3348 φαινομένοις

2115 3362 2440 3439 παρανόμοις
2502 3358 2668 3414 εἶναι·
2731 3370 3102 3436 προσποιεῖται
3130 3355 3348 3435 ἄγνοιαν
3377 3359 3464 3414 καὶ
3491 3358 3753 3437 ἐπερωτᾷ,

2201 3559 2228 3593 ε
2265 3529 2322 3594 Ὀ
2379 3535 2435 3593 δὲ
2491 3536 2694 3603 Ἰησοῦς
2749 3535 2927 3611 εἶπεν,
2963 3530 3171 3607 Ἀκμὴν
3206 3534 3295 3590 καὶ
3321 3534 3477 3607 ὑμεῖς
3520 3535 3759 3592 ἀσύνετοί

2113 3628 2251 3687 ἐστε.
2287 3626 2447 3684 Οὔπω
2496 3637 2691 3692 νοεῖτε,
2756 3623 2835 3678 ὅτι
2892 3628 2995 3678 πᾶν
3052 3624 3112 3678 τὸ
3138 3624 3571 3700 εἰσπορευομενον
3593 3626 3667 3689 εἷς
3695 3627 3758 3680 τὸ

2113 3718 2307 3794 στόμα,
2352 3716 2426 3777 είς
2454 3714 2550 3781 τὴν
2578 3711 2782 3769 κοιλίαν
2824 3724 2999 3790 χωρεῖ
3028 3712 3113 3767 καὶ
3142 3713 3216 3775 εἰς
3247 3708 3517 3790 ἀφεδρῶνα
3560 3711 3751 3771 ἐκϐάλ-

2110 3802 2257 3859 λεται
2290 3823 2308 3883 ς
2369 3803 2445 3862 Τὰ
2496 3799 2547 3856 δὲ
2600 3800 2988 3878 ἐκπορευόμενα
3017 3798 3076 3855 έκ
3106 3807 3197 3855 τοῦ
3229 3800 3514 3874 στόματος,
3565 3802 3624 3857 ἐκ
3654 3803 3752 3870 τῆς

2110 3890 2322 3970 καρδίας
2407 3889 2703 3968 έξέρχεται,
2775 3887 2998 3943 κακεῖνα
3040 3901 3216 3945 κοινοῖ
3244 3890 3334 3943 τὸν
3365 3886 3661 3967 ἄνθρωπον
3696 3891 3761 3948 ἐκ

2110 3982 2209 4059 γὰρ
2262 3985 2360 4046 τῆς
2446 3976 2659 4056 καρδίας
2718 3975 3026 4056 ἐξέρχονται
3099 3975 3434 4054 διαλογισμοὶ
3503 3982 3750 4060 πονηροὶ,

2111 4068 2283 4147 φόνοι,
2344 4079 2615 4144 μοιχεῖαι,
2677 4078 2945 4144 πορνεῖαι,
2993 4063 3212 4144 κλοπαὶ,
3285 4064 3748 4147 ψευδομαρτυρίαι,

2109 4157 2463 4237 βλασφημίαι,
2537 4155 2710 4214 Ταῦτά
2738 4156 2847 4210 iam
2899 4155 2965 4210 τὰ
3019 4155 3287 4212 κοινοῦντα
3316 4156 3407 4212 τὸν
3458 4155 3755 4235 ἄνθρωπον.

2108 4248 2177 4303 Τὸ
2232 4244 2286 4300 δὲ
2346 4245 2580 4305 ἀνίπτοις
2639 4245 2791 4322 χερσὶ
2846 4255 3061 4321 φαγεῖν,
3114 4243 3173 4299 οὗ
3202 4258 3375 4301 κοινοῖ
3425 4246 3513 4301 τὸν
3543 4243 3750 4325 ἂνθρω-

2106 4357 2228 4394 πον.
2284 4356 2312 4389 ε
2375 4332 2629 4406 Ἐπιτιμᾷ
2669 4344 2786 4394 τοῖς
2830 4334 3098 4405 μαθηταῖς
3132 4335 3159 4387 6
3201 4334 3408 4410 Σωτὴρ,
3446 4337 3531 4391 καὶ
3576 4336 3751 4415 ἀφρο-

386 4418 667 4498 pientiam
692 4418 1128 4498 exprobrat,vel
1155 4426 1216 4478 ut
1236 4418 1599 4493 oﬂ‘ensis,vel
1627 4427 1692 4481 ut
1714 4421 2024 4483 manifesta

2120 4422 2270 4488 τύνην
2338 4416 2597 4492 ὀνειδίζει,
2658 4417 2693 4486 ἦ
2762 4420 2835 4480 ὡς
2868 4416 3345 4484 σκανδαλισθεῖσιν,
3380 4422 3414 4489 ἢ
3449 4425 3521 4485 ὡς
3552 4422 3748 4501 ἀγνοή-

384 4506 1183 4586 iguorantibus.Dicitigitur:
1205 4510 1334 4569 Non
1357 4508 1681 4587 intelligitis
1702 4510 1856 4589 quod
1890 4528 2022 4571 om-

2120 4532 2228 4566 τασι
2280 4512 2340 4567 16
2371 4506 2556 4587 σαφές·
2592 4509 2750 4587 φησὶν
2783 4509 2896 4585 οὖν,
2928 4506 3008 4562 ὅτι
3053 4516 3219 4566 Τοῦτο
3260 4512 3320 4564 τὸ
3350 4516 3476 4567 πᾶσι
3527 4512 3752 4585 νοοὺμε-

384 4612 493 4656 nes
521 4595 854 4673 intelligunt
902 4605 960 4656 et
1001 4594 1237 4658 sciunt?
1287 4596 1415 4660 Cibi
1447 4598 1603 4657 enim
1638 4616 1754 4658 non
1785 4609 2025 4661 manent

384 4683 565 4755 intus,
601 4684 705 4745 sed
730 4684 883 4745 infra
914 4693 1131 4746 exeunt
1158 4702 1262 4764 per
1295 4684 1521 4759 alvum,
1555 4695 1613 4746 et
1645 4687 1788 4747 nihil
1821 4687 2021 4748 homi-

383 4790 522 4834 nem
546 4772 605 4832 in
624 4772 823 4833 anima
838 4774 1369 4854 coinquinant,non
1396 4773 1552 4833 enim
1580 4783 1819 4836 manent
1839 4775 2018 4839 intus.

382 4860 782 4941 Cogitationes
809 4870 1001 4923 autem
1029 4862 1390 4923 intrinsecus
1439 4872 1785 4938 nascuntur,
1805 4872 1863 4924 et
1893 4883 2022 4925 ma-

382 4960 527 5012 nent
552 4950 695 5026 illic,
732 4958 792 5011 et
847 4951 1239 5030 egredientes,
1286 4951 1399 5011 hoc
1427 4952 1601 5024 est,in
1634 4971 1780 5031 opus
1811 4971 2020 5033 proce-

382 5039 593 5101 dentes
613 5048 672 5101 et
694 5046 860 5103 actus
880 5039 1193 5119 inquinant
1209 5040 1531 5101 hominem.
1560 5038 1839 5119 Cogitatio
1866 5042 2021 5102 enim

385 5128 759 5191 scortationis
778 5128 1136 5192 intrinsecus
1167 5146 1414 5191 manens
1445 5128 1719 5205 maculat,
1758 5136 1819 5194 et
1847 5148 2024 5212 egre-

386 5217 559 5279 diens
586 5216 647 5277 in
676 5236 826 5298 opus
857 5218 1130 5281 maculat.

461 5392 643 5458 Vens.
673 5393 881 5470 21,23.
915 5392 1021 5455 cEt
1048 5393 1347 5472 digressus
1368 5394 1532 5455 illinc
1550 5394 1744 5475 Jesus,
1778 5396 2022 5459 secessit

380 5482 443 5543 in
472 5491 667 5564 partes
696 5482 834 5563 Tyri
864 5492 923 5543 et
949 5480 1190 5544 Sidonis
1220 5504 1233 5541 :
1268 5491 1326 5544 et
1374 5501 1514 5545 ecce
1544 5484 1758 5546 mulier
1786 5484 2020 5547 Chana-

380 5587 508 5632 naea
535 5590 669 5651 quas
697 5590 731 5633 a
754 5569 976 5632 ﬁnibus
1003 5569 1119 5631 illis
1143 5571 1701 5643 venerat,clamabat
1726 5573 1797 5634 ad
1826 5572 2013 5657 illum,

2106 4622 2190 4655 νον
2246 4600 2333 4655 καὶ
2390 4595 2703 4677 φαινόμενον
2761 4595 2820 4652 οὗ
2889 4608 3062 4651 νοεῖτε
3096 4613 3112 4668 ς
3147 4596 3225 4651 ὅτι
3257 4598 3321 4652 τὰ
3366 4599 3462 4671 μὲν
3491 4599 3750 4677 βρώματα

2103 4687 2162 4742 οὔ
2216 4686 2362 4762 μένει
2417 4684 2544 4758 ἔσω,
2604 4683 2742 4739 ἀλλὰ
2797 4682 2942 4741 κάτω
3015 4681 3343 4763 έξέρχονται,
3378 4684 3543 4761 μηδὲν
3574 4686 3749 4761 μολὺ-

2103 4796 2259 4833 νοντα
2313 4772 2448 4830 κατᾶ
2498 4773 2682 4850 ψυχὴν
2740 4773 2832 4827 τὸν
2901 4770 3193 4851 ἄνθρωπον,
3246 4774 3305 4829 οῦ
3362 4776 3461 4853 γὰρ
3505 4776 3751 4849 μένουσιν

2105 4861 2272 4922 ἔνδον.
2334 4863 2392 4920 Οἱ
2452 4858 2507 4915 δὲ
2563 4859 2811 4938 λογισμοὶ
2898 4859 3087 4916 ἕσωθέν
3158 4882 3214 4917 τε
3269 4864 3579 4944 γεννῶνται,
3664 4860 3758 4921 καὶ

2108 4954 2350 5031 μένουσιν
2417 4952 2555 5025 έκεῖ,
2626 4954 2713 5008 καὶ
2740 4950 3104 5032 ἒξερχόμενοι,
3152 4953 3439 5029 τουτέστιν,
3491 4957 3565 5019 εἷς
3595 4955 3750 5035 ἔργον

2108 5042 2512 5124 προχωροῦντες
2568 5040 2655 5096 καὶ
2711 5041 2785 5105 εἷς
2815 5041 3022 5120 πρᾶξιν,
3077 5040 3358 5115 μολύνουσι
3406 5046 3495 5101 τὸν
3541 5043 3749 5123 ἄνθρω-

2107 5154 2229 5190 πονο
2288 5134 2317 5188 6
2387 5131 2487 5208 γὰρ
2527 5127 2783 5205 λογισμὸς
2813 5134 2910 5198 τῆς
2940 5131 3203 5207 πορνείας,
3242 5131 3431 5189 ἴσωθέν
3461 5154 3516 5190 τε
3548 5134 3743 5209 μένων,

2108 5221 2325 5299 μιαίνει,
2396 5217 2485 5274 καὶ
2539 5215 2887 5296 έξερχόμενος
2918 5219 2992 5282 εἰς
3036 5219 3191 5298 ἔργον
3231 5222 3318 5277 καὶ
3358 5223 3745 5301 πραττόμενος,

2106 5307 2451 5368 κατασπιλοῖ.

2194 5418 2218 5456 ε
2270 5399 2369 5456 Καὶ
2411 5392 2631 5462 ἐξελθὼν
2686 5396 2889 5455 έκεῖθεν
2950 5400 2977 5456 6
3022 5397 3253 5481 Ἰησοῦς,
3295 5401 3638 5482 ἀνεχὼρησεν
3673 5405 3747 5467 είς

2105 5488 2171 5544 τὰ
2242 5485 2379 5565 μέρη
2449 5483 2612 5559 Τύρου
2643 5487 2730 5544 καὶ
2760 5486 3014 5550 Σιδῶνος*
3046 5488 3132 5544 καὶ
3161 5485 3270 5545 ἰδοὺ
3315 5492 3449 5569 γυνὴ
3481 5493 3750 5549 Χαναναία

2101 5575 2209 5633 ἀπὸ
2262 5580 2395 5661 τῶνΔ
2427 5572 2607 5661 όρίωνν
2643 5574 2855 5633 ἱκείνων
2900 5573 3197 5658 ἐξελθοῦσα,
3221 5577 3534 5659 έκραόγαζεν
3578 5582 3743 5661 αὐτῷ,

379 5659 609 5727 dicens:
645 5660 927 5723 Miserere
950 5658 1465 5737 mei,Domine,ﬁli
1485 5656 1666 5721 David
1693 5682 1708 5722 :
1733 5662 1854 5725 tilia
1886 5682 2015 5726 mea

2120 5664 2347 5743 ιέγουσα·
2381 5659 2638 5730 Ἐλέησόν
2680 5685 2775 5747 με,
2806 5665 2960 5746 Κύριε
2989 5664 3063 5722 υἰέ
3110 5656 3293 5723 Δαυίδέ
3321 5670 3357 5737 ἦ
3384 5656 3617 5751 θυγάτηρ
3642 5656 3745 5746 μου
