  <div class='ocr_page' id='page_1' title='image "/cluster/home/n/w/nwhite01/storage/ocr_20150623/123/mdp.39015009359079/162.png"; bbox 0 0 4122 6270; ppageno 0'>
   <div class='ocr_carea' id='block_1_1' title="bbox 307 397 430 464">
    <p class='ocr_par' dir='ltr' id='par_1_1' title="bbox 307 397 430 464">
     <span class='ocr_line' id='line_1_1' title="bbox 307 397 430 464; baseline 0 -1"><span class='ocrx_word' id='word_1_1' title='bbox 307 397 430 464; x_wconf 89' lang='lat'>309</span> 
     </span>
    </p>
   </div>
   <div class='ocr_carea' id='block_1_2' title="bbox 952 404 3029 472">
    <p class='ocr_par' dir='ltr' id='par_1_2' title="bbox 952 404 3029 472">
     <span class='ocr_line' id='line_1_2' title="bbox 952 404 3029 472; baseline 0.003 -6"><span class='ocrx_word' id='word_1_2' title='bbox 952 404 1390 467; x_wconf 85' lang='lat' dir='ltr'>ENARRATIO</span> <span class='ocrx_word' id='word_1_3' title='bbox 1434 406 1516 468; x_wconf 93' lang='lat' dir='ltr'><strong>IN</strong></span> <span class='ocrx_word' id='word_1_4' title='bbox 1561 406 2067 468; x_wconf 81' lang='lat' dir='ltr'>EVANGELIUM</span> <span class='ocrx_word' id='word_1_5' title='bbox 2115 409 2514 470; x_wconf 78' lang='lat' dir='ltr'>MATTH/EI.</span> <span class='ocrx_word' id='word_1_6' title='bbox 2565 443 2643 455; x_wconf 87' lang='lat'>——</span> <span class='ocrx_word' id='word_1_7' title='bbox 2684 411 2849 472; x_wconf 84' lang='lat' dir='ltr'>CAP.</span> <span class='ocrx_word' id='word_1_8' title='bbox 2899 410 3029 472; x_wconf 82' lang='lat' dir='ltr'>XV.</span> 
     </span>
    </p>
   </div>
   <div class='ocr_carea' id='block_1_3' title="bbox 3566 406 3684 473">
    <p class='ocr_par' dir='ltr' id='par_1_3' title="bbox 3566 406 3684 473">
     <span class='ocr_line' id='line_1_3' title="bbox 3566 406 3684 473; baseline 0.008 -2"><span class='ocrx_word' id='word_1_9' title='bbox 3566 406 3684 473; x_wconf 78' lang='lat'>310</span> 
     </span>
    </p>
   </div>
   <div class='ocr_carea' id='block_1_4' title="bbox 310 517 1966 619">
    <p class='ocr_par' dir='ltr' id='par_1_4' title="bbox 310 527 1952 616">
     <span class='ocr_line' id='line_1_4' title="bbox 310 527 1952 616; baseline 0.002 -26"><span class='ocrx_word' id='word_1_10' title='bbox 310 534 490 598; x_wconf 79' lang='grc' dir='ltr'>κακῶς</span> <span class='ocrx_word' id='word_1_11' title='bbox 546 532 922 609; x_wconf 73' lang='grc' dir='ltr'>δαιμοδίζεται,</span> <span class='ocrx_word' id='word_1_12' title='bbox 960 527 1015 593; x_wconf 71' lang='grc' dir='ltr'>Ὀ</span> <span class='ocrx_word' id='word_1_13' title='bbox 1083 534 1136 592; x_wconf 80' lang='grc' dir='ltr'>δὲ</span> <span class='ocrx_word' id='word_1_14' title='bbox 1189 541 1283 595; x_wconf 72' lang='grc' dir='ltr'>οὐκ</span> <span class='ocrx_word' id='word_1_15' title='bbox 1351 537 1608 616; x_wconf 81' lang='grc' dir='ltr'>ἀπεκρίθη</span> <span class='ocrx_word' id='word_1_16' title='bbox 1668 539 1798 604; x_wconf 76' lang='grc' dir='ltr'>αὔτῆ</span> <span class='ocrx_word' id='word_1_17' title='bbox 1855 537 1952 593; x_wconf 82' lang='grc' dir='ltr'>λό-</span> 
     </span>
    </p>
   </div>
   <div class='ocr_carea' id='block_1_5' title="bbox 2038 517 3682 619">
    <p class='ocr_par' dir='ltr' id='par_1_5' title="bbox 2041 517 3682 619">
     <span class='ocr_line' id='line_1_5' title="bbox 2041 517 3682 619; baseline 0.005 -24"><span class='ocrx_word' id='word_1_18' title='bbox 2041 517 2194 597; x_wconf 87' lang='lat' dir='ltr'>male</span> <span class='ocrx_word' id='word_1_19' title='bbox 2218 557 2250 597; x_wconf 93' lang='lat' dir='ltr'>a</span> <span class='ocrx_word' id='word_1_20' title='bbox 2274 538 2566 599; x_wconf 63' lang='lat' dir='ltr'>daemonio</span> <span class='ocrx_word' id='word_1_21' title='bbox 2589 538 2974 616; x_wconf 86' lang='lat' dir='ltr'>agitatur.llle</span> <span class='ocrx_word' id='word_1_22' title='bbox 2989 557 3126 600; x_wconf 70' lang='lat' dir='ltr'>vero</span> <span class='ocrx_word' id='word_1_23' title='bbox 3141 555 3259 599; x_wconf 90' lang='lat' dir='ltr'>non</span> <span class='ocrx_word' id='word_1_24' title='bbox 3281 538 3597 619; x_wconf 79' lang='lat' dir='ltr'>respondit</span> <span class='ocrx_word' id='word_1_25' title='bbox 3624 543 3682 604; x_wconf 92' lang='lat' dir='ltr'>ei</span> 
     </span>
    </p>
   </div>
   <div class='ocr_carea' id='block_1_6' title="bbox 311 622 1961 700">
    <p class='ocr_par' dir='ltr' id='par_1_6' title="bbox 311 622 1961 700">
     <span class='ocr_line' id='line_1_6' title="bbox 311 622 1961 700; baseline 0.002 -22"><span class='ocrx_word' id='word_1_26' title='bbox 311 645 433 700; x_wconf 78' lang='grc' dir='ltr'>γον.</span> <span class='ocrx_word' id='word_1_27' title='bbox 502 646 524 679; x_wconf 70' lang='grc' dir='ltr'><strong><em>ι</em></strong></span> <span class='ocrx_word' id='word_1_28' title='bbox 587 626 736 687; x_wconf 84' lang='grc' dir='ltr'>Τίνος</span> <span class='ocrx_word' id='word_1_29' title='bbox 792 622 968 681; x_wconf 80' lang='grc' dir='ltr'>ἕνεκεν</span> <span class='ocrx_word' id='word_1_30' title='bbox 1023 626 1142 690; x_wconf 81' lang='grc' dir='ltr'>τοὺς</span> <span class='ocrx_word' id='word_1_31' title='bbox 1175 628 1414 700; x_wconf 76' lang='grc' dir='ltr'>μαθητὰς</span> <span class='ocrx_word' id='word_1_32' title='bbox 1446 625 1687 690; x_wconf 76' lang='grc' dir='ltr'>κωλύσας</span> <span class='ocrx_word' id='word_1_33' title='bbox 1738 629 1811 689; x_wconf 84' lang='grc' dir='ltr'>εἷς</span> <span class='ocrx_word' id='word_1_34' title='bbox 1844 624 1961 682; x_wconf 83' lang='grc' dir='ltr'>ὁδὸν</span> 
     </span>
    </p>
   </div>
   <div class='ocr_carea' id='block_1_7' title="bbox 311 713 1961 792">
    <p class='ocr_par' dir='ltr' id='par_1_7' title="bbox 311 713 1961 792">
     <span class='ocr_line' id='line_1_7' title="bbox 311 713 1961 792; baseline 0.002 -25"><span class='ocrx_word' id='word_1_35' title='bbox 311 715 474 769; x_wconf 66' lang='grc' dir='ltr'>ἐθνῶν</span> <span class='ocrx_word' id='word_1_36' title='bbox 529 713 802 786; x_wconf 75' lang='grc' dir='ltr'>ἀπελθεῖν,</span> <span class='ocrx_word' id='word_1_37' title='bbox 863 714 1017 776; x_wconf 66' lang='grc' dir='ltr'>αὒτδς</span> <span class='ocrx_word' id='word_1_38' title='bbox 1075 716 1147 777; x_wconf 78' lang='grc' dir='ltr'>εἷς</span> <span class='ocrx_word' id='word_1_39' title='bbox 1206 717 1367 792; x_wconf 85' lang='grc' dir='ltr'>Τύρον</span> <span class='ocrx_word' id='word_1_40' title='bbox 1437 717 1527 771; x_wconf 87' lang='grc' dir='ltr'>καὶ</span> <span class='ocrx_word' id='word_1_41' title='bbox 1584 714 1810 786; x_wconf 77' lang='grc' dir='ltr'>Σιδῶνα,</span> <span class='ocrx_word' id='word_1_42' title='bbox 1867 715 1961 777; x_wconf 79' lang='grc' dir='ltr'>τὰς</span> 
     </span>
    </p>
   </div>
   <div class='ocr_carea' id='block_1_8' title="bbox 312 801 1960 882">
    <p class='ocr_par' dir='ltr' id='par_1_8' title="bbox 312 801 1960 882">
     <span class='ocr_line' id='line_1_8' title="bbox 312 801 1960 882; baseline 0.002 -26"><span class='ocrx_word' id='word_1_43' title='bbox 312 803 519 864; x_wconf 69' lang='grc' dir='ltr'>ἰθνικάς</span> <span class='ocrx_word' id='word_1_44' title='bbox 569 801 774 877; x_wconf 82' lang='grc' dir='ltr'>πόλεις,</span> <span class='ocrx_word' id='word_1_45' title='bbox 837 803 1175 880; x_wconf 88' lang='grc' dir='ltr'>παραγίνεται</span> <span class='ocrx_word' id='word_1_46' title='bbox 1214 823 1230 878; x_wconf 84' lang='grc'><strong>;</strong></span> <span class='ocrx_word' id='word_1_47' title='bbox 1306 804 1446 860; x_wconf 75' lang='grc' dir='ltr'>Μάθε</span> <span class='ocrx_word' id='word_1_48' title='bbox 1478 804 1567 860; x_wconf 79' lang='grc' dir='ltr'>οὖν</span> <span class='ocrx_word' id='word_1_49' title='bbox 1611 802 1691 859; x_wconf 81' lang='grc' dir='ltr'>ὅτι</span> <span class='ocrx_word' id='word_1_50' title='bbox 1739 806 1840 882; x_wconf 71' lang='grc' dir='ltr'>οὔχ</span> <span class='ocrx_word' id='word_1_51' title='bbox 1888 805 1960 866; x_wconf 82' lang='grc' dir='ltr'>ὡς</span> 
     </span>
    </p>
   </div>
   <div class='ocr_carea' id='block_1_9' title="bbox 312 888 1959 972">
    <p class='ocr_par' dir='ltr' id='par_1_9' title="bbox 312 888 1959 972">
     <span class='ocr_line' id='line_1_9' title="bbox 312 888 1959 972; baseline 0 -26"><span class='ocrx_word' id='word_1_52' title='bbox 312 888 552 970; x_wconf 79' lang='grc' dir='ltr'>κηρύξων</span> <span class='ocrx_word' id='word_1_53' title='bbox 605 890 760 958; x_wconf 78' lang='grc' dir='ltr'>ἦλθεν</span> <span class='ocrx_word' id='word_1_54' title='bbox 829 891 968 970; x_wconf 70' lang='grc' dir='ltr'>ἐκεῖ,</span> <span class='ocrx_word' id='word_1_55' title='bbox 1013 890 1126 947; x_wconf 72' lang='grc' dir='ltr'>ἐπεὶ</span> <span class='ocrx_word' id='word_1_56' title='bbox 1171 894 1244 955; x_wconf 87' lang='grc' dir='ltr'>ὡς</span> <span class='ocrx_word' id='word_1_57' title='bbox 1289 895 1317 949; x_wconf 99' lang='lat'>6</span> <span class='ocrx_word' id='word_1_58' title='bbox 1364 894 1570 970; x_wconf 76' lang='grc' dir='ltr'>Μάρκος</span> <span class='ocrx_word' id='word_1_59' title='bbox 1618 893 1769 972; x_wconf 77' lang='grc' dir='ltr'>φησὶ,</span> <span class='ocrx_word' id='word_1_60' title='bbox 1811 913 1835 948; x_wconf 74' lang='grc' dir='ltr'>ι</span> <span class='ocrx_word' id='word_1_61' title='bbox 1874 893 1959 947; x_wconf 85' lang='grc' dir='ltr'>καί</span> 
     </span>
    </p>
   </div>
   <div class='ocr_carea' id='block_1_10' title="bbox 313 979 1957 1056">
    <p class='ocr_par' dir='ltr' id='par_1_10' title="bbox 313 979 1957 1056">
     <span class='ocr_line' id='line_1_10' title="bbox 313 979 1957 1056; baseline -0.001 -20"><span class='ocrx_word' id='word_1_62' title='bbox 313 979 536 1056; x_wconf 71' lang='grc' dir='ltr'>ἔκρυψεν</span> <span class='ocrx_word' id='word_1_63' title='bbox 597 981 802 1043; x_wconf 78' lang='grc' dir='ltr'>ἑαυτόν,</span> <span class='ocrx_word' id='word_1_64' title='bbox 869 1003 896 1035; x_wconf 71' lang='grc' dir='ltr'><strong><em>ι</em></strong></span> <span class='ocrx_word' id='word_1_65' title='bbox 963 979 1182 1044; x_wconf 82' lang='grc' dir='ltr'>”ΑΛλως</span> <span class='ocrx_word' id='word_1_66' title='bbox 1213 1004 1294 1053; x_wconf 87' lang='grc' dir='ltr'>τε,</span> <span class='ocrx_word' id='word_1_67' title='bbox 1342 982 1455 1037; x_wconf 81' lang='grc' dir='ltr'>ἐπεὶ</span> <span class='ocrx_word' id='word_1_68' title='bbox 1487 979 1596 1036; x_wconf 81' lang='grc' dir='ltr'>εἶδε</span> <span class='ocrx_word' id='word_1_69' title='bbox 1637 982 1755 1043; x_wconf 81' lang='grc' dir='ltr'>τοὺς</span> <span class='ocrx_word' id='word_1_70' title='bbox 1787 988 1957 1054; x_wconf 79' lang='grc' dir='ltr'>Φαρι-</span> 
     </span>
    </p>
   </div>
   <div class='ocr_carea' id='block_1_11' title="bbox 311 1067 1954 1147">
    <p class='ocr_par' dir='ltr' id='par_1_11' title="bbox 311 1067 1954 1147">
     <span class='ocr_line' id='line_1_11' title="bbox 311 1067 1954 1147; baseline 0 -23"><span class='ocrx_word' id='word_1_71' title='bbox 311 1071 488 1131; x_wconf 77' lang='grc' dir='ltr'>σαίους</span> <span class='ocrx_word' id='word_1_72' title='bbox 542 1069 620 1143; x_wconf 71' lang='grc' dir='ltr'>μὴ</span> <span class='ocrx_word' id='word_1_73' title='bbox 703 1067 1009 1142; x_wconf 70' lang='grc' dir='ltr'>δεξαμένους</span> <span class='ocrx_word' id='word_1_74' title='bbox 1084 1071 1171 1126; x_wconf 78' lang='grc' dir='ltr'>τὸν</span> <span class='ocrx_word' id='word_1_75' title='bbox 1243 1072 1358 1147; x_wconf 84' lang='grc' dir='ltr'>περὶ</span> <span class='ocrx_word' id='word_1_76' title='bbox 1431 1071 1724 1146; x_wconf 80' lang='grc' dir='ltr'>βρωμάτων</span> <span class='ocrx_word' id='word_1_77' title='bbox 1776 1069 1954 1147; x_wconf 82' lang='grc' dir='ltr'>λόγον,</span> 
     </span>
    </p>
   </div>
   <div class='ocr_carea' id='block_1_12' title="bbox 314 1155 1959 1237">
    <p class='ocr_par' dir='ltr' id='par_1_12' title="bbox 314 1155 1959 1237">
     <span class='ocr_line' id='line_1_12' title="bbox 314 1155 1959 1237; baseline -0.001 -23"><span class='ocrx_word' id='word_1_78' title='bbox 314 1155 613 1232; x_wconf 76' lang='grc' dir='ltr'>μεταϐαίνει</span> <span class='ocrx_word' id='word_1_79' title='bbox 669 1158 755 1213; x_wconf 84' lang='grc' dir='ltr'>ἐπὶ</span> <span class='ocrx_word' id='word_1_80' title='bbox 825 1159 890 1213; x_wconf 80' lang='grc' dir='ltr'>τὰ</span> <span class='ocrx_word' id='word_1_81' title='bbox 967 1157 1113 1224; x_wconf 75' lang='grc' dir='ltr'>ἔθνη,</span> <span class='ocrx_word' id='word_1_82' title='bbox 1179 1158 1434 1226; x_wconf 76' lang='grc' dir='ltr'>Ἐλέησον</span> <span class='ocrx_word' id='word_1_83' title='bbox 1503 1157 1558 1214; x_wconf 80' lang='grc' dir='ltr'>δὲ</span> <span class='ocrx_word' id='word_1_84' title='bbox 1615 1157 1785 1236; x_wconf 82' lang='grc' dir='ltr'>λέγει,</span> <span class='ocrx_word' id='word_1_85' title='bbox 1838 1159 1959 1237; x_wconf 71' lang='grc' dir='ltr'>οὐχὶ</span> 
     </span>
    </p>
   </div>
   <div class='ocr_carea' id='block_1_13' title="bbox 311 1246 1957 1327">
    <p class='ocr_par' dir='ltr' id='par_1_13' title="bbox 311 1246 1957 1327">
     <span class='ocr_line' id='line_1_13' title="bbox 311 1246 1957 1327; baseline -0.001 -25"><span class='ocrx_word' id='word_1_86' title='bbox 311 1248 413 1312; x_wconf 73' lang='grc' dir='ltr'>τὴν</span> <span class='ocrx_word' id='word_1_87' title='bbox 482 1247 734 1323; x_wconf 76' lang='grc' dir='ltr'>θυγατέρα</span> <span class='ocrx_word' id='word_1_88' title='bbox 803 1268 926 1320; x_wconf 87' lang='grc' dir='ltr'>μου·</span> <span class='ocrx_word' id='word_1_89' title='bbox 973 1247 1147 1314; x_wconf 78' lang='grc' dir='ltr'>ἐκείνη</span> <span class='ocrx_word' id='word_1_90' title='bbox 1205 1249 1304 1325; x_wconf 79' lang='grc' dir='ltr'>γὰρ</span> <span class='ocrx_word' id='word_1_91' title='bbox 1333 1249 1664 1327; x_wconf 85' lang='grc' dir='ltr'>ἀναισθητεῖ,</span> <span class='ocrx_word' id='word_1_92' title='bbox 1700 1246 1818 1303; x_wconf 81' lang='grc' dir='ltr'>ἀλλ’</span> <span class='ocrx_word' id='word_1_93' title='bbox 1862 1247 1957 1322; x_wconf 65' lang='grc' dir='ltr'>εμὲ</span> 
     </span>
    </p>
   </div>
   <div class='ocr_carea' id='block_1_14' title="bbox 309 1335 1958 1415">
    <p class='ocr_par' dir='ltr' id='par_1_14' title="bbox 309 1335 1958 1415">
     <span class='ocr_line' id='line_1_14' title="bbox 309 1335 1958 1415; baseline 0 -23"><span class='ocrx_word' id='word_1_94' title='bbox 309 1338 410 1404; x_wconf 74' lang='grc' dir='ltr'>τὴν</span> <span class='ocrx_word' id='word_1_95' title='bbox 459 1338 524 1391; x_wconf 79' lang='grc' dir='ltr'>τὰ</span> <span class='ocrx_word' id='word_1_96' title='bbox 578 1335 726 1397; x_wconf 81' lang='grc' dir='ltr'>δεινά</span> <span class='ocrx_word' id='word_1_97' title='bbox 783 1336 1099 1415; x_wconf 62' lang='grc' dir='ltr'>πάσχουσαν</span> <span class='ocrx_word' id='word_1_98' title='bbox 1155 1339 1241 1393; x_wconf 83' lang='grc' dir='ltr'>καί</span> <span class='ocrx_word' id='word_1_99' title='bbox 1302 1337 1705 1412; x_wconf 76' lang='grc' dir='ltr'>αἰσθανομένην.</span> <span class='ocrx_word' id='word_1_100' title='bbox 1758 1338 1856 1393; x_wconf 75' lang='grc' dir='ltr'>Καὶ</span> <span class='ocrx_word' id='word_1_101' title='bbox 1899 1338 1958 1392; x_wconf 75' lang='grc' dir='ltr'>οὐ</span> 
     </span>
    </p>
   </div>
   <div class='ocr_carea' id='block_1_15' title="bbox 310 1423 1956 1504">
    <p class='ocr_par' dir='ltr' id='par_1_15' title="bbox 310 1423 1956 1504">
     <span class='ocr_line' id='line_1_15' title="bbox 310 1423 1956 1504; baseline -0.004 -17"><span class='ocrx_word' id='word_1_102' title='bbox 310 1425 477 1504; x_wconf 77' lang='grc' dir='ltr'>λέγει,</span> <span class='ocrx_word' id='word_1_103' title='bbox 515 1424 686 1504; x_wconf 73' lang='grc' dir='ltr'>Ἐλθέ,</span> <span class='ocrx_word' id='word_1_104' title='bbox 719 1427 807 1481; x_wconf 89' lang='grc' dir='ltr'>καὶ</span> <span class='ocrx_word' id='word_1_105' title='bbox 837 1425 1009 1499; x_wconf 75' lang='grc' dir='ltr'>ἴασαι,</span> <span class='ocrx_word' id='word_1_106' title='bbox 1047 1425 1166 1481; x_wconf 84' lang='grc' dir='ltr'>ἀλλ’</span> <span class='ocrx_word' id='word_1_107' title='bbox 1212 1425 1492 1492; x_wconf 81' lang='grc' dir='ltr'>Ἐλέησον.</span> <span class='ocrx_word' id='word_1_108' title='bbox 1520 1423 1580 1482; x_wconf 86' lang='grc' dir='ltr'>Ὀ</span> <span class='ocrx_word' id='word_1_109' title='bbox 1610 1424 1663 1480; x_wconf 76' lang='grc' dir='ltr'><em>δὲ</em></span> <span class='ocrx_word' id='word_1_110' title='bbox 1695 1427 1788 1481; x_wconf 71' lang='grc' dir='ltr'>οὒκ</span> <span class='ocrx_word' id='word_1_111' title='bbox 1816 1426 1956 1480; x_wconf 85' lang='grc' dir='ltr'>ἀπο-</span> 
     </span>
    </p>
   </div>
   <div class='ocr_carea' id='block_1_16' title="bbox 307 1511 1954 1593">
    <p class='ocr_par' dir='ltr' id='par_1_16' title="bbox 307 1511 1954 1593">
     <span class='ocr_line' id='line_1_16' title="bbox 307 1511 1954 1593; baseline -0.001 -24"><span class='ocrx_word' id='word_1_112' title='bbox 307 1514 538 1591; x_wconf 77' lang='grc' dir='ltr'>κρίνεται</span> <span class='ocrx_word' id='word_1_113' title='bbox 597 1513 728 1589; x_wconf 71' lang='grc' dir='ltr'>αὒτῇ</span> <span class='ocrx_word' id='word_1_114' title='bbox 796 1512 976 1590; x_wconf 87' lang='grc' dir='ltr'>λόγον,</span> <span class='ocrx_word' id='word_1_115' title='bbox 1010 1514 1113 1593; x_wconf 67' lang='grc' dir='ltr'>οὔχ</span> <span class='ocrx_word' id='word_1_116' title='bbox 1155 1516 1229 1576; x_wconf 85' lang='grc' dir='ltr'>ὡς</span> <span class='ocrx_word' id='word_1_117' title='bbox 1283 1521 1649 1592; x_wconf 73' lang='grc' dir='ltr'>καταφρονῶν,</span> <span class='ocrx_word' id='word_1_118' title='bbox 1685 1511 1801 1569; x_wconf 82' lang='grc' dir='ltr'>ἀλλ’</span> <span class='ocrx_word' id='word_1_119' title='bbox 1863 1512 1954 1567; x_wconf 69' lang='grc' dir='ltr'>ἵνα</span> 
     </span>
    </p>
   </div>
   <div class='ocr_carea' id='block_1_17' title="bbox 309 1601 1946 1688">
    <p class='ocr_par' dir='ltr' id='par_1_17' title="bbox 309 1601 1946 1688">
     <span class='ocr_line' id='line_1_17' title="bbox 309 1601 1946 1688; baseline -0.002 -30"><span class='ocrx_word' id='word_1_120' title='bbox 309 1603 474 1678; x_wconf 74' lang='grc' dir='ltr'>δείξῃ,</span> <span class='ocrx_word' id='word_1_121' title='bbox 537 1602 615 1658; x_wconf 79' lang='grc' dir='ltr'>ὅτι</span> <span class='ocrx_word' id='word_1_122' title='bbox 673 1601 759 1658; x_wconf 77' lang='grc' dir='ltr'>διὰ</span> <span class='ocrx_word' id='word_1_123' title='bbox 814 1603 934 1666; x_wconf 80' lang='grc' dir='ltr'>τοὺς</span> <span class='ocrx_word' id='word_1_124' title='bbox 980 1601 1263 1688; x_wconf 65' lang='grc' dir='ltr'>Ἰουδαίους</span> <span class='ocrx_word' id='word_1_125' title='bbox 1312 1602 1440 1669; x_wconf 73' lang='grc' dir='ltr'>ἦλθε</span> <span class='ocrx_word' id='word_1_126' title='bbox 1516 1601 1946 1681; x_wconf 72' lang='grc' dir='ltr'>προηγουμένως·</span> 
     </span>
    </p>
   </div>
   <div class='ocr_carea' id='block_1_18' title="bbox 307 1688 1951 1770">
    <p class='ocr_par' dir='ltr' id='par_1_18' title="bbox 307 1688 1951 1770">
     <span class='ocr_line' id='line_1_18' title="bbox 307 1688 1951 1770; baseline -0.002 -22"><span class='ocrx_word' id='word_1_127' title='bbox 307 1694 396 1748; x_wconf 88' lang='grc' dir='ltr'>καὶ</span> <span class='ocrx_word' id='word_1_128' title='bbox 454 1688 690 1769; x_wconf 67' lang='grc' dir='ltr'>ἐμφράξῃ</span> <span class='ocrx_word' id='word_1_129' title='bbox 745 1693 836 1755; x_wconf 81' lang='grc' dir='ltr'>τὰς</span> <span class='ocrx_word' id='word_1_130' title='bbox 911 1693 1256 1770; x_wconf 68' lang='grc' dir='ltr'>συκοφαντίας</span> <span class='ocrx_word' id='word_1_131' title='bbox 1318 1695 1513 1766; x_wconf 71' lang='grc' dir='ltr'>αὐτῶν,</span> <span class='ocrx_word' id='word_1_132' title='bbox 1575 1693 1651 1766; x_wconf 78' lang='grc' dir='ltr'>μὴ</span> <span class='ocrx_word' id='word_1_133' title='bbox 1711 1691 1951 1770; x_wconf 72' lang='grc' dir='ltr'>ἐχόντων</span> 
     </span>
    </p>
   </div>
   <div class='ocr_carea' id='block_1_19' title="bbox 2045 626 3675 708">
    <p class='ocr_par' dir='ltr' id='par_1_19' title="bbox 2045 626 3675 708">
     <span class='ocr_line' id='line_1_19' title="bbox 2045 626 3675 708; baseline 0.006 -25"><span class='ocrx_word' id='word_1_134' title='bbox 2045 627 2308 689; x_wconf 84' lang='lat' dir='ltr'>verbum.</span> <span class='ocrx_word' id='word_1_135' title='bbox 2348 653 2374 682; x_wconf 72' lang='grc' dir='ltr'>ι»</span> <span class='ocrx_word' id='word_1_136' title='bbox 2410 626 2604 699; x_wconf 86' lang='lat' dir='ltr'>Quare</span> <span class='ocrx_word' id='word_1_137' title='bbox 2635 629 2962 707; x_wconf 84' lang='lat' dir='ltr'>discipulos</span> <span class='ocrx_word' id='word_1_138' title='bbox 2995 627 3294 708; x_wconf 85' lang='lat' dir='ltr'>prohibuit</span> <span class='ocrx_word' id='word_1_139' title='bbox 3325 631 3410 690; x_wconf 90' lang='lat' dir='ltr'>ire</span> <span class='ocrx_word' id='word_1_140' title='bbox 3441 629 3503 689; x_wconf 89' lang='lat' dir='ltr'>in</span> <span class='ocrx_word' id='word_1_141' title='bbox 3523 630 3675 692; x_wconf 92' lang='lat' dir='ltr'>viam</span> 
     </span>
    </p>
   </div>
   <div class='ocr_carea' id='block_1_20' title="bbox 2043 715 3681 797">
    <p class='ocr_par' dir='ltr' id='par_1_20' title="bbox 2043 715 3681 797">
     <span class='ocr_line' id='line_1_20' title="bbox 2043 715 3681 797; baseline 0.004 -23"><span class='ocrx_word' id='word_1_142' title='bbox 2043 715 2464 796; x_wconf 88' lang='lat' dir='ltr'>gentium,ipse</span> <span class='ocrx_word' id='word_1_143' title='bbox 2496 725 2694 778; x_wconf 91' lang='lat' dir='ltr'>autem</span> <span class='ocrx_word' id='word_1_144' title='bbox 2727 718 2788 778; x_wconf 90' lang='lat' dir='ltr'>in</span> <span class='ocrx_word' id='word_1_145' title='bbox 2820 717 3045 796; x_wconf 79' lang='lat' dir='ltr'>Tyrum</span> <span class='ocrx_word' id='word_1_146' title='bbox 3078 724 3135 778; x_wconf 88' lang='lat' dir='ltr'>et</span> <span class='ocrx_word' id='word_1_147' title='bbox 3161 716 3467 790; x_wconf 85' lang='lat' dir='ltr'>Sidonem,</span> <span class='ocrx_word' id='word_1_148' title='bbox 3497 720 3681 797; x_wconf 83' lang='lat' dir='ltr'>genti-</span> 
     </span>
    </p>
   </div>
   <div class='ocr_carea' id='block_1_21' title="bbox 2045 803 3680 887">
    <p class='ocr_par' dir='ltr' id='par_1_21' title="bbox 2045 803 3680 887">
     <span class='ocr_line' id='line_1_21' title="bbox 2045 803 3680 887; baseline 0.005 -25"><span class='ocrx_word' id='word_1_149' title='bbox 2045 803 2188 862; x_wconf 85' lang='lat' dir='ltr'>lium</span> <span class='ocrx_word' id='word_1_150' title='bbox 2210 805 2648 876; x_wconf 79' lang='lat' dir='ltr'>civitates,ivil‘?</span> <span class='ocrx_word' id='word_1_151' title='bbox 2671 807 2843 869; x_wconf 87' lang='lat' dir='ltr'>Disce</span> <span class='ocrx_word' id='word_1_152' title='bbox 2865 807 3042 886; x_wconf 83' lang='lat' dir='ltr'>igitur</span> <span class='ocrx_word' id='word_1_153' title='bbox 3064 805 3220 886; x_wconf 91' lang='lat' dir='ltr'>quod</span> <span class='ocrx_word' id='word_1_154' title='bbox 3243 824 3358 869; x_wconf 89' lang='lat' dir='ltr'>non</span> <span class='ocrx_word' id='word_1_155' title='bbox 3380 815 3445 868; x_wconf 93' lang='lat' dir='ltr'>ut</span> <span class='ocrx_word' id='word_1_156' title='bbox 3464 808 3680 887; x_wconf 70' lang='lat' dir='ltr'>praedi-</span> 
     </span>
    </p>
   </div>
   <div class='ocr_carea' id='block_1_22' title="bbox 2044 893 3680 976">
    <p class='ocr_par' dir='ltr' id='par_1_22' title="bbox 2044 893 3680 976">
     <span class='ocr_line' id='line_1_22' title="bbox 2044 893 3680 976; baseline 0.004 -25"><span class='ocrx_word' id='word_1_157' title='bbox 2044 902 2280 954; x_wconf 82' lang='lat' dir='ltr'>caturus</span> <span class='ocrx_word' id='word_1_158' title='bbox 2301 893 2403 954; x_wconf 88' lang='lat' dir='ltr'>ivit</span> <span class='ocrx_word' id='word_1_159' title='bbox 2433 894 2742 976; x_wconf 89' lang='lat' dir='ltr'>illuc,quia</span> <span class='ocrx_word' id='word_1_160' title='bbox 2765 895 2851 975; x_wconf 86' lang='lat' dir='ltr'>(ut</span> <span class='ocrx_word' id='word_1_161' title='bbox 2877 900 3113 957; x_wconf 89' lang='lat' dir='ltr'>Marcus</span> <span class='ocrx_word' id='word_1_162' title='bbox 3134 895 3298 975; x_wconf 84' lang='lat' dir='ltr'>dicit)</span> <span class='ocrx_word' id='word_1_163' title='bbox 3315 904 3405 956; x_wconf 73' lang='lat' dir='ltr'>«et</span> <span class='ocrx_word' id='word_1_164' title='bbox 3427 897 3680 958; x_wconf 85' lang='lat' dir='ltr'>occulta-</span> 
     </span>
    </p>
   </div>
   <div class='ocr_carea' id='block_1_23' title="bbox 2044 982 3682 1064">
    <p class='ocr_par' dir='ltr' id='par_1_23' title="bbox 2044 982 3682 1064">
     <span class='ocr_line' id='line_1_23' title="bbox 2044 982 3682 1064; baseline 0.005 -25"><span class='ocrx_word' id='word_1_165' title='bbox 2044 982 2123 1041; x_wconf 87' lang='lat' dir='ltr'>vit</span> <span class='ocrx_word' id='word_1_166' title='bbox 2150 1001 2234 1044; x_wconf 89' lang='lat' dir='ltr'>se.</span> <span class='ocrx_word' id='word_1_167' title='bbox 2254 1006 2273 1038; x_wconf 76' lang='grc' dir='ltr'>ι</span> <span class='ocrx_word' id='word_1_168' title='bbox 2311 982 2415 1044; x_wconf 89' lang='lat' dir='ltr'>Vel</span> <span class='ocrx_word' id='word_1_169' title='bbox 2445 984 2618 1044; x_wconf 85' lang='lat' dir='ltr'>aliter</span> <span class='ocrx_word' id='word_1_170' title='bbox 2647 985 2731 1044; x_wconf 93' lang='lat' dir='ltr'>sic</span> <span class='ocrx_word' id='word_1_171' title='bbox 2762 1003 2773 1045; x_wconf 94' lang='lat'>:</span> <span class='ocrx_word' id='word_1_172' title='bbox 2827 984 2966 1064; x_wconf 88' lang='lat' dir='ltr'>quia</span> <span class='ocrx_word' id='word_1_173' title='bbox 2992 984 3138 1045; x_wconf 89' lang='lat' dir='ltr'>vidit</span> <span class='ocrx_word' id='word_1_174' title='bbox 3167 984 3494 1046; x_wconf 65' lang='lat' dir='ltr'>l’llariszeos</span> <span class='ocrx_word' id='word_1_175' title='bbox 3523 985 3682 1048; x_wconf 90' lang='lat' dir='ltr'>nolle</span> 
     </span>
    </p>
   </div>
   <div class='ocr_carea' id='block_1_24' title="bbox 2042 1071 3676 1151">
    <p class='ocr_par' dir='ltr' id='par_1_24' title="bbox 2042 1071 3676 1151">
     <span class='ocr_line' id='line_1_24' title="bbox 2042 1071 3676 1151; baseline 0.004 -23"><span class='ocrx_word' id='word_1_176' title='bbox 2042 1071 2344 1150; x_wconf 80' lang='lat' dir='ltr'>suscipere</span> <span class='ocrx_word' id='word_1_177' title='bbox 2367 1090 2704 1134; x_wconf 87' lang='lat' dir='ltr'>sermonem</span> <span class='ocrx_word' id='word_1_178' title='bbox 2729 1073 2805 1134; x_wconf 91' lang='lat' dir='ltr'>de</span> <span class='ocrx_word' id='word_1_179' title='bbox 2831 1072 2922 1132; x_wconf 90' lang='lat'>80</span> <span class='ocrx_word' id='word_1_180' title='bbox 2947 1072 3335 1145; x_wconf 88' lang='lat' dir='ltr'>cibis,transit</span> <span class='ocrx_word' id='word_1_181' title='bbox 3357 1073 3428 1133; x_wconf 90' lang='lat' dir='ltr'>ad</span> <span class='ocrx_word' id='word_1_182' title='bbox 3451 1080 3676 1151; x_wconf 81' lang='lat' dir='ltr'>gentes.</span> 
     </span>
    </p>
   </div>
   <div class='ocr_carea' id='block_1_25' title="bbox 2041 1160 3680 1236">
    <p class='ocr_par' dir='ltr' id='par_1_25' title="bbox 2041 1160 3680 1236">
     <span class='ocr_line' id='line_1_25' title="bbox 2041 1160 3680 1236; baseline 0.002 -16"><span class='ocrx_word' id='word_1_183' title='bbox 2041 1160 2326 1221; x_wconf 83' lang='lat' dir='ltr'>Miserere</span> <span class='ocrx_word' id='word_1_184' title='bbox 2372 1169 2590 1234; x_wconf 91' lang='lat' dir='ltr'>autem,</span> <span class='ocrx_word' id='word_1_185' title='bbox 2644 1162 2785 1222; x_wconf 90' lang='lat' dir='ltr'>dicit</span> <span class='ocrx_word' id='word_1_186' title='bbox 2841 1181 2958 1222; x_wconf 90' lang='lat' dir='ltr'>non</span> <span class='ocrx_word' id='word_1_187' title='bbox 3005 1161 3136 1222; x_wconf 67' lang='lat' dir='ltr'>ﬁliae</span> <span class='ocrx_word' id='word_1_188' title='bbox 3179 1180 3348 1236; x_wconf 70' lang='lat' dir='ltr'>meae,</span> <span class='ocrx_word' id='word_1_189' title='bbox 3398 1161 3498 1222; x_wconf 91' lang='lat' dir='ltr'>illa</span> <span class='ocrx_word' id='word_1_190' title='bbox 3522 1161 3680 1224; x_wconf 90' lang='lat' dir='ltr'>enim</span> 
     </span>
    </p>
   </div>
   <div class='ocr_carea' id='block_1_26' title="bbox 2042 1249 3684 1331">
    <p class='ocr_par' dir='ltr' id='par_1_26' title="bbox 2042 1249 3684 1331">
     <span class='ocr_line' id='line_1_26' title="bbox 2042 1249 3684 1331; baseline 0.002 -23"><span class='ocrx_word' id='word_1_191' title='bbox 2042 1267 2220 1310; x_wconf 89' lang='lat' dir='ltr'>sensu</span> <span class='ocrx_word' id='word_1_192' title='bbox 2251 1259 2434 1323; x_wconf 83' lang='lat' dir='ltr'>caret,</span> <span class='ocrx_word' id='word_1_193' title='bbox 2490 1249 2592 1311; x_wconf 87' lang='lat' dir='ltr'>sed</span> <span class='ocrx_word' id='word_1_194' title='bbox 2626 1252 2764 1330; x_wconf 85' lang='lat' dir='ltr'>mei,</span> <span class='ocrx_word' id='word_1_195' title='bbox 2824 1269 2953 1331; x_wconf 85' lang='lat' dir='ltr'>quae</span> <span class='ocrx_word' id='word_1_196' title='bbox 3005 1257 3118 1310; x_wconf 88' lang='lat' dir='ltr'>tam</span> <span class='ocrx_word' id='word_1_197' title='bbox 3169 1250 3366 1326; x_wconf 84' lang='lat' dir='ltr'>gravia</span> <span class='ocrx_word' id='word_1_198' title='bbox 3413 1250 3600 1330; x_wconf 90' lang='lat' dir='ltr'>patior</span> <span class='ocrx_word' id='word_1_199' title='bbox 3625 1259 3684 1313; x_wconf 88' lang='lat' dir='ltr'>et</span> 
     </span>
    </p>
   </div>
   <div class='ocr_carea' id='block_1_27' title="bbox 2042 1337 3684 1419">
    <p class='ocr_par' dir='ltr' id='par_1_27' title="bbox 2042 1337 3684 1419">
     <span class='ocr_line' id='line_1_27' title="bbox 2042 1337 3684 1419; baseline 0.001 -21"><span class='ocrx_word' id='word_1_200' title='bbox 2042 1337 2256 1400; x_wconf 86' lang='lat' dir='ltr'>sentio.</span> <span class='ocrx_word' id='word_1_201' title='bbox 2284 1337 2405 1399; x_wconf 89' lang='lat' dir='ltr'>Nec</span> <span class='ocrx_word' id='word_1_202' title='bbox 2441 1339 2604 1409; x_wconf 91' lang='lat' dir='ltr'>dicit,</span> <span class='ocrx_word' id='word_1_203' title='bbox 2644 1338 2817 1415; x_wconf 88' lang='lat' dir='ltr'>Veni,</span> <span class='ocrx_word' id='word_1_204' title='bbox 2844 1347 2902 1400; x_wconf 87' lang='lat' dir='ltr'>et</span> <span class='ocrx_word' id='word_1_205' title='bbox 2931 1357 3095 1414; x_wconf 91' lang='lat' dir='ltr'>sana,</span> <span class='ocrx_word' id='word_1_206' title='bbox 3131 1339 3258 1419; x_wconf 88' lang='lat' dir='ltr'>sed,</span> <span class='ocrx_word' id='word_1_207' title='bbox 3294 1340 3684 1401; x_wconf 76' lang='lat' dir='ltr'>MiserereAt</span> 
     </span>
    </p>
   </div>
   <div class='ocr_carea' id='block_1_28' title="bbox 2038 1427 3674 1506">
    <p class='ocr_par' dir='ltr' id='par_1_28' title="bbox 2038 1427 3674 1506">
     <span class='ocr_line' id='line_1_28' title="bbox 2038 1427 3674 1506; baseline 0.002 -20"><span class='ocrx_word' id='word_1_208' title='bbox 2038 1427 2139 1487; x_wconf 88' lang='lat' dir='ltr'>ille</span> <span class='ocrx_word' id='word_1_209' title='bbox 2162 1445 2278 1487; x_wconf 91' lang='lat' dir='ltr'>non</span> <span class='ocrx_word' id='word_1_210' title='bbox 2305 1427 2614 1506; x_wconf 84' lang='lat' dir='ltr'>respondit</span> <span class='ocrx_word' id='word_1_211' title='bbox 2636 1428 2690 1488; x_wconf 88' lang='lat' dir='ltr'>ei</span> <span class='ocrx_word' id='word_1_212' title='bbox 2713 1427 3106 1506; x_wconf 89' lang='lat' dir='ltr'>verbum,non</span> <span class='ocrx_word' id='word_1_213' title='bbox 3137 1427 3290 1505; x_wconf 88' lang='lat' dir='ltr'>quod</span> <span class='ocrx_word' id='word_1_214' title='bbox 3317 1437 3674 1502; x_wconf 82' lang='lat' dir='ltr'>contemnat,</span> 
     </span>
    </p>
   </div>
   <div class='ocr_carea' id='block_1_29' title="bbox 2039 1514 3678 1596">
    <p class='ocr_par' dir='ltr' id='par_1_29' title="bbox 2039 1514 3678 1596">
     <span class='ocr_line' id='line_1_29' title="bbox 2039 1514 3678 1596; baseline 0.002 -20"><span class='ocrx_word' id='word_1_215' title='bbox 2039 1515 2141 1576; x_wconf 86' lang='lat' dir='ltr'>sed</span> <span class='ocrx_word' id='word_1_216' title='bbox 2178 1523 2238 1577; x_wconf 94' lang='lat' dir='ltr'>ut</span> <span class='ocrx_word' id='word_1_217' title='bbox 2262 1516 2537 1579; x_wconf 82' lang='lat' dir='ltr'>ostendat</span> <span class='ocrx_word' id='word_1_218' title='bbox 2564 1516 2718 1596; x_wconf 91' lang='lat' dir='ltr'>quod</span> <span class='ocrx_word' id='word_1_219' title='bbox 2751 1525 2993 1596; x_wconf 89' lang='lat' dir='ltr'>propter</span> <span class='ocrx_word' id='word_1_220' title='bbox 3010 1514 3245 1576; x_wconf 71' lang='lat' dir='ltr'>Judaeos</span> <span class='ocrx_word' id='word_1_221' title='bbox 3275 1516 3550 1596; x_wconf 90' lang='lat' dir='ltr'>inprimis</span> <span class='ocrx_word' id='word_1_222' title='bbox 3579 1537 3678 1579; x_wconf 91' lang='lat' dir='ltr'>ve-</span> 
     </span>
    </p>
   </div>
   <div class='ocr_carea' id='block_1_30' title="bbox 2039 1603 3678 1684">
    <p class='ocr_par' dir='ltr' id='par_1_30' title="bbox 2039 1603 3678 1684">
     <span class='ocr_line' id='line_1_30' title="bbox 2039 1603 3678 1684; baseline 0.002 -20"><span class='ocrx_word' id='word_1_223' title='bbox 2039 1603 2193 1664; x_wconf 90' lang='lat' dir='ltr'>nerit</span> <span class='ocrx_word' id='word_1_224' title='bbox 2226 1626 2236 1664; x_wconf 92' lang='lat'><strong>:</strong></span> <span class='ocrx_word' id='word_1_225' title='bbox 2275 1613 2330 1664; x_wconf 93' lang='lat' dir='ltr'>et</span> <span class='ocrx_word' id='word_1_226' title='bbox 2362 1616 2422 1664; x_wconf 89' lang='lat' dir='ltr'>ut</span> <span class='ocrx_word' id='word_1_227' title='bbox 2453 1605 2725 1666; x_wconf 93' lang='lat' dir='ltr'>occludat</span> <span class='ocrx_word' id='word_1_228' title='bbox 2755 1606 3083 1666; x_wconf 88' lang='lat' dir='ltr'>calumnias</span> <span class='ocrx_word' id='word_1_229' title='bbox 3116 1623 3426 1679; x_wconf 85' lang='lat' dir='ltr'>eorum,ne</span> <span class='ocrx_word' id='word_1_230' title='bbox 3451 1607 3678 1684; x_wconf 88' lang='lat' dir='ltr'>possint</span> 
     </span>
    </p>
   </div>
   <div class='ocr_carea' id='block_1_31' title="bbox 2037 1691 3680 1774">
    <p class='ocr_par' dir='ltr' id='par_1_31' title="bbox 2037 1691 3680 1774">
     <span class='ocr_line' id='line_1_31' title="bbox 2037 1691 3680 1774; baseline 0.002 -21"><span class='ocrx_word' id='word_1_231' title='bbox 2037 1703 2234 1772; x_wconf 87' lang='lat' dir='ltr'>postea</span> <span class='ocrx_word' id='word_1_232' title='bbox 2257 1693 2458 1755; x_wconf 88' lang='lat' dir='ltr'>dicere</span> <span class='ocrx_word' id='word_1_233' title='bbox 2477 1694 2631 1774; x_wconf 91' lang='lat' dir='ltr'>quod</span> <span class='ocrx_word' id='word_1_234' title='bbox 2651 1693 2967 1772; x_wconf 81' lang='lat' dir='ltr'>gentilibus</span> <span class='ocrx_word' id='word_1_235' title='bbox 2988 1691 3524 1774; x_wconf 86' lang='lat' dir='ltr'>benefecerit,ipsis</span> <span class='ocrx_word' id='word_1_236' title='bbox 3541 1713 3680 1756; x_wconf 88' lang='lat' dir='ltr'>con-</span> 
     </span>
    </p>
   </div>
   <div class='ocr_carea' id='block_1_32' title="bbox 307 1778 1966 1872">
    <p class='ocr_par' dir='ltr' id='par_1_32' title="bbox 307 1778 1951 1860">
     <span class='ocr_line' id='line_1_32' title="bbox 307 1778 1951 1860; baseline -0.002 -23"><span class='ocrx_word' id='word_1_237' title='bbox 307 1783 524 1858; x_wconf 76' lang='grc' dir='ltr'>ῧστερον</span> <span class='ocrx_word' id='word_1_238' title='bbox 585 1780 783 1860; x_wconf 80' lang='grc' dir='ltr'>λέγειν,</span> <span class='ocrx_word' id='word_1_239' title='bbox 844 1779 922 1836; x_wconf 83' lang='grc' dir='ltr'>ὅτι</span> <span class='ocrx_word' id='word_1_240' title='bbox 987 1782 1106 1843; x_wconf 89' lang='grc' dir='ltr'>τούς</span> <span class='ocrx_word' id='word_1_241' title='bbox 1163 1781 1393 1846; x_wconf 81' lang='grc' dir='ltr'>ἐθνικοὺς</span> <span class='ocrx_word' id='word_1_242' title='bbox 1479 1783 1765 1860; x_wconf 73' lang='grc' dir='ltr'>εὐεργετεῖ*</span> <span class='ocrx_word' id='word_1_243' title='bbox 1840 1778 1951 1854; x_wconf 78' lang='grc' dir='ltr'>ἅμα</span> 
     </span>
    </p>
   </div>
   <div class='ocr_carea' id='block_1_33' title="bbox 2038 1778 3675 1872">
    <p class='ocr_par' dir='ltr' id='par_1_33' title="bbox 2038 1781 3675 1872">
     <span class='ocr_line' id='line_1_33' title="bbox 2038 1781 3675 1872; baseline 0.003 -31"><span class='ocrx_word' id='word_1_244' title='bbox 2038 1782 2314 1872; x_wconf 78' lang='lat' dir='ltr'>templis;</span> <span class='ocrx_word' id='word_1_245' title='bbox 2351 1783 2423 1842; x_wconf 91' lang='lat' dir='ltr'>ad</span> <span class='ocrx_word' id='word_1_246' title='bbox 2455 1784 2671 1872; x_wconf 78' lang='lat' dir='ltr'>haec,ut</span> <span class='ocrx_word' id='word_1_247' title='bbox 2701 1783 2880 1845; x_wconf 89' lang='lat' dir='ltr'>etiam</span> <span class='ocrx_word' id='word_1_248' title='bbox 2916 1783 3145 1843; x_wconf 90' lang='lat' dir='ltr'>ﬁrmam</span> <span class='ocrx_word' id='word_1_249' title='bbox 3199 1781 3465 1847; x_wconf 90' lang='lat' dir='ltr'>mulieris</span> <span class='ocrx_word' id='word_1_250' title='bbox 3496 1783 3675 1846; x_wconf 91' lang='lat' dir='ltr'>ﬁdem</span> 
     </span>
    </p>
   </div>
   <div class='ocr_carea' id='block_1_34' title="bbox 305 1869 1966 1947">
    <p class='ocr_par' dir='ltr' id='par_1_34' title="bbox 305 1869 1948 1947">
     <span class='ocr_line' id='line_1_34' title="bbox 305 1869 1948 1947; baseline -0.001 -21"><span class='ocrx_word' id='word_1_251' title='bbox 305 1870 385 1942; x_wconf 78' lang='grc' dir='ltr'>δὲ,</span> <span class='ocrx_word' id='word_1_252' title='bbox 444 1871 536 1927; x_wconf 73' lang='grc' dir='ltr'>ἵνα</span> <span class='ocrx_word' id='word_1_253' title='bbox 593 1871 680 1926; x_wconf 81' lang='grc' dir='ltr'>καὶ</span> <span class='ocrx_word' id='word_1_254' title='bbox 737 1871 837 1937; x_wconf 56' lang='lat' dir='ltr'>rivi</span> <span class='ocrx_word' id='word_1_255' title='bbox 907 1870 1154 1945; x_wconf 82' lang='grc' dir='ltr'>ἐπίμονον</span> <span class='ocrx_word' id='word_1_256' title='bbox 1197 1871 1370 1927; x_wconf 89' lang='grc' dir='ltr'>πίστιν</span> <span class='ocrx_word' id='word_1_257' title='bbox 1399 1870 1494 1937; x_wconf 74' lang='grc' dir='ltr'>τῆς</span> <span class='ocrx_word' id='word_1_258' title='bbox 1545 1871 1789 1947; x_wconf 83' lang='grc' dir='ltr'>γυναικὸς</span> <span class='ocrx_word' id='word_1_259' title='bbox 1820 1869 1948 1925; x_wconf 74' lang='grc' dir='ltr'>ἑπι-</span> 
     </span>
    </p>
   </div>
   <div class='ocr_carea' id='block_1_35' title="bbox 2038 1869 2668 1947">
    <p class='ocr_par' dir='ltr' id='par_1_35' title="bbox 2038 1870 2668 1934">
     <span class='ocr_line' id='line_1_35' title="bbox 2038 1870 2668 1934; baseline 0.005 -4"><span class='ocrx_word' id='word_1_260' title='bbox 2038 1870 2406 1932; x_wconf 87' lang='lat' dir='ltr'>manifestam</span> <span class='ocrx_word' id='word_1_261' title='bbox 2435 1871 2668 1934; x_wconf 81' lang='lat' dir='ltr'>reddat.</span> 
     </span>
    </p>
   </div>
   <div class='ocr_carea' id='block_1_36' title="bbox 303 1959 468 2034">
    <p class='ocr_par' dir='ltr' id='par_1_36' title="bbox 303 1959 468 2034">
     <span class='ocr_line' id='line_1_36' title="bbox 303 1959 468 2034; baseline 0.006 -19"><span class='ocrx_word' id='word_1_262' title='bbox 303 1959 468 2034; x_wconf 76' lang='grc' dir='ltr'>δείξῃ·</span> 
     </span>
    </p>
   </div>
   <div class='ocr_carea' id='block_1_37' title="bbox 393 2047 1946 2126">
    <p class='ocr_par' dir='ltr' id='par_1_37' title="bbox 393 2047 1946 2126">
     <span class='ocr_line' id='line_1_37' title="bbox 563 2047 1870 2084; baseline 0.003 -14"><span class='ocrx_word' id='word_1_263' title='bbox 563 2051 575 2070; x_wconf 66' lang='grc' dir='ltr'>ι</span> <span class='ocrx_word' id='word_1_264' title='bbox 878 2050 888 2070; x_wconf 76' lang='grc' dir='ltr'>ι</span> <span class='ocrx_word' id='word_1_265' title='bbox 991 2072 1007 2082; x_wconf 85' lang='lat'>_</span> <span class='ocrx_word' id='word_1_266' title='bbox 1117 2053 1129 2067; x_wconf 70' lang='grc' dir='ltr'><strong>ν</strong></span> <span class='ocrx_word' id='word_1_267' title='bbox 1330 2072 1356 2082; x_wconf 86' lang='lat'><em>_</em></span> <span class='ocrx_word' id='word_1_268' title='bbox 1395 2051 1409 2072; x_wconf 61' lang='grc' dir='ltr'><strong>κ</strong></span> <span class='ocrx_word' id='word_1_269' title='bbox 1526 2051 1544 2084; x_wconf 56' lang='grc' dir='ltr'>,ν</span> <span class='ocrx_word' id='word_1_270' title='bbox 1634 2054 1640 2060; x_wconf 71' lang='grc' dir='ltr'>ι</span> <span class='ocrx_word' id='word_1_271' title='bbox 1737 2048 1749 2065; x_wconf 71' lang='grc' dir='ltr'><strong><em>τ</em></strong></span> <span class='ocrx_word' id='word_1_272' title='bbox 1817 2047 1870 2084; x_wconf 67' lang='grc'>1,.</span> 
     </span>
     <span class='ocr_line' id='line_1_38' title="bbox 393 2049 1946 2126; baseline -0.002 -21"><span class='ocrx_word' id='word_1_273' title='bbox 393 2071 417 2105; x_wconf 74' lang='grc' dir='ltr'>α</span> <span class='ocrx_word' id='word_1_274' title='bbox 483 2059 579 2107; x_wconf 84' lang='grc' dir='ltr'>Και</span> <span class='ocrx_word' id='word_1_275' title='bbox 634 2049 1006 2126; x_wconf 68' lang='grc' dir='ltr'>προσελθοντε,</span> <span class='ocrx_word' id='word_1_276' title='bbox 1087 2071 1133 2105; x_wconf 81' lang='grc' dir='ltr'>οι</span> <span class='ocrx_word' id='word_1_277' title='bbox 1183 2053 1412 2124; x_wconf 61' lang='grc' dir='ltr'>μαθηται</span> <span class='ocrx_word' id='word_1_278' title='bbox 1491 2071 1667 2122; x_wconf 62' lang='grc' dir='ltr'>αδτου,</span> <span class='ocrx_word' id='word_1_279' title='bbox 1727 2068 1946 2124; x_wconf 83' lang='grc' dir='ltr'>ηρω.ων</span> 
     </span>
    </p>
   </div>
   <div class='ocr_carea' id='block_1_38' title="bbox 305 2135 1945 2218">
    <p class='ocr_par' dir='ltr' id='par_1_38' title="bbox 305 2135 1945 2218">
     <span class='ocr_line' id='line_1_39' title="bbox 305 2135 1945 2218; baseline -0.003 -25"><span class='ocrx_word' id='word_1_280' title='bbox 305 2141 482 2218; x_wconf 65' lang='grc' dir='ltr'>αὺτὸν,</span> <span class='ocrx_word' id='word_1_281' title='bbox 511 2138 779 2215; x_wconf 79' lang='grc' dir='ltr'>λέγοντες·</span> <span class='ocrx_word' id='word_1_282' title='bbox 819 2137 1113 2196; x_wconf 79' lang='grc' dir='ltr'>Ἀπόλυσον</span> <span class='ocrx_word' id='word_1_283' title='bbox 1145 2139 1330 2216; x_wconf 74' lang='grc' dir='ltr'>αὗτὴν,</span> <span class='ocrx_word' id='word_1_284' title='bbox 1382 2138 1462 2193; x_wconf 75' lang='grc' dir='ltr'>ὁτι</span> <span class='ocrx_word' id='word_1_285' title='bbox 1512 2138 1690 2214; x_wconf 76' lang='grc' dir='ltr'>κράζει</span> <span class='ocrx_word' id='word_1_286' title='bbox 1735 2135 1945 2192; x_wconf 70' lang='grc' dir='ltr'>ὄπισθεν</span> 
     </span>
    </p>
   </div>
   <div class='ocr_carea' id='block_1_39' title="bbox 303 2219 1946 2305">
    <p class='ocr_par' dir='ltr' id='par_1_39' title="bbox 303 2219 1946 2305">
     <span class='ocr_line' id='line_1_40' title="bbox 303 2219 1946 2305; baseline -0.002 -23"><span class='ocrx_word' id='word_1_287' title='bbox 303 2231 482 2300; x_wconf 76' lang='grc' dir='ltr'>ἡμῶν.</span> <span class='ocrx_word' id='word_1_288' title='bbox 539 2219 596 2284; x_wconf 61' lang='grc' dir='ltr'>Ὀ</span> <span class='ocrx_word' id='word_1_289' title='bbox 640 2227 718 2299; x_wconf 78' lang='grc' dir='ltr'>δί,</span> <span class='ocrx_word' id='word_1_290' title='bbox 764 2228 1060 2305; x_wconf 77' lang='grc' dir='ltr'>ἀποκριθεὶς</span> <span class='ocrx_word' id='word_1_291' title='bbox 1089 2228 1266 2283; x_wconf 76' lang='grc' dir='ltr'>εἶπεν·</span> <span class='ocrx_word' id='word_1_292' title='bbox 1305 2229 1408 2288; x_wconf 65' lang='grc' dir='ltr'>Οὔκ</span> <span class='ocrx_word' id='word_1_293' title='bbox 1439 2225 1743 2292; x_wconf 76' lang='grc' dir='ltr'>ἀπεστάλην</span> <span class='ocrx_word' id='word_1_294' title='bbox 1801 2226 1946 2298; x_wconf 77' lang='grc' dir='ltr'>είμή</span> 
     </span>
    </p>
   </div>
   <div class='ocr_carea' id='block_1_40' title="bbox 306 2311 1945 2393">
    <p class='ocr_par' dir='ltr' id='par_1_40' title="bbox 306 2311 1945 2393">
     <span class='ocr_line' id='line_1_41' title="bbox 306 2311 1945 2393; baseline -0.002 -22"><span class='ocrx_word' id='word_1_295' title='bbox 306 2319 379 2380; x_wconf 80' lang='grc' dir='ltr'>εἷς</span> <span class='ocrx_word' id='word_1_296' title='bbox 436 2317 499 2372; x_wconf 75' lang='grc' dir='ltr'>τὰ</span> <span class='ocrx_word' id='word_1_297' title='bbox 556 2314 794 2393; x_wconf 73' lang='grc' dir='ltr'>πρόϐατα</span> <span class='ocrx_word' id='word_1_298' title='bbox 851 2317 915 2370; x_wconf 73' lang='grc' dir='ltr'>τα</span> <span class='ocrx_word' id='word_1_299' title='bbox 960 2314 1275 2372; x_wconf 79' lang='grc' dir='ltr'>ἀπολωλότα</span> <span class='ocrx_word' id='word_1_300' title='bbox 1318 2313 1471 2371; x_wconf 68' lang='grc' dir='ltr'>οἴκου</span> <span class='ocrx_word' id='word_1_301' title='bbox 1530 2311 1766 2392; x_wconf 73' lang='grc' dir='ltr'>Ἰσραήλ.</span> <span class='ocrx_word' id='word_1_302' title='bbox 1825 2335 1851 2368; x_wconf 68' lang='grc' dir='ltr'><strong>ι</strong></span> <span class='ocrx_word' id='word_1_303' title='bbox 1888 2315 1945 2371; x_wconf 85' lang='grc' dir='ltr'><strong>Οἱ</strong></span> 
     </span>
    </p>
   </div>
   <div class='ocr_carea' id='block_1_41' title="bbox 305 2403 1942 2482">
    <p class='ocr_par' dir='ltr' id='par_1_41' title="bbox 305 2403 1942 2482">
     <span class='ocr_line' id='line_1_42' title="bbox 305 2403 1942 2482; baseline -0.002 -23"><span class='ocrx_word' id='word_1_304' title='bbox 305 2407 536 2477; x_wconf 77' lang='grc' dir='ltr'>μαθηταὶ</span> <span class='ocrx_word' id='word_1_305' title='bbox 603 2403 935 2482; x_wconf 79' lang='grc' dir='ltr'>ϐαρυνθέντες</span> <span class='ocrx_word' id='word_1_306' title='bbox 1023 2411 1090 2480; x_wconf 79' lang='grc' dir='ltr'>τῇ</span> <span class='ocrx_word' id='word_1_307' title='bbox 1212 2410 1415 2481; x_wconf 80' lang='grc' dir='ltr'>κραυγῇ</span> <span class='ocrx_word' id='word_1_308' title='bbox 1488 2409 1586 2468; x_wconf 74' lang='grc' dir='ltr'>τῆς</span> <span class='ocrx_word' id='word_1_309' title='bbox 1673 2403 1942 2481; x_wconf 83' lang='grc' dir='ltr'>γυναικὸς,</span> 
     </span>
    </p>
   </div>
   <div class='ocr_carea' id='block_1_42' title="bbox 303 2489 1942 2572">
    <p class='ocr_par' dir='ltr' id='par_1_42' title="bbox 303 2489 1942 2572">
     <span class='ocr_line' id='line_1_43' title="bbox 303 2489 1942 2572; baseline -0.002 -23"><span class='ocrx_word' id='word_1_310' title='bbox 303 2494 543 2570; x_wconf 71' lang='grc' dir='ltr'>ἠρώτων,</span> <span class='ocrx_word' id='word_1_311' title='bbox 609 2494 702 2549; x_wconf 83' lang='grc' dir='ltr'>’ίνα</span> <span class='ocrx_word' id='word_1_312' title='bbox 759 2493 997 2570; x_wconf 77' lang='grc' dir='ltr'>ἀπολύσῃ</span> <span class='ocrx_word' id='word_1_313' title='bbox 1055 2496 1240 2572; x_wconf 72' lang='grc' dir='ltr'>αὒτὴν,</span> <span class='ocrx_word' id='word_1_314' title='bbox 1292 2492 1554 2567; x_wconf 80' lang='grc' dir='ltr'>τουτέστι,</span> <span class='ocrx_word' id='word_1_315' title='bbox 1614 2489 1942 2570; x_wconf 76' lang='grc' dir='ltr'>παρεκάλουν</span> 
     </span>
    </p>
   </div>
   <div class='ocr_carea' id='block_1_43' title="bbox 308 2579 1941 2659">
    <p class='ocr_par' dir='ltr' id='par_1_43' title="bbox 308 2579 1941 2659">
     <span class='ocr_line' id='line_1_44' title="bbox 308 2579 1941 2659; baseline -0.002 -22"><span class='ocrx_word' id='word_1_316' title='bbox 308 2583 720 2657; x_wconf 70' lang='grc' dir='ltr'>ἀποπέμψασθαι</span> <span class='ocrx_word' id='word_1_317' title='bbox 793 2585 977 2652; x_wconf 69' lang='grc' dir='ltr'>αὒτήν,</span> <span class='ocrx_word' id='word_1_318' title='bbox 1056 2581 1220 2639; x_wconf 70' lang='grc' dir='ltr'>Τοῦτο</span> <span class='ocrx_word' id='word_1_319' title='bbox 1276 2579 1331 2636; x_wconf 77' lang='grc' dir='ltr'>δὲ</span> <span class='ocrx_word' id='word_1_320' title='bbox 1403 2581 1633 2659; x_wconf 79' lang='grc' dir='ltr'>ἐποίουν,</span> <span class='ocrx_word' id='word_1_321' title='bbox 1711 2580 1813 2658; x_wconf 76' lang='grc' dir='ltr'>οὒχ</span> <span class='ocrx_word' id='word_1_322' title='bbox 1870 2581 1941 2642; x_wconf 84' lang='grc' dir='ltr'>ὡς</span> 
     </span>
    </p>
   </div>
   <div class='ocr_carea' id='block_1_44' title="bbox 309 2667 1944 2750">
    <p class='ocr_par' dir='ltr' id='par_1_44' title="bbox 309 2667 1944 2750">
     <span class='ocr_line' id='line_1_45' title="bbox 309 2667 1944 2750; baseline -0.002 -25"><span class='ocrx_word' id='word_1_323' title='bbox 309 2671 667 2750; x_wconf 70' lang='grc' dir='ltr'>ἃσπλαγχνοι,</span> <span class='ocrx_word' id='word_1_324' title='bbox 726 2669 862 2727; x_wconf 79' lang='grc' dir='ltr'>ἀλλὰ</span> <span class='ocrx_word' id='word_1_325' title='bbox 920 2669 1122 2744; x_wconf 78' lang='grc' dir='ltr'>μᾶλλον</span> <span class='ocrx_word' id='word_1_326' title='bbox 1180 2670 1416 2733; x_wconf 75' lang='grc' dir='ltr'>θέλοντες</span> <span class='ocrx_word' id='word_1_327' title='bbox 1479 2683 1664 2725; x_wconf 86' lang='grc' dir='ltr'>πεῖσαι</span> <span class='ocrx_word' id='word_1_328' title='bbox 1717 2670 1807 2724; x_wconf 81' lang='grc' dir='ltr'>τὸν</span> <span class='ocrx_word' id='word_1_329' title='bbox 1835 2667 1944 2725; x_wconf 82' lang='grc' dir='ltr'>Κύ-</span> 
     </span>
    </p>
   </div>
   <div class='ocr_carea' id='block_1_45' title="bbox 310 2752 1942 2838">
    <p class='ocr_par' dir='ltr' id='par_1_45' title="bbox 310 2752 1942 2838">
     <span class='ocr_line' id='line_1_46' title="bbox 310 2752 1942 2838; baseline -0.003 -23"><span class='ocrx_word' id='word_1_330' title='bbox 310 2783 417 2838; x_wconf 83' lang='grc' dir='ltr'>ριον</span> <span class='ocrx_word' id='word_1_331' title='bbox 466 2759 684 2826; x_wconf 72' lang='grc' dir='ltr'>ἐλεῆσαι</span> <span class='ocrx_word' id='word_1_332' title='bbox 743 2760 928 2827; x_wconf 61' lang='grc' dir='ltr'>αὐτὴν,</span> <span class='ocrx_word' id='word_1_333' title='bbox 967 2752 1023 2816; x_wconf 43' lang='grc' dir='ltr'><strong>(Ο</strong></span> <span class='ocrx_word' id='word_1_334' title='bbox 1079 2758 1154 2815; x_wconf 80' lang='grc' dir='ltr'>δέ·</span> <span class='ocrx_word' id='word_1_335' title='bbox 1195 2761 1300 2817; x_wconf 73' lang='grc' dir='ltr'>Ούκ</span> <span class='ocrx_word' id='word_1_336' title='bbox 1330 2758 1662 2836; x_wconf 75' lang='grc' dir='ltr'>ἀπεστάλην,</span> <span class='ocrx_word' id='word_1_337' title='bbox 1691 2758 1870 2838; x_wconf 65' lang='grc' dir='ltr'>φησὶν,</span> <span class='ocrx_word' id='word_1_338' title='bbox 1900 2757 1942 2811; x_wconf 89' lang='grc' dir='ltr'>εἰ</span> 
     </span>
    </p>
   </div>
   <div class='ocr_carea' id='block_1_46' title="bbox 303 2843 1940 2927">
    <p class='ocr_par' dir='ltr' id='par_1_46' title="bbox 303 2843 1940 2927">
     <span class='ocr_line' id='line_1_47' title="bbox 303 2843 1940 2927; baseline -0.004 -21"><span class='ocrx_word' id='word_1_339' title='bbox 303 2851 379 2922; x_wconf 76' lang='grc' dir='ltr'>μὴ</span> <span class='ocrx_word' id='word_1_340' title='bbox 435 2852 508 2912; x_wconf 69' lang='grc' dir='ltr'>εἷς</span> <span class='ocrx_word' id='word_1_341' title='bbox 579 2850 699 2912; x_wconf 68' lang='grc' dir='ltr'>τούς</span> <span class='ocrx_word' id='word_1_342' title='bbox 772 2847 1067 2927; x_wconf 72' lang='grc' dir='ltr'>Ἰουδαίους,</span> <span class='ocrx_word' id='word_1_343' title='bbox 1102 2849 1155 2904; x_wconf 68' lang='grc' dir='ltr'>οἵ</span> <span class='ocrx_word' id='word_1_344' title='bbox 1206 2847 1524 2905; x_wconf 81' lang='grc' dir='ltr'>ἀπολωλότα</span> <span class='ocrx_word' id='word_1_345' title='bbox 1555 2850 1651 2904; x_wconf 82' lang='grc' dir='ltr'>εἶσὶ</span> <span class='ocrx_word' id='word_1_346' title='bbox 1680 2843 1940 2924; x_wconf 71' lang='grc' dir='ltr'>πρόϐατα,</span> 
     </span>
    </p>
   </div>
   <div class='ocr_carea' id='block_1_47' title="bbox 302 2932 1944 3011">
    <p class='ocr_par' dir='ltr' id='par_1_47' title="bbox 302 2932 1944 3011">
     <span class='ocr_line' id='line_1_48' title="bbox 302 2932 1944 3011; baseline -0.004 -18"><span class='ocrx_word' id='word_1_347' title='bbox 302 2940 407 2993; x_wconf 58' lang='grc' dir='ltr'>ἀπο</span> <span class='ocrx_word' id='word_1_348' title='bbox 476 2938 663 3002; x_wconf 84' lang='grc' dir='ltr'>κακίας</span> <span class='ocrx_word' id='word_1_349' title='bbox 727 2943 831 2992; x_wconf 88' lang='grc' dir='ltr'>τῶν</span> <span class='ocrx_word' id='word_1_350' title='bbox 903 2937 1350 3011; x_wconf 75' lang='grc' dir='ltr'>ἓμπιστευθέντων</span> <span class='ocrx_word' id='word_1_351' title='bbox 1405 2937 1560 2999; x_wconf 69' lang='grc' dir='ltr'>αὐτά,</span> <span class='ocrx_word' id='word_1_352' title='bbox 1597 2936 1694 2990; x_wconf 82' lang='grc' dir='ltr'>Διὰ</span> <span class='ocrx_word' id='word_1_353' title='bbox 1739 2932 1793 2988; x_wconf 75' lang='grc' dir='ltr'>δὲ</span> <span class='ocrx_word' id='word_1_354' title='bbox 1818 2934 1944 2988; x_wconf 84' lang='grc' dir='ltr'>τού·-</span> 
     </span>
    </p>
   </div>
   <div class='ocr_carea' id='block_1_48' title="bbox 2113 2038 3671 2123">
    <p class='ocr_par' dir='ltr' id='par_1_48' title="bbox 2113 2038 3671 2123">
     <span class='ocr_line' id='line_1_49' title="bbox 2113 2038 3671 2123; baseline 0.003 -23"><span class='ocrx_word' id='word_1_355' title='bbox 2113 2039 2274 2102; x_wconf 79' lang='lat' dir='ltr'>VERS</span> <span class='ocrx_word' id='word_1_356' title='bbox 2301 2038 2630 2117; x_wconf 68' lang='lat' dir='ltr'>23,24.uEt</span> <span class='ocrx_word' id='word_1_357' title='bbox 2659 2040 3009 2102; x_wconf 89' lang='lat' dir='ltr'>accedentes</span> <span class='ocrx_word' id='word_1_358' title='bbox 3030 2040 3307 2122; x_wconf 90' lang='lat' dir='ltr'>discipuli</span> <span class='ocrx_word' id='word_1_359' title='bbox 3337 2043 3466 2120; x_wconf 88' lang='lat' dir='ltr'>ejus</span> <span class='ocrx_word' id='word_1_360' title='bbox 3494 2061 3671 2123; x_wconf 88' lang='lat' dir='ltr'>roga-</span> 
     </span>
    </p>
   </div>
   <div class='ocr_carea' id='block_1_49' title="bbox 2032 2128 3676 2213">
    <p class='ocr_par' dir='ltr' id='par_1_49' title="bbox 2032 2128 3676 2213">
     <span class='ocr_line' id='line_1_50' title="bbox 2032 2128 3676 2213; baseline 0.005 -26"><span class='ocrx_word' id='word_1_361' title='bbox 2032 2128 2172 2188; x_wconf 88' lang='lat' dir='ltr'>bant</span> <span class='ocrx_word' id='word_1_362' title='bbox 2206 2130 2392 2212; x_wconf 83' lang='lat' dir='ltr'>illum,</span> <span class='ocrx_word' id='word_1_363' title='bbox 2447 2131 2711 2193; x_wconf 87' lang='lat' dir='ltr'>dicentes</span> <span class='ocrx_word' id='word_1_364' title='bbox 2748 2153 2760 2192; x_wconf 94' lang='lat'><strong>:</strong></span> <span class='ocrx_word' id='word_1_365' title='bbox 2821 2131 3040 2192; x_wconf 88' lang='lat' dir='ltr'>Omitte</span> <span class='ocrx_word' id='word_1_366' title='bbox 3070 2132 3256 2213; x_wconf 79' lang='lat' dir='ltr'>illam,</span> <span class='ocrx_word' id='word_1_367' title='bbox 3296 2151 3430 2192; x_wconf 91' lang='lat' dir='ltr'>nam</span> <span class='ocrx_word' id='word_1_368' title='bbox 3463 2133 3676 2195; x_wconf 82' lang='lat' dir='ltr'>clamat</span> 
     </span>
    </p>
   </div>
   <div class='ocr_carea' id='block_1_50' title="bbox 2032 2220 3670 2299">
    <p class='ocr_par' dir='ltr' id='par_1_50' title="bbox 2032 2220 3670 2299">
     <span class='ocr_line' id='line_1_51' title="bbox 2032 2220 3670 2299; baseline 0.005 -22"><span class='ocrx_word' id='word_1_369' title='bbox 2032 2227 2162 2294; x_wconf 79' lang='lat' dir='ltr'>post</span> <span class='ocrx_word' id='word_1_370' title='bbox 2194 2221 2403 2281; x_wconf 90' lang='lat' dir='ltr'>nos.At</span> <span class='ocrx_word' id='word_1_371' title='bbox 2421 2220 2522 2282; x_wconf 93' lang='lat' dir='ltr'>ille</span> <span class='ocrx_word' id='word_1_372' title='bbox 2545 2220 2917 2299; x_wconf 91' lang='lat' dir='ltr'>respondens</span> <span class='ocrx_word' id='word_1_373' title='bbox 2939 2220 3089 2280; x_wconf 83' lang='lat' dir='ltr'>dixit</span> <span class='ocrx_word' id='word_1_374' title='bbox 3114 2241 3124 2278; x_wconf 91' lang='lat'>:</span> <span class='ocrx_word' id='word_1_375' title='bbox 3149 2223 3280 2282; x_wconf 91' lang='lat' dir='ltr'>Non</span> <span class='ocrx_word' id='word_1_376' title='bbox 3300 2240 3430 2281; x_wconf 94' lang='lat' dir='ltr'>sum</span> <span class='ocrx_word' id='word_1_377' title='bbox 3456 2221 3670 2285; x_wconf 92' lang='lat' dir='ltr'>missus</span> 
     </span>
    </p>
   </div>
   <div class='ocr_carea' id='block_1_51' title="bbox 2031 2305 3672 2391">
    <p class='ocr_par' dir='ltr' id='par_1_51' title="bbox 2031 2305 3672 2391">
     <span class='ocr_line' id='line_1_52' title="bbox 2031 2305 3672 2391; baseline 0.005 -26"><span class='ocrx_word' id='word_1_378' title='bbox 2031 2305 2139 2366; x_wconf 89' lang='lat' dir='ltr'>nisi</span> <span class='ocrx_word' id='word_1_379' title='bbox 2165 2307 2236 2367; x_wconf 89' lang='lat' dir='ltr'>ad</span> <span class='ocrx_word' id='word_1_380' title='bbox 2261 2327 2397 2371; x_wconf 89' lang='lat' dir='ltr'>oves</span> <span class='ocrx_word' id='word_1_381' title='bbox 2421 2329 2552 2389; x_wconf 73' lang='lat' dir='ltr'>quae</span> <span class='ocrx_word' id='word_1_382' title='bbox 2578 2309 2882 2389; x_wconf 90' lang='lat' dir='ltr'>perierunt</span> <span class='ocrx_word' id='word_1_383' title='bbox 2903 2309 3112 2370; x_wconf 93' lang='lat' dir='ltr'>domus</span> <span class='ocrx_word' id='word_1_384' title='bbox 3135 2308 3336 2372; x_wconf 86' lang='lat' dir='ltr'>Israel.</span> <span class='ocrx_word' id='word_1_385' title='bbox 3356 2310 3672 2391; x_wconf 76' lang='lat' dir='ltr'>nDiscipuli</span> 
     </span>
    </p>
   </div>
   <div class='ocr_carea' id='block_1_52' title="bbox 2028 2397 3665 2480">
    <p class='ocr_par' dir='ltr' id='par_1_52' title="bbox 2028 2397 3665 2480">
     <span class='ocr_line' id='line_1_53' title="bbox 2028 2397 3665 2480; baseline 0.005 -25"><span class='ocrx_word' id='word_1_386' title='bbox 2028 2397 2312 2473; x_wconf 86' lang='lat' dir='ltr'>gravatim</span> <span class='ocrx_word' id='word_1_387' title='bbox 2347 2398 2604 2459; x_wconf 77' lang='lat' dir='ltr'>ferentes</span> <span class='ocrx_word' id='word_1_388' title='bbox 2655 2399 2977 2460; x_wconf 90' lang='lat' dir='ltr'>clamorem</span> <span class='ocrx_word' id='word_1_389' title='bbox 3013 2399 3300 2474; x_wconf 88' lang='lat' dir='ltr'>mulieris,</span> <span class='ocrx_word' id='word_1_390' title='bbox 3335 2400 3619 2480; x_wconf 86' lang='lat' dir='ltr'>rogabant</span> <span class='ocrx_word' id='word_1_391' title='bbox 3653 2420 3665 2464; x_wconf 92' lang='lat'>:</span> 
     </span>
    </p>
   </div>
   <div class='ocr_carea' id='block_1_53' title="bbox 2032 2488 3672 2571">
    <p class='ocr_par' dir='ltr' id='par_1_53' title="bbox 2032 2488 3672 2571">
     <span class='ocr_line' id='line_1_54' title="bbox 2032 2488 3672 2571; baseline 0 -21"><span class='ocrx_word' id='word_1_392' title='bbox 2032 2488 2274 2550; x_wconf 86' lang='lat' dir='ltr'>Dimitte</span> <span class='ocrx_word' id='word_1_393' title='bbox 2305 2509 2458 2570; x_wconf 81' lang='lat' dir='ltr'>eam,</span> <span class='ocrx_word' id='word_1_394' title='bbox 2493 2491 2604 2551; x_wconf 91' lang='lat' dir='ltr'>hoc</span> <span class='ocrx_word' id='word_1_395' title='bbox 2629 2499 2740 2563; x_wconf 91' lang='lat' dir='ltr'>est,</span> <span class='ocrx_word' id='word_1_396' title='bbox 2775 2489 3244 2552; x_wconf 89' lang='lat' dir='ltr'>obsecrabantut</span> <span class='ocrx_word' id='word_1_397' title='bbox 3274 2490 3574 2571; x_wconf 85' lang='lat' dir='ltr'>ablegaret</span> <span class='ocrx_word' id='word_1_398' title='bbox 3601 2491 3672 2551; x_wconf 88' lang='lat' dir='ltr'>il-</span> 
     </span>
    </p>
   </div>
   <div class='ocr_carea' id='block_1_54' title="bbox 2029 2577 3671 2661">
    <p class='ocr_par' dir='ltr' id='par_1_54' title="bbox 2029 2577 3671 2661">
     <span class='ocr_line' id='line_1_55' title="bbox 2029 2577 3671 2661; baseline 0.002 -25"><span class='ocrx_word' id='word_1_399' title='bbox 2029 2577 2142 2637; x_wconf 92' lang='lat' dir='ltr'>lam</span> <span class='ocrx_word' id='word_1_400' title='bbox 2179 2597 2210 2638; x_wconf 93' lang='lat' dir='ltr'>a</span> <span class='ocrx_word' id='word_1_401' title='bbox 2241 2597 2329 2640; x_wconf 92' lang='lat' dir='ltr'>se.</span> <span class='ocrx_word' id='word_1_402' title='bbox 2365 2579 2488 2640; x_wconf 90' lang='lat' dir='ltr'>Hoc</span> <span class='ocrx_word' id='word_1_403' title='bbox 2519 2587 2714 2641; x_wconf 92' lang='lat' dir='ltr'>autem</span> <span class='ocrx_word' id='word_1_404' title='bbox 2747 2578 3040 2640; x_wconf 85' lang='lat' dir='ltr'>faciebant</span> <span class='ocrx_word' id='word_1_405' title='bbox 3083 2599 3198 2640; x_wconf 92' lang='lat' dir='ltr'>non</span> <span class='ocrx_word' id='word_1_406' title='bbox 3226 2589 3499 2661; x_wconf 88' lang='lat' dir='ltr'>tanquam</span> <span class='ocrx_word' id='word_1_407' title='bbox 3554 2580 3671 2640; x_wconf 89' lang='lat' dir='ltr'>im-</span> 
     </span>
    </p>
   </div>
   <div class='ocr_carea' id='block_1_55' title="bbox 2032 2665 3672 2746">
    <p class='ocr_par' dir='ltr' id='par_1_55' title="bbox 2032 2665 3672 2746">
     <span class='ocr_line' id='line_1_56' title="bbox 2032 2665 3672 2746; baseline 0.001 -22"><span class='ocrx_word' id='word_1_408' title='bbox 2032 2665 2582 2729; x_wconf 70' lang='lat' dir='ltr'>misericordessed</span> <span class='ocrx_word' id='word_1_409' title='bbox 2615 2667 2799 2744; x_wconf 89' lang='lat' dir='ltr'>magis</span> <span class='ocrx_word' id='word_1_410' title='bbox 2821 2667 3082 2728; x_wconf 91' lang='lat' dir='ltr'>volentes</span> <span class='ocrx_word' id='word_1_411' title='bbox 3105 2667 3460 2746; x_wconf 84' lang='lat' dir='ltr'>persuadere</span> <span class='ocrx_word' id='word_1_412' title='bbox 3476 2666 3672 2728; x_wconf 88' lang='lat' dir='ltr'>Domi-</span> 
     </span>
    </p>
   </div>
   <div class='ocr_carea' id='block_1_56' title="bbox 2031 2754 3667 2835">
    <p class='ocr_par' dir='ltr' id='par_1_56' title="bbox 2031 2754 3667 2835">
     <span class='ocr_line' id='line_1_57' title="bbox 2031 2754 3667 2835; baseline 0.002 -22"><span class='ocrx_word' id='word_1_413' title='bbox 2031 2773 2103 2813; x_wconf 91' lang='lat' dir='ltr'>no</span> <span class='ocrx_word' id='word_1_414' title='bbox 2136 2761 2198 2814; x_wconf 91' lang='lat' dir='ltr'>ut</span> <span class='ocrx_word' id='word_1_415' title='bbox 2225 2755 2607 2816; x_wconf 90' lang='lat' dir='ltr'>misereretur</span> <span class='ocrx_word' id='word_1_416' title='bbox 2630 2755 2684 2815; x_wconf 90' lang='lat' dir='ltr'>ei</span> <span class='ocrx_word' id='word_1_417' title='bbox 2716 2759 2789 2816; x_wconf 88' lang='lat' dir='ltr'>At</span> <span class='ocrx_word' id='word_1_418' title='bbox 2831 2755 2929 2815; x_wconf 89' lang='lat' dir='ltr'>ille</span> <span class='ocrx_word' id='word_1_419' title='bbox 2954 2757 3141 2835; x_wconf 89' lang='lat' dir='ltr'>inquit</span> <span class='ocrx_word' id='word_1_420' title='bbox 3166 2775 3178 2818; x_wconf 90' lang='lat'>:</span> <span class='ocrx_word' id='word_1_421' title='bbox 3207 2755 3334 2816; x_wconf 90' lang='lat' dir='ltr'>Non</span> <span class='ocrx_word' id='word_1_422' title='bbox 3357 2775 3487 2816; x_wconf 91' lang='lat' dir='ltr'>sum</span> <span class='ocrx_word' id='word_1_423' title='bbox 3523 2754 3667 2816; x_wconf 84' lang='lat' dir='ltr'>mis-</span> 
     </span>
    </p>
   </div>
   <div class='ocr_carea' id='block_1_57' title="bbox 2027 2842 3669 2925">
    <p class='ocr_par' dir='ltr' id='par_1_57' title="bbox 2027 2842 3669 2925">
     <span class='ocr_line' id='line_1_58' title="bbox 2027 2842 3669 2925; baseline 0.002 -23"><span class='ocrx_word' id='word_1_424' title='bbox 2027 2861 2125 2903; x_wconf 90' lang='lat' dir='ltr'>sus</span> <span class='ocrx_word' id='word_1_425' title='bbox 2149 2844 2258 2903; x_wconf 90' lang='lat' dir='ltr'>nisi</span> <span class='ocrx_word' id='word_1_426' title='bbox 2280 2843 2349 2903; x_wconf 88' lang='lat' dir='ltr'>ad</span> <span class='ocrx_word' id='word_1_427' title='bbox 2375 2842 2631 2912; x_wconf 78' lang='lat' dir='ltr'>Judaeos,</span> <span class='ocrx_word' id='word_1_428' title='bbox 2665 2844 2766 2923; x_wconf 92' lang='lat' dir='ltr'>qui</span> <span class='ocrx_word' id='word_1_429' title='bbox 2798 2852 2934 2904; x_wconf 92' lang='lat' dir='ltr'>sunt</span> <span class='ocrx_word' id='word_1_430' title='bbox 2982 2863 3116 2905; x_wconf 89' lang='lat' dir='ltr'>oves</span> <span class='ocrx_word' id='word_1_431' title='bbox 3147 2846 3395 2925; x_wconf 64' lang='lat' dir='ltr'>perditae</span> <span class='ocrx_word' id='word_1_432' title='bbox 3427 2863 3531 2924; x_wconf 90' lang='lat' dir='ltr'>per</span> <span class='ocrx_word' id='word_1_433' title='bbox 3561 2863 3669 2906; x_wconf 82' lang='lat' dir='ltr'>eo-</span> 
     </span>
    </p>
   </div>
   <div class='ocr_carea' id='block_1_58' title="bbox 2028 2932 3670 3012">
    <p class='ocr_par' dir='ltr' id='par_1_58' title="bbox 2028 2932 3670 3012">
     <span class='ocr_line' id='line_1_59' title="bbox 2028 2932 3670 3012; baseline 0.002 -22"><span class='ocrx_word' id='word_1_434' title='bbox 2028 2950 2156 2991; x_wconf 89' lang='lat' dir='ltr'>rum</span> <span class='ocrx_word' id='word_1_435' title='bbox 2196 2933 2501 3005; x_wconf 89' lang='lat' dir='ltr'>malitiam,</span> <span class='ocrx_word' id='word_1_436' title='bbox 2535 2932 2750 3012; x_wconf 90' lang='lat' dir='ltr'>quibus</span> <span class='ocrx_word' id='word_1_437' title='bbox 2778 2933 3012 2994; x_wconf 81' lang='lat' dir='ltr'>fuerant</span> <span class='ocrx_word' id='word_1_438' title='bbox 3032 2933 3528 2995; x_wconf 74' lang='lat' dir='ltr'>concreditze.Per</span> <span class='ocrx_word' id='word_1_439' title='bbox 3558 2934 3670 2995; x_wconf 87' lang='lat' dir='ltr'>hoc</span> 
     </span>
    </p>
   </div>
   <div class='ocr_carea' id='block_1_59' title="bbox 297 3020 1966 3117">
    <p class='ocr_par' dir='ltr' id='par_1_59' title="bbox 297 3021 1966 3103">
     <span class='ocr_line' id='line_1_60' title="bbox 297 3021 1966 3103; baseline -0.002 -22"><span class='ocrx_word' id='word_1_440' title='bbox 297 3049 404 3082; x_wconf 85' lang='grc' dir='ltr'>των</span> <span class='ocrx_word' id='word_1_441' title='bbox 469 3025 779 3100; x_wconf 75' lang='grc' dir='ltr'>δημοσιεύει</span> <span class='ocrx_word' id='word_1_442' title='bbox 837 3026 932 3092; x_wconf 73' lang='grc' dir='ltr'>τὴν</span> <span class='ocrx_word' id='word_1_443' title='bbox 990 3026 1163 3081; x_wconf 74' lang='grc' dir='ltr'>πίστιν</span> <span class='ocrx_word' id='word_1_444' title='bbox 1207 3031 1302 3092; x_wconf 79' lang='grc' dir='ltr'>τῆς</span> <span class='ocrx_word' id='word_1_445' title='bbox 1353 3026 1596 3102; x_wconf 79' lang='grc' dir='ltr'>γυναικὸς</span> <span class='ocrx_word' id='word_1_446' title='bbox 1643 3023 1726 3078; x_wconf 81' lang='grc' dir='ltr'>ἐπὶ</span> <span class='ocrx_word' id='word_1_447' title='bbox 1757 3021 1966 3103; x_wconf 37' lang='grc' dir='ltr'>πλέονη</span> 
     </span>
    </p>
   </div>
   <div class='ocr_carea' id='block_1_60' title="bbox 2038 3020 3296 3117">
    <p class='ocr_par' dir='ltr' id='par_1_60' title="bbox 2038 3020 3296 3099">
     <span class='ocr_line' id='line_1_61' title="bbox 2038 3020 3296 3099; baseline 0 -19"><span class='ocrx_word' id='word_1_448' title='bbox 2038 3028 2225 3080; x_wconf 81' lang='lat' dir='ltr'>autem</span> <span class='ocrx_word' id='word_1_449' title='bbox 2257 3020 2513 3097; x_wconf 88' lang='lat' dir='ltr'>amplius</span> <span class='ocrx_word' id='word_1_450' title='bbox 2541 3022 2771 3099; x_wconf 79' lang='lat' dir='ltr'>evulgat</span> <span class='ocrx_word' id='word_1_451' title='bbox 2801 3021 2980 3082; x_wconf 85' lang='lat' dir='ltr'>ﬁdem</span> <span class='ocrx_word' id='word_1_452' title='bbox 3008 3022 3296 3082; x_wconf 92' lang='lat' dir='ltr'>mulieris.</span> 
     </span>
    </p>
   </div>
   <div class='ocr_carea' id='block_1_61' title="bbox 389 3106 1941 3192">
    <p class='ocr_par' dir='ltr' id='par_1_61' title="bbox 389 3106 1941 3192">
     <span class='ocr_line' id='line_1_62' title="bbox 389 3106 1941 3192; baseline -0.003 -22"><span class='ocrx_word' id='word_1_453' title='bbox 389 3139 408 3170; x_wconf 77' lang='grc' dir='ltr'>ι</span> <span class='ocrx_word' id='word_1_454' title='bbox 465 3106 525 3170; x_wconf 66' lang='grc' dir='ltr'>Ἠ</span> <span class='ocrx_word' id='word_1_455' title='bbox 583 3113 659 3187; x_wconf 74' lang='grc' dir='ltr'>δὲ,</span> <span class='ocrx_word' id='word_1_456' title='bbox 722 3113 940 3171; x_wconf 77' lang='grc' dir='ltr'>ἒλθοῦσα</span> <span class='ocrx_word' id='word_1_457' title='bbox 1011 3117 1400 3192; x_wconf 83' lang='grc' dir='ltr'>προσεκὺνησεν</span> <span class='ocrx_word' id='word_1_458' title='bbox 1469 3117 1632 3187; x_wconf 75' lang='grc' dir='ltr'>αὒτῴ,</span> <span class='ocrx_word' id='word_1_459' title='bbox 1694 3111 1941 3188; x_wconf 75' lang='grc' dir='ltr'>λέγουσα,</span> 
     </span>
    </p>
   </div>
   <div class='ocr_carea' id='block_1_62' title="bbox 2111 3107 3666 3184">
    <p class='ocr_par' dir='ltr' id='par_1_62' title="bbox 2111 3107 3666 3184">
     <span class='ocr_line' id='line_1_63' title="bbox 2111 3107 3666 3184; baseline 0.003 -16"><span class='ocrx_word' id='word_1_460' title='bbox 2111 3110 2286 3169; x_wconf 69' lang='lat' dir='ltr'>Vens.</span> <span class='ocrx_word' id='word_1_461' title='bbox 2323 3108 2422 3184; x_wconf 71' lang='grc'>25,</span> <span class='ocrx_word' id='word_1_462' title='bbox 2461 3110 2560 3168; x_wconf 71' lang='grc'>27.</span> <span class='ocrx_word' id='word_1_463' title='bbox 2604 3133 2624 3163; x_wconf 78' lang='grc' dir='ltr'><strong><em>α</em></strong></span> <span class='ocrx_word' id='word_1_464' title='bbox 2660 3107 2769 3170; x_wconf 92' lang='lat' dir='ltr'>Illa</span> <span class='ocrx_word' id='word_1_465' title='bbox 2787 3127 2926 3170; x_wconf 90' lang='lat' dir='ltr'>vero</span> <span class='ocrx_word' id='word_1_466' title='bbox 2946 3111 3105 3171; x_wconf 90' lang='lat' dir='ltr'>venit</span> <span class='ocrx_word' id='word_1_467' title='bbox 3133 3119 3190 3171; x_wconf 92' lang='lat' dir='ltr'>et</span> <span class='ocrx_word' id='word_1_468' title='bbox 3219 3111 3666 3172; x_wconf 89' lang='lat' dir='ltr'>adoravitillum</span> 
     </span>
    </p>
   </div>
   <div class='ocr_carea' id='block_1_63' title="bbox 303 3196 1966 3282">
    <p class='ocr_par' dir='ltr' id='par_1_63' title="bbox 303 3196 1946 3282">
     <span class='ocr_line' id='line_1_64' title="bbox 303 3196 1946 3282; baseline -0.005 -20"><span class='ocrx_word' id='word_1_469' title='bbox 303 3208 483 3282; x_wconf 77' lang='grc' dir='ltr'>Κύριε,</span> <span class='ocrx_word' id='word_1_470' title='bbox 542 3205 721 3279; x_wconf 77' lang='grc' dir='ltr'>βοήθει</span> <span class='ocrx_word' id='word_1_471' title='bbox 793 3226 906 3277; x_wconf 87' lang='grc' dir='ltr'>μοι,</span> <span class='ocrx_word' id='word_1_472' title='bbox 945 3196 1000 3261; x_wconf 62' lang='grc' dir='ltr'>Ὀ</span> <span class='ocrx_word' id='word_1_473' title='bbox 1033 3203 1108 3277; x_wconf 80' lang='grc' dir='ltr'>δὲ,</span> <span class='ocrx_word' id='word_1_474' title='bbox 1148 3205 1452 3282; x_wconf 81' lang='grc' dir='ltr'>ἀποκριθεὶς</span> <span class='ocrx_word' id='word_1_475' title='bbox 1484 3205 1660 3259; x_wconf 78' lang='grc' dir='ltr'>εἶπεν·</span> <span class='ocrx_word' id='word_1_476' title='bbox 1700 3205 1805 3258; x_wconf 72' lang='grc' dir='ltr'>Οὔκ</span> <span class='ocrx_word' id='word_1_477' title='bbox 1835 3197 1946 3254; x_wconf 82' lang='grc' dir='ltr'>’ἐστι</span> 
     </span>
    </p>
   </div>
   <div class='ocr_carea' id='block_1_64' title="bbox 2038 3196 3668 3282">
    <p class='ocr_par' dir='ltr' id='par_1_64' title="bbox 2038 3197 3668 3281">
     <span class='ocr_line' id='line_1_65' title="bbox 2038 3197 3668 3281; baseline 0.002 -24"><span class='ocrx_word' id='word_1_478' title='bbox 2038 3197 2254 3258; x_wconf 78' lang='lat' dir='ltr'>dicens:</span> <span class='ocrx_word' id='word_1_479' title='bbox 2283 3199 2844 3272; x_wconf 87' lang='lat' dir='ltr'>Domine,succurre</span> <span class='ocrx_word' id='word_1_480' title='bbox 2873 3199 3120 3261; x_wconf 87' lang='lat' dir='ltr'>mihi.At</span> <span class='ocrx_word' id='word_1_481' title='bbox 3141 3199 3242 3260; x_wconf 91' lang='lat' dir='ltr'>ille</span> <span class='ocrx_word' id='word_1_482' title='bbox 3262 3200 3668 3281; x_wconf 81' lang='lat' dir='ltr'>respondit,ac</span> 
     </span>
    </p>
   </div>
   <div class='ocr_carea' id='block_1_65' title="bbox 299 3285 1966 3370">
    <p class='ocr_par' dir='ltr' id='par_1_65' title="bbox 299 3288 1945 3370">
     <span class='ocr_line' id='line_1_66' title="bbox 299 3288 1945 3370; baseline -0.003 -24"><span class='ocrx_word' id='word_1_483' title='bbox 299 3291 460 3346; x_wconf 78' lang='grc' dir='ltr'>καλὸν</span> <span class='ocrx_word' id='word_1_484' title='bbox 530 3290 716 3346; x_wconf 82' lang='grc' dir='ltr'>λαλεῖν</span> <span class='ocrx_word' id='word_1_485' title='bbox 768 3292 857 3346; x_wconf 83' lang='grc' dir='ltr'>τὸν</span> <span class='ocrx_word' id='word_1_486' title='bbox 895 3291 1048 3368; x_wconf 79' lang='grc' dir='ltr'>ἄρτον</span> <span class='ocrx_word' id='word_1_487' title='bbox 1080 3299 1182 3349; x_wconf 87' lang='grc' dir='ltr'>τῶν</span> <span class='ocrx_word' id='word_1_488' title='bbox 1212 3292 1433 3370; x_wconf 79' lang='grc' dir='ltr'>τέκνων,</span> <span class='ocrx_word' id='word_1_489' title='bbox 1469 3293 1557 3347; x_wconf 76' lang='grc' dir='ltr'>καὶ</span> <span class='ocrx_word' id='word_1_490' title='bbox 1598 3288 1786 3366; x_wconf 79' lang='grc' dir='ltr'>βαλεῖν</span> <span class='ocrx_word' id='word_1_491' title='bbox 1827 3299 1945 3350; x_wconf 90' lang='grc' dir='ltr'>τοῖς</span> 
     </span>
    </p>
   </div>
   <div class='ocr_carea' id='block_1_66' title="bbox 2038 3285 3666 3370">
    <p class='ocr_par' dir='ltr' id='par_1_66' title="bbox 2038 3285 3666 3366">
     <span class='ocr_line' id='line_1_67' title="bbox 2038 3285 3666 3366; baseline 0.002 -20"><span class='ocrx_word' id='word_1_492' title='bbox 2038 3285 2325 3346; x_wconf 68' lang='lat' dir='ltr'>dixitzNon</span> <span class='ocrx_word' id='word_1_493' title='bbox 2353 3295 2441 3345; x_wconf 90' lang='lat' dir='ltr'>est</span> <span class='ocrx_word' id='word_1_494' title='bbox 2463 3286 2684 3347; x_wconf 90' lang='lat' dir='ltr'>bonum</span> <span class='ocrx_word' id='word_1_495' title='bbox 2708 3304 2948 3348; x_wconf 88' lang='lat' dir='ltr'>sumere</span> <span class='ocrx_word' id='word_1_496' title='bbox 2965 3305 3172 3366; x_wconf 87' lang='lat' dir='ltr'>panem</span> <span class='ocrx_word' id='word_1_497' title='bbox 3200 3288 3548 3366; x_wconf 86' lang='lat' dir='ltr'>ﬁliorum,et</span> <span class='ocrx_word' id='word_1_498' title='bbox 3565 3288 3666 3350; x_wconf 90' lang='lat' dir='ltr'>ob-</span> 
     </span>
    </p>
   </div>
   <div class='ocr_carea' id='block_1_67' title="bbox 295 3373 1966 3458">
    <p class='ocr_par' dir='ltr' id='par_1_67' title="bbox 295 3373 1938 3458">
     <span class='ocr_line' id='line_1_68' title="bbox 295 3373 1938 3458; baseline -0.004 -22"><span class='ocrx_word' id='word_1_499' title='bbox 295 3382 580 3458; x_wconf 83' lang='grc' dir='ltr'>κυναρίοις,</span> <span class='ocrx_word' id='word_1_500' title='bbox 644 3373 706 3435; x_wconf 73' lang='grc' dir='ltr'><strong>Ἠ</strong></span> <span class='ocrx_word' id='word_1_501' title='bbox 765 3378 817 3436; x_wconf 70' lang='grc' dir='ltr'>δὲ</span> <span class='ocrx_word' id='word_1_502' title='bbox 849 3381 996 3436; x_wconf 76' lang='grc' dir='ltr'>εἶπε·</span> <span class='ocrx_word' id='word_1_503' title='bbox 1032 3383 1148 3455; x_wconf 80' lang='grc' dir='ltr'>Ναὶ,</span> <span class='ocrx_word' id='word_1_504' title='bbox 1189 3381 1362 3458; x_wconf 84' lang='grc' dir='ltr'>Κύριε⁸</span> <span class='ocrx_word' id='word_1_505' title='bbox 1411 3381 1499 3435; x_wconf 84' lang='grc' dir='ltr'>καὶ</span> <span class='ocrx_word' id='word_1_506' title='bbox 1542 3379 1640 3456; x_wconf 79' lang='grc' dir='ltr'>γὰρ</span> <span class='ocrx_word' id='word_1_507' title='bbox 1670 3377 1734 3432; x_wconf 76' lang='grc' dir='ltr'>τὰ</span> <span class='ocrx_word' id='word_1_508' title='bbox 1779 3375 1938 3431; x_wconf 74' lang='grc' dir='ltr'>κυνά-</span> 
     </span>
    </p>
   </div>
   <div class='ocr_carea' id='block_1_68' title="bbox 2038 3373 3660 3458">
    <p class='ocr_par' dir='ltr' id='par_1_68' title="bbox 2050 3374 3660 3453">
     <span class='ocr_line' id='line_1_69' title="bbox 2050 3374 3660 3453; baseline 0.001 -17"><span class='ocrx_word' id='word_1_509' title='bbox 2050 3375 2211 3436; x_wconf 90' lang='lat' dir='ltr'>icere</span> <span class='ocrx_word' id='word_1_510' title='bbox 2241 3374 2488 3435; x_wconf 87' lang='lat' dir='ltr'>catellis.</span> <span class='ocrx_word' id='word_1_511' title='bbox 2529 3375 2634 3436; x_wconf 90' lang='lat' dir='ltr'>llla</span> <span class='ocrx_word' id='word_1_512' title='bbox 2663 3383 2858 3436; x_wconf 91' lang='lat' dir='ltr'>autem</span> <span class='ocrx_word' id='word_1_513' title='bbox 2911 3375 3057 3436; x_wconf 87' lang='lat' dir='ltr'>dixit</span> <span class='ocrx_word' id='word_1_514' title='bbox 3091 3395 3104 3439; x_wconf 91' lang='lat'>:</span> <span class='ocrx_word' id='word_1_515' title='bbox 3141 3375 3350 3453; x_wconf 90' lang='lat' dir='ltr'>Etiam,</span> <span class='ocrx_word' id='word_1_516' title='bbox 3386 3377 3660 3438; x_wconf 89' lang='lat' dir='ltr'>Domine.</span> 
     </span>
    </p>
   </div>
   <div class='ocr_carea' id='block_1_69' title="bbox 297 3463 1966 3548">
    <p class='ocr_par' dir='ltr' id='par_1_69' title="bbox 297 3464 1937 3548">
     <span class='ocr_line' id='line_1_70' title="bbox 297 3464 1937 3548; baseline -0.003 -25"><span class='ocrx_word' id='word_1_517' title='bbox 297 3491 379 3546; x_wconf 83' lang='grc' dir='ltr'>ρια</span> <span class='ocrx_word' id='word_1_518' title='bbox 439 3470 593 3526; x_wconf 80' lang='grc' dir='ltr'>ἐσθίει</span> <span class='ocrx_word' id='word_1_519' title='bbox 651 3470 755 3525; x_wconf 78' lang='grc' dir='ltr'>ἀπὸ</span> <span class='ocrx_word' id='word_1_520' title='bbox 826 3474 929 3526; x_wconf 86' lang='grc' dir='ltr'>τῶν</span> <span class='ocrx_word' id='word_1_521' title='bbox 984 3471 1191 3548; x_wconf 74' lang='grc' dir='ltr'>ψιχίων</span> <span class='ocrx_word' id='word_1_522' title='bbox 1221 3473 1326 3525; x_wconf 66' lang='grc' dir='ltr'>τεῦν</span> <span class='ocrx_word' id='word_1_523' title='bbox 1379 3468 1682 3525; x_wconf 81' lang='grc' dir='ltr'>πιπτόντων</span> <span class='ocrx_word' id='word_1_524' title='bbox 1711 3466 1816 3522; x_wconf 79' lang='grc' dir='ltr'>ἀπὸ</span> <span class='ocrx_word' id='word_1_525' title='bbox 1843 3464 1937 3530; x_wconf 72' lang='grc' dir='ltr'>τῆς</span> 
     </span>
    </p>
   </div>
   <div class='ocr_carea' id='block_1_70' title="bbox 2038 3463 3666 3548">
    <p class='ocr_par' dir='ltr' id='par_1_70' title="bbox 2038 3463 3666 3547">
     <span class='ocr_line' id='line_1_71' title="bbox 2038 3463 3666 3547; baseline 0.003 -24"><span class='ocrx_word' id='word_1_526' title='bbox 2038 3463 2256 3524; x_wconf 71' lang='lat' dir='ltr'>Etenim</span> <span class='ocrx_word' id='word_1_527' title='bbox 2291 3463 2487 3525; x_wconf 88' lang='lat' dir='ltr'>catelli</span> <span class='ocrx_word' id='word_1_528' title='bbox 2521 3464 2842 3526; x_wconf 84' lang='lat' dir='ltr'>comedunt</span> <span class='ocrx_word' id='word_1_529' title='bbox 2873 3463 2950 3525; x_wconf 93' lang='lat' dir='ltr'>de</span> <span class='ocrx_word' id='word_1_530' title='bbox 2979 3465 3145 3526; x_wconf 90' lang='lat' dir='ltr'>micis</span> <span class='ocrx_word' id='word_1_531' title='bbox 3175 3485 3304 3547; x_wconf 66' lang='lat' dir='ltr'>quae</span> <span class='ocrx_word' id='word_1_532' title='bbox 3343 3466 3561 3528; x_wconf 91' lang='lat' dir='ltr'>cadunt</span> <span class='ocrx_word' id='word_1_533' title='bbox 3591 3465 3666 3528; x_wconf 90' lang='lat' dir='ltr'>de</span> 
     </span>
    </p>
   </div>
   <div class='ocr_carea' id='block_1_71' title="bbox 297 3552 1935 3636">
    <p class='ocr_par' dir='ltr' id='par_1_71' title="bbox 297 3552 1935 3636">
     <span class='ocr_line' id='line_1_72' title="bbox 297 3552 1935 3636; baseline -0.004 -24"><span class='ocrx_word' id='word_1_534' title='bbox 297 3559 556 3636; x_wconf 72' lang='grc' dir='ltr'>τραπέζης</span> <span class='ocrx_word' id='word_1_535' title='bbox 626 3563 732 3614; x_wconf 83' lang='grc' dir='ltr'>τῶν</span> <span class='ocrx_word' id='word_1_536' title='bbox 789 3558 975 3636; x_wconf 87' lang='grc' dir='ltr'>κυρίων</span> <span class='ocrx_word' id='word_1_537' title='bbox 1004 3563 1196 3617; x_wconf 68' lang='grc' dir='ltr'>αὐτῶν.</span> <span class='ocrx_word' id='word_1_538' title='bbox 1239 3581 1261 3614; x_wconf 78' lang='grc' dir='ltr'>ι</span> <span class='ocrx_word' id='word_1_539' title='bbox 1302 3556 1449 3615; x_wconf 82' lang='grc' dir='ltr'>Ἐπεὶ</span> <span class='ocrx_word' id='word_1_540' title='bbox 1524 3554 1665 3612; x_wconf 82' lang='grc' dir='ltr'>εἶδεν</span> <span class='ocrx_word' id='word_1_541' title='bbox 1723 3557 1757 3622; x_wconf 79' lang='grc' dir='ltr'><strong>ἡ</strong></span> <span class='ocrx_word' id='word_1_542' title='bbox 1803 3552 1935 3630; x_wconf 80' lang='grc' dir='ltr'>γυνὴ</span> 
     </span>
    </p>
   </div>
   <div class='ocr_carea' id='block_1_72' title="bbox 294 3642 1934 3724">
    <p class='ocr_par' dir='ltr' id='par_1_72' title="bbox 294 3642 1934 3724">
     <span class='ocr_line' id='line_1_73' title="bbox 294 3642 1934 3724; baseline -0.004 -22"><span class='ocrx_word' id='word_1_543' title='bbox 294 3650 414 3710; x_wconf 63' lang='grc' dir='ltr'>τώς</span> <span class='ocrx_word' id='word_1_544' title='bbox 467 3648 786 3724; x_wconf 81' lang='grc' dir='ltr'>συνηγόρους</span> <span class='ocrx_word' id='word_1_545' title='bbox 844 3648 1005 3714; x_wconf 69' lang='grc' dir='ltr'>αὐτῆς</span> <span class='ocrx_word' id='word_1_546' title='bbox 1061 3649 1182 3712; x_wconf 84' lang='grc' dir='ltr'>τοὺς</span> <span class='ocrx_word' id='word_1_547' title='bbox 1240 3645 1591 3724; x_wconf 78' lang='grc' dir='ltr'>ἀποστόλους,</span> <span class='ocrx_word' id='word_1_548' title='bbox 1626 3642 1934 3721; x_wconf 64' lang='grc' dir='ltr'>ἀποτυχόν-</span> 
     </span>
    </p>
   </div>
   <div class='ocr_carea' id='block_1_73' title="bbox 295 3730 1935 3814">
    <p class='ocr_par' dir='ltr' id='par_1_73' title="bbox 295 3730 1935 3814">
     <span class='ocr_line' id='line_1_74' title="bbox 295 3730 1935 3814; baseline -0.003 -24"><span class='ocrx_word' id='word_1_549' title='bbox 295 3758 412 3813; x_wconf 81' lang='grc' dir='ltr'>τας,</span> <span class='ocrx_word' id='word_1_550' title='bbox 487 3735 648 3792; x_wconf 77' lang='grc' dir='ltr'>πάλιν</span> <span class='ocrx_word' id='word_1_551' title='bbox 707 3735 944 3812; x_wconf 82' lang='grc' dir='ltr'>πρόσεισι</span> <span class='ocrx_word' id='word_1_552' title='bbox 1001 3736 1231 3814; x_wconf 78' lang='grc' dir='ltr'>θερμῶς,</span> <span class='ocrx_word' id='word_1_553' title='bbox 1278 3737 1366 3790; x_wconf 85' lang='grc' dir='ltr'>καὶ</span> <span class='ocrx_word' id='word_1_554' title='bbox 1412 3735 1600 3797; x_wconf 80' lang='grc' dir='ltr'>Κύριον</span> <span class='ocrx_word' id='word_1_555' title='bbox 1647 3730 1935 3792; x_wconf 81' lang='grc' dir='ltr'>ἀποκαλεῖ.</span> 
     </span>
    </p>
   </div>
   <div class='ocr_carea' id='block_1_74' title="bbox 295 3820 1938 3902">
    <p class='ocr_par' dir='ltr' id='par_1_74' title="bbox 295 3820 1938 3902">
     <span class='ocr_line' id='line_1_75' title="bbox 295 3820 1938 3902; baseline -0.006 -20"><span class='ocrx_word' id='word_1_556' title='bbox 295 3823 443 3882; x_wconf 79' lang='grc' dir='ltr'>Ἐπεὶ</span> <span class='ocrx_word' id='word_1_557' title='bbox 485 3824 542 3879; x_wconf 80' lang='grc' dir='ltr'>δὲ</span> <span class='ocrx_word' id='word_1_558' title='bbox 600 3827 628 3880; x_wconf 89' lang='lat'>6</span> <span class='ocrx_word' id='word_1_559' title='bbox 655 3827 875 3902; x_wconf 77' lang='grc' dir='ltr'>Χριστὸς</span> <span class='ocrx_word' id='word_1_560' title='bbox 919 3825 1046 3880; x_wconf 85' lang='grc' dir='ltr'>κύνα</span> <span class='ocrx_word' id='word_1_561' title='bbox 1077 3825 1241 3890; x_wconf 71' lang='grc' dir='ltr'>αὒτῆν</span> <span class='ocrx_word' id='word_1_562' title='bbox 1289 3821 1582 3895; x_wconf 83' lang='grc' dir='ltr'>ἀποκαλεῖ,</span> <span class='ocrx_word' id='word_1_563' title='bbox 1619 3820 1702 3876; x_wconf 78' lang='grc' dir='ltr'>διὰ</span> <span class='ocrx_word' id='word_1_564' title='bbox 1732 3821 1791 3875; x_wconf 81' lang='grc' dir='ltr'>τὸ</span> <span class='ocrx_word' id='word_1_565' title='bbox 1819 3820 1938 3881; x_wconf 80' lang='grc' dir='ltr'>τοὺς</span> 
     </span>
    </p>
   </div>
   <div class='ocr_carea' id='block_1_75' title="bbox 2026 3551 3672 3635">
    <p class='ocr_par' dir='ltr' id='par_1_75' title="bbox 2026 3551 3672 3635">
     <span class='ocr_line' id='line_1_76' title="bbox 2026 3551 3672 3635; baseline 0.002 -24"><span class='ocrx_word' id='word_1_566' title='bbox 2026 3569 2229 3612; x_wconf 90' lang='lat' dir='ltr'>mensa</span> <span class='ocrx_word' id='word_1_567' title='bbox 2256 3551 2628 3613; x_wconf 90' lang='lat' dir='ltr'>dominorum</span> <span class='ocrx_word' id='word_1_568' title='bbox 2664 3570 2928 3612; x_wconf 88' lang='lat' dir='ltr'>suorum.</span> <span class='ocrx_word' id='word_1_569' title='bbox 2968 3578 2988 3607; x_wconf 72' lang='grc' dir='ltr'>ι</span> <span class='ocrx_word' id='word_1_570' title='bbox 3030 3556 3337 3635; x_wconf 89' lang='lat' dir='ltr'>Postquam</span> <span class='ocrx_word' id='word_1_571' title='bbox 3370 3555 3512 3617; x_wconf 92' lang='lat' dir='ltr'>vidit</span> <span class='ocrx_word' id='word_1_572' title='bbox 3545 3574 3672 3615; x_wconf 85' lang='lat' dir='ltr'>mu-</span> 
     </span>
    </p>
   </div>
   <div class='ocr_carea' id='block_1_76' title="bbox 2026 3640 3662 3722">
    <p class='ocr_par' dir='ltr' id='par_1_76' title="bbox 2026 3640 3662 3722">
     <span class='ocr_line' id='line_1_77' title="bbox 2026 3640 3662 3722; baseline 0.004 -24"><span class='ocrx_word' id='word_1_573' title='bbox 2026 3640 2135 3700; x_wconf 93' lang='lat' dir='ltr'>lier</span> <span class='ocrx_word' id='word_1_574' title='bbox 2167 3646 2446 3718; x_wconf 86' lang='lat' dir='ltr'>patronos</span> <span class='ocrx_word' id='word_1_575' title='bbox 2474 3658 2613 3701; x_wconf 91' lang='lat' dir='ltr'>suos</span> <span class='ocrx_word' id='word_1_576' title='bbox 2642 3640 2939 3720; x_wconf 89' lang='lat' dir='ltr'>repulsam</span> <span class='ocrx_word' id='word_1_577' title='bbox 2964 3660 3187 3722; x_wconf 89' lang='lat' dir='ltr'>passos,</span> <span class='ocrx_word' id='word_1_578' title='bbox 3215 3644 3426 3704; x_wconf 89' lang='lat' dir='ltr'>iterum</span> <span class='ocrx_word' id='word_1_579' title='bbox 3455 3643 3662 3704; x_wconf 90' lang='lat' dir='ltr'>Domi-</span> 
     </span>
    </p>
   </div>
   <div class='ocr_carea' id='block_1_77' title="bbox 2025 3728 3661 3802">
    <p class='ocr_par' dir='ltr' id='par_1_77' title="bbox 2025 3728 3661 3802">
     <span class='ocr_line' id='line_1_78' title="bbox 2025 3728 3661 3802; baseline 0.006 -13"><span class='ocrx_word' id='word_1_580' title='bbox 2025 3746 2164 3789; x_wconf 92' lang='lat' dir='ltr'>num</span> <span class='ocrx_word' id='word_1_581' title='bbox 2239 3728 2541 3791; x_wconf 82' lang='lat' dir='ltr'>ferventer</span> <span class='ocrx_word' id='word_1_582' title='bbox 2586 3729 2834 3802; x_wconf 88' lang='lat' dir='ltr'>accedit,</span> <span class='ocrx_word' id='word_1_583' title='bbox 2890 3739 2946 3791; x_wconf 90' lang='lat' dir='ltr'>et</span> <span class='ocrx_word' id='word_1_584' title='bbox 2975 3733 3206 3794; x_wconf 91' lang='lat' dir='ltr'>invocat</span> <span class='ocrx_word' id='word_1_585' title='bbox 3233 3741 3296 3794; x_wconf 89' lang='lat' dir='ltr'>ut</span> <span class='ocrx_word' id='word_1_586' title='bbox 3320 3732 3661 3798; x_wconf 89' lang='lat' dir='ltr'>Dominum.</span> 
     </span>
    </p>
   </div>
   <div class='ocr_carea' id='block_1_78' title="bbox 2025 3817 3663 3893">
    <p class='ocr_par' dir='ltr' id='par_1_78' title="bbox 2025 3817 3663 3893">
     <span class='ocr_line' id='line_1_79' title="bbox 2025 3817 3663 3893; baseline 0.005 -17"><span class='ocrx_word' id='word_1_587' title='bbox 2025 3817 2174 3890; x_wconf 88' lang='lat' dir='ltr'>Quia</span> <span class='ocrx_word' id='word_1_588' title='bbox 2233 3825 2427 3878; x_wconf 91' lang='lat' dir='ltr'>autem</span> <span class='ocrx_word' id='word_1_589' title='bbox 2487 3818 2752 3879; x_wconf 86' lang='lat' dir='ltr'>Christus</span> <span class='ocrx_word' id='word_1_590' title='bbox 2810 3837 3017 3880; x_wconf 90' lang='lat' dir='ltr'>canem</span> <span class='ocrx_word' id='word_1_591' title='bbox 3069 3821 3230 3882; x_wconf 89' lang='lat' dir='ltr'>illam</span> <span class='ocrx_word' id='word_1_592' title='bbox 3291 3821 3540 3893; x_wconf 83' lang='lat' dir='ltr'>dixerat,</span> <span class='ocrx_word' id='word_1_593' title='bbox 3595 3841 3663 3884; x_wconf 90' lang='lat' dir='ltr'>eo</span> 
     </span>
    </p>
   </div>
   <div class='ocr_carea' id='block_1_79' title="bbox 296 3905 1966 3992">
    <p class='ocr_par' dir='ltr' id='par_1_79' title="bbox 296 3910 1941 3992">
     <span class='ocr_line' id='line_1_80' title="bbox 296 3910 1941 3992; baseline -0.003 -24"><span class='ocrx_word' id='word_1_594' title='bbox 296 3913 527 3977; x_wconf 81' lang='grc' dir='ltr'>ἐθνικοὺς</span> <span class='ocrx_word' id='word_1_595' title='bbox 585 3914 875 3991; x_wconf 84' lang='grc' dir='ltr'>ἀκάθαρτον</span> <span class='ocrx_word' id='word_1_596' title='bbox 900 3915 1007 3988; x_wconf 88' lang='grc' dir='ltr'>βίον</span> <span class='ocrx_word' id='word_1_597' title='bbox 1041 3913 1186 3992; x_wconf 76' lang='grc' dir='ltr'>ἔχειν</span> <span class='ocrx_word' id='word_1_598' title='bbox 1219 3916 1306 3969; x_wconf 83' lang='grc' dir='ltr'>καὶ</span> <span class='ocrx_word' id='word_1_599' title='bbox 1358 3913 1474 3989; x_wconf 88' lang='grc' dir='ltr'>περὶ</span> <span class='ocrx_word' id='word_1_600' title='bbox 1505 3912 1571 3966; x_wconf 78' lang='grc' dir='ltr'>τὰ</span> <span class='ocrx_word' id='word_1_601' title='bbox 1601 3910 1807 3985; x_wconf 68' lang='grc' dir='ltr'>αἵματα</span> <span class='ocrx_word' id='word_1_602' title='bbox 1837 3913 1941 3964; x_wconf 85' lang='grc' dir='ltr'>τῶν</span> 
     </span>
    </p>
   </div>
   <div class='ocr_carea' id='block_1_80' title="bbox 2038 3905 3663 3992">
    <p class='ocr_par' dir='ltr' id='par_1_80' title="bbox 2038 3905 3663 3986">
     <span class='ocr_line' id='line_1_81' title="bbox 2038 3905 3663 3986; baseline 0.004 -21"><span class='ocrx_word' id='word_1_603' title='bbox 2038 3905 2186 3986; x_wconf 86' lang='lat' dir='ltr'>quod</span> <span class='ocrx_word' id='word_1_604' title='bbox 2221 3905 2472 3984; x_wconf 88' lang='lat' dir='ltr'>gentiles</span> <span class='ocrx_word' id='word_1_605' title='bbox 2502 3905 2800 3986; x_wconf 90' lang='lat' dir='ltr'>impuram</span> <span class='ocrx_word' id='word_1_606' title='bbox 2841 3917 3081 3985; x_wconf 82' lang='lat' dir='ltr'>agerent</span> <span class='ocrx_word' id='word_1_607' title='bbox 3103 3910 3300 3985; x_wconf 90' lang='lat' dir='ltr'>vitam,</span> <span class='ocrx_word' id='word_1_608' title='bbox 3340 3923 3396 3973; x_wconf 91' lang='lat' dir='ltr'>et</span> <span class='ocrx_word' id='word_1_609' title='bbox 3427 3911 3489 3972; x_wconf 92' lang='lat' dir='ltr'>in</span> <span class='ocrx_word' id='word_1_610' title='bbox 3519 3930 3663 3972; x_wconf 86' lang='lat' dir='ltr'>san-</span> 
     </span>
    </p>
   </div>
   <div class='ocr_carea' id='block_1_81' title="bbox 294 3994 1966 4082">
    <p class='ocr_par' dir='ltr' id='par_1_81' title="bbox 294 3996 1943 4082">
     <span class='ocr_line' id='line_1_82' title="bbox 294 3996 1943 4082; baseline -0.004 -24"><span class='ocrx_word' id='word_1_611' title='bbox 294 4002 643 4059; x_wconf 80' lang='grc' dir='ltr'>εἷδωλοθύτων</span> <span class='ocrx_word' id='word_1_612' title='bbox 692 4002 1122 4082; x_wconf 64' lang='grc' dir='ltr'>ἀναστρέφεσθαι,</span> <span class='ocrx_word' id='word_1_613' title='bbox 1182 4003 1340 4058; x_wconf 78' lang='grc' dir='ltr'>τέκνα</span> <span class='ocrx_word' id='word_1_614' title='bbox 1373 3999 1428 4057; x_wconf 77' lang='grc' dir='ltr'><em>δὲ</em></span> <span class='ocrx_word' id='word_1_615' title='bbox 1461 4002 1584 4062; x_wconf 79' lang='grc' dir='ltr'>τοὺς</span> <span class='ocrx_word' id='word_1_616' title='bbox 1630 3996 1943 4074; x_wconf 83' lang='grc' dir='ltr'>Ἰουδαίους,</span> 
     </span>
    </p>
   </div>
   <div class='ocr_carea' id='block_1_82' title="bbox 2038 3994 3662 4082">
    <p class='ocr_par' dir='ltr' id='par_1_82' title="bbox 2038 3994 3662 4082">
     <span class='ocr_line' id='line_1_83' title="bbox 2038 3994 3662 4082; baseline 0.004 -27"><span class='ocrx_word' id='word_1_617' title='bbox 2038 3995 2210 4072; x_wconf 79' lang='lat' dir='ltr'>guine</span> <span class='ocrx_word' id='word_1_618' title='bbox 2244 3994 2420 4082; x_wconf 88' lang='lat' dir='ltr'>idolis</span> <span class='ocrx_word' id='word_1_619' title='bbox 2450 3994 2893 4059; x_wconf 86' lang='lat' dir='ltr'>immolatorum</span> <span class='ocrx_word' id='word_1_620' title='bbox 2927 3999 3496 4080; x_wconf 86' lang='lat' dir='ltr'>versarentur,ﬁlios</span> <span class='ocrx_word' id='word_1_621' title='bbox 3525 4019 3662 4062; x_wconf 91' lang='lat' dir='ltr'>vero</span> 
     </span>
    </p>
   </div>
   <div class='ocr_carea' id='block_1_83' title="bbox 295 4081 1966 4170">
    <p class='ocr_par' dir='ltr' id='par_1_83' title="bbox 295 4081 1945 4170">
     <span class='ocr_line' id='line_1_84' title="bbox 295 4081 1945 4170; baseline -0.005 -22"><span class='ocrx_word' id='word_1_622' title='bbox 295 4092 470 4158; x_wconf 69' lang='grc' dir='ltr'>ἐκείνη</span> <span class='ocrx_word' id='word_1_623' title='bbox 554 4099 781 4154; x_wconf 60' lang='grc' dir='ltr'>συνετῶς</span> <span class='ocrx_word' id='word_1_624' title='bbox 846 4081 1183 4170; x_wconf 84' lang='grc' dir='ltr'>ἀποκρίνεται</span> <span class='ocrx_word' id='word_1_625' title='bbox 1273 4093 1360 4146; x_wconf 88' lang='grc' dir='ltr'>καὶ</span> <span class='ocrx_word' id='word_1_626' title='bbox 1416 4090 1562 4163; x_wconf 73' lang='grc' dir='ltr'>μάλα</span> <span class='ocrx_word' id='word_1_627' title='bbox 1595 4093 1800 4166; x_wconf 68' lang='grc' dir='ltr'>σοφῶς,</span> <span class='ocrx_word' id='word_1_628' title='bbox 1865 4086 1945 4140; x_wconf 84' lang='grc' dir='ltr'>ὃτι</span> 
     </span>
    </p>
   </div>
   <div class='ocr_carea' id='block_1_84' title="bbox 2038 4081 3664 4170">
    <p class='ocr_par' dir='ltr' id='par_1_84' title="bbox 2038 4081 3664 4170">
     <span class='ocr_line' id='line_1_85' title="bbox 2038 4081 3664 4170; baseline 0.004 -25"><span class='ocrx_word' id='word_1_629' title='bbox 2038 4082 2263 4145; x_wconf 66' lang='lat' dir='ltr'>Iudaeos</span> <span class='ocrx_word' id='word_1_630' title='bbox 2299 4103 2310 4142; x_wconf 93' lang='lat'>:</span> <span class='ocrx_word' id='word_1_631' title='bbox 2348 4081 2444 4170; x_wconf 86' lang='lat' dir='ltr'>illa</span> <span class='ocrx_word' id='word_1_632' title='bbox 2493 4083 2659 4144; x_wconf 91' lang='lat' dir='ltr'>valde</span> <span class='ocrx_word' id='word_1_633' title='bbox 2689 4085 2988 4163; x_wconf 89' lang='lat' dir='ltr'>sapienter</span> <span class='ocrx_word' id='word_1_634' title='bbox 3019 4094 3074 4147; x_wconf 90' lang='lat' dir='ltr'>et</span> <span class='ocrx_word' id='word_1_635' title='bbox 3121 4107 3332 4168; x_wconf 91' lang='lat' dir='ltr'>magno</span> <span class='ocrx_word' id='word_1_636' title='bbox 3363 4089 3664 4151; x_wconf 89' lang='lat' dir='ltr'>intellectu</span> 
     </span>
    </p>
   </div>
   <div class='ocr_carea' id='block_1_85' title="bbox 295 4169 1966 4258">
    <p class='ocr_par' dir='ltr' id='par_1_85' title="bbox 295 4174 1937 4256">
     <span class='ocr_line' id='line_1_86' title="bbox 295 4174 1937 4256; baseline -0.006 -19"><span class='ocrx_word' id='word_1_637' title='bbox 295 4183 350 4238; x_wconf 78' lang='grc' dir='ltr'>Εἰ</span> <span class='ocrx_word' id='word_1_638' title='bbox 407 4183 496 4237; x_wconf 82' lang='grc' dir='ltr'>καὶ</span> <span class='ocrx_word' id='word_1_639' title='bbox 549 4181 686 4236; x_wconf 82' lang='grc' dir='ltr'>κύων</span> <span class='ocrx_word' id='word_1_640' title='bbox 757 4181 860 4255; x_wconf 82' lang='grc' dir='ltr'>εἰμὶ</span> <span class='ocrx_word' id='word_1_641' title='bbox 929 4181 1016 4236; x_wconf 82' lang='grc' dir='ltr'>καὶ</span> <span class='ocrx_word' id='word_1_642' title='bbox 1073 4181 1166 4236; x_wconf 72' lang='grc' dir='ltr'>οὒκ</span> <span class='ocrx_word' id='word_1_643' title='bbox 1195 4179 1309 4244; x_wconf 76' lang='grc' dir='ltr'>ἀξία</span> <span class='ocrx_word' id='word_1_644' title='bbox 1337 4178 1491 4256; x_wconf 78' lang='grc' dir='ltr'>ἂρτον</span> <span class='ocrx_word' id='word_1_645' title='bbox 1534 4174 1742 4253; x_wconf 77' lang='grc' dir='ltr'>λαϐεῖν,</span> <span class='ocrx_word' id='word_1_646' title='bbox 1777 4195 1937 4229; x_wconf 89' lang='grc' dir='ltr'>τουτ-</span> 
     </span>
    </p>
   </div>
   <div class='ocr_carea' id='block_1_86' title="bbox 2038 4169 3663 4258">
    <p class='ocr_par' dir='ltr' id='par_1_86' title="bbox 2038 4169 3663 4258">
     <span class='ocr_line' id='line_1_87' title="bbox 2038 4169 3663 4258; baseline 0.004 -25"><span class='ocrx_word' id='word_1_647' title='bbox 2038 4170 2326 4252; x_wconf 69' lang='lat' dir='ltr'>respondit</span> <span class='ocrx_word' id='word_1_648' title='bbox 2359 4190 2374 4230; x_wconf 91' lang='lat'><strong>:</strong></span> <span class='ocrx_word' id='word_1_649' title='bbox 2411 4169 2686 4242; x_wconf 90' lang='lat' dir='ltr'>Quamvis</span> <span class='ocrx_word' id='word_1_650' title='bbox 2717 4180 2774 4231; x_wconf 89' lang='lat' dir='ltr'>et</span> <span class='ocrx_word' id='word_1_651' title='bbox 2797 4175 2958 4234; x_wconf 91' lang='lat' dir='ltr'>canis</span> <span class='ocrx_word' id='word_1_652' title='bbox 2988 4176 3120 4250; x_wconf 90' lang='lat' dir='ltr'>sim,</span> <span class='ocrx_word' id='word_1_653' title='bbox 3177 4186 3233 4236; x_wconf 88' lang='lat' dir='ltr'>et</span> <span class='ocrx_word' id='word_1_654' title='bbox 3262 4177 3504 4256; x_wconf 85' lang='lat' dir='ltr'>indigna</span> <span class='ocrx_word' id='word_1_655' title='bbox 3534 4197 3663 4258; x_wconf 78' lang='lat' dir='ltr'>quae</span> 
     </span>
    </p>
   </div>
   <div class='ocr_carea' id='block_1_87' title="bbox 294 4260 1966 4349">
    <p class='ocr_par' dir='ltr' id='par_1_87' title="bbox 294 4265 1966 4349">
     <span class='ocr_line' id='line_1_88' title="bbox 294 4265 1966 4349; baseline -0.006 -24"><span class='ocrx_word' id='word_1_656' title='bbox 294 4271 425 4349; x_wconf 78' lang='grc' dir='ltr'>ἐστι,</span> <span class='ocrx_word' id='word_1_657' title='bbox 484 4268 698 4330; x_wconf 68' lang='grc' dir='ltr'>δυναμίν</span> <span class='ocrx_word' id='word_1_658' title='bbox 741 4292 856 4326; x_wconf 90' lang='grc' dir='ltr'>τινα</span> <span class='ocrx_word' id='word_1_659' title='bbox 907 4272 991 4326; x_wconf 89' lang='grc' dir='ltr'>καὶ</span> <span class='ocrx_word' id='word_1_660' title='bbox 1025 4269 1163 4348; x_wconf 85' lang='grc' dir='ltr'>μέγα</span> <span class='ocrx_word' id='word_1_661' title='bbox 1204 4282 1453 4344; x_wconf 81' lang='grc' dir='ltr'>σημεῖον·</span> <span class='ocrx_word' id='word_1_662' title='bbox 1506 4265 1626 4323; x_wconf 81' lang='grc' dir='ltr'>ἀλλ’</span> <span class='ocrx_word' id='word_1_663' title='bbox 1668 4265 1755 4321; x_wconf 82' lang='grc' dir='ltr'>οὖν</span> <span class='ocrx_word' id='word_1_664' title='bbox 1783 4270 1966 4349; x_wconf 42' lang='grc' dir='ltr'>τουτο-</span> 
     </span>
    </p>
   </div>
   <div class='ocr_carea' id='block_1_88' title="bbox 2038 4260 3660 4349">
    <p class='ocr_par' dir='ltr' id='par_1_88' title="bbox 2038 4260 3660 4344">
     <span class='ocr_line' id='line_1_89' title="bbox 2038 4260 3660 4344; baseline 0.002 -21"><span class='ocrx_word' id='word_1_665' title='bbox 2038 4279 2234 4342; x_wconf 64' lang='lat' dir='ltr'>panem</span> <span class='ocrx_word' id='word_1_666' title='bbox 2262 4260 2573 4339; x_wconf 87' lang='lat' dir='ltr'>accipiam,</span> <span class='ocrx_word' id='word_1_667' title='bbox 2610 4260 2722 4320; x_wconf 90' lang='lat' dir='ltr'>hoc</span> <span class='ocrx_word' id='word_1_668' title='bbox 2749 4269 2859 4334; x_wconf 92' lang='lat' dir='ltr'>est,</span> <span class='ocrx_word' id='word_1_669' title='bbox 2881 4262 3244 4340; x_wconf 90' lang='lat' dir='ltr'>virtutem,et</span> <span class='ocrx_word' id='word_1_670' title='bbox 3265 4265 3493 4344; x_wconf 85' lang='lat' dir='ltr'>signum</span> <span class='ocrx_word' id='word_1_671' title='bbox 3530 4285 3660 4326; x_wconf 86' lang='lat' dir='ltr'>ma-</span> 
     </span>
    </p>
   </div>
   <div class='ocr_carea' id='block_1_89' title="bbox 290 4346 1966 4436">
    <p class='ocr_par' dir='ltr' id='par_1_89' title="bbox 290 4346 1966 4436">
     <span class='ocr_line' id='line_1_90' title="bbox 290 4346 1966 4436; baseline -0.005 -23"><span class='ocrx_word' id='word_1_672' title='bbox 290 4360 351 4414; x_wconf 78' lang='grc' dir='ltr'>τὸ</span> <span class='ocrx_word' id='word_1_673' title='bbox 407 4346 594 4435; x_wconf 79' lang='grc' dir='ltr'>μικρὸν</span> <span class='ocrx_word' id='word_1_674' title='bbox 649 4358 745 4433; x_wconf 77' lang='grc' dir='ltr'>μὲν</span> <span class='ocrx_word' id='word_1_675' title='bbox 800 4361 873 4422; x_wconf 84' lang='grc' dir='ltr'>ὡς</span> <span class='ocrx_word' id='word_1_676' title='bbox 931 4360 1060 4436; x_wconf 85' lang='grc' dir='ltr'>πρὸς</span> <span class='ocrx_word' id='word_1_677' title='bbox 1111 4346 1216 4425; x_wconf 71' lang='grc' dir='ltr'>τὴν</span> <span class='ocrx_word' id='word_1_678' title='bbox 1276 4359 1373 4425; x_wconf 77' lang='grc' dir='ltr'>σὴν</span> <span class='ocrx_word' id='word_1_679' title='bbox 1429 4355 1667 4433; x_wconf 85' lang='grc' dir='ltr'>δύναμιν,</span> <span class='ocrx_word' id='word_1_680' title='bbox 1714 4354 1833 4427; x_wconf 72' lang='grc' dir='ltr'>ὶμοὶ</span> <span class='ocrx_word' id='word_1_681' title='bbox 1879 4346 1966 4405; x_wconf 72' lang='grc' dir='ltr'>δὲ]</span> 
     </span>
    </p>
   </div>
   <div class='ocr_carea' id='block_1_90' title="bbox 2038 4346 3661 4436">
    <p class='ocr_par' dir='ltr' id='par_1_90' title="bbox 2038 4348 3661 4436">
     <span class='ocr_line' id='line_1_91' title="bbox 2038 4348 3661 4436; baseline 0.004 -26"><span class='ocrx_word' id='word_1_682' title='bbox 2038 4367 2198 4427; x_wconf 69' lang='lat' dir='ltr'>gnum</span> <span class='ocrx_word' id='word_1_683' title='bbox 2236 4365 2249 4410; x_wconf 91' lang='lat'>:</span> <span class='ocrx_word' id='word_1_684' title='bbox 2284 4348 2388 4407; x_wconf 91' lang='lat' dir='ltr'>sed</span> <span class='ocrx_word' id='word_1_685' title='bbox 2421 4349 2531 4436; x_wconf 74' lang='lat' dir='ltr'>hoc</span> <span class='ocrx_word' id='word_1_686' title='bbox 2590 4366 2828 4436; x_wconf 78' lang='lat' dir='ltr'>parvum</span> <span class='ocrx_word' id='word_1_687' title='bbox 2861 4351 3022 4429; x_wconf 84' lang='lat' dir='ltr'>quid,</span> <span class='ocrx_word' id='word_1_688' title='bbox 3058 4362 3336 4431; x_wconf 91' lang='lat' dir='ltr'>quantum</span> <span class='ocrx_word' id='word_1_689' title='bbox 3371 4354 3444 4414; x_wconf 92' lang='lat' dir='ltr'>ad</span> <span class='ocrx_word' id='word_1_690' title='bbox 3475 4355 3661 4416; x_wconf 87' lang='lat' dir='ltr'>virtu-</span> 
     </span>
    </p>
   </div>
   <div class='ocr_carea' id='block_1_91' title="bbox 295 4435 1966 4526">
    <p class='ocr_par' dir='ltr' id='par_1_91' title="bbox 295 4435 1931 4526">
     <span class='ocr_line' id='line_1_92' title="bbox 295 4435 1931 4526; baseline -0.005 -25"><span class='ocrx_word' id='word_1_691' title='bbox 295 4446 454 4526; x_wconf 78' lang='grc' dir='ltr'>μέγα,</span> <span class='ocrx_word' id='word_1_692' title='bbox 514 4444 621 4510; x_wconf 67' lang='grc' dir='ltr'>δός·</span> <span class='ocrx_word' id='word_1_693' title='bbox 654 4447 832 4522; x_wconf 84' lang='grc' dir='ltr'>ὥσπερ</span> <span class='ocrx_word' id='word_1_694' title='bbox 874 4435 982 4501; x_wconf 16' lang='grc' dir='ltr'>καὶί</span> <span class='ocrx_word' id='word_1_695' title='bbox 1013 4447 1107 4508; x_wconf 78' lang='grc' dir='ltr'>τὰς</span> <span class='ocrx_word' id='word_1_696' title='bbox 1137 4449 1331 4524; x_wconf 77' lang='grc' dir='ltr'>ψίχας,</span> <span class='ocrx_word' id='word_1_697' title='bbox 1384 4448 1429 4500; x_wconf 82' lang='grc' dir='ltr'>οἱ</span> <span class='ocrx_word' id='word_1_698' title='bbox 1461 4444 1557 4520; x_wconf 75' lang='grc' dir='ltr'>μὲν</span> <span class='ocrx_word' id='word_1_699' title='bbox 1587 4443 1710 4504; x_wconf 78' lang='grc' dir='ltr'>τοὺς</span> <span class='ocrx_word' id='word_1_700' title='bbox 1746 4438 1931 4526; x_wconf 76' lang='grc' dir='ltr'>ἄρτους</span> 
     </span>
    </p>
   </div>
   <div class='ocr_carea' id='block_1_92' title="bbox 2038 4435 3656 4526">
    <p class='ocr_par' dir='ltr' id='par_1_92' title="bbox 2043 4435 3656 4521">
     <span class='ocr_line' id='line_1_93' title="bbox 2043 4435 3656 4521; baseline 0.004 -23"><span class='ocrx_word' id='word_1_701' title='bbox 2043 4457 2133 4498; x_wconf 89' lang='lat' dir='ltr'>em</span> <span class='ocrx_word' id='word_1_702' title='bbox 2157 4446 2316 4496; x_wconf 87' lang='lat' dir='ltr'>tuam</span> <span class='ocrx_word' id='word_1_703' title='bbox 2348 4435 2579 4510; x_wconf 87' lang='lat' dir='ltr'>attinet,</span> <span class='ocrx_word' id='word_1_704' title='bbox 2613 4435 2758 4496; x_wconf 92' lang='lat' dir='ltr'>mihi</span> <span class='ocrx_word' id='word_1_705' title='bbox 2794 4446 2989 4498; x_wconf 88' lang='lat' dir='ltr'>autem</span> <span class='ocrx_word' id='word_1_706' title='bbox 3023 4458 3296 4517; x_wconf 88' lang='lat' dir='ltr'>magnum</span> <span class='ocrx_word' id='word_1_707' title='bbox 3329 4442 3525 4516; x_wconf 86' lang='lat' dir='ltr'>fuerit,</span> <span class='ocrx_word' id='word_1_708' title='bbox 3561 4443 3656 4521; x_wconf 86' lang='lat' dir='ltr'>da,</span> 
     </span>
    </p>
   </div>
   <div class='ocr_carea' id='block_1_93' title="bbox 287 4523 1966 4614">
    <p class='ocr_par' dir='ltr' id='par_1_93' title="bbox 287 4523 1932 4614">
     <span class='ocr_line' id='line_1_94' title="bbox 287 4523 1932 4614; baseline 0.01 -26"><span class='ocrx_word' id='word_1_709' title='bbox 287 4535 544 4598; x_wconf 73' lang='grc' dir='ltr'>ὶσθίοντες</span> <span class='ocrx_word' id='word_1_710' title='bbox 595 4538 653 4592; x_wconf 75' lang='grc' dir='ltr'>οὗ</span> <span class='ocrx_word' id='word_1_711' title='bbox 724 4534 861 4612; x_wconf 81' lang='grc' dir='ltr'>μέγα</span> <span class='ocrx_word' id='word_1_712' title='bbox 918 4557 967 4589; x_wconf 91' lang='grc' dir='ltr'>τι</span> <span class='ocrx_word' id='word_1_713' title='bbox 998 4534 1233 4614; x_wconf 76' lang='grc' dir='ltr'>ἔχουσιν,</span> <span class='ocrx_word' id='word_1_714' title='bbox 1269 4536 1316 4591; x_wconf 77' lang='grc' dir='ltr'>οἱ</span> <span class='ocrx_word' id='word_1_715' title='bbox 1359 4531 1413 4589; x_wconf 73' lang='grc' dir='ltr'>δὲ</span> <span class='ocrx_word' id='word_1_716' title='bbox 1471 4533 1621 4595; x_wconf 81' lang='grc' dir='ltr'>κύνες</span> <span class='ocrx_word' id='word_1_717' title='bbox 1652 4529 1812 4606; x_wconf 76' lang='grc' dir='ltr'>μέγα,</span> <span class='ocrx_word' id='word_1_718' title='bbox 1846 4523 1932 4581; x_wconf 68' lang='grc' dir='ltr'>καὶ</span> 
     </span>
    </p>
   </div>
   <div class='ocr_carea' id='block_1_94' title="bbox 2038 4523 3660 4614">
    <p class='ocr_par' dir='ltr' id='par_1_94' title="bbox 2038 4524 3660 4614">
     <span class='ocr_line' id='line_1_95' title="bbox 2038 4524 3660 4614; baseline 0.006 -31"><span class='ocrx_word' id='word_1_719' title='bbox 2038 4526 2168 4586; x_wconf 76' lang='grc' dir='ltr'>;ἰοιιῐ</span> <span class='ocrx_word' id='word_1_720' title='bbox 2199 4532 2256 4585; x_wconf 90' lang='lat' dir='ltr'>et</span> <span class='ocrx_word' id='word_1_721' title='bbox 2287 4525 2382 4602; x_wconf 89' lang='lat' dir='ltr'>qui</span> <span class='ocrx_word' id='word_1_722' title='bbox 2419 4541 2598 4602; x_wconf 85' lang='lat' dir='ltr'>panes</span> <span class='ocrx_word' id='word_1_723' title='bbox 2621 4524 2963 4614; x_wconf 85' lang='lat' dir='ltr'>comedunt,</span> <span class='ocrx_word' id='word_1_724' title='bbox 2990 4547 3106 4589; x_wconf 89' lang='lat' dir='ltr'>non</span> <span class='ocrx_word' id='word_1_725' title='bbox 3139 4530 3334 4607; x_wconf 86' lang='lat' dir='ltr'>magni</span> <span class='ocrx_word' id='word_1_726' title='bbox 3364 4531 3583 4592; x_wconf 79' lang='lat' dir='ltr'>faciunt</span> <span class='ocrx_word' id='word_1_727' title='bbox 3611 4534 3660 4594; x_wconf 92' lang='lat' dir='ltr'>si</span> 
     </span>
    </p>
   </div>
   <div class='ocr_carea' id='block_1_95' title="bbox 295 4611 1966 4702">
    <p class='ocr_par' dir='ltr' id='par_1_95' title="bbox 295 4619 1690 4702">
     <span class='ocr_line' id='line_1_96' title="bbox 295 4619 1690 4702; baseline 0.007 -29"><span class='ocrx_word' id='word_1_728' title='bbox 295 4619 352 4676; x_wconf 75' lang='grc' dir='ltr'>ἐκ</span> <span class='ocrx_word' id='word_1_729' title='bbox 381 4623 578 4678; x_wconf 83' lang='grc' dir='ltr'>τούτων</span> <span class='ocrx_word' id='word_1_730' title='bbox 602 4621 876 4702; x_wconf 72' lang='grc' dir='ltr'>τρέφονται</span> <span class='ocrx_word' id='word_1_731' title='bbox 888 4669 900 4682; x_wconf 92' lang='grc'><strong><em>.</em></strong></span> <span class='ocrx_word' id='word_1_732' title='bbox 1663 4695 1690 4702; x_wconf 94' lang='lat'>_</span> 
     </span>
    </p>
   </div>
   <div class='ocr_carea' id='block_1_96' title="bbox 2038 4611 3654 4702">
    <p class='ocr_par' dir='ltr' id='par_1_96' title="bbox 2038 4611 3654 4698">
     <span class='ocr_line' id='line_1_97' title="bbox 2038 4611 3654 4698; baseline 0.005 -26"><span class='ocrx_word' id='word_1_733' title='bbox 2038 4613 2208 4673; x_wconf 87' lang='lat' dir='ltr'>micas</span> <span class='ocrx_word' id='word_1_734' title='bbox 2241 4611 2380 4671; x_wconf 91' lang='lat' dir='ltr'>dent</span> <span class='ocrx_word' id='word_1_735' title='bbox 2410 4630 2423 4670; x_wconf 89' lang='lat'><strong>:</strong></span> <span class='ocrx_word' id='word_1_736' title='bbox 2462 4629 2640 4672; x_wconf 89' lang='lat' dir='ltr'>canes</span> <span class='ocrx_word' id='word_1_737' title='bbox 2669 4620 2864 4674; x_wconf 91' lang='lat' dir='ltr'>autem</span> <span class='ocrx_word' id='word_1_738' title='bbox 2907 4613 3060 4677; x_wconf 85' lang='lat' dir='ltr'>bene</span> <span class='ocrx_word' id='word_1_739' title='bbox 3093 4635 3161 4677; x_wconf 83' lang='lat' dir='ltr'>ex</span> <span class='ocrx_word' id='word_1_740' title='bbox 3193 4617 3283 4678; x_wconf 90' lang='lat' dir='ltr'>his</span> <span class='ocrx_word' id='word_1_741' title='bbox 3314 4627 3654 4698; x_wconf 92' lang='lat' dir='ltr'>pascuntur.</span> 
     </span>
    </p>
   </div>
   <div class='ocr_carea' id='block_1_97' title="bbox 253 4695 1966 4787">
    <p class='ocr_par' dir='ltr' id='par_1_97' title="bbox 253 4695 1934 4787">
     <span class='ocr_line' id='line_1_98' title="bbox 253 4695 1934 4787; baseline -0.005 -19"><span class='ocrx_word' id='word_1_742' title='bbox 253 4759 266 4768; x_wconf 93' lang='lat'>.</span> <span class='ocrx_word' id='word_1_743' title='bbox 378 4733 402 4763; x_wconf 77' lang='grc' dir='ltr'>ι</span> <span class='ocrx_word' id='word_1_744' title='bbox 437 4709 566 4766; x_wconf 84' lang='grc' dir='ltr'>Τότε</span> <span class='ocrx_word' id='word_1_745' title='bbox 637 4710 932 4787; x_wconf 85' lang='grc' dir='ltr'>ἀποκριθεὶς</span> <span class='ocrx_word' id='word_1_746' title='bbox 965 4714 992 4766; x_wconf 79' lang='grc' dir='ltr'>ὁ</span> <span class='ocrx_word' id='word_1_747' title='bbox 1025 4709 1253 4786; x_wconf 83' lang='grc' dir='ltr'>Ἰησοῦς,</span> <span class='ocrx_word' id='word_1_748' title='bbox 1290 4715 1440 4767; x_wconf 83' lang='grc' dir='ltr'>εἶπεν</span> <span class='ocrx_word' id='word_1_749' title='bbox 1475 4713 1626 4783; x_wconf 75' lang='grc' dir='ltr'>αὐτῇ·</span> <span class='ocrx_word' id='word_1_750' title='bbox 1663 4695 1728 4761; x_wconf 71' lang='grc' dir='ltr'><strong>Ὠ</strong></span> <span class='ocrx_word' id='word_1_751' title='bbox 1759 4706 1934 4783; x_wconf 84' lang='grc' dir='ltr'>γὺναι,</span> 
     </span>
    </p>
   </div>
   <div class='ocr_carea' id='block_1_98' title="bbox 2038 4695 3656 4787">
    <p class='ocr_par' dir='ltr' id='par_1_98' title="bbox 2105 4695 3656 4781">
     <span class='ocr_line' id='line_1_99' title="bbox 2105 4695 3656 4781; baseline 0.006 -20"><span class='ocrx_word' id='word_1_752' title='bbox 2105 4700 2286 4762; x_wconf 71' lang='lat' dir='ltr'>Vens.</span> <span class='ocrx_word' id='word_1_753' title='bbox 2324 4700 2423 4761; x_wconf 67' lang='lat'>98.</span> <span class='ocrx_word' id='word_1_754' title='bbox 2465 4724 2490 4753; x_wconf 75' lang='grc' dir='ltr'>α</span> <span class='ocrx_word' id='word_1_755' title='bbox 2517 4699 2683 4761; x_wconf 93' lang='lat' dir='ltr'>Tunc</span> <span class='ocrx_word' id='word_1_756' title='bbox 2709 4704 3078 4781; x_wconf 85' lang='lat' dir='ltr'>respondens</span> <span class='ocrx_word' id='word_1_757' title='bbox 3102 4707 3268 4769; x_wconf 82' lang='lat' dir='ltr'>Jesus</span> <span class='ocrx_word' id='word_1_758' title='bbox 3293 4695 3538 4766; x_wconf 84' lang='lat' dir='ltr'>dixitilli</span> <span class='ocrx_word' id='word_1_759' title='bbox 3571 4725 3583 4770; x_wconf 91' lang='lat'>:</span> <span class='ocrx_word' id='word_1_760' title='bbox 3609 4706 3656 4770; x_wconf 94' lang='grc' dir='ltr'><strong>Ο</strong></span> 
     </span>
    </p>
   </div>
   <div class='ocr_carea' id='block_1_99' title="bbox 295 4788 1966 4879">
    <p class='ocr_par' dir='ltr' id='par_1_99' title="bbox 295 4788 1940 4879">
     <span class='ocr_line' id='line_1_100' title="bbox 295 4788 1940 4879; baseline -0.004 -26"><span class='ocrx_word' id='word_1_761' title='bbox 295 4797 504 4876; x_wconf 73' lang='grc' dir='ltr'>μεγάλη</span> <span class='ocrx_word' id='word_1_762' title='bbox 563 4821 654 4854; x_wconf 90' lang='grc' dir='ltr'>σου</span> <span class='ocrx_word' id='word_1_763' title='bbox 710 4798 746 4865; x_wconf 76' lang='grc' dir='ltr'><strong>ἡ</strong></span> <span class='ocrx_word' id='word_1_764' title='bbox 807 4800 1007 4879; x_wconf 88' lang='grc' dir='ltr'>πίστις,</span> <span class='ocrx_word' id='word_1_765' title='bbox 1067 4801 1346 4876; x_wconf 71' lang='grc' dir='ltr'>γενηθήτω</span> <span class='ocrx_word' id='word_1_766' title='bbox 1403 4821 1484 4854; x_wconf 89' lang='grc' dir='ltr'>σοι</span> <span class='ocrx_word' id='word_1_767' title='bbox 1517 4799 1589 4860; x_wconf 81' lang='grc' dir='ltr'>ὡς</span> <span class='ocrx_word' id='word_1_768' title='bbox 1622 4793 1812 4855; x_wconf 81' lang='grc' dir='ltr'>θέλεις·</span> <span class='ocrx_word' id='word_1_769' title='bbox 1853 4788 1940 4848; x_wconf 83' lang='grc' dir='ltr'>καὶ</span> 
     </span>
    </p>
   </div>
   <div class='ocr_carea' id='block_1_100' title="bbox 2038 4788 3658 4879">
    <p class='ocr_par' dir='ltr' id='par_1_100' title="bbox 2038 4789 3658 4879">
     <span class='ocr_line' id='line_1_101' title="bbox 2038 4789 3658 4879; baseline 0.004 -29"><span class='ocrx_word' id='word_1_770' title='bbox 2038 4789 2484 4879; x_wconf 78' lang='lat' dir='ltr'>nulier,magna</span> <span class='ocrx_word' id='word_1_771' title='bbox 2516 4797 2605 4879; x_wconf 88' lang='lat' dir='ltr'>est</span> <span class='ocrx_word' id='word_1_772' title='bbox 2653 4790 2797 4879; x_wconf 88' lang='lat' dir='ltr'>ﬁdes</span> <span class='ocrx_word' id='word_1_773' title='bbox 2845 4800 2966 4869; x_wconf 85' lang='lat' dir='ltr'>tua,</span> <span class='ocrx_word' id='word_1_774' title='bbox 3003 4793 3102 4854; x_wconf 92' lang='lat' dir='ltr'>ﬁat</span> <span class='ocrx_word' id='word_1_775' title='bbox 3131 4793 3237 4855; x_wconf 90' lang='lat' dir='ltr'>tibi</span> <span class='ocrx_word' id='word_1_776' title='bbox 3266 4795 3416 4855; x_wconf 89' lang='lat' dir='ltr'>sicut</span> <span class='ocrx_word' id='word_1_777' title='bbox 3450 4795 3554 4859; x_wconf 88' lang='lat' dir='ltr'>vis.</span> <span class='ocrx_word' id='word_1_778' title='bbox 3587 4795 3658 4856; x_wconf 92' lang='lat' dir='ltr'>Et</span> 
     </span>
    </p>
   </div>
   <div class='ocr_carea' id='block_1_101' title="bbox 2022 4877 3661 4956">
    <p class='ocr_par' dir='ltr' id='par_1_101' title="bbox 2022 4877 3661 4956">
     <span class='ocr_line' id='line_1_102' title="bbox 2022 4877 3661 4956; baseline 0.005 -17"><span class='ocrx_word' id='word_1_779' title='bbox 2022 4885 2227 4939; x_wconf 72' lang='lat' dir='ltr'>sanata</span> <span class='ocrx_word' id='word_1_780' title='bbox 2257 4883 2348 4936; x_wconf 89' lang='lat' dir='ltr'>est</span> <span class='ocrx_word' id='word_1_781' title='bbox 2377 4877 2499 4937; x_wconf 88' lang='lat' dir='ltr'>ﬁlia</span> <span class='ocrx_word' id='word_1_782' title='bbox 2531 4878 2661 4956; x_wconf 89' lang='lat' dir='ltr'>ejus</span> <span class='ocrx_word' id='word_1_783' title='bbox 2687 4897 2753 4938; x_wconf 84' lang='lat' dir='ltr'>ex</span> <span class='ocrx_word' id='word_1_784' title='bbox 2778 4878 2879 4940; x_wconf 93' lang='lat' dir='ltr'>illa</span> <span class='ocrx_word' id='word_1_785' title='bbox 2901 4881 3100 4942; x_wconf 80' lang='lat' dir='ltr'>hora.»</span> <span class='ocrx_word' id='word_1_786' title='bbox 3128 4881 3295 4946; x_wconf 92' lang='lat' dir='ltr'>Nunc</span> <span class='ocrx_word' id='word_1_787' title='bbox 3324 4884 3661 4948; x_wconf 85' lang='lat' dir='ltr'>manifestat</span> 
     </span>
    </p>
   </div>
   <div class='ocr_carea' id='block_1_102' title="bbox 2013 4967 3653 5048">
    <p class='ocr_par' dir='ltr' id='par_1_102' title="bbox 2013 4967 3653 5048">
     <span class='ocr_line' id='line_1_103' title="bbox 2013 4967 3653 5048; baseline 0.005 -21"><span class='ocrx_word' id='word_1_788' title='bbox 2013 4967 2185 5028; x_wconf 92' lang='lat' dir='ltr'>Jesus</span> <span class='ocrx_word' id='word_1_789' title='bbox 2205 4983 2446 5026; x_wconf 83' lang='lat' dir='ltr'>causam</span> <span class='ocrx_word' id='word_1_790' title='bbox 2482 4974 2726 5045; x_wconf 90' lang='lat' dir='ltr'>propter</span> <span class='ocrx_word' id='word_1_791' title='bbox 2780 4987 2951 5048; x_wconf 89' lang='lat' dir='ltr'>quam</span> <span class='ocrx_word' id='word_1_792' title='bbox 2985 4972 3352 5033; x_wconf 89' lang='lat' dir='ltr'>sanationem</span> <span class='ocrx_word' id='word_1_793' title='bbox 3382 4974 3454 5034; x_wconf 90' lang='lat' dir='ltr'>ab</span> <span class='ocrx_word' id='word_1_794' title='bbox 3486 4974 3653 5036; x_wconf 88' lang='lat' dir='ltr'>initio</span> 
     </span>
    </p>
   </div>
   <div class='ocr_carea' id='block_1_103' title="bbox 2017 5054 3655 5137">
    <p class='ocr_par' dir='ltr' id='par_1_103' title="bbox 2017 5054 3655 5137">
     <span class='ocr_line' id='line_1_104' title="bbox 2017 5054 3655 5137; baseline 0.005 -21"><span class='ocrx_word' id='word_1_795' title='bbox 2017 5054 2330 5116; x_wconf 88' lang='lat' dir='ltr'>distulerit.</span> <span class='ocrx_word' id='word_1_796' title='bbox 2345 5072 2558 5134; x_wconf 90' lang='lat' dir='ltr'>nempe</span> <span class='ocrx_word' id='word_1_797' title='bbox 2583 5066 2646 5116; x_wconf 90' lang='lat' dir='ltr'>ut</span> <span class='ocrx_word' id='word_1_798' title='bbox 2671 5055 2817 5117; x_wconf 89' lang='lat' dir='ltr'>ﬁdes</span> <span class='ocrx_word' id='word_1_799' title='bbox 2837 5065 2896 5118; x_wconf 90' lang='lat' dir='ltr'>et</span> <span class='ocrx_word' id='word_1_800' title='bbox 2921 5060 3234 5137; x_wconf 86' lang='lat' dir='ltr'>prudentia</span> <span class='ocrx_word' id='word_1_801' title='bbox 3255 5063 3524 5125; x_wconf 88' lang='lat' dir='ltr'>mulieris</span> <span class='ocrx_word' id='word_1_802' title='bbox 3541 5064 3655 5125; x_wconf 87' lang='lat' dir='ltr'>cla-</span> 
     </span>
    </p>
   </div>
   <div class='ocr_carea' id='block_1_104' title="bbox 292 4883 1933 4964">
    <p class='ocr_par' dir='ltr' id='par_1_104' title="bbox 292 4883 1933 4964">
     <span class='ocr_line' id='line_1_105' title="bbox 292 4883 1933 4964; baseline -0.004 -22"><span class='ocrx_word' id='word_1_803' title='bbox 292 4888 410 4952; x_wconf 77' lang='grc' dir='ltr'>ἱάθη</span> <span class='ocrx_word' id='word_1_804' title='bbox 477 4889 512 4954; x_wconf 75' lang='grc' dir='ltr'>ἡ</span> <span class='ocrx_word' id='word_1_805' title='bbox 568 4889 797 4964; x_wconf 86' lang='grc' dir='ltr'>θυγάτηρ</span> <span class='ocrx_word' id='word_1_806' title='bbox 835 4891 995 4954; x_wconf 72' lang='grc' dir='ltr'>αὐτῆς</span> <span class='ocrx_word' id='word_1_807' title='bbox 1028 4888 1135 4944; x_wconf 75' lang='grc' dir='ltr'>ἀπὸ</span> <span class='ocrx_word' id='word_1_808' title='bbox 1165 4895 1261 4955; x_wconf 77' lang='grc' dir='ltr'>τῆς</span> <span class='ocrx_word' id='word_1_809' title='bbox 1293 4888 1431 4964; x_wconf 78' lang='grc' dir='ltr'>ὥρας</span> <span class='ocrx_word' id='word_1_810' title='bbox 1479 4887 1709 4950; x_wconf 79' lang='grc' dir='ltr'>ἐκείνης.</span> <span class='ocrx_word' id='word_1_811' title='bbox 1745 4883 1933 4959; x_wconf 76' lang='grc' dir='ltr'>Ἐφαν-</span> 
     </span>
    </p>
   </div>
   <div class='ocr_carea' id='block_1_105' title="bbox 292 4968 1931 5053">
    <p class='ocr_par' dir='ltr' id='par_1_105' title="bbox 292 4968 1931 5053">
     <span class='ocr_line' id='line_1_106' title="bbox 292 4968 1931 5053; baseline -0.004 -23"><span class='ocrx_word' id='word_1_812' title='bbox 292 4975 454 5053; x_wconf 81' lang='grc' dir='ltr'>έρωσε</span> <span class='ocrx_word' id='word_1_813' title='bbox 511 4983 595 5032; x_wconf 80' lang='grc' dir='ltr'>νῦν</span> <span class='ocrx_word' id='word_1_814' title='bbox 665 4978 692 5030; x_wconf 84' lang='lat'>6</span> <span class='ocrx_word' id='word_1_815' title='bbox 765 4977 966 5043; x_wconf 79' lang='grc' dir='ltr'>Ἰησοῦς</span> <span class='ocrx_word' id='word_1_816' title='bbox 1037 4977 1133 5044; x_wconf 77' lang='grc' dir='ltr'>τὴν</span> <span class='ocrx_word' id='word_1_817' title='bbox 1185 4977 1352 5032; x_wconf 78' lang='grc' dir='ltr'>αἰτίαν</span> <span class='ocrx_word' id='word_1_818' title='bbox 1407 4973 1472 5031; x_wconf 79' lang='grc' dir='ltr'>δι’</span> <span class='ocrx_word' id='word_1_819' title='bbox 1522 4974 1586 5042; x_wconf 76' lang='grc' dir='ltr'>ἢν</span> <span class='ocrx_word' id='word_1_820' title='bbox 1617 4968 1931 5030; x_wconf 77' lang='grc' dir='ltr'>ἀνεϐάλλετο</span> 
     </span>
    </p>
   </div>
   <div class='ocr_carea' id='block_1_106' title="bbox 289 5059 1932 5144">
    <p class='ocr_par' dir='ltr' id='par_1_106' title="bbox 289 5059 1932 5144">
     <span class='ocr_line' id='line_1_107' title="bbox 289 5059 1932 5144; baseline 0.004 -26"><span class='ocrx_word' id='word_1_821' title='bbox 289 5067 386 5131; x_wconf 75' lang='grc' dir='ltr'>τὴν</span> <span class='ocrx_word' id='word_1_822' title='bbox 454 5065 726 5142; x_wconf 83' lang='grc' dir='ltr'>θεραπείαν</span> <span class='ocrx_word' id='word_1_823' title='bbox 784 5065 834 5130; x_wconf 78' lang='grc' dir='ltr'>ἐξ</span> <span class='ocrx_word' id='word_1_824' title='bbox 904 5065 1103 5144; x_wconf 58' lang='grc' dir='ltr'>ἀρχῆς</span> <span class='ocrx_word' id='word_1_825' title='bbox 1138 5063 1229 5120; x_wconf 75' lang='grc' dir='ltr'>ἵνα</span> <span class='ocrx_word' id='word_1_826' title='bbox 1289 5065 1388 5142; x_wconf 78' lang='grc' dir='ltr'>γὰρ</span> <span class='ocrx_word' id='word_1_827' title='bbox 1444 5066 1479 5131; x_wconf 78' lang='grc' dir='ltr'><strong>ἡ</strong></span> <span class='ocrx_word' id='word_1_828' title='bbox 1535 5064 1707 5123; x_wconf 84' lang='grc' dir='ltr'>πίστις</span> <span class='ocrx_word' id='word_1_829' title='bbox 1779 5060 1867 5113; x_wconf 68' lang='grc' dir='ltr'>καὶ</span> <span class='ocrx_word' id='word_1_830' title='bbox 1896 5059 1932 5125; x_wconf 74' lang='grc' dir='ltr'><strong>ἦ</strong></span> 
     </span>
    </p>
   </div>
   <div class='ocr_carea' id='block_1_107' title="bbox 291 5141 1966 5232">
    <p class='ocr_par' dir='ltr' id='par_1_107' title="bbox 291 5148 1930 5232">
     <span class='ocr_line' id='line_1_108' title="bbox 291 5148 1930 5232; baseline -0.004 -25"><span class='ocrx_word' id='word_1_831' title='bbox 291 5154 494 5216; x_wconf 74' lang='grc' dir='ltr'>σὺνεσις</span> <span class='ocrx_word' id='word_1_832' title='bbox 565 5157 662 5219; x_wconf 76' lang='grc' dir='ltr'>τῆς</span> <span class='ocrx_word' id='word_1_833' title='bbox 732 5155 979 5230; x_wconf 80' lang='grc' dir='ltr'>γυναικὸς</span> <span class='ocrx_word' id='word_1_834' title='bbox 1025 5155 1294 5232; x_wconf 78' lang='grc' dir='ltr'>ἀναφανῇ,</span> <span class='ocrx_word' id='word_1_835' title='bbox 1328 5151 1411 5209; x_wconf 75' lang='grc' dir='ltr'>διὰ</span> <span class='ocrx_word' id='word_1_836' title='bbox 1439 5159 1590 5208; x_wconf 81' lang='grc' dir='ltr'>τοῦτο</span> <span class='ocrx_word' id='word_1_837' title='bbox 1644 5148 1739 5204; x_wconf 75' lang='grc' dir='ltr'>οὒκ</span> <span class='ocrx_word' id='word_1_838' title='bbox 1786 5148 1930 5210; x_wconf 65' lang='grc' dir='ltr'>εὐθὺς</span> 
     </span>
    </p>
   </div>
   <div class='ocr_carea' id='block_1_108' title="bbox 2038 5141 3651 5232">
    <p class='ocr_par' dir='ltr' id='par_1_108' title="bbox 2038 5141 3651 5232">
     <span class='ocr_line' id='line_1_109' title="bbox 2038 5141 3651 5232; baseline 0.005 -28"><span class='ocrx_word' id='word_1_839' title='bbox 2038 5151 2233 5204; x_wconf 66' lang='lat' dir='ltr'>&#39;escat.</span> <span class='ocrx_word' id='word_1_840' title='bbox 2267 5141 2591 5232; x_wconf 73' lang='lat' dir='ltr'>Propterea</span> <span class='ocrx_word' id='word_1_841' title='bbox 2612 5162 2730 5204; x_wconf 89' lang='lat' dir='ltr'>non</span> <span class='ocrx_word' id='word_1_842' title='bbox 2749 5146 2944 5208; x_wconf 86' lang='lat' dir='ltr'>statim</span> <span class='ocrx_word' id='word_1_843' title='bbox 2967 5148 3038 5208; x_wconf 87' lang='lat' dir='ltr'>ab</span> <span class='ocrx_word' id='word_1_844' title='bbox 3064 5149 3228 5210; x_wconf 90' lang='lat' dir='ltr'>initio</span> <span class='ocrx_word' id='word_1_845' title='bbox 3244 5152 3451 5213; x_wconf 84' lang='lat' dir='ltr'>annuit</span> <span class='ocrx_word' id='word_1_846' title='bbox 3473 5152 3651 5214; x_wconf 90' lang='lat' dir='ltr'>Chri-</span> 
     </span>
    </p>
   </div>
   <div class='ocr_carea' id='block_1_109' title="bbox 289 5230 1966 5321">
    <p class='ocr_par' dir='ltr' id='par_1_109' title="bbox 289 5230 1928 5321">
     <span class='ocr_line' id='line_1_110' title="bbox 289 5230 1928 5321; baseline -0.005 -23"><span class='ocrx_word' id='word_1_847' title='bbox 289 5241 339 5307; x_wconf 78' lang='grc' dir='ltr'>ἰξ</span> <span class='ocrx_word' id='word_1_848' title='bbox 399 5241 570 5320; x_wconf 75' lang='grc' dir='ltr'>ἀρχῆς</span> <span class='ocrx_word' id='word_1_849' title='bbox 640 5242 948 5299; x_wconf 77' lang='grc' dir='ltr'>κατένευσεν</span> <span class='ocrx_word' id='word_1_850' title='bbox 1007 5245 1034 5298; x_wconf 92' lang='lat'>6</span> <span class='ocrx_word' id='word_1_851' title='bbox 1106 5230 1352 5321; x_wconf 77' lang='grc' dir='ltr'>Χριστὸς,</span> <span class='ocrx_word' id='word_1_852' title='bbox 1386 5241 1520 5298; x_wconf 86' lang='grc' dir='ltr'>ἀλλά</span> <span class='ocrx_word' id='word_1_853' title='bbox 1549 5239 1637 5296; x_wconf 86' lang='grc' dir='ltr'>καὶ</span> <span class='ocrx_word' id='word_1_854' title='bbox 1675 5235 1928 5310; x_wconf 83' lang='grc' dir='ltr'>ἀποπέμ-</span> 
     </span>
    </p>
   </div>
   <div class='ocr_carea' id='block_1_110' title="bbox 2038 5230 3651 5321">
    <p class='ocr_par' dir='ltr' id='par_1_110' title="bbox 2038 5230 3651 5321">
     <span class='ocr_line' id='line_1_111' title="bbox 2038 5230 3651 5321; baseline 0.008 -32"><span class='ocrx_word' id='word_1_855' title='bbox 2038 5239 2167 5312; x_wconf 77' lang='lat' dir='ltr'>.tus,</span> <span class='ocrx_word' id='word_1_856' title='bbox 2199 5230 2301 5292; x_wconf 87' lang='lat' dir='ltr'>sed</span> <span class='ocrx_word' id='word_1_857' title='bbox 2335 5230 2521 5321; x_wconf 81' lang='lat' dir='ltr'>magis</span> <span class='ocrx_word' id='word_1_858' title='bbox 2550 5232 2714 5292; x_wconf 89' lang='lat' dir='ltr'>illam</span> <span class='ocrx_word' id='word_1_859' title='bbox 2743 5252 2776 5294; x_wconf 94' lang='lat' dir='ltr'>a</span> <span class='ocrx_word' id='word_1_860' title='bbox 2806 5253 2867 5296; x_wconf 93' lang='lat' dir='ltr'>se</span> <span class='ocrx_word' id='word_1_861' title='bbox 2899 5239 3254 5302; x_wconf 85' lang='lat' dir='ltr'>amandavit:</span> <span class='ocrx_word' id='word_1_862' title='bbox 3281 5259 3440 5303; x_wconf 90' lang='lat' dir='ltr'>nunc</span> <span class='ocrx_word' id='word_1_863' title='bbox 3457 5251 3651 5304; x_wconf 91' lang='lat' dir='ltr'>autem</span> 
     </span>
    </p>
   </div>
   <div class='ocr_carea' id='block_1_111' title="bbox 287 5319 1966 5410">
    <p class='ocr_par' dir='ltr' id='par_1_111' title="bbox 287 5319 1934 5410">
     <span class='ocr_line' id='line_1_112' title="bbox 287 5319 1934 5410; baseline -0.003 -24"><span class='ocrx_word' id='word_1_864' title='bbox 287 5319 442 5387; x_wconf 87' lang='grc' dir='ltr'>πεται</span> <span class='ocrx_word' id='word_1_865' title='bbox 494 5319 736 5406; x_wconf 83' lang='grc' dir='ltr'>μᾶλλον,</span> <span class='ocrx_word' id='word_1_866' title='bbox 802 5335 903 5389; x_wconf 76' lang='grc' dir='ltr'>Νῦν</span> <span class='ocrx_word' id='word_1_867' title='bbox 931 5330 984 5386; x_wconf 84' lang='grc' dir='ltr'>δὲ</span> <span class='ocrx_word' id='word_1_868' title='bbox 1016 5331 1130 5387; x_wconf 81' lang='grc' dir='ltr'>ἐπεὶ</span> <span class='ocrx_word' id='word_1_869' title='bbox 1156 5319 1495 5410; x_wconf 32' lang='grc' dir='ltr'>-ἒξεκαλόφθη</span> <span class='ocrx_word' id='word_1_870' title='bbox 1525 5332 1559 5397; x_wconf 79' lang='grc' dir='ltr'>ἡ</span> <span class='ocrx_word' id='word_1_871' title='bbox 1593 5329 1763 5389; x_wconf 86' lang='grc' dir='ltr'>πίστις</span> <span class='ocrx_word' id='word_1_872' title='bbox 1796 5323 1934 5403; x_wconf 75' lang='grc'>(22)</span> 
     </span>
    </p>
   </div>
   <div class='ocr_carea' id='block_1_112' title="bbox 2038 5319 3655 5410">
    <p class='ocr_par' dir='ltr' id='par_1_112' title="bbox 2038 5319 3655 5410">
     <span class='ocr_line' id='line_1_113' title="bbox 2038 5319 3655 5410; baseline 0.008 -28"><span class='ocrx_word' id='word_1_873' title='bbox 2038 5319 2490 5410; x_wconf 77' lang='lat' dir='ltr'>[nandoquidem</span> <span class='ocrx_word' id='word_1_874' title='bbox 2527 5321 2654 5410; x_wconf 86' lang='lat' dir='ltr'>ejus</span> <span class='ocrx_word' id='word_1_875' title='bbox 2684 5321 2829 5382; x_wconf 93' lang='lat' dir='ltr'>ﬁdes</span> <span class='ocrx_word' id='word_1_876' title='bbox 2881 5327 3253 5390; x_wconf 88' lang='lat' dir='ltr'>manifestata</span> <span class='ocrx_word' id='word_1_877' title='bbox 3287 5339 3396 5407; x_wconf 90' lang='lat' dir='ltr'>est,</span> <span class='ocrx_word' id='word_1_878' title='bbox 3453 5331 3655 5396; x_wconf 89' lang='lat' dir='ltr'>laudat</span> 
     </span>
    </p>
   </div>
   <div class='ocr_carea' id='block_1_113' title="bbox 289 5409 1966 5501">
    <p class='ocr_par' dir='ltr' id='par_1_113' title="bbox 289 5409 1932 5500">
     <span class='ocr_line' id='line_1_114' title="bbox 289 5409 1932 5500; baseline -0.001 -25"><span class='ocrx_word' id='word_1_879' title='bbox 289 5421 470 5500; x_wconf 70' lang='grc' dir='ltr'>αὐτῆς,</span> <span class='ocrx_word' id='word_1_880' title='bbox 541 5421 862 5494; x_wconf 70' lang='grc' dir='ltr'>ἐπαινεῖται,</span> <span class='ocrx_word' id='word_1_881' title='bbox 956 5419 1238 5477; x_wconf 84' lang='grc' dir='ltr'>ἀκουουσα’</span> <span class='ocrx_word' id='word_1_882' title='bbox 1359 5409 1415 5478; x_wconf 15' lang='grc' dir='ltr'>(ν</span> <span class='ocrx_word' id='word_1_883' title='bbox 1457 5416 1678 5496; x_wconf 81' lang='grc' dir='ltr'>Μεγάλη</span> <span class='ocrx_word' id='word_1_884' title='bbox 1749 5435 1842 5469; x_wconf 58' lang='grc' dir='ltr'>σο)</span> <span class='ocrx_word' id='word_1_885' title='bbox 1900 5415 1932 5480; x_wconf 77' lang='grc' dir='ltr'>ἦ</span> 
     </span>
    </p>
   </div>
   <div class='ocr_carea' id='block_1_114' title="bbox 2038 5409 3648 5501">
    <p class='ocr_par' dir='ltr' id='par_1_114' title="bbox 2038 5409 3648 5501">
     <span class='ocr_line' id='line_1_115' title="bbox 2038 5409 3648 5501; baseline 0.007 -29"><span class='ocrx_word' id='word_1_886' title='bbox 2038 5427 2172 5472; x_wconf 64' lang='lat' dir='ltr'>tam:</span> <span class='ocrx_word' id='word_1_887' title='bbox 2204 5409 2450 5486; x_wconf 78' lang='lat' dir='ltr'>«Magna</span> <span class='ocrx_word' id='word_1_888' title='bbox 2473 5417 2562 5469; x_wconf 86' lang='lat' dir='ltr'>est</span> <span class='ocrx_word' id='word_1_889' title='bbox 2584 5409 2733 5471; x_wconf 91' lang='lat' dir='ltr'>ﬁdes</span> <span class='ocrx_word' id='word_1_890' title='bbox 2760 5418 2918 5476; x_wconf 85' lang='lat' dir='ltr'>tua.»</span> <span class='ocrx_word' id='word_1_891' title='bbox 2945 5412 3068 5478; x_wconf 89' lang='lat' dir='ltr'>Hoc</span> <span class='ocrx_word' id='word_1_892' title='bbox 3089 5427 3283 5480; x_wconf 86' lang='lat' dir='ltr'>autem</span> <span class='ocrx_word' id='word_1_893' title='bbox 3306 5421 3458 5500; x_wconf 81' lang='lat' dir='ltr'>quod</span> <span class='ocrx_word' id='word_1_894' title='bbox 3487 5421 3648 5501; x_wconf 87' lang='lat' dir='ltr'>dicit,</span> 
     </span>
    </p>
   </div>
   <div class='ocr_carea' id='block_1_115' title="bbox 994 5543 2593 5613">
    <p class='ocr_par' dir='ltr' id='par_1_115' title="bbox 994 5543 2593 5613">
     <span class='ocr_line' id='line_1_116' title="bbox 994 5543 2593 5613; baseline -0.004 0"><span class='ocrx_word' id='word_1_895' title='bbox 994 5609 998 5613; x_wconf 86' lang='lat'>.</span> <span class='ocrx_word' id='word_1_896' title='bbox 1358 5549 1448 5612; x_wconf 85' lang='lat' dir='ltr'>Ex</span> <span class='ocrx_word' id='word_1_897' title='bbox 1482 5548 1796 5611; x_wconf 87' lang='lat' dir='ltr'>collatione</span> <span class='ocrx_word' id='word_1_898' title='bbox 1829 5546 2002 5609; x_wconf 91' lang='lat' dir='ltr'>codd.</span> <span class='ocrx_word' id='word_1_899' title='bbox 2045 5547 2258 5609; x_wconf 86' lang='lat' dir='ltr'>Venet.</span> <span class='ocrx_word' id='word_1_900' title='bbox 2292 5543 2352 5605; x_wconf 94' lang='lat' dir='ltr'>S.</span> <span class='ocrx_word' id='word_1_901' title='bbox 2387 5543 2593 5608; x_wconf 82' lang='lat' dir='ltr'>Marci.</span> 
     </span>
    </p>
   </div>
   <div class='ocr_carea' id='block_1_116' title="bbox 367 5674 1442 5757">
    <p class='ocr_par' dir='ltr' id='par_1_116' title="bbox 367 5674 1442 5757">
     <span class='ocr_line' id='line_1_117' title="bbox 367 5674 1442 5757; baseline 0.004 -17"><span class='ocrx_word' id='word_1_902' title='bbox 532 5679 628 5736; x_wconf 75' lang='grc' dir='ltr'>Καὶ</span> <span class='ocrx_word' id='word_1_903' title='bbox 657 5679 690 5745; x_wconf 74' lang='grc' dir='ltr'>ἡ</span> <span class='ocrx_word' id='word_1_904' title='bbox 727 5677 930 5742; x_wconf 82' lang='grc' dir='ltr'>σύνεσις</span> <span class='ocrx_word' id='word_1_905' title='bbox 957 5674 1096 5738; x_wconf 84' lang='lat' dir='ltr'>add.</span> <span class='ocrx_word' id='word_1_906' title='bbox 1135 5674 1308 5740; x_wconf 88' lang='lat' dir='ltr'>codd.</span> <span class='ocrx_word' id='word_1_907' title='bbox 1344 5676 1442 5744; x_wconf 81' lang='grc'>29.</span> 
     </span>
    </p>
   </div>
  </div>
