4122 6270
322 354 449 424 313

979 354 1425 421 ENARRATIO
1467 354 1549 417 IN
1595 346 1946 414 EVANGEI

2037 347 2106 407 [Μ
2151 344 2541 411 ΜΑΤΤΗΕΙ.
2594 383 2663 393 -
2710 350 2874 412 CAP.
2921 351 3082 413 XVI.

3554 347 3691 411 ’314

314 494 453 564 ἡμῖν
482 496 538 550 ἰν
569 492 765 572 ἂρημίᾳ
808 491 953 570 ἄρτοι
982 496 1247 569 τοσοῦτοι,
1287 488 1423 544 ὥστε
1476 484 1735 566 χορτάσαι
1767 480 1946 572 ,ὄχλοι

2041 479 2210 572 nobis
2241 483 2300 544 in
2332 484 2651 547 solitudine
2679 502 2864 566 panes
2892 492 3008 547 tam
3054 483 3221 547 multi
3263 490 3325 546 ut
3353 489 3687 572 saturemus

311 570 614 657 τοσοῦτονξ
661 603 685 637 ι
742 580 923 638 Καίτοι
1021 576 1122 635 ἔδει
1174 576 1401 634 συνιέναι
1479 575 1690 652 αὐτοὺς,
1748 570 1829 627 ὅτι
1872 571 1959 627 καὶ

311 671 569 751 πρότερον
617 667 827 735 πλείους
883 668 1182 748 ἐτράφησαν
1240 666 1291 721 ἒν
1364 663 1578 742 ἐρημίᾳ’
1642 660 1761 717 ἀλλ’
1806 660 1956 716 ἀναι-

311 761 522 830 σθήτως
592 757 834 839 ἕχωσιν,
882 755 958 813 ’ἔν’
989 755 1115 813 ὅταν
1168 754 1289 832 ἴδῃς
1320 754 1535 818 τούτους
1594 752 1808 828 ὕστερον
1860 771 1956 804 σο-

310 850 433 928 φίας
490 846 1060 927 τοσωὸτης·πλήρεις,
1132 843 1403 920 θαυμάζῃς
1455 843 1552 909 τὴν
1597 850 1686 899 τοῦ
1736 843 1959 918 Χριστοῦ

313 938 499 1018 χάριν,

401 1047 427 1083 ε
463 1028 561 1085 Καὶ
593 1025 735 1104 λέγει
778 1029 961 1088 αὺτοῖς
993 1026 1019 1080 ὁ
1050 1022 1280 1090 Ἰησοῦς⁶
1316 1022 1517 1085 Πόσους
1541 1019 1725 1099 ἃρτους
1758 1016 1910 1096 ἔχετε
1937 1032 1953 1090 ;

313 1117 373 1174 Οἱ
402 1114 457 1172 δὲ
515 1116 696 1172 εἷπονο
753 1104 940 1185 Ἐπτὰ,
1013 1113 1097 1169 καὶ
1126 1112 1280 1189 ὀλίγα
1308 1107 1537 1191 ἰχθύδια.
1576 1108 1673 1165 Καὶ
1717 1104 1953 1163 ἐκέλευσε

310 1216 431 1265 τοῖς
484 1202 673 1283 ὄχλοις
722 1203 1011 1258 ἀναπεσεῖν
1061 1201 1144 1256 ἐπὶ
1198 1200 1293 1267 τὴν
1342 1198 1466 1276 γῆνο
1512 1198 1600 1252 καὶ
1630 1192 1806 1250 λαϐὼν
1836 1194 1955 1253 τοὺς

314 1293 450 1352 ἑπτὰ
506 1281 693 1370 ἆρτους
748 1293 837 1347 καὶ
883 1292 1004 1355 τοὺς
1068 1290 1280 1369 ἰχθύας,
1316 1287 1705 1366 εὔχαριστήσας
1738 1281 1952 1354 ἕκλασε,

309 1381 396 1437 καὶ
455 1377 617 1439 ἔδωκε
669 1392 787 1445 τοῖς
839 1383 1108 1455 μαθηταῖς
1166 1379 1346 1435 αὑτοῦ⁸
1393 1378 1438 1433 οἱ
1495 1374 1549 1430 δὲ
1622 1373 1852 1448 μαθηταὶ
1880 1371 1956 1442 τῷ

308 1468 484 1549 ὄχλῳ.
552 1470 647 1527 Καὶ
704 1468 898 1549 ἔφαγον
958 1468 1151 1530 πάντες
1210 1467 1297 1523 καὶ
1379 1463 1804 1544 ἒχορτᾶσθησαν,
1869 1459 1956 1549 καὶ

307 1547 440 1637 ἦραν
497 1559 558 1615 τὸ
614 1547 919 1638 περισσεῦον
976 1562 1081 1613 τῶν
1152 1554 1471 1631 κλασμάτων
1529 1553 1661 1609 ἑπτὰ
1711 1547 1956 1627 σπυρίδας

305 1636 551 1725 πλήρεις,
614 1636 756 1705 Οἱτδὲ
803 1647 1056 1709 ἐσθίοντες
1104 1645 1239 1713 ἦσαν
1284 1641 1698 1723 τετρακισχίλιοι
1751 1636 1953 1719 ἄνδρες,

2039 569 2268 634 turbam
2302 577 2585 635 tantam?»
2608 573 2884 647 Quamvis
2908 592 3025 636 non
3044 572 3353 655 oportebat
3380 572 3515 634 illos
3535 569 3689 634 obli-

2041 668 2131 723 tos
2164 662 2481 743 esse,quod
2518 670 2576 725 et
2602 664 2766 742 prius
2787 664 2989 744 plures
3005 662 3235 744 paverit
3257 662 3317 724 in
3336 660 3678 736 solitudine,

2040 750 2146 812 sed
2172 752 2393 831 stupidi
2426 761 2613 829 erant,
2647 762 2709 814 ut
2739 771 2873 815 cum
2909 761 3108 832 postea
3140 753 3250 815 hos
3280 750 3498 813 videris
3526 752 3686 811 tanta

2043 839 2329 920 sapientia
2353 841 2657 919 praeditos,
2692 841 2931 903 mireris
2966 840 3185 903 Christi
3208 841 3476 919 gratiam.

2125 931 2299 992 VERS.
2335 930 2550 993 31-38.
2592 955 2618 985 α
2654 930 2725 992 Ει
2756 930 2898 992 dicit
2922 930 3041 991 illis
3066 930 3281 992 Jesus:
3319 928 3470 1003 Quot
3503 945 3683 1007 panes

2042 1017 2315 1079 habetis?
2345 1018 2434 1081 Illi
2466 1029 2662 1082 autem
2713 1019 2990 1081 dixerunt
3024 1037 3037 1082 :
3072 1018 3339 1099 Septem,
3373 1026 3433 1079 et
3462 1035 3683 1095 paucos

2039 1109 2129 1169 82
2156 1108 2491 1190 pisciculos.
2547 1111 2619 1169 Et
2675 1109 2854 1188 jussit
2911 1107 3110 1170 turbas
3173 1106 3551 1169 discumbere
3619 1104 3681 1167 in

2043 1206 2287 1273 terra,et
2316 1198 2567 1279 sumpsit
2598 1206 2826 1278 septem
2863 1216 3047 1277 panes
3076 1216 3143 1258 ac
3176 1197 3391 1277 pisces:
3424 1204 3482 1257 et
3514 1206 3681 1275 post-

2039 1306 2218 1369 quam
2250 1291 2470 1366 gratias
2523 1287 2763 1367 egisset,
2814 1286 3007 1365 fregit,
3061 1285 3342 1366 deditque
3372 1281 3682 1365 discipulis

2038 1380 2196 1438 suis:
2240 1376 2518 1457 discipuli
2552 1385 2748 1438 autem
2784 1377 2988 1438 turbae.
3015 1374 3528 1454 Comederuntque
3560 1391 3683 1433 om-

2040 1486 2168 1536 nes,
2191 1475 2247 1528 et
2268 1466 2507 1527 saturati
2527 1465 2765 1528 sunt.Et
2789 1464 3154 1526 sustulerunt
3184 1463 3340 1544 quod
3372 1468 3684 1541 supererat

2038 1555 2523 1635 fragmentorum,
2558 1562 2783 1634 septem
2816 1554 3112 1634 sportulas
3145 1550 3680 1633 plenas.Athiqui-

2040 1645 2619 1723 comederant,erant
2649 1652 2855 1724 quater
2883 1644 3042 1704 mille
3074 1644 3201 1717 viri,
3237 1649 3449 1720 praater
3471 1638 3683 1701 mulie~

307 1738 477 1815 χωρὶς
532 1742 793 1815 γυναικῶν
852 1736 938 1791 καὶ
993 1731 1235 1794 παιδίων,
1293 1756 1320 1787 »
1353 1730 1629 1791 Εὐτέλειαν
1674 1728 1946 1793 διδάσκων,

2038 1754 2134 1796 res
2192 1742 2248 1795 et
2279 1752 2516 1813 pueros,
2557 1758 2583 1788 ι
2622 1734 3030 1811 Frugalitatem
3064 1731 3309 1803 docens,
3345 1747 3525 1809 super
3553 1736 3677 1788 ter-

302 1827 392 1882 ἐπὶ
451 1833 550 1893 τῆν
603 1832 704 1904 γῆν
762 1825 1046 1882 ἆνακλίνει⁹
1108 1827 1445 1905 εὐχαριστεῖν
1474 1822 1527 1879 δὲ
1558 1821 1813 1878 διδάσκων
1847 1820 1947 1893 πρὸ

305 1919 503 1994 τροφῆς
560 1917 728 1991 ἡμᾶς,
784 1916 1094 1994 εὐχαριστεῖ
1141 1916 1227 1969 καὶ
1257 1914 1435 1977 αύτός,
1471 1912 1703 1990 Ἐρωτᾷς
1748 1908 1802 1965 δὲ
1833 1914 1947 1971 πῶς

304 2004 421 2062 ἐκεῖ
476 2004 597 2081 μὲν,
659 2006 829 2061 καίτοι
874 2003 1027 2059 πέντε
1071 2002 1237 2059 ὄντων
1268 2002 1437 2079 ἄρτων
1469 2004 1554 2058 καὶ
1598 2020 1949 2077 πεντακισχι-

304 2092 431 2150 λίων
478 2100 584 2150 τῶν
655 2091 979 2172 τραφέντων,
1057 2091 1257 2148 δώδεκα
1316 2093 1543 2171 κόφινοι·
1605 2092 1823 2147 ἐνταῦθα
1893 2085 1947 2141 δὲ

305 2180 562 2239 πλειόνων
632 2184 737 2238 τῶν
788 2181 959 2259 ἄρτων
1015 2180 1177 2237 ὄντων
1241 2183 1327 2237 καὶ
1358 2180 1650 2259 ἐλαττόνων
1680 2186 1785 2235 τῶν
1813 2198 1945 2255 τρα-

306 2271 529 2350 φέντων,
599 2270 732 2327 ἔπτὰ
820 2269 1058 2349 σπυρίδες
1129 2270 1542 2348 ἒπερίττευσανς
1603 2254 1801 2327 "Eatw
1859 2268 1946 2323 οὗν

306 2362 496 2432 εἰπεῖν,
552 2358 630 2416 ὄτι
689 2362 724 2425 ἢ
782 2361 832 2415 αἱ
860 2357 1098 2438 σπυρίδες
1140 2359 1345 2433 μείζους
1377 2358 1508 2425 ἦσαν
1558 2365 1662 2415 τῶν
1692 2359 1940 2435 κοφίνων,

303 2448 338 2515 ἢ
399 2449 493 2504 ’ἕνα
534 2449 613 2522 μὴ
664 2451 699 2517 ἡ
757 2450 938 2515 ἰσότης
990 2452 1083 2504 τοῦ
1128 2449 1393 2523 θαύματος
1442 2449 1512 2509 εἷς
1562 2446 1731 2516 λήθην
1762 2450 1943 2510 αὖτοὺς

304 2534 537 2613 έέεεάλῃ.
600 2538 657 2595 Ei
709 2538 808 2617 γὰρ
838 2539 925 2593 καὶ
955 2544 1040 2594 νῦν
1072 2537 1440 2613 ἐπερίσσευσαν
1488 2533 1687 2592 δώδεκα
1715 2538 1942 2616 κόφινοι,

303 2624 620 2682 ἑπελάθοντο
667 2625 727 2683 ἄν
753 2626 813 2682 ἐκ
841 2626 940 2693 αῆς
997 2626 1265 2696 ἰσότητος,
1300 2622 1377 2681 ὅτι
1411 2623 1643 2703 δεύτερον
1675 2625 1943 2699 ἐθαυματ-

303 2714 556 2791 ούργησεν
607 2714 692 2771 ἐπὶ
748 2714 947 2783 ἄρτοις.
991 2715 1062 2770 Σὺ
1105 2713 1159 2770 δὲ
1216 2716 1302 2771 καὶ
1351 2720 1506 2771 τοῦτο
1556 2718 1733 2791 γνῶθι,
1769 2715 1848 2770 ὅτι
1899 2719 1945 2773 οἱ

302 2801 743 2883 τετρακισχίλιοι,
796 2804 1086 2883 τουτέστιν,
1149 2806 1193 2860 οἱ
1251 2804 1345 2869 τὰς
1428 2802 1685 2881 τέσσαρας
1758 2804 1944 2882 ἀρετάς

298 2894 521 2971 ἔχοντες
570 2890 807 2963 τελείως,
859 2894 1001 2949 οὗτοι
1061 2892 1194 2949 ἑπτά
1239 2891 1439 2970 ἂρτοις,
1473 2892 1731 2966 τουτέστι,
1780 2915 1943 2952 πνευ-

301 2979 681 3057 ματικωτέροις
741 2978 923 3057 λόγοις
977 2983 1063 3036 καὶ
1135 2978 1477 3058 τελειοτέροις
1534 2980 1830 3061 τρέφονται,
1888 2974 1944 3039 ’0

2031 1843 2157 1887 ram
2183 1822 2535 1885 recumbere
2560 1822 2750 1900 jubet:
2790 1830 2848 1882 et
2876 1822 3093 1901 gratias
3110 1838 3285 1899 agere
3310 1826 3447 1879 ante
3477 1817 3675 1878 cibum

2032 1932 2139 1975 nos
2172 1913 2655 1991 discens,gratias
2686 1911 2802 1989 agit
2831 1920 2891 1973 et
2920 1913 3070 1990 ipse.
3098 1913 3291 1987 Rogas
3309 1917 3527 1979 autem,
3564 1925 3675 1986 quo

2032 2012 2198 2084 pacto
2229 2002 2351 2063 illic
2383 2002 2618 2082 quidem
2653 2020 2786 2061 cum
2820 2011 3019 2061 essent
3074 1999 3336 2080 quinque
3386 2015 3585 2074 panes,
3621 2002 3681 2056 et

2030 2093 2292 2172 quinque
2324 2091 2507 2153 millia
2535 2091 2656 2151 aliti
2691 2099 2910 2160 essent,
2954 2088 3268 2151 duodecim
3301 2085 3541 2166 cophini
3568 2104 3672 2146 su-

2032 2181 2413 2261 perfuerunt:
2450 2180 2544 2241 hic
2578 2190 2772 2241 autem
2805 2198 2937 2263 cum
2980 2186 3180 2239 essent
3212 2176 3517 2257 pauciores
3569 2193 3670 2253 pa-

2030 2270 2327 2350 scendi,et
2360 2270 2559 2349 plures
2591 2288 2795 2349 panes,
2823 2276 3047 2349 septem
3080 2266 3323 2348 sporta?!
3356 2265 3477 2327 Dici
3498 2264 3674 2343 igitur

2032 2368 2230 2440 posset
2252 2361 2338 2419 vel
2360 2359 2513 2439 quod
2540 2369 2755 2439 sporta:
2786 2358 3042 2437 majores
3066 2364 3262 2418 essent
3282 2353 3671 2434 cophinis,vel

2030 2468 2106 2511 ne
2126 2449 2425 2529 inqualitas
2471 2449 2739 2509 miraculi
2775 2466 2876 2507 eos
2905 2445 3171 2508 oblivisci
3201 2445 3417 2505 faceret
3447 2445 3593 2505 Nam
3619 2442 3669 2502 si

2029 2558 2186 2599 nunc
2200 2557 2434 2618 quoque
2452 2536 2887 2617 superfuissent
2901 2533 3215 2595 duodecim
3232 2530 3671 2612 copliini,oblili

2028 2626 2277 2688 fuissent
2308 2627 2381 2687 ob
2425 2626 2846 2707 aequalitatem,
2881 2626 3034 2704 quod
3072 2624 3284 2683 iterum
3320 2620 3666 2682 miraculum

2028 2716 2266 2779 fecisset
2297 2717 2355 2777 in
2390 2716 2662 2794 panibus.
2698 2717 2787 2776 Tu
2845 2724 3040 2775 autvm
3074 2721 3130 2773 et
3162 2713 3272 2773 hoc
3331 2709 3482 2771 scias
3512 2708 3666 2790 quod

2029 2816 2277 2887 quatuor
2305 2805 2630 2880 millia,hoc
2662 2803 2879 2883 est,qui
2909 2810 3162 2882 quatuor
3212 2801 3458 2861 virtutes
3507 2807 3670 2860 recte

2030 2894 2353 2975 possident,
2390 2894 2449 2955 hi
2482 2898 2713 2973 septem
2753 2892 3028 2971 panibus,
3066 2892 3175 2953 hoc
3211 2899 3319 2962 est,
3345 2890 3528 2967 magis
3549 2888 3670 2967 Spi-

2027 2984 2337 3045 ritualibus
2367 2993 2425 3045 et
2452 2982 2729 3064 perfectis
2770 2981 3148 3042 sermonibus
3182 2986 3525 3055 pascuntur.
3557 2982 3665 3038 Se-

299 3068 400 3147 γίρ
456 3067 589 3129 ἑπτά
643 3068 886 3149 ἀριθμὸς,
945 3070 1050 3125 τῶν
1090 3069 1223 3125 ἑπτά
1256 3074 1621 3145 πνευματικῶν
1661 3070 1939 3149 χαρισμά-

2037 3075 2322 3151 ptenarius
2345 3074 2500 3135 enim
2516 3079 3054 3149 numerus,septem
3074 3068 3464 3149 spiritualium
3486 3066 3669 3126 dono-

299 3178 406 3212 των
465 3153 752 3231 σύμϐολον·
809 3157 1158 3214 ἀναπίπτουσι
1189 3156 1243 3213 δὲ
1274 3159 1357 3214 ἐπὶ
1392 3158 1490 3226 τὴν
1539 3158 1662 3237 γῆν,
1697 3160 1944 3217 {moui-cio

301 3244 474 3302 aitsz
512 3244 742 3309 τιθέντες
793 3246 966 3303 πάντα
1016 3247 1080 3301 τά
1139 3247 1327 3324 γήϊνα,
1386 3249 1473 3304 καὶ
1520 3250 1942 3310 καταπατοῦντες

300 3332 458 3406 αὕτα,
516 3332 719 3413 ὥσπερη
750 3335 838 3391 καί
892 3337 938 3392 οἱ
986 3334 1411 3414 πεντακισχίλιοι
1453 3334 1537 3391 ἐπὶ
1566 3337 1685 3399 τοὺς
1717 3336 1942 3416 χόρτους

300 3419 575 3495 ἀνέπεσον,
636 3422 896 3502 τουτέστι,
930 3425 1025 3492 τὴν
1076 3426 1242 3501 σάρκα
1273 3426 1359 3481 καὶ
1386 3425 1484 3491 τὴν
1515 3422 1664 3489 δόξαν
1694 3425 1944 3483 ὑποκάτω

300 3508 470 3566 αὐτῶν
516 3509 710 3570 ἔθεντο.
776 3531 800 3566 ι
842 3518 991 3569 Πᾶσα
1044 3512 1142 3589 γάρ
1191 3511 1337 3592 σάρξ,
1402 3523 1627 3592 χόρτος·
1681 3515 1769 3569 καὶ
1800 3520 1941 3569 πᾶσι

298 3597 574 3675 ἀνθρώπου
627 3597 772 3679 δόξα,
826 3603 899 3664 ὡς
952 3600 1101 3664 ἄνθος
1156 3591 1379 3679 χόρτου,
1498 3591 1663 3657 Ἐπτά
1719 3599 1773 3657 δὲ
1804 3623 1941 3657 σπυ-

298 3686 432 3764 ρίδες
508 3688 733 3745 ὰνταῦθα
823 3690 890 3745 τά
952 3691 1194 3767 περιττά,
1273 3688 1403 3745 διότι
1474 3691 1803 3764 πνευματικά
1858 3691 1943 3746 καὶ

296 3773 598 3855 τελειότερα
682 3777 812 3844 ἦσαν
840 3778 875 3833 ἓ
926 3777 1019 3834 οὒκ
1075 3776 1405 3847 ἠδυνήθησαν
1463 3783 1675 3857 φαγεῖν⁶
1762 3782 1943 3835 ἓκεῖνα

298 3863 388 3922 οὖν
448 3860 841 3942 ἂπερίσσευσαν
876 3866 911 3921 ἅ
967 3866 1102 3924 ὶπτὰ
1177 3865 1414 3945 σπυρίδες
1507 3874 1759 3946 χωροῦσι,
1820 3890 1941 3924 του-

295 3952 495 4025 τέστιν,
545 3952 581 4007 ἅ
646 3954 810 4027 μόνον
865 3956 927 4010 τὸ
977 3955 1127 4033 ἅγιον
1184 3956 1396 4030 Πνεῦμα
1455 3954 1592 4018 οἶδε,
1635 3979 1657 4012 ε
1720 3959 1790 4014 Τὸ
1845 3958 1945 4035 γὰρ

297 4046 510 4116 Πνεῦμα
540 4041 709 4100 πάντα
741 4041 947 4120 ἐρευνᾷ,
980 4045 1067 4099 καὶ
1098 4044 1162 4100 τὰ
1191 4046 1324 4120 βάθη
1355 4051 1448 4101 τοῦ
1479 4048 1628 4107 Θεοῦ.
1670 4068 1694 4103 ε

380 4239 410 4273 ε
461 4219 560 4276 Καὶ
615 4217 881 4285 ἀπολύσας
931 4223 1052 4285 τούς
1082 4221 1302 4301 ὄχλους,
1334 4219 1488 4288 ἐνέϐη
1520 4224 1592 4287 εἰς
1621 4224 1681 4278 τὸ
1722 4221 1938 4302 πλοῖον,

2028 3182 2159 3224 rum
2194 3171 2282 3225 est
2310 3162 2664 3244 symbolum.
2699 3160 3085 3226 Dtscumbunt
3114 3165 3307 3219 autem
3333 3175 3512 3236 super
3543 3163 3665 3215 ter-

2023 3271 2174 3325 ram,
2203 3253 2340 3332 quia
2362 3251 2639 3313 omnibus
2660 3249 2916 3311 terrenis
2945 3248 3282 3327 superiores
3305 3245 3668 3316 sunt,et'cal-

2025 3350 2159 3404 cant
2188 3361 2297 3404 ea:
2332 3341 2483 3403 sicut
2512 3348 2568 3402 et
2597 3340 2855 3420 quinque
2887 3338 3073 3399 millia
3097 3355 3275 3416 super
3312 3337 3510 3397 fenum
3538 3334 3665 3395 dis-

2027 3431 2855 3511 cubuerunt,hocest,carnem
2870 3427 3187 3507 etgloriam
3202 3422 3668 3506 subjeceruntei.

2033 3545 2057 3577 α
2093 3519 2299 3584 Omnis
2329 3520 2488 3581 enim
2511 3519 2875 3601 caro,fenum
2910 3535 2923 3580 :
2958 3526 3016 3578 et
3047 3516 3241 3578 omnis
3262 3516 3447 3595 gloria
3469 3516 3663 3577 homi-

2029 3611 2121 3670 nis
2143 3611 2293 3671 sicut
2314 3611 2420 3671 ﬂos
2437 3609 2924 3689 fcni”.»Septem
2952 3615 3149 3669 autem
3169 3615 3385 3686 sporta:
3406 3607 3517 3667 hoc
3542 3607 3669 3669 loco

2026 3699 2305 3779 residuae,
2328 3718 2398 3761 eo
2418 3700 2574 3778 quod
2596 3699 2925 3780 sptritualia
2948 3706 3005 3759 et
3028 3696 3379 3777 perfectiora
3403 3697 3427 3756 f
3428 3706 3662 3771 uerunt,

2026 3807 2157 3870 qua;
2175 3807 2290 3849 non
2311 3786 3087 3869 potueruntcomedere.llla
3102 3786 3279 3865 igitur
3294 3794 3666 3867 supererant,

2026 3895 2159 3958 qua:
2188 3885 2416 3956 septem
2450 3886 2669 3957 sporta:
2715 3878 2982 3957 capiunt.
3021 3878 3133 3937 hoc
3180 3884 3289 3950 est,
3326 3895 3455 3957 quae
3504 3876 3667 3937 solus

2027 3974 2265 4027 sanctus
2283 3963 2536 4045 Spiritus
2565 3967 2697 4027 scit.
2728 3966 2982 4046 Spiritus
3015 3966 3173 4027 enim
3206 3967 3405 4027 omnia
3435 3974 3665 4028 scruta-

2029 4062 2147 4128 tur,
2175 4054 2349 4117 etiam
2384 4055 2814 4134 profunditates
2842 4054 2972 4117 Dei.

2102 4142 2395 4206 “135.39.
2432 4143 2538 4204 «Et
2568 4143 2822 4205 dimissis
2845 4144 3036 4206 turbis
3058 4144 3404 4205 conscendit
3437 4145 3661 4221 navim,

2022 4233 2296 4313 venitque
2319 4234 2374 4293 in
2411 4234 2558 4294 fines
2576 4232 2855 4312 Magdala.
2887 4259 2912 4290 η
2950 4233 3186 4296 Secedit
3216 4234 3658 4297 Jesus.Nullum

296 4307 380 4364 καὶ
409 4305 569 4373 ἦλθεν
628 4309 699 4372 εἷς
753 4310 818 4365 τὰ
890 4308 1005 4386 ὅρια
1038 4310 1313 4389 Μαγδαλά,
1348 4331 1375 4369 ε
1435 4309 1741 4392 Ἀναχωρεῖ
1765 4315 1792 4369 ὁ
1822 4313 1936 4380 Ἰη-

2037 4320 2179 4383 enim
2200 4305 2435 4400 signum
2466 4305 2755 4401 plures,ut
2779 4341 2913 4384 eum
2937 4322 3663 4403 seqrwrentur,iucitabat,

300 4402 441 4465 σοῦς,
500 4397 615 4452 επεὶ
667 4394 814 4453 οὒδὲν
873 4398 1002 4455 ἄλλο
1054 4416 1281 4475 σημεῖον
1325 4399 1488 4457 ἐποίει
1546 4401 1757 4467 πλείους
1802 4402 1942 4478 αὒτῷ

308 4482 319 4501 ἰ
401 4483 421 4501 \
498 4488 523 4501 Α
561 4497 582 4501 ᾼ
692 4487 705 4501 Ι
817 4487 830 4501 \
927 4494 954 4501 ..-
1044 4487 1067 4501 υ
1268 4481 1303 4501 οι
1546 4493 1557 4501 ι
1608 4492 1631 4501 Α
1729 4490 1748 4501 ι
1776 4492 1786 4501 ι
1893 4491 1908 4501 ο

2037 4429 2202 4501 quam
2224 4394 2371 4471 illud
2396 4394 2550 4490 quod
2575 4410 2635 4471 in
2666 4394 3127 4501 multiplicandis
3152 4394 3398 4501 panibus
3421 4413 3662 4472 fecerat.

301 4483 611 4543 ἀκολουθεῖν
679 4487 753 4550 ὡς
784 4487 844 4543 τὸ
887 4494 993 4544 τῶν
1038 4487 1228 4565 ἄρτων.
1268 4483 1447 4545 ’Ὥστε
1477 4493 1564 4546 καὶ
1605 4490 1823 4567 βασιλέα
1855 4491 1943 4548 αὖ·

2037 4483 2111 4561 ita
2142 4508 2203 4559 ut
2229 4483 2431 4571 etiam,
2456 4483 2953 4579 quemadmodum
2978 4483 3338 4574 aitJoannes,
3373 4498 3433 4558 in
3466 4518 3666 4577 regem

298 4573 387 4628 τὸν
444 4571 667 4629 ἕτιελλον
727 4576 967 4645 ποιῆσαι,
1030 4580 1102 4641 ὡς
1165 4578 1417 4645 Ἰωάννης
1450 4580 1631 4656 φησίν.
1682 4570 1812 4637 ’Ἵνα
1855 4583 1944 4637 οὗν

301 4661 436 4739 φύγῃ
463 4663 563 4730 τὴν
593 4661 686 4730 τῆς
713 4663 1003 4742 τυραννίδος
1034 4667 1286 4743 ὑποψίαν,
1320 4665 1641 4743 μεταϐαίνει.

920 4850 1173 4905 ΚΕΦΑΛ.
1208 4824 1331 4918 ις’.

302 4928 422 5004 Περὶ
478 4933 578 5013 τῆς
618 4930 806 5013 ⁸ζύμης
846 4936 981 5013 ,τῶν
1038 4936 1360 5012 Φαρισαίων,
1396 4936 1517 5013 Περὶ
1562 4937 1659 5003 τῆς
1691 4935 1744 4991 ἐν
1806 4947 1938 4995 Και-

375 5009 557 5091 σαρείᾳ
613 5008 1016 5091 ἐπερωτήσεως.
1079 5008 1202 5091 Περὶ
1258 5018 1355 5080 τῆς
1412 5008 1770 5090 ἐπιτιμήσεως
1849 5026 1941 5076 τοῦ

377 5087 597 5165 Πέτρου,
628 5088 773 5153 ὅπως
806 5092 882 5166 μὴ
926 5087 1165 5171 Χριστὸς
1181 5092 1346 5169 πάθῃ.

382 5197 411 5230 ι
474 5178 571 5234 Καὶ
598 5177 977 5256 προσελθόντες
1030 5183 1075 5238 οἱ
1131 5188 1415 5260 Φαρισαῖοι
1447 5185 1533 5239 καὶ
1563 5180 1933 5262 Σαδδουκαῖοι,

298 5264 627 5342 πειράζοντες
698 5266 1052 5346 ἐπηρώτησαν
1104 5270 1261 5330 αὐτὸν
1316 5285 1547 5346 σημεῖον
1604 5272 1665 5329 ἰκ
1710 5282 1803 5333 τοῦ
1846 5278 1939 5333 οὔ·

299 5359 452 5429 ρανοῦ
521 5352 772 5422 ὶπιδεῖξαι
816 5360 1024 5423 αὐτοῖς.
1064 5387 1086 5418 ο
1128 5360 1234 5418 Κᾶν
1264 5376 1378 5428 τοῖς
1428 5359 1654 5441 δόγμασι
1684 5361 1940 5423 διίσταντο

298 5445 576 5521 Φαρισαῖοι
633 5445 719 5500 καὶ
768 5444 1139 5523 Σαδδουκαῖοι,
1200 5449 1337 5507 ἀλλὰ
1406 5473 1466 5531 γε
1523 5453 1658 5509 κατᾶ
1716 5461 1939 5534 Χριστοῦ

2025 4588 2383 4667 assumpturi
2415 4596 2580 4649 erant
2611 4587 2779 4649 illum
2823 4588 2903 4651 ‘35.
2938 4588 3108 4652 Unde
3161 4596 3219 4649 et
3271 4587 3515 4661 secedit,
3553 4606 3667 4668 quo

2027 4676 2351 4757 tyrannidis
2382 4676 2621 4757 effugiat
2653 4678 3075 4759 suspicionem.

2025 4937 2114 4999 De
2142 4936 2443 5017 fermento
2505 4939 2981 5001 Pharisaeorum.
3019 4939 3102 4999 De
3154 4940 3318 5013 facta
3378 4939 3669 4999 ϐατεηνεω

2102 5019 2599 5097 interrogatione.
2622 5020 2706 5082 De
2736 5024 3157 5099 «increpatione
3181 5018 3346 5080 Petri
3362 5022 3667 5079 renuentis

2107 5100 2419 5163 Christum
2441 5100 2594 5178 pati.

2102 5192 2286 5254 Vens.
2329 5189 2383 5250 1.
2425 5190 2532 5250 «Et
2554 5190 2808 5268 aggressi
2832 5187 3110 5250 Pharisaei
3134 5205 3250 5249 una
3274 5205 3407 5249 cum
3440 5184 3667 5249 Saddu-

2023 5279 2496 5353 caais,tenlantes
2513 5277 2794 5358 rogabant
2824 5295 2959 5339 eum
2989 5285 3052 5339 ut
3076 5275 3309 5356 signum
3330 5294 3362 5337 e
3385 5277 3533 5338 caelo
3565 5295 3667 5337 os-

2022 5369 2295 5433 tenderet
2312 5366 2446 5428 sibi.
2464 5367 2756 5430 »Tametsi
2780 5367 3071 5447 dogmatis
3098 5366 3664 5430 dissideantSaddu-

2020 5461 2125 5524 caei
2156 5467 2213 5520 et
2242 5456 2544 5533 Pharisaei,
2582 5456 2972 5520 nihilominus
3008 5466 3204 5521 tamen
3237 5464 3444 5523 contra
3492 5455 3657 5523 Chri-

374 5596 428 5649 ²¹
464 5596 651 5665 Eccli.
675 5616 798 5678 xw,
837 5601 929 5666 18.
1020 5604 1078 5654 2³
1107 5605 1129 5669 l
1160 5610 1295 5672 Cor.
1330 5625 1394 5684 ιι,
1432 5610 1527 5673 10.
1615 5611 1875 5679 33.1mm.
1906 5638 1987 5705 vr,
2030 5623 2129 5690 15.
