  <div class='ocr_page' id='page_1' title='image "/cluster/home/n/w/nwhite01/storage/ocr_20150623/123/mdp.39015009359079/166.png"; bbox 0 0 4126 6268; ppageno 0'>
   <div class='ocr_carea' id='block_1_1' title="bbox 277 313 400 380">
    <p class='ocr_par' dir='ltr' id='par_1_1' title="bbox 277 313 400 380">
     <span class='ocr_line' id='line_1_1' title="bbox 277 313 400 380; baseline 0.016 -2"><span class='ocrx_word' id='word_1_1' title='bbox 277 313 400 380; x_wconf 79' lang='grc'><strong>317</strong></span> 
     </span>
    </p>
   </div>
   <div class='ocr_carea' id='block_1_2' title="bbox 880 313 1925 387">
    <p class='ocr_par' dir='ltr' id='par_1_2' title="bbox 880 313 1918 382">
     <span class='ocr_line' id='line_1_2' title="bbox 880 313 1918 382; baseline -0.007 0"><span class='ocrx_word' id='word_1_2' title='bbox 880 313 1347 382; x_wconf 76' lang='lat' dir='ltr'><strong>.ENARRATIO</strong></span> <span class='ocrx_word' id='word_1_3' title='bbox 1393 315 1475 379; x_wconf 86' lang='lat' dir='ltr'><strong>IN</strong></span> <span class='ocrx_word' id='word_1_4' title='bbox 1523 313 1918 378; x_wconf 77' lang='lat' dir='ltr'><strong>EVANGELI</strong></span> 
     </span>
    </p>
   </div>
   <div class='ocr_carea' id='block_1_3' title="bbox 2018 313 3062 387">
    <p class='ocr_par' dir='ltr' id='par_1_3' title="bbox 2018 314 3062 387">
     <span class='ocr_line' id='line_1_3' title="bbox 2018 314 3062 387; baseline 0.009 -12"><span class='ocrx_word' id='word_1_5' title='bbox 2018 314 2034 374; x_wconf 94' lang='grc'><strong>[</strong></span> <span class='ocrx_word' id='word_1_6' title='bbox 2079 315 2476 382; x_wconf 69' lang='grc' dir='ltr'><strong>ΜΑΤΤΗίΕΙ.</strong></span> <span class='ocrx_word' id='word_1_7' title='bbox 2526 353 2602 365; x_wconf 89' lang='grc'><strong>-</strong></span> <span class='ocrx_word' id='word_1_8' title='bbox 2672 321 2835 384; x_wconf 82' lang='lat' dir='ltr'><strong>CAP.</strong></span> <span class='ocrx_word' id='word_1_9' title='bbox 2901 323 3062 387; x_wconf 86' lang='lat' dir='ltr'>XVI.</span> 
     </span>
    </p>
   </div>
   <div class='ocr_carea' id='block_1_4' title="bbox 3554 320 3669 387">
    <p class='ocr_par' dir='ltr' id='par_1_4' title="bbox 3554 320 3669 387">
     <span class='ocr_line' id='line_1_4' title="bbox 3554 320 3669 387; baseline -0.026 0"><span class='ocrx_word' id='word_1_10' title='bbox 3554 320 3669 387; x_wconf 88' lang='grc'><strong>318</strong></span> 
     </span>
    </p>
   </div>
   <div class='ocr_carea' id='block_1_5' title="bbox 280 442 1925 535">
    <p class='ocr_par' dir='ltr' id='par_1_5' title="bbox 280 445 1925 530">
     <span class='ocr_line' id='line_1_5' title="bbox 280 445 1925 530; baseline -0.004 -22"><span class='ocrx_word' id='word_1_11' title='bbox 280 451 473 530; x_wconf 75' lang='grc' dir='ltr'>ἄρτους</span> <span class='ocrx_word' id='word_1_12' title='bbox 521 455 629 507; x_wconf 78' lang='grc' dir='ltr'>τῶν</span> <span class='ocrx_word' id='word_1_13' title='bbox 714 446 1186 529; x_wconf 71' lang='grc' dir='ltr'><strong>πεντακισχιλίων,</strong></span> <span class='ocrx_word' id='word_1_14' title='bbox 1267 449 1355 506; x_wconf 84' lang='grc' dir='ltr'><strong>καὶ</strong></span> <span class='ocrx_word' id='word_1_15' title='bbox 1407 448 1603 512; x_wconf 80' lang='grc' dir='ltr'>πόσους</span> <span class='ocrx_word' id='word_1_16' title='bbox 1687 445 1925 526; x_wconf 74' lang='grc' dir='ltr'><strong>κοφίνους</strong></span> 
     </span>
    </p>
   </div>
   <div class='ocr_carea' id='block_1_6' title="bbox 2018 442 3669 535">
    <p class='ocr_par' dir='ltr' id='par_1_6' title="bbox 2018 442 3669 535">
     <span class='ocr_line' id='line_1_6' title="bbox 2018 442 3669 535; baseline 0.007 -32"><span class='ocrx_word' id='word_1_17' title='bbox 2018 442 2364 529; x_wconf 82' lang='lat' dir='ltr'><strong>intelligitis,</strong></span> <span class='ocrx_word' id='word_1_18' title='bbox 2401 468 2596 530; x_wconf 90' lang='lat' dir='ltr'><strong>neque</strong></span> <span class='ocrx_word' id='word_1_19' title='bbox 2655 454 2941 515; x_wconf 85' lang='lat' dir='ltr'><strong>memoria</strong></span> <span class='ocrx_word' id='word_1_20' title='bbox 2973 454 3186 516; x_wconf 86' lang='lat' dir='ltr'><strong>tenetis</strong></span> <span class='ocrx_word' id='word_1_21' title='bbox 3217 454 3481 535; x_wconf 87' lang='lat' dir='ltr'><strong>quinque</strong></span> <span class='ocrx_word' id='word_1_22' title='bbox 3533 453 3669 516; x_wconf 92' lang='lat' dir='ltr'><strong>illos</strong></span> 
     </span>
    </p>
   </div>
   <div class='ocr_carea' id='block_1_7' title="bbox 286 535 1938 616">
    <p class='ocr_par' dir='ltr' id='par_1_7' title="bbox 286 535 1938 616">
     <span class='ocr_line' id='line_1_7' title="bbox 286 535 1938 616; baseline -0.004 -20"><span class='ocrx_word' id='word_1_23' title='bbox 286 537 553 615; x_wconf 70' lang='grc' dir='ltr'>ἰλάϐετες</span> <span class='ocrx_word' id='word_1_24' title='bbox 611 535 723 595; x_wconf 68' lang='grc' dir='ltr'>οὐδὲ</span> <span class='ocrx_word' id='word_1_25' title='bbox 796 537 917 603; x_wconf 81' lang='grc' dir='ltr'>τοὺς</span> <span class='ocrx_word' id='word_1_26' title='bbox 975 539 1111 596; x_wconf 77' lang='grc' dir='ltr'>ἑπτὰ</span> <span class='ocrx_word' id='word_1_27' title='bbox 1177 537 1366 616; x_wconf 78' lang='grc' dir='ltr'>ἂρτους</span> <span class='ocrx_word' id='word_1_28' title='bbox 1428 537 1534 594; x_wconf 77' lang='grc' dir='ltr'><strong>τῶν</strong></span> <span class='ocrx_word' id='word_1_29' title='bbox 1584 556 1938 614; x_wconf 74' lang='grc' dir='ltr'>τετρακισχισο</span> 
     </span>
    </p>
   </div>
   <div class='ocr_carea' id='block_1_8' title="bbox 288 624 1937 705">
    <p class='ocr_par' dir='ltr' id='par_1_8' title="bbox 288 624 1937 705">
     <span class='ocr_line' id='line_1_8' title="bbox 288 624 1937 705; baseline -0.005 -19"><span class='ocrx_word' id='word_1_30' title='bbox 288 629 444 703; x_wconf 68' lang='grc' dir='ltr'>λέων,</span> <span class='ocrx_word' id='word_1_31' title='bbox 513 630 599 685; x_wconf 77' lang='grc' dir='ltr'>καὶ</span> <span class='ocrx_word' id='word_1_32' title='bbox 666 628 840 692; x_wconf 85' lang='grc' dir='ltr'>πόσας</span> <span class='ocrx_word' id='word_1_33' title='bbox 892 626 1141 705; x_wconf 79' lang='grc' dir='ltr'>σπυρίδας</span> <span class='ocrx_word' id='word_1_34' title='bbox 1213 624 1474 705; x_wconf 55' lang='lat' dir='ltr'><strong>“rigere;</strong></span> <span class='ocrx_word' id='word_1_35' title='bbox 1509 630 1628 689; x_wconf 81' lang='grc' dir='ltr'><strong>Πῶς</strong></span> <span class='ocrx_word' id='word_1_36' title='bbox 1662 627 1720 682; x_wconf 72' lang='grc' dir='ltr'>οὗ</span> <span class='ocrx_word' id='word_1_37' title='bbox 1765 637 1937 681; x_wconf 71' lang='grc' dir='ltr'>νοεῖτε</span> 
     </span>
    </p>
   </div>
   <div class='ocr_carea' id='block_1_9' title="bbox 285 713 1938 797">
    <p class='ocr_par' dir='ltr' id='par_1_9' title="bbox 285 713 1938 797">
     <span class='ocr_line' id='line_1_9' title="bbox 285 713 1938 797; baseline -0.004 -23"><span class='ocrx_word' id='word_1_38' title='bbox 285 719 372 776; x_wconf 83' lang='grc' dir='ltr'><strong>ὅτι</strong></span> <span class='ocrx_word' id='word_1_39' title='bbox 429 719 487 775; x_wconf 72' lang='grc' dir='ltr'>οὗ</span> <span class='ocrx_word' id='word_1_40' title='bbox 541 719 659 796; x_wconf 79' lang='grc' dir='ltr'>περὶ</span> <span class='ocrx_word' id='word_1_41' title='bbox 715 715 870 797; x_wconf 69' lang='grc' dir='ltr'>ἄρτου</span> <span class='ocrx_word' id='word_1_42' title='bbox 940 721 1095 774; x_wconf 84' lang='grc' dir='ltr'>εἷπον</span> <span class='ocrx_word' id='word_1_43' title='bbox 1154 718 1307 794; x_wconf 76' lang='grc' dir='ltr'>ὑμῖν,</span> <span class='ocrx_word' id='word_1_44' title='bbox 1357 715 1659 794; x_wconf 77' lang='grc' dir='ltr'><strong>Προσέχετε</strong></span> <span class='ocrx_word' id='word_1_45' title='bbox 1689 714 1792 770; x_wconf 78' lang='grc' dir='ltr'>ὰπὸ</span> <span class='ocrx_word' id='word_1_46' title='bbox 1842 713 1938 780; x_wconf 70' lang='grc' dir='ltr'>τῆς</span> 
     </span>
    </p>
   </div>
   <div class='ocr_carea' id='block_1_10' title="bbox 281 803 1936 885">
    <p class='ocr_par' dir='ltr' id='par_1_10' title="bbox 281 803 1936 885">
     <span class='ocr_line' id='line_1_10' title="bbox 281 803 1936 885; baseline -0.005 -21"><span class='ocrx_word' id='word_1_47' title='bbox 281 809 459 883; x_wconf 84' lang='grc' dir='ltr'>ζύμης</span> <span class='ocrx_word' id='word_1_48' title='bbox 510 809 618 864; x_wconf 78' lang='grc' dir='ltr'><strong>τῶν</strong></span> <span class='ocrx_word' id='word_1_49' title='bbox 673 806 974 885; x_wconf 72' lang='grc' dir='ltr'>Φαρισαίων</span> <span class='ocrx_word' id='word_1_50' title='bbox 1027 806 1114 862; x_wconf 84' lang='grc' dir='ltr'><strong>καὶ</strong></span> <span class='ocrx_word' id='word_1_51' title='bbox 1147 803 1511 860; x_wconf 75' lang='grc' dir='ltr'><strong>Σαδδουκαίων</strong></span> <span class='ocrx_word' id='word_1_52' title='bbox 1561 803 1738 878; x_wconf 81' lang='grc' dir='ltr'>;Ἰ“ότε</span> <span class='ocrx_word' id='word_1_53' title='bbox 1771 807 1936 868; x_wconf 86' lang='grc' dir='ltr'>συνῆ-</span> 
     </span>
    </p>
   </div>
   <div class='ocr_carea' id='block_1_11' title="bbox 281 888 1934 974">
    <p class='ocr_par' dir='ltr' id='par_1_11' title="bbox 281 888 1934 974">
     <span class='ocr_line' id='line_1_11' title="bbox 281 888 1934 974; baseline -0.005 -22"><span class='ocrx_word' id='word_1_54' title='bbox 281 918 385 954; x_wconf 85' lang='grc' dir='ltr'><strong>καν</strong></span> <span class='ocrx_word' id='word_1_55' title='bbox 441 895 524 954; x_wconf 79' lang='grc' dir='ltr'><strong>ὅτι</strong></span> <span class='ocrx_word' id='word_1_56' title='bbox 593 899 691 955; x_wconf 75' lang='grc' dir='ltr'><strong>οὒκ</strong></span> <span class='ocrx_word' id='word_1_57' title='bbox 747 895 872 952; x_wconf 71' lang='grc' dir='ltr'>εἶπε</span> <span class='ocrx_word' id='word_1_58' title='bbox 930 893 1218 974; x_wconf 78' lang='grc' dir='ltr'><strong>προσέχειν</strong></span> <span class='ocrx_word' id='word_1_59' title='bbox 1247 893 1354 950; x_wconf 78' lang='grc' dir='ltr'><strong>ἀπὸ</strong></span> <span class='ocrx_word' id='word_1_60' title='bbox 1383 898 1484 960; x_wconf 82' lang='grc' dir='ltr'>τῆς</span> <span class='ocrx_word' id='word_1_61' title='bbox 1515 893 1684 968; x_wconf 83' lang='grc' dir='ltr'>ζύμης</span> <span class='ocrx_word' id='word_1_62' title='bbox 1715 898 1810 948; x_wconf 81' lang='grc' dir='ltr'>τοῦ</span> <span class='ocrx_word' id='word_1_63' title='bbox 1839 888 1934 966; x_wconf 77' lang='grc' dir='ltr'>ἅρ-</span> 
     </span>
    </p>
   </div>
   <div class='ocr_carea' id='block_1_12' title="bbox 282 977 1936 1062">
    <p class='ocr_par' dir='ltr' id='par_1_12' title="bbox 282 977 1936 1062">
     <span class='ocr_line' id='line_1_12' title="bbox 282 977 1936 1062; baseline -0.003 -20"><span class='ocrx_word' id='word_1_64' title='bbox 282 1008 404 1058; x_wconf 85' lang='grc' dir='ltr'>του,</span> <span class='ocrx_word' id='word_1_65' title='bbox 463 985 600 1042; x_wconf 72' lang='grc' dir='ltr'><strong>ἀλλᾶ</strong></span> <span class='ocrx_word' id='word_1_66' title='bbox 651 985 755 1041; x_wconf 79' lang='grc' dir='ltr'><strong>ἀπὸ</strong></span> <span class='ocrx_word' id='word_1_67' title='bbox 783 984 880 1051; x_wconf 86' lang='grc' dir='ltr'>τῆς</span> <span class='ocrx_word' id='word_1_68' title='bbox 923 982 1150 1062; x_wconf 79' lang='grc' dir='ltr'>διδαχῆς</span> <span class='ocrx_word' id='word_1_69' title='bbox 1191 989 1296 1039; x_wconf 84' lang='grc' dir='ltr'>τῶν</span> <span class='ocrx_word' id='word_1_70' title='bbox 1327 983 1627 1061; x_wconf 79' lang='grc' dir='ltr'>Φαρισαίων</span> <span class='ocrx_word' id='word_1_71' title='bbox 1656 982 1744 1037; x_wconf 85' lang='grc' dir='ltr'><strong>καὶ</strong></span> <span class='ocrx_word' id='word_1_72' title='bbox 1793 977 1936 1037; x_wconf 84' lang='grc' dir='ltr'>Σαδ-</span> 
     </span>
    </p>
   </div>
   <div class='ocr_carea' id='block_1_13' title="bbox 286 1071 1934 1149">
    <p class='ocr_par' dir='ltr' id='par_1_13' title="bbox 286 1071 1934 1149">
     <span class='ocr_line' id='line_1_13' title="bbox 286 1071 1934 1149; baseline -0.002 -17"><span class='ocrx_word' id='word_1_73' title='bbox 286 1073 569 1137; x_wconf 85' lang='grc' dir='ltr'>δουκαίων,</span> <span class='ocrx_word' id='word_1_74' title='bbox 629 1073 908 1148; x_wconf 83' lang='grc' dir='ltr'><strong>Ἐνόμιζον</strong></span> <span class='ocrx_word' id='word_1_75' title='bbox 938 1071 1018 1128; x_wconf 79' lang='grc' dir='ltr'><strong>ὅτι</strong></span> <span class='ocrx_word' id='word_1_76' title='bbox 1058 1082 1212 1132; x_wconf 81' lang='grc' dir='ltr'>τοῦτο</span> <span class='ocrx_word' id='word_1_77' title='bbox 1268 1071 1447 1149; x_wconf 77' lang='grc' dir='ltr'>ἔλεγεν</span> <span class='ocrx_word' id='word_1_78' title='bbox 1490 1076 1694 1138; x_wconf 62' lang='grc' dir='ltr'>αὐτοῖς,</span> <span class='ocrx_word' id='word_1_79' title='bbox 1728 1071 1788 1126; x_wconf 80' lang='grc' dir='ltr'>τὸ</span> <span class='ocrx_word' id='word_1_80' title='bbox 1833 1093 1934 1148; x_wconf 83' lang='grc' dir='ltr'>φυ-</span> 
     </span>
    </p>
   </div>
   <div class='ocr_carea' id='block_1_14' title="bbox 284 1156 1930 1241">
    <p class='ocr_par' dir='ltr' id='par_1_14' title="bbox 284 1156 1930 1241">
     <span class='ocr_line' id='line_1_14' title="bbox 284 1156 1930 1241; baseline -0.005 -20"><span class='ocrx_word' id='word_1_81' title='bbox 284 1164 567 1221; x_wconf 79' lang='grc' dir='ltr'>λάττεσθαι</span> <span class='ocrx_word' id='word_1_82' title='bbox 640 1165 732 1219; x_wconf 82' lang='grc' dir='ltr'>τὸν</span> <span class='ocrx_word' id='word_1_83' title='bbox 788 1163 849 1220; x_wconf 68' lang='grc' dir='ltr'>ἑκ</span> <span class='ocrx_word' id='word_1_84' title='bbox 917 1169 1021 1218; x_wconf 81' lang='grc' dir='ltr'>τῶν</span> <span class='ocrx_word' id='word_1_85' title='bbox 1079 1159 1382 1218; x_wconf 77' lang='grc' dir='ltr'>Ἰουδαϊκῶν</span> <span class='ocrx_word' id='word_1_86' title='bbox 1422 1160 1717 1241; x_wconf 81' lang='grc' dir='ltr'>βρωμάτων</span> <span class='ocrx_word' id='word_1_87' title='bbox 1759 1156 1930 1234; x_wconf 87' lang='grc' dir='ltr'>μολυ-</span> 
     </span>
    </p>
   </div>
   <div class='ocr_carea' id='block_1_15' title="bbox 281 1245 1925 1330">
    <p class='ocr_par' dir='ltr' id='par_1_15' title="bbox 281 1245 1925 1330">
     <span class='ocr_line' id='line_1_15' title="bbox 281 1245 1925 1330; baseline -0.005 -20"><span class='ocrx_word' id='word_1_88' title='bbox 281 1255 447 1330; x_wconf 72' lang='grc' dir='ltr'>σμὸν,</span> <span class='ocrx_word' id='word_1_89' title='bbox 521 1251 600 1311; x_wconf 87' lang='grc' dir='ltr'><strong>διό</strong></span> <span class='ocrx_word' id='word_1_90' title='bbox 656 1254 745 1310; x_wconf 86' lang='grc' dir='ltr'><strong>καὶ</strong></span> <span class='ocrx_word' id='word_1_91' title='bbox 800 1251 1148 1329; x_wconf 78' lang='grc' dir='ltr'>διελογίζοντο</span> <span class='ocrx_word' id='word_1_92' title='bbox 1219 1250 1299 1306; x_wconf 75' lang='grc' dir='ltr'><strong>ὅτι</strong></span> <span class='ocrx_word' id='word_1_93' title='bbox 1359 1247 1544 1330; x_wconf 74' lang='grc' dir='ltr'>ἄρτους</span> <span class='ocrx_word' id='word_1_94' title='bbox 1573 1253 1668 1307; x_wconf 73' lang='grc' dir='ltr'><strong>οὐκ</strong></span> <span class='ocrx_word' id='word_1_95' title='bbox 1716 1245 1925 1306; x_wconf 77' lang='grc' dir='ltr'>ἔλαϐον·</span> 
     </span>
    </p>
   </div>
   <div class='ocr_carea' id='block_1_16' title="bbox 281 1340 1929 1418">
    <p class='ocr_par' dir='ltr' id='par_1_16' title="bbox 281 1340 1929 1418">
     <span class='ocr_line' id='line_1_16' title="bbox 281 1340 1929 1418; baseline -0.005 -17"><span class='ocrx_word' id='word_1_96' title='bbox 281 1341 521 1414; x_wconf 82' lang='grc' dir='ltr'>ὀνειδίζει</span> <span class='ocrx_word' id='word_1_97' title='bbox 579 1343 670 1399; x_wconf 83' lang='grc' dir='ltr'>οὖν</span> <span class='ocrx_word' id='word_1_98' title='bbox 716 1343 899 1404; x_wconf 75' lang='grc' dir='ltr'>αύτοτς</span> <span class='ocrx_word' id='word_1_99' title='bbox 954 1343 1029 1404; x_wconf 85' lang='grc' dir='ltr'>ὡς</span> <span class='ocrx_word' id='word_1_100' title='bbox 1078 1341 1325 1410; x_wconf 76' lang='grc' dir='ltr'>ἀνοήτοις</span> <span class='ocrx_word' id='word_1_101' title='bbox 1395 1342 1481 1398; x_wconf 83' lang='grc' dir='ltr'>καὶ</span> <span class='ocrx_word' id='word_1_102' title='bbox 1547 1340 1929 1418; x_wconf 87' lang='grc' dir='ltr'>ὀλιγοπίστοις.</span> 
     </span>
    </p>
   </div>
   <div class='ocr_carea' id='block_1_17' title="bbox 284 1428 1927 1508">
    <p class='ocr_par' dir='ltr' id='par_1_17' title="bbox 284 1428 1927 1508">
     <span class='ocr_line' id='line_1_17' title="bbox 284 1428 1927 1508; baseline -0.005 -18"><span class='ocrx_word' id='word_1_103' title='bbox 284 1430 419 1490; x_wconf 78' lang='grc' dir='ltr'>Καθ’</span> <span class='ocrx_word' id='word_1_104' title='bbox 476 1430 505 1487; x_wconf 78' lang='grc' dir='ltr'>ὅ</span> <span class='ocrx_word' id='word_1_105' title='bbox 561 1431 657 1504; x_wconf 77' lang='grc' dir='ltr'>μὲν</span> <span class='ocrx_word' id='word_1_106' title='bbox 717 1431 815 1508; x_wconf 82' lang='grc' dir='ltr'><strong>γὰρ</strong></span> <span class='ocrx_word' id='word_1_107' title='bbox 874 1429 967 1486; x_wconf 76' lang='grc' dir='ltr'><strong>οὒκ</strong></span> <span class='ocrx_word' id='word_1_108' title='bbox 1009 1430 1350 1504; x_wconf 73' lang='grc' dir='ltr'><strong>ἐμνήσθησαν</strong></span> <span class='ocrx_word' id='word_1_109' title='bbox 1390 1431 1576 1492; x_wconf 88' lang='grc' dir='ltr'>πόσοις</span> <span class='ocrx_word' id='word_1_110' title='bbox 1608 1429 1781 1508; x_wconf 82' lang='grc' dir='ltr'>ἂρτοις</span> <span class='ocrx_word' id='word_1_111' title='bbox 1822 1428 1927 1483; x_wconf 88' lang='grc' dir='ltr'>πό-</span> 
     </span>
    </p>
   </div>
   <div class='ocr_carea' id='block_1_18' title="bbox 282 1516 1933 1598">
    <p class='ocr_par' dir='ltr' id='par_1_18' title="bbox 282 1516 1933 1598">
     <span class='ocr_line' id='line_1_18' title="bbox 282 1516 1933 1598; baseline -0.004 -21"><span class='ocrx_word' id='word_1_112' title='bbox 282 1543 411 1584; x_wconf 87' lang='grc' dir='ltr'>σους</span> <span class='ocrx_word' id='word_1_113' title='bbox 469 1520 706 1596; x_wconf 73' lang='grc' dir='ltr'>ἔθρεψεν,</span> <span class='ocrx_word' id='word_1_114' title='bbox 767 1519 1006 1586; x_wconf 84' lang='grc' dir='ltr'>ἀνόητοι·</span> <span class='ocrx_word' id='word_1_115' title='bbox 1052 1520 1170 1575; x_wconf 85' lang='grc' dir='ltr'>καθ’</span> <span class='ocrx_word' id='word_1_116' title='bbox 1216 1517 1244 1574; x_wconf 75' lang='grc' dir='ltr'>ὅ</span> <span class='ocrx_word' id='word_1_117' title='bbox 1274 1517 1327 1574; x_wconf 82' lang='grc' dir='ltr'>δὲ</span> <span class='ocrx_word' id='word_1_118' title='bbox 1354 1519 1677 1598; x_wconf 80' lang='grc' dir='ltr'>ἠπίστησαν,</span> <span class='ocrx_word' id='word_1_119' title='bbox 1713 1520 1792 1574; x_wconf 84' lang='grc' dir='ltr'>ὃτι</span> <span class='ocrx_word' id='word_1_120' title='bbox 1836 1516 1933 1573; x_wconf 73' lang='grc' dir='ltr'>κᾶίν</span> 
     </span>
    </p>
   </div>
   <div class='ocr_carea' id='block_1_19' title="bbox 283 1604 1931 1688">
    <p class='ocr_par' dir='ltr' id='par_1_19' title="bbox 283 1604 1931 1688">
     <span class='ocr_line' id='line_1_19' title="bbox 283 1604 1931 1688; baseline -0.002 -22"><span class='ocrx_word' id='word_1_121' title='bbox 283 1612 364 1687; x_wconf 79' lang='grc' dir='ltr'>μὴ</span> <span class='ocrx_word' id='word_1_122' title='bbox 427 1609 698 1688; x_wconf 73' lang='grc' dir='ltr'>ἠγόρασαν</span> <span class='ocrx_word' id='word_1_123' title='bbox 780 1608 967 1684; x_wconf 74' lang='grc' dir='ltr'>ἄρτους</span> <span class='ocrx_word' id='word_1_124' title='bbox 1033 1606 1085 1672; x_wconf 65' lang='grc' dir='ltr'><strong>ἕξ</strong></span> <span class='ocrx_word' id='word_1_125' title='bbox 1170 1604 1452 1684; x_wconf 83' lang='grc' dir='ltr'>Ἰουδαίων,</span> <span class='ocrx_word' id='word_1_126' title='bbox 1507 1605 1731 1676; x_wconf 80' lang='grc' dir='ltr'>ἠδύνατο</span> <span class='ocrx_word' id='word_1_127' title='bbox 1789 1629 1931 1682; x_wconf 91' lang='grc' dir='ltr'>παρ-</span> 
     </span>
    </p>
   </div>
   <div class='ocr_carea' id='block_1_20' title="bbox 2020 539 3668 624">
    <p class='ocr_par' dir='ltr' id='par_1_20' title="bbox 2020 539 3668 624">
     <span class='ocr_line' id='line_1_20' title="bbox 2020 539 3668 624; baseline 0.007 -31"><span class='ocrx_word' id='word_1_128' title='bbox 2020 551 2225 612; x_wconf 87' lang='lat' dir='ltr'><strong>panes,</strong></span> <span class='ocrx_word' id='word_1_129' title='bbox 2253 555 2384 599; x_wconf 88' lang='lat' dir='ltr'><strong>cum</strong></span> <span class='ocrx_word' id='word_1_130' title='bbox 2419 539 2690 602; x_wconf 87' lang='lat' dir='ltr'><strong>homines</strong></span> <span class='ocrx_word' id='word_1_131' title='bbox 2717 550 2911 603; x_wconf 81' lang='lat' dir='ltr'><strong>essent</strong></span> <span class='ocrx_word' id='word_1_132' title='bbox 2945 543 3206 624; x_wconf 89' lang='lat' dir='ltr'><strong>quinque</strong></span> <span class='ocrx_word' id='word_1_133' title='bbox 3235 542 3506 615; x_wconf 87' lang='lat' dir='ltr'><strong>millia,et</strong></span> <span class='ocrx_word' id='word_1_134' title='bbox 3526 551 3668 623; x_wconf 88' lang='lat' dir='ltr'><strong>quot</strong></span> 
     </span>
    </p>
   </div>
   <div class='ocr_carea' id='block_1_21' title="bbox 2019 625 3664 713">
    <p class='ocr_par' dir='ltr' id='par_1_21' title="bbox 2019 625 3664 713">
     <span class='ocr_line' id='line_1_21' title="bbox 2019 625 3664 713; baseline 0.005 -29"><span class='ocrx_word' id='word_1_135' title='bbox 2019 625 2307 703; x_wconf 85' lang='lat' dir='ltr'><strong>cophinos</strong></span> <span class='ocrx_word' id='word_1_136' title='bbox 2336 629 2740 692; x_wconf 82' lang='lat' dir='ltr'><strong>sustuleritis‘.’</strong></span> <span class='ocrx_word' id='word_1_137' title='bbox 2769 649 2965 712; x_wconf 89' lang='lat' dir='ltr'><strong>neque</strong></span> <span class='ocrx_word' id='word_1_138' title='bbox 3009 642 3235 713; x_wconf 87' lang='lat' dir='ltr'><strong>septem</strong></span> <span class='ocrx_word' id='word_1_139' title='bbox 3273 632 3408 693; x_wconf 92' lang='lat' dir='ltr'><strong>illos</strong></span> <span class='ocrx_word' id='word_1_140' title='bbox 3461 650 3664 712; x_wconf 83' lang='lat' dir='ltr'><strong>panes,</strong></span> 
     </span>
    </p>
   </div>
   <div class='ocr_carea' id='block_1_22' title="bbox 2021 719 3662 802">
    <p class='ocr_par' dir='ltr' id='par_1_22' title="bbox 2021 719 3662 802">
     <span class='ocr_line' id='line_1_22' title="bbox 2021 719 3662 802; baseline 0.005 -29"><span class='ocrx_word' id='word_1_141' title='bbox 2021 731 2153 802; x_wconf 83' lang='lat' dir='ltr'><strong>cum</strong></span> <span class='ocrx_word' id='word_1_142' title='bbox 2181 726 2377 777; x_wconf 84' lang='lat' dir='ltr'><strong>essent</strong></span> <span class='ocrx_word' id='word_1_143' title='bbox 2408 727 2660 798; x_wconf 88' lang='lat' dir='ltr'><strong>quatuor</strong></span> <span class='ocrx_word' id='word_1_144' title='bbox 2685 719 2958 800; x_wconf 89' lang='lat' dir='ltr'><strong>millia,et</strong></span> <span class='ocrx_word' id='word_1_145' title='bbox 2981 731 3126 801; x_wconf 84' lang='lat' dir='ltr'><strong>quot</strong></span> <span class='ocrx_word' id='word_1_146' title='bbox 3151 729 3385 802; x_wconf 86' lang='lat' dir='ltr'><strong>sportas</strong></span> <span class='ocrx_word' id='word_1_147' title='bbox 3411 739 3662 802; x_wconf 83' lang='lat' dir='ltr'><strong>accepe-</strong></span> 
     </span>
    </p>
   </div>
   <div class='ocr_carea' id='block_1_23' title="bbox 2021 801 3666 888">
    <p class='ocr_par' dir='ltr' id='par_1_23' title="bbox 2021 801 3666 888">
     <span class='ocr_line' id='line_1_23' title="bbox 2021 801 3666 888; baseline 0.005 -27"><span class='ocrx_word' id='word_1_148' title='bbox 2021 801 2152 863; x_wconf 89' lang='lat' dir='ltr'><strong>ritis</strong></span> <span class='ocrx_word' id='word_1_149' title='bbox 2182 805 2210 864; x_wconf 87' lang='lat'><strong>?</strong></span> <span class='ocrx_word' id='word_1_150' title='bbox 2252 805 2362 876; x_wconf 83' lang='lat' dir='ltr'><strong>Qui</strong></span> <span class='ocrx_word' id='word_1_151' title='bbox 2394 807 2457 866; x_wconf 87' lang='lat' dir='ltr'><strong>ﬁt</strong></span> <span class='ocrx_word' id='word_1_152' title='bbox 2508 818 2569 868; x_wconf 93' lang='lat' dir='ltr'><strong>ut</strong></span> <span class='ocrx_word' id='word_1_153' title='bbox 2600 827 2715 868; x_wconf 92' lang='lat' dir='ltr'><strong>non</strong></span> <span class='ocrx_word' id='word_1_154' title='bbox 2749 807 3098 887; x_wconf 84' lang='lat' dir='ltr'><strong>intelligatis</strong></span> <span class='ocrx_word' id='word_1_155' title='bbox 3129 801 3222 870; x_wconf 82' lang='lat' dir='ltr'><strong>me</strong></span> <span class='ocrx_word' id='word_1_156' title='bbox 3255 829 3371 870; x_wconf 91' lang='lat' dir='ltr'><strong>non</strong></span> <span class='ocrx_word' id='word_1_157' title='bbox 3407 809 3480 869; x_wconf 92' lang='lat' dir='ltr'><strong>de</strong></span> <span class='ocrx_word' id='word_1_158' title='bbox 3515 801 3666 888; x_wconf 87' lang='lat' dir='ltr'><strong>pane</strong></span> 
     </span>
    </p>
   </div>
   <div class='ocr_carea' id='block_1_24' title="bbox 2020 888 3662 976">
    <p class='ocr_par' dir='ltr' id='par_1_24' title="bbox 2020 888 3662 976">
     <span class='ocr_line' id='line_1_24' title="bbox 2020 888 3662 976; baseline 0.005 -27"><span class='ocrx_word' id='word_1_159' title='bbox 2020 888 2237 954; x_wconf 80' lang='lat' dir='ltr'><strong>dixisse</strong></span> <span class='ocrx_word' id='word_1_160' title='bbox 2263 894 2424 955; x_wconf 88' lang='lat' dir='ltr'><strong>vobis</strong></span> <span class='ocrx_word' id='word_1_161' title='bbox 2441 895 2679 976; x_wconf 85' lang='lat' dir='ltr'><strong>illud,ut</strong></span> <span class='ocrx_word' id='word_1_162' title='bbox 2703 899 2985 959; x_wconf 81' lang='lat' dir='ltr'><strong>caveretis</strong></span> <span class='ocrx_word' id='word_1_163' title='bbox 3005 897 3428 970; x_wconf 71' lang='lat' dir='ltr'><strong>a84fermento</strong></span> <span class='ocrx_word' id='word_1_164' title='bbox 3446 897 3662 960; x_wconf 85' lang='lat' dir='ltr'><strong>Phari-</strong></span> 
     </span>
    </p>
   </div>
   <div class='ocr_carea' id='block_1_25' title="bbox 2019 982 3665 1067">
    <p class='ocr_par' dir='ltr' id='par_1_25' title="bbox 2019 982 3665 1067">
     <span class='ocr_line' id='line_1_25' title="bbox 2019 982 3665 1067; baseline 0.005 -29"><span class='ocrx_word' id='word_1_165' title='bbox 2019 997 2271 1043; x_wconf 56' lang='lat' dir='ltr'><strong>saeorum</strong></span> <span class='ocrx_word' id='word_1_166' title='bbox 2304 982 3029 1048; x_wconf 69' lang='lat' dir='ltr'><strong>etSadducaaorum‘H‘unc</strong></span> <span class='ocrx_word' id='word_1_167' title='bbox 3056 987 3665 1067; x_wconf 80' lang='lat' dir='ltr'><strong>intellexerunt,quod</strong></span> 
     </span>
    </p>
   </div>
   <div class='ocr_carea' id='block_1_26' title="bbox 2021 1071 3664 1156">
    <p class='ocr_par' dir='ltr' id='par_1_26' title="bbox 2021 1071 3664 1156">
     <span class='ocr_line' id='line_1_26' title="bbox 2021 1071 3664 1156; baseline 0.005 -28"><span class='ocrx_word' id='word_1_168' title='bbox 2021 1088 2136 1130; x_wconf 92' lang='lat' dir='ltr'><strong>non</strong></span> <span class='ocrx_word' id='word_1_169' title='bbox 2144 1071 2421 1149; x_wconf 88' lang='lat' dir='ltr'><strong>jussisset</strong></span> <span class='ocrx_word' id='word_1_170' title='bbox 2438 1075 3001 1138; x_wconf 81' lang='lat' dir='ltr'><strong>cavereafermento</strong></span> <span class='ocrx_word' id='word_1_171' title='bbox 3016 1076 3315 1156; x_wconf 89' lang='lat' dir='ltr'><strong>panis,sed</strong></span> <span class='ocrx_word' id='word_1_172' title='bbox 3339 1095 3372 1137; x_wconf 84' lang='lat' dir='ltr'><strong>a</strong></span> <span class='ocrx_word' id='word_1_173' title='bbox 3394 1074 3664 1136; x_wconf 77' lang='lat' dir='ltr'><strong>doctrina</strong></span> 
     </span>
    </p>
   </div>
   <div class='ocr_carea' id='block_1_27' title="bbox 2015 1156 3666 1244">
    <p class='ocr_par' dir='ltr' id='par_1_27' title="bbox 2015 1156 3666 1244">
     <span class='ocr_line' id='line_1_27' title="bbox 2015 1156 3666 1244; baseline 0.003 -26"><span class='ocrx_word' id='word_1_174' title='bbox 2015 1156 2450 1224; x_wconf 72' lang='lat' dir='ltr'><strong>Pharisaeorum</strong></span> <span class='ocrx_word' id='word_1_175' title='bbox 2468 1162 3016 1228; x_wconf 67' lang='lat' dir='ltr'><strong>etSadducmorum.</strong></span> <span class='ocrx_word' id='word_1_176' title='bbox 3032 1164 3490 1226; x_wconf 76' lang='lat' dir='ltr'><strong>nExistimabant</strong></span> <span class='ocrx_word' id='word_1_177' title='bbox 3509 1163 3666 1244; x_wconf 89' lang='lat' dir='ltr'><strong>quod</strong></span> 
     </span>
    </p>
   </div>
   <div class='ocr_carea' id='block_1_28' title="bbox 2015 1246 3666 1332">
    <p class='ocr_par' dir='ltr' id='par_1_28' title="bbox 2015 1246 3666 1332">
     <span class='ocr_line' id='line_1_28' title="bbox 2015 1246 3666 1332; baseline 0.003 -25"><span class='ocrx_word' id='word_1_178' title='bbox 2015 1246 2129 1309; x_wconf 88' lang='lat' dir='ltr'><strong>hoc</strong></span> <span class='ocrx_word' id='word_1_179' title='bbox 2151 1249 2376 1314; x_wconf 85' lang='lat' dir='ltr'><strong>diceret</strong></span> <span class='ocrx_word' id='word_1_180' title='bbox 2397 1251 2612 1326; x_wconf 90' lang='lat' dir='ltr'><strong>illis,ut</strong></span> <span class='ocrx_word' id='word_1_181' title='bbox 2633 1253 3000 1315; x_wconf 87' lang='lat' dir='ltr'><strong>custodirent</strong></span> <span class='ocrx_word' id='word_1_182' title='bbox 3021 1273 3084 1315; x_wconf 93' lang='lat' dir='ltr'><strong>se</strong></span> <span class='ocrx_word' id='word_1_183' title='bbox 3108 1273 3182 1315; x_wconf 90' lang='lat' dir='ltr'><strong>ne</strong></span> <span class='ocrx_word' id='word_1_184' title='bbox 3205 1253 3666 1332; x_wconf 88' lang='lat' dir='ltr'><strong>coinquinaren-</strong></span> 
     </span>
    </p>
   </div>
   <div class='ocr_carea' id='block_1_29' title="bbox 2019 1340 3666 1422">
    <p class='ocr_par' dir='ltr' id='par_1_29' title="bbox 2019 1340 3666 1422">
     <span class='ocr_line' id='line_1_29' title="bbox 2019 1340 3666 1422; baseline 0.004 -28"><span class='ocrx_word' id='word_1_185' title='bbox 2019 1342 2110 1396; x_wconf 88' lang='lat' dir='ltr'><strong>tur</strong></span> <span class='ocrx_word' id='word_1_186' title='bbox 2139 1357 2172 1398; x_wconf 91' lang='lat' dir='ltr'><strong>a</strong></span> <span class='ocrx_word' id='word_1_187' title='bbox 2201 1341 2351 1400; x_wconf 88' lang='lat' dir='ltr'><strong>cibis</strong></span> <span class='ocrx_word' id='word_1_188' title='bbox 2375 1340 2658 1415; x_wconf 90' lang='lat' dir='ltr'><strong>Judaicis,</strong></span> <span class='ocrx_word' id='word_1_189' title='bbox 2707 1341 2962 1421; x_wconf 84' lang='lat' dir='ltr'><strong>ideoque</strong></span> <span class='ocrx_word' id='word_1_190' title='bbox 2995 1341 3391 1422; x_wconf 86' lang='lat' dir='ltr'><strong>loquebantur</strong></span> <span class='ocrx_word' id='word_1_191' title='bbox 3418 1341 3572 1400; x_wconf 87' lang='lat' dir='ltr'><strong>inter</strong></span> <span class='ocrx_word' id='word_1_192' title='bbox 3601 1357 3666 1400; x_wconf 91' lang='lat' dir='ltr'><strong>se</strong></span> 
     </span>
    </p>
   </div>
   <div class='ocr_carea' id='block_1_30' title="bbox 2017 1428 3661 1511">
    <p class='ocr_par' dir='ltr' id='par_1_30' title="bbox 2017 1428 3661 1511">
     <span class='ocr_line' id='line_1_30' title="bbox 2017 1428 3661 1511; baseline 0.001 -23"><span class='ocrx_word' id='word_1_193' title='bbox 2017 1428 2171 1506; x_wconf 90' lang='lat' dir='ltr'><strong>quod</strong></span> <span class='ocrx_word' id='word_1_194' title='bbox 2207 1448 2387 1508; x_wconf 87' lang='lat' dir='ltr'><strong>panes</strong></span> <span class='ocrx_word' id='word_1_195' title='bbox 2418 1449 2534 1490; x_wconf 92' lang='lat' dir='ltr'><strong>non</strong></span> <span class='ocrx_word' id='word_1_196' title='bbox 2565 1433 2957 1511; x_wconf 89' lang='lat' dir='ltr'><strong>accepissent.</strong></span> <span class='ocrx_word' id='word_1_197' title='bbox 2985 1431 3308 1511; x_wconf 79' lang='lat' dir='ltr'><strong>Exprobrat</strong></span> <span class='ocrx_word' id='word_1_198' title='bbox 3335 1431 3512 1507; x_wconf 85' lang='lat' dir='ltr'><strong>igitur</strong></span> <span class='ocrx_word' id='word_1_199' title='bbox 3544 1430 3661 1490; x_wconf 92' lang='lat' dir='ltr'><strong>illis</strong></span> 
     </span>
    </p>
   </div>
   <div class='ocr_carea' id='block_1_31' title="bbox 2017 1517 3657 1600">
    <p class='ocr_par' dir='ltr' id='par_1_31' title="bbox 2017 1517 3657 1600">
     <span class='ocr_line' id='line_1_31' title="bbox 2017 1517 3657 1600; baseline 0.001 -23"><span class='ocrx_word' id='word_1_200' title='bbox 2017 1517 2172 1596; x_wconf 90' lang='lat' dir='ltr'><strong>quod</strong></span> <span class='ocrx_word' id='word_1_201' title='bbox 2193 1526 2313 1578; x_wconf 83' lang='lat' dir='ltr'><strong>tam</strong></span> <span class='ocrx_word' id='word_1_202' title='bbox 2346 1519 2567 1598; x_wconf 89' lang='lat' dir='ltr'><strong>stupidi</strong></span> <span class='ocrx_word' id='word_1_203' title='bbox 2593 1527 2647 1580; x_wconf 87' lang='lat' dir='ltr'><strong>et</strong></span> <span class='ocrx_word' id='word_1_204' title='bbox 2681 1528 2792 1580; x_wconf 92' lang='lat' dir='ltr'><strong>tam</strong></span> <span class='ocrx_word' id='word_1_205' title='bbox 2816 1538 3006 1600; x_wconf 64' lang='lat' dir='ltr'><strong>parva:</strong></span> <span class='ocrx_word' id='word_1_206' title='bbox 3028 1520 3166 1580; x_wconf 84' lang='lat' dir='ltr'><strong>ﬁdei</strong></span> <span class='ocrx_word' id='word_1_207' title='bbox 3201 1519 3657 1597; x_wconf 79' lang='lat' dir='ltr'><strong>essentzimpru-</strong></span> 
     </span>
    </p>
   </div>
   <div class='ocr_carea' id='block_1_32' title="bbox 2016 1606 3661 1689">
    <p class='ocr_par' dir='ltr' id='par_1_32' title="bbox 2016 1606 3661 1689">
     <span class='ocr_line' id='line_1_32' title="bbox 2016 1606 3661 1689; baseline 0 -23"><span class='ocrx_word' id='word_1_208' title='bbox 2016 1607 2224 1667; x_wconf 88' lang='lat' dir='ltr'><strong>dentes</strong></span> <span class='ocrx_word' id='word_1_209' title='bbox 2248 1606 2406 1668; x_wconf 91' lang='lat' dir='ltr'><strong>enim</strong></span> <span class='ocrx_word' id='word_1_210' title='bbox 2431 1616 2678 1669; x_wconf 82' lang='lat' dir='ltr'><strong>erantet</strong></span> <span class='ocrx_word' id='word_1_211' title='bbox 2707 1609 2949 1688; x_wconf 89' lang='lat' dir='ltr'><strong>stupidi,</strong></span> <span class='ocrx_word' id='word_1_212' title='bbox 2985 1609 3138 1689; x_wconf 90' lang='lat' dir='ltr'><strong>quod</strong></span> <span class='ocrx_word' id='word_1_213' title='bbox 3175 1627 3292 1668; x_wconf 88' lang='lat' dir='ltr'><strong>non</strong></span> <span class='ocrx_word' id='word_1_214' title='bbox 3325 1607 3661 1684; x_wconf 83' lang='lat' dir='ltr'><strong>cogitabant</strong></span> 
     </span>
    </p>
   </div>
   <div class='ocr_carea' id='block_1_33' title="bbox 281 1691 1925 1777">
    <p class='ocr_par' dir='ltr' id='par_1_33' title="bbox 281 1691 1925 1777">
     <span class='ocr_line' id='line_1_33' title="bbox 281 1691 1925 1777; baseline -0.003 -21"><span class='ocrx_word' id='word_1_215' title='bbox 281 1711 514 1777; x_wconf 77' lang='grc' dir='ltr'>αγαγετν</span> <span class='ocrx_word' id='word_1_216' title='bbox 572 1698 752 1776; x_wconf 71' lang='grc' dir='ltr'>αὐτὸς,</span> <span class='ocrx_word' id='word_1_217' title='bbox 810 1697 946 1752; x_wconf 75' lang='grc' dir='ltr'>κατὰ</span> <span class='ocrx_word' id='word_1_218' title='bbox 978 1703 1129 1752; x_wconf 82' lang='grc' dir='ltr'>τοῦτο</span> <span class='ocrx_word' id='word_1_219' title='bbox 1162 1695 1514 1773; x_wconf 82' lang='grc' dir='ltr'>ὀλιγόπιστοι·</span> <span class='ocrx_word' id='word_1_220' title='bbox 1538 1691 1621 1760; x_wconf 59' lang='grc' dir='ltr'><strong>’ὡς</strong></span> <span class='ocrx_word' id='word_1_221' title='bbox 1652 1693 1706 1751; x_wconf 74' lang='grc' dir='ltr'>δὲ</span> <span class='ocrx_word' id='word_1_222' title='bbox 1752 1696 1925 1751; x_wconf 61' lang='lat' dir='ltr'><strong>irrcti-</strong></span> 
     </span>
    </p>
   </div>
   <div class='ocr_carea' id='block_1_34' title="bbox 2018 1691 3657 1777">
    <p class='ocr_par' dir='ltr' id='par_1_34' title="bbox 2018 1695 3657 1776">
     <span class='ocr_line' id='line_1_34' title="bbox 2018 1695 3657 1776; baseline -0.001 -19"><span class='ocrx_word' id='word_1_223' title='bbox 2018 1713 2192 1775; x_wconf 86' lang='lat' dir='ltr'><strong>quam</strong></span> <span class='ocrx_word' id='word_1_224' title='bbox 2214 1697 2418 1776; x_wconf 88' lang='lat' dir='ltr'><strong>paucis</strong></span> <span class='ocrx_word' id='word_1_225' title='bbox 2442 1696 2696 1776; x_wconf 87' lang='lat' dir='ltr'><strong>panibus</strong></span> <span class='ocrx_word' id='word_1_226' title='bbox 2715 1698 2931 1757; x_wconf 90' lang='lat' dir='ltr'><strong>multos</strong></span> <span class='ocrx_word' id='word_1_227' title='bbox 2956 1716 3133 1776; x_wconf 89' lang='lat' dir='ltr'><strong>supra</strong></span> <span class='ocrx_word' id='word_1_228' title='bbox 3156 1695 3657 1776; x_wconf 87' lang='lat' dir='ltr'><strong>aluisset;etquod</strong></span> 
     </span>
    </p>
   </div>
   <div class='ocr_carea' id='block_1_35' title="bbox 283 1784 1929 1865">
    <p class='ocr_par' dir='ltr' id='par_1_35' title="bbox 283 1784 1929 1865">
     <span class='ocr_line' id='line_1_35' title="bbox 283 1784 1929 1865; baseline -0.002 -22"><span class='ocrx_word' id='word_1_229' title='bbox 283 1809 459 1863; x_wconf 88' lang='grc' dir='ltr'>μησεν</span> <span class='ocrx_word' id='word_1_230' title='bbox 519 1786 704 1850; x_wconf 73' lang='grc' dir='ltr'>αὗτοτς</span> <span class='ocrx_word' id='word_1_231' title='bbox 759 1784 1124 1865; x_wconf 80' lang='grc' dir='ltr'>σφοδρότερον,</span> <span class='ocrx_word' id='word_1_232' title='bbox 1163 1789 1222 1844; x_wconf 75' lang='grc' dir='ltr'><strong>οὐ</strong></span> <span class='ocrx_word' id='word_1_233' title='bbox 1251 1787 1350 1864; x_wconf 77' lang='grc' dir='ltr'><strong>γὰρ</strong></span> <span class='ocrx_word' id='word_1_234' title='bbox 1380 1793 1660 1864; x_wconf 80' lang='grc' dir='ltr'>πανταχοῦ</span> <span class='ocrx_word' id='word_1_235' title='bbox 1689 1787 1723 1852; x_wconf 76' lang='grc' dir='ltr'>ἦ</span> <span class='ocrx_word' id='word_1_236' title='bbox 1757 1785 1929 1862; x_wconf 83' lang='grc' dir='ltr'>πραό-</span> 
     </span>
    </p>
   </div>
   <div class='ocr_carea' id='block_1_36' title="bbox 279 1871 1928 1954">
    <p class='ocr_par' dir='ltr' id='par_1_36' title="bbox 279 1871 1928 1954">
     <span class='ocr_line' id='line_1_36' title="bbox 279 1871 1928 1954; baseline -0.002 -21"><span class='ocrx_word' id='word_1_237' title='bbox 279 1897 384 1943; x_wconf 87' lang='grc' dir='ltr'><strong>της</strong></span> <span class='ocrx_word' id='word_1_238' title='bbox 442 1874 632 1954; x_wconf 79' lang='grc' dir='ltr'>καλὸν,</span> <span class='ocrx_word' id='word_1_239' title='bbox 703 1874 892 1938; x_wconf 67' lang='grc' dir='ltr'>εὐθέως</span> <span class='ocrx_word' id='word_1_240' title='bbox 952 1879 1184 1933; x_wconf 77' lang='grc' dir='ltr'>σκνῆκαν</span> <span class='ocrx_word' id='word_1_241' title='bbox 1218 1873 1299 1930; x_wconf 82' lang='grc' dir='ltr'><strong>ὅτι</strong></span> <span class='ocrx_word' id='word_1_242' title='bbox 1328 1875 1495 1950; x_wconf 86' lang='grc' dir='ltr'>ζύμην</span> <span class='ocrx_word' id='word_1_243' title='bbox 1525 1874 1622 1942; x_wconf 75' lang='grc' dir='ltr'><strong>τὴν</strong></span> <span class='ocrx_word' id='word_1_244' title='bbox 1674 1871 1928 1930; x_wconf 82' lang='grc' dir='ltr'>διδασκα-</span> 
     </span>
    </p>
   </div>
   <div class='ocr_carea' id='block_1_37' title="bbox 281 1963 1928 2044">
    <p class='ocr_par' dir='ltr' id='par_1_37' title="bbox 281 1963 1928 2044">
     <span class='ocr_line' id='line_1_37' title="bbox 281 1963 1928 2044; baseline -0.002 -22"><span class='ocrx_word' id='word_1_245' title='bbox 281 1965 400 2022; x_wconf 85' lang='grc' dir='ltr'>λίαν</span> <span class='ocrx_word' id='word_1_246' title='bbox 473 1963 715 2026; x_wconf 73' lang='grc' dir='ltr'>ἆκάλεσε.</span> <span class='ocrx_word' id='word_1_247' title='bbox 777 1966 1035 2020; x_wconf 67' lang='grc' dir='ltr'>Σοσοῦτον</span> <span class='ocrx_word' id='word_1_248' title='bbox 1082 1965 1256 2043; x_wconf 81' lang='grc' dir='ltr'>ἰσχύει</span> <span class='ocrx_word' id='word_1_249' title='bbox 1313 1971 1590 2044; x_wconf 73' lang='grc' dir='ltr'>πανταχοῦ</span> <span class='ocrx_word' id='word_1_250' title='bbox 1647 1965 1680 2032; x_wconf 84' lang='grc' dir='ltr'>ἡ</span> <span class='ocrx_word' id='word_1_251' title='bbox 1711 1963 1928 2041; x_wconf 73' lang='grc' dir='ltr'>εὔλογος</span> 
     </span>
    </p>
   </div>
   <div class='ocr_carea' id='block_1_38' title="bbox 282 2055 618 2130">
    <p class='ocr_par' dir='ltr' id='par_1_38' title="bbox 282 2055 618 2130">
     <span class='ocr_line' id='line_1_38' title="bbox 282 2055 618 2130; baseline -0.003 -19"><span class='ocrx_word' id='word_1_252' title='bbox 282 2055 593 2130; x_wconf 70' lang='grc' dir='ltr'>ἆπιτίμησις</span> <span class='ocrx_word' id='word_1_253' title='bbox 604 2102 618 2118; x_wconf 87' lang='grc'><strong>,</strong></span> 
     </span>
    </p>
   </div>
   <div class='ocr_carea' id='block_1_39' title="bbox 368 2322 1927 2402">
    <p class='ocr_par' dir='ltr' id='par_1_39' title="bbox 368 2322 1927 2402">
     <span class='ocr_line' id='line_1_39' title="bbox 368 2322 1927 2402; baseline 0.004 -22"><span class='ocrx_word' id='word_1_254' title='bbox 368 2349 397 2380; x_wconf 78' lang='grc' dir='ltr'>ι</span> <span class='ocrx_word' id='word_1_255' title='bbox 433 2323 631 2382; x_wconf 86' lang='grc' dir='ltr'>Ἐλθὼν</span> <span class='ocrx_word' id='word_1_256' title='bbox 689 2322 744 2379; x_wconf 79' lang='grc' dir='ltr'>δὲ</span> <span class='ocrx_word' id='word_1_257' title='bbox 787 2326 816 2381; x_wconf 87' lang='lat'><strong>6</strong></span> <span class='ocrx_word' id='word_1_258' title='bbox 858 2322 1064 2390; x_wconf 80' lang='grc' dir='ltr'>Ἰησοῦς</span> <span class='ocrx_word' id='word_1_259' title='bbox 1094 2327 1168 2388; x_wconf 83' lang='grc' dir='ltr'><strong>είς</strong></span> <span class='ocrx_word' id='word_1_260' title='bbox 1211 2325 1277 2380; x_wconf 71' lang='grc' dir='ltr'><strong>τὰ</strong></span> <span class='ocrx_word' id='word_1_261' title='bbox 1305 2324 1439 2402; x_wconf 78' lang='grc' dir='ltr'>μέρη</span> <span class='ocrx_word' id='word_1_262' title='bbox 1489 2325 1799 2402; x_wconf 68' lang='grc' dir='ltr'>Καισαρείας</span> <span class='ocrx_word' id='word_1_263' title='bbox 1831 2328 1927 2389; x_wconf 65' lang='grc' dir='ltr'>τῆς</span> 
     </span>
    </p>
   </div>
   <div class='ocr_carea' id='block_1_40' title="bbox 283 2412 1927 2492">
    <p class='ocr_par' dir='ltr' id='par_1_40' title="bbox 283 2412 1927 2492">
     <span class='ocr_line' id='line_1_40' title="bbox 283 2412 1927 2492; baseline -0.001 -22"><span class='ocrx_word' id='word_1_264' title='bbox 283 2413 585 2487; x_wconf 76' lang='grc' dir='ltr'>Φιλίππου,</span> <span class='ocrx_word' id='word_1_265' title='bbox 657 2413 839 2492; x_wconf 63' lang='grc' dir='ltr'>’ἷκρώτα</span> <span class='ocrx_word' id='word_1_266' title='bbox 886 2415 1007 2477; x_wconf 86' lang='grc' dir='ltr'>τοὺς</span> <span class='ocrx_word' id='word_1_267' title='bbox 1079 2414 1321 2489; x_wconf 82' lang='grc' dir='ltr'>μαθητὰς</span> <span class='ocrx_word' id='word_1_268' title='bbox 1355 2415 1532 2486; x_wconf 75' lang='grc' dir='ltr'>αύτοῦ,</span> <span class='ocrx_word' id='word_1_269' title='bbox 1567 2412 1757 2490; x_wconf 77' lang='grc' dir='ltr'>λέγων·</span> <span class='ocrx_word' id='word_1_270' title='bbox 1801 2415 1927 2470; x_wconf 83' lang='grc' dir='ltr'>Τίνα</span> 
     </span>
    </p>
   </div>
   <div class='ocr_carea' id='block_1_41' title="bbox 279 2500 1923 2582">
    <p class='ocr_par' dir='ltr' id='par_1_41' title="bbox 279 2500 1923 2582">
     <span class='ocr_line' id='line_1_41' title="bbox 279 2500 1923 2582; baseline -0.003 -21"><span class='ocrx_word' id='word_1_271' title='bbox 279 2527 348 2581; x_wconf 87' lang='grc' dir='ltr'><strong>με</strong></span> <span class='ocrx_word' id='word_1_272' title='bbox 419 2503 664 2582; x_wconf 76' lang='grc' dir='ltr'>λέγουσιν</span> <span class='ocrx_word' id='word_1_273' title='bbox 736 2505 782 2559; x_wconf 78' lang='grc' dir='ltr'>οἱ</span> <span class='ocrx_word' id='word_1_274' title='bbox 836 2500 1093 2579; x_wconf 75' lang='grc' dir='ltr'>ἅνθρωποι</span> <span class='ocrx_word' id='word_1_275' title='bbox 1125 2504 1288 2570; x_wconf 76' lang='grc' dir='ltr'>εἶναι,</span> <span class='ocrx_word' id='word_1_276' title='bbox 1323 2505 1414 2559; x_wconf 83' lang='grc' dir='ltr'><strong>τὸν</strong></span> <span class='ocrx_word' id='word_1_277' title='bbox 1453 2505 1569 2557; x_wconf 78' lang='grc' dir='ltr'>Υίὸν</span> <span class='ocrx_word' id='word_1_278' title='bbox 1599 2509 1692 2559; x_wconf 82' lang='grc' dir='ltr'>τοῦ</span> <span class='ocrx_word' id='word_1_279' title='bbox 1721 2502 1923 2579; x_wconf 81' lang='grc' dir='ltr'>ἀνθρώ-</span> 
     </span>
    </p>
   </div>
   <div class='ocr_carea' id='block_1_42' title="bbox 278 2589 1922 2669">
    <p class='ocr_par' dir='ltr' id='par_1_42' title="bbox 278 2589 1922 2669">
     <span class='ocr_line' id='line_1_42' title="bbox 278 2589 1922 2669; baseline -0.005 -17"><span class='ocrx_word' id='word_1_280' title='bbox 278 2613 428 2669; x_wconf 75' lang='grc' dir='ltr'>πως</span> <span class='ocrx_word' id='word_1_281' title='bbox 518 2617 543 2648; x_wconf 73' lang='grc' dir='ltr'>ι</span> <span class='ocrx_word' id='word_1_282' title='bbox 605 2592 880 2666; x_wconf 75' lang='grc' dir='ltr'>Ἐμνήσθη</span> <span class='ocrx_word' id='word_1_283' title='bbox 924 2593 1015 2647; x_wconf 78' lang='grc' dir='ltr'>τοῦ</span> <span class='ocrx_word' id='word_1_284' title='bbox 1067 2592 1342 2653; x_wconf 81' lang='grc' dir='ltr'>κτίσαντος</span> <span class='ocrx_word' id='word_1_285' title='bbox 1374 2591 1472 2657; x_wconf 75' lang='grc' dir='ltr'><strong>τὴν</strong></span> <span class='ocrx_word' id='word_1_286' title='bbox 1503 2589 1679 2665; x_wconf 89' lang='grc' dir='ltr'>πόλιν,</span> <span class='ocrx_word' id='word_1_287' title='bbox 1742 2589 1922 2659; x_wconf 78' lang='grc' dir='ltr'>ἐπειδή</span> 
     </span>
    </p>
   </div>
   <div class='ocr_carea' id='block_1_43' title="bbox 277 2677 1924 2759">
    <p class='ocr_par' dir='ltr' id='par_1_43' title="bbox 277 2677 1924 2759">
     <span class='ocr_line' id='line_1_43' title="bbox 277 2677 1924 2759; baseline -0.007 -17"><span class='ocrx_word' id='word_1_288' title='bbox 277 2685 390 2742; x_wconf 71' lang='grc' dir='ltr'>ὶστι</span> <span class='ocrx_word' id='word_1_289' title='bbox 445 2685 533 2740; x_wconf 82' lang='grc' dir='ltr'>καὶ</span> <span class='ocrx_word' id='word_1_290' title='bbox 605 2679 744 2746; x_wconf 74' lang='grc' dir='ltr'>ἄλλη</span> <span class='ocrx_word' id='word_1_291' title='bbox 806 2681 1114 2758; x_wconf 78' lang='grc' dir='ltr'>Καισάρεια,</span> <span class='ocrx_word' id='word_1_292' title='bbox 1155 2682 1190 2748; x_wconf 80' lang='grc' dir='ltr'>ἡ</span> <span class='ocrx_word' id='word_1_293' title='bbox 1223 2677 1555 2759; x_wconf 66' lang='grc' dir='ltr'>Στράτωνος,</span> <span class='ocrx_word' id='word_1_294' title='bbox 1603 2681 1691 2734; x_wconf 83' lang='grc' dir='ltr'><strong>καὶ</strong></span> <span class='ocrx_word' id='word_1_295' title='bbox 1748 2678 1842 2734; x_wconf 71' lang='grc' dir='ltr'><strong>οὒκ</strong></span> <span class='ocrx_word' id='word_1_296' title='bbox 1871 2679 1924 2734; x_wconf 82' lang='grc' dir='ltr'>ἐν</span> 
     </span>
    </p>
   </div>
   <div class='ocr_carea' id='block_1_44' title="bbox 274 2767 1924 2849">
    <p class='ocr_par' dir='ltr' id='par_1_44' title="bbox 274 2767 1924 2849">
     <span class='ocr_line' id='line_1_44' title="bbox 274 2767 1924 2849; baseline -0.005 -18"><span class='ocrx_word' id='word_1_297' title='bbox 274 2775 479 2849; x_wconf 60' lang='lat' dir='ltr'><strong>iusim,</strong></span> <span class='ocrx_word' id='word_1_298' title='bbox 535 2768 656 2827; x_wconf 79' lang='grc' dir='ltr'>ἀλλ’</span> <span class='ocrx_word' id='word_1_299' title='bbox 715 2769 768 2826; x_wconf 69' lang='grc' dir='ltr'>ἐν</span> <span class='ocrx_word' id='word_1_300' title='bbox 825 2771 992 2846; x_wconf 75' lang='grc' dir='ltr'>ταύτῃ</span> <span class='ocrx_word' id='word_1_301' title='bbox 1065 2769 1250 2833; x_wconf 68' lang='grc' dir='ltr'>αὖτοὺς</span> <span class='ocrx_word' id='word_1_302' title='bbox 1321 2769 1510 2847; x_wconf 76' lang='grc' dir='ltr'>ἐρωτᾷ.</span> <span class='ocrx_word' id='word_1_303' title='bbox 1573 2767 1755 2845; x_wconf 76' lang='grc' dir='ltr'>[Ιόῤῥω</span> <span class='ocrx_word' id='word_1_304' title='bbox 1825 2769 1924 2846; x_wconf 75' lang='grc' dir='ltr'>γὰρ</span> 
     </span>
    </p>
   </div>
   <div class='ocr_carea' id='block_1_45' title="bbox 271 2855 1923 2935">
    <p class='ocr_par' dir='ltr' id='par_1_45' title="bbox 271 2855 1923 2935">
     <span class='ocr_line' id='line_1_45' title="bbox 271 2855 1923 2935; baseline -0.009 -16"><span class='ocrx_word' id='word_1_305' title='bbox 271 2868 384 2919; x_wconf 83' lang='grc' dir='ltr'>τῶν</span> <span class='ocrx_word' id='word_1_306' title='bbox 455 2858 717 2920; x_wconf 70' lang='grc' dir='ltr'>Ἰουδαίων</span> <span class='ocrx_word' id='word_1_307' title='bbox 771 2857 964 2935; x_wconf 80' lang='grc' dir='ltr'>ἀπάγει</span> <span class='ocrx_word' id='word_1_308' title='bbox 1021 2859 1142 2920; x_wconf 82' lang='grc' dir='ltr'>τοὺς</span> <span class='ocrx_word' id='word_1_309' title='bbox 1199 2858 1466 2933; x_wconf 83' lang='grc' dir='ltr'>μαθητὰς,</span> <span class='ocrx_word' id='word_1_310' title='bbox 1498 2859 1572 2920; x_wconf 81' lang='grc' dir='ltr'>ὡς</span> <span class='ocrx_word' id='word_1_311' title='bbox 1602 2856 1664 2912; x_wconf 76' lang='grc' dir='ltr'>ἄν</span> <span class='ocrx_word' id='word_1_312' title='bbox 1720 2855 1923 2932; x_wconf 72' lang='grc' dir='ltr'>μηδένα</span> 
     </span>
    </p>
   </div>
   <div class='ocr_carea' id='block_1_46' title="bbox 2018 1784 3658 1866">
    <p class='ocr_par' dir='ltr' id='par_1_46' title="bbox 2018 1784 3658 1866">
     <span class='ocr_line' id='line_1_46' title="bbox 2018 1784 3658 1866; baseline -0.001 -21"><span class='ocrx_word' id='word_1_313' title='bbox 2018 1802 2220 1863; x_wconf 60' lang='lat' dir='ltr'><strong>pauca;</strong></span> <span class='ocrx_word' id='word_1_314' title='bbox 2248 1784 2574 1864; x_wconf 87' lang='lat' dir='ltr'><strong>ﬁdei,quod</strong></span> <span class='ocrx_word' id='word_1_315' title='bbox 2608 1787 2746 1865; x_wconf 90' lang='lat' dir='ltr'><strong>quia</strong></span> <span class='ocrx_word' id='word_1_316' title='bbox 2770 1803 2884 1847; x_wconf 88' lang='lat' dir='ltr'><strong>non</strong></span> <span class='ocrx_word' id='word_1_317' title='bbox 2910 1795 3180 1848; x_wconf 86' lang='lat' dir='ltr'><strong>emerant</strong></span> <span class='ocrx_word' id='word_1_318' title='bbox 3203 1785 3456 1849; x_wconf 66' lang='lat' dir='ltr'><strong>aludaais</strong></span> <span class='ocrx_word' id='word_1_319' title='bbox 3473 1802 3658 1866; x_wconf 90' lang='lat' dir='ltr'><strong>panes</strong></span> 
     </span>
    </p>
   </div>
   <div class='ocr_carea' id='block_1_47' title="bbox 2013 1874 3659 1956">
    <p class='ocr_par' dir='ltr' id='par_1_47' title="bbox 2013 1874 3659 1956">
     <span class='ocr_line' id='line_1_47' title="bbox 2013 1874 3659 1956; baseline -0.001 -22"><span class='ocrx_word' id='word_1_320' title='bbox 2013 1874 2351 1937; x_wconf 84' lang='lat' dir='ltr'><strong>diﬂiderent</strong></span> <span class='ocrx_word' id='word_1_321' title='bbox 2382 1876 2575 1954; x_wconf 89' lang='lat' dir='ltr'><strong>ipsum</strong></span> <span class='ocrx_word' id='word_1_322' title='bbox 2630 1895 2802 1955; x_wconf 83' lang='lat' dir='ltr'><strong>posse</strong></span> <span class='ocrx_word' id='word_1_323' title='bbox 2862 1877 3135 1938; x_wconf 87' lang='lat' dir='ltr'><strong>alicunde</strong></span> <span class='ocrx_word' id='word_1_324' title='bbox 3165 1876 3460 1956; x_wconf 87' lang='lat' dir='ltr'><strong>acquiere.</strong></span> <span class='ocrx_word' id='word_1_325' title='bbox 3495 1875 3565 1934; x_wconf 85' lang='lat' dir='ltr'><strong>Et</strong></span> <span class='ocrx_word' id='word_1_326' title='bbox 3596 1883 3659 1935; x_wconf 92' lang='lat' dir='ltr'><strong>ut</strong></span> 
     </span>
    </p>
   </div>
   <div class='ocr_carea' id='block_1_48' title="bbox 2012 1964 3657 2044">
    <p class='ocr_par' dir='ltr' id='par_1_48' title="bbox 2012 1964 3657 2044">
     <span class='ocr_line' id='line_1_48' title="bbox 2012 1964 3657 2044; baseline -0.001 -20"><span class='ocrx_word' id='word_1_327' title='bbox 2012 1964 2206 2024; x_wconf 89' lang='lat' dir='ltr'><strong>acrius</strong></span> <span class='ocrx_word' id='word_1_328' title='bbox 2239 1983 2340 2025; x_wconf 93' lang='lat' dir='ltr'><strong>eos</strong></span> <span class='ocrx_word' id='word_1_329' title='bbox 2376 1964 2715 2043; x_wconf 82' lang='lat' dir='ltr'><strong>perstrinxit</strong></span> <span class='ocrx_word' id='word_1_330' title='bbox 2749 1976 2890 2041; x_wconf 91' lang='lat' dir='ltr'><strong>(non</strong></span> <span class='ocrx_word' id='word_1_331' title='bbox 2950 1967 3108 2026; x_wconf 87' lang='lat' dir='ltr'><strong>enim</strong></span> <span class='ocrx_word' id='word_1_332' title='bbox 3144 1965 3365 2044; x_wconf 84' lang='lat' dir='ltr'><strong>ubique</strong></span> <span class='ocrx_word' id='word_1_333' title='bbox 3389 1965 3541 2024; x_wconf 86' lang='lat' dir='ltr'><strong>bona</strong></span> <span class='ocrx_word' id='word_1_334' title='bbox 3567 1970 3657 2024; x_wconf 82' lang='lat' dir='ltr'><strong>est</strong></span> 
     </span>
    </p>
   </div>
   <div class='ocr_carea' id='block_1_49' title="bbox 2016 2054 3655 2135">
    <p class='ocr_par' dir='ltr' id='par_1_49' title="bbox 2016 2054 3655 2135">
     <span class='ocr_line' id='line_1_49' title="bbox 2016 2054 3655 2135; baseline 0.001 -23"><span class='ocrx_word' id='word_1_335' title='bbox 2016 2054 2654 2129; x_wconf 78' lang='lat' dir='ltr'><strong>mansuetudo),statim</strong></span> <span class='ocrx_word' id='word_1_336' title='bbox 2674 2054 3092 2116; x_wconf 74' lang='lat' dir='ltr'><strong>intellexerunt</strong></span> <span class='ocrx_word' id='word_1_337' title='bbox 3117 2055 3271 2135; x_wconf 90' lang='lat' dir='ltr'><strong>quod</strong></span> <span class='ocrx_word' id='word_1_338' title='bbox 3300 2055 3655 2114; x_wconf 78' lang='lat' dir='ltr'><strong>fermentum</strong></span> 
     </span>
    </p>
   </div>
   <div class='ocr_carea' id='block_1_50' title="bbox 2008 2142 3651 2224">
    <p class='ocr_par' dir='ltr' id='par_1_50' title="bbox 2008 2142 3651 2224">
     <span class='ocr_line' id='line_1_50' title="bbox 2008 2142 3651 2224; baseline 0.001 -22"><span class='ocrx_word' id='word_1_339' title='bbox 2008 2142 2334 2203; x_wconf 89' lang='lat' dir='ltr'><strong>doctrinam</strong></span> <span class='ocrx_word' id='word_1_340' title='bbox 2370 2153 2652 2205; x_wconf 84' lang='lat' dir='ltr'><strong>vocasset.</strong></span> <span class='ocrx_word' id='word_1_341' title='bbox 2675 2143 2923 2205; x_wconf 87' lang='lat' dir='ltr'><strong>Tantum</strong></span> <span class='ocrx_word' id='word_1_342' title='bbox 2954 2144 3179 2224; x_wconf 87' lang='lat' dir='ltr'><strong>ubique</strong></span> <span class='ocrx_word' id='word_1_343' title='bbox 3211 2145 3363 2204; x_wconf 88' lang='lat' dir='ltr'><strong>valet</strong></span> <span class='ocrx_word' id='word_1_344' title='bbox 3391 2145 3651 2203; x_wconf 84' lang='lat' dir='ltr'><strong>rationa-</strong></span> 
     </span>
    </p>
   </div>
   <div class='ocr_carea' id='block_1_51' title="bbox 2009 2227 2601 2311">
    <p class='ocr_par' dir='ltr' id='par_1_51' title="bbox 2009 2227 2601 2311">
     <span class='ocr_line' id='line_1_51' title="bbox 2009 2227 2601 2311; baseline 0 -19"><span class='ocrx_word' id='word_1_345' title='bbox 2009 2230 2144 2292; x_wconf 91' lang='lat' dir='ltr'><strong>bilis</strong></span> <span class='ocrx_word' id='word_1_346' title='bbox 2173 2232 2526 2311; x_wconf 86' lang='lat' dir='ltr'><strong>increpatio.</strong></span> <span class='ocrx_word' id='word_1_347' title='bbox 2592 2227 2601 2234; x_wconf 83' lang='grc'><strong>’</strong></span> 
     </span>
    </p>
   </div>
   <div class='ocr_carea' id='block_1_52' title="bbox 2088 2319 3650 2400">
    <p class='ocr_par' dir='ltr' id='par_1_52' title="bbox 2088 2319 3650 2400">
     <span class='ocr_line' id='line_1_52' title="bbox 2088 2319 3650 2400; baseline 0 -19"><span class='ocrx_word' id='word_1_348' title='bbox 2088 2319 2264 2383; x_wconf 78' lang='lat' dir='ltr'><strong>Vens.</strong></span> <span class='ocrx_word' id='word_1_349' title='bbox 2298 2323 2394 2382; x_wconf 84' lang='grc'><strong>13.</strong></span> <span class='ocrx_word' id='word_1_350' title='bbox 2425 2345 2446 2377; x_wconf 84' lang='grc' dir='ltr'>(ι</span> <span class='ocrx_word' id='word_1_351' title='bbox 2485 2321 2627 2383; x_wconf 87' lang='lat' dir='ltr'><strong>Cum</strong></span> <span class='ocrx_word' id='word_1_352' title='bbox 2664 2321 3128 2384; x_wconf 87' lang='lat' dir='ltr'><strong>venissetautem</strong></span> <span class='ocrx_word' id='word_1_353' title='bbox 3159 2320 3335 2384; x_wconf 90' lang='lat' dir='ltr'><strong>Jesus</strong></span> <span class='ocrx_word' id='word_1_354' title='bbox 3365 2322 3423 2381; x_wconf 91' lang='lat' dir='ltr'><strong>in</strong></span> <span class='ocrx_word' id='word_1_355' title='bbox 3456 2330 3650 2400; x_wconf 88' lang='lat' dir='ltr'><strong>partes</strong></span> 
     </span>
    </p>
   </div>
   <div class='ocr_carea' id='block_1_53' title="bbox 2009 2410 3647 2491">
    <p class='ocr_par' dir='ltr' id='par_1_53' title="bbox 2009 2410 3647 2491">
     <span class='ocr_line' id='line_1_53' title="bbox 2009 2410 3647 2491; baseline -0.001 -20"><span class='ocrx_word' id='word_1_356' title='bbox 2009 2410 2293 2471; x_wconf 58' lang='lat' dir='ltr'><strong>Caesareae</strong></span> <span class='ocrx_word' id='word_1_357' title='bbox 2326 2410 2607 2490; x_wconf 82' lang='lat' dir='ltr'><strong>Philippi,</strong></span> <span class='ocrx_word' id='word_1_358' title='bbox 2666 2410 3065 2488; x_wconf 79' lang='lat' dir='ltr'><strong>interrogabat</strong></span> <span class='ocrx_word' id='word_1_359' title='bbox 3096 2411 3422 2491; x_wconf 88' lang='lat' dir='ltr'><strong>discipulos</strong></span> <span class='ocrx_word' id='word_1_360' title='bbox 3480 2427 3647 2490; x_wconf 88' lang='lat' dir='ltr'><strong>suos,</strong></span> 
     </span>
    </p>
   </div>
   <div class='ocr_carea' id='block_1_54' title="bbox 2007 2499 3650 2579">
    <p class='ocr_par' dir='ltr' id='par_1_54' title="bbox 2007 2499 3650 2579">
     <span class='ocr_line' id='line_1_54' title="bbox 2007 2499 3650 2579; baseline 0.001 -21"><span class='ocrx_word' id='word_1_361' title='bbox 2007 2499 2213 2559; x_wconf 87' lang='lat' dir='ltr'><strong>dicens</strong></span> <span class='ocrx_word' id='word_1_362' title='bbox 2247 2521 2258 2557; x_wconf 92' lang='lat'><strong>:</strong></span> <span class='ocrx_word' id='word_1_363' title='bbox 2297 2499 2483 2570; x_wconf 89' lang='lat' dir='ltr'><strong>Quem</strong></span> <span class='ocrx_word' id='word_1_364' title='bbox 2538 2517 2632 2561; x_wconf 93' lang='lat' dir='ltr'><strong>me</strong></span> <span class='ocrx_word' id='word_1_365' title='bbox 2666 2500 2870 2561; x_wconf 88' lang='lat' dir='ltr'><strong>dicunt</strong></span> <span class='ocrx_word' id='word_1_366' title='bbox 2928 2501 3198 2562; x_wconf 89' lang='lat' dir='ltr'><strong>homines</strong></span> <span class='ocrx_word' id='word_1_367' title='bbox 3244 2519 3398 2579; x_wconf 89' lang='lat' dir='ltr'><strong>esse,</strong></span> <span class='ocrx_word' id='word_1_368' title='bbox 3434 2499 3650 2561; x_wconf 87' lang='lat' dir='ltr'><strong>Filium</strong></span> 
     </span>
    </p>
   </div>
   <div class='ocr_carea' id='block_1_55' title="bbox 2007 2588 3648 2669">
    <p class='ocr_par' dir='ltr' id='par_1_55' title="bbox 2007 2588 3648 2669">
     <span class='ocr_line' id='line_1_55' title="bbox 2007 2588 3648 2669; baseline -0.001 -21"><span class='ocrx_word' id='word_1_369' title='bbox 2007 2588 2262 2649; x_wconf 88' lang='lat' dir='ltr'><strong>hominis</strong></span> <span class='ocrx_word' id='word_1_370' title='bbox 2296 2589 2320 2650; x_wconf 68' lang='grc' dir='ltr'><em>ἲ</em></span> <span class='ocrx_word' id='word_1_371' title='bbox 2353 2613 2379 2644; x_wconf 76' lang='grc' dir='ltr'><strong>ι)</strong></span> <span class='ocrx_word' id='word_1_372' title='bbox 2418 2590 2678 2650; x_wconf 83' lang='lat' dir='ltr'><strong>Meminit</strong></span> <span class='ocrx_word' id='word_1_373' title='bbox 2726 2591 2856 2669; x_wconf 68' lang='lat' dir='ltr'><strong>ejus</strong></span> <span class='ocrx_word' id='word_1_374' title='bbox 2887 2591 2984 2669; x_wconf 89' lang='lat' dir='ltr'><strong>qui</strong></span> <span class='ocrx_word' id='word_1_375' title='bbox 3022 2590 3310 2651; x_wconf 89' lang='lat' dir='ltr'><strong>civitatem</strong></span> <span class='ocrx_word' id='word_1_376' title='bbox 3363 2589 3648 2662; x_wconf 87' lang='lat' dir='ltr'><strong>condidit,</strong></span> 
     </span>
    </p>
   </div>
   <div class='ocr_carea' id='block_1_56' title="bbox 2009 2678 3646 2758">
    <p class='ocr_par' dir='ltr' id='par_1_56' title="bbox 2009 2678 3646 2758">
     <span class='ocr_line' id='line_1_56' title="bbox 2009 2678 3646 2758; baseline 0.001 -23"><span class='ocrx_word' id='word_1_377' title='bbox 2009 2681 2144 2756; x_wconf 88' lang='lat' dir='ltr'><strong>quia</strong></span> <span class='ocrx_word' id='word_1_378' title='bbox 2176 2687 2263 2738; x_wconf 89' lang='lat' dir='ltr'><strong>est</strong></span> <span class='ocrx_word' id='word_1_379' title='bbox 2317 2685 2375 2737; x_wconf 90' lang='lat' dir='ltr'><strong>et</strong></span> <span class='ocrx_word' id='word_1_380' title='bbox 2404 2679 2518 2738; x_wconf 81' lang='lat' dir='ltr'><strong>alia</strong></span> <span class='ocrx_word' id='word_1_381' title='bbox 2546 2681 2816 2740; x_wconf 66' lang='lat' dir='ltr'><strong>Caesarea</strong></span> <span class='ocrx_word' id='word_1_382' title='bbox 2848 2680 3159 2758; x_wconf 80' lang='lat' dir='ltr'><strong>Stratonis,</strong></span> <span class='ocrx_word' id='word_1_383' title='bbox 3191 2688 3249 2740; x_wconf 88' lang='lat' dir='ltr'><strong>et</strong></span> <span class='ocrx_word' id='word_1_384' title='bbox 3283 2698 3396 2739; x_wconf 93' lang='lat' dir='ltr'><strong>non</strong></span> <span class='ocrx_word' id='word_1_385' title='bbox 3430 2679 3488 2738; x_wconf 92' lang='lat' dir='ltr'><strong>in</strong></span> <span class='ocrx_word' id='word_1_386' title='bbox 3523 2678 3646 2750; x_wconf 90' lang='lat' dir='ltr'><strong>illa,</strong></span> 
     </span>
    </p>
   </div>
   <div class='ocr_carea' id='block_1_57' title="bbox 2008 2766 3651 2844">
    <p class='ocr_par' dir='ltr' id='par_1_57' title="bbox 2008 2766 3651 2844">
     <span class='ocr_line' id='line_1_57' title="bbox 2008 2766 3651 2844; baseline 0.002 -20"><span class='ocrx_word' id='word_1_387' title='bbox 2008 2766 2110 2827; x_wconf 89' lang='lat' dir='ltr'><strong>sed</strong></span> <span class='ocrx_word' id='word_1_388' title='bbox 2147 2769 2204 2828; x_wconf 92' lang='lat' dir='ltr'><strong>in</strong></span> <span class='ocrx_word' id='word_1_389' title='bbox 2239 2768 2346 2827; x_wconf 89' lang='lat' dir='ltr'><strong>hac</strong></span> <span class='ocrx_word' id='word_1_390' title='bbox 2375 2767 2510 2828; x_wconf 92' lang='lat' dir='ltr'><strong>illos</strong></span> <span class='ocrx_word' id='word_1_391' title='bbox 2535 2767 2877 2844; x_wconf 81' lang='lat' dir='ltr'><strong>interrogat.</strong></span> <span class='ocrx_word' id='word_1_392' title='bbox 2910 2767 3120 2829; x_wconf 84' lang='lat' dir='ltr'><strong>Procul</strong></span> <span class='ocrx_word' id='word_1_393' title='bbox 3155 2768 3310 2828; x_wconf 88' lang='lat' dir='ltr'><strong>enim</strong></span> <span class='ocrx_word' id='word_1_394' title='bbox 3345 2786 3379 2827; x_wconf 90' lang='lat' dir='ltr'><strong>a</strong></span> <span class='ocrx_word' id='word_1_395' title='bbox 3436 2767 3651 2829; x_wconf 69' lang='lat' dir='ltr'><strong>Judzeis</strong></span> 
     </span>
    </p>
   </div>
   <div class='ocr_carea' id='block_1_58' title="bbox 2005 2854 3652 2937">
    <p class='ocr_par' dir='ltr' id='par_1_58' title="bbox 2005 2854 3652 2937">
     <span class='ocr_line' id='line_1_58' title="bbox 2005 2854 3652 2937; baseline 0.002 -24"><span class='ocrx_word' id='word_1_396' title='bbox 2005 2854 2246 2917; x_wconf 89' lang='lat' dir='ltr'><strong>abducit</strong></span> <span class='ocrx_word' id='word_1_397' title='bbox 2275 2855 2620 2937; x_wconf 78' lang='lat' dir='ltr'><strong>discipulos,</strong></span> <span class='ocrx_word' id='word_1_398' title='bbox 2655 2864 2717 2915; x_wconf 90' lang='lat' dir='ltr'><strong>nt</strong></span> <span class='ocrx_word' id='word_1_399' title='bbox 2749 2856 2972 2916; x_wconf 91' lang='lat' dir='ltr'><strong>nullum</strong></span> <span class='ocrx_word' id='word_1_400' title='bbox 3008 2857 3284 2917; x_wconf 87' lang='lat' dir='ltr'><strong>timentes</strong></span> <span class='ocrx_word' id='word_1_401' title='bbox 3343 2855 3531 2915; x_wconf 90' lang='lat' dir='ltr'><strong>libere</strong></span> <span class='ocrx_word' id='word_1_402' title='bbox 3584 2873 3652 2916; x_wconf 89' lang='lat' dir='ltr'><strong>ac</strong></span> 
     </span>
    </p>
   </div>
   <div class='ocr_carea' id='block_1_59' title="bbox 270 2943 1925 3036">
    <p class='ocr_par' dir='ltr' id='par_1_59' title="bbox 270 2943 1922 3032">
     <span class='ocr_line' id='line_1_59' title="bbox 270 2943 1922 3032; baseline -0.006 -24"><span class='ocrx_word' id='word_1_403' title='bbox 270 2949 616 3032; x_wconf 79' lang='grc' dir='ltr'>φοϐοόμενοι,</span> <span class='ocrx_word' id='word_1_404' title='bbox 682 2947 818 3023; x_wconf 86' lang='grc' dir='ltr'>μετᾶ</span> <span class='ocrx_word' id='word_1_405' title='bbox 865 2946 1157 3025; x_wconf 80' lang='grc' dir='ltr'>παῤῥησίας</span> <span class='ocrx_word' id='word_1_406' title='bbox 1213 2945 1432 3008; x_wconf 83' lang='grc' dir='ltr'>εἴπωσι,</span> <span class='ocrx_word' id='word_1_407' title='bbox 1481 2952 1694 3024; x_wconf 82' lang='grc' dir='ltr'>Πρῶτον</span> <span class='ocrx_word' id='word_1_408' title='bbox 1740 2943 1793 3002; x_wconf 72' lang='grc' dir='ltr'>δὲ</span> <span class='ocrx_word' id='word_1_409' title='bbox 1823 2947 1922 3012; x_wconf 69' lang='grc' dir='ltr'>τὴν</span> 
     </span>
    </p>
   </div>
   <div class='ocr_carea' id='block_1_60' title="bbox 2018 2943 3648 3036">
    <p class='ocr_par' dir='ltr' id='par_1_60' title="bbox 2018 2943 3648 3023">
     <span class='ocr_line' id='line_1_60' title="bbox 2018 2943 3648 3023; baseline -0.001 -19"><span class='ocrx_word' id='word_1_410' title='bbox 2018 2943 2262 3005; x_wconf 79' lang='lat' dir='ltr'><strong>ﬁdenter</strong></span> <span class='ocrx_word' id='word_1_411' title='bbox 2290 2943 2785 3005; x_wconf 82' lang='lat' dir='ltr'><strong>dicant.Primum</strong></span> <span class='ocrx_word' id='word_1_412' title='bbox 2817 2953 3011 3004; x_wconf 90' lang='lat' dir='ltr'><strong>autem</strong></span> <span class='ocrx_word' id='word_1_413' title='bbox 3047 2952 3423 3023; x_wconf 88' lang='lat' dir='ltr'><strong>percontatur</strong></span> <span class='ocrx_word' id='word_1_414' title='bbox 3447 2943 3648 3003; x_wconf 89' lang='lat' dir='ltr'><strong>multi-</strong></span> 
     </span>
    </p>
   </div>
   <div class='ocr_carea' id='block_1_61' title="bbox 271 3031 1925 3116">
    <p class='ocr_par' dir='ltr' id='par_1_61' title="bbox 271 3031 1922 3116">
     <span class='ocr_line' id='line_1_61' title="bbox 271 3031 1922 3116; baseline -0.005 -18"><span class='ocrx_word' id='word_1_415' title='bbox 271 3031 371 3098; x_wconf 75' lang='grc' dir='ltr'>τοῦ</span> <span class='ocrx_word' id='word_1_416' title='bbox 440 3039 671 3109; x_wconf 72' lang='grc' dir='ltr'>πλήθους</span> <span class='ocrx_word' id='word_1_417' title='bbox 743 3036 912 3116; x_wconf 67' lang='grc' dir='ltr'>ἐρωτᾷ</span> <span class='ocrx_word' id='word_1_418' title='bbox 942 3035 1237 3110; x_wconf 79' lang='grc' dir='ltr'>ὑπόληψιν,</span> <span class='ocrx_word' id='word_1_419' title='bbox 1289 3035 1380 3091; x_wconf 72' lang='grc' dir='ltr'>ἵνα</span> <span class='ocrx_word' id='word_1_420' title='bbox 1443 3037 1517 3099; x_wconf 82' lang='grc' dir='ltr'>εἷς</span> <span class='ocrx_word' id='word_1_421' title='bbox 1583 3036 1792 3110; x_wconf 84' lang='grc' dir='ltr'>μείζονα</span> <span class='ocrx_word' id='word_1_422' title='bbox 1823 3031 1922 3090; x_wconf 57' lang='grc' dir='ltr'><strong>ἆνὲ</strong></span> 
     </span>
    </p>
   </div>
   <div class='ocr_carea' id='block_1_62' title="bbox 2018 3031 3654 3116">
    <p class='ocr_par' dir='ltr' id='par_1_62' title="bbox 2018 3031 3654 3113">
     <span class='ocr_line' id='line_1_62' title="bbox 2018 3031 3654 3113; baseline -0.001 -19"><span class='ocrx_word' id='word_1_423' title='bbox 2018 3033 2227 3094; x_wconf 75' lang='lat' dir='ltr'><strong>tudinis</strong></span> <span class='ocrx_word' id='word_1_424' title='bbox 2257 3033 2623 3113; x_wconf 86' lang='lat' dir='ltr'><strong>opinionem,</strong></span> <span class='ocrx_word' id='word_1_425' title='bbox 2648 3040 2710 3092; x_wconf 91' lang='lat' dir='ltr'><strong>ut</strong></span> <span class='ocrx_word' id='word_1_426' title='bbox 2731 3036 2804 3094; x_wconf 87' lang='lat' dir='ltr'><strong>ad</strong></span> <span class='ocrx_word' id='word_1_427' title='bbox 2839 3033 3248 3094; x_wconf 69' lang='lat' dir='ltr'><strong>sublimiorem</strong></span> <span class='ocrx_word' id='word_1_428' title='bbox 3281 3031 3654 3092; x_wconf 85' lang='lat' dir='ltr'><strong>adducantur</strong></span> 
     </span>
    </p>
   </div>
   <div class='ocr_carea' id='block_1_63' title="bbox 273 3123 1924 3210">
    <p class='ocr_par' dir='ltr' id='par_1_63' title="bbox 273 3123 1924 3210">
     <span class='ocr_line' id='line_1_63' title="bbox 273 3123 1924 3210; baseline -0.005 -22"><span class='ocrx_word' id='word_1_429' title='bbox 273 3133 568 3210; x_wconf 84' lang='grc' dir='ltr'>ενεχθῶσιν</span> <span class='ocrx_word' id='word_1_430' title='bbox 625 3126 850 3201; x_wconf 77' lang='grc' dir='ltr'>ἔννοιαν,</span> <span class='ocrx_word' id='word_1_431' title='bbox 895 3127 980 3182; x_wconf 80' lang='grc' dir='ltr'><strong>καὶ</strong></span> <span class='ocrx_word' id='word_1_432' title='bbox 1013 3125 1092 3200; x_wconf 74' lang='grc' dir='ltr'>μὴ</span> <span class='ocrx_word' id='word_1_433' title='bbox 1121 3125 1194 3187; x_wconf 81' lang='grc' dir='ltr'>εἷς</span> <span class='ocrx_word' id='word_1_434' title='bbox 1227 3125 1325 3191; x_wconf 75' lang='grc' dir='ltr'><strong>τὴν</strong></span> <span class='ocrx_word' id='word_1_435' title='bbox 1357 3125 1520 3192; x_wconf 67' lang='grc' dir='ltr'>αὐτὴν</span> <span class='ocrx_word' id='word_1_436' title='bbox 1565 3123 1924 3190; x_wconf 84' lang='grc' dir='ltr'>τᾶπεινότητα</span> 
     </span>
    </p>
   </div>
   <div class='ocr_carea' id='block_1_64' title="bbox 270 3211 1922 3292">
    <p class='ocr_par' dir='ltr' id='par_1_64' title="bbox 270 3211 1922 3292">
     <span class='ocr_line' id='line_1_64' title="bbox 270 3211 1922 3292; baseline -0.006 -15"><span class='ocrx_word' id='word_1_437' title='bbox 270 3232 393 3283; x_wconf 79' lang='grc' dir='ltr'>τοῖς</span> <span class='ocrx_word' id='word_1_438' title='bbox 442 3216 668 3282; x_wconf 82' lang='grc' dir='ltr'>πολλοῖς</span> <span class='ocrx_word' id='word_1_439' title='bbox 718 3216 970 3272; x_wconf 78' lang='grc' dir='ltr'>πέσωσιν·</span> <span class='ocrx_word' id='word_1_440' title='bbox 1038 3213 1134 3271; x_wconf 72' lang='grc' dir='ltr'><strong>οὒκ</strong></span> <span class='ocrx_word' id='word_1_441' title='bbox 1164 3213 1333 3292; x_wconf 67' lang='grc' dir='ltr'>ἐρωτᾷ</span> <span class='ocrx_word' id='word_1_442' title='bbox 1375 3212 1448 3286; x_wconf 75' lang='grc' dir='ltr'>δὲ,</span> <span class='ocrx_word' id='word_1_443' title='bbox 1488 3214 1612 3270; x_wconf 85' lang='grc' dir='ltr'>Τίνα</span> <span class='ocrx_word' id='word_1_444' title='bbox 1643 3235 1708 3288; x_wconf 86' lang='grc' dir='ltr'><strong>με</strong></span> <span class='ocrx_word' id='word_1_445' title='bbox 1739 3211 1922 3289; x_wconf 76' lang='grc' dir='ltr'>λέγου-</span> 
     </span>
    </p>
   </div>
   <div class='ocr_carea' id='block_1_65' title="bbox 270 3299 1924 3384">
    <p class='ocr_par' dir='ltr' id='par_1_65' title="bbox 270 3299 1924 3384">
     <span class='ocr_line' id='line_1_65' title="bbox 270 3299 1924 3384; baseline -0.006 -18"><span class='ocrx_word' id='word_1_446' title='bbox 270 3330 360 3366; x_wconf 84' lang='grc' dir='ltr'><strong>σιν</strong></span> <span class='ocrx_word' id='word_1_447' title='bbox 385 3310 433 3364; x_wconf 85' lang='grc' dir='ltr'>οἱ</span> <span class='ocrx_word' id='word_1_448' title='bbox 461 3314 746 3384; x_wconf 82' lang='grc' dir='ltr'>Φαρισατοι</span> <span class='ocrx_word' id='word_1_449' title='bbox 781 3324 798 3384; x_wconf 83' lang='grc'><strong>;</strong></span> <span class='ocrx_word' id='word_1_450' title='bbox 833 3301 975 3374; x_wconf 82' lang='grc' dir='ltr'>ἀλλ’,</span> <span class='ocrx_word' id='word_1_451' title='bbox 1026 3305 1085 3359; x_wconf 78' lang='grc' dir='ltr'><strong>Οἱ</strong></span> <span class='ocrx_word' id='word_1_452' title='bbox 1135 3301 1420 3380; x_wconf 73' lang='grc' dir='ltr'>ἄνθρωποι,</span> <span class='ocrx_word' id='word_1_453' title='bbox 1455 3305 1572 3381; x_wconf 80' lang='grc' dir='ltr'>περὶ</span> <span class='ocrx_word' id='word_1_454' title='bbox 1613 3311 1704 3361; x_wconf 77' lang='grc' dir='ltr'>τοῦ</span> <span class='ocrx_word' id='word_1_455' title='bbox 1736 3299 1924 3357; x_wconf 81' lang='grc' dir='ltr'>ἀδόλου</span> 
     </span>
    </p>
   </div>
   <div class='ocr_carea' id='block_1_66' title="bbox 268 3393 736 3472">
    <p class='ocr_par' dir='ltr' id='par_1_66' title="bbox 268 3393 736 3472">
     <span class='ocr_line' id='line_1_66' title="bbox 268 3393 736 3472; baseline -0.004 -18"><span class='ocrx_word' id='word_1_456' title='bbox 268 3396 508 3466; x_wconf 75' lang='grc' dir='ltr'>πλήθους</span> <span class='ocrx_word' id='word_1_457' title='bbox 539 3393 712 3472; x_wconf 84' lang='grc' dir='ltr'>λέγων</span> <span class='ocrx_word' id='word_1_458' title='bbox 723 3440 736 3452; x_wconf 92' lang='grc'><strong>.</strong></span> 
     </span>
    </p>
   </div>
   <div class='ocr_carea' id='block_1_67' title="bbox 361 3483 1918 3559">
    <p class='ocr_par' dir='ltr' id='par_1_67' title="bbox 361 3483 1918 3559">
     <span class='ocr_line' id='line_1_67' title="bbox 361 3483 1918 3559; baseline -0.004 -16"><span class='ocrx_word' id='word_1_459' title='bbox 361 3510 390 3543; x_wconf 78' lang='grc' dir='ltr'><strong>α</strong></span> <span class='ocrx_word' id='word_1_460' title='bbox 421 3491 481 3546; x_wconf 82' lang='lat' dir='ltr'><strong>Ol</strong></span> <span class='ocrx_word' id='word_1_461' title='bbox 536 3485 589 3541; x_wconf 80' lang='grc' dir='ltr'>δὲ</span> <span class='ocrx_word' id='word_1_462' title='bbox 645 3486 824 3542; x_wconf 58' lang='grc' dir='ltr'>εἶπον</span> <span class='ocrx_word' id='word_1_463' title='bbox 887 3488 946 3542; x_wconf 75' lang='grc' dir='ltr'><strong>Οἱ</strong></span> <span class='ocrx_word' id='word_1_464' title='bbox 1001 3485 1099 3559; x_wconf 75' lang='grc' dir='ltr'>μὲν</span> <span class='ocrx_word' id='word_1_465' title='bbox 1156 3484 1409 3550; x_wconf 12' lang='grc' dir='ltr'>’,Ιωείννην</span> <span class='ocrx_word' id='word_1_466' title='bbox 1463 3486 1554 3540; x_wconf 81' lang='grc' dir='ltr'>τὸν</span> <span class='ocrx_word' id='word_1_467' title='bbox 1585 3483 1918 3550; x_wconf 74' lang='grc' dir='ltr'>Βαπτιστὴν,</span> 
     </span>
    </p>
   </div>
   <div class='ocr_carea' id='block_1_68' title="bbox 269 3567 1922 3654">
    <p class='ocr_par' dir='ltr' id='par_1_68' title="bbox 269 3567 1922 3654">
     <span class='ocr_line' id='line_1_68' title="bbox 269 3567 1922 3654; baseline -0.005 -18"><span class='ocrx_word' id='word_1_468' title='bbox 269 3578 426 3636; x_wconf 71' lang='grc' dir='ltr'>ἄλλοι</span> <span class='ocrx_word' id='word_1_469' title='bbox 483 3577 538 3633; x_wconf 76' lang='grc' dir='ltr'>δὲ</span> <span class='ocrx_word' id='word_1_470' title='bbox 621 3575 826 3634; x_wconf 79' lang='grc' dir='ltr'>Ἠλίαν·</span> <span class='ocrx_word' id='word_1_471' title='bbox 909 3575 1074 3654; x_wconf 75' lang='grc' dir='ltr'>ἕτεροι</span> <span class='ocrx_word' id='word_1_472' title='bbox 1151 3574 1205 3632; x_wconf 78' lang='grc' dir='ltr'>δὲ</span> <span class='ocrx_word' id='word_1_473' title='bbox 1255 3567 1532 3654; x_wconf 74' lang='grc' dir='ltr'>Ἰερεμίαν,</span> <span class='ocrx_word' id='word_1_474' title='bbox 1583 3572 1618 3640; x_wconf 71' lang='grc' dir='ltr'><strong>ἦ</strong></span> <span class='ocrx_word' id='word_1_475' title='bbox 1673 3572 1764 3630; x_wconf 70' lang='grc' dir='ltr'>ἕνα</span> <span class='ocrx_word' id='word_1_476' title='bbox 1816 3577 1922 3629; x_wconf 84' lang='grc' dir='ltr'>τῶν</span> 
     </span>
    </p>
   </div>
   <div class='ocr_carea' id='block_1_69' title="bbox 268 3663 1912 3748">
    <p class='ocr_par' dir='ltr' id='par_1_69' title="bbox 268 3663 1912 3748">
     <span class='ocr_line' id='line_1_69' title="bbox 268 3663 1912 3748; baseline -0.005 -22"><span class='ocrx_word' id='word_1_477' title='bbox 268 3666 584 3748; x_wconf 77' lang='grc' dir='ltr'>προφητῶν.</span> <span class='ocrx_word' id='word_1_478' title='bbox 652 3683 681 3722; x_wconf 81' lang='grc'><strong>)</strong></span> <span class='ocrx_word' id='word_1_479' title='bbox 740 3669 799 3724; x_wconf 79' lang='lat' dir='ltr'><strong>Oi</strong></span> <span class='ocrx_word' id='word_1_480' title='bbox 850 3667 948 3741; x_wconf 79' lang='grc' dir='ltr'>μὲν</span> <span class='ocrx_word' id='word_1_481' title='bbox 1006 3663 1260 3732; x_wconf 70' lang='grc' dir='ltr'>Ἰωάννην</span> <span class='ocrx_word' id='word_1_482' title='bbox 1314 3665 1467 3720; x_wconf 73' lang='grc' dir='ltr'>αὐτὸν</span> <span class='ocrx_word' id='word_1_483' title='bbox 1547 3664 1912 3742; x_wconf 73' lang='grc' dir='ltr'>ὀνομάζοντες,</span> 
     </span>
    </p>
   </div>
   <div class='ocr_carea' id='block_1_70' title="bbox 2007 3119 3646 3202">
    <p class='ocr_par' dir='ltr' id='par_1_70' title="bbox 2007 3119 3646 3202">
     <span class='ocr_line' id='line_1_70' title="bbox 2007 3119 3646 3202; baseline -0.001 -20"><span class='ocrx_word' id='word_1_484' title='bbox 2007 3121 2518 3200; x_wconf 83' lang='lat' dir='ltr'><strong>cogitationem,et</strong></span> <span class='ocrx_word' id='word_1_485' title='bbox 2549 3140 2622 3181; x_wconf 92' lang='lat' dir='ltr'><strong>ne</strong></span> <span class='ocrx_word' id='word_1_486' title='bbox 2655 3122 2710 3180; x_wconf 94' lang='lat' dir='ltr'><strong>in</strong></span> <span class='ocrx_word' id='word_1_487' title='bbox 2739 3121 3033 3195; x_wconf 85' lang='lat' dir='ltr'><strong>eamdem,</strong></span> <span class='ocrx_word' id='word_1_488' title='bbox 3059 3122 3117 3182; x_wconf 93' lang='lat' dir='ltr'><strong>in</strong></span> <span class='ocrx_word' id='word_1_489' title='bbox 3143 3140 3319 3202; x_wconf 90' lang='lat' dir='ltr'><strong>quam</strong></span> <span class='ocrx_word' id='word_1_490' title='bbox 3354 3119 3646 3199; x_wconf 86' lang='lat' dir='ltr'><strong>plerique,</strong></span> 
     </span>
    </p>
   </div>
   <div class='ocr_carea' id='block_1_71' title="bbox 2007 3206 3646 3287">
    <p class='ocr_par' dir='ltr' id='par_1_71' title="bbox 2007 3206 3646 3287">
     <span class='ocr_line' id='line_1_71' title="bbox 2007 3206 3646 3287; baseline -0.002 -15"><span class='ocrx_word' id='word_1_491' title='bbox 2007 3210 2220 3272; x_wconf 88' lang='lat' dir='ltr'><strong>cadant</strong></span> <span class='ocrx_word' id='word_1_492' title='bbox 2244 3207 2799 3272; x_wconf 88' lang='lat' dir='ltr'><strong>bumilitatem.Non</strong></span> <span class='ocrx_word' id='word_1_493' title='bbox 2833 3210 3160 3287; x_wconf 80' lang='lat' dir='ltr'><strong>interrogat</strong></span> <span class='ocrx_word' id='word_1_494' title='bbox 3207 3219 3432 3271; x_wconf 89' lang='lat' dir='ltr'><strong>autem.</strong></span> <span class='ocrx_word' id='word_1_495' title='bbox 3459 3206 3646 3278; x_wconf 85' lang='lat' dir='ltr'><strong>Quem</strong></span> 
     </span>
    </p>
   </div>
   <div class='ocr_carea' id='block_1_72' title="bbox 2010 3295 3647 3376">
    <p class='ocr_par' dir='ltr' id='par_1_72' title="bbox 2010 3295 3647 3376">
     <span class='ocr_line' id='line_1_72' title="bbox 2010 3295 3647 3376; baseline 0.001 -18"><span class='ocrx_word' id='word_1_496' title='bbox 2010 3317 2104 3360; x_wconf 91' lang='lat' dir='ltr'><strong>me</strong></span> <span class='ocrx_word' id='word_1_497' title='bbox 2137 3298 2342 3360; x_wconf 88' lang='lat' dir='ltr'><strong>dicunt</strong></span> <span class='ocrx_word' id='word_1_498' title='bbox 2395 3298 2711 3363; x_wconf 71' lang='lat' dir='ltr'><strong>Pharisaei?</strong></span> <span class='ocrx_word' id='word_1_499' title='bbox 2757 3295 2886 3372; x_wconf 83' lang='lat' dir='ltr'><strong>sed,</strong></span> <span class='ocrx_word' id='word_1_500' title='bbox 2918 3300 3197 3362; x_wconf 87' lang='lat' dir='ltr'><strong>Homines</strong></span> <span class='ocrx_word' id='word_1_501' title='bbox 3232 3321 3244 3360; x_wconf 91' lang='lat'><strong>:</strong></span> <span class='ocrx_word' id='word_1_502' title='bbox 3288 3301 3366 3360; x_wconf 86' lang='lat' dir='ltr'><strong>de</strong></span> <span class='ocrx_word' id='word_1_503' title='bbox 3397 3297 3647 3376; x_wconf 91' lang='lat' dir='ltr'><strong>simplici</strong></span> 
     </span>
    </p>
   </div>
   <div class='ocr_carea' id='block_1_73' title="bbox 2009 3387 3033 3466">
    <p class='ocr_par' dir='ltr' id='par_1_73' title="bbox 2009 3387 3033 3466">
     <span class='ocr_line' id='line_1_73' title="bbox 2009 3387 3033 3466; baseline 0.002 -18"><span class='ocrx_word' id='word_1_504' title='bbox 2009 3387 2389 3452; x_wconf 87' lang='lat' dir='ltr'><strong>multitudine</strong></span> <span class='ocrx_word' id='word_1_505' title='bbox 2420 3388 2651 3450; x_wconf 88' lang='lat' dir='ltr'><strong>dicens.</strong></span> <span class='ocrx_word' id='word_1_506' title='bbox 3027 3459 3033 3466; x_wconf 26' lang='grc' dir='ltr'><em>η</em></span> 
     </span>
    </p>
   </div>
   <div class='ocr_carea' id='block_1_74' title="bbox 2086 3474 3648 3558">
    <p class='ocr_par' dir='ltr' id='par_1_74' title="bbox 2086 3474 3648 3558">
     <span class='ocr_line' id='line_1_74' title="bbox 2086 3474 3648 3558; baseline -0.001 -21"><span class='ocrx_word' id='word_1_507' title='bbox 2086 3474 2264 3540; x_wconf 79' lang='lat' dir='ltr'><strong>Vens.</strong></span> <span class='ocrx_word' id='word_1_508' title='bbox 2303 3478 2400 3538; x_wconf 75' lang='grc'><strong>14.</strong></span> <span class='ocrx_word' id='word_1_509' title='bbox 2443 3501 2464 3532; x_wconf 80' lang='grc' dir='ltr'><strong>ι</strong></span> <span class='ocrx_word' id='word_1_510' title='bbox 2503 3475 2593 3537; x_wconf 91' lang='lat' dir='ltr'><strong>Illi</strong></span> <span class='ocrx_word' id='word_1_511' title='bbox 2638 3494 2777 3538; x_wconf 89' lang='lat' dir='ltr'><strong>vero</strong></span> <span class='ocrx_word' id='word_1_512' title='bbox 2841 3475 3165 3540; x_wconf 90' lang='lat' dir='ltr'><strong>dicebant:</strong></span> <span class='ocrx_word' id='word_1_513' title='bbox 3221 3477 3339 3538; x_wconf 86' lang='lat' dir='ltr'><strong>Alii</strong></span> <span class='ocrx_word' id='word_1_514' title='bbox 3408 3477 3648 3558; x_wconf 86' lang='lat' dir='ltr'><strong>quidem</strong></span> 
     </span>
    </p>
   </div>
   <div class='ocr_carea' id='block_1_75' title="bbox 2003 3563 3652 3646">
    <p class='ocr_par' dir='ltr' id='par_1_75' title="bbox 2003 3563 3652 3646">
     <span class='ocr_line' id='line_1_75' title="bbox 2003 3563 3652 3646; baseline -0.001 -18"><span class='ocrx_word' id='word_1_515' title='bbox 2003 3563 2294 3628; x_wconf 88' lang='lat' dir='ltr'><strong>Joannem</strong></span> <span class='ocrx_word' id='word_1_516' title='bbox 2353 3565 2702 3646; x_wconf 85' lang='lat' dir='ltr'><strong>Baptistam,</strong></span> <span class='ocrx_word' id='word_1_517' title='bbox 2762 3565 2861 3627; x_wconf 88' lang='lat' dir='ltr'><strong>alli</strong></span> <span class='ocrx_word' id='word_1_518' title='bbox 2905 3585 3043 3629; x_wconf 91' lang='lat' dir='ltr'><strong>vero</strong></span> <span class='ocrx_word' id='word_1_519' title='bbox 3075 3567 3291 3646; x_wconf 88' lang='lat' dir='ltr'><strong>Eliam,</strong></span> <span class='ocrx_word' id='word_1_520' title='bbox 3323 3567 3423 3629; x_wconf 90' lang='lat' dir='ltr'><strong>alii</strong></span> <span class='ocrx_word' id='word_1_521' title='bbox 3453 3575 3652 3628; x_wconf 90' lang='lat' dir='ltr'><strong>autem</strong></span> 
     </span>
    </p>
   </div>
   <div class='ocr_carea' id='block_1_76' title="bbox 2005 3653 3652 3736">
    <p class='ocr_par' dir='ltr' id='par_1_76' title="bbox 2005 3653 3652 3736">
     <span class='ocr_line' id='line_1_76' title="bbox 2005 3653 3652 3736; baseline 0.001 -21"><span class='ocrx_word' id='word_1_522' title='bbox 2005 3653 2501 3730; x_wconf 88' lang='lat' dir='ltr'><strong>Hieremiam,aut</strong></span> <span class='ocrx_word' id='word_1_523' title='bbox 2530 3675 2711 3717; x_wconf 91' lang='lat' dir='ltr'><strong>unum</strong></span> <span class='ocrx_word' id='word_1_524' title='bbox 2746 3674 2815 3717; x_wconf 83' lang='lat' dir='ltr'><strong>ex</strong></span> <span class='ocrx_word' id='word_1_525' title='bbox 2849 3656 3214 3736; x_wconf 76' lang='lat' dir='ltr'><strong>prophetis.»</strong></span> <span class='ocrx_word' id='word_1_526' title='bbox 3249 3655 3652 3727; x_wconf 87' lang='lat' dir='ltr'><strong>QuiJoannem</strong></span> 
     </span>
    </p>
   </div>
   <div class='ocr_carea' id='block_1_77' title="bbox 269 3743 1925 3831">
    <p class='ocr_par' dir='ltr' id='par_1_77' title="bbox 269 3743 1917 3831">
     <span class='ocr_line' id='line_1_77' title="bbox 269 3743 1917 3831; baseline -0.003 -20"><span class='ocrx_word' id='word_1_527' title='bbox 269 3743 406 3823; x_wconf 72' lang='grc' dir='ltr'>ἦσαν</span> <span class='ocrx_word' id='word_1_528' title='bbox 454 3756 526 3816; x_wconf 72' lang='grc' dir='ltr'>ὡς</span> <span class='ocrx_word' id='word_1_529' title='bbox 583 3755 611 3808; x_wconf 97' lang='lat'><strong>6</strong></span> <span class='ocrx_word' id='word_1_530' title='bbox 664 3751 932 3831; x_wconf 86' lang='grc' dir='ltr'>Ἠρώδης,</span> <span class='ocrx_word' id='word_1_531' title='bbox 994 3755 1294 3828; x_wconf 73' lang='grc' dir='ltr'>νομίζοντες</span> <span class='ocrx_word' id='word_1_532' title='bbox 1351 3753 1442 3808; x_wconf 82' lang='grc' dir='ltr'><strong>τὸν</strong></span> <span class='ocrx_word' id='word_1_533' title='bbox 1500 3750 1750 3818; x_wconf 75' lang='grc' dir='ltr'>Ἰωάννην</span> <span class='ocrx_word' id='word_1_534' title='bbox 1782 3753 1917 3826; x_wconf 76' lang='grc' dir='ltr'>μετὰ</span> 
     </span>
    </p>
   </div>
   <div class='ocr_carea' id='block_1_78' title="bbox 2018 3743 3654 3831">
    <p class='ocr_par' dir='ltr' id='par_1_78' title="bbox 2026 3743 3654 3826">
     <span class='ocr_line' id='line_1_78' title="bbox 2026 3743 3654 3826; baseline 0.001 -21"><span class='ocrx_word' id='word_1_535' title='bbox 2026 3744 2168 3805; x_wconf 91' lang='lat' dir='ltr'><strong>llum</strong></span> <span class='ocrx_word' id='word_1_536' title='bbox 2233 3745 2638 3820; x_wconf 87' lang='lat' dir='ltr'><strong>nominabant,</strong></span> <span class='ocrx_word' id='word_1_537' title='bbox 2693 3759 2865 3806; x_wconf 87' lang='lat' dir='ltr'><strong>erant</strong></span> <span class='ocrx_word' id='word_1_538' title='bbox 2896 3763 2968 3806; x_wconf 82' lang='lat' dir='ltr'><strong>ex</strong></span> <span class='ocrx_word' id='word_1_539' title='bbox 2999 3746 3093 3806; x_wconf 89' lang='lat' dir='ltr'><strong>bis</strong></span> <span class='ocrx_word' id='word_1_540' title='bbox 3130 3745 3387 3826; x_wconf 74' lang='lat' dir='ltr'><strong>quicum</strong></span> <span class='ocrx_word' id='word_1_541' title='bbox 3416 3743 3654 3806; x_wconf 87' lang='lat' dir='ltr'><strong>Herode</strong></span> 
     </span>
    </p>
   </div>
   <div class='ocr_carea' id='block_1_79' title="bbox 273 3833 1925 3920">
    <p class='ocr_par' dir='ltr' id='par_1_79' title="bbox 273 3837 1914 3920">
     <span class='ocr_line' id='line_1_79' title="bbox 273 3837 1914 3920; baseline -0.001 -24"><span class='ocrx_word' id='word_1_542' title='bbox 273 3844 376 3910; x_wconf 76' lang='grc' dir='ltr'>τὴν</span> <span class='ocrx_word' id='word_1_543' title='bbox 425 3843 706 3914; x_wconf 77' lang='grc' dir='ltr'>ἀνάστασιν</span> <span class='ocrx_word' id='word_1_544' title='bbox 765 3843 852 3898; x_wconf 86' lang='grc' dir='ltr'><strong>καὶ</strong></span> <span class='ocrx_word' id='word_1_545' title='bbox 882 3852 1033 3900; x_wconf 81' lang='grc' dir='ltr'>τοῦτο</span> <span class='ocrx_word' id='word_1_546' title='bbox 1090 3844 1152 3897; x_wconf 69' lang='grc' dir='ltr'><strong>τὸ</strong></span> <span class='ocrx_word' id='word_1_547' title='bbox 1185 3844 1426 3920; x_wconf 82' lang='grc' dir='ltr'>χάρισμα</span> <span class='ocrx_word' id='word_1_548' title='bbox 1458 3837 1666 3914; x_wconf 65' lang='grc' dir='ltr'>λαϐεῖν,</span> <span class='ocrx_word' id='word_1_549' title='bbox 1705 3841 1766 3896; x_wconf 78' lang='grc' dir='ltr'><strong>τὸ</strong></span> <span class='ocrx_word' id='word_1_550' title='bbox 1817 3846 1914 3907; x_wconf 78' lang='grc' dir='ltr'>τῆς</span> 
     </span>
    </p>
   </div>
   <div class='ocr_carea' id='block_1_80' title="bbox 2018 3833 3649 3920">
    <p class='ocr_par' dir='ltr' id='par_1_80' title="bbox 2018 3833 3649 3915">
     <span class='ocr_line' id='line_1_80' title="bbox 2018 3833 3649 3915; baseline 0.001 -23"><span class='ocrx_word' id='word_1_551' title='bbox 2018 3833 2285 3895; x_wconf 80' lang='lat' dir='ltr'><strong>mtabant</strong></span> <span class='ocrx_word' id='word_1_552' title='bbox 2363 3833 2657 3896; x_wconf 88' lang='lat' dir='ltr'><strong>Joannem</strong></span> <span class='ocrx_word' id='word_1_553' title='bbox 2729 3844 2860 3915; x_wconf 82' lang='lat' dir='ltr'><strong>post</strong></span> <span class='ocrx_word' id='word_1_554' title='bbox 2904 3835 3413 3896; x_wconf 88' lang='lat' dir='ltr'><strong>resurrectionem</strong></span> <span class='ocrx_word' id='word_1_555' title='bbox 3473 3835 3649 3895; x_wconf 89' lang='lat' dir='ltr'><strong>etiam</strong></span> 
     </span>
    </p>
   </div>
   <div class='ocr_carea' id='block_1_81' title="bbox 274 3928 1910 4008">
    <p class='ocr_par' dir='ltr' id='par_1_81' title="bbox 274 3928 1910 4008">
     <span class='ocr_line' id='line_1_81' title="bbox 274 3928 1910 4008; baseline -0.004 -19"><span class='ocrx_word' id='word_1_556' title='bbox 274 3931 710 4008; x_wconf 72' lang='grc' dir='ltr'>θαυματουργίαςο</span> <span class='ocrx_word' id='word_1_557' title='bbox 787 3931 833 3987; x_wconf 75' lang='grc' dir='ltr'>οἱ</span> <span class='ocrx_word' id='word_1_558' title='bbox 895 3928 949 3986; x_wconf 78' lang='grc' dir='ltr'>δὲ</span> <span class='ocrx_word' id='word_1_559' title='bbox 1007 3929 1213 4005; x_wconf 80' lang='grc' dir='ltr'>Ἠλίαν,</span> <span class='ocrx_word' id='word_1_560' title='bbox 1275 3928 1358 3985; x_wconf 82' lang='grc' dir='ltr'><strong>διὰ</strong></span> <span class='ocrx_word' id='word_1_561' title='bbox 1440 3932 1500 3986; x_wconf 85' lang='grc' dir='ltr'>τὸ</span> <span class='ocrx_word' id='word_1_562' title='bbox 1585 3929 1910 4008; x_wconf 73' lang='grc' dir='ltr'>ἐλεγκτικὸν,</span> 
     </span>
    </p>
   </div>
   <div class='ocr_carea' id='block_1_82' title="bbox 269 4007 1920 4097">
    <p class='ocr_par' dir='ltr' id='par_1_82' title="bbox 269 4007 1920 4097">
     <span class='ocr_line' id='line_1_82' title="bbox 269 4007 1920 4097; baseline -0.003 -20"><span class='ocrx_word' id='word_1_563' title='bbox 269 4021 359 4077; x_wconf 81' lang='grc' dir='ltr'><strong>καὶ</strong></span> <span class='ocrx_word' id='word_1_564' title='bbox 409 4017 492 4075; x_wconf 75' lang='grc' dir='ltr'><strong>διὰ</strong></span> <span class='ocrx_word' id='word_1_565' title='bbox 541 4007 610 4076; x_wconf 31' lang='grc' dir='ltr'><strong>ίτδ</strong></span> <span class='ocrx_word' id='word_1_566' title='bbox 667 4015 1049 4097; x_wconf 80' lang='grc' dir='ltr'>προσδοκᾶσθαι</span> <span class='ocrx_word' id='word_1_567' title='bbox 1105 4016 1185 4075; x_wconf 80' lang='grc' dir='ltr'><strong>ὅτι</strong></span> <span class='ocrx_word' id='word_1_568' title='bbox 1245 4016 1542 4074; x_wconf 73' lang='grc' dir='ltr'>ἐλεύσεται·</span> <span class='ocrx_word' id='word_1_569' title='bbox 1591 4020 1638 4074; x_wconf 76' lang='grc' dir='ltr'>οἱ</span> <span class='ocrx_word' id='word_1_570' title='bbox 1668 4015 1721 4072; x_wconf 77' lang='grc' dir='ltr'>δὲ</span> <span class='ocrx_word' id='word_1_571' title='bbox 1759 4007 1920 4094; x_wconf 75' lang='grc' dir='ltr'>Ἰερε-</span> 
     </span>
    </p>
   </div>
   <div class='ocr_carea' id='block_1_83' title="bbox 267 4105 1920 4186">
    <p class='ocr_par' dir='ltr' id='par_1_83' title="bbox 267 4105 1920 4186">
     <span class='ocr_line' id='line_1_83' title="bbox 267 4105 1920 4186; baseline -0.002 -22"><span class='ocrx_word' id='word_1_572' title='bbox 267 4109 421 4184; x_wconf 85' lang='grc' dir='ltr'>μίαν,</span> <span class='ocrx_word' id='word_1_573' title='bbox 476 4105 562 4164; x_wconf 79' lang='grc' dir='ltr'><strong>διὰ</strong></span> <span class='ocrx_word' id='word_1_574' title='bbox 616 4109 677 4164; x_wconf 81' lang='grc' dir='ltr'>τὸ</span> <span class='ocrx_word' id='word_1_575' title='bbox 735 4106 986 4180; x_wconf 73' lang='grc' dir='ltr'>αὖτοφυὲς</span> <span class='ocrx_word' id='word_1_576' title='bbox 1042 4113 1140 4173; x_wconf 75' lang='grc' dir='ltr'><strong>τῆς</strong></span> <span class='ocrx_word' id='word_1_577' title='bbox 1197 4107 1378 4186; x_wconf 81' lang='grc' dir='ltr'>σοφίας</span> <span class='ocrx_word' id='word_1_578' title='bbox 1437 4108 1524 4162; x_wconf 83' lang='grc' dir='ltr'><strong>καὶ</strong></span> <span class='ocrx_word' id='word_1_579' title='bbox 1577 4105 1697 4165; x_wconf 75' lang='grc' dir='ltr'>ἄνευ</span> <span class='ocrx_word' id='word_1_580' title='bbox 1747 4107 1920 4180; x_wconf 73' lang='grc' dir='ltr'>μαθή-</span> 
     </span>
    </p>
   </div>
   <div class='ocr_carea' id='block_1_84' title="bbox 2000 3921 3650 4004">
    <p class='ocr_par' dir='ltr' id='par_1_84' title="bbox 2000 3921 3650 4004">
     <span class='ocr_line' id='line_1_84' title="bbox 2000 3921 3650 4004; baseline -0.001 -22"><span class='ocrx_word' id='word_1_581' title='bbox 2000 3921 2222 3983; x_wconf 91' lang='lat' dir='ltr'><strong>donum</strong></span> <span class='ocrx_word' id='word_1_582' title='bbox 2291 3925 2595 4002; x_wconf 88' lang='lat' dir='ltr'><strong>accepisse</strong></span> <span class='ocrx_word' id='word_1_583' title='bbox 2626 3923 2919 4004; x_wconf 89' lang='lat' dir='ltr'><strong>operandi</strong></span> <span class='ocrx_word' id='word_1_584' title='bbox 2952 3924 3253 3985; x_wconf 89' lang='lat' dir='ltr'><strong>miracula.</strong></span> <span class='ocrx_word' id='word_1_585' title='bbox 3290 3922 3402 3995; x_wconf 89' lang='lat' dir='ltr'><strong>Qui</strong></span> <span class='ocrx_word' id='word_1_586' title='bbox 3452 3932 3650 3983; x_wconf 88' lang='lat' dir='ltr'><strong>autem</strong></span> 
     </span>
    </p>
   </div>
   <div class='ocr_carea' id='block_1_85' title="bbox 2003 4010 3654 4092">
    <p class='ocr_par' dir='ltr' id='par_1_85' title="bbox 2003 4010 3654 4092">
     <span class='ocr_line' id='line_1_85' title="bbox 2003 4010 3654 4092; baseline 0.001 -20"><span class='ocrx_word' id='word_1_587' title='bbox 2003 4010 2708 4085; x_wconf 71' lang='lat' dir='ltr'><strong>Eliam,movebanturex</strong></span> <span class='ocrx_word' id='word_1_588' title='bbox 2735 4031 2803 4074; x_wconf 94' lang='lat' dir='ltr'><strong>eo</strong></span> <span class='ocrx_word' id='word_1_589' title='bbox 2829 4012 2980 4092; x_wconf 85' lang='lat' dir='ltr'><strong>quod</strong></span> <span class='ocrx_word' id='word_1_590' title='bbox 3005 4012 3222 4074; x_wconf 87' lang='lat' dir='ltr'><strong>acriter</strong></span> <span class='ocrx_word' id='word_1_591' title='bbox 3241 4011 3654 4092; x_wconf 86' lang='lat' dir='ltr'><strong>reprehende-</strong></span> 
     </span>
    </p>
   </div>
   <div class='ocr_carea' id='block_1_86' title="bbox 2011 4099 3654 4182">
    <p class='ocr_par' dir='ltr' id='par_1_86' title="bbox 2011 4099 3654 4182">
     <span class='ocr_line' id='line_1_86' title="bbox 2011 4099 3654 4182; baseline 0.001 -22"><span class='ocrx_word' id='word_1_592' title='bbox 2011 4099 2106 4162; x_wconf 87' lang='lat' dir='ltr'><strong>bat</strong></span> <span class='ocrx_word' id='word_1_593' title='bbox 2141 4108 2199 4163; x_wconf 90' lang='lat' dir='ltr'><strong>et</strong></span> <span class='ocrx_word' id='word_1_594' title='bbox 2231 4100 2678 4181; x_wconf 85' lang='lat' dir='ltr'><strong>exspectabant,</strong></span> <span class='ocrx_word' id='word_1_595' title='bbox 2711 4103 2867 4182; x_wconf 90' lang='lat' dir='ltr'><strong>quod</strong></span> <span class='ocrx_word' id='word_1_596' title='bbox 2904 4101 3267 4174; x_wconf 87' lang='lat' dir='ltr'><strong>veniret.Qui</strong></span> <span class='ocrx_word' id='word_1_597' title='bbox 3299 4102 3654 4162; x_wconf 77' lang='lat' dir='ltr'><strong>verolliere-</strong></span> 
     </span>
    </p>
   </div>
   <div class='ocr_carea' id='block_1_87' title="bbox 264 4189 1925 4275">
    <p class='ocr_par' dir='ltr' id='par_1_87' title="bbox 264 4194 1924 4275">
     <span class='ocr_line' id='line_1_87' title="bbox 264 4194 1924 4275; baseline -0.002 -21"><span class='ocrx_word' id='word_1_598' title='bbox 264 4214 426 4260; x_wconf 84' lang='grc' dir='ltr'>σεως·</span> <span class='ocrx_word' id='word_1_599' title='bbox 490 4199 518 4251; x_wconf 89' lang='lat'><strong>6</strong></span> <span class='ocrx_word' id='word_1_600' title='bbox 558 4197 658 4275; x_wconf 78' lang='grc' dir='ltr'><strong>γὰρ</strong></span> <span class='ocrx_word' id='word_1_601' title='bbox 717 4194 994 4274; x_wconf 82' lang='grc' dir='ltr'>Ἱερεμίας,</span> <span class='ocrx_word' id='word_1_602' title='bbox 1052 4209 1182 4258; x_wconf 76' lang='grc' dir='ltr'>παῖς</span> <span class='ocrx_word' id='word_1_603' title='bbox 1281 4195 1356 4252; x_wconf 81' lang='grc' dir='ltr'>ὥν</span> <span class='ocrx_word' id='word_1_604' title='bbox 1438 4197 1510 4258; x_wconf 76' lang='grc' dir='ltr'>εἷς</span> <span class='ocrx_word' id='word_1_605' title='bbox 1595 4195 1924 4274; x_wconf 81' lang='grc' dir='ltr'>προφητείαν</span> 
     </span>
    </p>
   </div>
   <div class='ocr_carea' id='block_1_88' title="bbox 2018 4189 3656 4275">
    <p class='ocr_par' dir='ltr' id='par_1_88' title="bbox 2018 4189 3656 4272">
     <span class='ocr_line' id='line_1_88' title="bbox 2018 4189 3656 4272; baseline -0.001 -21"><span class='ocrx_word' id='word_1_606' title='bbox 2018 4190 2339 4270; x_wconf 88' lang='lat' dir='ltr'><strong>miam,hoc</strong></span> <span class='ocrx_word' id='word_1_607' title='bbox 2372 4189 2834 4270; x_wconf 90' lang='lat' dir='ltr'><strong>dicebant,quod</strong></span> <span class='ocrx_word' id='word_1_608' title='bbox 2858 4191 3038 4251; x_wconf 87' lang='lat' dir='ltr'><strong>simili</strong></span> <span class='ocrx_word' id='word_1_609' title='bbox 3060 4190 3350 4272; x_wconf 78' lang='lat' dir='ltr'><strong>sapientia</strong></span> <span class='ocrx_word' id='word_1_610' title='bbox 3376 4191 3656 4270; x_wconf 62' lang='lat' dir='ltr'><strong>praeditus</strong></span> 
     </span>
    </p>
   </div>
   <div class='ocr_carea' id='block_1_89' title="bbox 262 4285 498 4364">
    <p class='ocr_par' dir='ltr' id='par_1_89' title="bbox 262 4285 498 4364">
     <span class='ocr_line' id='line_1_89' title="bbox 262 4285 498 4364; baseline -0.004 -22"><span class='ocrx_word' id='word_1_611' title='bbox 262 4285 472 4364; x_wconf 68' lang='grc' dir='ltr'>ὶτάχθη</span> <span class='ocrx_word' id='word_1_612' title='bbox 482 4331 498 4347; x_wconf 92' lang='grc'><strong>.</strong></span> 
     </span>
    </p>
   </div>
   <div class='ocr_carea' id='block_1_90' title="bbox 355 4451 1923 4538">
    <p class='ocr_par' dir='ltr' id='par_1_90' title="bbox 355 4451 1923 4538">
     <span class='ocr_line' id='line_1_90' title="bbox 355 4451 1923 4538; baseline -0.004 -20"><span class='ocrx_word' id='word_1_613' title='bbox 355 4478 382 4518; x_wconf 69' lang='grc' dir='ltr'><strong>ο</strong></span> <span class='ocrx_word' id='word_1_614' title='bbox 445 4461 599 4538; x_wconf 78' lang='grc' dir='ltr'>Λέγει</span> <span class='ocrx_word' id='word_1_615' title='bbox 656 4460 864 4524; x_wconf 73' lang='grc' dir='ltr'>αὐτοῖς·</span> <span class='ocrx_word' id='word_1_616' title='bbox 929 4451 1114 4535; x_wconf 68' lang='grc' dir='ltr'>Ὑμεῖς</span> <span class='ocrx_word' id='word_1_617' title='bbox 1148 4461 1201 4516; x_wconf 76' lang='grc' dir='ltr'>δὲ</span> <span class='ocrx_word' id='word_1_618' title='bbox 1256 4463 1370 4517; x_wconf 83' lang='grc' dir='ltr'>τίνα</span> <span class='ocrx_word' id='word_1_619' title='bbox 1404 4482 1471 4536; x_wconf 92' lang='grc' dir='ltr'><strong>με</strong></span> <span class='ocrx_word' id='word_1_620' title='bbox 1520 4459 1703 4537; x_wconf 71' lang='grc' dir='ltr'>ὶέγετε</span> <span class='ocrx_word' id='word_1_621' title='bbox 1735 4459 1923 4538; x_wconf 69' lang='grc' dir='ltr'>εἶναι,</span> 
     </span>
    </p>
   </div>
   <div class='ocr_carea' id='block_1_91' title="bbox 267 4547 1926 4629">
    <p class='ocr_par' dir='ltr' id='par_1_91' title="bbox 267 4547 1926 4629">
     <span class='ocr_line' id='line_1_91' title="bbox 267 4547 1926 4629; baseline -0.004 -22"><span class='ocrx_word' id='word_1_622' title='bbox 267 4548 594 4629; x_wconf 75' lang='grc' dir='ltr'>’Δποκριθεὶς</span> <span class='ocrx_word' id='word_1_623' title='bbox 652 4547 705 4604; x_wconf 75' lang='grc' dir='ltr'>δὲ</span> <span class='ocrx_word' id='word_1_624' title='bbox 763 4551 944 4624; x_wconf 81' lang='grc' dir='ltr'>Σίμων</span> <span class='ocrx_word' id='word_1_625' title='bbox 1004 4550 1221 4629; x_wconf 71' lang='grc' dir='ltr'>Πέτρος,</span> <span class='ocrx_word' id='word_1_626' title='bbox 1256 4550 1404 4606; x_wconf 84' lang='grc' dir='ltr'>εἷπε·</span> <span class='ocrx_word' id='word_1_627' title='bbox 1442 4551 1516 4606; x_wconf 83' lang='grc' dir='ltr'><strong>Σὺ</strong></span> <span class='ocrx_word' id='word_1_628' title='bbox 1547 4551 1601 4606; x_wconf 76' lang='grc' dir='ltr'>εἶ</span> <span class='ocrx_word' id='word_1_629' title='bbox 1649 4552 1676 4605; x_wconf 89' lang='lat'><strong>6</strong></span> <span class='ocrx_word' id='word_1_630' title='bbox 1706 4549 1926 4627; x_wconf 79' lang='grc' dir='ltr'>Χριστὸς</span> 
     </span>
    </p>
   </div>
   <div class='ocr_carea' id='block_1_92' title="bbox 267 4637 1930 4716">
    <p class='ocr_par' dir='ltr' id='par_1_92' title="bbox 267 4637 1930 4716">
     <span class='ocr_line' id='line_1_92' title="bbox 267 4637 1930 4716; baseline -0.002 -21"><span class='ocrx_word' id='word_1_631' title='bbox 267 4641 296 4696; x_wconf 90' lang='lat'><strong>6</strong></span> <span class='ocrx_word' id='word_1_632' title='bbox 359 4640 477 4702; x_wconf 73' lang='grc' dir='ltr'><strong>Υἱὸς</strong></span> <span class='ocrx_word' id='word_1_633' title='bbox 533 4647 626 4698; x_wconf 80' lang='grc' dir='ltr'>τοῦ</span> <span class='ocrx_word' id='word_1_634' title='bbox 687 4644 818 4694; x_wconf 80' lang='grc' dir='ltr'>Θεοῦ</span> <span class='ocrx_word' id='word_1_635' title='bbox 843 4645 939 4694; x_wconf 80' lang='grc' dir='ltr'>τοῦ</span> <span class='ocrx_word' id='word_1_636' title='bbox 965 4644 1185 4708; x_wconf 84' lang='grc' dir='ltr'>ζῶντος.</span> <span class='ocrx_word' id='word_1_637' title='bbox 1226 4660 1253 4693; x_wconf 75' lang='grc' dir='ltr'><strong><em>ι</em></strong></span> <span class='ocrx_word' id='word_1_638' title='bbox 1293 4640 1392 4696; x_wconf 83' lang='grc' dir='ltr'><strong>Καὶ</strong></span> <span class='ocrx_word' id='word_1_639' title='bbox 1423 4637 1582 4694; x_wconf 76' lang='grc' dir='ltr'>πάλιν</span> <span class='ocrx_word' id='word_1_640' title='bbox 1615 4640 1687 4703; x_wconf 86' lang='grc' dir='ltr'>ὼς</span> <span class='ocrx_word' id='word_1_641' title='bbox 1736 4637 1930 4716; x_wconf 80' lang='grc' dir='ltr'>θερμὸς</span> 
     </span>
    </p>
   </div>
   <div class='ocr_carea' id='block_1_93' title="bbox 265 4724 1926 4805">
    <p class='ocr_par' dir='ltr' id='par_1_93' title="bbox 265 4724 1926 4805">
     <span class='ocr_line' id='line_1_93' title="bbox 265 4724 1926 4805; baseline -0.002 -21"><span class='ocrx_word' id='word_1_642' title='bbox 265 4729 294 4784; x_wconf 87' lang='lat'><strong>6</strong></span> <span class='ocrx_word' id='word_1_643' title='bbox 355 4727 549 4804; x_wconf 82' lang='grc' dir='ltr'>Πέτρος</span> <span class='ocrx_word' id='word_1_644' title='bbox 601 4724 872 4805; x_wconf 74' lang='grc' dir='ltr'>προπηδᾷ,</span> <span class='ocrx_word' id='word_1_645' title='bbox 945 4729 1031 4783; x_wconf 82' lang='grc' dir='ltr'>καὶ</span> <span class='ocrx_word' id='word_1_646' title='bbox 1083 4727 1344 4804; x_wconf 79' lang='grc' dir='ltr'>ὁμολογεῖ</span> <span class='ocrx_word' id='word_1_647' title='bbox 1400 4725 1612 4795; x_wconf 78' lang='grc' dir='ltr'>ἀληθῶς</span> <span class='ocrx_word' id='word_1_648' title='bbox 1645 4728 1801 4786; x_wconf 75' lang='grc' dir='ltr'>αὐτὸν</span> <span class='ocrx_word' id='word_1_649' title='bbox 1834 4725 1926 4781; x_wconf 78' lang='grc' dir='ltr'><strong>εἷ-</strong></span> 
     </span>
    </p>
   </div>
   <div class='ocr_carea' id='block_1_94' title="bbox 263 4815 1919 4897">
    <p class='ocr_par' dir='ltr' id='par_1_94' title="bbox 263 4815 1919 4897">
     <span class='ocr_line' id='line_1_94' title="bbox 263 4815 1919 4897; baseline 0.001 -28"><span class='ocrx_word' id='word_1_650' title='bbox 263 4833 350 4874; x_wconf 82' lang='grc' dir='ltr'><strong>ναι</strong></span> <span class='ocrx_word' id='word_1_651' title='bbox 413 4816 505 4871; x_wconf 79' lang='grc' dir='ltr'><strong>τὸν</strong></span> <span class='ocrx_word' id='word_1_652' title='bbox 565 4815 698 4871; x_wconf 61' lang='lat' dir='ltr'><strong>me»</strong></span> <span class='ocrx_word' id='word_1_653' title='bbox 751 4821 843 4871; x_wconf 83' lang='grc' dir='ltr'>τοῦ</span> <span class='ocrx_word' id='word_1_654' title='bbox 901 4822 1052 4877; x_wconf 81' lang='grc' dir='ltr'>Θεοῦ.</span> <span class='ocrx_word' id='word_1_655' title='bbox 1113 4818 1185 4874; x_wconf 69' lang='grc'><strong>0-5</strong></span> <span class='ocrx_word' id='word_1_656' title='bbox 1216 4818 1316 4894; x_wconf 80' lang='grc' dir='ltr'><strong>γὰρ</strong></span> <span class='ocrx_word' id='word_1_657' title='bbox 1351 4817 1502 4897; x_wconf 79' lang='grc' dir='ltr'>εἶπε,</span> <span class='ocrx_word' id='word_1_658' title='bbox 1537 4819 1608 4873; x_wconf 81' lang='grc' dir='ltr'>Σὺ</span> <span class='ocrx_word' id='word_1_659' title='bbox 1641 4817 1694 4874; x_wconf 75' lang='grc' dir='ltr'>εἴ</span> <span class='ocrx_word' id='word_1_660' title='bbox 1727 4819 1754 4872; x_wconf 86' lang='grc' dir='ltr'>ὁ</span> <span class='ocrx_word' id='word_1_661' title='bbox 1786 4823 1919 4892; x_wconf 81' lang='grc' dir='ltr'>Χρι-</span> 
     </span>
    </p>
   </div>
   <div class='ocr_carea' id='block_1_95' title="bbox 267 4903 1924 4986">
    <p class='ocr_par' dir='ltr' id='par_1_95' title="bbox 267 4903 1924 4986">
     <span class='ocr_line' id='line_1_95' title="bbox 267 4903 1924 4986; baseline 0.002 -27"><span class='ocrx_word' id='word_1_662' title='bbox 267 4903 394 4968; x_wconf 82' lang='grc' dir='ltr'>στὸς</span> <span class='ocrx_word' id='word_1_663' title='bbox 453 4904 570 4966; x_wconf 79' lang='grc' dir='ltr'>Υἱὸς</span> <span class='ocrx_word' id='word_1_664' title='bbox 620 4911 712 4961; x_wconf 83' lang='grc' dir='ltr'>τοῦ</span> <span class='ocrx_word' id='word_1_665' title='bbox 781 4910 934 4982; x_wconf 79' lang='grc' dir='ltr'>Θεοῦ,</span> <span class='ocrx_word' id='word_1_666' title='bbox 968 4907 1136 4984; x_wconf 88' lang='grc' dir='ltr'>χωρὶς</span> <span class='ocrx_word' id='word_1_667' title='bbox 1167 4914 1258 4963; x_wconf 82' lang='grc' dir='ltr'>τοῦ</span> <span class='ocrx_word' id='word_1_668' title='bbox 1289 4910 1317 4963; x_wconf 89' lang='lat'><strong>6</strong></span> <span class='ocrx_word' id='word_1_669' title='bbox 1367 4907 1574 4986; x_wconf 74' lang='grc' dir='ltr'>ἄρθρου,</span> <span class='ocrx_word' id='word_1_670' title='bbox 1609 4905 1744 4962; x_wconf 79' lang='grc' dir='ltr'>ἀλλὰ</span> <span class='ocrx_word' id='word_1_671' title='bbox 1789 4905 1924 4980; x_wconf 80' lang='grc' dir='ltr'>μετὰ</span> 
     </span>
    </p>
   </div>
   <div class='ocr_carea' id='block_1_96' title="bbox 264 4991 1922 5074">
    <p class='ocr_par' dir='ltr' id='par_1_96' title="bbox 264 4991 1922 5074">
     <span class='ocr_line' id='line_1_96' title="bbox 264 4991 1922 5074; baseline 0.001 -25"><span class='ocrx_word' id='word_1_672' title='bbox 264 4995 360 5049; x_wconf 58' lang='lat' dir='ltr'><strong>to;</strong></span> <span class='ocrx_word' id='word_1_673' title='bbox 427 4991 634 5073; x_wconf 75' lang='grc' dir='ltr'>ἄρθρου,</span> <span class='ocrx_word' id='word_1_674' title='bbox 694 4995 723 5048; x_wconf 84' lang='grc' dir='ltr'>ὑ</span> <span class='ocrx_word' id='word_1_675' title='bbox 784 4995 928 5064; x_wconf 82' lang='grc' dir='ltr'>Υιὸς,</span> <span class='ocrx_word' id='word_1_676' title='bbox 994 4994 1283 5074; x_wconf 79' lang='grc' dir='ltr'>τουτέστιν,</span> <span class='ocrx_word' id='word_1_677' title='bbox 1313 4998 1468 5059; x_wconf 74' lang='grc' dir='ltr'>αὐτὸς</span> <span class='ocrx_word' id='word_1_678' title='bbox 1509 4999 1718 5058; x_wconf 72' lang='grc' dir='ltr'>ὶκεῖνος</span> <span class='ocrx_word' id='word_1_679' title='bbox 1749 4997 1778 5052; x_wconf 87' lang='lat'><strong>6</strong></span> <span class='ocrx_word' id='word_1_680' title='bbox 1837 4995 1922 5057; x_wconf 81' lang='grc' dir='ltr'>εἷς</span> 
     </span>
    </p>
   </div>
   <div class='ocr_carea' id='block_1_97' title="bbox 265 5079 1918 5162">
    <p class='ocr_par' dir='ltr' id='par_1_97' title="bbox 265 5079 1918 5162">
     <span class='ocr_line' id='line_1_97' title="bbox 265 5079 1918 5162; baseline 0.001 -24"><span class='ocrx_word' id='word_1_681' title='bbox 265 5081 356 5138; x_wconf 83' lang='grc' dir='ltr'><strong>καὶ</strong></span> <span class='ocrx_word' id='word_1_682' title='bbox 412 5082 597 5157; x_wconf 88' lang='grc' dir='ltr'>μόνος,</span> <span class='ocrx_word' id='word_1_683' title='bbox 659 5082 719 5138; x_wconf 72' lang='grc' dir='ltr'>οὗ</span> <span class='ocrx_word' id='word_1_684' title='bbox 773 5079 956 5162; x_wconf 77' lang='grc' dir='ltr'>χάριτι</span> <span class='ocrx_word' id='word_1_685' title='bbox 1017 5085 1158 5160; x_wconf 77' lang='grc' dir='ltr'>Υἱὸς,</span> <span class='ocrx_word' id='word_1_686' title='bbox 1220 5082 1340 5140; x_wconf 81' lang='grc' dir='ltr'>ἀλλ’</span> <span class='ocrx_word' id='word_1_687' title='bbox 1369 5089 1397 5142; x_wconf 90' lang='lat'><strong>6</strong></span> <span class='ocrx_word' id='word_1_688' title='bbox 1423 5084 1475 5152; x_wconf 79' lang='grc' dir='ltr'><strong>ἐξ</strong></span> <span class='ocrx_word' id='word_1_689' title='bbox 1504 5084 1664 5152; x_wconf 76' lang='grc' dir='ltr'>αὒτῆς</span> <span class='ocrx_word' id='word_1_690' title='bbox 1695 5089 1792 5151; x_wconf 76' lang='grc' dir='ltr'><strong>τῆς</strong></span> <span class='ocrx_word' id='word_1_691' title='bbox 1825 5084 1918 5140; x_wconf 78' lang='grc' dir='ltr'><strong>οὒ-</strong></span> 
     </span>
    </p>
   </div>
   <div class='ocr_carea' id='block_1_98' title="bbox 267 5170 1920 5252">
    <p class='ocr_par' dir='ltr' id='par_1_98' title="bbox 267 5170 1920 5252">
     <span class='ocr_line' id='line_1_98' title="bbox 267 5170 1920 5252; baseline -0.001 -24"><span class='ocrx_word' id='word_1_692' title='bbox 267 5171 383 5233; x_wconf 82' lang='grc' dir='ltr'><strong>σίας</strong></span> <span class='ocrx_word' id='word_1_693' title='bbox 427 5179 520 5230; x_wconf 80' lang='grc' dir='ltr'><strong>τοῦ</strong></span> <span class='ocrx_word' id='word_1_694' title='bbox 577 5171 782 5250; x_wconf 83' lang='grc' dir='ltr'>Πατρὸς</span> <span class='ocrx_word' id='word_1_695' title='bbox 841 5172 1135 5250; x_wconf 81' lang='grc' dir='ltr'>γεννηθεὶς,</span> <span class='ocrx_word' id='word_1_696' title='bbox 1168 5172 1282 5230; x_wconf 75' lang='grc' dir='ltr'>ἐπεὶ</span> <span class='ocrx_word' id='word_1_697' title='bbox 1311 5174 1398 5230; x_wconf 86' lang='grc' dir='ltr'><strong>καὶ</strong></span> <span class='ocrx_word' id='word_1_698' title='bbox 1457 5174 1669 5252; x_wconf 75' lang='grc' dir='ltr'>Χριστοὶ</span> <span class='ocrx_word' id='word_1_699' title='bbox 1727 5170 1920 5229; x_wconf 85' lang='grc' dir='ltr'>πολλοί</span> 
     </span>
    </p>
   </div>
   <div class='ocr_carea' id='block_1_99' title="bbox 264 5257 1922 5340">
    <p class='ocr_par' dir='ltr' id='par_1_99' title="bbox 264 5257 1922 5340">
     <span class='ocr_line' id='line_1_99' title="bbox 264 5257 1922 5340; baseline 0.001 -25"><span class='ocrx_word' id='word_1_700' title='bbox 264 5257 430 5338; x_wconf 76' lang='grc' dir='ltr'>ἦσαν,</span> <span class='ocrx_word' id='word_1_701' title='bbox 489 5261 537 5315; x_wconf 86' lang='grc' dir='ltr'>οἱ</span> <span class='ocrx_word' id='word_1_702' title='bbox 566 5260 728 5337; x_wconf 75' lang='grc' dir='ltr'>ἱερεῖς</span> <span class='ocrx_word' id='word_1_703' title='bbox 759 5259 952 5324; x_wconf 77' lang='grc' dir='ltr'>πάντες</span> <span class='ocrx_word' id='word_1_704' title='bbox 981 5261 1071 5316; x_wconf 78' lang='grc' dir='ltr'><strong>καὶ</strong></span> <span class='ocrx_word' id='word_1_705' title='bbox 1101 5262 1148 5317; x_wconf 80' lang='grc' dir='ltr'>οἱ</span> <span class='ocrx_word' id='word_1_706' title='bbox 1182 5260 1444 5339; x_wconf 75' lang='grc' dir='ltr'>βασιλεῖς,</span> <span class='ocrx_word' id='word_1_707' title='bbox 1479 5259 1597 5318; x_wconf 72' lang='grc' dir='ltr'>ἀλλ’</span> <span class='ocrx_word' id='word_1_708' title='bbox 1625 5264 1652 5318; x_wconf 86' lang='lat'><strong>6</strong></span> <span class='ocrx_word' id='word_1_709' title='bbox 1700 5262 1922 5340; x_wconf 79' lang='grc' dir='ltr'>Χριστὸς</span> 
     </span>
    </p>
   </div>
   <div class='ocr_carea' id='block_1_100' title="bbox 265 5345 1074 5427">
    <p class='ocr_par' dir='ltr' id='par_1_100' title="bbox 265 5345 1074 5427">
     <span class='ocr_line' id='line_1_100' title="bbox 265 5345 1074 5427; baseline 0.004 -26"><span class='ocrx_word' id='word_1_710' title='bbox 265 5346 404 5411; x_wconf 81' lang='grc' dir='ltr'>μετᾶ</span> <span class='ocrx_word' id='word_1_711' title='bbox 432 5345 525 5404; x_wconf 80' lang='grc' dir='ltr'>τοῦ</span> <span class='ocrx_word' id='word_1_712' title='bbox 551 5345 765 5427; x_wconf 74' lang='grc' dir='ltr'>ἄρθρου,</span> <span class='ocrx_word' id='word_1_713' title='bbox 796 5347 882 5413; x_wconf 77' lang='grc' dir='ltr'>εἷς</span> <span class='ocrx_word' id='word_1_714' title='bbox 908 5346 1074 5414; x_wconf 82' lang='grc' dir='ltr'>ἐστιν,</span> 
     </span>
    </p>
   </div>
   <div class='ocr_carea' id='block_1_101' title="bbox 353 5434 1918 5519">
    <p class='ocr_par' dir='ltr' id='par_1_101' title="bbox 353 5434 1918 5519">
     <span class='ocr_line' id='line_1_101' title="bbox 353 5434 1918 5519; baseline 0.001 -25"><span class='ocrx_word' id='word_1_715' title='bbox 353 5457 380 5494; x_wconf 75' lang='grc' dir='ltr'><strong>ο</strong></span> <span class='ocrx_word' id='word_1_716' title='bbox 414 5437 515 5494; x_wconf 77' lang='grc' dir='ltr'>Καὶ</span> <span class='ocrx_word' id='word_1_717' title='bbox 565 5434 862 5515; x_wconf 79' lang='grc' dir='ltr'>ἂποκριθεὶς</span> <span class='ocrx_word' id='word_1_718' title='bbox 921 5439 949 5494; x_wconf 81' lang='lat'><strong>6</strong></span> <span class='ocrx_word' id='word_1_719' title='bbox 982 5436 1212 5519; x_wconf 74' lang='grc' dir='ltr'>Ἰησοῦς,</span> <span class='ocrx_word' id='word_1_720' title='bbox 1245 5439 1400 5496; x_wconf 77' lang='grc' dir='ltr'>εἶπεν</span> <span class='ocrx_word' id='word_1_721' title='bbox 1446 5442 1607 5516; x_wconf 65' lang='grc' dir='ltr'>αὗαῷο</span> <span class='ocrx_word' id='word_1_722' title='bbox 1650 5440 1918 5518; x_wconf 82' lang='grc' dir='ltr'>Μακάριος</span> 
     </span>
    </p>
   </div>
   <div class='ocr_carea' id='block_1_102' title="bbox 263 5523 1920 5607">
    <p class='ocr_par' dir='ltr' id='par_1_102' title="bbox 263 5523 1920 5607">
     <span class='ocr_line' id='line_1_102' title="bbox 263 5523 1920 5607; baseline 0.001 -26"><span class='ocrx_word' id='word_1_723' title='bbox 263 5524 345 5604; x_wconf 77' lang='grc' dir='ltr'>ετ,</span> <span class='ocrx_word' id='word_1_724' title='bbox 420 5525 602 5600; x_wconf 88' lang='grc' dir='ltr'>Σίμων</span> <span class='ocrx_word' id='word_1_725' title='bbox 657 5525 762 5604; x_wconf 75' lang='grc' dir='ltr'><strong>Βὰρ</strong></span> <span class='ocrx_word' id='word_1_726' title='bbox 827 5523 1003 5607; x_wconf 69' lang='grc' dir='ltr'>Ἰωνᾶ,</span> <span class='ocrx_word' id='word_1_727' title='bbox 1051 5527 1134 5584; x_wconf 77' lang='grc' dir='ltr'>ὃτι</span> <span class='ocrx_word' id='word_1_728' title='bbox 1166 5526 1290 5605; x_wconf 74' lang='grc' dir='ltr'>σὰρξ</span> <span class='ocrx_word' id='word_1_729' title='bbox 1319 5529 1407 5585; x_wconf 80' lang='grc' dir='ltr'><strong>καὶ</strong></span> <span class='ocrx_word' id='word_1_730' title='bbox 1433 5530 1574 5606; x_wconf 77' lang='grc' dir='ltr'>αἷμα</span> <span class='ocrx_word' id='word_1_731' title='bbox 1599 5530 1693 5587; x_wconf 64' lang='grc' dir='ltr'><strong>οὔκ</strong></span> <span class='ocrx_word' id='word_1_732' title='bbox 1721 5529 1920 5586; x_wconf 63' lang='grc' dir='ltr'>ἀπεκά-</span> 
     </span>
    </p>
   </div>
   <div class='ocr_carea' id='block_1_103' title="bbox 261 5608 1915 5697">
    <p class='ocr_par' dir='ltr' id='par_1_103' title="bbox 261 5608 1915 5697">
     <span class='ocr_line' id='line_1_103' title="bbox 261 5608 1915 5697; baseline 0.004 -32"><span class='ocrx_word' id='word_1_733' title='bbox 261 5608 400 5686; x_wconf 76' lang='grc' dir='ltr'>λυψὲ</span> <span class='ocrx_word' id='word_1_734' title='bbox 467 5631 576 5692; x_wconf 89' lang='grc' dir='ltr'>σοι,</span> <span class='ocrx_word' id='word_1_735' title='bbox 649 5609 770 5667; x_wconf 82' lang='grc' dir='ltr'>ἀλλ’</span> <span class='ocrx_word' id='word_1_736' title='bbox 801 5614 830 5670; x_wconf 88' lang='lat'><strong>6</strong></span> <span class='ocrx_word' id='word_1_737' title='bbox 885 5615 1066 5692; x_wconf 80' lang='grc' dir='ltr'>Πατὴρ</span> <span class='ocrx_word' id='word_1_738' title='bbox 1117 5636 1219 5690; x_wconf 82' lang='grc' dir='ltr'><strong>μου</strong></span> <span class='ocrx_word' id='word_1_739' title='bbox 1249 5617 1276 5672; x_wconf 89' lang='lat'><strong>6</strong></span> <span class='ocrx_word' id='word_1_740' title='bbox 1331 5615 1386 5672; x_wconf 70' lang='grc' dir='ltr'>ἂν</span> <span class='ocrx_word' id='word_1_741' title='bbox 1415 5631 1532 5682; x_wconf 79' lang='grc' dir='ltr'>τοῖς</span> <span class='ocrx_word' id='word_1_742' title='bbox 1583 5617 1844 5697; x_wconf 76' lang='grc' dir='ltr'>οὖρανοϊς.</span> <span class='ocrx_word' id='word_1_743' title='bbox 1888 5640 1915 5672; x_wconf 71' lang='grc' dir='ltr'><strong><em>ι</em></strong></span> 
     </span>
    </p>
   </div>
   <div class='ocr_carea' id='block_1_104' title="bbox 2018 4278 3654 4359">
    <p class='ocr_par' dir='ltr' id='par_1_104' title="bbox 2018 4278 3654 4359">
     <span class='ocr_line' id='line_1_104' title="bbox 2018 4278 3654 4359; baseline -0.001 -19"><span class='ocrx_word' id='word_1_744' title='bbox 2018 4288 2200 4355; x_wconf 64' lang='lat' dir='ltr'><strong>esset,</strong></span> <span class='ocrx_word' id='word_1_745' title='bbox 2235 4297 2409 4359; x_wconf 81' lang='lat' dir='ltr'><strong>quam</strong></span> <span class='ocrx_word' id='word_1_746' title='bbox 2443 4296 2474 4339; x_wconf 91' lang='lat' dir='ltr'><strong>a</strong></span> <span class='ocrx_word' id='word_1_747' title='bbox 2502 4278 2662 4338; x_wconf 93' lang='lat' dir='ltr'><strong>nullo</strong></span> <span class='ocrx_word' id='word_1_748' title='bbox 2710 4278 3022 4342; x_wconf 86' lang='lat' dir='ltr'><strong>didicerat.</strong></span> <span class='ocrx_word' id='word_1_749' title='bbox 3057 4280 3291 4340; x_wconf 81' lang='lat' dir='ltr'><strong>Etenim</strong></span> <span class='ocrx_word' id='word_1_750' title='bbox 3323 4278 3654 4340; x_wconf 86' lang='lat' dir='ltr'><strong>Hieremias</strong></span> 
     </span>
    </p>
   </div>
   <div class='ocr_carea' id='block_1_105' title="bbox 2013 4367 3543 4448">
    <p class='ocr_par' dir='ltr' id='par_1_105' title="bbox 2013 4367 3543 4448">
     <span class='ocr_line' id='line_1_105' title="bbox 2013 4367 3543 4448; baseline -0.003 -18"><span class='ocrx_word' id='word_1_751' title='bbox 2013 4387 2145 4430; x_wconf 90' lang='lat' dir='ltr'><strong>cum</strong></span> <span class='ocrx_word' id='word_1_752' title='bbox 2181 4386 2330 4448; x_wconf 90' lang='lat' dir='ltr'><strong>puer</strong></span> <span class='ocrx_word' id='word_1_753' title='bbox 2359 4376 2535 4441; x_wconf 75' lang='lat' dir='ltr'><strong>esset,</strong></span> <span class='ocrx_word' id='word_1_754' title='bbox 2570 4367 2630 4427; x_wconf 90' lang='lat' dir='ltr'><strong>in</strong></span> <span class='ocrx_word' id='word_1_755' title='bbox 2663 4368 3008 4447; x_wconf 84' lang='lat' dir='ltr'><strong>prophetam</strong></span> <span class='ocrx_word' id='word_1_756' title='bbox 3041 4374 3385 4446; x_wconf 84' lang='lat' dir='ltr'><strong>assumptus</strong></span> <span class='ocrx_word' id='word_1_757' title='bbox 3431 4376 3543 4427; x_wconf 89' lang='lat' dir='ltr'><strong>est.</strong></span> 
     </span>
    </p>
   </div>
   <div class='ocr_carea' id='block_1_106' title="bbox 2094 4456 3655 4538">
    <p class='ocr_par' dir='ltr' id='par_1_106' title="bbox 2094 4456 3655 4538">
     <span class='ocr_line' id='line_1_106' title="bbox 2094 4456 3655 4538; baseline 0 -20"><span class='ocrx_word' id='word_1_758' title='bbox 2094 4457 2274 4519; x_wconf 77' lang='lat' dir='ltr'><strong>Vens.</strong></span> <span class='ocrx_word' id='word_1_759' title='bbox 2307 4457 2401 4535; x_wconf 82' lang='lat'><strong>15,</strong></span> <span class='ocrx_word' id='word_1_760' title='bbox 2439 4458 2529 4518; x_wconf 81' lang='grc'><strong>16.</strong></span> <span class='ocrx_word' id='word_1_761' title='bbox 2577 4477 2602 4515; x_wconf 73' lang='grc' dir='ltr'><strong>ι</strong></span> <span class='ocrx_word' id='word_1_762' title='bbox 2637 4456 2789 4518; x_wconf 84' lang='lat' dir='ltr'><strong>Dicit</strong></span> <span class='ocrx_word' id='word_1_763' title='bbox 2817 4457 2955 4519; x_wconf 89' lang='lat' dir='ltr'><strong>illis:</strong></span> <span class='ocrx_word' id='word_1_764' title='bbox 2991 4457 3108 4518; x_wconf 92' lang='lat' dir='ltr'><strong>Vos</strong></span> <span class='ocrx_word' id='word_1_765' title='bbox 3125 4466 3316 4519; x_wconf 89' lang='lat' dir='ltr'><strong>autem</strong></span> <span class='ocrx_word' id='word_1_766' title='bbox 3349 4476 3523 4538; x_wconf 85' lang='lat' dir='ltr'><strong>quem</strong></span> <span class='ocrx_word' id='word_1_767' title='bbox 3560 4474 3655 4518; x_wconf 90' lang='lat' dir='ltr'><strong>me</strong></span> 
     </span>
    </p>
   </div>
   <div class='ocr_carea' id='block_1_107' title="bbox 2015 4545 3656 4625">
    <p class='ocr_par' dir='ltr' id='par_1_107' title="bbox 2015 4545 3656 4625">
     <span class='ocr_line' id='line_1_107' title="bbox 2015 4545 3656 4625; baseline -0.001 -17"><span class='ocrx_word' id='word_1_768' title='bbox 2015 4546 2210 4608; x_wconf 92' lang='lat' dir='ltr'><strong>dicitis</strong></span> <span class='ocrx_word' id='word_1_769' title='bbox 2240 4565 2372 4608; x_wconf 90' lang='lat' dir='ltr'><strong>esse</strong></span> <span class='ocrx_word' id='word_1_770' title='bbox 2403 4554 2429 4609; x_wconf 69' lang='grc' dir='ltr'><strong>’ἰ</strong></span> <span class='ocrx_word' id='word_1_771' title='bbox 2461 4547 2864 4625; x_wconf 78' lang='lat' dir='ltr'><strong>Respondeas</strong></span> <span class='ocrx_word' id='word_1_772' title='bbox 2922 4556 3119 4607; x_wconf 89' lang='lat' dir='ltr'><strong>autem</strong></span> <span class='ocrx_word' id='word_1_773' title='bbox 3180 4545 3385 4608; x_wconf 90' lang='lat' dir='ltr'><strong>Simon</strong></span> <span class='ocrx_word' id='word_1_774' title='bbox 3446 4549 3656 4607; x_wconf 84' lang='lat' dir='ltr'><strong>Petrus</strong></span> 
     </span>
    </p>
   </div>
   <div class='ocr_carea' id='block_1_108' title="bbox 2015 4635 3652 4699">
    <p class='ocr_par' dir='ltr' id='par_1_108' title="bbox 2015 4635 3652 4699">
     <span class='ocr_line' id='line_1_108' title="bbox 2015 4635 3652 4699; baseline -0.001 -1"><span class='ocrx_word' id='word_1_775' title='bbox 2015 4637 2162 4698; x_wconf 86' lang='lat' dir='ltr'><strong>dixit</strong></span> <span class='ocrx_word' id='word_1_776' title='bbox 2192 4655 2205 4698; x_wconf 94' lang='lat'>:</span> <span class='ocrx_word' id='word_1_777' title='bbox 2265 4635 2353 4698; x_wconf 91' lang='lat' dir='ltr'><strong>Tu</strong></span> <span class='ocrx_word' id='word_1_778' title='bbox 2385 4654 2449 4698; x_wconf 91' lang='lat' dir='ltr'><strong>es</strong></span> <span class='ocrx_word' id='word_1_779' title='bbox 2478 4637 2749 4698; x_wconf 86' lang='lat' dir='ltr'><strong>Christus</strong></span> <span class='ocrx_word' id='word_1_780' title='bbox 2791 4636 2892 4697; x_wconf 90' lang='lat' dir='ltr'><strong>ille</strong></span> <span class='ocrx_word' id='word_1_781' title='bbox 2941 4637 3123 4699; x_wconf 83' lang='lat' dir='ltr'><strong>Filius</strong></span> <span class='ocrx_word' id='word_1_782' title='bbox 3157 4637 3261 4699; x_wconf 87' lang='lat' dir='ltr'><strong>Dei</strong></span> <span class='ocrx_word' id='word_1_783' title='bbox 3295 4637 3568 4698; x_wconf 78' lang='lat' dir='ltr'><strong>viventis.</strong></span> <span class='ocrx_word' id='word_1_784' title='bbox 3623 4658 3652 4696; x_wconf 86' lang='grc'><strong>)</strong></span> 
     </span>
    </p>
   </div>
   <div class='ocr_carea' id='block_1_109' title="bbox 2014 4725 3658 4806">
    <p class='ocr_par' dir='ltr' id='par_1_109' title="bbox 2014 4725 3658 4806">
     <span class='ocr_line' id='line_1_109' title="bbox 2014 4725 3658 4806; baseline 0 -19"><span class='ocrx_word' id='word_1_785' title='bbox 2014 4725 2231 4790; x_wconf 87' lang='lat' dir='ltr'><strong>lterum</strong></span> <span class='ocrx_word' id='word_1_786' title='bbox 2265 4737 2328 4788; x_wconf 89' lang='lat' dir='ltr'><strong>ut</strong></span> <span class='ocrx_word' id='word_1_787' title='bbox 2356 4725 2675 4786; x_wconf 83' lang='lat' dir='ltr'><strong>ferventior</strong></span> <span class='ocrx_word' id='word_1_788' title='bbox 2702 4729 2913 4788; x_wconf 84' lang='lat' dir='ltr'><strong>Petrus</strong></span> <span class='ocrx_word' id='word_1_789' title='bbox 2945 4727 3192 4806; x_wconf 83' lang='lat' dir='ltr'><strong>prosilit,</strong></span> <span class='ocrx_word' id='word_1_790' title='bbox 3215 4735 3271 4788; x_wconf 91' lang='lat' dir='ltr'><strong>et</strong></span> <span class='ocrx_word' id='word_1_791' title='bbox 3303 4744 3442 4788; x_wconf 88' lang='lat' dir='ltr'><strong>vere</strong></span> <span class='ocrx_word' id='word_1_792' title='bbox 3475 4726 3658 4787; x_wconf 78' lang='lat' dir='ltr'><strong>conti-</strong></span> 
     </span>
    </p>
   </div>
   <div class='ocr_carea' id='block_1_110' title="bbox 2006 4813 3658 4895">
    <p class='ocr_par' dir='ltr' id='par_1_110' title="bbox 2006 4813 3658 4895">
     <span class='ocr_line' id='line_1_110' title="bbox 2006 4813 3658 4895; baseline 0.001 -21"><span class='ocrx_word' id='word_1_793' title='bbox 2006 4821 2167 4876; x_wconf 89' lang='lat' dir='ltr'><strong>tetur</strong></span> <span class='ocrx_word' id='word_1_794' title='bbox 2189 4815 2378 4895; x_wconf 87' lang='lat' dir='ltr'><strong>ipsum</strong></span> <span class='ocrx_word' id='word_1_795' title='bbox 2416 4832 2547 4875; x_wconf 84' lang='lat' dir='ltr'><strong>esse</strong></span> <span class='ocrx_word' id='word_1_796' title='bbox 2568 4813 2779 4875; x_wconf 83' lang='lat' dir='ltr'><strong>Filium</strong></span> <span class='ocrx_word' id='word_1_797' title='bbox 2815 4815 3077 4877; x_wconf 83' lang='lat' dir='ltr'><strong>Dei.Non</strong></span> <span class='ocrx_word' id='word_1_798' title='bbox 3111 4815 3271 4878; x_wconf 92' lang='lat' dir='ltr'><strong>enim</strong></span> <span class='ocrx_word' id='word_1_799' title='bbox 3305 4814 3569 4890; x_wconf 85' lang='lat' dir='ltr'><strong>dixit,&#39;l‘u</strong></span> <span class='ocrx_word' id='word_1_800' title='bbox 3595 4834 3658 4877; x_wconf 91' lang='lat' dir='ltr'><strong>es</strong></span> 
     </span>
    </p>
   </div>
   <div class='ocr_carea' id='block_1_111' title="bbox 2005 4902 3654 4984">
    <p class='ocr_par' dir='ltr' id='par_1_111' title="bbox 2005 4902 3654 4984">
     <span class='ocr_line' id='line_1_111' title="bbox 2005 4902 3654 4984; baseline -0.003 -19"><span class='ocrx_word' id='word_1_801' title='bbox 2005 4902 2285 4973; x_wconf 85' lang='lat' dir='ltr'><strong>Christus</strong></span> <span class='ocrx_word' id='word_1_802' title='bbox 2333 4902 2518 4966; x_wconf 87' lang='lat' dir='ltr'><strong>Filius</strong></span> <span class='ocrx_word' id='word_1_803' title='bbox 2581 4902 2706 4977; x_wconf 86' lang='lat' dir='ltr'><strong>Dei,</strong></span> <span class='ocrx_word' id='word_1_804' title='bbox 2751 4902 2976 4984; x_wconf 89' lang='lat' dir='ltr'><strong>absque</strong></span> <span class='ocrx_word' id='word_1_805' title='bbox 3033 4903 3305 4983; x_wconf 88' lang='lat' dir='ltr'><strong>articulo,</strong></span> <span class='ocrx_word' id='word_1_806' title='bbox 3367 4902 3467 4962; x_wconf 87' lang='lat' dir='ltr'><strong>sed</strong></span> <span class='ocrx_word' id='word_1_807' title='bbox 3523 4920 3654 4962; x_wconf 88' lang='lat' dir='ltr'><strong>cum</strong></span> 
     </span>
    </p>
   </div>
   <div class='ocr_carea' id='block_1_112' title="bbox 2008 4990 3659 5073">
    <p class='ocr_par' dir='ltr' id='par_1_112' title="bbox 2008 4990 3659 5073">
     <span class='ocr_line' id='line_1_112' title="bbox 2008 4990 3659 5073; baseline -0.001 -20"><span class='ocrx_word' id='word_1_808' title='bbox 2008 4991 2280 5073; x_wconf 88' lang='lat' dir='ltr'><strong>articulo,</strong></span> <span class='ocrx_word' id='word_1_809' title='bbox 2309 4992 2415 5054; x_wconf 75' lang='lat' dir='ltr'><strong>ille</strong></span> <span class='ocrx_word' id='word_1_810' title='bbox 2437 4991 2661 5067; x_wconf 80' lang='lat' dir='ltr'><strong>Filius,</strong></span> <span class='ocrx_word' id='word_1_811' title='bbox 2692 4993 2804 5053; x_wconf 88' lang='lat' dir='ltr'><strong>hoc</strong></span> <span class='ocrx_word' id='word_1_812' title='bbox 2831 5001 2943 5073; x_wconf 87' lang='lat' dir='ltr'><strong>est,</strong></span> <span class='ocrx_word' id='word_1_813' title='bbox 2971 4992 3242 5072; x_wconf 91' lang='lat' dir='ltr'><strong>illeipse,</strong></span> <span class='ocrx_word' id='word_1_814' title='bbox 3275 4990 3375 5072; x_wconf 91' lang='lat' dir='ltr'><strong>qui</strong></span> <span class='ocrx_word' id='word_1_815' title='bbox 3407 4990 3568 5051; x_wconf 88' lang='lat' dir='ltr'><strong>solus</strong></span> <span class='ocrx_word' id='word_1_816' title='bbox 3601 4998 3659 5051; x_wconf 91' lang='lat' dir='ltr'><strong>et</strong></span> 
     </span>
    </p>
   </div>
   <div class='ocr_carea' id='block_1_113' title="bbox 2011 5080 3658 5161">
    <p class='ocr_par' dir='ltr' id='par_1_113' title="bbox 2011 5080 3658 5161">
     <span class='ocr_line' id='line_1_113' title="bbox 2011 5080 3658 5161; baseline -0.001 -19"><span class='ocrx_word' id='word_1_817' title='bbox 2011 5081 2220 5142; x_wconf 91' lang='lat' dir='ltr'><strong>unicus</strong></span> <span class='ocrx_word' id='word_1_818' title='bbox 2257 5103 2269 5143; x_wconf 93' lang='lat'>:</span> <span class='ocrx_word' id='word_1_819' title='bbox 2308 5101 2426 5142; x_wconf 90' lang='lat' dir='ltr'><strong>non</strong></span> <span class='ocrx_word' id='word_1_820' title='bbox 2486 5081 2670 5160; x_wconf 83' lang='lat' dir='ltr'><strong>gratia</strong></span> <span class='ocrx_word' id='word_1_821' title='bbox 2697 5081 2904 5159; x_wconf 90' lang='lat' dir='ltr'><strong>Filius,</strong></span> <span class='ocrx_word' id='word_1_822' title='bbox 2937 5081 3040 5142; x_wconf 90' lang='lat' dir='ltr'><strong>sed</strong></span> <span class='ocrx_word' id='word_1_823' title='bbox 3073 5081 3174 5161; x_wconf 89' lang='lat' dir='ltr'><strong>qui</strong></span> <span class='ocrx_word' id='word_1_824' title='bbox 3205 5100 3272 5142; x_wconf 86' lang='lat' dir='ltr'><strong>ex</strong></span> <span class='ocrx_word' id='word_1_825' title='bbox 3305 5080 3432 5160; x_wconf 86' lang='lat' dir='ltr'><strong>ipsa</strong></span> <span class='ocrx_word' id='word_1_826' title='bbox 3469 5080 3658 5142; x_wconf 81' lang='lat' dir='ltr'><strong>Patris</strong></span> 
     </span>
    </p>
   </div>
   <div class='ocr_carea' id='block_1_114' title="bbox 2007 5169 3652 5250">
    <p class='ocr_par' dir='ltr' id='par_1_114' title="bbox 2007 5169 3652 5250">
     <span class='ocr_line' id='line_1_114' title="bbox 2007 5169 3652 5250; baseline -0.001 -20"><span class='ocrx_word' id='word_1_827' title='bbox 2007 5170 2336 5231; x_wconf 88' lang='lat' dir='ltr'><strong>substantia</strong></span> <span class='ocrx_word' id='word_1_828' title='bbox 2367 5170 2602 5247; x_wconf 85' lang='lat' dir='ltr'><strong>genitus</strong></span> <span class='ocrx_word' id='word_1_829' title='bbox 2638 5190 2650 5231; x_wconf 91' lang='lat'><strong>:</strong></span> <span class='ocrx_word' id='word_1_830' title='bbox 2705 5173 2841 5249; x_wconf 86' lang='lat' dir='ltr'><strong>quia</strong></span> <span class='ocrx_word' id='word_1_831' title='bbox 2883 5181 2940 5230; x_wconf 92' lang='lat' dir='ltr'><strong>et</strong></span> <span class='ocrx_word' id='word_1_832' title='bbox 2973 5171 3138 5230; x_wconf 86' lang='lat' dir='ltr'><strong>multi</strong></span> <span class='ocrx_word' id='word_1_833' title='bbox 3190 5169 3407 5232; x_wconf 88' lang='lat' dir='ltr'><strong>Christi</strong></span> <span class='ocrx_word' id='word_1_834' title='bbox 3462 5177 3652 5250; x_wconf 77' lang='lat' dir='ltr'><strong>erant,</strong></span> 
     </span>
    </p>
   </div>
   <div class='ocr_carea' id='block_1_115' title="bbox 2008 5258 3655 5336">
    <p class='ocr_par' dir='ltr' id='par_1_115' title="bbox 2008 5258 3655 5336">
     <span class='ocr_line' id='line_1_115' title="bbox 2008 5258 3655 5336; baseline 0.001 -18"><span class='ocrx_word' id='word_1_835' title='bbox 2008 5258 2348 5321; x_wconf 88' lang='lat' dir='ltr'><strong>sacerdotes</strong></span> <span class='ocrx_word' id='word_1_836' title='bbox 2379 5273 2433 5321; x_wconf 88' lang='lat' dir='ltr'><strong>et</strong></span> <span class='ocrx_word' id='word_1_837' title='bbox 2468 5276 2640 5336; x_wconf 81' lang='lat' dir='ltr'><strong>reges</strong></span> <span class='ocrx_word' id='word_1_838' title='bbox 2657 5276 2886 5331; x_wconf 90' lang='lat' dir='ltr'><strong>omnes,</strong></span> <span class='ocrx_word' id='word_1_839' title='bbox 2919 5259 3019 5319; x_wconf 89' lang='lat' dir='ltr'><strong>sed</strong></span> <span class='ocrx_word' id='word_1_840' title='bbox 3039 5259 3321 5322; x_wconf 83' lang='lat' dir='ltr'><strong>‘Christus</strong></span> <span class='ocrx_word' id='word_1_841' title='bbox 3346 5277 3477 5319; x_wconf 91' lang='lat' dir='ltr'><strong>cum</strong></span> <span class='ocrx_word' id='word_1_842' title='bbox 3506 5259 3655 5320; x_wconf 83' lang='lat' dir='ltr'><strong>arti-</strong></span> 
     </span>
    </p>
   </div>
   <div class='ocr_carea' id='block_1_116' title="bbox 2008 5347 2469 5409">
    <p class='ocr_par' dir='ltr' id='par_1_116' title="bbox 2008 5347 2469 5409">
     <span class='ocr_line' id='line_1_116' title="bbox 2008 5347 2469 5409; baseline -0.009 0"><span class='ocrx_word' id='word_1_843' title='bbox 2008 5347 2141 5409; x_wconf 93' lang='lat' dir='ltr'><strong>culo</strong></span> <span class='ocrx_word' id='word_1_844' title='bbox 2174 5366 2328 5408; x_wconf 89' lang='lat' dir='ltr'><strong>unus</strong></span> <span class='ocrx_word' id='word_1_845' title='bbox 2360 5357 2469 5408; x_wconf 93' lang='lat' dir='ltr'><strong>est.</strong></span> 
     </span>
    </p>
   </div>
   <div class='ocr_carea' id='block_1_117' title="bbox 2091 5435 3653 5518">
    <p class='ocr_par' dir='ltr' id='par_1_117' title="bbox 2091 5435 3653 5518">
     <span class='ocr_line' id='line_1_117' title="bbox 2091 5435 3653 5518; baseline 0.003 -20"><span class='ocrx_word' id='word_1_846' title='bbox 2091 5435 2270 5499; x_wconf 79' lang='lat' dir='ltr'><strong>Vens.</strong></span> <span class='ocrx_word' id='word_1_847' title='bbox 2307 5438 2404 5500; x_wconf 80' lang='lat' dir='ltr'><strong>t7.</strong></span> <span class='ocrx_word' id='word_1_848' title='bbox 2445 5462 2471 5492; x_wconf 75' lang='grc' dir='ltr'><strong>α</strong></span> <span class='ocrx_word' id='word_1_849' title='bbox 2528 5436 2597 5499; x_wconf 88' lang='lat' dir='ltr'><strong>Et</strong></span> <span class='ocrx_word' id='word_1_850' title='bbox 2630 5437 3003 5518; x_wconf 66' lang='lat' dir='ltr'><strong>respondens</strong></span> <span class='ocrx_word' id='word_1_851' title='bbox 3059 5436 3258 5514; x_wconf 83' lang='lat' dir='ltr'><strong>Jesus,</strong></span> <span class='ocrx_word' id='word_1_852' title='bbox 3322 5439 3468 5501; x_wconf 79' lang='lat' dir='ltr'><strong>dixit</strong></span> <span class='ocrx_word' id='word_1_853' title='bbox 3517 5439 3600 5501; x_wconf 89' lang='lat' dir='ltr'><strong>illi</strong></span> <span class='ocrx_word' id='word_1_854' title='bbox 3640 5460 3653 5503; x_wconf 87' lang='lat'><strong>:</strong></span> 
     </span>
    </p>
   </div>
   <div class='ocr_carea' id='block_1_118' title="bbox 2004 5525 3653 5608">
    <p class='ocr_par' dir='ltr' id='par_1_118' title="bbox 2004 5525 3653 5608">
     <span class='ocr_line' id='line_1_118' title="bbox 2004 5525 3653 5608; baseline 0.001 -20"><span class='ocrx_word' id='word_1_855' title='bbox 2004 5525 2220 5588; x_wconf 89' lang='lat' dir='ltr'><strong>Beatus</strong></span> <span class='ocrx_word' id='word_1_856' title='bbox 2252 5525 2990 5608; x_wconf 79' lang='lat' dir='ltr'><strong>es,SimonBarJona,quia</strong></span> <span class='ocrx_word' id='word_1_857' title='bbox 3015 5545 3152 5590; x_wconf 90' lang='lat' dir='ltr'><strong>caro</strong></span> <span class='ocrx_word' id='word_1_858' title='bbox 3185 5537 3242 5592; x_wconf 86' lang='lat' dir='ltr'><strong>et</strong></span> <span class='ocrx_word' id='word_1_859' title='bbox 3262 5528 3503 5607; x_wconf 80' lang='lat' dir='ltr'><strong>sanguis</strong></span> <span class='ocrx_word' id='word_1_860' title='bbox 3535 5547 3653 5589; x_wconf 91' lang='lat' dir='ltr'><strong>non</strong></span> 
     </span>
    </p>
   </div>
   <div class='ocr_carea' id='block_1_119' title="bbox 2003 5613 3654 5699">
    <p class='ocr_par' dir='ltr' id='par_1_119' title="bbox 2003 5613 3654 5699">
     <span class='ocr_line' id='line_1_119' title="bbox 2003 5613 3654 5699; baseline 0.002 -21"><span class='ocrx_word' id='word_1_861' title='bbox 2003 5613 2431 5692; x_wconf 86' lang='lat' dir='ltr'><strong>revelavittibi,</strong></span> <span class='ocrx_word' id='word_1_862' title='bbox 2466 5615 2569 5677; x_wconf 88' lang='lat' dir='ltr'><strong>sed</strong></span> <span class='ocrx_word' id='word_1_863' title='bbox 2603 5617 2778 5679; x_wconf 90' lang='lat' dir='ltr'><strong>Pater</strong></span> <span class='ocrx_word' id='word_1_864' title='bbox 2809 5634 2976 5679; x_wconf 90' lang='lat' dir='ltr'><strong>meus</strong></span> <span class='ocrx_word' id='word_1_865' title='bbox 3001 5616 3120 5699; x_wconf 90' lang='lat' dir='ltr'><strong>qui</strong></span> <span class='ocrx_word' id='word_1_866' title='bbox 3155 5625 3241 5679; x_wconf 90' lang='lat' dir='ltr'><strong>est</strong></span> <span class='ocrx_word' id='word_1_867' title='bbox 3292 5620 3349 5679; x_wconf 88' lang='lat' dir='ltr'><strong>in</strong></span> <span class='ocrx_word' id='word_1_868' title='bbox 3401 5617 3589 5681; x_wconf 65' lang='lat' dir='ltr'><strong>caelis.</strong></span> <span class='ocrx_word' id='word_1_869' title='bbox 3630 5643 3654 5673; x_wconf 87' lang='lat'><strong>»</strong></span> 
     </span>
    </p>
   </div>
  </div>
