4126 6268
602 316 717 381 323
1574 325 2160 389 THEOPAYLACTI
2203 322 2608 389 BULGARIE
2650 324 3010 392 ARCHIEP.
3862 325 3945 391 324

591 451 793 526 gratia,
830 471 903 513 ne
932 454 1147 516 habeat
1192 459 1679 519 communionem
1732 456 2048 537 quamdam
2104 476 2217 519 cun

2321 458 2619 536 προθέσεως
2680 462 2975 535 σημαίνων.
3032 469 3184 536 Οτον,
3220 465 3297 539 μὴ
3334 462 3603 545 ἐχέτωτι
3636 462 3807 521 κοινὸν
3843 463 3945 540 πρὸς

591 560 864 623 corpore,
880 546 981 606 sed
998 557 1336 609 contemnat
1352 549 1797 627 seipsumzsicut
1818 552 2217 612 consuevimu:

2319 550 2379 602 τὸ
2441 550 2617 623 σῶμα,
2671 548 2807 631 ἀλλά
2864 554 3255 631 καταφρονείτω
3313 555 3535 621 ἑαυτοῦ,
3571 552 3749 626 ὥσπερ
3790 551 3945 607 εἰώθα-

592 630 796 693 dicere
826 634 982 713 quod
1016 637 1146 715 quis
1182 638 1522 717 quempiam
1548 638 1797 718 negarit.
1834 640 1944 699 hoc
1972 649 2081 714 est,
2119 659 2217 700 nor

2319 657 2416 710 μεν
2473 634 2668 714 λέγειν,
2729 628 2785 695 Ὀ
2833 636 2981 695 δεῖνα
3017 628 3128 697 ’τὸν
3195 639 3344 698 δεῖνα
3390 643 3690 721 ἠρνήσατο,
3720 640 3825 696 ἀντὶ
3859 646 3945 706 τοῦ,

592 719 772 781 habet
802 740 935 783 eum
970 743 1075 803 pro
1108 727 1298 786 amico
1332 726 1418 786 vel
1481 737 1641 790 noto.
1691 728 1789 789 Sic
1821 729 1997 807 igitur
2026 748 2217 790 omne:

2320 726 2425 779 Οὔκ
2481 724 2596 803 ἔχει
2657 724 2830 806 φίλον,
2890 726 3006 784 οὐδὲ
3066 731 3338 807 γνωστόν.
3374 719 3564 792 Οὒτως
3622 729 3709 786 οὖν
3752 730 3833 784 καὶ
3868 734 3947 787 πᾶς

589 807 763 870 docet
791 812 1010 872 nullam
1046 832 1177 874 cum
1211 833 1463 892 corpore
1486 816 1706 876 habere
1724 817 2217 878 communionem

2318 810 2515 890 ὀφείλει
2580 813 2842 889 μηδεμίαν
2902 814 3077 895 φιλίαν
3142 816 3292 898 ἔχειν
3350 821 3488 896 πρὸς
3532 820 3596 874 τὸ
3620 818 3791 893 σῶμα·
3838 815 3945 872 ὥστε

591 898 645 958 id
682 911 791 972 est,
825 901 1257 977 amicitiam,ita
1287 913 1347 964 ut
1378 913 1432 965 et
1464 923 1699 965 crucem
1734 906 1959 979 tollant,
1988 907 2098 967 hoc
2122 914 2207 967 est

2316 902 2400 959 καὶ
2448 903 2539 957 τὸν
2589 905 2809 982 σταυρὸν
2869 905 3064 986 αἴρειν,
3103 908 3366 978 τουτέστι,
3431 908 3660 964 θάνατον
3702 908 3941 983 αἱρεῖσθαι,

538 1028 544 1033 -
593 998 843 1049 mortem
939 990 1176 1069 eligant,
1241 1003 1298 1053 et
1329 1012 1464 1054 cum
1500 995 1695 1055 studio
1728 995 2025 1075 inquirant
2057 998 2217 1057 etiau

2314 991 2402 1045 καὶ
2471 992 2603 1064 μετὰ
2661 990 2892 1059 σπουδῆς
2947 992 3231 1066 ἐπιζητεῖν
3258 997 3345 1052 καὶ
3375 995 3605 1052 θάνατον
3656 1000 3744 1052 τὸν
3769 995 3941 1051 ironi-

594 1086 843 1138 mortem
879 1079 1532 1157 ignominiosissimam,
1572 1084 1661 1142 87
1685 1085 1877 1161 qualis
1908 1104 2048 1146 crux
2078 1104 2217 1165 apuc

2316 1076 2510 1135 διστον’
2571 1087 2808 1144 τοιοῦτος
2892 1083 2991 1161 γὰρ
3028 1085 3055 1140 6
3099 1086 3321 1163 σταυρὸς
3350 1085 3501 1162 παρῆ
3530 1098 3651 1150 τοῖς
3705 1082 3939 1143 παλαιοῖς.

586 1174 814 1227 veteres
843 1167 1200 1241 fuit.Sed,Et
1229 1181 1507 1251 sequatur
1535 1174 2038 1251 me,inquit.Multi
2071 1164 2217 1235 enitr

2315 1164 2502 1240 Ἀλλὰ,
2568 1170 2663 1224 Καὶ
2718 1168 3067 1226 ἀκολουθείτω
3124 1195 3238 1247 μοι,
3264 1174 3418 1253 φησί,
3455 1171 3656 1230 Πολλοὶ
3677 1173 3777 1251 γὰρ
3806 1191 3938 1227 σταυ-

585 1257 1009 1333 cruciﬁguntur
1038 1258 1298 1320 latrones
1332 1269 1389 1321 et
1419 1261 1603 1340 fures,
1636 1271 1692 1322 at
1723 1262 1808 1323 illi
1837 1284 1955 1324 non
1988 1283 2051 1324 su
2067 1264 2205 1325 ntdi

2313 1262 2520 1333 ρυύνται
2569 1254 2761 1331 λῃσταὶ
2814 1260 2900 1316 καὶ
2959 1258 3207 1336 κλέπται,
3268 1259 3391 1317 ἀλλ’
3468 1263 3566 1317 οὒκ
3597 1262 3725 1317 εἰσὶν
3767 1260 3933 1316 hunc:

583 1344 796 1422 scipuli
831 1345 1274 1427 mei.Sequatur
1304 1350 1620 1426 igitur,hoc
1646 1363 1757 1431 est,
1786 1371 2021 1412 omnem
2054 1353 2217 1413 aliam

2310 1344 2542 1418 μαθηταί
2594 1362 2716 1421 μου·
2782 1345 3131 1405 ἀκολουθείτω
3184 1350 3296 1422 οὗν,
3376 1350 3643 1421 τουτέστι,
3718 1350 3800 1404 καὶ
3847 1354 3935 1403 πᾶ-

584 1433 855 1495 virtutem
892 1454 1009 1514 prae
1053 1454 1115 1497 se
1140 1437 1310 1498 ferat.
1348 1439 1614 1516 Abnegat
1652 1450 1845 1501 autem
1881 1442 2140 1520 seipsum
2173 1453 2217 1504 e1

2310 1454 2406 1489 σαν
2444 1432 2541 1499 τὴν
2598 1433 2768 1502 ἄλλην
2831 1435 3023 1516 ἀρετὴν
3077 1438 3473 1501 ἐπιδεικνύσθω.
3533 1438 3863 1517 ’Λπαρνεϊται
3889 1434 3931 1491 δὲ

580 1522 679 1600 qui
713 1523 838 1582 heri
872 1524 1113 1603 quidem
1148 1524 1580 1605 intemperatus
1612 1538 1758 1601 erat,
1794 1530 1972 1591 hodie
2024 1540 2217 1591 autem

2309 1523 2496 1578 ἑαυτὸν
2555 1525 2642 1579 καὶ
2698 1527 2725 1580 6
2757 1526 2885 1604 χθὲς
2959 1526 3059 1601 μὲν
3110 1527 3463 1605 ἀσελγαίνων,
3497 1530 3731 1603 σήμερον
3761 1524 3813 1581 δὲ
3842 1546 3932 1579 σω-

575 1617 772 1670 castus
802 1619 859 1671 et
889 1611 1147 1675 sobrius.
1184 1612 1341 1673 Talis
1367 1625 1489 1675 erat
1520 1614 1758 1696 Paulus,
1784 1617 1882 1697 qui
1914 1617 2217 1695 abnegavit

2307 1611 2531 1688 φρονῶν.
2590 1620 2834 1677 Τοιοῦτος
2900 1614 2964 1682 ἧν
2996 1617 3023 1672 6
3070 1616 3297 1690 Παῦλος,
3353 1617 3797 1695 ἀπαρνησάμενος
3828 1616 3931 1670 ἑαυ-

578 1700 960 1779 semetipsum
1016 1720 1149 1761 cum
1182 1702 1429 1764 diceret:
1472 1728 1493 1760 ι
1534 1705 1676 1765 Vivo
1707 1715 1903 1766 autem
1938 1725 2055 1767 non
2100 1708 2217 1785 jam

2307 1702 2395 1755 τὸν
2467 1699 2521 1756 ἐν
2604 1706 2681 1775 τῷ
2731 1701 2925 1780 λέγειν,
2981 1724 3005 1761 ε
3037 1710 3118 1760 Ζῶ
3150 1704 3203 1761 δέ
3236 1707 3330 1764 οὐκ
3360 1707 3496 1784 εγὼ,
3543 1713 3611 1780 ζῇ
3642 1704 3695 1761 δὲ
3739 1706 3790 1761 ἐν
3835 1703 3929 1778 ὶμοὶ

576 1808 707 1867 ego,
743 1791 878 1851 vivit
908 1798 1103 1850 autem
1138 1792 1195 1851 in
1231 1810 1325 1851 me
1356 1793 1625 1854 Christus
1650 1794 1730 1855 Εεδ.
1760 1821 1784 1849 ››
1816 1794 1992 1855 ΤυΙΙὶι
2023 1806 2217 1856 autem

2308 1789 2554 1867 Χριστός.
2593 1813 2618 1845 ε
2657 1788 2805 1868 Αἴρει
2832 1790 2885 1847 δὲ
2908 1795 3000 1848 τὸν
3040 1797 3286 1874 σταυρὸν,
3316 1798 3343 1851 6
3375 1795 3647 1870 νεκρώσας
3690 1795 3772 1851 καὶ
3802 1814 3925 1849 σταυ-

577 1896 843 1959 crucem,
896 1879 994 1959 qui
1057 1879 1429 1942 mortiﬁcavit
1493 1893 1549 1943 et
1610 1884 1899 1945 cruciﬁxit
1956 1884 2217 1964 seipsum

2305 1879 2479 1955 ρώσας
2522 1880 2709 1936 ἑαυτὸν
2738 1888 2815 1954 τῷ
2858 1882 3067 1958 κόσμῳ,

577 1968 823 2029 mundo.

657 2057 837 2118 Vens.
872 2058 973 2115 25.
1028 2078 1052 2115 ‹
1087 2056 1197 2129 Qui
1244 2059 1402 2119 enim
1436 2062 1686 2122 voluerit
1738 2062 1993 2124 animam
2051 2081 2216 2124 suam

575 2162 838 2219 servare,
865 2145 1077 2225 perdet
1105 2164 1237 2207 eam
1277 2169 1291 2227 ;
1326 2149 1599 2229 quisquis
1633 2158 1830 2212 autem
1892 2152 2218 2231 perdiderit

575 2234 831 2295 animam
891 2253 1055 2295 suam
1132 2246 1377 2315 propter
1435 2258 1553 2311 me,
1645 2240 1909 2301 inveniet
1970 2260 2122 2301 eam.
2188 2266 2214 2297 η

576 2323 663 2383 Ad
689 2325 1029 2404 martyrium
1062 2324 1405 2386 adhortatur
1454 2346 1593 2389 nos:
1626 2329 1849 2389 invenit
1896 2331 2053 2391 enim
2086 2332 2219 2391 ani-

580 2431 733 2472 mam
767 2414 836 2472 ad
876 2430 1156 2492 praesens,
1211 2414 1320 2475 hoc
1354 2427 1468 2489 est,
1530 2424 1743 2482 servat.
1780 2418 1879 2498 qui
1929 2429 2126 2498 negat,
2160 2429 2222 2483 et

580 2509 780 2580 postea
810 2500 1230 2580 perdiLPerdit
1259 2513 1452 2563 autem
1502 2508 1780 2578 animam,
1817 2508 1919 2568 sed
1982 2519 2223 2589 propter

581 2590 908 2664 Christum,
943 2590 1043 2670 qui
1078 2590 1149 2651 de
1184 2609 1252 2651 eo
1299 2594 1683 2657 testiﬁcatur:
1718 2597 1817 2677 qui
1847 2606 1902 2657 et
1961 2598 2223 2659 inveniet

586 2698 713 2741 eam
744 2678 801 2738 in
824 2679 1295 2760 incorruptione,
1331 2691 1389 2741 et
1421 2683 1537 2744 vita
1569 2693 1810 2747 aeterna.

661 2767 841 2828 Vens.
870 2770 967 2847 26,
1002 2770 1101 2829 ‘27.
1143 2795 1167 2823 (ί
1204 2768 1354 2841 Quid
1389 2773 1546 2832 enim
1584 2774 1820 2852 prodest
1872 2776 2123 2851 homini,
2169 2777 2221 2837 si

582 2866 761 2917 totum
798 2858 1079 2917 mundum
1112 2858 1374 2919 lucratus
1405 2859 1606 2935 fuerit,
1647 2862 1861 2923 animae
1912 2883 2047 2925 vero
2102 2884 2224 2926 sua}

574 2948 862 3025 jacturam
887 2946 1094 3007 fecerit
1121 2945 1146 3007 ?
1170 2949 1284 3007 Aut
1311 2948 1449 3027 quid
1471 2950 1633 3010 dabit
1663 2952 1864 3025 homo,
1889 2955 2058 3033 cujus
2084 2973 2221 3034 per-

581 3036 905 3095 mutatione
937 3034 1187 3095 redimat
1215 3037 1474 3098 animum
1508 3058 1673 3099 suam
1703 3045 1728 3099 ’ἓ
1780 3043 2076 3104 Venturus
2134 3054 2225 3104 est

2390 2077 2412 2110 ε
2450 2046 2555 2119 ΗΟς
2622 2058 2721 2135 γὰρ
2768 2058 2827 2114 ἂν
2869 2058 2998 2135 θέλῃ
3041 2061 3138 2127 τὴν
3182 2062 3364 2139 ψυχὴν
3397 2065 3556 2119 αὐτοῦ
3588 2060 3774 2130 σῶσαι,
3804 2059 3923 2114 ἀπο-

2302 2144 2444 2202 λέσει
2516 2146 2701 2212 αὐτὴν.
2764 2146 2821 2211 ὃς
2883 2146 2927 2203 δ’
3001 2148 3062 2204 ἄν
3114 2148 3352 2229 ἀπολέσῃ
3411 2151 3512 2217 τὴν
3564 2150 3743 2228 ψυχὴν
3789 2148 3923 2204 αὐτοὺ

2303 2232 2478 2291 ἕνεκεν
2528 2235 2679 2309 ἐμοῦ,
2745 2239 2953 2317 εὑρήσει
3025 2238 3211 2305 αὐτὴν.
3252 2261 3278 2293 ι
3313 2240 3433 2295 Ἐπὶ
3487 2237 3763 2316 μαρτύριον
3802 2259 3918 2315 προ-

2304 2324 2548 2402 τρέπεται
2619 2329 2788 2402 ἡμᾶς,
2827 2328 3060 2406 Εὕρίσκει
3090 2328 3187 2403 μὲν
3232 2331 3319 2384 οὖν
3364 2329 3462 2395 τὴν
3494 2328 3679 2406 ψυχὴν
3724 2329 3844 2403 πρὸς
3870 2327 3919 2380 τὸ

2304 2416 2492 2491 παρὸν,
2579 2416 2838 2486 τουτέστι,
2897 2424 3079 2488 σώζει,
3139 2419 3167 2472 6
3196 2417 3538 2494 ἀρνοόμενος,
3572 2417 3627 2480 ὅς
3658 2417 3741 2471 καὶ
3768 2413 3923 2470 ἀπόλ-

2304 2502 2449 2558 λυσιν
2521 2504 2756 2577 ὕστερον
2822 2504 3079 2562 ἀπόλλυσι
3137 2504 3191 2561 δὲ
3235 2507 3331 2573 τὴν
3363 2506 3579 2584 ψυχὴν,
3609 2502 3725 2584 ἀλλ’
3771 2503 3922 2559 ἕνεκεν

2307 2592 2393 2647 τοῦ
2450 2596 2695 2671 Χριστοῦ,
2755 2593 2811 2657 ὅς
2871 2597 3192 2673 μαρτυρήσει
3263 2596 3394 2673 ὑπὲρ
3436 2583 3606 2652 αυτοῦ.
3683 2583 3791 2655 ι’ος
3845 2593 3919 2645 καὶ

2306 2683 2510 2759 εὑρήσει
2542 2685 2706 2751 αὐτὴν
2735 2682 2788 2738 ἦν
2821 2684 3077 2763 ἀφθαρσίᾳ
3104 2686 3189 2741 καὶ
3219 2691 3332 2761 ζωῇ
3365 2686 3565 2756 αἰωνίᾳ,

2389 2793 2411 2827 ε
2490 2773 2549 2831 Τί
2578 2775 2676 2851 γὰρ
2719 2773 3005 2852 ὠφελεῖται
3050 2772 3321 2851 ἅνθρωπος
3353 2773 3443 2830 ἐὰν
3472 2774 3554 2829 τὸν
3582 2770 3770 2829 κόσμον
3799 2768 3915 2823 ὅλον

2305 2858 2558 2940 κερδήσῃ,
2603 2863 2698 2930 τὴν
2729 2861 2783 2917 δὲ
2828 2863 3013 2942 ψυχὴν
3063 2865 3219 2920 αὐτοῦ
3252 2866 3490 2937 ζημιωθῇ
3520 2881 3535 2937 ;
3581 2856 3657 2913 ’Ἥ
3685 2859 3734 2911 τί
3760 2856 3907 2942 δώσει

2307 2945 2575 3026 ἅνθρωπος
2632 2941 2978 3028 ἀντάλλαγμα
3047 2953 3145 3017 τῆς
3203 2955 3383 3030 ψυχῆς
3452 2951 3593 3006 αὐτοῦ
3639 2965 3654 3020 ;
3722 2941 3901 2999 Μέλλιι

2306 3039 2405 3117 γὰρ
2474 3041 2500 3094 ὁ
2574 3040 2693 3104 Υἱὸς
2759 3046 2846 3095 τοῦ
2903 3040 3176 3119 ἀνθρώπου
3225 3039 3466 3120 ἔρχεσθαι
3500 3038 3547 3093 ἰν
3574 3044 3640 3114 τῇ
3665 3032 3781 3108 δόξῃ
3819 3031 3906 3087 τοῦ

580 3124 738 3185 enim
768 3123 950 3184 Filius
982 3124 1240 3185 hominis
1269 3126 1328 3185 in
1361 3126 1549 3204 gloria
1608 3127 1795 3191 Patris
1826 3132 1911 3191 sui
1945 3151 2077 3191 cum
2110 3151 2217 3193 an-

2309 3128 2511 3203 Πατρὸς
2567 3132 2723 3187 αὐτοῦ
2794 3130 2928 3204 μετά
2995 3129 3098 3185 τῶν
3155 3128 3401 3207 ἀγγέλων
3432 3127 3600 3204 αὺτοῦ,
3653 3124 3744 3231 u’i'
3799 3120 3911 3178 τότε

579 3214 726 3292 gelis
755 3214 901 3284 suis,
929 3220 986 3273 et
1038 3221 1177 3274 tunc
1223 3215 1434 3276 rcddet
1484 3218 1802 3297 unicuique
1847 3220 2013 3299 juxta
2071 3222 2217 3285 facta

2305 3215 2566 3273 ἀποδώσει
2624 3219 2831 3290 ἑκάστῳ
2883 3218 3020 3273 κατὰ
3074 3218 3172 3284 τὴν
3228 3218 3412 3295 πρᾶξιν
3444 3219 3614 3276 αὐτού.
3650 3235 3672 3270 ε
3709 3214 3911 3284 "Eam,

2414 3307 2424 3315 .
2601 3304 2643 3315 -.
2708 3310 2718 3315 _
2795 3308 2824 3315 .-
3006 3306 3030 3315 ..
3148 3308 3158 3315 .
3298 3307 3307 3315 .
3488 3303 3534 3315 ..ι
3636 3302 3649 3315 .
3702 3298 3772 3315 ...

582 3303 788 3383 ipsius.
832 3326 852 3359 υ
892 3302 989 3362 Sic
1021 3303 1201 3380 igitur
1222 3312 1284 3365 et
1316 3308 1608 3383 ﬁngamus
1641 3309 1797 3387 quod
1825 3298 2007 3370 tutum
2040 3330 2217 3372 mun-

2303 3307 2453 3386 φησὶ,
2528 3304 2643 3362 καθ’
2703 3308 2969 3378 ὑπόθεσιν,
3003 3306 3083 3363 ὅτι
3112 3308 3204 3362 τὸν
3244 3307 3444 3382 κόσμον
3485 3303 3605 3361 ὅλον
3635 3298 3913 3402 ἐκέρδανας.

581 3392 721 3451 dum
738 3390 1123 3463 lucreris,sed
1140 3411 1269 3470 qua}
1284 3393 1500 3455 utilitas
1514 3396 1791 3476 sicorpus
1807 3396 1956 3459 bene
1975 3399 2213 3475 habeat,

2304 3393 2438 3449 ἀλλά
2492 3396 2542 3451 τί
2596 3398 2656 3451 τὸ
2728 3394 2942 3476 ὄφελος,
2992 3400 3090 3462 τῆς
3135 3400 3315 3473 ψυχῆς
3358 3400 3537 3456 κακῶς
3578 3390 3911 3463 διακειμένης,

580 3488 639 3539 et
664 3480 859 3539 anima
883 3478 1034 3539 male
1062 3479 1350 3540 afﬁciatur
1372 3481 1401 3540 ?
1423 3485 1923 3562 quemadmodum
1946 3492 1992 3547 si
2031 3498 2217 3549 mater

2302 3485 2363 3538 τὸ
2434 3484 2588 3559 σῶμα
2644 3486 2890 3543 εὐπαθεῖν
2916 3487 2953 3545 »ξ
3008 3484 3184 3563 ὥσπερ
3251 3484 3312 3543 ἄν
3343 3485 3388 3540 εἰ
3418 3489 3517 3549 τῆς
3547 3478 3911 3543 οἰκοδεσποίνης

578 3568 830 3629 familias
862 3570 1054 3629 lacera
1077 3578 1327 3643 veste,et
1357 3572 1585 3633 ancillae
1632 3574 1852 3652 fulgido
1884 3585 2093 3637 ornatu
2124 3578 2217 3639 in-

2301 3573 2455 3649 ῥάκια
2522 3571 2868 3652 διερῤηγμένα
2923 3575 3210 3655 φορούσης,
3279 3577 3331 3629 αἱ
3386 3568 3735 3651 θεραπαινίδες
3782 3565 3911 3655 λαμέ

578 3660 813 3719 cedant.
839 3659 1045 3737 Neque
1068 3658 1128 3718 in
1161 3658 1356 3719 futuro
1386 3662 1602 3722 saeculo
1652 3664 1866 3742 poterit
1891 3666 2023 3745 quis
2076 3667 2217 3727 dare

2301 3676 2641 3742 προφοροτεν·
2700 3662 2827 3721 Οὖδὶ
2882 3665 2981 3742 γὰρ
3050 3664 3104 3718 ἦν
3163 3652 3239 3737 τῷ
3267 3661 3515 3739 μέλλοντι
3554 3662 3699 3716 αἰῶνι
3727 3652 3915 3764 δύναταί

578 3745 1098 3809 commutationem
1134 3765 1238 3827 pro
1268 3749 1466 3810 anima
1488 3770 1613 3814 sua:
1639 3754 1732 3814 hic
1755 3754 1993 3833 quidem
2027 3762 2217 3835 potest

2301 3772 2378 3813 τις
2451 3752 2624 3808 δοῦναι
2721 3750 3069 3830 ἀντάλλαγμα
3149 3753 3277 3831 ὑπὲρ
3339 3751 3435 3819 τῆς
3512 3752 3694 3830 ψυχῆς
3749 3745 3910 3803 αὖτοῦ.

578 3837 721 3898 dare
754 3837 1042 3915 lacrymas
1074 3845 1131 3897 et
1187 3837 1645 3919 eleemosynam,
1682 3852 1740 3904 et
1763 3846 2063 3925 jejunare,
2097 3845 2215 3907 illic

2301 3836 2553 3896 Ἐνταῦθα
2606 3840 2703 3917 μὲν
2754 3842 2851 3920 γὰρ
2907 3839 3117 3897 δύναται
3184 3839 3356 3899 δοῦναι
3427 3837 3645 3916 δάκρυα,
3709 3855 3914 3937 στεναγ-

576 3936 769 3989 autem
803 3926 1137 3987 nonJudex
1163 3927 1322 3987 enim
1350 3936 1486 3990 tunc
1518 3950 1625 3991 nos
1658 3924 2096 4013 excipiet,dona
2125 3954 2216 3996 re-

2301 3929 2458 4009 μοὺς,
2516 3928 2901 4005 ἐλεημοσύνην*
2962 3929 3078 3986 ἰκεϊ
3147 3928 3201 3985 δὲ
3269 3928 3348 3992 οὔ.
3380 3924 3803 4006 Ἀδωροδόκητος
3830 3924 3915 3999 γὰρ

576 4034 818 4095 spuens:
851 4034 982 4075 nam
1006 4016 1174 4093 juxta
1198 4035 1378 4096 opera
1399 4020 1803 4099 suajudicabit
1824 4043 2216 4104 unumquem-

2301 4019 2481 4096 κριτὴς
2541 4017 2846 4085 διαδέξεται·
2894 4020 3030 4077 κατά
3060 4020 3159 4099 γὰρ
3200 4020 3267 4075 τὰ
3307 4018 3434 4096 ἔργα
3465 4015 3659 4086 δικάζει
3704 4013 3911 4123 ἐξιάσεῳ·

575 4104 822 4186 que.Est
843 4114 1038 4166 autem
1067 4114 1126 4167 et
1147 4109 1723 4173 metuenduszveniet
1750 4112 1909 4173 enim
1940 4113 2001 4174 in
2030 4114 2216 4193 gloria

2301 4106 2434 4163 ἀλλά
2488 4110 2575 4164 καὶ
2625 4106 2868 4189 φοϐερὸς,
2954 4108 3010 4164 ἰν
3067 4115 3135 4186 τῇ
3160 4107 3285 4185 δόξῃ
3347 4108 3446 4186 γάρ
3511 4107 3671 4162 αὐτου
3722 4104 3917 4182 ἔρχεται

573 4212 678 4255 sua
701 4204 757 4256 et
787 4212 918 4257 cum
951 4193 1197 4271 angelis,
1235 4204 1291 4255 et
1324 4214 1439 4257 non
1473 4201 1964 4281 contemptibilis.

2301 4199 2383 4253 καὶ
2454 4200 2587 4274 μετὰ
2643 4206 2749 4255 τῶν
2839 4197 3101 4278 ἀγγέλων,
3188 4200 3276 4255 καὶ
3334 4198 3457 4277 οὐχὶ
3524 4212 3917 4272 καταπεφρονη-

2297 4309 2480 4362 μενος.

654 4372 830 4437 Vens.
867 4374 964 4475 2_8.
1005 4399 1032 4431 α
1070 4376 1432 4475 Amendico
1465 4378 1656 4440 vobis:
1685 4388 1822 4475 sunt
1851 4382 2086 4475 quidam
2118 4384 2215 4475 hic

2382 4398 2405 4434 ε
2484 4376 2655 4456 Ἀμην
2702 4377 2853 4459 λέγω
2912 4381 3062 4459 ὑμῖν,
3102 4380 3201 4437 εἰσί
3228 4400 3367 4443 τινες
3396 4383 3502 4434 τῶν
3531 4372 3913 4475 ὦδεξστώτωγ,

570 4465 927 4565 stantes,qui
958 4484 1075 4525 non
1106 4465 1422 4543 gustabunt
1453 4469 1927 4550 mortem,donec
1958 4473 2213 4535 viderint

2301 4466 2490 4533 οἵτινες
2545 4472 2604 4527 οὒ
2673 4473 2750 4546 μὴ
2781 4471 3069 4549 γεύσωνται
3111 4471 3356 4541 θανάτου,
3420 4467 3523 4531 Xo):
3552 4466 3616 4521 ἃν
3649 4462 3797 4521 ἴδωσι
3837 4461 3914 4516 τὸν

568 4551 783 4613 Filium
819 4554 1074 4615 hominis
1108 4556 1440 4617 venientem
1462 4557 1521 4618 in
1547 4576 1729 4635 regno
1759 4576 1888 4622 suo.
1914 4589 1935 4618 ι
1972 4562 2213 4626 Dixerat

2301 4560 2415 4614 l‘i6v
2476 4566 2567 4616 τοῦ
2609 4560 2880 4642 ἀνθρώπου
2910 4563 3202 4642 ἐρχόμενον
3239 4561 3295 4617 ἰν
3324 4564 3391 4639 τῇ
3418 4554 3659 4635 βασιλείᾳ
3692 4555 3911 4642 αὐτου..)

567 4650 874 4702 venturum
907 4642 1119 4705 Filium
1150 4643 1407 4707 hominis
1438 4646 1494 4706 in
1527 4647 1715 4725 gloria
1739 4666 1882 4710 sua:
1930 4668 2003 4711 ne
2033 4651 2213 4728 igitur

2301 4652 2463 4706 Εἶπεν
2521 4650 2601 4707 ὃτι
2670 4636 2851 4747 μέλλει
2910 4636 3157 4733 ἔρίεσθαι
3201 4654 3230 4707 6
3259 4636 3376 4714 Υἱὸς
3426 4654 3522 4747 του
3561 4645 3829 4723 ἀνθρώπου
3867 4636 3912 4747 ξν

568 4732 867 4796 increduli
898 4735 1036 4809 sint,
1074 4736 1217 4797 dicit
1239 4738 1637 4817 quiasunthic
1668 4740 1907 4820 quidam
1934 4742 2213 4823 quijuxta

2301 4745 2365 4816 τῇ
2436 4738 2559 4821 δόξῃ
2589 4746 2769 4805 αὐτοῦ.
2802 4733 2927 4803 "Iv:
2956 4732 3042 4801 οὗν
3075 4743 3153 4819 μὴ
3181 4741 3475 4797 ἀπιστῶσιν
3504 4737 3728 4811 ἰκεϊνοι,
3775 4732 3912 4812 φησὶν

565 4826 723 4904 quod
758 4843 973 4905 capere
1003 4835 1269 4906 possunt,
1306 4827 1669 4890 videbuntin
1697 4832 2213 4912 transﬁguratione

2301 4829 2374 4885 ὅτι
2433 4832 2530 4888 εἰσί
2571 4854 2710 4898 τινες
2739 4833 2977 4910 ἔνταῦθα,
3030 4833 3084 4889 οἵ
3128 4832 3263 4887 κατὰ
3292 4832 3353 4886 τὸ
3408 4828 3685 4908 ιγχωροῦν
3716 4823 3911 4898 ὄψονται

562 4914 805 4990 gloriam
838 4916 1084 4977 secundi
1113 4916 1422 4978 adventus.
1448 4917 1690 4980 Interim
1720 4929 1918 4981 autem
1951 4923 2211 4985 ostendit

2301 4920 2346 4977 ἓν
2400 4926 2468 4998 τῇ
2525 4925 2928 5004 μεταμορφώσει
2986 4924 3081 4991 τὴν
3139 4920 3289 4987 δόξαν
3318 4923 3417 4987 τῆς
3447 4915 3690 4993 δευτέρας
3733 4932 3914 5004 “apo?

561 5004 621 5064 in
645 5023 759 5084 qua
777 5004 965 5083 gloria
982 5014 1153 5067 erunt
1169 5006 1268 5086 qui
1296 5018 1539 5088 propter
1567 5007 1760 5088 ipsum
1786 5010 1939 5089 passi
1964 5010 2205 5073 fuerint.

2301 5010 2433 5072 ﬂac'
2509 5010 2619 5086 ἅμα
2688 5010 2743 5069 δὲ
2780 5002 2887 5069 καὶ
2941 5011 3197 5068 δείκνυσιν
3254 5009 3307 5067 ὗν
3338 5008 3465 5081 ποίᾳ
3494 5005 3618 5085 δόξῃ
3648 5002 3913 5111 ἔσονταιγοὶ

560 5094 722 5157 Sicut
754 5095 912 5156 enim
950 5103 1090 5159 tunc
1123 5115 1259 5158 caro
1292 5098 1420 5176 ejus
1452 5098 1793 5177 fulguravit,
1827 5101 1909 5162 ita
1968 5120 2073 5182 pro
2105 5122 2211 5166 sua

2301 5096 2357 5153 δι’
2430 5100 2585 5156 αὐτὸν
2640 5100 2915 5166 παθόντες.
2994 5112 3085 5167 Ὠς
3128 5101 3228 5179 γὰρ
3257 5098 3580 5173 ὶξήστραψιν
3608 5098 3643 5165 ἦ
3682 5094 3805 5173 σάρξ
3833 5094 3914 5147 “‘3'

561 5184 832 5264 portione
854 5195 991 5246 tunc
1010 5185 1321 5266 fulgebunt
1344 5188 1855 5268 sancti:signiﬁcat
1871 5200 2069 5253 autem
2094 5192 2207 5255 hoc

559 5272 929 5333 locoPetrum
946 5274 1933 5358 etJacobum,etloannem,quosin
1949 5289 2208 5343 montem

558 5365 965 5442 assumpsit,et
996 5364 1259 5453 ostendit
1300 5367 1417 5427 illis
1446 5384 1694 5446 regnum
1720 5388 1921 5441 suum,
1951 5371 2065 5431 hoc
2095 5378 2205 5453 est,

559 5452 822 5512 futurum
857 5460 1071 5513 statum
1096 5452 1154 5515 in
1188 5474 1302 5534 quo
1328 5464 1613 5518 venturus
1640 5466 1798 5519 esset
1824 5458 2041 5540 ipse,et
2060 5452 2209 5539 justi

634 5620 691 5671 96
718 5620 910 5683 Galat.
946 5637 1004 5703 ιι,
1039 5620 1139 5687 20.

2293 5190 2387 5244 τοῦ
2440 5197 2753 5268 τηνικαῦτα,
2808 5192 2945 5249 οὕτω
2999 5193 3135 5253 κατὰ
3206 5188 3486 5267 ἀναλογίαν
3554 5187 3601 5243 οἱ
3630 5185 3772 5264 ἅγιοι
3811 5182 3914 5239 τότε

2294 5277 2679 5354 ἐκλάμψουσιν·
2768 5284 3045 5339 αἰνιττεται
3098 5279 3152 5337 δὲ
3210 5280 3430 5337 ἐνταῦθα
3480 5279 3570 5334 τὸν
3616 5276 3811 5355 Πέτρον
3840 5272 3913 5329 καὶ

2293 5365 2545 5428 Ἰάκωϐον
2605 5372 2691 5431 καὶ
2761 5372 3035 5449 Ἰωάννην,
3107 5370 3194 5437 οὖς
3239 5365 3530 5447 παρέλαϐεν
3568 5368 3642 5432 εἷς
3683 5368 3747 5423 τό
3787 5363 3912 5443 ὅρος,

2291 5461 2377 5516 καὶ
2436 5457 2631 5524 ἔδειξεν
2687 5466 2871 5527 αὐτοῖς
2952 5464 3047 5532 τὴν
3119 5460 3388 5539 βασιλείαν
3441 5458 3620 5535 αὐτοῦ,
3670 5456 3911 5527 τουτέστι,
