4126 6268
289 271 419 337 329

913 278 1360 341 ENARRATIO
1391 277 1473 339 1N
1518 276 2026 339 EVANGELIUM
2070 276 2467 359 Murum.
2513 312 2593 323 —
2637 276 2802 347 CAP.
2874 278 3063 345 XVII.

3548 270 3679 367 33.0

287 410 589 483 εὐδόκησα,
656 416 815 470 αὐτοῦ
872 413 1109 475 ἀκούετε,
1190 437 1213 468 ιι
1265 414 1338 469 Σὺ
1367 413 1486 488 μὲν,
1521 413 1566 468 ὦ
1598 411 1783 490 Πέτρε,
1818 433 1949 476 σκη-

2042 404 2221 495 citum
2254 415 2342 468 est
2376 425 2389 470 :
2425 410 2614 488 ipsum
2647 408 2869 472 audite.
2907 431 2937 469 ›
2973 409 3060 495 Tu
3118 412 3382 492 quidem,
3418 432 3452 475 ο
3476 412 3675 495 Petre,

284 499 391 561 νὰς
465 506 653 569 ζητεῖς
720 503 1133 578 χειροποιήτους
1204 502 1470 581 γενέσθαι’
1532 504 1560 557 ὁ
1621 499 1675 557 δὲ
1738 500 1945 578 Πατὴρ,

284 586 473 653 ἄλλην
541 588 745 654 σκηνὴν
792 590 1209 669 ἀχειροποίητον
1239 591 1336 658 τὴν
1405 589 1630 670 νεφέλην
1701 590 1951 667 περιστή-

288 698 422 753 σας,
484 674 704 732 δεικνὺει
776 676 855 733 ὅτι
927 679 1106 759 ὥσπερ
1136 682 1292 742 αὐτὸς
1366 680 1420 735 ἐν
1461 679 1654 759 νεφέλη
1710 679 1948 761 ἐφαίνετο

285 779 420 827 τοῖς
480 764 737 829 παλαιοῖς
806 769 933 830 Θεὸς
992 767 1091 848 ὤν,
1164 768 1300 824 οὕτω
1356 768 1443 824 καὶ
1502 768 1530 822 ὁ
1594 769 1750 823 αὐτοῦ
1802 768 1944 826 Υἱός.

289 860 548 920 Φωτεινὴ
592 852 647 909 δὲ
688 857 723 922 ἡ
766 854 959 935 νεφέλη
1004 856 1242 929 ἐνταῦθα,
1292 859 1352 913 οῦ
1379 854 1662 935 γνοφώδης
1691 859 1764 919 ὡς
1795 858 1849 911 ὲν
1880 861 1947 931 τῇ

289 941 525 1014 παλαιᾷ,
588 940 719 1000 διότι
751 949 845 1003 οὐκ
886 943 1179 1024 ἐκφοϐῆσαι
1219 943 1496 1018 ἠϐούλετο,
1546 943 1681 1000 ἀλλὰ
1723 941 1944 1009 διδάξαι,

296 1031 401 1088 Ἐκ
456 1037 554 1098 τῆς
612 1032 835 1112 νεφέλης
907 1032 960 1090 δὲ
1031 1037 1065 1102 ἡ
1140 1034 1314 1115 φωνὴ,
1346 1034 1439 1090 ’ἕνα
1482 1032 1621 1109 δείξῃ
1655 1032 1735 1089 ὅτι
1768 1033 1828 1089 ἐκ
1856 1040 1947 1090 τοῦ

298 1122 441 1177 Θεοῦ
519 1120 607 1187 ἦν,
667 1124 739 1179 Τὸ
781 1120 837 1177 δὲ
882 1124 971 1180 Ἐν
999 1126 1045 1196 ᾧ
1073 1123 1357 1201 εὐδόκησα,
1391 1122 1504 1179 ἀντὶ
1532 1122 1644 1198 τοῦ,
1678 1126 1723 1196 ᾧ
1753 1121 1948 1177 ἐπανασ-

300 1211 536 1284 παύομαι
606 1212 693 1266 καὶ
783 1210 1104 1289 ἂρὲσκομαι,
1193 1210 1436 1268 Διδάσκει
1506 1209 1560 1268 δὲ
1632 1211 1711 1267 ὅτι
1783 1212 1950 1268 Αὐτοῦ

299 1299 541 1373 ἀκούετε,
602 1298 699 1355 κόίν
792 1304 1155 1380 σταυρωθῆναι
1239 1300 1391 1382 θέλῃ,
1462 1301 1540 1376 μὴ
1622 1300 1947 1358 ἐναντιοῦσθε

296 1388 468 1461 αὐτῷ.

390 1498 419 1530 α
494 1479 594 1534 Καὶ
638 1478 958 1539 ἀκούσαντες
1018 1481 1065 1535 οἱ
1138 1479 1391 1557 μαθηταὶ,
1424 1476 1612 1534 ἔπεσον
1666 1474 1749 1531 ἐπὶ
1779 1474 1950 1551 πρόσ-

298 1587 451 1623 ωπον
536 1566 731 1639 αὐτῶν,
791 1568 879 1623 καὶ
908 1566 1246 1647 ἐφοϐήθησαν
1277 1565 1497 1646 σφόδρα,
1532 1568 1620 1623 καὶ
1649 1561 1953 1643 προσελθὼν

2034 494 2410 557 tabernacula
2431 498 2649 577 quaeris
2673 501 3008 561 manufacta
3037 508 3098 560 ut
3126 503 3464 587 ﬁantzf‘ater
3482 512 3678 565 autem

2033 583 2189 645 aliud
2222 584 2668 648 tabernaculum
2697 607 2813 648 non
2850 590 3247 651 manufactum
3282 583 3500 653 nubem
3535 611 3679 654 con-

2033 674 2307 763 stituit,et
2336 677 2594 738 ostendit
2616 678 2773 757 quod
2794 678 2944 739 sicut
2973 678 3102 759 ipse
3133 679 3192 739 in
3228 680 3385 743 nube
3402 681 3681 763 apparuit

2033 762 2294 842 antiquis
2320 765 2477 825 Deus
2507 765 2824 839 exsistens,
2856 767 2942 827 sic
2970 776 3028 828 et
3056 768 3237 829 Filius
3268 788 3434 832 snus.
3462 769 3679 831 Lucida

2033 869 2171 911 vero
2206 851 2424 913 nebula
2456 854 2568 914 hoc
2600 854 2754 926 loco,
2790 872 2909 917 non
2940 856 3258 935 caliginosa
3283 859 3433 921 sicut
3462 859 3523 919 in
3552 859 3677 923 Ve-

2032 940 2165 1012 teri,
2198 957 2269 1000 eo
2301 941 2457 1021 quod
2490 962 2608 1003 non
2641 951 2944 1006 exterrere
2971 945 3177 1025 voluit,
3212 947 3315 1007 sed
3347 946 3679 1029 ducere.Ex
3768 1020 3773 1025 _

2033 1028 2189 1089 nube
2244 1038 2438 1090 autem
2488 1040 2689 1103 vox,ut
2719 1033 2991 1095 ostendat
3037 1022 3194 1115 quad
3225 1054 3294 1097 ex
3324 1022 3445 1098 Deo
3477 1028 3577 1097 sit.
3612 1022 3679 1097 Ϊιι

2031 1136 2146 1195 quo
2191 1116 2346 1179 bene
2378 1119 2794 1198 complacitum
2829 1122 2997 1195 mihi,
3032 1125 3143 1184 hoc
3173 1131 3470 1205 est,super
3500 1143 3677 1211 quem

2028 1206 2366 1285 requiesco,
2401 1216 2463 1268 et
2494 1208 2593 1286 qui
2628 1209 2772 1269 mihi
2806 1209 3019 1290 placet.
3041 1210 3224 1273 Docet
3251 1232 3486 1294 quoque
3510 1206 3676 1275 illum

2029 1294 2388 1355 audiendum
2427 1316 2441 1353 :
2480 1297 2652 1358 etiam
2686 1299 2736 1359 si
2768 1300 3036 1381 cruciﬁgi
3070 1301 3340 1377 voluerit,
3374 1320 3450 1366 ne
3479 1302 3678 1385 obluc-

2037 1383 2264 1444 temini.

2117 1474 2300 1537 Vsus.
2331 1475 2464 1539 6-8.
2504 1500 2531 1531 α
2565 1475 2635 1537 Ει
2664 1495 2797 1537 cum
2861 1476 2985 1537 hate
3041 1479 3347 1541 audissent
3374 1481 3677 1562 discipuli,

2040 1563 2428 1641 prociderunt
2457 1564 2518 1625 in
2550 1566 2762 1626 faciem
2800 1584 2994 1646 suam,
3024 1575 3083 1628 et
3111 1569 3296 1630 territi
3329 1580 3465 1653 sunt
3494 1572 3677 1634 vehe-

298 1657 330 1710 δ
392 1653 624 1729 Ἰησοῦς,
678 1656 860 1731 ἣψατο
929 1656 1121 1732 αὐτῶν,
1184 1658 1270 1712 καὶ
1315 1656 1492 1713 εἶπεν·
1537 1655 1821 1732 Ἐγέρθητε
1865 1660 1949 1714 καὶ

2038 1663 2293 1758 nmenter.
2347 1652 2417 1713 Et
2466 1654 2761 1754 accedens
2806 1653 3002 1758 διξερε,
3042 1656 3228 1758 tetigit
3258 1676 3360 1719 eos
3388 1667 3445 1720 et
3473 1659 3623 1722 dixit
3657 1682 3674 1723 :

297 1751 380 1819 μή
452 1740 722 1823 φοϐεῖσθε.
783 1741 1106 1823 Ἐπείραντες
1155 1743 1209 1801 δὲ
1239 1746 1358 1807 τοὺς
1404 1742 1703 1825 ὀφθαλμοὺς
1753 1742 1945 1831 αῦτῶν,

2038 1738 2363 1831 Surgite,et
2392 1761 2468 1802 ne
2491 1743 3116 1805 timeatis.Sublevatis
3141 1738 3317 1825 igitur
3338 1749 3527 1831 oculis
3555 1751 3679 1812 suis

296 1830 484 1889 οὐδένα
538 1830 708 1911 εἶδον,
761 1834 803 1888 εἰ
860 1834 937 1907 μὴ
1006 1836 1098 1889 τὸν
1130 1832 1336 1901 Ἰησοῦν
1367 1835 1551 1909 μόνον.
1591 1852 1621 1890 )
1656 1832 1745 1898 Μὴ
1796 1830 1946 1906 ἐνεγ-

294 1922 482 1985 κόντες
552 1922 651 1988 τὴν
719 1920 1037 1997 λαμπηδόνα
1095 1929 1185 1979 τοῦ
1229 1923 1413 2001 νέφους
1446 1924 1493 1980 οἱ
1524 1920 1777 1997 μαθηταὶ,
1812 1917 1949 1992 μηδὲ

293 2012 392 2076 τὴν
466 2010 668 2090 φωνην,
758 2008 945 2066 ἔπεσον
975 2012 1172 2089 χαμαί²
1207 2012 1341 2078 ἦσαν
1372 2010 1425 2067 δὲ
1457 2011 1543 2066 καὶ
1574 2011 1621 2065 οἱ
1692 2006 1948 2087 ὀφθαλμοὶ

300 2100 470 2155 αὗτῶν
520 2098 669 2172 ὕπνῳ
726 2095 1101 2175 βεϐαρημένοι·
1138 2099 1300 2156 ὕπνον
1333 2097 1385 2154 δὲ
1438 2098 1583 2176 λέγει
1614 2099 1711 2166 τὴν
1742 2095 1947 2163 πολλὴν

304 2188 531 2265 κάρωσιν
601 2189 700 2254 τὴν
757 2188 861 2243 ἀπὸ
904 2192 999 2253 τῆς
1034 2185 1234 2262 ὅψεως
1271 2186 1363 2243 ἵνα
1395 2186 1449 2243 δὲ
1516 2187 1593 2262 μὴ
1634 2187 1723 2242 ἒπὶ
1756 2183 1889 2241 πολὺ
1920 2187 1947 2240 ὁ

306 2274 463 2356 φόϐος
522 2276 836 2355 παραμένων
894 2274 1094 2352 ὲκόάλῃ
1149 2277 1250 2344 τὴν
1337 2279 1556 2352 μνήμην
1593 2282 1696 2333 τῶν
1727 2274 1943 2354 ὁραθέν-

306 2388 413 2421 των
463 2365 649 2445 ἐγείρει
698 2365 884 2427 αὐτοὺς
972 2366 1059 2420 καὶ
1115 2364 1370 2444 θαῤῥὺνει,
1415 2365 1502 2421 καὶ
1559 2366 1719 2439 μόνος
1793 2364 1945 2427 αὐτὸς

308 2456 618 2533 εὑρίσκεται,
692 2454 784 2509 ἵνα
841 2454 918 2529 μὴ
994 2457 1215 2531 νομίσῃς
1277 2452 1363 2510 ὅτι
1438 2456 1555 2531 περὶ
1616 2451 1851 2515 Μωσέως
1908 2450 1942 2518 ἤ

2032 1830 2336 1890 neminem
2358 1831 2977 1907 viderunt,nisi.lesum
2997 1830 3678 1918 solumaDiSCipulinon

2032 1917 2292 1978 ferentes
2326 1919 2611 1998 fulgorem
2645 1919 2843 1993 nubis,
2879 1939 3068 2001 neque
3098 1917 3680 1995 vocem,ceciderunt

2034 2006 2091 2064 in
2118 2006 2595 2080 terram,etoculi
2615 2026 2820 2068 eorum
2837 2009 3005 2088 quasi
3024 2029 3233 2071 somno
3245 2013 3461 2095 gravati
3484 2023 3674 2078 erant.

2032 2092 2317 2155 Somnum
2342 2096 2485 2155 dicit
2512 2096 2753 2157 multam
2784 2098 3182 2175 gravationem
3213 2118 3246 2161 a
3278 2092 3427 2167 visu.
3460 2105 3547 2166 Ne
3578 2122 3679 2185 au-

2034 2190 2149 2242 tem
2177 2182 2355 2243 timor
2373 2184 2590 2244 diutius
2614 2184 2881 2246 insidens
2895 2186 3088 2265 ejiciat
3102 2191 3447 2252 memoriam
3468 2182 3673 2254 eorum

2031 2290 2161 2350 qua
2186 2271 2732 2345 viderant,suscitat
2762 2291 2865 2334 eos
2896 2281 2952 2334 et
2982 2275 3517 2361 animat,solusque
3546 2281 3675 2361 ipse

2028 2370 2437 2438 comparet,ne
2470 2369 2643 2438 putes
2673 2361 2827 2441 quod
2860 2362 2935 2423 de
2957 2365 3120 2425 Mose
3151 2366 3240 2427 vel
3262 2365 3388 2429 Elia
3418 2352 3523 2432 vox
3552 2352 3678 2432 dic-

2029 2457 2080 2508 ta
2103 2449 2197 2524 sit,
2231 2450 2335 2511 sed
2364 2451 2440 2511 de
2472 2449 2644 2530 ipso:
2676 2450 2991 2531 ipse'enim
3024 2461 3114 2514 est
3143 2454 3350 2517 Filius.

314 2542 496 2601 Ἠλιοῦ
525 2544 589 2611 ἦν
632 2546 667 2611 ἡ
700 2544 871 2623 φωνὴ,
907 2542 1045 2599 ἀλλὰ
1074 2546 1190 2622 περὶ
1222 2543 1400 2600 αὐτοῦ·
1448 2543 1602 2604 αὗτὸς
1633 2543 1731 2619 γὰρ
1763 2541 1900 2598 ἐστιν
1935 2544 1974 2616 ὁ⁸
2011 2542 2149 2601 Υἱὸς.

395 2657 422 2687 ιι
484 2636 582 2691 Καὶ
653 2629 1077 2689 καταϐαινόντων
1123 2634 1295 2688 αὐτῶν
1352 2633 1458 2689 ἀπὸ
1495 2632 1586 2687 τοῦ
1629 2628 1803 2708 ὅρους,
1857 2628 1946 2684 ἒν-

301 2723 539 2780 ετεῖλατο
608 2722 793 2784 αὐτοῖς
824 2724 850 2776 ὁ
910 2722 1140 2797 Ἰησοῦς,
1181 2720 1375 2799 λέγων’
1436 2719 1632 2787 Μηδενὶ
1663 2720 1859 2784 εἴπητε
1886 2719 1948 2774 τὸ

2116 2630 2270 2717 Vsus
2300 2628 2358 2690 9.
2375 2629 2481 2689 «Et
2508 2646 2640 2717 cum
2662 2627 3097 2717 descenderent
3118 2631 3192 2694 de
3217 2644 3673 2717 monte,praece—

2034 2714 2117 2794 pit
2142 2715 2259 2775 illis
2304 2717 2496 2785 .lesus,
2541 2715 2751 2777 dicens
2787 2736 2801 2779 :
2850 2715 2934 2777 Ne
2964 2719 3057 2779 cui
3088 2719 3358 2784 dixeritis
3389 2714 3673 2787 visionem

293 2809 473 2889 ὅραμα
526 2810 627 2872 ἕως
687 2811 747 2866 οῦ
815 2812 842 2865 ὁ
889 2811 1006 2871 Υἱὸς
1050 2816 1142 2865 τοῦ
1194 2809 1469 2887 ἀνθρώπου
1497 2811 1558 2864 εκ
1586 2808 1782 2884 νεκρῶν
1814 2806 1946 2893 ἂνα-

2038 2805 2203 2872 hanc,
2241 2803 2429 2864 donec
2460 2802 2647 2864 Filius
2677 2804 2936 2865 hominis
2980 2824 3011 2867 e
3040 2813 3289 2872 mortuis
3313 2823 3601 2893 resurgat.
3640 2840 3669 2871 ι

518 2922 541 2955 ο
629 2900 724 2953 Διὰ
780 2897 1259 2975 ταπεινοφροσύνην
1348 2894 1703 2975 παραγγέλλει
1762 2892 1946 2969 μηδενὶ

2038 2896 2287 2971 Propter
2337 2891 3102 2985 humilitatem__denuntiat
3149 2899 3297 2959 nulli
3328 2891 3671 2985 dictandum,

371 2957 396 2975 .-
1013 2957 1047 2975 ..
1217 2957 1228 2963 -
1426 2957 1437 2975 .
1506 2957 1551 2974 ..
1762 2957 1773 2969 .
1829 2957 1840 2961 -

292 2990 495 3060 εἰπεῖν,
544 2988 631 3042 καὶ
700 2984 812 3060 ἅμα
880 2988 969 3039 ’ἱνα
1041 2986 1117 3058 μὴ
1148 2983 1597 3043 σκανδαλισθῶσιν
1642 2986 1689 3039 οἱ
1722 2982 1943 3038 ἀκούον-

2038 2981 2120 3040 Βυ
2148 2957 2325 3059 atque
2359 2981 2533 3040 etiam
2560 2998 2665 3074 ne‘
2690 2980 3067 3074 offendantur
3096 2986 3197 3061 qui
3231 2957 3664 3074 {aii}:

294 3098 387 3141 τες
444 3083 680 3149 τοιαῦτα,
738 3076 950 3151 ὕστερον
1010 3074 1407 3152 σταυρούμενον
1438 3073 1725 3148 βλέποντες
1766 3070 1942 3131 αὐτόν.

2038 3076 2230 3148 postea
2250 3069 2440 3148 ipsum
2466 3068 2731 3147 cruciﬁgi
2754 3069 3365 3137 videntes.Putassent
3382 3071 3536 3140 enim
3558 3079 3673 3141 im-

300 3164 591 3239 Ἐνόμισαν
658 3165 757 3241 γὰρ
826 3160 887 3221 ἄν
918 3163 1072 3217 αὐτὸν
1117 3160 1317 3217 πλάνον
1362 3161 1528 3235 εἶναι,
1574 3161 1710 3215 κατὰ
1740 3180 1943 3239 φαντα-

2038 3166 2325 3236 postorem
2359 3156 2820 3237 fuisse,hrecque
2840 3162 3032 3221 solum
3063 3175 3416 3242 apparenter
3431 3168 3665 3253 fecisse.

298 3255 421 3310 σίαν
482 3254 776 3323 ποιήσαντα
845 3253 911 3305 τὰ
958 3253 1249 3325 θεοπρεπῆ.
1283 3250 1354 3304 Σὺ
1383 3248 1436 3305 δὲ
1472 3246 1629 3323 μάθε,
1680 3246 1760 3303 ὅτι
1809 3248 1944 3323 μετὰ

2038 3245 2124 3340 l'n
2141 3256 2338 3340 autem
2365 3247 2551 3340 disce,
2580 3255 2710 3340 post
2730 3266 2832 3308 sex
2854 3248 3069 3319 dies,id
3091 3262 3339 3334 est,post
3356 3250 3666 3340 mundum,

300 3344 359 3409 ἓξ
415 3343 641 3417 ἡμέρας,
704 3344 959 3411 τουτεστι,
1033 3339 1169 3413 μετὰ
1219 3339 1311 3394 τὸν
1366 3339 1567 3407 κόσμον
1636 3339 1727 3393 τὸν
1783 3335 1835 3392 ὲν
1892 3336 1943 3401 ἕξ

303 3434 531 3509 ἡμέραις
584 3428 1060 3508 δημιουργηθέντα,
1131 3428 1165 3494 ἡ
1222 3436 1314 3485 τοῦ
1379 3432 1510 3483 Θεοῦ
1580 3426 1790 3502 θεωρία’
1852 3425 1940 3481 ἐὰν

303 3524 407 3599 γαρ
476 3521 578 3600 οὔχ
624 3516 851 3596 ὒπερὸᾖς
901 3519 991 3573 τὸν
1059 3515 1285 3591 κόσμον,
1347 3517 1435 3572 καί
1487 3517 1703 3590 ὑψωθῇς
1760 3514 1813 3570 ἐν
1865 3520 1941 3587 τῷ

302 3610 438 3688 ὄρει,
511 3611 571 3664 οὗ
641 3609 718 3682 μὴ
776 3604 896 3681 ἴδῃς
943 3604 1183 3679 λαμπρὰ,
1246 3602 1363 3660 οὔτε
1406 3605 1466 3659 τὸ
1510 3603 1795 3681 πρόσωπον
1850 3611 1941 3661 τοῦ

299 3698 505 3771 Ἰησοῦ,
547 3698 646 3763 τὴν
673 3694 899 3761 θεότητα
928 3692 1094 3772 λέγω,
1127 3690 1243 3748 οὔτε
1270 3693 1336 3747 τὰ
1367 3689 1573 3767 ἱμάτια,
1606 3691 1702 3758 τὴν
1745 3692 1937 3770 σάρκαο

298 3786 441 3851 ἴδοις
498 3784 553 3842 δὲ
619 3788 739 3840 τότε
806 3784 894 3839 καὶ
946 3786 1147 3847 Μωσῆν
1204 3782 1292 3837 καὶ
1322 3780 1509 3837 Ἠλίαν
1559 3778 1945 3844 συλλαλοῦντας

298 3882 381 3949 τῷ
434 3875 630 3942 Ἰησου·
694 3874 722 3928 ὃ
790 3873 888 3950 γὰρ
943 3870 1105 3946 νόμος
1177 3871 1265 3925 καὶ
1336 3870 1383 3924 οἱ
1439 3874 1706 3948 προφῆται
1774 3869 1861 3924 καὶ
1918 3872 1946 3925 ὁ

301 3966 512 4033 Ἰησοῦς
583 3962 639 4019 ἕν
691 3961 908 4017 λαλοῦσι
984 3961 1073 4015 καὶ
1148 3956 1536 4038 συμφωνοῦσιν.
1610 3955 1781 4013 Ἀλλὰ
1861 3958 1947 4013 καὶ

301 4056 431 4112 ὅταν
502 4053 658 4132 εὕρῃς
714 4051 833 4106 τινὰ
887 4049 1240 4128 ἑρμηνεὺοντα
1278 4049 1339 4102 τὸ
1376 4052 1473 4113 τῆς
1517 4050 1727 4127 Γραφῆς
1772 4048 1947 4120 νόημα

299 4146 587 4223 λαμπρῶς,
646 4141 871 4220 γίνωσκε
927 4148 1111 4196 τοῦτον
1168 4139 1229 4192 τὸ
1285 4135 1571 4214 πρόσωπον
1632 4137 1723 4190 τοῦ
1774 4134 1949 4200 ἰησοῦ

302 4221 564 4312 λαμπρῶς
621 4229 856 4308 βλέπειν*
910 4229 954 4283 εἰ
995 4226 1050 4282 δὶ
1118 4228 1207 4282 καὶ
1236 4226 1329 4289 τὰς
1374 4222 1545 4290 λέξεις
1587 4221 1832 4302 διασαφεῖ
1861 4224 1949 4279 καὶ

300 4325 620 4401 Λαμπρύνει,
708 4318 857 4382 οὗτος
940 4317 1030 4373 καὶ
1104 4316 1171 4371 τὰ
1270 4315 1457 4389 ἱμάτια
1566 4318 1657 4369 τοῦ

299 4389 471 4470 λεῦκὲί
534 4389 718 4486 βλεπει
801 4407 984 4484 ἱμάτια
1043 4405 1142 4484 γὰρ
1197 4404 1303 4460 τῶν
1358 4401 1639 4477 νοημάτων
1661 4402 1714 4456 αἱ
1756 4389 1993 4465 λέξεις,”

300 4500 477 4559 Ἀλλὰ
544 4500 621 4574 μὴ
678 4499 842 4573 εἴπῃς
912 4495 1049 4552 κατὰ
1077 4492 1305 4571 Πέτρον,
1350 4512 1373 4545 ι
1414 4489 1588 4547 Καλόν
1614 4492 1759 4545 ἔστιν
1806 4491 1946 4564 ἡμᾶς

304 4587 411 4645 ὦδε
484 4588 643 4644 εἶναι’
726 4608 751 4644 ι
788 4586 867 4642 ἀεὶ
936 4585 1038 4662 γὰρ
1091 4581 1406 4661 προκόπτειν
1451 4577 1534 4635 δεῖ
1558 4579 1647 4634 καὶ
1688 4579 1748 4634 οὒ
1776 4599 1948 4633 κατα-

2027 3334 2127 3415 qui
2153 3352 2253 3395 sex
2286 3333 2495 3425 diebus
2528 3335 2803 3425 conditus
2833 3344 2945 3412 est,
2970 3341 3073 3401 Dei
3105 3333 3667 3425 contemplationem

2025 3422 2433 3484 futuram.Nisi
2455 3424 2613 3484 enim
2636 3422 3374 3513 transiverismunduni,et
3388 3438 3669 3499 exaltatus

2023 3512 2203 3572 fueris
2233 3513 2290 3572 in
2330 3522 2548 3586 monte,
2585 3530 2957 3594 nequaquam
3004 3518 3231 3581 videbis
3262 3512 3439 3598 clara,
3475 3544 3669 3606 neque

2021 3601 2228 3661 faciem
2261 3602 2423 3695 Jesu,
2451 3602 2728 3663 deitatem
2757 3604 2890 3664 dico
2917 3626 2930 3639 ·
2967 3625 3159 3687 neque
3182 3615 3548 3695 vestem,hoc
3571 3601 3669 3677 est

2025 3709 2290 3752 carnem.
2343 3688 2560 3751 Videre
2609 3700 2806 3753 autem
2870 3706 3008 3756 tunc
3042 3698 3261 3775 poteris
3292 3710 3351 3763 et
3379 3688 3580 3765 Mosen
3611 3713 3670 3766 et

2028 3778 2214 3872 filiam
2249 3778 2663 3872 colloquentes
2685 3782 2823 3843 .Iesu
2852 3801 2865 3842 :
2891 3783 2983 3844 lex
3009 3786 3165 3846 enim
3198 3797 3256 3850 et
3286 3793 3588 3872 prophetae
3608 3786 3670 3855 et

2026 3867 2199 3930 Jesus
2228 3887 2407 3927 unum
2444 3870 2762 3948 loquuntur
2791 3881 2848 3933 ct
2878 3885 3229 3937 consonant.
3259 3867 3413 3951 Quin
3444 3890 3502 3942 et
3533 3901 3667 3943 cum

2031 3957 2328 4020 inveneris
2344 3960 2661 4037 quemdam
2680 3978 2916 4022 sensum
2942 3965 3259 4044 Scriptura;
3288 3970 3445 4033 clare
3474 3972 3669 4034 inter-

2031 4054 2386 4126 pretantem,
2440 4066 2730 4125 cognosce
2787 4051 2940 4128 quod
2975 4053 3075 4113 ille
3104 4055 3312 4118 faciem
3344 4061 3483 4121 Jesu
3513 4061 3673 4122 clare

2033 4133 2263 4226 videat:
2290 4133 2447 4211 quod
2473 4133 2523 4193 si
2573 4144 2629 4226 et
2660 4134 2835 4197 verba
2854 4138 3116 4201 declaret
3146 4151 3205 4203 et
3230 4148 3548 4226 conspicua
3577 4149 3669 4210 fa-

2030 4220 2268 4299 ciat,hic
2297 4229 2354 4281 et
2385 4231 2576 4316 vestes
2598 4221 3044 4316 Jesu_candidas
3066 4220 3464 4298 videt.Vestes
3481 4238 3668 4316 enim,

1775 4313 1947 4378 Ἰησοῦ
1961 4327 2310 4403 psensuum
2365 4308 2677 4372 dictiones.
2732 4311 2850 4374 Sed
2907 4333 2983 4377 ne
3039 4317 3257 4381 dixeris
3301 4341 3435 4384 cum
3470 4308 3667 4403 Petro;

2038 4420 2060 4454 ιι
2096 4396 2323 4457 Bonum
2348 4407 2436 4457 est
2465 4416 2574 4459 nos
2627 4400 2722 4461 hic.
2753 4420 2922 4477 esse;
2948 4430 2975 4460 ι)
3009 4425 3143 4469 nam
3174 4420 3405 4490 oportet
3432 4396 3674 4494 semper

2032 4488 2341 4566 proﬁcere,
2374 4494 2433 4547 et
2465 4504 2581 4577 non
2614 4507 2967 4568 permanere
2985 4494 3047 4555 in
3071 4515 3188 4558 uno
3217 4488 3408 4577 gradu
3439 4488 3674 4568 virtutis

2033 4582 2090 4637 et
2119 4575 2650 4654 contemplationis,
2684 4579 2790 4640 sed
2820 4582 2893 4641 ad
2924 4583 3040 4645 alia
3069 4575 3342 4650 transire.

310 4677 487 4735 μένειν
516 4678 570 4733 ἐν
602 4678 673 4733 ἑνὶ
701 4677 885 4753 βαθμῷ
927 4676 1118 4750 ἀρετῆς
1146 4672 1236 4727 καὶ
1263 4667 1501 4747 θεωρίας,
1536 4666 1672 4723 ἀλλὰ
1700 4668 1789 4725 καὶ
1818 4666 2063 4749 ἀλλαχοῦ
2094 4663 2446 4753 μεταϐαίνειν.

397 4790 425 4822 α
505 4770 601 4825 Καὶ
657 4764 1010 4843 ἐπηρώτησαν
1061 4762 1217 4818 αὐτὸν
1279 4762 1328 4814 οἱ
1385 4759 1614 4833 μαθηταὶ
1644 4758 1820 4843 αὐτοῦ,
1856 4755 1950 4813 λέ-

315 4872 520 4938 γοντες⁶
592 4857 652 4913 Τί
709 4837 795 4911 οὖν
866 4853 913 4909 οἱ
967 4857 1311 4928 Γραμματεῖς
1375 4846 1629 4938 λέγουσιν,
1659 4844 1739 4902 ὅτι
1772 4837 1954 4903 Ἠλίαν

315 4933 402 5004 δεῖ
459 4945 630 5002 ἐλθεῖν
673 4950 881 5021 πρῶτον
913 4960 932 5021 ς
968 4958 998 5000 )
1042 4938 1380 5000 Ἀπατῶντες
1416 4936 1506 4993 τὺν
1549 4933 1677 4991 λαὸν
1708 4938 1754 4991 0i
1781 4940 1958 5014 Γραμ-

317 5049 509 5113 ματεϊς
567 5034 751 5111 ἴλεγο.
809 5032 890 5087 ὅτι
942 5033 1036 5088 οὒκ
1090 5026 1156 5095 ἧν
1227 5027 1381 5090 αὐτὸς
1439 5027 1467 5080 '0
1494 5024 1739 5104 Χριστός·
1766 5026 1830 5113 ,εἰ
1860 5024 1960 5113 γὰρ

310 5111 405 5201 ἦν,
482 5113 662 5187 Ἠλίας
723 5121 784 5178 ἄν
843 5118 1046 5199 ἤρχετο
1114 5121 1348 5196 πρῶτον,
1420 5113 1728 5201 ἀγνοοῦντες
1760 5111 1847 5201 ὅτι
1871 5111 1961 5168 δύο

306 5218 406 5272 τοῦ
476 5210 703 5293 Χριστοῦ
760 5207 1071 5303 παρουσίαι,
1105 5209 1180 5303 ιῖζν
1208 5209 1309 5303 τῆς
1349 5202 1695 5303 μὲν
1725 5200 1961 5303 πρόδρο-

306 5326 411 5381 μος
469 5288 840 5378 ο⁷’1ωαννι.ς,
898 5303 999 5365 τῆς
1047 5293 1102 5351 δὲ
1134 5291 1399 5369 δευτέρας,
1456 5288 1963 5394 δᾲἮλὶαςῦὈπερ

300 5398 396 5455 οὖν
457 5397 547 5452 καὶ
604 5396 633 5451 δ
689 5392 917 5472 Χριστὸς
972 5387 1247 5467 ἐρτὶηνεύτι
1280 5397 1397 5449 τοῖς
1424 5386 1721 5460 μαθηταῖς.
1751 5385 1962 5441 ’Ἄκουε

306 5488 434 5567 γάρο

696 5666 956 5728 ΡΑτιιοι..
1002 5659 1115 5722 αι.
1162 5653 1431 5719 ωαω.

2117 4751 2522 4852 νειιεΛθλαΕι
2548 4754 3063 4852 interrogaverunt
3083 4764 3247 4828 illum
3277 4770 3555 4852 discipuli
3583 4776 3677 4837 sui

2037 4841 2304 4905 (licentes
2330 4862 2343 4901 :
2379 4842 2575 4939 Quare
2621 4845 2800 4939 igitur
2828 4850 3051 4939 Scriba:
3080 4854 3279 4917 dicunt
3302 4841 3459 4939 quod
3491 4861 3678 4924 Eliam

2042 4940 2277 5030 oportet
2303 4932 2506 5030 venire
2554 4934 2864 5030 primum?
2899 4963 2926 4993 κ
2981 4932 3362 5023 Decipientes
3394 4951 3678 5030 populum

2043 5018 2271 5081 Scriba:
2286 5020 2563 5082 dicebant
2580 5025 2740 5102 quod
2762 5026 2891 5106 ipse
2912 5047 3031 5089 non
3052 5018 3210 5094 esset
3228 5018 3517 5103 Christus:
3543 5058 3680 5102 nam

2042 5109 2091 5211 si
2122 5118 2303 5211 esset,
2330 5110 2490 5171 Elias
2528 5112 2783 5211 primum
2826 5118 3121 5181 venisset:
3171 5123 3686 5211 ignorantesquod

2043 5200 2158 5292 duo
2214 5200 2503 5262 adventus
2540 5201 2793 5292 _(_)hristi,
2850 5225 3101 5286 quorum
3145 5200 3319 5292 primi
3350 5200 3691 5283 Praecursor

2041 5287 2577 5365 Joannes,secundi
2599 5302 2797 5354 autem
2827 5293 3115 5361 Elias.Sic
3145 5287 3306 5363 enim
3334 5313 3391 5367 et
3420 5308 3692 5372 Christus

2046 5377 2467 5456 interpretatur
2496 5379 2834 5460 discipulis.
2872 5386 3029 5448 Audi
3062 5389 3245 5451 enim.

3277 5661 3374 5721 11.
