4122 6270
495 354 605 422 331

574 494 750 561 VERS.
788 499 1004 563 11-13.
1046 523 1068 558 ιι
1103 500 1278 564 Jesus
1327 511 1520 564 autem
1572 504 1946 584 respondens
1994 501 2203 566 dixitA

491 586 612 648 illis
639 608 651 649 :
674 587 834 650 Elias
861 589 1102 669 quidem
1121 590 1321 652 veniet
1351 593 1602 672 prius,et
1627 594 1898 655 restituet
1918 594 2143 655 omnia.

495 676 642 740 Dico
672 687 869 739 autem
930 680 1097 740 vobis
1155 682 1311 756 quod
1360 682 1519 745 Elias
1541 683 1667 761 jam
1700 683 1880 756 venit,
1917 693 1977 744 et
2029 703 2147 744 non

495 777 859 845 agnoverunt
882 769 1150 839 eum,sed
1186 770 1529 831 feceruntin
1556 792 1623 832 eo
1657 791 2024 852 quacunque
2041 791 2144 833 vo-

497 854 754 917 luerunt.
786 858 882 918 Sic
918 866 976 917 et
997 858 1179 918 Filius
1206 859 1463 920 hominis
1499 878 1775 939 passurus
1807 870 1895 922 est
1928 861 2003 921 ab
2036 861 2144 922 eis.

498 944 665 1006 Tunc
696 946 1121 1018 intellexerunt
1143 947 1419 1027 discipuli
1450 950 1605 1029 quod
1639 950 1713 1009 de
1744 951 1968 1011 Joanne
2004 952 2148 1030 Bap-

496 1035 633 1097 tista
662 1035 905 1097 dixisset
931 1037 1074 1097 illis.
1110 1061 1135 1091 n
1203 1036 1463 1098 Dicendo
1526 1038 1681 1117 quod
1716 1038 1873 1100 Elias
1906 1039 2144 1118 quidem

497 1125 724 1201 veniet,
758 1125 1018 1186 ostendit
1050 1126 1209 1205 quod
1254 1126 1517 1187 nondum
1556 1128 1711 1189 venit
1744 1146 1757 1187 τ
1794 1127 1852 1189 in
1885 1129 2144 1189 secundo

499 1225 693 1276 autem
714 1215 966 1275 adventu
984 1216 1229 1278 veniens
1254 1234 1600 1295 praecursor,
1638 1220 1951 1279 restiturus
1968 1218 2042 1277 sit
2070 1217 2141 1277 ad

498 1306 674 1366 ﬁdem
708 1303 933 1367 Christi
958 1324 1167 1366 omnes
1197 1305 1500 1387 Hebraeos,
1533 1306 1689 1387 quod
1726 1306 2143 1385 persuasibiles

499 1393 786 1471 invenirt,
813 1395 984 1474 quasi
1009 1395 1079 1455 ad
1108 1396 1506 1456 hiereditatem
1526 1405 1829 1475 paternam
1849 1396 2143 1457 reducens

499 1502 601 1545 eos
631 1484 731 1563 qui
764 1484 1128 1547 exciderant.
1190 1484 1332 1546 Cum
1395 1494 1587 1545 autem
1638 1484 1802 1557 dicit,
1842 1486 1992 1546 Elias
2015 1485 2139 1564 jam

498 1571 680 1645 venit,
709 1574 1144 1634 Praecursorem
1196 1572 1361 1634 illum
1415 1576 1704 1636 Joannem
1736 1574 1903 1651 dicit,
1932 1574 1991 1633 in
2023 1592 2139 1652 quo

497 1660 764 1723 fecerunt
787 1678 1155 1741 quaecunque
1176 1661 1792 1730 voluere,occidentes
1822 1665 2139 1725 eum.Nam

500 1750 909 1831 permittentes
960 1748 1179 1811 Herodi
1212 1759 1275 1811 ut
1316 1751 1616 1812 occideret
1657 1753 1969 1825 Joannem,
2006 1770 2139 1811 cum

498 1849 743 1920 possent
767 1839 1234 1921 prohibere,ipsi
1260 1841 1625 1902 occiderunt.
1648 1839 1813 1901 Tunc
1836 1841 2013 1920 igitur
2045 1840 2140 1902 di-

501 1929 712 2011 scipuli
736 1928 872 1989 facti
927 1930 1397 2010 perspicaciores
1418 1931 1836 1993 intellexerunt
1857 1933 2012 2011 quod
2038 1931 2139 1992 Jo-

499 2036 717 2079 annem
773 2018 963 2079 Eliam
1020 2019 1259 2099 vocarit,
1295 2020 1449 2099 quod
1492 2019 1618 2098 ipse
1652 2019 1828 2099 primi
1856 2020 2141 2080 adventus

504 2125 839 2185 praecursor
888 2107 1086 2187 fuerit,
1148 2109 1301 2169 sicut
1358 2108 1458 2169 ille
1489 2109 1734 2169 secundi
1785 2109 2015 2170 futurus
2056 2117 2143 2169 cst

500 2216 853 2277 praecursor.

582 2285 995 2350 Vens.i4.cEt
1018 2303 1149 2345 cum
1177 2285 1478 2347 venissent
1508 2286 1581 2346 ad
1622 2286 1876 2359 turbam,
1898 2290 2147 2347 accessit

501 2376 575 2437 ad
588 2395 722 2437 eum
747 2376 924 2436 homo
940 2374 1176 2454 quidam
1201 2376 1444 2436 ﬂectens
1466 2375 1548 2437 illi
1570 2376 2141 2455 genua,dicensque:

504 2464 1077 2545 Domine,miserere
1110 2464 1213 2524 ﬁlii
1246 2465 1387 2539 mei,
1421 2465 1704 2545 quoniam
1733 2465 2026 2526 lunaticus
2055 2475 2144 2527 est

504 2563 565 2616 et
596 2555 811 2614 misere
837 2552 1112 2631 aﬂligilur
1146 2575 1159 2613 :
1216 2572 1349 2613 nam
1383 2572 1539 2633 saepe
1559 2555 1713 2615 cadit
1735 2553 1793 2614 in
1829 2555 2052 2633 ignem,
2086 2570 2147 2622 et

505 2664 665 2725 saepe
687 2646 745 2705 in
763 2661 1034 2723 aquam.»
1064 2640 1248 2703 Valde
1272 2642 1616 2703 incredulus
1640 2653 1882 2723 apparet
1901 2662 2029 2704 esse
2049 2644 2145 2705 hic

503 2736 787 2806 homo,eo
808 2732 961 2811 quod
985 2730 1211 2791 dixitad
1236 2731 1427 2810 ipsum
1454 2730 1742 2811 Christus,
1775 2730 1821 2793 Ο
1839 2734 2141 2810 generatio

502 2821 1066 2900 incredula,etquod
1085 2820 1279 2900 arguit
1297 2820 1423 2899 ipse
1445 2819 1924 2900 discipulos.Non
1948 2830 2141 2882 autem

505 2914 647 2975 luna
675 2930 851 2973 causa
905 2919 1032 2972 erat
1091 2910 1305 2983 morbi,
1362 2910 1465 2972 sed
1498 2910 1768 2971 diabolus
1793 2911 2142 2973 observabat

504 3002 987 3083 plenilunium,et
1005 3008 1140 3061 tunc
1158 3002 1239 3060 9|
1256 2999 1735 3063 insidiabatur.ut
1753 3009 2145 3078 arguerentur

505 3110 684 3173 opera
706 3091 810 3152 Dei
836 3100 1107 3169 tanquam
1135 3088 1308 3149 nobis
1332 3089 1546 3149 malum
1571 3088 2001 3152 inferentia.Tu
2032 3108 2140 3149 au-
2160 3117 2201 3168 ρ

504 3190 620 3242 tem
656 3178 1415 3258 intelligas,ohsecro.quod
1451 3178 1645 3238 omnis
1675 3178 1963 3257 insipiens
1992 3178 2145 3239 sicut

505 3268 1417 3340 lunaimmutaturﬁsecundum
1437 3268 1889 3347 Scripturam,et
1910 3268 2143 3328 interim

505 3368 752 3440 apparet
777 3359 986 3417 virtute
1019 3356 1535 3435 magnus,interim
1572 3356 1943 3416 imminuitur
1966 3376 2143 3416 sensu

506 3457 565 3509 et
589 3448 827 3527 desipit.
862 3446 974 3507 Hic
1003 3446 1183 3523 igitur
1211 3464 1342 3506 cum
1377 3444 1670 3519 lunalicus
1693 3445 2055 3517 fuerit,cadit
2085 3446 2141 3505 in

503 3537 700 3615 ignem
734 3537 835 3597 ira;
864 3545 921 3597 et
947 3534 1464 3613 concupiscentiae,
1499 3542 1553 3593 et
1578 3533 1635 3592 in
1666 3552 1873 3612 aquam
1911 3534 2142 3612 plenam

504 3626 786 3687 ﬂuctibus
798 3626 972 3703 hujus
985 3621 1627 3695 vitaasollicitudinisﬁu
1642 3641 1757 3701 qua
1769 3636 1828 3684 et
1847 3623 2141 3684 leviathan

503 3715 801 3795 diabolus,
832 3714 942 3774 hoc
977 3720 1087 3792 est,
1122 3712 1421 3790 imperans
1452 3711 1553 3771 ille
1583 3712 1642 3771 in
1682 3712 1873 3791 aquis.
1906 3713 1996 3772 An
2024 3731 2141 3773 non

503 3806 717 3867 ﬂuctus
745 3812 907 3866 recte
939 3803 1216 3863 dicuntur
1245 3801 1472 3863 crebrae
1501 3799 1745 3861 divitum
1778 3819 1932 3862 cura;
1952 3801 1983 3860 ‘?

2162 1890 2203 1940 B

585 3982 994 4047 VERS.l5-l7.
1034 3979 1144 4042 (Et
1170 3978 1357 4040 obtuli
1389 3999 1521 4041 eum
1554 3979 1857 4058 discipulis
1891 3980 2143 4060 tuis,nec

505 4079 820 4156 potuerunt
850 4088 983 4132 eum
1015 4088 1246 4131 sanare.
1307 4069 1696 4149 Respondeas
1738 4076 1932 4128 autem
1975 4068 2148 4131 Jesus

506 4163 693 4226 dixit:
718 4161 764 4225 Ο
790 4160 948 4223 natio
978 4159 1286 4221 incredula
1321 4169 1378 4219 et
1408 4159 1990 4238 distorta,quousque
2022 4167 2147 4219 tan-

506 4255 643 4315 dem
671 4269 772 4313 ero
798 4248 1103 4311 vobiscum
1128 4248 1152 4310 ?
1177 4265 1485 4328 usquequo
1516 4248 1701 4327 patiar
1724 4245 1851 4307 vos?
1873 4247 2148 4308 adducite

505 4344 671 4404 illum
696 4342 837 4403 huc.
863 4339 933 4401 Et
978 4336 1483 4420 increpavitillum
1507 4339 1700 4411 Jesus,
1737 4336 1950 4396 etexiit
1970 4335 2042 4397 ab
2075 4355 2145 4398 eo

1394 364 1989 431 THEOPHYLACTI
2022 360 2433 431 BULGARLE
2473 362 2828 432 ARCHIEP.

3769 359 3898 431 332

2312 523 2334 557 ε
2389 494 2445 560 Ὀ
2505 502 2558 559 δὲ
2614 503 2821 571 Ἰησοῦς
2893 506 3192 584 ἀποκριθεὶς
3238 507 3392 563 εἶπεν
3447 509 3654 570 αὐτοῖς’
3695 503 3906 568 Ἠλίας

2230 592 2327 658 μὲν
2408 591 2624 672 ἔρχεται
2708 596 2937 675 πρῶτον,
3041 596 3128 651 καὶ
3184 595 3612 666 ἀποκαταστήσει
3670 596 3873 653 πάντα

2233 679 2382 756 Λέγω
2439 678 2517 735 δὲ’
2562 683 2691 755 ὑμῖν
2735 682 2814 737 ὅτι
2859 681 3043 748 Ἠλίας
3074 681 3177 750 ἤδη
3208 684 3359 763 ἦλθε,
3392 686 3478 740 καὶ
3508 689 3601 743 οὐκ
3626 684 3903 763 ἐπέγνω-

2230 791 2324 824 σαν
2383 771 2564 842 αὐτὸν,
2627 770 2748 827 ἀλλ’
2799 771 3054 838 ἐποίησαν
3085 772 3138 827 ἐν
3200 777 3341 847 αὒτῷ
3423 772 3520 830 ὅσα
3576 774 3898 841 ἠθέλησαν.

2231 857 2381 914 Οὕτω
2450 860 2537 914 καὶ
2590 862 2618 915 ὁ
2670 862 2786 923 Υἱὸς
2832 868 2923 917 τοῦ
2967 861 3239 940 ἀνθρώπου
3284 861 3467 937 μέλλει
3519 865 3765 941 πάσχειν
3801 862 3898 918 ὑπ’

2229 946 2422 1006 αὐτῶν.
2482 946 2612 1005 Τότε
2676 954 2905 1014 συνῆκαν
2959 952 3005 1006 οἱ
3057 952 3310 1024 μαθηταὶ,
3344 951 3422 1006 ὅτι
3456 954 3570 1031 περὶ
3626 951 3898 1010 Ἰωάννου

2226 1041 2318 1089 τοὺ
2372 1041 2669 1091 Βαπτιστοῦ
2738 1041 2889 1093 εἶπεν
2945 1040 3150 1101 αὐτοῖς.
3189 1062 3212 1096 ι
3250 1037 3336 1097 Ἐν
3409 1047 3484 1114 τῷ
3553 1042 3732 1096 εἰπεῖν
3798 1039 3891 1095 ὅτι

2228 1121 2410 1185 Ἠλίας
2470 1123 2565 1197 μὲν
2638 1123 2875 1204 ἔρχεται,
2936 1124 3153 1183 δεικνύει
3198 1126 3278 1183 ὅτι
3339 1127 3691 1203 οῧπωῆλθεν,
3730 1127 3894 1184 ἐλεύ-

2230 1234 2374 1268 σεται
2446 1209 2500 1267 δὲ
2586 1213 2879 1292 πρόδρομος
2960 1220 3057 1283 τῆς
3142 1215 3383 1295 δευτέρας
3440 1217 3722 1291 ἐλεύσεως,
3794 1220 3893 1272 καὶ

2226 1300 2657 1370 ἀποκαταστήσει
2714 1305 2845 1381 πρὸς
2894 1305 2991 1371 τὴν
3054 1306 3227 1360 πίστιν
3286 1311 3382 1362 τοῦ
3410 1306 3631 1383 Χριστοῦ
3662 1308 3889 1368 πάντας

2224 1392 2341 1453 τοὺς
2405 1391 2843 1468 εὑρεθησομένους
2914 1396 3211 1460 πειθηνίους
3294 1385 3583 1472 Ἐϐραίους,
3688 1395 3893 1471 ὥσπερ

2224 1480 2297 1541 εἷς
2354 1486 2596 1556 πατρῷον
2665 1478 2862 1559 κλῆρον
2920 1482 3288 1538 ἆποκαθιστῶν
3345 1484 3529 1547 αὐτοὺς
3605 1483 3888 1540 ἐκπεσόν-

2222 1582 2340 1629 τας⁶
2414 1569 2469 1622 ἐν
2523 1567 2577 1623 δὲ
2644 1573 2722 1641 τῷ
2780 1570 2950 1626 εἰπεῖν
2978 1570 3056 1625 ὃτι
3090 1569 3274 1636 Ἠλίας
3295 1569 3398 1640 ἢδη
3430 1571 3576 1646 ἦλθε,
3613 1576 3704 1629 τὸν
3737 1575 3891 1651 Πρό-

2224 1654 2414 1733 δρομον
2471 1654 2721 1723 Ἰωάννην
2778 1659 2958 1737 φησίν,
3035 1656 3325 1727 Ἐποίησαν
3370 1659 3425 1715 ἐέ
3468 1661 3520 1716 ἐν
3565 1664 3709 1737 αὑτῷ
3774 1662 3884 1718 ὅσα

2224 1746 2309 1800 καὶ
2368 1744 2631 1811 ἠθέλησαν
2705 1748 3043 1825 φονεύσαντες
3118 1749 3295 1804 αὕτόν*
3356 1746 3423 1803 δι’
3466 1750 3540 1806 ὧν
3585 1753 3687 1830 γὰρ
3737 1773 3882 1806 συν-

2225 1833 2510 1911 ἐχώρησαν
2574 1841 2651 1908 τῷ
2726 1829 2931 1914 Ἡρώδη
2961 1843 3227 1915 φονεῦσαι,
3284 1835 3557 1912 δυνάμενοι
3613 1829 3879 1917 κωλύειν,

2224 1922 2419 1978 ἐκεῖνοι
2491 1916 2795 2000 ἐφόνευσαν.
2860 1928 2987 1982 Τότε
3019 1926 3189 1982 τοίνυν
3232 1926 3460 2005 ὀξύτεροι
3509 1935 3792 2006 γενόμενοι
3831 1916 3882 1984 οἱ

2225 2013 2453 2084 μαθηταὶ
2510 2016 2762 2093 συνῆκαν,
2837 2012 2915 2067 ὅτι
2970 2014 3058 2069 τὸν
3120 2013 3370 2081 ’[ωὰννην
3402 2013 3583 2072 Ἠλίαν
3613 2016 3876 2097 ἐκάλεσε,

2222 2096 2305 2155 διὰ
2362 2101 2423 2154 τὸ
2494 2099 2788 2179 πρόδρομον
2819 2100 3058 2179 γενέσθαι
3114 2109 3300 2159 τοῦτον
3332 2107 3430 2171 τῆς
3484 2104 3728 2183 πρώτης,
3790 2108 3877 2169 ὼς

2223 2187 2425 2253 ἐκεῖνος
2470 2187 2613 2245 ἔσται
2643 2195 2741 2255 τῆς
2785 2188 3024 2267 δευτέρας
3056 2190 3332 2253 ἐλεύσεως,

2314 2296 2337 2330 ε
2389 2279 2488 2334 Καὶ
2547 2277 2803 2333 ἐλθόντων
2836 2279 3007 2334 αὐτῶν
3049 2281 3180 2356 πρὸς
3233 2282 3324 2336 τὸν
3348 2281 3538 2361 ὄχλον,
3571 2282 3876 2359 προσῆλθεν

2226 2366 2365 2438 αὑτῷ
2408 2364 2677 2444 ἅνθρωπος
2760 2374 3063 2445 γονυπετῶν
3118 2370 3294 2447 αὑτὸν,
3340 2372 3427 2425 καὶ
3458 2370 3651 2449 λέγων’
3687 2373 3872 2449 Κύριε,

2225 2451 2443 2519 ἐλέησόν
2500 2476 2602 2530 μου
2668 2458 2759 2512 τὸν
2788 2456 2943 2531 -υἱὸν,
3017 2455 3098 2514 ὅτι
3155 2456 3521 2529 σεληνιάζεται
3552 2463 3640 2517 καὶ
3686 2468 3871 2525 κακῶς

2227 2541 2452 2621 πάσχει.
2519 2542 2781 2607 Πολλάκις
2834 2546 2932 2625 γὰρ
2963 2546 3142 2603 πίπτει
3176 2548 3250 2609 εἰς
3292 2549 3352 2603 τὸ
3379 2558 3503 2626 πῦρ,
3538 2552 3623 2605 καὶ
3654 2550 3870 2607 πολλά-

2225 2650 2307 2695 κις
2366 2633 2438 2695 εἷς
2492 2635 2553 2689 τὸ
2582 2632 2739 2713 ὕδωρ,
2779 2656 2803 2691 ι
2836 2632 3042 2715 Σφόδρα
3087 2634 3305 2700 ἄπιστος
3350 2640 3502 2703 οὗτος
3534 2640 3561 2694 ὁ
3590 2636 3868 2717 ἅνθρωπος

2226 2721 2460 2806 ραίνεται
2515 2722 2679 2796 εἶναι,
2739 2721 2791 2789 ἐξ
2846 2726 2920 2778 ῶν
2947 2745 3004 2779 τε
3030 2725 3153 2781 εἶπε
3183 2728 3315 2803 πρὸς
3361 2728 3516 2782 αὑτὸν
3545 2730 3572 2783 ὁ
3611 2730 3859 2806 Χριστὸς,

2225 2801 2289 2865 ’δὲ
2361 2811 2517 2887 γενεὰ
2557 2809 2798 2881 ἄπιστος,
2851 2814 2938 2871 καὶ
2968 2812 3048 2868 ὅτι
3108 2801 3400 2894 κατηγορεῖ
3431 2816 3579 2877 αὑτὸς
3610 2801 3712 2870 τῶν
3741 2801 3859 2891 μαέ

2224 2906 2420 2968 θητῶν
2480 2901 2581 2979 οὑχ
2642 2902 2677 2967 ὴ
2761 2898 2961 2970 σελήνη
3012 2899 3064 2956 δὲ
3124 2903 3287 2982 αἰτία,
3320 2901 3436 2958 ἀλλ’
3465 2906 3491 2958 ὁ
3526 2902 3717 2958 δαίπων
3745 2904 3849 2959 ἑπ-

2225 2991 2401 3068 ετηρει
2455 2989 2553 3055 τὴν
2583 2987 2814 3059 σελήνην
2860 2988 3041 3070 πλήρη
3066 2993 3245 3066 οὖσαν,
3280 2993 3367 3049 καὶ
3395 2993 3511 3049 τότε
3568 2992 3846 3069 ἐπετίθετο,

2223 3078 2317 3136 ’ίνα
2371 3076 2796 3157 βλασφημηθῶσι
2857 3080 2921 3134 τὰ
2991 3079 3117 3158 ἔργα
3167 3088 3260 3137 τοῦ
3291 3084 3422 3138 Θεοῦ
3469 3085 3542 3145 ὡς
3573 3085 3854 3144 κακοποιά.

2226 3170 2297 3224 Σὺ
2351 3166 2405 3223 δὲ
2473 3167 2578 3222 νόει
2610 3169 2697 3223 καὶ
2726 3166 2807 3223 ὅτι
2851 3174 2957 3232 πᾶς
2987 3168 3163 3249 ἄφρων
3192 3171 3265 3233 ὡς
3297 3169 3501 3241 σελήνη
3530 3169 3857 3252 ἀλλοιοῦται,

2226 3258 2359 3312 κατὰ
2407 3258 2468 3312 τὸ
2523 3257 2911 3334 γεγραμμένον,
2985 3258 3115 3314 ποτὲ
3171 3259 3269 3332 μὲν
3329 3259 3498 3337 μέγας
3552 3261 3868 3339 φαινόμενος

2224 3347 2343 3402 κατ’
2392 3346 2605 3424 ἀρετὴν,
2669 3346 2798 3401 ποτέ
2829 3344 2882 3401 δὲ
2912 3344 3292 3422 ἐλαττούμενος
3323 3349 3412 3404 καὶ
3456 3348 3863 3428 ἀφανιζόμενος·

2226 3436 2373 3499 οὗτος
2433 3435 2521 3489 οὖν
2577 3434 2939 3505 σεληνιάζεται
2984 3436 3068 3492 οιαὶ
3110 3438 3452 3510 καταπίπτει,
3499 3440 3587 3494 καὶ
3636 3441 3709 3502 εἰς
3738 3447 3871 3520 πῦρ,

2225 3528 2286 3581 τὸ
2338 3534 2431 3584 τοῦ
2484 3527 2646 3598 θυμοῦ
2703 3526 2790 3579 καὶ
2843 3530 2942 3591 τῆς
3000 3523 3294 3600 ἐπιθυμίας,
3356 3526 3444 3582 καὶ
3491 3528 3564 3589 εἷς
3611 3525 3770 3607 ὕδωρ,
3799 3532 3874 3584 τὰ

2226 3614 2435 3688 κύματα
2489 3620 2580 3668 τοῦ
2660 3610 3067 3692 πολυφρόντιδος
3123 3613 3258 3688 βίου’
3321 3613 3374 3670 ἐν
3420 3617 3465 3687 ᾧ
3521 3617 3548 3669 ὁ
3618 3614 3881 3674 λευϊαθὰν

2227 3700 2495 3781 διάϐολος,
2554 3700 2825 3758 τουτέστιν
2878 3703 2906 3757 ὁ
2960 3701 3253 3777 βασιλεὺων
3309 3701 3364 3757 ἐν
3406 3715 3521 3767 τοῖς
3575 3702 3775 3760 ὕδασιν·
3835 3706 3878 3773 ἦ

2226 3792 2348 3870 οὐχὶ
2415 3792 2625 3866 κύματα
2683 3789 3061 3857 ἀλλεπάλληλα
3132 3795 3183 3847 αἱ
3241 3795 3344 3848 τῶν
3383 3794 3647 3849 πλουσίων
3700 3816 3876 3873 φρον-

2226 3879 2362 3945 τίδες
2399 3898 2417 3957 ;

2315 3988 2338 4024 α
2416 3968 2514 4026 Καὶ
2568 3968 2908 4046 προσήνεγκα
2966 3971 3120 4025 αὐτὸν
3149 3983 3265 4033 τοῖς
3321 3975 3588 4046 μαθηταῖς
3633 3994 3746 4051 σου,
3780 3976 3885 4029 καὶ

2230 4061 2324 4115 οὒκ
2375 4055 2709 4126 ἠδυνήθησαν
2756 4058 2912 4138 αὐτὸν
2966 4060 3299 4136 θεραπεῦσαι.
3347 4056 3674 4138 Ἀποκριθεὶς
3728 4060 3781 4116 δὲ
3847 4066 3883 4119 ὁ

2232 4146 2459 4219 Ἰησοῦς,
2513 4149 2692 4203 εἶπεν·
2763 4134 2826 4201 Ὠ
2886 4134 3042 4225 γενεᾶ
3073 4144 3294 4213 ἄπιστος
3325 4151 3414 4205 καὶ
3450 4134 3876 4231 διεστραμμένη,

2228 4236 2328 4301 ἕως
2387 4236 2515 4293 πότε
2582 4236 2770 4310 ἔσομαι
2829 4235 2945 4311 μεθ’
3012 4238 3205 4312 ὑμῶν,
3271 4237 3373 4301 ἓως
3432 4240 3563 4294 πότε
3618 4239 3878 4313 ἀνέξομαι

2230 4330 2376 4402 ὑμῶν
2414 4345 2432 4406 ;
2504 4326 2686 4406 φέρετέ
2757 4348 2846 4400 μοι
2902 4324 3210 4399 αὐτὸνζῶδε·
3245 4328 3332 4383 καὶ
3360 4326 3685 4403 ἐπετίμησεν
3727 4330 3879 4405 αὗτῷ

504 4433 951 4507 daemonium,et
980 4413 1217 4490 sanatus
1249 4438 1336 4488 est
1370 4445 1515 4507 puer
1543 4446 1613 4487 ex
1642 4427 1741 4487 illa
1774 4425 1937 4485 hora.
1979 4448 2001 4481 ι)
2036 4427 2139 4486 Vi-

2232 4420 2257 4472 ὃ
2315 4418 2545 4496 Ἰησοῦς,
2596 4417 2683 4472 καὶ
2739 4413 2951 4481 ἐξῆλθεν
3002 4413 3094 4471 ἀπ’
3137 4417 3293 4472 αὐτοῦ
3344 4417 3405 4472 τὸ
3454 4414 3747 4491 δαιμόνιον,
3781 4422 3878 4475 καὶ

504 4523 609 4585 des
628 4523 927 4585 hominem
948 4518 1225 4581 delictum
1253 4536 1373 4577 suze
1393 4514 1821 4576 incredulitatis
1842 4514 2149 4594 discipulis

508 4605 1494 4692 impingeulem,quodinﬁrmiores
1508 4606 1811 4683 sintquam
1835 4612 2142 4664 utsanent.

504 4700 688 4780 Igitur
722 4700 1005 4763 Dominus
1035 4694 1345 4757 confundit
1378 4712 1510 4755 cum
1545 4692 1702 4772 quod
1737 4693 2029 4753 accusarit
2061 4692 2148 4753 di-

503 4791 863 4871 scipulos,ac
895 4787 1037 4850 dicit
1065 4786 1152 4847 :0
1182 4782 1481 4861 generatio
1523 4781 1853 4863 incredula,
1888 4784 1999 4845 hoc
2033 4792 2143 4855 est,

502 4879 633 4942 Non
666 4886 758 4941 est
791 4884 1015 4939 tantum
1041 4873 1395 4934 inﬁrmitatis
1424 4871 1683 4946 illorum,
1716 4879 2000 4951 quantum
2038 4880 2148 4932 tuae

502 4967 935 5033 incredulitalis
955 4964 1240 5026 delictum
1256 4980 1489 5039 :magna
1511 4960 1672 5022 enim
1708 4969 1881 5034 est,et
1910 4961 2143 5021 illorum

504 5058 867 5121 mediocrem
902 5048 1723 5115 vincitvirtulemﬂominem
1757 5056 1953 5112 autem
1980 5051 2144 5111 illum

504 5145 1159 5229 opprobrando,omnes
1190 5139 1365 5200 simul
1399 5139 1774 5229 opprobravit
1805 5139 2144 5201 incredulos

507 5226 565 5297 et
590 5226 1063 5297 circuitistantes.
1101 5230 1278 5290 Porro
1321 5248 1452 5289 cum
1487 5228 1650 5301 dicit,
1692 5226 2008 5308 Usquequo
2042 5247 2143 5288 ero

507 5325 812 5387 vobiscum
838 5322 862 5382 Υ
884 5319 1142 5382 ostendit
1162 5319 1316 5398 quod
1339 5320 1638 5380 desideret
1657 5318 1714 5377 in
1740 5336 1914 5378 cruce
1940 5317 2145 5396 pati,et

509 5414 581 5477 ah
614 5414 759 5494 ipsis
790 5411 1095 5473 secedere.
1128 5407 1446 5488 Usquequo
1472 5406 1750 5467 versabor
1778 5425 1908 5466 cum
1943 5409 2145 5467 irriso-

507 5504 675 5567 ribus
692 5509 750 5565 et
769 5499 1093 5563 incredulis
1110 5498 1141 5556 ‘l
1169 5495 1501 5573 lncrepavit
1522 5505 1713 5557 autem
1747 5496 1909 5557 illum
1947 5497 2137 5570 Jesus,

588 5674 646 5723 ’ὅ
676 5670 834 5735 Eccli
859 5684 1040 5742 xxvn,
1078 5667 1146 5730 12

2231 4507 2548 4585 ἐθεραπεύθη
2609 4507 2637 4560 ὁ
2694 4516 2827 4566 παῖς
2883 4503 2989 4559 ἀπὸ
3046 4508 3144 4570 τῆς
3200 4506 3341 4583 ὣρας
3373 4504 3602 4572 ἐκείνης,
3636 4529 3664 4562 ι
3712 4498 3877 4585 Ὀρᾷς

2229 4598 2320 4651 τὸν
2377 4594 2645 4672 ἄνθρωπον
2702 4593 2762 4648 τὰ
2818 4592 3002 4650 ἑαυνοῦ
3052 4605 3300 4668 πταῖσμα
3345 4592 3444 4660 τῆς
3476 4594 3719 4659 ἀπιστίας
3748 4607 3873 4658 τοῖς

2231 4690 2499 4761 μαθηταῖς
2532 4683 2861 4758 ἀνατιθέντα,
2907 4684 2980 4745 ὡς
3023 4682 3338 4751 ἆσθενήσασι
3393 4685 3510 4761 περὶ
3556 4685 3652 4752 τὴν
3697 4684 3868 4739 ἴασιν·

2231 4778 2258 4830 ὁ
2320 4776 2489 4830 τοίνυν
2548 4775 2732 4851 Κύριος
2786 4774 3158 4849 καταισχῦνων
3201 4773 3380 4847 αὐτὸν,
3415 4772 3529 4828 ἐπεὶ
3583 4773 3871 4851 κατηγόρει

2227 4870 2330 4920 τῶν
2391 4862 2665 4939 μαθητῶν,
2725 4861 2906 4941 φησίν⁸
2978 4852 3043 4914 Ὠ
3099 4862 3255 4938 γενεὰ
3285 4860 3525 4927 ἄπιστος·
3578 4864 3870 4939 τουτέστιν,

2230 4957 2300 5012 Οὔ
2347 4953 2443 5020 τῆς
2517 4951 2727 5009 ἐκείνων
2755 4951 3021 5015 ἀσθενείας
3064 4952 3313 5007 τοσοῦτον
3339 4952 3402 5008 τὸ
3443 4965 3709 5028 πταῖσμα,
3747 4954 3874 5009 ὃσον

2229 5044 2324 5110 τῆς
2382 5042 2481 5110 σῆς
2552 5040 2827 5105 ἀπιστίας.
2887 5039 3065 5106 πολλὴ
3124 5039 3223 5117 γὰρ
3280 5039 3434 5115 οὖσα,
3505 5040 3716 5107 ἐνίκησε
3771 5041 3877 5108 τὴν

2229 5132 2439 5189 ἐκείνων
2510 5130 2805 5208 σύμμετρον
2873 5126 3114 5203 δύναμιν·
3186 5134 3263 5201 τῷ
3292 5127 3347 5184 δὲ
3395 5128 3654 5207 ἀνθρώπῳ
3681 5128 3877 5186 ὀνειδί-

2226 5231 2352 5298 ζων,
2413 5227 2542 5279 πᾶσι
2613 5225 2805 5281 κοινῶς
2866 5216 3099 5287 ὀνειδίζει
3171 5219 3244 5280 ὡς
3288 5216 3593 5289 ἀπιστοῦσι,
3639 5221 3728 5276 καὶ
3755 5232 3877 5286 τοῖς

2227 5316 2589 5388 περιεστῶσιν·
2651 5309 2705 5364 ἐν
2734 5307 2789 5364 δὲ
2832 5314 2909 5381 τῷ
2952 5308 3145 5379 εἰπεῖν,
3181 5295 3336 5370 ιἘως
3367 5307 3497 5362 πότε
3541 5306 3727 5383 ἔσομαι
3758 5307 3879 5383 μεθ’

2225 5403 2371 5476 ὑμῶν
2419 5421 2434 5476 ;
2509 5398 2731 5456 δείκνυσι
2784 5396 3061 5454 ἐπιποθεῖν
3110 5396 3173 5450 τὸ
3203 5395 3290 5451 ἐπὶ
3328 5402 3405 5476 τῷ
3447 5404 3656 5476 σταυρῷ
3684 5400 3876 5474 πάθος,

2226 5474 2311 5550 καὶ
2369 5474 2465 5557 τῆν
2526 5487 2617 5545 ἀπ’
2676 5489 2848 5545 αὐτῶν
2920 5485 3291 5565 ἀναχώρησιν.
3356 5474 3511 5548 "Em:
3574 5474 3701 5544 πότε
3777 5488 3880 5569 γὰρ
