4122 6270
3566 334 3657 373 .il

334 413 455 482 333
968 418 1412 481 ENARRATIO
1457 420 1538 481 IN
1589 416 2095 481 EVANGELIUM
2140 417 2540 483 MATTHIEI.
2591 456 2667 466 —
2711 422 2875 485 CAP.
2924 423 3119 490 XVII.
3606 421 3725 523 334

334 555 709 630 συνδιαιτῶμαι
779 568 894 617 τοῖς
952 555 1225 635 ὑϐρισταῖς
1281 559 1369 611 καὶ
1441 555 1720 628 ἆπίστοις;
1768 552 1987 610 Ἐπετί-

2082 550 2283 630 quem?
2304 552 2682 615 Lunaticum.
2709 553 2789 615 Ex
2812 553 2914 615 illo
2940 555 3117 635 igitur
3151 555 3721 639 manifestum,quod

339 666 478 718 μησε
551 642 606 700 δὶ
667 645 809 717 αὐτῷ
867 648 895 701 ὁ
972 643 1199 715 Ἰησοῦς,
1231 645 1329 699 τίνι
1363 662 1379 719 ;
1414 650 1501 716 Τῷ
1532 641 1981 717 σεληνιαζομένῳθ

2082 657 2203 698 sum
2233 649 2289 700 et
2320 641 2445 721 ipse
2479 642 2824 704 incredulus
2861 643 3063 719 fuerit,
3105 661 3211 724 per
3242 646 3717 708 incredulitatem

337 736 399 790 ὶκ
451 734 636 791 τούτου
688 740 811 811 γοῦν
869 737 1108 813 φαίνεται
1167 732 1246 791 ὅτι
1303 733 1525 797 ἄπιστος
1569 731 1640 788 ὤν
1675 733 1762 789 καὶ
1806 734 1984 803 αὐτὸς,

2082 727 2325 788 daamoni
2357 747 2421 791 se
2448 730 2762 793 invadendi
2790 734 2984 793 locum
3017 732 3276 795 dederit.

338 825 431 879 τοῦ
485 821 728 897 δαίμονος
780 824 952 895 ἑαυτῷ
998 822 1245 903 πρόξενος
1306 821 1516 901 ἐγένετο
1564 821 1649 877 διὰ
1690 821 1788 888 τὴν
1868 822 1991 877 ἀπι-

340 912 517 973 στίαν,

430 1024 451 1056 ι
518 1000 646 1060 Τότε
720 1000 1095 1080 προσελθόντες
1148 1006 1194 1058 οἱ
1244 1003 1476 1076 μαθηταὶ
1534 1006 1609 1073 τῷ
1654 998 1830 1067 Ἰησοῦ
1870 998 1986 1055 κατ’

2157 995 2333 1055 Vens.
2377 997 2577 1059 18-20.
2614 996 2814 1058 «Tunc
2844 999 3196 1060 accedentes
3226 996 3503 1081 discipuli
3519 1002 3591 1063 ad
3612 1001 3714 1064 Je-

338 1090 497 1170 ἰδίαν,
557 1092 741 1149 εἶπον·
811 1091 959 1147 Διατί
1014 1095 1178 1167 ἡμεῖς
1213 1095 1308 1150 οὒκ
1360 1088 1693 1165 ἠδυνήθημεν
1740 1088 1990 1146 ἐκϐαλεῖν

2082 1100 2199 1143 sum
2236 1102 2530 1155 seorsum,
2560 1088 2836 1147 dixerunt
2867 1103 2881 1148 :
2915 1086 3111 1158 Quare
3142 1106 3251 1148 nos
3284 1108 3403 1150 non
3421 1092 3718 1170 potuimus
3788 1125 3790 1127 >

341 1183 468 1237 αὖτὸ
504 1201 519 1259 ;
587 1173 642 1239 Ὀ
700 1179 754 1238 δὲ
789 1180 993 1248 Ἰησοῦς
1040 1182 1195 1239 εἶπεν
1231 1183 1436 1243 αὒτοϊςθ
1471 1182 1570 1236 Δια
1611 1181 1710 1247 τὴν
1741 1180 1987 1235 ἀπιστίαν

2082 1172 2290 1251 ejicere
2307 1173 2485 1234 illud?
2505 1176 2679 1236 Jesus
2702 1183 2896 1236 autem
2917 1175 3064 1236 dixit
3084 1175 3224 1239 illis:
3245 1176 3495 1259 Propter
3514 1179 3717 1242 incre-

338 1273 511 1344 ὑμῶν.
577 1272 750 1345 Ἀμην
803 1271 902 1349 γὰρ
951 1270 1095 1349 λέγω
1143 1274 1293 1351 ὅμϊν,
1356 1270 1445 1326 ἐὰν
1489 1270 1656 1350 ’έχητε
1686 1269 1859 1325 πίστιν
1914 1270 1986 1330 ὡς

2082 1261 2380 1351 dulitatem
2414 1272 2691 1325 vestram.
2727 1268 2916 1327 Amen
2948 1265 3170 1346 quippe
3202 1266 3336 1328 dico
3359 1267 3723 1349 vobis,siba-

339 1360 533 1415 κόκκον
582 1360 868 1434 σινάπεως,
933 1359 1102 1437 ἐρεῖτε
1162 1367 1237 1434 τῷ
1302 1359 1408 1438 ὅρει
1468 1360 1657 1431 τούτῳ,
1723 1354 1987 1423 Μετάϐηθι

2082 1349 2264 1411 beatis
2300 1350 2476 1411 ﬁdem
2511 1352 2663 1412 sicut
2720 1370 2964 1430 granum
3018 1355 3261 1434 sinapis,
3297 1354 3506 1418 dicetis
3536 1359 3719 1420 monti

339 1447 569 1503 ἐντεῦθεν
618 1447 758 1527 ἐκεῖ,
832 1449 919 1504 καὶ
999 1446 1377 1524 μεταϐήσεται·
1454 1450 1541 1504 καὶ
1599 1447 1743 1507 οῦδὲν
1804 1445 1989 1502 ἀδυνα-

2082 1440 2210 1528 huic
2250 1459 2261 1497 :
2297 1440 2575 1519 Demigra
2627 1440 2766 1502 hinc
2824 1441 2986 1523 illuc,
3022 1451 3079 1503 et
3108 1442 3488 1523 demigrabit,
3524 1465 3720 1528 neque

340 1539 496 1606 τήσει
554 1538 705 1612 ὑμῖν·
752 1544 905 1593 τοῦτο
957 1536 1011 1593 δὲ
1081 1541 1143 1594 τὸ
1202 1538 1352 1615 γένος
1412 1539 1505 1593 οὑκ
1549 1538 1887 1615 ἐκπορεὺεται
1946 1537 1988 1591 εἰ

2082 1527 2398 1607 quidquam
2433 1529 2799 1609 impossibile
2830 1530 2944 1590 erit
2973 1530 3161 1591 vobis.
3210 1529 3330 1595 Sed
3362 1535 3475 1595 hoc
3527 1527 3719 1615 genus

341 1627 418 1700 μὴ
479 1627 532 1682 ἐν
584 1632 862 1705 mace-.in
946 1629 1033 1682 καὶ
1104 1628 1343 1699 νηστείᾳ,
1411 1646 1438 1685 )
1502 1625 1869 1705 Ἐφοϐήθησαν
1944 1626 1989 1680 οἱ

2082 1635 2189 1705 non
2213 1617 2510 1693 egreditur
2533 1617 2643 1678 nisi
2662 1636 2767 1698 per
2785 1618 3268 1699 deprecationem
3289 1622 3716 1703 etjejunium.»

342 1715 631 1771 ἀπόστολοι
728 1716 940 1790 μὴποτε
998 1715 1279 1773 ἀπώλεσαν
1336 1716 1435 1782 τὴν
1505 1714 1744 1771 δοθεῖσαν
1805 1715 1989 1777 αὐτοῖς

2082 1703 2426 1766 l‘imuerunt
2456 1707 2731 1788 apostoli,
2796 1726 2870 1767 ne
2924 1708 3324 1788 perdidissent
3383 1712 3576 1774 datam
3609 1715 3719 1777 sibi

340 1805 478 1860 κατὰ
528 1810 634 1860 τῶν
691 1802 955 1879 δαιμόνωδ
1014 1805 1198 1884 χάριν·
1234 1805 1320 1860 διὰ
1352 1804 1500 1860 τοῦτο
1533 1803 1651 1859 κατ’
1695 1802 1823 1859 ἰδίαν
1853 1803 1991 1881 ἐρω-

2082 1803 2283 1854 contra
2308 1795 2609 1856 daemones
2629 1796 2901 1873 gratiam:
2911 1805 3222 1877 propterea
3238 1800 3505 1880 perplexi
3520 1803 3719 1865 animo

999 1898 1023 1949 ὂ
1095 1893 1149 1949 δὲ
1234 1892 1417 1971 Κύριος
1478 1896 1573 1955 ὡς
1634 1891 1990 1969 ἂτελεστέροις

2083 1901 2346 1943 seorsum
2384 1884 3074 1963 interrogant.Dominus
3104 1894 3300 1947 autem
3322 1890 3511 1966 arguit
3532 1910 3632 1953 eos
3658 1901 3723 1954 ut

341 1981 605 2054 ὀνειδίζων
662 1985 868 2063 αὐτοῖς,
927 1984 1105 2063 φησὶν,
1158 1983 1237 2039 ὅτι
1269 1981 1351 2037 διὰ
1382 1983 1480 2049 τὴν
1525 1982 1768 2038 ἀπιστίαν
1821 1983 1986 2056 ὑμῶν·

2082 1970 2566 2048 imperfectiores,
2604 1973 2834 2047 dicens,
2858 1982 3102 2053 propter
3123 1974 3599 2042 incredulitatem
3626 1999 3726 2043 ve-

342 2072 431 2127 ἰὰν
502 2073 600 2149 γὰρ
656 2059 865 2149 θερμὴν
935 2059 1022 2128 καὶ
1107 2071 1324 2141 ζέουσαν
1380 2072 1565 2151 εἴχετε
1624 2072 1821 2145 πίστιν,
1895 2069 1991 2124 κᾶν

2082 2059 2433 2151 s_tram.Nam
2457 2063 2500 2121 si
2524 2061 2847 2123 ferventem
2899 2070 2957 2122 et
2991 2061 3294 2124 ardentem
3320 2064 3618 2130 haberetis
3644 2070 3719 2130 ﬁ-

344 2148 523 2240 ptxpc‘zr
574 2148 768 2234 ἐδόκει,
844 2162 1226 2239 κατωρθώσατε
1284 2160 1343 2217 ἄν
1372 2161 1437 2216 τὰ
1487 2159 1718 2238 μεγαλα·
1785 2166 1886 2215 ποῦ
1938 2157 1991 2214 δὲ

2082 2148 2236 2223 dem,
2272 2149 2448 2210 etiam
2482 2151 2529 2210 si
2561 2167 2738 2231 parva
2768 2151 3101 2228 videretur,
3135 2152 3499 2231 perﬁceretis
3516 2157 3721 2239 utique

342 2238 453 2328 6'an
503 2250 834 2325 μετέστησαν
891 2254 938 2305 οἱ
997 2238 1309 2320 ἀπόστολοι,
1387 2248 1613 2325 οὐδαμοῦ
1645 2250 1742 2323 μὲν
1790 2248 1990 2327 γέγρα-

2082 2254 2308 2315 magna.
2344 2238 2452 2301 Ubi
2485 2249 2681 2301 autem
2717 2249 2950 2301 montes
2984 2243 3412 2305 transtulerunt
3440 2238 3714 2326 apostoli,

340 2362 490 2412 πται,
567 2338 706 2407 πλὴν
781 2342 924 2395 εἷκὸσ
968 2340 1032 2406 ἦν
1065 2340 1416 2418 μεταστῆσαι,
1462 2340 1548 2395 καὶ
1592 2339 1668 2413 μὴ
1698 2340 1986 2417 γραφῆναι.

2082 2346 2362 2407 nusquam
2398 2329 2638 2408 quidem
2661 2330 2944 2409 scriptum
2973 2338 3062 2391 est
3090 2349 3103 2389 :
3135 2341 3538 2395 verumtamen
3561 2336 3719 2396 veri-

341 2432 415 2487 Οὐ
470 2430 569 2506 γὰρ
640 2430 810 2484 πάντα
864 2428 1191 2507 ἐγράφησαν*
1270 2416 1444 2491 ἄλλως
1501 2448 1583 2501 τε,
1617 2427 1712 2484 οὒκ
1741 2428 1989 2503 ἀπῄτησε

2082 2416 2267 2477 simile
2295 2429 2389 2477 est
2426 2419 2583 2497 quod
2612 2418 3289 2491 'transtulerint,etiamsi
3322 2440 3437 2482 non
3470 2424 3546 2484 sit
3574 2424 3721 2485 sori-

347 2520 551 2597 καιρὸς,
625 2519 711 2573 καὶ
756 2515 839 2572 διὰ
906 2524 1060 2573 τοῦτο
1117 2519 1177 2573 οὒ
1219 2517 1573 2593 μετέστησαν,
1611 2514 1745 2572 ἄλλα
1777 2514 1830 2571 δὲ
1863 2517 1985 2591 μεί-

2082 2513 2258 2585 ptum:
2288 2525 2405 2566 non
2431 2508 2591 2567 enim
2618 2509 2815 2569 omnia
2844 2509 3065 2588 scripta
3082 2516 3241 2569 sunt.
3271 2509 3379 2571 Vel
3400 2511 3720 2585 aliter,non

351 2595 468 2676 ζονα
537 2595 830 2673 ἐποίησαν.
896 2597 1043 2685 "Ops:
1100 2614 1223 2683 γοῦν
1254 2606 1343 2662 καὶ
1374 2608 1463 2662 τὸν
1494 2612 1681 2685 Κύριον
1738 2606 1786 2661 τί
1856 2605 1983 2685 ἔφη’

2082 2595 2338 2685 exigebat
2386 2604 2644 2676 tempus,
2678 2606 2738 2658 et
2782 2597 2918 2659 ideo
2950 2617 3068 2659 non
3102 2600 3534 2662 transtulerunt
3566 2624 3579 2661 :
3613 2604 3719 2664 sed

358 2719 379 2747 I
443 2695 648 2774 Ἐρεῖτε
720 2703 796 2770 τῷ
868 2694 973 2774 ὄρει
1030 2696 1221 2768 τούτῳ,
1298 2693 1589 2774 Μετάϐηθι,
1628 2719 1655 2749 »
1690 2694 1983 2766 τουτέστιν,

2082 2684 2186 2743 alia
2206 2687 2429 2764 majora
2449 2685 2740 2749 fecerunt.
2769 2686 2920 2748 Vide
2938 2696 3133 2749 autem
3160 2696 3217 2748 et
3237 2688 3553 2752 Dominum
3579 2692 3718 2774 quid

351 2772 518 2840 υΟταν
582 2784 800 2864 εἴπητε,
860 2785 980 2841 τότε
1040 2782 1425 2859 μεταϐήσεται’
1490 2788 1584 2842 οὒκ
1615 2783 1774 2839 εἷπον
1808 2785 1894 2840 οῦν
1942 2785 1988 2839 οἱ

2082 2772 2223 2832 licat
2255 2791 2267 2832 :
2317 2798 2342 2827 α
2378 2772 2603 2835 Dicetis
2633 2777 2816 2837 monti
2855 2776 3016 2851 huic,
3057 2776 3351 2855 Demigra,
3389 2804 3416 2834 ι)
3459 2781 3571 2842 hoc
3597 2772 3715 2858 est,

341 2873 653 2947 ἀπόστολοι,
741 2861 814 2939 ὼς
869 2877 947 2950 μὴ
1005 2881 1186 2952 καιροῦ
1217 2872 1503 2937 καλοῦντος
1537 2871 1672 2948 μηδὲ
1723 2873 1984 2953 ἀνάγκης,

2082 2861 2305 2940 quando
2339 2862 2721 2937 dicetis,tunc
2758 2863 3046 2924 transibit.
3077 2863 3203 2924 Non
3237 2866 3514 2929 dixerunt
3542 2869 3719 2949 igitur

341 2965 428 3018 καὶ
501 2961 584 3019 διὰ
631 2973 786 3022 τοῦτο
845 2964 903 3019 οὗ
975 2960 1271 3039 μετέϐησαν
1327 2962 1451 3041 ὀ¹ρη’
1484 2964 1557 3025 ὡς
1626 2962 1741 3040 εἴγε
1800 2963 1979 3031 εἶπον,

2082 2951 2344 3030 apostoli,
2378 2953 2660 3030 quoniam
2716 2962 2945 3032 tempus
2979 2970 3097 3013 non
3129 2954 3482 3031 postulabat,
3520 2976 3716 3039 neque

344 3049 641 3126 μετέὸησαν
715 3050 797 3113 ἅν.
846 3059 1011 3112 τοῦτο
1067 3051 1121 3107 δὲ
1164 3054 1225 3107 τὸ
1256 3051 1428 3130 γένος,
1474 3053 1534 3106 τὸ
1562 3056 1666 3107 τῶν
1697 3050 1982 3125 δαιμόνων,

2082 3041 2396 3101 necessitas
2420 3062 2432 3102 :
2457 3050 2517 3101 et
2537 3049 2851 3121 propterea
2874 3060 2992 3101 non
3016 3041 3442 3104 transtulerunt
3460 3056 3711 3111 montes.

342 3138 426 3196 διὰ
496 3146 800 3221 πρρσευχῆς
845 3143 932 3199 καὶ
975 3142 1218 3209 νηστείας
1259 3128 1594 3199 ἐκϐάλλεται.
1646 3149 1743 3196 Δεῖ
1770 3140 1987 3219 γὰρκαὶ

2082 3128 2213 3189 Nam
2249 3129 2297 3189 si
2332 3129 2641 3204 dixissent,
2706 3130 3149 3221 transtulissent
3190 3132 3412 3210 utique.
3468 3136 3560 3194 92
3590 3132 3716 3197 Hoc

344 3230 531 3294 αὐτοὺς
631 3229 856 3294 ἐκείνους
946 3228 1174 3304 μάλιστα
1259 3231 1380 3292 τοὺς
1463 3228 1822 3304 δαιμονῶντας
1883 3250 1985 3294 νη-

2082 3228 2267 3279 autem
2304 3236 2490 3296 genus
2523 3219 2951 3280 daemoniorum
3003 3238 3113 3299 per
3148 3220 3625 3300 deprecationem
3655 3231 3718 3288 et

343 3319 568 3391 στεύειν,
629 3319 717 3375 καὶ
765 3322 887 3382 τοὺς
939 3317 1230 3387 μέλλοντας
1290 3318 1476 3381 αὐτοὺς
1504 3317 1830 3396 θεραπεύειν
1865 3317 1987 3372 τότε

2082 3306 2357 3387 jejunium
2392 3307 2978 3388 expellitur.0portet
2996 3312 3156 3369 enim
3182 3319 3239 3370 et
3262 3310 3394 3371 illos
3423 3311 3584 3391 ipsos
3600 3314 3715 3375 daa-

342 1900 469 1949 τῶσι
480 1917 507 1947 ν
567 1893 895 1971 ἀγωνιῶντες
908 1911 920 1923 '

343 3408 396 3466 δὲ
451 3413 487 3478 ἧ
542 3412 841 3490 προσευχὴ,
904 3412 1027 3466 ὃταν
1060 3415 1119 3469 οὗ
1150 3410 1284 3485 μετὰ
1317 3410 1508 3489 μέθης,
1540 3408 1674 3466 ἀλλὰ
1719 3411 1852 3484 μετὰ
1885 3432 1985 3476 νη-

344 3502 521 3564 στείας
607 3500 839 3577 γίνηται⁶
889 3500 994 3555 νόει
1032 3499 1086 3555 δὲ
1146 3500 1235 3556 καὶ
1260 3498 1339 3555 ὅτι
1370 3505 1513 3556 πᾶσα
1543 3501 1576 3567 ἡ
1609 3500 1807 3573 πίστις,
1855 3500 1952 3555 κόκ
1977 3531 1990 3544 -

343 3612 437 3650 κος
492 3589 775 3661 σινάπεως,
838 3587 1054 3655 εὖτελης
1107 3590 1203 3664 μὲν
1249 3587 1568 3664 νομιζομένη
1613 3587 1697 3648 διὰ
1724 3588 1822 3655 τὴν
1869 3611 1991 3663 μω-

345 3678 457 3753 ρίαν
515 3684 606 3732 τοῦ
677 3675 1038 3754 κηρύγματος
1101 3675 1241 3743 πλὴν
1301 3675 1390 3731 ἐὰν
1460 3677 1601 3755 τύχῃ
1630 3681 1732 3755 γῆς
1763 3676 1988 3753 ἀγαθῆς,

346 3769 417 3830 εἰς
484 3763 687 3843 δένδρον
718 3763 1063 3839 αὒξανομένη,
1099 3764 1152 3819 ἐν
1176 3768 1227 3839 ᾧ
1269 3766 1332 3821 τὰ
1378 3767 1597 3822 πετεινὰ
1625 3773 1716 3821 τοῦ
1745 3767 1987 3843 οὐρανοῦ,

345 3858 393 3912 οἱ
508 3855 763 3910 ἀνωτάτω
846 3854 1125 3929 πετόμενοι
1196 3853 1467 3933 λογισμοὶ,
1542 3861 1986 3921 κατασκηνοῦσιν,

349 3927 542 4007 11Οτι-τις
602 3942 691 3999 οὖν
748 3941 864 4021 ἔχει
922 3949 1096 3999 πᾶσαν
1165 3943 1265 4010 τὴν
1294 3944 1491 4023 πίστιν,
1526 3943 1731 4007 ἐκεῖνος
1779 3942 1988 3999 δὺναται

344 4035 517 4089 εἰπεῖν
569 4038 647 4106 τῷ
704 4031 812 4109 ὃρει
867 4033 1059 4111 τούτῳ,
1126 4029 1416 4107 Μετάϐηθι,
1478 4033 1717 4089 τουτέστι
1749 4039 1824 4106 τῷ
1871 4031 1987 4087 δαί-

345 4137 487 4196 μονι·
524 4118 747 4176 ἐδείκνυε
778 4120 877 4197 γὰρ
908 4121 969 4175 τὸ
1000 4118 1203 4185 ἐξελθὸν
1237 4118 1531 4195 δαιμόνιον,

434 4404 460 4435 α
537 4379 1034 4460 Ἀναστρεφομένων
1112 4377 1165 4434 δὲ
1237 4382 1409 4438 αὒτῶν
1479 4381 1532 4436 ὲν
1593 4387 1659 4456 τῇ
1712 4380 1987 4455 Γαλιλαίᾳ,

348 4470 502 4526 εἶπεν
542 4470 726 4533 αὗτοϊς
759 4471 786 4524 ὁ
844 4467 1074 4536 Ἰησοῦς·
1108 4466 1304 4525 Μέλλει
1354 4472 1381 4525 ὁ
1426 4471 1545 4535 Υἱὸς
1588 4479 1681 4529 τοῦ
1721 4470 1991 4548 ἀνθρώπου

353 4555 715 4637 παραδίδοσθαι
773 4558 845 4620 εἷς
906 4571 1099 4637 χεῖρας
1132 4557 1437 4637 ἀνθρώπων,
1490 4561 1576 4615 καὶ
1620 4558 1993 4617 ἂποκτενοῦσιν

354 4647 527 4728 αὐτόν,
583 4648 672 4702 καὶ
702 4649 769 4723 τῇ
798 4647 947 4725 τρίτῃ
1018 4646 1192 4724 ἡμέρᾳ
1248 4647 1608 4726 ἐγερθὴσεταιο
1642 4649 1730 4705 καὶ
1784 4646 1992 4718 ἐλυπή-

349 4739 513 4803 θησαν
568 4734 788 4817 σφόδρα.
823 4758 847 4794 ι
884 4741 1136 4815 Συνεχῶς
1181 4734 1429 4816 προλέγει
1473 4738 1591 4816 περὶ
1632 4744 1724 4795 τοῦ
1772 4738 1990 4817 πάθους,

349 4824 441 4883 ἶνα
513 4834 592 4902 μη
647 4825 903 4887 ἀκουσίως
954 4828 1142 4882 παθεῖν
1205 4829 1451 4903 νομισθῇ,
1498 4829 1583 4883 καὶ
1629 4826 1741 4903 ἃμα
1769 4826 1862 4883 ’ίνα
1893 4849 1992 4905 γυ-

350 4916 527 4992 μνάσῃ
580 4915 792 4993 αὐτοὺς,
872 4916 960 4970 καὶ
1011 4915 1088 4990 μὴ
1116 4921 1192 4989 τῷ
1234 4913 1616 4995 ἀπροσδοκήτῳ
1656 4919 1996 4996 ταραχθῶσιν

349 5004 475 5061 ὅταν
524 5004 768 5083 γένηται⁹
834 5002 1173 5059 ἓπισυνάπτει
1231 5000 1286 5059 δὲ
1329 5017 1449 5067 τοῖς
1520 5003 1784 5081 λυπηροῖς
1815 5006 1995 5061 καὶτὸ

350 5095 687 5174 εὖφρόσυνον,
719 5095 801 5172 τὸ,
837 5091 1254 5163 Ἀναστήσεται.

439 5207 461 5239 ι
538 5181 836 5242 Ἐλθόντων
904 5179 959 5241 δὲ
1015 5182 1187 5239 αὐτῶν
1237 5185 1309 5247 εἰς
1346 5184 1716 5263 Καπερναοὺμ,
1753 5184 1997 5261 προσῆλ-

350 5281 441 5332 θον
497 5277 544 5331 οἱ
600 5274 666 5329 τὰ
713 5270 978 5351 δίδραχμα
1035 5270 1395 5347 λαμϐάνοντες
1460 5280 1537 5347 τῷ
1567 5273 1765 5352 Πέτρῳ,
1800 5276 1886 5330 καὶ
1916 5276 1998 5331 εῖ-

349 5379 472 5423 πον⁶
507 5353 564 5420 Ὀ
598 5359 910 5424 διδάσκαλος
937 5362 1083 5437 ὑμῶν
1117 5362 1175 5418 οὗ
1198 5360 1346 5419 τελεῖ
1377 5362 1441 5417 τὰ
1471 5360 1735 5441 δίδραχμα
1772 5382 1787 5437 ;
1815 5362 1993 5441 Λέγει,

352 5455 473 5514 Ναί,
546 5476 575 5507 ι
635 5441 693 5508 Ὀ
756 5453 884 5513 Θεὸς
914 5450 1027 5506 ἀντὶ
1056 5457 1161 5507 τῶν
1192 5452 1545 5529 πρωτοτόκων
1575 5457 1680 5506 τῶν
1717 5442 1991 5534 Ἐϐραίων,

352 5542 607 5608 ἦθέλ-σεν
683 5539 1036 5620 ἀφιερωθῆναι
1094 5545 1236 5615 αὒτῷ
1312 5542 1408 5609 τὴν
1456 5550 1551 5599 τοῦ
1607 5542 1732 5596 Λευί
1805 5540 1995 5619 φυλὴν.

358 5633 553 5710 Εὑρέθη
626 5627 681 5685 δὲ
752 5631 1101 5708 ἀριθμηθετσα
1156 5632 1190 5699 ἡ
1246 5640 1337 5689 τοῦ
1392 5634 1523 5687 Αευῖ
1574 5628 1737 5710 φυλὴ,
1783 5628 1872 5688 δύο
1913 5635 2000 5689 καὶ

356 5718 529 5777 εἴκοσι
603 5716 866 5797 χιλιάδες·
947 5718 1011 5773 τὰ
1072 5716 1127 5774 δέ
1157 5719 1493 5796 πρωτότοκα,
1526 5716 1764 5797 χιλιάδες
1798 5720 1997 5776 εἰκοσι-

2073 3396 2377 3456 moniacos
2410 3396 2663 3458 maxime
2683 3397 3051 3476 jejunare,et
3082 3416 3183 3458 eos
3214 3398 3315 3478 qui
3346 3399 3477 3460 illos
3507 3419 3718 3464 sanare

2073 3484 2297 3547 volunt.
2334 3486 2497 3546 Tunc
2529 3494 2721 3546 autem
2776 3495 2873 3548 est
2921 3487 3284 3567 deprecatio,
3328 3489 3563 3567 quando
3594 3509 3715 3552 non

2074 3593 2207 3635 cum
2232 3575 2663 3655 ebrietate,sed
2697 3595 2830 3636 cum
2865 3576 3094 3655 jejunio
3124 3577 3207 3637 ﬁt.
3240 3576 3524 3652 Observa,
3558 3580 3716 3660 quod

2075 3665 2268 3724 omnis
2299 3665 2447 3725 ﬁdes
2474 3684 2722 3743 granum
2757 3674 2847 3725 est
2896 3666 3143 3746 sinapis.
3182 3666 3527 3748 Contempla
3556 3670 3712 3730 enim

2077 3760 2312 3833 putatur
2345 3765 2587 3833 propter
2616 3755 2919 3815 stultitiam
2955 3755 3421 3835 praedicationis;
3456 3766 3719 3821 attamen

2075 3844 2124 3903 si
2157 3843 2439 3904 ceciderit
2468 3845 2526 3903 iu
2561 3853 2781 3904 terram
2813 3844 3051 3915 bonam,
3075 3845 3288 3907 crescit
3319 3845 3380 3905 in
3410 3847 3714 3930 arborem,

2075 3933 2133 3992 in
2168 3950 2283 4012 qua
2311 3932 2565 3994 volatilia
2596 3933 2756 4009 caeli,
2787 3933 2900 3994 hoc
2930 3943 3043 4007 est,
3073 3935 3453 4013 cogitationes
3483 3953 3717 3998 summa

2077 4022 2737 4100 petentes,nidulantur.
2764 4020 2947 4100 Igitur
2976 4024 3241 4104 quisquis
3272 4028 3450 4091 habet
3479 4050 3716 4094 omnem

2076 4110 2278 4180 ﬁdem,
2304 4110 2404 4170 ille
2437 4119 2634 4188 potest
2665 4110 2867 4171 dicere
2903 4112 3089 4171 monti
3122 4114 3718 4197 huic,Demigra,boc

2077 4206 2191 4272 est,
2221 4198 2480 4259 daemoni
2517 4220 2529 4260 :
2584 4198 2938 4260 ostendebat
2983 4201 3140 4262 enim
3174 4206 3330 4282 quod
3363 4206 3550 4270 exiret
3590 4208 3715 4271 dae-

2077 4305 2361 4346 monium.

2157 4373 2337 4438 Vens.
2372 4375 2597 4456 21,22.
2641 4398 2668 4437 (
2691 4378 2839 4440 Cum
2872 4385 3067 4439 autem
3101 4392 3477 4444 versarentur
3504 4384 3566 4446 in
3593 4389 3716 4450 Ga-

2077 4464 2251 4536 lilaea,
2286 4465 2431 4525 dixit
2475 4466 2592 4527 illis
2629 4466 2803 4529 Jesus
2838 4467 3155 4529 :Futurum
3180 4479 3270 4531 est
3299 4481 3364 4531 ut
3391 4471 3574 4535 Filius
3604 4476 3714 4538 ho-

2018 4533 2253 4615 0minis
2285 4555 2555 4617 tradatur
2592 4556 2654 4617 in
2686 4576 2903 4618 manus
2947 4557 3279 4634 hominum,
3323 4577 3392 4623 ac
3440 4564 3720 4626 occident.

2076 4654 2303 4720 eum,et
2328 4645 2497 4705 tertio
2529 4646 2628 4707 die
2657 4656 2946 4726 resurget.
2983 4648 3058 4708 Et
3086 4666 3339 4711 mmrore
3368 4652 3560 4713 allecti
3583 4662 3721 4715 sunt

2080 4732 2520 4795 vehementer.»
2558 4733 2823 4797 Subinde
2852 4736 3198 4798 memoriam
3227 4736 3363 4799 facit
3394 4741 3716 4821 passionis,

2076 4840 2152 4883 ne
2182 4822 2695 4906 existimentquod
2727 4823 2942 4886 invitus
2976 4826 3319 4906 patiatur,et
3351 4828 3587 4891 interim
3608 4830 3721 4891 hoc

2077 4911 2585 4991 agit.utexerceat
2609 4931 2732 4993 eos,
2766 4920 2825 4974 et
2876 4932 2950 4975 ne
2972 4922 3311 4976 terreantur
3334 4916 3385 4977 si
3410 4918 3527 4979 hoc
3548 4919 3719 4980 inex-

2079 5010 2404 5080 spectatum
2434 5001 3225 5083 eveniat.Conjunxitautem
3262 5004 3527 5068 tristibus
3561 5008 3715 5085 lzeta,

2081 5090 2310 5153 scilicet
2340 5093 2499 5171 quod
2531 5101 2824 5170 resurget.

2165 5183 2347 5245 Vens.
2382 5181 2483 5257 23,
2519 5183 2615 5244 24.
2658 5206 2684 5236 α
2714 5180 2856 5243 Cum
2889 5188 3084 5242 autem
3119 5181 3421 5245 venissent
3456 5184 3515 5245 in
3545 5184 3720 5266 oppi-

2083 5269 2224 5331 dum
2248 5270 3030 5352 Capernaum,accesserunt
3046 5271 3145 5351 qui
3167 5271 3516 5337 didracbma
3531 5275 3724 5337 solent

2080 5360 2454 5441 accipere,ad
2489 5359 3191 5440 Petrum,dixeruntque:
3226 5363 3562 5444 Praeceptor
3590 5381 3726 5426 ves-

2085 5458 2175 5512 ter
2196 5468 2331 5510 num
2351 5451 2524 5510 solvit
2541 5449 2886 5511 didrachma
2904 5455 2931 5511 ‘I
2950 5449 3122 5529 Dicit,
3148 5451 3401 5515 Etiam.»
3432 5452 3588 5514 Dens
3618 5472 3724 5534 pro

2084 5538 2493 5618 primogenitis
2514 5536 2902 5599 Hebraeorum
2924 5539 3103 5601 voluit
3124 5543 3465 5603 consecrari
3485 5542 3598 5603 sibi
3615 5544 3725 5604 tri-

2087 5629 2223 5690 bum
2251 5628 2405 5690 Levi.
2434 5626 2715 5690 Inventus
2736 5636 2826 5689 est
2845 5637 3041 5690 autem
3064 5648 3349 5708 numerus
3373 5630 3564 5693 tribus
3583 5630 3726 5694 Levi

2091 5717 2286 5795 viginti
2313 5717 2431 5779 duo
2455 5717 2666 5790 millia;
2692 5717 3065 5797 primogeniti
3089 5718 3608 5791 autem,chiliades
3632 5720 3721 5778 vi-
