4122 6270
467 340 588 407 335
1427 338 2030 408 THEOPHYLACTI
2073 336 2487 401 BULGARLE
2520 334 2875 399 ARCHIEP.
3752 319 3874 388 336

471 477 616 555 ginti
647 474 780 538 duae
796 484 856 538 et
885 474 1124 538 ducenti
1155 484 1214 536 et
1250 475 1623 555 septuaginta
1648 485 1769 538 tres
1783 473 1861 537 ³9.
1895 477 2007 538 Pro
2032 472 2113 534 his

2208 470 2295 529 δύο
2378 473 2465 528 καὶ
2514 469 2758 527 διακόσια
2810 466 3181 545 ἐϐδομήκοντα
3211 470 3300 527 καὶ
3322 470 3460 546 τρία’
3496 466 3610 523 ἀντὶ
3661 464 3875 521 τούτων

470 565 653 642 igitur
681 564 781 645 qui
811 574 983 627 erant
1033 564 1185 626 ultra
1228 563 1450 626 tribum
1489 565 1716 645 Levi,et
1746 564 2113 644 primogeniti

2202 561 2292 617 οὗν
2345 567 2452 616 τῶν
2512 558 2758 616 ἒπέκεινα
2810 563 2911 626 τῆς
2944 569 3037 617 τοῦ
3066 561 3195 617 Astii
3238 557 3405 635 φυλῆς
3439 555 3604 612 ὄντων
3640 575 3873 633 πρωτο-

472 655 1100 731 erant,decrevitDeus
1112 655 1238 716 dari
1252 654 1665 717 didrachmum
1684 654 2113 717 sacerdotibus.

2198 653 2399 723 τόκων,
2444 648 2634 726 ὥρισεν
2663 650 2691 704 6
2724 648 2855 711 Θεὸς
2885 646 3097 715 δοθῆναι
3124 646 3415 727 δίδραχμον
3456 659 3575 709 τοῖς
3604 647 3871 723 ἱερεῦσιν·

470 744 620 807 Hinc
635 744 813 822 igitur
826 746 974 807 facta
989 755 1075 805 est
1091 744 1457 805 consuetudo
1471 752 1536 806 ut
1550 745 1907 825 simpliciter
1919 762 2113 807 omnes

2202 737 2446 795 ’Ἔκτοτε
2504 738 2593 795 οὗν
2667 735 2853 814 γέγονε
2924 736 3059 810 ἔθος,
3095 735 3277 799 ἁπλῶς
3321 736 3522 800 πάντας
3552 735 3683 797 τοὺς
3719 754 3873 810 πρω-

473 834 853 914 primogeniti
876 833 1207 912 penderent
1238 832 1676 906 didrachmum,
1710 833 1810 912 qui
1834 843 1922 893 est
1942 836 2121 914 quin-

472 942 587 1003 que
610 922 767 997 sicli,
783 924 898 984 hoc
923 931 1013 983 est
1029 922 1271 982 ducenti
1294 921 1453 982 oboli
1469 922 1659 984 .Unde
1676 926 1816 1002 quia
1838 921 2121 983 Dominus

472 1011 902 1090 primogenitus
918 1008 1375 1089 erat.pendebat
1399 1018 1458 1071 et
1479 1009 1898 1088 ipse.Reveriti
1919 1020 2116 1071 autem

470 1098 740 1161 fortassis
760 1098 1062 1161 Christum
1102 1106 1344 1178 propter
1388 1098 1669 1160 miracula
1691 1116 1823 1179 qua;
1845 1097 2114 1172 faciebat,

472 1206 592 1249 non
620 1186 786 1248 illum
817 1186 1323 1263 interrogant,sed
1354 1186 1618 1258 Petrum,
1652 1189 1743 1247 vel
1780 1186 1974 1267 potius
2005 1188 2113 1249 (le—

460 1281 747 1354 ceptores
776 1275 1143 1355 erant,quasi
1165 1275 1247 1334 ita
1268 1274 1909 1355 dicerentzPrazceptor
1927 1283 2121 1337 vester

474 1362 591 1442 legi
616 1364 972 1443 contrarius,
1006 1381 1147 1425 num
1201 1362 1258 1423 id
1310 1362 1566 1424 admittit
1601 1374 1666 1424 ut
1698 1362 1994 1443 persolvat
2023 1364 2119 1423 di—

474 1451 761 1513 drachma
785 1457 813 1513 ’ἒ

548 1537 950 1612 νεκ8.24,25.
994 1538 1097 1600 «Et
1118 1558 1251 1601 cum
1286 1540 1594 1619 ingressus
1615 1541 1820 1602 fuisset
1850 1540 2115 1617 domum,

474 1626 757 1708 prevenit
784 1628 953 1689 illum
987 1629 1182 1703 Jesus,
1234 1628 1485 1692 dicens:
1537 1628 1687 1701 Quid
1722 1628 1828 1690 tibi
1854 1629 2111 1703 videtur,

470 1716 710 1779 Simon?
735 1718 929 1796 Reges
944 1725 1119 1778 term
1137 1734 1171 1779 a
1187 1716 1405 1798 quibus
1445 1717 1569 1780 acci
1579 1718 1745 1798 piunt
1773 1719 1992 1781 tributa
2018 1729 2117 1780 aut

468 1803 804 1868 ceusumh
836 1806 971 1867 ﬁliis
1001 1806 1147 1882 suis,
1183 1825 1257 1869 an
1324 1807 1401 1868 ab
1433 1806 1676 1869 alienis?
1704 1806 1859 1869 Dicit
1886 1807 1971 1869 illi
2005 1811 2116 1869 Pe-
2143 1836 2178 1883 [ι
2198 1828 2289 1863 σον
2321 1824 2338 1885 ;

470 1905 623 1968 trus,
667 1893 761 1957 Ab
804 1894 1039 1959 alienis.
1104 1895 1203 1958 Ait
1248 1895 1336 1957 illi
1367 1897 1558 1971 .lesus,
1591 1898 1747 1975 Ergo
1778 1895 1950 1959 liberi
1982 1906 2119 1959 sunt

471 1984 600 2048 ﬁlii.
638 2009 665 2040 ι
702 1982 1007 2065 Tanquam
1062 1987 1219 2048 Deus
1277 1985 1522 2059 sciebat,
1564 1986 1830 2065 quamvis
1860 2004 1975 2047 non
2008 2005 2117 2047 au-

470 2073 830 2153 dierat,quid
858 2073 942 2134 illi
987 2073 1167 2135 locuti
1205 2073 1461 2135 fuissent
1485 2074 1554 2135 ad
1578 2073 1815 2136 Petrum
1853 2075 2117 2137 :idcirco

469 2173 527 2223 et
558 2162 842 2243 praevenit
861 2163 1273 2235 eum,dicens:
1314 2165 1378 2226 Si
1400 2181 1574 2241 reges
1614 2172 1787 2224 terra;
1812 2183 1928 2224 non
1958 2166 2109 2225 acci-

472 2252 639 2332 piunt
661 2251 949 2314 tributum
974 2268 1010 2311 a
1031 2251 1170 2312 filiis
1193 2252 1448 2326 suis,sed
1478 2251 1549 2312 ab
1574 2252 2113 2332 alienis,quomodo

473 2341 761 2403 ccelorum
780 2338 906 2403 Rex
930 2359 963 2402 ει
991 2358 1085 2401 me
1104 2339 1251 2401 Filio
1270 2334 1381 2401 suo
1403 2342 1651 2420 accipiet
1674 2341 2121 2403 didraclimum?

470 2428 596 2491 Hoc
619 2428 778 2491 enim
804 2429 979 2507 (sicut
999 2447 1175 2508 supra
1196 2429 1340 2507 dixi)
1385 2429 1797 2491 sacerdotibus
1816 2440 1873 2492 et
1897 2433 2116 2511 templo

474 2516 868 2579 tribuebatur.
892 2516 953 2579 Si
970 2525 1165 2579 autem
1191 2517 1360 2578 liberi
1382 2526 1518 2579 sunt
1539 2517 1643 2579 filii
1665 2537 1977 2600 parvorum
2011 2537 2106 2581 re-

471 2623 635 2685 gum,
668 2603 899 2675 scilicet
928 2605 1075 2666 nihil
1110 2604 1541 2686 persolvenles,
1570 2608 1751 2667 multo
1775 2608 1958 2686 magis
1978 2626 2108 2685 ego.

554 2869 737 2935 Vitta.
771 2871 869 2936 26.
912 2896 936 2926 ι
979 2868 1193 2933 Verum
1244 2890 1317 2934 ne
1348 2877 1535 2933 simus
1574 2871 1690 2934 illis
1729 2873 2105 2935 offendicula.

470 2960 619 3022 vade
642 2963 714 3023 ad
744 2968 997 3039 mare,et
1022 2960 1187 3021 mitte
1218 2961 1481 3036 hamum,
1518 2970 1730 3023 eteum
1762 2963 1983 3043 piscem
2015 2964 2114 3044 qui

473 3049 763 3131 prodierit
812 3052 1061 3130 primus,
1121 3050 1284 3121 tolle,
1317 3058 1378 3110 c-t
1401 3058 1605 3130 aperto
1630 3069 1735 3112 ore
1755 3052 1913 3112 illius
1945 3052 2113 3113 inve-

471 3140 602 3202 nies
630 3148 950 3201 staterem:
1013 3139 1109 3199 9'5
1165 3137 1329 3199 illum
1382 3138 1611 3218 accipe,
1671 3148 1732 3200 et
1761 3139 1833 3199 da
1866 3139 1978 3201 illis
2011 3157 2117 3219 pro

2204 827 2455 888 τοτόκους
2522 825 2701 881 τελεῖν
2770 827 2832 880 τὸ
2874 823 3187 904 δίδραχμον,
3242 823 3270 880 ὅ
3301 824 3409 880 ἔστι
3442 823 3596 880 πέντε
3654 820 3863 889 σὲκλοι,

2207 915 2364 992 ἢγουν
2423 912 2680 971 διακόσιοι
2724 911 2922 977 ὀϐολοί,
2958 915 3106 971 Ἐπεὶ
3135 914 3223 970 οὖν
3266 916 3356 969 καὶ
3398 916 3425 969 ὁ
3472 914 3661 990 Κύριος
3698 933 3863 989 πρω-

2200 1004 2418 1067 τότοκος
2471 1002 2561 1077 ἦν,
2621 1002 2785 1059 ἐτέλει
2839 1005 2925 1059 καὶ
2996 1002 3174 1066 αὐτός·
3228 1000 3524 1076 αἰδούμενοι
3568 1000 3637 1058 δὲ
3720 998 3861 1061 ἴσως

2198 1094 2289 1149 τὸν
2359 1093 2583 1171 Χριστὸν
2647 1090 2732 1147 διὰ
2802 1093 2897 1154 τὰς
2980 1093 3419 1170 θαυματουργίας.
3496 1093 3592 1147 οὐκ
3640 1090 3863 1146 ἐκεῖνον

2199 1181 2485 1261 ἐρωτῶσιν,
2559 1180 2695 1238 ἀλλὰ
2764 1183 2855 1237 τὶν
2912 1181 3127 1259 Πέτρον,
3191 1179 3226 1247 ἤ
3258 1178 3460 1255 μᾶλλον
3505 1181 3859 1258 πανοὺργως,

2199 1272 2391 1348 ὡσανεὶ
2447 1270 2692 1349 λέγοντες
2749 1280 2989 1341 τοιαῦτα,
3066 1260 3123 1327 Ὀ
3158 1270 3420 1332 ἀντίθετος
3464 1276 3541 1342 τῷ
3584 1270 3747 1344 νόμῳ
3776 1266 3859 1322 δι-

2200 1356 2460 1424 δάσκαλος
2516 1362 2686 1436 ὑμῶν,
2760 1359 2859 1436 ἆρα
2942 1356 3252 1423 κατεδέξατο
3332 1356 3506 1414 τελεῖν
3618 1360 3687 1413 τὰ
3781 1356 3861 1412 δί-

2203 1446 2424 1528 δραχμα
2460 1464 2475 1522 ;

2288 1563 2312 1593 ιι
2364 1539 2462 1595 Καὶ
2490 1538 2577 1593 ὃτε
2622 1536 2859 1604 εἰσῆλθεν
2903 1539 2977 1600 εἱς
3016 1537 3114 1603 τὴν
3157 1536 3349 1610 οἰκίαν,
3380 1536 3715 1616 προέφθασεν
3754 1537 3860 1593 αὒ-

2199 1629 2289 1685 τὸν
2356 1629 2385 1683 6
2441 1626 2671 1705 Ἰησοῦς,
2702 1625 2894 1704 λέγῶν·
2932 1628 2991 1683 Τί
3035 1647 3117 1683 σοι
3161 1623 3333 1704 δοκεῖ,
3367 1627 3548 1701 Σίμων
3581 1643 3596 1699 ;
3647 1627 3710 1684 Oi
3745 1627 3857 1702 βας

2198 1715 2375 1779 σιλεῖς
2432 1721 2530 1783 τῆς
2587 1722 2688 1794 γῆς
2746 1716 2850 1771 ἀπὸ
2920 1716 3072 1771 τίνων
3117 1712 3441 1791 λαμϐάνουσι
3471 1713 3601 1781 τέλη
3634 1714 3669 1781 ἥ
3703 1717 3855 1783 κῆν-

2423 1805 2529 1861 άπὸ
2596 1812 2701 1861 τῶν
2751 1808 2874 1861 υἱῶν
2908 1805 3098 1878 αὐτῶν,
3130 1806 3165 1872 ἢ
3213 1804 3320 1860 ἀπὸ
3348 1809 3452 1861 τῶν
3496 1802 3800 1881 ἀλλοτρίων
3838 1826 3852 1872 ς

2198 1894 2354 1973 Λέγει
2397 1894 2539 1969 αὐτῷ
2580 1898 2608 1951 6
2639 1894 2857 1973 Πέτρος⁹
2890 1898 3006 1951 Atto
3042 1900 3141 1949 τῶν
3163 1892 3472 1972 ἀλλοτρίων.
3506 1893 3522 1917 ’
3549 1901 3665 1973 Εφη
3698 1896 3859 1968 αὖτῴ

2198 1986 2227 2039 ὃ
2255 1982 2486 2050 ἰησοῦςο
2535 1982 2687 2062 "Ap:
2716 2005 2777 2061 γε
2820 1983 3074 2061 ἐλεύθεροί
3112 1984 3242 2039 εἰσιν
3272 1983 3459 2044 οἱυίοί,
3497 2005 3523 2036 ε
3562 1974 3654 2047 Ὠς
3682 1985 3852 2056 Θεὸς,

2198 2076 2365 2130 καίτοι
2412 2075 2489 2147 μὴ
2533 2073 2784 2151 άκοὺσας,
2829 2071 2943 2148 ᾔδει
2974 2074 3022 2129 τί
3059 2072 3413 2152 διελέχθησαν
3460 2075 3656 2128 ἒκετνοι
3711 2075 3855 2143 πρὸς

2198 2164 2290 2217 τὸν
2340 2161 2555 2240 Πέτρον·
2617 2159 2696 2216 διὸ
2755 2162 2844 2218 καὶ
2912 2161 3194 2239 προφθάνει
3237 2162 3416 2235 αὐτόν,
3448 2160 3641 2239 λέγων·
3682 2163 3743 2217 Εἰ
3808 2166 3854 2217 οἱ

2197 2248 2439 2325 βασιλεῖς
2496 2255 2595 2316 τῆς
2652 2252 2752 2328 γῆς
2784 2253 2842 2307 οὗ
2885 2248 3211 2325 λαμϐάνουσι
3243 2248 3401 2328 φόρον
3448 2250 3552 2306 ἀπὸ
3583 2256 3686 2305 τῶν
3718 2252 3854 2308 υἱῶν

2202 2340 2396 2411 αὐτῶν,
2456 2335 2575 2393 ἀλλ’
2633 2336 2737 2393 ἀπὸ
2821 2344 2925 2392 τῶν
2982 2336 3292 2415 ἀλλοτρίων,
3326 2344 3440 2400 πῶς
3474 2340 3501 2394 6
3531 2337 3851 2416 ἐπουράνιος

2201 2425 2451 2490 Βασιλεὺς
2518 2425 2611 2481 ἀπ’
2665 2424 2795 2500 ἐμοῦ
2823 2433 2914 2482 τοῦ
2952 2427 3068 2481 ι’ἱοῦ
3097 2426 3257 2482 αὐτοῦ
3283 2423 3513 2499 λήψεται
3556 2426 3617 2480 τὸ
3662 2424 3847 2503 δίδρα-

2196 2537 2341 2594 χμον
2375 2537 2391 2587 ;
2463 2520 2627 2572 Τοῦτο
2658 2515 2778 2592 γὰρ,
2824 2514 2924 2593 (ὡς
2955 2511 3086 2593 ’έφην
3120 2512 3259 2592 ἅνω)
3283 2527 3397 2577 τοῖς
3428 2515 3617 2589 ἱερεῦσι
3650 2515 3739 2570 καὶ
3764 2521 3845 2589 τῷ

2179 2611 2305 2678 ’ναῷ
2372 2604 2697 2682 προσήγετο.
2757 2604 2814 2659 Ei
2866 2603 2955 2659 οὖν
3024 2600 3282 2681 ὶλεύθεροί
3338 2604 3467 2658 εἰσιν
3498 2604 3542 2659 οἱ
3572 2604 3671 2659 υἱοὶ
3730 2610 3840 2659 τῶν

2193 2693 2341 2749 κάτω
2394 2690 2678 2769 βασιλέων⁹
2729 2692 2964 2750 τουτέστι
3051 2690 3218 2766 μηδὲν
3300 2689 3595 2771 τελοῦντες,

2196 2780 2400 2857 μᾶλλον
2429 2780 2539 2859 ἐγώ
2576 2781 2590 2839 ί

2282 2892 2308 2924 ε
2368 2860 2491 2927 Ἵνα
2546 2866 2601 2925 δὲ
2659 2870 2736 2944 μὴ
2803 2866 3233 2944 σκανδαλίσωμεν
3301 2869 3507 2946 αὐτοὺς,
3564 2872 3826 2940 mprobi;

2196 2960 2268 3022 εἰς
2338 2959 2437 3026 τῆν
2492 2956 2760 3014 Θάλασσαν
2786 2956 2916 3033 βάλε
2962 2957 3268 3036 ἄγκιστρον,
3314 2960 3400 3013 καὶ
3441 2960 3530 3013 τὸν
3570 2955 3825 3012 ἀναϐάντα

2198 3054 2408 3126 πρῶτον
2454 3049 2607 3127 ἰχθὺν
2673 3048 2823 3126 ἆρον·
2882 3050 2969 3103 καὶ
3026 3047 3231 3113 ἀνοίξας
3308 3051 3369 3104 τὸ
3429 3047 3599 3121 στόμα
3654 3050 3829 3120 αὺτοῦ,

2201 3138 2439 3216 εὑρήσεις
2496 3138 2756 3216 στατῆραο
2813 3140 3020 3218 hxstvov
3072 3135 3275 3218 λαϐὼν²
3328 3136 3415 3201 δὸς
3475 3138 3658 3201 αὐτοῖς
3728 3137 3839 3192 ἀντὶ

3684 2694 3838 2767 πόσῳ

471 3246 567 3290 me
597 3238 654 3288 et
685 3237 762 3290 te.
802 3252 828 3282 ι
862 3225 949 3288 Ne
977 3235 1346 3306 reputemur,
1375 3216 2036 3308 inquit,contemptores
2059 3235 2113 3289 et

2198 3226 2322 3284 ἑκοῦ
2376 3226 2463 3282 καὶ
2533 3232 2647 3287 σοῦ.
2711 3249 2737 3281 s
2792 3216 2940 3302 Ἵνα,
2991 3228 3144 3305 φησὶ,
3193 3216 3270 3301 μῆ
3298 3225 3629 3305 λογισθῶμεν
3673 3228 3837 3305 ὓπερ-

468 3316 856 3398 despectores
884 3316 1122 3394 legis,et
1142 3316 1620 3388 otfendamus,da
1648 3316 1768 3377 illis
1799 3317 2111 3379 tributum.

470 3403 600 3466 Non
625 3406 786 3467 enim
825 3413 888 3464 ut
915 3404 1185 3466 debitum
1218 3406 1426 3478 do,sed
1452 3413 1514 3464 ut
1542 3405 1776 3465 illorum
1809 3405 2118 3467 inﬁrmita-

473 3502 591 3556 tem
622 3494 941 3572 corrigam.
975 3491 1271 3554 Discimus
1300 3493 1461 3555 enim
1490 3493 1599 3555 hoc
1625 3494 1774 3568 loco,
1808 3495 1962 3574 quod
1995 3512 2114 3556 non

471 3591 705 3663 oportet
728 3582 1162 3661 oﬂendere,ubi
1186 3582 1410 3644 nullum
1434 3592 1523 3644 est
1545 3582 1827 3644 damnum
1877 3582 1987 3647 Ubi
2017 3603 2117 3645 au-

469 3679 587 3733 tem
617 3671 899 3732 damnum
957 3671 1212 3749 patimur
1262 3671 1323 3731 in
1354 3689 1535 3751 opere
1580 3672 1800 3752 aliquo,
1832 3691 1947 3733 non
1981 3683 2117 3734 sunt

470 3759 716 3822 curandi
749 3758 851 3840 qui
895 3758 1306 3839 imprudenter
1363 3760 1762 3823 offenduntur.
1822 3760 1895 3824 Ut
1940 3762 2118 3840 igitur

471 3848 747 3912 ostendat
768 3848 923 3928 quod
956 3847 1116 3910 Deus
1136 3849 1211 3911 sit
1228 3858 1284 3909 et
1310 3854 1488 3911 maris
1510 3849 2114 3931 Dorninus,tnisitPe-

472 3948 624 4000 trum
658 3938 961 4000 tollentem
994 3945 1274 3999 staterem
1319 3957 1389 3999 ex
1439 3956 1543 3999 ore
1576 3939 1776 4019 piscis.
1817 3940 2118 4001 Discamus

472 4026 571 4088 hic
596 4036 657 4087 et
682 4026 1026 4107 mysterium
1057 4026 1591 4106 quoddam.Nostra
1622 4028 1780 4089 enim
1806 4038 2010 4089 natura
2030 4046 2119 4104 est

470 4115 652 4196 piscis
670 4119 732 4176 iu
754 4115 1045 4196 profundo
1068 4116 1496 4178 incredulitatis
1522 4136 1732 4179 mersa:
1762 4118 1866 4178 sed
1889 4126 2117 4196 aposto-

468 4202 621 4266 licus
642 4221 839 4264 sermo
862 4204 1119 4265 exlrahit
1149 4222 1280 4283 nos,
1325 4213 1382 4265 et
1428 4205 1489 4265 in
1522 4224 1625 4266 ore
1659 4215 1858 4267 nostro
1887 4203 2114 4266 invenit

468 4292 1015 4371 staterem,eloquia
1032 4291 1295 4366 Domini,
1329 4303 1386 4354 et
1417 4295 1849 4356 confessionem
1870 4293 2107 4357 Christi.

469 4379 615 4442 Nam
640 4381 741 4461 qui
772 4380 1066 4443 Christum
1102 4382 1440 4462 confitetur,
1462 4382 1513 4443 is
1542 4392 1818 4444 statorem
1843 4383 2022 4444 habet
2050 4383 2108 4443 in

2197 3315 2353 3371 όπται
2420 3316 2504 3371 κοὶ
2557 3316 2946 3394 καταφρονηταὶ
3002 3325 3095 3372 τοῦ
3150 3317 3335 3390 νόμου,
3394 3318 3481 3371 καὶ
3552 3313 3838 3371 σκανδαλί-

2196 3425 2397 3479 σωμεν,
2457 3401 2544 3468 δὸς
2602 3405 2663 3459 τὸ
2718 3402 2892 3467 τέλος’
2954 3404 3013 3460 οὗ
3067 3405 3167 3482 γὰρ
3212 3406 3285 3468 ὡς
3344 3403 3569 3483 ὀφείλων
3625 3403 3837 3480 δίδωμι,

2196 3492 2316 3551 ἀλλ’
2363 3496 2437 3559 ὣς
2493 3494 2589 3561 τῆν
2644 3493 2857 3550 ἐκείνων
2912 3493 3181 3550 ἀσθένειαν
3242 3491 3628 3572 διορθούμενος.
3681 3501 3837 3549 Μαν-

2194 3586 2418 3658 θοίνομεν
2476 3584 2575 3661 γὰρ
2630 3582 2885 3662 ἐντεῦθεν,
2944 3582 3024 3639 ὃτι
3067 3584 3127 3638 οὗ
3173 3579 3257 3638 δεῖ
3300 3581 3681 3662 σκανδαλίζειν²
3715 3582 3839 3640 ἔνθα

2199 3696 2276 3748 μη
2344 3672 2706 3749 βλαπτόμεθαο
2769 3670 2887 3728 ἔνθα
2955 3672 3055 3750 γὰρ
3124 3670 3467 3748 βλαπτόμεθα
3515 3673 3623 3729 ἀπὸ
3683 3672 3838 3752 ἔργου

2196 3764 2360 3826 τινὸς.
2432 3764 2493 3839 οὗ
2547 3759 2630 3817 δεῖ
2685 3761 2974 3839 φροντίζειν
3040 3765 3148 3816 τῶν
3216 3759 3424 3839 ἀλόγως
3491 3759 3839 3833 σκανδαλιζο-

2198 3850 2393 3925 μένων,
2458 3837 2581 3906 ΗΙνειι
2636 3837 2807 3905 τοίνυν
2836 3846 2996 3924 δείξῃ,
3033 3846 3114 3904 ὅτι
3160 3850 3289 3912 Θεὸς
3319 3837 3453 3925 ἔστι,
3486 3851 3571 3906 καὶ
3612 3849 3706 3917 τῆς
3735 3854 3831 3907 Θα-

2201 3938 2403 4005 λάσσης
2460 3943 2687 4015 κρατῶν,
2751 3936 3026 3994 ἐπέστειλε
3084 3940 3173 3993 τὸν
3234 3937 3436 4017 Πέτρον
3506 3937 3693 4003 ἄξοντα
3746 3941 3840 3997 τὸν

2201 4032 2435 4107 στατῆρα
2491 4026 2552 4083 ἐκ
2606 4029 2698 4083 τοῦ
2749 4027 2954 4105 ἰχθὺοςο
3021 4026 3134 4102 ἅμα
3190 4024 3245 4082 δί
3314 4032 3402 4083 καὶ
3442 4029 3730 4105 μυστήριόν
3789 4051 3840 4085 τι

2200 4118 2550 4192 μανθάνομενο
2626 4117 2660 4182 ἡ
2717 4115 2948 4194 ἡμετέρα
2989 4116 3089 4193 γὰρ
3121 4116 3273 4194 φὺσις
3305 4115 3444 4171 ἐστὶν
3474 4118 3500 4171 6
3548 4116 3731 4195 ἰχθὺς,
3783 4118 3838 4173 ἐν

2199 4207 2336 4281 βυθῷ
2392 4203 2636 4268 ἀπιστιας
2666 4212 2673 4220 ’
2705 4204 3077 4282 βαπτισθετσα,
3138 4202 3258 4259 ἀλλ’
3289 4206 3316 4260 6
3356 4203 3707 4271 ἀποστολικὸς
3734 4205 3837 4264 λό’

2192 4316 2286 4372 γος
2355 4293 2654 4349 ἀνείλκυσεν
2701 4294 2868 4367 ἡμᾶς,
2921 4293 3008 4348 καὶ
3065 4293 3118 4349 ἐν
3148 4296 3223 4367 τῷ
3254 4292 3477 4367 στόματι
3509 4296 3663 4368 ἡμῶν
3718 4296 3835 4375 εὗρε

2192 4384 2283 4438 τὸν
2339 4387 2598 4460 στατῆρα,
2656 4381 2721 4436 τὰ
2776 4378 2933 4458 λόγια
2987 4390 3081 4439 τοῦ
3127 4381 3329 4459 Κυρίου.
3383 4383 3467 4437 καὶ
3497 4383 3592 4449 τὴν
3627 4383 3832 4458 ὁμολο-

470 4478 881 4545 ore,staterem
934 4471 1052 4530 duo
1109 4471 1455 4533 tlidrachma
1512 4480 1808 4533 tenentem
1848 4473 2025 4552 :quia
2056 4480 2113 4532 et

2198 4473 2313 4551 γίαν
2363 4474 2455 4528 τοῦ
2526 4476 2767 4545 Χριστοῦ·
2832 4472 2859 4523 ὁ
2927 4469 3027 4548 γὰρ
3083 4467 3361 4547 ὁμολογῶν
3416 4472 3508 4526 τὸν
3581 4475 3832 4551 λρισκὸν,

469 4554 736 4620 Christus
769 4558 912 4620 duas
936 4568 1172 4620 naturas
1220 4558 1419 4634 habet,
1476 4560 1654 4621 homo
1702 4562 1999 4621 exsistens
2044 4577 2112 4622 ac

470 4642 648 4707 Deus.
684 4644 791 4707 Hic
822 4646 1002 4724 igitur
1025 4655 1207 4706 stater
1222 4648 1390 4709 datus
1414 4657 1501 4709 est
1531 4648 1799 4712 Christus
1831 4666 1935 4727 pro
1956 4649 2072 4709 duo
2092 4683 2111 4693 -

469 4733 603 4814 bus,
629 4752 735 4815 pro
764 4733 985 4797 Judzeis
1014 4742 1071 4797 et
1097 4735 1393 4816 gentibus,
1433 4757 1538 4817 pro
1561 4736 1739 4815 justis
1770 4747 1826 4796 et
1850 4746 2114 4815 peccato-

466 4822 657 4884 ribus.
691 4820 858 4895 Quod
912 4822 959 4882 si
992 4832 1051 4884 et
1079 4842 1317 4885 avarum
1349 4826 1685 4905 quempiam
1717 4824 1935 4886 videris
1964 4825 2111 4886 nihil

466 4910 625 4972 aliud
648 4911 966 4973 habentem
998 4910 1057 4972 in
1108 4931 1231 4981 ore,
1288 4913 1398 4974 nisi
1448 4933 1656 4975 aurum
1689 4923 1747 4975 et
1774 4922 2105 4992 argentum,

466 4999 624 5062 hunc
646 4998 795 5062 habe
820 5018 924 5079 pro
948 5002 1198 5081 pisce,in
1226 5004 1375 5065 mari
1416 5002 1593 5083 hujus
1610 5004 1737 5065 vitae
1759 5010 2052 5063 natantem
2091 5022 2104 5065 ;

464 5097 521 5151 at
545 5088 647 5150 ubi
668 5090 943 5149 inventus
964 5089 1140 5151 fuerit
1159 5102 1512 5172 praeceptor,
1534 5091 1726 5172 qualis
1748 5090 1978 5173 Petrus,
2007 5093 2108 5172 qui

463 5176 653 5239 mittat
674 5176 914 5237 hamum
942 5177 1000 5237 in
1036 5197 1219 5253 mare,
1256 5180 1304 5240 is
1334 5181 1543 5259 eripiet
1572 5199 1640 5241 ex
1672 5199 1774 5241 ore
1805 5181 1964 5241 illius
1994 5201 2104 5243 au-

460 5283 594 5327 rum
614 5280 667 5326 et
695 5265 1325 5343 argentum.Staterem
1345 5269 1586 5349 quidam
1621 5277 1824 5348 putant
1845 5269 2103 5348 lapidem

463 5354 788 5435 pretiosum
810 5354 865 5415 in
890 5355 1083 5433 Syria,
1110 5356 1196 5418 illi
1222 5357 1530 5431 tributum,
1556 5358 1660 5420 alii
1679 5376 1815 5419 vero
1835 5368 2100 5437 quartam

461 5452 681 5523 partem
716 5443 1087 5505 numismatis

457 5533 596 5591 λίθ..ν
623 5532 914 5607 nolui-tium
948 5536 1087 5611 ε’·ριε
1100 5535 1221 5595 (εἶχε

1259 5558 1313 5589 (ιιι
1342 5538 1474 5591 7.113!
1508 5537 1715 5592 Sur’m‘

527 5709 786 5773 lotium.
822 5727 905 5785 ut,
944 5717 1038 5792 t7,
1070 5735 1200 5797 sqq.

2194 4563 2401 4622 ’sxetvoc
2458 4558 2575 4639 ἔχει
2631 4560 2719 4615 τὸν
2750 4562 2985 4636 στατῆρα
3014 4557 3065 4613 ἔν
3096 4563 3173 4632 τῷ
3202 4558 3449 4638 στόματι,
3486 4566 3723 4639 στατῆρα
3747 4561 3836 4621 δύο

2194 4648 2459 4729 δίδραχμα
2532 4648 2774 4710 ἕλκοντα.
2834 4646 2984 4705 Ἐπεὶ
3039 4649 3127 4705 καὶ
3184 4651 3212 4704 6
3270 4651 3496 4728 Χριστὸς
3540 4647 3629 4707 δύο
3655 4652 3831 4731 φὺσεις

2194 4738 2335 4818 ἔχει,
2412 4738 2542 4802 Θεός
2600 4743 2688 4794 καὶ
2758 4735 3028 4815 ἄνθρωπος
3058 4734 3155 4796 ὤν.
3191 4736 3354 4801 Οὗτος
3384 4739 3473 4793 οὗν
3502 4740 3530 4794 6
3582 4740 3776 4819 στατὴρ
3807 4741 3833 4795 6

2196 4835 2440 4906 Χριστὸς,
2500 4826 2653 4894 ἒδόθη
2710 4826 2838 4904 ὑπὲρ
2921 4824 3033 4902 δύο,
3105 4826 3235 4905 ὑπὲρ
3285 4823 3547 4884 Ἰουδαίων
3576 4830 3661 4885 καὶ
3692 4828 3831 4887 ἐθνι-

2192 4923 2323 4997 κῶν,
2396 4919 2484 4973 καὶ
2529 4916 2658 4995 ὑπὲρ
2727 4913 2943 4971 δικαίων
2989 4917 3077 4972 καὶ
3109 4913 3460 4993 ἁμαρτωλῶν·
3511 4918 3637 4973 ὃταν
3664 4916 3719 4974 δὲ
3748 4921 3836 4977 καὶ

2190 5028 2307 5063 τινα
2330 5004 2451 5083 ἴδῃς
2482 5004 2827 5086 φιλάργυρον,
2874 5002 3023 5060 οὐδὲν
3048 5002 3180 5061 ἄλλο
3231 5002 3429 5083 ἔχοντα
3455 5002 3540 5060 διὰ
3568 5008 3835 5083 στόματος

2191 5097 2234 5151 εἰ
2293 5095 2369 5171 μὴ
2422 5094 2641 5174 χρυσίον
2700 5096 2786 5151 καὶ
2842 5094 3112 5173 ἀργὸριον,
3182 5099 3368 5149 τοῦτον
3423 5094 3648 5171 γίνωσκε
3692 5101 3833 5154 εἶναι

2189 5186 2365 5264 ἰχθὺν,
2420 5186 2477 5239 ἓν
2533 5191 2601 5260 τῇ
2663 5182 2902 5257 Θαλάσσῃ
2972 5188 3063 5239 τοῦ
3103 5182 3218 5258 βίου
3267 5182 3594 5262 νηχόμενον·
3642 5185 3731 5243 ἐὰν
3780 5184 3835 5242 δὲ

2190 5276 2372 5352 εὑρεθῇ
2450 5295 2532 5336 τις
2610 5269 2920 5335 διδάσκαλος
3019 5271 3155 5328 κατὰ
3212 5270 3432 5347 Πέτρον,
3505 5272 3834 5354 ἆγκιστρεύει

2187 5368 2391 5442 τοῦτον,
2450 5364 2538 5419 καὶ
2596 5360 2840 5418 έκῗάλλει
2918 5359 3026 5416 ἀπὸ
3086 5362 3177 5416 τοῦ
3248 5361 3507 5435 στόματος
3564 5364 3720 5421 αὐτοῦ
3773 5366 3838 5421 τδ

2186 5451 2400 5534 χρύσίον
2457 5452 2545 5507 καὶ
2594 5453 2656 5508 τὸ
2707 5452 3001 5539 ἀργύριον..
3027 5453 3275 5528 stamen
3300 5446 3357 5505 δὲ
3410 5454 3843 5529 τινιςνομίζουσι

1767 5539 1811 5592 οἱ
1843 5536 1918 5606 δὲ,
1955 5538 2188 5627 ἐξάγων,
2236 5545 2484 5617 τέταρτον
2515 5541 2861 5615 νομίσματος.
