4126 6268
444 346 587 427 θὲεί
1410 334 2002 427 THEOPHYLACT'I
2041 332 2452 420 autenm
2483 354 2841 420 meum.
3744 345 3853 407 344

450 512 586 557 nus.
619 490 955 555 Consolatio
983 500 1177 555 autem
1201 493 1265 555 ﬁt
1293 494 1542 570 oﬂ‘enso,
1572 494 1791 574 injuria
1816 494 2086 557 afﬁcien-
2110 509 2130 548 Α

2217 492 2356 556 ικίας
2410 490 2621 567 μεταδῷ
2674 494 2761 549 καὶ
2828 505 2947 555 τοῖς
2995 491 3200 557 ἄλλοις.
3254 489 3616 574 Παρεικάζειῗ
3642 484 3701 541 δὲ
3746 496 3859 574 τοῖς

451 592 572 646 tem
602 581 981 661 publicanum
1037 582 1360 645 existimari
1411 593 1469 646 et
1518 572 1821 663 gentilem,
1856 586 1967 647 hoc
1999 592 2085 644 est

2217 579 2427 645 ιλώναις
2516 582 2636 645 τοὺς
2715 582 2979 646 τοιούτους
3031 579 3283 659 ἀδελφοὺς
3388 572 3860 659 (διαϐεϐλημένον

454 681 827 756 peccatorem
860 680 916 733 et
945 672 1338 735 incredulum.
1391 660 1672 755 Nunquid
1719 684 1914 736 autem
1961 676 2088 735 haec

2217 673 2279 750 ἀρ
2337 693 2385 727 τι
2445 675 2634 749 χρῆμα
2689 673 2717 726 6
2772 669 3059 750 τελώνης)⁸
3106 670 3413 750 παραμυθία
3450 666 3513 721 δὲ
3552 671 3639 738 τῷ
3671 660 3867 756 ἧδικηῖ

453 748 581 825 sola
608 761 891 842 injuriam
946 762 1214 824 facientis
1258 763 1479 844 paena?
1511 748 1773 827 Minime.
1808 763 1923 826 Sed
1954 763 2093 825 audi

2217 761 2349 836 .ένῳ,
2407 763 2469 817 τὸ
2539 762 2630 816 τὸν
2686 758 2961 816 ἀδικοῦντα
3051 758 3287 826 τελώνην
3390 756 3725 831 νομίζεσθαι
3784 748 3869 803 καὶ

456 858 515 914 et
544 870 674 934 quae
698 862 1046 932 sequuntur.

2217 851 2412 923 Βνικὸν,
2471 849 2734 916 τουτέστιν
2804 846 3118 927 ἁμαρτωλὸν
3173 852 3260 903 καὶ
3330 847 3607 904 ἄπιστον.
3706 846 3868 897 Τοῦτο

2187 939 2275 995 οὖν
2334 938 2493 1011 μόνον
2524 936 2741 1001 κόλασις
2773 944 2865 993 τοῦ
2896 935 3196 999 ἀδικοῦντος
3233 958 3246 1012 ;
3281 936 3451 1014 Οὐχὶ.
3516 929 3682 989 Ἀλλ’
3718 929 3869 983 ἄκουε

2188 1029 2274 1085 καὶ
2303 1034 2409 1083 τῶν
2428 1025 2568 1092 ὲΞῆς.

2273 1138 2299 1172 ι
2335 1114 2508 1188 Ἀμήν
2564 1112 2706 1191 λέγω
2774 1116 2926 1192 ὑμῖν,
2981 1113 3078 1168 ὃσα
3106 1112 3193 1168 ἐὰν
3226 1111 3430 1183 δήσητε
3487 1112 3585 1166 ἐπὶ
3620 1114 3724 1173 τῆς
3748 1107 3869 1183 γῆς,

2191 1204 2335 1259 ἔσται
2392 1201 2640 1277 δεδεμένα
2695 1200 2748 1257 ἐν
2803 1208 2880 1275 τῷ
2935 1203 3160 1280 οὐρανῷ,
3217 1203 3305 1257 καὶ
3374 1200 3485 1256 ὅσα
3520 1198 3621 1253 ἐὰν
3674 1195 3870 1261 λύσητε

2190 1292 2275 1349 ἐπὶ
2330 1294 2429 1358 τῆς
2488 1291 2614 1370 γῆς,
2688 1290 2833 1348 ἔσται
2887 1289 3146 1365 λελυμένα
3178 1292 3233 1346 ἐν
3280 1296 3356 1363 τῷ
3386 1292 3641 1368 οὖρανῷ.
3688 1310 3712 1341 n
3750 1284 3873 1342 Ἐὰν

2225 1383 2237 1399 ε
2450 1383 2463 1401 \
2623 1378 2676 1399 ’Ν
2831 1382 2843 1398 ι
2946 1378 2969 1400 Ἰ
3138 1382 3151 1401 (
3358 1378 3369 1399 ρ
3610 1379 3625 1394 κ
3663 1379 3676 1395 Ὁ
3818 1377 3828 1389 ⁵

2191 1405 2276 1455 σα,
2338 1403 2517 1459 φησιν,
2554 1383 2582 1436 6
2613 1384 2898 1459 αοικηθεις,
2948 1402 3082 1459 εχῃς
3124 1402 3196 1443 ως
3242 1378 3492 1445 τελώνην
3531 1400 3629 1434 και
3667 1379 3869 1432 εθνικον

466 1473 685 1553 injuria
712 1472 908 1534 all‘ecit
960 1472 1113 1533 sicut
1144 1472 1521 1551 publicanum
1559 1483 1617 1536 et
1656 1465 1958 1555 gentilem,
1992 1476 2107 1537 erit

2217 1472 2281 1526 rbv
2331 1468 2629 1542 ἀδικοῦντα,
2662 1468 2807 1525 ἔσται
2865 1470 2951 1524 καὶ
2996 1469 3049 1524 ἐν
3078 1474 3154 1541 τῷ
3188 1471 3388 1546 οὐρανῷ
3418 1467 3707 1528 τοιοῦτος.
3748 1465 3869 1520 Ἐὰν

468 1563 570 1625 ille
599 1573 661 1625 et
688 1562 748 1622 in
780 1563 928 1623 caelo
961 1560 1183 1623 talis.Si
1213 1571 1407 1624 autem
1440 1553 1685 1626 solveris
1716 1567 1998 1645 eum,hoc
2022 1574 2110 1625 est

2217 1560 2245 1615 re
2300 1558 2462 1636 λύσῃς
2535 1560 2712 1632 αὐτὸν,
2786 1556 3020 1614 τουτέστι
3090 1560 3481 1637 συγχωρήσῃς,
3570 1554 3726 1610 ἔσται
3786 1553 3868 1606 καὶ

468 1651 943 1731 ίεηονθνίεκετὶι
994 1651 1048 1711 ei
1093 1660 1149 1711 et
1206 1652 1265 1712 in
1317 1653 1472 1714 coelo
1524 1642 1944 1716 condonatum.
1980 1654 2106 1715 Non

2222 1672 2246 1703 ν
2303 1653 2379 1721 τῷ
2472 1650 2672 1726 οὖρανῷ
2733 1646 3237 1726 συγκεχωρημένος³
3285 1646 3344 1702 οὗ
3397 1648 3507 1723 γὰρ
3552 1649 3730 1717 μονον
3776 1642 3867 1695 ὅσα

469 1740 598 1803 Non
625 1743 783 1802 enim
814 1739 1001 1803 solum
1036 1759 1169 1821 quae
1198 1741 1429 1802 solvunt
1456 1743 1815 1811 sacerdotes,
1847 1754 1981 1805 sunt
2008 1764 2106 1803 so-

2217 1739 2404 1792 .boucw
2461 1740 2507 1793 οἱ
2560 1737 2746 1814 ἱερεῖς,
2806 1737 2901 1791 εἰσὶ
2944 1733 3226 1811 λελυμένα,
3260 1732 3378 1788 ἀλλ’
3410 1734 3518 1790 ὅσα
3553 1734 3650 1787 καὶ
3703 1733 3865 1805 ἡμεῖς

470 1831 629 1893 luta:
676 1828 780 1892 sed
827 1820 1198 1911 quzecunque
1257 1838 1315 1891 et
1361 1850 1467 1892 nos
1522 1832 1739 1911 injuria
1780 1832 1972 1894 aﬂ'ecti
2022 1834 2107 1894 vel

2217 1829 2241 1882 υἱ
2298 1824 2631 1891 ἀδικηθέντες
2685 1824 2719 1891 ἧ
2777 1822 3068 1897 δεσμοῦμεν
3112 1820 3146 1888 ἤ
3178 1820 3395 1896 λύομεν,
3433 1823 3683 1878 κάκεῖνα
3717 1820 3861 1874 ἔσται

470 1920 743 1999 ligamus,
772 1918 861 1980 vel
886 1917 1187 1999 solvimus,
1224 1926 1282 1981 et
1322 1919 1451 2001 ipsa
1494 1930 1667 1982 erunt
1696 1923 1867 2001 ligata
1899 1921 1989 1983 vel
2014 1941 2114 1983 so-

2217 1913 2445 1991 ῖεδεμένα
2475 1914 2510 1982 ἢ
2542 1912 2823 1989 λελυμένα.

474 2008 615 2069 luta.

555 2094 741 2159 Vens.
772 2096 866 2169 19,
892 2094 989 2158 20.
1030 2120 1057 2150 ι
1083 2096 1333 2170 Rursus,
1367 2115 1541 2158 amen
1572 2098 1707 2160 dico
1740 2099 1923 2173 vobis,
1960 2099 2116 2180 quod

2286 2115 2314 2147 α
2378 2090 2562 2164 Πάλιν,
2651 2091 2794 2165 ἀμὴν
2828 2089 2969 2168 λέγω
2998 2092 3145 2164 ὑμῖν,
3181 2089 3260 2146 ὅτι
3292 2090 3382 2147 ἐὰν
3411 2088 3503 2147 δύο
3534 2090 3695 2163 ὑμῶν
3728 2108 3864 2159 συμ-

476 2186 529 2250 si
560 2185 677 2247 duo
728 2202 797 2246 ex
849 2183 1015 2245 vobis
1067 2186 1480 2247 consenserint
1531 2206 1710 2267 super
1759 2179 2003 2260 terram,
2041 2189 2118 2249 de

2217 2185 2517 2264 ρωνήσωσιν
2566 2182 2651 2238 ἰπὶ
2707 2183 2806 2247 τῆς
2873 2184 2999 2260 γῆς,
3033 2184 3150 2258 περὶ
3202 2183 3398 2243 παντὸς
3449 2180 3780 2258 πράγματος
3810 2179 3866 2231 οἱ

478 2274 644 2337 omni
672 2292 738 2336 re
770 2291 1186 2353 quamcunque
1229 2274 1529 2353 petierint,
1580 2266 1679 2336 ﬁet
1738 2276 1854 2337 illis
1882 2296 1915 2338 a
1949 2279 2119 2339 Patre

2217 2274 2289 2328 εὰν
2346 2273 2692 2346 αἰτήσωνται,
2748 2271 3027 2347 γενήσεται
3085 2274 3267 2332 αὐτοῖς
3330 2270 3472 2345 παρὰ
3532 2277 3629 2325 τοῦ
3660 2266 3861 2341 Πατρός

476 2382 611 2426 meo
661 2364 761 2443 qui
794 2371 884 2423 est
926 2362 985 2421 in
1014 2361 1322 2423 caelisUbi
1356 2366 1511 2424 enim
1558 2372 1693 2425 sunt
1740 2364 1857 2426 duo
1887 2366 1974 2425 vel
2002 2375 2119 2426 tres

2217 2383 2301 2418 ιου
2343 2368 2435 2418 τοῦ
2485 2359 2539 2415 ὲν
2605 2363 2866 2438 οὐρανοῖς·
2928 2360 2988 2414 οὗ
3043 2360 3141 2437 γὰρ
3184 2360 3280 2413 εἶσι
3312 2354 3401 2413 δὺο
3448 2356 3479 2423 ἥ
3531 2370 3683 2434 τρεῖς
3718 2376 3854 2409 συν-

478 2451 817 2529 congregati
848 2451 908 2511 in
937 2450 1178 2511 nomine
1209 2470 1365 2524 meo,
1397 2452 1518 2513 illic
1548 2472 1675 2513 sum
1703 2454 1762 2514 in
1814 2455 2009 2515 medio
2041 2454 2114 2515 il-

2217 2449 2426 2528 ’λγμένοι
2450 2450 2522 2512 εἷς
2566 2448 2626 2503 τό
2650 2450 2782 2523 ὲμὸν
2809 2448 2998 2521 ὒνομα,
3032 2447 3147 2503 ἐκεῖ
3179 2449 3282 2521 εἶμι
3315 2444 3369 2499 ἐν
3408 2446 3557 2518 μέσῳ
3588 2447 3787 2503 αὐτῶν,
3828 2463 3850 2495 ι

546 1119 724 1181 Vens.
760 1118 1094 1181 18.nAmen
1126 1117 1257 1180 dico
1290 1119 1477 1200 vobis,
1512 1140 1883 1202 quaecunque
1908 1120 2105 1197 alliga-

461 1205 666 1269 veritis
697 1225 877 1287 super
899 1215 1141 1280 terram,
1163 1215 1335 1268 erunt
1354 1208 1528 1284 ligata
1559 1211 1619 1271 in
1644 1211 1827 1273 coelo:
1859 1218 1919 1271 et
1940 1228 2103 1289 quae-

466 1313 702 1377 cunque
745 1295 1043 1357 solveritis
1073 1314 1256 1375 super
1307 1304 1551 1363 terram.
1597 1309 1769 1360 ernnt
1826 1299 2017 1360 soluta
2048 1297 2106 1357 in

467 1385 642 1448 caelo.
681 1408 705 1443 ι)
740 1385 805 1446 Si
850 1391 934 1458 tu,
971 1384 1161 1464 inquit
1211 1385 1493 1453 offensus,
1546 1388 1731 1449 habes
1763 1407 1895 1449 eum
1922 1387 2019 1467 qui
2052 1396 2107 1446 te

480 2538 1077 2617 lorumJCongregat
1098 2558 1206 2599 nos
1229 2539 1394 2601 hisce
1421 2540 1619 2602 verbis
1650 2542 1719 2601 ad
1747 2543 2116 2603 charitatem.

480 2627 630 2701 Quia
674 2626 833 2688 enim
886 2626 1187 2707 prohibuit
1226 2647 1302 2689 ne
1334 2637 1597 2690 mutuum
1657 2631 2118 2705 oﬂ‘enderemus,

481 2734 640 2805 nunc
666 2714 825 2805 etde
858 2722 1059 2777 mutua
1089 2717 1403 2778 concordia
1426 2718 1591 2781 dicit.
1647 2718 1985 2783 Concordes
2014 2740 2121 2781 au-

487 2802 612 2869 tem
646 2802 944 2884 dicuntur,
981 2823 1097 2865 non
1134 2805 1231 2887 qui
1264 2807 1322 2867 in
1357 2808 1576 2868 malum
1602 2808 1984 2879 conveniunt,
2022 2811 2124 2870 sed

490 2894 589 2976 qui
624 2893 682 2953 in
714 2892 962 2954 bonum.
993 2892 1142 2955 Vide
1192 2894 1351 2955 enim
1401 2895 1541 2975 quid
1574 2896 1733 2957 dicat
1770 2919 1781 2959 :
1817 2896 1876 2959 Si
1909 2898 2025 2959 duo
2059 2917 2126 2959 ex

487 2981 676 3057 vobis,
711 2982 825 3043 hoc
875 2989 986 3057 est,
1039 2983 1418 3045 credentibus
1476 2994 1533 3046 et
1586 2989 1795 3046 virtute
1846 2988 2124 3067 praeditis.

488 3070 992 3151 Conspiraverunt
1047 3073 1205 3133 enim
1239 3080 1295 3132 et
1325 3074 1529 3134 Annas
1569 3091 1638 3135 ac
1689 3074 1962 3155 Caiphas,
2022 3076 2125 3136 sed

491 3159 748 3222 male.Et
780 3168 1094 3240 propterea
1115 3179 1271 3241 szepe
1296 3171 1609 3241 peccantes
1638 3183 1754 3223 non
1780 3164 2123 3244 accipimus,

2205 2539 2427 2616 Συνάγει
2482 2540 2625 2612 ἡμᾶς
2699 2535 2781 2592 διὰ
2835 2540 2940 2591 τῶν
3011 2537 3260 2592 τοιοὺτων
3314 2535 3568 2610 ῥημάτων
3628 2535 3704 2594 εἰς
3759 2535 3853 2597 τήν

2206 2628 2443 2705 ἀγάπην·
2514 2626 2628 2682 ἐπεὶ
2683 2626 2781 2704 γὰρ
2852 2624 3113 2681 ἐκώλυσεν
3170 2626 3311 2698 ἡμᾶς
3380 2624 3484 2679 ἀπὸ
3537 2630 3629 2678 τοῦ
3685 2642 3851 2676 σκαν-

2210 2715 2433 2787 δαλίζειν
2489 2714 2778 2787 ἀλλήλους,
2838 2715 2927 2770 καὶ
2981 2712 3233 2790 βλάπτειν
3331 2714 3420 2768 καὶ
3498 2712 3841 2787 βλάπτεσθαι,

2212 2813 2297 2862 νῦν
2381 2804 2522 2881 λέγει
2589 2806 2674 2860 καὶ
2731 2804 2845 2881 περὶ
2913 2804 3012 2868 τῆς
3056 2804 3185 2878 πρὸς
3226 2799 3486 2871 ἀλλήλους
3513 2798 3837 2876 συμφωνίας.

2212 2902 2624 2972 Συμφωνοῦντες
2681 2891 2735 2947 δὲ
2795 2899 3031 2948 νοοῦνται
3086 2893 3188 2971 οὐχ
3246 2894 3291 2947 οἱ
3336 2892 3413 2945 ἐπὶ
3457 2893 3598 2960 κακῷ
3652 2904 3836 2961 συνερ-

2212 2971 2459 3061 χόμενοι,
2525 2980 2641 3036 ἀλλ’
2690 2985 2735 3037 οἱ
2766 2978 2851 3035 ἔπ’
2884 2980 3086 3056 ἀγαθῷ.
3127 2971 3137 2989 ’
3164 2989 3271 3057 Ορα
3302 2981 3400 3058 γὰρ
3427 2980 3474 3033 τί
3517 2978 3675 3033 εἶπεν
3714 2972 3835 3030 Ἐὰν

2211 3069 2298 3126 δύο
2352 3072 2519 3144 ὑμῶν,
2586 3070 2819 3125 τουτέστι
2898 3072 3000 3124 τῶν
3072 3068 3449 3140 πιστευόντων,
3508 3073 3606 3122 τῶν
3659 3062 3843 3138 ὶναρέ-

2211 3175 2338 3215 των·
2396 3160 2770 3237 συνεφώνησαν
2826 3159 2924 3236 γὰρ
3018 3159 3104 3213 καὶ
3175 3157 3387 3220 ”Αννας
3447 3158 3536 3211 καὶ
3589 3154 3845 3230 Καϊάφας,

491 3268 562 3311 eo
582 3248 740 3330 quod
772 3233 972 3310 mutua
1000 3233 1320 3311 concordia
1349 3269 1639 3313 caremus.
1669 3250 1798 3313 Non
1831 3233 1976 3313 diiit
2018 3233 2122 3314 au;

2217 3247 2349 3307 ἀλλὰ
2406 3233 2636 3323 ψεκτῶς’
2695 3233 2848 3303 ὣστε
2886 3233 2959 3301 διέ
3004 3257 3156 3303 τοῦτο
3205 3244 3463 3307 πολλάκις
3486 3246 3764 3324 εὐχόμενοι
3793 3243 3848 3296 οὗ

490 3346 633 3412 tem,
666 3336 788 3399 Ero
815 3340 963 3416 (non
1007 3338 1166 3398 enim
1216 3338 1427 3414 tardat,
1488 3339 1577 3401 vel
1632 3344 1990 3418 cunctatur),
2025 3342 2125 3404 sed

492 3426 662 3498 Sum,
694 3425 808 3485 hoc
839 3434 947 3498 est,
972 3425 1096 3505 jam
1141 3425 1264 3487 illic
1310 3427 1597 3489 invenior.
1632 3427 1932 3507 Intelligas
1992 3432 2127 3490 item

493 3513 652 3596 quod
698 3515 936 3594 quando
992 3514 1456 3594 conspiraverint
1517 3517 1758 3596 spiritus
1789 3527 1847 3578 et
1878 3536 2039 3589 caro,
2074 3530 2135 3579 et

494 3621 615 3664 non
644 3601 1048 3681 concupiverit
1092 3612 1299 3665 contra
1343 3604 1615 3682 spiritum
1664 3624 1821 3685 caro,
1857 3616 1993 3667 tunc
2025 3610 2134 3668 erit

493 3690 558 3753 in
582 3689 779 3752 medio
812 3688 1117 3754 Dominus.
1152 3692 1509 3773 Conspirant
1540 3702 1735 3754 autem
1772 3704 1829 3755 et
1862 3704 1979 3757 tres
2010 3697 2131 3757 vir-

495 3787 654 3841 tutes
675 3779 908 3851 animae,
942 3780 1271 3859 rationalis,
1306 3781 1602 3842 irascivita
1633 3791 1689 3843 et
1718 3782 2129 3847 desiderativa.

496 3867 615 3931 Sed
650 3875 708 3929 et
735 3872 901 3927 vetus
923 3885 992 3928 ac
1022 3886 1174 3929 nova
1201 3869 1363 3948 leges
1408 3870 1769 3949 conspirant,
1803 3871 2133 3934 invenitur-

497 3974 616 4106 gue
643 3955 707 4016 in
737 3954 932 4016 medio
962 3955 1223 4037 ipsarum
1269 3957 1535 4021 Christus
1584 3958 1656 4020 ab
1703 3968 1950 4041 utraque
1982 3979 2135 4041 prae-

540 4055 752 4106 icatus.

540 4055 752 4106 icatus.

580 4220 742 4285 Vens
772 4222 1197 4297 21,22.-Tunc
1226 4225 1841 4288 accedens97Petrus
1870 4226 1943 4287 ad
1975 4246 2136 4303 eum,

501 4309 666 4374 dixit:
684 4309 1199 4393 Domine,quoties
1218 4312 1554 4392 peccabitin
1577 4332 1670 4374 me
1690 4314 1871 4375 frater
1888 4328 2141 4390 meus,et

498 4401 796 4463 remittam
816 4400 904 4461 ei?
921 4399 1070 4461 Num
1089 4420 1276 4482 usque
1289 4401 1696 4482 septies?Dicit
1714 4403 1797 4463 illi
1811 4403 2137 4467 JesuszNon

499 4486 634 4550 dico
649 4488 749 4550 tibi
763 4508 948 4570 usque
960 4490 1301 4571 septies.sed
1321 4509 1507 4571 usque
1518 4495 1853 4572 septuagies
1865 4494 2134 4572 septies.»

498 4574 626 4637 Hoc
648 4586 737 4639 est
755 4579 909 4658 quod
934 4579 1257 4658 interrogat
1273 4578 1829 4653 Petrus:Quoties,si
1851 4591 2143 4661 peccet,et

500 4665 720 4728 deinde
749 4666 996 4730 accedat
1025 4676 1083 4729 et
1113 4676 1264 4731 vetat
1283 4672 1510 4729 veniam
1537 4669 1879 4749 poenitentia
1902 4671 2135 4740 ductus.

499 4757 825 4819 concedam
853 4756 1278 4831 ei?Addidil,ln
1302 4776 1397 4819 me
1427 4758 1475 4817 si
1507 4757 1930 4837 peccaverit.In
1956 4758 2139 4821 Deum

500 4846 661 4909 enim
694 4846 744 4908 si
773 4847 1256 4926 peccaverit,non
1281 4846 1520 4927 ego,qui
1544 4847 1758 4907 idiotes
1786 4865 1854 4909 ac
1883 4848 2145 4929 privatus

501 4953 907 5016 sum,possum
929 4935 983 4997 ei
998 4934 1448 5009 remiltere,nisi
1467 4935 1618 4996 forte
1634 4934 1735 4996 Dei
1759 4937 2028 4997 ordinem
2049 4939 2147 4998 ha-

502 5024 653 5088 bens
683 5024 1055 5087 sacerdos.Si
1082 5032 1281 5085 autem
1313 5026 1369 5086 in
1388 5042 1483 5084 me
1507 5032 1807 5103 peccet,ac
1825 5026 2043 5087 deinde
2056 5045 2143 5087 re-

501 5113 722 5174 misero
754 5112 956 5188 ei,erit
983 5112 1418 5189 solutus,etiam
1445 5111 1494 5172 si
1527 5113 1793 5192 privatim
1816 5133 1925 5191 ego
1943 5115 2143 5189 sim,et

499 5219 621 5264 non
645 5200 1126 5274 sacerdos.Quod
1151 5210 1347 5263 autem
1372 5203 1708 5281 septuagies
1725 5202 1942 5283 septies
1970 5203 2137 5282 dixit,

498 5308 619 5354 non
648 5290 1196 5352 concluditveniam
1215 5290 1829 5352 numero.Absurdurn
1858 5291 2016 5352 enim
2039 5309 2140 5351 se-

497 5380 643 5443 dere
655 5385 715 5442 et
733 5396 1048 5441 numerare
1060 5398 1245 5459 usque
1265 5380 1404 5441 dum
1421 5381 1851 5460 quadringenta
1864 5379 2143 5458 nonagin-

499 5477 555 5530 ta
576 5466 799 5530 habeas
829 5471 936 5546 [tot
965 5469 1122 5530 enim
1153 5466 1376 5529 faciunt
1401 5470 1735 5549 septuagies
1766 5469 2006 5547 septies]
2035 5466 2140 5528 sed

496 5558 853 5620 immensum
888 5574 1201 5619 numerum
1227 5558 1418 5633 signat
1455 5578 1468 5619 :
1497 5558 1670 5638 quasi
1694 5558 1873 5629 dicat,
1899 5557 2143 5629 Quoties

490 5645 626 5739 quis
653 5645 852 5735 lapsus
872 5645 1072 5723 fuerit,
1097 5652 1157 5708 et
1187 5644 1603 5727 pauitantiam
1633 5647 2059 5726 aget,concede
2083 5645 2139 5708 ei

2214 3333 2575 3415 λαμϐάνομεν,
2637 3335 2766 3392 διότι
2869 3334 2981 3394 οῦδὲ
3012 3334 3342 3415 Δσυμφωνίαν
3408 3335 3541 3412 πρὸς
3591 3329 3845 3400 ἀλλήλους

2215 3425 2441 3505 ἔχομεν,
2500 3425 2607 3483 Οὔκ
2628 3425 2747 3480 εἷπε
2784 3422 2863 3503 δὲ,
2896 3423 2975 3478 ὅτι
3011 3412 3272 3495 ”Εσομαι⁶
3306 3422 3364 3477 οὒ
3396 3423 3495 3501 γὰρ
3527 3420 3708 3496 μέλλει
3741 3415 3847 3474 οὒδέ

2215 3513 2473 3593 βραδύνει·
2538 3513 2681 3586 ἀλλ’,
2746 3514 2888 3592 Εἰμὶ,
2922 3511 3211 3581 τουτέστιν,
3250 3512 3431 3566 αὐτίκα
3463 3510 3579 3565 ἐκεῖ
3620 3510 3849 3585 εὑρίσκο-

2216 3618 2333 3678 μαι’
2396 3604 2603 3671 νοήσεις
2656 3600 2708 3657 δὲ
2762 3601 2840 3657 ὅτι
2916 3601 3039 3656 ὅταν
3110 3600 3441 3679 συμφωνήσῃ
3500 3601 3533 3665 η
3593 3597 3719 3676 σάρξ
3771 3596 3854 3649 καὶ

2216 3694 2277 3747 τὸ
2334 3698 2563 3765 πνεῦμα,
2617 3692 2703 3746 καὶ
2764 3691 2840 3764 μὴ
2885 3692 3112 3765 ἒπιουμῇ
3177 3690 3313 3744 κατὰ
3355 3693 3447 3742 τοῦ
3500 3690 3794 3760 πνερματος
3823 3685 3854 3749 ἡ

2220 3777 2364 3858 σάρξ,
2429 3780 2549 3834 τότε
2606 3778 2744 3835 ἐστὶν
2790 3778 2843 3833 ἐν
2874 3779 3028 3852 μάσω
3071 3782 3098 3833 6
3149 3778 3352 3856 Κύριος.
3404 3783 3751 3853 Συμφωνοῦσι
3805 3770 3853 3825 δὲ

2219 3870 2307 3925 καὶ
2364 3870 2414 3923 αἱ
2482 3882 2626 3946 τρεῖς
2685 3865 2927 3941 δυνάμεις
2989 3871 3085 3935 τῆς
3146 3867 3348 3945 ψυχῆς,
3416 3867 3475 3920 τὸ
3525 3864 3766 3940 λογικὸν,
3800 3864 3855 3917 τὸ

2220 3959 2461 4032 θυμικὸν,
2520 3958 2605 4012 καὶ
2660 3958 2721 4011 τὸ
2777 3956 3179 4031 ἐπιθυμητικόν,
3254 3953 3415 4011 Ἀλλὰ
3463 3956 3549 4009 καὶ
3596 3955 3630 4021 ἡ
3664 3951 3856 4009 παλαιὰ

2221 4049 2309 4103 καὶ
2361 4049 2395 4114 ἡ
2460 4048 2551 4102 νέα
2592 4052 2956 4125 συμφωνοῦσιν
3042 4048 3093 4100 αἱ
3150 4043 3259 4119 δὺο,
3295 4046 3379 4101 καὶ
3427 4043 3481 4097 ἐν
3512 4042 3663 4118 μέσῳ
3694 4043 3855 4097 αὐτῶν

2224 4137 2507 4215 εὑρίςκεται
2539 4137 2566 4191 6
2598 4136 2846 4213 Χριστὸς,
2880 4134 2966 4189 ὑπ’
2992 4135 3192 4213 ἀμφοῖν
3225 4133 3636 4210 κηρυττόμενος.

2309 4248 2334 4281 ιι
2398 4224 2524 4281 Τότε
2585 4221 2883 4300 προσελθὼν
2940 4222 3081 4297 αῦτῷ
3138 4225 3165 4277 6
3216 4222 3433 4298 Πέτρος,
3498 4221 3648 4276 εἶπε·
3712 4220 3855 4297 Κὺριε

2223 4315 2446 4377 ποσάκις
2478 4312 2771 4390 ἁμαρτήσει
2804 4313 2874 4372 εἷς
2908 4310 3001 4386 ἐμὲ
3043 4314 3070 4367 6
3115 4309 3335 4389 ἀδελφός
3377 4331 3498 4383 μου,
3545 4310 3633 4364 καὶ
3679 4309 3858 4388 ἄφήσω

2225 4404 2367 4476 αὑτῷ
2401 4420 2416 4477 ;
2476 4400 2575 4463 ἕως
2604 4400 2823 4463 ἑπτάκις
2859 4420 2876 4473 ;
2950 4400 3101 4478 Λέγει
3152 4399 3291 4472 αὐτῷ
3314 4402 3341 4455 ὁ
3374 4398 3600 4464 Ἰησοῦς’
3642 4401 3715 4455 Οὐ
3773 4396 3857 4451 λέ·

2224 4514 2305 4569 γω
2346 4512 2427 4545 σοι
2458 4488 2559 4554 ἕως
2604 4490 2843 4560 ἑπτάκις,
2877 4487 2997 4544 ἀλλ’
3025 4488 3125 4551 ἕως
3157 4485 3601 4562 ἐκδομηκοντάκις
3637 4487 3792 4547 ἑπτά,
3832 4508 3849 4537 ι

2225 4587 2386 4638 Τοῦτο
2442 4578 2582 4633 ἔστιν
2612 4576 2639 4632 ὅ
2698 4576 2866 4655 ἐρωτᾷ
2910 4580 2937 4633 ὁ
2993 4576 3214 4655 Πέτροςο
3252 4576 3476 4638 [Ιοσάκις
3508 4576 3598 4631 ἐὰν
3628 4577 3855 4654 ἁμάρτῃ,

2223 4672 2343 4723 εἶτα
2397 4666 2764 4745 προσέρχηται
2849 4667 2934 4721 καὶ
2978 4668 3097 4742 αἰτῇ
3141 4665 3458 4743 συγγνώμην
3491 4663 3850 4739 μεταμελόμε-

2224 4778 2332 4827 νος,
2370 4758 2706 4835 συγχωρήσω
2736 4758 2892 4812 αὐτιιῦ
2924 4775 2940 4835 ;
3003 4754 3299 4833 Προσὲθηκε
3331 4756 3384 4809 δὲ
3413 4758 3496 4832 τὸ,
3534 4756 3616 4815 Εἰς
3650 4753 3747 4826 ἐμὲ
3782 4754 3859 4809 ἐὰν

2225 4846 2460 4924 ἀμάρτῃ⁹
2523 4848 2595 4910 εἷς
2628 4845 2724 4923 γὰρ
2756 4846 2884 4900 Θεὸν
2916 4846 3003 4899 ἐὰν
3033 4844 3268 4920 ἁμάρτῃ,
3299 4843 3393 4898 οὒκ
3436 4842 3545 4920 ἐγὼ
3575 4845 3602 4898 ὁ
3654 4840 3861 4906 ἰδιώτης

2225 4933 2445 5010 δύναμαι
2518 4936 2657 5007 αὒτῷ
2714 4946 3041 5013 συγχωρεῖν,
3095 4934 3136 4987 εἰ
3183 4935 3364 5007 μήπου
3397 4954 3457 5009 γε
3501 4934 3528 4987 6
3574 4937 3705 4987 Θεοῦ
3734 4930 3867 4994 τάξιν

2226 5022 2369 5103 ἒχων
2442 5026 2469 5078 6
2522 5024 2704 5099 ἱερεύς’
2770 5021 2857 5077 ἐὰν
2910 5020 2964 5077 δὲ
3022 5024 3095 5085 εἰς
3126 5022 3220 5094 ἐμὲ
3274 5022 3483 5099 ἁμάρτῃ
3527 5019 3652 5075 εἶτα
3684 5021 3865 5097 ἀφήσω

2226 5115 2388 5187 αὒτῷ,
2444 5110 2587 5167 ἔσται
2646 5110 2951 5190 ἇφειμένος,
3007 5109 3104 5165 κέἰν
3173 5108 3384 5176 ἱδιὼτης
3458 5111 3562 5183 εἰμὶ
3608 5108 3739 5186 ἐγὼ,
3791 5108 3869 5163 καὶ

2226 5202 2348 5280 οὺχῖ
2419 5200 2604 5279 ἱερεὺς.
2666 5201 2734 5257 Τὸ
2764 5197 2843 5273 δὲ,
2875 5198 2973 5261 ἕως
3006 5196 3450 5273 ἑϐδομηκοντάκις
3482 5198 3636 5265 ἑπτα,
3690 5197 3864 5275 εἶπεν,

2226 5293 2330 5369 οὐχ
2396 5289 2489 5344 ἵνα
2546 5289 2749 5367 ἀριθμῷ
2801 5287 3106 5367 περικλείσῃ
3145 5288 3237 5353 την
3268 5287 3638 5365 συγχώρησιν,
3674 5285 3866 5363 ἄλογον

2226 5379 2323 5457 γάρ
2382 5376 2491 5433 ἐστι
2522 5378 2777 5443 καθῆσθαί
2804 5399 2919 5433 τινα
2979 5377 3295 5456 ἀριθμοῦντα
3347 5375 3446 5437 ἕως
3500 5378 3559 5431 οὗ
3587 5377 3866 5432 ποσωθῶσι

2224 5467 2535 5546 τετρακόσια
2622 5464 2966 5535 ἐννενήκοντα
3050 5472 3301 5543 (τοσαῦτα
3362 5466 3461 5543 γὰρ
3518 5466 3583 5520 τὰ
3635 5461 3868 5538 ἑϐδομη-

2222 5557 2467 5622 κοντάκις
2521 5554 2704 5633 ἑπτὰ),
2758 5553 2895 5610 ἀλλὰ
2966 5557 3027 5611 τὸ
3084 5554 3298 5633 ἄπειρον
3348 5554 3567 5610 ἐνταῦθα
3601 5556 3869 5629 σημαίνει·

2222 5648 2295 5709 ὥς
2353 5645 2413 5706 ἔν
2464 5645 2508 5699 εἷ
2564 5642 2765 5723 ἔλεγεν·
2804 5634 3015 5708 Ὀσάκις
3062 5644 3121 5699 ἄν
3171 5647 3393 5706 πταίσας
3440 5649 3694 5719 μετανοῇ,
3743 5664 3872 5721 συγ-
