4126 6268
452 323 564 388 347

1411 333 2006 396 THEOPHYLACTI
2052 331 2466 396 BULGARIE
2508 291 2870 397 ARCHIEP.

3792 327 3904 393 348

456 477 636 518 unum
671 460 746 521 de
777 461 1210 542 conservis,qui
1239 463 1490 526 debebat
1513 464 1877 527 sibicentum
1915 463 2094 523 dena-

2189 461 2485 519 συνδούλων
2546 467 2724 544 αὐτοῦ,
2789 467 2847 529 ὃς
2902 468 3126 546 ὤφειλεν
3185 470 3326 544 αῦτῷ
3355 470 3593 526 ἑκατὸν
3643 464 3897 545 δηνάρια.

450 546 591 608 rios:
632 557 689 608 et
721 551 935 629 injecta
963 553 1020 611 in
1057 571 1189 612 eum
1226 572 1426 634 manu,
1455 553 1685 614 obtorto
1719 554 1870 615 collo
1903 552 2098 612 trabe-

456 635 554 699 bat
580 638 995 712 dicens,Solve
1021 641 1176 722 quod
1201 641 1488 706 debes.Et
1516 643 1832 723 procidens
1854 657 2101 703 conser-

449 744 560 786 vus
593 728 724 807 ejus
757 729 830 790 ad
864 730 1046 810 pedes
1076 731 1203 808 ejus
1229 731 1479 809 rogabat
1520 751 1677 806 eum,
1709 732 1938 807 dicens,
1964 729 2101 789 Esto

455 816 687 892 patiens
707 836 844 896 erga
868 838 983 893 me,
1014 831 1070 880 et
1094 823 1293 880 omnia
1310 819 1554 881 reddam
1583 821 1790 881 tibi.At
1815 821 1911 879 ille
1937 819 2098 878 nole-

455 903 574 976 bat,
605 907 708 966 sed
742 908 977 987 abiit,et
1007 910 1263 989 conjecit
1296 928 1430 969 eum
1465 911 1521 969 in
1554 927 1875 971 canerem.
1909 908 2099 967 donec

453 994 737 1056 redderet
768 997 1056 1059 debitum.
1097 1025 1122 1053 κ
1159 998 1444 1077 Egressus
1475 999 1572 1058 ille
1594 1000 1692 1077 qui
1722 998 1950 1058 veniam
1987 995 2096 1056 ob-

458 1083 738 1163 tinuerat,
774 1089 1097 1165 strangulat
1123 1107 1190 1148 ac
1242 1087 1456 1166 premit
1485 1107 1858 1148 conservum.
1889 1086 2100 1148 Nullus

455 1174 614 1233 enim
650 1175 748 1253 qui
785 1174 843 1235 in
876 1175 996 1236 Deo
1026 1185 1244 1256 manet,
1282 1177 1706 1256 compassionis
1729 1193 1940 1256 expers
1967 1182 2093 1236 est:

455 1261 558 1322 sed
593 1263 693 1322 ille
725 1264 823 1343 qui
856 1283 888 1325 a
922 1265 1043 1326 Deo
1102 1266 1376 1326 discessit
1407 1276 1464 1326 et
1517 1267 1746 1326 alienus
1800 1274 1908 1327 est.
1969 1267 2096 1327 Ma-

456 1369 586 1427 gnae
617 1361 810 1412 autem
845 1362 970 1414 erat.
999 1355 1383 1416 crudelitatis.
1431 1356 1691 1418 Erantei
1723 1356 1926 1415 decem
1961 1353 2096 1414 mil-

457 1439 533 1499 lia
561 1441 914 1504 talentorum
947 1444 1222 1522 remissa,
1260 1454 1316 1504 et
1346 1445 1519 1524 longe
1555 1445 2095 1525 pauciora,centum

456 1531 684 1593 scilicet
706 1532 1006 1613 denarios,
1027 1534 1269 1593 omnino
1294 1553 1402 1594 nec.
1426 1536 1874 1604 remittere,ncc
1902 1551 2100 1611 proro-

454 1640 596 1696 gare
625 1629 855 1701 tempus
887 1624 1301 1684 dinumerandi
1334 1624 1830 1692 volebat,tametsi
1857 1640 2099 1683 conser-

455 1729 560 1770 vus
593 1711 799 1772 eadem
827 1713 1009 1773 verba
1032 1712 1419 1794 diceret,qua3
1442 1722 1497 1773 et
1529 1714 1627 1773 ille
1657 1713 1725 1772 ad
1764 1711 2095 1789 dominum,

455 1799 925 1861 misericordiam
945 1801 1171 1862 domini
1203 1803 1259 1862 in
1294 1802 1634 1862 memoriam
1669 1802 1752 1861 illi
1778 1801 2094 1861 reducens:

451 1888 596 1949 dixit
654 1891 809 1950 enim
843 1912 855 1950 :
890 1889 1026 1950 Esto
1073 1891 1300 1970 patiens
1344 1910 1488 1970 erga
1521 1909 1637 1964 me,
1677 1898 1732 1951 et
1764 1889 1963 1950 omnia
1995 1887 2098 1948 tibi

450 1978 720 2040 reddam.

531 2066 712 2130 Vnus.
743 2071 837 2130 3t.
898 2094 918 2125 ιι
974 2074 1150 2131 Porro
1184 2090 1314 2130 cum
1351 2070 1636 2130 vidissent
1666 2067 1937 2128 conservi
1968 2067 2097 2144 ejus

453 2175 582 2237 quae
608 2157 843 2238 ﬁebant,
880 2159 1262 2221 indoluerunt
1319 2162 1507 2218 valde:
1547 2167 1605 2218 et
1637 2164 2096 2234 veneruntape-

450 2256 814 2327 rueruntque
840 2247 1081 2309 domino
1113 2267 1218 2308 suo
1244 2252 1442 2308 omnia
1466 2266 1595 2326 quae
1617 2246 1763 2306 facta
1796 2246 2088 2305 fuerant.»

456 2334 746 2397 Videntur
786 2338 840 2398 hi
875 2339 1144 2398 conservi
1193 2357 1328 2398 esse
1355 2337 1569 2416 angeli,
1605 2353 1810 2396 osores
1844 2334 2004 2407 mali,
2039 2341 2097 2394 et

451 2434 716 2486 amantes
747 2427 906 2500 boni,
935 2447 1049 2488 non
1077 2429 1230 2508 quod
1266 2428 1560 2505 ignoranti
1590 2425 1840 2486 Domino
1862 2425 1986 2484 llEBC
2011 2423 2096 2483 di-

454 2515 720 2586 cant,sed
753 2525 813 2578 ut
837 2525 894 2577 tu
921 2516 1114 2579 discas
1144 2517 1298 2596 quod
1321 2517 1510 2594 angeli
1545 2513 1716 2575 nobis
1747 2514 1816 2572 ad
1853 2513 2091 2573 tutelam

455 2603 578 2662 dati
610 2603 744 2670 sint,
787 2615 843 2666 et
871 2608 1024 2686 quod
1061 2606 1402 2667 inhumanis
1434 2613 1490 2666 et
1521 2601 2094 2665 immisericordibus

456 2691 858 2768 indignentur.

534 2779 944 2846 VERS.42-34.
961 2783 1157 2845 «Tunc
1179 2783 1484 2845 accersivit
1508 2783 1671 2843 illum
1698 2780 1976 2840 dominus
1992 2799 2094 2840 su-

455 2878 609 2939 us,et
634 2871 715 2930 ait
737 2871 1032 2935 illi:Serve
1049 2873 1521 2953 sceleste,totum
1541 2871 1806 2931 debitum
1834 2869 1975 2930 illud
2005 2886 2096 2928 re.-

455 2958 586 3019 misi
619 2959 883 3033 tibi,cum
916 2961 1293 3023 obsecrasses
1328 2981 1420 3022 me
1455 2983 1467 3024 :
1500 2979 1698 3021 nonne
1747 2958 2010 3035 Oportuit
2035 2967 2097 3020 et

455 3056 510 3107 te
535 3050 805 3112 misereri
836 3052 1106 3113 conservi
1150 3053 1257 3132 tui,
1290 3051 1442 3113 sicut
1475 3059 1532 3111 et
1564 3067 1674 3128 ego
1708 3048 1790 3108 tui
1823 3047 2095 3107 misertus

453 3138 718 3202 eram?Et
762 3141 944 3202 iratus
995 3142 1270 3203 dominus
1303 3142 1432 3221 ejus
1466 3138 1706 3200 tradidit
1739 3156 1870 3198 eum
1901 3142 2094 3199 torto-

451 3227 1330 3312 ribus,quoadusqueredderet
1362 3240 1545 3290 totum
1571 3228 1728 3309 quod
1763 3225 2097 3288 debebatur

451 3317 588 3380 sibi.
626 3317 726 3378 »ln
748 3321 1038 3398 judicium
1075 3322 1248 3380 intrat
1281 3339 1412 3380 cum
1441 3336 1611 3380 servo
1644 3316 1922 3376 dominus
1955 3334 2096 3394 pro-

455 3417 584 3486 pter
617 3407 1474 3472 misericordiamzutostendat
1505 3407 1659 3487 quod
1690 3425 1806 3466 non
1831 3403 2092 3484 ipse,sed

457 3495 609 3556 servi
635 3497 950 3558 crudelitas
976 3507 1032 3558 et
1075 3498 1436 3576 ingratiludo
1469 3496 1848 3555 donationem
1881 3494 2089 3553 irritet.

453 3583 680 3656 Quibus
702 3594 896 3646 autem
923 3584 1692 3647 tortoribustradiditYForte
1712 3581 2096 3662 potestatibus

456 3674 868 3754 punitricibus,
903 3676 982 3737 ita
1008 3685 1068 3735 ut
1099 3685 1380 3756 perpetuo
1413 3673 1743 3752 puniretur.
1779 3671 2097 3750 Quousque

455 3762 666 3824 reddat
688 3765 842 3844 quod
863 3764 1207 3826 debebatur:
1233 3766 1344 3825 hoc
1368 3761 1845 3842 signiﬁcat,quod
1873 3759 2093 3820 tamdiu

457 3853 732 3931 puniatur
761 3853 950 3915 donec
984 3855 1312 3916 reddatz99
1336 3871 1634 3934 nunquam
1659 3859 1855 3911 autem
1885 3849 2097 3911 reddet.

455 3941 610 4019 quod
644 3941 919 4024 debebat,
955 3943 1227 4006 videlicet
1248 3962 1480 4024 poenam
1512 3960 1686 4021 quam
1739 3950 2037 4000 meruerat
2075 3957 2088 4000 :

453 4046 684 4110 semper
725 4050 862 4109 ergo
891 4031 1189 4112 punietur.

532 4120 820 4182 ViiltS.35.
847 4144 868 4174 α
907 4121 1004 4182 Sic
1037 4131 1090 4182 et
1120 4125 1286 4183 Pater
1309 4138 1476 4180 meus
1501 4119 1756 4180 ccelestis
1790 4118 1968 4178 faciet
1988 4135 2092 4177 vo-

451 4205 544 4267 bis
575 4207 622 4268 si
657 4228 770 4269 non
803 4210 1152 4272 remiseritis
1177 4211 1423 4291 quisque
1453 4208 1615 4269 fratri
1647 4228 1751 4268 suo
1784 4208 1856 4268 de
1890 4205 2090 4266 cordi-

451 4295 561 4356 bus
591 4299 801 4358 vestris
831 4299 1046 4359 delicta
1077 4300 1375 4360 illorum.»
1413 4296 1539 4357 Non
1573 4296 1735 4368 dixit,
1783 4299 1954 4358 Pater
1983 4312 2090 4355 ve-

450 4387 730 4466 ster,sed,
767 4386 936 4449 Pater
968 4407 1154 4450 meus:
1189 4386 1416 4465 indigni
1448 4386 1602 4446 enim
1639 4393 1777 4445 sunt
1814 4384 1957 4444 tales
1989 4385 2087 4463 qui

2187 4389 2348 4458 εἶπεν,
2411 4387 2437 4440 6
2492 4386 2673 4452 Πατὴρ
2732 4385 2903 4466 ὑμῶν,
2950 4385 3095 4463 ἀλλ’,
3132 4391 3159 4444 ὁ
3204 4389 3385 4466 Πατὴρ
3420 4410 3522 4462 μου
3559 4404 3574 4418 ⁶

453 4474 637 4536 Deum
668 4475 922 4538 habeant
954 4476 1293 4557 patrem.De
1325 4473 1604 4535 cordibus
1635 4482 1829 4535 autem
1859 4472 1979 4531 vult
2001 4490 2091 4532 re-

451 4563 750 4643 mitti,non
783 4565 857 4626 de
888 4585 990 4626 ore
1022 4565 1322 4628 duntaxat.
1348 4563 1551 4641 Cogita
1576 4562 1751 4640 igitur
1807 4569 2088 4641 quantum

449 4651 668 4713 malum
701 4663 776 4714 sit
806 4654 1077 4715 vindictae
1094 4649 1894 4734 cupiditaszquandoquidem
1918 4649 2088 4709 etiam

446 4740 831 4804 donationem
862 4741 966 4804 Dei
1019 4753 1255 4804 revocat
1286 4750 1342 4802 et
1374 4741 1564 4802 irritat
1598 4761 1610 4802 :
1649 4737 1884 4798 tametsi
1931 4737 2088 4797 enim

447 4828 600 4890 dona
624 4829 726 4891 Dei
747 4850 814 4892 ea
845 4833 1239 4912 sint,quorum
1263 4849 1377 4890 non
1412 4829 1691 4909 poeniteat
1715 4827 2087 4906 illum,revo-

449 4927 660 4980 cantur
692 4928 885 4982 tamen
912 4921 1019 4982 hac
1039 4922 1264 4983 ratione
1299 4929 1354 4980 et
1376 4918 1708 4980 irritantur.

1047 5012 1292 5078 CAPUT
1326 5010 1475 5074 XIX.

449 5105 533 5166 De
561 5111 1000 5187 quaerentibus,
1039 5128 1184 5171 num
1216 5111 1422 5171 liceret
1471 5106 1782 5187 dimittere.
1811 5121 2084 5166 uxorem.

760 5191 845 5252 De
870 5191 1060 5252 divite
1100 5191 1301 5252 Jesum
1335 5184 1783 5265 interpellante.

522 5366 704 5432 Vrsas.
744 5379 794 5446 l,
838 5371 896 5434 2.
938 5397 960 5427 ιι
997 5373 1066 5433 Ει
1098 5372 1314 5433 factum
1349 5378 1436 5432 est
1459 5387 1590 5429 cum
1624 5377 2093 5430 consummasset

443 5459 944 5534 Jesussermones
976 5457 1469 5538 hes,demigravit
1501 5477 1534 5516 a
1565 5455 1824 5529 Galilaaa,
1856 5465 1912 5515 et
1936 5458 2092 5518 venit

441 5545 503 5607 in
534 5546 909 5611 ﬁnesJudzece
945 5557 1105 5610 trans
1125 5547 1538 5619 Jordanem,et
1559 5553 1933 5606 secutaesunt
1957 5563 2090 5606 eum

446 5635 635 5698 turba;
667 5637 884 5720 multa,
919 5646 978 5701 et
1008 5638 1230 5700 curavit
1260 5654 1361 5697 eos
1392 5635 1532 5696 ibi.»
1570 5633 1790 5694 Iterum
1827 5646 2094 5698 versatur

2187 553 2284 608 Καὶ
2315 554 2588 630 κρατήσας
2635 555 2790 610 αὐτὸν
2821 553 3032 634 ἕπνιγε,
3064 556 3240 636 λέγων
3275 578 3286 590 ·
3321 555 3594 623 Ἀπόδος
3634 579 3738 630 μοι
3773 555 3830 609 εἴ
3858 576 3902 608 τι

2183 639 2411 718 ὀφείλεις
2446 658 2459 671 ’
2496 644 2674 698 πεσὼν
2707 643 2796 700 οὖν
2844 646 2870 700 ὁ
2918 644 3195 710 σύνδουλος
3243 649 3399 705 αὒτοῦ
3456 649 3549 709 εἰς
3619 646 3760 708 τοὺς
3810 644 3904 700 7:5-

2182 727 2271 792 δας
2330 731 2511 805 αὐτοῦ,
2570 731 2856 810 παρεκάλει
2908 735 3087 799 αὒτὸν,
3135 733 3308 812 λέγων
3343 751 3356 766 ⁸
3419 736 3901 814 Μακροθύμησον

2182 817 2266 873 ἐπ’
2312 819 2452 894 ἐμοὶ,
2513 824 2602 876 καὶ
2648 822 2818 877 πάντα
2864 844 2944 878 σοι
2979 821 3264 886 ἀποδώσω,
3317 817 3372 883 Ὀ
3401 824 3470 881 δὲ
3527 827 3643 882 οὐκ
3676 821 3894 890 ἤθελεν·

2183 906 2300 962 ἀλλ’
2362 909 2603 966 ἀπελθὼν
2675 907 2862 966 ἔϐαλεν
2921 915 3076 970 αὑτὸν
3135 915 3208 977 εἰς
3291 913 3594 993 φυλακὴν,
3663 911 3778 976 ἕως
3843 912 3900 967 οὗ

2181 995 2362 1072 ἁποδῴ
2415 1001 2476 1054 τὸ
2533 997 2907 1078 ὀφειλόμενον,
2949 1022 2971 1056 ι
3037 999 3293 1067 Ἐξελθὼν
3353 1006 3380 1059 6
3440 1003 3894 1084 συγχωρηθεὶς,

2181 1084 2318 1142 οὕτω
2362 1087 2537 1165 πνίγει
2581 1090 2671 1143 τὸν
2729 1086 3012 1147 σύνδουλον
3045 1107 3060 1122 ’
3120 1089 3283 1154 οὒδεὶς
3348 1094 3451 1172 γὰρ
3502 1097 3569 1149 ὲν
3627 1099 3717 1166 τῷ
3783 1099 3897 1164 Θεῴ

2180 1175 2378 1254 μένων,
2452 1178 2767 1252 ἀσυμπαθής
2803 1193 2816 1206 ⁹
2883 1177 3004 1233 ἀλλ’
3037 1182 3086 1251 ,6
3144 1179 3365 1246 ἐξελθὼν
3425 1182 3495 1239 ἐκ
3549 1192 3663 1240 τοῦ
3729 1189 3888 1254 Θεοῦ,

2183 1267 2269 1320 καὶ
2326 1265 2604 1345 ἀλλότριος
2660 1265 2860 1325 ἐκείνου
2915 1265 3012 1330 ὤν.
3061 1271 3307 1337 Τοσαύτη
3357 1269 3413 1327 δὲ
3458 1273 3499 1339 ἡ
3570 1270 3890 1351 ἀπανθρω-

2182 1353 2299 1426 πία,
2360 1354 2498 1410 ὥστε
2553 1356 2618 1410 τὰ
2689 1358 2854 1430 μείζω
2923 1358 3340 1436 συγχωρηθέντα
3421 1359 3728 1438 (τάλαντα
3791 1361 3890 1438 γὰρ

2182 1444 2368 1520 μύρια)
2426 1443 2511 1499 ἐπὶ
2566 1457 2686 1508 τοῖς
2739 1443 3014 1500 ἐλάττοσιν
3068 1448 3279 1522 (ἑκατὸν
3324 1449 3425 1526 γὰρ
3457 1447 3750 1528 δηνάρια)
3813 1452 3891 1524 μή

2182 1537 2627 1609 συγγνωμονῆσαι
2659 1533 2823 1604 ὅλως,
2857 1533 2993 1608 μηδὲ
3027 1533 3296 1604 ἀναϐολὴν
3346 1535 3565 1599 δοῦναι.
3612 1540 3883 1617 Καίτοιγέ

2181 1623 2207 1674 ὁ
2253 1619 2529 1684 σύνδουλος
2589 1623 2654 1676 τὰ
2713 1624 2844 1678 αὐτὰ
2898 1623 3110 1700 ῥήματα
3176 1625 3345 1706 λέγει²
3409 1627 3885 1704 ἀναμιμνήσκω-ι

2181 1709 2336 1763 αὑτὸν
2367 1707 2433 1763 δι’
2476 1712 2550 1764 ὧν
2598 1711 2751 1774 αὖτὸς
2797 1711 2967 1777 ἐσώθη
3003 1731 3018 1746 ·
3073 1716 3499 1792 Μακροθύμησον
3562 1717 3711 1795 γὰρ⁹
3766 1739 3883 1794 φη..

2125 1796 2157 1832 τί
2182 1799 2284 1876 σὶν⁷
2318 1797 2404 1853 ἐπ’
2436 1796 2577 1873 ἐμοὶ,
2611 1800 2698 1855 καὶ
2728 1797 2986 1855 ἀποδώσω
3018 1823 3120 1863 σοι,

2270 2090 2288 2120 ι
2345 2065 2564 2129 Ἰδόντες
2641 2065 2694 2122 δὲ
2770 2071 2817 2124 οἱ
2874 2065 3142 2124 σύνδουλοι
3213 2071 3371 2126 αὐτοῦ
3423 2072 3488 2127 τὰ
3543 2075 3870 2148 γενόμενα,

2182 2155 2521 2226 ἐλυπήθησαν
2595 2154 2816 2234 σφόδρα.
2894 2159 2989 2213 Καὶ
3059 2156 3300 2221 ἐλθόντες
3369 2156 3720 2239 διεσάφησαν
3789 2170 3868 2237 τῷ

2181 2245 2339 2323 κυρίῳ
2396 2247 2594 2300 ἑαυτῶν
2650 2246 2823 2300 πάντα
2878 2246 2942 2301 τὰ
3009 2245 3297 2322 γενόμενα,
3371 2265 3394 2303 ο
3479 2251 3540 2305 Οἱ
3614 2249 3865 2328 ἄγγελοι

2180 2357 2531 2409 μισοπονηροι
2590 2335 2824 2392 ἐντεῦθεν
2878 2335 2963 2390 καὶ
3007 2333 3285 2414 φιλάγαθοι
3337 2339 3612 2415 φαίνονται
3646 2359 3666 2376 ο
3701 2344 3859 2396 οὗτοι

2186 2425 2277 2501 γὰρ
2326 2427 2371 2480 οἱ
2424 2423 2744 2480 σύνδουλοι·
2808 2426 2910 2502 οὔχ
2969 2425 3040 2487 ὡς
3098 2424 3373 2502 ἀγνοοῦντι
3422 2424 3476 2480 δὲ
3519 2433 3598 2501 τῷ
3666 2433 3858 2507 Κυρίῳ

2177 2519 2340 2566 ταῦτα
2391 2511 2658 2587 λέγουσιν,
2707 2510 2829 2566 ἀλλ’
2870 2513 2962 2565 ἵνα
3025 2512 3084 2566 σὺ
3139 2513 3310 2587 μάθῃς
3343 2511 3422 2568 ὅτι
3455 2512 3679 2593 ἄγγελοί
3709 2519 3854 2572 εἰσιν

2179 2599 2356 2679 ἔφοροι
2415 2600 2593 2678 ἡμῶν,
2651 2602 2738 2655 καὶ
2797 2599 2878 2655 ὅτι
2931 2601 3285 2677 ἀγανακτοῦσι
3342 2605 3479 2658 κατὰ
3504 2611 3610 2659 τῶν
3648 2605 3848 2660 ἀπαν-

2174 2690 2418 2768 Θρώπων.

2263 2779 2450 2837 «Τότε
2511 2777 3010 2856 προσκαλεσάμενος
3099 2779 3254 2836 αὒτὸν
3312 2781 3339 2835 6
3399 2780 3571 2859 κύριος
3634 2784 3823 2858 αὐτοῦ,

2177 2867 2321 2945 λέγει
2371 2873 2514 2942 αύτῷ
2553 2887 2564 2898 ·
2605 2867 2765 2924 Δοῦλε
2819 2869 3044 2945 πονηρὲ,
3082 2875 3258 2924 πᾶσαν
3298 2870 3391 2936 τὴν
3428 2869 3638 2949 ὀφειλὴν
3665 2872 3819 2927 ἑκεί-

2177 2982 2275 3026 νην
2305 2958 2486 3038 ἀφῆκα
2543 2979 2647 3031 σοι,
2708 2957 2823 3013 ἐπεὶ
2872 2957 3241 3036 παρεκάλεσάς
3301 2981 3366 3035 με
3403 2977 3417 2994 ·
3466 2959 3558 3015 οῦκ
3583 2959 3812 3017 ’ἐδεικαὶ

2182 3049 2237 3104 σὲ
2297 3047 2512 3114 ἐλεῆσαι
2555 3048 2646 3102 τὸν
2691 3044 2967 3103 σύνδουλόν
2998 3069 3090 3102 σου
3133 3050 3207 3112 ὡς
3239 3049 3326 3104 καὶ
3356 3048 3464 3126 ἐγώ
3494 3071 3550 3105 σε
3574 3049 3773 3117 ἠλέησα
3799 3069 3819 3125 ‘,

2183 3139 2280 3196 Καὶ
2334 3138 2591 3214 ὀργισθεὶς
2677 3137 2712 3203 ἡ
2802 3137 2978 3214 κύριος
3057 3141 3235 3212 αὐτοῦ,
3296 3136 3601 3214 παρέδωκεν
3668 3141 3826 3196 αὐτὸν

2178 3240 2296 3289 τοῖς
2363 3227 2736 3303 βασανισταῖς,
2776 3224 2878 3289 ἕως
2924 3226 2982 3281 οὗ
3014 3225 3195 3300 ὂιπυδῷ
3244 3233 3348 3282 πᾶν
3393 3229 3452 3283 τὸ
3483 3228 3830 3308 ὀφειλόμενον

2178 3316 2344 3389 αὒτῴ,
2409 3315 2649 3394 Κρίνεται
2722 3312 2805 3371 διὰ
2850 3313 3244 3394 φιλανθρωπίαν
3288 3319 3316 3372 6
3374 3315 3642 3385 δεσπότης
3697 3320 3830 3398 πρὸς

2213 3406 2225 3422 \
2387 3406 2408 3416 ν
2562 3403 2585 3423 (Ι
2691 3400 2714 3420 “
2751 3402 2786 3426 Τ
2899 3401 2907 3418 ’
3041 3403 3054 3422 ’
3187 3405 3198 3426 ε
3248 3407 3261 3422 ‘
3387 3406 3398 3418 '
3479 3406 3494 3428 ν
3537 3408 3551 3426 (
3626 3408 3639 3424 θ
3717 3408 3727 3428 Ι

2177 3426 2268 3460 τον
2323 3402 2530 3483 δουλον²
2572 3425 2654 3460 ινα
2688 3421 2827 3478 οειςῃ
2881 3403 2961 3459 ὅτι
3007 3426 3100 3459 ουκ
3148 3427 3326 3484 αυτος,
3375 3405 3475 3462 αλλ
3529 3427 3562 3473 τ,
3608 3429 3830 3482 ωμοτης

2179 3501 2270 3550 τοῦ
2331 3491 2513 3549 δούλου
2568 3491 2846 3571 ἀνατρέπει
2889 3494 2985 3560 τὴν
3041 3491 3239 3571 δωρεὰν
3269 3496 3415 3562 καὶὴ
3447 3495 3826 3572 ἀγνωμοσύνη.

2180 3584 2291 3642 Τίσι
2323 3580 2377 3637 δὲ
2434 3584 2783 3659 βασανισταῖς
2835 3580 3156 3662 παραδίδωσι
3193 3600 3208 3657 ;
3244 3593 3651 3662 Τιμωρητικαϊς
3684 3587 3834 3666 τάχα

2185 3671 2205 3689 κ
2287 3673 2297 3688 ι
2541 3670 2565 3692 ιό
2764 3672 2777 3692 9
3129 3673 3140 3693 ρ
3443 3675 3454 3691 ι
3550 3674 3562 3690 \
3673 3666 3688 3686 ί

2179 3693 2483 3746 ουναμεσιν,
2531 3692 2669 3726 ωστε
2729 3672 2952 3733 αιωνίως
3011 3671 3344 3742 κολαζεσθαι,
3399 3683 3467 3730 ΤΟ
3506 3696 3631 3752 γαρ,
3716 3683 3830 3736 Εως

2181 3761 2238 3816 οὗ
2292 3758 2474 3817 ἀποδῶ
2531 3761 2589 3815 τὸ
2650 3758 3020 3840 ὀφειλόμενον,
3050 3769 3204 3819 τοῦτο
3249 3764 3525 3836 σημαίνει,
3554 3762 3636 3818 ὅτι
3673 3753 3830 3826 εἘως

2176 3851 2297 3906 τότε
2355 3847 2681 3923 κολαζέσθω,
2729 3848 2829 3912 ἕως
2887 3851 2947 3905 οὖ
2993 3849 3174 3925 ἀποδῷ
3210 3867 3221 3880 ⁶
3258 3849 3394 3907 ἀλλὰ
3437 3853 3544 3923 μὴν
3576 3849 3830 3910 οὒδέποτε

2179 3939 2441 3997 ἀποδώσει
2502 3941 2561 3993 τὸ
2617 3937 2967 4018 ὀφειλομενον
3018 3939 3136 4008 ἤτοι
3181 3941 3279 4008 τὴν
3333 3940 3686 4019 ὀφειλομένην
3740 3945 3831 3998 καὶ

2177 4030 2319 4096 ἀξίαν
2351 4029 2607 4106 τιμωρίαν
2642 4047 2657 4063 ⁶
2693 4029 2772 4084 ἀεὶ
2817 4027 2916 4107 ἄρα
2960 4029 3373 4100 κολασθήσεται.

2265 4139 2286 4172 α
2339 4115 2489 4174 Ούτω
2550 4119 2635 4172 καί
2694 4120 2736 4173 ὁ·
2767 4121 2950 4199 Πατήρ
3019 4143 3121 4194 μου
3175 4122 3202 4176 6
3259 4119 3564 4197 ἑπουράνιος
3609 4124 3831 4191 ποιήσει

2175 4209 2326 4282 ὑμῖν,
2377 4205 2465 4261 ἐὰν
2523 4206 2601 4282 μὴ
2651 4206 2817 4286 ἀφῆτε
2875 4207 3098 4271 ἕκαστος
3156 4216 3233 4283 τῷ
3278 4207 3486 4287 ἀδελφῷ
3516 4211 3674 4267 αὐτοῦ
3722 4211 3830 4267 ὰπὸ

2176 4299 2278 4351 τῶν
2330 4293 2555 4373 καρδιῶν
2613 4297 2758 4372 ὑμῶν
2816 4298 2881 4353 τὰ
2951 4301 3357 4376 παραπτώματα
3399 4298 3592 4357 αὐτῶν.
3631 4322 3660 4354 ι
3719 4302 3831 4357 Οὸκ

3625 4386 3826 4454 ἀνάξιοι

2172 4475 2272 4552 γάρ
2316 4474 2444 4528 εἰσιν
2502 4475 2549 4528 οἱ
2601 4481 2832 4531 τοιοῦτοι
2882 4476 3086 4556 πατέρα
3115 4476 3265 4557 ἔχειν
3297 4479 3386 4532 τὸν
3419 4477 3549 4534 Θεόν
3587 4494 3598 4506 ⁸
3638 4479 3743 4533 ἀπὸ
3773 4475 3827 4531 δὲ

2171 4565 2267 4628 τῆς
2312 4561 2523 4640 καρδίας
2572 4561 2814 4637 βούλεται
2872 4566 3104 4645 (Ξιφιέναι³
3155 4565 3277 4622 ἀλλ’
3333 4569 3426 4622 οῦκ
3454 4567 3560 4622 ἀπὸ
3593 4565 3826 4646 χειλέων

2175 4652 2358 4727 μόνον.
2426 4651 2635 4717 Νόησον
2695 4649 2749 4707 δὲ
2807 4655 2895 4708 καὶ
2951 4667 3118 4712 πόσον
3175 4656 3338 4712 κακὸν
3381 4657 3414 4724 ἡ
3467 4660 3820 4730 μνησικακία,

2174 4741 2300 4798 ὅταν
2341 4743 2438 4809 τὴν
2484 4739 2680 4820 δωρεὰν
2726 4751 2818 4800 τοῦ
2873 4749 3003 4799 Θεοῦ
3047 4743 3300 4823 ἀνέτρεψε
3341 4764 3350 4773 ”
3385 4745 3558 4801 καίτοι
3589 4765 3652 4822 γε
3682 4743 3818 4819 ἆμι-

2175 4830 2452 4907 ταμέλητα
2538 4831 2602 4885 τὰ
2685 4832 2995 4910 χαρίσματα
3078 4841 3169 4890 τοῦ
3240 4841 3392 4906 Θεοῦ,
3467 4832 3588 4889 ἀλλ’
3674 4831 3818 4908 ὅμως

2175 4921 2568 4991 ἀνετράπησαν,

2794 5033 3049 5084 rimati.
3095 5017 3201 5087 [θ’.

2597 5114 3052 5195 ἐπερωτώντων,’
3125 5120 3168 5174 εἰ
3279 5115 3476 5182 ἔξεστιν
3560 5114 3821 5172 ἀπολῦσαι

2177 5118 2298 5194 Περὶ
2381 5121 2487 5171 τῶν

2773 5199 2894 5274 Περὶ
2966 5205 3058 5256 τοῦ
3132 5197 3568 5274 ἐπερωτήσαντος
3649 5193 3822 5253 πλου-

2255 5197 2349 5264 τὴν
2435 5208 2686 5273 γυναῖκα.

2255 5276 2367 5334 σίου
2409 5277 2498 5332 τὸν
2529 5275 2760 5345 Ἰησοῦν,

2262 5390 2288 5421 σ
2339 5367 2435 5424 Καὶ
2495 5365 2703 5444 ἐγένετο
2762 5366 2848 5423 ὅτε
2893 5365 3130 5422 ἐτέλεσεν
3174 5369 3201 5422 6
3249 5364 3455 5432 Ἰησοῦς
3485 5366 3604 5430 τοὺς
3634 5363 3824 5442 λόγους

2176 5459 2409 5528 τούτους,
2471 5456 2699 5535 μετῆρεν
2742 5457 2848 5513 ἀπὸ
2891 5457 2989 5525 τῆς
3045 5453 3354 5533 Γαλιλαίας,
3414 5455 3501 5510 καὶ
3555 5452 3714 5522 ἦλθεν
3749 5455 3822 5516 εἰς

2175 5548 2240 5604 τὰ
2296 5545 2411 5624 ὅρια
2468 5550 2566 5610 τῆς
2641 5543 2892 5610 ἰουδαίας
2965 5545 3129 5624 πέραν
3203 5553 3296 5602 τοῦ
3365 5542 3625 5622 Ἰορδάνου
3663 5559 3675 5576 ’
3735 5542 3825 5598 καὶ

2177 5634 2542 5704 ἠκολούθησαν
2601 5640 2742 5708 αὐτῷ
2812 5634 2968 5714 ὄχλοι
3042 5631 3248 5713 πολλοὶ,
3312 5633 3398 5688 καὶ
3485 5631 3824 5710 ἑθεράπευσεν
