4122 6270
238 329 361 398 349

936 338 1397 421 ΕΝΑΒΗΑΤΙΟ
1425 339 1508 401 IN
1554 336 1891 401 EVANGEI

1978 332 2059 395 ΕΜ
2105 337 2500 399 ΜΑΤΤΗιΕΙ.
2551 372 2626 383 —
2669 341 2831 401 CAP.
2879 341 3040 401 XIX.

3508 336 3661 411 350

239 474 429 535 αὖτοὺς
491 474 629 532 ἐκεῖ.
673 497 695 531 ι
762 474 927 532 Πάλιν
984 482 1052 552 τῇ
1107 475 1329 548 Ἰουδαίᾳ
1377 476 1653 551 ἐπιδημεῖ,
1687 478 1779 533 ἵνα
1809 467 1885 542 μὴ

1978 464 2032 525 in
2064 465 2287 542 Judaea,
2316 476 2377 528 ut
2409 470 2553 530 nihil
2588 478 2914 550 praetexere
2945 470 3174 550 possint
3195 470 3297 552 qui
3330 488 3450 531 non
3482 487 3621 531 cre-

240 562 412 643 ἔχωσι
470 566 875 644 προφασίζεσθαι
957 567 1005 621 οἱ
1087 566 1428 629 ἀπιστοῦντες
1508 573 1613 621 τῶν
1688 566 1741 621 ὲν
1824 568 1891 639 τῇ

241 650 523 735 Ἰουδαίᾳ,Δ
568 651 648 709 ὅτι
688 654 780 735 -οῦ
820 653 1223 735 ,συνεχέστερον
1265 656 1433 735 ,ἡμῖν
1504 652 1887 735 ἐπεχωρίαζεν,

240 730 383 788 ἀλλά
433 733 553 797 τοῖς
612 731 907 799 Γαλιλαίοις
947 730 1172 790 ’Ππαλιν
1234 733 1320 790 οῦν
1351 734 1485 806 μετά
1515 730 1891 800 τὴνηδιδασκασ-

240 820 361 877 λίαν
414 824 501 878 καὶ
556 824 619 878 τὸ
660 822 1060 891 συντελεσθῆναι
1116 826 1237 889 τοὺς
1295 822 1508 899 λόγους,
1554 823 1893 880 ἀκολουθοῦσι

248 912 316 966 τὰ
364 911 625 985 θαύματα,
685 921 780 967 Δεῖ
849 914 948 990 γαρ
990 913 1133 988 ἡμᾶς
1179 914 1265 968 καὶ
1308 910 1588 987 διδάσκειν,
1632 912 1768 969 ἀλλά
1808 909 1896 968 καὶ

246 1001 494 1077 πράττειν
532 1021 546 1033 ·
605 998 724 1056 ἀλλ’
805 1005 851 1057 οἱ
908 1002 1122 1068 ἀνόητοι
1192 1010 1477 1080 Φαρισαῖοι
1538 1003 1601 1057 τὰ
1658 1003 1894 1075 θαύματα

242 1087 464 1162 ἰδόντες,
527 1087 640 1145 δέον
722 1097 1018 1169 πιστεῦσαι,
1100 1093 1146 1146 oi.
1189 1088 1243 1145 δὲ
1300 1088 1629 1167 πειράζουσιν
1666 1111 1678 1125 ο
1739 1087 1893 1145 ἄκουε

243 1199 369 1255 γαρ.

339 1288 360 1323 c
399 1269 495 1325 Καὶ
554 1266 853 1345 προσῆλθον
909 1271 1048 1342 αὐτῷ
1119 1271 1165 1325 οἱ
1230 1276 1517 1346 Φαρισαῖοι
1561 1268 1891 1346 πειράζοντες

251 1358 433 1431 αὑτὸν,
492 1358 577 1412 καὶ
634 1355 877 1434 λέγοντες
911 1375 926 1391 ⁶
992 1358 1048 1413 Εἰ
1092 1355 1284 1423 ἔξεστιν
1328 1358 1586 1436 ἀνθρώπῳ
1636 1356 1893 1413 ἀπολῦσαι

247 1448 350 1513 τὴν
406 1460 633 1522 γυναῖκα
693 1450 847 1504 αὐτοῦ
902 1448 1037 1503 κατά
1081 1448 1252 1503 πᾶσαν
1284 1448 1493 1525 αἰτίανς
1549 1438 1605 1504 Ὀ
1657 1443 1708 1500 δὲ
1756 1446 1893 1500 ἀπο-

247 1538 442 1610 κριθεὶς
487 1536 641 1592 εἶπεν
701 1540 880 1600 αὐτοῖς
913 1556 928 1573 ⁸
982 1540 1089 1593 Οὔκ
1145 1537 1404 1614 ἀνέγνωτε
1447 1535 1525 1591 ὅτι
1580 1539 1607 1592 6
1666 1536 1893 1604 ποιήσας

252 1624 349 1680 ἀπ’
402 1626 603 1704 ἀρχῆς,
654 1624 808 1703 ἄρσεν
878 1628 965 1681 καὶ
1016 1626 1147 1691 θῆλυ
1226 1626 1473 1692 ἐποίησεν
1528 1627 1765 1699 αὐτούς,
1810 1626 1895 1678 καὶ

249 1714 409 1769 εἶπεν
443 1730 455 1743 ’
520 1713 753 1771 ’Ἕνεκεν
839 1716 1023 1771 τούτου
1105 1714 1411 1790 καταλείψει
1468 1714 1735 1793 ἅνθρωπος
1806 1716 1895 1770 τὸν

248 1802 450 1880 πατέρα
505 1806 659 1859 αὐτοῦ
716 1807 802 1859 καὶ
873 1805 969 1871 τὴν
1043 1803 1268 1883 μητέρα,
1333 1807 1420 1861 καὶ
1483 1802 1894 1874 προσκολληθή-

254 1913 402 1948 σεται
446 1898 513 1968 τῇ
543 1894 747 1969 γυναικὶ
791 1895 967 1972 αὐτοῦ,
1014 1895 1099 1949 καὶ
1142 1894 1347 1950 ἔσονται
1393 1896 1437 1950 οἱ
1486 1892 1572 1951 δύο
1623 1896 1693 1955 εἰς
1729 1894 1894 1971 σάρκα

250 1982 401 2055 μίαν.
464 1971 645 2036 "uer:
692 1985 785 2039 οὐκ
841 1980 918 2037 ἔτι
968 1984 1064 2038 εἶσὶ
1106 1980 1215 2056 δύο,
1274 1982 1409 2038 ἀλλά
1471 1981 1593 2061 σὰρξ
1637 1983 1751 2057 μία.
1818 1965 1892 2038 ιὈ

249 2072 343 2129 οὖν
385 2075 412 2128 ὁ
470 2072 598 2134 Θεὸς
664 2068 980 2144 συνέζευξεν,
1062 2069 1331 2149 ἅνθρωπος
1390 2072 1467 2147 μή
1527 2072 1822 2151 χωριζέτω,
1865 2094 1887 2127 ι

252 2152 336 2215 ":2
394 2161 488 2227 τῆς
534 2159 755 2224 ἀνοίαςι
814 2161 979 2233 ᾣοντο
1034 2160 1395 2235 ἐπιστομίσειν
1436 2160 1518 2217 διὰ
1561 2168 1665 2215 τῶν
1697 2161 1892 2238 ἐρωτη-

248 2250 434 2325 μάτων
476 2251 563 2305 τὸν
610 2249 831 2326 Χριστόν
867 2270 881 2285 ο
939 2249 1025 2304 ἐὰν
1084 2250 1182 2329 γὰρ
1244 2251 1376 2328 εἴπῃ
1426 2250 1505 2305 ὅτι
1538 2248 1702 2314 ἔξεστι
1758 2250 1891 2305 κατά

249 2344 424 2394 πᾶσαν
466 2338 633 2393 αἰτίαν
704 2337 953 2393 ἀπολύειν
1021 2340 1115 2405 τὴν
1174 2352 1422 2415 γυναῖκα,
1486 2338 1651 2403 ἕξουσι
1718 2336 1891 2415 λέγειν

250 2432 393 2486 αὐτῶ
430 2444 443 2457 ⁸
500 2432 621 2491 Ilii»;
668 2427 754 2483 οῦν
799 2429 985 2497 εἶπας,
1039 2427 1118 2483 ὅτι
1164 2430 1253 2495 Μὴ
1298 2427 1572 2485 ἀπολυέτω
1617 2449 1694 2489 τις
1741 2427 1891 2500 εἰμὴ

250 2520 349 2582 τὴν
402 2514 690 2595 μοιχαλίδα
750 2517 909 2591 μόνον
945 2538 957 2551 ·
1020 2519 1063 2573 εἰ
1120 2515 1174 2572 δὲ
1237 2517 1367 2593 εἴπῃ
1428 2517 1506 2573 ὅτι
1568 2518 1653 2573 οὖν
1698 2515 1892 2582 ἔξεστιν

250 2604 500 2661 ἀπολύειν
551 2606 649 2672 τὴν
704 2619 952 2683 γυναῖκα,
1015 2603 1345 2662 διαϐαλοῦσιν
1418 2606 1572 2661 αῦτὸν
1629 2608 1701 2668 ὡς
1742 2606 1891 2660 ἀντι-

251 2699 628 2768 νομοθετοῦντα
712 2701 788 2768 τῷ
874 2701 1081 2756 Μωσεῖ,
1171 2695 1406 2759 Ἐκεῖνος
1464 2696 1562 2773 γὰρ
1623 2692 1894 2750 ἐκέλευσεν

251 2781 526 2840 ἐκϐάλλειν
584 2784 683 2850 τὴν
735 2788 1075 2858 μισηθεῖσαν,
1120 2784 1207 2839 καί
1250 2785 1413 2862 χωρὶς
1460 2782 1675 2861 εὐλόγου
1706 2783 1888 2846 αἰτίας.

254 2875 315 2932 Τί
354 2877 443 2929 οῦν
480 2876 507 2929 6
550 2873 771 2951 Χριστός
812 2892 828 2947 ;
864 2875 1134 2929 Δείκνυσιν
1182 2872 1261 2928 ὅτι
1307 2880 1396 2929 τοῦ
1426 2871 1724 2934 πλάσαντος
1752 2873 1891 2946 ἡμᾶς

251 2962 302 3029 ἐξ
357 2963 534 3043 ἀρχῆς
594 2962 748 3041 ἔργον
816 2963 923 3019 ἐστὶ
998 2964 1084 3018 καὶ
1144 2962 1419 3037 νομοθεσία
1476 2964 1510 3030 ἡ
1569 2962 1887 3039 μονογαμία,

1976 554 2193 616 debant
2214 558 2271 618 in
2306 559 2527 634 Iudaea,
2553 560 2710 640 quod
2738 579 2854 621 non
2886 560 3254 641 frequentius
3279 559 3432 638 apud
3464 559 3626 640 ipsos

1974 653 2336 722 versaretur,
2373 648 2473 710 sed
2506 650 2663 730 apud
2690 650 2982 713 Galilaeos.
3021 652 3239 712 lterum
3286 649 3465 727 igitur
3498 657 3627 726 post

1977 735 2334 816 doctrinam,
2369 746 2425 798 et
2472 742 2895 801 consummatis
2938 739 3315 803 sermonibus
3368 756 3625 819 sequun-

1980 836 2074 887 tur
2119 825 2423 889 miracula.
2484 828 2729 906 Oportet
2785 829 2944 888 enim
3008 847 3114 888 nos
3176 838 3231 889 et
3293 827 3507 888 docere
3565 834 3622 887 et

1980 916 2212 995 operari
2269 936 2281 976 :
2339 925 2395 977 at
2457 917 2804 996 insipientes
2859 918 2950 978 illi
3005 917 3283 978 Pharisaei
3343 935 3475 976 cum
3531 917 3621 976 vi-

1977 1006 2055 1065 sis
2106 1005 2407 1067 miraculis
2454 1011 2762 1086 oportebat
2814 1006 3084 1080 credere,
3160 1013 3407 1069 tentant.
3468 1004 3620 1067 Audi

1979 1112 2163 1155 enim.

2057 1271 2237 1335 Vens.
2272 1273 2408 1335 3-6.
2450 1294 2475 1331 ‹
2511 1273 2579 1335 Ει
2637 1280 3015 1335 accesserunt
3056 1273 3127 1335 ad
3180 1291 3312 1334 eum
3344 1271 3625 1333 Pharismi

1980 1370 2271 1423 tentantes
2302 1362 2556 1436 illum,et
2579 1362 2865 1425 dicentes:
2903 1365 3142 1426 Licetne
3173 1362 3401 1424 homini
3432 1361 3621 1421 (livor-

1977 1452 2120 1512 tium
2154 1452 2351 1513 facere
2384 1472 2514 1513 cum
2549 1471 2731 1513 uxore
2762 1473 2865 1513 sua
2892 1453 3153 1532 qualibet
3185 1471 3252 1512 ex
3278 1449 3483 1512 causa?
3514 1449 3619 1521 Qui

1977 1543 2349 1621 respondens
2379 1544 2457 1603 ait
2489 1543 2695 1615 eis,An
2736 1562 2850 1603 non
2887 1543 3107 1620 legistis
3135 1540 3290 1622 quod
3324 1540 3374 1601 is
3395 1541 3491 1619 qui
3526 1542 3580 1601 fe
3602 1575 3615 1584 -

1981 1632 2059 1691 cit
2088 1631 2158 1691 ab
2192 1633 2715 1711 initio,masculum
2751 1640 2807 1691 et
2838 1632 3113 1691 feminam
3150 1630 3287 1691 fecit
3316 1630 3618 1690 eos?etdi-

1918 1752 1954 1799 Β
1980 1720 2411 1800 xit,Propterea
2439 1720 2676 1781 deseret
2723 1721 2897 1781 homo
2938 1726 3163 1800 patrem
3200 1737 3369 1779 suum
3408 1726 3464 1777 et
3487 1736 3614 1777 ma-

1978 1821 2126 1870 trem
2145 1808 3262 1887 etadglntinabituruxorisuaa,eterunt
3282 1806 3397 1867 duo
3413 1806 3470 1865 in
3494 1824 3617 1865 car-

1978 1918 2053 1960 ne
2084 1919 2219 1961 una,
2256 1897 2592 1976 ltaquejam
2628 1917 2744 1957 non
2777 1906 2915 1959 sunt
2947 1899 3088 1977 duo,
3125 1895 3226 1957 sed
3281 1914 3394 1955 una
3453 1913 3613 1955 caro.

1976 1990 2142 2060 Quod
2178 2008 2315 2067 ergo
2342 1988 2499 2049 Deus
2530 1988 3036 2065 copulavit.homo
3070 2005 3185 2046 non
3217 1993 3470 2064 separet.
3514 2009 3538 2037 ιο
3571 1982 3617 2047 Ο

1976 2078 2398 2158 insipientiam!
2432 2077 2825 2156 opinabantur
2856 2075 3277 2156 quaestionibus
3295 2074 3417 2135 suis
3440 2072 3613 2145 Chri-

1976 2176 2127 2228 stum
2152 2187 2216 2229 se
2242 2168 2841 2229 confutaturosznam
2878 2166 2926 2227 si
2969 2166 3212 2227 dixisset
3257 2165 3438 2224 licere
3479 2182 3617 2242 qua-

1977 2276 2208 2337 cunque
2240 2257 2313 2317 de
2344 2275 2520 2317 causa
2550 2255 2845 2317 dimittere
2879 2274 3143 2325 uxorem,
3178 2254 3508 2331 potuissent
3532 2253 3615 2312 illi

1975 2346 2176 2407 dicere
2212 2367 2226 2406 :
2256 2345 2561 2418 Quomodo
2588 2345 2760 2423 igitur
2794 2345 3024 2415 dixisti,
3055 2342 3140 2404 Ne
3178 2343 3302 2424 quis
3335 2342 3613 2415 dimittat,

1977 2437 2091 2498 nisi
2115 2436 2442 2498 adulteram
2474 2434 2688 2496 solam?
2710 2434 2770 2496 Si
2801 2445 2999 2495 autem
3031 2434 3273 2495 dixisset
3295 2451 3413 2493 non
3439 2430 3619 2492 licere

1978 2525 2275 2587 dimittere
2298 2544 2565 2604 uxorem,
2601 2525 2937 2601 arguissent
2966 2542 3097 2584 eum
3125 2530 3183 2583 ut
3214 2520 3616 2583 adversarium

1980 2613 2617 2693 Mosi.llleenimjussit
2648 2623 2707 2674 ut
2738 2612 3284 2675 dimittereturodio
3315 2610 3617 2689 habitam,

1980 2712 2038 2764 et
2066 2703 2290 2784 absque
2323 2704 2503 2763 ardua
2537 2713 2592 2763 et
2617 2701 2956 2763 rationabili
3004 2720 3199 2761 causa.
3254 2699 3403 2771 Quid
3448 2699 3623 2777 igitur

1979 2792 2247 2854 Chritus?
2292 2792 2566 2854 Ostendit
2623 2810 2775 2870 opus
2807 2801 2864 2852 et
2897 2791 3324 2869 legislaiionem
3357 2790 3488 2868 ejus
3520 2790 3617 2868 qui

1980 2901 2089 2943 nos
2121 2902 2154 2943 a
2186 2882 2479 2961 principio
2532 2881 2829 2953 formavit,
2883 2899 3015 2940 esse
3049 2879 3504 2957 monogamiam.
3534 2876 3619 2941 Ab

1977 2972 2149 3033 initio
2200 2969 2357 3031 enim
2413 2990 2593 3030 unum
2658 2968 2962 3047 conjunxit
3019 2968 3124 3031 Dei
3158 2968 3257 3027 uni
3292 2985 3305 3029 :
3341 2978 3514 3046 atque
3546 2966 3622 3027 ita

256 3052 342 3118 Ἐξ
400 3054 577 3132 ἀρχῆς
622 3054 742 3130 γὰρ,
790 3055 969 3132 φησὶν,
1012 3052 1101 3107 ἕνα
1146 3051 1437 3122 συνέζευξεν
1485 3054 1511 3107 ὁ
1571 3053 1698 3112 Θεὸς
1750 3052 1841 3125 μίᾶ
1875 3066 1887 3078 '

1980 3079 2097 3121 non
2126 3067 2356 3139 oportet
2390 3079 2570 3119 unum
2602 3058 2789 3118 virum
2824 3056 3104 3137 conjungi
3129 3056 3327 3116 multis
3351 3054 3619 3115 mulierio

261 3144 392 3199 ὥστε
448 3144 505 3200 οὔ
561 3142 645 3198 δεῖ
700 3143 789 3197 ἕνα
844 3140 1001 3220 ἄνδρα
1076 3141 1303 3204 πολλαῖς
1364 3143 1732 3214 συνάπτεσθαι,
1780 3138 1891 3197 οῦδὲ

1984 3149 2116 3225 bus,
2156 3138 2346 3227 neque
2374 3147 2684 3208 mulierem
2719 3166 2894 3207 unam
2920 3147 3064 3208 viris
3098 3144 3294 3205 multis
3323 3165 3335 3206 :
3391 3145 3490 3205 sed
3526 3163 3627 3205 eos

256 3234 378 3308 μίαν
424 3231 649 3295 πολλοῖς
684 3251 697 3265 ·
734 3229 852 3287 ἀλλ⁸
884 3235 956 3296 ὡς
987 3232 1037 3296 εξ
1082 3233 1255 3311 ἀρχῆς
1287 3233 1661 3310 συνεζύγησαν,
1693 3230 1891 3305 μένειν,

1984 3239 2136 3301 sicut
2176 3238 2248 3300 ab
2290 3237 2455 3297 initio
2489 3237 2793 3313 conjuncti
2833 3236 3092 3310 fuerunt,
3132 3252 3396 3305 manere,
3435 3252 3625 3312 neque

256 3322 337 3396 μὴ
393 3321 721 3384 διασπῶντας
782 3323 877 3388 τὴν
937 3321 1236 3386 συνοίκησιν
1281 3321 1512 3399 ἀλόγως·
1547 3324 1639 3377 οὒκ
1670 3324 1789 3377 εἷπε
1814 3318 1891 3393 δὲ,

1984 3328 2207 3408 absque
2230 3344 2407 3387 causa
2441 3326 2931 3387 cobabilationem
2958 3325 3273 3385 divellere.
3308 3321 3433 3383 Non
3486 3321 3627 3383 dicit

256 3414 336 3467 ὃτι
392 3413 534 3489 Ἐγὼ
577 3412 801 3477 ἐποίησα
832 3410 987 3489 ἄρσεν
1018 3413 1103 3467 καὶ
1145 3410 1296 3481 θῆλυ,
1330 3411 1423 3467 ’ίνα
1467 3412 1543 3485 μὴ
1589 3410 1766 3485 πλήξῃ
1797 3411 1891 3465 αἰ-

1984 3429 2205 3493 autem,
2242 3416 2367 3497 Ego
2419 3416 2532 3476 feci
2583 3415 2910 3476 masculum
2947 3426 3003 3475 et
3035 3412 3339 3483 feminam,
3386 3410 3519 3469 I00
3550 3428 3624 3472 nc

254 3502 406 3575 τοὺς,
465 3499 582 3556 ἀλλ’
654 3501 934 3575 ἀορίστως,
995 3502 1023 3555 6
1077 3502 1331 3569 ποιήσας.
1377 3500 1556 3562 Οὕτως
1601 3502 1708 3572 οὖν,
1743 3501 1891 3578 φησὶ,

1984 3508 2113 3587 plus
2164 3525 2265 3569 eos
2312 3513 2655 3584 exasperet;
2689 3503 2818 3578 sed,
2851 3502 2908 3564 Is
2940 3502 3039 3583 qui
3088 3502 3249 3580 fecit,
3284 3500 3617 3561 indeﬁnite.

255 3589 703 3668 περισπούδαστόν
748 3594 857 3645 ἔστι
901 3595 979 3662 τῷ
1036 3595 1150 3663 Θεῷ
1199 3592 1260 3645 τὸ
1316 3595 1413 3656 τῆς
1472 3590 1711 3666 συζυγίας
1769 3589 1891 3665 ἀγα.

1982 3596 2175 3674 Atque
2206 3595 2288 3656 ita
2320 3593 2463 3654 dicit
2495 3594 2747 3654 maxime
2786 3611 2942 3653 cura:
2994 3592 3173 3652 fuisse
3218 3590 3338 3652 Deo
3366 3589 3622 3668 conjugii

252 3682 369 3758 θὸν,
430 3678 563 3736 ὥστε
622 3680 708 3734 καὶ
747 3680 865 3740 τοὺς
915 3691 1091 3755 γονεῖς
1138 3682 1507 3758 συνεχώρησεν
1551 3677 1775 3757 ἀφιέναι,
1813 3676 1891 3733 καῖ

1985 3686 2227 3760 bonum,
2266 3690 2329 3746 ut
2379 3682 2721 3762 permiserit
2777 3682 2953 3744 etiam
2989 3690 3263 3761 parentes
3294 3678 3535 3750 dimitti,
3565 3690 3623 3738 et

249 3767 543 3826 κολλᾶσθαι
586 3780 701 3832 τοῖς
758 3765 1025 3845 ἀνδράσιν,
1092 3769 1208 3831 [Ιῶς
1249 3766 1303 3823 δὲ
1347 3768 1399 3822 ὲν
1447 3767 1542 3843 μὲν
1592 3773 1659 3843 τῇ
1692 3766 1891 3822 Γενέσει

1980 3774 2121 3834 viris
2149 3773 2475 3834 adhaerere.
2512 3770 2814 3843 Quomodo
2858 3778 3052 3830 autem
3086 3770 3142 3829 in
3179 3768 3392 3832 Genesi
3428 3765 3620 3845 scrip-

254 3857 547 3936 γέγραπται
579 3856 659 3912 ὅτι
692 3858 720 3911 ὸ
770 3856 938 3931 Ἀδὰμ
991 3857 1113 3913 εἶπε
1170 3859 1251 3931 τὸ,
1302 3855 1442 3913 Ἀντὶ
1489 3858 1673 3913 τούτου
1728 3878 1891 3912 κατα-

1984 3871 2103 3923 tum
2138 3869 2227 3922 est
2262 3879 2274 3923 :
2310 3860 2497 3919 Adam
2525 3860 2691 3933 dixit,
2730 3862 3047 3939 Propterea
3067 3858 3302 3918 deseret
3329 3857 3620 3932 homopa-

252 3945 428 4020 λείψει
484 3944 752 4021 ἄνθρωπος
801 3946 891 4001 τὸν
964 3943 1163 4017 πατέρα
1210 3945 1366 4001 αῦτοῦ
1414 3947 1498 4001 καὶ
1540 3946 1637 4011 τὴν
1668 3944 1891 4022 μητέρα,

1984 3943 2131 4011 trem
2165 3968 2335 4010 suum
2390 3956 2450 4009 et
2480 3957 2729 4009 matrem
2772 3948 2853 4024 3‘;
2888 3948 2984 4009 hic
3015 3956 3209 4009 autem
3245 3946 3389 4007 dicit
3418 3942 3622 4006 Chris-

252 4037 477 4092 ἐνταῦθα
511 4031 565 4088 δέ
594 4055 754 4111 φησιν
784 4036 811 4090 ὁ
845 4035 1067 4113 Χριστὸς
1097 4032 1176 4089 ὅτι
1208 4036 1236 4090 6
1268 4035 1396 4098 Θεὸς
1429 4035 1581 4091 εἶπεν
1616 4050 1628 4063 °
1670 4025 1701 4059 ’¹
1715 4042 1891 4091 Ενεκει

1986 4048 2076 4100 tus
2103 4061 2115 4101 :
2150 4042 2310 4102 Deus
2335 4036 2502 4108 dixit,
2534 4041 2855 4117 Propterea
2885 4038 3143 4109 deseret,
3175 4054 3242 4095 ac
3265 4031 3504 4095 caetera?
3531 4031 3623 4092 Di-

248 4125 446 4181 τούτου
493 4120 828 4202 καταλείψει,
876 4124 963 4179 καὶ
1006 4124 1070 4178 τά
1102 4121 1221 4189 ἑξῆς
1254 4143 1268 4202 ;
1302 4124 1538 4201 Λέγομεν
1582 4124 1670 4179 οὖν
1702 4122 1782 4179 ὅτι
1815 4123 1891 4177 καῖ

1984 4128 2172 4189 cimus
2204 4127 2380 4205 igitur
2410 4125 2566 4205 quod
2606 4135 2663 4186 et
2706 4126 2761 4186 id
2795 4127 2947 4206 quod
2983 4127 3166 4187 Adam
3194 4124 3369 4201 dixit,
3403 4140 3469 4182 ex
3506 4121 3623 4181 Deo

251 4216 283 4268 ὃ
336 4215 491 4268 εἶπεν
548 4213 574 4266 6
633 4208 824 4286 Ἀδὰμ,
873 4211 934 4267 ἐκ
979 4220 1109 4268 Θεοῦ
1160 4213 1312 4267 εἶπεν
1347 4230 1362 4246 ⁸
1394 4212 1529 4268 ὥστε
1560 4216 1586 4268 ὁ
1618 4222 1707 4271 τοῦ
1733 4209 1891 4285 Ἀδὰμ

1985 4217 2150 4290 dixit,
2177 4224 2352 4294 atque
2384 4214 2461 4274 ita
2490 4232 2687 4275 sermo
2722 4217 2862 4275 Adae
2897 4217 3001 4279 Dei
3026 4213 3330 4291 est.Igitur
3358 4209 3494 4290 quia
3514 4228 3626 4268 una

250 4301 415 4377 λόγος
475 4307 568 4355 τοῦ
626 4307 757 4357 Θεοῦ
817 4301 978 4362 ἐστιν,
1042 4300 1192 4357 Ἐπεὶ
1252 4302 1418 4356 τοίνυν
1476 4302 1567 4371 μία
1626 4299 1748 4380 cr:sz
1782 4299 1891 4377 ἐγέ-

1986 4323 2121 4365 caro
2151 4304 2285 4365 facti
2316 4311 2473 4376 sunt,
2512 4313 2569 4362 et
2622 4313 2862 4383 propter
2919 4304 3135 4365 coitum
3190 4310 3246 4362 et
3295 4298 3621 4359 naturalem

250 4411 429 4467 νοντο,
490 4390 576 4445 καὶ
640 4387 723 4444 διὰ
780 4391 877 4455 τὴν
923 4388 1055 4463 μίξιν
1114 4391 1197 4444 καὶ
1256 4391 1351 4456 τὴν
1398 4391 1621 4468 φυσικὴν
1676 4389 1891 4467 στοργὴη

1987 4410 2247 4454 amorem
2273 4392 2639 4453 cohzerentes
2668 4410 2680 4453 :
2714 4392 2864 4453 sicut
2890 4392 3137 4473 impium
3172 4399 3259 4451 est
3288 4405 3454 4448 suam
3490 4404 3621 4445 car-

253 4476 613 4552 κολλώμενοι,
646 4477 827 4554 ὥσπερ
858 4477 1039 4554 ἐναγὲς
1096 4482 1205 4533 εστι
1265 4480 1325 4534 τὸ
1368 4481 1462 4545 τὴν
1514 4480 1706 4535 οἰκείαν
1765 4480 1891 4554 σαρ-

1988 4500 2122 4542 nem
2167 4480 2454 4554 dividere,
2483 4480 2561 4540 ita
2591 4490 2649 4542 et
2677 4483 2956 4563 conjuges
2987 4481 3290 4542 divellere.
3322 4479 3449 4537 Non
3481 4475 3626 4535 dixit

255 4589 326 4622 κα
378 4566 612 4641 τέμνειν,
659 4566 795 4622 οὕτω
839 4569 924 4622 καὶ
969 4569 1027 4622 τὸ
1071 4565 1293 4638 διασπᾷν
1337 4570 1456 4632 τοὺς
1503 4568 1771 4645 συζύγους⁸
1808 4570 1891 4623 οῦκ

1983 4578 2205 4646 autem,
2240 4567 2324 4629 Ne
2354 4578 2589 4649 separet
2619 4574 2837 4645 Moses,
2871 4589 2945 4631 ne
2999 4568 3263 4630 turbaret
3293 4567 3448 4640 illos,
3493 4564 3619 4632 scil,

258 4658 381 4710 εἷπε
438 4653 515 4733 δὲ,
565 4656 652 4723 Μὴ
697 4656 972 4735 χωριζέτω
1028 4662 1251 4736 Μωσῆς,
1286 4656 1379 4713 ἵνα
1423 4658 1498 4731 μὴ
1557 4656 1751 4735 ταράξῃ
1800 4657 1891 4710 αῦ-

1984 4660 2161 4719 homo
2212 4656 2564 4737 simpliciter
2617 4681 2631 4720 :
2686 4661 3005 4721 ostendens
3057 4669 3337 4739 quantum
3399 4654 3627 4715 intersit

256 4745 404 4817 τοὺς,
461 4743 579 4799 ἀλλ’
633 4743 901 4823 ἅνθρωπος
950 4744 1152 4815 ἁπλῶς,
1189 4744 1433 4802 δεικνύων
1475 4748 1534 4802 τὸ
1592 4746 1752 4821 μέσον
1810 4752 1891 4801 τοῦ

1984 4748 2138 4808 inter
2185 4744 2369 4808 Deum
2414 4748 2891 4827 conjungentem,
2928 4757 2984 4809 et
3033 4747 3331 4809 hominem
3387 4744 3625 4804 solven—

258 4830 597 4902 συζεύξαντος
630 4841 763 4890 Θεοῦ
792 4835 877 4889 καὶ
908 4840 997 4889 τοῦ
1027 4832 1326 4898 διαλύοντος
1358 4834 1651 4914 ἀνθρώπου.
1986 4844 2128 4897 tem.

345 4942 372 4975 ι
415 4920 666 5000 Λέγουσιν
716 4922 880 5001 αὐτῷ,
914 4923 973 4979 Τί
1015 4924 1103 4978 οὖν
1158 4925 1356 4990 Μωσῆς
1408 4924 1699 4980 ἐνετείλατο
1726 4922 1891 4981 δοῦναι

2066 4928 2252 4989 Vsus.
2283 4924 2419 4984 7-9.
2455 4948 2480 4978 α
2509 4923 2724 4987 Dicunt
2754 4927 3001 5007 illi,Cur
3031 4925 3205 5005 igitur
3237 4923 3424 4985 Moses
3449 4920 3622 5002 jussit

253 5005 455 5083 βιϐλίον
480 5010 822 5085 ἀποστασίου,
887 5012 973 5067 καὶ
1023 5010 1284 5068 ἀπολῦσαι
1338 5014 1548 5087 αὐτήν;
1597 5014 1748 5091 Λέγει
1806 5016 1891 5067 αὒ-

1985 5012 2127 5074 dare
2152 5011 2415 5074 libellum
2451 5014 2776 5091 repudii,et
2806 5005 3106 5078 dimittere
3155 5019 3315 5075 eam?
3348 5011 3442 5072 Ait
3485 5009 3624 5079 illis,

250 5110 394 5171 τοῖς,
460 5096 541 5154 ὅτι
604 5105 803 5166 Μωσῆς
891 5100 1020 5177 πρὸς
1094 5102 1191 5167 τὴν
1270 5100 1686 5179 σκληροκαρδίαν
1756 5104 1891 5177 ὑμῶν

1988 5103 2182 5164 Moses
2205 5100 2274 5161 ad
2300 5101 2577 5163 duritiam
2605 5103 2803 5167 cordis
2824 5105 3004 5166 vestri
3028 5102 3301 5185 permisit
3324 5099 3490 5160 vobis
3537 5117 3629 5157 re-

250 5186 541 5265 ἒπέτρεψεν
599 5191 726 5264 ὑμῖν
785 5188 1041 5246 ἀπολῦσαι
1101 5192 1191 5249 τὰς
1246 5204 1503 5269 γυναῖκας
1574 5194 1743 5266 ὑμῶν,
1811 5191 1891 5248 ἀπ

1990 5188 2239 5270 pudiare
2270 5208 2482 5252 uxores
2513 5199 3042 5272 vestras,caaterum
3071 5190 3237 5253 initio
3262 5209 3378 5252 non
3402 5188 3623 5251 fuitsic.

253 5275 432 5354 ἀρχῆς
490 5275 544 5333 δὲ
589 5280 649 5336 οῦ
680 5278 896 5357 γέγονεν
938 5277 1124 5344 οὕτως.
1175 5281 1326 5357 Λέγω
1376 5278 1428 5334 δὲ
1475 5283 1602 5356 ὑμῖν
1633 5281 1712 5337 ὅτι
1744 5283 1800 5345 ὃς
1846 5280 1891 5335 ἃς

1992 5279 2133 5341 Dico
2164 5286 2359 5340 autem
2390 5278 2576 5350 vobis,
2627 5282 2783 5359 quod
2836 5282 3170 5364 quicunque
3222 5275 3632 5362 repudiaverit

332 5443 398 5494 30
426 5443 600 5509 Deut.
632 5464 790 5529 xxxv,
823 5448 883 5510 3.
966 5448 1020 5497 ’ὀί
1054 5447 1205 5511 Gen.
1240 5463 1304 5522 II,
1338 5448 1437 5511 94.

332 5611 422 5692 (a)
458 5612 611 5675 Edit.
648 5616 779 5679 Lut.
814 5615 1039 5719 omisit,
1076 5627 1134 5679 et
1164 5622 1446 5681 matrem.
