4122 6270
247 342 371 408 353

249 480 522 559 χίσθησαν
577 481 681 537 ὑπὸ
734 485 841 537 τῶν
922 479 1233 558 ἆιθρώπων,

244 566 449 633 οἵτινες
508 570 825 650 εὐνούχισαν
884 569 1098 632 ἑαυτοὺς
1171 565 1254 624 διὰ
1325 568 1425 634 τὴν
1470 564 1742 643 βασιλείαν
1799 572 1903 621 τῶν

250 659 516 736 οὖρανῶν,
578 650 637 716 Ὀ
695 656 981 734 δυνάμενος
1011 669 1240 738 χωρεῖν,
1276 656 1545 737 χωρείτω,
1579 679 1606 711 ι
1655 653 1903 733 Ὀλίγων,

248 748 440 828 φησὶν,
497 747 608 806 ἐστὶ
690 750 753 803 τὸ
810 746 1127 826 κατόρθωμα
1210 754 1368 803 τοῦτο
1435 747 1533 812 τῆς
1603 744 1901 822 παρθενίας,

251 838 371 894 Εἰσὶ
428 838 529 915 γὰρ
580 837 825 916 εὖνοῦχοί
878 858 1018 899 τινες
1077 835 1138 892 ἐκ
1192 833 1398 899 κοιλίας
1462 836 1664 913 μητρὸς
1709 836 1902 905 αὐτῶν,

248 925 544 1001 τουτέστιν,
606 926 704 981 εἰσί
758 947 896 991 τινες
963 925 1025 981 ἐκ
1078 929 1302 1005 φυσικῆς
1359 924 1595 1001 κράσεως
1666 924 1905 988 ἀκίνητοι

250 1012 504 1089 μένοντες
548 1016 677 1087 πρὸς
731 1014 826 1078 τὰς
883 1012 1074 1090 μίξεις,
1148 1014 1204 1070 οἲ
1258 1014 1346 1070 καὶ
1404 1011 1635 1091 ἀκερδῶς
1693 1032 1904 1092 σωφρο-

248 1100 453 1165 νοῦσιν.
503 1103 615 1160 Εἰσὶ
682 1103 769 1159 καὶ
827 1104 875 1158 οἳ
930 1103 1361 1183 εὐνουχιζόμενοι
1417 1104 1520 1158 ὑπὸ
1575 1101 1898 1178 ἀνθρώπων·

251 1192 469 1256 ἑαυτοὺς
528 1189 584 1248 δὲ
640 1191 999 1272 εὖνουχίζουσι
1052 1190 1136 1249 διὰ
1178 1193 1279 1258 τὴν
1337 1190 1610 1268 βασιλείαν
1663 1196 1767 1247 τῶν
1812 1191 1905 1246 οὖ-

250 1286 445 1360 ρανῶν,
510 1283 613 1361 οὐχ
673 1282 720 1337 οἱ
778 1279 1120 1356 ἒκτέμνοντες
1210 1280 1424 1343 ἑαυτοὺς
1502 1279 1906 1358 (ἐπικατάρατον

247 1369 353 1447 γὰρ
394 1370 602 1447 τοῦτο),
658 1367 777 1425 ἀλλ’
836 1371 881 1425 οἱ
942 1366 1405 1447 ἔγκρατευόμενοι.
1455 1370 1577 1427 Νόει
1609 1366 1661 1424 δὲ
1691 1370 1777 1424 καὶ
1806 1366 1901 1423 ού-

250 1480 362 1521 τως
395 1473 410 1487 '
464 1447 663 1514 ’Ἔστιν
707 1458 961 1537 εὖνοῦχος
992 1459 1098 1513 ἀπὸ
1129 1459 1329 1538 φύσεως
1381 1461 1407 1514 6
1439 1455 1521 1513 διὰ
1550 1459 1647 1525 τὴν
1679 1458 1902 1533 φυσικὴν

248 1551 439 1626 κρᾶσιν
498 1548 577 1623 μὴ
640 1549 910 1614 εὒκίνητος
990 1548 1061 1610 εἷς
1130 1545 1401 1627 ἀφροδίσια
1435 1563 1449 1577 ⁶
1536 1548 1637 1603 ὑπὸ
1694 1545 1747 1602 δὲ
1805 1546 1900 1601 ἀν-

247 1636 474 1708 θρώπων
536 1638 891 1716 εὖνουχίζεται
943 1638 971 1692 6
1040 1636 1100 1691 ἐκ
1184 1634 1520 1694 διδασκαλίας
1574 1636 1902 1713 ἀνθρωπίνης

250 1726 490 1800 ἱκτεμὼν
570 1731 668 1791 τὴν
752 1731 849 1793 τῆς
934 1724 1189 1802 σαρκικῆς
1278 1724 1551 1799 ἐπιθυμίας
1618 1726 1847 1801 πύρωσιν
1884 1740 1897 1754 ⁸

250 1814 440 1871 ἑαυτὸν
497 1812 554 1869 δὲ

249 1902 443 1960 ἑαυτοῦ
506 1901 794 1983 διδαχθεὶς,
853 1905 939 1960 καὶ
995 1904 1307 1978 αύτομαθῶς
1361 1905 1491 1981 πρὸς
1564 1903 1903 1981 σωφροσύνην

251 1989 541 2055 ἀποκλίνας
580 2012 591 2024 ’
658 1992 809 2056 οὗτος
854 1990 940 2049 οὗν
991 1993 1077 2048 καὶ
1110 1989 1321 2070 ἄριστός
1355 1991 1518 2065 ἐστιν,
1552 1993 1579 2046 ὸ
1611 1992 1688 2067 μὴ
1732 1989 1897 2064 ἄλλῳ,

253 2080 375 2137 ἀλλ’
437 2082 608 2157 ὲαυτῷ
652 2080 931 2161 ὁδηγηθεὶς
994 2084 1123 2161 πρὸς
1179 2084 1275 2150 τὴν
1306 2081 1575 2160 βασιλείαν
1614 2090 1712 2138 τῶν
1744 2085 1901 2162 οὖρα-

257 2177 387 2232 νῶν,
447 2176 835 2251 Προαιρετιιῶς
894 2170 949 2227 δὲ
1018 2171 1185 2228 θέλων
1242 2175 1374 2246 ἡμῖν
1432 2171 1757 2251 ἐνεργεῖσθαι
1807 2173 1905 2238 τὴν

256 2259 480 2340 ἀρετὴν³
542 2262 700 2340 φησίν
735 2278 748 2291 ⁸
818 2282 846 2321 ι
882 2252 939 2318 Ὀ
996 2259 1281 2337 δυνάμενος
1312 2275 1537 2341 χωρεῖν,
1572 2262 1835 2341 χωρείτω.
1881 2288 1901 2313 ο

257 2350 332 2405 05
358 2349 460 2429 γὰρ
517 2350 800 2428 ἀναγκάζει
858 2352 1213 2429 παρθενεύειν,
1280 2349 1394 2409 οὐδὲ
1446 2352 1535 2406 τὸν
1579 2352 1750 2429 γάμον
1805 2373 1905 2406 κα-

256 2435 460 2511 ταλύει,
497 2436 633 2494 ἀλλὰ
662 2440 762 2503 τὴν
790 2439 1070 2519 παρθενίαν
1100 2442 1431 2518 προτίθησιν.

347 2549 372 2581 ε
412 2528 545 2583 Τότε
602 2527 947 2608 προσηνέχθη
1005 2528 1150 2603 αὐτῷ
1204 2528 1405 2606 παιδία,
1454 2528 1547 2587 ’ίνα
1588 2531 1682 2593 τὰς
1715 2542 1907 2610 χεῖρας

261 2614 421 2691 ἰπιθῇ
477 2614 689 2691 αὒτοῒς,
735 2619 824 2674 καὶ
877 2616 1277 2697 προσεύξηται·
1340 2620 1385 2674 οἱ
1439 2617 1493 2673 δὲ
1535 2620 1765 2694 μαθηταὶ
1805 2616 1904 2673 ἒπ-

262 2705 522 2778 ετίμησαν
552 2705 737 2768 αὐτοῖς
770 2726 785 2739 ο
818 2706 846 2762 6
889 2704 943 2761 δὲ
972 2706 1178 2774 Ἰησοῦς
1221 2710 1372 2763 εἶπεν
1405 2724 1421 2738 ⁸
1453 2697 1657 2786 ’Ἅφετε
1686 2706 1750 2763 τὰ
1775 2730 1908 2763 παι-

258 2788 361 2872 δία,
396 2793 485 2848 καὶ
528 2791 608 2868 μὴ
666 2795 899 2851 κωλύετε
943 2796 1074 2853 αὒτά
1118 2794 1289 2853 ἐλθεῖν
1336 2796 1471 2859 παός
1524 2817 1590 2872 με
1624 2815 1638 2830 ·
1672 2802 1780 2852 τῶν
1809 2797 1908 2875 γὰρ

259 2882 512 2938 τοιούτων
541 2882 681 2938 ἐστὶν
709 2885 744 2951 ἡ
773 2884 1016 2961 βασιλεία
1045 2884 1151 2941 τῶν
1209 2888 1462 2964 οὐρανῶν,
1502 2907 1524 2941 ε
1582 2885 1907 2964 Προσέιρερον

263 2969 493 3050 μητέρες
547 2971 612 3026 τὰ
654 2972 836 3053 τέκνα,
886 2972 981 3030 ’ίνα
1033 2972 1359 3051 εοόλογηθῶσι
1419 2971 1502 3029 διὰ
1544 2974 1641 3041 τῆς
1698 2973 1906 3053 ἐπαφῆς

268 3064 370 3113 τῶν
422 3065 645 3138 χειρῶν,
700 3059 984 3136 ’Δκόσμως
1042 3061 1095 3117 δὲ
1153 3063 1241 3117 καὶ
1296 3059 1721 3141 τεθορυϐημένως
1747 3084 1907 3142 προσ-

265 3147 522 3226 ήρχοντο,
568 3152 658 3204 καὶ
716 3148 801 3205 διὰ
847 3150 1003 3206 τοῦτο
1055 3148 1345 3206 κωλύουσιν
1405 3152 1452 3206 οἱ
1511 3152 1762 3229 μαθηταὶ,
1798 3148 1907 3225 ἅμα

894 346 1340 410 ENARRATIO
1374 344 1465 433 ,ΙΝ
1512 341 2021 409 EVANGELIUM
2069 336 2461 402 MATTHASI.
2509 372 2587 383 -—
2628 334 2794 400 CAP.
2844 338 3010 401 XIX.

1318 478 1407 533 καὶ
1476 477 1606 533 εἶσὶν
1663 477 1904 554 εὐνοῦχοι

1994 470 2249 533 eunuchi
2271 471 2345 532 ab
2377 470 2757 533 hominibus:
2787 480 2845 533 et
2875 480 3014 533 sunt
3058 474 3311 535 eunuchi
3344 474 3439 554 qui
3470 474 3634 553 seip-

637 1812 931 1894 εύνευχίζει
991 1814 1019 1870 6
1089 1815 1166 1888 μὴ
1235 1811 1323 1870 ὑπ’
1382 1812 1567 1893 ἄλλου,
1628 1812 1747 1869 ἀλλ’
1817 1813 1900 1891 ὑφ’
1931 1845 1962 1893 B

3518 340 3634 403 354

1990 578 2087 619 sos
2105 569 2504 622 castraverunt
2536 567 2781 643 prOpter
2800 579 3047 638 regnum
3073 560 3499 634 cmlorum.Qui
3520 581 3631 643 po-

1992 657 2103 709 test
2126 668 2365 731 capere,
2397 651 2611 730 capiat.
2651 676 2676 704 n
2718 654 3048 712 Paucorum
3108 663 3219 724 est,
3254 652 3463 733 inquit,
3514 651 3633 712 vir-

1991 738 2251 813 ginilatis
2279 739 2486 802 virtus.
2524 737 2675 801 Sunt
2705 741 2860 801 enim
2897 740 3152 802 eunuchi
3207 759 3275 802 ex
3310 750 3478 802 utero
3506 761 3633 803 ma-

1992 826 2121 900 tris,
2158 827 2270 888 hoc
2304 837 2419 898 est,
2476 837 2614 890 sunt
2664 828 2905 908 quidem
2968 829 3066 907 qui
3144 839 3386 911 propter
3415 839 3636 892 natura;

1989 920 2465 981 constitutionem
2500 921 2570 981 ad
2606 923 2820 982 coitum
2855 939 2974 981 non
3006 929 3146 985 sunt
3178 922 3397 999 idonei,
3433 924 3533 1003 qui
3577 932 3636 985 et

1990 1009 2121 1071 sine
2153 1010 2399 1070 utilitate
2432 1010 2579 1070 casti
2612 1020 2772 1072 sunt.
2807 1010 2959 1071 Sunt
2988 1012 3085 1090 qui
3117 1020 3175 1071 et
3207 1014 3465 1073 eunuchi
3488 1014 3635 1074 ﬁunt

1990 1099 2061 1158 ab
2090 1096 2571 1170 hominibusQui
2605 1108 2800 1158 autem
2835 1099 3066 1178 seipsos
3086 1101 3391 1161 eunuchos
3415 1102 3637 1162 faciunt

1993 1196 2235 1267 propter
2264 1205 2510 1266 regnum
2544 1188 2825 1248 cmlorum
2855 1206 2971 1247 non
3014 1197 3154 1249 sunt
3179 1190 3215 1248 ii
3246 1189 3346 1269 qni
3381 1192 3637 1252 verenda

1992 1276 2102 1337 sibi
2138 1277 2286 1356 ipsis
2316 1285 2623 1356 amputant
2653 1277 3054 1354 (maledictum
3114 1278 3271 1339 enim
3327 1281 3475 1353 hoc).
3530 1282 3634 1341 sed

1987 1365 2087 1444 qui
2119 1366 2496 1426 continentes
2528 1374 2689 1425 sunt.
2725 1364 2994 1444 Intellige
3038 1375 3234 1428 autem
3267 1379 3329 1430 et
3355 1370 3443 1429 sic
3479 1390 3493 1428 :
3534 1372 3635 1431 Est

1987 1456 2296 1515 (eunuchus
2325 1473 2356 1514 a
2388 1462 2594 1514 natura
2625 1455 2722 1534 qui
2751 1469 2993 1534 propter
3022 1456 3349 1517 naturalem
3377 1459 3635 1537 comple-

1985 1541 2222 1601 xionem
2277 1560 2392 1600 non
2443 1551 2713 1601 movetur
2743 1544 2811 1603 ad
2849 1560 3122 1604 venerea.
3157 1543 3245 1605 Ab
3295 1544 3635 1606 hominibus

1985 1632 2180 1690 autem
2209 1629 2519 1690 eunuchus
2550 1630 2634 1701 ﬁt,
2662 1630 2761 1710 qui
2794 1650 2861 1691 ex
2894 1631 3149 1691 humano
3186 1643 3478 1712 praecepto
3513 1653 3635 1696 car-

1988 1718 2136 1777 nalis
2155 1718 3013 1797 coucupiscentiaeincendium
3039 1720 3633 1803 exscindit.Seipsum

1987 1815 2182 1867 autem
2217 1816 2458 1878 castrat,
2495 1806 2594 1886 qui
2642 1824 2761 1866 non
2792 1807 2864 1867 ab
2896 1807 3034 1879 alio,
3067 1809 3171 1868 sed
3200 1827 3231 1868 a
3255 1809 3453 1889 seipso
3484 1812 3632 1873 doc-

1990 1906 2082 1956 tus
2112 1908 2225 1969 est,
2262 1906 2322 1956 et
2352 1914 2452 1955 sua
2487 1904 2700 1975 sponte
2731 1894 2805 1955 ad
2834 1895 3257 1957 continentiam
3290 1898 3633 1962 inclinatur.

1987 1984 2095 2045 Hic
2128 1986 2299 2064 igitur
2331 1994 2388 2045 et
2417 1987 2677 2064 optimus
2710 1994 2819 2060 est,
2854 1984 2953 2064 qui
3006 2004 3119 2045 non
3167 1986 3238 2046 ab
3290 1987 3434 2069 alio,
3463 1990 3569 2050 sed
3602 2007 3636 2050 a

1987 2074 2091 2135 sed
2117 2078 2189 2135 ad
2207 2076 2402 2155 seipso
2430 2073 2722 2135 deductus
2744 2083 2833 2134 est
2855 2074 2925 2133 ad
2942 2090 3191 2150 regnum
3215 2076 3642 2139 cmiorumNc-

1992 2162 2120 2223 lens
2150 2173 2342 2223 autem
2376 2170 2587 2241 sponte
2641 2180 2748 2221 nos
2790 2165 3024 2241 operari
3055 2164 3352 2241 virtutem,
3391 2165 3581 2247 inquit
3614 2188 3629 2227 :

1998 2277 2022 2307 α
2058 2251 2166 2323 Qui
2201 2261 2391 2332 potest
2421 2267 2659 2330 capere,
2693 2252 2906 2330 capiat.
2941 2276 2967 2307 ι
3000 2249 3130 2312 Non
3163 2253 3319 2313 enim
3354 2256 3636 2335 cogitvir—

1992 2344 2188 2422 ginem
2222 2359 2376 2415 esse,
2410 2358 2607 2419 neque
2637 2341 2870 2420 nuptias
2901 2340 3178 2416 destruit,
3211 2345 3316 2404 sed
3332 2344 3636 2423 virginita-

1994 2446 2108 2492 tem
2152 2432 2411 2511 prmfert.
3690 2504 3693 2505 ν

2074 2521 2265 2583 Vnus.
2305 2519 2503 2593 l3,t4.
2536 2518 2735 2579 «Tunc
2767 2517 2949 2580 oblati
2979 2528 3114 2580 sunt
3135 2520 3188 2580 ei
3213 2521 3635 2598 puelli,utma-

1993 2629 2201 2671 manus
2220 2608 2336 2669 illis
2365 2609 3019 2688 imponeret,etoraret;
3042 2609 3315 2689 discipuli
3335 2622 3528 2675 autem
3553 2616 3638 2675 in-

1992 2700 2314 2779 crepabant
2345 2700 2645 2759 eos.Jesus
2676 2715 2810 2758 vero
2831 2698 3011 2777 inquit
3033 2700 3141 2759 eis:
3172 2698 3356 2762 Sinite
3380 2705 3631 2784 puellos,

1993 2796 2050 2849 et
2078 2806 2152 2848 ne
2176 2785 2539 2866 prohibeatis
2569 2804 2670 2847 eos
2694 2786 2894 2846 venire
2911 2789 2983 2846 ad
3014 2790 3340 2850 meztalium
3368 2800 3457 2851 est
3476 2795 3635 2855 enim

1992 2895 2238 2955 regnum
2265 2876 2575 2936 ccelorum.
2607 2900 2633 2929 υ
2668 2875 3013 2935 Aﬂ‘erebaut
3045 2886 3261 2938 matres
3294 2898 3536 2959 pueros,
3574 2893 3636 2943 ut

1992 2968 2495 3031 benedicerentnr
2554 2986 2832 3026 manuum
2893 2979 3187 3031 contactu.
3240 2976 3634 3054 incomposite

1992 3070 2186 3119 autem
2222 3068 2280 3117 et
2310 3059 2541 3118 turbate
2572 3054 2935 3117 accedebant
2975 3058 3048 3117 ad
3106 3078 3267 3140 eum,
3301 3071 3357 3121 et
3389 3073 3631 3142 propte-

1990 3166 2094 3209 rea
2126 3147 2441 3227 prohibent
2467 3145 2766 3225 discipuli,
2802 3146 2976 3206 simul
3009 3148 3184 3208 etiam
3220 3152 3374 3228 quod
3425 3153 3630 3212 existi-

262 3236 351 3290 καὶ
394 3236 647 3312 οἰόμενοι,
697 3237 778 3293 ὅτι
832 3236 1141 3296 ἐλαττοῦται
1182 3241 1244 3295 τὸ
1273 3238 1474 3315 ἀξίωμα
1506 3247 1596 3296 τοῦ
1644 3238 1901 3295 διθασκά-

1994 3249 2225 3302 marent
2268 3245 2375 3301 hoc
2404 3240 2692 3317 derogare
2724 3239 3010 3300 doctrina;
3043 3241 3172 3320 ejus
3202 3244 3557 3325 auctoritati,
3582 3245 3633 3306 si

259 3322 355 3378 λου
416 3324 474 3381 ἐκ
528 3332 621 3382 τοῦ
677 3328 743 3383 τὰ
811 3325 992 3383 παιδία
1039 3327 1439 3409 προσφέρεσθαι.
1497 3318 1554 3386 Ὀ
1602 3331 1726 3407 γοῦν
1772 3336 1903 3407 Χρι-

260 3415 387 3476 στὸς
444 3412 718 3497 δεικνύων,
778 3414 861 3472 ὅτι
914 3418 976 3472 16
1049 3415 1243 3497 ἄτυφον
1299 3415 1501 3491 μᾶλλον
1556 3415 1902 3498 ἀποδέχεται,

258 3504 442 3581 φησὶν,
506 3527 533 3558 ε
569 3503 787 3585 ’Ἅφετε
828 3507 896 3562 τὰ
938 3504 1118 3562 παιδία
1155 3528 1170 3543 ο
1223 3511 1331 3562 τῶν
1361 3508 1460 3587 γὰρ
1488 3508 1740 3564 τοιούτων
1765 3506 1905 3563 ἐστὶν

258 3593 297 3658 ἡ
354 3591 598 3667 βασιλεία
639 3601 745 3650 τῶν
776 3597 1031 3671 οὐρανῶν,
1068 3618 1097 3651 ι
1142 3600 1248 3655 Οὐκ
1279 3597 1426 3666 εἷπε,
1477 3596 1699 3677 τούτων,
1746 3595 1901 3671 ἀλλὰ,

258 3685 369 3737 τῶν
409 3683 687 3764 τοιούτων,
743 3684 1006 3759 τουτέστι,
1067 3691 1175 3742 τῶν
1202 3686 1301 3751 την
1331 3684 1607 3753 ἁπλότητα
1640 3685 1901 3766 ἐχόντων,

256 3775 366 3824 τῶν
395 3770 636 3839 ἀκάκων,
679 3778 785 3829 τῶν
825 3773 1128 3851 ἆπονήρων.
1174 3773 1279 3831 Κᾶν
1325 3772 1543 3844 διδάσκῃ
1586 3774 1640 3831 δέ
1669 3797 1771 3850 τις,
1820 3777 1905 3832 καὶ

259 3858 670 3941 προσέρχωνταί
722 3883 863 3925 τινες
922 3864 1065 3938 αὒτῷ
1119 3862 1334 3920 παιδικὰ
1392 3863 1710 3943 ἒρωτήματα
1766 3864 1903 3941 ἐρω-

256 3952 480 4021 τῶντες,
514 3948 890 4031 πρωδεχὲσθω
912 3952 1151 4027 τούτους,
1182 3954 1269 4008 καὶ
1301 3955 1377 4028 μὴ
1407 3950 1678 4015 κωλυέτω.

350 4060 378 4092 ε
416 4039 515 4096 Καὶ
572 4038 777 4104 ἐπιθεὺς
836 4041 1018 4106 αὖτοτς
1060 4042 1155 4104 τὰς
1203 4056 1422 4122 χεῖρας,
1464 4044 1719 4122 ἒπορεύθη
1750 4043 1905 4099 ἐκεῖ·

256 4129 369 4184 θεν.
422 4127 525 4184 Καὶ
565 4125 675 4184 ἰδοὺ
717 4130 804 4193 εἷς
834 4129 1158 4207 προσελθὼν,
1191 4131 1347 4187 εἶπεν
1377 4132 1518 4204 αὐτῷ
1551 4150 1566 4165 ο
1618 4130 1905 4187 Διδάσκαλε

260 4213 447 4291 ἀγαθὲ,
494 4216 546 4271 τί
587 4214 781 4294 ἀγαθὸν
824 4220 1035 4289 ποιήσω
1089 4218 1181 4275 ἵνα
1210 4218 1328 4299 ἔχω
1356 4220 1497 4290 ζωὴν
1530 4219 1781 4300 αίώνιονς
1846 4212 1903 4276 Ὀ

259 4300 318 4359 δὶ
346 4303 504 4359 εἶπεν
534 4306 678 4380 αὗτῷ
710 4324 725 4338 ⁸
766 4309 827 4365 Τί
870 4329 936 4383 με
992 4306 1169 4387 λέγεις
1200 4308 1391 4387 ἀγαθόν
1428 4327 1444 4383 ς
1476 4306 1653 4373 Ούδεὶς
1684 4309 1902 4389 ἀγαθὸς,

261 4392 308 4447 εί
350 4393 429 4468 μὴ
473 4394 558 4458 εἷς
592 4397 619 4451 6
650 4396 801 4462 Θεός,
851 4425 872 4451 ο
930 4398 1045 4477 Οὐχ
1086 4400 1160 4462 ὡς
1191 4399 1451 4478 πειράζων
1484 4396 1778 4477 προσῆλθεν
1810 4399 1900 4454 οὖ-

260 4502 373 4556 τος,
435 4480 554 4539 ἀλλ’
598 4486 670 4546 ὡς
713 4484 880 4541 θέλων
932 4490 1148 4562 μαθεῖν,
1207 4489 1296 4543 καὶ
1351 4484 1518 4563 διψῶν
1557 4492 1655 4554 τῆς
1696 4488 1906 4543 αἰωνίου

520 4571 787 4651 προσῆλθε
848 4572 902 4630 δὲ
950 4576 1027 4666 τῷ
1073 4582 1282 4654 Χριστῷ
1334 4578 1406 4639 ὡς
1450 4576 1709 4666 ᾁνθρώπῳ
1738 4574 1898 4651 ψιλῷ.
1928 4618 1969 4666 D

262 4660 349 4714 καὶ
377 4657 463 4715 διὰ
492 4663 646 4718 τοῦτο
677 4684 838 4743 φησιν
883 4666 912 4719 6
957 4665 1143 4743 Κύριος
1178 4682 1190 4696 ⁸
1242 4667 1301 4721 Τί
1355 4686 1423 4740 με
1453 4663 1628 4743 λέγεις
1657 4665 1852 4743 ἀγαθόν
1885 4686 1899 4741 ;

260 4746 439 4811 063d:
499 4750 695 4828 ἀγαθὸς
746 4754 792 4809 εί
834 4754 910 4827 μή
955 4752 1039 4817 εἷς
1072 4755 1099 4809 6
1130 4752 1258 4816 Θεός
1289 4771 1303 4784 ’
1350 4754 1639 4834 τουτέστιν,
1676 4752 1800 4811 Ἐὰν
1830 4756 1902 4819 ὡς

259 4834 350 4892 ἵνα
406 4842 512 4896 τῶν
570 4836 901 4897 διδασκάλων
943 4862 1011 4917 με
1067 4839 1242 4920 λέγεις
1302 4855 1441 4899 εῖναι
1473 4844 1692 4922 ἀγαθὸν,
1723 4842 1902 4906 κακῶς

258 4924 433 5005 λέγεις
467 4943 482 4958 '
547 4927 712 4995 0632‘;
756 4932 856 5010 γὰρ
916 4932 1200 5012 ἀνθρώπων
1256 4933 1443 5012 κυρίως
1500 4931 1696 5011 ἀγαθός
1732 4952 1746 4969 ·
1792 4930 1903 5007 ἅμα

256 5015 378 5090 μὲν,
438 5015 521 5073 ὅτι
602 5019 690 5074 καὶ
745 5018 1085 5095 εὖμετάϐολοί
1139 5019 1296 5096 ἐσμεν
1356 5020 1461 5077 ἀπὸ
1545 5026 1637 5077 τοῦ
1707 5019 1905 5100 ἀγαθοῦ

252 5105 573 5183 τρεπόμενοι
606 5121 622 5136 ⁶
707 5107 818 5183 ἅμα
874 5107 952 5186 δὲ,
1032 5107 1113 5166 ὅτι
1169 5111 1258 5166 καὶ
1313 5108 1699 5188 συγκρινομένη
1770 5110 1901 5187 πρὸς

250 5194 354 5260 τὴν
409 5202 504 5252 τού
556 5195 688 5253 Θεοῧ
742 5197 1046 5279 ἀγαθότητα
1096 5200 1132 5270 ἧ
1166 5197 1488 5280 ἀνθρωπίνη,
1536 5198 1761 5275 πονηρία
1820 5220 1903 5255 νο·

254 5286 487 5358 μίζεται.

343 5398 369 5429 ι
410 5376 469 5433 Εἰ
522 5372 578 5430 δὲ
634 5374 805 5443 θέλεις
863 5378 1119 5437 εἰσελθεῖν
1176 5381 1249 5443 είς
1307 5379 1407 5448 τὴν
1449 5378 1617 5454 ζωὴν,
1664 5380 1898 5459 τήρησον

254 5463 351 5529 τᾶς
391 5461 633 5529 ἰντολὰς.
670 5466 826 5546 Λέγει
857 5470 998 5542 αύτῷ
1029 5484 1044 5499 ’
1094 5471 1255 5535 Ποίας
1290 5490 1307 5552 ;
1345 5462 1402 5528 Ὀ
1448 5467 1506 5525 δὲ
1533 5468 1741 5537 Ἰησοῦς
1773 5469 1900 5526 εἷπε

255 5552 343 5640 τὸ,
373 5557 449 5614 Οὐ
473 5553 769 5634 φονεύσεις,
800 5559 862 5616 οὒ
920 5560 1253 5640 μοιχεύσεις,
1311 5560 1371 5617 ού
1403 5556 1652 5635 κλέψεις,
1683 5562 1741 5620 ού
1770 5563 1900 5636 ψευ-

256 5638 673 5722 δομαρτυρήσεις
709 5661 724 5674 ⁸
768 5646 895 5723 τίμα
935 5638 1053 5703 τὸνί
1100 5649 1301 5726 πατέρα
1352 5671 1445 5706 σου
1501 5648 1588 5703 καὶ
1632 5648 1729 5715 τὴν
1788 5671 1900 5722 μη-

1990 3332 2346 3391 οίΐειιτθηιυι·
2375 3329 2427 3389 ei
2460 3327 2706 3408 parvuli.
2742 3328 3009 3388 Christus
3051 3342 3248 3390 autem
3310 3333 3632 3394 ostendens

1990 3420 2143 3500 quod
2176 3439 2208 3477 ει
2238 3419 2386 3478 fastu
2417 3417 2645 3479 alienos
2698 3417 2886 3497 magis
2940 3427 3117 3494 amet,
3172 3420 3317 3481 dicit
3347 3439 3359 3481 :
3390 3444 3412 3476 ει
3442 3422 3630 3484 Sinite

1990 3508 2285 3589 parvulos;
2332 3508 2532 3567 talium
2571 3514 2660 3567 est
2692 3506 2850 3566 enim
2875 3523 3119 3584 regnum
3154 3510 3630 3572 caalorum.»Non

1988 3598 2155 3668 dixit,
2188 3597 2396 3658 horum
2430 3597 2558 3664 sed,
2597 3595 2968 3668 talinm,I02
2988 3598 3099 3656 hoc
3132 3609 3221 3658 est
3249 3600 3629 3678 simplicitate

1987 3688 2367 3768 praeditorum
2402 3736 2417 3759 ,
2490 3685 2921 3765 innocentium,
2988 3686 3221 3747 malitiae
3274 3690 3626 3767 expertium.

1989 3776 2181 3838 Etiam
2241 3775 2415 3835 hodie
2469 3775 2517 3835 si
2565 3774 2849 3835 accedant
2903 3777 2978 3835 ad
3020 3774 3327 3837 doctorem
3358 3781 3630 3841 nonnulli

1990 3867 2246 3944 pueriles
2268 3863 2622 3945 quaestiones
2651 3862 3109 3945 interrogantes,
3142 3882 3259 3927 non
3291 3869 3622 3946 prohibeat,

1990 3956 2093 4015 sed
2125 3954 2429 4035 suscipiat.

2076 4045 2254 4103 VERS.
2294 4043 2502 4105 15-17.
2541 4064 2563 4098 α
2592 4041 2663 4103 Ει
2694 4063 2827 4104 cum
2855 4043 3370 4124 imposuissetillis
3393 4066 3627 4129 manus,

1988 4130 2133 4193 abiit
2164 4133 2429 4193 illinc.Et
2457 4150 2594 4192 ecce
2612 4151 2765 4192 unus
2793 4136 3086 4193 accedens
3117 4134 3196 4195 ait
3226 4134 3631 4215 illiziiiagister

1986 4221 2164 4295 bone,
2225 4221 2365 4301 quid
2412 4221 2552 4280 boni
2599 4222 2805 4280 faciam
2866 4230 2930 4280 ut
2986 4223 3237 4281 habeam
3312 4227 3489 4284 vitam
3541 4246 3627 4287 a3-

1991 4317 2259 4369 lernam'!
2317 4310 2427 4381 Qui
2483 4308 2630 4368 dixit
2678 4309 2781 4371 ei:
2818 4312 2932 4371 Cur
2990 4328 3085 4369 me
3143 4329 3312 4371 vocas
3374 4312 3627 4379 bonum?

1989 4396 2197 4457 Nullus
2256 4408 2346 4459 est
2392 4396 2608 4477 bonus,
2669 4396 2785 4457 disi
2843 4416 3020 4471 unus,
3078 4415 3294 4478 nempe
3351 4401 3529 4466 Deus.
3595 4429 3620 4460 »

1991 4486 2119 4548 Non
2166 4496 2229 4547 ut
2284 4496 2516 4547 tentans
2569 4487 2729 4547 venit
2774 4486 2899 4561 ille,
2962 4487 3066 4548 sed
3118 4496 3181 4547 ut
3225 4488 3459 4550 discere
3515 4511 3624 4553 cu-

1991 4576 2183 4656 piens,
2220 4584 2277 4637 et
2325 4576 2535 4636 sitiens
2595 4576 2766 4636 vitam
2828 4586 3131 4636 aeternam.
3197 4578 3466 4639 Accessit
3516 4600 3626 4642 au-

1988 4673 2105 4725 tem
2147 4666 2218 4725 ad
2251 4664 2546 4725 Christum
2608 4665 2768 4745 quasi
2803 4668 2872 4726 ad
2910 4684 3122 4744 purum
3184 4666 3485 4729 hominem
3521 4689 3533 4733 :
3572 4678 3630 4734 et

1986 4753 2211 4813 idcirco
2243 4754 2385 4814 dicit
2428 4752 2715 4814 Dominus
2751 4774 2763 4816 :
2800 4753 2947 4826 Quid
2985 4771 3076 4814 me
3132 4773 3303 4821 vocas
3355 4755 3628 4825 bonum?

1985 4841 2192 4904 Nullus
2228 4842 2441 4916 bonus,
2474 4843 2587 4903 nisi
2618 4862 2769 4904 unus
2797 4843 2957 4905 Deus
2990 4861 3003 4904 :
3040 4844 3153 4905 hoc
3195 4853 3306 4916 est,
3364 4847 3412 4907 si
3462 4851 3627 4928 quasi

1991 4952 2169 4992 unum
2203 4949 2275 4992 ex
2305 4931 2768 5011 praeceptoribus
2799 4931 3019 4993 bonum
3056 4951 3153 4994 ire
3183 4934 3514 5005 dicis,male
3535 4939 3627 4999 di—

1988 5022 2093 5083 cis.
2129 5020 2338 5083 Nullus
2366 5021 2523 5080 enim
2557 5020 2863 5081 hominum
2899 5021 3134 5102 proprie
3164 5021 3386 5087 bonus:
3416 5026 3625 5106 partim

1987 5109 2143 5190 quod
2178 5108 2490 5170 mutabiles
2540 5127 2744 5169 sumus
2773 5129 2806 5170 a
2840 5110 2993 5171 bono
3026 5113 3085 5171 in
3120 5118 3334 5172 malum
3366 5132 3378 5176 :
3413 5117 3626 5196 partim

1988 5200 2148 5278 quod
2182 5209 2381 5257 nostra
2412 5198 2640 5259 bonitas
2672 5200 2744 5258 ad
2779 5199 3034 5260 divinam
3085 5199 3405 5264 bonitatem
3437 5205 3627 5268 colla-

1988 5295 2065 5365 ta,
2104 5286 2324 5349 malitia
2353 5294 2467 5348 est.

2072 5374 2687 5446 Vens.t7-19.«Quod
2722 5375 2773 5436 si
2794 5375 2878 5438 vis
2908 5378 2982 5439 ad
3001 5378 3180 5439 vitam
3202 5379 3629 5459 ingredi,serva

1985 5467 2287 5531 mandata.
2328 5466 2481 5527 Uicit
2510 5466 2593 5526 illi
2620 5485 2632 5525 :
2658 5464 2825 5539 Quae?
2849 5469 3022 5530 Jesus
3062 5479 3258 5532 autem
3292 5474 3458 5538 dixit:
3493 5477 3627 5539 Non

1988 5556 2171 5621 [acies
2204 5555 2552 5632 homidsum,
2589 5575 2705 5617 non
2738 5558 3048 5621 commites
3092 5558 3472 5639 adulterium,
3506 5582 3628 5626 non

1986 5647 2167 5711 facies
2200 5647 2444 5721 furtum,
2482 5663 2599 5705 non
2630 5644 2840 5709 falsum
2874 5648 3038 5711 dices
3067 5651 3490 5729 testimonium,
3526 5654 3629 5714 ho-
