4122 6270
534 354 650 419 355
1520 348 2104 415 THEOPHYLACTI
2154 316 2558 413 BULGARIE
2603 342 2957 413 ARCHIEP.
3820 348 3931 418 356

546 508 695 553 nora
721 500 948 571 patrem
984 496 1145 549 tuum
1172 494 1230 547 et
1261 494 1601 575 matrem,et
1625 485 1832 565 diliges
1849 485 2171 581 proximurr

2268 480 2415 560 τέρα,
2480 484 2568 538 καὶ
2626 483 2924 560 ἀγαπήσεις
2966 485 3055 540 τὸν
3095 482 3324 550 πλησίον
3365 506 3459 545 σου
3502 486 3577 548 ὼς
3609 487 3868 549 σεαυτόν,
3903 511 3929 541 ι

2271 560 2313 581 τί
2454 573 2464 581 .
2630 572 2645 581 .
2697 575 2706 581 .
2794 573 2804 581 .
3051 574 3062 581 .
3154 572 3176 581 ι
3272 570 3289 581 .
3314 573 3326 581 .
3630 575 3639 581 .
3880 577 3890 581 -

538 590 702 641 tuum
733 586 799 641 ut
823 580 1137 657 teipsum.»
1175 570 1463 637 Dominus
1485 575 1556 636 ad
1590 575 1733 653 legis
1767 573 2034 636 mandata
2052 573 2171 635 mit-

2271 570 2328 627 Ὀ
2396 573 2580 652 Κύριος
2628 572 2712 629 ἐπὶ
2755 573 2850 637 τὰς
2886 574 3108 648 νομικὰς
3154 570 3369 639 ἓντολᾶς
3428 575 3787 654 παραπέμπει
3848 577 3931 634 τὸν

538 673 603 731 tit
633 677 1047 750 rogantem,ne
1078 665 1263 730 Judaei
1293 665 1491 727 dicant
1513 666 1667 745 quod
1692 664 1884 743 legem
1908 673 2179 726 contem-

538 769 635 821 nat
653 761 761 839 (α).
797 757 945 830 Quid
978 754 1197 836 igitur?

612 850 790 910 Vsus.
821 848 920 909 90.
956 845 1144 909 «Dicit
1165 844 1250 905 illi
1278 843 1874 906 adolescens:0mnia
1896 844 2021 903 haec
2044 860 2177 903 ser-

533 938 658 999 vavi
708 956 739 998 a
783 937 1094 1016 juventute
1126 952 1277 993 mea.
1314 932 1465 1003 Quid
1496 932 1691 993 adhuc
1721 932 1868 993 mihi
1914 930 2112 994 deest?
2150 955 2170 987 ι

532 1027 989 1090 Adolescentem
1022 1028 1220 1085 autem
1248 1020 1485 1102 quidam
1522 1030 1584 1082 ut
1617 1021 1939 1099 superbum
1975 1028 2031 1082 et
2077 1041 2175 1083 ar-

532 1126 834 1196 rogantem
868 1122 1136 1191 arguunt.
1176 1110 1485 1182 Quomodo
1514 1111 1674 1171 enim
1726 1110 2031 1171 dilexisset
2061 1112 2173 1171 rite

533 1206 891 1288 proximum,
928 1202 1025 1282 qui
1063 1202 1224 1261 dives
1256 1199 1435 1261 erat?
1477 1198 1686 1260 Nullus
1713 1200 1872 1261 enim
1921 1200 2173 1278 diligens

534 1296 867 1375 proximum
895 1301 955 1352 ut
988 1293 1270 1370 seipsum,
1306 1288 1482 1351 ditior
1510 1290 1891 1368 estproximo
1928 1307 1940 1351 :
1979 1289 2173 1349 omnis

529 1395 725 1445 autem
752 1385 929 1445 homo
964 1378 1542 1461 proximusQuidam
1578 1379 1663 1439 sic
1695 1377 2166 1457 intelligunt,Da,

528 1474 681 1555 quod
715 1474 840 1534 hazc
861 1471 1057 1532 omnia
1083 1468 1388 1530 servarint:
1426 1468 1563 1548 quid
1583 1468 1776 1528 adhuc
1806 1468 1950 1529 mihi
1973 1468 2170 1531 deest?

604 1559 1247 1642 Vsus.91,22.uAitilli
1272 1559 1461 1621 Jesus:
1494 1558 1548 1617 Si
1574 1557 1659 1617 vis
1681 1557 1979 1636 perfectus
2012 1576 2165 1637 esse,

521 1652 886 1728 vade,vendc
917 1669 1047 1731 quae
1070 1648 1340 1726 habes,et
1372 1648 1445 1707 da
1476 1646 1861 1727 pauperibus,
1892 1656 1949 1707 et
1979 1648 2163 1708 babe-

524 1744 613 1803 bis
646 1743 985 1802 thesaurum
1009 1740 1067 1798 in
1093 1738 1241 1798 coelo
1265 1755 1277 1798 :
1304 1746 1361 1797 et
1384 1738 1537 1811 veni,
1572 1754 1825 1815 sequere
1870 1755 1986 1797 me.
2022 1737 2166 1799 Cum
2194 1772 2230 1820 Β

520 1831 783 1895 audisset
835 1842 1034 1889 autem
1089 1826 1440 1887 adolescens
1490 1844 1622 1885 eum
1658 1826 2172 1897 sermonem,abiit

527 1921 732 1995 trislis,
767 1928 893 1980 erat
923 1918 1081 1979 enim
1131 1915 1357 1975 habens
1411 1913 1818 1993 possessiones
1861 1915 2096 1977 multas.
2137 1940 2161 1971 ι)

501 2010 923 2089 _Quaecunque,
976 2004 1188 2084 inquit,
1248 2003 1432 2064 fecisti
1483 2020 1666 2082 opera
1710 2002 1885 2083 bona,
1920 2003 2165 2066 Judaico

526 2117 689 2160 more
720 2097 946 2159 fecisti:
986 2095 1034 2155 si
1065 2107 1263 2154 autem
1297 2092 1384 2153 vis
1416 2092 1855 2172 perfectus,hoc
1881 2102 2168 2167 est,meus

526 2186 851 2267 discipulus
876 2202 1006 2245 esse
1028 2192 1085 2243 et
1112 2181 1511 2243 Christianus:
1544 2181 1722 2261 vade,
1756 2182 1949 2243 vende
1970 2184 2171 2243 omnia

526 2296 656 2357 qua;
679 2276 885 2353 habes,
910 2281 968 2333 et
992 2272 1066 2332 da
1088 2271 1281 2331 statim
1310 2271 1485 2331 simul
1512 2270 1732 2341 omnia,
1770 2271 1933 2333 nulla
1964 2290 2167 2334 reser-

528 2373 758 2440 vans,ut
788 2363 1124 2425 continuam
1157 2358 1333 2420 facias
1364 2359 1822 2438 eleemosynam.
1846 2362 1975 2422 Non
2010 2363 2169 2423 enim

528 2452 987 2522 dixit,Paulatim
1022 2450 1095 2509 da
1129 2448 1512 2528 pauperibus,
1546 2449 1647 2509 sed
1676 2448 1936 2523 dixit,Da
1956 2452 2166 2527 semel,

529 2552 585 2603 et
618 2541 811 2603 nudus
829 2549 976 2601 esto.
1012 2538 1161 2600 Dein
1195 2537 1333 2617 quia
1361 2546 1497 2597 sunt
1522 2538 1687 2598 multi
1724 2538 2166 2615 misericordes,

529 2634 701 2692 vitam
736 2639 929 2690 tamen
963 2628 1123 2688 omni
1156 2627 1372 2687 malitia
1405 2626 1637 2706 plenam
1664 2626 1976 2701 habentes,
2002 2628 2163 2691 dicit:

537 2748 560 2776 (ι
595 2720 667 2783 Et
695 2720 1109 2797 veni,sequere
1145 2717 1419 2790 me,»ltoc
1445 2725 1799 2796 est,omnem
1832 2718 2006 2778 aliam
2031 2738 2172 2798 quo-

531 2830 645 2891 que
668 2809 941 2870 virtutem
970 2805 1144 2867 habe.
1180 2805 1544 2868 Adolescens
1577 2807 1751 2885 igitur
1782 2808 2055 2868 indoluit:
2078 2808 2163 2869 de-

534 2898 834 2962 siderabat
864 2896 1109 2969 etenim,
1159 2903 1216 2955 et
1247 2903 1403 2956 terra
1443 2894 1639 2956 cordis
1670 2896 1853 2977 ipsius
1886 2898 2175 2976 profunda

539 3000 662 3052 erat
692 2997 750 3050 et
789 2985 1043 3067 pinguis,
1070 2984 1169 3045 sed
1204 2984 1388 3065 spinae
1417 2984 1745 3046 divitiarum
1788 2986 2175 3050 suffocabant.

534 3078 667 3140 Erat
690 3077 871 3156 enim,
907 3072 1352 3154 inquit,habens
1369 3075 1770 3153 possessiones
1788 3074 2177 3138 multas.l\'am

2266 658 2630 737 ἐρωτήσαντα,
2689 660 2787 717 ’ίνα
2850 663 2928 735 μὴ
2986 662 3154 742 ἔχωσι
3228 661 3403 741 λέγειν
3453 666 3499 721 οἱ
3533 662 3820 745 Ἰουδαῖοι,
3852 664 3926 722 δτι

2262 756 2355 805 τοῦ
2398 749 2563 823 νόμου
2593 744 2940 830 καταφρονεῖ.
2976 751 3035 808 Τί
3064 754 3153 808 οὖν
3185 773 3200 825 ;

2351 857 2379 893 ε
2414 837 2570 916 Λέγει
2601 842 2743 914 αὒτῷ
2773 842 2801 896 6
2859 840 3128 905 νεανίσκος
3172 856 3184 871 ⁸
3245 842 3425 899 Πάντα
3465 850 3619 900 ταῦτα
3654 842 3925 923 ἐφυλαξά-

2261 948 2370 999 μην
2414 926 2474 981 ix
2517 928 2766 995 νεότητός
2835 952 2958 1005 μου.
3021 931 3081 986 Τί
3145 930 3221 987 ἔτι
3279 933 3480 1010 ὕστερῶ
3516 952 3532 1008 ;
3570 956 3596 988 ι
3646 933 3809 996 Τινὲς
3853 936 3923 997 ὡς

2261 1017 2581 1090 κομπαστὴν
2638 1020 2725 1075 καὶ
2811 1016 3041 1090 ἀλαζόνα
3112 1018 3449 1079 διαϐάλλουσι
3520 1030 3737 1081 τοῦτον.
3805 1028 3923 1087 Πῶς

2259 1105 2357 1182 γὰρ
2416 1106 2731 1185 κατώρθωσε
2777 1109 2837 1164 τὸ
2895 1108 3107 1186 ἀγαπᾷν
3159 1112 3250 1167 τὸν
3309 1110 3558 1188 πλησίον,
3593 1110 3717 1192 εἴγε
3748 1111 3919 1170 πλού-

2258 1216 2368 1258 σιος
2426 1196 2492 1260 ἦν
2528 1217 2543 1272 ς
2582 1194 2744 1262 οὖδεὶς
2774 1199 2873 1276 γὰρ
2916 1199 3138 1278 ἀγαπῶν
3169 1204 3258 1258 τὸν
3313 1201 3537 1269 πλησίον
3579 1205 3653 1266 ὡς
3703 1205 3917 1283 ἑαυτὸν,

2255 1281 2642 1363 πλουσιώτερός
2690 1285 2800 1342 ἐστι
2847 1296 2937 1344 τοῦ
2996 1288 3227 1356 πλησίον
3261 1313 3276 1328 ⁸
3350 1299 3453 1356 πᾶς
3512 1290 3566 1348 δὲ
3609 1281 3915 1371 ἅνθρωπος,

2254 1370 2502 1438 πλησίον,
2554 1374 2704 1437 Τινὲς
2737 1373 2791 1431 δὲ
2822 1376 2961 1433 οὕτω
3005 1386 3178 1435 νοοῦσι
3222 1386 3400 1439 τοῦτο.
3434 1372 3678 1454 Τπόθες,
3729 1383 3915 1461 φησὶν,

2254 1460 2334 1516 ὅτι
2379 1463 2543 1518 ταῦτα
2575 1464 2749 1521 πάντα
2785 1464 3117 1545 φυλαξαίμην
3151 1488 3166 1504 ο
3198 1469 3249 1525 τί
3278 1492 3369 1544 μοι
3400 1468 3477 1527 ἔτι
3508 1469 3676 1527 λείπει
3716 1490 3732 1550 ;

2340 1574 2367 1604 α
2404 1549 2566 1631 ’Ἔφη
2613 1553 2756 1628 αὒτῷ
2813 1558 2840 1610 6
2888 1552 3088 1623 Ἰησοῦς
3122 1574 3134 1586 ⁸
3195 1560 3253 1615 Εἰ
3308 1558 3479 1622 θέλεις
3510 1549 3724 1623 τέλειος
3744 1565 3914 1639 εἶναι,

2252 1638 2446 1721 ὕπαγε,
2510 1640 2765 1710 πώλησον
2820 1666 2912 1700 σου
2969 1647 3035 1703 τὰ
3089 1648 3423 1726 ὑπάρχοντα,
3468 1652 3554 1705 καὶ
3610 1647 3701 1715 δὸς
3761 1671 3914 1705 πτω-

2254 1752 2402 1808 χοις,
2450 1732 2537 1786 καὶ
2599 1730 2729 1796 ἕξεις
2784 1736 3045 1805 θησαυρὸν
3092 1735 3145 1791 ἐν
3201 1737 3427 1815 οεὸρανῷ,
3476 1740 3563 1794 καὶ
3591 1736 3744 1816 δεῦρο
3776 1739 3910 1795 ἀκο-

2254 1816 2427 1874 λούθει
2460 1841 2574 1893 μοι.
2612 1818 2872 1886 Ἀκούσας
2905 1821 2959 1877 δὲ
2989 1826 3016 1880 6
3062 1826 3330 1890 νεανίσκος
3361 1829 3453 1883 τὸν
3484 1826 3665 1906 λόγον,
3701 1827 3917 1894 ἀπῆλθα

2252 1907 2580 1983 λυπούμενος
2618 1930 2630 1943 ·
2666 1910 2730 1977 ἧν
2776 1912 2875 1991 γὰρ
2924 1911 3067 1994 ἔχων
3118 1917 3368 1991 κτήματα
3425 1916 3622 1980 πολλά,
3663 1941 3687 1975 ο
3760 1907 3911 1974 "Oc:

2253 1997 2376 2076 μὲν,
2477 2002 2657 2078 φησὶν,
2714 2001 2869 2066 εἶπες
2948 2007 3299 2083 κατορθῶσαι,
3379 2015 3542 2065 ταῦτα
3599 2005 3909 2068 Ἰουδαϊκῶς

2252 2087 2603 2165 κατώρθωσας
2643 2108 2656 2120 ·
2715 2091 2759 2145 εἰ
2823 2088 2877 2145 δὲ
2928 2091 3097 2155 θέλεις
3167 2092 3393 2175 τέλειος,
3439 2095 3731 2169 τουτέστιν,
3782 2094 3907 2170 ἐμὸς

2254 2175 2396 2231 εἶναι
2456 2178 2701 2251 μαθητὴς
2784 2182 2869 2237 καὶ
2948 2185 3278 2264 Χριστιανὸς,
3364 2184 3557 2264 ὕπαγε,
3644 2184 3904 2252 πώλησόν

2254 2272 2345 2320 σοῦ
2402 2267 2465 2321 τὰ
2512 2267 2845 2348 ὑπάρχοντα,
2879 2273 2967 2327 καὶ
3021 2269 3109 2335 δὸς
3154 2275 3336 2331 αὐτίκα
3379 2277 3512 2349 ὁμοῦ
3580 2276 3778 2354 πάντα,
3828 2272 3905 2349 μὴ

2254 2362 2603 2433 παρακρατῶν
2658 2379 2797 2432 τινα,
2858 2358 2951 2415 ’ίνα
2983 2356 3313 2418 ὰδίάλειπτον
3344 2370 3505 2440 ποιῇς
3538 2364 3636 2431 τὴν
3664 2363 3903 2436 ἐλεημο-

2253 2444 2436 2510 σύνην,
2500 2447 2572 2501 Οὐ
2614 2447 2713 2524 γὰρ
2758 2452 2904 2524 εἶπε,
2958 2447 3093 2506 δίδου
3145 2466 3418 2533 πτωχοῖς,
3454 2452 3615 2528 ἀλλὰ,
3647 2453 3731 2516 δὸς
3764 2449 3903 2515 ἅπαξ

2252 2533 2339 2588 καὶ
2373 2534 2700 2611 γυμνώθητι,
2755 2537 2890 2593 Εἶτα
2934 2538 3047 2594 ἐπεὶ
3099 2542 3196 2596 εἰσί
3250 2564 3388 2606 τινες
3448 2542 3716 2607 ἐλεοῦντες
3777 2543 3900 2620 μὲν,

2253 2620 2429 2687 πάσης
2486 2619 2540 2677 δὲ
2595 2624 2846 2703 ῥυπαρίας
2909 2626 3202 2703 ἀνάμεστον
3271 2632 3381 2707 βίον
3424 2630 3670 2712 ἔχοντες,
3718 2619 3902 2711 quid;

2262 2728 2285 2763 ι
2327 2712 2423 2767 Καὶ
2482 2709 2629 2791 δεῦρο
2714 2713 2985 2771 ἀκολούθει
3062 2741 3178 2793 μοι,
3250 2743 3273 2776 ι
3334 2709 3590 2796 τουτέστι,
3651 2709 3737 2777 καί
3800 2720 3903 2784 τὴν

2259 2796 2427 2865 ἄλλην
2471 2806 2644 2857 πᾶσαι
2701 2802 2889 2880 ἀρετὴν
2936 2803 3054 2884 ἔχε,
3121 2798 3177 2864 εΟ
3233 2808 3411 2884 μέντοι
3455 2811 3719 2872 νεανίσκος
3764 2807 3897 2863 έλυσ-

2258 2889 2403 2957 πήθη
2440 2903 2455 2917 ⁸
2519 2888 2763 2966 ἐπεθύμει
2809 2894 2908 2966 μὲν
2950 2896 3072 2971 γὰρ,
3105 2898 3193 2953 καὶ
3222 2898 3409 2972 βαθεῖα
3454 2900 3539 2955 καὶ
3589 2900 3717 2954 πίων
3746 2898 3816 2962 ἧν
3852 2897 3884 2961 ἡ

2262 2981 2334 3052 γῆ
2395 2978 2490 3045 τῆς
2549 2978 2758 3058 καρδίας
2803 2984 2981 3058 α’ὒτοῦ,
3028 2982 3146 3041 ἀλλ’
3178 2988 3228 3042 αἱ
3282 2986 3496 3044 ἄκανθαι
3539 2989 3628 3045 τοῦ
3667 2986 3887 3043 πλούτου

2262 3065 2567 3155 συνέπνιγον
2602 3088 2614 3101 ·
2679 3070 2744 3137 ἦν
2798 3071 2921 3150 γὰρ,
2978 3075 3159 3153 φησὶν,
3206 3075 3351 3155 ἔχων
3409 3073 3657 3152 κτίματα
3695 3072 3891 3133 πολλά.

538 3167 636 3248 qui
663 3145 879 3247 paucas
905 3145 1226 3242 habet,‘non
1250 3164 1327 3224 ita
1348 3145 1417 3223 ab
1443 3162 1561 3225 illis
1580 3164 1913 3225 detinetur:
1941 3165 1999 3225 in
2023 3166 2171 3226 mul-

2266 3145 2322 3210 ’Θ
2380 3145 2495 3230 μὲν
2534 3158 2633 3234 γὰρ
2677 3145 2829 3237 ὀλίγά
3084 3145 3187 3244 οἶά⁸
3218 3145 3413 3239 δμοίως
3452 3145 3735 3247 κατέχεται
3768 3163 3897 3219 τού-

538 3266 610 3322 tis
632 3260 789 3321 enim
813 3258 1031 3318 divitiis
1052 3255 1365 3316 violentius
1389 3265 1476 3315 est
1498 3256 2014 3319 vinculum.Porro
2039 3257 2176 3337 quia

534 3349 698 3412 diviti
720 3345 2178 3428 loquebaturChristus,dicebat,Habiturusesthe-

542 3458 775 3501 saurum
801 3436 1045 3507 incoelo,
1073 3434 1205 3493 105
1226 3433 1559 3494 divitiarum
1579 3435 1735 3495 enim
1778 3446 2010 3498 amator
2025 3446 2170 3498 erat.

616 3528 800 3587 VEns.
834 3524 937 3598 93,
969 3524 1067 3585 24.
1128 3549 1151 3575 α
1189 3524 1359 3584 Jesus
1419 3532 1616 3585 autem
1677 3525 1817 3584 dixit
1867 3526 2175 3606 discipulis

537 3617 657 3677 suis
691 3637 704 3673 τ
739 3617 927 3675 Amen
959 3612 1091 3673 dico
1122 3611 1313 3682 vobis,
1358 3611 1520 3672 dives
1564 3612 1801 3674 difficile
1836 3615 2077 3675 intrabit
2113 3617 2172 3677 in

537 3722 785 3783 regnum
817 3701 1127 3763 caelorum.
1165 3704 1386 3762 Iterum
1415 3710 1608 3762 autem
1637 3701 1770 3762 dico
1812 3702 2000 3777 vobis,
2026 3704 2174 3765 faci—

534 3794 646 3854 lius
680 3802 767 3853 est
797 3792 1083 3851 catnelum
1112 3809 1218 3871 per
1248 3791 1512 3851 foramen
1545 3808 1686 3851 acus
1716 3792 2172 3873 transire,quam

536 3881 778 3943 divitem
812 3881 871 3943 in
921 3879 1166 3957 regnum
1210 3880 1316 3941 Dei
1366 3880 1614 3956 ingredi.
1658 3905 1682 3935 ι
1717 3878 1987 3952 Quandiu
2014 3883 2175 3945 dives

536 3979 593 4033 et
622 3971 750 4051 ipse
779 3969 1019 4050 quidem
1068 3969 1245 4030 habet
1294 3970 1614 4049 superﬂua,
1651 3980 1713 4031 et
1771 3969 1870 4031 alii
1923 3990 2037 4032 non
2085 3973 2172 4035 vel

536 4060 893 4134 necessaria,
929 4078 1044 4119 non
1080 4058 1408 4137 ingreditur
1443 4059 1500 4117 in
1550 4077 1798 4136 regnum
1860 4061 2167 4124 caelorum.

530 4157 840 4231 postquam
879 4157 1074 4209 autem
1109 4148 1368 4209 excussit
1410 4147 1777 4220 omnia,tunc
1808 4168 1927 4210 non
1957 4159 2046 4212 est
2081 4151 2173 4212 di-

535 4256 656 4318 ves,
690 4245 748 4299 et
778 4245 977 4317 postea
998 4237 1262 4299 intrabit.
1294 4238 1665 4317 lmpossibile
1688 4245 1777 4300 est
1799 4241 1955 4302 enim
1995 4241 2174 4302 multa

531 4327 849 4388 habentem
898 4328 1120 4388 intrare
1159 4378 1173 4407 ,
1218 4327 1371 4388 sicut
1429 4336 1487 4387 et
1542 4328 1831 4388 camelum
1889 4328 2169 4409 impossi-

530 4415 650 4478 bile
708 4436 814 4497 per
873 4417 1139 4479 forameu
1214 4435 1355 4477 acus
1420 4417 1695 4479 transire.
1756 4417 1906 4479 Vide
1964 4428 2163 4481 autem

529 4505 825 4585 quomodo
856 4507 1011 4585 quod
1057 4507 1329 4586 superius
1379 4505 1526 4567 dixit
1573 4506 1839 4583 difﬁcile,
1900 4507 1994 4569 hic
2025 4510 2177 4573 dicit

528 4594 921 4673 impossibile.
991 4594 1268 4656 Nonnulli
1340 4604 1534 4656 autem
1613 4596 1822 4658 dicunt
1875 4600 2167 4661 camelum

528 4701 649 4744 non
694 4683 910 4744 animal
961 4684 1320 4763 signiﬁcare,
1374 4685 1478 4745 sed
1529 4703 1793 4746 crassum
1851 4690 2166 4767 quemdam

528 4774 752 4849 funem,
789 4792 904 4854 quo
961 4783 1153 4835 nautae
1205 4783 1451 4836 utuntur
1499 4785 1563 4836 ut
1608 4774 1923 4854 projiciant
1984 4795 2167 4839 anco-

526 4881 640 4924 ras.

606 4951 914 5027 “2:13.25,
948 4951 1331 5016 26.«Auditis
1349 4960 1544 5015 autem
1578 4952 2161 5037 his,discipuliexpa-

524 5052 731 5103 verunt
752 5042 1238 5115 valde,dice'ntes:
1263 5041 1405 5114 Quis
1424 5062 1561 5121 ergo
1584 5051 1778 5121 potest
1798 5043 1990 5103 salvus
2015 5044 2173 5105 fieri?

522 5129 775 5192 Intuitus
805 5140 998 5193 autem
1033 5132 1166 5194 illos
1197 5133 1368 5194 Jesus
1392 5131 1539 5195 dixit
1560 5130 1875 5213 illis,Apud
1898 5134 2172 5196 homines

524 5221 635 5283 hoc
666 5222 1032 5301 impossibile
1065 5221 1338 5300 est,apud
1377 5219 1555 5282 Deum
1589 5229 1782 5281 autem
1821 5222 2021 5283 omnia
2040 5242 2167 5303 pos-

524 5310 719 5370 sibilia
746 5309 1237 5390 sunt.»Discipuli
1268 5318 1331 5371 ut
1362 5309 1805 5385 misericordes,
1843 5329 1958 5371 non
1985 5311 2170 5373 inter-

526 5408 731 5475 rogant
763 5416 866 5479 pro
888 5399 1101 5479 seipsis
1129 5400 1445 5480 (pauperes
1476 5400 1632 5460 enim
1659 5400 2045 5480 fuerant),sed
2067 5420 2170 5482 pro

521 5488 797 5549 omnibus
847 5488 1215 5550 hominibus.
1270 5489 1557 5552 Dominus
1604 5490 1786 5567 igitur
1837 5488 2013 5551 docet
2050 5511 2169 5553 non

520 5576 778 5637 humana
802 5577 1148 5641 infirmitate
1171 5578 1532 5641 metiendam
1557 5579 1946 5654 salutem,sed
1973 5581 2169 5649 divina

2258 3265 2367 3334 τοις
2402 3246 2519 3334 ’,ἐν
2569 3248 2667 3327 γὰρ
2712 3263 2827 3313 τοῖς
2860 3251 3089 3317 πολλοῖς
3119 3257 3559 3334 τυραννικώτερος
3588 3246 3623 3313 ⁷6
3652 3254 3844 3331 δεσμός
3876 3270 3891 3286 ⁸

2259 3333 2373 3427 ἐπεὶ
2429 3333 2483 3390 δὲ
2525 3338 2656 3415 πρὸς
2688 3338 2939 3397 πλούσιον
2995 3340 3263 3422 διελέγετο
3306 3348 3334 3402 6
3366 3333 3575 3426 Κύριος,
3608 3349 3787 3427 φησὶν,
3818 3344 3896 3399 ὅτι

2262 3413 2446 3515 "Egere
2478 3426 2532 3515 ἐν
2562 3413 2805 3515 ούρανοῖς
2835 3433 3119 3513 θησαυρὸν,
3153 3413 3274 3490 ’ἐπεὶ
3304 3413 3714 3515 φιλογρήματος
3738 3413 3819 3496 εἷ’,

2346 3516 2376 3571 ἀ
2410 3505 2466 3571 ι0
2509 3512 2563 3570 δὲ
2595 3513 2800 3583 Ἰησοὺς
2846 3520 2971 3575 εἶπε
3009 3505 3133 3585 ’τοῖς
3175 3505 3636 3597 μαθηταῖςῃαῦτοῦ
3670 3539 3684 3553 ⁸
3724 3522 3900 3599 Ἀμὴν

2259 3600 2403 3679 λέγω
2456 3605 2586 3680 ὑμῖν
2650 3604 2729 3661 ὅτι
2782 3606 3029 3674 πλούσιος
3088 3609 3356 3676 δυσκόλως
3415 3612 3769 3670 εἰσελεύσεται
3828 3614 3901 3673 εἰς

2260 3691 2354 3759 τὴν
2413 3693 2682 3768 βασιλείαν
2738 3704 2844 3753 τῶν
2896 3703 3150 3779 οὐρανῶν,
3211 3702 3376 3760 Πάλιν
3432 3701 3486 3758 δὲ
3549 3701 3689 3781 λέγω
3746 3704 3897 3779 ὑμῖν,

2260 3782 2619 3861 εὐκοπώτερόν
2678 3784 2788 3842 ἐστι
2842 3788 3087 3863 κάμηλον
3146 3789 3229 3847 διὰ
3283 3794 3623 3871 τρυπήματος
3687 3790 3901 3873 ῥαφίδος

2258 3870 2511 3949 διελθεῖν,
2565 3875 2599 3940 ἢ
2630 3874 2882 3934 πλούσιον
2923 3880 2993 3944 εἷς
3050 3882 3149 3948 τὴν
3188 3880 3457 3957 βασιλείαν
3488 3890 3577 3938 τοῦ
3610 3890 3745 3940 Θεοῦ
3788 3883 3901 3937 εἰσ-

2258 3958 2452 4021 ελθεῖν.
2493 3985 2516 4020 ι
2585 3954 2739 4025 υΕως
2797 3966 2858 4023 ἂν
2927 3972 2963 4046 ᾗ
3021 3954 3296 4053 πλούσιος,
3348 3974 3436 4028 καὶ
3477 3972 3633 4036 αὐτὸς
3664 3974 3765 4049 μὲν
3796 3971 3901 4051 ἔχῃ

2258 4052 2499 4127 περιττὰ,
2546 4050 2695 4111 ἄλλοι
2752 4053 2805 4111 δὲ
2865 4055 2979 4115 οὐδὲ
3034 4059 3100 4118 τὰ
3142 4050 3432 4138 ἀναγκαῖα,
3494 4064 3553 4119 οὗ
3583 4063 3660 4138 μὴ
3692 4050 3901 4139 εἰσέλθῃ

2258 4140 2328 4204 εἷς
2386 4141 2485 4208 τὴν
2567 4143 2837 4219 βασιλείαν
2908 4154 3013 4203 τῶν
3096 4149 3353 4228 οὗρανῶν.
3416 4149 3663 4209 Ἐπειδὰν
3722 4152 3902 4229 μέντοι

2257 4228 2635 4299 ἀποτινάξηται
2689 4233 2885 4311 πάντα,
2943 4237 3063 4294 τότε
3122 4243 3181 4297 οὒ
3249 4239 3523 4319 πλούσιος,
3568 4243 3655 4299 καὶ
3714 4228 3902 4300 λοιπὸν

2257 4319 2626 4383 εἶσελεύσεται.
2688 4322 2967 4383 Ἀδύνατον
3043 4329 3141 4406 γὰρ
3218 4328 3392 4386 πολλὰ
3474 4329 3669 4410 ἔχοντα
3724 4330 3900 4388 εἰσελ-

2254 4410 2388 4483 θεῖν,
2451 4410 2627 4490 ὥσπερ
2682 4414 2770 4469 καὶ
2825 4415 2921 4483 τὴν
2981 4416 3227 4494 κάμηλον
3283 4418 3531 4477 ἀδύνατον
3565 4418 3791 4478 διελθεῖν
3820 4420 3902 4476 διὰ

2263 4500 2603 4577 τρυπήματος
2673 4501 2919 4579 βελόνης·
2983 4503 3100 4563 ’Ἴδε
3181 4507 3271 4564 οὗν
3327 4516 3441 4573 πῶς
3498 4510 3747 4586 ἀνωτέρω
3804 4510 3900 4583 μὲν

2265 4588 2514 4648 δύσκολον
2572 4592 2696 4650 εἶπε
2777 4596 2839 4651 τὸ
2908 4596 3186 4680 εἰσελθεῖν,
3264 4599 3481 4659 ἐνταῦθα
3538 4599 3594 4657 δὲ
3650 4600 3899 4659 ἀδύνατον

2252 4679 2549 4771 παντελῶς.
2617 4684 2766 4748 Τινὲς
2825 4683 2880 4740 δὲ
2966 4679 3235 4769 κάμηλον,
3295 4689 3355 4745 ού
3410 4691 3472 4746 τὸ
3525 4690 3658 4761 ζῶόν
3712 4712 3893 4771 φασιν,

2244 4767 2389 4861 ’ἀλλὰ
2432 4772 2493 4827 τὸ
2541 4776 2692 4853 παχὺ
2737 4775 2996 4857 σχοινίον,
3049 4780 3095 4853 ᾧ
3123 4767 3361 4859 χρῶνται
3392 4782 3439 4837 οἱ
3469 4787 3647 4839 ναῦται
3675 4767 3806 4861 πρὸς
3835 4778 3896 4835 τὸ

2250 4859 2447 4935 ῥίπτειν
2488 4863 2582 4926 τὰς
2626 4865 2855 4943 ἀγκύρας
2867 4909 2884 4926 .
3721 4859 3729 4861 ξ
3876 4936 3879 4937 ,

2340 4970 2364 5005 α
2417 4947 2766 5019 Ἀκουσαντες
2824 4954 2877 5011 δὲ
2922 4958 2971 5013 οἱ
3028 4960 3261 5035 μαθηταὶ
3316 4960 3472 5018 αὐτοῦ
3510 4960 3898 5033 εξεπλήσσοντο

2252 5037 2473 5127 σφόδρα,
2531 5041 2775 5122 λέγοντες
2808 5065 2822 5080 ο
2887 5046 2975 5110 Τίς
3034 5047 3135 5127 ἄρα
3178 5046 3387 5106 δύναται
3420 5052 3703 5126 «suam;
3761 5058 3900 5127 Ἐμ-

2252 5124 2344 5183 ϐλέ
2360 5134 2454 5203 ζέας
2490 5128 2554 5221 Δδὲ
2599 5135 2626 5189 6
2692 5132 2899 5202 Ἰησοὺς
2949 5124 3102 5193 εἶπεν
3153 5141 3359 5202 αὐτοῖς,
3423 5142 3571 5219 Παρὰ
3614 5124 3901 5221 ἀνθρώποις

2251 5220 2404 5276 τοῦτο
2448 5219 2698 5281 ἀδύνατόν
2757 5225 2893 5299 ἐστι,
2953 5228 3096 5306 παρά
3148 5224 3203 5284 δὲ
3248 5234 3364 5302 Θεῷ
3403 5219 3831 5299 πάνταδυνατά.
3868 5249 3895 5281 ³

2257 5313 2317 5366 Οἱ
2376 5314 2610 5385 μαθηταὶ
2658 5312 3013 5393 φιλάνθρωποι
3068 5314 3239 5392 ὄντες,
3292 5317 3557 5399 ἐρωτῶσιν
3612 5324 3717 5399 οὐχ
3776 5318 3902 5395 ὑπὲρ

2256 5401 2455 5457 ἑαυτῶν
2519 5401 2767 5489 (πένητες
2825 5406 2926 5485 γὰρ
2966 5403 3153 5487 ἦσαν),
3215 5406 3336 5464 ἀλλ’
3386 5409 3517 5489 ὑπὲρ
3569 5411 3785 5467 πάντων
3816 5408 3901 5463 ἀν·-

2255 5493 2503 5571 θρώπων,
2554 5485 2612 5553 Ὀ
2657 5499 2745 5553 οὖν
2802 5499 2988 5578 Κύριος
3045 5485 3272 5558 διδάσκει
3334 5500 3408 5578 μνλ
3604 5502 3899 5579 ἀνθρωπίνῃ

2251 5584 2488 5657 ἀσθενείᾳ
2545 5589 2872 5669 συμμετρεῗν
2930 5589 3030 5657 τὴν
3112 5595 3399 5673 σωτηρίαν,
3475 5590 3611 5651 ἀλλᾶ
3667 5593 3735 5661 τῆ
3811 5597 3899 5648 τοῦ

601 5708 693 5789 (a)
728 5706 881 5775 Edit.
910 5715 1038 5776 Lut.
1074 5712 1300 5786 omisit,
1335 5712 1501 5787 Quid
1524 5715 1714 5792 igitur
1741 5729 1931 5791 usque
1952 5715 2025 5777 ad
2048 5734 2120 5779 ea
2148 5716 2333 5781 verba
2366 5718 2836 5786 Adolescentom.

4068 292 4071 395 1
