4122 6270
253 376 365 441 357
900 372 1347 437 ΕΝΑΒΒΑΤΙΟ
1389 372 1473 436 IN
1518 362 1910 435 EVANGELI

2004 365 2026 424 ί
2070 366 2460 431 ΜΑΤΤΗίΕΙ.
2515 404 2581 414 -ε-
2630 371 2794 432 CAP.
2843 372 2979 431 XIX
3515 364 3631 431 358

251 513 378 566 Θεοῦ
428 505 666 582 δυνάμει.
715 505 840 564 Ἐὰν
873 506 972 585 γὰρ
1030 527 1110 568 τις
1170 501 1389 582 ἄρξηται
1421 501 1497 575 μὴ
1531 499 1895 571 πλεονεκτεῖν,

2004 498 2219 566 tirtute.
2251 503 2394 565 Nam
2416 506 2463 565 si
2493 504 2625 584 quis
2658 503 2905 582 cceperit
2936 522 3053 564 non
3104 521 3235 564 esse
3280 520 3514 577 avarus,
3557 502 3637 563 ita

244 598 512 677 προκόψει
557 598 646 654 καὶ
691 598 761 661 εἰς
819 597 882 653 τὸ
938 596 1005 651 τὰ
1058 593 1279 674 περιττὰ
1323 591 1635 670 ὰπαντλεῒν,
1692 591 1796 648 ἀπὸ
1851 589 1903 646 δε

2004 592 2280 671 proficiet,
2314 603 2375 653 ut
2405 603 2461 655 et
2509 594 2806 671 superﬂua
2851 592 3177 665 exhauriat,
3213 608 3269 652 et
3322 605 3529 673 postea
3564 610 3631 653 eo

243 688 462 767 τούτου,
515 688 603 743 καὶ
647 688 721 750 εἰς
775 688 835 741 τὸ
887 686 953 740 τὰ
997 684 1263 761 ἀναγκαῖα
1318 688 1499 738 κενοῦν
1554 678 1901 760 προϐήσεται,

243 781 339 835 καὶ
368 778 537 841 οὕτως
571 774 955 845 εὖοδωθήσεται
987 774 1272 853 συμμαχίᾳ
1304 779 1457 833 Θεοῦ.

331 890 355 922 ι
398 866 532 924 Τότε
590 866 895 944 ἀποκριθεὶς
955 867 982 920 6
1040 863 1237 942 Πέτρος
1297 863 1455 917 εἶπεν
1516 864 1658 933 αὑτῷ
1707 881 1718 893 ·
1779 858 1909 917 Ἰδοὺ

243 956 418 1030 ἡμεῖς
479 954 760 1035 ἀφήκαμεν
820 951 1015 1025 πάντα,
1063 953 1152 1007 καὶ
1208 949 1645 1025 ἠκολουθήσαμέν
1676 971 1761 1005 σοι
1800 968 1813 981 ·
1860 949 1910 1004 τί

246 1042 351 1122 ἄρα
402 1042 555 1099 ἔσται
585 1043 722 1117 ἧμτν
757 1064 773 1119 ς
826 1064 849 1097 ι
892 1042 947 1098 Εἰ
980 1042 1068 1096 καὶ
1098 1038 1246 1095 δοκεῖ
1274 1041 1301 1094 6
1346 1038 1543 1116 Πέτρος
1576 1040 1653 1114 μή
1700 1036 1909 1117 ἀφεῖναί

247 1154 367 1188 τινα
426 1131 635 1209 μεγαλα
692 1134 765 1195 ὡς
824 1132 898 1187 ὢν
929 1151 1173 1209 πτωχος,
1228 1126 1345 1183 ἀλλ’
1399 1130 1486 1183 οὖν
1529 1130 1779 1206 γίνωσκε,
1825 1127 1905 1183 ὅτι

248 1224 328 1296 τῷ
371 1220 480 1278 ὄντι
538 1219 712 1277 πολλὰ
766 1220 940 1300 ἀφῆκε
1012 1221 1100 1275 καὶ
1174 1219 1351 1281 αὐτός.
1420 1218 1519 1273 Καὶ
1574 1218 1673 1295 γὰρ
1721 1216 1908 1295 σχέσιν

251 1312 478 1367 πλείονα
537 1310 734 1389 ’έχομεν
782 1312 827 1365 οἱ
888 1308 1154 1389 ἄνθρωποι
1208 1307 1259 1362 ἐν
1317 1320 1433 1369 τοῖς
1482 1303 1677 1381 ὀλίγοις
1708 1324 1722 1340 ο
1772 1304 1907 1361 ἀλλὰ

247 1402 337 1457 καὶ
410 1407 587 1457 πᾶσαν
657 1401 922 1476 κοσμικὴν
1008 1398 1327 1467 ἡδυπάθειαν
1387 1396 1655 1475 ὑπερεῖδεν
1714 1400 1741 1452 6
1799 1396 1906 1451 Πέ-

246 1513 399 1566 τρος,
458 1492 544 1547 καὶ
596 1492 692 1559 τὴν
753 1490 884 1569 πρός
943 1490 1064 1552 τοὺς
1116 1501 1293 1567 γονεῖς
1325 1486 1688 1567 φιλοσαρκίαν.
1738 1493 1909 1544 Ταῦτα

246 1581 351 1658 γὰρ
411 1582 476 1636 τὰ
537 1580 679 1647 πάθη
740 1582 800 1635 οὔ
882 1580 1044 1654 μόνον
1096 1579 1231 1634 κατὰ
1288 1576 1574 1655 πλουσίων,
1631 1575 1765 1633 ἀλλὰ
1824 1576 1910 1631 καὶ

246 1670 389 1725 κατᾶ
419 1670 665 1738 πενήτων
696 1669 1079 1747 ἐπιστρατεύει.
1120 1667 1179 1725 Τί
1221 1670 1308 1721 οὖν
1340 1669 1367 1721 6
1402 1667 1586 1744 Κύριος
1622 1686 1637 1743 ;

338 1782 363 1813 α
418 1749 476 1816 Ὀ
537 1757 591 1813 δὲ
638 1759 841 1825 Ἰησοῦς
899 1761 1049 1813 εἶπεν
1102 1761 1286 1820 αὐτοῖς
1322 1772 1335 1785 ⁸
1377 1756 1549 1830 ’Λμὴν
1586 1755 1728 1833 λέγω
1752 1756 1904 1833 ὑμῖν,

244 1849 330 1905 ὅτι
394 1848 549 1922 ὑμεῖς
594 1850 640 1902 οἱ
671 1845 1125 1916 ἀκολουθήσαντές
1172 1868 1286 1919 μοι,
1318 1847 1372 1900 ἐν
1403 1851 1470 1920 τῇ
1501 1843 1902 1920 παλιγγενεσία,

246 1937 377 1993 ὅταν
432 1937 623 2012 καθίσῃ
682 1938 708 1991 6
757 1938 875 1998 Υἱὸς
930 1943 1021 1991 τοῦ
1064 1936 1334 2012 ἀνθρώπου
1388 1934 1473 1989 ἐπὶ
1523 1934 1708 2011 θρόνου
1752 1931 1905 1999 δόξης

250 2027 432 2093 αὐτοῦ,
511 2026 797 2094 καθήσεσθε
855 2026 943 2080 καὶ
1002 2026 1157 2099 ὑμεῖς
1238 2024 1322 2078 ἐπὶ
1397 2021 1597 2079 δώδεκα
1669 2024 1902 2101 θρόνους,

250 2118 520 2195 κρίνοντες
579 2116 671 2178 τὰς
722 2112 922 2170 δώδεκα
982 2114 1147 2193 φυλὰς
1200 2122 1291 2171 τοῦ
1377 2110 1611 2189 Ἰσραὴλ.
1678 2134 1702 2168 ν
1776 2100 1907 2189 Ἀρα

254 2206 720 2283 καθεσθήσονται;
782 2205 942 2282 Οὐχὶ,
1004 2201 1139 2257 ἆλλὰ
1197 2202 1291 2269 τὴν
1336 2197 1762 2278 ὑπερϐάλλουσαν
1817 2221 1904 2254 τι-

252 2295 361 2367 μὴν
405 2291 491 2349 διὰ
532 2314 631 2359 της
704 2290 955 2370 καθέδρας
1012 2290 1252 2360 ἐδήλωσε
1289 2310 1304 2328 ο
1352 2292 1439 2345 καὶ
1486 2292 1513 2345 6
1571 2287 1769 2350 Ἰούδας
1818 2291 1908 2345 οὖν

251 2384 681 2457 καθεσθήσεται;
745 2381 901 2462 Ούχί,
960 2381 1021 2438 Οἱ
1076 2379 1527 2449 ἀκολουθήσαντες
1579 2380 1679 2457 γὰρ
1754 2379 1900 2451 εἶπε,

252 2473 525 2530 τουτέστιν
582 2472 629 2526 οἰ
684 2468 811 2549 ἄχρι
870 2468 1077 2543 τέλους,
1137 2469 1342 2532 ἐκεῖνος
1386 2466 1439 2525 δὲ
1491 2472 1584 2526 οὒκ
1627 2468 1755 2546 ἁχρι
1810 2467 1902 2522 τέ-

253 2560 405 2625 λους.
460 2557 695 2623 ’¹Αλλως
745 2582 825 2634 τε,
858 2558 1117 2624 πολλάκις
1149 2560 1177 2614 6
1209 2560 1337 2622 Θεὸς
1366 2557 1709 2637 ὑπισχνεῖται
1740 2557 1907 2634 ἀγαθά

253 2649 390 2706 τισίν
450 2647 610 2714 ἀξίοις
658 2651 824 2709 οὖσιν.
882 2646 1051 2704 Ἐπὰν
1116 2645 1171 2703 δὲ
1230 2645 1591 2723 μεταϐληθεῖν
1631 2648 1718 2703 καὶ
1772 2647 1906 2702 ἀνά-

1928 1823 1968 1875 Β

1994 682 2412 758 progredietur
2445 688 2508 745 ut
2554 683 2730 743 etiam
2778 683 3113 743 necessaria
3158 691 3422 757 evacuet,
3460 698 3514 744 et
3550 681 3635 745 sic

1994 767 2146 831 bene
2180 771 2628 851 prosperabitur
2657 772 2970 850 adjuvante
3002 774 3143 834 Deo.

2074 862 2370 923 “£83.21.
2389 861 2584 921 «Tunc
2602 861 2969 940 respondens
2986 861 3635 924 Petrusdixitilli;Ecce

1993 966 2101 1007 nos
2131 950 2480 1030 reliquimus
2521 950 2746 1029 omnia,
2791 959 2848 1010 et
2886 951 3071 1011 secuti
3116 969 3318 1010 sumus
3350 960 3411 1012 te
3446 969 3459 1014 :
3495 952 3637 1032 quid

1991 1037 2170 1113 igitur
2202 1040 2314 1099 erit
2343 1039 2555 1099 nobis?
2590 1065 2610 1096 ο
2665 1039 2917 1099 Tametsi
2951 1039 3215 1100 videatur
3264 1037 3471 1100 Petrus
3518 1060 3635 1103 non

1993 1128 2293 1190 dimisisse
2348 1147 2557 1207 magna
2586 1128 2804 1207 aliqua,
2836 1137 3040 1207 utpote
3100 1146 3343 1208 pauper,
3377 1138 3637 1191 attamen

1993 1216 2159 1278 disce
2192 1218 2346 1298 quod
2383 1218 2577 1297 reipsa
2610 1218 2853 1277 multum
2907 1217 3083 1277 etiam
3132 1217 3259 1296 ipse
3289 1218 3625 1298 reliquerit.

1992 1306 2220 1366 Etenim
2272 1318 2327 1367 et
2372 1325 2678 1387 parvarum
2729 1324 2927 1366 rerum
2965 1325 3173 1384 magna
3196 1316 3467 1369 tenemur
3488 1310 3629 1371 affe-

1994 1396 2210 1469 ctione,
2246 1396 2349 1457 sed
2384 1412 2439 1457 et
2473 1414 2681 1456 omnes
2706 1395 3032 1474 voluptates
3064 1394 3270 1457 Petrus
3294 1397 3550 1479 reliquit.
3576 1409 3633 1460 et

1995 1487 2291 1547 carnalem
2323 1487 2599 1547 affectum
2634 1503 2770 1563 erga
2803 1483 3229 1564 parenteslllaa
3256 1485 3413 1546 enim
3446 1488 3628 1549 affec-

1996 1575 2187 1634 tiones
2245 1594 2362 1635 non
2419 1575 2608 1635 solum
2668 1582 2867 1634 contra
2929 1574 3162 1643 divites,
3200 1574 3302 1634 sed
3338 1585 3395 1635 et
3426 1590 3632 1638 contra

1992 1682 2284 1743 pauperes
2316 1662 2760 1733 militant.Quid
2790 1662 2963 1739 igitur
2998 1661 3309 1724 Dominus?

2072 1752 2250 1815 Vens.
2288 1755 2383 1813 :28.
2431 1778 2450 1807 (ι
2490 1752 2665 1814 Jesus
2695 1762 2889 1812 autem
2923 1751 3069 1812 dixit
3098 1752 3217 1813 illis
3241 1771 3252 1815 :
3279 1754 3469 1815 Amen
3501 1756 3631 1816 dico

1992 1842 2177 1917 vobis,
2212 1842 2367 1921 quod
2403 1861 2499 1902 vos
2530 1843 2628 1921 qui
2664 1842 2850 1901 secuti
2883 1843 3022 1901 estis
3064 1860 3179 1909 me,
3217 1843 3276 1902 in
3310 1861 3629 1921 regenera-

1994 1934 2155 1992 tione
2188 1951 2365 2011 quum
2398 1932 2620 1992 sederit
2651 1928 2829 1991 Filius
2861 1930 3120 1991 hominis
3150 1932 3211 1991 in
3244 1934 3386 1993 sede
3432 1934 3635 2011 gloria:

1990 2039 2134 2093 suaa,
2156 2020 2443 2082 sedebitis
2475 2028 2532 2080 et
2560 2038 2661 2079 vos
2693 2038 2872 2099 super
2903 2019 3217 2080 duodecim
3251 2022 3633 2101 sedes,judi~

1993 2126 2195 2169 cantes
2228 2110 2542 2169 duodecim
2580 2108 2768 2169 tribus
2797 2107 2998 2169 Israel.
3037 2128 3063 2165 ι)
3103 2106 3254 2169 Num
3289 2110 3636 2173 sedebant?

1990 2198 2251 2277 Minime,
2286 2198 2389 2259 sed
2423 2198 2814 2258 excellentem
2843 2198 3132 2258 honorem
3172 2218 3277 2279 per
3306 2201 3509 2261 sedem
3534 2200 3630 2261 in-

1988 2288 2219 2348 dicavit.
2252 2286 2401 2347 Num
2458 2294 2515 2347 et
2558 2286 2737 2347 Judas
2769 2286 3043 2347 sedebit?
3074 2286 3201 2348 Non
3240 2310 3251 2349 :
3288 2288 3430 2350 dicit
3459 2290 3620 2350 enim

1988 2374 2097 2447 Qui
2158 2376 2343 2436 secuti
2388 2394 2479 2435 me
2532 2374 2774 2448 fuerint,
2827 2375 2937 2435 hoc
3001 2385 3114 2451 est,
3176 2378 3273 2457 qui
3331 2378 3621 2458 usquead

1988 2466 2189 2544 finem,
2237 2465 2335 2524 ille
2379 2471 2575 2524 autem
2611 2483 2727 2524 non
2780 2482 2965 2543 usque
3022 2466 3094 2525 ad
3142 2468 3345 2530 linem.
3382 2469 3486 2529 Vel
3521 2468 3623 2528 ali-

1990 2567 2084 2615 ter
2119 2577 2129 2614 :
2168 2552 2334 2631 Saepe
2380 2555 2535 2615 Deus
2593 2553 2904 2632 pollicetur
2945 2553 3097 2615 bona
3154 2556 3502 2636 quibusdam
3540 2558 3626 2618 di-

1990 2644 2119 2722 gnis
2160 2660 2172 2705 :
2217 2642 2452 2721 quando
2500 2651 2695 2702 autem
2746 2642 3094 2719 exciderint,
3130 2656 3185 2705 et
3238 2647 3458 2725 indigni
3490 2646 3623 2707 fue-

258 2738 353 2803 Ειοι
414 2738 698 2816 γένωνται,
744 2737 1051 2817 ἀφαιρεῖται
1096 2736 1247 2797 αὐτά,
1305 2727 1531 2809 Ὀμοίως
1592 2734 1645 2791 δὲ
1702 2737 1788 2792 καὶ
1816 2736 1901 2791 ἐπὶ

2004 2736 2103 2791 ἰηι
2161 2731 2338 2809 facti,
2390 2730 2580 2790 aufert
2637 2748 2726 2789 ea.
2792 2729 3073 2792 Similiter
3130 2735 3262 2795 facii
3326 2736 3383 2795 in
3446 2755 3623 2815 aspe-

259 2830 364 2883 τῶν
421 2827 887 2905 σκυθρωποτέρων,
947 2825 1205 2889 πολλάκις
1249 2824 1463 2881 ἀπειλεῖ
1512 2826 1601 2881 καὶ
1650 2826 1745 2881 οὒκ
1769 2825 1902 2881 ἐπά-

2004 2823 2070 2881 -ἱε
2104 2838 2117 2883 ;
2155 2838 2310 2899 saepe
2346 2820 2601 2879 minatur
2636 2829 2693 2878 et
2747 2839 2861 2879 non
2894 2821 3144 2898 inducit,
3180 2827 3481 2886 conversis
3513 2845 3623 2886 no-

262 2938 363 2995 γει,
420 2914 855 2992 μεταϐληθέντων
933 2917 1111 2990 ἡμῶν.
1196 2912 1607 2991 Παλιγγενεσίαν
1679 2913 1731 2969 δὲ
1804 2914 1901 2979 τὴν

263 3007 550 3063 ἀνάστασιν
581 3005 715 3065 νόει.

1990 2912 2224 2972 bis.Per
2247 2908 2757 2986 regenerationem
2783 2917 2976 2969 autem
3008 2915 3505 2974 resurrectionem
3529 2915 3625 2974 in-

1990 3000 2213 3075 tellige.

350 3117 374 3150 I
412 3096 511 3152 Καὶ
566 3099 668 3161 πᾶς
730 3095 787 3158 ὃς
858 3094 1029 3172 ἀφῆκε
1093 3095 1281 3168 οἰκίας,
1343 3094 1379 3162 ἢ
1408 3093 1659 3173 ἀδελφοὺς
1695 3091 1910 3160 ἣὰδελ-

2076 3086 2253 3149 Vens.
2289 3086 2386 3148 ‘29.
2431 3114 2450 3143 α
2484 3084 2551 3145 Ει
2580 3084 2773 3144 omnis
2802 3086 2901 3165 qui
2932 3086 3236 3166 reliquerit
3277 3091 3505 3165 domos,
3532 3098 3633 3151 aut

274 3184 388 3261 φας,
446 3183 483 3249 ἢ
541 3182 741 3259 πατέρα
797 3182 832 3249 ἢ
893 3180 1118 3259 μητέρα,
1176 3182 1212 3250 ἢ
1284 3196 1510 3262 γυναῖκα
1573 3181 1608 3249 ἢ
1654 3185 1831 3239 τέκνα.
1878 3182 1914 3249 ἢ

270 3271 483 3349 ἀγροὺς,
542 3271 718 3327 ἕνεκεν
795 3279 886 3327 τοῦ
970 3272 1226 3346 ὀνόματός
1326 3294 1451 3351 μου,
1514 3273 1914 3327 ἑκατονταπλα-

269 3361 411 3417 σίονα
469 3359 725 3435 λήψεται,
799 3362 887 3416 καὶ
942 3361 1085 3431 ζωὴν
1162 3361 1372 3417 αἰώνιον
1430 3359 1848 3439 κληρονομήσει,
1887 3379 1911 3414 ι

270 3441 400 3508 "Iv:
432 3452 512 3525 μή
542 3473 623 3513 τις
654 3447 897 3524 ὑπολάϐῃ
926 3452 1011 3505 επὶ
1046 3450 1221 3525 μόνων
1269 3456 1376 3505 τῶν
1438 3453 1690 3523 μαθητῶν
1748 3448 1917 3526 ἁρμό-

265 3547 372 3610 ζειν
420 3541 486 3594 τὸ
569 3539 870 3618 εἰρημένον,
956 3538 1214 3611 ἐπλ-ἀτυνε
1290 3539 1390 3605 τὴν
1456 3540 1748 3618 ὑπόσχεσιν
1836 3538 1921 3593 ἐπὶ

266 3629 471 3691 πάντας
529 3629 650 3691 τοὺς
707 3634 990 3692 ποιοῦντας
1042 3629 1107 3683 τὰ
1162 3627 1351 3703 ὅμοια.
1390 3619 1609 3692 ’Έξουσι
1654 3628 1776 3707 γὰρ,
1808 3627 1920 3681 ἀντὶ

268 3722 362 3791 μὲν
449 3738 557 3772 των
641 3718 777 3773 κατὰ
861 3717 1028 3795 σάρκα
1085 3718 1372 3795 συγγενῶν,
1445 3718 1543 3784 τὴν
1602 3719 1733 3793 πρὸς
1794 3718 1922 3773 Θεὸν

266 3806 573 3871 οἰκειότητα
624 3807 711 3861 καὶ
770 3806 870 3874 τὴν
920 3804 1253 3886 ἀδελφότητα
1288 3823 1305 3839 ⁸
1361 3808 1474 3862 ἀντὶ
1504 3806 1559 3861 δὲ
1590 3812 1693 3861 τῶν
1722 3806 1918 3885 ἀγρῶν,

265 3896 354 3952 τὸν
415 3892 757 3972 παράδεισον,
804 3896 891 3951 καὶ
946 3896 1061 3951 ἀντὶ
1104 3902 1209 3952 τῶν
1263 3894 1323 3953 ἐκ
1383 3895 1539 3952 λίθων
1591 3896 1782 3975 οἴκων,
1827 3897 1923 3963 τὴν

267 3982 379 4040 ἄνω
440 3975 789 4063 Ἰερουσαλήμ
825 4004 839 4019 ·
899 3985 1015 4042 ἀντὶ
1085 3988 1313 4064 μητρὸς,
1380 3987 1472 4047 τὰς
1518 3988 1574 4040 ἒν
1634 3985 1927 4057 Ἐκκλησία

268 4071 620 4152 πρεσϐύτιδας
650 4087 666 4103 ⁸
715 4075 830 4130 ἀντὶ
890 4076 1115 4153 πατρὸς,
1177 4076 1299 4138 τοὺς
1358 4072 1757 4152 πρεσϐυτέρους·
1814 4074 1927 4131 ἀντὶ

268 4164 545 4243 γυναικὸς,
598 4164 770 4227 πάσας
825 4165 919 4226 τὰς
997 4164 1187 4226 πιστὰς
1266 4176 1550 4242 γυναῖκας,
1626 4168 1686 4222 οὒ
1743 4164 1924 4241 γάμῳ,

271 4250 446 4330 ἄπαγε
480 4268 497 4285 ⁸
543 4251 680 4307 ἀλλὰ
730 4250 955 4309 διαθέσει
1042 4254 1130 4308 καὶ
1204 4252 1390 4333 σχέσει
1448 4260 1783 4329 πνευματικῇ
1842 4254 1929 4309 καὶ

268 4346 337 4416 τῇ
410 4343 541 4419 πρὸς
600 4342 759 4407 αὐτὰς
818 4341 1173 4420 φιλανθρώπῳ
1232 4340 1542 4417 κηδεμονίᾳ.
1605 4342 1676 4399 Οὔ
1729 4340 1930 4398 κελεύει

273 4428 326 4486 δὲ
381 4433 411 4488 6
486 4431 695 4509 Κύριος,
756 4432 1072 4511 χωρίζεσθαι
1129 4430 1313 4494 ἆπλῶς
1366 4430 1472 4487 ἀπὸ
1533 4431 1639 4487 τῶν
1698 4432 1928 4509 οἰκείων,

1999 3176 2230 3253 fratres,
2256 3182 2351 3234 aut
2401 3191 2656 3246 sorores,
2681 3180 2779 3232 aut
2820 3188 3072 3252 patrem,
3099 3186 3201 3236 aut
3228 3188 3496 3251 matrem,
3534 3186 3634 3239 aut

1998 3263 2560 3340 uxorem,autﬁlios,
2585 3270 2683 3321 aut
2703 3279 2875 3338 agros
2898 3276 3137 3343 propter
3164 3285 3376 3327 nomen
3408 3287 3601 3328 meum
3620 3317 3634 3341 ,

2011 3356 2141 3413 104
2164 3352 2437 3433 centupla
2463 3350 2801 3431 accipiet,et
2822 3352 2950 3412 vitae
2970 3364 3204 3415 zeternaa
3228 3356 3627 3418 haereditatem

2001 3444 2337 3504 sortietur.»
2378 3440 2462 3502 Ne
2492 3442 2623 3522 quis
2659 3441 3015 3512 susiiicetur.
3047 3446 3200 3523 quod
3249 3446 3466 3506 dictum
3521 3456 3629 3522 est,

2002 3534 2143 3595 solis
2169 3550 2497 3609 congruere
2529 3530 3066 3609 discipulis,dilatat
3092 3536 3542 3612 promissionem
3569 3535 3639 3597 ad

2008 3642 2215 3685 omnes
2271 3624 2369 3703 qui
2433 3621 2649 3681 similia
2706 3621 2945 3681 faciunt.
2978 3624 3291 3685 Habebunt
3323 3627 3478 3687 enim
3535 3644 3637 3706 pro

2007 3712 2344 3775 carnalibus
2401 3711 2662 3788 cognatis
2714 3710 3164 3775 familiaritatem
3200 3723 3257 3775 et
3299 3715 3643 3776 fraternita-

2008 3812 2124 3863 tem
2161 3822 2292 3862 cum
2346 3800 2490 3874 Deo,
2529 3819 2634 3879 pro
2680 3800 2835 3877 agris
2890 3803 3244 3879 paradisum,
3275 3814 3332 3864 et
3354 3825 3457 3884 pro
3492 3806 3642 3884 lapi-

2008 3893 2135 3953 deis
2184 3890 2408 3952 zedibus
2460 3908 2776 3970 supernam
2835 3889 3228 3973 Hierusalem,
3289 3915 3395 3974 pro
3457 3907 3647 3956 matre

2008 4000 2157 4042 anus
2193 3999 2321 4061 quae
2343 3988 2479 4040 sunt
2506 3981 2564 4039 in
2598 3980 2885 4060 Ecclesia,
2916 4000 3021 4059 pro
3054 3994 3215 4062 patre
3248 3984 3643 4063 presbyteros,

2014 4090 2118 4151 pro
2151 4088 2333 4131 uxore
2364 4088 2574 4130 omnes
2609 4068 2815 4129 ﬁdeles
2841 4070 3122 4132 mulieres
3153 4094 3165 4129 :
3203 4091 3340 4132 num
3377 4070 3649 4152 nuptiis?

2011 4159 2298 4238 absit,sed
2338 4158 2629 4237 spirituali
2676 4158 3010 4233 affectione,
3045 4171 3104 4222 et
3138 4161 3492 4223 misericode
3518 4180 3655 4240 erga

2014 4268 2076 4309 se
2108 4250 2407 4309 cura.Non
2434 4246 2602 4325 jubet
2623 4256 2815 4307 autem
2841 4246 3107 4309 Christus
3130 4251 3394 4329 separari
3428 4251 3653 4329 simpli-

2015 4339 2161 4399 citer
2183 4336 2643 4413 afamiliaribus,
2673 4337 2774 4395 sed
2796 4338 3030 4414 quando
3064 4338 3136 4398 ad
3170 4339 3448 4417 pietatem
3481 4339 3647 4398 obsi--

2016 4436 2173 4488 stunt
2208 4424 2482 4486 Sicetiam
2500 4443 2712 4503 corpus
2730 4433 2784 4484 et
2798 4425 3471 4503 animamjubetcontem
3485 4446 3651 4502 nere,

274 4518 393 4575 ἀλλ’
453 4517 581 4576 ὅταν
639 4519 958 4596 ἰμποδίζωσι
1018 4522 1147 4599 πρὸς
1228 4517 1517 4581 εὖοέϐειαν,
1582 4511 1798 4599 ’Ὠσπερ
1841 4521 1915 4576 κατ

2013 4535 2130 4576 non
2150 4524 2207 4575 ut
2226 4513 2623 4594 quisseipsum
2645 4512 3059 4576 occidat.Vide
3072 4525 3266 4576 autem
3286 4517 3440 4596 quod
3464 4517 3652 4577 bonus

279 4612 461 4687 ψυχῆς
517 4610 607 4664 καὶ
673 4608 922 4684 σώματος
982 4607 1188 4665 κελεύει
1233 4622 1609 4689 καταγρονεῖν,
1664 4609 1769 4689 οὐχ
1812 4610 1915 4665 ὥσ-

2015 4606 2172 4667 Deus
2195 4623 2307 4664 non
2330 4603 2523 4664 solum
2550 4603 2675 4663 haec
2694 4602 2920 4676 dat,sed
2940 4613 2998 4665 et
3019 4604 3192 4665 νίιειιῃ
3216 4608 3457 4685 apponit.
3477 4617 3652 4669 aeter-

280 4716 333 4750 τε
389 4696 757 4753 ἀποκτιννύειν
815 4698 1055 4759 ἑαυτούς.
1122 4687 1270 4774 uOpe:
1313 4687 1506 4753 6631i.
1535 4687 1847 4775 ἀγαθὸς-’ὣν
1905 4702 1915 4754 ἑ

2017 4715 2177 4759 nam.
2203 4692 2355 4755 Cura
2375 4692 2550 4770 igitur
2574 4702 2632 4751 ut
2652 4703 2709 4753 et
2732 4701 2788 4752 tu
2811 4694 3029 4754 vendas
3059 4695 3365 4755 facultates
3405 4704 3556 4767 tuas,
3594 4705 3654 4757 et

283 4786 435 4865 Θεὸς,
495 4788 555 4843 οὗ
599 4784 735 4860 μόνα
764 4788 933 4842 ταῦτα
976 4784 1207 4865 δίδωσιν,
1268 4785 1406 4842 ἀλλὰ
1452 4788 1537 4842 καὶ
1582 4789 1723 4857 ζωὴν
1760 4809 1915 4866 προσ-

2016 4786 2122 4847 des
2141 4782 2855 4865 pauperibus.Faeultates
2876 4792 3069 4844 autem
3096 4785 3549 4863 sunt,iracundo
3572 4787 3656 4846 fu-

283 4872 482 4941 τίθησιν
525 4874 739 4931 αἰώνιον
800 4874 923 4954 (96)
956 4894 971 4908 '
1019 4874 1312 4934 σπούδασον
1357 4875 1443 4933 οὖν
1487 4878 1574 4932 καὶ
1630 4877 1691 4931 σὺ
1736 4876 1915 4945 πωλῆ.

2019 4894 2142 4949 ror,
2159 4873 2427 4935 adultero
2449 4870 2823 4933 adulterandi
2847 4873 3158 4954 cupiditas,
3192 4874 3461 4935 vindictae
3485 4875 3654 4937 avido

1356 5043 1442 5107 Ex
1472 5043 1788 5107 collatione
1817 5044 1989 5109 codd.
2047 5042 2254 5105 Venet.
2291 5042 2351 5104 S.
2388 5043 2593 5106 Marci.

2024 5227 2046 5289 ti
2082 5201 2571 5289 Quandoquidem
2608 5212 2663 5264 et
2695 5204 2927 5265 Marcus
2972 5205 3091 5289 ait,
3114 5225 3215 5268 eos
3266 5208 3448 5271 multo
3494 5209 3660 5289 plura

364 5201 475 5288 {:26
504 5202 651 5288 Cod.
685 5202 950 5288 32_addit
985 5220 999 5267 ε
1054 5202 1273 5288 ἐπειδὴ
1330 5206 1419 5288 καὶ
1462 5208 1489 5261 6
1520 5206 1731 5288 Μάρκος
1760 5206 1928 5288 λέγει,

287 5282 733 5341 Πολλαπλασίονα
775 5284 1040 5359 λήψονται
1086 5285 1139 5340 ἐν
1196 5292 1272 5359 τῷ
1322 5287 1469 5341 αἰῶνι
1497 5282 1690 5360 τούτῳ,
1721 5282 1933 5344 λεκτέον

286 5365 402 5442 περὶ
443 5370 551 5419 τῶν
607 5372 977 5439 πνευματικῶν
1028 5366 1400 5445 χαρισμάτων,
1435 5364 1569 5421 πολυ
1613 5368 1678 5422 τὰ
1727 5366 1932 5446 ἐπίγεια

287 5444 757 5545 παρατρεχόντων,
815 5444 948 5526 ἅπερ
1034 5443 1165 5501 εἰσὶν
1246 5443 1541 5545 ἆρραϐῶνές
1614 5467 1753 5510 τινες
1826 5443 1932 5504 τῶν

294 5544 297 5545 ,
335 5543 348 5545 _
394 5523 412 5545 Ἰ
442 5525 453 5545 1
647 5524 659 5545 ν
741 5526 808 5545 Λν
953 5525 976 5543 η
1173 5527 1185 5545 ε
1551 5524 1564 5545 ⁷
1770 5527 1780 5545 1

290 5522 595 5606 μελλόντων
637 5522 867 5603 ἀγαθῶν,
921 5522 1075 5603 ⁷ἅπερ
1106 5604 1116 5606 _
1144 5527 1190 5582 οἱ
1268 5522 1485 5606 ἔχοντες
1548 5524 1602 5581 ἓν
1658 5527 1931 5605 μεγίσταις

292 5604 387 5659 εἰσὶ
430 5618 614 5679 τιμαῖς
644 5626 659 5642 ⁸
724 5604 1187 5703 πάντωνκσχεδὸν
1231 5604 1517 5698 evasuan
1559 5608 1927 5703 πρσστρεχόν-

292 5703 396 5738 των
424 5697 541 5747 τοῖς
574 5686 763 5764 ἁγίοις,
796 5685 887 5741 ’ίνα
944 5683 1247 5764 δι’Παύτῶν
1280 5686 1374 5754 τῆς
1406 5690 1546 5750 θειας
1592 5683 1929 5744 ἀπολαύσωσι

294 5764 534 5842 χάριτος.
574 5762 668 5823 καὶ
702 5766 761 5820 σὺ
796 5765 907 5838 οὖν,
967 5762 1256 5823 σπούδασον
1314 5764 1589 5842 πωλῆσαι,
1622 5769 1707 5823 καὶ
1761 5789 1812 5829 τ,
1876 5767 1929 5827 λ.

2016 5286 2102 5368 in_
2132 5285 2349 5368 saeculo
2398 5284 2508 5368 isto
2561 5292 2937 5368 recepturos;
2969 5285 3027 5346 id
3078 5284 3526 5368 intelligendum
3586 5292 3660 5352 de

2016 5363 2424 5445 Spiritualibus
2446 5363 2780 5445 donis,quae
2810 5374 3042 5427 terrena
3065 5363 3314 5430 multum
3341 5372 3656 5433 excedunt:

2016 5462 2274 5525 quasque
2304 5452 2440 5525 sunt
2470 5445 2636 5525 velut
2668 5445 2912 5524 pignora
2942 5447 3276 5510 futurorum
3312 5452 3604 5512 bonorum
3645 5474 3658 5513 :

2016 5524 2147 5605 quae
2166 5524 2266 5605 qui
2294 5524 2613 5602 recipiunt,
2647 5527 2707 5585 in
2742 5527 2996 5588 maximo
3047 5528 3274 5591 honore
3303 5541 3443 5591 sunt
3475 5554 3487 5590 :
3524 5551 3660 5593 nam

2017 5604 2373 5693 cuncti_fere
2405 5605 2682 5693 homines
2712 5606 2781 5664 ad
2809 5617 3043 5669 sanctos
3076 5612 3442 5693 confugiunt,
3474 5621 3534 5672 ut
3558 5631 3661 5691 per

2013 5685 2176 5766 ipsos
2205 5684 2460 5771 divinam
2488 5686 2731 5765 gratiam
2765 5699 3223 5768 consequantur.
3252 5684 3413 5753 Cura
3428 5684 3646 5771 igitur,

2015 5764 2164 5827 utet
2193 5770 2259 5826 tu
2285 5764 2535 5843 vendas,
2576 5785 2603 5825 ›
2642 5774 2755 5828 etc.
