4126 6268
265 292 381 356 361

936 296 1374 363 ENARRATIO
1412 301 1496 364 IN
1541 300 2050 366 EVANGELIUM
2095 301 2488 364 MATTHAEI.
2536 333 2610 346 --
2655 303 2818 365 CAP.
2868 303 2998 365 XX.

3532 298 3650 367 362

254 429 361 495 τὴν
421 427 707 497 ἑνδεκάτην
758 431 921 510 ὥραν,
977 430 1167 490 ἔλαϐον
1230 433 1328 491 ἀνὰ
1381 431 1648 513 δηνάριον,
1703 431 1924 490 Ἐλθόν-

2017 431 2300 495 decimam
2335 435 2538 497 horam
2556 435 3651 516 venerant,acceperuntsingulidena-

255 539 350 582 τες
402 515 456 573 δὲ
506 521 551 574 οἱ
608 524 807 585 πρῶτοι
885 520 1134 596 ἐνόμισαν
1220 521 1297 577 ὅτι
1355 520 1572 579 πλείονα
1626 521 1911 597 λήψονται.

261 609 367 663 Καὶ
424 607 612 665 ἔλαϐον
671 610 755 665 καὶ
816 610 959 665 αῦτοὶ
1030 609 1129 665 ἀνὰ
1187 607 1430 685 δηνάριον
1460 628 1470 638 ·
1529 608 1778 674 λαϐόντες
1836 609 1915 690 δὲ,

254 697 547 773 ἒγόγγυζον
643 698 778 752 κατὰ
854 699 946 753 τοῦ
1012 696 1403 777 οἰκοδεσπότου,
1484 698 1751 778 λέγοντες,
1838 699 1915 755 ὅτι

264 786 427 841 Οὗτοι
458 787 505 840 οἱ
550 785 772 865 ἔσχατοι
801 788 926 861 μίαν
970 786 1108 865 ὥραν
1153 787 1431 860 ἐποίησαν,
1477 789 1563 844 καὶ
1606 787 1754 852 ἴσους
1783 789 1918 862 ίημῖν

262 873 453 938 αὐτοὺς
549 875 806 941 ἒποίησας
878 888 994 938 τοῖς
1070 876 1361 951 βαστάσασι
1450 878 1509 932 τὸ
1591 878 1751 954 βάρος
1820 878 1918 944 τῆς

262 964 475 1039 ἡμέρας
519 967 607 1021 καὶ
649 966 741 1020 τὸν
798 965 1099 1039 καύσωνα,
1152 956 1208 1021 Ὀ
1266 962 1319 1019 δὲ
1384 965 1679 1042 ἀποκριθεὶς
1764 966 1919 1021 εἶπεν

264 1054 345 1109 ἐνὶ
390 1053 561 1110 αιότῶν
596 1073 613 1089 ·
663 1043 897 1131 Ἑταῖρε,
932 1053 1026 1108 οὒκ
1054 1051 1217 1109 ἀδικῶ
1262 1076 1340 1116 σε,
1379 1055 1513 1132 Οὐχὶ
1534 1052 1777 1130 δηναρίου
1806 1078 1923 1110 συν-

264 1142 548 1219 εφώνησάς
609 1165 697 1217 μοι
735 1160 749 1214 ;
824 1142 949 1219 ἆρον
992 1144 1051 1196 τὸ
1097 1144 1210 1211 σὸν,
1258 1146 1347 1198 καὶ
1389 1142 1581 1221 ὕπαγε,
1659 1142 1809 1199 Θέλω
1866 1142 1921 1198 δὲ

264 1231 441 1297 τούτῳ
492 1235 569 1305 τῷ
612 1232 828 1310 ἐσχάτῳ
872 1230 1045 1286 δοῦναι
1090 1233 1163 1295 ὡς
1206 1233 1292 1286 καὶ
1339 1232 1421 1287 σοί
1454 1246 1467 1260 ’
1527 1231 1563 1299 ἢ
1609 1233 1701 1287 οὒκ
1758 1229 1922 1296 ἒξεστί

269 1343 366 1395 μοι
428 1322 648 1389 ποιῆσαι
710 1321 738 1376 ’ὁ
796 1320 934 1377 θέλω
976 1322 1030 1376 ἐν
1082 1335 1202 1385 τοῖς
1262 1322 1415 1397 ἐμοῖς
1454 1341 1468 1392 ;
1514 1324 1557 1378 εἰ
1586 1323 1616 1377 ὅ
1656 1321 1922 1402 ὀφθαλμός

268 1432 365 1465 σου
422 1410 651 1489 πονηρός
718 1413 882 1479 εστιν,
958 1408 1037 1464 ὅτι
1110 1410 1217 1487 ἐγὼ
1279 1410 1472 1488 ἀγαθός
1527 1412 1680 1486 εἷμί;
1744 1410 1921 1473 Οὕτως

265 1498 481 1554 ἔσονται
538 1501 583 1554 οἱ
635 1498 858 1576 ἔσχατοι
920 1502 1142 1575 πρῶτοι,
1194 1499 1281 1553 καὶ
1340 1500 1387 1554 οἱ
1430 1499 1628 1577 πρῶτοι
1674 1496 1918 1576 ἔσχατοι,

271 1585 469 1643 Πολλοὶ
527 1588 625 1667 γάρ
670 1590 767 1641 εἶσι
819 1585 1033 1659 κλητοι,
1092 1586 1263 1664 ὀλίγοι
1305 1584 1359 1641 δὲ
1410 1587 1634 1649 ἐλεκτοί,
1687 1611 1713 1643 )›
1764 1584 1924 1661 Ὀψία

266 1678 304 1744 ἡ
356 1675 621 1732 συντέλεια
654 1693 668 1705 ⁸
727 1676 780 1731 ἐν
824 1683 948 1754 γοῦν
992 1682 1059 1751 τῇ
1102 1675 1371 1731 συντελεία
1426 1674 1750 1751 λαμϐάνουσι
1782 1677 1923 1735 πάν-

1999 522 2505 584 rium.Venientes
2527 532 2721 585 autem
2742 534 2804 585 et
2823 524 3298 603 primi,arbitrati
3327 535 3467 587 sunt
3489 525 3647 607 quod

2004 611 2133 689 plus
2166 620 2367 673 essent
2416 615 2744 693 accepturi,
2788 623 2843 673 et
2871 624 3231 694 acceperunt
3266 613 3376 695 ipsi
3409 633 3646 697 quoque

2002 701 2214 778 singuli
2251 702 2583 762 denarium.
2621 706 2689 764 Et
2718 722 2851 763 cum
2883 704 3276 782 accepissent,
3302 721 3643 765 murmura-

2002 788 2440 851 bantadversus
2471 791 2983 871 patremfamilias,
3016 791 3322 854 dicentes:
3350 793 3425 854 Hi
3450 794 3646 854 novis-

2003 877 2139 937 simi
2168 897 2341 939 unam
2374 880 2581 939 horam
2613 879 2849 940 fuerunt
2879 881 2938 940 in
2972 898 3177 959 opere,
3219 889 3277 941 et
3302 881 3437 942 illos
3470 901 3644 963 pares

2004 966 2174 1026 nobis
2199 967 2517 1048 fecisti,qui
2543 968 2903 1045 portavimns
2929 968 3157 1048 pondus
3188 968 3306 1030 diei
3325 977 3384 1030 et
3409 970 3638 1033 aestum!

2005 1062 2076 1115 At
2124 1056 2225 1117 ille
2277 1056 2648 1134 respondens
2689 1058 2788 1117 uni
2830 1076 3060 1131 eorum,
3095 1056 3176 1117 ait
3209 1078 3221 1119 :
3258 1058 3487 1134 Amice,
3525 1078 3647 1121 non

2005 1145 2194 1205 afﬁcio
2218 1153 2274 1205 te
2303 1144 2759 1224 injuria.Nonne
2786 1145 3031 1206 denario
3058 1154 3260 1225 pactus
3287 1165 3354 1208 es
3381 1148 3647 1209 mecum?

2010 1232 2169 1293 Tolle
2192 1234 2347 1313 quod
2383 1242 2542 1293 tuum
2577 1243 2686 1307 est,
2718 1242 2775 1295 et
2805 1234 2923 1295 abi.
2959 1233 3106 1294 Volo
3134 1243 3333 1296 autem
3367 1236 3503 1298 huic
3532 1255 3647 1298 no-

2007 1322 2243 1381 vissimo
2267 1322 2407 1383 dare
2460 1324 2611 1383 sicut
2642 1335 2701 1384 et
2725 1323 2853 1384 tibi.
2886 1324 3100 1385 Annon
3135 1324 3274 1385 licet
3310 1324 3458 1386 mihi
3489 1326 3647 1407 quod

2012 1411 2140 1471 ιοιο
2171 1410 2361 1470 facere
2395 1411 2453 1471 in
2484 1411 2666 1473 rebus
2699 1413 2879 1475 meis?
2910 1431 2984 1473 an
3028 1413 3236 1474 oculus
3290 1420 3426 1474 tuus
3458 1415 3649 1477 malus

2008 1508 2114 1573 est,
2151 1500 2304 1578 quod
2373 1517 2479 1578 ego
2513 1499 2721 1563 bonus
2770 1500 2916 1561 sim?
2971 1503 3069 1563 Sic
3128 1501 3431 1564 novissimi
3476 1512 3652 1566 erunt

2008 1588 2268 1666 primi.et
2300 1588 2469 1667 primi
2505 1590 2811 1650 novissimi
2842 1611 2854 1651 ε
2889 1590 3238 1651 multienim
3270 1601 3410 1652 sunt
3435 1594 3647 1675 vocati,

2008 1678 2175 1754 pauci
2206 1684 2402 1737 autem
2439 1677 2636 1740 eli-cli.
2664 1701 2692 1739 ›
2726 1677 3054 1759 Vesperum
3080 1681 3646 1747 estconsummatio:

268 1790 363 1831 τες
408 1768 505 1824 ἂνὰ
561 1767 829 1848 δηνάριον,
876 1768 902 1823 ὅ
964 1768 1103 1823 ἐστιν
1162 1770 1196 1835 ἡ
1269 1775 1361 1824 τοῦ
1420 1770 1567 1845 ἁγίου
1621 1770 1920 1843 Πνεῦματος

2017 1768 2065 1824 in
2098 1767 2214 1826 fine
2243 1776 2438 1827 autem
2491 1766 2607 1827 diei
2665 1777 2722 1828 et
2778 1767 3289 1831 consummatione
3345 1769 3654 1850 accipiunt

270 1858 459 1937 χάρις,
524 1858 893 1935 ἀναμορφοῦσα
946 1858 1037 1912 τὸν
1106 1855 1373 1932 ἄνθρωπον
1425 1857 1497 1917 εἷς
1550 1858 1610 1912 τὸ
1666 1856 1783 1913 κατ’
1842 1858 1921 1911 εἷ-

271 1947 445 2019 κόνα,.
476 1949 565 2002 καὶ
626 1948 849 2001 ποιοῦσα
890 1949 1028 2007 θείας
1073 1946 1275 2024 φύσεως
1318 1946 1596 2007 κοινωνόν,
1660 1944 1825 2001 Πλέον
1870 1943 1923 1999 δὲ

275 2035 564 2091 ἐκοπίασαν
612 2036 659 2092 οἱ
702 2037 802 2114 πρὸ
854 2035 951 2101 τῆς
1030 2041 1120 2089 τοῦ
1180 2041 1405 2111 Χριστοῦ
1460 2033 1764 2109 ἐπιδημίας,
1807 2032 1921 2089 καθ’

273 2126 303 2179 ὃ
350 2124 497 2181 οὔπω
550 2124 615 2191 ἧν
656 2136 777 2180 τότε
813 2126 839 2178 6
881 2124 1106 2183 θάνατος
1161 2121 1354 2200 λυθεὶς,
1416 2120 1532 2179 οὔδε
1591 2126 1617 2178 6
1674 2120 1921 2186 διάϐολος

277 2210 580 2291 συνετρίϐη,
621 2211 740 2267 ἀλλ’
781 2210 855 2267 ἔτι
887 2210 978 2281 ἔζη
1022 2212 1057 2277 ἡ
1104 2211 1332 2289 ἁμαρτία
1366 2229 1379 2243 ·
1426 2213 1589 2285 ἡμεῖς
1634 2209 1688 2266 δὲ
1747 2212 1925 2290 χάριτι

274 2307 505 2380 Χριστοῦ
548 2299 631 2355 διὰ
694 2303 788 2355 τοῦ
848 2301 1209 2376 βαπτίσματος
1268 2296 1652 2372 δικαιωθέντες,
1713 2298 1927 2374 δύναμιν

274 2385 621 2464 λαμϐάνομεν
700 2390 772 2451 εἷς
856 2389 917 2443 τὸ
973 2392 1185 2453 νικῆσαι
1263 2388 1355 2443 τὸν
1413 2386 1692 2442 ἀντίπαλον
1746 2389 1923 2461 ἡμῶν,

272 2476 379 2544 ἤδη
455 2475 852 2542 καταϐληθέντι
914 2477 1001 2531 καὶ
1071 2475 1432 2531 θανατωθέντα
1491 2477 1592 2531 ὑπὸ
1647 2486 1739 2534 τοῦ
1795 2482 1927 2552 Χρι-

273 2589 405 2623 στου
441 2583 455 2597 ·
511 2565 647 2621 ἀλλὰ
703 2566 790 2620 καὶ
849 2565 984 2619 κατὰ
1039 2564 1137 2631 τὴν
1205 2563 1462 2643 προτέραν
1519 2564 1822 2647 ἑρμηνείαν,
1883 2567 1928 2620 οἱ

276 2657 528 2733 νεώτεροι
598 2654 998 2731 πιστεύσαντες,
1082 2652 1302 2709 πλείονα
1380 2654 1616 2726 κάματον

273 2745 409 2824 ὑπὲρ
452 2744 571 2807 τοὺς
605 2742 656 2798 ἐν
688 2743 826 2820 γήρᾳ
870 2740 1250 2819 προσελθόντας
1287 2758 1299 2771 ’
1335 2744 1362 2797 6
1396 2741 1492 2816 μὲν
1541 2742 1640 2819 γὰρ
1690 2741 1823 2815 νέος,
1871 2742 1930 2796 τὸ

277 2835 441 2912 βάρος
498 2841 592 2890 τοῦ
648 2835 811 2905 θ)μοῦ
868 2832 956 2886 καὶ
1024 2831 1114 2885 τὸν
1191 2837 1434 2885 καῦσωνα
1507 2835 1603 2896 τῆς
1658 2829 1931 2902 ἐπιθυμίας

276 2922 560 2998 βαστάζει,
623 2916 873 2993 πολεμῶν
912 2930 1033 2981 τοῖς
1081 2918 1297 2973 πάθεσιν
1333 2932 1346 2946 ⁵
1396 2919 1423 2973 6
1472 2915 1525 2972 δὲ
1566 2917 1732 2996 γέρων
1762 2917 1814 2972 ἐν
1840 2939 1931 2994 γα-

1715 2652 1928 2731 ἔχουσιν

2008 1872 2217 1916 omnes
2241 1874 2415 1916 suum
2447 1854 2885 1937 denarium,qui
2919 1866 3007 1918 est
3037 1855 3294 1936 Spiritus
3311 1859 3497 1919 sancti
3518 1878 3651 1936 gra—

2008 1945 2106 2022 tia,
2144 1944 2566 2004 transformans
2600 1946 2903 2006 hominem
2936 1946 3008 2007 ad
3044 1963 3216 2005 suum
3248 1949 3573 2028 exemplar,
3593 1956 3652 2010 et

2006 2032 2228 2093 faciens
2252 2032 2463 2093 divinae
2507 2043 2730 2095 natura;
2758 2036 3126 2115 participem.
3160 2033 3299 2096 Plus
3327 2044 3524 2098 autem
3555 2038 3647 2099 la-

2012 2119 2365 2181 boraverunt
2395 2121 2493 2201 qui
2526 2131 2659 2183 ante
2685 2122 2903 2185 Christi
2935 2123 3257 2185 adventum
3287 2123 3553 2201 fuerunt,
3580 2145 3651 2188 eo

2011 2209 2164 2288 quod
2198 2218 2331 2270 tunc
2361 2212 2619 2271 nondum
2652 2224 2781 2271 erat
2806 2229 2963 2272 mors
2988 2212 3412 2293 soluta,neque
3435 2213 3649 2275 diabo-

2012 2298 2099 2357 lus
2130 2300 2436 2379 contritus,
2489 2301 2594 2360 sed
2642 2300 2840 2361 adhuc
2890 2299 3119 2361 vivebat
3168 2310 3498 2380 peccatum.
3534 2302 3653 2366 Nos

2009 2396 2201 2446 autem
2226 2388 2410 2464 gratia
2433 2388 2654 2449 Christi
2689 2407 2794 2468 per
2823 2388 3181 2469 baptismum
3199 2390 3654 2468 justificati,vir-

2014 2483 2193 2534 tutem
2223 2476 2549 2556 accipimus
2596 2478 2667 2537 ad
2715 2477 3069 2538 vincendum
3100 2477 3503 2540 adversarium
3536 2499 3651 2541 no-

2012 2564 2343 2643 strum,jam
2369 2566 2668 2643 dejectum
2694 2573 2750 2625 et
2778 2565 3041 2627 occisum
3065 2584 3098 2626 a
3122 2566 3379 2627 Christo.
3403 2565 3655 2649 Etjuxta

2014 2651 2267 2731 priorem
2298 2652 2989 2735 interpretationem,qui
3014 2657 3270 2732 juvenes
3312 2656 3649 2739 credidere,

2016 2741 2298 2818 majorem
2332 2741 2598 2801 laborem
2633 2743 3056 2822 habent,quam
3077 2743 3136 2802 hi
3167 2743 3265 2822 qui
3297 2742 3359 2804 in
3388 2755 3655 2808 senectu-

2015 2836 2069 2887 te
2096 2830 2167 2887 ad
2186 2830 2362 2889 ﬁdem
2387 2838 2785 2892 accesserunt.
2815 2830 3181 2893 Adolescens
3224 2833 3382 2892 enim
3419 2834 3654 2912 pondus

2012 2918 2115 2976 im
2160 2925 2217 2977 et
2248 2926 2448 2977 aestum
2483 2918 2983 2996 consupiscentiaa
3024 2926 3476 2996 gestat,certans
3516 2940 3653 2983 cum

280 3010 430 3084 λήνῃ
473 3010 693 3086 γίνεται.
757 3005 908 3063 Ἀλλ’
964 3005 1109 3079 ὅμως
1168 3006 1383 3084 πάντες,
1447 3012 1570 3080 μιᾶς
1601 3005 1796 3084 δωρεᾶς
1841 3008 1929 3061 τοῦ

2017 3004 2640 3067 θίῐρρῐιοηίὺυε.δθηοχ
2658 3015 2850 3066 autem
2867 3005 2927 3065 in
2943 3006 3256 3085 tranquillo
3276 3016 3653 3071 est:attamen

288 3099 443 3174 ἁγίου
525 3098 823 3172 Πνεύματος
914 3094 1197 3159 ἀξιοῦνται.
1273 3092 1518 3150 Διδάσκει
1604 3098 1690 3150 οὖν
1788 3097 1930 3169 ἡμᾶς

288 3190 324 3255 ἡ
372 3183 670 3265 παραϐολὴ,
727 3184 807 3240 ὅτι
864 3185 961 3239 κάν
1020 3190 1097 3257 τῷ
1144 3184 1283 3261 γήρᾳ
1328 3182 1438 3239 ἔστι
1470 3189 1803 3261 μεταγνῶναι
1847 3183 1932 3240 καὶ

287 3281 389 3343 τῆς
447 3274 713 3350 βασιλείας
772 3286 964 3352 τυχεῖν
998 3289 1011 3302 '
1071 3280 1224 3328 τοῦτο
1266 3273 1365 3350 γὰρ
1422 3274 1456 3339 ἡ
1517 3270 1767 3338 ἑνδεκάτη
1798 3272 1930 3351 ὥρα.

284 3365 359 3422 Οὔ
404 3366 719 3443 φθονήσουσι
777 3361 828 3417 δὲ
892 3364 937 3418 οἱ
993 3362 1134 3439 ἅγιοι
1190 3374 1308 3425 τοῖς
1366 3362 1431 3415 τὰ
1485 3358 1582 3415 ἴσα
1637 3359 1932 3441 λαϐοῦσιν,

284 3454 542 3532 "As-ave,
590 3452 725 3508 ἄλλα
766 3462 917 3508 τοῦτο
988 3448 1242 3506 δείκνυται
1284 3449 1538 3523 ἐντεῦθεν,
1585 3450 1663 3504 ὅτι
1710 3457 1937 3506 τοσαῦτα

280 3544 373 3598 καὶ
432 3540 728 3607 τηλικαῦτά
772 3542 869 3594 εἰσι
925 3540 990 3594 τὰ
1038 3537 1283 3613 διδόμενα
1330 3551 1448 3603 τοῖς
1493 3536 1711 3603 δικαίοις
1741 3539 1931 3619 ἀγαθὰ,

282 3630 424 3687 ὥστε
457 3630 541 3684 καὶ
573 3630 758 3708 φθόνον
790 3631 1005 3693 κινῆσαι
1034 3624 1301 3688 δύνανται,

376 3737 405 3778 ε
452 3719 551 3775 Καὶ
590 3707 595 3708 ⁷
637 3712 929 3771 ἀναϐαίνων
1014 3718 1041 3771 6
1123 3712 1325 3780 Ἰησοῦς
1411 3717 1480 3778 εἷς
1570 3707 1929 3795 Ἰεροσόλυμα,

282 3803 554 3886 παρέλαϐε
623 3807 746 3867 τοὺς
805 3802 1004 3859 δώδεκα
1074 3805 1314 3878 μαθητὰς
1371 3803 1488 3859 κατ’
1550 3802 1689 3859 ἰδίαν
1759 3804 1813 3860 ἐν
1869 3811 1938 3881 τῇ

285 3885 417 3970 ὁδῷ,
475 3897 564 3951 καὶ
608 3894 764 3949 εἶπεν
807 3897 986 3957 αὐτοῖς
1021 3911 1031 3922 ·
1083 3890 1214 3947 Ἰδοὺ
1272 3889 1615 3966 ἀναϐαίνομε)
1660 3895 1730 3953 εἰς
1767 3885 1937 3971 Ἱερε-

286 3985 519 4060 σόὶυμα,
574 3984 662 4037 καὶ
745 3983 772 4036 6
852 3983 968 4044 Υἱὸς
1025 3987 1117 4036 τοῦ
1173 3980 1444 4058 ἀνθρώπου
1512 3979 1937 4058 παραδοθήσεται

284 4087 408 4136 τοῖς
499 4072 800 4151 ἀρχιερεῦσι
878 4071 965 4125 καὶ
1048 4075 1443 4147 Γραμματεῦσι,
1518 4072 1604 4127 καὶ
1677 4093 1937 4148 κατακρι-

286 4172 467 4221 νοῦσιν
512 4162 667 4216 αὐτὸν
709 4159 941 4231 θανάτῳ,
1002 4160 1091 4214 καὶ
1154 4155 1550 4237 παραδώσουσιν
1608 4160 1764 4215 αὑτὸν
1821 4173 1938 4223 τοῖς

288 4253 493 4309 ἔθνεσιν
555 4252 627 4311 εἷς
683 4250 744 4304 τὸ
800 4246 1079 4321 ἐμπαῖξαι,
1126 4249 1212 4303 καὶ
1256 4252 1611 4324 μαστιγῶσαι,
1643 4250 1731 4303 καὶ
1773 4270 1936 4304 σταυ-

2018 3112 2224 3153 omnes
2257 3112 2362 3153 nos
2395 3113 2571 3153 unum
2606 3097 2827 3155 donum
2861 3092 3115 3174 Spiritus
3162 3098 3343 3155 sancti
3381 3097 3653 3178 assequi-

2019 3185 2363 3244 mur.Ducet
2390 3181 2567 3260 igitur
2585 3201 2692 3242 nos
2717 3182 3319 3262 IUGparabola,quod
3346 3185 3404 3245 in
3436 3204 3653 3248 senec-

2019 3278 2141 3331 tute
2164 3271 2335 3330 etiam
2370 3272 2506 3331 licet
2535 3271 2979 3349 resipiscere,et
2997 3288 3242 3349 regnum
3262 3273 3546 3336 caelorum
3565 3294 3657 3337 as-

2020 3360 2213 3438 sequi.
2245 3358 2381 3420 Haec
2413 3359 2571 3419 enim
2600 3360 2914 3420 undecima
2943 3360 3088 3419 hora
3119 3359 3385 3423 est.Num
3420 3364 3655 3426 invide-

2022 3447 2168 3508 bnnt
2191 3449 2379 3508 sancti
2410 3448 2502 3507 his
2533 3450 2632 3527 qui
2664 3448 2828 3527 paria
2853 3448 3183 3527 accipiunt?
3215 3450 3524 3528 Absit,sed
3555 3472 3657 3514 os-

2022 3538 2210 3598 tendit
2240 3537 2336 3597 hic
2361 3537 2515 3615 quod
2551 3547 2705 3596 tanta
2734 3546 2791 3598 et
2825 3537 2960 3597 talia
2989 3545 3125 3596 sunt
3152 3536 3306 3599 bona
3335 3558 3466 3619 qua:
3507 3542 3659 3603 den-

2020 3626 2326 3705 turjustis,
2361 3635 2502 3685 utet
2528 3625 2809 3686 invidiuin
2843 3626 3099 3686 excitare
3131 3628 3386 3706 possint.

2103 3717 2279 3776 VERS.
2316 3718 2519 3777 its-2|.
2562 3737 2583 3770 α
2622 3716 2693 3775 Ει
2739 3715 3072 3776 ascendens
3099 3717 3272 3776 Jesus
3322 3716 3660 3802 Hierosoly-

2022 3822 2135 3877 ma,
2188 3804 2503 3882 assumpsit
2532 3803 2841 3863 duodecim
2872 3802 3198 3884 discipulos
3237 3821 3379 3866 suos
3408 3807 3568 3869 solos
3597 3810 3662 3871 in

2020 3893 2132 3970 via,
2166 3900 2222 3951 et
2251 3892 2328 3951 ait
2360 3892 2475 3950 illis
2510 3912 2522 3953 :
2559 3891 2707 3953 Ecce
2739 3892 3197 3953 conscendimus
3225 3892 3658 3978 Hierosolyma,

2023 3991 2078 4041 et
2106 3981 2289 4041 Filius
2322 3979 2865 4045 hoministradetur
2891 3981 3260 4061 principibus
3284 3985 3661 4049 sacerdotum

2022 4089 2090 4129 ac
2125 4068 2360 4142 scribis,
2388 4077 2445 4129 et
2473 4068 2953 4129 condemnabunt
3007 4087 3140 4131 eum
3195 4080 3407 4152 morte,
3446 4081 3502 4135 et
3538 4083 3663 4138 tra-

2023 4160 2164 4218 dent
2195 4176 2328 4217 eum
2343 4157 2613 4235 gentibus
2644 4157 2713 4216 ad
2749 4158 3662 4242 illudendum,etﬂagellandum,

2022 4256 2083 4307 et
2112 4246 2600 4325 cruciﬁgenduin,
2639 4254 2697 4305 et
2727 4246 2897 4305 tertio
2921 4245 3018 4306 die
3040 4257 3329 4325 resurget.
3362 4247 3527 4313 Tunc
3558 4270 3664 4313 ac-

287 4347 482 4421 ρῶσαι,
546 4340 634 4399 καὶ
679 4342 747 4413 τῇ
786 4337 935 4415 τρίτῃ
988 4336 1160 4413 ἡμέρᾳ
1204 4336 1577 4405 ἀναστήσεται,
1608 4335 1738 4393 Τότε
1769 4358 1929 4416 προσ-

2026 4336 2203 4395 cessit
2231 4336 2303 4394 ad
2341 4342 2473 4393 eum
2511 4342 2697 4394 mater
2746 4334 3001 4393 filiorum
3055 4334 3327 4397 Zebedaai
3361 4356 3494 4399 cum
3526 4340 3667 4403 ﬁliis

285 4429 450 4499 ἦλθεν
506 4428 648 4500 αὐτῷ
675 4428 710 4494 ἡ
757 4426 938 4503 μήτηρ
991 4431 1098 4479 τῶν
1154 4426 1277 4479 υἱῶν
1334 4422 1606 4480 Ζεϐεδαίου
1649 4426 1785 4499 μετὰ
1836 4431 1929 4481 τῶι

2026 4423 2170 4497 snis,
2205 4423 2459 4482 adorans
2489 4430 2549 4482 et
2579 4430 2786 4501 petens
2816 4422 3040 4503 aliquid
3069 4425 3142 4484 ab
3174 4443 3266 4487 eo.
3290 4425 3365 4487 At
3394 4426 3495 4489 ille
3519 4428 3691 4492 dixit

287 4520 418 4575 υἱῶν
463 4520 650 4595 αὐτῆς,
707 4518 1070 4593 προσκυνοῦσα
1129 4514 1217 4568 καὶ
1294 4513 1506 4567 αἰτοῦσά
1550 4534 1598 4568 τι
1658 4512 1782 4591 παρ’
1840 4516 1929 4570 αὐ-

2025 4512 2119 4574 ei:
2157 4510 2306 4582 Quid
2356 4510 2467 4570 vis?
2515 4511 2612 4573 Ait
2639 4511 2722 4571 illi
2750 4532 2762 4573 :
2790 4510 2893 4571 Dic
2948 4522 3008 4573 ut
3037 4512 3285 4574 sedeant
3316 4515 3377 4576 hi
3406 4516 3525 4579 duo
3557 4518 3667 4581 ﬁlii

287 4613 412 4665 τοῦ.
462 4596 520 4662 Ὀ
576 4602 629 4659 δὲ
662 4604 816 4659 εἶπεν
847 4605 982 4668 αὒτῆ
1019 4620 1033 4636 ·
1067 4602 1127 4658 Τί
1153 4600 1321 4663 θέλεις
1357 4620 1372 4671 ;
1405 4600 1559 4678 Λέγει
1589 4605 1730 4676 αὖτῷ
1762 4619 1777 4633 ⁸
1814 4604 1929 4659 Εἰπέ

2028 4602 2324 4667 mei.unus
2345 4617 2378 4659 a
2398 4598 2620 4659 dextris
2652 4599 2789 4674 tuis,
2815 4608 2871 4660 et
2902 4601 3051 4662 alter
3079 4602 3150 4662 ad
3184 4602 3484 4666 sinistram
3505 4614 3666 4672 tuam

288 4695 389 4751 ἵνα
444 4694 723 4749 καθίσωσιν
768 4693 909 4746 οῦτοι
966 4692 1011 4746 οἱ
1053 4688 1141 4745 δύο
1184 4690 1282 4745 υἱοί
1339 4710 1462 4764 μου,
1513 4690 1599 4751 εἷς
1656 4691 1716 4745 ἐκ
1764 4688 1929 4755 δεξσῶη

2024 4690 2084 4750 in
2116 4695 2540 4777 regnodtuo.)
2575 4685 2981 4767 Opinabantur
3039 4689 3141 4752 lilii
3198 4691 3466 4755 Zebedaai
3507 4695 3667 4777 quod

288 4805 387 4840 σου
429 4783 517 4838 καὶ
572 4785 655 4845 εἷς
713 4779 764 4845 ἐξ
815 4779 1096 4852 εὐωνύμων
1146 4800 1239 4837 σου
1281 4776 1335 4833 ἐν
1369 4784 1436 4854 τῇ
1465 4777 1701 4853 βασιλείᾳ
1756 4801 1872 4842 σου,
1911 4804 1938 4834 »

286 4873 569 4946 Ἐνόμιζον
626 4873 673 4926 οἱ
715 4875 807 4924 τοῦ
862 4865 1156 4934 Ζεϐεδαίου,
1205 4865 1285 4922 ὅτι
1325 4865 1414 4921 ἐὰν
1473 4865 1675 4943 ἀπέλθῃ
1708 4870 1779 4932 εἷς
1840 4861 1945 4926 Ἱε-

288 4960 563 5041 ροσόλυμα
622 4962 649 5014 6
709 4958 921 5035 Κύριος,
967 4954 1265 5031 βασιλεύσει
1320 4955 1573 5022 αἰσθητὴν
1625 4955 1895 5030 βασιλείαν
1928 4985 1940 4998 ·

286 5049 486 5117 ἤκουον
539 5049 639 5127 γὰρ
697 5045 855 5102 αὒτοῦ
912 5044 1151 5123 συνεχῶς
1199 5042 1471 5121 λέγοντος,
1524 5042 1603 5099 ὅτι
1638 5041 1948 5103 Ἀναϐαίνο-

291 5160 393 5216 μεν
441 5139 514 5201 εἰς
578 5127 919 5214 Ἱεροσόλυμα
954 5153 966 5166 ·

286 5225 606 5306 προσελθεῖν
664 5225 762 5291 τὴν
818 5222 1026 5302 μητέρα
1067 5222 1347 5300 πείθουσιν,
1414 5221 1556 5277 αὐτοὶ
1615 5220 1942 5299 εῦλαϐούμε-ι

290 5338 377 5375 νοι
424 5316 478 5371 ἐν
522 5321 599 5389 τῷ
645 5319 853 5392 φανερῷ
882 5310 1194 5392 προσελθεῖν
1229 5327 1242 5340 ⁸
1290 5311 1460 5389 κρὺφα
1507 5311 1606 5389 γὰρ
1650 5314 1944 5391 προσῆλθον

290 5406 389 5464 καὶ
433 5405 603 5482 αὖτοὶ,
646 5405 718 5466 ὡς
777 5405 805 5457 6
866 5402 1076 5479 Μάρκος
1105 5399 1249 5477 λέγει
1283 5414 1298 5431 ⁹
1334 5397 1463 5480 φησὶ
1495 5400 1617 5480 γὰρ,
1650 5399 1730 5457 ὅτι
1777 5426 1947 5483 προσ-

292 5494 613 5574 πορεύονται
675 5492 818 5564 αὒτῷ
893 5486 1143 5553 Ἰάκωϐος
1198 5489 1286 5545 καὶ
1346 5485 1618 5562 Ἰωάννης,
1697 5492 1808 5549 ἀντὶ
1859 5500 1952 5549 τοῦ

292 5584 455 5662 λάθρα
488 5584 573 5638 καὶ
616 5578 720 5651 ἶδία
766 5578 1179 5658 προσέρχονται.

629 5741 889 5802 Parnm.
924 5741 1037 5804 Gn.
1074 5739 1349 5806 CXXIII.

1015 5132 1207 5189 ἔπαθον
1264 5131 1352 5188 οῦν
1404 5132 1725 5211 ἀνθρώπινόν
1758 5158 1832 5214 τι,
1864 5136 1951 5193 καὶ

2028 4780 2255 4839 vadens
2308 4775 2712 4856 liierolosyma
2767 4777 3054 4839 Dominus
3104 4789 3455 4857 regnaturus
3511 4775 3670 4847 esset

2031 4886 2211 4946 regno
2263 4864 2515 4944 quodam
2563 4867 2895 4944 temporali.
2952 4867 3282 4929 Audierant
3322 4870 3481 4931 enim
3529 4892 3668 4935 eum

2033 4975 2188 5037 saepe
2219 4954 2539 5027 dicentem,
2574 4953 3041 5016 Conscendimus
3069 4955 3670 5038 Hierosolyma.Passi

2032 5052 2231 5106 autem
2265 5044 2587 5131 humanum
2620 5043 2783 5122 quid,
2820 5053 2877 5105 et
2923 5055 2983 5106 ut
3024 5056 3209 5105 mater
3235 5048 3484 5110 accedat
3527 5067 3670 5131 per-

2035 5133 2322 5205 suadent,
2378 5130 2493 5210 ipsi
2539 5131 2778 5193 reveriti
2848 5132 2909 5192 in
2961 5133 3270 5196 manifesto
3328 5130 3662 5208 accedere:

2028 5220 2297 5284 clanculo
2338 5220 2497 5280 enim
2550 5231 2930 5283 accesserunt
2964 5231 3021 5284 et
3046 5223 3180 5302 ipsi,
3216 5235 3275 5287 ut
3307 5229 3538 5293 Marcus
3568 5230 3668 5292 di-

2030 5313 2129 5373 cit.
2165 5309 2469 5372 Accedunt
2498 5309 2679 5381 enim,
2732 5311 2946 5391 inquit,
3002 5312 3075 5372 ad
3117 5332 3251 5375 eum
3307 5317 3560 5381 Jacobus
3610 5328 3672 5383 et

2030 5403 2312 5478 Joannes,
2344 5397 2455 5459 hoc
2484 5406 2591 5471 cst,
2638 5398 2909 5479 privatim
2954 5406 3016 5465 et
3072 5421 3341 5467 seorsum
3371 5409 3675 5475 accedunt

2032 5490 2105 5552 ad
2130 5508 2288 5550 eum.

3254 5746 3350 5808 ll.
