4122 6270
464 308 583 378 363

546 459 721 521 Vens.
743 458 840 522 22.
857 459 1289 539 «Respondens
1315 469 1510 523 autem
1528 461 1882 544 Jesus,dixit
1908 481 1923 526 :
1958 462 2107 526 Nes-
2129 475 2169 523 Α

464 549 595 611 citis
616 548 759 629 quid
784 549 1268 627 petitis.Potestis
1304 548 1510 613 bibere
1530 553 1801 631 poculum
1821 553 1974 633 quod
1999 571 2107 632 ego

462 636 758 700 bibiturus
790 648 1055 719 sum,aut
1086 640 1379 718 baptismo
1413 659 1528 719 quo
1560 659 1668 719 ego
1701 640 1985 719 baptizor,
2011 640 2109 702 ba-

462 729 703 807 ptizari?
728 728 941 791 Dicunt
971 730 1023 789 ei
1059 749 1073 790 ς
1120 727 1463 790 Possumus.
1501 754 1527 783 ι)
1561 727 1741 790 Matre
1789 730 2102 809 praeterita,

461 819 598 880 ﬁliis
628 818 923 898 loquitur:
954 826 1016 879 ut
1036 817 1474 896 ostemlatquod
1517 838 1632 878 non
1658 818 2011 896 ignoraverit
2032 818 2105 879 ab

460 909 604 989 ipsis
636 907 999 989 praemissam
1038 915 1376 977 matrem,et
1400 906 1539 967 dicit
1566 907 1636 968 ad
1666 908 1819 968 illos:
1853 905 2106 968 Nescitis

459 998 597 1077 quid
632 996 1129 1076 petitish'lagnum
1165 1002 1341 1073 est,et
1361 997 1660 1074 angelicas
1692 997 1933 1057 virtutes
1955 1016 2099 1057 con-

456 1086 708 1148 cutiens.
742 1083 1285 1146 Deinileabducens
1315 1084 1447 1144 illos
1468 1084 1540 1144 ab
1566 1084 1910 1162 hujusmudi
1934 1085 2098 1163 cogi-

457 1174 806 1245 tationibus,
834 1173 905 1234 ad
933 1173 1197 1252 pericula
1225 1173 1406 1248 magis
1440 1174 1729 1235 hortatur.
1776 1173 2103 1252 Interrogat

455 1275 676 1339 autem,
733 1283 849 1323 non
892 1263 1192 1341 ignorans,
1238 1263 1340 1321 sed
1384 1270 1447 1321 ut
1497 1273 1665 1339 cogat
1725 1262 2102 1323 manifestare

457 1354 623 1414 ulcus
655 1370 759 1432 per
789 1369 1161 1430 responsum.
1190 1359 1247 1410 et
1277 1350 1549 1410 studeant
1571 1351 1820 1430 implere
1845 1351 2097 1429 promis-

455 1442 708 1505 sionem.
742 1438 865 1503 Hoc
896 1438 1053 1500 enim
1087 1438 1409 1512 dicit,Quia
1432 1458 1547 1499 non
1581 1449 1772 1519 potest
1802 1441 1935 1520 quis
1969 1440 2099 1501 ﬁeri

454 1532 751 1612 particeps
767 1529 933 1608 regni
954 1528 1214 1603 mei,nisi
1244 1537 1300 1588 et
1326 1546 1588 1588 mearum
1616 1529 1949 1607 passionum
1970 1547 2098 1609 par-

450 1621 638 1701 ticeps
677 1620 798 1695 ﬁat;
832 1617 1014 1679 dicite
1054 1616 1223 1690 mihi,
1245 1634 1381 1677 num
1417 1618 1651 1696 possitis
1682 1616 1898 1678 similia
1930 1620 2099 1697 pati?

449 1706 733 1770 Pocnlum
765 1707 924 1769 enim
961 1705 1103 1768 dicit
1134 1711 1499 1785 martyrium,
1530 1718 1589 1767 et
1610 1724 1774 1766 suam
1812 1722 2087 1780 mortem:

1449 328 2042 395 THEOPHYLACTI
2086 328 2497 394 BULGARI/E
2540 326 2875 394 ARCHIEP

3721 324 3845 394 364

2277 484 2305 517 ε
2341 461 2671 542 Ἀποκριθεὶς
2730 461 2785 520 δὲ
2837 464 2866 519 ὅ
2926 461 3132 530 Ἰησοῦς
3192 468 3346 520 εἶπεν
3380 481 3394 494 °
3446 469 3555 523 Οὔκ
3584 462 3766 521 οἴδατε
3797 467 3849 520 τί

2190 551 2445 611 αἰτεῖσθε.
2510 554 2737 609 Δύνασθε
2798 564 2947 608 πιεῖν
2998 553 3058 608 τὸ
3115 554 3373 630 ποτήριον
3428 554 3457 608 ὃ
3506 553 3614 630 ἐγὼ
3660 551 3848 627 μέλλω

2188 641 2405 716 πίνειν;
2461 640 2498 708 ἢ
2552 642 2614 697 τὸ
2667 641 2943 717 βάπτισμα
3010 640 3038 696 ὃ
3098 640 3205 719 ἐγὼ
3269 642 3587 718 βαπτίζομαι
3637 642 3841 718 βαπτι-

2187 730 2425 809 σθῆναι,
2484 729 2738 807 Λέγουσιν
2796 730 2938 803 αὖτῴ
2970 744 2984 759 ⁸
3054 730 3348 805 Δυνάμεθα.
3402 753 3427 788 ε
3478 732 3587 798 Τὴν
3632 731 3840 810 μητέρα

2189 814 2536 897 καταλείψας,
2594 830 2709 880 τοῖς
2739 820 2875 882 υἱοῖς
2904 818 3225 896 διαλέγεται,
3272 818 3364 875 ’ἕνα
3419 818 3558 895 δείξῃ
3615 821 3688 882 ὡς
3739 821 3837 876 οὐκ

2187 906 2449 984 ἠγνόησεν
2503 906 2582 962 ὅτι
2647 907 2790 963 αὐτοὶ
2863 905 3215 986 προεϐάλοντο
3272 909 3372 975 τὴν
3444 911 3667 989 μητέρα,
3742 910 3838 964 καὶ

2182 996 2310 1074 φησὶ
2365 996 2497 1073 πρὸς
2553 994 2737 1060 αὐτούς
2773 1012 2785 1025 '
2821 997 2928 1053 Οὐκ
2958 994 3138 1053 οἴδατε
3180 998 3230 1054 τί
3260 998 3487 1055 αἰτεῖσθε
3524 1014 3538 1028 ⁹
3575 1003 3686 1062 πῶς
3718 997 3835 1053 ἐστι

2183 1083 2321 1160 μέγα
2388 1086 2476 1140 καὶ
2532 1086 2627 1148 τὰς
2702 1085 2806 1140 τῶν
2880 1084 3123 1163 ἀγγέλων
3205 1084 3447 1163 δυνάμεις
3505 1086 3833 1154 ἐκπλῆττον,

2186 1176 2319 1231 Εἶτα
2363 1174 2584 1250 ἀπάγων
2653 1175 2840 1236 αὐτοὺς
2911 1178 3015 1229 τῶν
3070 1176 3323 1232 τοιούτων
3380 1176 3672 1253 λογισμῶν,
3748 1176 3839 1233 ἐπὶ

2183 1258 2451 1324 κινδύνους
2539 1261 2743 1336 μᾶλλον
2827 1263 3208 1342 προτρέπεται.
3314 1262 3519 1342 Ἐρωτᾷ
3590 1263 3668 1338 δὲ,
3744 1267 3845 1321 οὒκ

2183 1350 2413 1427 ἀγνοῶν,
2482 1348 2600 1406 ἀλλ’
2644 1350 2734 1407 ἵνα
2792 1351 3068 1428 ἀναγκάσῃ
3123 1352 3419 1430 φανερῶσαι
3478 1354 3539 1408 τὸ
3567 1352 3720 1416 ἕλκος
3751 1352 3842 1411 διὰ

2183 1440 2280 1505 τῆς
2360 1439 2709 1519 ἀποκρίσεως,
2800 1441 2888 1496 καὶ
2973 1439 3274 1499 σπυδάσωσι
3356 1441 3641 1521 πληρῶσαι
3731 1443 3836 1509 τὴν

2182 1528 2495 1606 ὑπόσχεσιν.
2532 1536 2697 1585 Τοῦτο
2725 1530 2826 1608 γὰρ
2872 1528 3040 1607 λέγει,
3093 1528 3172 1586 ὅτι
3218 1528 3455 1588 Ἐπεὶού
3497 1529 3707 1587 δύναταί
3747 1553 3835 1594 τις

2182 1616 2420 1692 γενέσθαι
2476 1620 2731 1682 κοινωνὸς
2788 1619 2887 1686 τῆς
2945 1618 3214 1695 βασιλείας
3243 1642 3363 1694 μου,
3398 1621 3549 1695 εἷμὴ
3578 1621 3663 1677 καὶ
3720 1628 3831 1677 τῶν

2180 1706 2334 1774 ἡμῶν
2406 1708 2737 1781 παθημάτων
2791 1708 3011 1786 γένηται
3066 1711 3342 1787 κοινωνὸς,
3397 1710 3587 1766 εἴπατέ
3616 1731 3736 1785 μοι,
3783 1714 3829 1765 εἱ

449 1798 623 1858 simul
654 1797 979 1858 ostendens
995 1794 1151 1875 quod
1179 1794 1306 1856 leve
1329 1794 1492 1872 sit,et
1519 1794 1673 1873 quod
1699 1804 1967 1874 oporteat
1986 1813 2086 1857 nos

2175 1791 2387 1851 δύνασθε
2441 1797 2506 1851 τα
2557 1795 2718 1871 ὅμοια
2799 1800 3013 1856 παθεῖν.
3076 1800 3339 1876 Ποτήριον
3408 1800 3507 1878 γὰρ
3566 1798 3707 1877 λέγει
3762 1802 3831 1855 τὺ

450 1896 564 1948 tam
599 1886 771 1948 l'acile
802 1884 943 1946 illud
968 1884 1232 1964 aggredi,
1264 1902 1439 1964 quam
1474 1883 1523 1943 si
1556 1883 1889 1944 bibendum
1932 1895 2086 1946 esset

2175 1883 2451 1962 μαρτύριον
2501 1886 2589 1940 καὶ
2672 1886 2757 1940 τὸν
2840 1887 3038 1941 οἰκεῖον
3107 1888 3354 1966 θάνατον,
3399 1886 3509 1964 ἃμα
3566 1888 3662 1964 μὲν
3710 1886 3827 1943 διι-

446 1977 723 2055 poculum
754 1997 767 2035 :
795 1981 855 2036 et
886 1974 1194 2034 declarans
1226 1972 1382 2052 quod
1407 1972 1536 2051 ipse
1557 1974 1815 2033 suaviter
1847 1974 2086 2035 accedat

2175 1973 2360 2041 κνόων,
2409 1972 2490 2028 ὅτι
2522 1971 2737 2030 εὔκολόν
2784 1974 2950 2049 ἐστιν,
3011 1975 3190 2055 ὥσπερ
3233 1979 3296 2033 τὸ
3338 1990 3483 2034 πιεῖν
3542 1978 3823 2054 ποτήριον,

444 2065 515 2126 ad
544 2061 990 2125 mortem.Sicut
1012 2062 1170 2122 enim
1207 2060 1416 2121 bibens
1441 2062 1712 2139 poculum
1739 2063 1928 2122 statim
1955 2062 2086 2123 dor-

2175 2062 2261 2117 καὶ
2312 2058 2395 2117 δεῖ
2437 2060 2623 2118 λοιπὸν
2666 2065 2754 2119 καὶ
2796 2066 2937 2131 ἡυᾶς
2983 2067 3057 2128 ὡς
3090 2065 3293 2139 εὐκόλῳ
3345 2068 3516 2139 τούτῳ
3574 2068 3827 2145 προστρέ-

444 2155 841 2232 mitgravatus
876 2175 888 2210 :
924 2151 1009 2212 sic
1032 2160 1088 2211 et
1117 2150 1217 2230 qui
1250 2150 1506 2229 martyrii
1531 2151 1804 2230 poculum
1842 2150 2085 2231 bibit,in

2175 2172 2295 2229 χειν
2329 2169 2341 2182 ·
2417 2150 2529 2225 ἅμα
2572 2149 2628 2207 δὲ
2671 2150 2873 2227 δτ,λῶν,
2937 2151 3016 2208 ὅτι
3073 2156 3160 2210 καὶ
3221 2157 3375 2219 αὐτὸς
3419 2154 3587 2223 ἡδέως
3616 2158 3829 2225 προσῖε-

446 2244 649 2305 mortis
680 2261 953 2304 somnum
977 2239 1565 2319 defertur.Baptisma
1584 2256 1819 2320 quoque
1837 2251 2084 2300 mortem

2175 2260 2255 2295 ται
2312 2240 2402 2296 τὸν
2458 2240 2705 2299 θάνατον.
2768 2232 2992 2319 ’Ὥσπερ
3050 2239 3103 2297 δὲ
3134 2245 3162 2298 ὁ
3205 2244 3369 2299 πίνων
3428 2246 3704 2323 ποτήριον,
3739 2248 3823 2303 εὖ·

442 2351 607 2393 suam
634 2331 923 2403 nominat,
958 2329 1111 2409 quod
1150 2347 1257 2389 nos
1288 2345 1496 2389 omnes
1529 2330 1821 2407 puriticet.
1844 2328 1915 2390 Hi
1949 2347 2082 2389 vero

2175 2328 2297 2386 θέωε
2353 2329 2615 2385 ὑπνώττει
2669 2327 3151 2408 καταϐαρούμενος,
3188 2332 3326 2389 οὕτω
3382 2335 3471 2389 καὶ
3518 2335 3546 2388 ὃ
3607 2336 3670 2389 τὸ
3726 2335 3822 2391 τοῦ

442 2423 779 2483 nescientes
800 2419 936 2499 quid
970 2415 1516 2496 promitterent,sed
1548 2417 2083 2495 solumspectantes

2175 2420 2447 2496 μαρτυρίου
2529 2419 2784 2497 ποτήριον
2869 2420 3054 2489 πίνων,
3140 2423 3213 2484 εἷς
3295 2424 3385 2478 τὸν
3446 2429 3538 2479 τοῦ
3591 2423 3816 2479 θανάτου

442 2510 514 2570 ad
547 2510 605 2570 id
642 2509 796 2590 quod
827 2506 980 2588 cupii
1004 2506 1164 2574 bant,
1199 2506 1398 2566 omnia
1425 2504 1594 2566 facile
1628 2505 2074 2585 pollicebantur.

2175 2506 2512 2586 καταφέρεται
2569 2504 2757 2578 ὕπνον,
2820 2508 2918 2565 Καὶ
2991 2509 3266 2584 βάπτισμα
3321 2508 3376 2566 δὲ
3432 2511 3678 2584 ὀνομάζει
3723 2514 3813 2568 τὸν

438 2600 658 2658 θάνατον
718 2602 896 2673 αὒτοῡ,
957 2601 1027 2661 ὡς
1071 2599 1385 2675 καθαρτικὸν
1441 2597 1565 2653 ὄντα
1609 2599 1821 2651 πάντων
1859 2597 2014 2670 ἡμῶν
2052 2612 2064 2624 ⁸
2115 2598 2163 2652 οἱ
2224 2592 2278 2650 δὲ
2332 2596 2655 2674 ὑπέσχοντο,
2714 2598 2810 2655 οὒκ
2864 2593 3060 2660 εἰδότες
3115 2598 3144 2652 ὃ
3187 2599 3392 2676 ἔλεγον,
3454 2599 3591 2656 ἀλλὰ
3647 2608 3812 2675 μόνον

438 2692 567 2768 πρὸς
598 2692 658 2746 τὸ
687 2701 879 2775 τυχεῖν
908 2688 980 2744 ὧν
1009 2684 1218 2764 ἤθελον,
1251 2687 1422 2741 πάντα
1453 2683 1684 2745 εόκόλως
1715 2684 2154 2763 ὑπισχνούμενοι,

519 2776 701 2840 ναις.
730 2777 829 2839 ‘23.
866 2769 899 2831 "a
924 2775 1020 2836 Ait
1049 2773 1167 2834 illis
1206 2795 1218 2831 :
1275 2772 1555 2833 Poculum
1604 2770 1845 2851 quidem
1883 2789 2080 2831 meum

2250 2791 2274 2826 ε
2315 2773 2413 2829 Καὶ
2442 2769 2586 2849 λέγει
2619 2773 2803 2836 αὐτοῖς
2836 2792 2851 2810 ·
2901 2775 2973 2831 Τὸ
3030 2775 3130 2849 μὲν
3182 2776 3435 2851 ποτήριόν
3465 2797 3566 2849 μου
3610 2776 3809 2857 πίεσθε,

435 2865 740 2940 bibetis,et
763 2864 1052 2945 baptismo
1084 2881 1201 2943 quo
1232 2880 1339 2940 ego
1358 2859 1644 2940 baptizor,
1675 2859 2079 2939 baptizabimio

2175 2860 2248 2915 ιαὶ
2284 2862 2354 2945 τὸ
2409 2861 2685 2936 βάπτισμα
2741 2861 2770 2916 ὃ
2827 2862 2935 2939 ἐγὼ
2966 2863 3312 2942 βαπτίζομαι,
3343 2864 3760 2937 βαπτισθήσεσθε
3793 2881 3807 2896 ⁸

432 2957 531 3019 ni.
566 2956 777 3019 sedere
802 2944 996 3016 autem
1029 2956 1100 3013 ad
1132 2952 1398 3013 dextram
1435 2968 1624 3009 meam
1660 2958 1716 3009 et
1745 2948 2073 3023 sini~tram,

2175 2948 2221 3003 rb
2273 2944 2327 3003 δὲ
2386 2949 2597 3005 καθίσαι
2643 2948 2702 3005 έκ
2761 2946 2942 3014 δεξιῶν
2987 2970 3090 3024 μου
3138 2953 3227 3007 καὶ
3254 2951 3307 3016 ἒξ
3351 2951 3626 3026 εὐωνύμων
3685 2971 3809 3030 μου,

430 3065 548 3109 non
570 3055 660 3109 est
686 3063 880 3106 meum
901 3044 1066 3122 dare,
1100 3044 1202 3102 sed
1219 3040 1435 3120 quibus
1458 3046 1721 3119 paratum
1746 3046 1833 3098 est
1852 3057 1886 3098 a
1913 3037 2078 3099 Patre

2175 3037 2255 3091 >ὖκ
2303 3034 2445 3093 ’ἐστιν
2493 3037 2621 3113 ἐμὸν
2675 3034 2872 3117 δοῦναι,
2934 3036 3056 3094 ἀλλ’
3100 3039 3189 3103 οἷς
3245 3042 3562 3114 ἡτοίμασται
3591 3040 3692 3095 ὑπὸ
3721 3045 3815 3096 τοῦ

431 3154 585 3196 meo.
609 3158 631 3191 ε
672 3133 807 3197 Scio
839 3099 1077 3213 quidem
1111 3148 1212 3191 vos
1227 3099 1674 3207 iestiﬁcaturos,
1701 3134 1756 3186 et
1792 3131 2073 3190 evenient

2175 3126 2367 3203 Πατρός
2412 3099 2536 3202 μουῖ
2598 3148 2626 3180 ιι
2688 3099 3060 3205 Μαρτόρήσετε
3118 3129 3278 3213 μὲν,Δ
3315 3099 3437 3184 οἶιδα
3488 3134 3667 3197 τοῦτο,
3725 3128 3811 3183 καὶ

428 3224 556 3286 haec
576 3208 901 3285 omninof!
915 3222 1003 3279 07
1029 3218 1310 3281 ιιειιοὺυιη
1335 3218 1494 3279 enim
1530 3215 1796 3279 Herodes
1825 3217 2064 3293 occidit,

2175 3211 2307 3280 ιξέὸη
2351 3216 2589 3279 πάντως.
2651 3213 2906 3273 Ἰάκωϐον
2958 3218 3055 3293 μὲν
3105 3219 3205 3297 γὰρ
3264 3208 3504 3297 Ἡρώδης
3557 3215 3811 3273 ἀπέκτει-

425 3315 713 3376 Joannem
751 3322 947 3372 autem
974 3310 1264 3385 Traianus
1293 3306 1708 3367 condemnavit
1735 3308 2067 3383 pradican-

2175 3325 2260 3375 κεν,
2322 3303 2577 3371 Ἰωάννην
2632 3302 2688 3361 δὲ
2758 3308 3020 3383 Τραϊανὸς
3079 3304 3389 3363 κατεδίκασε
3448 3313 3807 3384 μαρτυροῦντα

429 3411 546 3463 tem
571 3399 813 3463 verbum
847 3397 1130 3459 veritatis.
1158 3395 1339 3455 Porro
1356 3395 1568 3456 sedere
1602 3413 1719 3455 non
1746 3404 1837 3455 est
1868 3414 2066 3457 meum

2180 3399 2225 3466 ᾦ
2278 3394 2435 3471 Λόγῳ
2491 3399 2589 3461 τῆς
2648 3393 2921 3461 ἀληθείας.
2984 3397 3055 3453 Τὸ
3115 3392 3169 3451 δὲ
3239 3397 3470 3471 καθίσαι,
3523 3395 3617 3453 οὒκ
3664 3394 3803 3451 ’ἐστιν

426 3490 698 3563 dare,sed
733 3486 947 3568 quibus
981 3492 1370 3564 praeparatum
1403 3490 1492 3542 est
1528 3483 1647 3543 :sic
1675 3481 1938 3560 intellige
1963 3505 1976 3545 :
2004 3483 2063 3545 Si

2175 3485 2283 3557 μὸν
2339 3481 2540 3555 δοῦναι,
2601 3481 2722 3539 ἀλλ’
2780 3484 2867 3546 οἷς
2897 3484 3237 3564 ἡτοίμασται,
3270 3486 3561 3564 τουτέστιν,
3592 3485 3681 3541 ἐὰν
3712 3486 3797 3541 εὒι

429 3576 703 3639 inventus
749 3572 928 3635 fuerit
972 3572 1105 3652 quis
1153 3588 1286 3629 cum
1336 3570 1599 3629 veritatis
1631 3570 2066 3643 testiﬁcatione,

2175 3574 2277 3645 ιεθῇ
2331 3592 2411 3632 τις
2455 3572 2592 3645 μετὰ
2645 3577 2739 3627 τοῦ
2796 3577 3146 3649 μαρτυρῆσαι,
3200 3574 3287 3628 καὶ
3312 3574 3411 3639 τὴν
3440 3571 3609 3639 ἄλλην
3652 3571 3796 3629 ἄπα·-

428 3667 591 3728 omni
616 3665 731 3725 alia
759 3666 971 3725 virtute
997 3657 1406 3739 prmditus.i|le
1429 3657 1697 3735 acccpiet
1725 3657 2072 3720 donum.llli

2175 3680 2252 3712 raw
2311 3657 2505 3736 ἂρετὴν
2598 3658 2764 3738 ἔχων,
2846 3659 3050 3721 ἐκεῖνος
3109 3658 3340 3735 λήψεται
3408 3661 3507 3728 τὴν
3577 3660 3799 3739 δωρεάν,

430 3756 588 3819 enim
650 3759 1036 3832 praeparatum
1088 3757 1197 3821 est,
1252 3746 1350 3825 qui
1398 3746 1773 3815 laboraverit,
1824 3745 1977 3805 sicut
2017 3752 2074 3807 et

2181 3746 2375 3817 Εκείνῳ
2433 3748 2532 3825 γὰρ
2586 3747 2907 3821 ἡτοίμασται
2964 3752 3042 3821 τῷ
3097 3750 3437 3830 κοπιάσαντι,
3496 3749 3673 3829 ὥσπερ
3715 3753 3806 3807 καὶ

428 3840 793 3905 certantibus
820 3856 1055 3901 coronae
1089 3845 1227 3898 sunt
1268 3843 1627 3914 praaparatze.
1668 3832 2070 3904 Quemadmo-

2175 3848 2272 3899 ;ο’ς
2319 3833 2562 3890 ἀθλοῦσιν
2620 3838 2667 3891 οἱ
2711 3835 2959 3916 στέφανοι
3016 3836 3384 3912 ἐτοιμάζονται
3419 3854 3433 3868 ⁸
3481 3839 3659 3916 ὥσπερ
3714 3839 3806 3897 οὖν

428 3932 567 3993 dum
601 3948 808 3992 cursus
838 3926 1161 3989 certamine
1196 3922 1516 4003 proposito.
1540 3940 1607 3982 ac
1641 3939 1782 4001 rege
1803 3922 2068 3982 certami-

2175 3929 2359 4001 ιγῶνος
2435 3921 2688 4001 δρομικοῦ
2759 3926 3130 4002 προκειμένου,
3188 3928 3269 3983 κεὶ
3351 3928 3802 4005 ἀγωνοθετοῦντος

431 4020 524 4081 nis
544 4019 816 4099 praeside,
845 4015 893 4076 si
916 4013 1207 4095 quispiam
1237 4013 1334 4091 qui
1355 4029 1470 4071 non
1492 4020 1777 4071 certasset
1796 4011 2067 4090 prodeat,

2175 4018 2244 4067 τοῦ
2301 4010 2585 4087 βασιλέως,
2644 4014 2736 4069 εὰν
2790 4013 3052 4093 προσελθῃ
3112 4036 3192 4079 τις
3253 4013 3503 4086 μηδόλως
3533 4017 3801 4094 ἀγωνισα-

429 4123 489 4171 et
520 4098 708 4170 dicat'
743 4108 825 4170 Da
856 4104 1000 4163 mihi
1021 4120 1299 4163 coronam
1322 4119 1437 4159 non
1461 4099 1724 4179 ingresso
1749 4100 2067 4172 stadium,o

2175 4120 2334 4173 ιενος,
2381 4101 2467 4156 καὶ
2512 4098 2645 4177 εἴπῃ
2680 4116 2693 4131 ⁸
2761 4104 2860 4164 Δὸς
2906 4102 3022 4175 ἐμοὶ
3074 4104 3164 4159 τὸν
3211 4103 3488 4183 στέφανον,
3524 4107 3569 4160 ὦ
3597 4105 3797 4183 ἀγωνο-

428 4195 773 4259 certaminis
807 4191 1189 4273 prreses,huic
1214 4189 1578 4268 respondere
1607 4188 1808 4267 utique
1833 4188 1932 4249 ille
1956 4206 2063 4267 po—

2175 4189 2295 4257 ιέτα,
2353 4195 2432 4263 τῷ
2487 4191 2566 4264 μὴ
2622 4190 3033 4266 ἀγωνισαμένῳ,
3078 4190 3225 4249 ε’ίποι
3282 4192 3345 4248 ἂν
3378 4198 3522 4267 αὖτῷ
3558 4193 3789 4257 ἐκεῖνος·

427 4284 719 4350 teritzNon
755 4293 843 4343 est
862 4300 1061 4342 meum
1088 4279 1231 4339 dare
1261 4282 1330 4338 ad
1364 4278 1618 4357 gratiam
1651 4278 2065 4351 coronam,sed

2175 4277 2255 4333 ιῦκ
2313 4276 2454 4333 ἔστιν
2503 4278 2632 4353 ἐμὸν
2687 4276 2861 4338 δοῦναι
2944 4282 3079 4335 κατὰ
3151 4281 3308 4361 χάριν
3363 4283 3455 4338 τὸν
3512 4284 3788 4362 στέφανον,

426 4376 641 4457 quibus
689 4380 1076 4455 praeparatum
1108 4378 1217 4440 est,
1252 4367 1361 4429 hoc
1386 4374 1508 4457 est,
1532 4365 1631 4457 phis
1660 4366 1760 4457 qui
1788 4384 2086 4457 φεμινινε-ῃ

2175 4364 2269 4421 ιλλ’
2322 4373 2368 4441 ᾦ
2409 4368 2751 4447 ἡτοίμασται,
2783 4367 3043 4448 τουτέστι,
3076 4375 3153 4444 τῷ
3199 4369 3445 4449 δραμόντι
3489 4373 3577 4427 καὶ
3632 4374 3790 4442 νική-

422 4452 544 4527 rint
569 4474 623 4527 et
657 4452 923 4524 vicerint.
950 4458 1047 4522 Sic
1078 4466 1271 4517 autem
1297 4464 1356 4516 et
1384 4455 1496 4515 hoc
1527 4456 1659 4515 loco
1685 4454 1827 4515 dicit
1856 4452 2061 4515 Chris-

2175 4476 2295 4511 ἀντι
2332 4475 2347 4490 ·
2407 4455 2544 4513 οὕτω
2600 4454 2665 4523 δὴ
2720 4457 2982 4515 κάνταῠθά
3010 4462 3223 4538 φησινὸ
3251 4461 3500 4541 Χριστὸς,
3544 4460 3625 4517 ὅτι
3684 4461 3793 4519 Οὔκ

426 4562 516 4614 tus
547 4575 562 4614 :
597 4552 718 4630 Ego
750 4567 865 4610 non
900 4565 1135 4627 possum
1165 4544 1235 4605 ad
1280 4544 1527 4623 gratiam
1582 4543 1724 4603 dare
1770 4542 1935 4603 vobis
1962 4560 2063 4604 se-

2175 4546 2255 4622 γὼ
2297 4546 2432 4603 κατά
2486 4545 2647 4625 χάριν
2703 4544 2925 4621 δύναμαι
2991 4546 3165 4603 δοοναι
3222 4550 3350 4623 ὑμῖν
3396 4550 3497 4616 τὴν
3525 4549 3585 4606 ἐκ
3612 4547 3793 4615 δεξιῶν

423 4642 559 4704 dem
584 4661 617 4703 a
641 4640 872 4701 dextris
914 4636 1099 4696 meis:
1127 4634 1378 4694 aliorum
1429 4632 1588 4692 enim
1640 4641 1727 4691 est
1760 4631 1860 4710 qui
1892 4631 2062 4692 labo-

2175 4655 2247 4689 ιου
2300 4632 2550 4711 καθέδραν
2583 4650 2598 4666 ⁶
2661 4631 2837 4690 ἄλλων
2889 4637 3013 4713 γὰρ,
3070 4636 3179 4692 τῶν
3230 4639 3598 4695 κοπιασάντων
3653 4640 3787 4713 εστὶ,

419 4731 700 4803 raverint,
728 4738 787 4790 et
815 4726 931 4788 illis
957 4733 1279 4803 praeparata
1294 4730 1405 4784 est.
1434 4718 1694 4797 Rogabis
1716 4719 1892 4797 igitur
1912 4739 2059 4781 con-

2175 4725 2231 4778 ,αὶ
2290 4723 2509 4786 ἐκείνοις
2562 4722 2899 4797 ἡτοίμασται.
2965 4721 3283 4802 Ἐρωτήσεις
3333 4726 3446 4806 οὖν,
3508 4715 3633 4805 Ἀρα
3664 4725 3782 4784 λοι-

418 4829 758 4902 sequenter,
792 4835 863 4877 an
916 4812 1099 4893 aliqui
1148 4810 1370 4871 sessuri
1426 4809 1567 4870 sint.
1622 4807 2058 4902 l-tiscasJautein

418 4895 575 4990 quod
609 4895 802 4969 nullus
831 4904 909 4965 ibi
941 4918 1214 4962 sessurus
1243 4911 1333 4960 est
1367 4916 1396 4990 :7
1419 4900 1529 4959 hoc
1559 4895 1717 4990 enim
1749 4896 1930 4990 solius
1960 4896 2056 4990 di-

417 4986 809 5060 vinae'naturae
832 5002 942 5055 est.
977 4990 1065 5051 Ad
1098 5008 1272 5069 quem
1306 4989 1464 5049 enim
1492 4987 1838 5064 angelorum
1870 4986 2049 5045 dixit:

426 5112 446 5144 ε
478 5086 632 5150 Sede
652 5106 684 5148 a
710 5083 934 5146 dextris
967 5079 1173 5141 meis?»
1212 5077 1430 5140 Verum
1457 5077 1568 5137 hoc
1597 5075 1885 5137 Dominus
1909 5076 2058 5136 dixit

410 5177 576 5255 juxta
621 5176 857 5236 illorum
898 5167 1649 5255 opinionemzquazrebant
1695 5164 1854 5225 enim
1905 5164 2057 5255 lianc

414 5253 642 5343 sedem,
671 5282 787 5324 non
818 5258 1220 5334 intelligentes
1247 5255 1405 5336 quod
1437 5254 1658 5343 sedere
1682 5270 1861 5332 super
1900 5253 2054 5314 duo-

410 5351 606 5412 decim
630 5339 835 5422 sedes,
872 5345 946 5407 sit
976 5344 1295 5422 gloriﬁcari
1329 5352 1578 5424 propter
1608 5339 1911 5404 virtutem.

497 5441 669 5503 Vsus.
705 5435 913 5502 ‘24-‘28.
946 5457 967 5487 α
996 5429 1065 5492 Et
1095 5451 1229 5493 cum
1286 5434 1590 5493 audissent
1618 5427 1848 5505 decem,
1892 5431 2054 5492 indi-

418 5528 577 5609 gnati
598 5540 732 5594 sunt
753 5529 827 5590 de
849 5519 1082 5609 duobus
1098 5519 1396 5609 fratribus.
1428 5518 1601 5609 Jesus
1616 5528 1810 5609 autem
1835 5521 2055 5609 vocavit

408 5605 514 5680 eos
533 5618 606 5680 ad
631 5625 789 5702 εο,οι
802 5617 904 5678 ait:
927 5605 1109 5672 Scitis
1130 5608 1288 5686 quod
1318 5607 1618 5689 principes
1650 5607 1915 5682 gentium
1944 5608 2055 5671 do-

2142 4812 2241 4867 πόν
2296 4832 2437 4874 τινες
2504 4810 2761 4886 μέλλουσι
2832 4816 3149 4882 καθεσθῆναι
3180 4830 3196 4886 ς
3241 4818 3465 4892 Μαθήσῃ
3495 4812 3549 4870 δὲ
3578 4814 3658 4870 ὅτι
3688 4819 3785 4874 οὗ·

2139 4897 2241 4965 δεὶς
2309 4899 2426 4956 ἐκεῖ
2478 4902 2798 4969 καθήσεται,
2856 4902 3036 4969 lilqu
3104 4905 3204 4981 γὰρ
3257 4912 3354 4975 τῆς
3409 4906 3549 4967 θείας
3610 4907 3786 4972 οὐσίας

2138 4990 2292 5047 τοῦτό
2346 4993 2481 5050 ἔστι,
2545 4992 2680 5068 ΙΙρὸς
2762 4990 2876 5045 τίνα
2950 4993 3049 5070 γὰρ
3121 4998 3228 5048 τῶν
3309 4992 3552 5072 ἀγγέλων
3605 4995 3730 5052 εἶπε
3766 5016 3779 5029 ⁸

2149 5102 2172 5134 ε
2212 5079 2380 5135 Κάθου
2424 5076 2484 5133 ἐκ
2541 5074 2721 5141 δεξιῶν
2783 5099 2935 5154 μου,
2999 5076 3166 5135 Ἀλλὰ
3224 5086 3375 5137 τοῦτο
3423 5081 3578 5138 εἶπεν
3625 5084 3653 5137 ὁ
3684 5084 3786 5141 Κύ-

2141 5190 2249 5244 ριος
2294 5170 2423 5247 πρὸς
2468 5167 2566 5233 τὴν
2597 5165 2811 5222 ἐκείνων
2866 5168 3116 5225 ὑπόνοιαν
3153 5190 3165 5202 ·
3229 5170 3307 5245 μὴ
3365 5173 3653 5239 νοήσαντες
3684 5174 3783 5252 γὰρ

2138 5255 2219 5312 ὅτι
2284 5259 2344 5313 τὸ
2401 5254 2713 5322 καθεσθῆναι
2771 5258 2857 5311 επὶ
2904 5253 3103 5313 δώδεκα
3153 5260 3388 5337 θρόνους,
3420 5263 3481 5316 τὸ
3523 5258 3783 5328 δοξασθῆ-

2138 5346 2219 5400 ναί
2248 5345 2354 5400 ἐστι
2400 5343 2467 5400 δι’
2512 5344 2726 5423 ἀρετὴν,
2759 5344 2981 5427 ἐζήτουν
3004 5349 3253 5414 τοιαύτην
3296 5347 3568 5428 καθέδραν.

2224 5456 2251 5488 ε
2290 5436 2385 5492 Καὶ
2415 5434 2732 5496 ἀκούσαντες
2791 5435 2838 5488 οἱ
2896 5431 3041 5515 δέκα,
3090 5436 3467 5513 ἠγανάκτησαν
3517 5442 3632 5513 περὶ
3680 5448 3785 5496 τὼν

2137 5520 2226 5579 δύο
2279 5522 2536 5603 ἀδελφῶν.
2587 5513 2643 5579 Ὀ
2690 5519 2746 5578 δὲ
2790 5519 2998 5589 Ἰησοῖς
3028 5513 3523 5604 προσκαλεσάμενος
3570 5530 3780 5605 αὐτοὺς,

2136 5612 2292 5668 εἶπεν
2327 5630 2338 5643 °
2394 5610 2587 5670 Οἴδατε
2636 5608 2721 5666 ὅτι
2782 5614 2827 5667 οἱ
2888 5609 3144 5690 ἄρχοντες
3201 5621 3306 5671 τῶν
3345 5615 3503 5672 έθνῶν
3547 5639 3784 5676 κατακυσι
