4122 6270
271 382 400 447 365
950 377 1397 453 ENARRATIO
1439 388 1522 453 IN
1566 386 1922 453 EVANGEL

2005 386 2067 448 ’Μ
2116 384 2512 448 ΜΑΤΤΗΔΞΙ.
2548 418 2622 430 --
2653 382 2817 448 CAP.
2851 385 2981 449 ΧΧ.
3537 386 3659 451 366

268 523 532 601 ριεύουσιν
589 524 783 596 αὐτῶν,
859 524 946 579 καὶ
1018 524 1065 580 οἱ
1148 523 1372 601 μεγάλοι
1448 524 1922 596 κατεξουσιάζουσιν

2013 519 2316 581 minentur
2340 519 2456 581 illis
2484 541 2495 579 :
2533 526 2590 581 et
2619 519 2717 600 qui
2740 519 2934 599 magni
2956 527 3467 602 sunt,potestatem
3485 543 3655 588 exer-

264 612 464 672 αὖτῶν.
527 612 645 691 Οὐχ
676 610 838 677 οὕτως
882 610 1026 668 ἔσται
1069 612 1124 668 ἐν
1165 615 1319 691 ὑμῖν,
1356 611 1474 669 ἀλλ’
1507 615 1561 677 ὃς
1594 614 1682 670 ἐὰν
1710 613 1837 690 θέλῃ
1868 611 1922 668 ἐν

2006 616 2179 667 ceant
2202 608 2260 668 in
2288 606 2554 670 eas.Non
2593 610 2670 669 ita
2703 609 2816 670 erit
2845 610 3000 670 inter
3028 629 3150 685 vos,
3184 612 3288 673 sed
3313 614 3653 694 quicunque

263 702 400 774 ὑμῖν
456 699 622 778 μέγας
684 700 947 778 γενέσθαι,
994 700 1139 758 ἕσται
1198 704 1347 777 ὑμῶν
1405 700 1670 776 διάκονος,
1720 704 1807 759 καὶ
1865 703 1920 765 ὃς

2005 695 2256 757 voluerit
2289 696 2444 758 inter
2472 715 2571 757 vos
2606 716 2852 773 magnus
2893 698 3044 768 ﬁeri,
3074 703 3187 760 erit
3215 711 3409 763 vester
3438 704 3651 765 minis-

268 790 363 844 ἐὰν
405 788 533 864 θέλῃ
580 793 633 845 ἒν
665 791 795 865 ὑμῖν
829 791 971 847 εἶναι
1000 791 1231 869 πρῶτος,
1279 791 1423 847 ἔσται
1482 792 1628 864 ὑμῶν
1686 790 1867 854 δοῦλος
1902 810 1917 824 ⁸

2008 796 2098 847 ter
2133 807 2145 848 :
2182 799 2239 845 et
2269 786 2369 866 qui
2396 787 2646 847 voluerit
2668 787 2822 849 inter
2853 807 2954 849 vos
2987 788 3213 868 primus
3243 794 3519 863 esse,erit
3548 813 3651 856 ve-

267 877 453 953 ὥσπερ
505 881 533 933 6
594 879 711 941 Υἱὸς
756 886 848 935 τοῦ
879 878 1153 957 ἀνθρώπου
1183 880 1278 935 οὒκ
1333 879 1460 945 ἦλθε
1518 878 1916 957 διακονηθῆναι,

2005 888 2129 934 ster
2151 891 2358 934 servus
2393 897 2404 933 :
2434 875 2585 935 sicut
2620 874 2800 938 Filius
2824 876 3081 937 hominis
3115 897 3231 939 non
3262 880 3422 941 venit
3452 891 3514 942 ut
3539 883 3653 944 sibi

272 964 414 1022 ἀλλὰ
470 964 802 1041 διακονῆσαι,
852 970 938 1025 καὶ
1008 968 1182 1025 δοῦναι
1226 970 1323 1035 τὴν
1379 970 1563 1049 ψυχὴν
1614 970 1770 1027 αὐτοῦ
1824 969 1922 1025 λύ-

2006 961 2462 1037 ministraretur,
2490 963 2594 1024 sed
2621 972 2681 1023 ut
2703 963 2831 1042 ipse
2859 964 3244 1041 ministraret,
3280 985 3454 1046 atque
3485 971 3656 1034 daret

273 1077 399 1132 τρον
457 1055 575 1112 ἀντὶ
632 1054 869 1115 πολλῶν.
910 1080 936 1111 ο
994 1048 1138 1115 ’Ὅτε
1206 1056 1345 1113 εἶδον
1403 1062 1448 1114 οἱ
1485 1048 1614 1115 δέκα
1671 1060 1791 1122 τοὺς
1837 1058 1922 1114 δύο

2005 1050 2262 1111 animam
2280 1070 2444 1112 suam
2470 1053 2942 1133 redemptionem
2974 1070 3080 1134 pro
3103 1056 3655 1123 multis.»Ubivide-

275 1144 684 1217 ἐπιτιμηθέντας
755 1146 897 1220 παρὰ
948 1149 1040 1202 τοῦ
1110 1154 1361 1225 Χριστοῦ,
1420 1147 1541 1203 τότε
1616 1148 1704 1203 καὶ
1783 1147 1922 1203 αὗτοὶ

2005 1147 2142 1199 runt
2172 1140 2379 1200 decem
2402 1141 2552 1201 duos
2582 1142 2717 1202 illos
2745 1160 2779 1203 a
2809 1143 3043 1204 Christo
3069 1144 3575 1225 increpatos,tunc
3600 1160 3653 1212 et

284 1232 665 1312 ἀγανακτοῦσι,
709 1236 795 1289 καὶ
853 1232 1047 1299 ἔδειξαν
1103 1234 1182 1290 ὅτι
1232 1238 1318 1292 καὶ
1349 1238 1681 1315 προήχθοντο
1723 1236 1807 1291 ἐπὶ
1862 1242 1922 1312 τῇ

2010 1228 2122 1307 ipsi
2156 1229 2441 1307 indignati
2466 1239 2690 1300 suut,et
2720 1233 3105 1293 ostenderunt
3129 1252 3192 1294 se
3223 1246 3549 1299 commotos
3578 1239 3653 1300 ob

277 1322 482 1376 τούτων
546 1329 679 1398 τιμῇ
738 1320 875 1379 ’Ἔτι
948 1324 1046 1401 γὰρ
1108 1324 1239 1391 ἦσαν
1308 1324 1519 1387 ἀτελεῖς
1556 1344 1565 1355 '
1604 1327 1650 1379 οἱ
1688 1325 1785 1399 μὲν
1828 1326 1922 1403 γὰρ

2012 1315 2252 1377 istorum
2289 1319 2599 1380 honorem.
2627 1320 2837 1381 Adhuc
2870 1322 3027 1382 enim
3062 1331 3230 1383 erant
3270 1323 3602 1404 imperfecti
3637 1348 3650 1387 :

274 1408 713 1473 κατεξανίσταντο
758 1418 862 1467 τῶν
918 1410 1040 1467 δέκα
1068 1429 1083 1444 ⁸
1134 1415 1180 1468 οἱ
1241 1410 1295 1467 δὲ
1344 1414 1590 1491 ἑφθόνουν
1637 1426 1755 1475 τοῖς
1814 1410 1922 1473 δύο,

2010 1421 2141 1463 nam
2176 1403 2259 1463 illi
2281 1406 2562 1465 adversus
2592 1408 2798 1468 decem
2832 1408 3313 1487 insurgebant,hi
3343 1403 3480 1475 vcro
3499 1415 3653 1476 duo—

276 1497 427 1556 Ἐπεὶ
484 1499 573 1556 οὖν
628 1502 674 1556 ci
719 1498 842 1557 δέκα
901 1500 1219 1565 ἀκούσαντες
1276 1499 1689 1580 ἐθορυϐήθησαν,
1752 1522 1922 1579 προσ-

2009 1490 2119 1553 bus
2150 1493 2512 1556 invidebant.
2548 1496 2859 1576 Postquam
2907 1496 3085 1576 igitur
3113 1498 3321 1561 decem
3353 1502 3448 1565 bis
3480 1504 3652 1567 audi-

275 1586 524 1644 καλεῖται
590 1590 797 1662 αὐτοὺς,
845 1594 911 1665 τῇ
966 1587 1154 1658 κλήσει
1193 1592 1294 1668 πρὸ
1344 1596 1449 1645 τῶν
1505 1588 1679 1667 λόγων
1740 1591 1922 1653 αὐτοὺς

2012 1581 2084 1643 tis
2110 1582 2321 1644 turbati
2345 1584 2863 1657 fuerunt,accessit
2886 1586 3359 1661 illos,vocatione
3382 1602 3518 1654 ante
3534 1612 3653 1656 ser-

274 1680 683 1756 καταπραῦνων,
738 1680 836 1735 Καὶ
905 1679 1003 1756 γὰρ
1068 1680 1115 1734 οἱ
1173 1688 1264 1738 τοῦ
1352 1676 1621 1735 Ζεϐεδαίου
1691 1678 1922 1757 ἀποῤῥα-

2016 1689 2249 1732 mouem
2282 1692 2385 1734 eos
2419 1675 3033 1737 demulcens.Etenim
3054 1676 3158 1737 filii
3181 1677 3655 1744 Zebedaeiavulsi

276 1766 457 1843 γέντες
516 1766 624 1823 τῶν
668 1765 865 1838 ἄλλων,
900 1766 1130 1842 ὡμίλουν
1163 1768 1303 1841 αὒτῷ
1340 1787 1353 1801 ⁵
1412 1774 1557 1824 οᾶσιν
1602 1768 1690 1824 οὖι
1743 1775 1922 1841 κοινῶς

2011 1759 2085 1820 ab
2116 1762 2244 1821 aliis
2270 1761 2769 1824 conversabantur
2796 1783 2930 1824 cum
2955 1764 3108 1843 ipso.
3140 1768 3427 1831 Omnibus
3457 1770 3654 1852 itaque

278 1854 482 1931 ὁμιλεῖ.
555 1855 715 1920 Εἰδὼς
772 1859 872 1935 γὰρ
926 1860 1231 1937 τυραννικὸν
1298 1860 1358 1914 τὸ
1415 1856 1772 1939 φιλόπρωτον,
1841 1859 1922 1915 καῖ

2014 1849 2188 1909 simul
2224 1849 2725 1929 loquitur.Sciens
2755 1854 2913 1913 enim
2944 1871 3118 1932 quam
3142 1855 3219 1917 sit
3247 1849 3573 1937 tyrannica,
3597 1868 3656 1923 et

282 1944 631 2025 σφοδροτέρας
716 1945 962 2022 δεόμενον
1047 1946 1264 2024 πληγῆς
1300 1994 1316 2021 ,
1402 1948 1678 2023 βαθύτερον
1763 1951 1922 2006 αὐτῶν

2015 1957 2170 2015 grav:
2191 1939 2451 2015 indigeat
2469 1941 2955 2019 reprehensionis
2989 1944 3655 2029 plaga,ambitio,acrius

278 2037 609 2091 καθικνεῖται
668 2037 741 2099 εἷς
812 2036 909 2103 τὴν
953 2042 1061 2091 τῶν
1088 2034 1302 2091 ἒθνικεῦν
1330 2038 1416 2091 καὶ
1448 2036 1680 2095 ἀπίστων
1737 2049 1922 2113 μοῖραιΙ

2014 2044 2115 2117 eos
2150 2028 2511 2106 perstringit,
2536 2038 2595 2089 et
2624 2029 2820 2108 sbjicit
2851 2048 2953 2091 eos
2983 2031 3039 2091 in
3075 2032 3401 2096 infidelium
3436 2028 3651 2117 etgen-

326 2124 340 2145 ν
414 2125 427 2143 \
506 2126 519 2141 ι
621 2123 634 2143 ν
673 2125 687 2156 ρ
944 2126 957 2147 τ
1140 2123 1163 2143 '\
1197 2125 1217 2163 ς
1252 2138 1275 2151 υ
1396 2125 1413 2155 λ
1700 2127 1715 2146 ς
1794 2127 1819 2142 ρο

283 2144 468 2189 αυτούς
502 2124 860 2204 απορριπτων,
917 2146 960 2180 ει
1011 2124 1304 2201 φιλοοο,ειν
1363 2125 1583 2198 θολοιεν,
1622 2136 1718 2184 Και
1764 2148 1922 2188 ουτως

2015 2114 2203 2175 tilium
2232 2117 2821 2196 portionem,siiuani
2844 2119 3048 2198 gloria
3068 2123 3310 2185 studere
3339 2114 3652 2188 voluerint:

280 2212 471 2277 αὐτοὺς
530 2213 789 2292 ἐντρέπει,
850 2215 1065 2293 φάσκων
1094 2232 1110 2249 ⁸
1159 2218 1217 2271 Οἱ
1262 2215 1357 2290 μὲν
1430 2213 1580 2272 ἄλλοι
1640 2214 1922 2294 ἄνθρωποι,

2013 2212 2073 2265 et
2101 2206 2185 2265 sic
2213 2224 2313 2265 eos
2344 2207 2709 2280 adhortatur,
2746 2207 2951 2269 dicens
2978 2226 2993 2270 :
3025 2210 3146 2272 Alii
3175 2213 3412 2291 quidem
3458 2218 3654 2279 homi-

280 2300 411 2358 διότι
499 2303 751 2383 ἄρχουσι,
838 2303 1227 2380 λαμπρύνονται
1261 2322 1272 2335 ·
1336 2305 1423 2360 καὶ
1500 2306 1561 2360 τὸ
1622 2306 1745 2383 ὲρᾷν
1820 2309 1922 2359 τῶν

2011 2311 2139 2364 nes,
2165 2294 2303 2371 quia
2329 2304 2558 2374 regunt,
2595 2296 2737 2355 clari
2770 2305 2946 2357 sunt:
2991 2307 3049 2358 et
3078 2318 3277 2362 amare
3313 2304 3650 2382 primatum,

277 2372 609 2469 upwteiwv,"
634 2372 746 2448 τῶν
796 2372 1013 2448 ὶθνικῶν
1056 2392 1166 2450 ἐστι
1233 2390 1395 2454 πάθος
1431 2409 1445 2423 ⁸
1480 2396 1525 2449 οἱ
1568 2391 1621 2448 δὲ
1652 2372 1771 2468 έμοὶ
1814 2414 1922 2467 μα-

2009 2383 2312 2460 gentilium
2347 2396 2434 2444 est
2463 2372 2719 2458 affectio;
2752 2403 2915 2446 meos
2955 2396 3149 2450 autem
3182 2372 3506 2472 discipulos
3536 2372 3656 2457 bu;

277 2482 455 2553 θηταὶ,
519 2482 622 2537 ἀπὸ
677 2482 1049 2545 ταπεινώσεως
1106 2483 1360 2557 τιμῶνται
1399 2499 1412 2513 ·
1461 2482 1598 2539 ὥστε
1628 2485 1716 2539 καὶ
1746 2485 1773 2538 6
1800 2482 1922 2557 μεί-

2010 2472 2233 2533 militas
2284 2474 2682 2548 commendat,
2731 2485 2788 2535 et
2838 2476 3217 2540 honorabiles
3246 2480 3428 2544 facit:
3476 2500 3657 2565 atque

282 2576 385 2639 ζων
428 2569 595 2626 θέλων
654 2571 821 2650 εἶναι,
866 2570 1060 2649 ὀφείλει
1117 2569 1379 2628 διακονεῖν
1437 2587 1553 2637 τοϊς
1610 2570 1922 2628 ὑποδεεστέ-

2009 2562 2157 2655 adeo
2191 2563 2285 2639 qui
2313 2565 2501 2641 major
2539 2566 2975 2655 essevoluerit,
3012 2567 3209 2644 debet,
3244 2571 3339 2631 his
3371 2578 3472 2652 qui
3508 2562 3658 2655 opus

287 2680 416 2737 ροις,
452 2658 582 2739 ὅπερ
626 2665 722 2726 τῆς
783 2659 943 2739 ἄκρας
1001 2660 1110 2716 ἐστὶ
1151 2660 1548 2725 ταπεινώσεως.
1583 2660 1672 2720 Ἐν
1717 2661 1922 2737 ἐμαυτῷ

2010 2650 2250 2727 habent,
2292 2655 2646 2726 ministrare,
2682 2653 2743 2713 id
2774 2655 2931 2733 quod
2967 2659 3277 2738 praecipuae
3308 2650 3655 2727 humilitatis

288 2745 341 2803 δὲ
392 2755 546 2807 τοῦτο
588 2747 843 2825 δείκνυμι,
890 2750 948 2813 ὃς
977 2748 1160 2830 ἅρχων
1189 2752 1263 2807 ὢν
1306 2752 1391 2806 καὶ
1432 2750 1674 2827 βασιλεὺς
1724 2754 1830 2807 τῶν
1873 2751 1922 2805 ἐν

2009 2748 2123 2811 est,
2160 2750 2217 2801 et
2250 2742 2362 2802 hoc
2404 2743 2463 2803 in
2523 2743 2748 2822 meipso
2796 2747 3045 2807 ostendo
3078 2765 3091 2809 :
3128 2767 3265 2809 cum
3326 2753 3483 2812 enim
3543 2756 3654 2816 sim

292 2842 555 2912 οὐρανοῖς,
616 2839 941 2894 ἐταπείνωσα
1000 2843 1050 2912 ιν
1072 2842 1252 2911 αυτὸν,
1300 2838 1629 2911 διακονήσων
1685 2842 1812 2916 ὑμῖν
1854 2842 1922 2903 εἷς

2009 2830 2286 2909 princeps
2318 2840 2375 2892 et
2405 2849 2506 2891 rex
2562 2833 2919 2913 caelestium,
2980 2836 3283 2899 bumiliavi
3335 2845 3655 2923 memetip-

297 2927 385 2994 τὴν
442 2928 708 3006 σωτηρίαν
745 2944 759 2957 ⁸
820 2930 909 2983 καὶ
962 2938 1211 2986 τοσοῦτον
1254 2926 1544 2986 δουλεύσων
1585 2932 1737 3009 ὑμῖν,
1790 2929 1922 2985 ὥστε

2008 2935 2163 2991 sum,
2196 2919 2273 2979 ita
2296 2928 2355 2979 ut
2384 2920 2554 2981 vobis
2589 2921 2916 2983 ministrem
2943 2925 3015 2984 ad
3048 2929 3318 3003 salutem;
3352 2932 3482 2990 108
3511 2919 3653 2995 etin

291 3018 373 3071 καὶ
402 3018 498 3084 τὴν
541 3017 726 3096 ψυχὴν
765 3016 939 3073 δοῦναι
992 3015 1176 3096 λύτρον
1214 3017 1327 3073 ἀντὶ
1376 3018 1613 3095 πολλῶν,
1661 3008 1919 3092 τουτέστι,

2008 3013 2229 3066 tantum
2266 3008 2595 3069 ministrem
2626 3009 2811 3085 v‘obis,
2840 3020 2902 3070 ut
2931 3021 2988 3072 et
3015 3014 3273 3075 animam
3312 3035 3502 3080 meam
3540 3040 3651 3101 p0-

297 3106 492 3161 παντων
527 3122 541 3136 ·
576 3108 624 3162 οἱ
668 3107 767 3185 γὰρ
797 3106 1015 3185 πάντες,
1048 3104 1259 3166 πολλοί.

2008 3112 2144 3155 nam
2174 3097 2646 3177 redemptionem
2683 3117 2787 3179 pro
2822 3100 3044 3177 multis,
3079 3102 3191 3164 hoc
3223 3112 3314 3166 est
3346 3097 3649 3171 omnibus:

2006 3203 2215 3246 onmes
2240 3185 2397 3246 enim
2425 3187 2611 3247 multi.

367 3307 391 3339 ε
424 3286 524 3342 Καὶ
592 3284 1017 3362 ἐκπορευομένων
1075 3288 1247 3344 αὐτῶν
1321 3286 1426 3341 ἀπὸ
1503 3276 1737 3364 ἰεριχὼ,
1782 3286 1921 3351 ἠκο-

2087 3271 2613 3338 VERS.29-34.¢Et
2645 3276 3085 3353 egredientibus
3114 3279 3231 3342 illis
3260 3301 3293 3342 a
3341 3280 3645 3362 Hiericho,

287 3373 535 3439 λούθηοεν
580 3376 725 3447 αὐσῷ
773 3372 941 3451 ὄχλος
1012 3372 1192 3439 πολύς.
1269 3374 1367 3432 Καὶ
1425 3372 1531 3429 ἰδοὺ
1587 3371 1674 3429 δύο
1745 3373 1922 3453 τυφλοὶ

2006 3372 2209 3423 secuta
2233 3370 2321 3423 est
2351 3381 2483 3423 eum
2512 3366 2679 3426 turba
2714 3368 2915 3428 multa.
2943 3366 3012 3427 Et
3043 3387 3184 3430 ecce
3215 3370 3333 3431 duo
3385 3375 3522 3435 caeci
3554 3394 3649 3437 se-

284 3464 571 3536 καθήμενοι
632 3463 774 3539 παρὰ
826 3463 924 3528 τὴν
981 3461 1123 3542 ὁδὸν,
1180 3463 1495 3526 ἀκούσαντες
1567 3461 1645 3517 ὅτι
1718 3461 1922 3529 Ἰησοῦς

2008 3449 2417 3525 dentessecus
2449 3454 2597 3512 viam
2617 3473 2749 3514 cum
2768 3457 3074 3517 audissent
3095 3459 3251 3537 quod
3268 3457 3300 3519 ,Ι
3308 3479 3442 3521 esus
3463 3471 3647 3526 trans-

285 3552 532 3629 παράγει,
593 3550 809 3630 ἔκραξαν
852 3551 1094 3630 λέγοντες
1131 3572 1144 3586 °
1194 3550 1447 3619 Ἐλέησον
1516 3552 1683 3626 ῖημᾶς,
1744 3554 1921 3631 Κύριε,

2008 3537 2138 3609 iret,
2177 3540 2579 3600 clamaverunt
2606 3543 2871 3604 dicentes
2909 3564 2922 3605 :
2960 3543 3245 3607 Miserere
3277 3553 3489 3627 nostri,
3524 3549 3647 3611 Do-

286 3643 391 3705 υἱὸς
440 3637 630 3702 Δαυῖδ,
692 3631 749 3696 Ὀ
782 3639 835 3695 δὲ
865 3638 1030 3719 ὄχλος
1076 3640 1394 3716 ἐπετίμησεν
1438 3643 1618 3706 αὐτοῖς
1669 3642 1761 3696 ’ἱνα
1792 3663 1922 3697 σιω-

2012 3627 2193 3706 mine,
2248 3629 2329 3688 ﬁxi
2369 3629 2573 3692 David.
2608 3629 2803 3693 Turba
2833 3641 3029 3694 autem
3079 3635 3422 3715 increpabat
3449 3657 3554 3700 eos
3585 3649 3645 3702 ut

286 3732 551 3799 πήσωσιν.
615 3730 673 3786 Oi
729 3727 783 3784 δὲ
827 3737 1012 3805 μεῖζον
1044 3728 1279 3809 ἔκραζον,
1322 3729 1565 3808 λέγοντες
1600 3746 1615 3762 ⁸
1669 3727 1922 3796 Ἐλέησον

2009 3723 2291 3777 tacerent.
2327 3719 2506 3809 Atilii
2537 3720 2720 3800 magis
2752 3722 3103 3798 clamabant,
3137 3724 3425 3790 dicentes:
3461 3729 3644 3792 Mise-

278 3820 445 3893 ἡμᾶς,
504 3817 683 3896 Κύριε,
729 3820 837 3880 υἱὸς
873 3817 1055 3879 Δαυῖδ.
1111 3821 1209 3877 Καὶ
1258 3820 1383 3883 στὰς
1415 3822 1442 3875 ὁ
1477 3817 1678 3886 Ἰησοῦς
1709 3818 1922 3899 ἐφώνη-

283 3929 371 3964 σεν
425 3909 637 3986 αὖτοὺς,
667 3910 753 3963 καὶ
797 3908 921 3964 εἶπε
956 3924 969 3938 ⁸
1033 3910 1091 3967 Τί
1146 3909 1322 3965 θέλετε
1378 3911 1591 3978 ποιήσω
1619 3910 1748 3984 ὑμῖν
1782 3908 1924 3983 ;Λέ-

277 4019 455 4074 γουσιν
502 3996 645 4070 αὒτῷ
678 4015 694 4032 ⁸
732 3997 909 4076 Κύριε,
947 3996 1039 4053 ’ίνα
1085 3998 1406 4076 ἀνοιχθῶσιν
1435 4000 1602 4072 ἠμῶμ
1631 4001 1677 4054 οἱ
1721 3996 1923 4077 ὀφθαλ-

275 4086 389 4160 μοί.
422 4085 848 4165 Σπλαγχνισθεὶς
891 4083 947 4140 δὲ
990 4088 1017 4140 6
1062 4082 1289 4160 Ἰησοῦς,
1336 4084 1514 4160 ἥψατο
1563 4090 1671 4141 τῶν
1718 4085 1921 4165 ὀφθαλ-

275 4180 392 4249 μῶν
452 4177 647 4248 αὐτῶν,
692 4174 779 4230 καὶ
822 4173 1010 4238 εὒθέως
1058 4170 1354 4249 ἀνέϐλεψαν
1400 4174 1571 4230 αὐτῶν
1619 4178 1666 4230 oi
1723 4173 1921 4251 ὁγθαλ-

278 4264 392 4341 μοὶ,
448 4264 538 4318 καὶ
607 4262 971 4330 ἠκολούθησαν
1014 4264 1178 4337 αὐτῷ.
1211 4282 1241 4321 )
1306 4263 1441 4319 Ἀπὸ
1482 4263 1579 4330 τῆς
1636 4263 1821 4341 φήμης
1877 4265 1922 4317 οἱ

278 4351 461 4430 τυφλοὶ
521 4352 730 4419 γνόντες
789 4354 878 4407 τὸν
964 4353 1173 4427 Κύριον,
1261 4350 1537 4431 ἐδράξαντο
1593 4361 1687 4409 τοῦ
1740 4358 1924 4431 καιροῦ

2005 3823 2142 3867 rere
2167 3807 2374 3882 nostri,
2408 3808 2677 3884 Domine,
2710 3812 2793 3871 fili
2824 3812 3029 3874 David.
3063 3814 3132 3875 Et
3161 3816 3322 3876 stetit
3349 3817 3542 3895 Jesus,
3576 3837 3645 3881 ac

2008 3898 2230 3956 vocavit
2258 3915 2381 3973 eos,
2417 3908 2474 3958 et
2502 3898 2583 3958 ait
2615 3915 2628 3960 :
2664 3899 2814 3971 Quid
2863 3902 3036 3962 vultis
3082 3911 3143 3963 ut
3183 3903 3401 3966 faciam
3431 3908 3646 3970 vobis?

2004 3982 2219 4070 Dicunt
2247 3986 2334 4045 illi
2368 4003 2380 4047 :
2419 3985 2690 4061 Domine,
2730 3998 2789 4048 ut
2819 3991 3162 4070 aperiantur
3218 3994 3372 4054 oculi
3432 3998 3641 4062 nostri.

2003 4068 2279 4133 Misertus
2307 4082 2503 4134 autem
2537 4094 2741 4135 eorum
2768 4068 3157 4157 Jesus,tetigit
3178 4081 3381 4141 oculos
3411 4100 3640 4158 eorum,

2008 4168 2066 4219 et
2094 4162 2402 4223 confestim
2448 4163 2636 4223 visum
2687 4175 3041 4245 receperunt
3094 4168 3249 4228 oculi
3290 4170 3551 4245 illorum,
3587 4182 3646 4233 et

2007 4249 2187 4309 secuti
2215 4261 2351 4311 sunt
2380 4270 2537 4311 eum.
2575 4276 2597 4309 ν
2646 4252 2828 4314 Fama
2858 4266 3217 4333 agnoverant
3263 4261 3402 4319 caeci
3434 4258 3639 4321 Domi-

2006 4355 2171 4412 num,
2217 4348 2274 4399 et
2305 4340 2697 4401 observabant
2728 4350 2960 4425 tempus
2990 4363 3121 4404 cum
3153 4346 3457 4408 audissent
3485 4352 3641 4428 quod

280 4428 597 4504 ἀκούσαντες
655 4441 753 4516 μὲν
809 4440 889 4496 ὅτι
946 4440 1270 4520 παρέρχεται
1321 4442 1421 4507 τὴν
1476 4438 1595 4496 ὀδόν
1626 4455 1642 4472 ⁶
1704 4441 1921 4497 πιστεύ-

2007 4428 2357 4520 praeteriret.
2384 4430 2785 4520 Crediderunt
2812 4445 3009 4494 autem
3032 4433 3189 4513 quod
3209 4430 3382 4496 Jesus
3416 4438 3540 4515 (qui
3572 4456 3642 4499 ex

282 4549 467 4590 σαντες
511 4526 591 4609 δὲ,
636 4529 720 4585 ὅτι
753 4528 957 4596 Ἰησοῦς
989 4531 1017 4585 6
1069 4528 1129 4585 ἐκ
1176 4528 1475 4607 σπέρματος
1510 4526 1678 4584 Δαυ³ιδ
1704 4530 1765 4584 τὸ
1789 4528 1926 4584 κατὰ

283 4618 475 4696 σάρκα,
520 4617 736 4682 δυνατὸς
794 4619 861 4686 ἦν
915 4620 1233 4693 θεραπεῦσαι
1292 4617 1497 4689 αὖτοὺς,
1559 4619 1631 4680 ὡς
1682 4614 1737 4673 δὲ
1793 4615 1925 4695 ἄγαν

279 4706 461 4784 θερμοί
516 4707 633 4784 περὶ
688 4707 787 4774 τὴν
843 4708 1039 4781 πίστιν,
1093 4703 1210 4763 οὐδὲ
1252 4704 1711 4782 ἐπιστομιζόμενοι
1755 4705 1923 4762 ἐσιώ-

281 4816 422 4867 πων,
482 4794 618 4851 ἀλλὰ
669 4796 756 4851 καὶ
812 4794 981 4852 πλείω
1035 4794 1276 4873 ἔκραζον,
1352 4786 1527 4852 ’Ὅθεν
1584 4793 1701 4852 οὐδὲ
1756 4793 1925 4874 ἱρωτᾷ

280 4887 467 4949 αὖτοὺς
514 4886 557 4940 εἰ
602 4884 775 4941 πίστιν
818 4884 1055 4964 ἔχουσιν,
1117 4882 1254 4940 ἀλλὰ
1305 4884 1356 4940 τί
1395 4882 1656 4958 θέλουσιν,
1694 4884 1786 4941 ’ἱνα
1844 4884 1923 4959 μὴ

277 4992 361 5035 τις
417 4974 607 5049 νομίσῃ
637 4973 718 5030 ὅτι
774 4972 910 5034 ἄλλα
967 4971 1305 5049 βουλομένοις
1361 4971 1497 5030 ἄλλα
1549 4972 1744 5033 δίδωσι.
1811 4974 1921 5030 Δεί-

276 5082 459 5116 κνυσιν
515 5061 603 5118 οὖν
646 5063 727 5118 ὃτι
759 5062 864 5142 οὔχ
894 5061 1068 5119 ἕνεκεν
1100 5069 1190 5119 τοῦ
1231 5060 1417 5119 λαϐεῖν
1457 5062 1701 5141 ἀργύριον
1732 5059 1921 5136 ἐϐόων,

276 5147 418 5205 ἄλλα
471 5158 562 5208 τοῦ
601 5150 833 5219 ἰαθῆναι.
880 5149 1181 5226 Ἀψάμενος
1230 5149 1286 5206 δὲ
1340 5152 1633 5230 θεραπεύει,
1677 5150 1770 5207 ’ίνα
1812 5151 1923 5225 μά-

277 5241 479 5314 θωμεν,
534 5238 614 5296 ὅτι
657 5246 763 5296 πᾶν
805 5237 964 5315 μέλος
994 5239 1091 5306 τῆς
1120 5240 1271 5317 ἁγίας
1312 5243 1468 5299 αὐτοῦ
1512 5241 1727 5319 σαρκὸς,
1781 5246 1921 5310 ζωο-

275 5330 436 5384 ποιὸν
489 5330 576 5385 καὶ
632 5335 765 5385 Θεοῦ
818 5327 977 5403 μέλος
1054 5326 1141 5394 ἧν,
1205 5331 1259 5386 Εἰ
1315 5326 1369 5384 δὲ
1413 5331 1441 5384 6
1512 5335 1713 5391 Aoum};
1758 5329 1845 5384 καὶ
1894 5330 1922 5383 6

276 5419 493 5495 Μάρκος
550 5418 641 5474 ἕνα
670 5417 878 5496 λέγουσι
907 5419 999 5474 τὸν
1054 5416 1272 5497 τυφλὸν,
1332 5417 1478 5477 οὒδὲν
1518 5421 1673 5475 τοῦτο
1715 5415 1919 5497 διαφω-

275 5519 363 5563 νεῖ
396 5522 412 5537 '
472 5507 668 5566 ἐκεῖνοι
746 5509 845 5587 γὰρ
901 5514 993 5564 τοῦ
1069 5506 1475 5588 ἑπιφανιστέρου
1556 5507 1913 5584 ἐμνήσθησαν.

354 5676 561 5740 “Luc.
610 5693 773 5755 xvm,
810 5674 1010 5737 Matth.
1049 5692 1101 5736 χ.

2008 4517 2237 4578 semine
2254 4516 2437 4579 David
2461 4518 2788 4579 secundum
2815 4530 3078 4593 carnem)
3101 4529 3298 4603 posset
3321 4543 3529 4587 curare
3564 4528 3641 4588 il-

2008 4605 2193 4668 los.Et
2223 4608 2395 4687 plane
2431 4609 2675 4669 multum
2698 4610 3003 4672 fervebant
3030 4612 3369 4693 fide,neque
3399 4615 3541 4675 dum
3563 4625 3643 4677 ta-

2007 4712 2144 4757 cere
2154 4697 2927 4775 juberentur,silebant,sed
2948 4701 3122 4780 longe
3140 4705 3396 4783 amplius
3417 4704 3641 4767 clama-

2004 4784 2167 4848 bant.
2199 4785 2362 4850 Unde
2387 4806 2501 4848 non
2522 4789 2898 4867 interrogavit
2918 4789 3052 4851 illos
3068 4809 3139 4850 an
3159 4791 3335 4853 (idem
3360 4793 3637 4872 habeant,

2006 4878 2109 4937 sed
2139 4875 2281 4955 qnid
2312 4877 2570 4939 vellent:
2604 4896 2681 4939 ne
2711 4878 2845 4958 quis
2875 4879 3169 4941 existimet
3197 4881 3355 4961 quod
3403 4882 3518 4945 alia
3543 4884 3643 4945 det

2004 4965 2119 5025 alia
2144 4965 2837 5029 volentibus.Monstrans
2868 4967 3047 5047 igitur
3062 4975 3215 5048 quod
3232 4988 3349 5031 non
3372 4973 3642 5051 peetmiae

2006 5056 2191 5132 gratia
2221 5056 2293 5116 ad
2321 5073 2385 5117 se
2411 5056 2740 5129 clamarint,
2759 5058 2863 5118 sed
2891 5068 2953 5118 ut
2982 5067 3288 5134 curentur,
3320 5069 3504 5122 tactos
3529 5082 3638 5124 cu-

2004 5145 2501 5217 rat,utdiscamus
2518 5147 2717 5205 omnia
2742 5164 2865 5206 suae
2892 5157 3109 5208 sancta:
3130 5148 3325 5209 carnis
3348 5151 3636 5228 membra,

2004 5232 2234 5295 viviﬁca
2262 5244 2319 5294 et
2348 5233 2455 5295 Dei
2488 5236 2756 5295 membra
2794 5254 2945 5297 esse.
2983 5235 3149 5307 Quod
3200 5248 3397 5301 autem
3453 5240 3643 5304 Lucas

2004 5332 2062 5386 et
2096 5327 2321 5386 Marcus
2354 5342 2532 5382 unum
2556 5323 2761 5385 dicunt
2787 5342 3008 5385 caecum
3042 5326 3250 5405 fuisse,
3275 5348 3393 5389 non
3444 5331 3517 5390 ab
3548 5330 3643 5392 his

2002 5414 2268 5475 dissonat
2295 5411 2380 5474 33.
2415 5412 2503 5471 llli
2533 5416 2693 5472 enim
2726 5413 3065 5493 insignioris
3094 5418 3456 5480 mentionem
3489 5420 3643 5481 fece-

2000 5498 2272 5567 runt.Vel
2295 5501 2679 5578 aliter,Lucas
2700 5502 2843 5565 dicit
2872 5505 3029 5585 quod
3061 5516 3377 5589 antequam
3402 5509 3645 5573 veniret
