4122 6270
456 324 571 389 887

457 569 632 631 quam
666 550 844 613 exivit
877 551 949 612 de
976 550 1279 613 Hiericho.
1336 554 1642 617 Matthaens
1669 571 1810 615 vero
1844 554 2099 616 brevita—

456 642 530 702 tis
550 648 776 703 amator
805 638 983 700 simul
1017 650 1330 722 utrumque
1375 642 1717 722 complexus
1759 652 1869 705 est.
1908 643 2099 705 Intel-

458 729 572 806 lige
607 737 800 789 autem
851 748 956 809 per
986 749 1197 804 caecos,
1232 750 1335 792 eos
1379 730 1480 811 qui
1530 751 1597 792 ex
1656 732 1955 811 gentibus,
1999 731 2102 813 qui

459 836 633 880 secus
663 820 814 879 viam
848 819 1039 879 curati
1070 829 1227 882 sunt.
1259 822 1388 883 Non
1424 821 1580 880 enim
1617 821 1911 900 praecipue
1940 822 2100 883 venit

456 906 720 971 Christus
776 920 1016 986 propter
1053 920 1280 986 gentes,
1327 910 1430 970 sed
1491 919 1733 989 propter
1780 910 2093 974 lsraelitas.

456 996 969 1071 Quemadmodum
1004 1007 1195 1058 autem
1243 998 1379 1059 caeci
1437 998 1733 1059 audiendo
1765 999 2101 1061 didicerunt

456 1086 530 1147 de
549 1084 716 1158 Jesu,
743 1086 829 1146 sic
862 1094 917 1146 et
946 1096 1151 1159 gentes
1178 1106 1246 1147 ex
1276 1088 1476 1149 auditu
1511 1087 1646 1147 ﬁdei
1679 1087 1747 1148 Hi
1779 1098 1972 1148 autem
2000 1088 2101 1169 qui

458 1176 757 1236 silentium
810 1174 1106 1254 imperant
1150 1177 1344 1257 caecis,
1380 1196 1454 1237 ne
1485 1177 1792 1237 clamando
1825 1178 2102 1240 invocent

459 1284 674 1325 nomen
728 1263 890 1343 Jesu,
945 1274 1082 1325 sunt
1127 1276 1540 1344 persecutores
1581 1266 1831 1346 tyranni,
1863 1270 1959 1346 qui
2004 1277 2096 1328 at-

457 1362 683 1414 tentant
722 1353 1001 1414 Ecclesiae
1027 1371 1093 1413 os
1123 1352 1399 1416 obturare
1432 1373 1449 1416 :
1482 1356 1584 1416 sed
1621 1356 1719 1415 illa
1748 1356 1932 1415 multo
1967 1374 2098 1418 ma-

458 1443 543 1523 gis
572 1443 887 1504 conﬁtetur
918 1462 1135 1503 nomen
1167 1442 1380 1506 Christi
1409 1466 1422 1504 :
1458 1445 1682 1505 idcirco
1743 1456 2004 1515 sanatur.
2040 1453 2099 1507 et

462 1535 624 1597 videt
667 1534 934 1596 veritatis
994 1533 1194 1595 lumen
1227 1535 1461 1607 clarius,
1499 1544 1555 1597 et
1585 1536 1851 1615 sequitur
1890 1535 2095 1599 Chris-

459 1632 606 1695 tum,
641 1625 817 1686 vitam
847 1623 976 1702 ejus
1007 1624 1311 1688 imitando.

1058 1807 1300 1875 CAPUT
1342 1808 1495 1871 XXI.

462 1905 550 1965 De
580 1910 758 1965 asina
800 1913 853 1965 et
900 1901 1089 1983 pullo.
1131 1904 1215 1964 De
1243 1903 1474 1964 claudis
1521 1909 1577 1965 et
1622 1904 1815 1964 caecis.
1852 1901 1944 1963 De
1984 1905 2099 1980 ﬁcu

538 1984 837 2061 arefacta.
877 1983 965 2045 De
989 1984 1364 2062 principibus
1392 1983 1773 2044 sacerdotum
1815 1990 1883 2062 et
1927 2000 2097 2062 pres-

539 2063 762 2143 bylerz‘s
805 2063 1125 2125 Dominum
1156 2061 1370 2143 Jesum_
1400 2061 1935 2143 interrogantibus
1974 2061 2098 2121 Pa-

538 2141 744 2206 rabola
767 2144 837 2205 de
866 2143 1098 2205 duobus
1124 2142 1294 2221 ﬁliis.
1330 2141 1644 2202 Parabola'
1676 2143 1749 2203 de
1778 2144 1975 2215 vinea.

539 2325 723 2388 Vens.
761 2325 892 2387 1-5,
934 2349 959 2379 α
994 2323 1065 2383 Et
1089 2342 1222 2383 cum
1257 2326 1832 2402 appropinquassent
1881 2322 2097 2383 Hiero-

461 2415 720 2493 solymis,
754 2422 812 2473 et
841 2414 1132 2473 venissent
1164 2413 1503 2491 Bethphage
1533 2412 1603 2472 ad
1630 2422 1885 2471 montem
1911 2410 2097 2471 Oliva-

458 2520 613 2574 rum,
651 2511 787 2561 tunc
815 2504 985 2561 .lesus
1009 2501 1169 2560 misit
1199 2501 1346 2560 duos
1377 2499 2089 2580 discipulos,dicensillis:

458 2592 542 2654 Ite
574 2590 634 2650 in
665 2590 972 2651 casleilum
1001 2590 1152 2670 quod
1187 2600 1391 2650 contra
1425 2607 1525 2650 vos
1546 2601 1659 2668 est,
1695 2596 1755 2650 et
1785 2588 1979 2648 statim
2001 2590 2090 2649 in-

458 2681 706 2742 venietis
736 2681 956 2759 asinam
985 2681 1303 2759 alligatam,
1328 2681 1462 2740 109
1488 2688 1547 2741 et
1577 2680 1799 2760 pullum
1834 2698 1966 2739 cum
2001 2698 2089 2743 ea:

462 2771 690 2843 solvite,
728 2780 785 2830 et
823 2751 1118 2830 add'ucite'
1143 2751 1313 2841 mihi,
1350 2779 1407 2830 et
1437 2771 1484 2830 si
1516 2751 1646 2849 quis
1674 2768 1841 2829 vobis
1876 2768 2126 2848 aliquid.

458 2859 695 2939 dixerit,
731 2858 934 2930 dicite,
970 2860 1253 2921 Dominus
1286 2858 1377 2919 his
1402 2877 1550 2938 opus
1582 2857 1778 2933 habet,
1815 2867 1871 2919 et
1902 2858 2098 2919 confe-

459 2950 593 3011 stim
638 2949 849 3009 emittit
895 2966 1018 3009 eos.
1054 2946 1179 3008 Hoc
1211 2957 1406 3008 autem
1457 2957 1636 3007 totum
1670 2946 1883 3007 factum
1919 2957 2005 3009 est
2037 2956 2097 3007 ut

458 3041 882 3119 adimpleretur
910 3040 1064 3119 quod
1094 3039 1313 3101 dictum
1340 3048 1428 3100 est
1483 3058 1589 3119 per
1621 3039 1964 3118 prophetam
1999 3039 2093 3099 di-

463 3140 690 3191 centem
730 3148 743 3192 :
779 3128 963 3190 Dicite
991 3130 1125 3189 ﬁliae
1155 3126 1319 3203 Sion,
1359 3130 1509 3191 Ec:e
1532 3146 1634 3189 rex
1666 3137 1800 3189 tuus
1828 3128 1986 3189 venit
2016 3128 2092 3187 ti-
2115 3158 2154 3208 ρ
2179 3129 2257 3197 τρὶ
2301 3128 2438 3183 Σιών

460 3217 518 3279 bi
549 3230 912 3290 mansuetus,
936 3219 1152 3279 sedens
1186 3235 1363 3297 super
1385 3218 1628 3284 asinam,
1666 3228 1725 3277 et
1766 3218 1985 3297 pullum
2021 3217 2095 3277 ﬁ-

465 3308 608 3369 lium
644 3307 989 3387 subjugalis.
1024 3330 1051 3366 ι
1093 3307 1259 3368 Sedit
1289 3327 1470 3387 super
1497 3308 1745 3386 asinam,
1782 3326 1895 3367 non
1922 3306 1979 3366 in
2013 3306 2099 3367 ul-

460 3396 581 3456 lum
611 3398 788 3457 alium
822 3414 1016 3468 usum,
1045 3414 1217 3475 quam
1247 3397 1677 3476 utimpleretnr
1708 3397 2101 3476 prophetia,et

466 3494 528 3547 ut
555 3490 897 3545 ostenderet
926 3485 1224 3564 quomodo
1253 3495 1517 3563 oporteat
1548 3484 1740 3545 viliter
1773 3486 1902 3545 vehi
1931 3506 1943 3544 :
1982 3505 2097 3547 non

460 3575 614 3635 enim
644 3593 817 3653 equo,
853 3574 957 3633 sed
990 3574 1171 3633 asello
1212 3574 1308 3632 vili
1342 3584 1544 3635 vectus
1576 3582 1685 3636 est.
1738 3572 1948 3653 Implet
1980 3574 2096 3652 igi-

457 3671 554 3724 tur
585 3663 952 3740 prophetiam
987 3663 1220 3739 ctjuxtu
1256 3662 1651 3727 historiam,et
1687 3663 1852 3741 juxta
1874 3681 2091 3741 anago-

457 3770 593 3830 gen.
628 3749 772 3810 Nam
800 3752 964 3830 juxta
997 3750 1301 3811 historiam
1327 3751 1539 3811 visibili
1564 3751 1730 3811 asino
1756 3751 1974 3812 insedit
2006 3760 2099 3814 :et

450 3841 616 3918 juxta
637 3855 935 3918 anagogen
970 3857 1225 3918 quoque,
1261 3840 1396 3917 quia
1428 3839 1596 3897 etiam
1647 3838 1806 3918 pullo
1852 3840 2090 3913 insedit,

456 3946 629 4001 novo,
664 3927 972 3999 indomita,
1009 3927 1443 3988 etobedientize
1475 3927 1674 3988 nescio
1720 3929 1957 4007 populo.
1995 3928 2092 3988 Li-

457 4016 576 4094 gali
607 4024 803 4077 autem
841 4022 1012 4078 er-nt
1041 4014 1203 4076 asina
1248 4026 1305 4076 et
1354 4016 1547 4096 pullus
1581 4018 1803 4077 catenis
1852 4033 2091 4078 suorum

459 4115 855 4184 peCCatorum.
882 4105 1006 4166 Duo
1055 4107 1217 4166 missi
1248 4114 1384 4167 sunt
1429 4106 1499 4166 ad
1535 4105 1903 4175 solvendum,
1938 4105 2091 4166 Pau-

456 4194 549 4254 las
578 4194 816 4275 quidem
845 4196 914 4255 ad
949 4203 1173 4273 gentes,
1196 4198 1402 4257 Petrus
1432 4214 1570 4256 vero
1601 4196 1658 4255 in
1684 4194 2091 4256 circumcisio-

457 4301 615 4355 nem,
652 4285 762 4345 hoc
785 4294 894 4348 est.
929 4286 999 4344 ad
1026 4282 1285 4345 Judazos.
1320 4285 1394 4346 Et
1439 4304 1624 4363 usque
1654 4284 1713 4344 in
1745 4284 2091 4345 hodiernum

1412 328 2008 395 THEOPHYLACTI
2051 330 2462 399 BULGARLE
2505 332 2860 399 ARCHIEP.

455 464 514 520 in
546 458 850 534 Hiericho,
884 464 1105 524 curarit
1138 481 1388 539 caecum;
1420 462 1650 525 Marcus
1678 471 1897 537 autem,
1932 473 2098 545 post-
2118 476 2158 522 Α

3713 338 3832 405 368

2187 456 2417 553 Ϊ¹Αλλως
2477 490 2557 541 τε,
2592 472 2619 525 6
2650 476 2854 536 Λουκᾶς
2903 472 3047 551 λέγει
3092 473 3171 529 ὅτι
3217 476 3319 553 πρὸ
3350 481 3441 531 τοῦ
3475 473 3725 532 ἀπελθεῖν
3755 474 3828 537 εἰς

2189 546 2399 637 Ἰεριχὼ
2483 558 2788 643 ἐθεράπευσε
2862 546 3055 641 τυφλόν
3092 584 3106 599 ·
3164 565 3191 619 6
3381 563 3617 643 Μάρκος,
3694 562 3829 639 μετὰ

2180 647 2241 701 τὸ
2299 644 2527 711 ἐξελθεῖν
2583 648 2688 704 ἀπὸ
2748 640 2979 730 ’[εριχώ.
3048 644 3103 709 Ὀ
3137 652 3227 707 οὖν
3256 640 3526 717 Ματθαῖος
3569 651 3827 731 φιλοσύν-

2180 756 2343 809 τομος
2403 737 2499 809 ὢν,
2559 737 2869 816 περιέλαϐεν
2927 740 2979 795 ἐν
3036 740 3212 814 ταύτῷ
3268 743 3388 806 τοὺς
3444 740 3556 805 δύο.
3618 743 3829 809 Νόησον

2179 820 2232 877 δὲ
2276 822 2525 904 τυφλοὺς,
2569 828 2689 890 τοὺς
2734 825 2786 891 ἐξ
2829 828 3008 900 ἐθνῶν,
3043 828 3095 883 οἵ
3142 829 3200 885 ἐκ
3229 828 3459 909 παρόδου
3479 830 3719 897 ἷοίθησαν·
3770 831 3831 885 οὒ

2181 912 2279 989 γὰρ
2337 915 2753 992 προηγουμένως
2780 914 2937 984 ἦλθεν
2967 920 2994 973 6
3027 920 3249 995 Χριστὸς
3280 917 3363 974 διὰ
3404 925 3524 984 τοὺς
3566 920 3828 997 Eam-1.06:,

2181 998 2315 1086 am
2367 999 2450 1086 διὰ
2495 1004 2616 1068 τοὺς
2674 1001 2724 1069 ἒξ
2783 1001 2998 1083 Ἰσραήλ
3031 1023 3044 1036 ·
3106 1006 3283 1086 ὥσπερ
3346 1006 3400 1062 δὲ
3463 1010 3507 1063 οἰ
3550 1008 3731 1086 τυφλοὶ
3776 1007 3829 1071 ἐξ

2184 1081 2349 1147 ἀκοῆς
2383 1081 2572 1157 ἔμαθον
2628 1086 2743 1160 περὶ
2800 1081 2892 1143 106
2926 1087 3121 1165 Ἰησοῦ,
3169 1081 3306 1143 οὕτω
3335 1090 3421 1144 καὶ
3449 1092 3492 1144 οἳ
3540 1081 3730 1144 ἒθνῖκοὶ
3776 1087 3828 1151 ἐξ

2184 1169 2348 1235 ἀκοῆς
2380 1172 2604 1235 πίστεως
2639 1170 2791 1251 (2Ἱ)“
2841 1177 2887 1230 οἱ
2918 1172 2972 1229 δὲ
3004 1174 3426 1251 ἐπιστομίζοντες
3455 1179 3574 1241 τοὺς
3600 1176 3824 1256 τυφλοὺς

2182 1257 2259 1331 μὴ
2318 1260 2526 1335 κράζειν
2583 1262 2644 1316 τὸ
2700 1261 2868 1335 ὄνομα
2924 1271 3017 1319 τοῦ
3072 1264 3270 1345 Ἰησοῦ,
3331 1268 3456 1322 εἰσὶν
3511 1268 3556 1321 οἱ
3606 1263 3824 1321 διῶκται

2179 1345 2442 1426 τύραννοι,
2502 1350 2554 1404 οἳ
2601 1347 2886 1428 ἐπειρῶντο
2936 1352 3287 1428 ἐπιστομίζειν
3328 1357 3427 1421 τὴν
3477 1352 3822 1431 Ἐκκλησίαν,

2178 1432 2297 1521 ᾂλλ⁷
2342 1436 2517 1504 ἐκείνη
2576 1436 2739 1495 πλέον
2794 1438 3061 1518 ὡμολόγει
3119 1444 3178 1496 τὸ
3230 1450 3322 1499 τοῦ
3352 1444 3577 1521 Χριστοῦ
3604 1442 3772 1517 ὄνομα
3808 1460 3820 1470 ⁸

2178 1520 2256 1578 διὸ
2285 1525 2371 1581 καὶ
2412 1526 2532 1593 ἰάθη
2577 1528 2663 1583 καὶ
2692 1525 2874 1603 βλέπει
2918 1531 2979 1585 τὸ
3030 1535 3128 1597 τῆς
3177 1520 3427 1599 ἀληθείας
3475 1537 3587 1611 φῶς
3629 1533 3824 1610 τρανὸ-

2178 1632 2351 1693 τερον,
2385 1616 2472 1670 καὶ
2529 1615 2808 1673 ἀκολουθεῖ
2859 1622 2935 1690 τῷ
2983 1625 3213 1697 Χριστῷ,
3258 1621 3393 1677 κατὰ
3421 1623 3511 1677 τὸν
3568 1621 3675 1696 βίον
3736 1644 3823 1695 μι-

2123 1756 2160 1807 B
2181 1724 2320 1779 μοδμ
2330 1705 2419 1771 ένη
2452 1704 2628 1765 αὐτόν.

2799 1821 3045 1875 ΚΕΦΛΛ.
3084 1806 3212 1874 ΚΑ’.

2184 1903 2302 1979 Περὶ
2328 1907 2454 1988 ’τῆς
2523 1902 2641 1988 ῤ’νου
2719 1908 2804 1962 καὶ
2859 1917 2951 1965 τοῦ
3006 1908 3211 1988 πώλου,
3266 1910 3389 1987 Περὶ
3446 1915 3551 1965 τῶν
3620 1909 3821 1988 χωλῶν

2257 1982 2376 2068 καὶ·
2428 1982 2657 2068 τυφλῶν,
2775 1989 2893 2064 Περὶ
3002 1993 3100 2054 τῆς
3204 1982 3542 2068 ξηρανθείσης
3622 1982 3816 2057 συκῆς.

2260 2063 2383 2139 Περὶ
2451 2071 2597 2149 τῶνΔ
2641 2063 3025 2144 ἐπερωτώντων
3110 2069 3200 2124 τὸν
3271 2063 3470 2146 ’Κύριον
3525 2069 3820 2149 ἀρχιερέων

2263 2143 2350 2229 καί
2433 2142 2814 2224 πρεσϐυτέρων,
2904 2150 3025 2218 Περὶ
3106 2154 3211 2205 τῶν
3269 2142 3371 2205 δύο
3437 2142 3572 2205 υἱῶν-
3596 2142 3822 2229 ηπαραο

2264 2217 2421 2290 ϐολή.
2451 2217 2575 2302 Περὶ
2597 2217 2700 2280 τοῦ’
2717 2217 3054 2299 ἀμπελῶνος.

2268 2348 2295 2381 ιι
2330 2330 2429 2385 Καὶ
2460 2328 2546 2385 ὅτε
2601 2328 2828 2408 ἤγγισαν
2886 2334 2959 2395 εἰς
3020 2323 3349 2409 Ἰροπέλυμα,
3421 2337 3506 2392 καὶ
3534 2334 3687 2402 ἠλθοι
3746 2339 3819 2399 εἰς

2184 2418 2439 2494 Βηθφαγὴ
2493 2419 2622 2496 πρὸς
2680 2421 2741 2476 τὸ
2784 2418 2902 2497 ὄρος
2951 2425 3057 2475 τῶν
3106 2420 3358 2496 Ἰὲλαιῶν,
3406 2425 3583 2481 τότε-ὁ
3616 2423 3821 2491 Ἰησοῦς

2177 2504 2453 2561 ἀπέστειλε
2511 2504 2597 2563 δύο
2642 2509 2904 2582 μαθητὰς,
2984 2506 3153 2585 λέγων
3225 2512 3407 2574 αὐτοῖς
3441 2528 3454 2541 ⁶
3527 2515 3816 2593 Πορεύθητι

2181 2595 2253 2658 εἰς
2298 2595 2396 2661 τὴν
2456 2616 2647 2670 κωμην
2704 2596 2803 2662 τὴν
2857 2596 3105 2653 ἀπέναντι
3164 2598 3332 2677 ὑμῶν,
3393 2606 3478 2655 καὶ
3507 2602 3695 2665 εὐθέως
3728 2601 3821 2657 εὖ-

2179 2684 2365 2761 ρήσετε
2409 2682 2527 2740 ὄνον
2581 2682 2885 2764 δεδεμένην,
2944 2687 3031 2741 καὶ
3073 2684 3253 2742 πῶλον
3307 2689 3423 2760 μετ’
3469 2690 3630 2755 αὐτῆς
3666 2706 3680 2719 ⁶
3733 2689 3821 2746 λύε

2180 2792 2363 2835 σαντες
2395 2772 2623 2851 ἆγαίγετέ
2653 2794 2743 2847 μοι
2780 2823 2793 2836 ,
2828 2776 2915 2830 καὶ
2942 2774 3032 2829 'u'v
3062 2796 3142 2838 τις
3174 2776 3303 2849 ὑμῖν
3346 2774 3477 2851 εἴπῃ
3520 2800 3592 2846 τι,
3646 2780 3818 2856 ἒρεῖτε

2181 2859 2259 2916 ὅτι
2316 2864 2344 2917 6
2379 2862 2561 2939 Κύριος
2595 2862 2765 2919 αὒτῶν
2822 2865 3005 2943 χρείαν
3063 2862 3204 2943 ἔχει,
3250 2864 3437 2927 εὐθέως
3467 2864 3520 2920 δὲ
3563 2865 3817 2922 ἀποστέλ-

2180 2948 2258 3004 λει
2290 2949 2498 3013 αὺτούς.
2533 2958 2695 3008 Τοῦτο
2747 2949 2801 3007 δὲ
2858 2952 2981 3009 ὃλον
3036 2953 3250 3030 γέγονεν
3295 2952 3387 3007 ’ίνα
3443 2951 3698 3031 πληρωθῇ
3754 2956 3816 3010 τὸ

2179 3037 2332 3115 ῥηθέν
2388 3037 2470 3094 διὰ
2505 3046 2597 3095 τοῦ
2639 3042 2915 3120 προφήτου
2946 3039 3191 3116 λέγοντος
3226 3055 3240 3070 ⁶
3279 3038 3481 3098 Εἴπατε
3529 3048 3597 3116 τῇ
3649 3046 3814 3119 θυγα-

2473 3144 2487 3158 '
2525 3126 2654 3184 Ἰδοὺ
2684 3131 2712 3184 6
2755 3128 2996 3205 βασιλεύς
3030 3152 3122 3186 σου
3146 3128 3361 3209 ἔρχεταί
3403 3152 3486 3186 σοι
3517 3136 3698 3209 πραῢς,
3732 3131 3820 3187 καὶ

2178 3212 2511 3282 ὶπιϐεϐηκὼς
2556 3217 2640 3273 ἐπὶ
2697 3218 2815 3274 ὄνοι
2871 3219 2959 3273 καὶ
3015 3216 3194 3274 πῶλον
3274 3220 3382 3273 υἱὸν
3438 3219 3737 3297 ὑποζυγίου,
3785 3240 3814 3280 )

2182 3300 2451 3362 Ἐκάθισεν
2536 3305 2621 3362 ἐπὶ
2688 3310 2787 3374 τῆς
2872 3306 3017 3386 ὅου,
3090 3304 3332 3383 οὒδεμιᾶς
3404 3306 3571 3375 ἄλλης
3658 3309 3819 3376 οὔσης

2181 3394 2389 3473 χρείας,
2452 3396 2495 3450 εἰ
2544 3396 2622 3467 μὴ
2692 3402 2785 3452 τοῦ
2842 3395 3122 3473 πληρῶσαι
3192 3398 3292 3463 τὴν
3349 3397 3692 3475 προφητείαν,
3733 3399 3820 3455 καὶ

2181 3482 2274 3537 ἵνα
2317 3481 2455 3559 δείξῃ
2486 3484 2614 3558 ὑμῖν
2667 3482 2813 3547 ὅπως
2856 3481 2941 3540 δεῖ
2979 3482 3202 3547 εὐτελῶς
3235 3484 3550 3564 ἐποχεῖσθαι
3584 3504 3602 3523 ⁶
3634 3490 3692 3545 οὗ
3720 3488 3820 3565 γὰρ

2181 3571 2263 3651 ἐφ’
2293 3572 2484 3645 ἵππου,
2517 3571 2634 3627 ἀλλ’
2666 3574 2751 3629 ἐπὶ
2803 3573 3009 3653 ὁναρίου
3052 3573 3288 3638 εὐτελοῦς
3346 3575 3564 3654 ὠχτςθη.
3616 3575 3823 3654 Πληροῒ

2180 3670 2303 3737 γοῦν
2371 3662 2468 3728 την
2527 3662 2852 3740 προφητείαν
2940 3663 3026 3718 καὶ
3092 3663 3207 3719 καθ’
3259 3665 3489 3741 ἱστορίαν
3545 3665 3632 3720 καὶ
3684 3665 3821 3722 κατὰ

2180 3747 2463 3826 ἀναγωγήν
2500 3764 2513 3779 ⁸
2573 3753 2688 3806 καθ’
2742 3751 2969 3829 ἱστορίαν
3015 3750 3137 3830 μὲν,
3180 3753 3253 3814 ὡς
3298 3749 3385 3807 ἐπὶ
3431 3750 3550 3810 ὄνου
3578 3753 3817 3833 καθίσας,

2178 3839 2239 3892 τὸ
2292 3839 2558 3915 ὁρώμενον
2593 3855 2608 3871 ⁸
2661 3842 2796 3897 κατὰ
2852 3839 3136 3917 ἀναγωγὴν
3193 3836 3269 3911 δὲ,
3331 3840 3411 3896 ὅτι
3454 3843 3543 3897 καὶ
3597 3843 3683 3898 επὶ
3729 3849 3821 3899 196

2177 3925 2356 3982 πώλου
2411 3926 2640 4007 ἐώθισε,
2703 3934 2795 3984 106
2838 3927 2956 3984 νέου
3010 3930 3097 3983 καὶ
3149 3926 3451 4004 ἀδαμάστου
3513 3928 3662 4011 λαοῦ,
3731 3940 3821 3989 106

2177 4014 2559 4073 ἆνυποτέκτου.
2621 4013 2885 4073 Ἐδέδεντο
2940 4013 2993 4071 δὲ
3048 4018 3135 4073 καὶ
3198 4015 3227 4083 ἦ
3285 4015 3404 4081 ὄνος
3463 4017 3592 4097 (28)
3648 4022 3735 4077 καὶ
3793 4024 3821 4077 6

2178 4102 2357 4166 πῶλος
2414 4116 2536 4167 ταῖς
2595 4117 2799 4183 σειραῖς
2856 4110 2961 4160 τῶν
3019 4106 3221 4161 οἰκείων
3280 4105 3572 4185 ἁμαρτιῶν.
3614 4109 3716 4165 Δύο
3766 4107 3821 4165 δὲ

2176 4191 2549 4259 ἀπεστάλησαν
2607 4191 2874 4268 λύσοντες,
2936 4197 2963 4250 6
3016 4195 3111 4268 μὲν
3172 4193 3375 4253 Παῦλος
3436 4198 3508 4261 εἷς
3554 4198 3617 4253 τα
3672 4197 3820 4280 ἔθνη,

2178 4282 2371 4348 Πέτρος
2428 4282 2483 4338 δὲ
2542 4283 2612 4345 εἰς
2669 4284 2766 4350 τὴν
2826 4283 3141 4362 περιτομὴν,
3213 4285 3470 4359 τουτέστι,
3516 4288 3637 4350 τοὺς
3681 4283 3821 4345 Ἰου-

457 4371 615 4433 diem
656 4374 774 4432 duo
828 4392 937 4432 nos
987 4374 1218 4432 solvunt
1268 4393 1301 4433 ει
1353 4374 1629 4451 peccatis,
1680 4372 2000 4451 Apostolus
2038 4382 2097 4433 et

2188 4369 2374 4435 Ξαίους.
2437 4374 2535 4430 Καὶ
2601 4372 2763 4452 μέχρι
2819 4370 2874 4427 δὲ
2918 4379 3009 4430 106
3054 4375 3162 4446 v6v,
3231 4370 3318 4430 δύο
3401 4373 3610 4434 λύουσιν
3673 4379 3819 4452 ἡμᾶς

453 4460 1043 4539 Evangelium.Venit
1065 4472 1255 4521 autem
1290 4432 1554 4523 Christus
1587 4432 1949 4520 mansuetus.
1969 4459 2096 4521 Non

2337 4432 2346 4435 ’
2601 4432 2611 4449 ι
2675 4432 2726 4452 lu
3146 4432 3161 4446 1
3506 4432 3518 4434 -
3699 4432 3733 4452 ,ιν
3803 4432 3817 4441 ν

2188 4463 2284 4517 απὸ
2337 4467 2441 4518 τῶν
2501 4462 2793 4540 ἁμαρτιῶν,
2842 4464 2869 4517 6
2899 4458 3225 4525 Ἀπόστολος
3265 4463 3353 4519 καὶ
3383 4464 3443 4520 τὸ
3478 4464 3821 4543 Εὖαγγέλιονο

457 4554 615 4615 enim
648 4554 804 4613 venit
829 4552 1135 4631 utjndicet
1169 4552 1449 4612 mundum
1491 4554 1546 4612 in
1601 4553 1791 4631 primo
1814 4553 2093 4628 adventu,

2188 4549 2393 4631 ἔρχεται
2424 4549 2477 4606 δὲ
2509 4553 2537 4606 6
2569 4552 2791 4628 Χριστὸς
2824 4550 2989 4629 πραΰς
3026 4567 3041 4583 ·
3087 4549 3144 4606 o6
3187 4553 3287 4628 γὰρ
3335 4549 3462 4617 ἦλθε
3510 4566 3686 4629 κρῖναι
3728 4556 3819 4611 τὸν

454 4643 555 4704 sed
587 4654 647 4702 ut
676 4644 879 4703 salvet.
910 4640 981 4702 Et
1001 4642 1098 4702 alii
1123 4642 1360 4720 quidem
1396 4659 1563 4720 reges
1591 4641 1928 4703 Judaaorum
1963 4641 2095 4701 fue-

2188 4639 2378 4713 ιόσμον
2431 4639 2483 4695 ἐν
2526 4641 2593 4715 τῇ
2652 4660 2836 4717 πρωτῃ
2896 4638 3176 4714 παρουσίᾳ,
3234 4636 3371 4695 ἀλλὰ
3413 4640 3601 4698 σῶσαι.
3653 4640 3820 4698 Ἀλλὰ

450 4740 592 4793 runt
620 4749 868 4811 rapaces
899 4740 957 4793 et
986 4730 1211 4811 injusti,
1262 4730 1527 4793 Christus
1558 4738 1752 4790 autem
1785 4748 1885 4790 rex
1916 4747 2092 4790 man-

451 4832 672 4884 ευειυε.

532 4912 714 4976 VEns.
751 4908 1148 4987 6,7.«Euntcs
1177 4914 1374 4969 autem
1406 4906 1682 4987 discipuli
1713 4907 1977 4970 fecerunt
2006 4909 2091 4970 si-

449 5009 548 5063 cut
581 5008 941 5081 przeceperat
971 4998 1086 5059 illis
1114 4997 1759 5075 Jesus,etaddnxerunt
1788 4998 2010 5057 asinam
2038 5010 2094 5058 et

451 5089 701 5166 pullum,
739 5096 795 5149 et
822 5088 1235 5168 imposuerunt
1264 5104 1444 5166 super
1476 5102 1578 5147 eos
1595 5085 1943 5147 vestimenta
1962 5104 2090 5159 sua,

2178 4729 2262 4784 καὶ
2315 4731 2361 4785 οἱ
2410 4728 2507 4802 μὲν
2563 4726 2714 4783 ἄλλοι
2784 4724 3025 4801 βασιλεῖς
3118 4732 3225 4782 τῶν
3278 4724 3529 4807 Ἐϐραίων
3585 4727 3819 4810 ἅρπαγες

2175 4816 2310 4891 ἦσαν
2342 4818 2429 4873 καὶ
2473 4814 2666 4890 ἄδικοι,
2702 4819 2730 4873 6
2772 4813 2826 4870 δὲ
2871 4817 3117 4894 Χριστὸς,
3150 4815 3396 4891 βασιλεὺς
3425 4819 3612 4897 πραῢς.

2263 4929 2290 4959 ι
2324 4905 2667 4983 Πορευθέντες
2761 4901 2814 4959 δὲ
2900 4905 2945 4959 οἱ
3030 4906 3281 4981 μαθηταὶ,
3361 4908 3449 4963 καὶ
3499 4910 3817 4978 ποιήσαντες

2178 4997 2349 5057 καθὼς
2445 4993 2756 5072 προσέταξεν
2844 4996 3026 5058 αὐτοῖς
3085 4996 3112 5050 ὁ
3172 4994 3399 5069 Ἰησοῦς,
3460 4996 3660 5076 ἤγαγον
3722 5000 3820 5067 τὴν

2177 5087 2295 5140 ὃνον
2353 5085 2439 5141 καὶ
2482 5085 2571 5139 τὸν
2599 5082 2804 5154 πῶλον,
2852 5084 2937 5138 καὶ
2988 5083 3252 5149 ἐπέθηκαν
3301 5083 3476 5141 ἰπάνω
3534 5088 3701 5143 αὐτῶν
3758 5089 3822 5143 τὰ

1529 5204 1615 5267 Ex
1650 5202 1966 5265 collatione
1992 5204 2165 5267 codd.
2204 5206 2418 5265 Venet.
2454 5200 2517 5265 S.
2552 5201 2762 5265 Marci.

530 5328 656 5407 (27)
704 5327 853 5390 Cod.
891 5326 989 5402 32,
1038 5326 1088 5391 ἐξ
1120 5328 1286 5394 ἀκοῆς
1321 5326 1650 5399 ἐπίστευσαν,
1711 5348 1731 5380 ι
1774 5343 1842 5385 ex
1890 5324 2092 5385 auditu

450 5408 854 5471 crediderunt.

535 5489 665 5570 (28)
698 5489 841 5551 Co-l.
879 5485 978 5551 32.
1016 5488 1160 5570 Κατᾷ
1210 5486 1309 5560 μὲν
1357 5486 1586 5570 ἱστορίαν
1614 5491 1682 5561 τῇ
1711 5483 1934 5570 ᾄμπέλῳ
1962 5486 2097 5543 κατὰ

448 5572 512 5629 τδ
543 5564 879 5650 ἐἰρημένοντ
937 5567 1213 5650 Δεσμεύων
1286 5570 1353 5650 τῇ
1410 5564 1646 5650 ἀμπέλῳ.
1688 5568 1779 5650 τον
1836 5567 1951 5650 ὄνον
2009 5570 2097 5650 a6-

448 5652 543 5710 106
582 5642 700 5708 καῖ
727 5649 796 5717 τῆ
840 5647 976 5706 ἕλικι
1025 5649 1123 5712 τῆς
1176 5642 1419 5725 ἀμπέλου
1453 5662 1469 5676 ⁸
1529 5646 1664 5725 κατὰ
1715 5645 2014 5725 ᾇναγωγὴνῗ
2047 5644 2100 5701 δὲ

448 5745 573 5795 ταῖς
604 5742 817 5808 σειραῖς
863 5728 970 5784 τῶν
1027 5726 1233 5782 οἰκείων
1274 5723 1575 5802 ἁμαρτιῶν,
1607 5721 1695 5781 δύο
1724 5722 1779 5779 δί
1809 5721 2101 5793 ἐπεστάλη-

2178 5346 2297 5409 σςιν,
2328 5324 2414 5409 καὶ
2455 5344 2506 5381 τ.
2543 5321 2672 5409 λη..
2708 5319 3068 5409 _Se_cnndum
3102 5323 3354 5409 quidem
3388 5324 3714 5409 historiam,
3748 5329 3822 5391 ad

2180 5401 2549 5491 vitem,juxta
2571 5401 2747 5491 illud:
2782 5404 3008 5491 Ligeris
3033 5404 3112 5464 ad
3135 5401 3322 5466 bitem
3350 5408 3590 5491 asinum
3619 5401 3819 5491 suum,

2179 5489 2235 5544 et
2260 5484 2339 5544 ad
2366 5482 2732 5561 pampinum
2762 5484 3107 5565 vitiatam.
3140 5486 3412 5565 xux,tl)
3450 5503 3463 5546 :
3494 5482 3819 5552 secundum

2178 5572 2373 5625 autem
2407 5578 2650 5649 se_nsum
2682 5562 3321 5649 anagogicum.cateais
3347 5562 3588 5628 suorum
3615 5587 3821 5649 pecca-

2185 5653 2404 5704 torum.
2450 5639 2579 5703 Duo
2609 5659 2749 5703 vero
2781 5639 3126 5722 miSSisnnt,
3162 5667 3191 5701 ι
3235 5652 3353 5706 etc.
