4126 6268
487 326 598 391 371
1448 326 2042 390 THEOPHYLACTI
2088 325 2491 388 BULGARIE
2532 328 2893 389 ABGHIEP.
3777 328 3871 389 372

490 460 794 523 columbas
825 464 1123 541 evertit,et
1151 460 1297 523 dixit
1325 458 1769 539 illis:Scriptum
1799 457 2119 538 est,Domu:

2221 455 2461 535 έστρεψε,
2495 460 2583 515 καὶ
2630 460 2724 523 τὰς
2774 458 3025 540 καθέδρας
3070 463 3174 518 τῶν
3222 461 3566 519 πωλούντων
3601 462 3701 524 τὰς
3744 481 3877 539 περι-

491 568 624 612 mea
654 549 865 611 domus
894 549 1330 633 deprecationis
1346 548 1647 610 vocabitur
1676 556 1770 611 :at
1791 565 1893 608 vos
1916 544 2119 608 fecisti:

2222 546 2426 621 στεράς.
2478 550 2573 605 Καὶ
2617 547 2759 628 λέγει
2789 550 2975 615 αὐτοῖς
3018 568 3033 586 ⁸
3066 550 3361 630 Γέγραπται
3406 571 3421 583 ⁸
3467 542 3534 609 ’0
3598 551 3758 613 οἶκός
3800 572 3880 623 μου

488 637 651 699 illam
708 640 1051 719 speluncam
1106 639 1423 700 latronum.
1464 663 1490 694 »
1518 636 1822 718 Tanquam
1862 633 2119 697 dominu:

2220 635 2375 697 οἶκος
2417 638 2725 717 προσευχῆς
2770 637 3097 709 κληθήσεται
3133 655 3147 671 ⁸
3195 642 3350 715 ὑμεῖς
3399 639 3465 696 δὲ
3516 641 3689 697 αὐτὸν
3722 638 3885 708 ἐποιῇ-

488 725 722 802 domus,
761 728 869 789 hoc
887 738 998 809 est,
1034 728 1262 809 templi,
1296 727 1474 808 ejecit
1504 727 1827 789 vendentes
1864 746 1878 787 :
1932 732 2119 786 osten-

2220 744 2345 779 σατε
2388 726 2651 795 σπήλαιον
2694 724 2927 803 λῃστῶν.
2969 750 2993 785 ι
3035 719 3126 792 Ὠς
3169 726 3434 797 δεσπότης
3494 752 3598 785 του
3652 730 3827 806 οἴκου,
3864 729 3884 783 ὃ

490 816 639 879 dens
669 835 739 879 ea
764 836 892 898 qua;
918 820 1103 881 Patris
1127 826 1354 891 sunt,et
1383 835 1489 878 sua
1505 835 1659 896 esse,
1692 814 1929 877 interim
1954 813 2119 875 etiam

2220 811 2330 869 ἐστι
2392 822 2486 871 τοῦ
2525 815 2686 891 ἱεροῦ,
2755 814 2964 882 ἐξέϐαλε
3023 817 3142 880 τοὺς
3197 816 3548 880 πωλοῦντας·
3588 815 3796 882 δεικνὺς
3821 817 3884 872 ὅτι

486 907 782 968 honestati
816 908 1024 986 templi
1052 926 1252 969 curam
1285 905 1536 986 habens,
1568 905 1672 967 sed
1705 915 1761 965 et
1793 900 2133 965 translatio-

487 1014 625 1057 nem
658 995 1083 1062 sacriﬁciorum
1118 995 1481 1075 signiﬁcans,
1514 1014 1584 1055 eo
1635 992 1791 1075 quod
1838 990 2134 1071 ejiciendo

489 1082 673 1145 boves
705 1090 764 1144 et
787 1084 1113 1155 columbas.
1148 1084 1514 1164 praesignavit
1545 1102 1665 1143 non
1694 1082 1847 1142 ultra
1868 1097 2016 1159 opus
2045 1097 2133 1141 es-

488 1190 553 1233 se
576 1172 919 1234 animalium
952 1172 1241 1234 sacriﬁcio
1274 1181 1375 1233 aut
1403 1172 1833 1253 immolatione,
1863 1169 1969 1230 sed
1999 1187 2129 1230 ora-

487 1262 673 1322 tione.
710 1262 929 1323 Domus
972 1264 1128 1322 enim
1163 1279 1316 1334 mea,
1347 1261 1561 1338 inquit,
1598 1261 1808 1321 domus
1837 1260 2127 1338 depreca-

488 1350 665 1411 tionis
696 1358 808 1423 est;
843 1369 944 1412 vos
965 1358 1159 1412 autem
1194 1351 1415 1412 fecistis
1444 1351 1603 1411 illam
1650 1350 1989 1429 speluncam
2037 1347 2128 1408 la-

486 1444 747 1500 tronum.
786 1442 854 1501 In
875 1439 1175 1519 speluncis
1208 1439 1362 1499 enim
1401 1438 1695 1499 latronum
1730 1438 1875 1498 ﬁunt
1908 1444 2127 1497 macta-

485 1525 701 1607 tiones,
736 1527 1116 1606 etsanguinis
1162 1527 1504 1590 effusiones.
1538 1526 1643 1589 Vel
1678 1527 1851 1588 etiam
1886 1533 2132 1605 propter

484 1615 885 1693 negotiatores
910 1623 1176 1677 ementes
1207 1626 1265 1677 et
1288 1616 1637 1689 vendentes,
1673 1615 2015 1695 speluncam
2048 1613 2129 1675 la-

486 1712 718 1765 tronum
753 1705 971 1767 vocavit
1001 1706 1311 1786 templum.
1366 1705 1625 1767 Avaritia
1668 1706 1823 1765 enim
1866 1712 1921 1763 et
1981 1702 2129 1764 lucri

483 1792 799 1874 cupiditas,
830 1793 1127 1855 latronum
1162 1793 1402 1855 morbus
1433 1803 1541 1857 est.
1578 1792 1908 1873 Collybistaa
1932 1799 2119 1853 autem

2211 1789 2331 1846 λεσε
2360 1794 2420 1848 τὸ
2462 1794 2598 1871 ἱερόν
2635 1814 2648 1827 ⁸

482 1889 623 1943 sunt
675 1884 773 1963 qui
824 1884 977 1963 apud
1026 1901 1132 1944 nos
1180 1883 1459 1945 dicuntur
1500 1883 1800 1944 mensarii.
1854 1876 2321 1961 CollybosBéa-n'
2353 1899 2371 1917 ο

486 1969 644 2045 enim
674 1972 908 2051 species
929 1981 1019 2033 est
1049 1971 1176 2032 vilis
1193 1972 1746 2052 numismatis,sicut
1764 1970 2052 2033 habemus
2074 1978 2132 2031 et

483 2076 594 2119 nos
627 2057 930 2140 obolos(a)
947 2071 1045 2122 aut
1076 2080 1350 2123 nummos
1383 2059 2003 2139 argenteos.Vendunt
2030 2077 2103 2120 au

484 2153 605 2211 tem
637 2148 943 2211 columbas
966 2158 1022 2211 et
1044 2150 1102 2212 hi
1130 2150 1306 2230 quiin
1334 2150 1619 2212 Ecclesiis
1636 2149 1851 2227 gradus
1871 2148 2131 2209 vendunt

482 2234 733 2315 Spiritus
777 2237 937 2297 enim
989 2238 1274 2316 gratiam,
1326 2238 1426 2317 qui
1470 2243 1561 2300 est
1618 2236 1915 2311 columba,
1976 2253 2123 2296 ven-

480 2324 629 2386 dunt
669 2325 788 2405 ipsi
825 2348 837 2388 :
876 2326 1031 2387 unde
1062 2326 1382 2405 ejiciuntur
1411 2344 1481 2388 ex
1512 2343 1771 2404 superno
1805 2333 1861 2386 et
1896 2324 2125 2385 inferno

481 2414 723 2493 templo.
752 2415 985 2493 Indigni
1013 2416 1171 2475 enim
1209 2424 1345 2476 sunt
1376 2414 1708 2477 sacerdotio
1756 2413 1940 2492 fungi.
1976 2411 2126 2473 Vide

481 2509 675 2563 autem
709 2511 768 2564 et
798 2512 857 2564 tu
889 2521 962 2563 ne
994 2503 1148 2564 forte
1182 2504 1466 2582 templum
1525 2502 1653 2575 Dei,
1708 2502 2122 2581 cogitationem

480 2598 637 2651 tuam
686 2590 866 2653 facias
912 2593 1256 2671 speluncam
1310 2592 1626 2665 latronum,
1664 2592 1717 2651 id
1754 2599 1862 2664 est,
1897 2590 2121 2651 daemo-

480 2677 736 2740 niorum.
771 2680 897 2742 Fiet
928 2690 1124 2742 autem
1178 2680 1483 2761 spelunca,
1519 2681 1569 2741 si
1602 2680 1983 2742 habuerimus
2018 2698 2119 2741 co-

480 2768 789 2845 gitationes
817 2769 1157 2831 carnalibus
1203 2770 1381 2831 rebus
1415 2770 1661 2850 amicas,
1706 2770 2030 2830 vendentes
2061 2780 2121 2828 et

480 2865 766 2929 ementes,
800 2867 857 2919 et
889 2861 966 2920 ita
995 2859 1147 2921 lucri
1175 2858 1441 2938 cupidas,
1477 2869 1541 2921 ut
1573 2868 1631 2920 et
1660 2858 1921 2938 collybos
1944 2866 2001 2917 et
2028 2856 2118 2917 vi-

478 2945 559 3006 lia
588 2946 941 3009 numismata
972 2958 1371 3027 congregem;
1409 2950 1485 3008 ιι
1508 2951 1535 3006 ι
1574 2954 1632 3009 et
1680 2949 1728 3008 si
1780 2946 2121 3007 vendideri-

480 3052 612 3094 mus
645 3042 700 3095 et
732 3034 1053 3097 emerimus
1110 3036 1440 3117 columbas,
1474 3035 1584 3096 hoc
1627 3043 1737 3108 est,
1780 3034 1831 3095 si
1877 3033 2033 3114 quod
2063 3033 2125 3095 in

2216 902 2282 957 τὰ
2325 902 2417 958 τοῦ
2459 906 2687 980 Πατρὸς,
2746 906 2834 961 καὶ
2878 907 3033 963 αὐτοῦ
3064 907 3185 963 εἰσι.
3234 914 3398 964 τοῦτο
3428 905 3492 963 δὲ
3529 907 3734 973 ἐποίει,
3791 905 3884 979 ἅμα

2218 990 2315 1062 μὲν
2371 994 2459 1048 καὶ
2508 998 2604 1059 τῆς
2637 998 2919 1068 εὐκοσμίας
2977 996 3070 1051 τοῦ
3123 998 3262 1072 ἱεροῦ
3308 997 3643 1074 φροντίζων,
3682 995 3792 1068 ἅμα
3838 993 3880 1049 δὲ

2217 1081 2303 1135 καὶ
2356 1080 2455 1147 τὴν
2503 1081 2779 1156 μετάθεσιν
2807 1088 2913 1139 τῶν
2954 1086 3144 1139 θυσιῶν
3194 1087 3474 1159 σημαίνων
3516 1101 3532 1115 ⁸
3570 1082 3647 1139 δι’
3678 1086 3756 1141 ὧν
3798 1085 3881 1159 γὰρ

2216 1167 2458 1234 ἐξέϐαλλε
2512 1171 2633 1235 τοὺς
2676 1173 2803 1246 βόας
2862 1173 2949 1227 καὶ
2992 1172 3085 1234 τὰς
3136 1175 3474 1252 περιστερὰς,
3515 1175 3877 1251 προεμήνυεν,

2211 1257 2293 1313 ὅτι
2352 1260 2445 1314 οὒκ
2493 1259 2566 1341 ἔτι
2615 1260 2771 1341 χρεία
2814 1264 3113 1331 ζωοθυσιῶν
3148 1262 3184 1330 ἢ
3217 1265 3478 1341 σφαγίων,
3534 1261 3690 1317 ἀλλὰ
3721 1284 3879 1340 προσ-

2213 1352 2383 1426 ευχῆς
2416 1364 2428 1377 '
2494 1340 2550 1407 ι0
2583 1340 2681 1427 γὰρ
2710 1350 2865 1413 οἶκός
2896 1372 3018 1424 μου,
3081 1340 3272 1429 φησὶν,
3324 1352 3487 1415 οἶκος
3538 1356 3882 1431 προσευχῆς,

2211 1436 2366 1509 ὑμεῖς
2420 1433 2473 1491 δὲ
2527 1437 2811 1507 ἐποιήσατε
2866 1442 3023 1496 αὐτὸν
3078 1438 3344 1509 σπήλαιον
3389 1439 3643 1516 ληστῶνο
3713 1438 3769 1495 ἐν
3795 1442 3881 1516 γὰρ

2212 1536 2327 1587 τοῖς
2392 1525 2673 1592 σπηλαίοις
2732 1534 2839 1584 τῶν
2922 1527 3135 1603 λῃστῶν
3193 1531 3425 1607 γίνονται
3518 1530 3737 1610 σφαγαὶ
3806 1543 3881 1595 καὶ

2211 1615 2616 1693 αἱματεκχυσίαι
2649 1633 2661 1647 ⁸
2708 1618 2743 1685 ἢ
2802 1619 2889 1674 καὶ
2941 1617 3023 1674 διὰ
3095 1619 3215 1682 τοὺς
3273 1617 3726 1692 καπηλεύοντας,
3802 1630 3879 1679 καὶ

2211 1701 2558 1779 ἀγοράζοντας
2601 1707 2689 1762 καὶ
2745 1706 3075 1787 πωλοῦντας,
3140 1706 3404 1776 σπήλαιον
3464 1706 3701 1783 λῃστῶν
3752 1707 3875 1762 lxi-

2708 1798 2769 1852 τὸ
2819 1797 2919 1875 γὰρ
2971 1793 3297 1875 φιλοκερδὲς,
3347 1794 3651 1874 λῃστρικὸν
3716 1796 3875 1858 πάθος

2432 1882 2765 1943 κολλυϐισταὶ
2816 1884 2869 1941 δέ
2926 1887 3055 1941 εἰσιν
3114 1888 3160 1941 οἱ
3213 1882 3334 1964 παρ’
3380 1888 3515 1960 ἡμῖν
3580 1884 3871 1962 λεγόμενοι

2212 1976 2531 2046 τραπηζτται
2568 1990 2582 2005 ⁸
2641 1970 2892 2037 κόλλυϐος
2924 1975 3043 2051 γὰρ,
3080 1971 3223 2037 εἶδός
3266 1973 3375 2029 ἐστι
3408 1975 3751 2048 νομίσματος
3784 1973 3869 2028 εὶ-

2212 2057 2417 2140 τελοῦς,
2463 2062 2638 2140 ὥσπερ
2686 2063 2884 2142 ἔχομεν
2914 2065 3080 2142 τυχὸν
3123 2064 3285 2137 ἡμεῖς
3324 2063 3445 2125 τοὺς
3477 2060 3713 2127 ὀϐολοὺς
3745 2063 3781 2131 ἢ
3812 2064 3871 2116 τα

2212 2146 2458 2227 ἀργύρια,
2520 2154 2758 2207 Πωλοῦσι
2806 2149 2859 2206 δὲ
2904 2152 3209 2229 περιστερὰς
3270 2152 3358 2207 καὶ
3416 2154 3463 2207 οἱ
3494 2153 3623 2214 τοὺς
3659 2152 3718 2207 ἐν
3748 2164 3868 2212 ταῖς

2212 2234 2551 2305 Ἐκκλησίαις
2607 2241 2837 2315 βαθμοὺς
2881 2239 3204 2302 πωλοῦντες.
3253 2240 3360 2306 Τὴν
3412 2241 3513 2317 γὰρ
3562 2248 3663 2297 τοῦ
3700 2242 3868 2296 Πνεῦ-

2209 2346 2374 2397 ματος
2433 2330 2615 2407 χάριν,
2673 2328 2701 2383 ὅ
2783 2328 2892 2384 ἐστι
2973 2330 3270 2406 περιστερὰ,
3357 2336 3625 2385 πωλοῦσιν
3695 2331 3863 2389 αὐτοὶ,

2211 2408 2376 2471 ’Ὅθεν
2432 2415 2775 2473 ἐκϐάλλονται
2820 2417 2879 2474 ἐκ
2934 2419 3025 2474 τοῦ
3078 2415 3186 2472 ἄνω
3244 2424 3392 2490 ναοῦ,
3443 2420 3530 2475 καὶ
3560 2426 3654 2475 τοῦ
3688 2419 3860 2474 κα’τω’

2206 2502 2403 2569 ἀνάξιοι
2461 2505 2559 2584 γάρ
2588 2507 2717 2561 εἰσιν
2746 2506 3050 2585 ἱερατεύειν,
3116 2503 3281 2562 Βλέπε
3332 2504 3501 2562 δὲκαὶ
3533 2508 3593 2563 σὺ
3636 2509 3857 2581 μήποτε

2201 2594 2262 2648 τὸ
2318 2593 2455 2671 ἱερὸν
2496 2600 2587 2650 τοῦ
2619 2601 2769 2667 Θεοῦ,
2802 2594 3057 2666 τουτέστι,
3091 2594 3188 2661 τὴν
3229 2595 3328 2661 σὴν
3375 2593 3627 2665 διάνοιαν,
3677 2599 3853 2663 ποιή-

2203 2702 2301 2755 σῃς
2333 2680 2597 2751 σπήλαιον
2626 2680 2858 2758 λῇστῶν,
2890 2682 3149 2757 τουτέστι,
3195 2688 3300 2738 τῶν
3355 2679 3629 2757 δαιμόνων.
3664 2690 3702 2738 Γ
3704 2687 3844 2753 nr:-

2202 2789 2347 2823 σεται
2383 2767 2437 2824 δὲ.
2480 2768 2766 2843 σπήλαιον,
2800 2770 2889 2826 ἐὰν
2917 2768 3133 2850 ἔχωμεν
3190 2770 3470 2849 λογισμοὺς
3527 2771 3827 2851 φιλούλους,

2204 2855 2507 2919 πωλοῦντας
2584 2860 2671 2914 καὶ
2762 2860 3111 2938 ἀγοράζοντας
3207 2862 3294 2916 καὶ
3375 2859 3821 2939 ιριλοχρημάτους,

2207 2944 2334 3025 ἄχρι
2391 2947 2475 3001 καὶ
2518 2950 2686 3005 αὐτῶν
2745 2954 2848 3002 τῶν
2898 2946 3170 3003 κολλύόων
3200 2947 3318 3014 ἤτοι
3363 2955 3460 3003 τῶν
3490 2947 3697 3004 εὔτελῶν
3726 2972 3825 3004 νο⁹

2208 3033 2488 3108 μισμάτων
2544 3038 2863 3114 συναγοντας
2892 3054 2905 3067 ⁸
2998 3039 3083 3093 καὶ
3161 3036 3250 3092 ἐὰν
3337 3036 3592 3112 πωλῶμεν
3645 3035 3693 3091 δὲ
3747 3038 3838 3091 καὶ

479 3124 654 3187 nobis
684 3125 861 3188 fuerit
888 3127 1195 3208 spirituale
1237 3128 1472 3207 dogma,
1525 3135 1580 3189 et
1630 3126 1971 3206 hujusmodi
2011 3128 2119 3187 ho-

2208 3121 2541 3200 ἐκπριώμεθα
2583 3127 2677 3187 τας
2720 3126 3055 3203 περιστερὰς,
3110 3125 3400 3200 τουτέστιν,
3462 3124 3515 3182 εἴ
3543 3148 3592 3181 τι
3624 3125 3675 3181 ἐν
3708 3128 3845 3202 ἡμῖν

480 3222 647 3276 nesta
678 3216 975 3294 cogitatio,
1007 3219 1351 3298 speluncam
1385 3219 1681 3281 latronum
1734 3216 1983 3278 fecimus
2019 3232 2127 3277 nos

474 3320 657 3382 ipsos.

556 3390 741 3455 Vens.
793 3392 887 3456 14.
947 3414 969 3449 σι
1006 3391 1076 3453 Et
1125 3402 1510 3457 accesserunt
1562 3392 1633 3455 ad
1683 3410 1817 3454 eum
1872 3392 2009 3451 creci
2061 3396 2123 3452 et

476 3480 672 3541 claudi
701 3480 762 3541 in
796 3480 1017 3561 templo
1048 3502 1061 3543 :
1097 3491 1157 3542 et.
1192 3482 1416 3543 sanavit
1454 3500 1576 3544 eos.
1627 3504 1650 3537 ι
1689 3483 1803 3542 Per
1849 3480 2119 3542 inﬁrmos

476 3586 624 3649 quos
655 3568 903 3649 curavit,
936 3569 1193 3631 ostendit
1228 3589 1291 3632 se
1325 3572 1511 3634 Deum
1542 3588 1701 3644 esse,
1755 3578 1813 3630 et
1844 3568 1997 3628 bene
2027 3568 2116 3628 fa-

474 3675 635 3733 cere,
683 3659 927 3737 eiiciens
970 3677 1105 3720 cum
1140 3661 1487 3722 auctoritate
1535 3680 1567 3722 e
1614 3660 1792 3721 domo
1823 3678 1927 3719 sua
1956 3658 2117 3719 indi-

472 3764 639 3824 gnos.
674 3747 1017 3809 Declaratur
1046 3747 1222 3810 etiam
1256 3750 1394 3828 hoc,
1424 3751 1580 3828 quod
1614 3749 1826 3828 ejectis
1869 3746 2114 3824 Judmis,

474 3835 574 3914 qui
603 3835 721 3914 legi
774 3844 833 3896 et
881 3837 1223 3899 animalium
1275 3838 1616 3901 mactationi
1668 3837 1886 3899 addicti
1923 3845 2111 3908 erant,

474 3923 614 3984 caeci
642 3932 700 3985 et
722 3924 915 3987 claudi
943 3942 1015 3988 ex
1044 3926 1324 4005 gentibus
1352 3927 1640 4008 assumpti
1672 3926 1891 3989 fuerint
1921 3926 2114 3988 sanati

473 4010 547 4073 ab
578 4029 671 4073 eo.

553 4101 732 4164 Vens.
770 4107 865 4177 15,
897 4105 991 4165 16.
1032 4128 1059 4159 α
1087 4104 1232 4166 Cum
1265 4112 1457 4166 autem
1503 4103 1785 4166 vidissent
1817 4102 2116 4184 principes

473 4190 844 4252 sacerdotum
894 4200 951 4254 et
1008 4190 1232 4255 Scriba
1276 4192 1569 4255 mirabilia
1609 4211 1737 4273 quae
1766 4192 2008 4264 fecerat,
2059 4200 2116 4253 et

472 4293 689 4355 pueros
719 4279 1041 4343 clamantes
1065 4282 1123 4342 in
1159 4282 1377 4362 templo
1409 4292 1465 4344 et
1495 4282 1763 4343 dicentes
1798 4302 1810 4343 :
1840 4282 2118 4342 Hosanna

471 4364 622 4428 Filio
652 4366 858 4444 David,
887 4368 1175 4448 indignati
1227 4378 1386 4445 sunt,
1422 4379 1480 4432 et
1501 4370 1778 4432 dixerunt
1806 4370 1858 4431 ei
1887 4389 1899 4430 :
1933 4368 2118 4429 Audis

2208 3209 2299 3277 εἴη
2357 3216 2708 3287 πνευματικὸν
2758 3212 2929 3291 δόγμα
2982 3215 3067 3269 καὶ
3124 3212 3382 3291 λογισμὸς
3412 3225 3670 3295 τοιοῦτος,
3700 3220 3847 3285 σπη-

2206 3299 2353 3357 λαιον
2382 3299 2592 3378 λῃστῶν
2625 3303 2953 3377 ἐποιήσαμεν
2983 3303 3215 3367 ἑαυτους.

2290 3412 2318 3443 α
2355 3393 2451 3447 Καὶ
2509 3390 2805 3468 προσῆλθον
2864 3389 3004 3463 αὐτῷ
3061 3389 3234 3469 χωλοὶ
3293 3392 3379 3447 καὶ
3434 3391 3618 3470 τυφλοὶ
3664 3393 3718 3448 ἐν
3774 3399 3849 3467 τῲ

2202 3480 2346 3556 ἱερῷ,
2421 3480 2507 3535 καὶ
2566 3481 2905 3558 ἐθεράπευσεν
2977 3480 3187 3542 αυτούς.
3240 3503 3267 3534 ι
3320 3478 3405 3546 Ἐξ
3446 3484 3519 3536 ὧν
3574 3484 3846 3560 θεραπεύει

2202 3569 2321 3630 τοὺς
2365 3568 2603 3634 ἀσθενεῖς
2635 3568 2883 3625 δείκνυσιν
2915 3568 2994 3623 ὅτι
3026 3568 3153 3631 Θεός
3184 3568 3294 3625 ἐστι
3338 3571 3425 3625 καὶ
3460 3568 3635 3631 καλῶς
3669 3586 3841 3647 ποιεῖ,

2204 3652 2472 3713 ἐκϐάλλων
2530 3656 2647 3732 μετ’
2676 3658 2906 3723 ἐξουσίας
2940 3656 2999 3713 ἐκ
3026 3664 3117 3713 τοῦ
3168 3657 3320 3714 οἴκου
3370 3657 3523 3714 αὐτοῦ
3566 3661 3685 3724 τοὺς
3743 3660 3845 3714 ἆν-

2204 3742 2371 3807 αξίους
2406 3761 2419 3775 ⁸
2470 3744 2716 3811 δηλοῦται
2748 3744 2800 3801 δὲ
2831 3745 2917 3801 καί
2948 3756 3123 3819 τοῦτο,
3157 3744 3236 3801 ὅτι
3282 3746 3396 3821 μετ’
3428 3746 3457 3801 ὃ
3485 3744 3846 3815 ἐξεϐλήθησαν

2203 3836 2249 3887 οἱ
2308 3832 2575 3907 Ἰουδαῖοι,
2625 3857 2673 3890 οι
2717 3842 2793 3909 τῷ
2825 3836 2971 3910 νόμῳ
3011 3837 3097 3890 καὶ
3130 3848 3251 3898 ταῖς
3278 3837 3627 3915 ζωοσφαγίαις
3675 3859 3850 3915 προσ·

2202 3921 2441 4002 ’ἔχοντες³
2502 3927 2547 3979 οἱ
2602 3923 2804 4004 τυφλοὶ,
2852 3926 2937 3980 καὶ
2974 3922 3145 4004 χωλοὶ
3197 3926 3243 3979 οἱ
3286 3923 3337 3988 ὶξ
3392 3924 3549 3980 ἐθνῶν
3581 3925 3850 4003 προσελή.

2196 4015 2422 4090 φθησαν,
2457 4013 2855 4090 θεραπετθέντες
2884 4012 2971 4069 ὑπ’
3018 4014 3197 4073 αὑτοῦ.

2279 4119 2310 4159 ι
2347 4097 2565 4163 ἰδόντες
2623 4099 2677 4156 δὲ
2737 4104 2782 4156 οἱ
2838 4101 3109 4181 ἀρχιερεῖς
3168 4102 3255 4157 καὶ
3308 4104 3353 4157 οἱ
3404 4105 3745 4180 Γραμματεῖς
3784 4109 3851 4163 τὰ

2198 4189 2461 4263 θαυμάσια
2504 4188 2535 4244 ἃ
2577 4189 2820 4261 εποίησε,
2882 4192 2966 4245 καὶ
3020 4190 3139 4253 τοὺς
3197 4188 3394 4254 παῖδας
3457 4193 3741 4269 κράζοντας
3791 4196 3851 4251 ἐν

2198 4283 2275 4350 τῷ
2331 4279 2477 4357 ἱερῷ,
2509 4280 2597 4335 καὶ
2626 4277 2874 4356 λέγοντας
2912 4298 2923 4311 ·
2960 4270 3189 4335 Ὡσαννὰ
3218 4286 3294 4354 τῷ
3322 4282 3417 4354 υἱῴ
3447 4279 3632 4359 Δαυλίδ,
3662 4282 3844 4362 ὖγαν-

2200 4367 2457 4448 άκτησαν,
2492 4370 2577 4425 καὶ
2608 4369 2765 4425 εἷπον
2794 4371 2935 4443 αἱ)τῷ
2968 4388 2982 4403 ⁸
3017 4369 3258 4434 Ἀκούεις
3288 4373 3337 4427 τί
3366 4373 3507 4428 οὗτοι
3538 4370 3781 4450 λέγουσιν
3820 4395 3836 4454 ς

472 4455 611 4536 quid
645 4457 735 4518 isri
766 4457 1002 4520 dicunt?
1028 4458 1200 4522 Jesus
1225 4468 1421 4521 autem
1473 4459 1621 4521 dicit
1667 4460 1782 4520 illis
1816 4479 1829 4520 :
1866 4457 2107 4537 Utique.

2209 4458 2266 4515 Ὃ
2325 4455 2379 4512 δὲ
2417 4454 2620 4525 Ἰησοῦς
2663 4454 2807 4535 λέγει
2839 4460 3019 4522 αὐτοῖς
3056 4475 3068 4488 '
3105 4461 3225 4518 Ναί.
3259 4459 3517 4518 Οὐδέποτε
3548 4448 3837 4538 ἀνέγνωτε,

471 4544 780 4626 Nunquam
805 4547 1030 4627 legistis
1064 4549 1186 4611 :Ex
1220 4566 1324 4610 ore
1354 4548 1663 4610 infantium
1681 4556 1740 4609 et
1768 4546 2109 4608 lactentium

472 4633 779 4716 perfecisti
812 4635 1408 4698 laudem?»Pharismi
1438 4656 1571 4699 cum
1604 4636 1874 4697 viderent
1901 4654 2113 4716 pueros

471 4723 755 4803 hymnum
787 4724 973 4787 David
1001 4726 1218 4787 oﬁ‘erre
1237 4724 1492 4799 Christo,
1528 4744 1703 4802 quem
1726 4725 1956 4787 videtur
1977 4728 2113 4786 Pro-

470 4812 647 4894 pheta
665 4810 784 4874 Deo
807 4813 1107 4885 obtulisse,
1122 4814 1809 4894 dissecanlurinvidia,et
1834 4813 2113 4893 interpel-

471 4904 594 4962 lant
619 4900 812 4972 illum,
848 4902 1004 4982 quod
1038 4902 1337 4983 permittat
1363 4902 1438 4964 de
1469 4921 1532 4965 se
1557 4903 1672 4965 dici
1696 4921 1826 4984 quae
1851 4902 1957 4966 soli
1989 4902 2109 4965 Deo

468 4988 899 5055 debentur.llle
921 5000 1117 5054 autem
1144 4991 1330 5071 magis
1350 4990 1686 5073 approbans
1705 4992 1865 5054 dicit:
1886 4993 2104 5055 Etiam.

465 5080 715 5142 Tantum
739 5079 906 5143 abest
929 5090 993 5144 ut
1014 5079 1282 5143 obturem
1314 5098 1417 5141 ora
1448 5080 1583 5142 talia
1613 5080 2029 5161 dicentium,nt
2051 5089 2110 5143 et

465 5168 777 5247 Propheta;
806 5169 1210 5231 testimonium
1241 5169 1556 5245 adducam,
1581 5178 1639 5231 et
1670 5188 1769 5231 vos
1798 5171 2103 5232 ostendam

464 5254 556 5317 vel
576 5254 1005 5337 imperitos,vel
1023 5258 1279 5321 invidos.
1313 5259 1523 5319 Annon
1539 5258 1695 5319 enim
1714 5258 1936 5338 legistis
1948 5260 2103 5340 quod

464 5342 547 5405 Ex
564 5359 668 5407 ore
688 5344 1001 5408 infantium
1035 5355 1092 5408 et
1122 5346 1462 5407 lactenlium
1501 5346 1796 5426 perfecisti
1836 5348 2106 5411 laudem?

465 5432 780 5512 Perfecisti
790 5442 986 5497 autem
1004 5435 1293 5516 signiﬁcat
1318 5455 1331 5499 :
1360 5435 1687 5496 Perfectam
1705 5436 2101 5500 etabsolutam

538 5593 634 5676 (α)
667 5593 822 5659 Edit.
860 5593 992 5659 Lut.
1028 5603 1085 5659 ot
1108 5593 1332 5659 obolos.

2194 4547 2274 4604 ὅτι
2308 4546 2403 4606 Ἐκ
2446 4549 2707 4625 στόματος
2768 4549 2971 4615 νηπίων
3008 4550 3095 4604 καὶ
3153 4548 3488 4620 θηλαζόντων
3536 4553 3842 4627 κατηρτίσω

2195 4638 2349 4696 αἶνον
2384 4658 2399 4718 ς
2438 4662 2466 4694 ι
2530 4642 2588 4695 Οἱ
2631 4645 2915 4716 Φαρισαῖοι
2967 4636 3160 4701 ἰδόντες
3198 4640 3317 4700 τοὺς
3372 4637 3566 4702 παῖδας
3597 4641 3837 4719 προσφέ-

2196 4749 2381 4805 ροντας
2436 4735 2513 4802 τῷ
2568 4735 2777 4807 Χριστῴ
2818 4730 2908 4785 τὸν
2946 4726 3104 4802 ὕμνον
3132 4735 3223 4783 τοῦ
3271 4726 3455 4802 Δαυὶδ,
3505 4729 3562 4783 ὃν
3604 4727 3750 4785 δοκεῖ
3809 4735 3838 4786 ὁ

2194 4819 2475 4897 προφήτης
2517 4825 2595 4893 τῷ
2640 4822 2754 4890 Θεῷ
2814 4815 3105 4891 ἀναθεῖναι,
3161 4816 3483 4895 διαπρίονται
3535 4819 3610 4892 τῷ
3639 4819 3837 4897 φθόνῳ,

2192 4908 2278 4962 καὶ
2336 4909 2632 4979 κακίζουσιν
2681 4909 2835 4963 αὑτὸν
2891 4910 2961 4971 ὡς
3019 4909 3343 4987 ἀνεχόμενον
3372 4908 3436 4963 τὰ
3466 4916 3555 4963 τοῦ
3590 4908 3718 4964 Εεοῦ
3750 4910 3839 4966 ἐπ’

2192 4996 2332 5069 αὒτῷ
2387 4994 2628 5075 λέγεσθαι
2664 5011 2677 5025 '
2727 4997 2755 5051 ὁ
2798 4995 2873 5066 δὲ,
2909 4995 3222 5054 ἐπιϐεϐαιῶν
3269 4996 3493 5073 μᾶλλον,
3527 4998 3673 5077 φησί·
3709 5001 3830 5060 Ναί,

2191 5092 2446 5142 Τοσοῦτον
2504 5086 2623 5164 γὰρ,
2671 5086 2849 5165 φησὶν,
2886 5086 3075 5166 ἀπέχω
3100 5088 3190 5143 τοῦ
3220 5086 3553 5160 ἐπιστομίσαι
3584 5088 3701 5151 τοὺς
3734 5086 3831 5144 λέ-

2189 5176 2380 5252 γοντάς
2424 5196 2514 5249 μοι
2568 5182 2751 5248 ταῦτα,
2813 5175 2948 5231 ὥστε
2992 5177 3079 5232 καὶ
3144 5178 3231 5231 τὸν
3291 5178 3568 5256 προφήτην
3600 5178 3827 5255 παράγω

2188 5264 2443 5343 μάρτυρα,
2503 5261 2595 5317 καί
2652 5264 2787 5338 ὑμᾶς
2843 5262 3179 5341 ἀποδείκνυμι
3228 5265 3264 5332 ἢ
3320 5266 3541 5341 ἀμαθεῖς
3572 5268 3824 5346 ἣφθονε-

2188 5353 2329 5429 ρούς,
2391 5354 2499 5409 Οὒκ
2554 5351 2816 5430 ἀνέγνωτε
2859 5353 2978 5432 γὰρ,
3026 5353 3104 5409 ὅτι
3160 5351 3253 5410 Ἐκ
3302 5355 3562 5429 στόματος
3624 5356 3827 5421 νηπίων

2186 5444 2272 5499 καὶ
2328 5439 2664 5511 θηλαζόντων
2743 5443 3043 5517 κατηρτίσω
3123 5442 3327 5515 αῖνονς
3390 5444 3703 5521 Κατηρτίσω
3774 5443 3828 5499 δὲ
