4106 6280
324 379 442 439 377

324 507 518 587 μάχοι,
596 511 667 572 ὡς
727 509 802 583 μὴ
862 506 1270 585 παραδεξάμενοι
1329 515 1502 563 τοῦτο·
1565 504 1734 562 tinet;

321 595 547 674 θρώπων
599 597 815 667 εἶ’πωσι,
878 595 1272 652 κινδυνεύσωσιν
1302 599 1363 652 ὲκ
1391 602 1492 652 τοῦ
1532 595 1725 675 ὄχλου.
1778 596 1976 659 Πάντες

324 686 424 761 γὰρ
480 687 553 748 ὼς
612 687 890 764 προφήτην
950 686 1109 765 εἶχον
1162 687 1252 740 τὸν
1309 685 1584 750 Ἰωάννην,
1637 686 1868 740 Aci-mum
1921 682 2012 736 3‘2-

324 773 559 830 ἐντεῦθεν
591 775 618 829 ὁ
672 776 880 849 Κύριος,
935 773 1013 829 ὅτι
1068 787 1180 836 to“:
1243 775 1544 851 κακούργως
1596 773 1858 852 ἐρωτῶσιν
1917 773 1974 829 οὑ

323 859 407 918 δεῖ
477 863 865 940 ἀποκρίνεσθαι.
920 862 1045 920 Οὑδέ
1106 863 1203 940 γὰρ
1274 860 1378 918 οὔδ’
1447 865 1599 926 αὑτὸς
1657 863 1972 939 ἀπεκρίνατο

322 965 442 1014 τοῖς
492 951 757 1030 ἐρωτῶσιν
817 955 970 1011 αὑτὸν
1016 950 1292 1040 ἱἸαυδαίοις
1350 952 1402 1007 ἐν
1462 949 1628 1028 δόλῳ,
1672 953 1842 1007 καῖτοι
1881 953 1974 1008 οὒκ

322 1040 511 1118 ἠπόρει
584 1041 928 1120 ἀποκρίσεως,
994 1032 1152 1116 "Ap:
1209 1039 1262 1095 δὲ
1295 1041 1627 1116 μανθάνομεν
1657 1038 1741 1096 ὅτι
1798 1042 1972 1096 καὶτὸ

326 1129 510 1189 ἑαυτὸν
540 1132 914 1210 ἒγκωμιάζειν,
975 1132 1069 1187 οὒκ
1129 1129 1236 1186 ἔστι
1321 1131 1457 1186 κατὰ
1519 1130 1767 1206 Χριστόν.
1841 1129 1973 1189 Ἰδού

326 1217 412 1273 οὖν
475 1220 504 1274 ὃ
559 1219 745 1298 Κύριος
816 1217 1102 1294 δυνάμενος
1132 1221 1304 1275 εἰπεῖν
1335 1218 1386 1274 ἐν
1416 1219 1542 1286 ποίᾳ
1576 1218 1777 1292 ἐξουσίᾳ
1812 1227 1974 1276 ταῦτα

323 1320 494 1380 ποιεῖ,
555 1307 648 1363 οὑκ
704 1309 881 1381 εἶπεν,
937 1308 1029 1364 ἵνα
1061 1310 1135 1381 μὴ
1166 1306 1288 1385 δόξῃ
1357 1309 1542 1364 ἑαυτὸν
1600 1306 1968 1386 ἐγκωμιάζειν.

412 1417 434 1450 α
498 1399 557 1454 Τί
614 1395 669 1452 δὲ
738 1399 866 1472 ὑμῖν
911 1396 1060 1453 δοκεῖ
1093 1417 1108 1477 ς
1147 1387 1469 1474 ’Ἄνθρωπος
1503 1398 1629 1476 εἶχε
1675 1396 1831 1452 τέκνα
1858 1395 1967 1450 δύο⁶

321 1487 409 1541 καὶ
479 1485 778 1564 προσελθὼν
832 1494 907 1562 τῷ
958 1487 1174 1564 πρώτῳ,
1229 1488 1375 1542 εἶπε·
1429 1486 1644 1560 Τέκνον,
1676 1488 1845 1562 ’ὑπαγε
1878 1487 1972 1554 σή-

323 1595 503 1652 μερον,
560 1575 776 1653 ἐργάζου
835 1576 888 1631 ἐν
957 1577 1033 1648 τῷ
1077 1573 1352 1648 eam).th
1401 1597 1522 1648 μου,
1560 1565 1617 1631 Ὀ
1649 1573 1702 1629 δὲ
1748 1573 1970 1650 ἀποκρι-

319 1663 449 1734 θεὶς,
510 1664 688 1719 εἶπεν
779 1666 851 1721 Οὑ
912 1665 1072 1724 θέλω.
1135 1655 1405 1742 ’Ὕστερον
1471 1661 1524 1719 δὲ
1589 1661 1972 1738 μεταμεληθεὶς

319 1750 544 1817 ἀπῆλθε.
608 1753 703 1810 Καὶ
779 1753 1077 1832 προσελθὼν
1128 1759 1203 1826 τῷ
1260 1752 1506 1832 δευτέρῳ,
1569 1755 1718 1808 εἶκεν
1788 1752 2032 1840 ὡσαύ-Β

317 1856 446 1904 τως·
507 1843 534 1896 ὁ
606 1840 660 1896 δὲ
729 1841 1055 1921 ἀποκριθεὶς,
1129 1842 1305 1898 εἶπεν
1345 1841 1509 1920 Ἐγὼ,
1544 1843 1706 1918 κύριε’
1755 1842 1842 1896 καὶ
1877 1844 1968 1898 οὑκ

318 1928 543 2005 ἁπῇλθε,
608 1932 694 1993 Τίς
765 1930 825 1987 ἐκ
852 1933 958 1986 τῦν
1002 1930 1086 1987 δύο
1117 1931 1333 1997 ἐποίησε
1384 1932 1446 1986 τὸ
1496 1925 1705 2003 θέλημα
1734 1937 1825 1986 τοῦ
1857 1951 1967 1985 πα-

315 2019 485 2096 τρός;
561 2018 810 2096 Λέγουσιν
868 2021 1029 2092 αὑτῷ·
1104 2009 1160 2076 Ὀ
1221 2024 1456 2095 πρῶτος,
1520 2018 1670 2095 Λέγει
1718 2017 1897 2079 αὑτο⁴ς
1942 2019 1968 2071 ὁ

312 2105 543 2173 Ἰησοῢς⁶
603 2107 774 2182 Ἀμὴν
834 2105 978 2185 λέγω
1033 2109 1162 2182 ὑμῖν
1237 2106 1317 2164 ὅτι
1391 2109 1436 2162 οἱ
1487 2105 1710 2162 τελῶναι
1775 2107 1860 2160 καὶ
1918 2115 1968 2166 αἱ

316 2195 501 2272 πόρναι
558 2196 874 2274 προάγουσιν
940 2198 1076 2272 ὑμᾶς
1107 2199 1177 2260 εἷς
1231 2197 1325 2263 τὴν
1393 2194 1662 2272 βασιλείαν
1692 2201 1784 2250 τοὺ
1815 2192 1963 2253 Θεοῦ,

317 2273 473 2340 Ἠλθι
519 2285 618 2363 γὰρ
669 2273 800 2347 πρὸς
870 2288 1004 2360 ὑμᾶς
1067 2282 1322 2351 Ἰωάννης
1354 2284 1407 2339 ἐν
1432 2283 1534 2358 ὁδῷ
1604 2281 1964 2353 δικαιοσύνης,

315 2376 402 2430 καὶ
459 2375 552 2429 οὑκ
610 2374 947 2430 ἐπιστεύσατε
1036 2379 1198 2449 αὑτῷο
1247 2378 1292 2429 οἱ
1351 2372 1405 2428 δὲ
1463 2373 1686 2429 τελῶναι
1769 2374 1855 2427 καὶ
1915 2374 1963 2426 αἱ

315 2462 500 2540 πόρναι
559 2461 867 2520 ἐπίστευσαν
915 2467 1076 2536 non}?
1137 2465 1294 2538 ὑμεῖς
1379 2461 1432 2517 δὲ
1462 2460 1658 2524 ἰδόντες
1691 2462 1750 2517 οὑ
1801 2481 1956 2535 μετεη

316 2550 582 2626 μελήθητε
639 2550 850 2631 ὕστερον
923 2561 1015 2609 τοῦ
1072 2562 1346 2610 πιστεῦσαι
1394 2552 1560 2625 αὑτῷ.
1630 2575 1655 2605 ι
1699 2553 1798 2606 Δύο
1844 2551 1972 2626 τάγε

314 2663 454 2713 ματα
510 2643 732 2718 εἰσάγει·
796 2641 848 2697 ἓν
907 2643 1006 2716 μὲν
1091 2648 1197 2699 τῶν
1233 2641 1284 2706 ἐξ
1342 2642 1522 2720 ἀρχῆς
1553 2641 1968 2720 ὑποσχομένων·

314 2733 417 2786 οἶοι
481 2731 616 2797 ἦσαν
673 2733 719 2786 οἱ
763 2728 1037 2809 Ἰουδαῖοι,
1071 2732 1336 2792 εἶπόντες⁶
1379 2753 1404 2785 α
1447 2731 1625 2785 Πάντα
1671 2729 1770 2784 ὅσα
1821 2729 1976 2784 εἶπεν

315 2817 343 2872 ὃ
405 2819 532 2879 Θεὶς
606 2820 896 2894 ποιήσομεν
967 2821 1054 2875 καὶ
1083 2819 1440 2891 ἀκουσόμεθα·
1486 2843 1507 2874 ο
1545 2818 1723 2896 ἓτερον
1755 2815 1833 2886 δὲ,
1858 2823 1962 2872 τῶν

314 2906 603 2972 ἀπειθησάν
611 2929 736 2986 των,

315 2996 400 3050 καὶ
454 3001 548 3050 τοῦ
592 2993 642 3059 ἐξ
674 2994 832 3052 ἐθνῶν
901 2995 1052 3068 λαοῦ,
1125 2996 1177 3052 οἵ
1230 2993 1280 3060 ἐξ
1326 2996 1499 3075 ἀργὴς
1532 2996 1609 3070 μὴ
1640 2994 1966 3051 ὑπακούσαν-

318 3104 401 3147 τες
453 3090 530 3157 τῷ
574 3083 834 3152 θελήματι
904 3088 998 3142 τοῦ
1056 3093 1208 3164 θεοῦ,
1241 3085 1453 3161 ὕστερον
1499 3083 1834 3160 μετέγνωσαν
1880 3085 1967 3138 καὶ

316 3173 637 3241 ὑπήκουσαν.
711 3162 858 3251 ιὈροι
916 3174 1001 3229 οὗν
1059 3175 1158 3240 τὴν
1215 3175 1400 3254 σοφίαν
1431 3180 1522 3229 τοῦ
1568 3179 1816 3249 Χριστοῦ,
1863 3175 1968 3228 Οὔκ

316 3262 456 3323 εὐθὺς
517 3260 569 3325 ἐξ
625 3262 801 3341 ἆρχῆς
859 3266 1010 3318 εἶπεν
1072 3267 1252 3326 αὑτοῖς
1324 3262 1404 3318 ὅτι
1461 3263 1762 3339 Κρείττονες
1819 3261 1966 3334 ὑμῶν

314 3349 436 3403 εἰσὶν
495 3352 540 3404 οἱ
588 3348 811 3406 τελῶναι
869 3354 957 3406 καὶ
1027 3353 1078 3406 αἱ
1133 3351 1346 3430 πόρναι,
1405 3349 1540 3405 ἀλλᾶ
1594 3348 1964 3428 προκατέσχεν

315 3437 498 3501 αὑτοὺς
554 3439 650 3494 καὶ
712 3438 1067 3517 ὡμολόγησαν
1099 3439 1180 3496 ὅτι
1225 3440 1286 3494 ἐκ
1317 3445 1424 3495 τῶν
1472 3436 1560 3494 δύο
1592 3440 1718 3494 υἱῶν
1761 3437 1964 3500 ἐκεῖνος

313 3527 603 3595 πειθήνιος,
667 3530 692 3582 ὑ
775 3529 1002 3596 ποιήσας
1065 3530 1123 3583 τὸ
1180 3529 1389 3601 θέλημα
1444 3529 1534 3582 τοῦ
1591 3529 1811 3604 πατρὸς,
1849 3522 1964 3583 Εἶθ’

312 3613 481 3676 οὕτως
544 3614 989 3693 ὁμολογησάντων
1031 3620 1272 3689 ἐκείνων,
1316 3617 1584 3695 ἐπήγαγεν
1641 3617 1720 3672 ὅτι
1779 3605 1965 3672 Ἦλθεν

794 2911 911 2964 οἷον
971 2911 1175 2986 πορνῶν
1229 2911 1316 2964 καὶ
1387 2907 1657 2980 τελωνῶν,
1715 2904 1851 2960 ἀλλὰ
1899 2903 1962 2970 δὴ

313 3700 562 3770 Ἰωάννης
625 3704 680 3760 ἐν
763 3703 867 3778 ὑδῴ
923 3703 1287 3784 δικαιοσύνης,
1353 3706 1642 3780 τουτέστιν,
1679 3705 1732 3760 ἐν
1783 3705 1964 3780 ἀμέμ-

310 3814 427 3863 πτῳ
495 3793 614 3869 βίῳ·
662 3792 756 3848 οὑκ
785 3792 942 3871 ἔχετε
975 3796 1073 3872 γὰρ
1104 3797 1275 3850 εἰπεῖν
1320 3793 1400 3850 ὅτι
1444 3794 1700 3871 ἐπίψογος
1746 3796 1814 3859 ἦν
1864 3795 1962 3849 αὑ-

309 3888 386 3953 τῷ
443 3884 470 3936 ὁ
540 3883 675 3957 βίος,
737 3881 856 3937 ἀλλ’
883 3881 1028 3957 ὅμως
1061 3887 1112 3939 αἱ
1143 3884 1331 3962 πόρναι
1359 3885 1688 3963 ὑπήκουσαν,
1721 3886 1875 3956 ὑμεῖς
1909 3882 1963 3938 δὲ

313 3967 391 4025 οὑ·

311 4061 459 4133 ὑμῶν
518 4061 846 4140 εἰσέρχονται
897 4064 968 4125 εἷς
1055 4065 1151 4129 τὴν
1211 4062 1502 4138 βασιλείαν·
1573 4063 1709 4119 ὥστε
1766 4063 1963 4140 ἀγωνί-

310 4152 467 4204 σασθε
523 4151 611 4205 καὶ
673 4151 852 4229 ὑμεῖς,
914 4150 1007 4207 ἵνα
1065 4152 1316 4230 κῖνγοῦν
1377 4149 1493 4226 μετ’
1545 4152 1744 4214 ἐκείνας
1791 4151 1963 4208 εἰσέλ-

311 4241 440 4302 θητε
511 4248 598 4292 καί
656 4241 801 4296 αὑτοὶ
865 4242 1257 4304 πιστ;ύσαντες·

313 4348 465 4398 σησε,
519 4325 627 4384 οὐδ’
691 4328 825 4389 ὃλως
876 4328 1246 4385 ἀπελεύσεσθε.
1314 4327 1506 4386 Πολλοὶ

476 3969 562 4026 διὸ
622 3973 707 4024 καὶ
785 3971 1102 4049 προάγουσιν
1175 3973 1334 4044 ὑμᾶς,
1393 3973 1654 4051 τουτέστι,
1715 3973 1961 4050 πρότεραι

1564 4328 1618 4384 δὲ
1675 4331 1764 4385 καὶ
1793 4329 1957 4409 μέχρι

311 4423 402 4471 τοῦ
472 4424 557 4472 νῦν
627 4417 975 4496 ὑπισχοῦνται
1035 4419 1130 4493 μὶν
1187 4426 1260 4492 τῷ
1294 4426 1409 4492 Θεῷ
1439 4421 1525 4474 καὶ
1559 4418 1752 4495 Πατρῖ,
1783 4442 1956 4493 μονα-

312 4506 403 4582 χοὶ
457 4509 620 4583 τυχὸν
677 4502 882 4562 ἔσεσθαι
955 4505 990 4572 ἧ
1050 4511 1232 4583 ἱερεῖς,
1265 4509 1399 4581 μετὰ
1440 4506 1620 4574 δὲτὴν
1665 4509 1957 4586 ὑποσχεσιν

311 4592 651 4667 ῥᾳθδμοῦτιν.
718 4585 937 4672 ’Ἕτερα
998 4594 1074 4669 δὲ,
1110 4595 1416 4674 μιιναχικὴν
1459 4596 1554 4670 μὲν
1625 4597 1658 4663 ἢ
1691 4598 1959 4674 ἱερατικὴν

311 4681 580 4758 διαγωγὴν
654 4683 746 4738 οὑκ
799 4682 1204 4760 ἐπηγγεὲλαντο,
1276 4690 1587 4762 μοναχικῶς
1639 4683 1692 4738 δὲ
1735 4686 1822 4739 καὶ
1875 4686 1957 4738 ἱε-

312 4775 539 4846 ρατικῶς
612 4768 900 4848 διάγουσιν·
958 4771 1096 4827 ὥστε
1180 4775 1318 4828 οὗτοι
1388 4771 1545 4827 τέκνα
1614 4776 1850 4846 εὐπειθῆ,
1912 4775 1953 4828 ol

313 4857 626 4934 πράττοντες
656 4859 753 4914 κάν
770 4858 945 4934 μηδὲν
993 4861 1310 4939 ὒπέσχοντο.

397 4968 422 4998 α
471 4945 697 5013 ”Αλλην
750 4946 1054 5025 παραϐολὴν
1082 4949 1355 5009 ἀκούσατε.
1408 4947 1735 5027 ’Ἃνθρωποσ
1764 4952 1832 5015 ἦν
1879 4953 1951 5006 οἶ-

313 5032 663 5114 χοδεσπότης,
741 5035 886 5099 ὅστις
964 5037 1239 5115 ἐφύτευσεν
1319 5037 1632 5112 ἀμπελῶνα,
1679 5040 1764 5093 καὶ
1823 5061 1952 5118 φρα-

313 5126 448 5200 γμὸν
505 5128 645 5199 αὑτῴ
715 5127 1020 5205 περιέθηκε,
1089 5129 1175 5182 καὶ
1238 5125 1429 5203 ὤρυξεν
1504 5127 1557 5181 ἐν
1606 5128 1746 5201 αὑτῷ
1775 5126 1955 5193 ληνόν.

314 5214 409 5268 Καὶ
438 5211 749 5288 ᾠκοδόμησε
797 5215 1016 5292 πὺγρον,
1078 5217 1163 5270 καὶ
1253 5213 1458 5285 ἐξέδοτο
1545 5217 1699 5272 αὑτὸν
1786 5239 1953 5295 γεωρ-

314 5315 461 5380 γοῖς,
521 5303 606 5357 καὶ
681 5300 1049 5377 ἀπεδήμησεν.
1123 5326 1143 5358 ι
1185 5302 1412 5369 ’Ἄλλην
1445 5300 1746 5380 παραϐολὴν
1780 5309 1965 5370 αὑτοῖς

316 5389 572 5467 ἐπιφέρει,
635 5387 881 5446 δεικνύων
947 5390 1027 5446 ὅτι
1099 5393 1184 5448 καὶ
1256 5393 1442 5470 μυρίας
1463 5391 1768 5466 ἒπιμελείας
1802 5392 1962 5459 άξιω⁹

313 5475 508 5552 θέντες,
588 5481 683 5534 οὑκ
760 5475 1170 5545 ἑϐελτιώθησαν,
1237 5477 1250 5498 ’
1280 5483 1555 5555 Ανθρωπος
1604 5479 1703 5557 γὰρ
1761 5479 1964 5539 οἰκοδε-

385 5642 451 5692 “
478 5642 666 5707 Exod.
701 5659 864 5720 xxxv,
901 5643 961 5709 3.

989 379 1433 443 ENARRATIO
1478 378 1556 440 IN
1602 375 2106 439 EVANGELIUM
2156 376 2551 436 MATTHACI.
2601 408 2675 419 —-
2719 377 2883 437 CAP.
2933 375 3092 435 ΧΧΙ.

1780 505 1829 570 ἐξ
1882 505 1968 560 at.
1998 503 2238 566 Anibus
2296 507 2586 579 dicerent,
2627 506 3103 586 periclitarentur
3156 515 3397 585 propter
3448 502 3707 564 turbam.

3593 368 3714 431 378

2062 591 2281 655 Omnes
2307 599 2461 656 enim
2492 606 2552 656 ut
2584 597 2927 676 prophetam
2964 589 3708 657 habebantJoannem.Os-

2061 684 2247 744 tendit
2273 693 2466 744 autem
2490 687 2601 744 hoc
2625 685 2753 746 loco
2791 685 3099 758 Dominus,
3134 682 3287 762 quod
3325 681 3578 760 maligne
3613 682 3708 738 ἰη-

2059 773 2493 846 terrogantihus
2529 792 2641 834 non
2680 781 2947 853 oporteat
2993 771 3384 850 respondere.
3419 772 3562 830 Nam
3599 787 3709 829 nec

2059 859 2418 938 ipseJudaiis
2439 859 3683 938 iloloseinterrogantibusrespondit,quam

2056 947 2316 1010 visnulla
2336 951 2738 1028 respondendi
2762 949 3076 1010 difficultas
3099 962 3280 1009 esset.
3296 946 3704 1009 Discimusau-

2057 1043 2173 1098 tem
2199 1037 2436 1098 interim
2463 1039 2616 1118 quod
2646 1039 3033 1116 semetipsum
3061 1037 3301 1097 laudare
3323 1054 3438 1096 non
3461 1041 3548 1096 est
3567 1036 3706 1114 jux-

2058 1132 2112 1185 ta
2144 1125 2364 1188 Christi
2395 1127 2754 1187 doctrinam.
2793 1125 2942 1186 Ecce
2975 1125 3264 1188 Dominus
3293 1122 3451 1184 enim
3477 1123 3581 1203 qui
3614 1140 3712 1201 p0-

2059 1214 2168 1274 tuit
2196 1215 2396 1276 dicere
2427 1235 2544 1296 qua
2576 1222 2863 1295 potestate
2911 1215 3036 1275 haec
3083 1215 3481 1282 faceret,non
3533 1209 3704 1289 dixit,

2057 1321 2133 1364 ne
2165 1303 2426 1384 seipsum
2454 1304 2694 1364 laudare
2717 1305 3037 1364 videretur.

2140 1395 2313 1455 Vens.
2354 1393 2762 1466 28-32.«Quid
2795 1406 2992 1455 autem
3028 1392 3191 1452 vobis
3223 1390 3491 1451 videtur?
3517 1386 3708 1449 Homo

2055 1482 2294 1562 quidam
2321 1483 2733 1546 liabebatduos
2765 1482 3006 1545 ﬁlioszet
3030 1481 3323 1543 accedens
3343 1480 3412 1541 ad
3442 1479 3704 1556 priorem

2055 1571 2202 1632 dixit
2237 1594 2248 1627 :
2284 1571 2417 1646 Fili,
2443 1573 2584 1634 vade
2613 1572 2812 1641 hodie,
2845 1572 3172 1651 operarein
3203 1571 3371 1632 vinea
3409 1586 3561 1630 mea.
3594 1565 3701 1628 Ille

2058 1669 2252 1722 autem
2275 1662 2642 1741 respondens
2666 1660 3160 1723 ait:Nolo.Postea
3187 1678 3324 1720 vero
3356 1657 3704 1739 pmnitentia

2061 1761 2252 1813 motus
2272 1753 2418 1814 abiit
2449 1753 2757 1816 Accedens
2779 1761 2972 1814 autem
3007 1754 3081 1814 ad
3099 1753 3349 1814 alterum
3374 1749 3521 1810 dixit
3545 1747 3708 1808 simi-

2052 1842 2274 1913 liter;at
2305 1843 2400 1903 ille
2417 1843 2788 1922 respondens
2812 1842 2894 1903 ait
2924 1860 2938 1905 :
2973 1841 3077 1913 Eo,
3112 1842 3375 1914 domine,
3402 1847 3461 1899 et
3484 1856 3601 1898 non
3635 1855 3703 1896 a-

2052 1930 2333 1993 biit.Uter
2359 1951 2390 1991 e
2413 1932 2644 1992 duobus
2669 1931 2969 2010 fecitquod
2987 1933 3167 1994 voluit
3191 1927 3603 2010 pater?Dicunt
3622 1925 3699 1985 ci:

2053 2021 2405 2082 Prior.Dicit
2439 2021 2551 2081 illis
2580 2019 2756 2080 Jcsus
2781 2041 2794 2080 :
2816 2021 3004 2082 Amen
3035 2021 3168 2080 dico
3201 2018 3387 2090 vobis,
3422 2015 3575 2096 quod
3604 2033 3710 2093 pu—

2055 2107 2272 2169 blicani
2305 2117 2363 2170 et
2398 2109 2742 2170 meretrices
2777 2110 3115 2189 praecedunt
3145 2127 3244 2167 vos
3274 2109 3332 2168 in
3364 2123 3546 2184 regno
3573 2103 3704 2164 Dei.

2054 2197 2231 2258 Venit
2252 2198 2410 2258 enim
2441 2197 2513 2258 ad
2536 2216 2634 2258 vos
2650 2197 2909 2260 Joannes
2939 2216 3042 2276 per
3063 2197 3213 2257 viam
3230 2194 3698 2276 juSIitize,etnon

2050 2285 2387 2346 credidistis
2417 2286 2808 2366 eizpuldicani
2831 2295 3025 2346 autem
3048 2295 3107 2346 et
3133 2284 3477 2346 meretrices
3508 2279 3696 2341 credi-

2049 2375 2265 2435 derunt
2293 2373 2498 2437 ei.Vos
2515 2386 2710 2436 autem
2736 2394 2867 2436 cum
2888 2375 3182 2436 vidissetis
3204 2390 3489 2443 eum,non
3507 2368 3698 2430 fuistis

2053 2464 2330 2524 commoti
2357 2464 2705 2543 poenitentia
2736 2473 2938 2543 postea
2969 2473 3032 2524 ut
3055 2461 3378 2525 crederetis
3409 2460 3696 2521 ei.»Duos

2054 2550 2295 2611 ordines
2325 2551 2761 2624 inducit,unum
2798 2551 3092 2631 principio
3126 2547 3699 2630 pollicentium,qua-

2055 2638 2140 2698 les
2171 2637 2407 2699 fuerunt
2428 2639 2614 2700 Judaei
2643 2640 2734 2720 qui
2767 2641 3068 2706 dixerunt;
3108 2663 3130 2696 ι
3167 2637 3382 2702 Omnia
3413 2653 3695 2717 quaacun-

2057 2745 2172 2808 que
2201 2727 2346 2788 dixit
2376 2727 2550 2801 Deus,
2587 2728 2874 2791 faciemus
2904 2739 2962 2790 et
2988 2727 3422 2800 audiemusﬁp
3446 2725 3694 2786 alterum

2047 2834 2250 2876 eorum
2284 2816 2383 2897 qui
2414 2836 2532 2878 non
2565 2818 2765 2878 statim
2799 2818 3070 2898 persuasi
3127 2827 3287 2889 sunt,
3322 2816 3525 2896 quales
3559 2820 3694 2874 sunt

2049 2905 2394 2966 meaetrices
2427 2914 2484 2966 et
2510 2905 2833 2984 publicani.
2865 2915 2918 2966 et
2950 2907 3051 2986 qui
3078 2925 3148 2968 ex
3172 2906 3475 2986 gentilium
3512 2921 3698 2981 pupu-

2054 2995 2108 3053 lo
2141 2995 2239 3073 qui
2292 2994 2366 3054 ab
2415 2993 2579 3054 initio
2611 3014 2727 3054 non
2763 2994 3118 3056 obedierunt
3148 2994 3430 3055 voluntati
3460 2991 3693 3060 divina},

2056 3093 2257 3162 postea
2285 3091 2481 3144 autem
2518 3083 2885 3162 pmnitudine
2929 3084 3090 3144 ducti
3131 3083 3510 3144 obedierunt.
3545 3079 3699 3141 Vide

2050 3171 2229 3250 igitur
2261 3171 2609 3250 sapientiam
2642 3172 2880 3232 Chrisii.
2934 3174 3068 3234 Non
3099 3173 3293 3232 statim
3328 3190 3359 3232 a
3407 3168 3695 3248 principio

2050 3260 2197 3321 dixit
2225 3262 2342 3320 illis
2370 3278 2382 3322 ε
2425 3261 2697 3322 Meliores
2729 3260 3030 3340 publicani
3066 3269 3203 3320 sunt
3233 3269 3291 3320 et
3324 3258 3691 3319 meretrices:

2049 3349 2152 3410 sed
2190 3351 2352 3429 prius
2409 3350 2565 3428 cepit
2617 3349 2800 3429 ipsos,
2862 3359 2920 3409 et
2964 3349 3221 3410 confessi
3256 3356 3391 3410 sunt
3441 3347 3598 3429 quod
3631 3365 3698 3406 ex

2051 3437 2283 3499 duobus
2315 3438 2452 3499 ﬁliis
2483 3438 2581 3498 ille
2611 3441 2637 3497 1
2662 3437 2749 3497 14
2795 3438 3084 3500 obediens
3115 3438 3328 3518 fuerit,
3361 3437 3464 3517 qui
3496 3435 3702 3497 fecerit

2052 3526 2407 3588 voluntatem
2471 3528 2668 3605 patris.
2699 3525 2914 3588 Postea
2951 3526 3052 3588 ubi
3108 3528 3224 3589 hoc
3255 3524 3515 3588 confessi
3568 3523 3697 3584 fue—

2049 3624 2208 3689 runt,
2243 3615 2502 3676 subdidit
2535 3615 2766 3676 venisse
2798 3617 3082 3677 Joannem
3119 3634 3226 3696 per
3272 3618 3417 3676 viam
3437 3613 3694 3688 iustitiae,

2051 3705 2163 3764 hoc
2196 3713 2374 3783 est,tn
2409 3703 2526 3764 vita
2549 3704 3068 3782 irreprehensibili
3096 3723 3108 3767 ε
3140 3723 3254 3764 non
3284 3701 3695 3782 potestiscnim

2049 3792 2248 3855 dicere
2280 3794 2452 3853 vitam
2481 3791 2728 3854 Joannis
2761 3793 2941 3853 fuisse
2974 3793 3694 3873 reprehensibilem:atta-

2051 3900 2186 3942 men
2219 3883 2565 3942 meretrices
2589 3882 2640 3942 ei
2667 3881 3045 3953 obedierunt,
3080 3901 3179 3942 vos
3201 3893 3396 3944 autem
3431 3902 3570 3957 non;
3601 3882 3695 3942 id-

2048 3971 2209 4032 circo
2232 3980 2288 4031 et
2315 3971 2660 4050 praecedunt
2689 3971 2938 4043 vos,hoc
2963 3979 3218 4050 est,ante
3236 3991 3335 4033 vos
3357 3971 3696 4051 ingrediun-

2051 4068 2143 4121 tur
2174 4060 2231 4120 in
2263 4078 2507 4137 regnum
2541 4059 2826 4120 coelorum
2863 4081 2876 4119 :
2909 4060 3174 4121 laborate
3200 4061 3394 4142 itaque
3426 4071 3482 4123 et
3507 4081 3608 4124 Vos
3640 4072 3700 4122 ut

2049 4150 2258 4211 saltem
2293 4157 2421 4228 post
2451 4149 2578 4209 illas
2608 4150 2844 4210 intretis
2881 4158 2937 4209 et
2970 4151 3086 4228 ipsi
3118 4151 3430 4211 credentes
3467 4169 3479 4213 :
3515 4152 3562 4212 si
3588 4169 3695 4212 au-

1321 4240 1410 4295 ἐὰν
1480 4238 1531 4295 δὲ
1609 4241 1685 4314 μὴ
1743 4242 2165 4314 pictae-ptem
2199 4237 2493 4298 increduli
2538 4238 2786 4310 fueritis,
2831 4257 3131 4318 nunquam
3188 4239 3500 4300 intrabitis.
3541 4241 3698 4300 Multi

2040 4339 2238 4390 autem
2275 4329 2448 4388 etiam
2487 4328 2661 4388 hodie
2694 4328 3054 4408 pollicentur
3088 4328 3207 4389 Deo
3234 4329 3702 4401 etl’atri,mona-

2043 4417 2186 4477 chos
2217 4435 2283 4477 se
2311 4415 2542 4477 futuros
2570 4415 2721 4476 forte
2749 4417 2834 4477 vel
2871 4419 3244 4479 sacerdotes:
3283 4426 3411 4496 post
3441 4418 3699 4497 promis-

2042 4505 2269 4566 sionem
2303 4514 2498 4566 autem
2533 4504 2908 4582 negligentes
2943 4506 3224 4567 sunt.Alii
3253 4515 3447 4566 autem
3489 4526 3698 4566 mona-

2044 4595 2251 4655 sticam
2283 4593 2377 4654 vel
2412 4593 2844 4654 sacerdotalem
2877 4595 3054 4656 vitam
3093 4594 3342 4673 polliciti
3377 4615 3492 4656 non
3545 4604 3700 4670 sunt,

2047 4682 2199 4744 sicut
2228 4682 2507 4744 monachi
2547 4691 2738 4743 tamen
2773 4683 2863 4744 vel
2896 4686 3254 4745 sacerdotes
3283 4687 3506 4745 vivunt:
3533 4697 3710 4766 atque

2043 4780 2120 4852 ,ιδ
2147 4771 2235 4833 illi
2271 4781 2406 4832 sunt
2435 4771 2794 4833 obedientes
2841 4773 3040 4853 pueri,
3078 4775 3177 4853 qui
3211 4773 3434 4834 faciunt
3485 4776 3713 4836 etiamsi

2042 4861 2210 4923 lnihil
2245 4859 2645 4940 promiserint.

2132 4948 2316 5011 Vsus.
2353 4948 2454 5012 33.
2495 4975 2519 5002 ε
2549 4949 2740 5009 Aliam
2762 4949 3096 5029 parabolam
3123 4952 3550 5015 audite.Homo
3580 4955 3709 5036 qui-

2053 5041 2186 5101 dam
2221 5049 2345 5100 erat
2378 5038 2823 5118 paterfamilia’,
2867 5040 2967 5119 qui
3029 5041 3311 5119 plantavit
3364 5041 3620 5114 vineam,
3648 5053 3707 5104 et

2053 5145 2255 5206 sepem
2293 5126 2688 5188 circumdedit
2719 5127 2795 5207 ei,
2848 5137 2904 5188 et
2957 5128 3103 5190 fodit
3132 5129 3191 5190 in
3225 5149 3294 5191 ea
3323 5131 3602 5212 torcular,
3642 5145 3700 5196 et

2056 5217 2367 5277 aediﬁcavit
2399 5218 2697 5288 turrim,et
2730 5217 2944 5280 locavit
2968 5237 3096 5279 eam
3117 5220 3491 5300 agricolis,ac
3523 5240 3702 5301 pere-

2054 5324 2158 5384 gre
2187 5307 2479 5386 profectus
2511 5311 2658 5366 est.»
2695 5304 2886 5367 Aliam
2924 5308 3264 5384 parabolam
3297 5310 3381 5369 eis
3405 5310 3706 5390 alfert,os~

2054 5394 2306 5456 tendens
2329 5393 2509 5473 quod,
2538 5392 2679 5454 licet
2714 5412 2952 5474 summa
2988 5397 3304 5476 diligentia
3335 5399 3421 5459 eis
3455 5399 3710 5462 exhibita

2053 5483 2129 5544 sit
2160 5503 2274 5544 non
2309 5483 2584 5546 meliores
2634 5481 2766 5543 facti
2800 5483 3039 5547 fuerint.
3075 5487 3265 5550 Homo
3307 5487 3464 5548 enim
3499 5499 3700 5568 pater-
