4126 6268
425 311 544 399 ,387

1393 310 1982 377 THEOPHYLACTI
2023 298 2434 377 summm
2476 316 2831 378 ARCHIEP.

3689 318 3817 384 388

433 456 592 516 trasli
627 473 743 514 non
775 453 1000 514 habens
1030 461 1248 514 vestem
1277 453 1632 533 nuptialem?
1673 453 1750 516 At
1780 453 1877 514 ille
1907 448 2060 514 obti-

2163 471 2226 515 αη
2287 448 2431 528 ἔχων
2477 447 2672 524 ἔνδυμα
2715 450 2888 527 γάμου
2923 472 2940 528 ;
2989 442 3046 510 t0
3078 451 3132 508 δὲ
3162 451 3425 534 ὲφιμώθη’
3469 455 3600 514 Τότε
3647 457 3814 512 εἶπεν

430 544 568 603 cuit.
598 542 763 604 Tunc
799 542 940 602 dixit
971 559 1074 602 rex
1110 542 1398 602 ministris
1433 563 1446 602 :
1487 543 1695 617 Ligalis
1734 542 1984 622 pedibus
2016 547 2072 600 et

432 633 703 694 manibus
723 631 1069 710 ejus,tol|ite
1092 649 1224 691 eum
1249 641 1305 692 et
1327 632 1523 710 ejicite
1547 632 1605 690 in
1624 631 1898 692 tenebras
1917 639 2071 689 exte-

432 724 616 783 riores
648 743 660 780 :
694 722 770 781 ibi
813 722 923 780 erit
973 721 1164 792 ﬂetus,
1200 730 1254 779 et
1287 720 1507 780 stridor
1556 720 1846 781 dentium.
1906 718 2069 780 Multi

429 813 586 872 enim
619 819 753 871 sunt
783 809 990 881 vocati,
1031 809 1200 887 pauci
1236 827 1374 868 vero
1401 809 1636 871 electi.»
1669 808 1976 887 Ingressus
1997 807 2069 867 ad

431 903 665 981 nuptias
715 901 842 960 sine
895 899 1264 978 judicatione
1326 900 1408 960 fit.
1473 898 1672 961 Gratia
1733 901 1889 957 enim
1947 896 2069 956 sola

431 1011 638 1054 omnes
669 990 851 1051 vocati
886 1008 1090 1048 sumus
1123 998 1236 1048 tam
1274 988 1408 1049 boni
1441 1009 1616 1068 quam
1655 987 1790 1047 mali
1825 1005 1836 1048 :
1871 996 1928 1046 at
1959 986 2070 1045 vita

431 1100 636 1142 eorum
663 1080 759 1159 qui
787 1081 1030 1156 ingressi
1060 1078 1274 1138 fuerint
1295 1079 1533 1156 posthac
1559 1097 1672 1137 non
1700 1076 2068 1155 intlisquisita

434 1171 568 1241 erit,
597 1171 698 1230 sed
729 1186 972 1228 examen
1000 1165 1164 1226 valde
1200 1185 1472 1245 magnum
1527 1166 1705 1226 faciet
1736 1184 1836 1224 rex
1869 1182 2070 1223 eorum

434 1260 531 1339 qui
566 1267 692 1337 post
717 1259 1045 1333 ingressum
1080 1255 1147 1314 ad
1184 1255 1360 1314 fidem
1397 1259 1453 1314 in
1487 1255 1729 1314 sordido
1757 1253 1959 1313 habitu
1993 1254 2075 1312 in-

435 1348 765 1408 venientur.
803 1344 1158 1403 Horreamus
1194 1343 1374 1415 igitur
1405 1343 1926 1422 cogitantegquia,
1963 1341 2075 1401 nisi

433 1438 559 1516 quis
585 1437 762 1496 vitam
800 1431 1011 1495 habeat
1062 1453 1287 1511 puram,
1320 1433 1464 1492 nihil
1509 1433 1562 1492 ei
1624 1432 1886 1510 proderit
1918 1431 2074 1491 nuda

2154 539 2182 592 6
2238 537 2488 614 βασιλεὺς
2546 551 2666 600 τοῖς
2723 538 3007 604 διακόνοις’
3069 543 3337 611 Δήσαντες
3393 547 3550 602 αὐτοῦ
3606 558 3812 623 χεῖρας

2154 627 2242 681 καὶ
2324 625 2510 700 πόδας,
2585 625 2742 706 ἂρατε
2798 630 2952 685 αὖτὸν
2983 633 3068 686 καὶ
3114 629 3364 688 ἐκϐάλετε
3395 634 3468 696 εἰς
3518 635 3579 689 τὸ
3611 634 3815 695 σκότος

2153 716 2214 770 τὸ
2291 713 2566 788 ἐξώτερον·
2639 715 2756 773 ἐκεῖ
2822 717 2966 774 ἕσται
2999 722 3027 775 6
3057 719 3321 795 κλαυθμὸς
3365 723 3452 777 καὶ
3482 725 3510 777 6
3564 723 3812 800 βρυγμὸς

2153 809 2258 859 τῶν
2310 803 2558 860 ὀδόντων’
2617 805 2804 864 πολλοὶ
2861 809 2960 886 γαρ
3031 811 3128 866 εἰσι
3158 810 3372 881 κλητοὶ,
3419 811 3587 889 ὀλίγοι
3620 811 3675 868 δὲ
3707 814 3812 870 ἐκ-

2152 891 2348 951 λεκτοί.
2385 918 2411 948 n
2452 886 2514 950 Ἠ
2570 896 2682 970 ’μὲν
2728 898 2800 960 εἰς
2856 900 2946 952 τὸν
2977 899 3151 976 γάμον
3181 899 3464 964 είσέλευσις
3509 886 3633 958 ἄνευ
3679 901 3808 960 δια-

2149 983 2370 1059 κρίσεως
2427 1005 2649 1061 γινεται·
2724 985 2906 1064 χάριτι
2957 989 3058 1066 γὰρ
3127 989 3266 1064 μόνῃ
3327 990 3519 1064 μάντες
3562 989 3807 1061 ἐκλήθη-

2152 1093 2272 1146 μεν,
2334 1071 2518 1149 ἀγαθοί
2587 1095 2644 1129 τε
2716 1077 2803 1129 καί
2860 1078 3104 1155 πονηροὶ,
3157 1078 3191 1144 ἡ
3224 1075 3278 1132 δὲ
3306 1079 3416 1148 ζωὴ
3448 1079 3581 1152 μετὰ
3635 1088 3806 1138 ταῦτα

2156 1166 2261 1214 τῶν
2329 1161 2686 1242 εἰσελθόντων,
2750 1163 2844 1219 οὒκ
2903 1164 3244 1230 ἀνεξέταστος
3314 1166 3482 1240 ἔσται,
3517 1167 3658 1224 ἀλλὰ
3715 1173 3809 1225 καὶ

2156 1250 2290 1307 πάνυ
2346 1249 2550 1319 πολλὴν
2608 1251 2839 1316 ἐξέτασιν
2904 1268 3139 1311 ποιεῖται
3171 1259 3198 1310 6
3241 1254 3486 1331 βασιλεὺς
3517 1263 3622 1312 τῶν
3671 1260 3809 1332 μετὰ

2155 1341 2216 1394 τὸ
2274 1339 2527 1395 εἰσελθεῖν
2597 1343 2670 1404 εἷς
2741 1345 2842 1408 τὴν
2871 1343 3044 1398 πίστιν
3090 1344 3330 1423 ῥυπαρῶν
3391 1347 3801 1424 εὕρισκομένων.

2155 1427 2426 1505 Φρίξωμεν
2477 1429 2564 1486 οὖν
2622 1431 2988 1502 ἐννοήσαννες,
3033 1431 3136 1512 ὅτι,
3212 1434 3357 1508 εἰμὴ
3391 1433 3511 1514 ἔχοι
3562 1456 3643 1499 τις
3690 1435 3806 1511 βίον

433 1527 581 1587 ﬁdes
616 1547 628 1586 :
660 1543 771 1584 non
801 1521 990 1582 solum
1022 1521 1178 1582 enim
1210 1539 1240 1580 e
1268 1518 1485 1600 nuptiis
1519 1521 1890 1598 ejicitur,sed
1926 1528 1982 1579 et
2015 1519 2072 1578 in

2163 1520 2405 1597 καθαρὸν,
2465 1519 2607 1575 οὐδὲν
2669 1523 2824 1577 αὒτὸν
2853 1521 3055 1600 ὠφελεῖ
3083 1526 3116 1591 ἡ
3145 1524 3319 1587 πίστις
3381 1527 3542 1598 μόνη·
3590 1527 3652 1582 οὗ
3697 1523 3799 1598 μό-

431 1616 625 1693 ignem
679 1611 952 1672 mittitur.
1003 1609 1144 1681 Quis
1175 1623 1266 1670 est.
1299 1611 1395 1670 ille
1429 1609 1670 1670 sordida
1726 1611 2074 1669 vestimenta

2163 1628 2246 1661 νον
2316 1607 2415 1684 γὰρ
2471 1606 2782 1665 ἐκϐάλλεται
2841 1613 2902 1666 ἐκ
2969 1614 3062 1667 τοι)
3113 1613 3310 1690 γάμου,
3343 1611 3478 1669 ἄλλα
3508 1614 3593 1669 καὶ
3630 1614 3703 1676 εἰς
3742 1616 3801 1669 τὸ

431 1691 672 1781 gerens?
716 1699 769 1760 Is
808 1699 904 1778 qui
941 1718 1053 1758 non
1090 1700 1286 1759 idutus
1333 1708 1421 1758 est
1476 1699 1696 1758 viscera
1741 1698 2071 1758 miseratio-

2163 1701 2258 1771 πῦρ
2313 1695 2714 1772 ἀποπέμπεται,
2794 1700 2880 1762 Τίς
2964 1698 3019 1755 δέ
3076 1701 3216 1756 ἐστιν
3274 1703 3300 1757 6
3359 1702 3561 1779 ῥυπαρὰ
3616 1701 3800 1776 ἱμάτια

429 1777 591 1863 nutu,
627 1777 1076 1858 fraternitatem,
1106 1787 1553 1865 benignitatem.
1591 1786 1750 1848 Multi
1779 1786 1953 1863 igitur
1973 1805 2073 1846 se—

2163 1789 2329 1862 ρορῶν
2375 1806 2393 1856 ;
2473 1777 2529 1844 Ὀ
2601 1788 2678 1862 μὴ
2749 1786 3091 1864 ἐνδυσάμενος
3149 1777 3435 1870 σπλάγχνα
3492 1777 3798 1869 οἰκτιρμῶν,

430 1883 588 1961 ipsos
622 1897 762 1938 vana
810 1894 912 1956 spe
963 1875 1353 1954 tlccipientes,
1395 1884 1603 1955 putant
1634 1875 1788 1954 quod
1822 1894 2068 1953 regnum

2163 1875 2530 1951 χρηστότητα,
2603 1874 2963 1956 φιλαδελφίαν·
3035 1877 3223 1935 πολλοὶ
3279 1880 3367 1934 οὖν
3443 1879 3656 1943 ἑαυτοὺς
3714 1877 3798 1944 ἐξ·

428 1973 709 2033 coelorum
740 1977 1149 2047 assequentur,
1186 1978 1242 2028 et
1275 1968 1502 2044 seipsos
1532 1968 1704 2027 simul
1735 1967 2073 2028 immisceut

2163 1969 2461 2027 απατῶντες
2518 1979 2702 2029 κεναῖς
2765 1965 2962 2036 ἐλπίσι,
3026 1969 3323 2042 νομίζουσιν
3366 1967 3446 2023 ὅτι
3487 1974 3586 2034 τῆς
3637 1969 3802 2043 βασι-

430 2058 931 2121 discumbentium
955 2057 1491 2135 choro,sentientes
1512 2058 1585 2116 de
1612 2056 1819 2133 seipsis
1837 2073 2066 2132 magna.

435 2151 744 2212 [tationem
778 2146 959 2223 igitur
986 2163 1230 2204 sumens
1265 2145 1552 2206 Dominus
1575 2144 1646 2204 ab
1682 2144 1923 2221 indigno
1945 2144 2068 2215 illo,

433 2245 714 2298 monstrat
748 2236 917 2294 nobis
947 2234 1060 2293 duo
1086 2233 1206 2293 lucc
1241 2255 1252 2293 :
1291 2252 1495 2311 unum,
1530 2233 1684 2311 quod
1738 2233 2078 2294 misericors

432 2330 528 2401 sit;
561 2323 999 2402 alterumquod
1026 2331 1080 2382 et
1113 2340 1221 2382 nos
1247 2322 1439 2381 nullos
1464 2321 1868 2381 condemnare
1900 2321 2077 2382 debe-

440 2413 832 2488 mus,etiamsi
867 2411 1174 2470 manifeste
1208 2419 1473 2488 pet-cent,
1510 2410 1620 2470 nisi
1645 2411 2081 2488 retlarguautur

437 2510 777 2583 peccantes.
811 2499 966 2562 Dicit
997 2500 1172 2577 igitur
1204 2499 1491 2561 Dominus
1519 2499 1829 2578 ministris,
1855 2500 2081 2577 angelis

433 2593 764 2653 tortoribus
792 2608 804 2651 :
841 2615 865 2642 ι
901 2588 1116 2663 Ligatis
1145 2587 1414 2649 manibus
1447 2597 1505 2648 et
1533 2587 1846 2666 pedibus,»
1882 2587 1938 2647 id
1965 2595 2075 2668 est,

436 2680 752 2761 operativis
785 2680 913 2758 ejus
934 2676 1348 2738 virtutibusln
1374 2677 1592 2737 saeculo
1613 2678 1771 2736 enim
1803 2669 2080 2756 praesenti

433 2771 664 2849 operari
695 2765 1100 2846 possumus,in
1133 2767 1326 2827 futuro
1357 2781 1552 2826 autem
1577 2766 1791 2826 saaculo
1825 2767 2077 2843 ligantur

434 2879 640 2921 omnes
696 2859 945 2919 virtutes
991 2856 1202 2916 animze
1257 2856 1591 2934 operativae.
1633 2866 1686 2916 et
1737 2875 1851 2914 non
1887 2864 2078 2935 potest

434 2950 563 3010 fieri
579 2947 797 3026 aliquid
821 2945 958 3005 boni
979 2945 1034 3004 in
1059 2929 1418 3005 ablutionem
1438 2929 2078 3024 peccatorum.Slridor
2095 2929 2135 2979 C

431 3045 627 3100 autem
663 3033 1315 3113 dentium,paanitentia
1345 3040 1458 3106 est,
1483 3052 1615 3112 quae
1642 3042 1779 3093 tunc
1809 3034 1987 3094 Stulte
2022 3046 2078 3094 et

434 3127 725 3189 inutiliter
753 3125 837 3186 ﬁt.
861 3124 1026 3186 Multi
1051 3132 1245 3184 autent
1278 3131 1417 3183 sunt
1447 3123 1659 3202 vocati,
1701 3127 1726 3181 tl
1753 3125 1831 3183 l9
1865 3124 2078 3185 multos

434 3217 590 3278 enim
617 3215 703 3276 vel
728 3214 920 3293 potius
939 3228 1145 3272 omnes
1168 3225 1333 3272 vocat
1354 3211 1860 3290 Deus:paucivero
1878 3213 2074 3276 electi.

435 3307 610 3369 l’auci
641 3304 796 3365 enim
831 3301 932 3380 qui
964 3302 1281 3374 salvantur,
1309 3311 1364 3361 et
1395 3302 1494 3380 qui
1522 3302 1682 3377 digni
1713 3311 1929 3361 suntut
1963 3303 2074 3363 eli-

433 3403 649 3472 gantur
678 3411 711 3451 ει
740 3389 882 3450 Deo:
911 3389 985 3448 ita
1016 3399 1078 3449 ut
1111 3389 1213 3449 Dei
1245 3389 1487 3467 quidem
1512 3389 1586 3448 sit
1613 3391 2078 3469 vocare,electos

435 3483 628 3542 aulezr.
647 3479 884 3543 fieri.ve|
907 3487 1307 3552 non,noslrum
1325 3478 1720 3540 est.Ostendit
1737 3479 2076 3560 igiturquod

438 3578 681 3650 prOpter
699 3570 928 3630 .ludazos
945 3567 1099 3625 dicta
1120 3567 1190 3626 sit
1207 3564 1611 3646 parabola,qui
1634 3567 1819 3626 vocati
1841 3570 2076 3647 quidem

433 3662 624 3732 fuere,
653 3677 770 3717 non
804 3664 1002 3716 autem
1040 3655 1238 3729 electi,
1275 3673 1344 3716 eo
1372 3658 1524 3735 quod
1560 3656 1896 3720 audierunt.

436 3751 464 3816 ἢ
527 3750 626 3823 μὴ,
666 3746 925 3823 ἡμετερόν
971 3745 1079 3800 ἐστι
1117 3765 1127 3776 ·
1184 3743 1407 3800 δείκνυσι

433 3845 525 3898 οὒκ
554 3837 872 3913 ἐξελέγησαν
905 3835 982 3904 δὲ,
1022 3837 1092 3898 ὡς
1125 3835 1202 3909 μὴ
1234 3836 1572 3898 ἀκοὺσαντες,

353 4005 357 4012 1
516 3928 695 3987 Vens.
737 3927 825 3998 15,
867 3925 957 3987 16.
1002 3949 1027 3980 α
1063 3924 1227 3984 Tunc
1256 3922 1545 3985 abeuntes
1579 3926 1858 3988 Pharisaei
1889 3931 2078 3992 consi-

437 4016 577 4075 lium
629 4023 914 4094 ceperunt
962 4023 1019 4073 at
1065 4013 1458 4092 illaquearent
1488 4032 1621 4074 eum
1656 4017 1714 4076 in
1747 4035 2025 4080 sermone
2060 4043 2072 4084 :

2151 2048 2294 2113 λείας
2364 2058 2469 2108 τῶν
2524 2053 2756 2131 οὖρανῶν
2824 2055 3194 2129 ἐπιτεύξονται,
3244 2059 3331 2113 καὶ
3387 2054 3800 2134 παρεμϐάλλου-

2161 2163 2242 2196 σιν
2300 2141 2512 2208 ἐαυτοὺς
2579 2151 2656 2218 τῷ
2718 2151 2823 2201 τῶν
2879 2146 3237 2220 ἀνακειμένων
3314 2154 3486 2226 χορῷ,
3573 2147 3802 2220 οἰόμενοι

2160 2232 2276 2287 περὶ
2332 2232 2529 2289 ἑαυτῶν
2603 2233 2833 2311 μεγάλα,
2899 2234 3406 2313 Δικαιολογοὺμενος
3436 2234 3490 2290 δὲ
3533 2237 3560 2291 6
3619 2236 3805 2314 Κύριος

2160 2322 2289 2392 πρὸς
2348 2321 2436 2377 τὸν
2486 2321 2693 2388 ἀνάξιον
2750 2323 2975 2396 ἐκεῖνον,
3036 2323 3289 2381 δείκνυσιν
3318 2328 3453 2400 ἡμῖν
3482 2323 3571 2381 δὺο
3614 2334 3800 2383 ταῦτα·

2163 2407 2216 2463 ἓν
2277 2408 2397 2483 μὲν,
2457 2411 2537 2466 ὃτι
2609 2410 2973 2491 φιλάνθρωπός
3027 2413 3192 2490 ἐστιν,
3254 2414 3430 2492 ἕτερον
3458 2412 3534 2490 δὲ,
3589 2412 3672 2470 ὅτι
3717 2415 3803 2470 καὶ

2163 2499 2304 2573 ἡμᾶς
2377 2497 2459 2554 δεῖ
2531 2502 2608 2574 μὴ
2667 2506 3086 2579 καταγινώσκειν
3144 2511 3322 2576 τινῶν,
3394 2502 3491 2559 κᾶν
3565 2508 3803 2582 ορανερῶς

2163 2587 2488 2664 ἁμάρτωσιν,
2552 2591 2595 2645 εἰ
2679 2593 2755 2665 μὴ
2807 2590 3132 2670 ἐλεγχθῶσιν
3189 2594 3235 2650 οἱ
3265 2592 3608 2671 ἁμαρτόντες.
3645 2593 3803 2670 Λέγει

2164 2677 2253 2730 οὖν
2313 2679 2340 2732 'o
2398 2677 2586 2753 Κύριος
2629 2693 2749 2743 τοῖς
2779 2677 3064 2760 διακόνοις,
3096 2679 3346 2758 ἀγγέλοις,
3385 2692 3796 2758 τιμωρητικοτς·

2171 2787 2197 2818 ιι
2265 2765 2534 2834 Δήσαντες
2580 2771 2735 2825 αὐτοῦ
2765 2773 2959 2849 χεῖρας
2990 2771 3074 2826 καὶ
3103 2768 3286 2848 πόδας,
3352 2797 3372 2822 υ
3411 2768 3664 2846 τουτέστι,
3701 2769 3794 2832 τὰς

2159 2856 2448 2930 πρακτικὰς
2506 2861 2604 2923 τῆς
2657 2862 2837 2937 ψδχῆς
2869 2863 3020 2917 αὐτοῦ
3073 2857 3334 2933 δυνάμεις,
3395 2858 3484 2915 Ἐν
3513 2861 3588 2931 τῷ
3645 2859 3791 2913 αἰῶνι

2160 2942 2257 3018 μὲν
2313 2944 2411 3023 γὰρ
2465 2951 2540 3017 τῷ
2598 2946 2866 3028 ἐνεστῶτι,
2947 2947 3051 3004 ἔστι
3121 2945 3308 3026 πρᾶξαι
3363 2949 3448 3004 καὶ
3515 2946 3797 3025 ἐνεργῆσαί

2159 3056 2232 3114 τι,
2275 3037 2329 3089 ἓν
2386 3031 2440 3089 δὲ
2500 3042 2576 3109 τῷ
2633 3035 2903 3111 μέλλοντι,
2937 3035 3240 3112 δεσμοῦνται
3274 3043 3438 3092 πᾶσαι
3470 3037 3521 3092 αἱ
3569 3056 3800 3103 πρακτι-

2159 3125 2251 3181 καὶ
2321 3121 2562 3198 δυνάμεις
2622 3125 2719 3192 τῆς
2776 3127 2985 3204 ψυχῆς.
3046 3127 3141 3184 Καί
3209 3127 3303 3182 οὒκ
3331 3125 3439 3181 ’ἐστι
3499 3123 3721 3190 ποιῆσαί
3752 3145 3801 3177 τι

2160 3213 2355 3290 ἀγαθὸν
2427 3214 2500 3277 εἰς
2566 3214 2919 3284 ἆντισήκωσιν
2975 3221 3080 3270 τῶν
3123 3215 3415 3292 ἁμαρτιῶν·
3469 3213 3704 3293 βρυγμὸς
3749 3209 3804 3267 δὲ

2162 3300 2410 3382 ὀδόντων,
2470 3304 2504 3370 ἦ
2556 3301 2677 3358 τότε
2734 3303 3067 3379 γενησομένη
3119 3303 3389 3373 ἆνονήτως
3456 3299 3800 3378 μεταμέλεια·

2163 3390 2353 3448 πολλοί
2436 3388 2490 3446 δέ
2535 3393 2636 3447 εἰσι
2694 3391 2904 3467 κλητοὶ,
2966 3392 3198 3456 πολλοὺς
3249 3396 3349 3471 γὰρ
3391 3391 3548 3448 καλεῖ
3588 3393 3616 3448 6
3647 3393 3803 3463 Θεὸς,

2163 3478 2367 3556 μᾶλλον
2421 3478 2476 3535 δὲ
2524 3481 2749 3542 πάντας·
2795 3481 2964 3559 ὀλίγοι
2994 3480 3048 3537 δὲ
3097 3481 3360 3544 ἐκλεκτοί.
3395 3481 3594 3560 Ὀλίγοι
3646 3481 3734 3536 καὶ
3761 3483 3808 3534 οἱ

2162 3569 2454 3644 σωζόμενοι
2500 3571 2587 3625 καὶ
2638 3569 2769 3634 ὂίξιοι
2817 3579 2909 3626 τοῦ
2963 3569 3246 3649 ἐκλεγῆναι
3292 3570 3432 3646 παρὰ
3477 3577 3628 3627 Θεοῦ⁸
3665 3568 3805 3626 ὥστε

2161 3663 2253 3718 τοῦ
2307 3660 2405 3732 μὲν
2458 3666 2610 3725 Θεοῦ,
2672 3662 2732 3715 τὸ
2790 3660 2998 3735 καλεῖν,
3051 3663 3112 3715 τὸ
3159 3659 3213 3715 δὲ
3242 3659 3521 3718 ἐκλεκτοὺς
3562 3657 3801 3736 γενέσθαι

1495 3747 1682 3817 τοίνυν,
1745 3745 1822 3802 ὅτι
1888 3747 1971 3805 διὰ
2033 3755 2152 3818 τοὺς
2191 3747 2480 3812 Ἰουδαίους
2541 3748 2738 3828 ἐλέχθη
2797 3751 2831 3817 ἡ
2874 3748 3173 3829 παραϐολὴ,
3221 3753 3268 3807 οἱ
3325 3747 3623 3819 ἐκλήθησαν
3682 3747 3804 3823 μὲν,

2250 3951 2278 3990 (
2310 3930 2440 3988 Τότε
2470 3929 2807 4007 πορευθέντες
2841 3931 2887 3986 οἱ
2935 3936 3216 4007 Φαρισαῖοι
3245 3926 3560 4005 συμϐούλιον
3617 3923 3805 3983 ἔλαϐον

2163 4023 2308 4083 ὃπως
2367 4019 2522 4075 αὒτὸν
2582 4016 2968 4095 παγιδεύσωσιν
3041 4017 3092 4074 ἒν
3123 4017 3270 4096 λόγῳ
3325 4020 3414 4074 καὶ
3445 4015 3806 4085 ἀποστέλλου-

438 4115 493 4165 et
525 4104 593 4164 ad
629 4103 791 4164 illum
828 4101 1103 4164 emittunt
1164 4101 1488 4182 discipulos
1545 4123 1681 4164 suos
1721 4125 1852 4165 cum
1885 4107 2077 4169 Hero-

2164 4135 2245 4168 σιν
2314 4109 2455 4181 αὐτῷ
2517 4107 2639 4170 τοὺς
2705 4109 2942 4182 μαθητὰς
3011 4109 3181 4164 αὐτῶν
3213 4107 3346 4182 μετὰ
3387 4113 3492 4163 τῶν
3539 4104 3807 4186 Ἠρωδιαο

437 4193 650 4254 diauis.
691 4216 713 4247 ι)
751 4194 867 4254 Per
908 4191 1153 4250 insidias
1206 4192 1326 4250 hzec
1363 4193 1622 4255 fiebant:
1661 4204 1974 4274 propterea
2023 4207 2077 4258 et

2163 4206 2288 4263 νῶν,
2365 4222 2393 4252 ι
2461 4194 2750 4264 Ἐπιϐουλὴ
2776 4197 2843 4263 ἦν
2899 4199 2960 4253 τὸ
3003 4198 3306 4274 γινόμενον,
3338 4194 3422 4252 διὰ
3464 4203 3619 4252 τοῦτο
3661 4197 3750 4251 καὶ
3779 4197 3807 4250 ό

438 4286 624 4345 Lucas
653 4281 1031 4344 insidiatores
1055 4281 1189 4360 illos
1218 4292 1406 4358 vocat,
1443 4291 1716 4362 tanquam
1772 4287 1981 4345 missos
2014 4286 2074 4348 in

2163 4296 2364 4352 Λουκᾶς
2421 4286 2732 4365 ἐγκαθέτους
2762 4287 2882 4350 τοὺς
2938 4287 3204 4349 τοιοὺτους
3237 4286 3505 4361 ὀνομάζει,
3539 4286 3610 4347 ὡς
3668 4286 3806 4341 ὑπο-

435 4378 547 4436 hoc
578 4383 640 4434 ut
660 4373 1017 4434 insidientnr
1046 4371 1300 4435 Christo.
1338 4371 1654 4436 Herodiani
1686 4385 1881 4436 autem
1911 4390 2077 4438 erant

2163 4377 2492 4457 πεμφθέντας
2551 4375 2636 4431 ἐπὶ
2704 4377 2766 4430 τὸ
2815 4373 3176 4457 ἐπιϐουλεῦσαι
3235 4379 3462 4454 Χριστῷ·
3503 4366 3811 4451 Ἠρωδιανοὶ

435 4465 523 4524 vel
572 4461 825 4523 Herodis
855 4462 1097 4537 milites,
1153 4462 1240 4522 vel
1301 4463 1402 4541 qui
1458 4463 1736 4542 putabant
1778 4462 2074 4527 Herodem

2167 4466 2222 4523 δὲ
2286 4455 2450 4540 ἦσαν,
2511 4463 2546 4531 ἦ
2593 4468 2639 4520 οἱ
2667 4466 2760 4521 τοῦ
2821 4455 3052 4542 Ἡρώδου
3083 4470 3422 4544 στρατιῶται,
3467 4463 3503 4531 ἢ
3560 4464 3607 4518 οἱ
3650 4462 3808 4536 νομί-

434 4551 1056 4624 Christum.Quoniam
1088 4551 1246 4610 enim
1273 4552 1693 4613 deﬁcientibus
1713 4554 2081 4634 principibus

436 4642 584 4704 .luda
617 4642 876 4720 regnavit
905 4639 1196 4708 Herodes,
1233 4639 1671 4701 arbitrabantur
1717 4642 1914 4723 ipsum
1948 4663 2080 4706 esse

437 4731 736 4793 Christum
765 4749 778 4792 :
816 4731 1059 4790 veniunt
1092 4729 1267 4808 igitur
1297 4729 1579 4791 Pharisaei
1611 4749 1742 4791 cum
1797 4731 1913 4794 illis
1943 4732 2076 4793 illa-

434 4820 704 4902 queaturi
737 4838 896 4882 eum.
933 4817 1085 4880 Audi
1118 4818 1278 4878 enim
1312 4819 1605 4898 quomodo
1639 4819 1954 4900 loquantur
1984 4821 2078 4882 di-

438 4920 641 4972 centes
674 4930 686 4971 ε

522 5001 700 5062 Vens.
738 4995 1545 5075 -16-2‘2.uMagister,scimus
1576 4998 1732 5077 quod
1769 5017 1932 5061 verax
1969 5001 2073 5078 sis,

438 5099 495 5151 ct
527 5089 674 5150 viam
711 5087 816 5150 Dei
848 5087 905 5147 in
937 5086 1181 5147 veritate
1211 5085 1417 5164 doces,
1443 5104 1638 5164 neque
1668 5107 1840 5150 cures
1862 5109 2078 5168 quem-

439 5197 636 5257 quam:
676 5197 791 5237 non
823 5175 982 5238 enim
1013 5175 1260 5254 respicis
1292 5192 1609 5254 personam
1635 5177 2083 5240 hominum.Dic

444 5286 584 5344 ergo
610 5267 804 5338 nobis,
849 5265 987 5344 quid
1037 5263 1141 5323 tibi
1173 5262 1437 5324 videtur?
1483 5265 1642 5326 Licet
1682 5284 1926 5327 censum
1959 5267 2083 5327 dari

444 5355 914 5434 Caesari,annou?
933 5352 1177 5429 Cognita
1204 5361 1398 5413 autem
1419 5351 1591 5415 Jesus
1615 5354 1830 5416 malitia
1851 5374 2080 5436 eorum,

444 5447 527 5506 ait
559 5467 570 5504 :
597 5444 745 5518 Quid
774 5463 865 5504 tne
902 5442 1158 5514 tentatis,
1191 5443 1558 5522 hypocritaa?
1589 5441 1896 5506 Ostendite
1939 5445 2080 5507 mihi

445 5535 736 5597 numisma
769 5530 1194 5595 ccnsus.Atilli
1228 5532 1568 5593 obtulerunt
1600 5532 2085 5598 eideuariumJﬁt

448 5626 528 5688 ait
551 5625 665 5686 illis
691 5641 703 5688 :
731 5623 912 5704 Cujus
933 5628 1020 5683 est
1039 5620 1232 5699 imago
1262 5619 1387 5681 hac
1420 5629 1477 5680 et
1505 5621 1842 5702 inscriptio?
1871 5621 2084 5684 Dicunt

2161 4563 2338 4627 ζοντες
2391 4547 2630 4626 Ἡρώδην
2689 4553 2836 4609 εἶναι
2897 4556 2986 4609 τὸν
3059 4553 3303 4632 Χριστόν·
3341 4553 3456 4608 ἐπεὶ
3484 4551 3584 4630 γὰρ
3656 4549 3808 4606 ἐκλι-

2162 4644 2369 4700 πόντων
2427 4642 2533 4699 τῶν
2590 4641 2866 4721 ἀρχόντων
2939 4639 3129 4720 Ἰούδα,
3163 4638 3497 4697 ἐϐασίλευσεν
3544 4639 3572 4694 ό
3628 4637 3806 4712 Ἠρώ-

2163 4731 2282 4813 δης,
2355 4717 2636 4807 ἐνόμισαν,
2659 4717 2742 4786 δτι
2775 4731 2930 4794 αὒτός
2962 4717 3124 4787 ἐστιν-
3145 4731 3172 4784 ὀ
3217 4727 3464 4809 Χριστός.
3500 4717 3808 4807 ’Ἕρχονται

2161 4821 2331 4879 τοίνυν
2391 4823 2438 4878 οἱ
2498 4826 2781 4896 Φαρισαῖοι
2839 4820 2973 4895 μετὰ
3029 4820 3226 4876 τούτων
3261 4816 3663 4897 παγιδεύσοντες
3721 4815 3814 4870 αὖ·

2160 4911 2272 4968 τόν.
2299 4899 2532 4966 .”Ακοτε
2576 4907 2631 4964 δὲ
2664 4909 2780 4973 πῶς
2811 4907 3086 4972 ὀιαιλοῦσιν
3116 4909 3278 4988 αὐτῷ,
3303 4907 3569 4985 λέγοντες⁸

2247 5020 2271 5056 α
2352 4995 2666 5071 Διδέσϐαλε,
2700 4996 2941 5074 ο⁹ῗδαμεν,
2978 4996 3057 5054 ὅτι
3104 4996 3308 5064 ἀληθὴς
3338 4997 3416 5075 εἷ,
3449 4997 3537 5052 καὶ
3564 4995 3664 5062 τὴν
3693 4991 3811 5050 ὁδόν

2161 5095 2254 5146 τοῦ
2313 5094 2443 5146 Θεοῦ
2497 5087 2551 5143 ἐν
2599 5085 2819 5160 ἀληθείᾳ
2873 5085 3154 5159 διδάσκεις,
3237 5086 3324 5142 καὶ
3381 5085 3439 5142 οὗ
3483 5083 3668 5161 μέλλει
3728 5104 3812 5138 σοι

2163 5177 2281 5256 περὶ
2338 5174 2568 5252 οὒδενὸς,
2628 5180 2688 5235 οὖ
2742 5177 2842 5256 γὰρ
2896 5173 3109 5252 βλέπεις
3159 5176 3230 5240 είς
3277 5173 3562 5264 πρόσωπον
3605 5170 3814 5264 ἀνθρώ-

2166 5283 2306 5323 πων·
2383 5266 2509 5323 Εἶπὲ
2565 5265 2655 5322 οὗν
2700 5267 2860 5337 ἡμῖν,
2893 5267 2942 5321 τί
2965 5287 3046 5322 σοι
3090 5263 3239 5322 δοκεῖ
3286 5259 3586 5339 ;”Εξεστιν
3635 5259 3812 5316 δοῦναι
3860 5293 3904 5299 ~-

2167 5353 2361 5422 κῆνσον
2425 5354 2669 5433 Καίσαρι,
2718 5352 2753 5421 ἤ
2788 5352 2846 5410 οὕ
2881 5371 2897 5429 ;
2956 5354 3116 5419 Γνοὺς
3147 5350 3200 5408 δὲ
3231 5354 3259 5410 ὁ
3289 5353 3496 5418 Ἰησοῦς
3519 5357 3830 5418 τήιπονησ

2168 5443 2280 5523 ρίαν
2339 5444 2530 5518 αὐτῶν,
2630 5443 2778 5502 εἷπε·
2841 5445 2901 5503 Τί
2969 5445 3037 5518 μὲ
3117 5442 3412 5521 πειράζετε,
3486 5437 3813 5518 ὑποκριταίς

2167 5529 2488 5598 Ἐπιδείξατὲ
2538 5556 2630 5608 μοι
2687 5532 2748 5592 τὸ
2805 5533 3039 5609 νόμισμα
3069 5539 3163 5589 τοῦ
3191 5533 3412 5602 κήνσου.
3445 5531 3504 5589 Ol
3547 5527 3603 5585 δί
3647 5547 3813 5606 προσο

2163 5622 2395 5697 ήνιγκαν
2449 5621 2591 5696 αὐτῷ
2645 5619 2914 5700 δηνάριον.
2989 5620 3086 5678 Καὶ
3135 5618 3280 5699 λόγοι
3336 5619 3544 5683 αὐτοῖς’
3597 5617 3747 5680 τίνος
3778 5615 3814 5680 ἢ
