4126 6268
468 291 573 355 391
1426 288 2019 354 THEOPHYLACTI
2062 289 2472 352 BULGARIxE
2506 292 2864 353 ARCHIEP.
3734 293 3849 355 39?

460 410 601 497 illis,
642 425 870 505 dicunt,
920 425 1031 487 erit
1076 423 1318 485 mulier?
1348 423 1581 485 Diceret
1629 422 1781 503 quis.
1816 420 1861 483 Ο
1892 430 2097 483 conta-

2188 424 2275 478 καὶ
2331 426 2472 487 τίνος
2527 425 2719 500 αὐτῶν,
2780 427 2954 504 φασὶν,
3005 426 3149 482 ἔσται
3209 430 3242 494 ἡ
3311 429 3491 504 γυνής
3549 426 3709 484 Εἴποι
3763 425 3851 483 οὖν

457 515 660 575 minati
693 502 1027 585 Sadduczei,
1069 512 1284 591 prioris
1334 512 1436 593 qui
1487 502 1739 573 duxerat
1789 530 1936 571 uxor
1968 511 2097 587 erit,

2190 510 2250 566 ἀν
2307 535 2386 577 τις
2423 530 2436 544 ’
2484 502 2548 569 Ὠ
2606 517 2783 592 μιαροὶ
2817 513 3188 595 Σαδδουκαῖοι,
3221 522 3313 571 τοῦ
3343 517 3565 594 πρώτως
3601 532 3852 593 γεγαμη-

451 604 740 684 siquidem
793 603 1265 664 concederemus
1319 602 1380 663 in
1440 601 1884 663 resurrectione
1945 620 2097 680 nup-

2187 600 2341 665 κότος
2388 602 2533 660 ἔσται
2590 605 2624 671 ἡ
2682 604 2835 681 γυνὴ,
2885 603 3000 681 εἴγε
3032 606 3495 683 συγχωρήσωμεν,
3534 606 3614 660 ὃτι
3647 607 3736 660 καὶ
3798 603 3853 658 έν

451 695 561 755 tias
590 695 763 757 fore:
803 694 899 756 alii
933 696 1089 755 enim
1141 713 1255 754 non
1306 693 1457 768 veri,
1490 694 1590 753 sed
1637 692 1743 753 viri
1788 700 1953 752 erant
1995 710 2097 752 ac-

2185 695 2252 765 τῇ
2304 691 2585 748 ἀναστάσει
2639 694 2810 770 γάμος
2856 695 3034 748 ἐστίν’
3083 694 3130 748 οἱ
3188 695 3287 771 γὰρ
3348 692 3520 768 ἄλλοι,
3586 692 3849 751 ὑποϐολι-

452 786 722 845 cessorii.
850 854 856 864 ι

530 873 716 937 Vens.
767 873 959 936 29-33
1024 900 1045 928 α
1083 872 1476 952 Respondens
1506 879 1705 931 autem
1736 871 1935 945 Jesus,
1963 869 2109 933 dixit

2192 793 2371 853 μαϊοι,
2400 781 2523 861 οὖχὶ
2553 780 2769 856 νόμιμοι
2805 780 3007 860 ἄνδρες,

2278 892 2305 923 σ
2341 867 2666 948 Ἀποκριθεὶς
2723 868 2776 925 δὲ
2837 874 2863 927 6
2930 871 3132 938 Ἰησοῦς
3183 873 3338 928 εἶπεν
3381 872 3585 935 αὒτοῖς’
3635 871 3853 927 Πλανᾶ-

448 962 566 1023 illis
597 986 608 1019 :
635 963 875 1041 Erratis,
904 962 1239 1022 nescientes
1273 960 1634 1039 Scripturas,
1676 979 1867 1039 neque
1909 961 2102 1020 virtu-

449 1060 564 1112 tem
589 1050 784 1111 Dei.In
807 1051 1247 1111 resurrectione
1264 1051 1423 1111 enim
1445 1068 1639 1129 neque
1657 1049 2099 1110 matrimonium

446 1140 825 1214 contrahunt,
851 1158 1043 1219 neque
1079 1140 1409 1212 elocantur,
1435 1139 1534 1199 sed
1563 1146 1700 1197 sunt
1730 1138 1885 1198 sicut
1914 1138 2109 1215 angeli

450 1229 555 1289 Dei
589 1228 644 1287 in
679 1227 949 1289 cmlo.De
966 1228 1411 1289 resurrectione
1430 1244 1572 1286 vero
1600 1236 1966 1286 mortuorum
1992 1246 2108 1287 non

2189 961 2297 1031 σθε,
2361 960 2438 1033 μὴ
2498 958 2691 1022 εἰδότες
2752 960 2844 1024 τὰς
2892 961 3122 1039 Γραφὲις,
3172 959 3307 1035 μηδὲ
3356 961 3455 1027 τὴν
3506 960 3721 1035 δύναμιν
3751 967 3853 1015 τοῦ

2187 1052 2340 1110 Θεοῦ,
2406 1046 2493 1104 Ἐν
2551 1049 2650 1127 γὰρ
2706 1054 2774 1125 τῇ
2850 1048 3154 1122 ἀναστάσει,
3211 1046 3328 1104 οὔτε
3390 1052 3677 1128 γαμοῦσιν,
3727 1047 3850 1104 οὔτε

2191 1133 2579 1212 ὲκγαμίζονται,
2639 1135 2759 1192 ἀλλ’
2803 1140 2875 1200 ὡς
2930 1136 3146 1215 ἄγγελοι
3193 1145 3321 1193 Θεοῦ
3380 1137 3431 1193 ἐν
3462 1141 3661 1216 οὖρανῲ
3716 1140 3851 1193 εἶσι.

2193 1226 2313 1303 Περὶ
2371 1224 2423 1280 δὲ
2478 1231 2576 1292 τῆς
2619 1224 2955 1290 ἀναστάσεως
2998 1233 3104 1282 τῶν
3151 1232 3372 1305 νεκρῶν,
3430 1228 3523 1283 οὒκ
3580 1227 3848 1303 ἀνέγνωτε

447 1317 846 1397 legistisquod
873 1318 1036 1377 vobis
1065 1318 1284 1377 dictum
1311 1324 1399 1376 est
1428 1336 1459 1375 ει
1491 1316 1770 1393 Deo,Ego
1803 1335 1931 1376 sum
1955 1316 2097 1377 Deus

2192 1315 2250 1369 τὸ
2306 1314 2461 1389 ῥηθὲν
2510 1316 2641 1390 ὑμῖν
2690 1317 2791 1371 ὑπὸ
2848 1322 2939 1371 τοῦ
2996 1323 3128 1372 Θεοῦ
3155 1315 3403 1394 λέγοντος
3439 1337 3454 1351 '
3487 1317 3632 1397 Ἐγῲ
3675 1318 3781 1390 εἰμι
3819 1320 3848 1371 6

391 1398 393 1401 ’
455 1405 943 1479 Abraham,Deus
973 1405 1216 1478 Isaac,t:t
1254 1409 1407 1467 Deus
1429 1404 1635 1466 .lacob?
1660 1408 1789 1467 Non
1813 1415 1903 1465 est
1923 1406 2099 1478 Deus,

2194 1404 2322 1466 Θεὸς
2380 1401 2647 1483 Ἀϐραὰμ,
2680 1406 2761 1482 κρὶ
2791 1406 2817 1458 6
2863 1406 2991 1467 Θεὸς
3023 1404 3227 1477 Ἰσαὰκ,
3262 1406 3347 1459 καὶ
3377 1407 3404 1460 6
3431 1404 3559 1469 Θεδς
3594 1394 3786 1461 Ἰακὼὸ
3825 1428 3843 1477 ;

437 1503 794 1555 mortuorum
828 1495 1008 1563 Deus.
1048 1495 1150 1554 sed
1176 1492 1600 1553 viventiumEt
1634 1512 1768 1553 cum
1794 1493 2097 1553 audissent

2188 1494 2281 1549 οὒκ
2338 1489 2478 1547 ἔστιν
2521 1495 2549 1547 6
2606 1494 2760 1560 Θεὸς,
2797 1498 2924 1555 Θεὸς
2983 1498 3203 1571 νεκρῶν,
3257 1491 3393 1548 ἀλλά
3455 1494 3689 1563 ζώντων,
3743 1494 3847 1550 Καὶ

440 1581 643 1661 turbae,
688 1592 1043 1662 stupuerunt
1094 1584 1165 1644 de
1218 1583 1489 1642 doctrina
1542 1583 1694 1659 ejus.
1737 1608 1761 1635 η
1821 1580 2097 1643 Ostendit

2188 1580 2505 1645 ἀκούσαντες
2576 1583 2621 1638 οἱ
2687 1579 2867 1660 ὄχλοι,
2932 1579 3317 1650 ἐξεπλήσσοντο
3374 1581 3458 1637 ἐπὶ
3519 1588 3585 1658 τῇ
3642 1580 3847 1660 διδαχῇ

441 1669 706 1733 Salvator
738 1682 795 1733 et
824 1673 1323 1733 resurrectionem
1359 1671 1638 1742 futuram,
1674 1680 1732 1732 et
1762 1690 1877 1730 non
1905 1671 2079 1731 talem

2187 1674 2365 1733 αὖτού,
2417 1694 2444 1725 ι
2484 1671 2751 1727 Δείκνυσιν
2788 1674 2814 1726 6
2867 1671 3079 1747 Σωτὴρ,
3123 1670 3201 1725 ὅτι
3232 1673 3319 1727 καὶ
3348 1671 3631 1733 ἀνάστασις
3662 1669 3843 1742 ἔσται,

440 1765 832 1832 οενιιξιιοῑη,ιιι
862 1760 1197 1834 errant,sed
1246 1759 1596 1821 diviniorem
1637 1769 1695 1820 et
1738 1759 2097 1839 spiritualio-

2189 1762 2276 1815 καὶ
2334 1764 2393 1819 οὗ
2423 1762 2645 1827 τοιαύτη
2707 1761 2931 1838 σαρκική
2976 1770 3049 1821 ὼς
3078 1758 3407 1833 πλανῶνται,
3442 1760 3577 1816 ἀλλά
3604 1760 3848 1836 θειοτέρα

442 1868 592 1909 rem.
628 1848 777 1920 Quid
805 1850 988 1928 enim,
1028 1849 1239 1928 inquit,
1275 1850 1504 1921 erratis,
1546 1848 1884 1909 nescientes
1926 1850 2096 1910 Scri-

2187 1852 2273 1906 καὶ
2316 1851 2805 1929 πνευματικωτέρα.
2867 1851 2925 1907 Τί
2981 1851 3101 1927 γὰρ,
3177 1852 3323 1929 φησὶ,
3400 1851 3686 1921 πλανᾶσθε,
3761 1851 3848 1923 μὴ

446 1947 665 2015 pturas,
710 1948 768 1999 et
815 1939 928 1998 vim
982 1937 1119 1998 Dei?
1165 1937 1307 1998 Nam
1359 1939 1403 1997 si
1450 1936 1782 2016 Scripturas
1838 1938 2093 2011 sciretis,

2185 1938 2371 2006 εἰδότες
2416 1942 2510 2004 τὰς
2556 1941 2764 2019 Γραφάς
2800 1938 2935 2013 μηδὲ
2982 1942 3080 2004 τὴν
3141 1935 3354 2012 δύναμιν
3406 1947 3496 1996 τοῦ
3548 1947 3725 2018 Θεοῦς
3783 1946 3845 1999 Εἰ

444 2030 768 2091 crederetis
784 2031 988 2101 utique
1006 2030 1187 2091 Deum
1214 2049 1328 2090 non
1347 2048 1473 2088 essv
1491 2029 1675 2090 Deum
1702 2038 2093 2103 mortuorum,

2185 2030 2278 2103 μὲν
2359 2030 2451 2094 τὰς
2538 2030 2747 2108 Γραφας
2821 2026 3163 2106 έγινώσκετε,
3259 2029 3543 2094 ἠπίστασθε
3614 2028 3698 2107 ἂν,
3756 2026 3845 2082 ὅτι

445 2118 550 2177 sed
583 2119 924 2179 viventium.
964 2117 1130 2189 Quod
1164 2118 1211 2177 si
1245 2117 1518 2178 virtutem
1551 2117 1654 2177 Dei
1697 2118 1951 2188 sciretis,
1990 2136 2095 2178 σου

2185 2120 2207 2173 6
2266 2119 2395 2181 Θεὸς
2457 2121 2551 2176 οὒκ
2611 2115 2719 2171 ἔστι
2776 2122 2973 2193 νεκρῶν
3033 2117 3187 2194 Θεὸς,
3248 2114 3383 2171 ἀλλά
3412 2121 3642 2186 ζώντων·
3692 2117 3736 2171 εἰ
3781 2114 3839 2171 δὲ

2178 2208 2281 2273 τὴν
2346 2205 2568 2281 δύναμιν
2612 2214 2705 2261 τοῦ
2765 2212 2896 2261 Θεοῦ
2941 2202 3140 2280 ᾔδειτε,
3171 2205 3482 2283 ὶγινώσκετε
3515 2204 3600 2285 ἂν,
3633 2205 3713 2261 ὅτι
3759 2207 3840 2278 τῷ

2180 2302 2295 2369 Θεῷ
2353 2296 2524 2356 πάντα
2576 2294 2790 2367 δυνατὰ,
2875 2293 3012 2350 ὥστε
3082 2294 3169 2349 καὶ
3228 2295 3345 2359 τοὺς
3404 2294 3701 2373 ἀνθρώπους
3761 2297 3836 2357 ὡς

2180 2383 2436 2462 ἀγγέλους
2496 2388 2724 2451 ποιῆσαι
2777 2381 3167 2444 πολιτεύεσθαι,
3226 2375 3370 2461 υΟρα
3401 2381 3455 2438 δὲ
3486 2384 3582 2449 τὴν
3650 2383 3833 2461 σοφίαν

2624 2472 2818 2527 ἐκεῖνοι
2892 2473 2996 2527 ἀπὸ
3078 2480 3171 2529 τοῦ
3229 2475 3461 2527 Μωσέως
3517 2469 3836 2542 ἐσπούδαζον

443 2207 809 2282 gnosreretis
839 2208 1042 2286 utique
1095 2206 1212 2266 Deo
1250 2206 1450 2265 omnia
1488 2225 1620 2266 esse
1669 2204 2000 2285 possibilia,
2039 2213 2097 2266 et

349 2316 362 2327 ι
448 2313 620 2373 posse
651 2294 834 2355 Deum
871 2295 1066 2355 facere
1099 2304 1157 2353 ut
1183 2294 1452 2353 homines
1483 2293 1676 2352 vivant.
1696 2293 1851 2352 sicut
1873 2292 2089 2369 angeli.

448 2383 596 2443 Vide
654 2394 853 2444 autem
904 2382 1254 2461 sapientiam
1289 2380 1546 2443 Domini.
1593 2380 1679 2440 Illi
1742 2399 1845 2459 per
1896 2386 2095 2442 Mosen

445 2472 814 2531 conabantur
843 2472 1057 2549 dogma
1084 2472 1157 2531 de
1188 2470 1627 2531 resurrectione
1659 2470 2096 2531 subvertere.et

446 2560 735 2620 Dominus
774 2578 878 2639 per
923 2560 1124 2620 Mosen
1182 2558 1301 2619 illis
1344 2558 1558 2618 iterum
1600 2558 1937 2638 persuadet.
1971 2559 2092 2637 Ego

448 2649 605 2708 enim
630 2668 787 2721 sum,
820 2648 1033 2729 inquit,
1069 2650 1225 2710 Deus
1257 2647 1576 2726 Abraham,
1613 2657 1670 2706 et
1701 2648 1882 2727 Isaac,
1912 2647 2091 2709 etJa-

451 2736 584 2799 cob.
619 2735 741 2797 Hoc
772 2744 968 2797 autem
992 2737 1195 2796 dicere
1220 2735 1337 2796 vult
1371 2753 1383 2796 :
1424 2738 1581 2797 Deus
1624 2754 1740 2795 non
1771 2742 1859 2795 est
1886 2753 2089 2794 eorum

449 2825 605 2887 Deus
627 2827 724 2906 qui
757 2845 873 2886 non
905 2834 1059 2897 sunt,
1080 2825 1182 2885 sed
1217 2825 1317 2905 qui
1348 2824 1680 2884 subsistunt
1709 2833 1767 2883 et
1798 2831 1951 2885 sunt.
1972 2823 2095 2886 Ne-

438 2933 566 2995 que
608 2914 765 2974 enim
800 2915 971 2993 dixit,
1034 2916 1153 2974 t2|
1208 2914 1328 2991 Ego
1361 2931 1544 2992 eram,
1582 2912 1711 2991 sed,
1747 2910 1915 2973 Sum.
1951 2910 2096 2973 Nam

452 3004 718 3084 quamvis
769 3004 989 3065 mortui
1030 3005 1165 3082 sint,
1212 3021 1315 3083 spe
1370 3011 1566 3062 tamen
1638 3001 2098 3062 resurrectionis

452 3093 1021 3170 vivunt.lnterrogas
1054 3101 1272 3159 autem,
1299 3091 1604 3164 Quomodo
1630 3089 1810 3169 igitur
1830 3090 1944 3151 alio
1968 3090 2096 3151 loco

454 3182 596 3242 dicit
624 3205 634 3240 :
662 3155 1015 3243 Mnrtuoriim
1050 3192 1108 3243 et
1128 3155 1442 3242 viventium
1468 3155 1754 3241 Domitius
1786 3186 1902 3241 est?
1923 3179 2097 3241 Disce
2116 3155 2156 3203 ο

452 3270 628 3350 igitur
648 3270 800 3350 quod
838 3279 1101 3331 mortuos
1131 3270 1263 3330 illos
1296 3270 1415 3330 illic
1448 3269 1594 3330 dicit
1625 3268 1937 3329 defunctos
1965 3268 2095 3348 qui-

450 3358 610 3429 dem,
641 3360 895 3419 vit-turos
927 3368 1124 3418 autem
1164 3379 1176 3417 :
1215 3359 1309 3421 hic
1350 3376 1488 3418 vero
1522 3357 1806 3418 Dominus
1836 3375 2090 3436 respon-

453 3446 552 3507 det
574 3446 788 3507 hteresi
809 3446 1640 3516 Sadduczeorum,docentium
1675 3465 1790 3505 non
1817 3464 1948 3506 esse
1967 3446 2091 3507 ani-

452 3554 605 3595 mam
639 3534 1053 3607 immortalem,
1091 3536 1193 3595 sed
1241 3537 1485 3594 omnino
1527 3535 1846 3613 corrumpi,
1884 3533 2092 3596 dicens

448 3624 634 3686 Deum
662 3642 776 3683 non
805 3641 936 3684 esse
960 3625 1144 3685 Deum
1172 3624 1682 3696 mortuorum,hoc
1706 3626 2093 3702 est,sicutvos

452 3712 689 3793 putatis,
738 3711 980 3771 omnino
1028 3711 1423 3791 pereuntium,
1460 3712 1563 3772 sed
1596 3712 1939 3786 viventium,
1976 3713 2089 3775 hoc

451 3812 560 3877 est,
600 3801 989 3862 immortalem
1020 3799 1360 3862 habentium
1386 3800 1735 3881 animam,et
1762 3820 2084 3879 resurgen-

451 3891 617 3964 tium,
649 3890 881 3952 etiamsi
908 3889 1120 3950 mortui
1152 3888 1387 3952 iuerint.

527 4065 709 4130 Vens.
739 4066 947 4130 34-40.
985 4090 1012 4126 α
1042 4067 1322 4129 Phariszei
1354 4075 1549 4127 autem
1602 4085 1737 4127 cum
1785 4065 2091 4129 audissent

443 4156 598 4236 quod
624 4157 924 4217 silentium
952 4156 1332 4236 imposuisset
1376 4155 1736 4224 Sadduczeis,
1771 4174 2077 4217 convene-

2178 2479 2269 2529 τοῦ
2329 2475 2514 2547 Κυρίου
2547 2491 2562 2507 ⁸

2176 2560 2490 2638 περιτρέψαι
2534 2563 2594 2617 τὸ
2625 2582 2720 2627 της
2765 2559 3099 2623 ἀναστάσεως
3161 2558 3357 2638 δόγμα,
3409 2561 3496 2616 καὶ
3527 2559 3679 2623 οὗτος
3722 2560 3828 2615 ἀπὸ

2175 2658 2267 2707 τοῦ
2319 2649 2552 2713 Μωσέως
2610 2648 2769 2705 πάλιν
2828 2649 2992 2705 πείθει
3051 2650 3261 2714 αὐτούς.
3335 2648 3479 2727 Ἐγὼ
3537 2651 3637 2726 γὰρ
3695 2651 3827 2723 εἰμὶ,

2174 2740 2355 2818 φησὶν,
2403 2741 2430 2794 6
2490 2740 2616 2803 Θεὸς
2674 2736 2937 2816 Ἀϐραὰμ,
2999 2740 3087 2793 καὶ
3142 2738 3342 2817 Ἰσαὰκ,
3378 2760 3461 2793 και
3507 2735 3700 2793 Ἰακώϐ
3735 2753 3747 2766 '
3802 2737 3831 2791 ὅ

2178 2826 2233 2883 δέ
2289 2826 2433 2906 λέγει
2487 2829 2720 2884 τοιοῦτόν
2764 2827 2904 2883 ἐστιν
2939 2844 2951 2856 '
3023 2818 3079 2883 Ὀ
3125 2830 3251 2891 Θεὸς
3321 2828 3411 2881 οὐκ
3461 2825 3566 2880 ἔστι
3595 2830 3702 2880 τῶν
3746 2827 3825 2899 μὴ

2179 2914 2343 2973 ὄντων
2402 2918 2555 2996 Θεὸς,
2620 2915 2753 2971 ἀλλά
2797 2923 2902 2972 τῶν
2959 2916 3318 2993 ὑφισταμένων
3370 2916 3455 2971 καὶ
3486 2912 3673 2969 ὄντων’
3708 2911 3825 2971 οὐδὲ

2180 3006 2280 3083 γὰρ
2338 3009 2488 3061 εἶπεν
2526 3022 2540 3035 ⁶
2592 3006 2732 3083 Ἐγὼ
2776 3003 2947 3079 ἤμην,
3008 3004 3123 3060 ἀλλ’
3169 3004 3309 3078 Εἰμί,
3344 3005 3401 3060 Ei
3446 3002 3661 3081 γὰρκαὶ
3704 3000 3826 3055 ἔτε-

2181 3093 2465 3167 λεύτησαν,
2541 3092 2676 3150 ἀλλὰ
2733 3100 2800 3170 τῇ
2854 3091 3022 3149 ἐλπίδι
3099 3099 3196 3160 τῆς
3256 3091 3588 3154 ἀναστάσεως
3642 3089 3830 3159 ζῶσιν.

2182 3180 2332 3238 Ἀλλ’
2390 3184 2612 3263 ἐρωτᾷς,
2676 3190 2791 3247 [Ιτῦς
2890 3184 2976 3239 οὖν
3059 3182 3305 3261 ἀλλαχοῦ
3356 3202 3539 3261 φησιν,
3613 3177 3695 3233 ὅτι
3745 3179 3834 3233 καὶ

2177 3278 2374 3350 νεκρῶν
2428 3274 2514 3329 καὶ
2584 3273 2795 3343 ζώντων
2849 3273 3112 3349 κυριεύει,
3177 3274 3318 3327 Μαθε
3372 3270 3539 3328 τοίνυν
3600 3268 3680 3323 ὅτι
3740 3287 3832 3321 νε-

2177 3364 2328 3440 κροὺς
2372 3362 2489 3418 ἐκεῖ
2557 3361 2699 3439 λέγει
2758 3363 2879 3425 τοὺς
2958 3361 3316 3425 ἀποθανόντας
3360 3360 3481 3439 μὲν,
3539 3356 3832 3434 μέλλοντας

2174 3448 2228 3506 δὲ
2285 3453 2555 3522 ζήσεσθαι,
2604 3450 2856 3519 Ἐνταῦθα
2900 3450 2953 3505 δὲ
2985 3453 3011 3505 6
3071 3451 3257 3528 Κύριος
3307 3450 3435 3527 πρὸς
3487 3448 3584 3514 τὴν
3628 3445 3835 3521 αἵρεσιν

2176 3543 2281 3597 τῶν
2370 3538 2730 3597 Σαδδουκαίων
2819 3540 3176 3618 ἐνιστάμενος,
3271 3535 3696 3615 δογματιζόντων
3752 3535 3832 3606 μὴ

2174 3629 2316 3685 εἶναι
2360 3630 2460 3696 τὴν
2518 3630 2704 3709 ψυχὴν
2774 3629 3048 3709 ἀθάνατον,
3100 3628 3234 3683 ἀλλά
3292 3628 3466 3692 πάντη
3544 3622 3841 3702 διαφθείρε-

2170 3720 2315 3793 σθαι,
2364 3720 2521 3799 φησὶν
2577 3717 2654 3774 ὅτι
2707 3721 2801 3775 οὒκ
2859 3716 2997 3774 ἔστιν
3047 3720 3074 3774 6
3143 3718 3271 3779 Θεὸς
3304 3721 3529 3794 νεκρῶν,
3560 3716 3832 3790 τουτέστι,

2170 3814 2276 3861 τῶν
2332 3809 2404 3869 ὡς
2460 3810 2590 3883 ὑμῖν
2641 3805 2788 3863 δοκεῖ
2838 3804 3284 3886 διαφθειρομένων
3328 3802 3628 3875 παντελῶς,
3684 3804 3829 3862 ἀλλά

2169 3899 2275 3949 τῶν
2328 3896 2561 3969 ζώντων,
2619 3896 2851 3952 τουτέστι
2918 3902 3022 3951 τῶν
3095 3895 3352 3950 ἀθανατον
3408 3892 3644 3972 ἐχόντων
3717 3896 3820 3961 τὴν

2172 3985 2378 4063 ψυχὴν,
2443 3986 2529 4040 καὶ
2583 3983 3056 4059 ἀναστησομένων,
3089 3984 3252 4039 εἶκαὶ
3321 3991 3408 4041 νῦν
3440 3982 3610 4060 νεκροί
3673 3983 3830 4047 εἰσιν,

2261 4097 2288 4127 α
2352 4074 2412 4130 Οἱ
2470 4071 2525 4128 δὲ
2579 4080 2862 4153 Φαρισαῖοι
2923 4072 3240 4135 ἀκούσαντες
3272 4073 3351 4126 ὃτι
3411 4070 3642 4149 ἐφίμωσε
3700 4072 3827 4137 τοὺς

2174 4160 2577 4235 Σαδδουκαίους,
2666 4164 3009 4241 συνήχθησαν
3064 4160 3149 4216 ἐπὶ
3204 4162 3265 4215 τὸ
3296 4160 3444 4230 αὸτὸ,
3480 4160 3565 4213 καὶ
3598 4158 3827 4238 ἐπηρώ-

442 4255 579 4307 runt
612 4249 667 4307 in
694 4265 897 4318 unum,
934 4255 991 4305 et
1019 4245 1402 4326 interrogavit
1438 4265 1570 4307 eum
1598 4264 1750 4306 unus
1782 4264 1851 4306 ex
1874 4247 1958 4306 eis
1995 4245 2087 4307 le-

2185 4272 2334 4317 τησεν
2404 4251 2488 4316 εἷς
2556 4248 2611 4315 ἒξ
2671 4254 2839 4308 αὐτῶν
2901 4250 3145 4324 νομικὸς,
3205 4248 3467 4327 πειράζων
3501 4246 3680 4321 αὒτὸν,
3741 4251 3830 4305 καὶ

441 4336 682 4414 gislator
705 4335 1265 4417 quispiam,tentans
1298 4343 1524 4408 eum,et
1554 4334 2086 4412 dicensﬂtagister,

2185 4339 2367 4417 ίκέγων·
2462 4338 2783 4412 Διδάσκαλε,
2816 4340 2940 4395 ποία
2970 4337 3157 4405 ἐντολῆ
3189 4337 3398 4415 μεγάλη
3432 4336 3486 4391 ἐν
3520 4340 3596 4411 τῷ
3626 4338 3773 4411 νόμῳ
3811 4357 3828 4417 ς

439 4426 594 4503 quod
616 4433 702 4484 est
728 4423 1064 4484 mandatum
1090 4442 1361 4499 magnum
1385 4423 1446 4484 in
1471 4422 1633 4502 lege?
1647 4422 1739 4484 Ait
1759 4423 1841 4483 illi
1863 4421 2041 4485 Jesus
2069 4443 2084 4484 :

2185 4419 2233 4485 ῐ0
2292 4427 2347 4483 δὲ
2379 4427 2588 4495 Ἰησοῦς
2619 4429 2723 4509 ἓιρη
2770 4432 2934 4501 αὐτῷ·
2970 4426 3296 4504 Ἀγαπήσεις
3333 4426 3515 4501 Κύριον
3573 4427 3663 4481 τὸν
3696 4430 3827 4481 Θεὸν

440 4513 660 4592 Diliges
693 4513 1007 4574 Dominum
1049 4511 1234 4573 Deum
1274 4522 1433 4573 tuum
1484 4532 1552 4572 ex
1597 4520 1714 4572 toto
1743 4512 1924 4574 corde
1955 4522 2077 4586 tuo,

2185 4539 2259 4573 που
2318 4517 2371 4572 ἒν
2439 4517 2539 4594 ὅλῃ
2596 4523 2663 4593 τῇ
2717 4514 2899 4594 καρδίᾳ
2928 4539 3043 4589 σου,
3076 4518 3160 4572 καὶ
3192 4515 3243 4570 έν
3277 4515 3376 4590 ὅλῃ
3402 4519 3470 4589 τῇ
3521 4518 3676 4594 ψυχῇ
3706 4537 3820 4591 σου,

436 4611 493 4662 et
522 4602 581 4662 in
604 4611 721 4662 tota
749 4603 942 4662 anima
973 4611 1091 4676 tua,
1118 4610 1175 4662 et
1207 4602 1265 4663 in
1292 4610 1408 4663 tota
1440 4610 1639 4663 mente
1680 4612 1799 4663 tua.
1837 4601 1957 4663 Hoc
1993 4611 2082 4664 est

2185 4608 2253 4661 ιαὶ
2308 4604 2363 4660 ἐν
2420 4604 2521 4683 ὅλῃ
2583 4612 2651 4681 τῇ
2704 4604 2903 4677 διανοίᾳ
2960 4621 3075 4660 σοο’
3152 4604 3284 4670 αὕτη
3343 4602 3453 4658 ἐστὶ
3498 4607 3684 4682 πρώτη
3738 4605 3827 4659 καὶ

438 4692 692 4769 primum
725 4701 782 4751 et
814 4708 1089 4768 maguum
1113 4690 1473 4751 mandatum.
1500 4692 1843 4751 Secundum
1869 4699 2081 4752 estau-

2185 4697 2377 4775 ιεγάλη
2435 4696 2654 4767 ἐντολή·
2716 4694 2928 4775 δευτέρα
2998 4694 3077 4765 δὲ,
3112 4695 3268 4770 ὁμοία
3300 4694 3458 4771 αὐτῇ·
3496 4694 3821 4770 ’Λγαπήσεις

436 4789 549 4839 tem
596 4780 789 4840 simile
840 4780 976 4840 huic
1010 4799 1029 4838 :
1062 4778 1283 4857 Diliges
1337 4780 1664 4859 proximum
1714 4788 1874 4839 tuum
1927 4780 2085 4842 sicut

2185 4787 2256 4842 :6v
2313 4784 2541 4853 πλησίον
2603 4807 2697 4842 σου
2753 4788 2827 4848 ὡς
2859 4786 3102 4846 σεαυτόν,
3146 4782 3236 4840 Ἐν
3268 4784 3482 4847 ταύταις
3514 4795 3634 4845 ταῖς
3677 4778 3821 4837 δυσὶν

438 4868 784 4950 teipsum.ln
819 4870 908 4930 his
930 4868 1085 4928 enim
1116 4868 1347 4929 duobus
1373 4868 1665 4929 mandatis
1685 4871 1957 4929 universa
1992 4870 2084 4930 lex

2185 4873 2439 4949 ἐντολαῖς,
2491 4872 2612 4939 ὅλος
2665 4877 2692 4931 6
2724 4878 2886 4949 νόμος
2929 4874 3018 4929 καὶ
3048 4877 3095 4928 οἱ
3127 4877 3393 4951 προφῆται
3428 4871 3737 4950 κρέμανται.
3777 4890 3807 4930 )

432 4962 818 5042 etpropbetae
843 4960 1258 5040 pendent.»Ex
1289 4959 1607 5020 immodica
1656 4959 1875 5020 invidia
1923 4977 2091 5019 acce-

2185 4961 2261 5029 Ἐξ
2319 4963 2544 5043 ἀμέτρου
2629 4963 2818 5044 φθόνου
2910 4963 3178 5041 πρόσεισιν
3264 4964 3291 5017 6
3348 4962 3632 5039 πειράζων·
3706 4959 3821 5016 ἐπεὶ

433 5049 515 5113 dit
534 5049 944 5122 tentans.Quia
957 5050 1116 5111 enim
1138 5047 1776 5110 viderantSadducaaos
1791 5048 2087 5120 confusos,

2185 5052 2272 5129 γὰρ
2325 5050 2467 5109 εἶδον
2549 5052 3030 5132 καταισχυνθέντας
3086 5053 3204 5116 τοὺς
3264 5048 3666 5129 Σαδδουκαίους,
3730 5050 3819 5105 καὶ

430 5148 488 5200 et
517 5140 813 5201 laudatum
856 5139 1173 5201 Dominum
1228 5137 1304 5199 ob
1362 5138 1738 5217 sapientiam,
1792 5136 2087 5198 accedunt

2185 5143 2539 5217 ιπαινούμενον
2598 5142 2688 5197 τὸν
2748 5141 2933 5220 Κύριον
3005 5140 3091 5197 ἐπὶ
3148 5146 3216 5215 τῇ
3306 5141 3482 5219 σοφίᾳ,
3572 5139 3818 5217 προσίασι

431 5236 725 5289 tentantes
747 5230 795 5288 si
818 5226 1317 5308 apponataliquid
1354 5226 1633 5289 mandato
1670 5226 1884 5306 primo,
1910 5226 2081 5307 quasi

2185 5230 2517 5306 πειράζοντες,
2580 5233 2623 5286 εί
2682 5229 2989 5306 προστίθησί
3059 5252 3109 5286 τι
3159 5228 3350 5306 ἐντολῇ
3380 5234 3447 5305 τῇ
3505 5228 3714 5305 πρώτῃ,
3745 5229 3820 5291 ὡς

428 5318 617 5393 legem
641 5316 1039 5395 corrigens,ut
1066 5314 1592 5377 inveniantcontra
1625 5315 1821 5394 ipsum
1840 5333 2070 5376 ansam.

2185 5321 2522 5397 ιορθοὺμενος
2579 5321 2669 5376 τὸν
2725 5319 2910 5394 νόμον,
2971 5318 3063 5374 ’ίνα
3097 5318 3283 5397 εὕρωσι
3337 5315 3506 5385 λαϐὴν
3549 5313 3671 5373 κατ’
3716 5318 3816 5373 αὖ·

426 5404 712 5466 Dominus
735 5414 931 5466 autem
966 5405 1279 5484 invulgnns
1311 5423 1516 5465 eorum
1568 5404 1872 5483 malitiam,
1912 5404 2068 5485 quod

2187 5407 2266 5466 οὖ.
2330 5409 2389 5465 Ὀ
2447 5407 2501 5465 δὲ
2561 5410 2753 5488 Κύριος
2812 5406 3144 5482 δημοσιεύων
3200 5406 3371 5463 αὒτῶν
3458 5406 3555 5474 τὴν
3599 5406 3811 5485 κακίαν,

426 5514 542 5555 ηοιι
574 5495 647 5556 ad
680 5494 1033 5556 discendum
1076 5495 1397 5568 venissent,
1424 5494 1527 5555 sed
1575 5495 1736 5555 vacui
1780 5495 2068 5555 charitate

2185 5519 2230 5552 τι
2290 5499 2349 5554 οὒ
2406 5496 2489 5554 διά
2559 5500 2620 5554 τὸ
2652 5501 2842 5575 μαθεῖν
2873 5496 3062 5571 ἦλθον,
3099 5494 3218 5553 ἀλλ’
3252 5496 3379 5552 ἀπὸν
3417 5503 3507 5553 τοῦ
3550 5495 3627 5571 μὴ
3656 5492 3808 5575 ἔχειν

424 5583 727 5647 invideant
751 5583 945 5665 potius
970 5592 1028 5645 et
1044 5583 1691 5663 aemulenturpstendit
1708 5583 2061 5645 cbaritatem

2185 5586 2387 5666 γάπην,
2445 5585 2529 5643 διὰ
2596 5590 2658 5643 τὸ
2714 5589 2926 5666 φθονεῖν
3001 5584 3294 5661 δὲμᾶλλον
3326 5587 3414 5641 καὶ
3457 5583 3810 5659 ζηλοτυπεῖν,
