4126 6268
310 295 430 361 393

307 408 341 464 δ

312 520 578 602 διδάσκει,
638 523 717 580 ὅτι
777 525 838 580 οὗ
895 532 1122 602 μερικῶς
1154 523 1237 581 δεῖ
1270 527 1478 604 ἀγαπᾷν
1510 528 1598 583 τὸν
1645 531 1795 601 Θεὸν,
1842 526 1962 582 ἀλλ’

310 609 474 674 ὅλους
546 614 759 675 ἑαυτοὺς
818 610 1010 669 διδόναι
1069 620 1145 688 τῷ
1230 622 1366 689 Θεῷ,
1415 626 1569 694 Τρετς
1620 617 1718 694 γὰρ
1767 617 1960 679 ταὺτας

305 702 430 777 περὶ
481 701 579 767 τὴν
623 709 712 757 τοῦ
740 702 1011 780 ἀνθρώπου
1042 704 1226 781 ψυχὴν
1284 710 1648 778 κατανοοῦμεν
1684 703 1957 783 διαφορὰς,

310 790 378 843 τὸ
436 792 673 867 φυτικὸν,
760 793 820 845 τὸ
877 790 1107 862 ζωῶδες,
1155 794 1220 847 τὰ
1252 792 1488 869 λογικόν.
1529 791 1656 851 Καθ’
1687 791 1714 848 ὅ
1744 794 1959 870 μὲνγὰρ

314 876 524 941 αὔξεται
583 880 670 934 καὶ
732 879 997 956 τρέφεται,
1058 882 1145 935 καὶ
1186 883 1246 936 τὸ
1276 880 1460 955 ὅμοιον
1503 888 1681 960 γεννᾷ,
1709 894 1826 945 τοῖς
1857 903 1958 959 φυ-

312 966 441 1029 τοῖς
525 970 821 1040 ὁμοιοῦτλιο
881 965 996 1023 καθ’
1053 968 1080 1023 ὅ
1136 968 1191 1024 δὲ
1263 973 1512 1044 θυμοῦται
1544 973 1627 1025 καὶ
1686 969 1958 1043 ἐπιθυμεῖ,

314 1067 440 1115 τοῖς
497 1055 677 1124 ζώοις·
732 1055 846 1112 καθ’
907 1054 934 1110 ὅ
994 1054 1048 1110 δὲ
1107 1055 1416 1128 διανοεῖται,
1452 1057 1666 1135 λογικὸς
1726 1056 1958 1136 λέγεται.

319 1130 470 1218 "Op:
531 1152 616 1200 οὖν
708 1148 926 1201 ἐνταῦθα
1006 1147 1376 1220 σημαινόμενα
1433 1130 1596 1204 ταῦτα
1684 1148 1748 1201 τά
1802 1130 1971 1223 *τρία-

324 1254 350 1283 ιι
417 1231 745 1309 Ἀγαπήσεις
801 1235 889 1288 τὸν
941 1234 1070 1288 Θεόν
1116 1257 1206 1291 σου
1234 1235 1288 1289 ἐν
1319 1234 1419 1301 ὅλη
1463 1241 1531 1310 τῇ
1576 1233 1758 1312 καρδίᾳ
1789 1250 1901 1290 σου·
1950 1258 1974 1293 ι

320 1326 480 1375 τοῦτο
538 1323 598 1376 τὸ
667 1321 872 1391 ζωῶδες
946 1324 1105 1401 μέρος
1139 1329 1230 1378 τοῦ
1261 1323 1555 1401 ἀνθρώπου·
1608 1348 1629 1376 ι
1669 1326 1753 1378 καὶ
1784 1323 1840 1377 ἐν
1870 1322 1974 1398 ὅλῃ

317 1414 392 1482 τῇ
450 1414 602 1488 ψυχῇ
659 1426 772 1467 σου·
841 1432 867 1468 ι
927 1418 1104 1490 τοῦτο,
1141 1413 1200 1467 τὸ
1248 1412 1484 1489 φυτικόν·
1533 1411 1752 1490 ἔμψυχα
1785 1412 1883 1489 γὰρ
1911 1414 1973 1466 τὰ

320 1498 486 1573 φυτάο
529 1520 549 1550 ι
584 1499 670 1553 καὶ
703 1498 755 1554 ἐν
788 1498 887 1575 ὅλῃ
913 1505 981 1575 τῇ
1012 1497 1210 1571 διανοίᾳ
1241 1521 1355 1556 σοιν
1396 1524 1423 1554 n
1458 1506 1614 1556 τοῦτο
1638 1501 1699 1554 τὸ
1731 1498 1969 1576 λογικόνι

320 1578 504 1641 "uate
536 1588 596 1641 τὸ
625 1585 738 1642 δεῖν
768 1588 977 1664 ἀγαπᾷν
1009 1590 1099 1644 τὸν
1138 1590 1267 1643 Θεὸν
1292 1587 1605 1668 ὁλοψὺχως,
1653 1596 1807 1645 τουτο
1838 1587 1973 1668 ἔστι,

317 1677 385 1730 ’τὸ
442 1671 524 1730 διὰ
582 1675 791 1729 πάντων
864 1682 968 1731 τῶν
1009 1681 1106 1741 τῆς
1152 1680 1334 1754 ψυχῆς
1370 1684 1544 1753 μερῶν
1577 1679 1663 1731 καὶ
1707 1675 1971 1751 δυνάμεων

323 1762 468 1835 αὒτῷ
497 1763 804 1841 προσέχειν,
859 1788 883 1817 α
919 1764 1061 1830 Αὕτη
1092 1764 1280 1832 πρώτη
1324 1766 1410 1820 γαὶ
1447 1764 1659 1843 μεγάλη
1690 1764 1900 1843 ἐντολὴ,
1939 1789 1965 1818 »

321 1853 399 1913 εἷς
472 1847 735 1907 εὒσὲὅειαν
798 1854 939 1926 ἡμᾶς
993 1853 1347 1929 γλμνάζουσαο
1386 1873 1413 1910 α
1460 1852 1671 1931 δευτέρα
1704 1853 1757 1909 δὲ
1815 1854 1970 1925 ὸμοία

322 1944 481 2014 αὖτῇ,
545 1962 571 1992 η
635 1941 706 2003 εἷς
756 1941 821 1994 τά
881 1942 1012 2017 πρὸς
1069 1942 1367 2019 ἀνθρώπους
1401 1939 1572 1997 δίκαια
1626 1940 1967 2020 διεγείρουσα.

327 2028 433 2083 Δύο
502 2029 600 2105 γὰρ
670 2029 765 2082 εἶσι
809 2029 876 2084 τά
905 2030 977 2091 εἷς
1010 2029 1278 2085 ἀπώλειαν
1313 2029 1562 2109 φέροντα,
1594 2028 1832 2107 δόγματα
1866 2052 1964 2086 πο-

325 2117 486 2192 νηρὰ,
560 2117 644 2171 καὶ
711 2115 820 2191 βίος
895 2115 1292 2195 δίεφθαρμένος.
1357 2110 1485 2179 Ἵνα
1518 2118 1612 2193 μὲν
1645 2118 1733 2174 οὗν
1761 2119 1837 2193 μη
1867 2121 1970 2192 ἒμ-

323 2204 576 2277 πὲσωμεν
632 2205 704 2263 εἷς
774 2203 1015 2281 δὶγματα
1074 2204 1259 2279 ἀσεϐἦ,
1307 2204 1390 2262 δεῖ
1420 2208 1634 2284 ἀγαπῇν
1663 2209 1751 2262 τὸν
1813 2208 1966 2263 Θεόνο

326 2292 422 2348 ἵνα
492 2291 547 2346 δὲ
597 2293 663 2367 μὲ
695 2292 909 2371 ἔχωμεν
935 2296 1046 2369 βίον
1077 2291 1588 2373 διεφθαρμένονηδεϊ
1629 2296 1839 2373 ἀγαπᾷν
1881 2298 1967 2351 τὸν

328 2381 576 2447 πλησίον·
641 2382 669 2435 ὃ
724 2383 822 2457 γὰρ
886 2382 1106 2459 ἀγαπῶν
1138 2406 1225 2439 τον
1256 2383 1505 2456 πλησίον,
1554 2384 1724 2446 πάσας
1756 2387 1847 2448 τὰς
1880 2385 1969 2439 ἐν-

327 2470 489 2532 τολὰς
545 2470 769 2549 πληροῖ·
832 2472 919 2526 καὶ
950 2474 977 2526 ὁ
1020 2471 1242 2550 πληρῶν
1270 2474 1363 2535 τὰς
1396 2472 1635 2552 ἐντολὰς,
1670 2475 1854 2551 ἀγαπᾷ
1882 2476 1969 2529 τὸν

331 2560 484 2615 Θεόν⁶
537 2558 675 2614 ὥστε
763 2556 831 2614 δι’
892 2558 1139 2628 ἀλλήλων
1225 2572 1624 2639 συγκριιτοὺνται
1677 2564 1764 2617 καὶ
1848 2584 1965 2617 συν-

336 2649 567 2703 ίσνανται
625 2651 675 2702 αἱ
746 2646 833 2702 δύο
877 2650 1025 2702 οὗται
1070 2648 1298 2722 ἐντολαὶ,
1334 2652 1420 2707 καὶ
1451 2650 1760 2729 περιέχουσι
1800 2651 1971 2714 πάσας

330 2739 425 2799 τὰς
486 2735 649 2799 ἄλλας
718 2736 958 2799 ἐντολάς.
1037 2741 1124 2800 Τίς
1183 2740 1281 2814 γὰρ
1330 2740 1552 2816 ἀγαπῶν
1596 2743 1685 2794 τὸν
1731 2741 1858 2794 Θεὸν
1889 2742 1974 2794 καὶ

332 2849 423 2882 τον
468 2824 721 2897 πλησίον,
767 2826 802 2893 ἢ
836 2826 1043 2904 κλέψει,
1080 2826 1114 2893 ἢ
1148 2830 1565 2901 μνησικακήσει,
1602 2826 1636 2894 ἦ
1670 2828 1970 2906 μοιχεύσει,

332 2912 367 2980 ἦ
443 2915 707 2992 φονεύσει,
781 2913 815 2979 ἦ
872 2915 1143 2991 πορνεύσει
1184 2932 1199 2988 ;
1234 2915 1397 2977 Οὗτος
1459 2912 1512 2969 δὲ
1569 2917 1597 2970 6
1654 2917 1884 2988 Νομικὸς
1924 2913 1974 2978 ἐξ

336 3007 515 3082 ἀρχῆς
575 3003 669 3077 μὲν
728 3003 988 3079 πειράζων
1038 3002 1214 3076 ἦλθεν,
1277 3005 1400 3058 εἶτα
1449 3003 1553 3058 ἀπὸ
1596 3009 1693 3069 τῆς
1724 3012 1814 3060 τοῦ
1843 3010 1974 3079 Χρι-

338 3092 465 3148 στοῦ
520 3092 844 3170 ἀποκρίσεως
916 3091 1214 3167 βελτιωθεὶς
1339 3090 1584 3166 ἐπῃνέθη,
1649 3092 1720 3154 ὡς
1803 3092 1889 3146 καὶ
1949 3093 1976 3145 6

342 3182 550 3257 Μάρκος
606 3182 784 3259 φησὶν,
863 3179 941 3235 ὅτι
1000 3177 1270 3255 ἐμϐλέψας
1302 3180 1443 3253 αὖτῷ
1473 3182 1499 3234 ὁ
1538 3179 1767 3248 Ἰησοῦς,
1795 3179 1977 3244 ἠσπά-

342 3291 469 3325 σατο
526 3270 701 3343 αὺτὸν,
761 3270 843 3325 κοὶ
904 3269 1056 3324 εἶπεν
1118 3271 1280 3341 αὐτῷ·
1317 3269 1389 3325 06
1416 3268 1622 3346 μακρὰν
1652 3268 1705 3323 εἶ
1736 3269 1832 3333 τῆς
1873 3268 1975 3344 βα-

342 3356 537 3419 σιλείας
568 3356 660 3413 τοῦ
692 3357 843 3419 Θεοῦ,

423 3467 454 3503 ι
486 3446 840 3520 Συνηγμένων
888 3444 941 3502 δὲ
984 3447 1088 3502 τῶν
1118 3445 1439 3524 Φαρισαίων,
1502 3444 1844 3522 ἐπηρώτησεν
1875 3447 1968 3501 αὖ·

935 301 1379 365 ENARRATIO
1422 305 1515 367 'IN
1559 292 2069 368 EVANGELIUM
2120 282 2520 368 MATTHEI.
2566 304 2641 355 ς
2683 309 2847 371 CAP.
2894 306 3085 372 xxn.

346 436 547 490 είκνυσι
608 438 703 502 τὴν
790 435 1004 513 ἀγάπην
1032 437 1394 516 ὑπερέχουσαν
1435 443 1538 495 τῶν
1568 436 1813 494 ἐντολῶν.
1870 438 1965 495 Καὶ

2060 435 2202 497 inter
2226 439 2497 500 mandata
2551 434 2897 525 praecellere
2926 462 2937 502 :
2975 426 3451 523 docetquequod
3475 460 3594 503 non
3620 459 3692 502 ex

3571 306 3685 374 394

2047 535 2207 601 parte
2238 538 2475 605 Oportet
2505 527 2755 604 diligere
2788 532 2999 603 Deum,
3057 531 3161 591 sed
3217 548 3331 613 nos
3368 530 3689 601 totosdaro

2047 612 2349 674 Deo.Tres
2380 615 2535 676 enim
2572 617 2720 678 tales
2751 616 2809 677 in
2834 617 3029 678 anima
3049 616 3335 679 diséimus
3352 637 3483 693 esse
3508 619 3685 699 vires,

2046 701 2442 778 plantativam,
2479 705 2793 765 animalem
2829 715 2887 765 et
2937 707 3308 768 rationalem.
3342 706 3685 783 Secundum

2042 789 2198 866 quod
2230 792 2439 851 crescit
2471 802 2527 853 et
2553 793 2831 872 nutritur,
2859 802 2913 853 et
2943 794 3137 869 simile
3166 807 3430 871 generat,
3466 796 3686 876 plantis

2043 877 2434 938 assimilatur:
2468 881 2799 941 secundum
2825 876 2981 960 quod
3013 883 3290 943 irascitur
3321 894 3378 945 et
3407 884 3687 963 concupi-

2043 964 2173 1035 scit,
2212 966 2396 1026 brutis
2425 979 2830 1048 comparatur:
2866 972 3191 1031 secundum
3210 971 3365 1051 quod
3388 971 3687 1050 intelligit,

2042 1054 2349 1142 rationalis
2380 1056 2617 1116 dicitur.
2654 1057 2800 1118 Vide
2844 1058 3021 1137 igitur
3078 1060 3188 1120 hoc
3226 1060 3358 1120 loco
3401 1059 3558 1142 quod
3589 1060 3693 1122 illa

2060 1140 2170 1201 tria
2199 1144 2609 1221 signiﬁcentur
2644 1164 2655 1205 :
2690 1168 2711 1201 ιι
2741 1146 2959 1225 Diliges
3016 1147 3200 1208 Deum
3253 1140 3433 1207 tuum
3468 1146 3528 1208 in
3569 1156 3691 1209 toto

2059 1232 2237 1290 corJe
2271 1242 2391 1305 tuo,
2429 1258 2454 1287 n
2497 1235 2620 1293 haec
2652 1242 2742 1294 est
2774 1235 3019 1295 brutalis
3040 1236 3252 1295 animae
3284 1244 3419 1315 pars
3452 1253 3464 1297 :
3505 1245 3601 1298 «et
3630 1236 3693 1298 in

2060 1328 2176 1377 tota
2204 1320 2398 1379 anima
2431 1330 2544 1389 tua,
2591 1346 2614 1376 ιι
2655 1322 2779 1383 haec
2800 1333 2887 1383 est
2918 1324 3231 1403 plantativa
3257 1324 3696 1409 virtus,anima-

2058 1417 2129 1465 ta:
2164 1408 2320 1467 enim
2343 1419 2478 1468 sunt
2507 1412 2719 1487 plantae
2753 1428 2766 1471 :
2802 1425 2896 1471 «et
2931 1412 2991 1471 in
3022 1418 3143 1474 tota
3174 1420 3371 1473 mente
3402 1408 3694 1489 tua,»hmc

2061 1496 2245 1555 estvis
2273 1497 2595 1558 rationalis.
2621 1497 2689 1559 Et
2716 1500 2799 1559 sic
2826 1503 3260 1578 oportetDeum
3295 1499 3542 1582 diligere
3574 1510 3697 1563 tota

2061 1584 2280 1657 anima,
2316 1585 2425 1645 hoc
2483 1596 2568 1645 est
2625 1588 2900 1647 omnibus
2961 1589 3227 1667 partibus
3272 1598 3331 1650 et
3381 1584 3696 1652 virtutibus

2062 1676 2273 1731 animae
2302 1674 2353 1733 ei
2381 1673 2707 1734 adhaerere.
2740 1675 2895 1736 «Hoc
2925 1686 3012 1737 est
3042 1679 3292 1756 primum
3329 1686 3388 1740 et
3416 1698 3695 1762 magnum

2058 1762 2537 1840 mandatum,»ad
2567 1770 2844 1843 pietatem
2861 1784 2967 1825 nos
2997 1770 3306 1829 exercens.
3321 1765 3698 1831 «Secundum

2051 1857 2244 1908 autem
2261 1849 2453 1911 simile
2479 1858 2565 1911 est
2589 1853 2900 1933 illi,»quod
2926 1856 3342 1917 nosexcitatad
3360 1852 3696 1920 faciendum

2053 1955 2179 2015 quae
2213 1940 2525 2016 suntjusta
2557 1940 2940 2005 homini.Duo
2968 1943 3129 2002 enim
3161 1962 3268 2004 nos
3300 1944 3362 2007 in
3394 1945 3697 2007 interitum

2052 2027 2457 2098 ducunt,mala
2479 2029 3359 2111 doctrina,etcorruptavita.Ut
3379 2033 3558 2113 igitur
3578 2034 3701 2095 non

2050 2114 2381 2174 incidamus
2414 2117 2469 2174 in
2506 2117 2690 2196 impia
2722 2118 3013 2196 dogmata,
3041 2119 3379 2198 diligendus
3410 2131 3500 2183 est
3516 2122 3696 2187 Deus:

2053 2222 2127 2263 ne
2159 2214 2356 2264 autem
2392 2207 2468 2265 sit
2523 2208 2635 2266 vita
2681 2225 2973 2285 perversa,
3008 2207 3347 2287 diligendus
3377 2219 3465 2271 est
3493 2211 3699 2291 proxi-

2054 2310 2204 2351 mus.
2242 2292 2346 2363 Qui
2382 2294 2540 2353 enim
2573 2295 2764 2373 diligit
2800 2296 3156 2374 proximum,
3198 2298 3397 2358 omnia
3429 2298 3703 2378 mandata

2053 2380 2262 2471 implet
2288 2390 2393 2471 :et
2425 2382 2522 2461 qui
2556 2383 2762 2471 implet
2797 2384 3089 2457 mandata,
3114 2384 3305 2464 diligit
3349 2386 3536 2471 Deum
3568 2394 3702 2471 :_at-

2054 2486 2169 2547 que
2196 2469 2276 2528 ita
2300 2470 2413 2529 duo
2449 2471 2547 2529 illa
2578 2470 2851 2531 mandata
2883 2475 3037 2533 inter
3066 2491 3131 2533 se
3163 2468 3463 2537 cohaerent
3504 2468 3702 2538 et'co-

2057 2558 2349 2635 pulantur,
2383 2567 2439 2618 et
2462 2561 2767 2620 continent
2813 2562 3012 2621 omnia
3054 2561 3169 2622 alia
3227 2563 3527 2645 mandata.
3560 2563 3705 2635 Quis

2066 2648 2192 2703 I22
2217 2647 2371 2706 enim
2405 2648 2657 2725 diligens
2690 2651 2875 2709 Deum
2912 2658 2970 2709 et
2999 2651 3354 2729 proximum,
3386 2650 3477 2712 vel
3532 2652 3701 2713 fura-

2060 2742 2173 2807 tur,
2213 2735 2306 2794 vel
2340 2735 2615 2797 vindictae
2643 2736 2848 2797 avidus
2878 2740 2988 2811 est,
3025 2741 3116 2799 vel
3139 2739 3497 2799 adulterium
3528 2759 3700 2801 com—

2059 2822 2255 2901 mittit,
2291 2824 2378 2883 vel
2411 2836 2720 2893 scortalur,
2754 2825 2840 2884 vel
2873 2826 3125 2887 occidit?
3148 2825 3256 2897 Hic
3284 2836 3479 2911 autem
3510 2829 3709 2908 Legis-

2059 2911 2280 2989 peritus
2341 2914 2629 2991 principio
2682 2914 2916 2992 quidem
2977 2914 3155 2975 venit
3188 2912 3702 3001 tentan’s,‘d‘ein'd_o

2021 3061 2032 3076 ,
2062 3018 2345 3078 τρειιυηεο
2388 3001 2609 3063 Christi
2648 3002 3014 3062 emendatior
3041 3002 3255 3076 factus,
3288 2996 3697 3080 laudatusiest,

2062 3089 2212 3148 sicut
2242 3100 2299 3149 et
2331 3090 2563 3150 Marcus
2595 3090 2806 3169 inquit,
2840 3090 2995 3171 quod
3036 3100 3310 3170 spectans
3359 3110 3492 3153 eum
3523 3096 3701 3157 Jesus

2059 3178 2440 3255 amplexatus
2490 3178 2565 3239 sit
2593 3178 2859 3253 illum,et
2890 3179 3040 3239 dixit
3072 3180 3127 3239 ei
3168 3200 3181 3239 :
3214 3182 3341 3240 Non
3375 3180 3548 3261 longe
3579 3198 3643 3245 es
3673 3202 3708 3247 a

2060 3284 2246 3343 regno
2280 3268 2383 3327 Dei
2412 3268 2492 3329 43.

2148 3438 2327 3497 Vens.
2359 3436 2573 3497 -11-46.
2616 3460 2641 3488 α
2673 3436 3051 3515 Congregatis
3106 3443 3304 3501 autem
3360 3439 3705 3517 Pharisaeis,

336 3536 458 3599 τοὺς
518 3537 545 3588 6
629 3534 854 3613 Ἰησοῦς,
901 3533 1096 3613 λέγων·
1124 3536 1183 3590 Τί
1208 3522 1341 3609 -ὺμῖν
1383 3531 1531 3590 δοκεῖ
1559 3536 1674 3609 περὶ
1714 3539 1808 3590 τοῦ
1839 3540 1971 3609 Χρι-

2060 3523 2445 3601 interrogavit
2468 3543 2570 3584 eos
2600 3522 2797 3598 Jesus,
2837 3526 3044 3586 dicens
3072 3547 3083 3587 :
3109 3525 3258 3597 Quid
3284 3526 3447 3588 vobis
3478 3527 3714 3605 videtug

340 3635 464 3682 στοῦ
496 3643 513 3703 ς
546 3625 686 3686 τίνος
716 3626 823 3687 υἱός
873 3623 979 3680 ἐστι
1021 3646 1039 3695 ;
1099 3623 1349 3701 Λέγουσιν
1405 3623 1570 3697 αὐτῷ’
1623 3629 1726 3679 Τοῦ
1785 3618 1966 3681 Δαυλίδ,

2060 3617 2130 3703 de
2163 3611 2431 3675 Christ-fl
2478 3615 2646 3694 cujus
2677 3615 2830 3675 ﬁlius
2860 3621 2980 3677 est?
3022 3614 3236 3676 Dicunt
3269 3616 3346 3690 ei,
3380 3616 3583 3679 David.
3616 3620 3715 3685 Ait

340 3702 506 3790 Λέγει
554 3711 758 3775 αὺτοῖς.
822 3717 941 3775 Πῶς
999 3712 1085 3768 οὖν
1139 3710 1303 3768 Δαυίδ
1354 3712 1407 3767 ἐν
1459 3713 1713 3787 πνεύματι
1787 3712 1970 3787 Κύριον

2060 3702 2215 3765 illis'
2276 3705 2553 3766 'u’modo
2587 3723 2724 3782 ergo
2764 3706 2939 3768 David
2991 3705 3051 3765 in
3116 3705 3323 3784 Spiritu
3379 3716 3541 3769 vocat
3575 3728 3711 3771 eum

338 3804 496 3858 αὒτὸν
564 3800 746 3878 καλεῖ,
779 3799 971 3877 λέγων’
1048 3800 1216 3857 Εἶπεν
1242 3802 1269 3855 6
1318 3800 1500 3879 Κύριος
1543 3806 1619 3874 τῷ
1650 3803 1820 3878 Κυρίῳ
1852 3822 1973 3873 μουο

2068 3793 2381 3853 ξιξηήὶηυιη
2413 3792 3115 3855 dicenszbixitDominus
3150 3793 3401 3855 Domino
3437 3801 3709 3877 meo,Se-

344 3889 514 3947 Κάθου
587 3887 646 3943 ἐκ
700 3886 876 3953 δεξιῶν
962 3912 1085 3963 μου,
1163 3888 1262 3953 ἕως
1294 3887 1356 3943 ἄν
1387 3890 1462 3944 θῶ
1487 3890 1605 3952 τοὺς
1633 3888 1849 3967 ἐχθρούς
1890 3911 1973 3943 σου

2065 3880 2139 3941 de
2171 3900 2204 3940 ιι
2237 3882 2459 3941 dextris
2492 3882 2663 3954 meis,
2728 3882 2920 3942 donec
2976 3900 3190 3961 ponam
3256 3882 3531 3946 inimicos
3582 3894 3712 3947 tuos

342 3975 632 4034 ὑποπόδιον
683 3980 785 4032 τῶν
848 3976 1024 4033 ποδῶν
1096 3999 1188 4034 σου
1218 3998 1244 4049 ;
1294 3978 1351 4033 Εἰ
1399 3975 1562 4033 Δαυίδ
1613 3975 1770 4032 καλεῖ
1828 3976 1973 4032 αὖτὸι

2067 3968 2410 4030 subsellium
2465 3970 2678 4049 pedum
2728 3976 2997 4031 tuorum?
3030 3968 3085 4030 Si
3121 3988 3260 4045 ergo
3320 3970 3497 4032 David
3546 3984 3714 4036 vocat

347 4067 555 4139 Κύριον,
616 4072 733 4129 πῶς
805 4069 913 4130 υἱὸς
972 4067 1129 4124 αὐτοῦ
1197 4069 1360 4138 km;
1406 4067 1504 4122 Καὶ
1559 4063 1720 4127 οὖδεὶς
1764 4063 1973 4133 ἡδύνατι

2072 4076 2205 4118 eum
2236 4056 2578 4138 Dominum,
2612 4057 2905 4137 quomodo
2942 4059 3096 4117 ﬁlius
3127 4057 3257 4136 ejus
3295 4060 3415 4118 est?
3446 4071 3506 4123 et
3536 4080 3711 4123 nemo

347 4124 695 4233 ἀπὸκριθῆναι
790 4154 932 4229 αὒτῷ
988 4154 1169 4232 λόγον,
1254 4151 1367 4209 οὖδέ
1419 4151 1688 4228 ετύλμησὲ
1744 4175 1824 4215 τις
1897 4152 1971 4208 ἀπ

2080 4154 2307 4225 poterat
2360 4146 2413 4206 ei
2462 4124 2827 4225 respondere
2881 4124 3374 4225 verbumineque
3406 4166 3582 4209 ausus
3605 4150 3715 4210 fuit

342 4232 548 4309 ἰκείνης
605 4241 704 4308 τῆς
760 4242 960 4320 ἡμέρας
1019 4242 1349 4319 ἐπερωτῆσαι
1408 4241 1561 4296 αὐτόν
1646 4245 1739 4298 οὒκ
1807 4240 1907 4299 ἔτι.
1959 4271 1973 4303 1

2086 4235 2394 4313 quisquam
2429 4253 2496 4293 ex
2528 4253 2596 4294 eo
2648 4234 2746 4294 die
2803 4251 2936 4293 eum
2969 4232 3220 4311 amplius
3249 4233 3641 4313 interrogare.
3681 4260 3706 4296 ι

344 4329 565 4401 Ἐπειδή
646 4330 805 4406 ψιλὸν
879 4332 1149 4411 ἄνθρωπον
1209 4333 1363 4387 αὐτὸν
1392 4329 1629 4404 ἐνόμιζον
1661 4331 1825 4401 εἶναι,
1872 4331 1973 4387 ἀναη

2077 4322 2362 4395 Quoniam
2419 4341 2627 4400 purum
2671 4322 2973 4382 hominem
3029 4322 3327 4383 Christum
3372 4341 3504 4384 esse
3540 4334 3711 4404 puta-

346 4420 526 4497 τρέπει
588 4420 763 4476 αὗτῶν
834 4431 932 4487 τὴν
988 4419 1162 4495 δόξαν,
1223 4421 1311 4476 καὶ
1339 4417 1567 4475 διδάσκει
1598 4422 1658 4475 τὸ
1689 4418 1879 4485 ἀληθές
1909 4417 1973 4475 διε

2079 4413 2235 4482 bant,
2274 4410 2559 4471 subvertit
2578 4428 2783 4471 eorum
2811 4410 3170 4489 opinionem,
3206 4418 3263 4469 et
3301 4410 3474 4470 docet
3495 4426 3599 4492 per
3618 4416 3713 4475 Ve-

348 4508 445 4575 τῆς
500 4517 593 4567 τοῦ
648 4508 815 4566 Δαυίδ
880 4511 1223 4588 προφητείας,
1258 4507 1338 4564 ὅτι
1367 4510 1453 4564 καὶ
1502 4510 1685 4587 Κύριός
1730 4509 1860 4582 ἐστι,
1895 4510 1992 4574 τὴν

340 4598 571 4663 θεότητα
640 4597 740 4664 τὴν
820 4599 1005 4655 ἑαυτοῦ
1096 4598 1488 4676 ἀνακηρύττων.
1570 4597 1837 4655 Εἰπόντων
1894 4598 1991 4675 γὰρ

352 4691 457 4741 τῶν
516 4687 818 4763 Φαρισαίων
875 4686 953 4742 ὅτι
1012 4685 1132 4752 Υἱός
1188 4686 1296 4742 ἐστι
1353 4693 1443 4742 τοῦ
1477 4684 1695 4745 Δαυίδὸ
1744 4689 1987 4765 Χριστὸς,

354 4772 650 4849 τουτέστιν,
713 4774 982 4853 ἄνθρωπος
1038 4776 1217 4855 ψιλὸς,
1290 4776 1437 4855 φησί’
1484 4782 1602 4840 Πῶς
1632 4776 1720 4831 οὖν
1772 4779 1798 4831 6
1833 4774 1995 4831 Δαυίδ

349 4865 539 4942 Κύριον
601 4866 757 4922 αὐτὸν
802 4865 1049 4939 ὀνομάζει
1080 4883 1096 4939 ;
1128 4866 1217 4921 καὶ
1264 4865 1367 4943 οὐχ
1409 4863 1591 4927 ἁπλῶς
1638 4865 1846 4942 Κύριον,
1876 4863 1993 4919 ἀλλ’

344 4949 398 5006 δν
454 4952 746 5027 πνεύματι,
808 4953 1047 5009 τουτέστι
1077 4953 1161 5009 διὰ
1189 4958 1289 5019 τῆς
1336 4959 1426 5009 τοῦ
1483 4954 1782 5026 Πνεύματος
1841 4954 1996 5032 χάρι-

342 5061 434 5103 τος
495 5040 896 5119 ἀποκαλυφθεὶς
942 5041 1097 5099 αὐτόν
1130 5061 1147 5121 ς
1182 5045 1290 5099 Οὒκ
1319 5040 1634 5114 ἀρνούμενος
1665 5039 1719 5096 δὲ
1748 5043 1808 5096 τὸ
1852 5041 1992 5096 εἶναι

346 5130 460 5191 υἱὸς
550 5128 721 5185 Δαυίδ
775 5137 937 5186 ταῦτα
995 5129 1160 5207 λέγει,
1227 5128 1362 5185 ἀλλὰ
1417 5138 1571 5188 τοῦτο
1600 5126 1868 5199 δεικνύων,
1914 5127 1992 5184 ὅτι

347 5220 443 5275 οὒκ
502 5215 614 5273 εστι
688 5218 846 5294 ψιλὸς
906 5218 1198 5297 ἅνθρωπος,
1261 5218 1320 5273 ἐκ
1369 5218 1533 5292 μόνσυ
1574 5227 1666 5276 τοῦ
1715 5215 1995 5277 Δαυίδικοῦ

427 5384 493 5434 48
526 5385 711 5449 Marc.
743 5402 848 5459 xu,
886 5384 983 5449 34.

384 5504 400 5511 λ’
435 5518 517 5593 {u}
559 5516 714 5577 Edit.
759 5520 879 5576 Lut.
909 5517 1150 5590 omittit,
1183 5515 1341 5592 quod
1368 5515 1664 5578 Dominus
1690 5527 1792 5580 est.

732 5629 989 5687 Ρλτιιοι..
1038 5629 1148 5688 Gn.
1198 5625 1464 5689 CXXIII.

2076 4502 2304 4561 ritatcm
2340 4518 2444 4579 per
2466 4499 2646 4562 David
2680 4498 3069 4578 prophetiam,
3108 4498 3261 4577 quod
3291 4500 3575 4561 Dominus
3623 4509 3714 4564 est

2075 4604 2170 4665 (at,
2202 4592 2565 4653 divinitatem
2595 4609 2757 4652 suam
2793 4590 3135 4669 praedicans.
3177 4589 3521 4653 Dicentibus
3550 4592 3709 4655 enim

2077 4681 2406 4752 Pharisaeis,
2439 4680 2619 4743 Filius
2642 4691 2732 4741 est
2764 4678 2944 4742 David
2975 4677 3267 4759 Christus,
3301 4680 3411 4740 hoc
3443 4690 3551 4753 est,
3596 4682 3711 4743 ho-

2078 4791 2172 4832 mo
2204 4789 2407 4849 purus,
2444 4770 2612 4844 dicit,
2647 4768 2953 4841 Quomodo
2984 4768 3159 4846 igitur
3191 4767 3367 4830 David
3390 4768 3711 4831 Dominum

2080 4879 2211 4922 eum
2246 4862 2539 4920 nominat?
2595 4867 2654 4918 et
2703 4878 2821 4919 non
2882 4857 3227 4937 simpliciter
3276 4876 3410 4919 eum
3446 4858 3716 4920 nominat

2082 4949 2416 5017 Dominum,
2472 4949 2573 5009 sed
2629 4950 2688 5007 in
2745 4946 2980 5025 spiritu,
3036 4947 3146 5007 hoc
3178 4954 3287 5022 est,
3324 4944 3429 5026 per
3457 4948 3712 5027 Spiritus

2079 5040 2320 5116 gratiam
2352 5039 2547 5116 ipsum
2586 5035 2891 5097 revelavit?
2938 5033 3065 5095 Non
3097 5044 3268 5114 negat
3295 5044 3487 5097 autem
3521 5035 3729 5098 ﬁliam

2076 5126 2255 5187 David
2291 5144 2422 5186 esse
2475 5126 2585 5185 hoc
2634 5124 2910 5195 dicendo,
2950 5122 3053 5183 sed
3088 5124 3371 5185 monstrat
3403 5123 3713 5205 quodnon

2076 5216 2149 5275 sit
2172 5233 2352 5294 purus
2382 5215 2557 5275 homo
2587 5231 2656 5274 ex
2681 5212 2805 5273 solo
2837 5211 3111 5274 Davidico
3162 5212 3394 5275 semine
3452 5213 3714 5276 desecu-

3292 5624 3388 5686 13.
