4148 6290
454 274 576 339 395
1410 282 2000 346 THEOPHYLACTI
2044 282 2455 348 BULGARLE
2497 286 2853 349 ARCHIEP.
3698 290 3818 357 896

452 405 626 506 deus.
660 404 799 469 Haec
828 415 1027 506 autem
1087 408 1407 506 interrogat
1445 410 1750 484 Dominus,
1804 420 1868 472 ut
1915 414 1965 475 si
1997 433 2061 478 ve

2169 419 2469 497 σπέρματος
2536 419 2923 499 καταγόμενος.
2978 433 3151 483 Ταῦτα
3205 424 3260 481 δὲ
3313 426 3483 505 ιρωτᾷ
3534 429 3562 484 ὁ
3596 428 3813 506 Κύριος,

451 494 652 593 dicant
702 515 768 557 se
819 498 1077 577 nescire,
1130 497 1495 576 interrogent
1523 518 1589 560 ac
1620 499 1871 575 discant,
1920 504 2066 564 vels

2170 512 2244 571 ὡς
2272 494 2361 569 ’ἄν
2422 508 2459 577 ἢ
2530 494 2787 574 εἰπόντες.
2834 509 2941 585 ὅτι,
2974 510 3081 569 Οὔκ
3109 494 3353 589 οῗδαμεν,
3387 494 3695 593 ἐρωτήσωσι
3727 494 3817 571 καί

451 582 655 678 dicant
700 585 1028 678 veritatem,
1060 605 1113 647 c:
1132 588 1348 648 edant:
1384 589 1472 678 vel
1531 588 1580 648 si
1642 588 1789 649 nihil
1835 593 2062 666 posssin

2172 597 2430 671 μάθωσιν,
2504 596 2539 664 ἦ
2596 598 2832 661 εἰπόντες
2864 582 3173 675 τὸνάληθὲς,
3219 582 3594 677 ἧισέεάἐτωσιᾲ,
3631 602 3665 670 ἤ
3696 626 3813 678 μη-

452 670 679 770 dicere,
710 674 1148 736 confundantur
1196 684 1255 737 et
1305 677 1606 751 secedant,
1642 695 1760 738 non
1799 679 2069 743 audente:

2169 670 2253 740 δὲν
2300 685 2514 766 ἔχοντες
2545 686 2737 761 εἰπεῖν,
2784 670 3211 766 καταισχυνθώσι
3243 692 3330 746 καὶ
3390 670 3811 770 ἀναχωρήσωσι,

452 759 607 823 ultra
637 761 1006 842 interrogare
1028 763 1216 826 illum.

1021 856 1266 922 CAPUT
1310 856 1517 923 XXIII.

806 945 897 1009 De
924 948 1182 1010 Miseria
1214 950 1697 1012 Pharisaeorum.

2174 773 2367 847 μηκέτι
2396 770 2703 847 τολμῶντες
2745 774 3009 853 ἔρωτῆσαι
3042 777 3223 871 αὖτόγ.

2779 871 3030 926 ΚΕΦΔΛ.
3075 870 3159 923 ΚΓ
3180 870 3201 929 ⁷.

2443 952 2565 1029 Περῖ
2592 959 2686 1008 τοῦ
2729 950 3051 1027 ταλανισμοῦ
3076 958 3185 1009 τῶν
3212 957 3532 1034 Φαρισαίων,

523 1039 709 1104 Vsus.
740 1040 914 1104 1-3.:
944 1039 1109 1105 Tunc
1136 1045 1306 1103 Jesus
1332 1045 1560 1104 locutus
1583 1056 1673 1105 est
1700 1045 1772 1106 ad
1805 1044 2007 1106 turbas
2035 1063 2068 1107 e

2264 1061 2288 1096 ε
2318 1041 2448 1099 Τότε
2478 1038 2725 1106 ὁἹησοῦς
2751 1039 2977 1124 ἑλάλησε
3007 1056 3125 1106 τοῖς
3149 1041 3336 1124 ὄχλοις
3365 1047 3454 1101 καὶ
3481 1047 3599 1109 τοῖς
3633 1051 3811 1122 μαθη-

445 1130 519 1191 ad
581 1130 904 1211 discipulos
956 1150 1116 1195 suos.
1156 1131 1401 1195 dicens:
1434 1131 1497 1193 In
1551 1134 1829 1195 cathedra
1869 1135 2069 1215 Moysi:

2165 1141 2288 1190 ταῖς
2352 1128 2532 1203 αὐτοῦ,
2617 1127 2807 1207 λέγων’
2846 1116 2963 1185 Ἐπὶ
3004 1129 3101 1197 τῆς
3134 1116 3364 1193 Μωσέως
3395 1116 3646 1210 καθέδρας
3671 1134 3802 1190 ἱκά-

445 1219 727 1282 sederunt
755 1220 979 1282 Scriba;
997 1229 1053 1281 et
1076 1222 1351 1282 Pharisaei
1384 1242 1397 1283 :
1423 1224 1619 1282 omnia
1640 1242 1779 1299 ergo
1810 1241 2069 1304 quaecun-

2164 1219 2312 1273 θισαν
2380 1217 2426 1272 οἱ
2495 1221 2835 1295 Γραμματεῖς
2907 1221 2996 1274 καὶ
3025 1220 3073 1273 οί
3120 1226 3433 1299 Φαρισαῖον
3501 1223 3671 1278 πάντα
3716 1223 3804 1279 οὖν

443 1326 559 1387 que
579 1307 869 1387 jusserint
893 1328 991 1369 vos
1008 1320 1498 1382 servare,servale
1523 1320 1577 1371 et
1610 1310 1778 1372 facile
1819 1303 1838 1373 :7
1866 1330 2069 1371 secun-

2165 1304 2263 1362 ὅσα
2334 1303 2396 1361 ἄν
2452 1303 2679 1361 εἴπωσιν
2720 1308 2851 1381 ὑμῖν
2891 1321 3101 1384 τηρεῖν,
3159 1321 3371 1387 τηρεῖτε
3416 1313 3503 1367 καὶ
3571 1324 3801 1390 ποιεῖτε,

441 1395 582 1457 dum
615 1416 794 1475 opera
820 1413 963 1459 vero
988 1416 1193 1459 eorum
1220 1398 1395 1459 nolite
1414 1398 1609 1459 facere
1633 1420 1644 1461 :
1671 1400 1874 1460 dicunt
1896 1400 2069 1467 enim,

2163 1394 2299 1450 κατὰ
2367 1390 2421 1450 δὲ
2464 1395 2529 1449 τὰ
2559 1392 2905 1484 ἔργαῆαύτῶν
2958 1395 3037 1468 μὴ
3065 1409 3294 1454 ποιεῖτε.
3332 1398 3551 1475 Λέγουσι
3585 1400 3684 1475 γὰρ
3714 1402 3803 1456 καὶ

443 1498 501 1545 et
526 1472 1212 1558 non—faciunthuando
1243 1504 1344 1547 eos
1378 1487 1716 1559 confutavit,
1740 1495 1798 1549 et
1826 1487 2069 1547 ostendi!

2164 1483 2224 1537 οὗ
2296 1491 2556 1541 ποιοῦσιν.
2621 1505 2648 1537 ι
2701 1472 2837 1540 ’Ὁτι
2881 1482 3070 1546 αὐτοὺς
3125 1483 3461 1564 ἐπεστόμισε,
3495 1489 3581 1542 καὶ
3613 1484 3800 1552 ἔδειξεν

442 1574 851 1635 incurabiliter
879 1585 1251 1652 aegrotantes,
1286 1585 1422 1635 tunc
1454 1575 1529 1636 de
1560 1575 1702 1655 ipsis
1735 1573 1982 1648 dicit,et
2009 1578 2069 1635 ιΙε

2162 1569 2345 1626 ἀνίατα
2417 1576 2717 1644 νοσοῦντας,
2772 1571 2890 1627 τότε
2946 1572 3065 1645 περὶ
3120 1572 3289 1627 αύτιῦν
3318 1572 3483 1651 λέγει·
3518 1577 3635 1653 περὶ
3686 1576 3800 1652 βίου

445 1662 553 1723 vita
575 1682 643 1723 ac
673 1663 936 1724 moribus
964 1664 1200 1723 illorum
1229 1664 1507 1743 loquitur.
1544 1667 1874 1726 admonens
1903 1664 2069 1723 audi-

2162 1655 2216 1713 δὲ
2296 1659 2380 1715 καὶ
2467 1657 2735 1721 πολιτείας
2809 1657 3130 1738 διαλέγεται,
3233 1660 3593 1741 διορθοὺμενος
3678 1664 3795 1725 τούς

442 1759 621 1824 tores,
660 1771 734 1814 ne
766 1761 1150 1814 contemnant
1176 1753 1469 1825 doctores,
1505 1753 1737 1813 etiamsi
1786 1762 2069 1830 corrupta

2165 1746 2473 1820 ἀκούοντας,
2560 1747 2653 1804 ἵνα
2723 1748 2800 1823 μὴ
2867 1755 3229 1830 καταφρονῶσι
3300 1756 3404 1808 τῶθ
3447 1749 3793 1827 διδασκάλων,

441 1841 571 1902 vitae
609 1822 750 1904 Sint.
800 1841 1076 1905 Ostendit
1126 1849 1408 1920 prasterea
1455 1822 1619 1921 quod
1672 1842 1787 1919 legi
1840 1822 1981 1902 nonI
2011 1845 2069 1902 Sil

2166 1836 2263 1891 κᾶν
2345 1834 2717 1916 διεφθαρμένου
2781 1838 2894 1913 βίου
2949 1838 3100 1896 ὦσιν.
3154 1822 3310 1914 ’,Αμα
3349 1837 3404 1895 δὲ
3433 1837 3687 1897 δείκνυσιν
3716 1841 3795 1896 ὅτι

435 1929 834 2004 adversarius,
884 1930 986 1991 sed
1037 1931 1202 1992 malit
1228 1931 1451 1991 servari
1482 1949 1549 1989 ea
1574 1949 1707 2010 quas
1744 1930 1892 2009 legis
1923 1938 2080 2003 sunt,

439 2019 706 2100 quamvis
726 2038 794 2080 ea
811 2020 1093 2081 docentes
1124 2018 1348 2096 indigni
1380 2019 1904 2099 sint.Quazcuuque
1927 2020 2069 2079 enin

2168 2022 2257 2069 τοῦ
2326 2015 2487 2089 νύμου
2534 2014 2873 2090 πράττεσθαι,

438 2109 651 2170 dicunt
702 2108 1001 2179 doctores,
1052 2108 1149 2169 illa
1179 2109 1421 2183 Moysen
1456 2119 1653 2187 putate
1698 2108 1923 2179 dicere,
1959 2108 2076 2167 imo

434 2195 647 2258 Deum.
709 2196 1075 2257 Faciendane
1152 2196 1331 2274 igitur
1388 2197 1584 2257 omnia
1644 2216 1775 2275 quae
1823 2196 2074 2268 dicunt,

438 2284 669 2346 etiamsi
718 2286 872 2346 mala
919 2283 1167 2345 fuerint?
1226 2282 1484 2343 Dicimus
1543 2285 1723 2359 igitur
1791 2286 2071 2363 primum,

439 2374 595 2453 quod
626 2375 849 2435 docens
902 2374 1126 2435 nullum
1184 2390 1441 2451 unquam
1473 2374 1651 2433 audet
1682 2372 1980 2433 adhortari
2014 2372 2074 2433 in

437 2463 687 2524 malum.
740 2462 970 2523 Deinde
1003 2471 1063 2522 ut
1092 2462 1301 2521 demus
1334 2461 1444 2520 hoc
1483 2470 1544 2521 ut
1573 2466 1704 2540 quis
1750 2463 1808 2520 in
1862 2462 2071 2521 malam

436 2552 613 2611 vitam
648 2552 1000 2623 inhortetur,
1026 2569 1141 2610 non
1169 2559 1303 2609 tunc
1326 2569 1357 2609 a
1380 2549 1586 2628 Moysis
1623 2550 1928 2628 cathedra,
1964 2569 2073 2610 ne—

436 2658 552 2719 que
582 2639 656 2700 de
678 2639 805 2717 lege
826 2639 1099 2717 loquitur.
1134 2637 1417 2698 Dominus
1446 2647 1639 2698 autem
1676 2641 1805 2698 t25
1826 2638 1971 2698 dicit
1999 2639 2075 2698 de

437 2728 533 2789 his
562 2728 661 2808 qui
691 2729 751 2787 in
775 2727 1054 2788 ralhedra
1084 2726 1266 2805 Moysi
1310 2727 1540 2798 sedent,
1566 2727 1678 2791 hoc
1708 2734 1819 2797 est,
1858 2728 1950 2787 his
1970 2726 2070 2803 qui

440 2833 511 2878 ea
534 2835 667 2897 quae
698 2817 755 2878 in
782 2816 911 2894 lege
942 2816 1252 2888 habentur,
1304 2814 1540 2876 docent.
1575 2814 1688 2875 Eos
1736 2815 1913 2893 igitur
1969 2815 2071 2895 qui

2168 1922 2283 1980 οὗδέ
2339 1932 2415 1999 τῷ
2470 1926 2618 1998 νόμῳ
2670 1927 3014 2005 εναπιοῦται,
3073 1924 3209 1983 ἀλλὰ
3265 1926 3468 2003 μᾶλλον
3521 1927 3660 1985 θέλει
3735 1929 3797 1984 τὰ

2960 2013 3055 2070 κᾶν
3125 2017 3173 2071 ol
3228 2018 3390 2074 ταῦτα
3466 2015 3794 2080 διδάσκοντες

2166 2102 2364 2167 ἀνάξιοι
2393 2107 2546 2167 ὦσιν,
2582 2096 2596 2118 ’
2619 2112 2729 2161 Οσα
2772 2105 2894 2181 γὰρ,
2927 2105 3077 2182 φησὶ,
3111 2103 3350 2182 λέγουσιν
3381 2110 3426 2163 οἱ
3468 2106 3793 2187 διδάσκαλοι,

2161 2192 2249 2246 τὸν
2322 2197 2550 2270 Μωυσῆν
2634 2194 2867 2267 νομίζετε
2924 2200 3086 2249 ταῦτα
3115 2191 3309 2270 λέγειν,
3358 2194 3564 2269 μᾶλλον
3608 2194 3664 2252 δὲ
3706 2200 3794 2253 τὸν

2162 2278 2314 2341 Θεόν.
2376 2269 2487 2359 Ἆρ’
2558 2281 2646 2337 οὗν
2702 2282 2871 2336 πάντα
2931 2282 3028 2336 ὃσα
3079 2269 3287 2359 λέγουσι
3333 2281 3416 2340 δεῖ
3462 2299 3662 2359 ποιεῖν,
3697 2285 3793 2343 κᾶν

2156 2369 2297 2423 κακὰ
2349 2370 2498 2444 ὤας
2558 2370 2795 2448 Δὶς-ομεν
2845 2370 2931 2425 οὖν
2989 2376 3197 2447 πρῶτον
3247 2372 3347 2447 μὲν
3390 2372 3471 2429 ὅτι
3503 2372 3619 2434 οὐδὲ
3662 2374 3791 2431 τολ-

2157 2456 2368 2535 μήσειέ-
2401 2480 2530 2513 ποτε
2600 2460 2628 2513 ὃ
2677 2456 2928 2514 διδέσκων
3013 2462 3403 2535 προτρέψασθαί
3429 2484 3547 2519 τινα
3578 2465 3650 2526 εἰς
3694 2486 3793 2520 κα-

2154 2544 2270 2603 κόν.
2330 2528 2568 2603 ’ὶεπειτα
2619 2549 2662 2603 εἰ
2745 2549 2832 2604 καὶ
2874 2546 3045 2621 δῶμεν
3090 2556 3265 2621 τοῦτο,
3300 2549 3380 2606 ὅτι
3436 2551 3574 2608 ἔσται
3608 2574 3689 2616 τις
3719 2556 3793 2617 εἰς

2154 2638 2317 2689 κακὸν
2372 2636 2482 2709 βίον
2553 2637 3000 2715 προτρεπόμενος,
3075 2637 3169 2692 οὐκ
3224 2637 3329 2694 ἀπὸ
3382 2643 3480 2708 τῆς
3554 2643 3787 2706 Μωσέως

2154 2718 2401 2808 καθέδρας
2454 2725 2483 2778 ί,
2538 2732 2796 2804 τοιοῦτος,
2829 2724 2934 2781 οὐδ’
2964 2724 3071 2781 ἀπὸ
3116 2732 3208 2781 τοῦ
3264 2727 3426 2802 νόμου
3480 2730 3781 2808 φθέγγεται,

2158 2798 2213 2866 Ὀ
2271 2798 2325 2865 δὲ
2384 2811 2566 2889 Κύριος
2629 2814 2741 2891 περὶ
2780 2798 2888 2868 τῶν
2914 2816 2975 2868 ἒν
3031 2820 3100 2891 τῇ
3147 2798 3378 2878 Μωσέως
3409 2798 3631 2895 καθέδρα·
3651 2821 3778 2874 καθ-

435 2906 931 2969 docentdivinam
964 2906 1177 2985 legem,
1212 2905 1385 2965 etiam
1431 2905 1479 2965 si
1522 2905 1637 2985 ipsi
1679 2925 1797 2967 non
1828 2906 2063 2982 faciant,

2152 2899 2366 2970 ημένων
2417 2900 2584 2977 λέγει,
2617 2899 2878 2979 τουτέστι,
2922 2908 3027 2958 τῶν
3055 2903 3120 2958 τὰ
3166 2908 3255 2958 τοῦ
3297 2903 3457 2977 νόμου
3504 2901 3776 2961 διδασκόν-

430 2995 638 3057 audire
666 3003 917 3077 oportet.

512 3173 696 3239 VERS.
721 3174 783 3250 4,
810 3180 870 3238 5.
900 3202 923 3231 ι
947 3172 1234 3255 Colligant
1253 3182 1449 3236 autem
1482 3193 1663 3236 onera
1683 3175 1883 3255 gravia
1901 3174 2064 3238 diffi-

433 3263 681 3345 ciliaque
724 3273 974 3344 portatu,
1031 3274 1089 3325 et
1121 3266 1431 3342 imponunt
1460 3263 1520 3324 in
1554 3266 1832 3325 humeros
1867 3264 2063 3324 homi-

430 3362 885 3433 num,c:eterum
920 3352 1102 3428 digito
1123 3371 1228 3411 suo
1260 3352 1465 3413 nolunt
1492 3370 1561 3413 ea
1592 3350 2067 3415 movere.0mnia

428 3459 569 3502 vero
597 3460 777 3519 opera
800 3460 903 3501 sua
948 3441 1185 3506 faciunt.
1222 3450 1283 3499 ut
1313 3448 1655 3517 spectentur
1698 3440 1770 3500 ab
1803 3441 2062 3501 homini-

430 3528 829 3597 bus.Dilalant
855 3540 1048 3590 autem
1079 3527 1431 3607 phylacteria
1461 3545 1589 3600 Sua,
1608 3539 1665 3588 et
1689 3528 2067 3605 magnificam

426 3618 692 3678 ﬁmbrias
724 3618 1037 3697 palliorum
1071 3635 1336 3679 suorum.
1378 3641 1402 3670 υ
1440 3614 1630 3678 Onera
1652 3620 1845 3694 gravia
1874 3619 2065 3694 impo-

423 3705 649 3767 nebant
683 3705 982 3781 Phariszei,
1012 3713 1289 3783 cogentes
1320 3702 1593 3763 homines
1637 3712 1699 3763 ut
1746 3704 2063 3783 implerent

427 3794 703 3855 mandata
734 3794 899 3870 legis.
927 3792 1191 3874 quamvis
1216 3795 1413 3854 tenuia
1443 3800 1642 3852 essent
1692 3801 1753 3852 et
1798 3793 2063 3855 difﬁcilia

427 3879 762 3943 observatu.
781 3879 882 3941 Vel
916 3882 1089 3942 etiam
1116 3880 1282 3959 plura
1312 3880 1458 3957 legis
1491 3879 1758 3939 mandata
1780 3898 2061 3958 aggrava-

423 3977 583 4049 runt,
619 3971 968 4031 traditiones
1015 3972 1298 4049 quasdam
1351 3968 1500 4028 ultra
1547 3966 1707 4044 leges
1737 3974 2054 4045 tradentes,

426 4077 575 4139 quas
596 4060 709 4140 ipsi
735 4059 915 4138 digito
945 4078 1051 4120 suo
1088 4077 1204 4119 non
1242 4065 1495 4129 movent,
1526 4058 1671 4117 nihil
1723 4069 2057 4137 operantes,

425 4166 619 4228 neque
648 4150 723 4210 ad
749 4148 885 4209 talia
914 4166 1095 4208 onera
1125 4147 1366 4227 propius
1409 4145 1783 4207 accedentes.
1817 4147 2060 4219 Quando

425 4238 584 4336 enim
615 4237 717 4317 qui
748 4238 942 4310 docet,
972 4253 1090 4336 non
1112 4236 1307 4335 solum
1332 4235 1640 4336 docet,sed
1675 4244 1731 4336 et
1760 4244 2057 4336 operatur,
2085 4285 2124 4336 υ

421 4324 656 4387 videtur
703 4327 877 4387 simul
909 4345 1042 4386 cum
1077 4326 1165 4384 his
1210 4324 1311 4403 qui
1364 4323 1675 4397 docentur,
1712 4324 1979 4385 laborare
2001 4332 2063 4388 et

2149 3006 2277 3047 των.
2343 2993 2443 3044 Δεῦ
2500 2989 2590 3045 οὖν
2684 2995 2789 3046 τῶν
2844 2988 3189 3047 διδασκόντων
3244 3011 3293 3046 τι
3353 2991 3458 3048 ἀπὸ
3513 3000 3607 3050 τοῦ
3641 2994 3777 3050 θείου

2151 3074 2311 3150 νόμου
2341 3075 2580 3153 ἀκούειν,
2610 3076 2710 3134 κᾶν
2734 3079 2881 3135 αὐτοί
2908 3079 2988 3154 μὴ
3020 3080 3261 3138 ποιῶσιν.

2235 3186 2259 3219 ε
2325 3167 2643 3239 Δεσμεύουσι
2701 3168 2800 3245 γὰρ
2851 3168 3035 3247 φορτία
3089 3168 3254 3246 βαρέα
3281 3169 3369 3224 καὶ
3396 3165 3781 3247 δυσϐάστακτα,

2148 3252 2233 3307 καὶ
2290 3251 2606 3310 ἐπιτιθέασιν
2660 3254 2747 3311 ἐπὶ
2814 3258 2935 3319 τούς
2990 3256 3169 3333 ὤμους
3198 3261 3306 3313 τῶν
3355 3258 3663 3339 ἀνθρώπων,
3708 3267 3786 3335 τῷ

2146 3337 2202 3394 δὲ
2284 3338 2524 3417 δακτύλῳ
2578 3342 2750 3400 αὐτῶν
2824 3346 2885 3402 οὗ
2924 3343 3133 3402 θέλουσι
3175 3350 3368 3413 κνῆσαι
3413 3347 3564 3405 uina"
3612 3337 3786 3405 πάντα

2146 3425 2199 3481 δὲ
2247 3430 2312 3485 τὰ
2363 3429 2489 3509 ἔργα
2560 3432 2731 3488 αὒτῶν
2785 3440 2991 3491 ποιοῦσι
3048 3436 3180 3513 πρὸς
3235 3436 3298 3489 τὸ
3365 3434 3609 3503 θεαθῆναι
3665 3449 3782 3499 τοῖς

2146 3516 2459 3595 ἀνθρώποις·
2550 3519 2863 3580 πλατύνουσι
2952 3521 3006 3579 δὲ
3062 3525 3126 3579 τὰ
3178 3521 3506 3602 φυλακτήρια
3587 3526 3780 3598 αὐτῶν,

2146 3608 2233 3661 καὶ
2290 3606 2640 3686 μεγαλύνουσι
2711 3612 2775 3667 τὰ
2803 3609 3071 3691 κράσπεδα
3133 3617 3239 3667 τῶν
3270 3613 3490 3686 ἱματίων
3521 3614 3713 3673 αὐτῶν.
3755 3634 3783 3671 ο

2143 3696 2339 3772 Φορτία
2392 3697 2557 3775 βαρέα
2625 3698 2927 3758 ἐπετίθεσαν
2957 3703 3002 3757 οἱ
3032 3708 3338 3779 Φαρισαῖοι,
3396 3701 3782 3779 ἀναγκάζοντες

2143 3784 2265 3872 τούς
2322 3784 2623 3862 ἀνθρὼπους
2694 3790 2788 3854 τὰς
2836 3788 3053 3848 ἐντολὰς
3111 3796 3204 3847 τοῦ
3271 3789 3433 3865 νόμου
3457 3790 3783 3872 ὶκπὶηροῠν,

2143 3870 2336 3938 λεπτὰς
2406 3873 2560 3941 οὔσας
2616 3878 2703 3933 καὶ
2758 3875 3232 3958 δυσφυλὶκτουςοῆ
3290 3880 3376 3935 καὶ
3440 3877 3605 3934 πλείω
3674 3870 3783 3936 τῶν

2143 3959 2369 4017 ἐντολῶν
2426 3973 2518 4023 τοῦ
2572 3966 2734 4028 νόμου
2782 3964 3050 4046 ἑϐάρυνον,
3106 3964 3420 4046 παραδοσεις
3468 3969 3608 4032 τινας
3680 3990 3786 4025 πα-

2142 4046 2434 4126 ραδιδόντες
2486 4052 2727 4111 ἐπέκεινα
2795 4064 2887 4111 τού
2941 4057 3124 4132 νόμου,
3165 4058 3311 4114 αὐτοὶ
3340 4055 3393 4111 δὲ
3435 4060 3513 4130 τῷ
3540 4054 3782 4131 δακτὺλῳ

2143 4140 2314 4196 αὐτῶν
2383 4143 2460 4215 μὴ
2513 4151 2799 4225 κινοῦντες,
2873 4145 3131 4225 τουτέστι,
3192 4144 3362 4221 μηδὲν
3413 4146 3557 4201 αὐτοὶ
3632 4145 3784 4224 ἐνερ-

2141 4228 2377 4305 γοῦντες,
2436 4230 2571 4305 μηδὲ
2626 4231 2920 4300 πλήσιάσαι
2983 4233 3288 4309 τολμῶντες
3330 4246 3449 4298 τοῖς
3516 4238 3776 4298 τοιούτοις

2143 4340 2393 4396 φορτιοις.
2494 4330 2633 4378 Οταν
2702 4324 2800 4402 γὰρ
2827 4325 2855 4378 ὁ
2900 4321 3153 4379 διδάσκων
3188 4325 3247 4380 ού
3288 4324 3450 4399 μόνον
3520 4322 3776 4399 διδάσκει,

424 4416 833 4494 operari.Cum
869 4433 1006 4474 vero
1035 4415 1133 4473 ille
1164 4432 1259 4474 me
1278 4420 1505 4489 onerat,
1532 4413 1658 4490 ipse
1688 4423 1880 4473 autem
1915 4414 2061 4476 nihil

2150 4406 2279 4462 αλλὰ
2336 4410 2423 4465 καὶ
2478 4412 2718 4487 πράττει,
2774 4409 2926 4469 δοκεῖ
2976 4410 3357 4487 συμϐαστάζειν
3416 4413 3504 4468 καὶ
3592 4433 3781 4493 συνερ-

426 4504 564 4581 agit,
598 4503 780 4582 magis
802 4522 898 4565 me
921 4512 1155 4582 gravat:
1193 4502 1331 4561 inde
1351 4501 1672 4561 ostendens
1691 4520 1757 4561 ea
1778 4521 1908 4582 qua;
1922 4504 2064 4562 dicit

2150 4508 2259 4571 γεῖν
2310 4510 2424 4563 τοῖς
2493 4497 2904 4573 διδασκομένοις·
2965 4499 3089 4557 ὅταν
3145 4500 3197 4556 δὲ
3246 4501 3343 4575 ἆμὶ
3402 4501 3500 4575 μὲν
3557 4500 3781 4583 ἐπιφορ-

424 4590 694 4651 fierinon
732 4610 906 4671 posse
955 4587 1663 4669 ArguitigiturDominus
1709 4590 2057 4674 l’harisaaos,

2150 4586 2283 4674 τέξῃ,
2336 4588 2487 4650 αὐτὸς
2536 4584 2589 4643 δὲ
2648 4587 2813 4661 μηδὲν
2870 4590 3103 4667 πράττῃ,
3160 4590 3366 4665 βαρύνει
3397 4587 3603 4665 μᾶλλον
3658 4591 3775 4666 ἐμέ·

422 4696 493 4740 eo
521 4680 676 4759 quod
726 4681 934 4740 nolunt
963 4679 1135 4739 simul
1167 4688 1398 4756 gestare
1430 4696 1614 4737 onera
1648 4671 2053 4741 mandatorum

2150 4671 2386 4731 Ξεικνύων
2442 4674 2493 4740 ἐξ
2522 4678 2595 4733 ὧν
2653 4677 2807 4741 αὐτὸς
2850 4677 3063 4755 ἀμελεῖ,
3094 4680 3165 4743 ὡς
3193 4679 3441 4734 ἀδύνατόν
3486 4678 3595 4735 ἐστι
3641 4700 3776 4736 κατ-

432 4774 492 4829 et
514 4768 838 4847 cooperari.
873 4765 999 4828 Non
1024 4766 1213 4827 soium
1245 4776 1439 4826 autem
1472 4764 1617 4826 nihil
1655 4765 2052 4845 honifaciunt,

2150 4764 2423 4840 ›ρθωθῆναι
2483 4763 2516 4819 ἄ
2571 4763 2739 4843 λέγει,
2796 4764 3052 4844 Ἐγκαλεῖ
3118 4768 3288 4823 τοίνυν
3345 4769 3372 4822 ὁ
3432 4769 3616 4847 Κὺριος
3657 4782 3775 4831 τοῖς

425 4856 531 4917 sed
562 4865 621 4917 et
649 4856 929 4917 simulant
952 4856 1118 4934 quasi
1144 4855 1355 4914 faciant
1389 4872 1401 4915 :
1432 4855 1593 4932 atqui
1636 4854 1861 4915 etiamsi
1894 4857 2052 4917 face-

2150 4854 2467 4929 Pzptczimc,
2523 4854 2598 4917 ὡς
2681 4854 2759 4929 μὴ
2814 4852 3021 4911 θέλωσι
3090 4852 3473 4930 συμϐαστάζειν
3521 4857 3587 4912 τὰ
3634 4856 3774 4936 βάρη

413 4954 573 5018 rent,
611 4947 659 5007 si
688 4956 880 5006 tamen
915 4952 978 5007 ut
1007 4945 1345 5004 viderentur
1378 4944 1659 5012 facerent,
1722 4945 2057 5008 auferretur

2150 4942 2242 4997 τῶν
2303 4941 2534 5000 εντολῶν
2587 4944 2675 4999 καὶ
2759 4945 3135 5021 συμπράττειν,
3206 4945 3292 5001 Ού
3367 4944 3528 5019 μόνον
3583 4943 3638 5000 δὲ
3718 4946 3777 5003 οὖ

416 5034 620 5114 utique
644 5035 879 5095 illorum
907 5050 1137 5095 merces
1173 5054 1186 5089 :
1223 5050 1378 5091 nunc
1431 5031 1625 5090 auiem
1658 5044 1873 5111 quanta
1904 5054 2052 5095 con-

2150 5030 2340 5087 ποιοῦσί
2389 5053 2438 5087 τι
2507 5031 2726 5109 ἀγαθὸν,
2783 5030 2920 5088 ἀλλὰ
2958 5034 3047 5090 καὶ
3096 5033 3517 5111 σχηματίζονται
3546 5035 3620 5099 ὡς
3650 5056 3777 5091 ποι-

421 5122 801 5185 demnatione
830 5123 1014 5201 digni,
1044 5120 1279 5200 quando
1312 5139 1507 5194 neque
1533 5120 1839 5191 laciunt,et
1867 5123 2052 5186 videri

2150 5127 2335 5184 δῦντες
2425 5120 2594 5176 καίτοι
2681 5117 2779 5176 κᾶν
2838 5119 3069 5201 ἐποίουν,
3143 5119 3226 5176 διὰ
3284 5119 3339 5176 δί
3413 5122 3475 5177 τὸ
3528 5125 3777 5189 θεαθῆναι

420 5212 625 5273 volunt
654 5215 819 5292 quasi
859 5210 1100 5272 faciant?
1133 5208 1278 5281 Quid
1310 5217 1502 5269 autem
1525 5208 1771 5271 faciunt?
1800 5210 2053 5274 Dilatant

2150 5209 2368 5281 ἐποίουν,
2429 5209 2684 5287 ὑφῃρεττο
2739 5208 2802 5264 ἂν
2858 5213 3043 5275 αὐτοῖς
3074 5210 3134 5267 τὸ
3153 5206 3355 5288 κέρδοςο
3389 5216 3478 5266 νῦν
3518 5208 3573 5268 δὲ
3603 5213 3776 5281 πόσης

420 5300 780 5380 phylacteria
811 5318 938 5375 sua,
982 5307 1039 5359 et
1092 5298 1465 5375 magniﬁcant
1508 5296 1771 5359 fimbrias
1802 5301 2050 5363 vestium

2150 5294 2419 5364 ιαταδίκης
2480 5296 2638 5378 ἄξιοι,
2689 5296 2815 5354 ὅταν
2871 5296 2989 5355 οὔτε
3019 5304 3235 5372 ποιῶσι,
3294 5299 3381 5355 καὶ
3435 5298 3626 5358 θέλωσι
3682 5299 3779 5361 δο-

418 5388 811 5450 suarumJioc
841 5396 1034 5449 autem
1056 5387 1134 5449 ita
1152 5405 1215 5446 se
1240 5385 1585 5447 habebatJu
1617 5386 1745 5464 lege
1776 5387 2043 5452 habetur:

2150 5389 2369 5459 ίέζεσθαι
2427 5390 2500 5449 ὡς
2558 5388 2875 5469 ποιοῦπεςς
2930 5389 2992 5449 Τί
3047 5386 3103 5444 δὶ
3152 5394 3408 5465 ποιοῦσις
3454 5388 3774 5452 Πλατύνουσι

417 5476 745 5558 Αωεεὺίιὶσ
772 5476 935 5537 eain
964 5492 1141 5535 manu
1195 5482 1409 5549 vestra,
1464 5480 1753 5551 eruntque
1806 5477 2049 5541 immota

2150 5482 2193 5537 τὰ
2249 5475 2577 5555 φυλακτήρια
2629 5478 2825 5555 αὐτῶν,
2883 5478 2970 5536 καὶ
3014 5476 3364 5557 μεγαλύνουσι
3395 5478 3458 5536 τὰ
3507 5478 3775 5541 κοὰσπεδα
