4106 6280
272 296 408 387 ’δεῖ
916 294 1359 397 manuario
1401 335 1481 396 IN
1528 333 1784 397 EVANG
1798 332 1936 395 ELll

2026 335 2031 395 :
2078 332 2475 397 rimam.
2521 367 2599 381 —
2658 284 2822 398 CAP.
2873 335 3094 399 χχιιι.
3541 328 3657 398 389

288 461 395 515 τῶν
465 461 692 533 ἱματίων
760 462 955 525 αὖτῶν.
1011 471 1173 522 Τοῦτο
1234 463 1289 522 δὲ
1347 473 1588 524 τοιοῦτον
1643 466 1729 533 ἦν·
1776 466 1831 523 ἐν
1858 474 1935 540 τῷ

2026 475 2149 527 ante
2175 468 2378 529 oculos
2418 476 2665 533 vestros.
2699 466 3049 531 Scribebant
3098 469 3280 549 igitur
3335 470 3396 532 in
3424 468 3659 533 duabus

289 547 437 636 νόμῳ
496 547 688 605 ἔκειτο·
762 548 1035 631 Ἐφέψατε
1092 555 1177 609 ὶπὶ
1235 559 1333 621 τῆς
1382 555 1564 636 χειρός
1621 557 1793 629 ὑμῶν,
1845 557 1932 611 καὶ

2026 554 2298 617 chartulis
2330 556 2678 633 decalogum
2716 556 2886 634 legis,
2916 565 2974 617 et
3000 547 3300 636 ponebant
3328 576 3506 620 unam
3547 578 3652 621 su-

291 635 449 726 ἕστοι⁸
492 638 754 726 ἀσᾶλευτα
825 642 926 718 πρὸ
997 641 1277 721 ὀφθαλμῶν
1308 645 1477 718 ὑμῶν.
1512 635 1792 723 ’Ἑγραφον
1844 646 1931 700 οὖν

2026 661 2118 718 per
2146 644 2416 707 frontem.
2454 653 2511 704 et
2559 644 2799 705 alteram
2821 635 3289 724 super’dextram
3316 650 3651 726 suspende-

293 726 377 781 ἰπὶ
430 722 521 783 δύο
588 724 851 807 διφερίων,
937 730 1171 787 τουτέστι
1226 734 1483 811 χαρτίων,
1538 734 1631 795 τὰς
1676 722 1799 789 δέκα
1840 741 1932 791 τοῦ

2026 736 2171 791 bant.
2207 732 2495 791 Fimbrias
2543 742 2735 792 autem
2779 722 3073 795 faciebant
3105 736 3163 795 in
3194 722 3441 795 summis
3472 733 3651 796 vestio

294 814 453 887 νόμου
525 814 765 897 ἑντολὰς,
837 820 925 874 καὶ
951 818 1178 875 ἐτίθεσαν
1234 822 1296 875 τὸ
1340 842 1436 893 μεν
1465 820 1519 876 ἓν
1546 822 1632 877 Eni
1661 824 1754 877 τοῦ
1796 843 1929 895 μετ-

2026 828 2142 890 aus,
2181 819 2457 880 violaceis
2489 828 2546 879 et
2569 820 2864 883 coccineis
2895 821 3093 881 clavis.
3143 821 3216 883 Et
3256 824 3369 883 hoc
3400 822 3648 884 invene-

292 902 439 959 ώπου
488 905 681 968 αὖτῶν,
750 908 820 962 ’τὸ
852 904 907 962 δὲ
937 905 1112 983 ἕτερον
1162 906 1396 987 έκρέμων
1452 908 1537 965 ἐπὶ
1587 913 1685 976 τῆς
1737 907 1922 975 δεξιᾶς·

291 991 356 1046 τὰ
423 990 477 1047 δι
508 991 776 1070 κράσπεδα
806 995 1011 1052 ἐποίουν
1042 995 1127 1052 ἰπὶ
1165 1003 1270 1052 τῶν
1315 994 1489 1074 ἄκρων
1533 1004 1637 1053 τῶν
1682 1000 1926 1073 ἱματίων,

292 1079 558 1136 ὑακίνθινά
626 1104 742 1137 τινα
801 1084 836 1151 ἢ
891 1085 1109 1140 κόκκινα
1166 1083 1453 1158 κλώσματα
1482 1086 1601 1141 οἷον
1651 1086 1926 1162 κροσσούς’

297 1169 392 1225 Καὶ
454 1179 608 1228 τοῦτο
665 1168 719 1226 δὲ
776 1170 830 1227 ἰν
871 1176 949 1245 τῷ
978 1173 1124 1247 νόμῳ
1153 1175 1299 1241 εὗρον
1328 1173 1592 1251 κείμενον,
1627 1172 1720 1229 ἵνα
1759 1175 1928 1250 ὁρῶν-

293 1277 378 1318 τες
452 1258 605 1329 αὒτὰ,
639 1260 717 1332 μὴ
756 1259 1198 1317 ὶπιλανθάνωνται
1242 1267 1347 1317 τῶν
1385 1260 1611 1318 ἐντολῶν
1654 1269 1744 1318 τοῦ
1774 1269 1924 1319 Θεοὺ.

296 1335 353 1401 Ὀ
401 1343 454 1401 δὲ
512 1349 639 1412 Θεὸς
671 1350 729 1403 οὗ
770 1355 922 1405 τοῦτο
960 1346 1225 1421 ἐϐούλετο,
1258 1349 1394 1409 ἀλλὰ
1422 1351 1482 1405 τὸ
1527 1351 1623 1425 μὲν
1669 1349 1817 1428 ἔχειν
1846 1349 1929 1405 ἐπὶ

291 1437 390 1498 τῆς
449 1436 632 1513 χειρὸς
688 1437 749 1491 τὸ
806 1435 1182 1515 φυλακτήριον,
1243 1437 1497 1511 ἐσήμαινε
1526 1439 1586 1493 τὸ
1628 1436 1738 1492 δεῖν
1768 1437 1928 1514 ἐργά-

292 1524 465 1590 ζεσθαι
522 1522 615 1584 τὰς
668 1523 903 1587 έντολᾶς⁶
979 1528 1040 1581 τὸ
1089 1523 1144 1580 δὲ
1175 1525 1395 1581 κόκκινα
1425 1526 1655 1580 εἶναιτὰ
1683 1525 1927 1603 κρασπε-

303 1606 387 1681 δα,
420 1608 607 1679 ἒδήλου
662 1612 741 1668 ὅτι
812 1611 895 1669 δεῖ
962 1616 1105 1688 ἡμᾶς
1174 1621 1253 1689 τῷ
1310 1615 1501 1688 α’ῗματι
1561 1622 1652 1670 τοῦ
1712 1621 1936 1689 Χριστοῦ

2009 915 2140 966 rant
2168 908 2225 967 in
2257 908 2411 986 lege,
2440 917 2507 969 ut
2547 908 2817 969 videntes
2846 909 2969 982 illa,
3007 927 3123 970 non
3161 909 3652 972 obliviscerentur

2016 995 2416 1055 mandatorum
2442 995 2569 1059 Dei.
2596 997 2669 1057 At
2690 996 2843 1058 Deus
2869 997 2981 1057 hoc
3006 996 3266 1078 nolebat,
3298 999 3404 1059 sed
3424 997 3651 1077 juben-

2012 1082 2087 1141 do
2137 1083 2297 1144 ferre
2339 1103 2517 1163 super
2561 1103 2796 1145 manum
2830 1085 3278 1165 phylacterium,
3317 1086 3653 1166 signiﬁcare

2013 1170 2241 1231 volebat
2273 1174 2543 1233 mandata
2579 1174 2810 1251 operari
2865 1190 2964 1233 eos
3008 1182 3308 1252 oportere.
3349 1179 3463 1235 Per
3508 1193 3656 1237 coc-

2002 1258 2211 1351 gineas
2260 1268 2455 1351 autem
2483 1261 2791 1351 ﬁmbrias
2822 1261 3159 1351 declarabat
3200 1262 3355 1342 quod
3376 1271 3657 1351 70porteat

2013 1348 2120 1407 nos
2142 1348 2431 1423 sanguine
2480 1348 2715 1409 Domini
2746 1348 2991 1425 signari.
3052 1348 3141 1410 Illi
3183 1368 3319 1410 vero
3362 1350 3658 1413 faciebant

2015 1435 2372 1514 pbylacteria
2410 1455 2618 1514 magna
2660 1445 2717 1496 et
2762 1437 3047 1516 fimbrias,
3096 1446 3159 1499 ut
3186 1438 3522 1501 videntibus
3552 1440 3655 1501 illa

2013 1532 2336 1603 appareant
2380 1523 2788 1585 observatores
2820 1542 2952 1585 esse
2978 1525 3146 1604 legis.

2008 1616 2373 1685 σημειοῦσθαι·
2449 1614 2642 1669 ἐκεῖνοι
2669 1613 2721 1668 δὲ
2753 1614 2962 1673 ἐποίουν
2993 1617 3057 1672 τὰ
3086 1636 3143 1670 τε
3186 1614 3520 1695 φυλακτήρια
3551 1641 3654 1693 με-

302 1698 436 1775 γάλα
465 1702 551 1755 καὶ
583 1700 647 1756 τὰ
675 1700 969 1781 κράσπεδα,
998 1702 1092 1759 ’ἱνα
1135 1701 1319 1768 δόξωσι
1352 1702 1716 1782 νομοφύλακες
1747 1707 1886 1759 εἶναι
1919 1714 2033 1762 τοῖς
2066 1705 2225 1770 ὁρῶσι
2270 1708 2459 1762 ταῦτα.

382 1809 405 1842 ε
470 1787 694 1844 Φιλοῦσι
748 1788 803 1846 δὲ
876 1792 973 1857 τὴν
1004 1789 1386 1871 πρωτοκλισίαν
1418 1792 1471 1847 ἐν
1515 1805 1630 1857 τοῖς
1689 1790 1936 1863 δείπνοις,

2103 1790 2281 1850 Vens.
2318 1789 2377 1863 6,
2408 1791 2469 1852 7.
2512 1815 2533 1844 ιι
2570 1788 2902 1871 Amantque
2960 1791 3182 1870 primos
3239 1791 3544 1853 accubitus
3595 1793 3657 1854 in

297 1877 381 1931 καὶ
437 1877 531 1939 τὰς
619 1878 1064 1958 πρωτοκαθεδρίας
1124 1880 1178 1936 ἓν
1244 1894 1365 1944 ταῖς
1421 1893 1780 1958 συναγωγαῖς,
1844 1881 1931 1936 καὶ

297 1966 416 2028 τοὺς
489 1965 801 2038 ἀσπασμοὺς
832 1967 885 2023 ἐν
940 1969 1067 2033 ταῖς
1110 1968 1354 2047 ἀγοραῖς,
1401 1971 1488 2025 καὶ
1534 1968 1805 2025 καλεῖσθαι
1834 1970 1934 2024 ὑπὸ

293 2060 398 2109 τῶν
451 2054 732 2133 ἀνθρώπων
778 2054 986 2123 Ῥαεϐὶ,
1030 2049 1231 2129 Ῥαὸἂ.
1273 2081 1297 2111 ιο
1333 2054 1497 2113 Βαϐαί
1530 2056 1544 2116 !
1581 2062 1697 2113 οἷον
1739 2056 1928 2135 λέγεις

302 2143 445 2198 Διότι
503 2144 600 2220 γὰρ
661 2145 890 2223 φιλοῦσι,
941 2144 1025 2200 διὰ
1093 2152 1248 2202 τοῦτο
1280 2147 1699 2223 κατακρίνονται.
1737 2146 1795 2201 Εἰ
1824 2143 1877 2199 δὲ
1906 2147 1933 2200 ὁ

304 2232 464 2305 μόνον
493 2232 658 2309 φιλῶν
706 2235 801 2301 τὴν
846 2233 1233 2310 πρωτοκλισίαν
1276 2233 1518 2312 ψέγεται,
1564 2237 1592 2289 ὁ
1624 2234 1712 2289 καὶ
1764 2233 1934 2288 πάντα

298 2321 541 2398 πράττων
591 2321 720 2399 ὑπὲρ
774 2324 993 2399 ταύτης,
1026 2323 1163 2384 τίνος
1208 2320 1349 2386 ἄξιος
1396 2331 1475 2400 ς’.
1519 2324 1613 2379 Καὶ
1640 2323 1734 2384 τὰς
1782 2343 1932 2400 πρω-

299 2409 627 2487 τοκαθεδρίας
677 2411 731 2466 ὲν
760 2424 881 2473 ταῖς
912 2424 1270 2489 συναγωγαῖς⁶
1312 2432 1336 2465 ι
1371 2409 1491 2465 ἔνθα
1522 2408 1724 2484 μᾶλλον
1766 2412 1934 2488 ὠφει-

299 2497 387 2555 λον
457 2499 545 2554 καὶ
603 2499 721 2561 νοὺς
778 2497 965 2562 ἄλλους
1006 2497 1265 2554 διδάσκειν
1308 2511 1770 2577 παπεινονορονεῖν,
1819 2498 1932 2553 ἐκεῖ

298 2587 443 2642 αὗτοὶ
529 2587 724 2643 ἕκεῖνοι
802 2584 1167 2666 διεφθείροντο.
1261 2587 1437 2642 Πάντα
1492 2587 1591 2665 γὰρ
1681 2586 1932 2663 ἔπραττον

302 2676 429 2753 ὑπὲρ
501 2672 677 2741 δόξης³
724 2678 810 2732 καὶ
865 2685 1026 2734 ταῦτα
1057 2676 1373 2752 πράττοντες
1404 2679 1497 2733 οὒκ
1540 2674 1929 2753 ἐπῃσχύνοντο,

298 2763 435 2819 ἄλλα
493 2762 695 2837 μᾶλλον
755 2762 944 2831 ἢθελον
987 2763 1261 2819 καλεῖσθαι
1320 2754 1517 2837 Ῥαϐὅὶ,
1553 2754 1748 2837 Ῥαὸὃὶ,
1776 2784 1933 2819 τουτ-

304 2853 442 2927 έστι,
479 2849 801 2908 διδάσκαλοι.

389 2962 412 2995 ι
482 2931 667 3014 ’Υμεῖς
738 2939 791 2996 δὲ
849 2941 927 3015 μὴ
980 2939 1212 3007 κληθῆτε
1260 2931 1458 3009 Ῥαόϐὶ,
1506 2943 1589 3001 εἷς
1639 2940 1737 3016 γὰρ
1800 2939 1941 2994 ἔστιν

2017 1879 2295 1951 εωιιίδ,ει
2323 1878 2543 1956 primas
2574 1879 2882 1939 cathedras
2916 1879 2975 1938 in
3009 1880 3339 1958 synagogis,
3366 1890 3424 1942 et
3446 1882 3659 1943 saluta-

2020 1966 2208 2027 tiones
2265 1967 2327 2025 in
2376 1966 2525 2042 foro,
2570 1974 2626 2026 et
2655 1967 2850 2028 vocari
2908 1966 2980 2027 ab
3038 1968 3379 2029 hominibus
3435 1970 3654 2051 Rabbi,

2016 2054 2225 2115 Rahhi.
2265 2079 2290 2109 ι
2321 2058 2491 2133 Papae
2516 2055 2652 2134 quid
2686 2054 2874 2116 dicit?
2903 2054 3129 2117 Idcirco
3160 2057 3657 2134 condemnamur,

2018 2143 2151 2223 quia
2176 2152 2393 2204 amant.
2431 2142 2596 2214 Quod
2628 2142 2676 2203 si
2710 2144 2898 2203 solum
2931 2162 3137 2206 amans
3168 2146 3391 2224 primos
3418 2147 3660 2208 accubi-

2018 2241 2109 2291 tus
2142 2233 2597 2311 condemnatur,
2630 2233 2729 2310 qui
2752 2231 2898 2293 nihil
2931 2252 3047 2293 non
3071 2234 3206 2294 facit
3236 2252 3339 2313 pro
3371 2234 3511 2310 illis,
3545 2254 3661 2316 qua
3752 2242 3755 2243 ⁷

2018 2320 2519 2380 condemnatione
2556 2320 2795 2395 dignus?
2831 2351 2854 2380 σ
2882 2319 2951 2381 Et
2980 2321 3203 2400 primas
3256 2323 3567 2385 cathedras
3598 2325 3661 2385 in

2019 2409 2349 2486 synagogis;
2388 2433 2410 2463 ι)
2442 2409 2541 2468 ubi
2574 2408 2757 2485 magis
2780 2408 3077 2470 debebant
3105 2409 3322 2471 docere
3353 2411 3501 2472 alios
3547 2413 3662 2473 hu-

2023 2496 2357 2576 militatem,
2385 2516 2454 2557 eo
2485 2497 2614 2556 loco
2638 2496 2723 2556 illi
2746 2496 2858 2575 ipsi
2895 2498 3100 2576 majori
3128 2498 3277 2558 fastu
3310 2498 3661 2579 corrumpe-

2021 2584 2256 2647 bantur.
2326 2584 2537 2646 Omnia
2602 2586 2758 2644 enim
2820 2603 2924 2665 pro
2985 2586 3173 2661 gloria
3230 2585 3543 2663 faciebant,
3606 2596 3665 2648 et

2021 2674 2145 2733 haec
2196 2673 2477 2734 facientes
2536 2691 2653 2732 non
2710 2674 3254 2747 confundebantur,
3288 2674 3392 2734 sed
3424 2674 3661 2737 interim

2025 2760 2225 2820 vocari
2255 2760 2528 2821 volebant
2562 2760 2694 2819 124
2741 2759 2952 2835 Rabbi,
2981 2760 3193 2835 Rabbi,
3226 2762 3338 2821 hoc
3367 2770 3477 2837 est,
3512 2764 3660 2825 doc-

2021 2858 2202 2908 tores.

2104 2939 2275 2999 Vens.
2311 2938 2489 3001 8-12.
2535 2964 2554 2993 ι
2588 2940 2704 2999 Vos
2733 2945 2929 2998 autem
2964 2938 3144 2999 nolite
3193 2938 3385 3011 vocari
3416 2936 3607 3000 Babbi
3641 2955 3656 3000 :

300 3030 448 3104 ὑμῶν
480 3031 506 3084 ὁ
535 3027 870 3108 διδάσκαλος,
917 3032 945 3085 ὁ
993 3028 1235 3105 Χριστός
1272 3029 1463 3088 πάντες
1495 3025 1551 3082 δὲ
1593 3028 1748 3096 ὑμεῖς
1780 3025 1936 3083 ἀδελ-

2026 3045 2179 3085 unus
2206 3038 2298 3088 est
2327 3027 2483 3086 enim
2534 3026 2814 3104 magister
2845 3033 3059 3099 vester,
3111 3044 3328 3105 nempe
3373 3026 3660 3106 Christus,

300 3120 384 3198 φοί
439 3119 556 3176 ἐστε
645 3122 741 3178 Καὶ
799 3120 997 3196 πατέρα
1047 3121 1125 3192 μή
1181 3116 1441 3183 καλέσητε
1496 3119 1643 3193 ὑμῶν
1694 3115 1778 3172 ἐπὶ
1846 3121 1936 3183 της

2028 3133 2236 3176 omnes
2261 3123 2454 3174 autem
2490 3132 2589 3174 vos
2638 3115 2847 3175 fratres
2890 3114 3051 3174 estis.
3103 3113 3175 3175 Et
3223 3124 3447 3194 patrem
3482 3115 3663 3175 nolite

301 3212 423 3285 γῆς,
462 3213 543 3270 εἷς
574 3210 672 3284 γὰρ
700 3210 843 3263 ιιστιν
885 3210 913 3263 ὁ
958 3208 1138 3284 Πατὴρ
1178 3207 1323 3282 ὑμῶν
1368 3208 1395 3261 ὁ
1422 3209 1479 3260 ἓν
1508 3218 1626 3268 τοῖς
1670 3209 1936 3282 οὖρανοτς,

2026 3219 2235 3262 vocare
2267 3202 2433 3262 vobis
2461 3221 2643 3282 super
2669 3211 2883 3262 terram
2918 3215 2932 3260 :
2970 3221 3122 3280 unus
3162 3215 3253 3263 est
3301 3202 3461 3263 enim
3496 3205 3665 3263 Pater

309 3295 452 3362 Μηδὶ
506 3296 739 3363 κληθῆτε
794 3295 1115 3372 καθηγηταί⁶
1179 3293 1263 3358 εἷς
1339 3294 1438 3372 γὰρ
1491 3293 1631 3349 ἐστιν
1699 3295 1845 3368 ὑμῶν
1914 3295 1936 3348 ὁ

2026 3300 2236 3362 vester,
2287 3290 2386 3369 qui
2419 3289 2479 3350 in
2511 3291 2677 3352 cwlis
2704 3299 2809 3351 est.
2848 3288 2969 3351 Nec
3009 3289 3303 3351 vocemini
3355 3290 3661 3369 magistri:

303 3386 635 3464 καθηγητὴς,
707 3386 734 3440 ὁ
804 3385 1048 3464 Χριστός.
1114 3374 1172 3441 Ὀ
1219 3380 1275 3438 δὲ
1342 3383 1533 3457 μείζων
1595 3383 1739 3457 ὑμῶν
1796 3380 1936 3437 ἔσται

2027 3398 2175 3439 unus
2199 3378 2357 3439 enim
2390 3388 2477 3439 est
2501 3381 2780 3457 magister
2796 3386 3237 3459 vester,nempe
3260 3376 3664 3449 Christus.Qui

302 3475 448 3549 ὑμῶν
504 3463 765 3535 διάκονος.
814 3463 1016 3533 ιὈσιτις
1046 3470 1100 3526 δὲ
1128 3471 1327 3545 ὑψώσει
1361 3471 1569 3544 ἑαυτὸν,
1606 3469 1943 3538 ταπεινωθῆ-

302 3583 473 3637 σεται,
545 3564 631 3618 καὶ
687 3563 829 3625 ὅστις
886 3560 1199 3617 ταπεινώσει
1250 3560 1455 3630 ἑαυτὸν,
1506 3558 1865 3634 ὑψωθὴσεται.
1902 3579 1923 3614 ε

304 3654 373 3709 Οὖ
428 3650 619 3707 κωλύει
676 3653 703 3706 ὁ
761 3652 980 3729 Χριστὸς
1044 3650 1106 3705 τὸ
1148 3646 1423 3704 καλεῖσθαί
1450 3669 1567 3703 τινα
1598 3646 1932 3718 δικάσκαλον,

304 3738 437 3796 ἀλλὰ
490 3742 549 3794 τὸ
606 3739 857 3813 έμπαθῶς
912 3737 1080 3794 θέλειν
1135 3736 1434 3805 καλεῖσθαι,
1468 3738 1555 3793 καὶ
1610 3737 1781 3792 πάντα
1811 3737 1938 3813 τρό-

302 3851 403 3886 πον
460 3826 764 3898 σπουδάζειν
824 3829 896 3891 εἰς
938 3829 999 3883 τὸ
1068 3824 1351 3893 κληθῆναι.
1386 3826 1456 3882 Τὸ
1502 3827 1600 3901 γὰρ
1628 3823 1938 3880 διδασκαλι-

303 3919 395 3974 κὸν
455 3915 658 3990 ἀξίωμα
716 3917 863 3990 μόνῳ
921 3916 1169 3992 πρόσεστι
1226 3914 1415 3991 κυρίως
1457 3919 1594 3985 Θεῷ,
1658 3916 1860 3989 Πατέρα
1890 3912 1942 3968 δὲ

304 4007 379 4081 μὴ
452 4004 740 4076 καλέσητε,
773 4004 967 4082 λέγων,
1027 4007 1085 4061 οὒ
1116 4002 1307 4058 κωλὺει
1335 4002 1434 4068 τὴν
1455 4005 1585 4079 πρὸς
1614 4004 1733 4065 τοὺς
1765 4012 1942 4080 γονεῖς

304 4097 487 4174 τιμὴν,
546 4093 661 4150 έπεὶ
717 4092 853 4149 θέλει
901 4094 1047 4167 ἡμᾶς
1114 4096 1271 4165 τιμᾷν
1298 4091 1417 4152 τοὺς
1448 4104 1651 4169 γονεῖς,
1704 4093 1789 4146 καὶ
1833 4091 1943 4166 μά-

308 4183 459 4241 λιστα
528 4183 650 4246 τοὺς
707 4180 1095 4256 πνευματικοὺς
1153 4177 1408 4256 πατέρας,
1441 4178 1577 4233 ἀλλὰ
1606 4180 1734 4257 πρὸς
1763 4179 1823 4234 τὸ
1852 4180 1941 4234 τὸν

308 4270 477 4340 ἀληθῆ
538 4269 746 4348 Πατέρα
815 4268 1223 4347 ὶπιγινώσκειν,
1296 4265 1534 4322 τουτέστι
1630 4266 1719 4321 τὸν
1789 4267 1938 4333 Θεὸν,

309 4359 504 4437 ἐνάγει·
564 4358 752 4425 κυρίως
808 4358 915 4435 γὰρ
968 4356 1144 4433 πατὴρ
1193 4357 1221 4410 ὃ
1253 4354 1405 4417 Θεός.
1439 4355 1499 4410 Οἱ
1528 4352 1581 4431 δξ
1628 4356 1936 4428 σωματικοὶ,

2027 3468 2211 3545 major
2243 3475 2331 3527 est
2364 3467 2773 3540 vestrum,erit
2804 3476 2995 3527 vester
3027 3466 3439 3538 minister.Qui
3467 3474 3664 3528 autem

2015 3572 2079 3616 se
2107 3555 2463 3635 exaltaverit,
2488 3554 2985 3616 humiliabiturzet
3014 3555 3111 3635 qui
3141 3572 3206 3617 se
3237 3553 3659 3627 humiliaverit,

2019 3643 2392 3705 exaltabitur.
2421 3667 2448 3700 ι
2483 3642 2613 3704 Non
2645 3643 2926 3723 prohibet
2947 3642 3212 3704 Christus
3236 3642 3430 3703 vocari
3462 3661 3669 3722 quem-

2023 3733 2180 3811 piam
2241 3732 2601 3812 magistrum,
2627 3733 2731 3793 sed
2757 3742 2913 3791 tanta
2953 3732 3270 3792 affectione
3304 3733 3414 3792 vell
3450 3733 3663 3808 vocari,

2026 3830 2083 3884 et
2111 3822 2382 3882 omnibus
2416 3822 2606 3880 modis
2648 3839 2856 3881 curare
2888 3829 2949 3880 ut
2981 3823 3056 3879 ita
3088 3829 3347 3881 vocetur.
3404 3819 3669 3881 Docendi

2027 3910 2183 3971 enim
2218 3910 2467 3987 dignitas
2492 3910 2727 3990 proprie
2758 3909 2940 3968 solius
2959 3916 3045 3968 est
3067 3907 3435 3969 Dei.Patrem
3468 3915 3668 3968 autem

2027 4017 2101 4059 ne
2134 3997 2612 4070 vocetis.dicens,
2634 4017 2751 4057 non
2783 3998 3054 4078 prohibet
3078 3997 3363 4057 honorem
3401 3998 3667 4075 parenti-

2030 4086 2137 4146 bus
2163 4086 2450 4164 debitum,
2499 4086 2636 4165 quia
2667 4086 2789 4146 vult
2822 4104 2929 4145 nos
2977 4084 3245 4145 venerari
3307 4092 3584 4164 parentes
3610 4101 3672 4153 et

2028 4175 2282 4235 maxime
2314 4173 2646 4252 spirituales
2679 4183 2897 4253 patres,
2931 4173 3034 4233 sed
3069 4172 3298 4233 inducit
3350 4182 3413 4233 ut
3460 4191 3662 4234 verum

2028 4267 2263 4327 Patrem
2295 4279 2699 4341 agnoscamus,
2744 4264 2856 4322 hoc
2906 4272 3018 4335 est,
3070 4260 3282 4323 Deum.
3317 4263 3473 4322 Deus
3508 4262 3667 4322 enim

2032 4352 2270 4432 proprie
2302 4362 2466 4431 pater
2494 4358 2602 4412 est.
2639 4351 2919 4411 Carnales
2947 4348 3108 4410 enim
3146 4367 3262 4408 non
3294 4358 3431 4408 sunt
3459 4360 3669 4411 aucto-

314 4436 421 4502 0-317
453 4446 619 4502 αἴτιοι
646 4451 746 4513 τῆς
776 4446 1099 4522 γεννήσεως,
1127 4439 1244 4498 ἄλλ’
1273 4442 1520 4519 ὑπουργοὶ
1549 4444 1635 4497 καὶ
1666 4443 1936 4502 συναίτιοι.

2031 4458 2126 4500 res
2183 4439 2518 4511 nativitatis,
2564 4437 2671 4499 sed
2727 4436 3054 4516 cooperarii
3088 4445 3147 4496 et
3176 4436 3455 4496 ministri.
3483 4440 3666 4500 Porro

323 4535 571 4590 Δεικνύων
639 4532 692 4589 δὲ
747 4536 810 4589 τὸ
879 4531 1057 4610 κέρδος
1108 4530 1203 4597 τῆς
1250 4531 1750 4608 ταπεινοφροσύνης,
1792 4531 1948 4609 φησὶν

321 4622 421 4703 ὅτι,
469 4611 532 4680 Ὀ
573 4623 761 4698 μείζων
802 4624 951 4697 ὑμῶν
981 4618 1177 4700 ὀφείλει
1208 4618 1350 4674 εἶναι
1392 4619 1539 4692 ὑμῶν
1595 4615 1833 4683 διάκονος
1862 4621 1949 4675 καὶ

321 4710 566 4793 ἔσχατος.
614 4703 726 4775 "Oc
758 4733 857 4791 γαρ
882 4709 1082 4785 ὑψώσει
1114 4709 1300 4764 ἑαυτὸν
1330 4708 1520 4773 οίηθεὶς
1572 4707 1714 4764 εἷναί
1742 4730 1813 4783 τι,
1846 4731 1945 4765 τα-

314 4801 715 4874 πεινωθήσεται,
763 4797 1191 4879 ἐγκαταλειφθεὶς
1223 4798 1323 4852 ὑπὸ
1352 4804 1442 4853 τοῦ
1474 4804 1625 4856 Θεοῦ.

400 4911 423 4945 ε
459 4890 585 4947 Οὗαὶ
641 4887 695 4944 δί
737 4891 888 4964 ὑμῖν,
922 4894 1264 4965 Γραμματεῖς
1294 4888 1383 4942 καὶ
1411 4892 1701 4966 Φαρισαῖοι
1726 4889 1946 4966 ὑποκρι-

312 4980 418 5051 ταὶ,
492 4978 573 5033 ὅτι
632 4978 925 5033 κατεσθίετε
966 4977 1061 5039 τὰς
1105 4977 1268 5038 οἶκιας
1298 4976 1402 5032 τῶν
1446 4982 1656 5056 χηρῶν,
1686 4979 1771 5033 καὶ
1808 5000 1945 5054 προ-

311 5068 466 5148 φάσει
538 5067 712 5145 μακρὰ
766 5066 1212 5148 προσευχόμενοι,
1248 5061 1332 5119 διὰ
1362 5070 1512 5120 τοῦτο
1555 5064 1786 5139 λήψεσθε
1842 5087 1941 5122 πε-

306 5154 613 5237 ρισσότερον
661 5168 851 5233 κρῖμα,
905 5177 933 5208 ι
998 5147 1310 5229 ’Υποκριτᾶς
1362 5153 1574 5216 τούτους
1640 5152 1820 5229 καλεῖ,
1875 5157 1948 5218 ὡς

304 5242 801 5323 ἂπαγγελλομένους
890 5238 1161 5302 εὒλὰὄειαν
1244 5243 1332 5297 καὶ
1412 5240 1579 5316 μηδὲν
1672 5250 1948 5307 ποιοῦντας

305 5333 454 5401 ἄξιον
508 5335 606 5400 τῆς
677 5330 1025 5410 ιπαγγελίας,
1070 5329 1208 5387 ἀλλὰ
1261 5331 1518 5410 προφάσει
1576 5332 1669 5388 τοῦ
1721 5334 1947 5411 προσεύ-

302 5425 499 5503 χεσθαι
560 5422 758 5497 μακρὰ,
820 5419 1086 5477 τουτέστιν
1154 5418 1239 5475 ἐπὶ
1294 5416 1458 5475 πολύν
1499 5421 1705 5499 καιρόν,
1755 5441 1947 5477 κατεσ-

303 5512 517 5572 θίοντας
577 5510 637 5564 =2.
681 5515 787 5564 ττῦν
830 5508 1020 5588 χηρῶν
1063 5508 1341 5585 χρήματα.
1376 5514 1463 5579 Τῷ
1491 5505 1599 5564 ὅντι
1627 5510 1724 5586 γὰρ
1756 5507 1951 5583 ἐμπαῖ-

302 5621 429 5655 πιιτιι
515 5596 677 5669 ἦσαν,
766 5599 1160 5671 καταγελῶντες

2032 4531 2259 4588 lucrum
2293 4526 2640 4587 humilitatis
2671 4525 2943 4586 indicans
2973 4525 3121 4586 dicit
3153 4545 3166 4587 :
3200 4525 3311 4596 Qui
3358 4526 3549 4604 major
3579 4534 3668 4586 est

2032 4626 2316 4688 vestrum,
2350 4615 2531 4676 debet
2571 4634 2704 4676 esse
2760 4624 2956 4675 vester
3011 4614 3279 4674 minister
3308 4626 3370 4675 et
3401 4614 3665 4676 ultimus.

2030 4705 2137 4777 Qui
2170 4705 2329 4765 enim
2364 4704 2702 4764 exaltaverit
2728 4703 3140 4783 semetipsum,
3174 4703 3396 4783 aliquid
3440 4722 3506 4764 se
3535 4721 3670 4766 esse

2032 4803 2219 4862 ratus,
2256 4792 2669 4853 humiliabitur
2696 4793 3014 4853 derelictus
3043 4811 3077 4853 a
3101 4792 3246 4853 Deo.

2110 4881 2293 4944 Vens.
2336 4882 2426 4944 14.
2472 4904 2496 4937 ο
2527 4880 2631 4942 Vae
2660 4890 2857 4942 autem
2889 4881 3082 4955 vobis,
3112 4880 3336 4943 Scriba:
3370 4889 3428 4941 et
3456 4879 3667 4942 Phari-

2031 4971 2131 5031 saei
2164 4971 2503 5051 hypocriten,
2540 4970 2675 5050 quia
2718 4970 3029 5032 comeditis
3078 4971 3287 5031 domos
3341 4969 3665 5047 viduarum,

2033 5060 2172 5120 dum
2205 5061 2313 5119 sub
2348 5068 2630 5139 praetextu
2695 5060 2975 5139 precibus
3017 5058 3258 5139 prolixis
3288 5058 3616 5140 precamini
3648 5079 3664 5121 :

2033 5156 2275 5227 propter
2306 5148 2417 5208 hoc
2449 5148 2580 5227 plus
2610 5148 2922 5227 accipietis
2952 5148 3371 5208 damnationis.
3414 5173 3437 5207 υ
3478 5150 3670 5229 Hypo-

2033 5237 2210 5297 critas
2239 5237 2347 5297 hos
2376 5246 2565 5309 vocat,
2596 5245 2657 5296 ut
2689 5237 3096 5316 promittentes
3146 5236 3450 5319 pietatem,
3482 5251 3539 5301 et
3569 5238 3668 5299 ni-

2033 5325 2115 5386 hil
2148 5324 2538 5403 promissione
2569 5325 2809 5401 dignum
2839 5326 3125 5387 facientes
3157 5342 3171 5386 :
3209 5326 3314 5386 sed
3351 5334 3672 5406 praetexen-

2032 5423 2119 5475 tes
2147 5432 2209 5474 se
2241 5414 2472 5492 precari
2525 5418 2785 5489 longum,
2820 5415 2931 5475 hoc
2964 5424 3073 5490 est,
3139 5417 3322 5477 multo
3375 5426 3664 5496 tempore,

2032 5503 2315 5563 devorant
2340 5501 2644 5562 viduarum
2678 5503 3002 5565 facultates.
3037 5502 3120 5565 Rc
3148 5513 3343 5565 autem
3372 5505 3498 5585 ipsa
3524 5505 3667 5568 illu-

1256 5598 1361 5651 τῶν
1431 5593 1795 5673 ἁπλουστέρων
1864 5622 1932 5654 κα

2035 5609 2198 5657 sor-es
2244 5600 2401 5660 sunt,
2437 5609 2504 5653 ac
2533 5591 2809 5653 derident
2841 5593 3259 5672 simpliciores,
3290 5602 3346 5656 et
3374 5603 3669 5673 exsugunt
