4106 6280
442 320 562 386 399

1401 322 1995 387 THEOPHYLACTI
2033 324 2441 392 BULGARIE
2476 323 2830 392 ARCHIEP.

3683 289 3808 386 400'

446 478 570 522 eos.
611 455 713 519 «Et
742 456 872 537 plus
902 455 1413 518 condemnationis
1438 457 1807 536 accipietis,»
1841 476 1909 519 eo
1924 456 2074 537 quod

2163 459 2551 534 ἐκμυελίζοντες
2596 461 2804 526 αὐτοις.
2846 483 2869 518 ι
2910 463 2998 517 Διὸ
3027 463 3114 518 καὶ
3145 461 3512 540 περισσότερον
3562 457 3790 533 λήψεσθε

444 568 514 612 ea
571 567 700 626 quae
749 546 1076 618 viduarum,
1128 545 1463 619 comeditis,
1496 545 1708 622 quibus
1767 546 2073 624 oportebat

445 639 627 716 magis
650 634 1050 715 suppeditare,
1080 641 1137 693 et
1167 633 1429 711 ipsarum
1456 633 1712 712 inopiam
1738 635 2067 694 sublevare.

442 726 550 789 Vel
581 725 771 798 aliter,
810 723 990 782 multo
1042 721 1172 800 plus
1221 721 1617 781 damnationis
1648 721 1969 801 accipietis,
2003 739 2073 782 eo

444 815 598 896 quod
635 820 914 893 prietequ
951 810 1085 870 boni
1119 810 1314 886 operis
1348 811 1562 870 malum
1596 811 1875 890 quiddam
1909 831 2073 871 com-

445 903 692 975 mittitis,
728 919 942 978 nempe
989 898 1282 977 precando
1327 899 1630 959 viduarum
1665 899 1840 959 .bona
1869 918 2073 960 come-

445 993 678 1054 dentes.
713 989 917 1069 Majori
971 987 1127 1048 enim
1180 987 1674 1048 condemnatione
1703 987 1940 1064 dignus,
1975 987 2074 1068 qui

445 1088 728 1162 praetextu
759 1077 902 1138 boui
929 1076 991 1136 in
1025 1075 1243 1136 malum
1268 1075 1475 1136 allicit.

526 1262 710 1321 Vens.
744 1254 840 1316 l3.
879 1255 1014 1313 (Vze
1032 1251 1218 1324 vobis,
1246 1251 1466 1313 Scriba:
1496 1259 1555 1312 et
1584 1253 1859 1313 Pharisaei
1890 1253 2070 1332 hypo-

446 1350 628 1426 critaa,
661 1344 798 1425 quia
827 1341 1096 1402 clauditis
1128 1359 1368 1414 regnum
1399 1342 1675 1401 cozlorum
1710 1351 1845 1401 ante
1876 1341 2073 1403 homi-

446 1454 588 1497 nes:
624 1453 723 1494 vos
749 1434 905 1493 enim
936 1447 1049 1489 non
1085 1427 1489 1504 ingredimini,
1525 1447 1715 1507 neque
1746 1429 2070 1490 advenien-

445 1532 533 1585 tes
554 1522 746 1582 sinitis
775 1518 1065 1597 ingredi.»
1101 1520 1232 1580 Non
1258 1516 1468 1589 solum,
1505 1517 1714 1596 inquit,
1751 1517 2069 1578 vosincre-

446 1613 568 1673 duli
627 1609 788 1681 estis,
821 1617 877 1668 ut
936 1611 1110 1667 vitam
1171 1602 1400 1664 habetis
1446 1614 1828 1684 corruptam:
1866 1606 1968 1667 sed
2018 1615 2076 1668 et

442 1701 590 1763 alios
615 1698 839 1760 docetis
879 1714 952 1756 ne
987 1693 1126 1755 mihi
1155 1692 1425 1774 credant,
1460 1702 1516 1753 et
1563 1713 1667 1772 per
1709 1695 1837 1756 vitae
1866 1706 2075 1756 vestrae

2153 563 2340 629 κρῖμα,
2409 569 2439 609 )
2496 549 2624 606 διότι
2655 550 2860 606 ἅπαντα
2884 550 2948 606 τὰ
2990 549 3096 605 τῶν
3124 556 3310 628 χηρῶν
3341 547 3659 625 κατεσθίετε,
3706 558 3793 608 ατς

2154 637 2255 693 ἔδει
2314 638 2515 714 μᾶλλον
2587 639 2935 718 ἔκχορηγεῖν,
2991 640 3076 694 καὶ
3104 640 3202 704 τὴν
3232 639 3410 694 πενίαν
3442 639 3609 694 αύτῶν
3657 632 3785 713 διορ·

2153 729 2180 781 θ
2525 729 2538 746 \
2604 726 2629 746 ν
2809 725 2850 744 Μ
3143 726 3184 758 1-
3334 725 3355 743 1⁸.
3563 725 3577 742 \
3737 723 3746 740 1

2187 748 2242 782 ο)
2308 749 2380 786 αι.
2446 737 2542 784 Και
2599 725 2772 789 αλλως
2804 749 2880 806 οε,
2938 747 3301 803 περισσο.ερον
3334 747 3478 780 εσται
3533 745 3591 778 το
3621 745 3788 778 κατα·-

2156 835 2342 892 κριμα,
2427 815 2507 870 ῧτι
2570 813 2652 869 διὰ
2721 816 3111 893 προσχήματος
3180 815 3374 890 ἀγαθοῦ
3457 811 3632 890 ἔργου,
3701 817 3791 866 τοῦ

2157 904 2564 983 προσεύχεσθαι,
2637 903 2867 974 πονηρόν
2915 924 2964 958 τι
3045 902 3477 981 κατεργάζονται,
3537 903 3598 956 τὸ
3655 922 3789 956 κατ-

2158 992 2341 1045 εσθίειν
2410 992 2474 1046 τὰ
2536 995 2633 1045 τῶν
2691 997 2900 1068 χηρῶν⁶
2964 990 3216 1056 πλειστης
3282 990 3384 1065 γὲια
3437 989 3788 1067 κατακρίσεως

2157 1077 2296 1142 ἄξιος
2357 1081 2383 1134 ὁ
2440 1077 2524 1134 διὰ
2594 1081 2981 1158 προσχήματος
3038 1079 3231 1156 ἀγαθοῦ
3289 1076 3540 1147 δελεάζων
3597 1078 3667 1139 εἷς
3731 1076 3789 1130 16

2154 1187 2221 1221 κα
2227 1166 2316 1221 κόν
2326 1213 2339 1226 .

2242 1277 2269 1307 ¢
2344 1255 2468 1312 Οὖαὶ
2497 1257 2646 1331 ὑμῖν,
2681 1261 3021 1334 Γραμματετς
3053 1256 3139 1310 καὶ
3183 1260 3462 1332 Φαρισαῖοι
3491 1253 3786 1331 ὑποκριταὶ,

2156 1341 2234 1398 ὅτι
2295 1342 2491 1400 κλείετε
2518 1347 2616 1412 τὴν
2671 1344 2939 1422 βασιλείαν
3019 1351 3124 1400 τῶν
3182 1347 3410 1421 οὔρανὼν
3500 1341 3786 1420 ἔμπροσθεν

2157 1436 2261 1486 τῶν
2313 1432 2617 1510 ἀνθρώπων·
2681 1431 2834 1508 ῦμεϊς
2878 1435 2977 1511 γὰρ
3035 1437 3128 1490 οῦκ
3159 1433 3478 1511 εἰσέρχεσθε,
3515 1428 3628 1487 οῦδὲ
3671 1437 3787 1492 τους

2157 1521 2556 1599 εἰσερχομένους
2616 1522 2790 1602 ἀφίετε
2845 1520 3119 1578 εἰσελθεῖν.
3202 1544 3224 1576 ι
3286 1521 3357 1578 O6
3391 1520 3571 1596 μόνον,
3605 1519 3785 1598 φησὶν,

2157 1609 2310 1683 ὑμετς
2361 1608 2571 1668 ἄπιστοί
2601 1611 2743 1686 ἐστε,
2805 1611 3006 1667 καὶτὸν
3029 1609 3140 1686 βίον
3187 1608 3555 1690 διεφθαρμένον
3607 1606 3784 1686 ἔχετε,

2156 1696 2289 1752 ἀλλὰ
2347 1701 2433 1754 καὶ
2492 1700 2696 1779 ἑτέρους
2755 1697 3019 1755 διξάσκετε
3077 1701 3153 1775 μὴ
3194 1702 3454 1755 πιστεύειν
3499 1696 3637 1771 ἐμοὶ,
3703 1695 3789 1750 καὶ

443 1788 775 1866 exemplum
807 1781 1204 1859 corrumpitis.
1239 1779 1570 1842 Solctenim
1605 1784 1894 1862 popuplus
1919 1785 2074 1863 prin-

2163 1783 2240 1840 διὰ
2295 1794 2385 1844 τοῦ
2427 1789 2540 1864 βίου
2609 1795 2700 1845 τοῦ
2728 1790 2974 1867 ὑμετέρου
3011 1792 3098 1845 καὶ
3145 1790 3233 1845 τοῦ
3272 1786 3651 1863 ὑποδείγματος
3679 1782 3790 1838 δια-

444 1877 676 1957 cipibus
725 1874 851 1935 ﬁeri
907 1871 1139 1938 similis,
1172 1878 1228 1930 et
1275 1871 1458 1946 magis
1506 1870 1553 1929 si
1605 1870 1736 1930 illos
1769 1873 1827 1931 in
1857 1872 2072 1932 malum

446 1967 604 2026 videt
655 1979 998 2043 propensos.
1050 1958 1258 2022 Omnis
1315 1959 1507 2038 itaque
1559 1960 1746 2020 malus
1793 1961 2000 2020 doctor
2022 1971 2078 2022 et

447 2055 726 2136 princeps
782 2051 975 2110 videat
1030 2047 1170 2128 quid
1217 2047 1497 2136 lucretur,
1530 2066 1783 2136 Hnempe
1838 2067 1941 2121 vae,
2007 2067 2075 2110 eo

443 2135 598 2226 quod
636 2160 741 2222 per
768 2157 934 2200 suam
954 2137 1126 2196 vitam
1162 2153 1279 2196 non
1310 2135 1451 2196 sinit
1491 2135 1640 2196 alios
1672 2136 1730 2196 in
1764 2136 1918 2198 bono
1947 2157 2077 2217 pro-

441 2235 644 2294 ﬁcere.

526 2324 703 2383 VERS.
742 2317 839 2378 15.
878 2340 901 2370 σι
941 2316 1040 2373 Vae
1065 2312 1250 2386 vobis,
1271 2311 1492 2373 Scriba;
1514 2311 2072 2393 etPharisaaifhypo-

444 2413 625 2481 critre,
663 2406 800 2488 quia
829 2401 1155 2464 circumitis
1188 2418 1348 2488 mare
1377 2409 1434 2459 at
1465 2400 1718 2472 aridam,
1757 2411 1818 2460 ut
1848 2403 2072 2466 faciatis

444 2516 625 2557 unum
659 2487 1034 2575 proselytum:
1059 2498 1114 2549 et
1145 2507 1276 2547 cum
1311 2487 1483 2547 fuerit
1507 2489 1906 2562 factus,facitis
1939 2511 2071 2551 eum

444 2587 625 2647 ﬁlium
659 2583 944 2660 gehennaa
969 2577 1148 2655 duplo
1174 2578 1352 2653 magis
1382 2596 1555 2655 quam
1591 2595 1693 2636 vos
1725 2580 1864 2638 estis
1899 2606 1924 2634 ι
1949 2578 2075 2641 Non

443 2675 657 2752 solum,
695 2669 903 2748 inquit,
926 2666 1163 2728 Judaaos
1189 2665 1591 2742 corrumpitis,
1626 2665 1729 2726 sed
1763 2677 1821 2726 et
1850 2687 1951 2728 eos
1978 2671 2074 2748 qui

445 2780 514 2823 ex
558 2761 850 2824 idolorum
907 2755 1038 2814 125
1085 2753 1240 2815 cultu
1274 2753 1344 2812 ad
1376 2753 1678 2814 Judaicam
1725 2755 2072 2833 religionem

441 2856 837 2912 accesserunt.
862 2845 979 2906 Hos
1002 2850 1154 2904 enim
1184 2842 1504 2921 proselytos
1535 2843 1896 2904 nominabat.
1928 2844 2070 2905 Stu-

441 2939 597 3000 detis
641 2937 878 3017 quidem
930 2941 1278 2996 convertere
1335 2931 1590 3009 aliquem
1643 2932 1712 2990 ad
1767 2929 2070 2994 Judaicam

2159 1875 2409 1954 φθείρετε.
2471 1875 2638 1934 Εῗωθε
2671 1879 2767 1954 γὰρ
2812 1880 2839 1933 6
2881 1875 3006 1940 λαὸς
3039 1880 3345 1952 ὁμοιοῦσθαι
3377 1878 3495 1940 τοῦς
3539 1871 3785 1954 ἄρχουσι,

2157 1964 2245 2018 καὶ
2313 1963 2513 2039 μᾶλλον
2572 1967 2614 2020 εί
2643 1967 2771 2042 πρὸς
2802 1967 2863 2020 τὸ
2912 1967 3071 2022 κακὸν
3113 1965 3365 2042 ῥέποντας
3410 1966 3503 2041 ὁρᾷ
3547 1965 3782 2025 τούτους.

2160 2057 2269 2114 Πᾶς
2321 2053 2409 2108 οὖν
2468 2056 2697 2128 πονηρὸς
2755 2051 3061 2117 διδάσκαλος
3132 2055 3218 2109 καὶ
3290 2053 3471 2132 ἄρχων
3525 2052 3697 2130 ὁράτω
3741 2053 3787 2104 τί

2159 2138 2432 2218 κερδαίνει,
2492 2141 2570 2196 ὅτι
2627 2144 2687 2197 τὸ
2744 2144 2880 2212 οὖαὶ,
2933 2145 3005 2206 ὡς
3035 2141 3118 2197 διὰ
3172 2149 3259 2198 τοῦ
3317 2142 3505 2198 οἰκείου
3559 2142 3674 2216 βίου
3707 2139 3784 2214 μὴ

2157 2228 2256 2282 iqu
2299 2252 2443 2293 τινας
2474 2231 2786 2308 προκόπτειν
2812 2231 2883 2295 εἷς
2914 2231 2974 2287 τό
2999 2231 3210 2308 ἀγαθόν,

2241 2337 2266 2372 ι
2329 2319 2453 2374 Ούαὶ
2507 2321 2654 2393 ὑμῖν,
2733 2326 3073 2397 Γραμματετς
3133 2320 3219 2374 καὶ
3239 2326 3520 2396 Φαρισαῖοι
3561 2320 3786 2396 ὑποκρι-

2156 2405 2260 2476 ταὶ,
2317 2405 2396 2461 ὅτι
2456 2409 2730 2486 περιάγετε
2799 2410 2894 2475 τὴν
2970 2406 3237 2465 θάλασσαν
3305 2409 3392 2464 καὶ
3448 2408 3547 2474 τὴν
3603 2407 3786 2485 ξηρὰν,

2156 2492 2371 2559 ποιῆσαι
2444 2493 2532 2550 ἕνα
2588 2495 2932 2573 προσήλυτον⁹
2995 2498 3081 2550 καὶ
3124 2495 3246 2552 ὅταν
3280 2496 3520 2572 γένηται,
3584 2509 3790 2552 ποιεῖτε

2157 2582 2310 2636 αὖτὸν
2380 2585 2487 2638 υἱὸν
2545 2583 2762 2659 γεέννης
2821 2581 3123 2662 διπλότερον
3207 2586 3379 2660 ὑμῶν.
3444 2608 3470 2640 ι
3502 2586 3573 2642 O6
3603 2585 3788 2658 μόνον,

2157 2671 2304 2746 φησὶ,
2365 2672 2484 2734 τοὺς
2543 2669 2817 2734 Ἰουδαίους
2876 2671 3218 2752 δαφθείρετε,
3263 2672 3507 2728 ἀλλὰκαὶ
3557 2675 3680 2734 τοὺς
3739 2669 3791 2734 ἕξ

2157 2754 2546 2837 εἷδωλολατρῶν
2603 2760 2984 2838 προσελθόντας
3042 2767 3108 2836 τῇ
3160 2758 3427 2836 Ἰουδαϊκῇ
3500 2759 3782 2836 θρησκείῳ

2151 2845 2363 2908 τούτους
2443 2849 2542 2925 γαρ
2637 2847 2996 2926 προσηλύτους
3091 2849 3383 2921 ὠνόμαζον.
3461 2845 3782 2916 Σπουδάζετι

2153 2933 2250 3006 μὲν
2305 2935 2402 3010 γὰρ
2432 2934 2738 3013 ἐπιστρέψαι
2804 2937 2920 2991 τινὰ
2973 2938 3103 3014 πρὸς
3156 2937 3254 3001 τὴν
3314 2932 3604 3001 Ἰουδαΐκὴν
3635 2932 3785 3010 ἀγω-

440 3025 947 3090 conversationem
981 3029 1036 3080 et
1066 3018 1136 3079 ad
1159 3019 1944 3099 circumcisionemuluantlo
1971 3041 2071 3081 au-

2163 3021 2251 3096 γὴν
2321 3025 2407 3078 καὶ
2467 3025 2781 3102 περιτομὴνο
2839 3027 2962 3081 ὃταν
2992 3024 3044 3079 δὲ
3067 3021 3352 3100 Ἰουδαΐσῃ,
3398 3024 3515 3079 τότε
3546 3022 3783 3078 ἀπόλλυ-

442 3125 556 3178 tem
584 3113 862 3194 judaizat.
891 3117 1032 3172 tunc
1066 3107 1216 3187 perit
1245 3127 1276 3166 a
1306 3116 1499 3166 vestra
1530 3107 1782 3167 infectus
1809 3109 2066 3170 malitia:

442 3206 597 3265 ﬁlius
622 3215 815 3263 autem
847 3201 1152 3278 gehennae,
1189 3196 1288 3274 qui
1315 3194 1526 3272 dignm
1563 3206 1652 3254 est
1682 3195 1942 3270 illa,cum
1967 3215 2080 3277 qua

440 3292 894 3354 familiaritatem
927 3285 1103 3345 habet
1132 3284 1187 3342 in
1221 3284 1319 3342 illa
1351 3284 1720 3360 ﬁagraturus.

523 3379 709 3442 Vens.
743 3372 1108 3439 1&2?me
1140 3371 1325 3447 vobis,
1359 3375 1543 3431 duces
1562 3371 1830 3452 czeci,qui
1856 3373 2076 3436 dicitis:

443 3461 1098 3546 Quicunquejuraverit
1127 3459 1708 3538 pertemplumuiihil
1731 3469 1838 3522 est:
1859 3463 1956 3540 qui
1985 3481 2083 3521 au-

441 3567 556 3619 tem
586 3555 879 3637 juraverit
927 3568 1031 3630 per
1085 3565 1292 3607 aurum
1345 3547 1574 3625 templi,
1605 3547 1798 3607 debet.
1829 3551 1996 3611 Stulti
2028 3559 2085 3611 et

439 3644 758 3724 caeci,quid
778 3641 934 3700 enim
952 3638 1139 3715 majus
1159 3645 1586 3724 est,aurum,an
1623 3637 1900 3713 templum
1928 3641 2081 3718 quod

439 3723 770 3795 sanctificat
797 3733 1035 3788 aurum?
1067 3724 1138 3784 Et
1169 3723 1508 3802 quicunque
1534 3724 1828 3800 juraverit
1861 3745 1965 3804 per
1993 3727 2083 3787 al-

436 3832 585 3902 tare,
618 3821 764 3881 nihil
799 3825 884 3877 est
917 3837 930 3877 :
961 3815 1296 3902 quicunque
1319 3818 1515 3902 autem
1536 3812 1955 3902 juraverit'per
1982 3817 2079 3875 do.

439 3899 581 3972 num
623 3909 780 3989 quod
815 3915 902 3966 est
931 3920 1108 3982 super
1141 3901 1307 3972 illud,
1340 3899 1539 3960 debet.
1575 3899 1752 3960 Stulti
1808 3921 1876 3962 ac
1916 3904 2078 3979 caaci,

438 4000 582 4078 quid
618 3998 774 4060 enim
810 3995 998 4072 majus
1021 3990 1462 4062 est,tlonum,an
1490 3989 1670 4050 altare
1693 3990 1844 4068 quod
1872 3995 2083 4052 sancti-

441 4090 575 4150 ﬁcat
604 4083 853 4146 donum?
905 4081 1013 4152 Qui
1047 4098 1183 4155 ergo
1227 4078 1514 4155 juraverit
1546 4095 1652 4155 per
1681 4079 1886 4156 altare,
1913 4080 2079 4158 jurat

439 4196 546 4258 per
576 4174 720 4236 illud
767 4184 825 4233 et
871 4189 975 4251 per
1005 4168 1202 4258 omnia
1235 4183 1375 4258 quae,
1412 4183 1593 4244 super
1623 4167 1763 4258 illud
1797 4178 1954 4258 sunt.
2012 4170 2080 4228 Et

439 4254 537 4346 qui
567 4264 858 4344 juraverit
892 4276 995 4338 per
1027 4254 1516 4346 templum;j_urat
1551 4255 1830 4346 periillud
1878 4263 1933 4317 et
1975 4275 2079 4335 per

2159 3129 2269 3187 ται,
2333 3107 2757 3190 διαφθειρόμενος
2813 3115 2913 3169 ὕπὸ
2980 3112 3074 3179 τῆς
3128 3115 3272 3188 ὑμῶν
3300 3113 3509 3175 κακίας·
3572 3113 3677 3174 νὶὸς
3733 3107 3787 3164 δὲ

2159 3197 2400 3274 γεέννης,
2459 3202 2487 3255 6
2543 3199 2683 3266 ἃξιος
2738 3201 2959 3282 ταύτης,
3031 3202 3118 3257 καὶ
3171 3200 3470 3267 οἰκειότητά
3511 3221 3627 3256 τινα
3655 3199 3787 3276 πρὸς

2162 3285 2326 3352 αὐτὴν
2358 3287 2500 3366 ἔχων
2531 3288 2666 3346 ὥστε
2698 3293 2951 3356 καυθῆναι
2983 3290 3069 3346 ὑπ’
3104 3288 3288 3356 αὐτῆς.
3620 3350 3642 3372 φ,

2249 3384 2273 3419 α
2311 3364 2436 3424 0ὒαῖ
2494 3369 2644 3442 ὑμῖν,
2729 3367 2910 3446 ὁδηγυί
2959 3368 3164 3448 τυφλοὶ,
3197 3372 3241 3423 οἱ
3289 3366 3532 3446 λέγοντας
3565 3383 3580 3397 ’
3621 3364 3701 3427 ’ος
3732 3364 3794 3421 ἂν

2163 3452 2334 3530 ὀμόσῃ
2395 3453 2445 3510 iv
2501 3462 2576 3529 τῷ
2634 3463 2764 3532 ναῷ,
2801 3455 2942 3514 οὐδέν
2973 3457 3132 3513 ἐστιν·
3170 3455 3228 3520 ὅς
3258 3454 3304 3511 δ’
3334 3456 3395 3511 ἄν
3423 3456 3596 3532 ὀμόσῃ
3628 3453 3680 3509 iv
3717 3459 3793 3526 τῷ

2164 3549 2346 3619 χρυσῷ
2398 3550 2490 3599 τοῦ
2548 3555 2692 3620 ναοῦ,
2752 3543 2968 3624 ὀτρείλει.
3028 3546 3203 3623 Μωροὶ
3227 3545 3315 3598 καὶ
3339 3543 3541 3622 τυφλοὶ,
3577 3545 3626 3598 τί
3693 3543 3794 3619 γὰρ

2167 3637 2348 3704 μεῖζον
2414 3629 2576 3710 ἐστὶν,
2635 3635 2661 3687 6
2721 3635 2937 3711 χρυσὸς,
2998 3632 3033 3699 ἢ
3084 3635 3112 3687 ὁ
3168 3634 3290 3692 ναὸς
3352 3633 3380 3684 6
3434 3633 3664 3708 ἁγιάζων
3703 3633 3794 3686 τὸν

2165 3717 2358 3795 χρυσόν
2391 3736 2406 3792 ;
2474 3722 2570 3777 Καὶ
2598 3719 2654 3784 ὅς
2708 3720 2797 3775 έαν
2828 3721 3000 3796 ὀμόσῃ
3032 3720 3086 3776 iv
3115 3725 3191 3792 τῷ
3227 3721 3599 3800 θυσιαστηρίῳ,
3647 3717 3794 3775 οὐδέν

2164 3806 2325 3863 ἐστιν·
2383 3807 2441 3872 ὅς
2489 3807 2533 3862 δ’
2586 3807 2646 3864 ἄν
2703 3809 2874 3885 ὀμόσῃ
2935 3809 2989 3864 iv
3017 3812 3092 3882 τῴ
3119 3806 3268 3887 δώρῳ
3295 3815 3371 3881 τῷ
3401 3808 3579 3864 ἐπάνω
3607 3812 3788 3882 αὐτοῦ,

2163 3895 2379 3974 ὀφείλει,
2430 3899 2607 3974 Μωροὶ
2663 3899 2750 3952 καὶ
2805 3895 3008 3977 τυφλοὶ,
3053 3899 3102 3952 τί
3130 3899 3230 3973 γὰρ
3260 3905 3466 3976 μεῖζον,
3508 3900 3569 3952 τὸ
3600 3895 3788 3976 δῶρον,

2161 3983 2198 4050 ἢ
2267 3986 2329 4039 τὸ
2355 3986 2718 4061 θυσιαστὴριον
2748 3987 2808 4040 τὸ
2837 3987 3051 4063 ἁγιάζον
3081 3988 3140 4041 τὸ
3171 3985 3335 4064 δῶρον
3378 4006 3395 4060 ;
3452 3979 3507 4043 Ὀ
3539 3986 3625 4042 06v
3655 3989 3790 4061 ὀμό-

2161 4093 2257 4135 σας
2314 4071 2368 4127 iv
2423 4080 2498 4147 τῷ
2551 4075 2920 4154 θυσιαστηρίῳ,
2955 4077 3131 4148 ὀμνύει
3163 4075 3215 4130 iv
3245 4077 3386 4149 αὒτῷ
3443 4076 3527 4130 καὶ
3575 4074 3627 4130 iv
3659 4082 3786 4130 πᾶσι

2159 4173 2275 4224 τοῖς
2329 4162 2506 4216 ὲπάνω
2578 4165 2754 4236 αὒτοῦ,
2813 4165 2900 4218 καὶ
2954 4166 2981 4218 6
3013 4163 3210 4238 ὀμόσας
3240 4163 3294 4219 iv
3322 4167 3388 4238 τῇ
3444 4169 3575 4237 ναῷ,
3613 4163 3791 4238 ὀμνύει

2161 4249 2216 4303 iv
2286 4248 2427 4321 αύτῷ
2457 4251 2543 4305 καὶ
2573 4249 2626 4305 ἐν
2655 4258 2731 4324 τῷ
2760 4258 3089 4307 κατοικοῦντι
3157 4252 3336 4325 αὐτὸν,
3396 4252 3482 4307 καὶ
3511 4253 3539 4307 6
3589 4253 3790 4326 ὀμόσας

440 4337 700 4433 eum'qui
721 4337 943 4412 habitat
961 4347 1018 4406 in
1043 4347 1276 4422 ipso.Et
1295 4344 1391 4422 qui
1409 4344 1812 4433 juraveritper
1837 4346 2073 4424 ccelum,

2163 4337 2212 4392 iv
2270 4344 2344 4410 τῷ
2399 4339 2623 4415 οὐρανῷ,
2683 4341 2861 4413 ὀμνύει
2933 4342 2984 4398 iv
3043 4349 3119 4415 τῷ
3172 4344 3337 4419 θρόνῳ
3379 4347 3471 4396 τοῦ
3516 4341 3666 4414 Θεοῦ,
3706 4343 3796 4399 καὶ

435 4432 719 4524 juratper
745 4441 1022 4499 thronum
1048 4434 1148 4494 Dei
1182 4441 1238 4524 et
1267 4449 1373 4504 per
1403 4449 1534 4524 eum
1566 4432 1664 4524 qui
1707 4432 1874 4524 sedet
1904 4452 2081 4512 super

437 4520 750 4593 ἰιιυπιξηρτ]
775 4545 874 4588 cos
905 4543 1005 4585 eos
1039 4520 1464 4599 nominat,quia
1485 4520 1992 4581 nolebantdocere
2013 4541 2081 4583 ea

439 4638 571 4701 quae
607 4616 853 4678 decebat
911 4635 923 4675 :
979 4621 1035 4671 et
1066 4629 1196 4690 qua:
1228 4609 1435 4701 minori
1469 4607 1596 4667 loco
1629 4607 2074 4701 debebantcoli,

436 4697 877 4771 venercbantur
901 4724 913 4764 :
941 4719 1070 4780 quae
1112 4700 1406 4778 praecipua
1437 4705 1624 4768 erant,
1661 4697 1718 4755 in
1751 4699 2076 4759 secundum

439 4798 709 4859 ordinem
735 4791 1094 4853 referebant.
1127 4785 1357 4846 Etenim
1391 4803 1596 4844 aurum
1638 4783 1698 4844 in
1758 4787 1998 4865 templo,
2021 4796 2080 4847 et

439 4884 1093 4957 Cherubin,etaureum
1115 4892 1357 4934 urceum
1386 4871 1774 4951 praeferebant
1805 4874 2022 4953 templo
2058 4897 2070 4933 :

435 4978 570 5037 ideo
595 4982 654 5035 et
686 4971 874 5031 inulto
908 4966 1199 5027 docebant
1220 4962 1371 5041 quod
1395 4959 1538 5019 nihil
1559 4960 1630 5020 sit
1663 4979 1768 5038 per
1789 4963 2072 5041 templum

429 5061 766 5146 jurare,sed
795 5076 901 5140 per
922 5073 1126 5117 aurum
1148 5053 1208 5112 in
1223 5049 1439 5146 templo
1458 5049 1851 5146 jacens,quod
1876 5059 2073 5146 tamen

437 5137 752 5233 propterea
783 5137 1126 5206 venerabile
1149 5137 1457 5233 erat,_quia
1487 5137 1788 5233 intemplo
1812 5139 2076 5233 contine-

439 5225 707 5301 batur.Et
731 5237 884 5296 dona
905 5252 1035 5313 quae
1067 5231 1125 5290 in
1157 5228 1360 5290 altario
1396 5225 1788 5306 ponebantur,
1809 5226 2077 5304 digniora

441 5328 718 5389 dicebant
748 5324 952 5384 altario
986 5321 1113 5399 ipso
1150 5341 1161 5375 :
1189 5328 1362 5395 atque
1387 5315 1532 5374 adeo
1566 5314 1841 5374 l'hariswi
1865 5315 1950 5375 sic
1972 5317 2072 5378 do-

437 5416 745 5485 cebant,ut
786 5413 835 5471 si
868 5410 1272 5490 quisjurasset
1295 5421 1397 5482 per
1418 5420 1661 5464 aureum
1693 5421 1810 5475 vas,
1837 5403 1926 5463 vel
1959 5403 2069 5464 bo-

435 5525 565 5567 vem
620 5503 710 5563 vel
760 5520 925 5562 ovem
961 5497 1212 5557 oblatam
1248 5495 1304 5552 in
1350 5492 1728 5571 sacriﬁcium,
1767 5501 1822 5552 et
1854 5491 2069 5556 deinde

439 5588 1011 5676 pejerasset,similia
1029 5581 1651 5664 persolveret.Donum
1683 5579 1840 5640 enim
1861 5579 2068 5642 altario

2163 4425 2215 4480 iv
2270 4433 2347 4498 τῷ
2416 4427 2700 4502 καθημένῳ
2769 4429 2946 4485 ἐπάνω
3002 4431 3178 4491 αὐτοῦ,
3257 4451 3279 4484 ι
3317 4427 3549 4507 Τυφλοὺς
3606 4430 3791 4494 αὖτοὺς

2163 4515 2429 4592 ὀνομάζει,
2474 4517 2546 4578 ὡς
2605 4517 2682 4590 μὴ
2755 4515 2999 4583 θέλοντας
3050 4520 3113 4574 τὰ
3169 4517 3434 4596 πρέποντα
3503 4515 3786 4591 διδάσκειν,

2162 4605 2248 4657 καὶ
2309 4605 2372 4658 τὰ
2431 4603 2526 4676 μὲν
2608 4603 2992 4685 Ιελαχιστότερα
3057 4611 3343 4686 τιμῶντας,
3415 4607 3480 4660 τὰ
3533 4603 3587 4660 δὲ
3634 4607 3792 4680 τιμῆς

2162 4691 2277 4754 ἄξια
2333 4689 2569 4769 δευτέρου
2623 4691 2784 4769 λόγου
2841 4694 3132 4759 ἀξιοῦντας.
3194 4696 3289 4752 Καὶ
3338 4697 3436 4772 γὰρ
3505 4696 3592 4748 τὸν
3651 4717 3791 4773 χρυ-

2160 4782 2251 4834 σὸν
2331 4781 2421 4835 τὸν
2478 4779 2531 4833 ἐν
2598 4787 2676 4854 τῷ
2736 4789 2864 4858 ναῷ,
2923 4785 3012 4839 καὶ
3038 4785 3103 4839 τὰ
3135 4781 3394 4861 Χερουϐὶμ
3423 4796 3510 4838 καί
3539 4783 3636 4848 τὴν
3664 4784 3792 4838 στό-

2160 4890 2289 4942 μνον
2345 4869 2441 4936 τὴν
2495 4875 2700 4947 χρυσῆν
2781 4873 3075 4947 προετίμων
3127 4875 3285 4929 αὐτοῦ
3342 4880 3489 4930 ναοῦ.
3543 4873 3635 4927 Διὸ
3706 4876 3795 4931 καὶ

2157 4959 2275 5020 τοὺς
2333 4957 2560 5021 πολλοὺς
2618 4956 2883 5016 ἓδίδασκον
2952 4960 3031 5015 ὅτι
3093 4959 3234 5019 οὐδέν
3265 4960 3372 5016 ἐστι
3424 4963 3485 5017 τὸ
3536 4962 3670 5018 κατᾶ
3699 4979 3794 5029 τοῦ

2159 5049 2285 5102 ναοῦ
2340 5047 2571 5121 ὀμνύειν,
2628 5046 2764 5104 ἀλλὰ
2819 5049 2876 5104 τὸ
2931 5050 3004 5111 εὶς
3054 5051 3145 5104 τὸν
3201 5052 3397 5128 χρυσὸν
3427 5051 3518 5104 τὸν
3547 5056 3622 5124 τῷ
3682 5058 3793 5126 ναῷ

2159 5135 2545 5212 περικείμενον,
2598 5133 2654 5198 ὅς
2711 5133 2794 5191 διὰ
2850 5144 3003 5193 τοῦτο
3031 5138 3244 5200 πάντως
3295 5135 3561 5213 αἰδέσιμος
3591 5139 3678 5215 ἧν,
3713 5142 3794 5197 ὃτι

2155 5229 2232 5296 τῷ
2288 5227 2396 5296 ναῷ
2451 5222 2768 5301 περιέκειτο.
2820 5226 2918 5282 Καὶ
2966 5227 3031 5281 τὰ
3059 5223 3198 5304 δῶρα
3240 5224 3294 5280 δὲ
3344 5227 3408 5280 τὰ
3441 5226 3525 5282 ἐπὶ
3553 5231 3642 5283 τοῦ
3696 5233 3793 5284 θυ-

2158 5313 2458 5388 σιαστηρίου
2526 5314 2793 5392 τιθέμενα,
2850 5315 3134 5393 τιμιώτερα
3199 5313 3382 5393 ἔλεγον
3443 5317 3583 5373 εἶναι
3640 5321 3797 5376 αὒτοῦ

2155 5409 2246 5457 1.6
2301 5402 2690 5480 θυσιαστηρίουο
2751 5404 2886 5458 ὥστε
2950 5405 3038 5460 καὶ
3119 5404 3284 5469 οὕτως
3356 5403 3694 5483 έδογμάτιζον
3745 5422 3798 5475 οι

2152 5499 2455 5569 Φαρισαῖοι,
2542 5489 2620 5546 ὅτι
2711 5491 2799 5546 ἐὰν
2858 5513 2939 5555 τις
2995 5491 3173 5568 ὢμοσε
3247 5494 3383 5548 κατὰ
3435 5501 3526 5551 τοῦ
3597 5508 3800 5575 χρυσοῦ

2151 5577 2385 5653 σκεύους,
2448 5577 2484 5643 ἢ
2541 5578 2655 5652 βιὸς
2712 5577 2748 5643 ἤ
2806 5578 3070 5657 προϐάτου
3125 5582 3198 5643 εἰς
3249 5582 3426 5639 θυσίαν
3453 5585 3799 5663 προσαχθένο
