  <div class='ocr_page' id='page_1' title='image "/cluster/home/n/w/nwhite01/storage/ocr_20150623/123/mdp.39015009359079/208.png"; bbox 0 0 4148 6290; ppageno 0'>
   <div class='ocr_carea' id='block_1_1' title="bbox 342 386 462 453">
    <p class='ocr_par' dir='ltr' id='par_1_1' title="bbox 342 386 462 453">
     <span class='ocr_line' id='line_1_1' title="bbox 342 386 462 453; baseline 0.042 -5"><span class='ocrx_word' id='word_1_1' title='bbox 342 386 462 453; x_wconf 76' lang='grc'><strong>401</strong></span> 
     </span>
    </p>
   </div>
   <div class='ocr_carea' id='block_1_2' title="bbox 949 389 1994 475">
    <p class='ocr_par' dir='ltr' id='par_1_2' title="bbox 949 389 1994 467">
     <span class='ocr_line' id='line_1_2' title="bbox 949 389 1994 467; baseline -0.007 -10"><span class='ocrx_word' id='word_1_2' title='bbox 949 391 1391 458; x_wconf 75' lang='grc' dir='ltr'><strong>ΕΝΑΒΡιΑΤΙΟ</strong></span> <span class='ocrx_word' id='word_1_3' title='bbox 1418 397 1499 467; x_wconf 84' lang='grc' dir='ltr'><strong>ΙΝ</strong></span> <span class='ocrx_word' id='word_1_4' title='bbox 1543 389 1994 458; x_wconf 68' lang='lat' dir='ltr'><strong>EVANGBLIU</strong></span> 
     </span>
    </p>
   </div>
   <div class='ocr_carea' id='block_1_3' title="bbox 2076 389 3113 475">
    <p class='ocr_par' dir='ltr' id='par_1_3' title="bbox 2097 390 3113 475">
     <span class='ocr_line' id='line_1_3' title="bbox 2097 390 3113 475; baseline -0.002 -22"><span class='ocrx_word' id='word_1_5' title='bbox 2097 390 2495 475; x_wconf 56' lang='lat' dir='ltr'><strong>Mummi.</strong></span> <span class='ocrx_word' id='word_1_6' title='bbox 2540 425 2619 437; x_wconf 88' lang='grc'><strong>-</strong></span> <span class='ocrx_word' id='word_1_7' title='bbox 2660 391 2823 454; x_wconf 79' lang='lat' dir='ltr'><strong>CAP.</strong></span> <span class='ocrx_word' id='word_1_8' title='bbox 2894 390 3113 454; x_wconf 79' lang='lat' dir='ltr'><strong>mn.</strong></span> 
     </span>
    </p>
   </div>
   <div class='ocr_carea' id='block_1_4' title="bbox 3579 386 3735 487">
    <p class='ocr_par' dir='ltr' id='par_1_4' title="bbox 3579 386 3735 487">
     <span class='ocr_line' id='line_1_4' title="bbox 3579 386 3735 487; baseline -0.013 -12"><span class='ocrx_word' id='word_1_9' title='bbox 3579 386 3703 475; x_wconf 70' lang='grc'><strong>402</strong></span> <span class='ocrx_word' id='word_1_10' title='bbox 3728 484 3735 487; x_wconf 45' lang='grc'><strong>,</strong></span> 
     </span>
    </p>
   </div>
   <div class='ocr_carea' id='block_1_5' title="bbox 347 517 1994 609">
    <p class='ocr_par' dir='ltr' id='par_1_5' title="bbox 347 517 1987 597">
     <span class='ocr_line' id='line_1_5' title="bbox 347 517 1987 597; baseline 0.012 -29"><span class='ocrx_word' id='word_1_11' title='bbox 347 536 468 587; x_wconf 81' lang='grc' dir='ltr'>τος,</span> <span class='ocrx_word' id='word_1_12' title='bbox 532 517 655 571; x_wconf 80' lang='grc' dir='ltr'>εἶτα</span> <span class='ocrx_word' id='word_1_13' title='bbox 712 517 1031 597; x_wconf 78' lang='grc' dir='ltr'>ὲπιώρκησε,</span> <span class='ocrx_word' id='word_1_14' title='bbox 1079 518 1440 592; x_wconf 70' lang='grc' dir='ltr'>κατεδικάζετο</span> <span class='ocrx_word' id='word_1_15' title='bbox 1482 521 1546 578; x_wconf 80' lang='grc' dir='ltr'><strong>τὰ</strong></span> <span class='ocrx_word' id='word_1_16' title='bbox 1581 522 1676 580; x_wconf 77' lang='grc' dir='ltr'><strong>ἴσα</strong></span> <span class='ocrx_word' id='word_1_17' title='bbox 1720 525 1987 587; x_wconf 80' lang='grc' dir='ltr'>ἀποτίσαι.</span> 
     </span>
    </p>
   </div>
   <div class='ocr_carea' id='block_1_6' title="bbox 2076 517 3703 609">
    <p class='ocr_par' dir='ltr' id='par_1_6' title="bbox 2076 521 3703 609">
     <span class='ocr_line' id='line_1_6' title="bbox 2076 521 3703 609; baseline 0.002 -26"><span class='ocrx_word' id='word_1_18' title='bbox 2076 524 2460 601; x_wconf 65' lang='lat' dir='ltr'><strong>praeferebant</strong></span> <span class='ocrx_word' id='word_1_19' title='bbox 2489 523 3073 606; x_wconf 74' lang='lat' dir='ltr'><strong>propterbostiarum</strong></span> <span class='ocrx_word' id='word_1_20' title='bbox 3094 523 3278 585; x_wconf 87' lang='lat' dir='ltr'><strong>lucra.</strong></span> <span class='ocrx_word' id='word_1_21' title='bbox 3303 521 3470 609; x_wconf 82' lang='lat' dir='ltr'><strong>Quod</strong></span> <span class='ocrx_word' id='word_1_22' title='bbox 3494 522 3543 583; x_wconf 86' lang='grc' dir='ltr'>εἰ</span> <span class='ocrx_word' id='word_1_23' title='bbox 3565 523 3703 604; x_wconf 79' lang='lat' dir='ltr'><strong>quis</strong></span> 
     </span>
    </p>
   </div>
   <div class='ocr_carea' id='block_1_7' title="bbox 349 600 1993 689">
    <p class='ocr_par' dir='ltr' id='par_1_7' title="bbox 349 600 1993 689">
     <span class='ocr_line' id='line_1_7' title="bbox 349 600 1993 689; baseline 0.009 -33"><span class='ocrx_word' id='word_1_24' title='bbox 349 603 431 689; x_wconf 64' lang='grc' dir='ltr'><strong>τὸ</strong></span> <span class='ocrx_word' id='word_1_25' title='bbox 488 604 587 681; x_wconf 79' lang='grc' dir='ltr'>γὰρ</span> <span class='ocrx_word' id='word_1_26' title='bbox 658 600 821 684; x_wconf 77' lang='grc' dir='ltr'>δῶρον</span> <span class='ocrx_word' id='word_1_27' title='bbox 875 617 964 667; x_wconf 80' lang='grc' dir='ltr'>τοῦ</span> <span class='ocrx_word' id='word_1_28' title='bbox 1014 609 1376 687; x_wconf 78' lang='grc' dir='ltr'>θυσιαστηρίου</span> <span class='ocrx_word' id='word_1_29' title='bbox 1432 614 1728 689; x_wconf 79' lang='grc' dir='ltr'>προετίμων</span> <span class='ocrx_word' id='word_1_30' title='bbox 1786 616 1870 673; x_wconf 80' lang='grc' dir='ltr'><strong>διὰ</strong></span> <span class='ocrx_word' id='word_1_31' title='bbox 1928 616 1993 671; x_wconf 76' lang='grc' dir='ltr'>τὰ</span> 
     </span>
    </p>
   </div>
   <div class='ocr_carea' id='block_1_8' title="bbox 350 688 1992 780">
    <p class='ocr_par' dir='ltr' id='par_1_8' title="bbox 350 688 1992 780">
     <span class='ocr_line' id='line_1_8' title="bbox 350 688 1992 780; baseline 0.01 -35"><span class='ocrx_word' id='word_1_32' title='bbox 350 688 419 745; x_wconf 74' lang='grc' dir='ltr'>ἐκ</span> <span class='ocrx_word' id='word_1_33' title='bbox 488 697 593 748; x_wconf 87' lang='grc' dir='ltr'><strong>τῶν</strong></span> <span class='ocrx_word' id='word_1_34' title='bbox 674 698 861 750; x_wconf 79' lang='grc' dir='ltr'>θυσιῶν</span> <span class='ocrx_word' id='word_1_35' title='bbox 918 694 1097 772; x_wconf 87' lang='grc' dir='ltr'>κέρδη,</span> <span class='ocrx_word' id='word_1_36' title='bbox 1186 699 1243 753; x_wconf 86' lang='grc' dir='ltr'><strong>Εἰ</strong></span> <span class='ocrx_word' id='word_1_37' title='bbox 1272 697 1326 753; x_wconf 80' lang='grc' dir='ltr'>δὲ</span> <span class='ocrx_word' id='word_1_38' title='bbox 1356 700 1490 755; x_wconf 83' lang='grc' dir='ltr'>κατὰ</span> <span class='ocrx_word' id='word_1_39' title='bbox 1521 711 1611 760; x_wconf 82' lang='grc' dir='ltr'><strong>τοῦ</strong></span> <span class='ocrx_word' id='word_1_40' title='bbox 1642 714 1764 763; x_wconf 84' lang='grc' dir='ltr'>ναοῦ</span> <span class='ocrx_word' id='word_1_41' title='bbox 1792 706 1992 780; x_wconf 82' lang='grc' dir='ltr'>ὀμόσας</span> 
     </span>
    </p>
   </div>
   <div class='ocr_carea' id='block_1_9' title="bbox 350 776 1992 867">
    <p class='ocr_par' dir='ltr' id='par_1_9' title="bbox 350 776 1992 867">
     <span class='ocr_line' id='line_1_9' title="bbox 350 776 1992 867; baseline 0.01 -34"><span class='ocrx_word' id='word_1_42' title='bbox 350 776 713 859; x_wconf 75' lang='grc' dir='ltr'><strong>ἐπιώρκησεν,</strong></span> <span class='ocrx_word' id='word_1_43' title='bbox 769 778 881 839; x_wconf 76' lang='grc' dir='ltr'>ἐπεὶ</span> <span class='ocrx_word' id='word_1_44' title='bbox 952 789 1044 842; x_wconf 69' lang='grc' dir='ltr'>οὒκ</span> <span class='ocrx_word' id='word_1_45' title='bbox 1097 782 1320 851; x_wconf 76' lang='grc' dir='ltr'>ἧδὺνατο</span> <span class='ocrx_word' id='word_1_46' title='bbox 1375 789 1560 860; x_wconf 80' lang='grc' dir='ltr'>δμοιον</span> <span class='ocrx_word' id='word_1_47' title='bbox 1584 798 1661 865; x_wconf 84' lang='grc' dir='ltr'>τῷ</span> <span class='ocrx_word' id='word_1_48' title='bbox 1716 776 1834 867; x_wconf 65' lang='grc' dir='ltr'><strong>ναιῖ.»⁷</strong></span> <span class='ocrx_word' id='word_1_49' title='bbox 1874 794 1992 849; x_wconf 71' lang='grc' dir='ltr'>κτίο</span> 
     </span>
    </p>
   </div>
   <div class='ocr_carea' id='block_1_10' title="bbox 352 868 1993 960">
    <p class='ocr_par' dir='ltr' id='par_1_10' title="bbox 352 868 1993 960">
     <span class='ocr_line' id='line_1_10' title="bbox 352 868 1993 960; baseline 0.01 -38"><span class='ocrx_word' id='word_1_50' title='bbox 352 889 470 939; x_wconf 88' lang='grc' dir='ltr'>σαι,</span> <span class='ocrx_word' id='word_1_51' title='bbox 543 868 626 924; x_wconf 79' lang='grc' dir='ltr'><strong>διὰ</strong></span> <span class='ocrx_word' id='word_1_52' title='bbox 693 878 845 927; x_wconf 79' lang='grc' dir='ltr'>τοῦτο</span> <span class='ocrx_word' id='word_1_53' title='bbox 875 871 1152 928; x_wconf 72' lang='grc' dir='ltr'>ἀπελύετο·</span> <span class='ocrx_word' id='word_1_54' title='bbox 1198 876 1284 930; x_wconf 82' lang='grc' dir='ltr'><strong>καὶ</strong></span> <span class='ocrx_word' id='word_1_55' title='bbox 1328 873 1494 931; x_wconf 82' lang='grc' dir='ltr'>ἐδόκει</span> <span class='ocrx_word' id='word_1_56' title='bbox 1551 877 1736 934; x_wconf 81' lang='grc' dir='ltr'>λοιπὸν</span> <span class='ocrx_word' id='word_1_57' title='bbox 1765 880 1993 960; x_wconf 79' lang='grc' dir='ltr'>ἐλαφρό-</span> 
     </span>
    </p>
   </div>
   <div class='ocr_carea' id='block_1_11' title="bbox 348 957 1994 1049">
    <p class='ocr_par' dir='ltr' id='par_1_11' title="bbox 348 957 1994 1049">
     <span class='ocr_line' id='line_1_11' title="bbox 348 957 1994 1049; baseline 0.01 -40"><span class='ocrx_word' id='word_1_58' title='bbox 348 976 507 1033; x_wconf 81' lang='grc' dir='ltr'>τερος</span> <span class='ocrx_word' id='word_1_59' title='bbox 580 958 721 1012; x_wconf 77' lang='grc' dir='ltr'>εἷναι</span> <span class='ocrx_word' id='word_1_60' title='bbox 753 961 779 1012; x_wconf 82' lang='lat'><strong>6</strong></span> <span class='ocrx_word' id='word_1_61' title='bbox 822 957 976 1037; x_wconf 73' lang='grc' dir='ltr'>ὅρκος</span> <span class='ocrx_word' id='word_1_62' title='bbox 1009 963 1035 1016; x_wconf 98' lang='lat'><strong>6</strong></span> <span class='ocrx_word' id='word_1_63' title='bbox 1081 964 1153 1024; x_wconf 85' lang='grc' dir='ltr'>εἰς</span> <span class='ocrx_word' id='word_1_64' title='bbox 1183 964 1274 1018; x_wconf 87' lang='grc' dir='ltr'>τὸν</span> <span class='ocrx_word' id='word_1_65' title='bbox 1295 965 1440 1038; x_wconf 84' lang='grc' dir='ltr'>ναὸν,</span> <span class='ocrx_word' id='word_1_66' title='bbox 1487 962 1569 1021; x_wconf 79' lang='grc' dir='ltr'><strong>διὰ</strong></span> <span class='ocrx_word' id='word_1_67' title='bbox 1600 968 1660 1022; x_wconf 81' lang='grc' dir='ltr'><strong>τό</strong></span> <span class='ocrx_word' id='word_1_68' title='bbox 1692 957 1994 1049; x_wconf 75' lang='grc' dir='ltr'>φιλοκερδὲς</span> 
     </span>
    </p>
   </div>
   <div class='ocr_carea' id='block_1_12' title="bbox 350 1047 1997 1134">
    <p class='ocr_par' dir='ltr' id='par_1_12' title="bbox 350 1047 1997 1134">
     <span class='ocr_line' id='line_1_12' title="bbox 350 1047 1997 1134; baseline 0.01 -36"><span class='ocrx_word' id='word_1_69' title='bbox 350 1050 464 1099; x_wconf 89' lang='grc' dir='ltr'><strong>τῶν</strong></span> <span class='ocrx_word' id='word_1_70' title='bbox 518 1047 844 1121; x_wconf 75' lang='grc' dir='ltr'>Φαρισαίωνο</span> <span class='ocrx_word' id='word_1_71' title='bbox 903 1048 987 1104; x_wconf 81' lang='grc' dir='ltr'><strong>ἐπὶ</strong></span> <span class='ocrx_word' id='word_1_72' title='bbox 1016 1049 1114 1123; x_wconf 78' lang='grc' dir='ltr'>μὲν</span> <span class='ocrx_word' id='word_1_73' title='bbox 1148 1052 1235 1107; x_wconf 73' lang='grc' dir='ltr'>οὖν</span> <span class='ocrx_word' id='word_1_74' title='bbox 1286 1056 1383 1118; x_wconf 79' lang='grc' dir='ltr'>τῆς</span> <span class='ocrx_word' id='word_1_75' title='bbox 1449 1047 1715 1127; x_wconf 67' lang='grc' dir='ltr'>παλαιᾶς,</span> <span class='ocrx_word' id='word_1_76' title='bbox 1764 1060 1824 1113; x_wconf 80' lang='grc' dir='ltr'>οὒ</span> <span class='ocrx_word' id='word_1_77' title='bbox 1874 1047 1997 1134; x_wconf 84' lang='grc' dir='ltr'>συγ-</span> 
     </span>
    </p>
   </div>
   <div class='ocr_carea' id='block_1_13' title="bbox 356 1137 1997 1218">
    <p class='ocr_par' dir='ltr' id='par_1_13' title="bbox 356 1137 1997 1218">
     <span class='ocr_line' id='line_1_13' title="bbox 356 1137 1997 1218; baseline 0.01 -32"><span class='ocrx_word' id='word_1_78' title='bbox 356 1146 539 1211; x_wconf 76' lang='grc' dir='ltr'>χωρεῖ</span> <span class='ocrx_word' id='word_1_79' title='bbox 593 1137 620 1189; x_wconf 90' lang='lat'><strong>6</strong></span> <span class='ocrx_word' id='word_1_80' title='bbox 680 1137 906 1213; x_wconf 84' lang='grc' dir='ltr'>Χριστὸς</span> <span class='ocrx_word' id='word_1_81' title='bbox 978 1145 1159 1209; x_wconf 84' lang='grc' dir='ltr'>μεῖζον</span> <span class='ocrx_word' id='word_1_82' title='bbox 1202 1140 1343 1195; x_wconf 76' lang='grc' dir='ltr'>εἶναι</span> <span class='ocrx_word' id='word_1_83' title='bbox 1388 1142 1448 1197; x_wconf 77' lang='grc' dir='ltr'><strong>τὸ</strong></span> <span class='ocrx_word' id='word_1_84' title='bbox 1486 1140 1648 1218; x_wconf 82' lang='grc' dir='ltr'>δῶρον</span> <span class='ocrx_word' id='word_1_85' title='bbox 1691 1152 1783 1202; x_wconf 81' lang='grc' dir='ltr'>τοῦ</span> <span class='ocrx_word' id='word_1_86' title='bbox 1809 1148 1997 1201; x_wconf 83' lang='grc' dir='ltr'>θυσια-</span> 
     </span>
    </p>
   </div>
   <div class='ocr_carea' id='block_1_14' title="bbox 354 1220 1995 1309">
    <p class='ocr_par' dir='ltr' id='par_1_14' title="bbox 354 1220 1995 1309">
     <span class='ocr_line' id='line_1_14' title="bbox 354 1220 1995 1309; baseline 0.008 -35"><span class='ocrx_word' id='word_1_87' title='bbox 354 1220 600 1309; x_wconf 74' lang='grc' dir='ltr'>στηρίου,</span> <span class='ocrx_word' id='word_1_88' title='bbox 662 1222 746 1303; x_wconf 71' lang='grc' dir='ltr'><strong>ἐφ’</strong></span> <span class='ocrx_word' id='word_1_89' title='bbox 827 1224 981 1299; x_wconf 79' lang='grc' dir='ltr'>ἡμῶν</span> <span class='ocrx_word' id='word_1_90' title='bbox 1080 1225 1133 1283; x_wconf 81' lang='grc' dir='ltr'>δὲ</span> <span class='ocrx_word' id='word_1_91' title='bbox 1185 1229 1246 1283; x_wconf 76' lang='grc' dir='ltr'>τὸ</span> <span class='ocrx_word' id='word_1_92' title='bbox 1318 1232 1681 1309; x_wconf 76' lang='grc' dir='ltr'>θυσιαστήριον</span> <span class='ocrx_word' id='word_1_93' title='bbox 1738 1234 1838 1289; x_wconf 79' lang='grc' dir='ltr'><strong>ὑπὸ</strong></span> <span class='ocrx_word' id='word_1_94' title='bbox 1890 1234 1995 1289; x_wconf 83' lang='grc' dir='ltr'><strong>τῶν</strong></span> 
     </span>
    </p>
   </div>
   <div class='ocr_carea' id='block_1_15' title="bbox 354 1307 1996 1397">
    <p class='ocr_par' dir='ltr' id='par_1_15' title="bbox 354 1307 1996 1397">
     <span class='ocr_line' id='line_1_15' title="bbox 354 1307 1996 1397; baseline 0.007 -34"><span class='ocrx_word' id='word_1_95' title='bbox 354 1307 540 1386; x_wconf 80' lang='grc' dir='ltr'>δώρων</span> <span class='ocrx_word' id='word_1_96' title='bbox 596 1311 866 1389; x_wconf 78' lang='grc' dir='ltr'>ἁγιάζεται</span> <span class='ocrx_word' id='word_1_97' title='bbox 941 1313 1164 1388; x_wconf 81' lang='grc' dir='ltr'>μᾶλλον·</span> <span class='ocrx_word' id='word_1_98' title='bbox 1237 1319 1310 1379; x_wconf 82' lang='grc' dir='ltr'>εἷς</span> <span class='ocrx_word' id='word_1_99' title='bbox 1366 1319 1465 1397; x_wconf 78' lang='grc' dir='ltr'><strong>γὰρ</strong></span> <span class='ocrx_word' id='word_1_100' title='bbox 1541 1307 1601 1377; x_wconf 69' lang='grc' dir='ltr'><strong>τδ</strong></span> <span class='ocrx_word' id='word_1_101' title='bbox 1675 1322 1996 1378; x_wconf 69' lang='grc' dir='ltr'>Δεσποτικὸν</span> 
     </span>
    </p>
   </div>
   <div class='ocr_carea' id='block_1_16' title="bbox 355 1402 1969 1489">
    <p class='ocr_par' dir='ltr' id='par_1_16' title="bbox 355 1402 1969 1489">
     <span class='ocr_line' id='line_1_16' title="bbox 355 1402 1969 1489; baseline 0.007 -36"><span class='ocrx_word' id='word_1_102' title='bbox 355 1403 515 1489; x_wconf 86' lang='grc' dir='ltr'>σῶμα</span> <span class='ocrx_word' id='word_1_103' title='bbox 612 1403 737 1457; x_wconf 69' lang='grc' dir='ltr'>αὗτὸ</span> <span class='ocrx_word' id='word_1_104' title='bbox 827 1402 1002 1459; x_wconf 81' lang='grc' dir='ltr'>ἐκεῖνο</span> <span class='ocrx_word' id='word_1_105' title='bbox 1077 1403 1493 1478; x_wconf 79' lang='grc' dir='ltr'>μεταϐάλλονται</span> <span class='ocrx_word' id='word_1_106' title='bbox 1579 1409 1689 1481; x_wconf 80' lang='grc' dir='ltr'>θείᾳ</span> <span class='ocrx_word' id='word_1_107' title='bbox 1787 1410 1969 1489; x_wconf 78' lang='grc' dir='ltr'>χάριτι</span> 
     </span>
    </p>
   </div>
   <div class='ocr_carea' id='block_1_17' title="bbox 354 1488 600 1563">
    <p class='ocr_par' dir='ltr' id='par_1_17' title="bbox 354 1488 600 1563">
     <span class='ocr_line' id='line_1_17' title="bbox 354 1488 600 1563; baseline 0.028 -23"><span class='ocrx_word' id='word_1_108' title='bbox 354 1488 600 1563; x_wconf 60' lang='grc' dir='ltr'>στήριον.</span> 
     </span>
    </p>
   </div>
   <div class='ocr_carea' id='block_1_18' title="bbox 447 1580 1994 1666">
    <p class='ocr_par' dir='ltr' id='par_1_18' title="bbox 447 1580 1994 1666">
     <span class='ocr_line' id='line_1_18' title="bbox 447 1580 1994 1666; baseline 0.009 -36"><span class='ocrx_word' id='word_1_109' title='bbox 447 1596 471 1630; x_wconf 74' lang='grc' dir='ltr'><strong>ε</strong></span> <span class='ocrx_word' id='word_1_110' title='bbox 535 1580 660 1666; x_wconf 72' lang='grc' dir='ltr'>Οὖαὶ</span> <span class='ocrx_word' id='word_1_111' title='bbox 714 1580 863 1659; x_wconf 74' lang='grc' dir='ltr'>ὑμῖν,</span> <span class='ocrx_word' id='word_1_112' title='bbox 927 1587 1268 1659; x_wconf 86' lang='grc' dir='ltr'>Γραμματεῖς</span> <span class='ocrx_word' id='word_1_113' title='bbox 1340 1585 1428 1639; x_wconf 85' lang='grc' dir='ltr'>καὶ</span> <span class='ocrx_word' id='word_1_114' title='bbox 1456 1591 1738 1664; x_wconf 71' lang='grc' dir='ltr'>Φαρισαῖοι</span> <span class='ocrx_word' id='word_1_115' title='bbox 1770 1588 1994 1666; x_wconf 81' lang='grc' dir='ltr'>ὑποκρι-</span> 
     </span>
    </p>
   </div>
   <div class='ocr_carea' id='block_1_19' title="bbox 358 1665 1994 1747">
    <p class='ocr_par' dir='ltr' id='par_1_19' title="bbox 358 1665 1994 1747">
     <span class='ocr_line' id='line_1_19' title="bbox 358 1665 1994 1747; baseline 0.007 -28"><span class='ocrx_word' id='word_1_116' title='bbox 358 1666 465 1734; x_wconf 80' lang='grc' dir='ltr'>ταὶ,</span> <span class='ocrx_word' id='word_1_117' title='bbox 529 1665 608 1722; x_wconf 79' lang='grc' dir='ltr'><strong>ὅτι</strong></span> <span class='ocrx_word' id='word_1_118' title='bbox 678 1666 1060 1726; x_wconf 77' lang='grc' dir='ltr'>ἀποδεκατοῦτε</span> <span class='ocrx_word' id='word_1_119' title='bbox 1114 1673 1176 1726; x_wconf 78' lang='grc' dir='ltr'>τὸ</span> <span class='ocrx_word' id='word_1_120' title='bbox 1227 1669 1486 1747; x_wconf 66' lang='grc' dir='ltr'>ἡδύοσμον</span> <span class='ocrx_word' id='word_1_121' title='bbox 1543 1677 1629 1730; x_wconf 87' lang='grc' dir='ltr'><strong>καὶ</strong></span> <span class='ocrx_word' id='word_1_122' title='bbox 1686 1676 1747 1731; x_wconf 81' lang='grc' dir='ltr'>τὸ</span> <span class='ocrx_word' id='word_1_123' title='bbox 1803 1665 1994 1742; x_wconf 72' lang='grc' dir='ltr'>ἄνηθον</span> 
     </span>
    </p>
   </div>
   <div class='ocr_carea' id='block_1_20' title="bbox 359 1755 1995 1841">
    <p class='ocr_par' dir='ltr' id='par_1_20' title="bbox 359 1755 1995 1841">
     <span class='ocr_line' id='line_1_20' title="bbox 359 1755 1995 1841; baseline 0.009 -35"><span class='ocrx_word' id='word_1_124' title='bbox 359 1755 448 1808; x_wconf 81' lang='grc' dir='ltr'><strong>καὶ</strong></span> <span class='ocrx_word' id='word_1_125' title='bbox 529 1756 589 1810; x_wconf 85' lang='grc' dir='ltr'>τὸ</span> <span class='ocrx_word' id='word_1_126' title='bbox 644 1756 882 1830; x_wconf 75' lang='grc' dir='ltr'>κύμινον,</span> <span class='ocrx_word' id='word_1_127' title='bbox 939 1759 1025 1814; x_wconf 84' lang='grc' dir='ltr'><strong>καὶ</strong></span> <span class='ocrx_word' id='word_1_128' title='bbox 1094 1758 1333 1838; x_wconf 73' lang='grc' dir='ltr'>ἀφήκατε</span> <span class='ocrx_word' id='word_1_129' title='bbox 1388 1762 1453 1817; x_wconf 81' lang='grc' dir='ltr'><strong>τὰ</strong></span> <span class='ocrx_word' id='word_1_130' title='bbox 1480 1762 1735 1841; x_wconf 80' lang='grc' dir='ltr'>βαρύτερα</span> <span class='ocrx_word' id='word_1_131' title='bbox 1781 1774 1871 1822; x_wconf 80' lang='grc' dir='ltr'>τοῦ</span> <span class='ocrx_word' id='word_1_132' title='bbox 1900 1766 1995 1820; x_wconf 82' lang='grc' dir='ltr'>νό-</span> 
     </span>
    </p>
   </div>
   <div class='ocr_carea' id='block_1_21' title="bbox 2076 612 3699 693">
    <p class='ocr_par' dir='ltr' id='par_1_21' title="bbox 2076 612 3699 693">
     <span class='ocr_line' id='line_1_21' title="bbox 2076 612 3699 693; baseline 0 -20"><span class='ocrx_word' id='word_1_133' title='bbox 2076 631 2182 691; x_wconf 92' lang='lat' dir='ltr'><strong>per</strong></span> <span class='ocrx_word' id='word_1_134' title='bbox 2212 614 2491 693; x_wconf 82' lang='lat' dir='ltr'><strong>templum</strong></span> <span class='ocrx_word' id='word_1_135' title='bbox 2516 615 2726 692; x_wconf 91' lang='lat' dir='ltr'><strong>jurans</strong></span> <span class='ocrx_word' id='word_1_136' title='bbox 2750 613 3216 693; x_wconf 87' lang='lat' dir='ltr'><strong>pejerasset,non</strong></span> <span class='ocrx_word' id='word_1_137' title='bbox 3238 612 3699 692; x_wconf 86' lang='lat' dir='ltr'><strong>potuissetsimi-</strong></span> 
     </span>
    </p>
   </div>
   <div class='ocr_carea' id='block_1_22' title="bbox 2076 699 3699 781">
    <p class='ocr_par' dir='ltr' id='par_1_22' title="bbox 2076 699 3699 781">
     <span class='ocr_line' id='line_1_22' title="bbox 2076 699 3699 781; baseline 0 -20"><span class='ocrx_word' id='word_1_138' title='bbox 2076 700 2133 761; x_wconf 88' lang='lat' dir='ltr'><strong>lo</strong></span> <span class='ocrx_word' id='word_1_139' title='bbox 2155 703 2372 781; x_wconf 91' lang='lat' dir='ltr'><strong>templo</strong></span> <span class='ocrx_word' id='word_1_140' title='bbox 2404 702 2718 781; x_wconf 59' lang='lat' dir='ltr'><strong>aediﬁcare,</strong></span> <span class='ocrx_word' id='word_1_141' title='bbox 2753 709 2810 761; x_wconf 84' lang='lat' dir='ltr'><strong>et</strong></span> <span class='ocrx_word' id='word_1_142' title='bbox 2831 708 3140 780; x_wconf 80' lang='lat' dir='ltr'><strong>propterea</strong></span> <span class='ocrx_word' id='word_1_143' title='bbox 3168 699 3699 774; x_wconf 84' lang='lat' dir='ltr'><strong>absolvebatur,vi-</strong></span> 
     </span>
    </p>
   </div>
   <div class='ocr_carea' id='block_1_23' title="bbox 2077 788 3703 871">
    <p class='ocr_par' dir='ltr' id='par_1_23' title="bbox 2077 788 3703 871">
     <span class='ocr_line' id='line_1_23' title="bbox 2077 788 3703 871; baseline 0.002 -22"><span class='ocrx_word' id='word_1_144' title='bbox 2077 788 2439 871; x_wconf 90' lang='lat' dir='ltr'><strong>debaturque</strong></span> <span class='ocrx_word' id='word_1_145' title='bbox 2486 798 2685 870; x_wconf 86' lang='lat' dir='ltr'><strong>postea</strong></span> <span class='ocrx_word' id='word_1_146' title='bbox 2733 789 2917 849; x_wconf 84' lang='lat' dir='ltr'><strong>levius</strong></span> <span class='ocrx_word' id='word_1_147' title='bbox 2963 806 3095 848; x_wconf 90' lang='lat' dir='ltr'><strong>esse</strong></span> <span class='ocrx_word' id='word_1_148' title='bbox 3147 790 3549 866; x_wconf 87' lang='lat' dir='ltr'><strong>juramentum</strong></span> <span class='ocrx_word' id='word_1_149' title='bbox 3595 807 3703 868; x_wconf 84' lang='lat' dir='ltr'><strong>per</strong></span> 
     </span>
    </p>
   </div>
   <div class='ocr_carea' id='block_1_24' title="bbox 2078 875 3704 959">
    <p class='ocr_par' dir='ltr' id='par_1_24' title="bbox 2078 875 3704 959">
     <span class='ocr_line' id='line_1_24' title="bbox 2078 875 3704 959; baseline 0.002 -22"><span class='ocrx_word' id='word_1_150' title='bbox 2078 878 2386 958; x_wconf 81' lang='lat' dir='ltr'><strong>templum,</strong></span> <span class='ocrx_word' id='word_1_151' title='bbox 2419 886 2659 957; x_wconf 86' lang='lat' dir='ltr'><strong>prOpter</strong></span> <span class='ocrx_word' id='word_1_152' title='bbox 2688 876 3111 938; x_wconf 75' lang='lat' dir='ltr'><strong>Phariszeorum</strong></span> <span class='ocrx_word' id='word_1_153' title='bbox 3143 876 3467 936; x_wconf 75' lang='lat' dir='ltr'><strong>avaritiam.</strong></span> <span class='ocrx_word' id='word_1_154' title='bbox 3500 875 3704 959; x_wconf 81' lang='lat' dir='ltr'><strong>Itaque</strong></span> 
     </span>
    </p>
   </div>
   <div class='ocr_carea' id='block_1_25' title="bbox 2078 962 3703 1044">
    <p class='ocr_par' dir='ltr' id='par_1_25' title="bbox 2078 962 3703 1044">
     <span class='ocr_line' id='line_1_25' title="bbox 2078 962 3703 1044; baseline 0.001 -19"><span class='ocrx_word' id='word_1_155' title='bbox 2078 965 2135 1025; x_wconf 90' lang='lat' dir='ltr'><strong>in</strong></span> <span class='ocrx_word' id='word_1_156' title='bbox 2165 966 2345 1025; x_wconf 89' lang='lat' dir='ltr'><strong>veteri</strong></span> <span class='ocrx_word' id='word_1_157' title='bbox 2378 984 2491 1026; x_wconf 94' lang='lat' dir='ltr'><strong>non</strong></span> <span class='ocrx_word' id='word_1_158' title='bbox 2525 964 2834 1044; x_wconf 87' lang='lat' dir='ltr'><strong>permitttit</strong></span> <span class='ocrx_word' id='word_1_159' title='bbox 2865 962 3129 1025; x_wconf 88' lang='lat' dir='ltr'><strong>Christus</strong></span> <span class='ocrx_word' id='word_1_160' title='bbox 3158 963 3375 1023; x_wconf 90' lang='lat' dir='ltr'><strong>donum</strong></span> <span class='ocrx_word' id='word_1_161' title='bbox 3411 965 3598 1043; x_wconf 83' lang='lat' dir='ltr'><strong>majus</strong></span> <span class='ocrx_word' id='word_1_162' title='bbox 3613 983 3703 1028; x_wconf 88' lang='lat' dir='ltr'><strong>es-</strong></span> 
     </span>
    </p>
   </div>
   <div class='ocr_carea' id='block_1_26' title="bbox 2079 1050 3703 1132">
    <p class='ocr_par' dir='ltr' id='par_1_26' title="bbox 2079 1050 3703 1132">
     <span class='ocr_line' id='line_1_26' title="bbox 2079 1050 3703 1132; baseline 0.001 -19"><span class='ocrx_word' id='word_1_163' title='bbox 2079 1070 2146 1113; x_wconf 91' lang='lat' dir='ltr'><strong>se</strong></span> <span class='ocrx_word' id='word_1_164' title='bbox 2175 1052 2402 1113; x_wconf 90' lang='lat' dir='ltr'><strong>altario.</strong></span> <span class='ocrx_word' id='word_1_165' title='bbox 2432 1053 2600 1132; x_wconf 90' lang='lat' dir='ltr'><strong>Apud</strong></span> <span class='ocrx_word' id='word_1_166' title='bbox 2636 1070 2742 1112; x_wconf 89' lang='lat' dir='ltr'><strong>nos</strong></span> <span class='ocrx_word' id='word_1_167' title='bbox 2767 1060 2962 1112; x_wconf 92' lang='lat' dir='ltr'><strong>autem</strong></span> <span class='ocrx_word' id='word_1_168' title='bbox 3007 1050 3279 1111; x_wconf 88' lang='lat' dir='ltr'><strong>altarium</strong></span> <span class='ocrx_word' id='word_1_169' title='bbox 3312 1070 3346 1111; x_wconf 90' lang='lat' dir='ltr'><strong>a</strong></span> <span class='ocrx_word' id='word_1_170' title='bbox 3375 1050 3547 1113; x_wconf 91' lang='lat' dir='ltr'><strong>donis</strong></span> <span class='ocrx_word' id='word_1_171' title='bbox 3574 1071 3703 1115; x_wconf 88' lang='lat' dir='ltr'><strong>ma-</strong></span> 
     </span>
    </p>
   </div>
   <div class='ocr_carea' id='block_1_27' title="bbox 2079 1138 3707 1220">
    <p class='ocr_par' dir='ltr' id='par_1_27' title="bbox 2079 1138 3707 1220">
     <span class='ocr_line' id='line_1_27' title="bbox 2079 1138 3707 1220; baseline 0.002 -21"><span class='ocrx_word' id='word_1_172' title='bbox 2079 1140 2167 1219; x_wconf 80' lang='lat' dir='ltr'><strong>gis</strong></span> <span class='ocrx_word' id='word_1_173' title='bbox 2196 1147 2508 1203; x_wconf 89' lang='lat' dir='ltr'><strong>sacratur:</strong></span> <span class='ocrx_word' id='word_1_174' title='bbox 2545 1158 2725 1220; x_wconf 88' lang='lat' dir='ltr'><strong>panes</strong></span> <span class='ocrx_word' id='word_1_175' title='bbox 2768 1142 2925 1200; x_wconf 92' lang='lat' dir='ltr'><strong>enim</strong></span> <span class='ocrx_word' id='word_1_176' title='bbox 2980 1139 3041 1198; x_wconf 92' lang='lat' dir='ltr'><strong>in</strong></span> <span class='ocrx_word' id='word_1_177' title='bbox 3094 1138 3453 1211; x_wconf 85' lang='lat' dir='ltr'><strong>dominicum</strong></span> <span class='ocrx_word' id='word_1_178' title='bbox 3493 1158 3707 1219; x_wconf 79' lang='lat' dir='ltr'><strong>corpus</strong></span> 
     </span>
    </p>
   </div>
   <div class='ocr_carea' id='block_1_28' title="bbox 2078 1227 3707 1308">
    <p class='ocr_par' dir='ltr' id='par_1_28' title="bbox 2078 1227 3707 1308">
     <span class='ocr_line' id='line_1_28' title="bbox 2078 1227 3707 1308; baseline 0.001 -18"><span class='ocrx_word' id='word_1_179' title='bbox 2078 1229 2273 1291; x_wconf 87' lang='lat' dir='ltr'><strong>divina</strong></span> <span class='ocrx_word' id='word_1_180' title='bbox 2294 1229 2479 1308; x_wconf 82' lang='lat' dir='ltr'><strong>gratia</strong></span> <span class='ocrx_word' id='word_1_181' title='bbox 2508 1236 2882 1291; x_wconf 88' lang='lat' dir='ltr'><strong>convertetur</strong></span> <span class='ocrx_word' id='word_1_182' title='bbox 2912 1247 2928 1287; x_wconf 91' lang='lat'><strong>:</strong></span> <span class='ocrx_word' id='word_1_183' title='bbox 2962 1227 3094 1289; x_wconf 89' lang='lat' dir='ltr'><strong>ideo</strong></span> <span class='ocrx_word' id='word_1_184' title='bbox 3131 1234 3188 1287; x_wconf 87' lang='lat' dir='ltr'><strong>et</strong></span> <span class='ocrx_word' id='word_1_185' title='bbox 3217 1227 3612 1291; x_wconf 83' lang='lat' dir='ltr'><strong>sanctiﬁcatur</strong></span> <span class='ocrx_word' id='word_1_186' title='bbox 3633 1227 3707 1291; x_wconf 87' lang='lat' dir='ltr'><strong>ab</strong></span> 
     </span>
    </p>
   </div>
   <div class='ocr_carea' id='block_1_29' title="bbox 2078 1318 2396 1379">
    <p class='ocr_par' dir='ltr' id='par_1_29' title="bbox 2078 1318 2396 1379">
     <span class='ocr_line' id='line_1_29' title="bbox 2078 1318 2396 1379; baseline -0.003 -1"><span class='ocrx_word' id='word_1_187' title='bbox 2078 1318 2164 1378; x_wconf 88' lang='lat' dir='ltr'><strong>eis</strong></span> <span class='ocrx_word' id='word_1_188' title='bbox 2192 1318 2396 1379; x_wconf 80' lang='lat' dir='ltr'><strong>altare.</strong></span> 
     </span>
    </p>
   </div>
   <div class='ocr_carea' id='block_1_30' title="bbox 2041 1404 3708 1485">
    <p class='ocr_par' dir='ltr' id='par_1_30' title="bbox 2041 1404 3708 1485">
     <span class='ocr_line' id='line_1_30' title="bbox 2041 1404 3708 1485; baseline 0.001 -22"><span class='ocrx_word' id='word_1_189' title='bbox 2041 1410 2086 1463; x_wconf 79' lang='lat' dir='ltr'><strong>oi</strong></span> <span class='ocrx_word' id='word_1_190' title='bbox 2140 1404 2307 1485; x_wconf 72' lang='grc' dir='ltr'>ἄρτοιο</span> <span class='ocrx_word' id='word_1_191' title='bbox 2370 1405 2449 1462; x_wconf 81' lang='grc' dir='ltr'><strong>διὸ</strong></span> <span class='ocrx_word' id='word_1_192' title='bbox 2523 1408 2609 1462; x_wconf 86' lang='grc' dir='ltr'>καὶ</span> <span class='ocrx_word' id='word_1_193' title='bbox 2663 1404 2933 1483; x_wconf 80' lang='grc' dir='ltr'>ἁγιάζεται</span> <span class='ocrx_word' id='word_1_194' title='bbox 3011 1404 3110 1460; x_wconf 76' lang='grc' dir='ltr'><strong>ὑπό</strong></span> <span class='ocrx_word' id='word_1_195' title='bbox 3165 1404 3363 1460; x_wconf 86' lang='grc' dir='ltr'>τούτων</span> <span class='ocrx_word' id='word_1_196' title='bbox 3410 1405 3471 1461; x_wconf 70' lang='grc' dir='ltr'>τὸ</span> <span class='ocrx_word' id='word_1_197' title='bbox 3522 1408 3708 1464; x_wconf 87' lang='grc' dir='ltr'>θυσια-</span> 
     </span>
    </p>
   </div>
   <div class='ocr_carea' id='block_1_31' title="bbox 2158 1578 3707 1662">
    <p class='ocr_par' dir='ltr' id='par_1_31' title="bbox 2158 1578 3707 1662">
     <span class='ocr_line' id='line_1_31' title="bbox 2158 1578 3707 1662; baseline 0.002 -19"><span class='ocrx_word' id='word_1_198' title='bbox 2158 1584 2345 1645; x_wconf 71' lang='lat' dir='ltr'><strong>Vens.</strong></span> <span class='ocrx_word' id='word_1_199' title='bbox 2369 1581 2470 1662; x_wconf 69' lang='lat'><strong>23,</strong></span> <span class='ocrx_word' id='word_1_200' title='bbox 2502 1580 2598 1644; x_wconf 71' lang='lat'><strong>24.</strong></span> <span class='ocrx_word' id='word_1_201' title='bbox 2641 1605 2668 1635; x_wconf 74' lang='grc' dir='ltr'><strong>α</strong></span> <span class='ocrx_word' id='word_1_202' title='bbox 2694 1578 2797 1642; x_wconf 73' lang='lat' dir='ltr'><strong>Vae</strong></span> <span class='ocrx_word' id='word_1_203' title='bbox 2845 1579 3032 1654; x_wconf 83' lang='lat' dir='ltr'><strong>vobis,</strong></span> <span class='ocrx_word' id='word_1_204' title='bbox 3068 1578 3291 1642; x_wconf 63' lang='lat' dir='ltr'><strong>Scribat</strong></span> <span class='ocrx_word' id='word_1_205' title='bbox 3340 1588 3399 1642; x_wconf 92' lang='lat' dir='ltr'><strong>et</strong></span> <span class='ocrx_word' id='word_1_206' title='bbox 3426 1581 3707 1646; x_wconf 68' lang='lat' dir='ltr'><strong>Pharisai</strong></span> 
     </span>
    </p>
   </div>
   <div class='ocr_carea' id='block_1_32' title="bbox 2078 1667 3712 1751">
    <p class='ocr_par' dir='ltr' id='par_1_32' title="bbox 2078 1667 3712 1751">
     <span class='ocr_line' id='line_1_32' title="bbox 2078 1667 3712 1751; baseline 0.001 -17"><span class='ocrx_word' id='word_1_207' title='bbox 2078 1669 2568 1751; x_wconf 66' lang='lat' dir='ltr'><strong>hypocritm,quia</strong></span> <span class='ocrx_word' id='word_1_208' title='bbox 2596 1667 2905 1731; x_wconf 89' lang='lat' dir='ltr'><strong>decimatis</strong></span> <span class='ocrx_word' id='word_1_209' title='bbox 2936 1668 3321 1739; x_wconf 81' lang='lat' dir='ltr'><strong>mentham,et</strong></span> <span class='ocrx_word' id='word_1_210' title='bbox 3340 1671 3712 1743; x_wconf 85' lang='lat' dir='ltr'><strong>anethum,et</strong></span> 
     </span>
    </p>
   </div>
   <div class='ocr_carea' id='block_1_33' title="bbox 2079 1756 3704 1841">
    <p class='ocr_par' dir='ltr' id='par_1_33' title="bbox 2079 1756 3704 1841">
     <span class='ocr_line' id='line_1_33' title="bbox 2079 1756 3704 1841; baseline -0.001 -21"><span class='ocrx_word' id='word_1_211' title='bbox 2079 1760 2399 1841; x_wconf 78' lang='lat' dir='ltr'><strong>cyminum,</strong></span> <span class='ocrx_word' id='word_1_212' title='bbox 2440 1767 2496 1818; x_wconf 87' lang='lat' dir='ltr'><strong>et</strong></span> <span class='ocrx_word' id='word_1_213' title='bbox 2526 1756 2847 1836; x_wconf 85' lang='lat' dir='ltr'><strong>reliquistis</strong></span> <span class='ocrx_word' id='word_1_214' title='bbox 2880 1774 3011 1836; x_wconf 69' lang='lat' dir='ltr'><strong>qua:</strong></span> <span class='ocrx_word' id='word_1_215' title='bbox 3040 1756 3308 1832; x_wconf 76' lang='lat' dir='ltr'><strong>graviora</strong></span> <span class='ocrx_word' id='word_1_216' title='bbox 3355 1766 3492 1818; x_wconf 89' lang='lat' dir='ltr'><strong>sunt</strong></span> <span class='ocrx_word' id='word_1_217' title='bbox 3534 1759 3704 1838; x_wconf 81' lang='lat' dir='ltr'><strong>legis,</strong></span> 
     </span>
    </p>
   </div>
   <div class='ocr_carea' id='block_1_34' title="bbox 362 1828 1994 1928">
    <p class='ocr_par' dir='ltr' id='par_1_34' title="bbox 362 1844 1994 1921">
     <span class='ocr_line' id='line_1_34' title="bbox 362 1844 1994 1921; baseline 0.007 -25"><span class='ocrx_word' id='word_1_218' title='bbox 362 1864 488 1921; x_wconf 88' lang='grc' dir='ltr'>μου,</span> <span class='ocrx_word' id='word_1_219' title='bbox 558 1844 656 1911; x_wconf 79' lang='grc' dir='ltr'>τὴν</span> <span class='ocrx_word' id='word_1_220' title='bbox 685 1846 849 1910; x_wconf 87' lang='grc' dir='ltr'>κρίσιν</span> <span class='ocrx_word' id='word_1_221' title='bbox 877 1848 963 1901; x_wconf 85' lang='grc' dir='ltr'><strong>καὶ</strong></span> <span class='ocrx_word' id='word_1_222' title='bbox 993 1849 1081 1903; x_wconf 81' lang='grc' dir='ltr'>τὸν</span> <span class='ocrx_word' id='word_1_223' title='bbox 1113 1846 1259 1904; x_wconf 82' lang='grc' dir='ltr'>’ἐλεον</span> <span class='ocrx_word' id='word_1_224' title='bbox 1288 1849 1375 1904; x_wconf 88' lang='grc' dir='ltr'><strong>καὶ</strong></span> <span class='ocrx_word' id='word_1_225' title='bbox 1438 1850 1535 1917; x_wconf 78' lang='grc' dir='ltr'><strong>τὴν</strong></span> <span class='ocrx_word' id='word_1_226' title='bbox 1592 1851 1790 1916; x_wconf 89' lang='grc' dir='ltr'>πίστιν,</span> <span class='ocrx_word' id='word_1_227' title='bbox 1822 1859 1994 1909; x_wconf 77' lang='grc' dir='ltr'>Ταῦτα</span> 
     </span>
    </p>
   </div>
   <div class='ocr_carea' id='block_1_35' title="bbox 2076 1828 3709 1928">
    <p class='ocr_par' dir='ltr' id='par_1_35' title="bbox 2076 1828 3709 1928">
     <span class='ocr_line' id='line_1_35' title="bbox 2076 1828 3709 1928; baseline 0.004 -25"><span class='ocrx_word' id='word_1_228' title='bbox 2076 1828 2462 1928; x_wconf 59' lang='grc' dir='ltr'><strong>ῇιῖήίοἱυὲηάο</strong></span> <span class='ocrx_word' id='word_1_229' title='bbox 2493 1828 2959 1906; x_wconf 69' lang='lat' dir='ltr'><strong>misericordiam</strong></span> <span class='ocrx_word' id='word_1_230' title='bbox 2992 1828 3273 1904; x_wconf 76' lang='lat' dir='ltr'><strong>ettidem.</strong></span> <span class='ocrx_word' id='word_1_231' title='bbox 3310 1842 3447 1907; x_wconf 67' lang='lat' dir='ltr'><strong>Haec</strong></span> <span class='ocrx_word' id='word_1_232' title='bbox 3476 1828 3709 1924; x_wconf 57' lang='grc' dir='ltr'><strong>οροιῖιιεεἰ</strong></span> 
     </span>
    </p>
   </div>
   <div class='ocr_carea' id='block_1_36' title="bbox 360 1928 1994 2019">
    <p class='ocr_par' dir='ltr' id='par_1_36' title="bbox 360 1928 1994 2019">
     <span class='ocr_line' id='line_1_36' title="bbox 360 1928 1994 2019; baseline 0.007 -35"><span class='ocrx_word' id='word_1_233' title='bbox 360 1928 461 1985; x_wconf 80' lang='grc' dir='ltr'>ἔδει</span> <span class='ocrx_word' id='word_1_234' title='bbox 511 1937 756 2003; x_wconf 81' lang='grc' dir='ltr'>ποιῆσαι,</span> <span class='ocrx_word' id='word_1_235' title='bbox 811 1934 1033 1989; x_wconf 68' lang='grc' dir='ltr'>κάκεῖνα</span> <span class='ocrx_word' id='word_1_236' title='bbox 1107 1935 1184 2009; x_wconf 79' lang='grc' dir='ltr'>μὴ</span> <span class='ocrx_word' id='word_1_237' title='bbox 1243 1935 1472 2015; x_wconf 70' lang='grc' dir='ltr'>ἀφιέναι·</span> <span class='ocrx_word' id='word_1_238' title='bbox 1532 1936 1717 2016; x_wconf 79' lang='grc' dir='ltr'>ὁδηγοὶ</span> <span class='ocrx_word' id='word_1_239' title='bbox 1787 1939 1994 2019; x_wconf 68' lang='grc' dir='ltr'>τυφλοὶ,</span> 
     </span>
    </p>
   </div>
   <div class='ocr_carea' id='block_1_37' title="bbox 358 2016 1995 2101">
    <p class='ocr_par' dir='ltr' id='par_1_37' title="bbox 358 2016 1995 2101">
     <span class='ocr_line' id='line_1_37' title="bbox 358 2016 1995 2101; baseline 0.007 -28"><span class='ocrx_word' id='word_1_240' title='bbox 358 2021 405 2073; x_wconf 74' lang='grc' dir='ltr'>οἱ</span> <span class='ocrx_word' id='word_1_241' title='bbox 475 2016 786 2091; x_wconf 77' lang='grc' dir='ltr'><strong>διυλίζοντες</strong></span> <span class='ocrx_word' id='word_1_242' title='bbox 855 2023 947 2078; x_wconf 81' lang='grc' dir='ltr'>τὸν</span> <span class='ocrx_word' id='word_1_243' title='bbox 1013 2022 1266 2097; x_wconf 82' lang='grc' dir='ltr'>κώνωπα,</span> <span class='ocrx_word' id='word_1_244' title='bbox 1326 2030 1422 2091; x_wconf 70' lang='grc' dir='ltr'>τὴν</span> <span class='ocrx_word' id='word_1_245' title='bbox 1467 2023 1521 2080; x_wconf 72' lang='grc' dir='ltr'>δὲ</span> <span class='ocrx_word' id='word_1_246' title='bbox 1549 2027 1792 2101; x_wconf 85' lang='grc' dir='ltr'>κάμηλον</span> <span class='ocrx_word' id='word_1_247' title='bbox 1822 2016 1995 2084; x_wconf 65' lang='grc' dir='ltr'><strong>κάταὲ</strong></span> 
     </span>
    </p>
   </div>
   <div class='ocr_carea' id='block_1_38' title="bbox 357 2107 1992 2191">
    <p class='ocr_par' dir='ltr' id='par_1_38' title="bbox 357 2107 1992 2191">
     <span class='ocr_line' id='line_1_38' title="bbox 357 2107 1992 2191; baseline 0.006 -29"><span class='ocrx_word' id='word_1_248' title='bbox 357 2107 620 2173; x_wconf 88' lang='grc' dir='ltr'>πίνοντες.</span> <span class='ocrx_word' id='word_1_249' title='bbox 688 2132 710 2165; x_wconf 76' lang='grc' dir='ltr'>ι</span> <span class='ocrx_word' id='word_1_250' title='bbox 775 2108 939 2165; x_wconf 72' lang='grc' dir='ltr'>Πάλιν</span> <span class='ocrx_word' id='word_1_251' title='bbox 995 2110 1227 2182; x_wconf 82' lang='grc' dir='ltr'>ὀνειδίζει</span> <span class='ocrx_word' id='word_1_252' title='bbox 1288 2111 1479 2177; x_wconf 75' lang='grc' dir='ltr'>αὒτούς</span> <span class='ocrx_word' id='word_1_253' title='bbox 1537 2116 1611 2177; x_wconf 83' lang='grc' dir='ltr'>ὡς</span> <span class='ocrx_word' id='word_1_254' title='bbox 1710 2115 1992 2191; x_wconf 78' lang='grc' dir='ltr'>ἀνοήτους,</span> 
     </span>
    </p>
   </div>
   <div class='ocr_carea' id='block_1_39' title="bbox 358 2194 1992 2283">
    <p class='ocr_par' dir='ltr' id='par_1_39' title="bbox 358 2194 1992 2283">
     <span class='ocr_line' id='line_1_39' title="bbox 358 2194 1992 2283; baseline 0.006 -32"><span class='ocrx_word' id='word_1_255' title='bbox 358 2194 490 2253; x_wconf 81' lang='grc' dir='ltr'>διότι</span> <span class='ocrx_word' id='word_1_256' title='bbox 545 2194 650 2253; x_wconf 86' lang='grc' dir='ltr'><strong>τῶν</strong></span> <span class='ocrx_word' id='word_1_257' title='bbox 708 2199 962 2271; x_wconf 79' lang='grc' dir='ltr'>μειζόνων</span> <span class='ocrx_word' id='word_1_258' title='bbox 1019 2199 1251 2257; x_wconf 74' lang='grc' dir='ltr'>ἒντολῶν</span> <span class='ocrx_word' id='word_1_259' title='bbox 1284 2210 1758 2283; x_wconf 70' lang='grc' dir='ltr'>καταφρονοῦντες,</span> <span class='ocrx_word' id='word_1_260' title='bbox 1791 2203 1843 2260; x_wconf 80' lang='grc' dir='ltr'>ἐν</span> <span class='ocrx_word' id='word_1_261' title='bbox 1875 2217 1992 2268; x_wconf 87' lang='grc' dir='ltr'>τοῖς</span> 
     </span>
    </p>
   </div>
   <div class='ocr_carea' id='block_1_40' title="bbox 360 2285 1993 2366">
    <p class='ocr_par' dir='ltr' id='par_1_40' title="bbox 360 2285 1993 2366">
     <span class='ocr_line' id='line_1_40' title="bbox 360 2285 1993 2366; baseline 0.005 -27"><span class='ocrx_word' id='word_1_262' title='bbox 360 2298 573 2362; x_wconf 75' lang='grc' dir='ltr'>μικροῖς</span> <span class='ocrx_word' id='word_1_263' title='bbox 631 2285 846 2356; x_wconf 67' lang='grc' dir='ltr'>ἐζήτουν</span> <span class='ocrx_word' id='word_1_264' title='bbox 903 2288 999 2355; x_wconf 79' lang='grc' dir='ltr'><strong>τὴν</strong></span> <span class='ocrx_word' id='word_1_265' title='bbox 1055 2286 1341 2365; x_wconf 59' lang='grc' dir='ltr'>ἀκρίϐειαν</span> <span class='ocrx_word' id='word_1_266' title='bbox 1397 2289 1509 2346; x_wconf 73' lang='grc' dir='ltr'><strong>οὗδέ</strong></span> <span class='ocrx_word' id='word_1_267' title='bbox 1555 2291 1650 2358; x_wconf 77' lang='grc' dir='ltr'><strong>τὴν</strong></span> <span class='ocrx_word' id='word_1_268' title='bbox 1710 2298 1805 2348; x_wconf 76' lang='grc' dir='ltr'><strong>τοῦ</strong></span> <span class='ocrx_word' id='word_1_269' title='bbox 1832 2292 1993 2366; x_wconf 91' lang='grc' dir='ltr'>κυμί-</span> 
     </span>
    </p>
   </div>
   <div class='ocr_carea' id='block_1_41' title="bbox 363 2372 1993 2453">
    <p class='ocr_par' dir='ltr' id='par_1_41' title="bbox 363 2372 1993 2453">
     <span class='ocr_line' id='line_1_41' title="bbox 363 2372 1993 2453; baseline 0.006 -26"><span class='ocrx_word' id='word_1_270' title='bbox 363 2396 452 2427; x_wconf 81' lang='grc' dir='ltr'><strong>νου</strong></span> <span class='ocrx_word' id='word_1_271' title='bbox 511 2372 795 2430; x_wconf 76' lang='grc' dir='ltr'>δεκάτωσιν</span> <span class='ocrx_word' id='word_1_272' title='bbox 843 2375 1199 2453; x_wconf 78' lang='grc' dir='ltr'>παρορῶντες,</span> <span class='ocrx_word' id='word_1_273' title='bbox 1258 2375 1392 2433; x_wconf 77' lang='grc' dir='ltr'>ἀλλὰ</span> <span class='ocrx_word' id='word_1_274' title='bbox 1457 2379 1673 2435; x_wconf 79' lang='grc' dir='ltr'>κάκεῖνο</span> <span class='ocrx_word' id='word_1_275' title='bbox 1725 2378 1993 2437; x_wconf 84' lang='grc' dir='ltr'>ἀποδεκα-</span> 
     </span>
    </p>
   </div>
   <div class='ocr_carea' id='block_1_42' title="bbox 370 2462 1992 2545">
    <p class='ocr_par' dir='ltr' id='par_1_42' title="bbox 370 2462 1992 2545">
     <span class='ocr_line' id='line_1_42' title="bbox 370 2462 1992 2545; baseline 0.006 -30"><span class='ocrx_word' id='word_1_276' title='bbox 370 2462 599 2525; x_wconf 74' lang='grc' dir='ltr'>τοῦντες*</span> <span class='ocrx_word' id='word_1_277' title='bbox 652 2464 734 2518; x_wconf 81' lang='grc' dir='ltr'><strong>καὶ</strong></span> <span class='ocrx_word' id='word_1_278' title='bbox 785 2462 839 2518; x_wconf 82' lang='grc' dir='ltr'><strong>εἴ</strong></span> <span class='ocrx_word' id='word_1_279' title='bbox 920 2485 1001 2526; x_wconf 88' lang='grc' dir='ltr'><strong>τις</strong></span> <span class='ocrx_word' id='word_1_280' title='bbox 1071 2466 1255 2526; x_wconf 65' lang='grc' dir='ltr'>αὐτοὺς</span> <span class='ocrx_word' id='word_1_281' title='bbox 1290 2466 1669 2541; x_wconf 78' lang='grc' dir='ltr'>κατεμέμψατο</span> <span class='ocrx_word' id='word_1_282' title='bbox 1698 2468 1769 2531; x_wconf 82' lang='grc' dir='ltr'>ὡς</span> <span class='ocrx_word' id='word_1_283' title='bbox 1801 2490 1992 2545; x_wconf 82' lang='grc' dir='ltr'>μικρο-</span> 
     </span>
    </p>
   </div>
   <div class='ocr_carea' id='block_1_43' title="bbox 366 2548 1994 2635">
    <p class='ocr_par' dir='ltr' id='par_1_43' title="bbox 366 2548 1994 2635">
     <span class='ocr_line' id='line_1_43' title="bbox 366 2548 1994 2635; baseline 0.005 -31"><span class='ocrx_word' id='word_1_284' title='bbox 366 2548 576 2626; x_wconf 77' lang='grc' dir='ltr'>λόγους,</span> <span class='ocrx_word' id='word_1_285' title='bbox 650 2550 936 2630; x_wconf 76' lang='grc' dir='ltr'>προέφερον</span> <span class='ocrx_word' id='word_1_286' title='bbox 973 2552 1052 2608; x_wconf 85' lang='grc' dir='ltr'>ὃτι</span> <span class='ocrx_word' id='word_1_287' title='bbox 1097 2555 1123 2608; x_wconf 89' lang='lat'><strong>6</strong></span> <span class='ocrx_word' id='word_1_288' title='bbox 1155 2554 1314 2628; x_wconf 83' lang='grc' dir='ltr'>νόμος</span> <span class='ocrx_word' id='word_1_289' title='bbox 1345 2555 1498 2611; x_wconf 73' lang='grc' dir='ltr'>τοῦτο</span> <span class='ocrx_word' id='word_1_290' title='bbox 1526 2555 1693 2632; x_wconf 82' lang='grc' dir='ltr'>λέγει,</span> <span class='ocrx_word' id='word_1_291' title='bbox 1742 2566 1994 2635; x_wconf 75' lang='grc' dir='ltr'>Κρεῖττον</span> 
     </span>
    </p>
   </div>
   <div class='ocr_carea' id='block_1_44' title="bbox 366 2635 1995 2720">
    <p class='ocr_par' dir='ltr' id='par_1_44' title="bbox 366 2635 1995 2720">
     <span class='ocr_line' id='line_1_44' title="bbox 366 2635 1995 2720; baseline 0.006 -29"><span class='ocrx_word' id='word_1_292' title='bbox 366 2635 419 2692; x_wconf 76' lang='grc' dir='ltr'>δὲ</span> <span class='ocrx_word' id='word_1_293' title='bbox 477 2638 540 2705; x_wconf 84' lang='grc' dir='ltr'><strong>ἧν</strong></span> <span class='ocrx_word' id='word_1_294' title='bbox 594 2644 679 2697; x_wconf 87' lang='grc' dir='ltr'><strong>καὶ</strong></span> <span class='ocrx_word' id='word_1_295' title='bbox 732 2640 1152 2718; x_wconf 83' lang='grc' dir='ltr'>θεαρεστότερον,</span> <span class='ocrx_word' id='word_1_296' title='bbox 1216 2643 1375 2709; x_wconf 75' lang='grc' dir='ltr'>εἰτὴν</span> <span class='ocrx_word' id='word_1_297' title='bbox 1408 2643 1572 2720; x_wconf 77' lang='grc' dir='ltr'>κρίσιν</span> <span class='ocrx_word' id='word_1_298' title='bbox 1601 2646 1687 2700; x_wconf 86' lang='grc' dir='ltr'>καὶ</span> <span class='ocrx_word' id='word_1_299' title='bbox 1730 2646 1820 2700; x_wconf 81' lang='grc' dir='ltr'><strong>τὸν</strong></span> <span class='ocrx_word' id='word_1_300' title='bbox 1850 2644 1995 2701; x_wconf 76' lang='grc' dir='ltr'>ἔλεον</span> 
     </span>
    </p>
   </div>
   <div class='ocr_carea' id='block_1_45' title="bbox 364 2726 1995 2808">
    <p class='ocr_par' dir='ltr' id='par_1_45' title="bbox 364 2726 1995 2808">
     <span class='ocr_line' id='line_1_45' title="bbox 364 2726 1995 2808; baseline 0.005 -28"><span class='ocrx_word' id='word_1_301' title='bbox 364 2726 445 2781; x_wconf 78' lang='grc' dir='ltr'><strong>καὶ</strong></span> <span class='ocrx_word' id='word_1_302' title='bbox 498 2728 595 2793; x_wconf 83' lang='grc' dir='ltr'>τὴν</span> <span class='ocrx_word' id='word_1_303' title='bbox 650 2729 823 2783; x_wconf 84' lang='grc' dir='ltr'>πίστιν</span> <span class='ocrx_word' id='word_1_304' title='bbox 866 2728 1115 2804; x_wconf 78' lang='grc' dir='ltr'>ἀπῄτουν</span> <span class='ocrx_word' id='word_1_305' title='bbox 1147 2731 1287 2808; x_wconf 77' lang='grc' dir='ltr'>παρὰ</span> <span class='ocrx_word' id='word_1_306' title='bbox 1343 2732 1437 2787; x_wconf 72' lang='grc' dir='ltr'>τοῦ</span> <span class='ocrx_word' id='word_1_307' title='bbox 1465 2729 1617 2794; x_wconf 81' lang='grc' dir='ltr'>λαοῦ.</span> <span class='ocrx_word' id='word_1_308' title='bbox 1651 2734 1738 2797; x_wconf 85' lang='grc' dir='ltr'>Τίς</span> <span class='ocrx_word' id='word_1_309' title='bbox 1770 2730 1824 2788; x_wconf 80' lang='grc' dir='ltr'><strong>δέ</strong></span> <span class='ocrx_word' id='word_1_310' title='bbox 1854 2733 1995 2789; x_wconf 71' lang='grc' dir='ltr'>ἔστιν</span> 
     </span>
    </p>
   </div>
   <div class='ocr_carea' id='block_1_46' title="bbox 358 2814 1995 2899">
    <p class='ocr_par' dir='ltr' id='par_1_46' title="bbox 358 2814 1995 2899">
     <span class='ocr_line' id='line_1_46' title="bbox 358 2814 1995 2899; baseline 0.006 -32"><span class='ocrx_word' id='word_1_311' title='bbox 358 2816 390 2880; x_wconf 83' lang='grc' dir='ltr'><strong>ἡ</strong></span> <span class='ocrx_word' id='word_1_312' title='bbox 450 2817 616 2890; x_wconf 85' lang='grc' dir='ltr'>κρίσις</span> <span class='ocrx_word' id='word_1_313' title='bbox 646 2833 663 2893; x_wconf 85' lang='grc'>;</span> <span class='ocrx_word' id='word_1_314' title='bbox 750 2817 821 2873; x_wconf 82' lang='lat' dir='ltr'>T6</span> <span class='ocrx_word' id='word_1_315' title='bbox 871 2814 1036 2890; x_wconf 71' lang='grc' dir='ltr'>μηδὲν</span> <span class='ocrx_word' id='word_1_316' title='bbox 1065 2814 1239 2873; x_wconf 79' lang='grc' dir='ltr'>ἃδικον</span> <span class='ocrx_word' id='word_1_317' title='bbox 1291 2820 1378 2874; x_wconf 77' lang='grc' dir='ltr'>καὶ</span> <span class='ocrx_word' id='word_1_318' title='bbox 1407 2817 1599 2897; x_wconf 76' lang='grc' dir='ltr'>ἄλογον</span> <span class='ocrx_word' id='word_1_319' title='bbox 1627 2832 1829 2899; x_wconf 87' lang='grc' dir='ltr'>ποιεῖν,</span> <span class='ocrx_word' id='word_1_320' title='bbox 1860 2819 1995 2877; x_wconf 79' lang='grc' dir='ltr'><strong>ἀλλᾶ</strong></span> 
     </span>
    </p>
   </div>
   <div class='ocr_carea' id='block_1_47' title="bbox 341 2900 1995 2986">
    <p class='ocr_par' dir='ltr' id='par_1_47' title="bbox 341 2900 1995 2986">
     <span class='ocr_line' id='line_1_47' title="bbox 341 2900 1995 2986; baseline 0.003 -29"><span class='ocrx_word' id='word_1_321' title='bbox 341 2902 532 2958; x_wconf 80' lang='grc' dir='ltr'>’πάντα</span> <span class='ocrx_word' id='word_1_322' title='bbox 585 2900 908 2978; x_wconf 78' lang='grc' dir='ltr'>κεκριμένως</span> <span class='ocrx_word' id='word_1_323' title='bbox 964 2906 1051 2959; x_wconf 78' lang='grc' dir='ltr'><strong>καί</strong></span> <span class='ocrx_word' id='word_1_324' title='bbox 1126 2904 1269 2986; x_wconf 21' lang='grc' dir='ltr'>μετὴ,</span> <span class='ocrx_word' id='word_1_325' title='bbox 1321 2904 1504 2982; x_wconf 82' lang='grc' dir='ltr'>λόγου.</span> <span class='ocrx_word' id='word_1_326' title='bbox 1559 2906 1754 2964; x_wconf 73' lang='grc' dir='ltr'>Αὐτίκα</span> <span class='ocrx_word' id='word_1_327' title='bbox 1800 2908 1898 2986; x_wconf 77' lang='grc' dir='ltr'>γὰρ</span> <span class='ocrx_word' id='word_1_328' title='bbox 1927 2912 1995 2983; x_wconf 78' lang='grc' dir='ltr'><strong>τῇ</strong></span> 
     </span>
    </p>
   </div>
   <div class='ocr_carea' id='block_1_48' title="bbox 356 2984 1993 3071">
    <p class='ocr_par' dir='ltr' id='par_1_48' title="bbox 356 2984 1993 3071">
     <span class='ocr_line' id='line_1_48' title="bbox 356 2984 1993 3071; baseline 0.003 -26"><span class='ocrx_word' id='word_1_329' title='bbox 356 2989 522 3066; x_wconf 83' lang='grc' dir='ltr'>κρίσει</span> <span class='ocrx_word' id='word_1_330' title='bbox 582 2987 763 3046; x_wconf 74' lang='grc' dir='ltr'>ἕπεται</span> <span class='ocrx_word' id='word_1_331' title='bbox 817 2992 905 3047; x_wconf 89' lang='grc' dir='ltr'><strong>καὶ</strong></span> <span class='ocrx_word' id='word_1_332' title='bbox 974 2995 1001 3047; x_wconf 87' lang='grc' dir='ltr'>ὁ</span> <span class='ocrx_word' id='word_1_333' title='bbox 1050 2990 1223 3055; x_wconf 71' lang='grc' dir='ltr'>ἕλεος.</span> <span class='ocrx_word' id='word_1_334' title='bbox 1259 2984 1315 3049; x_wconf 63' lang='grc' dir='ltr'><strong>Ὀ</strong></span> <span class='ocrx_word' id='word_1_335' title='bbox 1345 2995 1445 3071; x_wconf 82' lang='grc' dir='ltr'><strong>γὰρ</strong></span> <span class='ocrx_word' id='word_1_336' title='bbox 1474 2993 1794 3071; x_wconf 73' lang='grc' dir='ltr'>κεκριμένως</span> <span class='ocrx_word' id='word_1_337' title='bbox 1826 2984 1993 3051; x_wconf 86' lang='grc' dir='ltr'>ποιῶν</span> 
     </span>
    </p>
   </div>
   <div class='ocr_carea' id='block_1_49' title="bbox 2078 1930 3710 2013">
    <p class='ocr_par' dir='ltr' id='par_1_49' title="bbox 2078 1930 3710 2013">
     <span class='ocr_line' id='line_1_49' title="bbox 2078 1930 3710 2013; baseline 0 -17"><span class='ocrx_word' id='word_1_338' title='bbox 2078 1937 2174 1996; x_wconf 88' lang='lat' dir='ltr'><strong>bat</strong></span> <span class='ocrx_word' id='word_1_339' title='bbox 2206 1935 2421 2013; x_wconf 81' lang='lat' dir='ltr'><strong>facere,</strong></span> <span class='ocrx_word' id='word_1_340' title='bbox 2454 1943 2513 1994; x_wconf 90' lang='lat' dir='ltr'><strong>et</strong></span> <span class='ocrx_word' id='word_1_341' title='bbox 2543 1933 2641 1992; x_wconf 84' lang='lat' dir='ltr'><strong>illa</strong></span> <span class='ocrx_word' id='word_1_342' title='bbox 2692 1950 2809 1992; x_wconf 88' lang='lat' dir='ltr'><strong>non</strong></span> <span class='ocrx_word' id='word_1_343' title='bbox 2860 1930 3151 1991; x_wconf 85' lang='lat' dir='ltr'><strong>omittere.</strong></span> <span class='ocrx_word' id='word_1_344' title='bbox 3186 1931 3378 1993; x_wconf 89' lang='lat' dir='ltr'><strong>Duces</strong></span> <span class='ocrx_word' id='word_1_345' title='bbox 3407 1935 3570 2008; x_wconf 62' lang='lat' dir='ltr'><strong>caeci,</strong></span> <span class='ocrx_word' id='word_1_346' title='bbox 3605 1952 3710 1997; x_wconf 79' lang='lat' dir='ltr'><strong>ex-</strong></span> 
     </span>
    </p>
   </div>
   <div class='ocr_carea' id='block_1_50' title="bbox 2078 2018 3709 2097">
    <p class='ocr_par' dir='ltr' id='par_1_50' title="bbox 2078 2018 3709 2097">
     <span class='ocr_line' id='line_1_50' title="bbox 2078 2018 3709 2097; baseline 0 -13"><span class='ocrx_word' id='word_1_347' title='bbox 2078 2026 2339 2084; x_wconf 69' lang='lat' dir='ltr'><strong>colantes</strong></span> <span class='ocrx_word' id='word_1_348' title='bbox 2361 2021 2627 2093; x_wconf 85' lang='lat' dir='ltr'><strong>calicem,</strong></span> <span class='ocrx_word' id='word_1_349' title='bbox 2659 2018 2947 2080; x_wconf 90' lang='lat' dir='ltr'><strong>camelum</strong></span> <span class='ocrx_word' id='word_1_350' title='bbox 2971 2027 3167 2080; x_wconf 90' lang='lat' dir='ltr'><strong>autem</strong></span> <span class='ocrx_word' id='word_1_351' title='bbox 3192 2020 3565 2097; x_wconf 66' lang='lat' dir='ltr'><strong>glutientes.»</strong></span> <span class='ocrx_word' id='word_1_352' title='bbox 3587 2021 3709 2085; x_wconf 85' lang='lat' dir='ltr'><strong>Ite-</strong></span> 
     </span>
    </p>
   </div>
   <div class='ocr_carea' id='block_1_51' title="bbox 2076 2106 3708 2188">
    <p class='ocr_par' dir='ltr' id='par_1_51' title="bbox 2076 2106 3708 2188">
     <span class='ocr_line' id='line_1_51' title="bbox 2076 2106 3708 2188; baseline 0 -17"><span class='ocrx_word' id='word_1_353' title='bbox 2076 2128 2208 2171; x_wconf 88' lang='lat' dir='ltr'><strong>rum</strong></span> <span class='ocrx_word' id='word_1_354' title='bbox 2239 2108 2508 2188; x_wconf 82' lang='lat' dir='ltr'><strong>objurgat</strong></span> <span class='ocrx_word' id='word_1_355' title='bbox 2536 2126 2637 2169; x_wconf 90' lang='lat' dir='ltr'><strong>eos</strong></span> <span class='ocrx_word' id='word_1_356' title='bbox 2668 2117 2730 2168; x_wconf 86' lang='lat' dir='ltr'><strong>ut</strong></span> <span class='ocrx_word' id='word_1_357' title='bbox 2760 2106 3213 2186; x_wconf 89' lang='lat' dir='ltr'><strong>insipientes,eo</strong></span> <span class='ocrx_word' id='word_1_358' title='bbox 3247 2108 3404 2187; x_wconf 88' lang='lat' dir='ltr'><strong>quod</strong></span> <span class='ocrx_word' id='word_1_359' title='bbox 3437 2117 3708 2171; x_wconf 90' lang='lat' dir='ltr'><strong>contem-</strong></span> 
     </span>
    </p>
   </div>
   <div class='ocr_carea' id='block_1_52' title="bbox 2078 2195 3703 2276">
    <p class='ocr_par' dir='ltr' id='par_1_52' title="bbox 2078 2195 3703 2276">
     <span class='ocr_line' id='line_1_52' title="bbox 2078 2195 3703 2276; baseline 0.001 -18"><span class='ocrx_word' id='word_1_360' title='bbox 2078 2205 2291 2259; x_wconf 78' lang='lat' dir='ltr'><strong>nentes</strong></span> <span class='ocrx_word' id='word_1_361' title='bbox 2322 2197 2596 2259; x_wconf 84' lang='lat' dir='ltr'><strong>mandata</strong></span> <span class='ocrx_word' id='word_1_362' title='bbox 2618 2195 2931 2275; x_wconf 89' lang='lat' dir='ltr'><strong>majora,in</strong></span> <span class='ocrx_word' id='word_1_363' title='bbox 2955 2195 3147 2274; x_wconf 83' lang='lat' dir='ltr'><strong>parvis</strong></span> <span class='ocrx_word' id='word_1_364' title='bbox 3176 2195 3487 2274; x_wconf 84' lang='lat' dir='ltr'><strong>diligentes</strong></span> <span class='ocrx_word' id='word_1_365' title='bbox 3517 2206 3703 2276; x_wconf 85' lang='lat' dir='ltr'><strong>erant,</strong></span> 
     </span>
    </p>
   </div>
   <div class='ocr_carea' id='block_1_53' title="bbox 2079 2284 3711 2365">
    <p class='ocr_par' dir='ltr' id='par_1_53' title="bbox 2079 2284 3711 2365">
     <span class='ocr_line' id='line_1_53' title="bbox 2079 2284 3711 2365; baseline 0.001 -19"><span class='ocrx_word' id='word_1_366' title='bbox 2079 2294 2139 2346; x_wconf 89' lang='lat' dir='ltr'><strong>et</strong></span> <span class='ocrx_word' id='word_1_367' title='bbox 2168 2285 2395 2364; x_wconf 89' lang='lat' dir='ltr'><strong>cymini</strong></span> <span class='ocrx_word' id='word_1_368' title='bbox 2426 2284 2878 2344; x_wconf 88' lang='lat' dir='ltr'><strong>decimationem</strong></span> <span class='ocrx_word' id='word_1_369' title='bbox 2907 2302 3023 2343; x_wconf 91' lang='lat' dir='ltr'><strong>non</strong></span> <span class='ocrx_word' id='word_1_370' title='bbox 3052 2284 3453 2364; x_wconf 80' lang='lat' dir='ltr'><strong>negligebant,</strong></span> <span class='ocrx_word' id='word_1_371' title='bbox 3491 2286 3595 2347; x_wconf 86' lang='lat' dir='ltr'><strong>sed</strong></span> <span class='ocrx_word' id='word_1_372' title='bbox 3630 2288 3711 2365; x_wconf 70' lang='grc' dir='ltr'><strong>ξιτ</strong></span> 
     </span>
    </p>
   </div>
   <div class='ocr_carea' id='block_1_54' title="bbox 2079 2371 3712 2452">
    <p class='ocr_par' dir='ltr' id='par_1_54' title="bbox 2079 2371 3712 2452">
     <span class='ocr_line' id='line_1_54' title="bbox 2079 2371 3712 2452; baseline 0.002 -19"><span class='ocrx_word' id='word_1_373' title='bbox 2079 2372 2173 2433; x_wconf 89' lang='lat' dir='ltr'><strong>lud</strong></span> <span class='ocrx_word' id='word_1_374' title='bbox 2207 2390 2444 2452; x_wconf 86' lang='lat' dir='ltr'><strong>quoque</strong></span> <span class='ocrx_word' id='word_1_375' title='bbox 2474 2371 2871 2432; x_wconf 88' lang='lat' dir='ltr'><strong>decimabant.</strong></span> <span class='ocrx_word' id='word_1_376' title='bbox 2893 2371 2967 2433; x_wconf 85' lang='lat' dir='ltr'><strong>Et</strong></span> <span class='ocrx_word' id='word_1_377' title='bbox 3002 2372 3050 2431; x_wconf 90' lang='lat' dir='ltr'><strong>si</strong></span> <span class='ocrx_word' id='word_1_378' title='bbox 3075 2372 3205 2451; x_wconf 90' lang='lat' dir='ltr'><strong>quis</strong></span> <span class='ocrx_word' id='word_1_379' title='bbox 3229 2372 3712 2450; x_wconf 82' lang='lat' dir='ltr'><strong>reprehendisset</strong></span> 
     </span>
    </p>
   </div>
   <div class='ocr_carea' id='block_1_55' title="bbox 2076 2459 3713 2544">
    <p class='ocr_par' dir='ltr' id='par_1_55' title="bbox 2076 2459 3713 2544">
     <span class='ocr_line' id='line_1_55' title="bbox 2076 2459 3713 2544; baseline 0.003 -24"><span class='ocrx_word' id='word_1_380' title='bbox 2076 2475 2142 2520; x_wconf 87' lang='lat' dir='ltr'><strong>ut</strong></span> <span class='ocrx_word' id='word_1_381' title='bbox 2173 2480 2400 2539; x_wconf 86' lang='lat' dir='ltr'><strong>parcos,</strong></span> <span class='ocrx_word' id='word_1_382' title='bbox 2439 2459 2835 2539; x_wconf 60' lang='lat' dir='ltr'><strong>pratexebant</strong></span> <span class='ocrx_word' id='word_1_383' title='bbox 2864 2459 3052 2537; x_wconf 77' lang='lat' dir='ltr'><strong>legem</strong></span> <span class='ocrx_word' id='word_1_384' title='bbox 3082 2461 3193 2521; x_wconf 92' lang='lat' dir='ltr'><strong>hoc</strong></span> <span class='ocrx_word' id='word_1_385' title='bbox 3219 2460 3456 2544; x_wconf 85' lang='lat' dir='ltr'><strong>docere.</strong></span> <span class='ocrx_word' id='word_1_386' title='bbox 3508 2462 3713 2525; x_wconf 84' lang='lat' dir='ltr'><strong>Melius</strong></span> 
     </span>
    </p>
   </div>
   <div class='ocr_carea' id='block_1_56' title="bbox 2076 2547 3716 2627">
    <p class='ocr_par' dir='ltr' id='par_1_56' title="bbox 2076 2547 3716 2627">
     <span class='ocr_line' id='line_1_56' title="bbox 2076 2547 3716 2627; baseline 0.002 -19"><span class='ocrx_word' id='word_1_387' title='bbox 2076 2558 2270 2609; x_wconf 86' lang='lat' dir='ltr'><strong>autem</strong></span> <span class='ocrx_word' id='word_1_388' title='bbox 2306 2547 2509 2608; x_wconf 83' lang='lat' dir='ltr'><strong>fuisset</strong></span> <span class='ocrx_word' id='word_1_389' title='bbox 2538 2566 2604 2607; x_wconf 88' lang='lat' dir='ltr'><strong>ac</strong></span> <span class='ocrx_word' id='word_1_390' title='bbox 2641 2547 2771 2606; x_wconf 80' lang='grc'><strong>126</strong></span> <span class='ocrx_word' id='word_1_391' title='bbox 2814 2547 2933 2608; x_wconf 77' lang='lat' dir='ltr'><strong>Deo</strong></span> <span class='ocrx_word' id='word_1_392' title='bbox 2964 2548 3207 2625; x_wconf 84' lang='lat' dir='ltr'><strong>gratius,</strong></span> <span class='ocrx_word' id='word_1_393' title='bbox 3239 2548 3287 2608; x_wconf 91' lang='lat' dir='ltr'><strong>si</strong></span> <span class='ocrx_word' id='word_1_394' title='bbox 3310 2549 3601 2627; x_wconf 87' lang='lat' dir='ltr'><strong>judicium</strong></span> <span class='ocrx_word' id='word_1_395' title='bbox 3655 2560 3716 2612; x_wconf 87' lang='lat' dir='ltr'><strong>et</strong></span> 
     </span>
    </p>
   </div>
   <div class='ocr_carea' id='block_1_57' title="bbox 2080 2636 3713 2717">
    <p class='ocr_par' dir='ltr' id='par_1_57' title="bbox 2080 2636 3713 2717">
     <span class='ocr_line' id='line_1_57' title="bbox 2080 2636 3713 2717; baseline 0.003 -21"><span class='ocrx_word' id='word_1_396' title='bbox 2080 2636 2545 2697; x_wconf 84' lang='lat' dir='ltr'><strong>misericordiam</strong></span> <span class='ocrx_word' id='word_1_397' title='bbox 2566 2645 2623 2695; x_wconf 89' lang='lat' dir='ltr'><strong>et</strong></span> <span class='ocrx_word' id='word_1_398' title='bbox 2654 2636 2828 2695; x_wconf 81' lang='lat' dir='ltr'><strong>(idem</strong></span> <span class='ocrx_word' id='word_1_399' title='bbox 2863 2636 3224 2713; x_wconf 81' lang='lat' dir='ltr'><strong>expetissth</strong></span> <span class='ocrx_word' id='word_1_400' title='bbox 3251 2655 3284 2696; x_wconf 90' lang='lat' dir='ltr'><strong>a</strong></span> <span class='ocrx_word' id='word_1_401' title='bbox 3314 2637 3713 2717; x_wconf 85' lang='lat' dir='ltr'><strong>populo.Quid</strong></span> 
     </span>
    </p>
   </div>
   <div class='ocr_carea' id='block_1_58' title="bbox 2075 2721 3715 2803">
    <p class='ocr_par' dir='ltr' id='par_1_58' title="bbox 2075 2721 3715 2803">
     <span class='ocr_line' id='line_1_58' title="bbox 2075 2721 3715 2803; baseline 0.002 -18"><span class='ocrx_word' id='word_1_402' title='bbox 2075 2734 2273 2786; x_wconf 90' lang='lat' dir='ltr'><strong>autem</strong></span> <span class='ocrx_word' id='word_1_403' title='bbox 2304 2733 2392 2785; x_wconf 91' lang='lat' dir='ltr'><strong>est</strong></span> <span class='ocrx_word' id='word_1_404' title='bbox 2414 2722 2744 2803; x_wconf 83' lang='lat' dir='ltr'><strong>judicium?</strong></span> <span class='ocrx_word' id='word_1_405' title='bbox 2783 2721 2942 2784; x_wconf 74' lang='lat' dir='ltr'><strong>Nihil</strong></span> <span class='ocrx_word' id='word_1_406' title='bbox 2987 2724 3271 2803; x_wconf 89' lang='lat' dir='ltr'><strong>injustum</strong></span> <span class='ocrx_word' id='word_1_407' title='bbox 3310 2732 3368 2785; x_wconf 88' lang='lat' dir='ltr'><strong>et</strong></span> <span class='ocrx_word' id='word_1_408' title='bbox 3392 2726 3715 2789; x_wconf 88' lang='lat' dir='ltr'><strong>absurdum</strong></span> 
     </span>
    </p>
   </div>
   <div class='ocr_carea' id='block_1_59' title="bbox 2076 2811 3714 2887">
    <p class='ocr_par' dir='ltr' id='par_1_59' title="bbox 2076 2811 3714 2887">
     <span class='ocr_line' id='line_1_59' title="bbox 2076 2811 3714 2887; baseline 0.004 -16"><span class='ocrx_word' id='word_1_409' title='bbox 2076 2811 2291 2885; x_wconf 80' lang='lat' dir='ltr'><strong>facere,</strong></span> <span class='ocrx_word' id='word_1_410' title='bbox 2326 2816 2425 2873; x_wconf 86' lang='lat' dir='ltr'><strong>sed</strong></span> <span class='ocrx_word' id='word_1_411' title='bbox 2459 2811 2658 2871; x_wconf 81' lang='lat' dir='ltr'><strong>omnia</strong></span> <span class='ocrx_word' id='word_1_412' title='bbox 2687 2829 2819 2871; x_wconf 90' lang='lat' dir='ltr'><strong>cum</strong></span> <span class='ocrx_word' id='word_1_413' title='bbox 2845 2811 3072 2887; x_wconf 87' lang='lat' dir='ltr'><strong>judicio</strong></span> <span class='ocrx_word' id='word_1_414' title='bbox 3122 2821 3181 2872; x_wconf 89' lang='lat' dir='ltr'><strong>et</strong></span> <span class='ocrx_word' id='word_1_415' title='bbox 3223 2812 3476 2874; x_wconf 76' lang='lat' dir='ltr'><strong>ratione.</strong></span> <span class='ocrx_word' id='word_1_416' title='bbox 3506 2812 3714 2877; x_wconf 88' lang='lat' dir='ltr'><strong>Statim</strong></span> 
     </span>
    </p>
   </div>
   <div class='ocr_carea' id='block_1_60' title="bbox 2077 2898 3711 2978">
    <p class='ocr_par' dir='ltr' id='par_1_60' title="bbox 2077 2898 3711 2978">
     <span class='ocr_line' id='line_1_60' title="bbox 2077 2898 3711 2978; baseline 0.002 -19"><span class='ocrx_word' id='word_1_417' title='bbox 2077 2899 2235 2959; x_wconf 89' lang='lat' dir='ltr'><strong>enim</strong></span> <span class='ocrx_word' id='word_1_418' title='bbox 2258 2899 2548 2978; x_wconf 85' lang='lat' dir='ltr'><strong>judicium</strong></span> <span class='ocrx_word' id='word_1_419' title='bbox 2580 2898 2846 2977; x_wconf 90' lang='lat' dir='ltr'><strong>sequitur</strong></span> <span class='ocrx_word' id='word_1_420' title='bbox 2864 2904 2923 2958; x_wconf 90' lang='lat' dir='ltr'><strong>et</strong></span> <span class='ocrx_word' id='word_1_421' title='bbox 2951 2898 3383 2959; x_wconf 86' lang='lat' dir='ltr'><strong>misericordia.</strong></span> <span class='ocrx_word' id='word_1_422' title='bbox 3408 2899 3519 2973; x_wconf 90' lang='lat' dir='ltr'><strong>Qui</strong></span> <span class='ocrx_word' id='word_1_423' title='bbox 3551 2902 3711 2963; x_wconf 88' lang='lat' dir='ltr'><strong>enim</strong></span> 
     </span>
    </p>
   </div>
   <div class='ocr_carea' id='block_1_61' title="bbox 2076 2985 3713 3065">
    <p class='ocr_par' dir='ltr' id='par_1_61' title="bbox 2076 2985 3713 3065">
     <span class='ocr_line' id='line_1_61' title="bbox 2076 2985 3713 3065; baseline 0.003 -19"><span class='ocrx_word' id='word_1_424' title='bbox 2076 2986 2333 3048; x_wconf 91' lang='lat' dir='ltr'><strong>discrete</strong></span> <span class='ocrx_word' id='word_1_425' title='bbox 2364 2986 2501 3046; x_wconf 80' lang='lat' dir='ltr'><strong>facit</strong></span> <span class='ocrx_word' id='word_1_426' title='bbox 2528 2986 2748 3065; x_wconf 86' lang='lat' dir='ltr'><strong>omnia,</strong></span> <span class='ocrx_word' id='word_1_427' title='bbox 2781 2985 2893 3045; x_wconf 87' lang='lat' dir='ltr'><strong>scit</strong></span> <span class='ocrx_word' id='word_1_428' title='bbox 2922 2996 2980 3045; x_wconf 83' lang='lat' dir='ltr'><strong>et</strong></span> <span class='ocrx_word' id='word_1_429' title='bbox 3016 2988 3170 3065; x_wconf 92' lang='lat' dir='ltr'><strong>quod</strong></span> <span class='ocrx_word' id='word_1_430' title='bbox 3202 2986 3414 3047; x_wconf 88' lang='lat' dir='ltr'><strong>debeat</strong></span> <span class='ocrx_word' id='word_1_431' title='bbox 3461 2987 3713 3051; x_wconf 88' lang='lat' dir='ltr'><strong>misere-</strong></span> 
     </span>
    </p>
   </div>
   <div class='ocr_carea' id='block_1_62' title="bbox 359 3072 1994 3155">
    <p class='ocr_par' dir='ltr' id='par_1_62' title="bbox 359 3075 1990 3155">
     <span class='ocr_line' id='line_1_62' title="bbox 359 3075 1990 3155; baseline 0.003 -22"><span class='ocrx_word' id='word_1_432' title='bbox 359 3077 554 3155; x_wconf 68' lang='lat' dir='ltr'><strong>nz&#39;vu,</strong></span> <span class='ocrx_word' id='word_1_433' title='bbox 632 3075 747 3135; x_wconf 79' lang='grc' dir='ltr'>οἶδε</span> <span class='ocrx_word' id='word_1_434' title='bbox 797 3080 885 3135; x_wconf 86' lang='grc' dir='ltr'>καὶ</span> <span class='ocrx_word' id='word_1_435' title='bbox 951 3079 1093 3143; x_wconf 83' lang='grc' dir='ltr'>τίνας</span> <span class='ocrx_word' id='word_1_436' title='bbox 1151 3083 1235 3136; x_wconf 77' lang='grc' dir='ltr'><strong>δεῖ</strong></span> <span class='ocrx_word' id='word_1_437' title='bbox 1265 3079 1455 3137; x_wconf 72' lang='grc' dir='ltr'>ἐλεεῖν·</span> <span class='ocrx_word' id='word_1_438' title='bbox 1490 3088 1566 3155; x_wconf 86' lang='grc' dir='ltr'>τῷ</span> <span class='ocrx_word' id='word_1_439' title='bbox 1589 3080 1642 3137; x_wconf 78' lang='grc' dir='ltr'>δὲ</span> <span class='ocrx_word' id='word_1_440' title='bbox 1685 3081 1817 3154; x_wconf 79' lang='grc' dir='ltr'>ἐλέῳ</span> <span class='ocrx_word' id='word_1_441' title='bbox 1861 3082 1990 3138; x_wconf 80' lang='grc' dir='ltr'>’έπε-</span> 
     </span>
    </p>
   </div>
   <div class='ocr_carea' id='block_1_63' title="bbox 2076 3072 3714 3155">
    <p class='ocr_par' dir='ltr' id='par_1_63' title="bbox 2076 3072 3714 3153">
     <span class='ocr_line' id='line_1_63' title="bbox 2076 3072 3714 3153; baseline 0.004 -18"><span class='ocrx_word' id='word_1_442' title='bbox 2076 3076 2123 3136; x_wconf 90' lang='lat' dir='ltr'><strong>ri</strong></span> <span class='ocrx_word' id='word_1_443' title='bbox 2150 3094 2163 3137; x_wconf 92' lang='lat'>:</span> <span class='ocrx_word' id='word_1_444' title='bbox 2199 3072 2665 3137; x_wconf 89' lang='lat' dir='ltr'><strong>misericordiam</strong></span> <span class='ocrx_word' id='word_1_445' title='bbox 2698 3083 2894 3133; x_wconf 90' lang='lat' dir='ltr'><strong>autem</strong></span> <span class='ocrx_word' id='word_1_446' title='bbox 2927 3073 3194 3153; x_wconf 88' lang='lat' dir='ltr'><strong>sequitur</strong></span> <span class='ocrx_word' id='word_1_447' title='bbox 3215 3075 3382 3136; x_wconf 81' lang='lat' dir='ltr'><strong>fides.</strong></span> <span class='ocrx_word' id='word_1_448' title='bbox 3410 3074 3519 3147; x_wconf 91' lang='lat' dir='ltr'><strong>Qui</strong></span> <span class='ocrx_word' id='word_1_449' title='bbox 3551 3077 3714 3141; x_wconf 89' lang='lat' dir='ltr'><strong>enim</strong></span> 
     </span>
    </p>
   </div>
   <div class='ocr_carea' id='block_1_64' title="bbox 360 3158 1994 3246">
    <p class='ocr_par' dir='ltr' id='par_1_64' title="bbox 360 3158 1994 3245">
     <span class='ocr_line' id='line_1_64' title="bbox 360 3158 1994 3245; baseline 0.003 -24"><span class='ocrx_word' id='word_1_450' title='bbox 360 3188 447 3222; x_wconf 77' lang='grc' dir='ltr'><strong>ται</strong></span> <span class='ocrx_word' id='word_1_451' title='bbox 515 3169 549 3235; x_wconf 81' lang='grc' dir='ltr'>ἡ</span> <span class='ocrx_word' id='word_1_452' title='bbox 620 3168 813 3230; x_wconf 85' lang='grc' dir='ltr'>πίστις.</span> <span class='ocrx_word' id='word_1_453' title='bbox 881 3158 937 3226; x_wconf 57' lang='grc' dir='ltr'><strong>“Ο</strong></span> <span class='ocrx_word' id='word_1_454' title='bbox 992 3169 1091 3245; x_wconf 79' lang='grc' dir='ltr'><strong>γὰρ</strong></span> <span class='ocrx_word' id='word_1_455' title='bbox 1162 3167 1325 3225; x_wconf 81' lang='grc' dir='ltr'>ἐλεῶν</span> <span class='ocrx_word' id='word_1_456' title='bbox 1385 3174 1616 3226; x_wconf 85' lang='grc' dir='ltr'>πιστεύει</span> <span class='ocrx_word' id='word_1_457' title='bbox 1652 3171 1861 3234; x_wconf 82' lang='grc' dir='ltr'>πάντως</span> <span class='ocrx_word' id='word_1_458' title='bbox 1920 3170 1994 3227; x_wconf 86' lang='grc' dir='ltr'><strong>ὅτι</strong></span> 
     </span>
    </p>
   </div>
   <div class='ocr_carea' id='block_1_65' title="bbox 2076 3158 3716 3246">
    <p class='ocr_par' dir='ltr' id='par_1_65' title="bbox 2084 3161 3716 3246">
     <span class='ocr_line' id='line_1_65' title="bbox 2084 3161 3716 3246; baseline 0.003 -22"><span class='ocrx_word' id='word_1_459' title='bbox 2084 3163 2416 3237; x_wconf 87' lang='lat' dir='ltr'><strong>miseretur,</strong></span> <span class='ocrx_word' id='word_1_460' title='bbox 2453 3161 2644 3223; x_wconf 90' lang='lat' dir='ltr'><strong>credit</strong></span> <span class='ocrx_word' id='word_1_461' title='bbox 2675 3161 2917 3222; x_wconf 83' lang='lat' dir='ltr'><strong>omnino</strong></span> <span class='ocrx_word' id='word_1_462' title='bbox 2948 3161 3105 3242; x_wconf 90' lang='lat' dir='ltr'><strong>quod</strong></span> <span class='ocrx_word' id='word_1_463' title='bbox 3149 3163 3299 3223; x_wconf 88' lang='lat' dir='ltr'><strong>nihil</strong></span> <span class='ocrx_word' id='word_1_464' title='bbox 3350 3165 3578 3246; x_wconf 88' lang='lat' dir='ltr'><strong>perdat,</strong></span> <span class='ocrx_word' id='word_1_465' title='bbox 3606 3165 3716 3230; x_wconf 81' lang='lat' dir='ltr'><strong>sed</strong></span> 
     </span>
    </p>
   </div>
   <div class='ocr_carea' id='block_1_66' title="bbox 363 3250 1994 3335">
    <p class='ocr_par' dir='ltr' id='par_1_66' title="bbox 363 3253 1994 3335">
     <span class='ocr_line' id='line_1_66' title="bbox 363 3253 1994 3335; baseline 0.002 -23"><span class='ocrx_word' id='word_1_466' title='bbox 363 3253 509 3312; x_wconf 70' lang='grc' dir='ltr'>οὖδὲν</span> <span class='ocrx_word' id='word_1_467' title='bbox 550 3253 820 3328; x_wconf 78' lang='grc' dir='ltr'>ἀπολέσει,</span> <span class='ocrx_word' id='word_1_468' title='bbox 894 3254 1029 3311; x_wconf 80' lang='grc' dir='ltr'>ἀλλὰ</span> <span class='ocrx_word' id='word_1_469' title='bbox 1056 3257 1229 3313; x_wconf 72' lang='grc' dir='ltr'>πάντα</span> <span class='ocrx_word' id='word_1_470' title='bbox 1279 3256 1530 3333; x_wconf 79' lang='grc' dir='ltr'>λήψεται’</span> <span class='ocrx_word' id='word_1_471' title='bbox 1567 3256 1742 3321; x_wconf 76' lang='grc' dir='ltr'>ἄλλως</span> <span class='ocrx_word' id='word_1_472' title='bbox 1787 3279 1867 3335; x_wconf 85' lang='grc' dir='ltr'><strong>τε,</strong></span> <span class='ocrx_word' id='word_1_473' title='bbox 1919 3256 1994 3315; x_wconf 76' lang='grc' dir='ltr'><strong>δεῖ</strong></span> 
     </span>
    </p>
   </div>
   <div class='ocr_carea' id='block_1_67' title="bbox 2076 3250 3719 3335">
    <p class='ocr_par' dir='ltr' id='par_1_67' title="bbox 2081 3250 3719 3331">
     <span class='ocr_line' id='line_1_67' title="bbox 2081 3250 3719 3331; baseline 0.005 -21"><span class='ocrx_word' id='word_1_474' title='bbox 2081 3251 2281 3312; x_wconf 88' lang='lat' dir='ltr'><strong>omnia</strong></span> <span class='ocrx_word' id='word_1_475' title='bbox 2335 3252 2605 3331; x_wconf 85' lang='lat' dir='ltr'><strong>accipiat.</strong></span> <span class='ocrx_word' id='word_1_476' title='bbox 2633 3250 2737 3309; x_wconf 90' lang='lat' dir='ltr'><strong>Vel</strong></span> <span class='ocrx_word' id='word_1_477' title='bbox 2786 3250 2977 3327; x_wconf 86' lang='lat' dir='ltr'><strong>aliter,</strong></span> <span class='ocrx_word' id='word_1_478' title='bbox 3030 3258 3261 3330; x_wconf 86' lang='lat' dir='ltr'><strong>oportet</strong></span> <span class='ocrx_word' id='word_1_479' title='bbox 3306 3252 3603 3327; x_wconf 88' lang='lat' dir='ltr'><strong>misereri,</strong></span> <span class='ocrx_word' id='word_1_480' title='bbox 3657 3262 3719 3318; x_wconf 87' lang='lat' dir='ltr'><strong>et</strong></span> 
     </span>
    </p>
   </div>
   <div class='ocr_carea' id='block_1_68' title="bbox 359 3341 2001 3421">
    <p class='ocr_par' dir='ltr' id='par_1_68' title="bbox 359 3341 2001 3421">
     <span class='ocr_line' id='line_1_68' title="bbox 359 3341 2001 3421; baseline 0.002 -23"><span class='ocrx_word' id='word_1_481' title='bbox 359 3342 553 3421; x_wconf 79' lang='grc' dir='ltr'>ἐλεεῖν,</span> <span class='ocrx_word' id='word_1_482' title='bbox 626 3341 762 3399; x_wconf 74' lang='grc' dir='ltr'>ἀλλὰ</span> <span class='ocrx_word' id='word_1_483' title='bbox 832 3345 919 3399; x_wconf 84' lang='grc' dir='ltr'>καὶ</span> <span class='ocrx_word' id='word_1_484' title='bbox 988 3342 1247 3401; x_wconf 74' lang='grc' dir='ltr'>πιστεύειν</span> <span class='ocrx_word' id='word_1_485' title='bbox 1305 3352 1419 3419; x_wconf 86' lang='grc' dir='ltr'><strong>Θεῷ</strong></span> <span class='ocrx_word' id='word_1_486' title='bbox 1490 3344 1745 3419; x_wconf 80' lang='grc' dir='ltr'>ἀληθινῷ.</span> <span class='ocrx_word' id='word_1_487' title='bbox 1810 3342 2001 3402; x_wconf 80' lang='grc' dir='ltr'>Πολλοὶ</span> 
     </span>
    </p>
   </div>
   <div class='ocr_carea' id='block_1_69' title="bbox 361 3423 1996 3512">
    <p class='ocr_par' dir='ltr' id='par_1_69' title="bbox 361 3423 1996 3512">
     <span class='ocr_line' id='line_1_69' title="bbox 361 3423 1996 3512; baseline 0.004 -26"><span class='ocrx_word' id='word_1_488' title='bbox 361 3432 460 3507; x_wconf 77' lang='grc' dir='ltr'>γὰρ</span> <span class='ocrx_word' id='word_1_489' title='bbox 526 3437 633 3487; x_wconf 89' lang='grc' dir='ltr'><strong>τῶν</strong></span> <span class='ocrx_word' id='word_1_490' title='bbox 690 3423 958 3500; x_wconf 67' lang='grc' dir='ltr'>Ἐλλήνων</span> <span class='ocrx_word' id='word_1_491' title='bbox 987 3431 1134 3489; x_wconf 77' lang='grc' dir='ltr'>ἔλεον</span> <span class='ocrx_word' id='word_1_492' title='bbox 1196 3434 1294 3509; x_wconf 77' lang='grc' dir='ltr'>μὲν</span> <span class='ocrx_word' id='word_1_493' title='bbox 1324 3433 1507 3512; x_wconf 75' lang='grc' dir='ltr'>εἶχον,</span> <span class='ocrx_word' id='word_1_494' title='bbox 1542 3434 1619 3507; x_wconf 78' lang='grc' dir='ltr'><strong>μὴ</strong></span> <span class='ocrx_word' id='word_1_495' title='bbox 1664 3434 1996 3493; x_wconf 80' lang='grc' dir='ltr'>πιστεὺοντες</span> 
     </span>
    </p>
   </div>
   <div class='ocr_carea' id='block_1_70' title="bbox 361 3518 1997 3600">
    <p class='ocr_par' dir='ltr' id='par_1_70' title="bbox 361 3518 1997 3600">
     <span class='ocr_line' id='line_1_70' title="bbox 361 3518 1997 3600; baseline 0.003 -27"><span class='ocrx_word' id='word_1_496' title='bbox 361 3518 415 3573; x_wconf 70' lang='grc' dir='ltr'><strong>δὲ.</strong></span> <span class='ocrx_word' id='word_1_497' title='bbox 473 3520 546 3581; x_wconf 78' lang='grc' dir='ltr'>εἷς</span> <span class='ocrx_word' id='word_1_498' title='bbox 586 3521 677 3574; x_wconf 79' lang='grc' dir='ltr'>τὸν</span> <span class='ocrx_word' id='word_1_499' title='bbox 706 3524 875 3591; x_wconf 85' lang='grc' dir='ltr'>ζῶντα</span> <span class='ocrx_word' id='word_1_500' title='bbox 948 3522 1101 3593; x_wconf 83' lang='grc' dir='ltr'>Θεὸν,</span> <span class='ocrx_word' id='word_1_501' title='bbox 1134 3525 1227 3578; x_wconf 72' lang='grc' dir='ltr'>οὐκ</span> <span class='ocrx_word' id='word_1_502' title='bbox 1255 3522 1417 3600; x_wconf 78' lang='grc' dir='ltr'>εἶχον</span> <span class='ocrx_word' id='word_1_503' title='bbox 1446 3527 1523 3595; x_wconf 82' lang='grc' dir='ltr'>τῷ</span> <span class='ocrx_word' id='word_1_504' title='bbox 1566 3520 1695 3594; x_wconf 70' lang='grc' dir='ltr'>ἒλέιει</span> <span class='ocrx_word' id='word_1_505' title='bbox 1730 3522 1997 3596; x_wconf 77' lang='grc' dir='ltr'>ἑπομένην</span> 
     </span>
    </p>
   </div>
   <div class='ocr_carea' id='block_1_71' title="bbox 360 3607 1995 3673">
    <p class='ocr_par' dir='ltr' id='par_1_71' title="bbox 360 3607 1995 3673">
     <span class='ocr_line' id='line_1_71' title="bbox 360 3607 1995 3673; baseline 0.002 -11"><span class='ocrx_word' id='word_1_506' title='bbox 360 3610 457 3673; x_wconf 78' lang='grc' dir='ltr'>τὴν</span> <span class='ocrx_word' id='word_1_507' title='bbox 515 3608 711 3669; x_wconf 87' lang='grc' dir='ltr'>πίστιν,</span> <span class='ocrx_word' id='word_1_508' title='bbox 801 3608 900 3663; x_wconf 83' lang='grc' dir='ltr'>Δεῖ</span> <span class='ocrx_word' id='word_1_509' title='bbox 972 3610 1060 3665; x_wconf 73' lang='grc' dir='ltr'>οὖν</span> <span class='ocrx_word' id='word_1_510' title='bbox 1109 3608 1329 3665; x_wconf 80' lang='grc' dir='ltr'>ἕκαστον</span> <span class='ocrx_word' id='word_1_511' title='bbox 1356 3615 1461 3665; x_wconf 89' lang='grc' dir='ltr'><strong>τῶν</strong></span> <span class='ocrx_word' id='word_1_512' title='bbox 1494 3607 1821 3666; x_wconf 78' lang='grc' dir='ltr'>διδασκάλων</span> <span class='ocrx_word' id='word_1_513' title='bbox 1853 3609 1995 3665; x_wconf 74' lang='grc' dir='ltr'>ἄπο-</span> 
     </span>
    </p>
   </div>
   <div class='ocr_carea' id='block_1_72' title="bbox 360 3696 1995 3772">
    <p class='ocr_par' dir='ltr' id='par_1_72' title="bbox 360 3696 1995 3772">
     <span class='ocr_line' id='line_1_72' title="bbox 360 3696 1995 3772; baseline 0.002 -21"><span class='ocrx_word' id='word_1_514' title='bbox 360 3697 606 3752; x_wconf 79' lang='grc' dir='ltr'>δεκατοῦν</span> <span class='ocrx_word' id='word_1_515' title='bbox 663 3697 769 3753; x_wconf 80' lang='grc' dir='ltr'><strong>ἀπὸ</strong></span> <span class='ocrx_word' id='word_1_516' title='bbox 824 3703 917 3754; x_wconf 78' lang='grc' dir='ltr'>τοῦ</span> <span class='ocrx_word' id='word_1_517' title='bbox 945 3696 1100 3754; x_wconf 73' lang='grc' dir='ltr'>’λαοῦ</span> <span class='ocrx_word' id='word_1_518' title='bbox 1157 3698 1338 3772; x_wconf 75' lang='grc' dir='ltr'>αὔτοῠ,</span> <span class='ocrx_word' id='word_1_519' title='bbox 1396 3698 1686 3771; x_wconf 77' lang='grc' dir='ltr'>τουτέστιν,</span> <span class='ocrx_word' id='word_1_520' title='bbox 1747 3700 1995 3755; x_wconf 78' lang='grc' dir='ltr'>ἀπαιτεῖν</span> 
     </span>
    </p>
   </div>
   <div class='ocr_carea' id='block_1_73' title="bbox 362 3782 1998 3861">
    <p class='ocr_par' dir='ltr' id='par_1_73' title="bbox 362 3782 1998 3861">
     <span class='ocr_line' id='line_1_73' title="bbox 362 3782 1998 3861; baseline 0.002 -22"><span class='ocrx_word' id='word_1_521' title='bbox 362 3785 467 3840; x_wconf 80' lang='grc' dir='ltr'><strong>ἀπὸ</strong></span> <span class='ocrx_word' id='word_1_522' title='bbox 550 3790 655 3840; x_wconf 89' lang='grc' dir='ltr'><strong>τῶν</strong></span> <span class='ocrx_word' id='word_1_523' title='bbox 686 3782 811 3843; x_wconf 83' lang='grc' dir='ltr'>δέκα</span> <span class='ocrx_word' id='word_1_524' title='bbox 864 3787 1177 3852; x_wconf 76' lang='grc' dir='ltr'>αἱσθησεων.</span> <span class='ocrx_word' id='word_1_525' title='bbox 1223 3790 1326 3842; x_wconf 86' lang='grc' dir='ltr'><strong>τῶν</strong></span> <span class='ocrx_word' id='word_1_526' title='bbox 1358 3786 1510 3843; x_wconf 77' lang='grc' dir='ltr'>πέντε</span> <span class='ocrx_word' id='word_1_527' title='bbox 1564 3792 1881 3861; x_wconf 80' lang='grc' dir='ltr'>σωματικῶν</span> <span class='ocrx_word' id='word_1_528' title='bbox 1909 3800 1998 3855; x_wconf 77' lang='grc' dir='ltr'><strong>καὶ</strong></span> 
     </span>
    </p>
   </div>
   <div class='ocr_carea' id='block_1_74' title="bbox 362 3874 2001 3954">
    <p class='ocr_par' dir='ltr' id='par_1_74' title="bbox 362 3874 2001 3954">
     <span class='ocr_line' id='line_1_74' title="bbox 362 3874 2001 3954; baseline 0.002 -26"><span class='ocrx_word' id='word_1_529' title='bbox 362 3879 466 3928; x_wconf 83' lang='grc' dir='ltr'><strong>τῶν</strong></span> <span class='ocrx_word' id='word_1_530' title='bbox 524 3874 678 3930; x_wconf 77' lang='grc' dir='ltr'>πέντε</span> <span class='ocrx_word' id='word_1_531' title='bbox 746 3879 1013 3954; x_wconf 80' lang='grc' dir='ltr'>ψυχικῶν,</span> <span class='ocrx_word' id='word_1_532' title='bbox 1069 3877 1166 3940; x_wconf 80' lang='grc' dir='ltr'>τὴν</span> <span class='ocrx_word' id='word_1_533' title='bbox 1236 3878 1404 3954; x_wconf 89' lang='grc' dir='ltr'>κρίσιν</span> <span class='ocrx_word' id='word_1_534' title='bbox 1446 3878 1533 3932; x_wconf 84' lang='grc' dir='ltr'><strong>καὶ</strong></span> <span class='ocrx_word' id='word_1_535' title='bbox 1560 3878 1651 3932; x_wconf 81' lang='grc' dir='ltr'>τὸν</span> <span class='ocrx_word' id='word_1_536' title='bbox 1703 3874 1851 3931; x_wconf 74' lang='grc' dir='ltr'>ἔλεον</span> <span class='ocrx_word' id='word_1_537' title='bbox 1913 3883 2001 3937; x_wconf 81' lang='grc' dir='ltr'><strong>καὶ</strong></span> 
     </span>
    </p>
   </div>
   <div class='ocr_carea' id='block_1_75' title="bbox 360 3960 1994 4041">
    <p class='ocr_par' dir='ltr' id='par_1_75' title="bbox 360 3960 1994 4041">
     <span class='ocr_line' id='line_1_75' title="bbox 360 3960 1994 4041; baseline 0.001 -23"><span class='ocrx_word' id='word_1_538' title='bbox 360 3964 458 4030; x_wconf 73' lang='grc' dir='ltr'>τὴν</span> <span class='ocrx_word' id='word_1_539' title='bbox 490 3963 685 4019; x_wconf 84' lang='grc' dir='ltr'>πίστιν·</span> <span class='ocrx_word' id='word_1_540' title='bbox 712 3964 772 4018; x_wconf 80' lang='grc' dir='ltr'>τὸ</span> <span class='ocrx_word' id='word_1_541' title='bbox 816 3960 893 4035; x_wconf 70' lang='grc' dir='ltr'>δὲ,</span> <span class='ocrx_word' id='word_1_542' title='bbox 928 3970 1102 4021; x_wconf 80' lang='grc' dir='ltr'>Ταῦτα</span> <span class='ocrx_word' id='word_1_543' title='bbox 1136 3962 1236 4021; x_wconf 80' lang='grc' dir='ltr'>ἔδει</span> <span class='ocrx_word' id='word_1_544' title='bbox 1266 3969 1513 4036; x_wconf 81' lang='grc' dir='ltr'>ποιῆσαι,</span> <span class='ocrx_word' id='word_1_545' title='bbox 1546 3966 1698 4021; x_wconf 82' lang='grc' dir='ltr'>εἶπεν</span> <span class='ocrx_word' id='word_1_546' title='bbox 1728 3966 1755 4019; x_wconf 86' lang='grc' dir='ltr'><strong>ὁ</strong></span> <span class='ocrx_word' id='word_1_547' title='bbox 1788 3964 1994 4041; x_wconf 83' lang='grc' dir='ltr'>Κύριος,</span> 
     </span>
    </p>
   </div>
   <div class='ocr_carea' id='block_1_76' title="bbox 361 4049 1994 4130">
    <p class='ocr_par' dir='ltr' id='par_1_76' title="bbox 361 4049 1994 4130">
     <span class='ocr_line' id='line_1_76' title="bbox 361 4049 1994 4130; baseline 0 -23"><span class='ocrx_word' id='word_1_548' title='bbox 361 4054 420 4107; x_wconf 72' lang='grc' dir='ltr'><strong>οὗ</strong></span> <span class='ocrx_word' id='word_1_549' title='bbox 487 4050 910 4127; x_wconf 80' lang='grc' dir='ltr'>προτοεπόμενος</span> <span class='ocrx_word' id='word_1_550' title='bbox 967 4050 1052 4107; x_wconf 74' lang='grc' dir='ltr'><strong>ἐπὶ</strong></span> <span class='ocrx_word' id='word_1_551' title='bbox 1106 4052 1168 4107; x_wconf 77' lang='grc' dir='ltr'><strong>τὸ</strong></span> <span class='ocrx_word' id='word_1_552' title='bbox 1220 4049 1576 4108; x_wconf 83' lang='grc' dir='ltr'>ἆποδεκατοῦν</span> <span class='ocrx_word' id='word_1_553' title='bbox 1644 4051 1709 4106; x_wconf 72' lang='grc' dir='ltr'><strong>τὰ</strong></span> <span class='ocrx_word' id='word_1_554' title='bbox 1758 4050 1994 4130; x_wconf 83' lang='grc' dir='ltr'>λάχανα,</span> 
     </span>
    </p>
   </div>
   <div class='ocr_carea' id='block_1_77' title="bbox 361 4136 1995 4215">
    <p class='ocr_par' dir='ltr' id='par_1_77' title="bbox 361 4136 1995 4215">
     <span class='ocr_line' id='line_1_77' title="bbox 361 4136 1995 4215; baseline -0.001 -19"><span class='ocrx_word' id='word_1_555' title='bbox 361 4138 481 4196; x_wconf 80' lang='grc' dir='ltr'>ἀλλ’</span> <span class='ocrx_word' id='word_1_556' title='bbox 531 4139 623 4195; x_wconf 74' lang='grc' dir='ltr'>’ίνα</span> <span class='ocrx_word' id='word_1_557' title='bbox 679 4139 757 4213; x_wconf 81' lang='grc' dir='ltr'>μὴ</span> <span class='ocrx_word' id='word_1_558' title='bbox 814 4136 935 4215; x_wconf 80' lang='grc' dir='ltr'>δόξῃ</span> <span class='ocrx_word' id='word_1_559' title='bbox 993 4140 1415 4215; x_wconf 82' lang='grc' dir='ltr'>ἀντινομοθετεῖν</span> <span class='ocrx_word' id='word_1_560' title='bbox 1468 4139 1599 4203; x_wconf 84' lang='grc' dir='ltr'>τέως</span> <span class='ocrx_word' id='word_1_561' title='bbox 1656 4146 1733 4213; x_wconf 85' lang='grc' dir='ltr'><strong>τῷ</strong></span> <span class='ocrx_word' id='word_1_562' title='bbox 1786 4146 1995 4201; x_wconf 84' lang='grc' dir='ltr'>Μωσεϊ.</span> 
     </span>
    </p>
   </div>
   <div class='ocr_carea' id='block_1_78' title="bbox 364 4221 1993 4307">
    <p class='ocr_par' dir='ltr' id='par_1_78' title="bbox 364 4221 1993 4307">
     <span class='ocr_line' id='line_1_78' title="bbox 364 4221 1993 4307; baseline -0.002 -23"><span class='ocrx_word' id='word_1_563' title='bbox 364 4221 616 4304; x_wconf 73' lang='grc' dir='ltr'>Ὀδηγοῦς</span> <span class='ocrx_word' id='word_1_564' title='bbox 671 4226 725 4283; x_wconf 75' lang='grc' dir='ltr'>δὲ</span> <span class='ocrx_word' id='word_1_565' title='bbox 794 4226 1016 4307; x_wconf 73' lang='grc' dir='ltr'>τυφλοὺς</span> <span class='ocrx_word' id='word_1_566' title='bbox 1060 4229 1245 4291; x_wconf 74' lang='grc' dir='ltr'>αὐτοὺς</span> <span class='ocrx_word' id='word_1_567' title='bbox 1290 4228 1563 4305; x_wconf 81' lang='grc' dir='ltr'>ὀνομάζει,</span> <span class='ocrx_word' id='word_1_568' title='bbox 1595 4225 1726 4284; x_wconf 85' lang='grc' dir='ltr'>διότι</span> <span class='ocrx_word' id='word_1_569' title='bbox 1758 4231 1993 4305; x_wconf 73' lang='grc' dir='ltr'>αὐχοῦν-</span> 
     </span>
    </p>
   </div>
   <div class='ocr_carea' id='block_1_79' title="bbox 359 4312 1991 4396">
    <p class='ocr_par' dir='ltr' id='par_1_79' title="bbox 359 4312 1991 4396">
     <span class='ocr_line' id='line_1_79' title="bbox 359 4312 1991 4396; baseline -0.001 -25"><span class='ocrx_word' id='word_1_570' title='bbox 359 4338 443 4377; x_wconf 82' lang='grc' dir='ltr'><strong>τες</strong></span> <span class='ocrx_word' id='word_1_571' title='bbox 504 4312 760 4372; x_wconf 76' lang='grc' dir='ltr'>διδάσκειν</span> <span class='ocrx_word' id='word_1_572' title='bbox 829 4316 916 4371; x_wconf 88' lang='grc' dir='ltr'><strong>καὶ</strong></span> <span class='ocrx_word' id='word_1_573' title='bbox 970 4316 1141 4374; x_wconf 74' lang='grc' dir='ltr'>πάντα</span> <span class='ocrx_word' id='word_1_574' title='bbox 1221 4314 1431 4387; x_wconf 79' lang='grc' dir='ltr'>εἰδέναι,</span> <span class='ocrx_word' id='word_1_575' title='bbox 1488 4313 1668 4371; x_wconf 75' lang='grc' dir='ltr'>οὐδένα</span> <span class='ocrx_word' id='word_1_576' title='bbox 1734 4314 1991 4396; x_wconf 75' lang='grc' dir='ltr'>ὠφέλουν,</span> 
     </span>
    </p>
   </div>
   <div class='ocr_carea' id='block_1_80' title="bbox 361 4400 1987 4483">
    <p class='ocr_par' dir='ltr' id='par_1_80' title="bbox 361 4400 1987 4483">
     <span class='ocr_line' id='line_1_80' title="bbox 361 4400 1987 4483; baseline -0.001 -23"><span class='ocrx_word' id='word_1_577' title='bbox 361 4404 497 4460; x_wconf 77' lang='grc' dir='ltr'>ἀλλὰ</span> <span class='ocrx_word' id='word_1_578' title='bbox 553 4404 641 4460; x_wconf 81' lang='grc' dir='ltr'>καὶ</span> <span class='ocrx_word' id='word_1_579' title='bbox 709 4400 909 4477; x_wconf 81' lang='grc' dir='ltr'>μᾶλλον</span> <span class='ocrx_word' id='word_1_580' title='bbox 980 4402 1178 4467; x_wconf 68' lang='grc' dir='ltr'>πάντας</span> <span class='ocrx_word' id='word_1_581' title='bbox 1271 4401 1572 4483; x_wconf 76' lang='grc' dir='ltr'>διέφθειρον,</span> <span class='ocrx_word' id='word_1_582' title='bbox 1637 4404 1707 4464; x_wconf 78' lang='grc' dir='ltr'><strong>εἷς</strong></span> <span class='ocrx_word' id='word_1_583' title='bbox 1804 4402 1987 4480; x_wconf 83' lang='grc' dir='ltr'>βόθρον</span> 
     </span>
    </p>
   </div>
   <div class='ocr_carea' id='block_1_81' title="bbox 2082 3337 3716 3417">
    <p class='ocr_par' dir='ltr' id='par_1_81' title="bbox 2082 3337 3716 3417">
     <span class='ocr_line' id='line_1_81' title="bbox 2082 3337 3716 3417; baseline 0.002 -18"><span class='ocrx_word' id='word_1_584' title='bbox 2082 3341 2327 3400; x_wconf 84' lang='lat' dir='ltr'><strong>credere</strong></span> <span class='ocrx_word' id='word_1_585' title='bbox 2362 3341 2481 3401; x_wconf 86' lang='lat' dir='ltr'><strong>D&#39;eo</strong></span> <span class='ocrx_word' id='word_1_586' title='bbox 2514 3354 2676 3400; x_wconf 88' lang='lat' dir='ltr'><strong>vero.</strong></span> <span class='ocrx_word' id='word_1_587' title='bbox 2703 3337 2865 3398; x_wconf 77' lang='lat' dir='ltr'><strong>Multi</strong></span> <span class='ocrx_word' id='word_1_588' title='bbox 2889 3338 3045 3398; x_wconf 90' lang='lat' dir='ltr'><strong>enim</strong></span> <span class='ocrx_word' id='word_1_589' title='bbox 3083 3357 3443 3417; x_wconf 80' lang='lat' dir='ltr'><strong>paganorum</strong></span> <span class='ocrx_word' id='word_1_590' title='bbox 3476 3341 3716 3403; x_wconf 87' lang='lat' dir='ltr'><strong>miseri-</strong></span> 
     </span>
    </p>
   </div>
   <div class='ocr_carea' id='block_1_82' title="bbox 2082 3425 3717 3506">
    <p class='ocr_par' dir='ltr' id='par_1_82' title="bbox 2082 3425 3717 3506">
     <span class='ocr_line' id='line_1_82' title="bbox 2082 3425 3717 3506; baseline 0.002 -18"><span class='ocrx_word' id='word_1_591' title='bbox 2082 3427 2294 3488; x_wconf 88' lang='lat' dir='ltr'><strong>cordes</strong></span> <span class='ocrx_word' id='word_1_592' title='bbox 2336 3425 2573 3506; x_wconf 86' lang='lat' dir='ltr'><strong>quidem</strong></span> <span class='ocrx_word' id='word_1_593' title='bbox 2624 3425 2882 3499; x_wconf 84' lang='lat' dir='ltr'><strong>fuerunt,</strong></span> <span class='ocrx_word' id='word_1_594' title='bbox 2920 3444 3038 3486; x_wconf 90' lang='lat' dir='ltr'><strong>non</strong></span> <span class='ocrx_word' id='word_1_595' title='bbox 3084 3427 3395 3488; x_wconf 83' lang='lat' dir='ltr'><strong>credentes</strong></span> <span class='ocrx_word' id='word_1_596' title='bbox 3426 3438 3621 3491; x_wconf 91' lang='lat' dir='ltr'><strong>autem</strong></span> <span class='ocrx_word' id='word_1_597' title='bbox 3653 3431 3717 3492; x_wconf 87' lang='lat' dir='ltr'><strong>in</strong></span> 
     </span>
    </p>
   </div>
   <div class='ocr_carea' id='block_1_83' title="bbox 2079 3513 3717 3585">
    <p class='ocr_par' dir='ltr' id='par_1_83' title="bbox 2079 3513 3717 3585">
     <span class='ocr_line' id='line_1_83' title="bbox 2079 3513 3717 3585; baseline 0.003 -9"><span class='ocrx_word' id='word_1_598' title='bbox 2079 3514 2265 3576; x_wconf 90' lang='lat' dir='ltr'><strong>Deum</strong></span> <span class='ocrx_word' id='word_1_599' title='bbox 2299 3515 2513 3585; x_wconf 88' lang='lat' dir='ltr'><strong>vivum,</strong></span> <span class='ocrx_word' id='word_1_600' title='bbox 2543 3533 2658 3574; x_wconf 84' lang='lat' dir='ltr'><strong>non</strong></span> <span class='ocrx_word' id='word_1_601' title='bbox 2697 3513 3031 3574; x_wconf 89' lang='lat' dir='ltr'><strong>habuerunt</strong></span> <span class='ocrx_word' id='word_1_602' title='bbox 3073 3514 3497 3579; x_wconf 62' lang='lat' dir='ltr'><strong>misericordia</strong></span> <span class='ocrx_word' id='word_1_603' title='bbox 3527 3520 3717 3580; x_wconf 86' lang='lat' dir='ltr'><strong>comi-</strong></span> 
     </span>
    </p>
   </div>
   <div class='ocr_carea' id='block_1_84' title="bbox 2080 3602 3711 3684">
    <p class='ocr_par' dir='ltr' id='par_1_84' title="bbox 2080 3602 3711 3684">
     <span class='ocr_line' id='line_1_84' title="bbox 2080 3602 3711 3684; baseline 0.002 -20"><span class='ocrx_word' id='word_1_604' title='bbox 2080 3611 2196 3664; x_wconf 93' lang='lat' dir='ltr'><strong>tem</strong></span> <span class='ocrx_word' id='word_1_605' title='bbox 2227 3602 2429 3663; x_wconf 83' lang='lat' dir='ltr'><strong>fidem.</strong></span> <span class='ocrx_word' id='word_1_606' title='bbox 2459 3603 2711 3681; x_wconf 82' lang='lat' dir='ltr'><strong>Oportet</strong></span> <span class='ocrx_word' id='word_1_607' title='bbox 2739 3609 2934 3662; x_wconf 85' lang='lat' dir='ltr'><strong>autem</strong></span> <span class='ocrx_word' id='word_1_608' title='bbox 2964 3621 3450 3684; x_wconf 89' lang='lat' dir='ltr'><strong>unumquemque</strong></span> <span class='ocrx_word' id='word_1_609' title='bbox 3495 3605 3711 3667; x_wconf 85' lang='lat' dir='ltr'><strong>docto-</strong></span> 
     </span>
    </p>
   </div>
   <div class='ocr_carea' id='block_1_85' title="bbox 2076 3688 3721 3772">
    <p class='ocr_par' dir='ltr' id='par_1_85' title="bbox 2076 3688 3721 3772">
     <span class='ocr_line' id='line_1_85' title="bbox 2076 3688 3721 3772; baseline 0.004 -21"><span class='ocrx_word' id='word_1_610' title='bbox 2076 3708 2206 3752; x_wconf 91' lang='lat' dir='ltr'><strong>rum</strong></span> <span class='ocrx_word' id='word_1_611' title='bbox 2263 3691 2564 3751; x_wconf 88' lang='lat' dir='ltr'><strong>decimare</strong></span> <span class='ocrx_word' id='word_1_612' title='bbox 2610 3707 2645 3750; x_wconf 92' lang='lat' dir='ltr'><strong>a</strong></span> <span class='ocrx_word' id='word_1_613' title='bbox 2695 3688 2910 3769; x_wconf 89' lang='lat' dir='ltr'><strong>popqu</strong></span> <span class='ocrx_word' id='word_1_614' title='bbox 2961 3707 3092 3768; x_wconf 91' lang='lat' dir='ltr'><strong>suo,</strong></span> <span class='ocrx_word' id='word_1_615' title='bbox 3143 3691 3256 3751; x_wconf 85' lang='lat' dir='ltr'><strong>hoc</strong></span> <span class='ocrx_word' id='word_1_616' title='bbox 3308 3700 3416 3766; x_wconf 90' lang='lat' dir='ltr'><strong>est,</strong></span> <span class='ocrx_word' id='word_1_617' title='bbox 3454 3699 3654 3772; x_wconf 89' lang='lat' dir='ltr'><strong>petere</strong></span> <span class='ocrx_word' id='word_1_618' title='bbox 3685 3712 3721 3756; x_wconf 83' lang='lat' dir='ltr'><strong>a</strong></span> 
     </span>
    </p>
   </div>
   <div class='ocr_carea' id='block_1_86' title="bbox 2085 3776 3718 3860">
    <p class='ocr_par' dir='ltr' id='par_1_86' title="bbox 2085 3776 3718 3860">
     <span class='ocr_line' id='line_1_86' title="bbox 2085 3776 3718 3860; baseline 0.002 -19"><span class='ocrx_word' id='word_1_619' title='bbox 2085 3780 2291 3841; x_wconf 86' lang='lat' dir='ltr'><strong>decem</strong></span> <span class='ocrx_word' id='word_1_620' title='bbox 2314 3776 2733 3856; x_wconf 87' lang='lat' dir='ltr'><strong>sensibus,hoc</strong></span> <span class='ocrx_word' id='word_1_621' title='bbox 2762 3786 2913 3850; x_wconf 83' lang='lat' dir='ltr'><strong>est,a</strong></span> <span class='ocrx_word' id='word_1_622' title='bbox 2936 3778 3196 3860; x_wconf 91' lang='lat' dir='ltr'><strong>quinque</strong></span> <span class='ocrx_word' id='word_1_623' title='bbox 3221 3780 3718 3858; x_wconf 90' lang='lat' dir='ltr'><strong>corporalibus,et</strong></span> 
     </span>
    </p>
   </div>
   <div class='ocr_carea' id='block_1_87' title="bbox 2084 3863 3720 3949">
    <p class='ocr_par' dir='ltr' id='par_1_87' title="bbox 2084 3863 3720 3949">
     <span class='ocr_line' id='line_1_87' title="bbox 2084 3863 3720 3949; baseline 0.003 -23"><span class='ocrx_word' id='word_1_624' title='bbox 2084 3866 2342 3949; x_wconf 83' lang='lat' dir='ltr'><strong>quinque</strong></span> <span class='ocrx_word' id='word_1_625' title='bbox 2371 3863 2749 3944; x_wconf 89' lang='lat' dir='ltr'><strong>animalibus,</strong></span> <span class='ocrx_word' id='word_1_626' title='bbox 2796 3865 3092 3945; x_wconf 90' lang='lat' dir='ltr'><strong>judicium</strong></span> <span class='ocrx_word' id='word_1_627' title='bbox 3147 3865 3617 3943; x_wconf 85' lang='lat' dir='ltr'><strong>misericordiam</strong></span> <span class='ocrx_word' id='word_1_628' title='bbox 3661 3876 3720 3937; x_wconf 88' lang='lat' dir='ltr'><strong>et</strong></span> 
     </span>
    </p>
   </div>
   <div class='ocr_carea' id='block_1_88' title="bbox 2082 3952 3721 4036">
    <p class='ocr_par' dir='ltr' id='par_1_88' title="bbox 2082 3952 3721 4036">
     <span class='ocr_line' id='line_1_88' title="bbox 2082 3952 3721 4036; baseline 0.002 -19"><span class='ocrx_word' id='word_1_629' title='bbox 2082 3956 2279 4017; x_wconf 81' lang='lat' dir='ltr'><strong>tidem.</strong></span> <span class='ocrx_word' id='word_1_630' title='bbox 2313 3952 2450 4014; x_wconf 58' lang='lat' dir='ltr'><strong>Haac</strong></span> <span class='ocrx_word' id='word_1_631' title='bbox 2480 3952 2717 4031; x_wconf 67' lang='lat' dir='ltr'><strong>quidem</strong></span> <span class='ocrx_word' id='word_1_632' title='bbox 2748 3953 3056 4031; x_wconf 86' lang='lat' dir='ltr'><strong>oportebat</strong></span> <span class='ocrx_word' id='word_1_633' title='bbox 3084 3954 3302 4036; x_wconf 80' lang='lat' dir='ltr'><strong>facere,</strong></span> <span class='ocrx_word' id='word_1_634' title='bbox 3329 3954 3474 4017; x_wconf 90' lang='lat' dir='ltr'><strong>dicit</strong></span> <span class='ocrx_word' id='word_1_635' title='bbox 3508 3955 3721 4027; x_wconf 84' lang='lat' dir='ltr'><strong>Chris-</strong></span> 
     </span>
    </p>
   </div>
   <div class='ocr_carea' id='block_1_89' title="bbox 2082 4039 3721 4119">
    <p class='ocr_par' dir='ltr' id='par_1_89' title="bbox 2082 4039 3721 4119">
     <span class='ocr_line' id='line_1_89' title="bbox 2082 4039 3721 4119; baseline 0.004 -16"><span class='ocrx_word' id='word_1_636' title='bbox 2082 4050 2175 4103; x_wconf 81' lang='lat' dir='ltr'><strong>tus</strong></span> <span class='ocrx_word' id='word_1_637' title='bbox 2208 4059 2323 4101; x_wconf 91' lang='lat' dir='ltr'><strong>non</strong></span> <span class='ocrx_word' id='word_1_638' title='bbox 2353 4040 2673 4101; x_wconf 87' lang='lat' dir='ltr'><strong>adhortans</strong></span> <span class='ocrx_word' id='word_1_639' title='bbox 2703 4039 2773 4099; x_wconf 90' lang='lat' dir='ltr'><strong>ad</strong></span> <span class='ocrx_word' id='word_1_640' title='bbox 2803 4040 3221 4103; x_wconf 89' lang='lat' dir='ltr'><strong>decimandum</strong></span> <span class='ocrx_word' id='word_1_641' title='bbox 3252 4043 3486 4119; x_wconf 91' lang='lat' dir='ltr'><strong>herbas,</strong></span> <span class='ocrx_word' id='word_1_642' title='bbox 3511 4046 3615 4108; x_wconf 91' lang='lat' dir='ltr'><strong>sed</strong></span> <span class='ocrx_word' id='word_1_643' title='bbox 3642 4064 3721 4110; x_wconf 85' lang='lat' dir='ltr'><strong>ne</strong></span> 
     </span>
    </p>
   </div>
   <div class='ocr_carea' id='block_1_90' title="bbox 2084 4127 3715 4209">
    <p class='ocr_par' dir='ltr' id='par_1_90' title="bbox 2084 4127 3715 4209">
     <span class='ocr_line' id='line_1_90' title="bbox 2084 4127 3715 4209; baseline 0.004 -20"><span class='ocrx_word' id='word_1_644' title='bbox 2084 4128 2377 4190; x_wconf 84' lang='lat' dir='ltr'><strong>videretur</strong></span> <span class='ocrx_word' id='word_1_645' title='bbox 2400 4136 2537 4188; x_wconf 88' lang='lat' dir='ltr'><strong>tunc</strong></span> <span class='ocrx_word' id='word_1_646' title='bbox 2566 4127 2894 4189; x_wconf 88' lang='lat' dir='ltr'><strong>contrarius</strong></span> <span class='ocrx_word' id='word_1_647' title='bbox 2928 4129 3133 4209; x_wconf 83' lang='lat' dir='ltr'><strong>Moysi.</strong></span> <span class='ocrx_word' id='word_1_648' title='bbox 3159 4129 3349 4192; x_wconf 91' lang='lat' dir='ltr'><strong>Duces</strong></span> <span class='ocrx_word' id='word_1_649' title='bbox 3374 4139 3570 4194; x_wconf 90' lang='lat' dir='ltr'><strong>autem</strong></span> <span class='ocrx_word' id='word_1_650' title='bbox 3601 4152 3715 4197; x_wconf 72' lang='lat' dir='ltr'><strong>cae-</strong></span> 
     </span>
    </p>
   </div>
   <div class='ocr_carea' id='block_1_91' title="bbox 2077 4214 3721 4295">
    <p class='ocr_par' dir='ltr' id='par_1_91' title="bbox 2077 4214 3721 4295">
     <span class='ocr_line' id='line_1_91' title="bbox 2077 4214 3721 4295; baseline 0.004 -17"><span class='ocrx_word' id='word_1_651' title='bbox 2077 4235 2177 4281; x_wconf 89' lang='lat' dir='ltr'><strong>cos</strong></span> <span class='ocrx_word' id='word_1_652' title='bbox 2206 4234 2309 4278; x_wconf 86' lang='lat' dir='ltr'><strong>eos</strong></span> <span class='ocrx_word' id='word_1_653' title='bbox 2358 4214 2641 4290; x_wconf 88' lang='lat' dir='ltr'><strong>nominat,</strong></span> <span class='ocrx_word' id='word_1_654' title='bbox 2672 4233 2742 4276; x_wconf 91' lang='lat' dir='ltr'><strong>eo</strong></span> <span class='ocrx_word' id='word_1_655' title='bbox 2772 4216 2927 4294; x_wconf 91' lang='lat' dir='ltr'><strong>quod</strong></span> <span class='ocrx_word' id='word_1_656' title='bbox 2973 4217 3373 4295; x_wconf 87' lang='lat' dir='ltr'><strong>gloriabantur</strong></span> <span class='ocrx_word' id='word_1_657' title='bbox 3422 4238 3488 4280; x_wconf 91' lang='lat' dir='ltr'><strong>se</strong></span> <span class='ocrx_word' id='word_1_658' title='bbox 3519 4222 3721 4285; x_wconf 81' lang='lat' dir='ltr'><strong>omnia</strong></span> 
     </span>
    </p>
   </div>
   <div class='ocr_carea' id='block_1_92' title="bbox 2078 4304 3717 4385">
    <p class='ocr_par' dir='ltr' id='par_1_92' title="bbox 2078 4304 3717 4385">
     <span class='ocr_line' id='line_1_92' title="bbox 2078 4304 3717 4385; baseline 0.004 -19"><span class='ocrx_word' id='word_1_659' title='bbox 2078 4306 2231 4367; x_wconf 90' lang='lat' dir='ltr'><strong>scire</strong></span> <span class='ocrx_word' id='word_1_660' title='bbox 2262 4312 2319 4366; x_wconf 91' lang='lat' dir='ltr'><strong>et</strong></span> <span class='ocrx_word' id='word_1_661' title='bbox 2348 4304 2583 4377; x_wconf 91' lang='lat' dir='ltr'><strong>docere,</strong></span> <span class='ocrx_word' id='word_1_662' title='bbox 2634 4304 2902 4384; x_wconf 90' lang='lat' dir='ltr'><strong>nullique</strong></span> <span class='ocrx_word' id='word_1_663' title='bbox 2947 4307 3288 4385; x_wconf 87' lang='lat' dir='ltr'><strong>proderant,</strong></span> <span class='ocrx_word' id='word_1_664' title='bbox 3341 4307 3445 4369; x_wconf 76' lang='lat' dir='ltr'><strong>sed</strong></span> <span class='ocrx_word' id='word_1_665' title='bbox 3505 4328 3717 4376; x_wconf 90' lang='lat' dir='ltr'><strong>omnes</strong></span> 
     </span>
    </p>
   </div>
   <div class='ocr_carea' id='block_1_93' title="bbox 2013 4372 3702 4473">
    <p class='ocr_par' dir='ltr' id='par_1_93' title="bbox 2013 4372 3702 4473">
     <span class='ocr_line' id='line_1_93' title="bbox 2013 4372 3702 4473; baseline 0.007 -23"><span class='ocrx_word' id='word_1_666' title='bbox 2013 4372 2267 4473; x_wconf 68' lang='lat' dir='ltr'><strong>l)potius</strong></span> <span class='ocrx_word' id='word_1_667' title='bbox 2323 4372 2903 4469; x_wconf 48' lang='lat' dir='ltr'><strong>corrumpebant&#39;in</strong></span> <span class='ocrx_word' id='word_1_668' title='bbox 2946 4372 3286 4456; x_wconf 73' lang='lat' dir='ltr'><strong>barathrum</strong></span> <span class='ocrx_word' id='word_1_669' title='bbox 3335 4372 3702 4461; x_wconf 77' lang='lat' dir='ltr'><strong>infidelitatis</strong></span> 
     </span>
    </p>
   </div>
   <div class='ocr_carea' id='block_1_94' title="bbox 358 4480 1994 4568">
    <p class='ocr_par' dir='ltr' id='par_1_94' title="bbox 358 4480 1987 4568">
     <span class='ocr_line' id='line_1_94' title="bbox 358 4480 1987 4568; baseline -0.001 -21"><span class='ocrx_word' id='word_1_670' title='bbox 358 4494 621 4568; x_wconf 80' lang='grc' dir='ltr'>ῥίπτοντες</span> <span class='ocrx_word' id='word_1_671' title='bbox 686 4491 956 4554; x_wconf 78' lang='grc' dir='ltr'>ἀπιστίας,</span> <span class='ocrx_word' id='word_1_672' title='bbox 1002 4492 1103 4550; x_wconf 83' lang='grc' dir='ltr'><strong>Τὸν</strong></span> <span class='ocrx_word' id='word_1_673' title='bbox 1131 4480 1372 4547; x_wconf 69' lang='grc' dir='ltr'>κώνωπα</span> <span class='ocrx_word' id='word_1_674' title='bbox 1404 4480 1471 4546; x_wconf 72' lang='grc' dir='ltr'>δὲ</span> <span class='ocrx_word' id='word_1_675' title='bbox 1516 4488 1831 4559; x_wconf 79' lang='grc' dir='ltr'>διυλίζοντας</span> <span class='ocrx_word' id='word_1_676' title='bbox 1859 4491 1987 4546; x_wconf 77' lang='grc' dir='ltr'>τού-</span> 
     </span>
    </p>
   </div>
   <div class='ocr_carea' id='block_1_95' title="bbox 2076 4480 3698 4568">
    <p class='ocr_par' dir='ltr' id='par_1_95' title="bbox 2076 4480 3698 4561">
     <span class='ocr_line' id='line_1_95' title="bbox 2076 4480 3698 4561; baseline 0.004 -19"><span class='ocrx_word' id='word_1_677' title='bbox 2076 4480 2470 4561; x_wconf 89' lang='lat' dir='ltr'><strong>projicientes.</strong></span> <span class='ocrx_word' id='word_1_678' title='bbox 2519 4480 2783 4541; x_wconf 88' lang='lat' dir='ltr'><strong>Culicem</strong></span> <span class='ocrx_word' id='word_1_679' title='bbox 2836 4490 3034 4543; x_wconf 91' lang='lat' dir='ltr'><strong>autem</strong></span> <span class='ocrx_word' id='word_1_680' title='bbox 3080 4483 3416 4546; x_wconf 82' lang='lat' dir='ltr'><strong>excolantes</strong></span> <span class='ocrx_word' id='word_1_681' title='bbox 3449 4504 3550 4547; x_wconf 88' lang='lat' dir='ltr'><strong>eos</strong></span> <span class='ocrx_word' id='word_1_682' title='bbox 3583 4505 3698 4548; x_wconf 88' lang='lat' dir='ltr'><strong>no-</strong></span> 
     </span>
    </p>
   </div>
   <div class='ocr_carea' id='block_1_96' title="bbox 361 4569 1994 4657">
    <p class='ocr_par' dir='ltr' id='par_1_96' title="bbox 361 4578 1986 4657">
     <span class='ocr_line' id='line_1_96' title="bbox 361 4578 1986 4657; baseline -0.001 -22"><span class='ocrx_word' id='word_1_683' title='bbox 361 4602 481 4642; x_wconf 85' lang='grc' dir='ltr'>τους</span> <span class='ocrx_word' id='word_1_684' title='bbox 531 4579 795 4654; x_wconf 79' lang='grc' dir='ltr'>ὀνομάζει,</span> <span class='ocrx_word' id='word_1_685' title='bbox 856 4582 928 4643; x_wconf 85' lang='grc' dir='ltr'>ὡς</span> <span class='ocrx_word' id='word_1_686' title='bbox 986 4579 1052 4635; x_wconf 77' lang='grc' dir='ltr'><strong>τὰ</strong></span> <span class='ocrx_word' id='word_1_687' title='bbox 1116 4580 1214 4652; x_wconf 75' lang='grc' dir='ltr'>μὲν</span> <span class='ocrx_word' id='word_1_688' title='bbox 1274 4579 1434 4656; x_wconf 79' lang='grc' dir='ltr'>μικρὰ</span> <span class='ocrx_word' id='word_1_689' title='bbox 1491 4578 1847 4657; x_wconf 76' lang='grc' dir='ltr'>ἆμαρτὴματα</span> <span class='ocrx_word' id='word_1_690' title='bbox 1876 4600 1986 4635; x_wconf 85' lang='grc' dir='ltr'><strong>πα-</strong></span> 
     </span>
    </p>
   </div>
   <div class='ocr_carea' id='block_1_97' title="bbox 2076 4569 3694 4657">
    <p class='ocr_par' dir='ltr' id='par_1_97' title="bbox 2076 4569 3694 4657">
     <span class='ocr_line' id='line_1_97' title="bbox 2076 4569 3694 4657; baseline 0.007 -29"><span class='ocrx_word' id='word_1_691' title='bbox 2076 4577 2273 4649; x_wconf 90' lang='lat' dir='ltr'><strong>minat,</strong></span> <span class='ocrx_word' id='word_1_692' title='bbox 2321 4576 2385 4657; x_wconf 89' lang='lat' dir='ltr'><strong>ut</strong></span> <span class='ocrx_word' id='word_1_693' title='bbox 2432 4585 2605 4647; x_wconf 91' lang='lat' dir='ltr'><strong>parva</strong></span> <span class='ocrx_word' id='word_1_694' title='bbox 2651 4578 2891 4647; x_wconf 87' lang='lat' dir='ltr'><strong>peccata</strong></span> <span class='ocrx_word' id='word_1_695' title='bbox 2925 4569 3341 4647; x_wconf 87' lang='lat' dir='ltr'><strong>observantes,</strong></span> <span class='ocrx_word' id='word_1_696' title='bbox 3402 4573 3694 4639; x_wconf 90' lang='lat' dir='ltr'><strong>camelum</strong></span> 
     </span>
    </p>
   </div>
   <div class='ocr_carea' id='block_1_98' title="bbox 364 4656 1994 4746">
    <p class='ocr_par' dir='ltr' id='par_1_98' title="bbox 364 4656 1984 4746">
     <span class='ocr_line' id='line_1_98' title="bbox 364 4656 1984 4746; baseline -0.001 -23"><span class='ocrx_word' id='word_1_697' title='bbox 364 4665 867 4746; x_wconf 76' lang='grc' dir='ltr'>ραφυλαττομὲνους,</span> <span class='ocrx_word' id='word_1_698' title='bbox 924 4667 1022 4734; x_wconf 78' lang='grc' dir='ltr'><strong>τὴν</strong></span> <span class='ocrx_word' id='word_1_699' title='bbox 1077 4664 1131 4721; x_wconf 77' lang='grc' dir='ltr'>δὲ</span> <span class='ocrx_word' id='word_1_700' title='bbox 1185 4665 1451 4742; x_wconf 80' lang='grc' dir='ltr'>κάμηλον,</span> <span class='ocrx_word' id='word_1_701' title='bbox 1479 4656 1615 4733; x_wconf 70' lang='grc' dir='ltr'>ἤτοι</span> <span class='ocrx_word' id='word_1_702' title='bbox 1665 4667 1731 4724; x_wconf 76' lang='grc' dir='ltr'>τὰ</span> <span class='ocrx_word' id='word_1_703' title='bbox 1754 4664 1984 4744; x_wconf 70' lang='grc' dir='ltr'>μεγάλα,</span> 
     </span>
    </p>
   </div>
   <div class='ocr_carea' id='block_1_99' title="bbox 2076 4656 3701 4746">
    <p class='ocr_par' dir='ltr' id='par_1_99' title="bbox 2076 4656 3701 4746">
     <span class='ocr_line' id='line_1_99' title="bbox 2076 4656 3701 4746; baseline 0.004 -27"><span class='ocrx_word' id='word_1_704' title='bbox 2076 4664 2290 4746; x_wconf 78' lang='lat' dir='ltr'><strong>autem,</strong></span> <span class='ocrx_word' id='word_1_705' title='bbox 2340 4656 2452 4717; x_wconf 89' lang='lat' dir='ltr'><strong>hoc</strong></span> <span class='ocrx_word' id='word_1_706' title='bbox 2508 4664 2620 4737; x_wconf 90' lang='lat' dir='ltr'><strong>est,</strong></span> <span class='ocrx_word' id='word_1_707' title='bbox 2672 4674 2886 4736; x_wconf 85' lang='lat' dir='ltr'><strong>magna</strong></span> <span class='ocrx_word' id='word_1_708' title='bbox 2932 4658 3327 4738; x_wconf 83' lang='lat' dir='ltr'><strong>deglutientes</strong></span> <span class='ocrx_word' id='word_1_709' title='bbox 3375 4668 3433 4723; x_wconf 90' lang='lat' dir='ltr'><strong>et</strong></span> <span class='ocrx_word' id='word_1_710' title='bbox 3490 4661 3701 4744; x_wconf 84' lang='lat' dir='ltr'><strong>despi-</strong></span> 
     </span>
    </p>
   </div>
   <div class='ocr_carea' id='block_1_100' title="bbox 364 4756 1259 4831">
    <p class='ocr_par' dir='ltr' id='par_1_100' title="bbox 364 4756 1259 4831">
     <span class='ocr_line' id='line_1_100' title="bbox 364 4756 1259 4831; baseline -0.001 -21"><span class='ocrx_word' id='word_1_711' title='bbox 364 4756 744 4818; x_wconf 80' lang='grc' dir='ltr'>καταπίνοντας</span> <span class='ocrx_word' id='word_1_712' title='bbox 771 4756 858 4810; x_wconf 83' lang='grc' dir='ltr'><strong>καὶ</strong></span> <span class='ocrx_word' id='word_1_713' title='bbox 900 4759 1259 4831; x_wconf 82' lang='grc' dir='ltr'>παρορῶντας,</span> 
     </span>
    </p>
   </div>
   <div class='ocr_carea' id='block_1_101' title="bbox 450 4842 1991 4921">
    <p class='ocr_par' dir='ltr' id='par_1_101' title="bbox 450 4842 1991 4921">
     <span class='ocr_line' id='line_1_101' title="bbox 450 4842 1991 4921; baseline 0.001 -24"><span class='ocrx_word' id='word_1_714' title='bbox 450 4864 478 4897; x_wconf 73' lang='grc' dir='ltr'>ι</span> <span class='ocrx_word' id='word_1_715' title='bbox 531 4844 655 4901; x_wconf 71' lang='grc' dir='ltr'>Οὐαὶ</span> <span class='ocrx_word' id='word_1_716' title='bbox 684 4844 836 4917; x_wconf 78' lang='grc' dir='ltr'>ὑμῖν,</span> <span class='ocrx_word' id='word_1_717' title='bbox 882 4848 1224 4920; x_wconf 87' lang='grc' dir='ltr'>Γραμματεῖς</span> <span class='ocrx_word' id='word_1_718' title='bbox 1254 4842 1342 4898; x_wconf 80' lang='grc' dir='ltr'><strong>καὶ</strong></span> <span class='ocrx_word' id='word_1_719' title='bbox 1385 4847 1666 4920; x_wconf 80' lang='grc' dir='ltr'>Φαρισαῖοι</span> <span class='ocrx_word' id='word_1_720' title='bbox 1695 4842 1991 4921; x_wconf 74' lang='grc' dir='ltr'>ὑποκριταὶ,</span> 
     </span>
    </p>
   </div>
   <div class='ocr_carea' id='block_1_102' title="bbox 2072 4745 2318 4808">
    <p class='ocr_par' dir='ltr' id='par_1_102' title="bbox 2072 4745 2318 4808">
     <span class='ocr_line' id='line_1_102' title="bbox 2072 4745 2318 4808; baseline -0.004 0"><span class='ocrx_word' id='word_1_721' title='bbox 2072 4745 2318 4808; x_wconf 86' lang='lat' dir='ltr'><strong>cientes.</strong></span> 
     </span>
    </p>
   </div>
   <div class='ocr_carea' id='block_1_103' title="bbox 2154 4830 3698 4910">
    <p class='ocr_par' dir='ltr' id='par_1_103' title="bbox 2154 4830 3698 4910">
     <span class='ocr_line' id='line_1_103' title="bbox 2154 4830 3698 4910; baseline 0.006 -14"><span class='ocrx_word' id='word_1_722' title='bbox 2154 4832 2340 4897; x_wconf 70' lang='lat' dir='ltr'><strong>Vens.</strong></span> <span class='ocrx_word' id='word_1_723' title='bbox 2372 4833 2473 4905; x_wconf 74' lang='grc'>25,</span> <span class='ocrx_word' id='word_1_724' title='bbox 2501 4832 2599 4895; x_wconf 80' lang='lat'><strong>26.</strong></span> <span class='ocrx_word' id='word_1_725' title='bbox 2633 4856 2661 4889; x_wconf 78' lang='grc' dir='ltr'><strong>α</strong></span> <span class='ocrx_word' id='word_1_726' title='bbox 2692 4830 2796 4894; x_wconf 70' lang='lat' dir='ltr'><strong>Vm</strong></span> <span class='ocrx_word' id='word_1_727' title='bbox 2818 4833 3007 4910; x_wconf 89' lang='lat' dir='ltr'><strong>vobis,</strong></span> <span class='ocrx_word' id='word_1_728' title='bbox 3051 4833 3276 4901; x_wconf 64' lang='lat' dir='ltr'><strong>Scriba;</strong></span> <span class='ocrx_word' id='word_1_729' title='bbox 3326 4845 3383 4899; x_wconf 88' lang='lat' dir='ltr'><strong>et</strong></span> <span class='ocrx_word' id='word_1_730' title='bbox 3432 4839 3698 4906; x_wconf 75' lang='lat' dir='ltr'><strong>Pharisaa</strong></span> 
     </span>
    </p>
   </div>
   <div class='ocr_carea' id='block_1_104' title="bbox 362 4920 1994 5007">
    <p class='ocr_par' dir='ltr' id='par_1_104' title="bbox 362 4920 1994 5007">
     <span class='ocr_line' id='line_1_104' title="bbox 362 4920 1994 5007; baseline 0 -21"><span class='ocrx_word' id='word_1_731' title='bbox 362 4930 441 4987; x_wconf 80' lang='grc' dir='ltr'><strong>ὅτι</strong></span> <span class='ocrx_word' id='word_1_732' title='bbox 502 4931 797 5007; x_wconf 82' lang='grc' dir='ltr'>καθαρίζετε</span> <span class='ocrx_word' id='word_1_733' title='bbox 850 4931 912 4986; x_wconf 77' lang='grc' dir='ltr'>τὸ</span> <span class='ocrx_word' id='word_1_734' title='bbox 959 4928 1141 4995; x_wconf 74' lang='grc' dir='ltr'>’ἔξωθεν</span> <span class='ocrx_word' id='word_1_735' title='bbox 1182 4936 1276 4987; x_wconf 79' lang='grc' dir='ltr'><strong>τοῦ</strong></span> <span class='ocrx_word' id='word_1_736' title='bbox 1308 4929 1561 5007; x_wconf 86' lang='grc' dir='ltr'>ποτηρίου</span> <span class='ocrx_word' id='word_1_737' title='bbox 1595 4930 1679 4986; x_wconf 82' lang='grc' dir='ltr'><strong>καὶ</strong></span> <span class='ocrx_word' id='word_1_738' title='bbox 1709 4931 1808 4997; x_wconf 76' lang='grc' dir='ltr'>τῆς</span> <span class='ocrx_word' id='word_1_739' title='bbox 1836 4920 1841 4921; x_wconf 21' lang='grc'><strong><em>⁷</em></strong></span> <span class='ocrx_word' id='word_1_740' title='bbox 1865 4952 1994 5007; x_wconf 82' lang='grc' dir='ltr'>παρ-</span> 
     </span>
    </p>
   </div>
   <div class='ocr_carea' id='block_1_105' title="bbox 2076 4920 3725 5007">
    <p class='ocr_par' dir='ltr' id='par_1_105' title="bbox 2081 4920 3725 5007">
     <span class='ocr_line' id='line_1_105' title="bbox 2081 4920 3725 5007; baseline 0.004 -21"><span class='ocrx_word' id='word_1_741' title='bbox 2081 4920 2565 5002; x_wconf 79' lang='lat' dir='ltr'><strong>hypocritae,quia</strong></span> <span class='ocrx_word' id='word_1_742' title='bbox 2596 4922 2854 5001; x_wconf 84' lang='lat' dir='ltr'><strong>purgatis</strong></span> <span class='ocrx_word' id='word_1_743' title='bbox 2884 4924 3234 4986; x_wconf 83' lang='lat' dir='ltr'><strong>exteriorem</strong></span> <span class='ocrx_word' id='word_1_744' title='bbox 3269 4927 3461 5007; x_wconf 89' lang='lat' dir='ltr'><strong>poculi</strong></span> <span class='ocrx_word' id='word_1_745' title='bbox 3484 4929 3725 5007; x_wconf 46' lang='lat' dir='ltr'><strong>patina.</strong></span> 
     </span>
    </p>
   </div>
   <div class='ocr_carea' id='block_1_106' title="bbox 362 5009 1994 5101">
    <p class='ocr_par' dir='ltr' id='par_1_106' title="bbox 362 5015 1994 5095">
     <span class='ocr_line' id='line_1_106' title="bbox 362 5015 1994 5095; baseline -0.001 -20"><span class='ocrx_word' id='word_1_746' title='bbox 362 5016 566 5092; x_wconf 77' lang='grc' dir='ltr'>οψίδος,</span> <span class='ocrx_word' id='word_1_747' title='bbox 651 5015 838 5074; x_wconf 72' lang='grc' dir='ltr'>ἔσωθεν</span> <span class='ocrx_word' id='word_1_748' title='bbox 916 5016 970 5073; x_wconf 75' lang='grc' dir='ltr'>δὲ</span> <span class='ocrx_word' id='word_1_749' title='bbox 1039 5016 1286 5095; x_wconf 80' lang='grc' dir='ltr'>γέμουσιν</span> <span class='ocrx_word' id='word_1_750' title='bbox 1346 5016 1397 5083; x_wconf 68' lang='grc' dir='ltr'><strong>ἐξ</strong></span> <span class='ocrx_word' id='word_1_751' title='bbox 1452 5017 1698 5095; x_wconf 74' lang='grc' dir='ltr'>ἁρπαγῆς</span> <span class='ocrx_word' id='word_1_752' title='bbox 1760 5019 1846 5073; x_wconf 84' lang='grc' dir='ltr'><strong>καὶ</strong></span> <span class='ocrx_word' id='word_1_753' title='bbox 1893 5016 1994 5074; x_wconf 81' lang='grc' dir='ltr'>ἀδι-</span> 
     </span>
    </p>
   </div>
   <div class='ocr_carea' id='block_1_107' title="bbox 2076 5009 3722 5101">
    <p class='ocr_par' dir='ltr' id='par_1_107' title="bbox 2086 5009 3722 5101">
     <span class='ocr_line' id='line_1_107' title="bbox 2086 5009 3722 5101; baseline 0.005 -30"><span class='ocrx_word' id='word_1_754' title='bbox 2086 5029 2200 5101; x_wconf 86' lang='lat' dir='ltr'><strong>que</strong></span> <span class='ocrx_word' id='word_1_755' title='bbox 2231 5018 2489 5101; x_wconf 74' lang='lat' dir='ltr'><strong>partem,</strong></span> <span class='ocrx_word' id='word_1_756' title='bbox 2513 5018 2790 5101; x_wconf 59' lang='lat' dir='ltr'><strong>caeterum</strong></span> <span class='ocrx_word' id='word_1_757' title='bbox 2818 5009 2991 5101; x_wconf 79' lang='lat' dir='ltr'><strong>intus</strong></span> <span class='ocrx_word' id='word_1_758' title='bbox 3036 5012 3212 5091; x_wconf 89' lang='lat' dir='ltr'><strong>plena</strong></span> <span class='ocrx_word' id='word_1_759' title='bbox 3255 5022 3391 5075; x_wconf 87' lang='lat' dir='ltr'><strong>sunt</strong></span> <span class='ocrx_word' id='word_1_760' title='bbox 3425 5016 3635 5096; x_wconf 88' lang='lat' dir='ltr'><strong>rapina</strong></span> <span class='ocrx_word' id='word_1_761' title='bbox 3662 5025 3722 5080; x_wconf 93' lang='lat' dir='ltr'><strong>et</strong></span> 
     </span>
    </p>
   </div>
   <div class='ocr_carea' id='block_1_108' title="bbox 360 5095 1994 5186">
    <p class='ocr_par' dir='ltr' id='par_1_108' title="bbox 360 5103 1994 5186">
     <span class='ocr_line' id='line_1_108' title="bbox 360 5103 1994 5186; baseline -0.001 -23"><span class='ocrx_word' id='word_1_762' title='bbox 360 5109 493 5173; x_wconf 80' lang='grc' dir='ltr'>κίας.</span> <span class='ocrx_word' id='word_1_763' title='bbox 552 5113 811 5186; x_wconf 79' lang='grc' dir='ltr'>Φαρισαῖε</span> <span class='ocrx_word' id='word_1_764' title='bbox 863 5104 1051 5185; x_wconf 74' lang='grc' dir='ltr'>τυφλὶ,</span> <span class='ocrx_word' id='word_1_765' title='bbox 1136 5104 1419 5182; x_wconf 63' lang='grc' dir='ltr'>καθάρισον</span> <span class='ocrx_word' id='word_1_766' title='bbox 1476 5103 1684 5183; x_wconf 80' lang='grc' dir='ltr'>πρῶτον</span> <span class='ocrx_word' id='word_1_767' title='bbox 1737 5106 1798 5161; x_wconf 77' lang='grc' dir='ltr'>τὸ</span> <span class='ocrx_word' id='word_1_768' title='bbox 1854 5106 1994 5169; x_wconf 78' lang='grc' dir='ltr'>ἐντὸς</span> 
     </span>
    </p>
   </div>
   <div class='ocr_carea' id='block_1_109' title="bbox 2076 5095 3720 5186">
    <p class='ocr_par' dir='ltr' id='par_1_109' title="bbox 2080 5095 3720 5186">
     <span class='ocr_line' id='line_1_109' title="bbox 2080 5095 3720 5186; baseline 0.005 -27"><span class='ocrx_word' id='word_1_769' title='bbox 2080 5095 2852 5186; x_wconf 65' lang='lat' dir='ltr'><strong>intemperantial’harisaae</strong></span> <span class='ocrx_word' id='word_1_770' title='bbox 2872 5116 3243 5181; x_wconf 69' lang='lat' dir='ltr'><strong>czece,purga</strong></span> <span class='ocrx_word' id='word_1_771' title='bbox 3265 5103 3423 5182; x_wconf 90' lang='lat' dir='ltr'><strong>prius</strong></span> <span class='ocrx_word' id='word_1_772' title='bbox 3447 5095 3605 5184; x_wconf 87' lang='lat' dir='ltr'><strong>quod</strong></span> <span class='ocrx_word' id='word_1_773' title='bbox 3627 5111 3720 5168; x_wconf 88' lang='lat' dir='ltr'><strong>est</strong></span> 
     </span>
    </p>
   </div>
   <div class='ocr_carea' id='block_1_110' title="bbox 358 5185 1994 5272">
    <p class='ocr_par' dir='ltr' id='par_1_110' title="bbox 358 5190 1994 5272">
     <span class='ocr_line' id='line_1_110' title="bbox 358 5190 1994 5272; baseline -0.001 -22"><span class='ocrx_word' id='word_1_774' title='bbox 358 5202 451 5252; x_wconf 80' lang='grc' dir='ltr'>τοῦ</span> <span class='ocrx_word' id='word_1_775' title='bbox 496 5194 749 5272; x_wconf 83' lang='grc' dir='ltr'>ποτηρίου</span> <span class='ocrx_word' id='word_1_776' title='bbox 813 5194 900 5249; x_wconf 86' lang='grc' dir='ltr'><strong>καὶ</strong></span> <span class='ocrx_word' id='word_1_777' title='bbox 952 5198 1051 5260; x_wconf 78' lang='grc' dir='ltr'>τῆς</span> <span class='ocrx_word' id='word_1_778' title='bbox 1101 5190 1411 5272; x_wconf 78' lang='grc' dir='ltr'>παροψίδος,</span> <span class='ocrx_word' id='word_1_779' title='bbox 1456 5192 1549 5248; x_wconf 73' lang='grc' dir='ltr'><strong>ἵνα</strong></span> <span class='ocrx_word' id='word_1_780' title='bbox 1578 5190 1795 5268; x_wconf 80' lang='grc' dir='ltr'>γένηται</span> <span class='ocrx_word' id='word_1_781' title='bbox 1828 5194 1914 5248; x_wconf 80' lang='grc' dir='ltr'><strong>καὶ</strong></span> <span class='ocrx_word' id='word_1_782' title='bbox 1941 5195 1994 5249; x_wconf 67' lang='grc' dir='ltr'>τὸ</span> 
     </span>
    </p>
   </div>
   <div class='ocr_carea' id='block_1_111' title="bbox 2076 5185 3719 5272">
    <p class='ocr_par' dir='ltr' id='par_1_111' title="bbox 2081 5185 3719 5266">
     <span class='ocr_line' id='line_1_111' title="bbox 2081 5185 3719 5266; baseline 0.005 -19"><span class='ocrx_word' id='word_1_783' title='bbox 2081 5186 2234 5248; x_wconf 89' lang='lat' dir='ltr'><strong>intra</strong></span> <span class='ocrx_word' id='word_1_784' title='bbox 2265 5186 2539 5266; x_wconf 90' lang='lat' dir='ltr'><strong>poculum</strong></span> <span class='ocrx_word' id='word_1_785' title='bbox 2572 5192 2629 5246; x_wconf 87' lang='lat' dir='ltr'><strong>et</strong></span> <span class='ocrx_word' id='word_1_786' title='bbox 2657 5185 2940 5264; x_wconf 82' lang='lat' dir='ltr'><strong>patinam,</strong></span> <span class='ocrx_word' id='word_1_787' title='bbox 2971 5196 3033 5249; x_wconf 87' lang='lat' dir='ltr'><strong>ut</strong></span> <span class='ocrx_word' id='word_1_788' title='bbox 3063 5196 3122 5250; x_wconf 93' lang='lat' dir='ltr'><strong>et</strong></span> <span class='ocrx_word' id='word_1_789' title='bbox 3152 5189 3475 5253; x_wconf 83' lang='lat' dir='ltr'><strong>exteriores</strong></span> <span class='ocrx_word' id='word_1_790' title='bbox 3504 5192 3719 5257; x_wconf 84' lang='lat' dir='ltr'><strong>horum</strong></span> 
     </span>
    </p>
   </div>
   <div class='ocr_carea' id='block_1_112' title="bbox 362 5273 1994 5359">
    <p class='ocr_par' dir='ltr' id='par_1_112' title="bbox 362 5278 1994 5359">
     <span class='ocr_line' id='line_1_112' title="bbox 362 5278 1994 5359; baseline -0.001 -22"><span class='ocrx_word' id='word_1_791' title='bbox 362 5282 512 5346; x_wconf 73' lang='grc' dir='ltr'>ἐκτὸς</span> <span class='ocrx_word' id='word_1_792' title='bbox 569 5281 741 5337; x_wconf 75' lang='grc' dir='ltr'>αὐτῶν</span> <span class='ocrx_word' id='word_1_793' title='bbox 795 5281 1044 5357; x_wconf 72' lang='grc' dir='ltr'>καθαρόν.</span> <span class='ocrx_word' id='word_1_794' title='bbox 1106 5303 1134 5336; x_wconf 72' lang='grc' dir='ltr'><strong><em>ι</em></strong></span> <span class='ocrx_word' id='word_1_795' title='bbox 1206 5280 1309 5342; x_wconf 82' lang='grc' dir='ltr'>Τὰς</span> <span class='ocrx_word' id='word_1_796' title='bbox 1367 5278 1681 5358; x_wconf 83' lang='grc' dir='ltr'>παραδόσεις</span> <span class='ocrx_word' id='word_1_797' title='bbox 1714 5286 1819 5336; x_wconf 90' lang='grc' dir='ltr'><strong>τῶν</strong></span> <span class='ocrx_word' id='word_1_798' title='bbox 1881 5303 1994 5359; x_wconf 89' lang='grc' dir='ltr'>πρε-</span> 
     </span>
    </p>
   </div>
   <div class='ocr_carea' id='block_1_113' title="bbox 2076 5273 3719 5359">
    <p class='ocr_par' dir='ltr' id='par_1_113' title="bbox 2086 5273 3719 5355">
     <span class='ocr_line' id='line_1_113' title="bbox 2086 5273 3719 5355; baseline 0.007 -21"><span class='ocrx_word' id='word_1_799' title='bbox 2086 5282 2283 5355; x_wconf 86' lang='lat' dir='ltr'><strong>partes</strong></span> <span class='ocrx_word' id='word_1_800' title='bbox 2314 5292 2474 5353; x_wconf 70' lang='lat' dir='ltr'><strong>purae</strong></span> <span class='ocrx_word' id='word_1_801' title='bbox 2500 5273 3012 5353; x_wconf 68' lang='lat' dir='ltr'><strong>reddantur.n,Qui</strong></span> <span class='ocrx_word' id='word_1_802' title='bbox 3046 5278 3392 5341; x_wconf 89' lang='lat' dir='ltr'><strong>traditiones</strong></span> <span class='ocrx_word' id='word_1_803' title='bbox 3414 5280 3719 5345; x_wconf 87' lang='lat' dir='ltr'><strong>seniorum</strong></span> 
     </span>
    </p>
   </div>
   <div class='ocr_carea' id='block_1_114' title="bbox 363 5366 2004 5449">
    <p class='ocr_par' dir='ltr' id='par_1_114' title="bbox 363 5366 2004 5449">
     <span class='ocr_line' id='line_1_114' title="bbox 363 5366 2004 5449; baseline -0.001 -23"><span class='ocrx_word' id='word_1_804' title='bbox 363 5367 621 5449; x_wconf 67' lang='lat' dir='ltr'><strong>cGotépmv</strong></span> <span class='ocrx_word' id='word_1_805' title='bbox 703 5374 1040 5447; x_wconf 79' lang='grc' dir='ltr'>κρατοῦντες,</span> <span class='ocrx_word' id='word_1_806' title='bbox 1112 5366 1336 5424; x_wconf 70' lang='grc' dir='ltr'>ἕπλυιον</span> <span class='ocrx_word' id='word_1_807' title='bbox 1393 5368 1458 5423; x_wconf 83' lang='grc' dir='ltr'><strong>τὰ</strong></span> <span class='ocrx_word' id='word_1_808' title='bbox 1508 5368 1737 5445; x_wconf 76' lang='grc' dir='ltr'>ποτήρια</span> <span class='ocrx_word' id='word_1_809' title='bbox 1781 5370 1869 5425; x_wconf 85' lang='grc' dir='ltr'><strong>καὶ</strong></span> <span class='ocrx_word' id='word_1_810' title='bbox 1910 5370 2004 5433; x_wconf 79' lang='grc' dir='ltr'>τὰς</span> 
     </span>
    </p>
   </div>
   <div class='ocr_carea' id='block_1_115' title="bbox 362 5454 2006 5533">
    <p class='ocr_par' dir='ltr' id='par_1_115' title="bbox 362 5454 2006 5533">
     <span class='ocr_line' id='line_1_115' title="bbox 362 5454 2006 5533; baseline 0.001 -19"><span class='ocrx_word' id='word_1_811' title='bbox 362 5456 669 5532; x_wconf 68' lang='grc' dir='ltr'>παροψίδας,</span> <span class='ocrx_word' id='word_1_812' title='bbox 730 5455 987 5529; x_wconf 84' lang='grc' dir='ltr'>τουτέστι,</span> <span class='ocrx_word' id='word_1_813' title='bbox 1062 5457 1183 5521; x_wconf 83' lang='grc' dir='ltr'>τοὺς</span> <span class='ocrx_word' id='word_1_814' title='bbox 1240 5456 1461 5520; x_wconf 86' lang='grc' dir='ltr'>πίνακας</span> <span class='ocrx_word' id='word_1_815' title='bbox 1506 5454 1560 5511; x_wconf 69' lang='grc' dir='ltr'>ἐν</span> <span class='ocrx_word' id='word_1_816' title='bbox 1630 5459 1715 5518; x_wconf 86' lang='grc' dir='ltr'><strong>οἷς</strong></span> <span class='ocrx_word' id='word_1_817' title='bbox 1772 5456 1837 5512; x_wconf 81' lang='grc' dir='ltr'><strong>τὰ</strong></span> <span class='ocrx_word' id='word_1_818' title='bbox 1899 5459 2006 5533; x_wconf 80' lang='grc' dir='ltr'>ὁψα</span> 
     </span>
    </p>
   </div>
   <div class='ocr_carea' id='block_1_116' title="bbox 359 5541 2003 5627">
    <p class='ocr_par' dir='ltr' id='par_1_116' title="bbox 359 5541 2003 5627">
     <span class='ocr_line' id='line_1_116' title="bbox 359 5541 2003 5627; baseline 0 -25"><span class='ocrx_word' id='word_1_819' title='bbox 359 5547 601 5603; x_wconf 84' lang='grc' dir='ltr'>τίθενται·</span> <span class='ocrx_word' id='word_1_820' title='bbox 665 5543 718 5611; x_wconf 76' lang='grc' dir='ltr'><strong>ιε</strong></span> <span class='ocrx_word' id='word_1_821' title='bbox 777 5545 1023 5627; x_wconf 65' lang='grc' dir='ltr'>ἁρπαγῆς</span> <span class='ocrx_word' id='word_1_822' title='bbox 1094 5541 1149 5600; x_wconf 77' lang='grc' dir='ltr'>δὶ</span> <span class='ocrx_word' id='word_1_823' title='bbox 1206 5542 1385 5602; x_wconf 72' lang='grc' dir='ltr'>ἔπινον</span> <span class='ocrx_word' id='word_1_824' title='bbox 1416 5543 1589 5617; x_wconf 79' lang='grc' dir='ltr'>οἶνον,</span> <span class='ocrx_word' id='word_1_825' title='bbox 1621 5545 1709 5599; x_wconf 83' lang='grc' dir='ltr'><strong>καὶ</strong></span> <span class='ocrx_word' id='word_1_826' title='bbox 1742 5542 2003 5627; x_wconf 59' lang='grc' dir='ltr'>ἐδέσματα</span> 
     </span>
    </p>
   </div>
   <div class='ocr_carea' id='block_1_117' title="bbox 358 5616 1999 5712">
    <p class='ocr_par' dir='ltr' id='par_1_117' title="bbox 358 5616 1999 5712">
     <span class='ocr_line' id='line_1_117' title="bbox 358 5616 1999 5712; baseline 0 -23"><span class='ocrx_word' id='word_1_827' title='bbox 358 5633 557 5699; x_wconf 73' lang='grc' dir='ltr'>ἤσθιον.</span> <span class='ocrx_word' id='word_1_828' title='bbox 586 5632 622 5687; x_wconf 68' lang='grc' dir='ltr'><strong>ε</strong></span> <span class='ocrx_word' id='word_1_829' title='bbox 648 5616 903 5705; x_wconf 68' lang='grc' dir='ltr'>δμόλυνον</span> <span class='ocrx_word' id='word_1_830' title='bbox 932 5616 1133 5705; x_wconf 45' lang='lat' dir='ltr'><strong>pan...</strong></span> <span class='ocrx_word' id='word_1_831' title='bbox 1168 5632 1325 5689; x_wconf 76' lang='grc' dir='ltr'>αὐτὰ.</span> <span class='ocrx_word' id='word_1_832' title='bbox 1357 5631 1443 5698; x_wconf 73' lang='grc' dir='ltr'><strong>Μὴ</strong></span> <span class='ocrx_word' id='word_1_833' title='bbox 1472 5616 1648 5707; x_wconf 73' lang='grc' dir='ltr'>κτήσῃ</span> <span class='ocrx_word' id='word_1_834' title='bbox 1669 5616 1784 5707; x_wconf 53' lang='lat' dir='ltr'><strong>osi,</strong></span> <span class='ocrx_word' id='word_1_835' title='bbox 1815 5616 1999 5712; x_wconf 56' lang='grc' dir='ltr'>φῆσὶν,</span> 
     </span>
    </p>
   </div>
   <div class='ocr_carea' id='block_1_118' title="bbox 2086 5361 3723 5449">
    <p class='ocr_par' dir='ltr' id='par_1_118' title="bbox 2086 5361 3723 5449">
     <span class='ocr_line' id='line_1_118' title="bbox 2086 5361 3723 5449; baseline 0.007 -26"><span class='ocrx_word' id='word_1_836' title='bbox 2086 5361 2501 5442; x_wconf 78' lang='lat' dir='ltr'><strong>observabant,</strong></span> <span class='ocrx_word' id='word_1_837' title='bbox 2544 5361 2814 5423; x_wconf 87' lang='lat' dir='ltr'><strong>lavabant</strong></span> <span class='ocrx_word' id='word_1_838' title='bbox 2860 5364 3076 5428; x_wconf 87' lang='lat' dir='ltr'><strong>calices</strong></span> <span class='ocrx_word' id='word_1_839' title='bbox 3118 5374 3176 5429; x_wconf 91' lang='lat' dir='ltr'><strong>et</strong></span> <span class='ocrx_word' id='word_1_840' title='bbox 3206 5367 3571 5449; x_wconf 85' lang='lat' dir='ltr'><strong>paropsides,</strong></span> <span class='ocrx_word' id='word_1_841' title='bbox 3607 5370 3723 5435; x_wconf 80' lang='lat' dir='ltr'><strong>hoc</strong></span> 
     </span>
    </p>
   </div>
   <div class='ocr_carea' id='block_1_119' title="bbox 2088 5449 3725 5537">
    <p class='ocr_par' dir='ltr' id='par_1_119' title="bbox 2088 5449 3725 5537">
     <span class='ocr_line' id='line_1_119' title="bbox 2088 5449 3725 5537; baseline 0.005 -24"><span class='ocrx_word' id='word_1_842' title='bbox 2088 5458 2177 5513; x_wconf 90' lang='lat' dir='ltr'><strong>est</strong></span> <span class='ocrx_word' id='word_1_843' title='bbox 2206 5449 2522 5531; x_wconf 86' lang='lat' dir='ltr'><strong>patiuas,in</strong></span> <span class='ocrx_word' id='word_1_844' title='bbox 2554 5449 2768 5531; x_wconf 88' lang='lat' dir='ltr'><strong>quibus</strong></span> <span class='ocrx_word' id='word_1_845' title='bbox 2791 5454 3039 5533; x_wconf 91' lang='lat' dir='ltr'><strong>opsonia</strong></span> <span class='ocrx_word' id='word_1_846' title='bbox 3068 5466 3390 5537; x_wconf 88' lang='lat' dir='ltr'><strong>ponuntur:</strong></span> <span class='ocrx_word' id='word_1_847' title='bbox 3417 5476 3487 5520; x_wconf 77' lang='lat' dir='ltr'><strong>ex</strong></span> <span class='ocrx_word' id='word_1_848' title='bbox 3512 5458 3725 5522; x_wconf 76' lang='lat' dir='ltr'><strong>raoina</strong></span> 
     </span>
    </p>
   </div>
   <div class='ocr_carea' id='block_1_120' title="bbox 2087 5537 3724 5627">
    <p class='ocr_par' dir='ltr' id='par_1_120' title="bbox 2087 5537 3724 5627">
     <span class='ocr_line' id='line_1_120' title="bbox 2087 5537 3724 5627; baseline 0.005 -28"><span class='ocrx_word' id='word_1_849' title='bbox 2087 5547 2285 5627; x_wconf 82' lang='lat' dir='ltr'><strong>autem</strong></span> <span class='ocrx_word' id='word_1_850' title='bbox 2308 5537 2588 5603; x_wconf 85' lang='lat' dir='ltr'><strong>bibebant</strong></span> <span class='ocrx_word' id='word_1_851' title='bbox 2604 5538 3469 5625; x_wconf 78' lang='lat' dir='ltr'><strong>vinum,etcomedebantcibos</strong></span> <span class='ocrx_word' id='word_1_852' title='bbox 3480 5547 3724 5627; x_wconf 84' lang='lat' dir='ltr'><strong>quima-</strong></span> 
     </span>
    </p>
   </div>
   <div class='ocr_carea' id='block_1_121' title="bbox 2084 5625 3727 5718">
    <p class='ocr_par' dir='ltr' id='par_1_121' title="bbox 2084 5625 3727 5718">
     <span class='ocr_line' id='line_1_121' title="bbox 2084 5625 3727 5718; baseline 0.009 -30"><span class='ocrx_word' id='word_1_853' title='bbox 2084 5625 2173 5705; x_wconf 70' lang='lat' dir='ltr'><strong>gis</strong></span> <span class='ocrx_word' id='word_1_854' title='bbox 2193 5626 2677 5711; x_wconf 85' lang='lat' dir='ltr'><strong>coinquinabant.</strong></span> <span class='ocrx_word' id='word_1_855' title='bbox 2727 5628 2884 5695; x_wconf 88' lang='lat' dir='ltr'><strong>Dicit</strong></span> <span class='ocrx_word' id='word_1_856' title='bbox 2912 5632 3129 5713; x_wconf 74' lang='lat' dir='ltr'><strong>igitur:</strong></span> <span class='ocrx_word' id='word_1_857' title='bbox 3170 5635 3260 5699; x_wconf 88' lang='lat' dir='ltr'><strong>Ne</strong></span> <span class='ocrx_word' id='word_1_858' title='bbox 3290 5625 3600 5718; x_wconf 73' lang='lat' dir='ltr'><strong>possideas</strong></span> <span class='ocrx_word' id='word_1_859' title='bbox 3625 5633 3727 5717; x_wconf 57' lang='lat' dir='ltr'><strong>Vi:</strong></span> 
     </span>
    </p>
   </div>
  </div>
