4106 6280
325 298 444 363 403

328 419 470 493 num
528 432 747 510 injuste
777 440 1030 511 partum,
1061 440 1119 491 et
1148 431 1403 516 mundus
1434 432 1608 491 etiam
1643 429 1801 489 intus
1822 423 1968 489 calix
1992 441 2029 477 Α
2056 422 2200 476 οῖνον
2231 419 2302 516 ,ἐξ

329 517 579 582 erit.Vel
610 539 728 581 non
779 520 854 582 de
885 519 1170 580 calicibus
1198 528 1255 580 et
1304 519 1521 599 patinis
1564 517 1728 593 dicit,
1757 517 1862 578 sed
1897 516 1970 576 de

331 616 575 670 externa
605 614 662 668 et
690 606 1371 686 corporalihabitudine,
1404 615 1462 667 et
1491 606 1726 666 interna
1756 613 1813 665 et
1842 605 1968 683 spi-

331 697 550 759 rituali.
599 695 689 757 Tu
740 697 925 769 enim,
965 696 1178 775 inquit,
1213 696 1536 758 exteriores
1582 694 1776 772 pocu!i
1831 710 1968 772 par-

331 797 444 860 tes,
479 785 592 846 hoc
643 792 731 845 est
777 785 1130 845 exteriorem
1193 791 1347 843 tuam
1405 782 1835 854 habitudinem,
1867 781 1975 840 fri-

331 893 453 954 cas,
480 882 545 934 ut
588 874 983 949 elegantiores
1033 875 1153 934 sint
1188 893 1199 934 :
1235 872 1391 932 intus
1435 881 1630 932 autem
1666 880 1721 932 te
1764 870 1975 948 imples

332 961 630 1040 sordibus,
679 962 792 1022 hoc
837 968 947 1033 est,
1003 960 1228 1038 rapinis
1287 969 1346 1022 et
1401 959 1620 1037 injuria
1670 959 1818 1019 alios
1845 959 1970 1019 alii-

333 1052 438 1112 cis.
472 1048 716 1128 Oportet
741 1056 935 1109 autem
967 1054 1030 1109 te
1059 1049 1219 1108 intus
1258 1048 1462 1120 lavari,
1497 1047 1605 1107 hoc
1636 1047 1803 1108 estin
1837 1045 1969 1105 ani-

336 1155 452 1216 ma,
485 1144 552 1196 ut
580 1136 832 1216 puritate
881 1135 1096 1196 animae
1143 1136 1574 1198 cohonestetur
1621 1143 1678 1195 et
1718 1136 1975 1195 exterior

333 1226 607 1302 dignitas.

414 1310 595 1373 Vens.
630 1313 736 1385 27,
767 1312 869 1374 98.
911 1336 937 1366 α
978 1310 1077 1372 Va:
1125 1311 1311 1386 vobis,
1361 1310 1585 1373 Scriba:
1614 1319 1670 1371 et
1694 1309 1974 1371 Pharisaei

335 1400 677 1479 hypocritae,
711 1403 848 1479 quia
876 1399 1104 1460 similes
1136 1401 1274 1460 estis
1325 1399 1616 1476 sepulcris
1662 1398 1968 1470 dealbatis,

338 1505 468 1565 quae
495 1487 637 1548 foris
666 1488 904 1567 quidem
933 1497 1220 1567 apparent
1263 1487 1558 1568 speciosa,
1588 1488 1746 1547 intus
1776 1496 1970 1546 autem

338 1575 513 1653 plena
560 1584 697 1635 sunt
739 1574 971 1635 ossibus
1021 1582 1386 1635 mortuorum
1433 1575 1711 1654 omnique
1742 1573 1972 1652 spurci-

337 1663 422 1754 tia
454 1683 469 1754 ξ
504 1661 591 1754 sic
624 1671 683 1722 et
709 1681 811 1723 vos
842 1663 999 1754 foris
1025 1663 1265 1754 quidem
1313 1663 1609 1754 apparetis
1635 1661 1974 1754 hominibus
2006 1707 2042 1754 Β

333 1750 495 1827 justi,
527 1749 686 1810 intus
715 1758 912 1811 autem
947 1750 1108 1829 pleni
1139 1751 1280 1811 estis
1314 1751 1551 1811 ﬁctione
1594 1757 1651 1811 et
1699 1749 1979 1828 iniquita-

340 1846 456 1899 te.»
485 1839 562 1900 Et
590 1838 718 1898 haec
749 1838 1030 1917 parabole
1061 1838 1338 1899 similiter
1368 1838 1724 1914 intelligitur
1751 1846 1813 1896 nt
1837 1855 1982 1916 prte-

339 1925 816 1988 cedens.Dabant
845 1927 1002 1988 enim
1033 1945 1276 2006 operam
1305 1934 1364 1987 ut
1385 1925 1662 1988 exteriori
1691 1925 1983 1987 habitudi-

338 2032 415 2074 ne
442 2013 646 2074 decori
687 2013 1054 2087 viderentur,
1088 2016 1240 2075 sicut
1283 2014 1560 2094 sepulcra
1604 2013 1874 2074 dealbata
1923 2013 1981 2074 id

340 2109 430 2166 est
459 2119 635 2180 gypso
659 2109 716 2162 et
736 2101 973 2163 asbesto
1004 2102 1295 2182 dealbata,
1320 2103 1480 2162 intus
1504 2109 1699 2162 autem
1731 2102 1894 2161 omni
1926 2109 1985 2162 et

341 2197 707 2251 mortuorum
767 2197 829 2249 et
886 2189 1260 2270 putridorum
1309 2208 1555 2270 aperum
1609 2189 1984 2250 immunditia

341 2285 508 2339 erant
541 2277 724 2357 pleni.
1173 2351 1178 2355 η

420 2365 610 2428 Vnus:
645 2364 1020 2428 29-31.:Vae
1044 2364 1462 2445 vobis,Scribaa
1491 2372 1551 2425 et
1570 2364 1852 2428 Pharisaei
1872 2365 1980 2444 hy-

343 2452 893 2533 pocritm,l27quia
915 2452 1214 2514 :edificatis
1237 2456 1512 2532 sepulcra
1531 2454 1976 2532 prophetarum,

341 2549 398 2602 et
421 2541 644 2601 ornatis
675 2549 1055 2600 monumenta
1080 2543 1474 2621 justorum,ac
1493 2541 1716 2602 dicitis:
1753 2541 1811 2601 Si
1833 2541 1977 2602 fuis-

340 2646 540 2690 scmus
566 2630 626 2687 in
657 2627 869 2688 diebus
897 2637 1129 2706 patrum
1162 2639 1646 2699 nostrorum,non
1663 2630 1975 2690 fuissemus

340 2715 483 2778 socii
502 2733 704 2777 eorum
732 2716 791 2775 in
815 2717 1104 2792 sanguine
1129 2718 1543 2796 prophetarum
1577 2717 1777 2796 Itaque
1804 2718 1971 2778 testi-

347 2803 549 2866 monio
577 2804 719 2864 estis
746 2803 1370 2884 vobismetipsis,quod
1389 2806 1492 2866 ﬁlii
1525 2805 1651 2865 sitis
1671 2824 1870 2866 eorum
1890 2809 1990 2886 qui

342 2892 669 2971 prophetas
721 2891 1093 2954 occiderunt.
1135 2918 1159 2948 »ι
1222 2895 1463 2954 Miseros
1495 2895 1633 2956 dicit
1677 2894 1833 2966 illos,
1870 2914 1988 2954 non

1291 297 1882 364 THEOPHYLAGTI
1922 293 2330 356 BULGARIE
2370 292 2727 358 ARCHIEP.

3572 287 3686 351 404

2375 419 2598 488 ἀδικίας,
2675 419 2760 473 καὶ
2791 419 2986 494 γίνεται
3031 417 3216 472 λοιπὸν
3260 419 3320 471 τὸ
3361 417 3552 472 ἔσωθεν
3601 425 3692 473 τοῦ

2054 507 2307 583 ποτηρίου
2375 504 2618 582 καθαρόν
2707 505 2741 570 ἢ
2801 505 2860 559 οὒ
2929 505 3042 578 περὶ
3073 504 3339 579 ποτηρίων
3372 505 3457 558 καὶ
3486 504 3690 558 πινάκω

2054 593 2219 672 λέγει,
2280 594 2417 651 ἀλλὰ
2484 596 2600 671 περὶ
2655 592 2751 658 τῆς
2808 597 3116 666 σωματικῆς
3175 593 3262 647 καὶ
3293 589 3390 655 ἔξω
3419 593 3688 651 καταστα-

2058 704 2218 761 σεως,
2290 685 2378 740 καὶ
2437 688 2532 749 τῆς
2591 683 2695 736 ἔσω
2752 683 2837 737 καὶ
2894 679 3276 753 πνευματικῆς.
3335 682 3407 735 Σὺ
3437 681 3532 754 μὲν
3565 681 3685 759 γὰρ,

2058 773 2207 850 φησὶ,
2268 773 2326 826 τὸ
2384 770 2482 836 ἔξω
2555 777 2647 825 σοῦ
2705 772 2980 847 ποτηρίου,
3041 769 3275 826 τουτέστι
3329 771 3426 834 τὴν
3459 768 3558 832 ἔξω
3601 790 3692 825 σου

2056 859 2404 931 κατάστασιν,
2457 859 2812 938 σχηματίζεις
2871 858 2942 918 εἷς
3033 857 3093 912 τὸ
3151 857 3688 936 σεμνοπρεπέστερον,

2056 949 2115 1002 τὸ
2173 946 2226 1002 δέ
2278 947 2380 1002 ἔσω
2439 970 2530 1006 σου
2589 946 2738 1025 γέμει
2795 946 2979 1023 ῥύπου⁶
3036 946 3282 1022 ἁρπάζεις
3325 947 3539 1024 γὰρκαὶ
3573 945 3686 1001 ἀδιὲ

2054 1048 2195 1099 κεῖς,
2261 1046 2355 1092 Δεῖ
2411 1035 2465 1092 δὲ
2520 1037 2584 1092 τᾶ
2655 1035 2756 1090 ἔσω
2825 1033 3036 1090 πλύνειν
3066 1035 3295 1089 τουτέστι
3351 1037 3448 1100 τὴν
3479 1036 3688 1114 ψυχὴν,

2054 1122 2146 1178 ἵνα
2200 1130 2265 1199 τῇ
2334 1125 2651 1202 καθαρότητι
2709 1125 2806 1189 τῆς
2866 1127 3048 1200 ψυχῆς
3107 1121 3450 1198 συνεκλαμψῃ
3508 1125 3595 1179 καὶ
3655 1125 3688 1190 ἡ

2058 1209 2242 1276 ἔξωθεν
2273 1212 2682 1290 σεμνοπρέπεια,

2144 1322 2167 1354 ιι
2231 1303 2356 1358 Οὒαὶ
2427 1302 2578 1380 ὅμῖν,
2653 1307 2990 1377 Γραμματεῖς
3019 1300 3106 1354 καὶ
3162 1307 3447 1375 Φαρισαῖοι
3477 1301 3692 1376 ὑποκρι-

2057 1389 2161 1456 ταὶ,
2226 1388 2305 1442 ὅτι
2378 1396 2760 1466 παρομοιάζετε
2792 1389 2973 1464 τάφοις
3005 1387 3421 1465 κεκονιαμένοις,
3497 1387 3690 1450 οἿτινες

2057 1475 2240 1541 ἔξωθεν
2299 1477 2395 1550 μὲν
2467 1477 2735 1554 φαίνονται
2792 1479 3004 1554 ὡραῖοι,
3065 1475 3257 1531 ἔσωθεν
3326 1474 3378 1530 δὲ
3443 1477 3692 1551 γέμουσιν

2056 1565 2250 1619 ὀστέων
2303 1571 2517 1643 νεκρῶν,
2592 1567 2681 1621 καὶ
2735 1565 2909 1630 πάσης
3004 1565 3338 1639 ἀκαθαρσίας·
3415 1564 3551 1620 οὕτω
3607 1561 3693 1619 καὶ

2062 1653 2240 1725 ὑμεῖς,
2305 1651 2488 1716 ἔξωθεν
2560 1654 2657 1727 μὲν
2710 1653 2948 1731 φαίνεσθε
3004 1652 3123 1715 τοῖς
3155 1653 3446 1728 ἀνθρώποις
3478 1651 3688 1729 δίκαιοι,

2065 1739 2255 1795 ἔσωθεν
2312 1738 2365 1794 δὲ
2421 1743 2602 1814 μεστοί
2654 1741 2770 1796 ἐστι
2827 1741 3147 1814 ὑποκρίσεως
3235 1742 3322 1796 καὶ
3379 1741 3622 1814 ἀνομίας,
3665 1763 3688 1794 s

2069 1830 2164 1885 Καὶ
2234 1827 2366 1894 αὕτη
2427 1831 2461 1895 ἡ
2513 1827 2792 1907 παραϐολὴ
2852 1829 3046 1902 ὁμοίως
3117 1842 3317 1883 νοεῖται
3371 1836 3438 1904 τῇ
3497 1828 3699 1906 προλα-

2064 1913 2248 1991 ϐούσῃ⁶
2285 1915 2599 1987 ἐσπούδαζον
2669 1917 2766 1993 γὰρ
2821 1917 2918 1982 τὴν
2994 1918 3090 1990 μὲν
3139 1915 3322 1980 ἔξωθεν
3379 1917 3698 1973 κατάστασιν

2065 2005 2245 2074 σεμνοὶ
2298 2009 2591 2083 φαινεσθαι,
2650 2005 2825 2082 ὥσπερ
2880 2007 2926 2060 οἱ
2973 2005 3125 2082 τάφοι
3187 2006 3233 2060 οἱ
3303 2003 3691 2079 κεκονιαμένοι,

2064 2093 2300 2152 τουτέστι
2361 2097 2429 2169 τῇ
2485 2095 2639 2170 γύψῳ
2707 2095 2793 2148 καὶ
2845 2099 2913 2168 τῇ
2970 2091 3207 2164 ἀσϐέστῳ
3263 2091 3692 2166 λελευκασμένοι⁶

2064 2183 2129 2237 τὰ
2198 2180 2251 2236 δὲ
2323 2181 2427 2236 ἔσω
2483 2183 2658 2247 πάσης
2705 2181 3017 2258 ἀκαθαρσίας
3074 2182 3160 2237 καὶ
3190 2187 3384 2258 νεκρῶν
3415 2183 3499 2237 καὶ
3531 2202 3697 2247 σεση⁹

2066 2271 2241 2326 πότων
2286 2271 2450 2348 ἒργων
2477 2271 2614 2336 ἦσαν
2645 2268 2884 2348 πλήρεις.

2154 2381 2175 2414 ε
2241 2362 2365 2417 Οὐαὶ
2393 2361 2543 2437 ὑμῖν,
2578 2365 2915 2436 Γραμματεῖς
2945 2360 3032 2414 καὶ
3075 2366 3355 2435 Φαρισαῖοι
3398 2360 3696 2438 ὑποκριταθ,

2065 2445 2144 2502 ὅτι
2201 2445 2529 2521 οἰκοδομεῖτε
2589 2447 2707 2509 τοὺς
2767 2447 2957 2525 τάφους
2991 2449 3097 2501 τῶν
3123 2453 3433 2524 προφητῶν,
3466 2449 3552 2504 καὶ
3597 2470 3694 2504 κο-

2063 2550 2248 2610 σμεῖτε
2288 2537 2354 2592 τὰ
2441 2549 2682 2609 μνημεῖα
2758 2542 2861 2592 τῶν
2933 2535 3168 2604 δικαίων,
3228 2539 3313 2592 καὶ
3361 2535 3566 2612 λέγετε’
3643 2537 3699 2594 Εἰ

2060 2623 2194 2697 ἦμεν
2279 2625 2332 2678 ἐν
2387 2638 2510 2687 ταῖς
2568 2623 2790 2699 ἡμέραις
2849 2625 2952 2679 τῶν
3015 2625 3260 2702 πατέρων
3287 2627 3459 2697 ἡμῶν,
3496 2627 3589 2679 οὐκ
3637 2623 3697 2678 ἄν

2069 2712 2204 2784 ἧμεν
2261 2713 2498 2766 κοινωνοὶ
2553 2712 2722 2767 αὗτῶν
2778 2713 2830 2767 έν
2889 2719 2962 2784 τῷ
3015 2713 3204 2785 αἵματι
3235 2718 3338 2768 τῶν
3386 2719 3689 2790 προφητῶν·

2075 2791 2248 2856 υΩστε
2316 2803 2624 2878 μαρτυρεῖτε
2697 2802 2904 2863 ἑαυτοῖς
2976 2803 3055 2857 ὃτι
3099 2803 3196 2856 υἱοί
3225 2802 3338 2856 ἐστε
3368 2808 3470 2856 τῶν
3520 2821 3693 2877 φονευ-

2070 2890 2271 2946 σάντων
2326 2891 2446 2951 τοὺς
2521 2891 2813 2966 προφήτας.
2857 2913 2879 2946 s
2933 2890 3406 2960 Ταλανίζειαύτοὺς
3456 2890 3557 2967 οὺχ
3614 2887 3693 2944 ὅτι

339 2978 498 3058 quod
531 2979 802 3058 sepulcra
835 2980 1126 3041 aedificant
1173 2982 1595 3060 prophetarum
1655 2981 1790 3060 (hoc
1822 2983 1979 3043 enim

2070 2977 2397 3050 οἰκοδομοῦσι
2467 2979 2584 3039 τούς
2637 2978 2830 3056 τάφους
2892 2985 2997 3034 τῶν
3054 2983 3353 3058 προφητῶν⁸
3387 2987 3539 3034 τοῦτο
3599 2978 3696 3053 γὰρ

338 3066 460 3127 Deo
477 3067 872 3148 gratum),sed
904 3068 1133 3148 quiaita
1164 3069 1609 3140 simulabant,et
1641 3078 1983 3148 patressuos

340 3152 842 3229 condemnabant,
877 3154 1207 3216 deteriores
1237 3155 1356 3215 illis
1399 3156 1776 3224 exsistentes.
1807 3157 1980 3217 mali-

340 3242 538 3321 tiaque
587 3261 691 3303 eos
749 3242 1108 3304 excellentes
1160 3243 1596 3304 mentiebantur
1646 3245 1979 3319 manifeste,

339 3329 478 3408 quia
509 3328 571 3389 Si
613 3330 930 3390 fuissemus
983 3331 1044 3391 in
1101 3331 1316 3392 diebus
1359 3341 1589 3410 patrum
1620 3343 1978 3411 nostrorum,

338 3434 458 3476 non
487 3415 914 3477 occidissemus
945 3417 1284 3496 prophetas:
1313 3418 1460 3498 ipsis
1481 3420 1636 3479 enim
1664 3422 1980 3499 propheta-

338 3521 469 3564 rum
498 3502 814 3565 Dominum
840 3505 1040 3566 rabidi
1062 3505 1340 3567 occidere
1386 3507 1724 3586 cupiebant.
1759 3509 1985 3581 idcirco

339 3598 396 3652 et
421 3589 564 3650 dicit
596 3608 610 3651 :

419 3675 603 3739 Vnus.
629 3674 732 3754 32,
766 3674 865 3740 33.
912 3675 1066 3738 «Vos
1089 3697 1326 3758 quoque
1361 3679 1606 3758 implete
1648 3698 1984 3745 mensuram

340 3771 569 3844 patrum
584 3767 1288 3845 vestrorum.Serpentes,
1298 3768 1611 3846 progenies
1633 3770 1984 3848 viperarum,

339 3851 634 3932 quomodo
663 3851 962 3930 eﬂ‘ugietis
987 3854 1285 3932 judicium
1323 3856 1615 3933 gehennae
1647 3883 1674 3912 ι
1709 3857 1836 3920 Non
1870 3860 1987 3920 im-

336 3945 523 4029 perat,
557 3947 658 4000 aut
689 3940 988 4019 compellit
1040 3941 1180 4002 illos
1223 3950 1288 4003 ut
1317 3961 1381 4004 se
1411 3943 1704 4019 occidant,
1756 3947 1982 4029 dicens,

2064 3067 2358 3144 θεάρεστον·
2421 3064 2538 3120 ἀλλ’
2596 3065 2672 3120 ὅτι
2733 3069 3174 3144 προσποιούμενοι
3205 3069 3387 3134 ταύτα,
3432 3067 3518 3120 καὶ
3548 3063 3698 3130 δῆθεν

2065 3157 2546 3232 καταγινώσκοντες
2607 3163 2711 3212 τῶν
2785 3158 3026 3235 πατέρων
3059 3161 3250 3229 αὐτῶν,
3297 3157 3512 3235 χείρονα
3556 3154 3701 3210 ἐκεί-

2066 3269 2168 3299 νων
2237 3245 2461 3316 ἐποίουν,
2523 3248 2606 3301 καὶ
2662 3247 3077 3322 ὑπερηκόντισαν
3138 3246 3363 3307 ἐκείνους
3407 3249 3474 3318 τῇ
3517 3244 3698 3314 κακίᾳ,

2065 3332 2373 3408 ψευδόμενοι
2432 3335 2734 3413 προφανῶς,
2770 3335 2870 3404 ὃτι,
2935 3337 2990 3391 Εἰ
3036 3336 3172 3408 ἦμεν
3201 3334 3252 3389 ἐν
3304 3347 3424 3396 ταῖς
3475 3332 3700 3408 ἡμέραις

2064 3428 2167 3476 τῶν
2219 3421 2458 3499 πατέρων
2527 3425 2703 3495 ἡμῶν,
2779 3423 2873 3478 οὐκ
2943 3423 3001 3476 ἄν
3033 3423 3346 3501 ἐφονεὺομεν
3398 3424 3513 3484 τούς
3571 3440 3700 3496 προ-

2069 3512 2258 3588 φήτας·
2318 3511 2464 3565 αὐτοὶ
2534 3511 2632 3586 γὰρ
2660 3512 2748 3565 τὸν
2793 3516 2895 3565 τῶν
2920 3511 3203 3588 προφητῶν
3235 3510 3510 3574 Δεσπότην
3547 3507 3704 3563 ἐλύτ-

2067 3619 2171 3653 των
2202 3597 2469 3675 φονεῦσαι,
2508 3600 2598 3652 Διὸ
2627 3601 2712 3653 καί
2737 3619 2925 3675 φησιν·

2154 3708 2180 3738 ¢
2244 3687 2340 3741 Καὶ
2410 3686 2562 3758 ὑμεῖς
2627 3685 2941 3762 πληρώσατε
3000 3685 3060 3740 τὸ
3110 3698 3296 3761 μέτρον
3328 3691 3434 3740 τῶν
3463 3683 3703 3761 πατέρων

2067 3774 2232 3844 ὑμῶν’
2311 3770 2477 3851 ἄξεις,
2550 3775 2851 3848 γεννήματα
2900 3773 3147 3852 ἐχιδνῶν,
3203 3779 3315 3835 πῶς
3348 3794 3549 3852 φύγητε
3599 3772 3704 3826 ἀπὸ

2068 3866 2166 3926 τῆς
2230 3863 2446 3937 κρίσεως
2499 3866 2595 3926 τῆς
2652 3861 2869 3938 γεέννης
2907 3881 2976 3934 ;»
3012 3866 3117 3919 Οὔκ
3147 3861 3438 3917 ἐπιτάττων
3491 3862 3699 3932 αύτούς,

2071 3948 2105 4015 ἦ
2175 3953 2415 4005 συνωθῶν
2471 3950 2598 4027 πρὸς
2650 3952 2710 4005 τὸ
2766 3959 3010 4027 φονεῦσαι
3043 3953 3222 4022 αὐτὸν,
3257 3949 3402 4026 λέγει
3431 3951 3514 4022 τὸ,
3562 3948 3702 4014 Πλη-

335 4024 584 4115 lmplete
610 4033 673 4087 et
703 4044 805 4115 vos
840 4046 1181 4090 mensuram
1219 4039 1451 4110 patrum
1490 4045 1848 4098 vestrorum:
1883 4024 1979 4098 sed

2072 4037 2274 4114 ρώσατε
2329 4039 2388 4092 τὸ
2418 4036 2609 4114 μέτρον
2643 4039 2746 4092 τῶν
2791 4038 3031 4115 πατέριον
3073 4040 3241 4112 ὑμῶν,
3279 4037 3416 4093 ἀλλά
3470 4039 3702 4092 τοιοῦτόν

338 4113 450 4174 hoc
484 4121 574 4173 est
605 4114 763 4193 quod
794 4115 942 4205 dicit
970 4139 983 4180 :
1018 4118 1120 4197 qui
1152 4127 1462 4197 serpentes
1505 4121 1669 4194 estis,
1695 4132 1754 4183 et
1787 4125 1979 4186 talium

2070 4146 2119 4180 τι
2177 4124 2342 4202 λέγει’
2400 4123 2618 4191 Ἐπειδὴ
2648 4126 2792 4204 ὀίρεις
2823 4126 2939 4182 ἐστὶ
2971 4129 3057 4183 καὶ
3100 4129 3404 4205 γεννήματα
3452 4127 3700 4181 τοιούτων

340 4209 571 4293 patrum
607 4204 941 4293 progenies,
973 4213 1032 4266 et
1063 4208 1120 4268 in
1155 4215 1315 4268 tanta
1335 4209 1566 4270 insania
1588 4210 1864 4272 obstinati
1888 4231 1979 4274 es-

2071 4214 2331 4291 πατέρων,
2392 4215 2478 4268 καὶ
2534 4216 2606 4277 εἷς
2662 4217 2924 4282 τοσαύτην
2953 4204 3140 4272 κακίαν
3199 4214 3697 4293 ἑξετραχηλίσθητε,

2014 4277 2055 4325 D

338 4293 443 4380 tis,
466 4301 532 4380 ut
552 4290 918 4353 incurabiles
946 4293 1074 4354 sitis
1105 4314 1120 4358 :
1146 4295 1441 4376 reliquum
1475 4306 1534 4358 et
1580 4316 1713 4358 cum
1747 4319 1986 4380 operam

340 4377 586 4452 dabitis,
612 4385 678 4440 ut
698 4389 894 4459 patres
919 4394 1149 4443 vestros
1169 4382 1443 4460 vincatis,
1473 4385 1584 4445 hoc
1614 4387 1727 4446 erit
1753 4377 1987 4467 quando

341 4484 440 4528 me
471 4467 776 4530 occidetis.
810 4467 978 4530 Tunc
1002 4471 1162 4531 enim
1195 4489 1492 4532 summum
1529 4473 1767 4535 malitiae
1806 4477 1986 4537 verti-

343 4573 472 4616 cem
503 4555 986 4634 apprehendetis,
1013 4577 1148 4618 cum
1179 4558 1461 4620 omissam
1487 4579 1521 4620 a
1553 4561 1814 4638 patribus
1846 4582 1984 4624 ves-

343 4641 452 4704 tris
480 4642 701 4704 caedem
728 4643 1074 4723 implebitis.
1106 4649 1250 4709 Cum
1269 4646 1447 4723 igitur
1474 4647 1619 4708 tales
1649 4648 1800 4729 sitis,
1833 4670 1985 4730 quo-

341 4730 517 4792 modo
548 4748 780 4810 ptenam
813 4733 1160 4810 eﬂ‘ugietis?

420 4815 607 4881 Vsus.
642 4817 744 4882 34.
777 4841 799 4874 ι
835 4819 975 4881 Ideo
999 4838 1142 4882 ecce
1171 4839 1278 4899 ego
1313 4822 1479 4882 mitto
1507 4822 1579 4883 ad
1612 4841 1707 4883 vos
1733 4825 1984 4904 prophe-

343 4915 430 4969 tas
461 4915 518 4967 et
543 4906 865 4988 sapientes,
901 4917 959 4969 et
993 4907 1243 4988 scribas,
1279 4915 1336 4969 et
1365 4909 1602 4970 illorum
1633 4912 1855 4990 aliquot
1875 4932 1981 4974 oc-

339 4994 573 5075 cidetis,
606 4996 1110 5076 cruciﬁgetisque,
1143 5004 1201 5056 et
1226 4995 1459 5056 illorum
1514 4999 1833 5059 nonnullos
1873 5002 1981 5061 fla-

337 5083 634 5163 gellabitis
664 5083 723 5144 in
755 5083 1070 5164 synagogis
1101 5084 1336 5159 vestris,
1361 5092 1418 5144 et
1449 5086 1885 5165 persequemini
1908 5098 1981 5150 de

337 5171 567 5232 civitate
597 5170 658 5232 in
711 5172 1030 5233 civitatem.
1067 5193 1090 5224 ο
1120 5171 1331 5250 Arguit
1382 5172 1511 5234 illos
1537 5173 1847 5248 mendacii,
1884 5175 1980 5237 di-

339 5267 544 5319 centes
572 5258 728 5337 quod
760 5257 821 5320 Si
853 5257 1174 5320 fuissemus
1207 5259 1266 5320 in
1299 5258 1513 5320 diebus
1564 5271 1793 5340 patrum
1837 5282 1977 5324 nos-

2071 4302 2206 4356 ὦστε
2263 4300 2488 4363 ἀνιάτως
2545 4301 2717 4380 ἔχειν,
2788 4304 3176 4378 συντομώτερον
3239 4302 3562 4360 σπουδάσατε
3618 4324 3699 4356 νι-

2067 4395 2228 4455 κῆσαι
2283 4390 2402 4451 τούς
2477 4391 2702 4467 πατέρας
2745 4393 2912 4464 ὑμῶν·
2975 4399 3129 4448 τοῦτο
3199 4390 3253 4446 δὲ
3286 4389 3456 4464 ἕσται,
3491 4389 3578 4444 ἐὰν
3607 4389 3701 4463 ἐμὲ

2065 4477 2373 4552 φονεύσητε·
2434 4478 2557 4532 αὖτὸ
2622 4477 2708 4555 (ἀρ
2763 4479 2825 4533 τὸ
2892 4479 3181 4555 ἀκρότατον
3239 4484 3336 4544 τῆς
3369 4480 3554 4539 κακίας
3597 4498 3698 4532 οια-

2064 4563 2383 4642 ταλήψεσθε,
2443 4565 2531 4619 ἐὰν
2573 4566 2668 4632 νην
2697 4563 3040 4620 ὶλλείπουσαν
3079 4579 3194 4629 τοῖς
3243 4587 3498 4642 πατρασιν
3555 4569 3700 4638 ὑμῶν

2065 4653 2362 4730 μιαιφονίαν
2434 4649 2875 4728 ἀναπληρώσητε·
2951 4655 3061 4715 πῶς
3113 4654 3200 4708 οὖν
3257 4660 3485 4709 τοιοῦτοι
3533 4653 3696 4727 ὄντες,

2065 4741 2266 4818 φὺςρητε
2297 4740 2392 4805 τὴν
2419 4737 2644 4794 κολασιν
2680 4759 2696 4818 ς

2147 4849 2171 4886 ε
2215 4828 2312 4882 Διά
2358 4834 2509 4883 τοῦτο
2561 4824 2670 4884 ἰδού
2743 4828 2851 4904 ἐγὼ
2893 4827 3212 4884 ἀποστέλλω
3238 4828 3368 4906 πρός
3411 4830 3544 4900 ὑμᾶς
3576 4847 3700 4903 προσ

2065 4917 2257 4993 φήτας,
2316 4917 2402 4969 καὶ
2476 4916 2681 4993 σοφούς,
2747 4917 2833 4972 καὶ
2886 4928 3243 4992 γραμπατεῖς·
3275 4916 3362 4970 καὶ
3413 4913 3462 4980 ἐξ
3530 4917 3701 4971 αὖτῶν

2065 5003 2407 5060 ἀποκτενεῖτε
2464 5005 2550 5058 καὶ
2634 5005 2984 5082 σταυρώσετε,
3035 5007 3120 5059 γαὶ
3175 5001 3228 5067 EE
3295 5003 3467 5058 αὐτῶν
3517 5022 3703 5076 μαστι-

2064 5091 2263 5168 γώσετε
2335 5090 2386 5146 ἓν
2487 5105 2608 5154 ταῖς
2692 5104 3028 5168 συναγωγαῖς
3083 5092 3256 5162 ὑμῶν,
3351 5093 3437 5145 καὶ
3493 5088 3700 5152 διώξετε

2065 5180 2168 5236 ἀπὸ
2225 5178 2430 5242 πόλεως
2505 5181 2577 5243 εἷς
2637 5178 2816 5241 πόλιν,
2853 5203 2881 5232 s
2920 5177 3171 5258 Ἐλέγχει
3229 5179 3436 5257 αύτούς,
3497 5174 3701 5251 ψευδῶς

2063 5268 2330 5340 εἰπόντας,
2390 5266 2469 5322 ὅτι
2499 5268 2556 5323 El
2580 5267 2717 5341 ἦμεν
2761 5267 2816 5322 iv
2858 5280 2977 5330 ταῖς
3049 5267 3272 5344 ἡμέραις
3302 5273 3408 5322 τῶν
3464 5264 3704 5340 πατέρων

340 5353 591 5424 trorum,
621 5363 740 5406 non
769 5346 1201 5408 occidissemus
1233 5347 1572 5426 prophetas.
1619 5349 1774 5412 Ecce
1818 5352 1977 5413 enim

2070 5357 2239 5432 ἡμῶν,
2297 5357 2390 5410 οὒκ
2473 5351 2534 5408 ἅν
2619 5353 2936 5432 ἐφονεύομεν
3011 5354 3132 5415 τούς
3216 5353 3514 5432 προφήτας.
3571 5346 3706 5406 Ἰδού

335 5449 466 5520 ego,
500 5432 713 5513 inquit,
746 5434 908 5495 mitto
943 5437 1286 5516 prophetas,
1319 5444 1375 5496 et
1397 5436 1715 5515 sapientes,
1751 5446 1809 5500 et
1836 5439 1979 5501 scri-

2070 5443 2181 5520 γὰρ,
2243 5441 2427 5520 φησὶν.
2489 5440 2598 5518 ἑγὼ
2651 5439 2964 5496 ἀποστέλλω
3020 5442 3322 5519 προφήτας,
3354 5441 3443 5496 καὶ
3485 5437 3702 5516 σοφούς,

331 5517 463 5594 bas;
491 5527 745 5584 attamen
779 5539 877 5583 vos
907 5522 1038 5584 illos
1066 5521 1368 5585 occidetis.
1419 5524 1506 5584 De
1543 5526 1825 5606 apostolis
1853 5544 1971 5591 su-

2070 5517 2145 5585 ιαὶ
2221 5517 2589 5606 γραμματεῖς,
2661 5524 2784 5584 ἀλλ’
2857 5526 3004 5601 ὅμως
3065 5517 3414 5584 ἀποκτενεῖτε
3484 5523 3697 5591 αύτούς.
