4148 6290
289 339 421 404 409

907 344 1351 406 ENARRATIO
1402 343 1482 404 IN
1533 302 2042 404 EVANGELIUM
2090 337 2482 427 MATTHAEI:
2529 371 2606 381 —
2647 333 2811 400 CAP.
2860 340 3078 400 XXIV.

3569 335 3687 399 410

287 471 388 528 δνε
447 475 524 550 μὴ
586 476 872 550 νομίσωσιν
931 475 1011 532 ὅτι
1068 477 1186 554 πρὶν
1246 475 1280 542 ἢ
1311 471 1957 552 κηρύξωσισυντελεσοή-

2051 467 2306 527 caverint
2340 476 2787 530 consummetur
2811 468 3088 541 mundus,
3117 468 3263 529 dicit
3301 492 3311 528 :
3351 468 3439 530 Ne
3474 465 3679 526 turbe-

297 583 456 618 σεται
511 566 538 619 ὁ
584 586 806 642 κοσμος,
866 565 995 643 φησί
1033 583 1046 596 ·
1099 565 1186 629 Μὴ
1245 561 1566 642 Θορυϐεἶσθε,
1617 561 1773 618 Οὔπω
1803 561 1961 636 γὰρῆ

291 649 614 707 συντέλεία·
671 650 783 710 οὒδὲ
838 655 937 730 γὰρ
997 651 1105 726 ἅμα
1163 656 1574 728 τῇκατασκκφῇ
1627 650 1720 716 τῆς
1767 643 1961 726 Ἰερου-

293 738 490 814 σαλὴμ
546 743 710 809 καὶὴ
769 743 924 809 κοινὴ
983 742 1250 798 συντέλεια
1310 741 1478 801 ἵσται,
1545 739 1741 802 ’Ἒονος
1793 736 1846 792 δὲ
1877 737 1960 792 ἐπὶ

297 827 476 906 ἔθνος,
533 833 620 886 καὶ
675 830 945 906 βασιλείαν
1005 829 1088 886 ἐπὶ
1131 829 1400 907 βασιλείαν
1439 831 1808 907 ὲγερθήσεσϐαι
1862 825 1957 880 λέ-

293 937 410 996 γει,
445 915 529 973 διὰ
560 919 900 992 τά-ἐσόμενα
949 932 1063 984 τοῖς
1107 917 1374 980 Ἰουδαίοις
1433 919 1592 990 κακὰ,
1648 915 1777 994 άπερ
1837 914 1959 969 εἰσὶν

303 1006 456 1085 ἀρχὴ
497 1005 720 1070 ὠδίνων,
783 997 998 1084 υΩσπερ
1041 1010 1139 1085 γὰρ
1196 1011 1244 1063 αἱ
1279 1005 1465 1068 ὠδῖνες
1511 1009 1742 1083 γίνονται
1773 1011 1839 1079 τῇ
1883 1025 1962 1057 τις

298 1094 525 1171 κτούσῃ,
583 1098 670 1150 καὶ
728 1095 866 1152 οὕτω
935 1097 1121 1175 τίκτει,
1184 1095 1320 1151 οὕτω
1364 1097 1452 1151 καὶ
1511 1097 1538 1151 ὁ
1596 1095 1775 1172 παρὼν
1833 1094 1957 1148 αἰὼν

303 1183 440 1256 μετὰ
495 1184 589 1248 τὰς
641 1185 925 1264 συγχύσεις
976 1187 1062 1240 καὶ
1106 1201 1226 1247 τως
1284 1182 1548 1259 πολέμους
1607 1183 1958 1261 ἀπογεννήσει

301 1271 370 1327 τὰ
428 1270 689 1346 μέλλοντα
701 1320 714 1334 ,

392 1381 416 1415 ε
463 1361 594 1418 Τότε
660 1359 1057 1440 παραδώσουσιν
1112 1363 1245 1434 ὑμᾶς
1305 1363 1378 1424 εἰς
1444 1359 1643 1438 θλίψιν,
1689 1360 1774 1414 καὶ
1818 1359 1954 1414 ἀπο-

302 1456 578 1505 κτενοῦσιν
634 1451 769 1522 ὑμᾶς
808 1465 821 1479 ⁸
871 1451 958 1506 καὶ
1014 1449 1189 1506 ἔσεσθε
1250 1450 1559 1524 μισούμενοι
1615 1450 1717 1503 ὑπὸ
1747 1448 1954 1505 πάντων

307 1539 414 1593 τῶν
479 1537 638 1592 ἐθνῶν
671 1536 755 1594 διὰ
798 1541 857 1593 τὸ
887 1538 1052 1612 ὄνομα
1093 1561 1196 1612 μου
1231 1557 1244 1573 ⁸
1289 1540 1376 1594 καὶ
1404 1538 1523 1593 τότε
1569 1533 1953 1603 σκανδαλισθή-

299 1647 481 1681 σονται
512 1624 723 1698 πολλοὶ,
781 1629 869 1682 καὶ
914 1625 1174 1695 ἀλλήλους
1225 1625 1614 1705 παραδώσουσι,
1671 1627 1756 1680 καὶ
1786 1626 1953 1699 μισή-

302 1736 480 1770 σουσιν
540 1713 804 1783 ἀλλήλους
843 1731 857 1745 ⁸
919 1716 1010 1770 καὶ
1063 1714 1248 1770 πολλοὶ
1320 1713 1746 1792 ψευδοπροφῆται
1799 1715 1950 1791 εγερ.

2049 557 2211 615 mini.
2250 555 2518 616 Nondum
2584 557 2740 617 enim
2803 557 3256 629 consummatio,
3314 574 3506 636 neque
3550 573 3680 616 cum

2047 643 2429 703 subversione
2480 643 2850 704 Hierusalem
2913 646 3021 704 erit
3068 645 3362 724 generalis
3397 661 3679 705 consum-

2045 735 2242 794 matio.
2277 735 2528 796 Gentem
2579 753 2714 795 vero
2772 745 2978 795 contra
3027 745 3288 811 gentem.
3323 744 3383 796 et
3431 752 3677 813 regnum

2043 827 2246 878 contra
2301 837 2548 897 regnum
2582 831 2996 882 exsuirerlnra
3028 823 3170 882 dicit
3211 820 3676 902 propterimmi-

2043 908 2244 966 nentia
2276 907 2491 968 .ludzeis
2543 911 2742 970 mala:
2784 928 2913 989 quae
2972 911 3137 971 initia
3191 921 3327 970 sunt
3375 911 3673 971 dolorum.

2041 994 2205 1054 Sicut
2249 996 2406 1056 enim
2465 997 2795 1075 pariuriens
2835 999 3013 1078 dolet,
3061 1009 3120 1059 et
3167 999 3253 1059 sic
3304 999 3456 1078 parit
3501 999 3578 1058 ita
3624 1006 3680 1058 et

2043 1099 2302 1161 praesens
2327 1086 2607 1144 saeculum
2644 1093 2777 1165 post
2817 1087 3193 1148 cOnfusiones
3229 1095 3284 1147 et
3313 1086 3468 1147 bella
3490 1086 3679 1166 pariet

2043 1171 2258 1236 futura.

2124 1349 2300 1410 Vens.
2334 1351 2391 1411 9.
2434 1375 2458 1404 ε
2511 1349 2675 1412 Τιιηο
2710 1352 2940 1413 tradent
2971 1371 3068 1413 vos
3099 1355 3154 1416 in
3187 1354 3589 1427 afﬂictionem,
3625 1362 3682 1414 et

2039 1435 2314 1496 occident
2338 1449 2528 1511 vos,et
2560 1441 2728 1500 eritis
2760 1441 2930 1500 invisi
2963 1444 3190 1506 cunctis
3225 1444 3505 1523 gentibus
3534 1461 3674 1523 pro-

2039 1533 2170 1602 pter
2204 1544 2418 1586 nomen
2451 1546 2668 1590 meum.
2705 1531 2777 1590 Et
2807 1538 2946 1589 tunc
2994 1533 3413 1592 oll'eniliculum
3453 1534 3682 1612 patien-

2038 1619 2133 1672 tur
2167 1614 2358 1691 multi,
2396 1625 2452 1674 et
2482 1616 2632 1676 alius
2672 1617 2851 1677 alium
2905 1617 3157 1680 invicem
3203 1623 3456 1696 tradent,
3494 1639 3678 1700 sequo

2037 1701 2173 1760 odio
2205 1702 2504 1763 habebunt
2535 1705 2809 1779 invicem,
2844 1715 2902 1766 et
2943 1711 3109 1769 multi
3143 1709 3679 1789 pseudoprophetaa

298 1805 575 1874 θήσονται,
626 1804 714 1857 καὶ
771 1801 1097 1871 πλανήσουσι
1143 1801 1370 1866 πολλούς
1406 1822 1418 1835 ·
1467 1799 1662 1857 καὶδιά
1711 1801 1770 1854 τὸ
1804 1799 1950 1864 πλη-

2051 1800 2368 1866 surgent,et
2394 1791 2679 1852 seducent
2702 1798 2954 1856 multos:
2989 1806 3045 1856 et
3090 1797 3368 1876 quoniam
3403 1796 3675 1857 abunda-

299 1894 544 1955 θυνθήναι
600 1890 697 1955 τὴν
754 1891 996 1965 ἀνομίαν,
1054 1893 1346 1967 ψυγήσεται
1391 1893 1423 1956 ἡ
1455 1889 1637 1968 ἀγάπη
1668 1895 1770 1944 τῶν
1815 1884 1951 1944 πιλ-

2051 1879 2123 1938 bit
2170 1878 2471 1957 iniquitas,
2507 1880 2851 1959 refrigescet
2879 1875 3132 1946 Charitas
3179 1886 3519 1946 multorum.
3566 1884 3678 1956 Qui

301 1977 434 2039 λῶν,
487 1968 543 2033 Ὀ
597 1976 651 2032 δὲ
706 1979 990 2052 ὑπομείνας
1037 1981 1109 2041 εἷς
1154 1978 1322 2056 τέλος,
1369 1981 1517 2042 οὗτος
1566 1978 1883 2045 σωθήσεται,
1921 1999 1946 2029 ι

2051 1973 2226 2025 autem
2239 1971 2698 2046 perseveraverit
2717 1971 2970 2050 usquein
2989 1974 3633 2049 tinem,hicsalvuserit.
3651 1997 3672 2030 δ

305 2066 560 2145 Προλέγει
617 2067 681 2121 τὰ
744 2064 1124 2142 συμϐησόμενα
1198 2068 1358 2143 κακὰ,
1430 2065 1828 2144 παραθαρρύνων
1871 2063 1954 2118 διὰ

2051 2056 2305 2114 l’razdicit
2343 2067 2624 2118 eventura
2664 2062 2792 2118 ιῦυ
2824 2062 2995 2123 mala.
3032 2065 3302 2124 animans
3357 2063 3675 2141 discipulos

303 2164 399 2213 τοῦ
455 2154 729 2232 προλέγειν
776 2157 896 2218 τοὺς
961 2157 1228 2230 μαθητὰς,
1277 2159 1348 2212 Τὸ
1403 2157 1502 2232 γὰρ
1561 2151 1952 2231 ἀπροσδόκητον

2051 2159 2146 2216 aer
2170 2144 2278 2232 hoc
2307 2146 2463 2224 quod
2498 2147 2785 2225 praedicit.
2830 2147 2974 2210 Nam
3011 2151 3416 2232 ineXSpectata
3448 2161 3673 2212 terrere

305 2243 496 2298 εἴωθεν
543 2240 788 2322 ἐκφοϐεῖν
831 2245 916 2298 καὶ
966 2245 1258 2319 ταράττειν,
1320 2241 1662 2320 Προομαλίζει
1719 2245 1805 2296 οὖν
1863 2244 1952 2297 τὸν

301 2329 466 2412 φόϐον
523 2330 607 2386 διὰ
648 2338 741 2386 τοῦ
797 2335 1168 2410 προαγορεύειν
1220 2334 1284 2386 τὰ
1328 2330 1590 2404 μέλλοντα
1640 2329 1802 2406 δεινὰ,
1839 2332 1954 2392 τοὺς

301 2420 548 2498 φθόνους,
595 2421 690 2482 τὰς
747 2420 968 2499 ἔχθρας,
1016 2422 1135 2482 τοὺς
1181 2418 1616 2493 σκανδμιλισμοὺς,
1677 2420 1797 2482 τους
1829 2423 1956 2493 ψευ-

304 2507 668 2586 δοπροφήτας,
749 2522 806 2564 οἳ
877 2507 1161 2586 πρόδρομοι
1238 2515 1328 2563 τοῦ
1385 2505 1750 2584 Ἀντιγρίστου
1808 2507 1952 2570 εἰσὶν,

309 2593 718 2658 ἀποπλανῶντες
774 2597 894 2660 τοὺς
951 2595 1204 2668 πολλοὺς,
1274 2596 1410 2651 ὥστε
1455 2598 1584 2673 πρὸς
1663 2595 1766 2650 πᾶν
1819 2593 1957 2656 εἶδος

307 2683 529 2757 ἀνομίας
588 2685 994 2763 ἐκτραχηλίζειν
1037 2685 1223 2747 αὐτούς
1263 2704 1274 2716 ·
1333 2683 1417 2738 διὰ
1469 2682 1520 2738 δέ
1565 2685 1625 2738 τὸ
1655 2682 1958 2748 πληθυνθῆ-

307 2793 392 2827 ναι
457 2774 554 2837 τὴν
613 2773 834 2846 ἀνομίαν
893 2774 951 2829 ἐκ
1006 2777 1105 2840 τῆς
1161 2772 1368 2838 πλάνης
1419 2779 1512 2827 τοῦ
1570 2772 1956 2849 Ἀντιχρίστου,

305 2860 788 2928 ἑκθηριωθήσονται
849 2863 893 2916 οἱ
954 2861 1236 2939 ἅνθρωποι,
1323 2863 1394 2924 ὡς
1455 2861 1590 2934 μηδὲ
1658 2861 1787 2937 πρὸς
1841 2861 1959 2922 τοὺς

305 2950 661 3010 οἰκειοτάτους
721 2950 905 3020 σώζειν
953 2947 1147 3018 ἰκμάδα
1199 2951 1316 3006 τινὰ
1367 2949 1606 3027 ἀγάπης,
1657 2946 1793 3002 ἀλλά
1850 2970 1958 3002 πα-

305 3034 602 3113 ραδίδοσθαι
644 3037 733 3092 ὑπ’
779 3037 1026 3106 ἀλλήλων
1063 3062 1072 3069 ’
1123 3039 1149 3093 ὁ
1181 3035 1235 3092 δὲ
1269 3036 1392 3115 ἄχρι
1443 3036 1624 3099 τέλους
1651 3035 1958 3112 ὑπομείνας,

306 3127 396 3180 καὶ
452 3128 771 3202 καρτερικῶς
829 3127 1023 3205 φέρων,
1098 3128 1184 3182 καὶ
1269 3131 1346 3200 μη
1430 3124 1600 3189 ἐνδοὺς
1687 3127 1814 3203 πρὸς
1899 3127 1962 3179 τὰ

309 3214 640 3292 ἐπαγόμενοι,
695 3217 988 3283 σωθήσεται
1045 3217 1118 3277 ὡς
1186 3213 1401 3288 δόκιμος
1460 3214 1786 3291 στρατιώτης
1829 3213 1962 3268 ἀνα-

308 3302 512 3381 quva-fc,

391 3410 419 3448 ι
472 3391 572 3448 Καὶ
628 3392 1026 3470 κηρυχθήσεται
1086 3394 1240 3447 τοῦτο
1293 3393 1352 3446 τὸ
1398 3389 1720 3468 Εὖαγγέλιον
1747 3396 1840 3456 τῆς
1873 3392 1967 3466 βα-

306 3481 506 3540 σιλείας
568 3477 623 3532 ἐν
673 3477 776 3554 ὅλῃ
858 3486 926 3554 τῇ
1001 3480 1306 3555 οἶκουμένῇ,
1368 3481 1439 3542 εἷς
1499 3479 1774 3555 μαρτύριον
1841 3485 1969 3534 πᾶσι

305 3579 424 3628 τοῖς
483 3565 672 3644 ἓονεσι,
720 3569 806 3622 καὶ
837 3569 954 3623 τότε
987 3567 1100 3634 ἥξει
1129 3571 1191 3623 τὸ
1227 3567 1402 3630 τέλος,
1442 3591 1465 3623 »
1504 3569 1610 3624 Οὐκ
1650 3566 1971 3643 ἒμποδισθή,

315 3659 468 3710 σεσθε
529 3657 602 3718 εἰς
659 3657 720 3711 τὸ
749 3657 1046 3733 κηρύττειν,
1102 3655 1373 3734 Θαρῤεϊτε.
1413 3657 1818 3734 Κηρυχθτζσεται
1873 3658 1972 3743 γὰρ

311 3744 374 3798 τὸ
432 3742 760 3819 Εὖαγγὲλιον
819 3745 874 3799 ἐν
935 3751 1063 3800 πᾶσι
1112 3759 1229 3806 τοῖς
1276 3745 1504 3822 ἔθνεσιν,
1545 3747 1617 3805 εἷς
1664 3742 1965 3827 μαρτύριον,

313 3832 583 3886 τουτέστιν
649 3833 720 3895 εἷς
771 3831 1020 3911 ἔλεγχον,
1083 3835 1152 3898 εἰς
1211 3833 1538 3910 κατηγορίαν
1598 3838 1700 3887 τῶν
1745 3835 1820 3906 μὴ
1876 3856 1966 3890 πι-

309 3941 667 3991 στευσαντων,
699 3922 786 3975 καὶ
835 3922 955 3976 τότε
1006 3919 1114 3986 ἥξει
1143 3924 1204 3976 τὸ
1229 3920 1407 3998 τέλος,
1443 3923 1563 3999 οὐχὶ
1597 3929 1687 3978 τοῦ
1741 3921 1962 3996 κόσμου,

312 4005 448 4062 ἀλλά
505 4011 603 4074 τῆς
667 3999 1010 4086 Ἰερουσαλήμ
1051 4028 1062 4040 ·
1132 4010 1232 4086 ττρό
1313 4011 1411 4086 γὰρ
1467 4017 1558 4085 τος)
1619 4009 1816 4064 ἀλὼναι
1872 4011 1970 4076 τὴν

317 4086 662 4170 Ἰερουσαλὴμ
721 4097 994 4175 ἑκηρὺχθι.
1042 4099 1100 4152 τὸ
1169 4096 1510 4174 ιίὖαγγέλιον,
1586 4098 1764 4175 ὥσπερ
1815 4101 1899 4153 καὶ
1942 4106 1968 4158 ὁ

319 4182 523 4246 Παῦλος
583 4182 724 4261 λέγει
761 4201 776 4215 ’
823 4185 925 4242 Τοῦ
983 4184 1298 4262 Εὖαγγελῖου
1347 4185 1701 4263 κηρυχθέντος
1729 4185 1782 4238 ἐν
1825 4186 1967 4260 πάσῃ

316 4276 383 4345 τῇ
425 4273 592 4326 κτίσει
649 4278 717 4346 τῇ
761 4271 853 4327 ὑπ’
912 4272 1152 4344 οὖρανόν,
1213 4265 1342 4329 ’Ότι
1394 4276 1491 4351 γὰρ
1521 4275 1637 4351 περὶ
1667 4273 1757 4328 τοῦ
1787 4271 1967 4336 τέλους

317 4365 423 4414 τῶν
484 4349 862 4434 Ἱεροσολύμων
911 4359 1080 4436 λέγει,
1145 4360 1303 4427 δῆλον
1359 4362 1461 4417 ἀπὸ
1505 4369 1608 4416 τῶν
1640 4358 1757 4426 ἑξῆς
1793 4380 1809 4396 ·
1841 4355 1966 4439 φησὶ

317 4447 418 4525 γάρ
453 4462 467 4476 °

2041 2240 2099 2290 et
2130 2230 2373 2292 turbare
2395 2246 2846 2299 consueuerunt.
2898 2230 3258 2318 Przeiliitigat
3292 2241 3469 2318 igitur
3502 2242 3678 2300 timo-

2040 2337 2191 2393 rem,
2227 2322 2605 2399 praaulicendo
2634 2324 2826 2384 futura
2853 2328 3078 2405 gravia,
3108 2329 3263 2400 odia,
3314 2329 3673 2401 inimicitias,

2041 2409 2423 2483 offensiones,
2492 2412 3060 2495 pseudoprophetas,
3124 2419 3224 2497 qui
3283 2435 3678 2497 praecursores

2041 2508 2178 2557 sunt
2212 2501 2578 2576 Antichristi,
2606 2502 2960 2564 seducentes
2994 2506 3317 2578 multos,ita
3361 2514 3421 2566 ut
3452 2507 3511 2565 in
3546 2526 3678 2566 om-

2044 2603 2178 2647 nem
2213 2588 2576 2666 iniquitatem
2613 2608 2714 2650 eus
2739 2592 3282 2672 praecipitentQuia
3302 2605 3497 2654 autem
3531 2595 3680 2656 mul-

2044 2674 2408 2753 tiplicabitur
2452 2678 2728 2757 iniquitas
2772 2700 2876 2759 per
2908 2683 3262 2762 imposturas
3301 2683 3677 2762 Antichristi,

2046 2767 2552 2843 exasperabuntur
2610 2774 2666 2826 et
2725 2769 2889 2832 efferi
2938 2781 3109 2831 erunt
3156 2772 3447 2845 homines,
3491 2773 3572 2834 ita
3621 2779 3682 2833 ut

2045 2869 2239 2931 neque
2271 2871 2401 2912 cum
2436 2853 2910 2919 familiarissimis
2958 2859 3141 2920 ullum
3197 2871 3428 2920 servent
3481 2860 3680 2922 chari-

2045 2940 2179 3001 tatis
2229 2941 2552 3023 vinculum,
2585 2945 2690 3004 sed
2748 2955 3013 3007 mutuum
3069 2967 3132 3008 se
3185 2950 3414 3009 tradant
3452 2950 3532 3009 49.
3570 2949 3682 3021 Qui

2043 3040 2235 3089 autem
2291 3049 2476 3111 usque
2520 3033 2590 3091 ad
2627 3035 2803 3092 tinem
2857 3037 3351 3114 perseveraverit,
3400 3045 3455 3096 et
3512 3036 3680 3097 forti-

2047 3128 2136 3176 ler
2179 3119 2406 3193 tulerit,
2465 3139 2660 3198 neque
2711 3125 2958 3184 cesserit
3006 3126 3096 3184 his
3143 3144 3273 3204 quae
3322 3126 3679 3198 inferuntur,

2048 3215 2184 3265 tunc
2245 3208 2442 3268 salvus
2509 3209 2662 3283 erit,
2735 3221 2790 3272 et
2862 3212 3342 3292 comprobabitur
3408 3221 3684 3273 strenuus

2048 3294 2242 3356 miles.

2134 3381 2394 3447 Vens-l4
2410 3434 2415 3439 .
2434 3386 2540 3446 «Et
2565 3387 3103 3466 praedicabiturhoc
3121 3390 3496 3465 Evangelium
3518 3390 3684 3469 regni

2051 3470 2107 3529 in
2142 3491 2414 3532 universo
2447 3475 2614 3553 orbe,
2642 3476 2699 3535 in
2731 3478 3133 3539 testimonium
3165 3479 3440 3540 omnibus
3485 3479 3682 3557 genti-

2052 3558 2160 3618 bus
2192 3569 2248 3620 et
2274 3570 2410 3621 tunc
2443 3564 2634 3624 veniet
2665 3569 3121 3630 consummatio.
3161 3592 3180 3619 ι
3220 3575 3348 3630 non
3389 3570 3501 3630 erit
3524 3569 3686 3629 vobis

2053 3649 2408 3726 praedicandi
2460 3651 2856 3728 obstaculum,
2905 3657 3207 3730 confidite,
3273 3659 3688 3737 przedicabitur

2054 3737 2212 3797 enim
2245 3738 2621 3817 Evangelium
2661 3742 2721 3802 in
2769 3745 3043 3806 omnibus
3093 3747 3388 3828 gentibus,
3423 3747 3482 3808 in
3517 3748 3681 3808 testi-

2053 3827 2459 3898 monium,hoc
2489 3830 2666 3910 est,in
2694 3835 3226 3911 reprehensionem
3247 3838 3685 3897 etcondemna-

2052 3916 2271 3974 tionem
2305 3935 2508 3976 eorum
2561 3920 2660 3997 qui
2708 3939 2821 3980 non
2854 3923 3238 3983 crediderunt
3275 3943 3288 3986 :
3323 3940 3378 3984 et
3415 3934 3552 3984 tunc
3584 3943 3682 3985 ve-

2051 4003 2173 4062 niet
2221 4009 2673 4078 consummatio,
2731 4027 2846 4070 non
2883 4012 3110 4090 mundi,
3156 4013 3256 4071 sed
3293 4011 3683 4073 Hierusalem.

2053 4092 2201 4152 Nam
2252 4102 2390 4154 ante
2449 4108 2682 4172 captam
2744 4096 3107 4159 Hierusalem
3169 4102 3549 4179 praedicatum
3601 4109 3688 4162 est

2052 4179 2452 4258 Evangelium,
2481 4184 2635 4241 sicut
2664 4193 2719 4243 et
2743 4185 2958 4246 Paulus
2987 4187 3166 4248 dicit:
3200 4188 3684 4268 Evangelii,quod

2054 4269 2432 4346 praedicatum
2467 4281 2556 4329 est
2586 4270 2644 4329 in
2677 4273 2841 4332 omni
2871 4293 3001 4354 quae
3043 4276 3151 4335 sub
3191 4279 3336 4338 uelo
3389 4289 3679 4338 creatura.

2049 4355 2194 4416 Nam
2230 4360 2383 4436 quod
2417 4359 2490 4418 de
2522 4360 2639 4419 fine
2676 4359 3216 4442 Hierosolymorum
3277 4365 3455 4446 dicat,
3496 4367 3684 4425 mani-

2051 4448 2262 4506 l'estum
2287 4455 2378 4507 est
2408 4466 2476 4506 ex
2513 4451 2913 4528 si-quentibus.
2945 4453 3095 4514 Dicit
3124 4455 3280 4514 enim
3309 4474 3322 4514 :

404 4554 427 4588 ι
482 4525 655 4591 ’Ὁταν
710 4539 798 4592 οὖν
854 4535 1005 4604 ἴδητε
1051 4542 1111 4593 τὸ
1148 4537 1416 4616 βδέλυγμα
1479 4543 1575 4604 τῆς
1621 4538 1962 4616 ἐρημωσεως,

2131 4532 2312 4595 Vens.
2341 4535 2434 4597 45.
2471 4517 2648 4598 «Cum
2683 4557 2847 4616 ergo,
2889 4541 3154 4601 videritis
3185 4543 3686 4604 abominationem

320 4625 382 4679 τὸ
434 4622 588 4699 ῥηθὲν
632 4622 715 4679 διά
763 4625 963 4692 Δανιὴλ
1022 4636 1113 4682 του
1170 4629 1466 4706 προυήτου,
1519 4627 1683 4688 ἑστὼς
1723 4625 1776 4679 ἐν
1822 4625 1970 4695 τόπερ

320 4711 474 4789 ἁγίῳ,
530 4713 557 4766 ὁ
615 4711 992 4790 ἀναγινώσκων
1051 4718 1256 4777 νοείτω,
1297 4741 1322 4768 ι
1389 4712 1662 4790 Βδέλυγμα
1710 4719 1806 4779 τῆς
1838 4713 1968 4783 ἐρη-

321 4798 544 4872 μώσεως
600 4799 701 4866 τὴν
756 4801 962 4870 στήλην
1012 4802 1153 4879 λέγει
1207 4810 1298 4859 τοῦ
1345 4810 1444 4868 τὴν
1472 4801 1626 4857 πόλιν
1681 4803 1974 4878 κρατήσαν-

318 4907 432 4964 τος,
492 4886 558 4954 ἢν
615 4885 833 4954 ’ἔστησεν
893 4891 946 4945 ἐν
1005 4905 1122 4947 τοῖς
1169 4890 1371 4952 ἀδύτοις
1417 4899 1507 4948 τοῦ
1551 4896 1674 4945 νειοὖ
1703 4907 1716 4920 ⁹
1753 4889 1969 4967 ἐρημώ-

323 4994 458 5038 σεως
505 4975 602 5048 μὲν
644 4976 755 5050 οὖν,
806 4975 936 5034 διότι
969 4978 1233 5058 ἐπορθήθη
1263 4981 1296 5046 ἡ
1333 4980 1490 5041 πόλις
1530 4993 1543 5007 ·
1578 4976 1843 5054 βδέλυγμα
1893 4975 1968 5050 δὲ,

317 5061 446 5119 διότι
504 5064 600 5127 τὰς
665 5065 868 5135 στήλας
924 5069 1012 5123 καὶ
1085 5070 1177 5130 τὰς
1239 5069 1440 5127 εἰκόνας
1496 5073 1599 5122 τῶν
1662 5065 1969 5139 ἀνθρώπων,

316 5149 648 5228 βδελύγματα
706 5154 982 5229 ὠνόμαζον
1060 5160 1105 5211 οἱ
1178 5154 1434 5232 Ἑϐραῖοι,
1526 5157 1624 5221 τὴν
1688 5153 1972 5210 εἰδωλολα-

317 5241 463 5315 τρίαν
495 5247 800 5314 μισοῦντες.

409 5349 432 5381 ε
469 5326 599 5384 Τότε
660 5333 706 5385 οἱ
751 5331 806 5386 ἐν
848 5337 917 5406 τῇ
950 5329 1192 5405 Ἰουδαίᾳ,
1239 5331 1572 5412 φευγέτωσαν
1615 5332 1701 5386 ἐπὶ
1729 5333 1795 5386 τὰ
1823 5328 1920 5408 ὅρη
1953 5348 1968 5364 ⁸

320 5417 350 5470 ὁ
387 5413 480 5471 ἐπὶ
522 5423 614 5471 τοῦ
673 5415 940 5498 δώματος,
1000 5425 1078 5496 μὴ
1134 5420 1494 5477 καταϐαινέτω
1536 5421 1654 5496 ἆραι
1683 5421 1748 5475 τὰ
1779 5419 1839 5475 ἐκ
1879 5420 1974 5486 τῆς

410 5580 474 5630 ιθ
503 5579 732 5647 Colon.
766 5597 811 5647 ι.

2051 4623 2456 4703 desolatiunis,
2490 4644 2621 4704 qua
2678 4629 2834 4688 dicta
2883 4638 2970 4689 es:
3014 4649 3046 4690 a
3100 4630 3342 4691 Daniele
3382 4632 3686 4712 propheta,

2051 4722 2302 4772 stantem
2347 4714 2409 4773 in
2465 4713 2594 4775 loco
2656 4726 2881 4798 sancto,
2943 4719 3043 4799 qui
3100 4719 3261 4796 legit,
3310 4721 3680 4799 intelligat.»

2053 4801 2565 4863 Abominalionem
2599 4805 2982 4867 desolationis
3013 4809 3417 4870 dicitstaluam
3443 4811 3570 4888 ejus
3592 4811 3688 4890 qui

2055 4889 2269 4950 civitati
2301 4891 2628 4969 imperavit,
2665 4914 2836 4974 quam
2873 4897 3060 4958 erexit
3109 4898 3166 4956 in
3217 4897 3405 4977 adytis
3457 4889 3684 4976 templi.

2054 4979 2448 5042 Desolationis
2492 4991 2688 5043 autem
2721 4984 2962 5058 dicitur,
2996 5005 3064 5045 eo
3115 4987 3270 5064 quod
3303 4986 3694 5067 expugnanda

2058 5076 2217 5130 esset
2245 5068 2472 5129 civitas.
2497 5070 2872 5133 Abominatio
2909 5091 3067 5148 vero,
3104 5094 3172 5135 eo
3203 5075 3358 5154 quod
3391 5084 3612 5136 statuas
3635 5083 3691 5135 et

2057 5156 2345 5234 imagines
2377 5157 2681 5219 hominum
2733 5160 2964 5222 Hebraei
2997 5162 3467 5224 abominationes
3517 5181 3692 5223 voca-

2059 5246 2218 5317 bant,
2254 5245 2389 5305 odio
2430 5246 2801 5312 idololatriae.

2139 5333 2298 5395 Vens
2356 5335 2450 5395 16.
2492 5359 2518 5390 α
2545 5334 2712 5398 Tunc
2743 5338 2804 5398 hi
2835 5339 3012 5419 quiin
3041 5339 3242 5404 Judaaa
3271 5348 3430 5422 sunt,
3467 5341 3695 5419 fugiant

2056 5421 2119 5482 in
2141 5430 2369 5483 montes
2404 5447 2416 5480 :
2450 5423 2498 5484 is
2526 5425 2629 5503 qui
2663 5427 2720 5486 in
2747 5435 3057 5504 tecto,non
3096 5421 3424 5491 descendat
3449 5440 3509 5491 ut
3532 5431 3691 5492 tollat
