4106 6280
232 318 348 383 417

872 322 1315 411 ENARBATIO
1359 320 1441 386 IN
1487 323 1902 387 EVANGELII

1990 325 1991 331 “
2034 313 2425 385 ΜΑΤΤΗΕΙ.
2475 354 2548 367 -
2592 320 2756 383 CAP.
2812 320 3025 382 XXIV,

3472 320 3594 384 418

234 457 331 524 τῆς
388 456 640 522 ἁλώσεως
698 459 866 533 μόνης
924 458 1021 525 τῆς
1082 448 1423 534 Ἰερουσαλήμ
1477 457 1722 529 ἐνόησαν,
1754 459 1902 535 οὖχὶ,

1996 454 2289 516 erusalem
2322 454 2805 516 intellexeruntet
2838 473 2953 515 non
2987 454 3060 515 de
3090 456 3351 516 secundo
3380 456 3593 518 adven-

232 549 319 601 καὶ
362 549 481 624 περὶ
531 552 629 613 τῆς
687 545 924 625 δευτέρας
972 547 1255 626 παρουσίας
1289 566 1305 584 ο
1353 546 1468 603 ὅθεν
1499 545 1659 609 οὕτως
1704 549 1876 624 ἑρμη-

238 636 468 692 νεύουσιν
502 651 517 669 ⁰

1964 554 2021 604 ιιι
2060 565 2071 605 :
2109 545 2266 604 unde
2297 550 2358 605 et
2407 544 2493 604 sic
2526 546 2998 622 interpretantur
3032 563 3045 603 :
3082 546 3211 605 Non
3273 545 3594 623 prieteribit

578 637 651 694 Οὒ
693 637 769 715 μῂ
826 634 1060 714 παρέλθῃ
1103 638 1136 701 ἡ
1181 637 1335 713 γενεὰ
1379 635 1534 703 αὕτη,
1587 635 1875 708 τουτέστιν,

1990 634 2259 703 ;eneratio
2296 634 2440 711 haec,
2474 634 2583 692 hoc
2618 642 2725 704 est,
2762 642 2953 692 Vestra
2981 634 3377 711 apostolorum
3411 654 3594 713 gene-

239 726 381 798 ὒμῶν
440 731 545 781 τῶν
588 724 901 782 ἀποστόλων
952 727 985 792 ἡ
1041 727 1195 802 γενεὰ
1255 723 1440 799 ὄψεται
1484 727 1578 788 τὰς
1621 729 1718 793 τῆς
1777 716 1878 781 ἰε-

1990 722 2107 780 ’διιὶο
2140 721 2363 781 videbit
2392 721 2886 799 .Ierosolymorum
2941 722 3323 783 calamitates.
3358 723 3593 784 Conﬁr-

242 812 513 890 ρουσαλὴμ
559 814 826 891 συμφοράς
862 834 876 848 ’
934 812 1160 889 βεϐαιῶν
1213 813 1268 869 δὲ
1315 816 1380 870 τὰ
1411 814 1653 892 ρηθέντα,
1699 816 1879 891 φησὶν,

243 899 321 955 ὅτι
355 902 889 979 Εὑκολώτερόνέστὶν
940 903 1284 982 ἀφανισθῆναι
1342 903 1557 980 οόρανὸν
1616 905 1703 958 καὶ
1760 902 1886 1001 γῆν,

242 990 303 1045 τὰ
360 992 645 1067 πεπηγότα
700 998 863 1047 ταῦτα
892 993 979 1046 καὶ
1030 992 1250 1057 ἀκίνητα
1296 1004 1565 1069 στοιχεῖα,
1598 992 1632 1057 ἢ
1662 998 1766 1046 τῶν
1800 1006 1864 1045 im

245 1076 371 1153 ἰμοῦ
399 1080 664 1156 ῥηθέντων
695 1078 1074 1154 διαψευσθῆναί
1106 1103 1177 1139 τι.

329 1191 352 1221 α
389 1170 512 1246 Περὶ
571 1165 625 1222 δὲ
718 1168 813 1234 τῆς
885 1168 1085 1245 ἡμέρας
1157 1167 1361 1234 ἐκείνης
1427 1169 1515 1223 καὶ
1580 1167 1675 1233 τῆς
1744 1166 1883 1243 ὥρας

249 1253 415 1321 οὐδεὶς
472 1254 641 1331 οἶδεν,
702 1255 816 1312 ουδὲ
875 1259 922 1311 οἱ
982 1254 1197 1333 ἄγγελοι
1250 1263 1354 1311 τῶν
1414 1257 1667 1333 οὐρανῶν,
1723 1256 1765 1309 εἱ
1811 1256 1885 1327 μὴ

249 1345 276 1397 ὁ
332 1345 515 1421 Πατήρ
573 1366 672 1417 μου
730 1345 913 1418 μόνος.
975 1368 997 1399 ι
1064 1342 1305 1399 Διδάσκει
1362 1346 1481 1404 τοὺς
1538 1344 1773 1418 μιθητὰς
1807 1342 1885 1396 ἐν·

246 1434 428 1502 ταῦθα,
492 1435 569 1507 μη
639 1441 823 1504 ζητεῖν
886 1435 1162 1509 μανθάνειν
1236 1435 1300 1489 τὰ
1365 1430 1733 1509 ὑπερϐαίνοντα
1791 1432 1887 1496 τὴν

248 1520 576 1596 ἀνθρωπίνην
632 1530 849 1597 γνῶσιν.
915 1522 1001 1578 Ἐν
1043 1526 1119 1593 τῷ
1162 1523 1330 1577 εἰπεῖν
1386 1524 1485 1599 γὰρ
1513 1520 1627 1575 οὔτε
1685 1522 1731 1575 οἱ
1784 1518 1886 1595 ἅγ-

249 1607 415 1685 γελοι,
477 1610 705 1688 ἐπέσχεν
770 1611 955 1671 αὐτοὺς
1012 1617 1104 1665 τοῦ
1157 1617 1245 1665 νῦν
1323 1613 1529 1683 μαθεῖν,
1607 1607 1734 1686 ὅπερ
1803 1608 1889 1661 καὶ

251 1700 294 1754 οἱ
338 1696 555 1775 ἄγγελοι
600 1699 873 1776 ἀγνοοῦσιν
909 1718 922 1730 ·

252 1807 350 1860 μου
410 1788 596 1866 μόνος,
657 1786 918 1843 ἐκώλυσεν
983 1788 1166 1851 αὖτοὺς
1221 1789 1309 1843 καὶ
1360 1788 1450 1842 τοῦ
1504 1791 1730 1856 ζητῆσαι
1781 1807 1887 1854 μαι

250 1878 360 1931 θεῖν
416 1878 490 1938 εἱς
543 1878 605 1932 16
650 1876 933 1949 μετέπειτα
969 1896 981 1909 ’
1036 1878 1079 1929 εἰ
1136 1877 1234 1953 γὰρ
1278 1878 1441 1945 εἶπεν,
1478 1874 1556 1929 ὅτι
1603 1873 1739 1931 Οἶδα
1770 1874 1885 1947 μὲν,

250 1968 308 2022 οὔ
361 1964 499 2021 θέλω
553 1964 607 2020 δὲ
663 1966 790 2038 ὑμῖν
828 1966 1022 2043 εἰπεῖν,
1080 1963 1415 2033 ἐλυπήθησαν
1458 1964 1543 2043 ἂν,
1616 1967 1689 2026 ὼς
1742 1962 1890 2029 δῆθεν

251 2053 733 2133 καταφρονούμενοι
786 2051 873 2108 ὑπ’
921 2054 1075 2109 αὖτοῦ
1108 2069 1122 2082 ⁸
1192 2061 1279 2109 νῦν
1330 2051 1382 2108 δὲ
1453 2056 1506 2108 ἒν
1562 2060 1638 2126 τῷ
1697 2054 1889 2129 εἰπεῖν,

254 2142 335 2199 ὅτι
380 2142 509 2199 Οὐδὲ
556 2145 585 2198 6
630 2145 749 2205 Υἱὸς
793 2140 959 2214 οἶδεν,
1014 2143 1057 2195 εἰ
1101 2141 1178 2216 μὴ
1211 2144 1238 2197 6
1283 2143 1462 2219 Πατὴρ
1490 2142 1672 2216 μόνος,
1707 2138 1897 2195 κωλύει

257 2233 442 2295 αὖτοὺς
500 2232 684 2301 ζητεῖν
723 2251 737 2264 ’
798 2231 975 2309 ὥσπερ
1030 2233 1118 2287 καὶ
1174 2230 1393 2308 πατέρες
1450 2229 1705 2291 πολλάκις
1764 2250 1897 2283 κατ·-

258 2321 475 2401 έχοντές
508 2342 556 2375 τι
599 2320 652 2375 ἐν
684 2333 805 2383 ταῖς
862 2321 1067 2398 χερσὶν,
1115 2319 1237 2374 εἶτα
1279 2320 1591 2392 ζητούμενοι
1620 2330 1774 2375 τοῦτο
1798 2317 1898 2371 ὑπὸ

258 2412 364 2467 τῶν
424 2407 647 2482 παίδων,
705 2411 792 2464 καὶ
868 2410 946 2482 μὴ
1016 2407 1253 2471 θέλοντες
1332 2406 1529 2479 δοῦναι,
1587 2408 1897 2484 κρύπτουσιν

261 2499 406 2567 αὗτδ,
468 2496 712 2575 λέγοντες
756 2516 767 2528 ”
831 2500 936 2555 Οὐκ
986 2495 1203 2574 ἔχομεν
1257 2498 1284 2551 ὃ
1339 2504 1572 2567 ζητεῖτε,
1635 2496 1721 2550 καὶ
1764 2494 1901 2549 οὕτω

260 2588 518 2644 παύονται
586 2587 654 2642 τὰ
722 2582 901 2641 παιδία
951 2583 1431 2661 κλαυθμυριζόμενα
1465 2604 1477 2616 ⁸

264 2676 474 2752 Κύριος,
532 2674 625 2729 ἵνα
667 2674 844 2748 παύσῃ
899 2673 1020 2735 τοὺς
1079 2671 1401 2735 ἀποστόλους
1433 2671 1679 2733 θέλοντας
1716 2676 1903 2746 μαθεῖν

265 2766 378 2842 περὶ
420 2768 520 2829 τῆς
578 2761 779 2839 ἡμέρας
823 2762 911 2817 καὶ
954 2765 1051 2827 τῆς
1094 2760 1256 2837 ὥρας,
1304 2761 1478 2838 εἶπεν,
1529 2758 1608 2815 ὅτι
1640 2759 1767 2817 Οὐδὲ
1796 2761 1905 2838 ἐγὼ

267 2851 411 2933 οῖδα,
472 2853 515 2907 εἰ
568 2852 646 2926 μὴ
704 2853 731 2906 6
790 2850 969 2928 Πατὴρ
1026 2850 1228 2923 μόνος·
1274 2848 1352 2904 ὅτι
1410 2852 1508 2928 γὰρ
1539 2850 1785 2927 γινώσκει
1815 2851 1903 2905 καὶ

265 2942 417 3007 αὐτὸς
460 2942 559 3007 τὴν
589 2940 728 3018 ὥραν
760 2940 845 2995 καὶ
901 2939 999 3005 τὴν
1053 2938 1255 3015 ἡμέραν
1311 2938 1539 3013 ἐκείνην,
1590 2938 1750 3004 δῆλον
1810 2941 1906 3013 μὲν

1540 2584 1676 2639 οὕτω
1730 2584 1815 2638 καὶ
1874 2583 1901 2635 6

1971 830 2138 871 mans
2167 822 2360 872 autem
2388 812 2563 890 dicta,
2609 812 2797 890 inquit
2836 832 2848 873 :
2909 813 3156 873 Facilius
3211 823 3301 872 est
3342 815 3597 874 transire

1969 901 2250 959 cmlorum
2285 913 2343 960 et
2378 908 2590 960 terram
2622 900 2870 972 aboleri,
2902 920 2968 960 ac
3000 901 3098 960 illa
3123 902 3289 960 ﬁrma
3318 911 3373 961 et
3394 902 3599 962 immo-

1968 988 2106 1049 bilia
2141 990 2456 1068 elementa,
2490 1008 2664 1067 quain
2700 997 2761 1048 ut
2790 988 3082 1068 quoddam
3134 1009 3201 1050 ex
3253 990 3400 1051 meis
3426 992 3598 1051 dictis

1969 1079 2218 1138 mendax
2250 1079 2345 1139 sit.
3596 1100 3597 1103 η

2048 1165 2230 1228 Vens.
2263 1168 2359 1230 36.
2396 1194 2414 1221 α
2455 1170 2538 1228 De
2570 1166 2669 1228 die
2720 1175 2915 1226 autem
2970 1167 3067 1227 illo
3127 1176 3185 1227 et
3236 1168 3378 1229 hora
3427 1188 3600 1230 nemo

1968 1255 2099 1330 scit,
2136 1274 2325 1335 neque
2384 1256 2577 1333 angeli
2625 1255 2863 1334 quidem
2925 1255 3230 1330 caelorum,
3269 1258 3377 1316 nisi
3431 1262 3602 1319 Pater

1973 1363 2137 1404 meus
2168 1346 2349 1404 solus.
2392 1369 2413 1398 ιι
2451 1344 2637 1406 Docet
2696 1345 2806 1403 hoc
2850 1344 2975 1403 loco
3030 1346 3353 1423 discipulos
3394 1354 3457 1405 ut
3488 1366 3602 1407 non

1970 1444 2233 1511 quaerant
2265 1436 2496 1493 discere
2522 1436 2735 1493 human
2761 1454 2834 1491 illi
2872 1443 3134 1493 naturam
3172 1437 3600 1497 transcenden-

1974 1522 2048 1581 tia
2083 1542 2095 1580 :
2134 1541 2266 1581 nam
2301 1525 2439 1581 dum
2472 1523 2640 1594 dicit,
2696 1540 2888 1600 neque
2918 1523 3132 1599 angeli,
3174 1524 3452 1585 admonet
3500 1544 3601 1586 eos

1972 1611 2126 1687 quod
2160 1610 2392 1670 discete
2446 1629 2561 1669 non
2613 1618 2898 1669 atlentent
2930 1609 2984 1668 id
3021 1611 3175 1689 quod
3210 1613 3398 1689 angeli
3432 1614 3602 1691 igno-

973 1697 1025 1753 ἐν
1056 1698 1109 1753 δὲ
1156 1706 1231 1773 τῷ
1276 1701 1467 1776 εἰπεῖν,
1516 1697 1595 1753 ὅτι
1641 1701 1667 1752 ὁ
1708 1698 1889 1772 Πατήρ

1990 1710 2103 1758 ‘ant
2138 1722 2150 1757 :
2187 1709 2242 1759 et
2273 1701 2409 1759 dum
2444 1700 2785 1773 dicit,t’ater
2810 1703 3169 1767 incussolus,
3195 1703 3470 1780 prohibet
3502 1723 3603 1763 eos

1974 1788 2159 1848 anniti
2191 1799 2251 1847 ut
2281 1788 2512 1847 discant
2536 1798 2755 1867 postea.
2792 1788 2959 1859 Quod
2984 1789 3031 1848 si
3062 1792 3306 1852 dixisset
3336 1793 3444 1865 eis,
3473 1791 3605 1853 Scio

1974 1877 2239 1955 quidem,
2282 1878 2440 1935 vobis
2471 1888 2667 1936 autem
2722 1876 2920 1936 dicere
2970 1878 3127 1947 nolo,
3160 1882 3486 1941 contristati
3514 1900 3605 1941 es-

1975 1976 2107 2025 sent
2129 1966 2521 2044 ulique,quasi
2549 1966 2813 2045 despecti
2844 1966 2915 2025 ab
2948 1966 3210 2029 eo.Nunc
3246 1979 3439 2029 autem
3473 1988 3605 2030 cum

1976 2054 2120 2113 dicit
2149 2057 2305 2132 quod
2341 2073 2529 2132 neque
2568 2056 2743 2114 Filius
2801 2057 2979 2133 novit,
3038 2057 3150 2115 nisi
3211 2060 3380 2117 Pater
3422 2058 3606 2136 solus,

1977 2142 2253 2219 prohibet
2283 2160 2355 2202 ne
2389 2143 2687 2221 inquirant
2722 2159 2734 2202 :
2770 2143 2918 2202 sicut
2952 2152 3007 2202 et
3038 2153 3229 2223 patres
3254 2148 3611 2224 saapei-onti-

1978 2242 2119 2291 nent
2147 2231 2285 2309 quid
2315 2233 2376 2289 in
2410 2232 2699 2303 manibus,
2742 2231 2960 2290 deinde
3015 2243 3212 2292 autem
3271 2236 3409 2294 dum
3443 2254 3607 2313 quae-

1976 2329 2111 2378 runt
2142 2322 2246 2378 hoc
2273 2320 2399 2391 ﬁlii,
2439 2328 2496 2377 et
2526 2319 2796 2397 dareipsi
2829 2323 3056 2399 nolunt,
3091 2324 3386 2383 occultant
3415 2326 3611 2384 dicen-

1981 2416 2109 2467 tes:
2138 2407 2261 2468 Non
2298 2410 2580 2467 habemus
2614 2410 2765 2485 quod
2799 2410 3083 2487 quaeritis,
3122 2420 3176 2469 et
3207 2412 3292 2471 sic
3321 2414 3614 2490 plorantes

1984 2499 2135 2556 lilios
2164 2504 2569 2575 compescunt;
2602 2497 2682 2556 ita
2720 2506 2779 2555 et
2822 2496 3107 2558 Dominus
3162 2509 3224 2559 ut
3281 2509 3618 2580 compescat

1984 2589 2281 2668 apostolos
2310 2608 2383 2649 ne
2407 2590 2640 2648 discere
2677 2588 2855 2649 velint
2879 2590 2952 2649 de
2983 2590 3196 2650 dieillo
3229 2600 3285 2652 et
3316 2593 3481 2665 hora,
3518 2594 3613 2653 di-

1984 2680 2063 2738 xit
2100 2695 2113 2738 :
2148 2675 2349 2756 Neque
2409 2678 2532 2736 scio
2581 2695 2712 2754 ego,
2748 2678 2859 2736 nisi
2894 2684 3061 2739 l'ater
3089 2681 3270 2739 solus.
3310 2680 3427 2741 Scit
3460 2683 3618 2741 enim

1988 2776 2045 2827 et
2074 2767 2198 2845 ipse
2231 2766 2433 2825 horam
2470 2765 2705 2825 etdiem
2761 2766 2925 2825 illum
2962 2784 2975 2828 ε
3013 2769 3067 2828 id
3114 2769 3266 2847 quod
3319 2788 3388 2828 ex
3424 2770 3621 2830 multis

1987 2857 2116 2916 aliis
2145 2864 2234 2914 est
2265 2855 2662 2932 manifestum,
2696 2853 2906 2915 Omnia
2938 2856 3094 2915 enim
3127 2875 3491 2937 quaecunque
3524 2860 3623 2918 ha-

1992 2946 2091 3005 bet
2122 2947 2316 3016 Pater,
2364 2944 2493 3004 Filii
2544 2945 2767 3002 sunt5‘3
2800 2963 2812 3002 :
2848 2945 3155 3003 scientiam
3204 2956 3397 3005 autem
3447 2948 3618 3006 habet

265 3036 351 3090 καὶ
408 3030 460 3096 ἐξ
496 3030 673 3088 ἄλλων
717 3027 951 3089 πολλῶν,
1000 3029 1175 3083 Πάντα
1202 3027 1300 3104 γαρ
1333 3027 1427 3081 ὅσα
1471 3027 1588 3105 ἔχει
1620 3030 1646 3083 6
1694 3030 1893 3107 Πατὴρ,

1990 3034 2102 3095 diei
2133 3032 2329 3111 hujus;
2360 3031 2607 3109 proinde
2638 3041 2695 3091 et
2727 3032 3079 3091 Filiusillam
3115 3033 3308 3093 habet.
3346 3036 3622 3096 Manifes-

266 3124 362 3180 τοῦ
413 3124 533 3178 Υἱοῦ
590 3121 688 3176 εἰσι
725 3136 738 3150 ·
793 3120 879 3176 καὶ
919 3118 1019 3183 τὴν
1076 3121 1269 3193 γνῶσιν
1329 3114 1383 3171 δὲ
1413 3115 1526 3193 ἔχει
1559 3122 1654 3183 τῆς
1677 3117 1900 3195 ἡμέρας,

268 3214 354 3270 καὶ
422 3214 451 3267 6
495 3212 612 3272 Υἱὸς
670 3207 768 3287 ἄρα
825 3207 941 3286 ἔχει
996 3207 1191 3271 ταύτην
1225 3220 1238 3233 '
1315 3204 1657 3275 ἐκδηλότερον
1723 3205 1801 3282 δὲ,
1848 3210 1909 3264 ἐκ

268 3300 436 3360 τοῦδε.
500 3303 622 3360 Πῶς
680 3299 779 3374 γὰρ
837 3294 1103 3374 ἐνδέχεται
1164 3295 1377 3370 ἀγνοεῖν
1432 3296 1528 3361 τὴν
1572 3295 1772 3372 ἡμέραν
1818 3300 1907 3352 16v

275 3394 413 3461 Υἱὸν,
474 3392 519 3461 ᾧ
550 3389 616 3443 τὰ
648 3389 751 3465 πρὸ
780 3390 878 3451 τῆς
934 3384 1136 3461 ἡμέρας
1194 3383 1359 3446 οὕτως
1412 3382 1669 3462 ἔγνωσται
1705 3404 1721 3463 ς
1756 3387 1782 3439 6
1818 3387 1910 3465 γὰρ

271 3479 354 3535 ἰπὶ
411 3478 478 3533 τὰ
533 3476 762 3553 πρόθυρα
842 3473 1077 3551 ἀγαγὼν,
1165 3469 1453 3552 πρόδηλον,
1509 3469 1587 3527 ὅτι
1656 3474 1745 3528 καὶ
1812 3476 1910 3539 τὴν

315 3569 327 3589 ⁷
947 3563 961 3581 δ
1257 3561 1267 3581 θ
1463 3562 1475 3579 ἵ
1670 3560 1689 3583 Γ
1859 3563 1869 3579 1

273 3572 428 3647 θυραν
470 3566 730 3632 ἠπίστατο
764 3580 777 3592 ·
838 3561 975 3617 ἄλλα
1033 3581 1397 3639 συμφεροντως
1427 3582 1520 3617 0~.~.'.
1550 3559 1720 3627 ἤνοιςε
1776 3583 1907 3617 ταυ-

270 3678 369 3723 την
402 3670 417 3684 ⁸
482 3654 541 3709 οὒ
595 3651 842 3731 συμφέρει
902 3652 1000 3728 γὰρ
1050 3649 1187 3723 ἡμῖν
1230 3649 1291 3731 16
1325 3647 1509 3704 εἰδέναι
1555 3658 1683 3728 πότε
1716 3651 1750 3717 ἡ
1784 3672 1911 3705 συν-

273 3745 476 3817 τέλεια,
533 3742 624 3797 ’ίνα
666 3728 745 3812 μὴ
789 3740 1190 3817 ῥᾳθυμήσωμεν.
1259 3728 1320 3792 Ἠ
1363 3738 1463 3816 γὰρ
1511 3736 1697 3815 ἄγνοια
1727 3736 1912 3814 διεγη-

276 3835 556 3916 γερμένους
598 3834 744 3905 ἡμᾶς
786 3842 935 3886 ποιεῖ
968 3827 1117 3907 (31).

359 3948 387 3979 ι
422 3916 640 3998 ’Ὥσπερ
690 3916 744 3973 δὲ
798 3921 850 3972 αἱ
905 3916 1097 3995 ἡμέραι
1152 3922 1244 3971 τοῦ
1272 3922 1413 3988 Νῶε,
1447 3915 1612 3980 οὕτως
1658 3916 1800 3972 ἔσται
1833 3919 1919 3973 καὶ

275 4017 308 4081 ἡ
368 3995 624 4090 παρουσία
680 4006 771 4063 τοῦ
841 4008 961 4061 Υἱοῦ
1020 4012 1111 4061 τοῦ
1180 4004 1475 4082 ἀνθρώπου.
1549 3995 1764 4083 ι’δὶσπερ
1822 4006 1921 4083 γὰρ

278 4103 413 4171 ἦσαν
469 4100 523 4155 ἐν
579 4110 703 4158 ταῖς
764 4094 988 4174 ἡμέραις
1044 4093 1139 4161 τῆς
1218 4095 1319 4169 πρὸ
1377 4100 1466 4148 τοῦ
1524 4091 1919 4167 κατακλυσμοῦ,

1989 3126 2105 3183 tius
2134 3133 2327 3180 autem
2378 3138 2442 3179 ex
2505 3120 2637 3179 hoc.
2675 3118 2978 3190 Quomodo
3014 3123 3172 3181 enim
3207 3123 3488 3201 possibile
3532 3130 3625 3184 est

1992 3214 2263 3289 ignorare
2310 3208 2520 3268 Filium
2554 3210 2684 3266 £54
2718 3210 2874 3269 diem
2908 3209 3071 3269 illum
3103 3212 3197 3270 cui
3229 3230 3297 3271 ea
3330 3230 3461 3286 quae
3489 3220 3625 3272 ante

1994 3318 2127 3361 eum
2159 3298 2317 3357 diem
2346 3297 2708 3374 contingent,
2742 3296 2821 3356 ita
2868 3299 3097 3374 cognita
3154 3306 3317 3360 sunt?
3350 3298 3493 3358 Nam
3527 3300 3626 3379 qui

1994 3387 2065 3447 ad
2100 3385 2450 3447 vestibulum
2506 3386 2687 3463 ducit,
2744 3386 3120 3445 manifestum
3180 3388 3334 3467 quod
3368 3389 3418 3447 is
3448 3389 3624 3448 etiam

1987 3477 2229 3554 januam
2263 3475 2430 3535 sciat.
2460 3473 2573 3536 Sed
2609 3474 2823 3533 utiliter
2855 3475 3006 3535 hanc
3029 3494 3145 3535 non
3175 3476 3425 3555 aperuit;
3460 3476 3631 3537 nobis

1996 3565 2152 3626 enim
2188 3562 2345 3624 scire
2390 3581 2506 3623 non
2552 3563 2790 3642 prodest
2832 3564 3064 3641 quando
3109 3565 3218 3624 erit
3246 3582 3631 3626 consumma-

1998 3655 2101 3731 tio,
2136 3672 2210 3713 ne
2232 3650 2421 3731 ignavi
2452 3651 2660 3714 simus.
2695 3650 3205 3729 Ignorantiaenim
3232 3672 3338 3714 nos
3361 3653 3635 3714 facitala-

1998 3761 2152 3804 CI‘BS.

2080 3911 2257 3971 Vens.
2294 3907 2509 3971 37-39.
2548 3907 2697 3969 «Sed
2731 3908 3068 3969 sicuterant
3097 3908 3221 3969 dies
3248 3911 3396 3985 Noe,
3421 3909 3501 3972 ita
3527 3909 3639 3971 erit

2004 4006 2062 4059 et
2091 3999 2375 4058 adventus
2407 3996 2541 4059 Filii
2564 3997 2843 4058 hominis.
2870 3996 3029 4059 Sicut
3059 4000 3215 4059 enim
3239 4009 3405 4060 erant
3427 4000 3485 4059 in
3513 3999 3639 4059 die-

2007 4086 2118 4148 bus
2145 4087 2243 4165 qui
2268 4096 2699 4166 praecesserunt
2721 4086 3025 4159 diluvium,
3060 4087 3303 4147 edentes
3334 4096 3392 4147 et
3425 4087 3639 4148 biben-

277 4195 569 4269 τρώγοντες
646 4188 735 4241 καὶ
794 4184 1054 4261 πίνοντες,
1126 4188 1411 4259 γαμοῦντες
1470 4182 1555 4236 καὶ
1606 4180 1902 4258 ἐκγαμίζον-

2012 4176 2546 4254 les,Contrahentes
2579 4174 3039 4248 matrimonium,
3077 4184 3132 4233 et
3156 4184 3400 4255 nuptum
3438 4178 3642 4235 dantes

278 4266 577 4355 τὲςξόἱχρις
631 4272 693 4340 ἧς
739 4271 941 4349 ἡμέρας
996 4268 1201 4337 εἰσῆλθε
1260 4274 1377 4326 Νῶε
1418 4270 1489 4331 εἰς
1532 4269 1630 4335 τὴν
1673 4266 1927 4357 κιϐωτὸν,

2014 4281 2200 4343 usque
2230 4263 2302 4322 ad
2327 4263 2482 4322 diem
2522 4281 2636 4341 quo
2676 4263 2907 4321 intravit
2935 4264 3059 4321 Noe
3090 4262 3148 4321 in
3180 4282 3403 4337 arcani,
3437 4273 3493 4323 et
3525 4282 3640 4323 non

276 4369 365 4422 καὶ
565 4361 802 4440 ἔγνωσαν
859 4360 960 4423 ἕως
1002 4358 1158 4427 ἦλθεν
1199 4356 1231 4414 6'
1255 4355 1649 4435 κατακλυσμὸς,
1684 4359 1771 4412 καὶ
1807 4359 1902 4435 ἡρεπ

2013 4359 2411 4430 cognoverunt
2439 4351 2629 4410 donec
2657 4355 2912 4409 venisset
2937 4351 3243 4430 diluvium,
3279 4361 3337 4410 et
3364 4352 3638 4411 sustulis-

278 4455 513 4516 ἅπαντας
547 4468 562 4482 ⁶
624 4450 789 4513 οὕτως
872 4448 1017 4505 ἔσται
1102 4449 1188 4503 καὶ
1245 4449 1279 4514 ἡ
1354 4448 1607 4524 παρουσία
1675 4453 1767 4501 τοῦ
1812 4447 1902 4500 Υἱυ

2015 4450 2106 4502 set
2127 4443 2461 4514 universos;
2487 4439 2563 4498 ita
2593 4439 2706 4499 erit
2731 4447 2787 4498 et
2814 4439 3097 4498 adventus
3128 4438 3258 4499 Filii
3290 4439 3575 4500 hominis.
3611 4464 3633 4496 ο

281 4551 375 4601 τοῦ
419 4540 711 4619 ἀνθρώπου.
749 4560 771 4595 ι
813 4540 945 4616 Πρὸς
988 4534 1266 4613 βεϐαίωσιν
1313 4542 1418 4590 τῶν
1476 4532 1712 4608 ἀψευδῶν
1772 4535 1902 4589 αὐτοι

2012 4530 2105 4592 Ad
2156 4527 2665 4590 confirmationem
2698 4528 3143 4587 verissiniorum
3177 4546 3417 4588 suorum
3449 4528 3639 4588 dicto-

282 4631 481 4709 λόγων,
538 4629 804 4708 κέχρηται
860 4639 979 4689 τοῖς
1047 4626 1183 4680 κατὰ
1252 4624 1358 4680 τῶν
1413 4629 1528 4680 Νῶε
1595 4620 1868 4699 γενομένοι
1906 4642 1921 4658 ε

286 4719 459 4796 ὥσπερ
514 4719 611 4796 γὰρ
668 4716 787 4771 τότε
847 4713 1048 4794 χλεύην
1089 4713 1313 4790 ἡγοῦντό
1351 4733 1487 4773 τινες
1541 4712 1636 4777 τὴν
1676 4716 1772 4777 τῆς
1826 4732 1920 4765 κι-

286 4804 452 4865 ϐωτοῦ
506 4805 859 4878 κατασκευὴν,
916 4802 1017 4867 ἕως
1074 4800 1134 4856 οὗ
1174 4800 1300 4868 ἦλθε
1344 4802 1403 4855 16
1454 4801 1617 4863 πάθος
1662 4800 1748 4855 καὶ
1779 4798 1922 4877 ἠρά-

368 4972 432 5026 5²
452 4971 621 5064 3toan.
655 4987 775 5048 xvi,
810 4969 908 5034 15.

2008 4637 2137 4680 rum
2170 4619 2352 4677 utitm-
2387 4615 2477 4675 his
2508 4634 2637 4695 quae
2665 4624 2929 4696 tempore
2958 4614 3080 4676 Noe
3120 4625 3258 4676 sunt
3281 4617 3468 4676 facta:
3504 4625 3641 4676 tunc

2005 4706 2331 4769 irridebant
2382 4704 2648 4766 nonnulli
2702 4723 2851 4765 arcae
2894 4706 3406 4785 praeparationem,
3451 4704 3640 4767 donec

2003 4798 2231 4860 veniret
2259 4795 2499 4856 afﬂictio
2544 4802 2600 4854 et
2649 4794 2969 4856 involveret
2997 4812 3227 4858 omnes.
3271 4796 3367 4855 Sic
3402 4803 3459 4855 et
3484 4812 3639 4855 nunc

1379 5104 1464 5166 Ex
1497 5102 1813 5165 collatione
1842 5098 2018 5162 codd.
2052 5097 2271 5161 Venet.
2302 5098 2365 5159 S.
2402 5097 2605 5159 Marci.

369 5245 498 5324 (31)
530 5242 671 5307 Cod.
738 5240 814 5325 32
876 5260 921 5325 ἒΔ
956 5232 1020 5298 Ἠ
1071 5242 1170 5325 γᾷρ
1242 5238 1427 5325 ἄγνοια
1493 5237 1926 5325 διεγηγερμένους

286 5316 432 5401 ἡμῖὶς
479 5316 653 5381 ’ποιεῖ
703 5324 820 5400 περὶ
871 5322 970 5388 τὴν
1013 5316 1299 5381 εὒσέϐειανξ
1358 5316 1927 5401 ’Ἧλπᾶσινλεὺδηλοη

288 5396 369 5464 δτι
426 5405 676 5484 γινώσκει
734 5396 829 5477 μὲν
873 5403 947 5466 ὡς
1004 5402 1155 5484 Θεὸς,
1230 5397 1515 5484 ἆγνοεῖθὲ
1555 5396 1928 5484 ὼς-ᾅνθρωπος

2018 5258 2037 5288 ι
2073 5231 2407 5311 Ignorantia
2439 5230 2596 5291 enim
2622 5230 2759 5290 facit
2782 5229 3007 5290 alacres
3046 5228 3205 5289 circa
3237 5227 3652 5311 pietatem,Vel

2013 5308 2152 5373 illud
2187 5313 2463 5372 omnibus
2504 5312 2729 5370 clarum
2774 5319 2882 5381 est,
2919 5310 3073 5388 quod
3108 5311 3288 5369 sciret
3316 5308 3555 5388 quidem
3588 5319 3651 5369 ut

2012 5393 2497 5469 Deus,ignoraret
2512 5398 2708 5450 autem
2722 5398 2787 5449 ut
2818 5387 3144 5449 honio.Etsi
3168 5387 3656 5449 enim’videretur

290 5470 464 5559 δάν,τὶ
512 5486 576 5540 16
622 5470 940 5561 φαινόμενον
990 5470 1199 5561 χωρίσῃ
1240 5470 1579 5561 τοῦ-γόμου,
1606 5476 1724 5561 ἀλλ’
1756 5470 1902 5561 ἓπειδλ

2019 5474 2120 5533 ille
2152 5479 2433 5561 exceptus
2462 5470 2534 5530 ab
2569 5472 2676 5561 hac
2733 5471 2886 5547 lege,
2922 5470 3331 5559 nihilominus,
3375 5471 3652 5561 quoniam

1011 5551 1033 5579 ἰ)

290 5563 347 5620 δὲ
380 5550 461 5621 ’δι’
517 5548 663 5637 ἧμάξ
723 5548 937 5640 γέγονεν
994 5548 1294 5642 ἓνθρῳᾶτος,
1350 5548 1485 5642 ἴδιόν
1516 5556 1597 5642 “6“;
1651 5556 1902 5635 ἅνθρώπω

2018 5562 2259 5642 propter
2292 5548 2399 5610 nos
2421 5552 2596 5642 homo
2620 5552 2816 5642 lactus
2837 5548 3657 5642 est,propriumquehominis

290 5644 354 5699 τὸ
383 5630 625 5722 ἀγνοεῖν,
659 5630 938 5701 οἰκειοῦται
978 5630 1107 5710 τὴν
1128 5630 1344 5719 ἄγνοιαν
1386 5640 1461 5705 ὡς
1510 5630 1780 5718 ἅνθρωπος
1837 5656 1897 5715 γε

2017 5630 2113 5695 est
2131 5630 2426 5712 ignorare,
2450 5630 2591 5692 hinc
2621 5630 2739 5692 sibi
2757 5636 2824 5692 ut
2852 5630 3083 5722 homini
3129 5630 3527 5722 ignorantiam
3556 5638 3651 5689 at-

294 5720 483 5807 γονῶς,
548 5720 765 5807 ’Ὥσπερ
838 5728 891 5784 ει
964 5732 1013 5785 αἱ
1070 5728 1259 5807 ἡμέραι
1306 5735 1397 5785 τοῦ
1439 5732 1599 5811 Νῶε,
1628 5750 1657 5783 ι
1706 5750 1759 5787 κ.
1792 5748 1842 5801 1,
1876 5722 1929 5787 λ,

2015 5721 2277 5783 tribuere
2300 5718 2987 5783 voluitSutsicutorant
3013 5717 3142 5781 diu
3162 5716 3313 5795 Noe,
3350 5742 3381 5777 ι
3414 5726 3534 5782 σω.
