4106 6280
475 307 590 369 423

1067 434 1308 496 CAPUT
1355 433 1526 495 XXV.

1418 304 2012 369 THEOPHYLACTI
2057 305 2494 367 BULGARIE
2540 307 2893 370 ARCHIEP.

3742 312 3847 373 424

2820 434 3232 504 ΚΕΦΑΛ.ΚΕᾏ

475 525 560 584 De
588 526 793 586 decem
826 520 1501 613 virginibusfarqbolo
1531 541 1734 613 eorum
1757 527 1864 613 qui
1885 529 2110 587 talenta

2204 533 2327 609 Περὶ
2394 535 2498 613 τῷν
2553 531 2676 586 δέκα
2746 533 3034 610 παρθένων.
3121 537 3247 613 Περὶ
3300 541 3405 592 τῶν
3475 537 3540 592 τὰ
3625 531 3848 590 τάλαντα

747 611 1126 682 acceperunt.
1163 605 1251 665 De
1281 605 1546 664 adventu
1577 604 1834 666 Christi.

559 707 746 765 Vens.
787 705 910 766 1-5.
952 726 974 759 a
1003 703 1169 764 Tunc
1200 703 1619 766 assimilabitnr
1648 722 1894 782 regnum
1929 705 2118 765 emto-

476 812 607 855 rum
636 794 839 854 decem
874 792 1214 871 virginibus,
1269 811 1398 872 quae
1444 792 1693 870 sumptis
1747 791 2116 869 lampadibus

480 884 616 946 156
643 883 764 944 suis
792 883 1060 942 exierunt
1111 883 1169 942 in
1226 900 1534 941 occursum
1571 899 1803 960 sponso.
1845 879 2114 958 Quinque

475 982 668 1032 autem
704 991 770 1031 ex
807 971 922 1030 illis
949 980 1114 1031 erant
1145 971 1487 1050 prudentes,
1517 979 1572 1029 et
1602 969 1865 1046 quinque
1916 969 2106 1028 fatuae.

474 1060 615 1132 Quae
644 1068 814 1120 erant
859 1060 1050 1133 fatuae,
1085 1059 1344 1139 acceptis
1402 1058 1769 1138 lampadibus
1809 1061 1952 1128 suis,
1991 1077 2106 1118 non

474 1147 1046 1226 acceperantoleum
1077 1166 1312 1209 secum:
1351 1148 1675 1226 prudentes
1718 1165 1853 1206 vero
1898 1164 2106 1223 sump-

474 1235 894 1296 serantoleum
929 1238 987 1296 in
1022 1237 1172 1296 vasis
1198 1237 1341 1302 suis,
1378 1255 1492 1295 una
1545 1254 1676 1294 cum
1711 1234 2102 1313 lampadibus.

474 1322 772 1385 Tardante
829 1341 967 1382 vero
1019 1343 1236 1403 sponso
1287 1324 1756 1384 dormitaverunt
1796 1341 2003 1382 omnes
2041 1340 2109 1382 an

473 1411 867 1473 dei-mierunt.
907 1435 934 1468 υ
983 1413 1106 1472 Sub
1168 1432 1418 1492 persona
1463 1412 1772 1489 virginum
1832 1410 2106 1489 proponit

471 1501 748 1580 parabola
793 1501 866 1560 de
923 1501 1336 1581 eleemosyna:
1376 1510 1436 1561 ut
1491 1502 1768 1578 quoniam
1831 1516 2105 1577 magnum

470 1607 621 1666 opus
665 1594 755 1649 est
809 1587 1136 1666 virginitas,
1174 1607 1246 1649 ne
1272 1589 1403 1668 quis
1435 1588 1575 1648 illud
1636 1606 1818 1647 unum
1871 1605 2109 1658 curans,

471 1677 581 1737 alia
616 1675 898 1753 negligat,
935 1678 1035 1738 sed
1067 1677 1250 1738 discat
1281 1679 1435 1756 quod
1468 1675 1692 1754 absque
1743 1676 2116 1754 eleemosyna

2361 608 2656 672 λαϐόντων.
2705 608 2832 690 Περὶ
2869 611 2963 680 τῆς
3009 608 3262 677 ἐλεύσεως
3305 621 3396 672 τοῦ
3439 623 3690 692 Χριστοῦ.

2288 723 2312 758 ι
2362 704 2492 760 Τότε
2522 706 2908 779 ὁμοιωθήσεται
2960 707 2994 774 ἡ
3054 705 3293 783 βασιλεία
3323 713 3428 764 τῶν
3472 711 3703 786 οὐρανῶν
3733 706 3851 763 δέκα

2197 791 2495 872 παρθένοις,
2555 793 2752 857 α’ἶτινες
2839 791 3088 850 λαϐοῦσαι
3158 797 3250 858 τὰς
3315 795 3596 872 λαμπάδας
3654 798 3843 869 αὐτῶν,

2197 879 2410 947 ἐξῆλθον
2468 883 2541 945 εἷς
2590 882 2890 949 ἀπάντησιν
2951 883 3044 940 τοῦ
3099 887 3339 963 νυμφίου.
3400 884 3560 941 Πέντε
3613 882 3668 940 δὲ
3719 885 3849 953 ἦσαν

2196 966 2246 1032 ἐξ
2318 973 2487 1027 αὐτῶν
2559 971 2824 1049 φρόνιμοι,
2885 973 2972 1028 καὶ
3030 974 3080 1027 αἱ
3139 973 3294 1028 πέντε
3370 975 3544 1053 μωραί
3576 989 3590 1005 ⁰
3655 973 3850 1050 αξίτινις

2193 1059 2387 1137 μωραὶ,
2447 1055 2698 1115 λαϐοῦσαι
2750 1060 2842 1122 τὰς
2912 1058 3192 1135 λαμπάδας
3251 1061 3446 1137 αὐτῶν,
3507 1061 3603 1118 οὒκ
3663 1059 3847 1120 ἔλαϐον

2191 1146 2307 1220 μεθ’
2351 1147 2545 1202 ἑαυτῶν
2591 1147 2765 1204 ἔλαιον
2797 1165 2812 1180 ⁸
2861 1152 2912 1204 αἱ
2954 1147 3009 1204 δὲ
3051 1149 3294 1228 φρόνιμοι
3337 1148 3526 1207 ἔλαϐον
3570 1151 3745 1206 ἔλαιον
3788 1151 3841 1205 ἐν

2189 1247 2306 1295 τοῖς
2377 1235 2607 1312 ἀγγείοις
2678 1235 2850 1292 αὐτῶν
2903 1239 3037 1310 μετά
3115 1260 3221 1294 των
3292 1237 3583 1312 λαμπάδων
3637 1238 3848 1299 αὒνεῶν.ι

2191 1323 2557 1401 Χρονίζοντος,
2613 1322 2669 1379 δὲ
2747 1335 2840 1383 τοῦ
2895 1326 3134 1405 νυμφίου,
3192 1326 3474 1392 ἐνύσταξαν
3532 1334 3700 1382 πᾶσαι
3757 1348 3821 1382 κα

2190 1410 2481 1471 ἐκάθευδον.
2551 1437 2576 1467 ι
2641 1410 2762 1471 Ἐπὶ
2803 1424 2894 1472 τοῦ
2949 1416 3234 1492 προσώπου
3263 1416 3370 1471 τῶν
3400 1415 3670 1494 παρθένων
3702 1439 3841 1494 σχη-

2194 1501 2401 1575 ματίζει
2447 1500 2544 1567 τὴν
2574 1504 2690 1578 περὶ
2734 1501 3096 1578 ἐλεημοσύνης
3127 1502 3460 1584 παραϐολὴν,
3512 1503 3605 1560 ’ίνα
3655 1504 3842 1570 ἐπειδὴ

2195 1588 2334 1666 μέγα
2376 1587 2596 1667 πρᾶγμά
2653 1590 2786 1664 ἐστι,
2849 1593 2926 1666 μὴ
2996 1600 3148 1648 τοῦτο
3205 1593 3368 1667 μόνον
3439 1596 3707 1671 κατορθῶν
3747 1615 3843 1664 τις,

2199 1675 2372 1752 ἁμελῇ
2403 1685 2506 1732 τῶν
2533 1675 2708 1734 ἄλλων
2743 1699 2756 1712 ·
2811 1678 2948 1734 ἀλλὰ
2998 1681 3227 1754 μάνθανε
3256 1682 3330 1745 ὡς
3359 1679 3456 1747 τῆς
3487 1679 3846 1754 ἐλεημοσύνης

476 1765 646 1825 etiam
681 1766 933 1843 virgines
964 1785 1093 1825 cum
1127 1767 1335 1826 scortis
1394 1765 1728 1843 ejicientur.
1767 1765 1973 1826 Merito
2006 1785 2110 1823 au-

2200 1767 2394 1843 χωρὶς,
2427 1763 2524 1820 κᾶν
2557 1768 2833 1842 παρθενίαν
2891 1767 3052 1846 ἔχῃς,
3115 1771 3250 1841 μετὰ
3281 1773 3488 1846 πορνῶν
3517 1765 3844 1844 ἐκϐληθήσῃ,

476 1862 590 1914 tem
626 1855 724 1932 qui
755 1855 1162 1933 compassione
1204 1865 1450 1924 caret'et
1483 1854 1903 1920 misericordia,
1941 1853 2110 1932 ejici-

2201 1855 2430 1915 Εἰκότως
2488 1852 2542 1908 δὲ
2600 1857 2628 1910 6
2686 1855 3002 1930 ἀσυμπαθὴς
3050 1858 3137 1913 καὶ
3165 1855 3478 1930 ἀνελεήμων
3508 1855 3843 1932 ἐκϐάλλεται,

477 1950 594 2019 tur,
632 1943 811 2004 etiam
839 1945 887 2002 si
921 1943 1080 2020 virgo
1113 1943 1210 2006 sit.
1243 1943 1517 2005 Scortum
1545 1943 1702 2003 enim
1736 1943 1806 2001 ab
1846 1941 2077 2003 all'ectio

475 2048 549 2090 ne
583 2030 879 2108 tyrannica
903 2042 1264 2109 extinguatur
1290 2042 1347 2092 et
1380 2032 1649 2103 naturali,
1687 2029 2114 2090 immisericors

479 2127 676 2178 autem
711 2137 744 2178 a
773 2118 1016 2180 divitiis.
1049 2118 1276 2190 Quanto
1306 2121 1478 2196 igitur
1509 2119 1800 2179 inﬁrmius
1831 2118 1926 2178 cui
1950 2118 2114 2177 oblu-

477 2207 776 2279 claudum,
814 2213 974 2267 tanto
1001 2207 1213 2286 minori
1237 2209 1402 2267 Venia
1433 2209 1645 2284 dignus
1677 2216 1766 2267 est
1797 2207 1892 2285 qui
1923 2225 2112 2285 expu-

475 2303 687 2371 gnatur
716 2294 791 2354 ab
815 2294 1065 2354 avaritiae
1099 2296 1324 2358 morbo.
1360 2295 1428 2355 Et
1459 2297 1670 2355 stultus
1721 2296 1960 2374 quidem
2001 2303 2109 2367 est,

473 2382 577 2460 qui
609 2383 784 2442 vincit
811 2385 1075 2442 naturale
1102 2383 1470 2460 incendmm,
1509 2394 1565 2444 et
1593 2384 1846 2443 vincitur
1875 2403 1907 2443 a
1939 2401 2114 2462 parva

474 2471 860 2550 pecuniarum
897 2471 1216 2550 cupiditate.
1245 2490 1311 2532 ac
1345 2473 1575 2534 morbo.
1634 2472 1980 2533 Dormitatio
2027 2480 2114 2531 est

478 2577 662 2619 mors.
696 2558 848 2618 Mors
877 2569 1071 2618 autem
1094 2561 1298 2637 sponsi
1331 2560 1568 2634 dicitur,
1607 2560 1743 2640 quia
1768 2580 1883 2620 non
1916 2561 2112 2621 statim

474 2647 770 2708 secundus
799 2647 1078 2708 adventus
1111 2648 1193 2710 ﬁt.

554 2747 732 2810 Vens.
763 2748 939 2808 6-15.
976 2748 1192 2810 «Porro
1226 2749 1420 2809 medio
1453 2750 1641 2810 noctis
1673 2749 1896 2809 clamor
1926 2749 2113 2809 factus

477 2844 563 2899 est
599 2856 612 2895 :
650 2837 804 2898 Ecce
834 2854 1087 2915 sponsus
1114 2838 1292 2907 venit,
1347 2838 1501 2899 exite
1549 2838 1781 2898 obviam
1834 2837 1910 2898 ei.
1950 2837 2116 2897 Tunc

475 2933 857 2986 surrexerunt
887 2943 1096 2984 omnes
1132 2925 1385 3002 virgines
1430 2927 1568 3005 illae,
1605 2936 1660 2987 et
1683 2935 2117 3006 apparaverunt

476 3013 776 3093 lampades
793 3011 1160 3074 suas.Fatu:.e
1191 3023 1385 3076 autem
1414 3015 2110 3095 prudentibusdixerunt:

2197 1941 2294 1996 κᾶν
2349 1942 2603 2018 παρθένος
2659 1943 2750 2009 εἴη
2784 1960 2799 1975 ·
2851 1945 2878 1998 6
2934 1943 3030 2018 μὲν
3083 1945 3181 2022 γὰρ
3237 1945 3430 2022 πόρνος
3499 1945 3691 2009 πάθους
3747 1947 3846 2011 ἠτ-

2196 2031 2333 2098 τήθη
2390 2038 2694 2108 τυραννικοῦ
2747 2053 2805 2087 τε
2861 2033 2953 2087 καὶ
3002 2039 3221 2111 φυσικοῦ
3255 2051 3271 2068 ⁶
3341 2036 3368 2088 6
3426 2031 3480 2089 δὲ
3538 2032 3845 2107 ἀνελεήμων

2197 2117 2519 2197 χρημάτων,
2584 2112 2750 2194 "Corp
2793 2123 2883 2176 οὖν
2939 2123 2967 2176 6
3027 2121 3427 2199 ἀνταγωνιστὴς
3484 2122 3846 2200 ἀσθενέστερος

2196 2208 2431 2279 τοσούτῳ
2480 2207 2869 2288 ἀσυγχώρητος
2915 2211 2942 2264 6
2987 2212 3227 2276 νικηθεὶς
3278 2211 3379 2266 ὑπὸ
3427 2218 3521 2266 τοῦ
3550 2216 3648 2278 τῆς
3693 2211 3846 2290 φιλο-

2197 2298 2506 2372 χρηματίας
2551 2299 2746 2363 πάθους
2781 2313 2794 2327 ⁸
2829 2300 2917 2354 καὶ
2963 2301 3140 2377 μωρὸς
3172 2297 3226 2354 δὲ
3257 2301 3283 2355 6
3331 2306 3566 2362 τοιοῦτος
3612 2297 3680 2354 δι’
3727 2300 3848 2355 αὐτὸ

2196 2384 2374 2458 τοῦτο,
2436 2387 2497 2440 τὸ
2553 2391 2774 2452 νικῆσαι
2820 2388 2918 2461 μὲν
2977 2391 3204 2466 φυσικήν
3246 2389 3502 2462 πύρωσιν,
3559 2390 3846 2456 ἡττηθῆναι

2196 2469 2251 2526 δὲ
2299 2480 2392 2528 τοῦ
2450 2477 2638 2552 μικροῦ
2695 2479 2889 2537 πάθους
2945 2477 3052 2531 τῶν
3134 2477 3433 2554 χρημάτων
3469 2491 3483 2506 ⁸
3547 2480 3848 2554 νυσταγμὸς

2197 2558 2273 2635 δὲ,
2331 2563 2358 2616 6
2413 2563 2659 2626 θάνατος,
2742 2567 3040 2640 Χρονισμὸς
3099 2562 3152 2620 δὲ
3223 2573 3313 2621 τοῦ
3373 2566 3614 2646 νυμφίου,
3657 2567 3714 2623 τὸ
3771 2565 3847 2640 μὴ

2196 2650 2471 2724 συντόμως
2502 2653 2730 2728 γίνεσθαι
2757 2655 2855 2719 τὴν
2883 2652 3127 2731 δευτέραν
3156 2655 3466 2732 παρουσίαν.

2284 2763 2312 2793 α
2343 2739 2522 2806 Μέσης
2554 2739 2609 2796 δὲ
2640 2744 2824 2805 νυκτὸς
2871 2743 3078 2822 κραυγὶ·⁸
3117 2742 3356 2820 γέγονεν·
3418 2741 3544 2800 Ἰδοὺ
3573 2745 3600 2798 6
3624 2743 3840 2820 νυμφίος

2200 2827 2440 2906 ἔρχεται,
2469 2828 2742 2907 ἐξέρχεσθε
2795 2831 2866 2893 εἷς
2911 2831 3209 2896 ἀπσίντησιν
3262 2833 3440 2890 αὐτοῦ.
3494 2831 3619 2887 Τότε
3672 2829 3836 2906 ἠγέρ-

2197 2919 2365 2982 θησαν
2419 2923 2584 2972 πᾶσαι
2641 2921 2691 2973 αἱ
2733 2918 2979 2995 παρθένοι
3011 2919 3236 2992 ἐκεῖναι,
3271 2922 3360 2974 καὶ
3392 2918 3689 2994 ἐκόσμησαν
3739 2920 3836 2980 τὰς

2201 3002 2479 3078 λαμπάδας
2534 3009 2727 3078 αὐτῶν,
2792 3009 2842 3060 αἱ
2902 3004 2956 3061 δὲ
2992 3009 3166 3085 μωραὶ
3208 3021 3331 3070 ταῖς
3363 3009 3631 3086 φρονίμοις
3661 3006 3839 3062 εἷπον·

474 3087 617 3164 Date
645 3101 816 3161 nobis
847 3101 918 3160 de
949 3104 1080 3161 oleo
1109 3113 1328 3176 vestro,
1361 3087 1499 3180 quia
1545 3104 1845 3182 lampades
1900 3112 2110 3162 nostrae

2203 3096 2333 3148 Δότε
2362 3095 2498 3168 ἡμῖν
2528 3093 2588 3149 ἐκ
2618 3101 2708 3148 τοῦ
2737 3093 2914 3150 ἐλαίου
2942 3096 3112 3174 ὑμῶν,
3146 3094 3225 3151 ὅτι
3256 3100 3309 3152 αἱ
3370 3095 3639 3171 λαμπάδες
3690 3097 3843 3169 ἡμῶν

397 3241 403 3250 κ
478 3192 949 3267 esxtinguuntur.
987 3191 1058 3250 Et
1096 3193 1535 3270 responderunt
1559 3193 1882 3273 prudentes
1905 3191 2113 3251 dicen-

477 3281 1086 3358 tes:Nequaquam,ne
1108 3298 1224 3340 non
1253 3282 1502 3342 suiliciat
1532 3282 1702 3342 nobis
1724 3290 1782 3342 et
1802 3278 2111 3340 vobis.Sed

474 3367 554 3429 ite
584 3367 778 3446 potius
809 3367 880 3426 ad
912 3383 1012 3427 eos
1035 3369 1134 3447 qui
1158 3369 1439 3450 vendunt,
1468 3379 1526 3430 et
1557 3371 1734 3431 emite
1767 3367 2106 3448 vobisipsis.

475 3458 659 3518 Porro
683 3455 821 3515 dum
860 3454 1014 3514 irent
1053 3467 1338 3534 emptum,
1371 3459 1534 3518 venit
1581 3476 1855 3537 sponsus,
1890 3465 1947 3516 et
1985 3475 2116 3536 qua;

477 3550 691 3626 parata;
720 3550 908 3614 erant,
941 3543 1304 3606 intraverunt
1336 3565 1468 3606 cum
1495 3565 1564 3606 eo
1588 3547 1657 3606 ad
1680 3547 1916 3626 nuptias
1947 3546 2113 3605 clau-

476 3651 656 3712 saque
688 3638 771 3691 est
797 3632 1010 3709 janua.
1061 3630 1269 3695 Postea
1299 3653 1434 3695 vero
1466 3636 1705 3695 veniunt
1757 3643 1815 3695 et
1873 3634 2116 3713 reliquae

428 3787 440 3794 _
477 3723 758 3797 virgines,
790 3720 1057 3779 dicentes
1093 3741 1105 3781 :
1143 3723 1411 3794 Domine,
1448 3722 1894 3801 Domine,aperi
1921 3723 2112 3782 nobis.

480 3813 554 3874 At
576 3810 675 3870 ille
700 3810 1067 3888 respondens
1087 3809 1188 3887 ait,
1209 3811 1399 3872 Amen
1429 3812 1562 3872 dico
1596 3812 1780 3884 vobis,
1813 3830 1928 3870 nou
1980 3809 2115 3870 novi

481 3918 603 3960 vos.
632 3898 879 3976 V'igilate
909 3898 1127 3978 itaque,
1161 3901 1294 3979 quia
1318 3902 1554 3961 nescitis
1585 3901 1738 3961 diem
1775 3918 1967 3979 neque
1998 3899 2110 3959 bo-

475 4007 600 4049 ram
628 4006 743 4067 qua
774 3985 958 4046 Filius
990 3988 1246 4050 hominis
1276 3990 1534 4051 veniet.»
1552 3989 1748 4050 Media
1778 3999 1946 4050 nocte
1969 3988 2112 4049 dicit

2200 3179 2523 3240 σϐέννυνται.
2593 3180 2978 3260 Ἀπεκρίθησαν
3035 3182 3090 3238 δὲ
3141 3185 3192 3240 αἱ
3248 3185 3516 3265 φρόνιμοι,
3579 3183 3842 3262 λέγουσαν

2198 3271 2418 3338 Μήποτε
2463 3269 2556 3326 οὐκ
2611 3271 2810 3349 ἀρκέσῃ
2865 3273 2996 3347 ὑμῖν
3068 3274 3157 3328 καὶ
3227 3275 3387 3348 ἡμῖν.
3449 3274 3731 3352 Πορεύεσθε
3793 3269 3847 3327 δὲ

2197 3356 2400 3432 μᾶλλον
2473 3359 2604 3436 πρὸς
2667 3360 2788 3423 τοὺς
2845 3358 3177 3435 πωλοῦντας,
3237 3362 3325 3417 καὶ
3373 3362 3666 3440 ἀγοράσατε
3724 3361 3849 3417 ἑαυ-

2195 3459 2340 3510 ταῖς,
2419 3445 2837 3527 Ἀπερχομένων
2914 3447 2969 3504 δὲ
3040 3450 3210 3506 αὐτῶν
3263 3451 3540 3529 ἆγοράσαὶ,
3599 3449 3756 3518 ἦλθεν
3823 3452 3851 3505 6

2197 3535 2437 3613 νυμφίος,
2507 3537 2596 3591 καὶ
2640 3539 2690 3591 αἱ
2734 3535 2936 3612 ἕτοιμοι
2996 3536 3236 3604 εἰσῆλθον
3292 3539 3408 3613 μετ’
3441 3541 3596 3596 αὐτοῦ
3627 3541 3702 3603 εἰς
3730 3541 3852 3602 τοὺς

2197 3623 2424 3699 γάμους,
2484 3625 2572 3680 καὶ
2613 3623 2855 3691 ἐκλεὶσθη
2913 3627 2948 3692 ἡ
3007 3627 3154 3703 θύραο
3214 3625 3428 3705 ὕστερον
3491 3625 3545 3683 δὲ
3602 3627 3851 3708 ἔρχονται

2201 3714 2286 3767 καὶ
2340 3715 2393 3767 αἱ
2448 3711 2627 3769 λοιπαὶ
2690 3714 2979 3796 παρθένοι,
3058 3715 3358 3793 λέγουσαι·
3431 3718 3605 3796 Κύριε,
3671 3719 3852 3796 Κύριε,

2200 3798 2406 3865 ἄνοιξον
2461 3803 2622 3876 ἡμῖν,
2688 3793 2744 3859 Ὀ
2803 3803 2857 3858 δὲ
2915 3805 3213 3882 ἀποκριθεὶς
3257 3805 3414 3861 εἶπεν
3447 3821 3462 3834 '
3499 3793 3670 3882 Ἀμην
3708 3793 3854 3883 λέγω

2195 3890 2346 3963 ὑμῖν,
2411 3892 2505 3946 οὐκ
2552 3889 2676 3946 οἶδα
2732 3892 2889 3966 ὑμᾶς.
2941 3899 3262 3972 Γρηγορεῖτε
3294 3893 3407 3974 οὖν,
3439 3892 3519 3949 ὅτι
3552 3893 3646 3951 οὒκ
3669 3893 3853 3950 οἴδατε

2192 3977 2290 4045 τὴν
2319 3978 2523 4057 ἡμέραν
2579 3977 2693 4037 οὐδὲ
2739 3981 2838 4046 τὴν
2909 3981 3046 4059 ὥραν
3095 3983 3148 4036 ἐν
3206 3983 3233 4036 6
3277 3984 3391 4045 Υἱὸς
3437 3993 3530 4043 τοῦ
3572 3983 3852 4062 ἀνθρώπου

471 4066 789 4136 clamorem
825 4075 1041 4147 tieri,ut
1072 4079 1345 4138 ostendat
1375 4079 1529 4158 quod
1561 4079 1647 4138 sic
1677 4077 2108 4157 inexspectatus

2200 4066 2437 4146 ἔρχεται.
2478 4093 2502 4126 υ
2541 4070 2820 4135 Μεσούσης
2874 4071 2972 4135 τῆς
3013 4072 3197 4134 νυκτὸς
3257 4069 3399 4148 λέγει
3426 4075 3658 4150 κραυγὴν
3689 4073 3850 4150 γενέ-

466 4164 662 4225 veniat
693 4162 1170 4243 Dominus,quasi
1201 4154 1408 4227 media
1430 4177 1599 4228 nocte
1627 4186 1832 4228 omnes
1849 4154 2108 4227 dormiav

2200 4159 2334 4235 σθ..ι,
2385 4157 2477 4212 ’ἱνα
2547 4154 2686 4233 δείξῃ
2731 4157 2812 4212 ὃτι
2873 4157 3184 4222 ἀνέλπιστος
3243 4157 3458 4240 ἔρχεται
3516 4164 3544 4217 ὁ
3629 4164 3848 4241 Κύριος,

471 4271 602 4314 mus
638 4252 927 4333 profunda
960 4271 1164 4313 somno
1197 4259 1269 4318 At
1298 4275 1429 4317 cum
1462 4256 1719 4317 clamore
1747 4257 1926 4328 venit,
1966 4255 2108 4317 tuba

2200 4243 2368 4323 ὥσπερ
2455 4249 2796 4310 μεσονυκτίου
2877 4249 3069 4311 πάντες
3148 4247 3251 4316 ἤδη
3323 4248 3636 4326 καθεύδομεν
3690 4251 3852 4327 βαθεῖ

468 4332 895 4404 enimsonabit
924 4341 983 4401 in
1022 4345 1284 4405 secundo
1317 4345 1595 4408 adventu.
1643 4345 1971 4424 Lampadas
2000 4363 2104 4404 au-

2200 4333 2355 4406 invcp.
2415 4332 2584 4390 Ἀλλὰ
2633 4336 2769 4410 μετὰ
2840 4343 3073 4417 κραυγῆς
3143 4337 3406 4418 ἔρχεται·
3461 4340 3685 4418 σάλπιγξ
3749 4344 3850 4419 γὰρ

465 4439 583 4492 tem
617 4431 825 4491 animae
857 4439 1158 4510 nostra2,et
1183 4433 1648 4512 uniuscujusque
1684 4421 1850 4492 mens
1883 4431 2110 4510 lampas

2200 4421 2395 4501 ἠχήσει
2453 4423 2508 4479 ἐν
2565 4445 2632 4499 τῃ
2698 4423 2910 4504 δευτέρα
2966 4430 3224 4504 παρουσίᾳ
3260 4447 3276 4463 ⁸
3318 4426 3590 4504 λαμπάδες
3644 4427 3728 4509 δὲ,
3761 4437 3851 4490 καὶ

473 4529 720 4598 est,quze
751 4529 887 4579 tunc
910 4520 1518 4600 accenditur,uuando
1541 4522 1923 4583 babetoleum
1939 4521 2113 4580 virtu-

467 4615 588 4668 tum
609 4615 665 4666 et
688 4606 1181 4668 misericordiam.
1218 4608 1414 4669 Fatuae
1458 4618 1652 4670 autem
1689 4609 1946 4687 virgines
1975 4608 2109 4669 ideo

467 4696 623 4775 quod
657 4705 793 4755 tunc
821 4695 1126 4774 requirant
1147 4696 1510 4769 oleum,cum
1536 4717 1652 4757 non
1669 4698 1744 4757 sit
1763 4695 2108 4773 negotiandi

468 4785 912 4862 tempus.Porro
934 4784 1252 4861 prudentes
1277 4786 1500 4865 dicunt,
1533 4783 1618 4845 Ne
1640 4785 1788 4846 torte
1813 4803 1929 4845 non
1953 4784 2110 4844 sufﬁ-

466 4871 581 4933 ciat
605 4870 776 4932 nobis
807 4879 864 4931 et
895 4871 1079 4932 vobis.
1115 4870 1316 4933 Virtus
1347 4874 1504 4934 enim
1558 4872 1809 4952 proximi
1853 4874 1968 4932 mei
2017 4872 2109 4932 vix

2195 4515 2244 4566 αἱ
2299 4513 2467 4592 ψυχαὶ
2511 4514 2689 4592 ἡμῶν,
2741 4517 2828 4571 καὶ
2882 4516 2910 4570 ό
2966 4524 3084 4580 νοῦς
3141 4517 3364 4574 ἑκάστου
3406 4519 3630 4594 λαμπάς
3676 4518 3850 4576 ἐστιν·

2195 4598 2310 4666 ἥτις
2367 4601 2487 4655 τότε
2547 4601 2855 4680 ἀνάπτεεαι,
2890 4601 2978 4660 ὅτε
3025 4604 3142 4684 ἔχει
3187 4609 3248 4663 τὸ
3277 4614 3382 4662 τῶν
3421 4607 3619 4686 ἀρετῶι
3667 4607 3851 4666 ἔλαιον

2194 4691 2280 4744 καὶ
2337 4690 2437 4755 τὴν
2486 4687 2851 4766 ἐλεημοσύνην
2963 4697 3136 4773 μωραὶ
3187 4694 3242 4750 δὲ
3295 4696 3445 4761 ὄντος
3477 4699 3604 4753 εἰσὶν
3634 4699 3685 4752 αἱ
3717 4719 3855 4777 παρη

2192 4777 2328 4833 θένοι
2383 4779 2471 4833 καὶ
2512 4782 2650 4835 κατά
2691 4791 2870 4856 τοῦτο,
2930 4787 3060 4839 καθὸ
3117 4785 3238 4841 τότε
3289 4785 3503 4857 ἐζήτουν
3549 4788 3612 4842 τὸ
3639 4785 3847 4863 ἔλαιον,

2192 4865 2279 4922 ὅτε
2336 4869 2429 4926 οὐκ
2480 4865 2554 4924 ἔτι
2637 4871 2824 4947 καιρὸς
2882 4878 3268 4950 πραγματείας,
3350 4877 3412 4932 Δί
3491 4874 3546 4931 δὲ
3600 4875 3853 4956 φρόνιμοί

466 4959 898 5022 ευῑίὶοἱιιιὶιιὶειό
920 4960 1584 5034 defensionem,tantum
1600 4961 1767 5022 abest
1788 4973 1852 5021 ut
1868 4961 2105 5022 etmibi.

2200 4977 2317 5035 φασι
2355 4975 2370 4991 ·
2433 4958 2657 5026 Μήποτε
2711 4961 2808 5016 οὐκ
2860 4958 3058 5039 ἀρκέσῃ
3112 4964 3247 5039 ημῖν
3305 4966 3394 5021 καὶ
3445 4966 3600 5040 ὑμῖν.
3651 4958 3714 5021 Ἠ
3749 4968 3851 5045 γὰρ

465 5051 548 5112 Ex
581 5051 703 5112 suis
725 5049 884 5112 enim
917 5049 1134 5130 quique
1165 5051 1444 5130 operibus
1467 5049 2107 5130 justiﬁcabuntur,non

2200 5045 2354 5123 ἀρετὴ
2413 5051 2506 5101 τοῦ
2562 5045 2786 5113 πλησίον
2859 5071 2962 5124 μου
3019 5051 3171 5126 μόλις
3205 5052 3415 5131 ἀρκέσει
3471 5055 3656 5129 ἐκείνῳ
3712 5057 3850 5132 πρὸς

464 5138 890 5220 proximorum.
918 5140 1030 5200 Sed
1065 5138 1234 5200 fatuae
1262 5141 1332 5199 ad
1367 5140 1691 5200 vendentes
1721 5138 1964 5211 abeunt,
1997 5138 2109 5198 hoc

2200 5133 2499 5214 ἀπολογίαν,
2561 5138 2692 5212 μήτι
2744 5160 2805 5216 γε
2853 5141 2941 5195 καὶ
2995 5141 3116 5216 ἐμοί
3149 5159 3165 5176 ο
3224 5141 3444 5208 ἕκαστος
3491 5144 3591 5222 γὰρ
3621 5143 3682 5199 ἐκ
3737 5145 3851 5201 τῶν

465 5239 577 5299 est,
600 5228 672 5288 ad
702 5228 1304 5306 pauperes.Caeterurn
1332 5229 1485 5308 quod
1518 5228 1650 5290 dico
1675 5229 1834 5289 hunc
1866 5245 2103 5288 sensum

2200 5223 2353 5302 ἔργων
2409 5225 2566 5281 αὐτοῦ
2622 5224 3055 5310 δικαιθωήσεται,
3106 5232 3228 5311 οὒχὶ
3279 5238 3383 5289 τῶν
3440 5242 3535 5291 τοῦ
3586 5231 3846 5300 πλησίον,

463 5314 675 5376 habet:
702 5314 1068 5375 l’mnitudine
1087 5317 1385 5376 ducuntur
1423 5316 1615 5398 fatuae,
1642 5335 1712 5377 eo
1744 5317 1900 5396 quod
1935 5315 2101 5377 elee-

2200 5312 2336 5402 Ἀλλξ
2394 5317 2444 5370 αἱ
2499 5317 2673 5393 μωραὶ
2731 5319 2862 5396 πρὸς
2920 5320 3042 5382 τοὺς
3111 5321 3419 5402 πωλοῦντας
3477 5321 3844 5402 ἀπέρχονται,

465 5419 768 5479 mosynam
821 5419 938 5462 non
987 5403 1278 5464 fecerint:
1314 5411 1370 5464 et
1412 5422 1569 5465 nunc
1616 5405 1872 5484 primum
1906 5403 2104 5466 sciunt

2200 5399 2442 5480 τουτέστι,
2503 5405 2635 5481 πρὸς
2687 5405 2809 5468 τοὺς
2871 5405 3124 5474 πένητας,
3203 5399 3281 5468 υΟ
3335 5407 3392 5465 δὲ
3420 5407 3567 5489 λέγει
3585 5399 3850 5470 ⁷ἰίόιοῖὶτόν

466 5490 622 5570 quod
639 5489 1044 5569 apauperibus
1072 5501 1341 5571 oporteat
1361 5510 1470 5553 nos
1500 5492 1695 5553 oleum
1729 5491 2100 5553 emisse.Hoc

2200 5495 2294 5548 ian
2332 5504 2348 5520 ‘
2407 5491 2810 5567 Μιταμέλονται
2892 5497 2943 5553 αἱ
3001 5501 3174 5578 μωραὶ
3254 5497 3384 5555 διότι
3445 5502 3523 5574 μὴ
3576 5497 3848 5568 ἐποίησαν
