4148 6290
323 310 450 375 429

946 314 1388 378 ENAHRATIO
1434 315 1512 378 IN
1563 315 1826 378 EVANG
1840 313 1991 375 ELIl

2073 368 2074 373 ,
2124 311 2519 375 narrum.
2567 346 2642 359 --
2685 291 2865 376 οΑΡ.’
2915 312 3099 375 xxv.

3591 305 3712 379 43.0

309 448 478 521 νηρὸς
539 450 629 503 καὶ
685 450 911 525 ὀκνηρὸς
964 445 1138 512 ἄλλως
1203 445 1574 525 ἀπολογεῖται,
1621 447 1710 503 καὶ
1797 446 1978 502 ἑαυτοῦ

2073 443 2232 506 multi
2264 442 2572 505 doctorum
2604 443 2828 505 dicunt.
2879 442 3102 504 Durum
3131 441 3372 524 quidem
3399 443 3712 523 requirere

309 533 500 599 ἀξίως,
562 534 806 614 Σκληρὸν
863 536 962 614 γάρ
1011 535 1256 608 ὀνομάζει
1315 538 1406 591 τὸν
1464 534 1754 607 δεσπότην,
1802 535 1980 611 ὥσπερ

313 626 408 678 καὶ
468 622 556 678 νῦν
613 623 802 680 πολλοὶ
861 629 965 679 τῶν
1021 621 1372 679 διδασκόντων
1431 622 1643 700 λέγουσι
1679 641 1693 656 ⁸
1742 621 1983 700 Σκληρόν

317 712 431 768 ἐστι
491 715 552 769 τὸ
614 720 799 784 ζητεῖν
880 712 1021 790 παρᾶ
1090 711 1377 790 ἀνθρώπων
1455 713 1693 779 ὑπακοὴν
1749 713 1837 774 οἷς
1893 715 1984 770 οὒκ

319 798 636 866 ὶνεποίησεν
698 802 727 856 ό
772 803 900 864 Θεὸς
961 801 1021 856 τὸ
1084 802 1341 880 ὑπήκοον,
1387 798 1500 857 οὐδὲ
1545 799 1842 877 ἑνέσπειρεν
1885 799 1982 854 αὖ-

315 903 435 950 τοῖς
481 892 541 946 τὸ
600 889 837 952 εὒπειθᾶς
873 905 887 920 ⁸
953 897 1105 947 τοῦτο
1158 891 1259 968 γὰρ
1317 890 1600 946 αἰνίττεται
1659 889 1743 945 διὰ
1773 891 1865 946 τοῦ
1908 890 1985 944 εἷο

319 991 448 1035 πεῖν
484 996 498 1010 ⁶
547 986 778 1054 Θερζεις
853 981 985 1035 ὃπου
1015 982 1109 1037 οὐκ
1162 978 1434 1058 ἔσπειρας,
1489 977 1780 1053 τουτέστιν,
1838 981 1985 1051 ᾧτινι

321 1067 415 1123 οὐκ
472 1067 778 1145 ὶνέσπειρας
810 1068 872 1122 τὸ
930 1065 1189 1136 εὐπειθὲς,
1245 1067 1497 1130 ἀπαιτεῖς
1534 1067 1657 1142 παρ’
1689 1067 1883 1122 ἐκείνου
1926 1067 1986 1122 τὸ

320 1155 580 1220 εὐπειθές.
645 1154 828 1233 Δὲγων
874 1152 928 1211 δὲ
975 1153 1205 1232 σκληρὸν
1260 1158 1350 1212 τὸν
1397 1155 1660 1221 δεσπότην
1689 1159 1716 1212 6
1774 1153 1982 1225 δοῦλος,

323 1246 512 1301 ἑαυτὸν
569 1246 892 1322 κατακρίνει.
977 1243 1125 1300 Ἐπεὶ
1196 1246 1295 1322 γὰρ
1353 1244 1586 1324 σκληρὸς
1640 1245 1730 1320 ἦν,
1789 1243 1984 1321 ὤφειλε

323 1333 527 1407 μᾶλλον
584 1334 977 1410 ἐπιμελεῖσθαι,
1040 1335 1114 1393 ὣς
1176 1333 1409 1413 σκληρὸν
1467 1335 1555 1391 καὶ
1598 1333 1782 1401 ἀπηνῆ
1838 1332 1984 1412 ἔχων

321 1421 612 1490 δεσπότην.
680 1426 736 1480 El
799 1426 898 1501 γὰρ
977 1424 1044 1480 τὰ
1120 1423 1311 1501 ἑτέρων
1369 1423 1612 1502 ἀπαιτεῖ,
1660 1421 1866 1498 μᾶλλον
1920 1423 1986 1477 τὰ

323 1513 515 1569 ἑαυτοῦ
572 1513 860 1571 ἆπαιτησει
896 1532 910 1546 ·
972 1511 1110 1569 ὥστε
1189 1510 1289 1568 ἔδει
1347 1514 1434 1569 καὶ
1487 1513 1546 1568 σὲ
1599 1511 1884 1568 πλεονάσαι
1955 1507 1984 1560 ὃ

318 1600 536 1672 ἔλαϐες,
597 1603 692 1657 καί
746 1607 969 1668 ποιῆσαι
1013 1603 1277 1681 μαθητὰς,
1335 1602 1425 1681 ἀφ’
1454 1603 1529 1658 ὦν
1587 1602 1864 1678 ἀπῄτησεν
1921 1599 1982 1656 ἃ)

322 1692 384 1745 τὸ
443 1689 811 1786 ὀφειλόμενον-
839 1691 986 1770 (33).
1051 1692 1374 1770 Τραπεζίτας
1435 1693 1535 1786 γὰρ
1571 1693 1692 1755 τοὺς
1739 1691 1980 1765 μαθητὰς
2007 1737 2042 1786 Β

323 1781 598 1859 ὀνομάζει,
656 1783 729 1843 ὡς
787 1779 1169 1856 δοκιμάζοντας
1239 1781 1273 1848 ἢ
1346 1779 1832 1851 ἀποδοκιμάζοντας
1891 1781 1980 1836 τὸν

323 1868 485 1946 λοίγον
523 1891 533 1900 ·
596 1871 754 1927 τόκον
825 1869 878 1925 δὲ
938 1870 1157 1926 ἀπαιτεῖ
1214 1871 1356 1949 παρὰ
1411 1875 1517 1925 τῶν
1589 1871 1841 1944 μαθητῶν
1885 1869 1984 1934 την

322 1959 429 2016 τῶν
479 1959 645 2036 ἔργων
714 1958 978 2024 ἐπίδειξιν.
1073 1950 1128 2016 Ὀ
1201 1961 1297 2038 γὰρ
1375 1962 1644 2034 μαθητης,
1699 1955 1985 2032 λαμϐάνων

325 2049 470 2127 παρά
527 2059 620 2107 τοῦ
673 2047 989 2106 διδασκάλου
1015 2049 1108 2104 τὸν
1151 2047 1333 2126 λόγον,
1392 2047 1511 2126 ἔχει
1545 2048 1640 2122 μὲν
1685 2048 1772 2103 καὶ
1802 2047 1984 2120 αὖτὸν,

2064 531 2136 592 ab
2159 531 2498 593 hominibus
2511 531 3328 614 obedientiam,quibusDeus
3353 551 3470 592 non
3494 530 3710 591 indidit

2067 621 2468 683 obedientiam
2483 630 2539 682 et
2560 622 3248 702 persuasibilitatemJnoc
3265 620 3426 683 enim
3447 619 3709 682 insinuat

2065 711 2272 771 dicens
2302 711 2504 772 :Sletis
2548 711 2646 772 ubi
2686 731 2800 774 non
2825 711 3152 784 seminasti,
3189 710 3301 772 hoc
3324 719 3432 790 est,
3469 710 3564 772 cui
3587 727 3706 770 non

2067 800 2284 862 dedisti
2313 808 2375 861 ut
2407 800 2696 875 obediret,
2734 801 2920 879 exigis
2944 800 3016 860 ab
3056 799 3157 860 illo
3191 809 3254 862 ut
3303 798 3565 862 obediat.
3599 798 3702 861 Di-

2067 906 2208 950 cens
2237 898 2428 950 autem
2457 890 2667 950 durum
2702 890 3010 952 dominum
3043 906 3246 951 servus
3269 889 3532 969 seipsum
3563 907 3706 950 cono

2067 977 2327 1040 demnat.
2362 979 2510 1040 Nam
2549 979 2826 1057 quoniam
2860 979 3043 1039 durus
3087 985 3234 1052 erat,
3288 977 3542 1040 debebat
3571 996 3703 1038 ma-

2065 1065 2153 1144 gis
2185 1067 2438 1146 diligens
2469 1085 2622 1141 esse,
2657 1076 2857 1147 utpote
2906 1067 3118 1127 durum
3169 1077 3227 1128 et
3259 1067 3559 1128 crudelem
3593 1066 3706 1127 do-

2068 1156 2292 1216 minum
2344 1157 2606 1217 sortitus.
2641 1155 2792 1216 Num
2825 1156 2875 1217 si
2906 1157 3098 1218 aliena
3139 1156 3339 1234 exigit,
3378 1156 3559 1216 multo
3584 1173 3708 1216 ma-

2066 1244 2154 1322 gis
2188 1263 2292 1306 sua
2317 1245 2512 1323 exiget
2539 1263 2551 1306 :
2577 1255 2751 1325 atque
2782 1246 2859 1305 ita
2889 1246 3196 1325 oportebat
3226 1253 3282 1307 et
3319 1253 3373 1305 te
3419 1243 3708 1324 multipli-

2068 1350 2204 1394 care
2233 1352 2363 1412 quae
2392 1352 2733 1413 acceperas,
2768 1343 2826 1394 et
2856 1333 3048 1395 facere
3077 1334 3401 1413 discipulos
3431 1352 3464 1394 a
3495 1333 3711 1414 quibns

2068 1421 2332 1482 debitum
2359 1431 2674 1503 repeteret.
2712 1422 3151 1484 Nummularios
3200 1431 3393 1484 autem
3441 1422 3710 1502 discipu-

2067 1510 2156 1571 los
2179 1511 2466 1586 nominat,
2503 1520 2777 1591 tanquam
2800 1530 2902 1572 eos
2938 1511 3039 1591 qui
3068 1511 3322 1591 probent
3369 1520 3471 1572 aut
3499 1529 3709 1592 repro‘

2066 1599 2211 1660 bent
2235 1617 2560 1664 sermones.
2599 1603 2820 1662 Verum
2851 1619 3090 1661 usuram
3136 1601 3313 1677 exigit
3361 1618 3396 1660 a
3445 1600 3709 1680 discipu-

2066 1689 2160 1768 lis,
2194 1708 2440 1768 operum
2471 1690 2702 1751 scilicet
2732 1689 3534 1770 exhibitionem.Discipulus
3551 1690 3711 1751 enim

2065 1797 2098 1837 a
2127 1778 2368 1838 doctore
2399 1795 2735 1840 sermonem
2764 1777 3092 1857 accipiens,
3123 1777 3302 1839 habet
3337 1777 3580 1857 quidem
3633 1779 3711 1839 il-

2069 1865 2189 1926 lum
2221 1874 2281 1926 et
2312 1867 2507 1928 reddit
2547 1866 2866 1945 integrum,
2903 1865 3068 1927 addit
3117 1875 3315 1928 autem
3347 1875 3404 1928 et
3444 1885 3710 1940 usuram,

2069 1953 2210 2015 boni
2240 1955 2672 2034 operationem.
2702 1954 2957 2016 Tollitur
2987 1955 3183 2035 itaque
3215 1974 3250 2015 a
3279 1956 3433 2016 malo
3459 1965 3516 2017 et
3545 1956 3716 2035 segni

2070 2062 2239 2104 servo
2269 2043 2631 2116 donnm.Qui
2656 2045 2814 2105 enim
2837 2043 3062 2104 donum
3096 2044 3335 2125 aliquod
3368 2045 3428 2106 in
3459 2045 3715 2106 aliorum

322 2139 414 2193 καὶ
456 2136 774 2193 ἀποδίδωσιν
806 2139 962 2194 αὐτὸν
1005 2137 1300 2214 ὀλόκληρον
1334 2155 1349 2170 ο
1401 2133 1714 2214 προσδίδωσι
1768 2134 1822 2192 δὲ
1891 2140 1980 2193 καὶ

2073 2131 2373 2192 utilitatem
2396 2133 2766 2210 accepit,nec
2788 2151 2858 2193 eo
2890 2132 3246 2213 utitur,illud
3264 2132 3441 2194 etiam
3475 2133 3667 2213 perdit
3697 2153 3709 2194 :

323 2228 486 2282 τόκον
533 2228 636 2293 τὴν
699 2227 946 2304 ἐργασίαν
1019 2232 1111 2282 τοῦ
1167 2227 1388 2303 ἀγαθοῦ.
1459 2224 1676 2302 Αῗρεται
1732 2227 1818 2304 οὖν
1876 2225 1982 2280 ἀπὸ

329 2322 424 2370 τοῦ
481 2323 712 2390 πονηροῦ
755 2303 843 2370 καὶ
885 2315 1114 2392 όκνηροῦ
1154 2312 1339 2370 δούλου
1368 2316 1427 2369 τὸ
1487 2314 1746 2392 χάρισμα.
1799 2303 1855 2370 ’0
1887 2313 1985 2389 γὰρ

332 2399 511 2459 λαϐὼν
555 2404 794 2482 χάρισμά
835 2425 885 2459 τι
957 2404 1030 2467 είς
1079 2404 1142 2458 τὸ
1195 2402 1468 2482 ὠφελῆσαι
1520 2401 1736 2480 ἄλλους,
1780 2404 1868 2458 καὶ
1911 2402 1989 2476 μὴ

330 2491 666 2571 κεχρημένος
699 2493 890 2570 τούτῳ,
943 2493 1032 2546 καὶ
1080 2491 1207 2546 αὐτὸ
1251 2489 1537 2547 ἀπόλλυσιν
1572 2508 1586 2523 ⁶
1633 2493 1661 2546 6
1691 2488 1746 2545 δὲ
1776 2489 1992 2546 πλειονα

334 2578 561 2648 σπουδὴν
636 2579 1025 2658 ποιησάμενος,
1109 2578 1324 2636 πλείονα
1409 2578 1694 2635 ἱπισπᾶται
1753 2581 1841 2634 καὶ
1895 2579 1992 2646 τὴν

341 2667 559 2746 δωρεάν,
622 2671 708 2744 Τῷ
766 2671 866 2747 γὰρ
923 2667 1104 2747 ἔχοντι
1174 2666 1407 2736 σπουδὴν
1460 2666 1736 2737 δοθήσεται
1796 2665 1993 2723 πλείων

331 2761 366 2826 ἡ
418 2759 596 2838 χάρις,
661 2759 748 2814 καὶ
793 2758 1258 2836 περισσευθήσεται
1290 2773 1303 2786 ⁸
1357 2755 1547 2813 ἀπὸδὲ
1589 2763 1684 2812 τοῦ
1713 2757 1791 2831 μη
1824 2754 1990 2835 ἕχον-

2069 2221 2171 2300 qui
2202 2238 2335 2281 vero
2364 2222 2767 2300 multiplicare
2798 2221 3017 2300 studet,
3045 2223 3335 2301 majOr-em
3367 2220 3480 2282 sibi
3503 2222 3716 2284 conci-

2071 2309 2232 2369 liabit
2273 2309 2933 2387 gratiatn.Diligentiam
2962 2309 3121 2371 enim
3146 2310 3448 2372 adhibenti
3481 2310 3720 2373 dabitur

2076 2401 2266 2474 major
2292 2399 2498 2476 gratia,
2533 2399 2612 2459 ita
2644 2408 2706 2458 ut
2737 2397 3019 2459 abundet.
3055 2400 3330 2460 Studium
3368 2408 3565 2462 autem
3598 2419 3717 2464 non

2075 2487 2458 2567 adhibens,et
2486 2488 2642 2549 dono
2665 2487 2820 2568 quod
2856 2488 3087 2549 videtur
3111 2489 3334 2550 habere
3368 2490 3710 2569 privabitur.

2075 2576 2393 2654 Negligens
2423 2577 2606 2649 enim,
2641 2587 2696 2638 et
2746 2576 2848 2657 qui
2878 2595 2997 2636 non
3028 2589 3308 2657 operatur
3350 2597 3456 2658 per
3486 2596 3552 2642 ea
3584 2599 3720 2658 quae

2073 2666 2323 2744 accepit,
2358 2684 2474 2726 non
2510 2665 2684 2727 habet
2734 2666 2980 2740 donum,
3031 2665 3134 2726 sed
3182 2666 3416 2728 videtur
3448 2667 3710 2730 habere:

2074 2772 2208 2813 nam
2242 2753 2500 2833 perdidit
2528 2772 2633 2814 sua
2665 2754 3041 2832 negligentia.

338 2868 431 2911 τος
478 2845 709 2912 σπουδὴν
766 2848 854 2903 καὶ
902 2847 962 2902 τὸ
1021 2846 1262 2925 χάρισμα
1321 2848 1350 2901 ὃ
1405 2843 1554 2902 δοκεῖ
1610 2844 1782 2924 ἔχειν,
1851 2845 2179 2921 ἀρθήσεται·
2231 2846 2258 2898 6
2315 2845 2413 2920 γὰρ
2466 2867 2543 2916 μη
2601 2841 2831 2909 σπουδὴν
2891 2843 3058 2921 ἔχων,
3105 2843 3240 2918 μηδὲ
3285 2845 3713 2923 ἐπεργασάμενος

339 2940 426 2999 οἷς
460 2932 670 3015 ἴλιαὸεν,
716 2937 810 2991 οὒκ
839 2933 954 3014 ἔχει
998 2937 1060 2990 τὸ
1102 2935 1366 3014 χάρισμα,
1398 2933 1534 2989 ἀλλὰ
1562 2931 1710 2994 δοκεῖ
1743 2933 1890 3012 ἔχειν
1923 2947 1936 2962 ⁸
1971 2933 2252 3008 ἠμαύρωσε
2287 2936 2385 3010 γαρ
2415 2939 2567 2989 τοῦτο
2596 2930 2678 2986 διὰ
2710 2937 2805 2998 τῆς
2838 2933 3112 2998 ἀμελείας.

423 3048 449 3079 ι
488 3007 667 3082 ιὈταν
709 3022 762 3079 δὲ
989 3025 1018 3079 ό
1076 3007 1193 3087 ιλῖδέ
1249 3007 1644 3102 τοῦσᾶνθρώπου
1688 3022 1742 3078 ἐν
1865 3021 1989 3097 δόξῃ

2122 3007 2126 3008 ν
2155 3007 2335 3082 Vens.
2371 3019 2576 3084 31-33.
2618 3041 2642 3077 ι
2676 3018 2821 3080 Cum
2870 3029 3068 3082 autem
3129 3022 3356 3083 venerit
3389 3022 3571 3084 Filius
3602 3024 3716 3085 ho-

333 3115 520 3188 αότοῦ,
567 3114 656 3169 καὶ
683 3111 877 3175 πάντες
935 3114 983 3169 οἱ
1027 3114 1167 3191 ἅγιοι
1207 3111 1424 3189 ἄγγελοι
1485 3111 1600 3187 μετ’
1634 3111 1815 3185 αὑτοῦ,
1872 3110 1991 3166 τότε

333 3205 538 3260 καθίσει
595 3202 681 3258 ὶπὶ
732 3205 918 3280 θρόνου
972 3200 1128 3269 δόξης
1188 3206 1367 3281 αὐτοῦ,
1429 3202 1518 3257 καὶ
1572 3201 1991 3279 συναχθήσονται

333 3292 629 3371 ἔμπροσθεν
701 3291 860 3349 αυτοῦ
912 3292 1086 3348 πάντα
1128 3292 1194 3346 τὰ
1223 3291 1370 3364 ἔθνη,
1424 3289 1516 3346 καί
1555 3289 1766 3368 ἀφοριεῖ
1808 3288 1994 3352 αὐτοὺς

338 3380 432 3438 ἀπ’
493 3379 764 3454 ἀλλήλων,
825 3381 1004 3458 ὥσπερ
1055 3381 1083 3436 ό
1138 3381 1342 3455 ποιμὴν
1372 3379 1604 3458 ἀφορίζει
1635 3379 1699 3434 τὰ
1758 3375 1994 3454 πρόϐατα

337 3471 448 3527 ἀπὸ
490 3471 596 3527 τῶν
659 3469 872 3549 ἐρίφων,
933 3471 1019 3526 καὶ
1064 3471 1251 3538 στήσει
1309 3469 1375 3524 τὰ
1417 3469 1517 3543 μὲν
1548 3463 1785 3546 πρόϐατα
1815 3467 1874 3522 ὲκ
1902 3464 1991 3520 δε·-

337 3559 467 3624 ξιῶν
526 3559 705 3631 αὗτοῠ,
765 3559 828 3613 τὰ
872 3556 926 3613 δὲ
971 3557 1140 3637 ἐρίφια
1193 3555 1245 3621 ἐξ
1294 3557 1597 3632 εὗωνύμων.
1636 3577 1661 3612 ε
1698 3553 1916 3622 Ἐπειδ-ὶι⁸
1957 3556 1993 3621 ἡ

335 3648 524 3725 πρώτη
587 3646 842 3723 παρουσία
904 3656 996 3705 τοῦ
1075 3646 1262 3724 Κυρίου
1317 3645 1371 3700 ἐν
1428 3645 1609 3720 ἀτιμίᾳ
1663 3642 1851 3722 γέγονε
1907 3643 1994 3698 καὶ

331 3735 502 3816 ὕϐρει,
535 3738 664 3814 φησὶ
695 3738 777 3814 τὸ,
836 3725 1010 3792 ΗΟταν
1042 3733 1168 3810 ἔλθῃ
1202 3735 1258 3791 ἰν
1314 3740 1381 3811 τῇ
1408 3732 1531 3811 δόξῃ
1561 3733 1742 3792 αὐτου.
1774 3732 1865 3790 Ἐν
1892 3734 1990 3810 γὰρ

333 3831 405 3902 τῇ
461 3823 677 3902 δευτέρα
732 3825 866 3899 μετὰ
925 3821 1080 3890 δόξης
1136 3822 1430 3895 ἐλεύσεται,
1476 3821 1717 3901 ἀγγέλων
1764 3819 1988 3901 δορυφο-

336 3914 572 3994 ρούντων
615 3914 797 3975 αὐτόν,
858 3918 1073 3982 Πρῶτον
1133 3909 1188 3966 δὲ
1247 3912 1474 3991 ἀφορίζει
1503 3912 1623 3974 τοὺς
1654 3911 1830 3988 ἁγίους
1885 3911 1992 3966 ἀπὸ

332 4003 442 4059 τών
500 3999 854 4079 ἀμαρτωλῶν,
908 3999 1267 4057 ἀπαλλάσσων
1349 4001 1532 4062 αὐτοὺς
1591 4000 1842 4078 ἀγωνίας,
1908 4005 1993 4058 καὶ

2078 3109 2251 3170 minis
2282 3110 2341 3169 in
2373 3109 2560 3186 gloria
2590 3127 2717 3188 sua,
2747 3118 2805 3168 et
2849 3127 3058 3170 omnes
3106 3110 3299 3171 sancti
3353 3112 3548 3190 angeli
3580 3131 3716 3174 cum

2077 3214 2170 3277 eo,
2195 3206 2332 3258 tunc
2363 3196 2597 3258 sedebit
2629 3214 2807 3277 super
2831 3197 3035 3259 sedem
3057 3197 3259 3278 gloriae
3305 3219 3447 3274 sua,
3477 3210 3535 3261 et
3565 3219 3713 3263 con-

2077 3286 2477 3365 gregabuntur
2500 3295 2637 3347 ante
2668 3305 2803 3347 eum
2830 3305 3036 3347 omnes
3065 3296 3292 3365 gentes,
3333 3299 3394 3350 et
3421 3289 3721 3370 separabit

2078 3392 2181 3435 eos
2209 3375 2282 3435 ab
2333 3375 2604 3448 invicem,
2659 3374 3161 3454 quemadmodum
3206 3385 3404 3457 pastor
3453 3389 3722 3459 segregat

2078 3482 2214 3526 oves
2242 3464 2315 3525 ab
2348 3463 2560 3537 haedis,
2596 3472 2654 3525 et
2684 3473 2904 3526 statuet
2933 3464 3176 3545 quidem
3231 3484 3370 3527 oves
3412 3485 3446 3527 a
3497 3469 3722 3530 dextris

2076 3553 2218 3625 suis,
2256 3554 2462 3614 haedos
2485 3561 2680 3613 autem
2713 3571 2748 3612 a
2777 3552 3056 3615 sinistris.
3092 3577 3119 3608 ι
3149 3552 3442 3624 Quoniam
3493 3557 3719 3636 primus

2076 3642 2358 3703 adventus
2391 3641 2625 3702 Domini
2663 3644 2718 3701 in
2760 3640 3221 3725 ignominial‘uit
3257 3651 3314 3703 et
3342 3645 3680 3725 approbriis
3703 3694 3718 3722 ,

2074 3731 2245 3806 dicit,
2279 3733 2423 3792 Cum
2458 3730 2686 3791 venerit
2714 3731 2774 3790 in
2807 3731 2994 3808 gloria
3015 3723 3143 3793 sua.
3176 3729 3239 3792 In
3272 3723 3535 3795 secundo
3560 3737 3722 3798 enim

2071 3837 2207 3880 cum
2240 3819 2426 3898 gloria
2449 3819 2662 3893 aderit,
2689 3821 2914 3898 angelis
2947 3819 3138 3899 ipsum
3166 3820 3551 3901 stipantibus.
3577 3825 3723 3886 Pri-

2073 3928 2235 3970 mum
2266 3917 2461 3970 autem
2494 3917 2729 3988 separat
2758 3915 2991 3969 sanctos
3021 3925 3056 3968 a
3086 3911 3522 3989 peccatoribus,
3565 3911 3724 3974 libe-

2075 4016 2214 4060 rans
2241 4016 2398 4059 eosa
2425 3996 2650 4076 labore,
2673 4005 2731 4057 et
2759 3997 2982 4078 statuit,
3017 4007 3076 4059 et
3131 4007 3270 4060 tunc
3302 3999 3567 4080 loquitur
3609 4001 3724 4063 eis.

337 4092 550 4162 ἵστησι,
609 4091 699 4147 καὶ
754 4092 874 4145 τότε
927 4103 1097 4168 φωνεῖ
1152 4091 1283 4168 πρὸς
1344 4089 1552 4155 αὐτούς,
1612 4087 1853 4165 Πρόὸατα
1898 4088 1991 4162 μὲν

2077 4086 2281 4166 Itaque
2310 4103 2448 4147 oves
2471 4094 2636 4146 vocat
2664 4094 2926 4160 sanctos,
2980 4086 3116 4166 quia
3149 4089 3441 4150 mansueti
3473 4100 3630 4167 sunt,
3665 4102 3728 4155 et

339 4180 429 4238 οὖν
464 4178 622 4235 καλεῖ
651 4180 772 4244 τοὺς
806 4179 1010 4256 ἁγίους,
1043 4176 1128 4234 διὰ
1159 4181 1221 4234 τὸ
1251 4177 1472 4258 ἥμερον,
1525 4179 1613 4234 καὶ
1660 4178 1741 4234 δτι
1797 4178 1991 4255 καρπὸν

2082 4177 2334 4238 fructum
2359 4173 2530 4235 nobis
2549 4192 2619 4235 ac
2650 4172 2962 4236 utilitatem
2986 4175 3352 4237 dantutoves
3372 4177 3566 4240 lanam
3591 4198 3728 4261 sup-

334 4273 476 4345 ἢμῖν
507 4267 709 4326 διδόασι
767 4271 854 4324 καὶ
901 4265 1160 4348 ὠφέλειαν
1199 4267 1273 4331 ὡς
1330 4268 1396 4324 τὰ
1425 4265 1689 4346 πρόϐατα,
1721 4267 1808 4323 καὶ
1862 4265 1991 4343 ’ἔριον

2087 4265 2442 4344 peditantes,
2468 4262 2746 4325 videlicet
2771 4263 3032 4323 divinum
3083 4273 3141 4324 et
3169 4265 3539 4343 spiritualem
3568 4269 3726 4328 ami-

340 4368 708 4438 χορηγοῦντες
765 4356 884 4424 ἤτοι
943 4357 1148 4424 σκέπην
1191 4358 1332 4412 θείαν
1361 4363 1451 4412 καί
1478 4356 1865 4434 πνευματικὴν,
1914 4350 1991 4410 καῖ

2084 4365 2238 4417 ctum
2279 4374 2291 4417 :
2329 4363 2385 4415 et
2437 4354 2547 4427 lac,
2585 4351 2697 4412 hoc
2728 4360 2838 4426 est,
2873 4350 3070 4412 cibum
3103 4371 3430 4430 congruum
3469 4378 3481 4413 :
3518 4356 3726 4418 hmdos

340 4447 506 4526 γάλα,
597 4447 833 4503 τουτέστι
891 4447 1091 4526 τροφὴν
1169 4446 1539 4524 προσήκουσαν
1572 4461 1586 4474 ·
1646 4445 1850 4522 ἒρίφους
1919 4442 1991 4530 δὲ¹

2084 4451 2280 4504 autem
2347 4450 2738 4522 peccatores:
2775 4439 2835 4500 in
2869 4457 3136 4530 praeceps
3185 4442 3344 4502 enim
3393 4443 3632 4525 vadunt,
3667 4455 3727 4510 et

337 4538 461 4599 τοὺς
523 4534 866 4615 ἁμαρτωλούς
900 4554 914 4567 ο
975 4537 1115 4592 κατὰ
1165 4540 1422 4613 κρημνῶν
1451 4535 1550 4614 γὰρ
1579 4530 1868 4610 βαδίζουσι,
1915 4529 1991 4589 καῖ

2086 4531 2460 4614 incompositi
2495 4546 2653 4604 sunt,
2684 4537 2742 4592 et
2763 4529 2998 4590 steriles
3028 4539 3090 4590 ut
3120 4530 3298 4591 hcedi.

336 4623 555 4680 ἄτακτοί
586 4625 682 4680 εἰσι
726 4625 814 4681 καὶ
844 4623 1071 4702 ἄκαρποι
1101 4625 1175 4686 ὡς
1221 4626 1266 4680 οἱ
1311 4623 1505 4704 ἔριφοι,

423 4733 449 4770 e
499 4714 630 4772 τότε
690 4713 804 4789 ipe!
861 4715 889 4769 ὁ
958 4711 1205 4789 βασιλεὺς
1264 4725 1382 4776 τοῖς
1440 4711 1499 4768 εκ
1557 4710 1737 4778 δεξιῶν
1806 4710 1990 4770 αὐτοῦ·

2165 4712 2338 4774 Vana.
2373 4710 2590 4774 34-40.
2625 4731 2652 4763 α
2686 4705 2850 4769 Tunc
2881 4705 3040 4767 dicet
3089 4707 3225 4768 MO
3277 4725 3386 4771 rex
3441 4708 3535 4771 his
3565 4710 3731 4791 quia

339 4809 525 4878 Δεῦτε,
580 4805 626 4859 οἱ
685 4801 1039 4880 εὐλογημένοι
1085 4809 1178 4859 τοῦ
1228 4802 1432 4881 Πατρός
1489 4825 1614 4878 μου,
1649 4801 1991 4910 κληρονομή-

2078 4801 2302 4863 dextris
2332 4798 2446 4861 sibi
2478 4805 2692 4860 erunt:
2734 4796 2969 4868 Venite,
3027 4794 3329 4860 benedicti
3361 4799 3552 4862 Patris
3583 4800 3728 4878 mei,

1424 4935 1513 4998 Ex
1547 4933 1866 4998 collatione
1890 4937 2067 5001 codd.
2106 4939 2320 4998 Venet.
2355 4933 2419 4998 S.
2457 4931 2666 4996 Marci.

417 5067 538 5148 (39)
572 5068 719 5131 Cod.
755 5067 832 5133 32
865 5067 1071 5148 addit:
1136 5074 1252 5127 Τῶν
1284 5066 1488 5126 δούλωο
1521 5070 1621 5146 γὰρ
1651 5067 1760 5125 ἰστι
1791 5072 1853 5125 τὸ
1895 5091 1998 5145 με-

338 5147 611 5223 ταδοῦναι,
667 5157 759 5206 τοῦ
804 5148 858 5204 δὲ
920 5147 1175 5205 δεσπότου
1243 5149 1309 5206 τὰ
1352 5149 1668 5215 ἀπαιτῆσαι’
1712 5148 1856 5226 λέγει
1913 5152 2000 5204 οὖν

341 5233 372 5288 ό
431 5229 614 5294 δοῦλος
643 5230 775 5308 πρὸς
808 5231 900 5285 τὸν
930 5227 1194 5295 δεσπότην
1228 5244 1244 5260 ⁸
1279 5227 1548 5306 Σκληρὸν,
1581 5230 1733 5307 φησὶ,
1767 5227 2003 5285 συνεῖδον

339 5313 404 5366 τὸ
456 5308 726 5388 ἇπίταγμά
785 5330 902 5382 σου,
974 5311 1036 5365 τὸ
1107 5317 1291 5388 ζητεῖν
1334 5311 1476 5388 παρὰ
1519 5308 1805 5380 ἀνθρώπων
1864 5310 2000 5365 ὑπα-

338 5389 497 5463 κοὴν,
533 5390 621 5454 οἷς
676 5390 773 5445 οὐκ
820 5389 1136 5456 ἂνεποίησας
1180 5387 1264 5446 διὰ
1317 5387 1599 5467 τοῦλόγου
1627 5390 1687 5445 τὸ
1716 5392 1774 5448 εὖ
1802 5390 2001 5463 πειθὶς,

340 5469 423 5527 διὸ
479 5468 748 5548 φοϐηθεὶς,
787 5469 866 5544 μὴ
916 5468 1186 5548 ἄπρακτος
1236 5468 1497 5548 γένωμαι,
1545 5470 1606 5524 τὸ
1634 5468 1753 5524 κατ’
1780 5467 2006 5548 ὶμαυτὸν

338 5547 504 5628 μόνον
558 5547 817 5629 ἐφύλαξα,
877 5550 938 5629 τδ
981 5547 1036 5605 δί
1077 5549 1216 5629 ,περὶ
1270 5547 1481 5627 ἑτέρους
1532 5551 1628 5607 οὐκ
1681 5547 2007 5629 ὶσποόδασα,

340 5626 692 5711 τραπεζίτὶις,
727 5626 871 5689 an.
907 5626 964 5692 λ.
1003 5645 1034 5691 e
1063 5626 1384 5691 Sex-verum
1413 5629 1575 5690 enim
1614 5626 2008 5706 eetreddere,

2083 5066 2312 5128 domini
2341 5084 2479 5126 vero
2507 5070 2805 5142 repetere.
2840 5062 3068 5143 Aﬂ‘atur
3089 5062 3286 5143 itaque
3316 5082 3521 5127 servus
3540 5067 3731 5130 domi-

2085 5165 2225 5208 num
2281 5166 2294 5205 :
2350 5141 2701 5222 Austerum,
2751 5144 2960 5222 inquit,
3021 5141 3331 5222 vidi—esse
3391 5145 3730 5209 mandatum

2087 5238 2250 5306 tuum
2283 5226 2382 5305 qui
2405 5221 2804 5306 obedientiam
2828 5221 2900 5306 ab
2931 5221 3277 5306 hominibus
3294 5225 3734 5306 _exigis,quibus

2088 5301 2341 5386 scilicet,
2373 5303 2818 5386 per-irationem
2865 5301 3205 5386 facilitatem
3253 5301 3574 5386 obediendi
3612 5326 3732 5369 non

2087 5382 2622 5459 ttibuistifidcirco
2681 5386 2920 5457 timens,
2950 5399 3025 5442 ne
3049 5398 3080 5442 a
3126 5382 3454 5448 ministerio
3485 5387 3732 5448 excide-

2091 5484 2242 5540 rem,
2273 5465 2331 5526 id
2366 5473 2610 5544 tantum,
2645 5464 2800 5544 quod
2831 5481 2866 5524 a
2893 5479 2988 5524 me
3018 5463 3377 5544 pertinebat,
3411 5467 3732 5530 custodivi:

2093 5548 2248 5627 quod
2278 5553 2472 5606 autem
2502 5542 2750 5606 aliorum
2785 5551 2934 5616 erat,
2967 5542 3229 5618 neglexi.
3273 5542 3736 5612 Nummulan'os

2094 5633 2318 5700 dum,
2352 5648 2380 5680 ε
2415 5631 2530 5687 etc.
3335 5663 3340 5668 -
3438 5663 3442 5667 -
