4106 6280
393 345 506 412 εει
1378 353 1688 418 ΤΗΕΟΡΗ
1697 353 1972 416 Y-LACTI
2019 355 2025 414 ξ

2113 352 2430 415 LGABIE
2473 353 2817 417 ARCHIEP-
3676 347 3788 409 432

396 477 697 561 possidete
724 499 971 561 regnum
991 483 1052 543 in
1071 481 1478 545 hareditatem
1499 492 1767 564 paratum
1791 484 1959 547 vobis
1975 483 2025 545 al

2135 505 2257 542 σατε
2317 488 2410 554 τὴν
2462 485 2870 561 ἡτοιμασμένην
2927 486 3061 558 ὑμῖν
3104 483 3374 560 βασιλείαν
3420 485 3527 539 ἀπὸ
3553 479 3782 539 καταϐο-

398 569 642 631 exordio
669 569 1129 633 mundi.Esurivi
1149 572 1400 646 enim,et
1416 572 1663 634 dedistis
1685 574 1829 635 mihi
1849 575 2025 636 edere

2139 574 2241 641 λῆς
2291 576 2517 652 κόσμου.
2566 573 2849 633 Ἐπείνασα
2893 574 3017 653 γὰρ,
3049 574 3138 628 καὶ
3187 569 3418 629 ἐδώκατέ
3448 594 3539 647 μοι
3571 584 3782 651 φαγεῖν·

402 658 585 732 sitivi,
615 667 673 720 et
694 659 946 722 dedistis
966 661 1110 722 mihi
1146 661 1389 724 bibere:
1419 662 1639 732 hosues
1669 663 2025 737 eram,etcol

2136 663 2384 739 ἐδίψησα,
2444 666 2530 722 καὶ
2583 662 2864 720 ἐποτίσατέ
2924 684 2989 738 με
3021 678 3034 691 ”
3098 661 3239 727 ξένος
3285 659 3456 737 ἥμην,
3515 663 3601 716 καὶ
3660 682 3784 716 συν-

403 745 624 823 legistis
655 766 751 808 me
795 769 809 812 :
845 749 1061 822 nudus,
1095 758 1152 810 et
1181 751 1501 830 operuistis
1535 770 1663 814 me:
1696 752 2025 821 infirmus,e

2135 754 2367 832 ηγάγετέ
2422 775 2489 829 με
2523 770 2538 784 ⁶
2580 754 2803 829 γυμνὸς,
2848 753 2935 808 καὶ
2993 748 3329 830 περιεϐάλετέ
3358 767 3448 825 με’
3496 749 3785 824 ἠσθένησα,

399 835 684 900 visitastis
717 856 812 900 me
840 860 853 901 :
884 839 942 899 in
971 858 1213 902 carcere
1238 858 1420 921 eram,
1457 849 1516 902 et
1549 842 1795 903 venistis
1824 842 1894 902 ad
1932 859 2025 902 me

2134 845 2221 899 καὶ
2279 843 2639 918 ἐπεσκέψασθέ
2693 862 2761 918 με
2792 861 2807 878 ⁸
2868 841 2924 897 ἐν
2979 839 3190 921 φυλακῇ
3246 839 3417 918 ἥμην,
3477 841 3564 896 καὶ
3599 836 3787 905 ἤλθετε

399 921 563 988 Tunc
621 928 1074 1009 respondebunt
1122 931 1174 992 ei
1217 930 1384 1010 justi,
1419 930 1685 991 dicentes
1720 953 1731 993 :
1774 931 2021 993 Domine

2133 932 2263 1010 πρός
2330 953 2421 1008 με.
2484 931 2615 990 Τότε
2674 931 3118 1008 ἀποκριθήσονται
3177 932 3317 1003 αὐτῷ
3354 932 3399 985 οἱ
3456 927 3666 996 δίκαιοι,
3702 926 3791 983 λέ-

393 1016 632 1095 quando
650 1024 707 1079 te
730 1016 984 1079 vidimus
1007 1018 1397 1094 esurientem,
1439 1028 1496 1081 et
1527 1019 1820 1098 pavimus?
1847 1029 1946 1080 aut
1975 1020 2024 1079 si

2133 1041 2316 1099 γοντες
2353 1037 2366 1052 ⁸
2433 1021 2616 1099 Κύριε,
2704 1021 2833 1076 πότε
2914 1040 2972 1075 σε
3030 1016 3269 1098 εἴδομεν,
3329 1024 3614 1088 πεινῶντα,
3699 1018 3790 1072 καὶ

392 1103 733 1186 tientem,et
764 1106 1042 1168 dedimus
1071 1107 1177 1169 tibi
1203 1115 1436 1188 potum?
1459 1108 1704 1181 Quando
1728 1123 1926 1170 autem
1960 1109 2025 1169 vi«

2130 1110 2424 1187 ἐθρέψαμεν
2459 1129 2476 1184 ς
2534 1109 2571 1177 ἢ
2629 1107 2882 1185 διψῶντα,
2946 1109 3033 1164 καὶ
3088 1105 3406 1171 ἐποτίσαμεν
3437 1123 3453 1182 ς
3481 1110 3614 1162 Πότε
3643 1104 3696 1160 δέ
3728 1124 3788 1159 σε

401 1192 601 1256 dimus
631 1195 950 1277 hospitem,
986 1207 1044 1259 et
1067 1197 1411 1277 collegimus
1460 1200 1544 1261 te?
1585 1208 1681 1260 aut
1711 1197 1961 1273 nudum,
1994 1217 2025 1259 e

2135 1195 2350 1273 εἴδομεν
2391 1197 2555 1271 ξένον,
2588 1199 2676 1255 καὶ
2719 1197 3084 1275 συνηγάγομεν
3121 1215 3138 1271 ;
3181 1196 3218 1264 ἢ
3249 1197 3470 1274 γυμνὸν,
3512 1197 3598 1250 καὶ
3630 1215 3787 1271 περι-

393 1285 818 1364 cooperuimus
850 1292 940 1350 te?
956 1289 1069 1351 Aut
1093 1288 1329 1368 quando
1355 1298 1411 1348 te
1437 1288 1691 1350 vidimus
1723 1288 2021 1348 inﬁrmum

2134 1284 2394 1362 εϐάλομεν
2430 1305 2446 1362 ;
2521 1287 2654 1343 Πότε
2711 1284 2765 1343 δέ
2808 1307 2866 1342 σε
2910 1284 3124 1359 εἴδομεν
3179 1285 3372 1351 ἀσθενῆ
3401 1283 3438 1352 ἢ
3467 1283 3519 1339 ἓν
3550 1282 3781 1364 φυλακῇ,

391 1381 493 1433 aut
520 1374 581 1434 in
615 1385 945 1457 carcere,et
973 1377 1242 1438 venimus
1268 1376 1338 1437 ad
1373 1375 1536 1439 te?Et
1557 1379 1929 1457 respondens
1948 1394 2025 1436 re:

2134 1377 2220 1432 καὶ
2274 1376 2501 1452 ἤλθομεν
2570 1377 2702 1456 πρὸς
2760 1397 2869 1446 ce;
2923 1377 3020 1433 Καὶ
3077 1375 3375 1452 ἀποκριθεὶς
3432 1376 3460 1429 ὁ
3510 1372 3780 1450 βασιλεὺς,

389 1461 549 1523 dicet
573 1462 691 1525 illis
715 1482 728 1526 :
753 1467 942 1528 Arnen
976 1465 1107 1527 dico
1130 1465 1314 1538 vobis,
1361 1484 1654 1546 quatenus
1697 1466 1920 1527 fecistis
1950 1485 2024 1525 un

2131 1467 2242 1544 ἐρεῖ
2302 1471 2484 1528 αὐτοῖς
2517 1481 2531 1494 ⁸
2569 1464 2744 1541 Ἀμὴν
2797 1463 2940 1542 λέγω
2991 1464 3146 1539 ὑμῖν,
3199 1460 3280 1542 ἐφ’
3330 1461 3453 1519 ὅσον
3496 1462 3781 1531 ἐποιήσατε

391 1549 467 1613 de
497 1550 590 1613 his
614 1553 895 1615 fratribus
928 1556 1075 1616 meis
1108 1555 1393 1629 minimis,
1430 1555 1573 1616 mihi
1605 1555 1886 1617 fecistis.»
1913 1555 2025 1617 Νοι

2129 1555 2204 1610 ἐνὶ
2258 1556 2456 1612 τούτων
2513 1561 2618 1611 τῶν
2660 1552 2900 1633 ἀδελφῶν
2958 1575 3060 1628 μου
3103 1559 3208 1609 τῶν
3267 1551 3588 1631 ἐλαχίστων,
3661 1553 3780 1626 ἐμοὶ

387 1646 560 1702 antea
583 1644 855 1722 praemiat
885 1645 971 1706 vel
1003 1647 1196 1725 punit,
1231 1663 1407 1725 quam
1461 1645 1769 1724 dijudicet.
1805 1645 2025 1707 Miseri-

2128 1643 2439 1714 ἐποιήσατε,
2479 1667 2506 1698 ιο
2570 1645 2642 1701 Οὔ
2698 1644 2954 1722 πρότερον
3016 1648 3146 1718 τιμᾷ
3202 1643 3237 1710 ἢ
3293 1641 3530 1722 κολάζει,
3575 1642 3696 1715 πρὶν
3743 1641 3778 1708 ἣ

384 1746 519 1790 cors
549 1731 710 1792 enim
743 1741 854 1807 est,
889 1742 947 1795 et
979 1752 1085 1794 nos
1117 1734 1294 1796 docet
1342 1733 1398 1794 id
1457 1735 1678 1813 ipsum,
1730 1734 1887 1815 quod
1922 1753 2025 1794 nor

2123 1731 2423 1800 δικάσηται.
2477 1734 2855 1812 Φιλάνθρωπος
2919 1735 3018 1811 γὰρ
3061 1732 3196 1807 ἐστι,
3257 1733 3348 1788 καὶ
3377 1733 3522 1804 ἡμᾶς
3551 1728 3603 1787 δὲ
3635 1729 3778 1786 τοῦτ’

383 1827 558 1880 antea
588 1819 916 1884 debeamus
939 1826 1352 1903 punire,quam
1386 1841 1512 1884 rem
1547 1821 2025 1884 discusserimus.

2123 1824 2248 1879 αὐτὸ
2278 1821 2534 1896 παιδεύει,
2601 1824 2675 1898 μὴ
2734 1824 2983 1902 πρότερον
3028 1821 3268 1893 κολάζειν
3324 1823 3442 1898 πρὶν
3491 1821 3564 1876 ἃν
3593 1819 3775 1885 ἐξετά-

385 1910 481 1974 Sic
515 1913 671 1974 enim
705 1916 1090 1978 excusatione
1117 1917 1302 1995 magis
1329 1916 1635 1990 carebunt,
1671 1915 1772 1996 qui
1804 1933 2025 1995 praece-

2122 1932 2320 1985 σωμεν.
2383 1910 2532 1970 Οὕτω
2595 1914 2696 1990 γὰρ
2749 1912 3142 1990 ἁναπολόγητοι
3215 1909 3420 1986 μᾶλλον
3465 1911 3674 1966 ἔσονται
3730 1920 3776 1972 οἱ

387 2001 566 2063 dente
581 2001 810 2082 judicio
841 2005 1376 2085 puniuntur.Porro
1404 2015 1635 2069 sanctos
1660 2015 1828 2066 vocat
1858 2004 2025 2065 bene-

2120 2001 2256 2073 μετὰ
2307 1997 2645 2072 δικαστήριον
2694 2000 3063 2065 κολασθέντες.
3119 1999 3520 2078 Εὖλογημένους
3562 1997 3616 2055 δὲ
3675 2021 3777 2055 καο

383 2088 668 2165 dictos,ut
690 2110 724 2153 a
748 2096 920 2156 Patre
951 2102 1284 2175 susceptos.
1337 2092 1620 2155 Heredes
1647 2104 1843 2155 autem
1879 2093 2038 2172 ipsos

381 2177 523 2240 facit
551 2183 740 2260 regni,
777 2183 1101 2244 ostendens
1147 2182 1305 2264 quod
1355 2183 1515 2245 Deus
1566 2202 1667 2244 eos
1719 2182 2039 2263 participes

379 2267 560 2331 faciet
589 2270 793 2350 gloriae
822 2291 966 2352 suae,
991 2281 1054 2332 ut
1086 2273 1241 2334 ﬁlios
1262 2289 1430 2334 suos.
1472 2271 1598 2334 Non
1655 2273 1815 2333 enim
1869 2270 2037 2356 dixit,

379 2359 652 2437 Accipite
687 2381 703 2421 :
736 2361 863 2427 sed.
891 2361 1200 2423 Possidete
1231 2361 1289 2421 in
1317 2361 1817 2435 haereditatem,ut
1848 2371 2041 2440 pater-

384 2464 522 2508 nam
556 2448 973 2511 substantiam.
1013 2452 1142 2512 .lam
1179 2451 1396 2512 fratres
1428 2451 1705 2510 minimos
1745 2453 1917 2512 vocat
1946 2448 2038 2511 vel

382 2554 523 2598 suos
548 2536 898 2618 discipulos,
931 2539 1023 2599 vel
1053 2557 1263 2599 omnes
1321 2538 1674 2619 simpliciter
1722 2555 2037 2619 pauperes.

382 2621 592 2687 Omnis
647 2627 805 2687 enim
852 2645 1077 2708 pauper
1128 2627 1310 2689 frater
1360 2638 1448 2688 est
1495 2627 1714 2690 Christi
1743 2637 2034 2707 quatenus

389 2730 664 2794 pauper:
699 2717 1180 2797 quandoquidem
1233 2725 1293 2777 et
1348 2717 1615 2780 Christus
1663 2716 1722 2776 in
1779 2725 2035 2793 egestate

378 2803 544 2865 vixit.
572 2804 722 2866 Vide
751 2816 949 2867 autem
979 2806 1084 2868 Dei
1103 2806 1393 2884 justitiam
1425 2805 1721 2884 quomodo
1746 2804 1937 2866 laudet
1963 2823 2029 2864 ac

385 2892 669 2971 praedicet
698 2904 955 2957 sanctos.
990 2893 1137 2956 Vide
1169 2895 1311 2955 item
1355 2905 1413 2956 et
1445 2895 1680 2954 illorum
1704 2893 2025 2956 candorem

378 2981 679 3060 quomodo
710 2991 953 3063 propter
984 2984 1335 3045 modestiam
1371 2993 1590 3061 negent
1611 3001 1676 3044 se
1705 2983 1870 3044 illum
1917 2999 2023 3061 pa-

374 3068 564 3132 visse:
601 3071 1014 3148 sediDominus
1043 3090 1111 3132 ea
1141 3090 1271 3152 qua;
1302 3072 1661 3152 pauperibus
1691 3071 2019 3143 suntfacta,

2113 3085 2256 3120 κειαν
2323 3065 2599 3143 ἀρνοῦνται
2656 3070 2718 3125 τὸ
2771 3069 2956 3148 θρέψαι
2993 3090 3010 3106 ⁸

373 3158 436 3218 in
469 3164 855 3240 semetipsum
888 3161 1159 3241 suscipit.

450 3245 633 3312 VEns.
669 3251 887 3315 41-46.
925 3274 951 3305 α
985 3251 1150 3312 Tunc
1193 3249 1342 3313 iicet
1369 3259 1431 3311 et
1461 3250 1553 3310 his
1573 3249 1675 3329 qui
1717 3249 2026 3310 asinistris

373 3338 876 3418 erunt,Discedite
893 3357 925 3399 a
947 3338 1374 3408 me,maledicti
1399 3338 1458 3399 in
1485 3338 1680 3417 ignem
1706 3348 2022 3417 aeternum,

368 3426 471 3506 qui
493 3437 729 3506 paratus
749 3438 836 3488 est
856 3426 1092 3489 diabolo
1116 3429 1409 3506 etangelis
1431 3426 1824 3506 ejus.Esurivi
1841 3428 2023 3498 enim,

371 3523 433 3576 et
456 3533 577 3577 non
612 3517 864 3577 dedistis
891 3516 1036 3576 mihi
1069 3516 1266 3576 cibum
1291 3534 1304 3578 :
1327 3516 1508 3590 sitivi,
1533 3526 1592 3577 et
1623 3535 1739 3576 non
1774 3515 2024 3577 dedistis

381 3605 527 3666 mihi
567 3615 768 3686 potum
798 3624 811 3667 :
849 3607 1069 3687 hospes
1102 3624 1292 3680 eram,
1328 3615 1385 3666 et
1413 3624 1530 3665 non
1564 3625 1660 3667 me
1680 3605 2019 3684 collegistis:

373 3694 658 3774 nudus,et
689 3713 804 3754 non
853 3695 1170 3773 operuistis
1202 3713 1318 3756 me:
1355 3693 1626 3754 infirmus
1653 3702 1710 3755 et
1738 3695 1795 3754 in
1826 3713 2023 3756 carceo

369 3800 438 3871 re
469 3800 654 3871 eram,
693 3793 751 3845 et
781 3801 898 3844 non
925 3783 1196 3871 visitastis
1227 3801 1344 3846 me.
1382 3785 1550 3845 Tunc
1578 3783 2024 3864 respondebunt

373 3870 429 3932 ei
473 3869 529 3932 et
559 3871 673 3950 ipsi
725 3870 992 3932 dicentes
1029 3891 1042 3934 :
1075 3869 1354 3942 Domine,
1399 3872 1638 3952 quando
1669 3871 1924 3932 vidimus
1967 3881 2024 3934 te

373 3959 1304 4040 esurientem,autsitientem,aut
1327 3960 2015 4041 hospitem,autnudum,

371 4057 474 4110 aut
502 4050 932 4114 inﬁrmum.aut
963 4049 1022 4110 in
1047 4057 1376 4128 carcere,et
1407 4067 1525 4109 non
1560 4048 2021 4111 ministravimus

370 4134 508 4198 tibi?
534 4138 701 4198 Tunc
729 4137 1116 4218 respondebit
1147 4137 1728 4217 illis,dicens:Amen
1759 4136 1893 4197 dico
1913 4155 2019 4198 vo-

370 4223 486 4298 bis,
511 4234 803 4306 quatenus
836 4245 953 4286 non
982 4225 1204 4287 fecistis
1237 4225 1429 4286 unide
1465 4225 1726 4285 minimis
1756 4225 1870 4299 his,
1907 4243 2018 4287 nec

371 4314 517 4375 mihi
548 4315 794 4377 fecistis.
831 4314 900 4375 Et
930 4314 1101 4376 ibunt
1131 4315 1190 4375 hi
1221 4314 1280 4375 in
1313 4314 1665 4394 supplicium
1699 4326 2014 4389 aeternum,

363 4402 513 4482 justi
543 4422 681 4465 vero
704 4403 764 4464 in
796 4403 968 4465 vitam
995 4413 1302 4466 :eternam.
1332 4428 1358 4458 »
1387 4406 1502 4464 Eos
1533 4403 1632 4479 qui
1665 4421 1698 4463 a
1728 4402 2012 4476 sinistris,

2120 2086 2208 2143 λετ
2264 2088 2386 2150 τοὺς
2446 2089 2648 2168 ἁγίους,
2710 2092 2783 2152 ὡς
2817 2091 2917 2146 ὑπὸ
2974 2100 3066 2148 τοῦ
3112 2091 3316 2167 Πατρὸς
3359 2087 3768 2167 ὰποδεχθέντας,

2125 2175 2490 2251 κληροιόμους
2549 2176 2604 2233 δὲ
2663 2178 2846 2242 αὐτοὺς
2901 2192 3137 2235 ποιεῖται
3191 2178 3288 2245 τῆς
3344 2176 3642 2257 βασιλείας,
3685 2177 3776 2233 ’ίνα

2123 2263 2261 2342 δείξῃ
2319 2265 2398 2322 ὅτι
2448 2269 2732 2330 κοινωνοὺς
2791 2270 2976 2332 αὐτοὺς
3029 2281 3176 2325 ποιεῖ
3222 2268 3250 2323 ὁ
3300 2270 3430 2332 Θεὸς
3458 2272 3558 2334 τῆς
3589 2269 3778 2324 ἑαυτοῦ

2125 2352 2302 2428 δόξης,
2360 2357 2434 2418 ὡς
2485 2357 2624 2420 υἱοὺς
2681 2359 2859 2420 αὖτσιῦ.
2910 2363 2982 2417 Οὐ
3029 2360 3128 2438 γὰρ
3170 2357 3318 2436 εἷπε,
3357 2354 3576 2430 Λάϐετε,
3613 2357 3772 2435 ἀλλὰ,

2123 2444 2601 2522 Κληρονομήσατε,
2695 2448 2853 2502 οἱονεί
2927 2468 3044 2504 τινα
3115 2453 3366 2522 πατρῴαν
3448 2450 3772 2526 περιουσίαν,

2128 2528 2410 2612 Ἀδελφοὺς
2465 2532 2519 2589 δὲ
2573 2533 2889 2615 ἐλαχίστους
2946 2535 3130 2610 καλεῖ,
3174 2535 3209 2600 ἢ
3253 2535 3373 2596 τοὺς
3419 2537 3575 2593 αὐτοῦ
3604 2541 3776 2612 μαθη-

2122 2622 2239 2700 τὰς,
2299 2622 2336 2690 ἢ
2369 2625 2565 2689 πάντας
2615 2622 2797 2687 ἁπλῶς
2849 2625 2971 2689 τοὺς
3002 2625 3260 2692 πένητας,
3291 2629 3400 2689 [Ιᾶς
3451 2627 3548 2705 γὰρ
3578 2627 3767 2707 πένης,

2119 2707 2342 2790 ἀδελφός
2399 2714 2508 2768 hac
2551 2719 2644 2769 τοῦ
2697 2713 2920 2792 Χριστοῦ⁹
2960 2713 3079 2770 κατ’
3125 2717 3249 2774 αὒτὸ
3314 2718 3487 2794 τοῦτο,
3539 2714 3650 2770 ἐπεὶ
3681 2721 3764 2774 καί

2117 2797 2151 2854 δ’
2193 2803 2414 2878 Χριστὸς
2474 2801 2527 2857 ἐν
2585 2804 2735 2874 πενίᾳ
2792 2800 3066 2882 διήγαγεν.
3131 2795 3255 2884 Ὅρα
3308 2803 3362 2861 δὲ
3405 2807 3488 2860 καὶ
3524 2805 3622 2870 τήν
3664 2808 3757 2863 τοῦ

2112 2893 2243 2972 θεοῦ
2295 2885 2653 2970 δικαιοσύνην,
2741 2896 2854 2955 πῶς
2937 2892 3281 2972 ἆνακηρύττει
3359 2894 3475 2958 τοὺς
3550 2895 3743 2970 ἁγίους.

2114 2966 2258 3054 ιὈρα
2314 2979 2403 3034 καὶ
2431 2981 2534 3046 τὴν
2562 2979 2774 3036 ἐκείνων
2829 2982 3258 3062 εὐγνωμοσύνην,
3316 2990 3430 3047 πῶς
3461 2981 3524 3038 δι’
3581 2983 3747 3038 ἐπιεί-

3067 3069 3187 3126 an’
3243 3075 3270 3127 ὁ
3331 3073 3519 3152 Κύριος
3574 3074 3639 3128 τὰ
3682 3075 3752 3136 εἰς

2106 3154 2228 3218 τοὺς
2283 3155 2516 3222 πένητας
2547 3159 2806 3236 γενόμενα
2837 3160 2910 3221 εἷς
2940 3161 3126 3216 ἑαυτὸν
3155 3158 3492 3242 ἀναδέχεται.

2191 3266 2220 3298 ι
2255 3243 2386 3301 Τότε
2429 3245 2544 3324 ἐρετ
2569 3249 2656 3303 καὶ
2686 3250 2805 3313 τοῖς
2850 3247 2901 3313 ἐξ
2933 3248 3215 3326 εὖωνόμων
3250 3271 3264 3288 ·
3321 3252 3609 3330 Πορεύεσθε
3664 3253 3756 3309 ἀπ’

2107 3331 2258 3411 ἐμοῦ,
2309 3336 2355 3389 οἱ
2383 3335 2770 3415 κατηραμένοι,
2809 3338 2883 3400 εἶς
2912 3337 2973 3394 τδ
3003 3347 3104 3418 πῦρ
3130 3341 3191 3395 τὸ
3221 3340 3453 3400 αἰώνιον.
3487 3342 3550 3397 τὸ
3603 3343 3756 3410 ἡτοι-

2107 3421 2378 3497 μασμένον
2420 3426 2497 3500 τῷ
2526 3423 2755 3498 διαϐόλῳ
2784 3430 2872 3484 καὶ
2911 3441 3031 3492 τοῖς
3079 3428 3329 3508 ἀγγέλοις
3371 3433 3550 3491 αὐτοῦ.
3584 3429 3760 3489 Ἐπεί-

2107 3531 2242 3566 νασα
2299 3512 2423 3589 γὰρ,
2454 3514 2539 3569 καὶ
2573 3515 2666 3570 οὐκ
2699 3512 2929 3572 ἐδώκατέ
2977 3538 3068 3591 μοι
3111 3531 3302 3597 φαγεῖν
3339 3533 3354 3549 ⁶
3387 3516 3638 3594 ἐδίψησα,
3672 3521 3758 3576 καὶ

2107 3600 2202 3654 οὐκ
2242 3601 2520 3658 ἐποτίσατέ
2562 3623 2629 3677 με
2661 3620 2675 3634 ⁸
2750 3602 2892 3669 ξένος
2950 3603 3119 3678 ἤμην,
3168 3606 3258 3664 καὶ
3314 3609 3374 3664 οὐ
3430 3609 3757 3687 συνηγάγετέ

2107 3708 2175 3763 με
2210 3703 2224 3718 ⁸
2287 3692 2482 3766 γυμνὸς
2492 3738 2506 3763 ,
2566 3694 2653 3749 καὶ
2695 3695 2754 3750 οὔ
2807 3691 3142 3773 περιεϐάλετέ
3171 3717 3239 3771 με
3273 3713 3287 3727 ⁸
3335 3696 3554 3766 ἀσθενὴς
3583 3701 3673 3756 κιὶ
3701 3698 3760 3754 ἐν

2108 3773 2340 3855 φυλακῇ,
2378 3780 2466 3835 καὶ
2507 3779 2603 3836 οὐκ
2657 3780 3016 3858 ἐπεσκέψασθέ
3059 3804 3149 3859 με.
3200 3793 3329 3843 Τοτε
3362 3785 3753 3866 ἀποκριθήσον-

2107 3885 2193 3920 ται
2245 3867 2334 3923 καὶ
2378 3870 2546 3943 αὒτοὶ,
2578 3867 2825 3949 λέγοντες
2861 3892 2876 3906 ·
2913 3873 3089 3950 Κύριε,
3121 3873 3249 3930 πότε
3294 3896 3351 3931 σε
3382 3873 3594 3948 εἴδομεν
3627 3898 3753 3933 πει-

2104 3959 2301 4025 νῶντα,
2359 3956 2394 4025 ἢ
2441 3955 2698 4035 διψῶντα,
2753 3960 2790 4027 ἢ
2849 3958 3016 4034 ξένον,
3077 3962 3113 4029 ἢ
3142 3965 3364 4040 γυμνὸν,
3399 3964 3434 4032 ἢ
3465 3964 3682 4039 ἀσθενῆ,
3714 3966 3750 4034 ἢ

2103 4041 2160 4133 ἐν
2215 4043 2448 4123 φυλακῇ,
2493 4048 2582 4103 καὶ
2623 4051 2683 4104 οὗ
2739 4047 3134 4126 διηκονήσαμέν
3190 4073 3315 4125 σοις
3350 4054 3479 4111 Τότε
3514 4055 3753 4133 ἀποκρι-

2099 4131 2317 4222 θήσεται
2348 4141 2553 4216 αὑτοῖς,
2601 4135 2772 4216 λέγων
2807 4156 2822 4172 ·
2881 4138 3050 4214 Ἀμὴν
3111 4137 3255 4218 λέγω
3308 4143 3459 4218 ὑμῖν,
3505 4141 3587 4222 ἐφ’
3630 4131 3754 4201 ὅσον

2101 4221 2194 4277 οὒκ
2251 4220 2539 4292 ἐποιήσατε
2601 4225 2675 4282 ἑνὶ
2712 4225 2911 4283 τούτων
2965 4231 3071 4283 τῶν
3114 4225 3438 4308 ἐλαχίστων,
3489 4220 3605 4288 οὗδέ
3635 4226 3754 4308 ἐμοὶ

2099 4307 2410 4379 ἐποιήσατε,
2450 4314 2547 4370 Καὶ
2599 4313 2976 4373 ἀπελεύσονται
3033 4318 3174 4374 οὗτοι
3216 4307 3306 4381 εἷς
3336 4317 3553 4376 κόλασιν
3613 4321 3749 4378 αἰώ-

2100 4420 2232 4475 νιον,
2296 4403 2342 4456 οἱ
2403 4399 2458 4456 δὲ
2511 4399 2700 4460 δίκαιοι
2779 4406 2853 4469 εἷς
2921 4405 3063 4476 ζωὴν
3149 4407 3382 4470 αἰώνιον,
3431 4431 3460 4464 ι
3506 4411 3638 4474 Τοὺς
3695 4409 3750 4476 ἐξ

369 4489 430 4550 in
464 4492 666 4571 ignem
724 4493 899 4553 mittit
940 4492 1040 4571 qui
1073 4501 1434 4572 praeparatus
1465 4490 1833 4552 estdiabolo.
1869 4491 2019 4562 Quia

2113 4488 2381 4575 gemmam
2408 4567 2411 4571 _
2437 4491 2510 4553 εἷς
2567 4493 2630 4548 τὸ
2683 4492 2784 4572 πῦρ
2842 4493 3124 4575 ἐκπέμπει,
3187 4497 3216 4551 δ
3285 4497 3601 4572 ἡτοίμασται
3671 4503 3749 4574 τῷ

375 4579 537 4641 enim
567 4582 996 4661 compassionis
1024 4589 1298 4661 expertes
1327 4588 1465 4640 sunt
1494 4578 1806 4653 diaboli,et
1826 4580 2016 4642 hosti-

367 4666 504 4728 liter
533 4668 848 4730 etinimice
877 4689 1015 4749 erga
1051 4689 1155 4731 nos
1187 4670 1379 4730 affecti
1415 4677 1549 4729 sunt
1581 4689 1597 4730 :
1625 4669 1832 4729 merito
1855 4669 2014 4730 idem

367 4755 726 4835 supplicium
770 4757 1012 4836 habent,
1057 4759 1156 4838 qui
1208 4757 1478 4835 ejusdem
1510 4757 1824 4818 voluntatis
1853 4767 2011 4838 sunt,

2099 4573 2347 4652 διαϐόλῳ.
2399 4567 2547 4636 Ἕπεὶ
2602 4581 2703 4660 γὰρ
2757 4567 3122 4658 deuincat-Orta
3147 4585 3274 4642 εἰσιν
3348 4567 3416 4642 οἱ⁷
3473 4567 3748 4665 δαίμονες,

2097 4666 2203 4754 καὶ,
2241 4665 2461 4732 ἀπηνῶς
2517 4667 2800 4727 διάκεινται
2869 4673 2958 4728 καὶ
3026 4671 3306 4752 ἐχθρωδῶς
3391 4677 3524 4754 πρὸς
3580 4679 3746 4754 ημᾶς,

2098 4753 2316 4818 εἰκότως
2355 4760 2451 4822 τῆς
2497 4756 2660 4825 αὐτῆς
2717 4761 2976 4839 τιμωρίας
3033 4761 3296 4826 ἀξιοῦνται
3356 4766 3402 4820 οἱ
3433 4753 3531 4832 τῆς
3590 4768 3754 4833 αὐτῆς

365 4846 464 4925 qui
495 4855 554 4906 et
585 4847 844 4925 propriis
878 4847 1166 4927 Operibus
1193 4845 1498 4908 maledicti
1528 4845 1662 4907 facti
1694 4846 2015 4908 sunt.Vide

2113 4842 2320 4920 γνώμης
2361 4844 2535 4925 ὄντες,
2568 4847 2621 4902 οἳ
2655 4849 2830 4932 και-ἐκ
2857 4854 2965 4904 τῶν
2993 4848 3132 4907 ἰδίων
3183 4851 3357 4908 αὐτῶν
3415 4851 3585 4932 ἔργων
3642 4854 3756 4912 ἐπι-

361 4944 558 4994 autem
573 4936 903 5015 quodDeus
926 4937 1123 5014 ignem
1153 4954 1267 4995 non
1293 4932 2010 5015 przeparavithominibus:

2113 4933 2381 5010 ιατάρατοι
2426 4932 2689 5012 ἐγένοντο.
2727 4927 2872 5014 ΗΟρα
2915 4936 2970 4993 δὲ
3001 4938 3080 4994 ὅτι
3112 4941 3215 5020 οὐχ
3243 4927 3531 5016 ἡτοίμασεν
3561 4946 3589 4999 ὁ
3620 4947 3749 5009 Θεὸς

360 5022 714 5102 supplicium
747 5023 909 5084 enim
937 5043 1055 5084 non
1079 5023 1216 5085 fecit
1239 5033 1480 5103 propter
1503 5023 1741 5103 nos,sed
1773 5033 2016 5102 propter

2113 5020 2156 5075 τὸ
2212 5028 2313 5099 πῦρ
2356 5035 2473 5086 τοῖς
2531 5024 2845 5105 ἀνθρώποις,
2899 5025 3012 5083 οὐδὲ
3043 5028 3141 5095 τὴν
3169 5028 3390 5086 κόλασιν
3431 5032 3650 5100 ἐποίησε
3679 5032 3750 5090 δι’

359 5109 658 5198 diabolum
691 5129 705 5173 ε
743 5129 851 5188 ego
886 5121 1080 5174 autem
1115 5113 1527 5190 memetipsum
1547 5111 1837 5192 supplicio
1859 5111 2005 5173 facio

2113 5110 2284 5198 ιδμᾶς,
2322 5109 2459 5167 ἀλλὰ
2500 5110 2585 5168 διὰ
2626 5114 2716 5169 τὸν
2772 5112 3036 5190 διάϐολον,
3091 5117 3200 5196 ἐγὼ
3245 5117 3300 5174 δὲ
3331 5126 3472 5176 ποιῶ
3514 5121 3740 5198 ἐμαυτὸν

355 5197 1001 5263 obnoxium.Horresce
1027 5202 1268 5280 igitur,o
1295 5200 1636 5276 homo,cum
1659 5200 2006 5277 cogitaveris

2113 5202 2156 5272 τῇ
2210 5197 2423 5255 κολάσει
2466 5200 2733 5265 ὑπόδικον,
2802 5203 2987 5282 Φρίξον
3038 5203 3117 5277 δὲ,
3165 5206 3423 5288 ἄνθρωπε,
3485 5210 3738 5284 ἐννοήσας

361 5287 482 5345 Ml
513 5288 646 5350 hoc.
676 5289 832 5366 quod
856 5289 942 5350 illi
965 5309 1158 5369 neque
1177 5298 1238 5349 ut
1261 5297 1477 5368 scorta,
1501 5307 1694 5368 neque
1729 5297 1788 5348 ut
1819 5289 2001 5349 latro-

2116 5291 2320 5343 ντεὺθεν
2361 5289 2442 5345 ὅτι
2484 5289 2591 5346 ἰδοὺ
2624 5291 2767 5348 οὗτοι
2811 5290 2928 5348 οὔτε
2972 5295 3047 5356 ὡς
3102 5283 3308 5375 πόρνοι,
3344 5297 3460 5355 οὕτε
3505 5303 3580 5366 ὡς
3639 5301 3736 5380 ἅρ-

349 5393 679 5465 nes,_neque
695 5377 870 5456 utqui
888 5379 1232 5456 gravealiud
1250 5377 1532 5456 flagitium
1560 5385 2000 5456 perpetrarunt,

2113 5396 2278 5453 εαγες,
2334 5376 2450 5434 οὔτε
2508 5382 2581 5443 ὡς
2641 5380 2771 5436 ἄλλο
2829 5403 2878 5436 τι
2929 5382 3402 5459 πλεμμελήσαντες
3431 5391 3619 5465 κακὸν,
3651 5376 3740 5448 κου

350 5463 812 5554 puniuntur,sed
844 5477 908 5526 ut
939 5468 1118 5546 hiqui
1146 5468 1365 5528 tonum
1401 5484 1516 5527 non
1541 5467 1825 5554 fecerunt.
1848 5468 1997 5554 Pro-

2115 5465 2351 5554 άζονται,
2395 5467 2515 5523 ἀλλ’
2578 5471 2652 5532 ὡς
2711 5471 2790 5544 μὴ
2847 5473 3171 5540 ποιήσαντες
3226 5473 3442 5552 ἀγαθόν.
3502 5462 3741 5554 me“,

341 5554 498 5633 fecto
520 5552 567 5612 si
593 5551 748 5650 bene
770 5555 1452 5636 consideras,raptorest
1468 5553 1567 5635 qui
1583 5555 1764 5650 multa
1789 5553 1990 5632 habet,

2113 5553 2174 5650 αρ
2231 5554 2320 5650 ὶαν
2350 5555 2554 5650 λιαλῶς
2597 5560 2906 5650 σκοπήσίβς,
2937 5559 3108 5650 dipan
3160 5551 3299 5621 ἐστὶν
3328 5567 3357 5622 ὁ
3384 5551 3736 5650 πολλὰ-ἔχων.

341 5647 534 5704 etnon
554 5639 893 5718 miseretur,
923 5644 1153 5706 etiamsi
1171 5643 1469 5703 neminem
1494 5641 1805 5709 manifesta
1822 5662 1984 5711 ,con-

2113 5642 2311 5718 animi}.
2343 5643 2690 5730 ἕλωμαι*
2725 5639 3525 5730 μηδὶιιισ-διδυιήσψκροδῆλωε.
