4148 6290
287 406 443 472 433-

941 407 1386 471 ΕΝΑΗΒΑΤΙΟ
1427 409 1510 471 IN
1555 405 1949 470 EVANGELI

2039 405 2064 466 ί
2111 403 2510 467 ΜΑΤΤΗΔΙ.
2559 437 2636 452 --
2677 407 2845 469 CAP.
2880 407 3069 469 XXV.

3571 404 3693 467 434

304 546 424 622 γὰρ
482 542 602 623 ἔχει
659 553 1004 622 περισσότερα
1060 544 1151 598 τοῦ
1206 540 1436 620 δέοντος,
1511 539 1714 619 ἥρπασε
1757 537 1955 599 πάντως

2039 533 2555 623 tumeliaaﬂiciat.
2591 536 2735 608 Quia
2759 537 2920 598 enim
2953 537 3220 616 quaedam
3255 537 3433 600 habet
3470 537 3692 618 quibus

299 633 410 690 ἀπὸ
466 639 574 688 τῶν
617 633 912 712 χρηζόντον
959 632 1079 710 μὲν,
1127 631 1204 704 μὴ
1258 629 1636 705 λαμϐανόντων
1680 626 1735 684 δὲ
1765 627 1816 693 ἒξ
1859 631 1957 685 αῦ-

301 729 421 783 τοῦ.
487 722 544 780 Εἰ
602 723 702 798 γὰρ
761 723 833 785 εἰς
893 722 1069 778 κοινὸν
1121 719 1286 776 ταῦτα
1341 719 1656 796 κατέθηκεν,
1705 720 1844 783 ἦσαν
1897 714 1958 771 ἂν

301 811 547 868 κάκεῖνοι
606 808 894 873 ὰνενδεεϊς’
937 817 1024 865 νῦν
1082 807 1136 864 δὲ
1187 808 1302 864 ἐπεὶ
1347 806 1626 865 ἀπέκλεισε
1655 814 1836 874 ταῦτα,
1873 811 1960 866 καὶ

304 897 696 969 ἱδιοποιήσατο,
756 897 848 955 διὰ
901 905 1055 955 τοῦτο
1118 896 1362 953 πένονται
1421 896 1618 952 ἐκεῖνοι
1651 911 1665 924 ⁸
1725 893 1863 950 ὥστε
1932 895 1959 948 6

308 986 622 1062 ἄνελε-ἤμων
699 985 868 1065 ἅρπαξ
953 987 1062 1042 ἐστὶ
1156 985 1436 1049 τοσούτους
1535 982 1726 1040 ἀδικῶν
1805 981 1958 1046 ὅσους

304 1081 604 1153 εὐεργετεῖν
658 1075 904 1154 ἠδύνατο,
961 1076 1048 1131 καὶ
1091 1076 1184 1131 οὐκ
1241 1073 1619 1151 εὐηργέτησεν,
1677 1071 1794 1128 ὅθεν
1847 1072 1956 1126 ἀπ-

304 1164 607 1222 ελεύσονται
667 1166 808 1222 οὗτοι
868 1166 940 1227 είς
1005 1161 1224 1219 κόλασιν
1278 1164 1489 1219 αἰώνιον
1545 1163 1632 1218 καὶ
1693 1159 1958 1236 μηδέποτε

304 1253 574 1331 λήγουσαν
611 1269 624 1283 ·
685 1255 733 1309 οἱ
791 1251 845 1308 δὲ
889 1251 1079 1308 δίκαιοι
1133 1253 1205 1314 εἰς
1257 1253 1400 1322 ζωὴν
1454 1250 1688 1310 αἰώνιον.
1735 1241 1959 1328 ἾΩσπερ

302 1345 404 1419 γὰρ
463 1346 510 1397 οἱ
559 1343 703 1419 ἅγιοι
761 1341 1027 1398 ἄπαυστον
1089 1340 1272 1420 ἔχουσι
1339 1341 1534 1419 χαρὰν,
1583 1340 1718 1396 οὕτω
1773 1340 1860 1394 καὶ
1911 1340 1957 1395 οἱ

301 1430 478 1488 ἄδικοι
526 1430 797 1488 ἄπαυστον
851 1428 1092 1504 κόλασιν,
1145 1429 1243 1485 κᾶν
1290 1428 1570 1507 Ὠριγένης
1601 1428 1806 1508 φλυαρῇ
1860 1425 1953 1483 λέ-

302 1542 413 1597 γων
471 1519 552 1576 ὅτι
608 1519 717 1576 ἐστὶ
776 1518 1046 1584 κολάσεως
1091 1518 1268 1590 τέλος,
1313 1521 1400 1575 καὶ
1442 1518 1538 1574 οὒκ
1577 1518 1657 1574 ἀεὶ
1710 1539 1952 1594 τιμωρη-

303 1611 555 1678 θήσονται
608 1612 654 1666 oi
707 1607 1021 1687 ἆμαρτολοὶ,
1054 1605 1174 1664 ἀλλ’
1217 1605 1390 1687 ἔσται,
1443 1606 1531 1663 ὅτε
1580 1609 1652 1666 εἷς
1707 1608 1798 1662 τὸν
1851 1613 1957 1661 τῶν

303 1696 517 1753 δικαίων
572 1697 735 1754 τόπον
789 1696 1114 1776 ὶλεύσονται,
1158 1696 1241 1752 διὰ
1298 1699 1394 1763 της
1449 1696 1718 1759 κολάσεως
1756 1698 1955 1772 καθαρ-

301 1787 501 1850 θέντες.
590 1785 907 1866 Ἐλέγχεται
992 1787 1093 1863 γὰρ
1179 1786 1411 1842 ἐντεῦθεν
1493 1786 1754 1864 φανερῶς,
1804 1791 1956 1841 τοῦτο

301 1877 424 1950 μὲν,
459 1876 511 1932 iv
543 1877 630 1941 οἶς
673 1875 815 1952 λέγει
860 1879 886 1931 ὃ
933 1876 1121 1954 Κύριος
1159 1894 1174 1910 '
1236 1873 1454 1931 κόλασιν
1511 1875 1747 1952 αἰώνιον,
1805 1895 1954 1930 τουτ-

2040 640 2159 682 non
2192 621 2440 701 indiget,
2475 624 2633 704 rapit
2660 625 2902 686 omnino
2933 624 3006 687 ab
3028 626 3120 686 his
3142 625 3459 704 quiegent,
3486 634 3545 688 et
3568 644 3685 687 non

2039 710 2335 789 accipiunt
2356 711 2749 789 abipso.Nam
2765 714 2813 774 si
2837 714 2896 774 in
2919 733 3236 776 commune
3270 733 3340 777 ea
3370 715 3686 795 posuisset,

2043 804 2289 865 fuissent
2313 805 2514 884 utique
2538 813 2594 865 et
2625 805 2711 866 illi
2736 826 2850 867 non
2883 806 3066 886 indigi
3095 828 3108 869 :
3145 825 3301 868 nunc
3331 815 3528 869 autem
3550 806 3690 886 quia

2042 893 2312 972 reclusit,
2342 901 2400 952 et
2431 894 2670 973 propria
2703 895 2864 968 fecit,
2898 904 3212 974 propterea
3255 896 3337 956 illi
3367 898 3639 958 esuriunt
3671 915 3683 958 :

2041 987 2217 1060 atque
2237 981 2314 1041 ita
2339 989 2398 1042 et
2418 991 2617 1061 raptor
2639 991 2727 1044 est
2752 984 2851 1063 qui
2878 984 3326 1056 immisericors,
3360 992 3442 1044 tot
3469 983 3689 1064 injuria

2041 1072 2326 1153 alliciens,
2353 1082 2498 1154 quot
2520 1075 2825 1138 beneﬁciis
2846 1075 3082 1142 afﬁcere
3107 1076 3312 1156 potuit,
3333 1085 3392 1138 et
3411 1096 3527 1138 nou
3550 1077 3688 1138 σασ-

2042 1161 2146 1224 cit.
2179 1161 2318 1222 Ideo
2350 1163 2516 1224 ibunt
2547 1163 2606 1224 bi
2637 1164 2699 1226 in
2730 1165 3082 1245 supplicium
3118 1174 3404 1227 aeternum
3439 1174 3496 1227 et
3525 1183 3685 1226 nun-

2040 1269 2214 1329 quam
2246 1251 2617 1324 ﬁniendum;
2664 1253 2813 1332 justi
2861 1272 2999 1314 vero
3031 1253 3091 1315 in
3143 1254 3320 1316 vitam
3371 1259 3684 1317 aeternam.

2038 1340 2182 1400 Nam
2218 1340 2370 1400 sicut
2400 1342 2585 1401 sancti
2617 1342 2971 1404 incessahile
3004 1343 3226 1404 habent
3254 1343 3560 1424 gaudium,
3608 1343 3702 1404 ita“

2038 1428 2091 1487 in
2094 1428 2237 1507 justi
2262 1428 2700 1490 indesinentem
2726 1450 2979 1511 pcenam:
3009 1433 3247 1494 tametsi
3269 1431 3556 1511 Origenes
3578 1451 3688 1494 nu-

2037 1526 2208 1594 getur
2233 1516 2440 1578 dicens
2470 1517 2595 1577 fore
2616 1519 3043 1598 suppliciorum
3075 1521 3278 1595 ﬁnem,
3301 1530 3359 1582 et
3389 1539 3506 1581 non
3532 1539 3686 1582 sem-

2041 1623 2144 1681 per
2203 1605 2534 1684 puniendos
2593 1616 2956 1685 peccatores,
3018 1609 3124 1669 sed
3183 1610 3310 1670 fore
3367 1608 3684 1689 aliquando

2041 1701 2294 1773 tempus,
2327 1695 2561 1773 quando
2591 1695 2650 1754 in
2679 1695 2980 1774 justorum
3014 1698 3244 1758 venturi
3275 1698 3394 1760 sint
3433 1715 3682 1758 consor-

2040 1781 2182 1840 tium
2219 1783 2444 1860 purgati
2475 1801 2510 1842 a
2534 1784 2745 1862 pinnis.
2777 1784 3060 1862 Arguitur
3088 1795 3286 1846 autem
3319 1803 3390 1846 ex
3421 1785 3533 1846 hoc
3556 1784 3684 1846 loco

2043 1871 2380 1944 manil'este,
2413 1889 2547 1931 nam
2575 1870 2858 1931 Dominus
2890 1873 3069 1936 dicit:
3120 1874 3477 1954 supplicium
3507 1880 3684 1934 aeter-

300 1966 440 2022 έστιν
504 1962 751 2024 οὗδέποτε
806 1964 1098 2041 λήγουσαν,
1176 1971 1332 2019 τοῦτο
1385 1961 1463 2032 δὲ,
1524 1963 1578 2019 iv
1622 1964 1708 2026 οἷς
1751 1959 1955 2041 προϐα-

2042 1975 2206 2028 num,
2242 1957 2354 2020 hoc
2378 1967 2488 2039 est,
2521 1977 2821 2039 nunquam
2860 1959 3163 2023 desinens.
3198 1962 3366 2024 Unde
3388 1971 3446 2024 et
3476 1960 3686 2022 ovibus

295 2076 406 2116 τοις
454 2055 552 2128 μὲν
613 2054 920 2131 παρεικάζει
984 2054 1103 2114 τοὺς
1173 2050 1431 2131 δικαίους,
1489 2051 1682 2131 ἐρίφοις
1736 2049 1788 2107 δὲ
1836 2053 1955 2115 τοὺς

2041 2058 2346 2128 comparat
2383 2051 2601 2131 justos,
2653 2051 2823 2112 hedis
2870 2060 3066 2114 autem
3107 2062 3488 2132 peccatores:
3537 2052 3688 2114 sicut

296 2142 672 2220 ἁμαρτωλούς.
736 2132 956 2219 ’Ὥσπερ
1022 2143 1122 2219 γὰρ
1182 2141 1358 2221 ἔριφος
1430 2143 1521 2198 οὐκ
1581 2140 1642 2196 ἂν
1685 2162 1815 2198 ποτε
1859 2141 1955 2217 γέ-

2041 2140 2196 2201 enim
2230 2142 2440 2203 haedus
2473 2161 2774 2223 nunquam
2803 2145 2868 2204 ﬁt
2895 2144 3040 2220 ovis,
3073 2146 3159 2206 sic
3190 2157 3503 2225 nunquam
3538 2161 3686 2225 pec-

296 2255 442 2289 νοιτο
500 2230 788 2311 πρόϐατον,
849 2231 1018 2293 οὕτως
1079 2228 1196 2289 οὐδὲ
1240 2233 1267 2286 6
1317 2228 1630 2307 ἁμαρτωλὸς
1679 2231 1949 2307 καθαρθή-

301 2321 450 2375 σεταί
500 2341 649 2398 ποτε,
696 2321 783 2376 καὶ
826 2318 1023 2382 δίκαιος
1073 2321 1354 2396 γενήσεται
1390 2335 1405 2350 '
1441 2319 1628 2381 σκότος
1658 2316 1713 2374 δί
1757 2317 1950 2384 ἐξώτε-

307 2429 421 2485 ρον,
493 2409 549 2463 τὲ
605 2407 932 2487 ποῤῥώτερον
988 2415 1082 2464 τοῦ
1140 2409 1314 2485 φωτός
1373 2413 1464 2463 τοῦ
1507 2408 1663 2472 θείου,
1725 2408 1812 2462 καὶ
1870 2405 1953 2463 διὰ

311 2505 462 2554 τοῦτο
509 2501 592 2555 καὶ
636 2497 1020 2577 χαλεπωτέραν
1065 2504 1248 2553 ποιοῦν
1291 2497 1388 2562 τὴν
1428 2495 1669 2554 κόλασιν.
1707 2493 1868 2554 ’Ἔστι
1899 2495 1953 2551 δὲ

312 2589 424 2643 καὶν
461 2587 622 2643 αἰτίαν
659 2585 812 2656 τήνδε
843 2590 1013 2643 εἰπεῖν
1064 2590 1135 2650 εἰς
1182 2593 1358 2665 τοῦτο,
1419 2589 1445 2642 6
1498 2585 1811 2660 ἁμαρτωλὸς
1867 2589 1954 2642 καὶ

310 2676 525 2732 ἐνταῦθα
585 2677 680 2749 μὲν
724 2678 911 2739 σκότος
972 2675 1110 2754 ἔχει,
1160 2675 1399 2731 ἐκπεσὼν
1450 2684 1542 2734 τοῦ
1587 2680 1685 2740 τῆς
1745 2674 1952 2732 δικαιο-

302 2770 462 2831 σύνης
525 2756 727 2836 Ἠλίου,
787 2764 903 2820 ἀλλ’
964 2765 1077 2820 ἐπεὶ
1140 2763 1285 2830 ἐλπίς
1327 2763 1436 2819 ἐστι
1488 2761 1813 2838 μεταϐολῆς,
1872 2762 1954 2820 διὰ

297 2862 455 2910 τοῦτο
499 2858 595 2912 οὒκ
651 2853 759 2910 ἔστι
817 2855 877 2909 τὸ
926 2853 1112 2917 σκότος
1143 2851 1574 2928 τοῦτο-ἐξώτερον
1612 2868 1625 2881 ⁶
1662 2853 1788 2926 μεθὸ
1820 2852 1950 2926 μέν-

2038 2240 2202 2293 calor
2233 2233 2574 2312 purgabitur
2621 2242 2680 2295 et
2736 2233 2850 2295 erit
2888 2235 3108 2314 justus.
3153 2236 3440 2298 Tenebrae
3487 2244 3684 2300 autem

2036 2325 2389 2399 exteriores,
2423 2345 2552 2406 quae
2583 2327 2783 2406 procul
2811 2337 2947 2388 sunt
2977 2346 3011 2389 a
3043 2328 3176 2390 luce
3203 2329 3428 2403 divina,
3463 2337 3521 2388 et
3551 2346 3686 2408 pro-

2037 2422 2246 2494 pterea
2266 2414 2592 2492 graviorem
2618 2415 2838 2476 faciunt
2859 2434 3113 2496 pcenam.
3132 2418 3486 2481 Potestitem
3510 2435 3687 2479 causa

2038 2501 2303 2582 quaedam
2337 2504 2535 2564 afferri
2567 2504 2636 2565 ad
2671 2508 2818 2568 haec.
2853 2504 3137 2567 Peccator
3164 2506 3324 2567 enim
3357 2507 3416 2566 in
3435 2506 3544 2567 hac
3573 2506 3689 2568 vita

2038 2591 2100 2651 in
2133 2591 2392 2654 tenebris
2423 2603 2532 2672 est,
2571 2613 2704 2653 nam
2758 2595 2978 2656 excidit
3026 2614 3060 2656 a
3097 2597 3222 2657 sole
3245 2595 3490 2676 justitiaa
3524 2618 3536 2654 :
3581 2595 3685 2657 sed

2036 2680 2176 2760 quia
2205 2699 2342 2758 spes
2395 2692 2485 2742 est
2532 2684 2956 2758 conversionis,
3018 2693 3332 2764 propterea
3380 2704 3497 2746 non
3543 2683 3687 2746 sunt

2037 2769 2301 2829 tenebrae
2333 2771 2444 2832 illae
2472 2772 2814 2844 exteriores,
2843 2775 3026 2834 Porro
3057 2772 3160 2832 ubi
3188 2783 3453 2834 mortuus
3474 2772 3683 2848 fuerit,

2038 2870 2095 2921 et
2122 2861 2406 2922 institerit
2427 2881 2673 2924 examen
2696 2865 3008 2937 factorum,
3032 2864 3341 2943 excipiunt
3361 2883 3494 2926 eum
3523 2876 3708 2927 exte.'

293 2967 373 2999 τοι
434 2944 712 3016 ἀποθάνοι,
785 2946 872 3000 καὶ
945 2944 1191 3009 ἐπισταίη
1255 2946 1289 3011 ἡ
1372 2949 1479 2999 τῶν
1562 2942 1950 3021 πεπραγμένων

2039 2953 2243 3016 riorse.
2278 2952 2403 3015 Non
2436 2956 2592 3016 enim
2629 2955 2779 3015 ultra
2815 2942 3224 3017 conversionis
3255 2976 3392 3036 spes
3426 2965 3538 3036 est,
3576 2958 3683 3020 sed

289 3033 554 3112 ἱξὲτασις,
609 3031 913 3114 διαδέχεται
992 3035 1147 3088 αὐτὸν
1204 3035 1293 3088 καὶ
1350 3031 1599 3109 ἐξώτερον
1637 3047 1649 3060 ·
1727 3035 1821 3088 οὐκ
1876 3029 1950 3085 ἔτι

291 3124 392 3198 γὰρ
436 3121 584 3184 ἐλπίς
645 3122 754 3178 ἐστι
830 3119 1156 3196 μεταϐολῆς,
1218 3119 1356 3176 ἀλλὰ
1414 3121 1658 3186 παντελῆ
1705 3120 2014 3224 στέρησινο

297 3218 402 3266 τῶν
461 3219 552 3268 τοῦ
609 3220 739 3270 Θεοῦ
797 3213 1005 3288 ἀγαθῶν
1062 3210 1362 3289 ὑφίσταται,
1419 3209 1508 3266 Ἐν
1565 3209 1676 3281 ὅσῳ
1723 3209 1822 3286 γὰρ
1864 3212 1954 3263 iv-

300 3300 461 3356 ταῦθά
519 3299 658 3369 ἔστι,
720 3300 816 3356 κᾶν
895 3300 1117 3377 μετρίως
1204 3297 1448 3373 ἀπολαύῃ
1505 3304 1610 3353 τῶν
1666 3299 1757 3353 τοῦ
1828 3296 1959 3353 Θεοῦ

304 3390 546 3466 ἀγαθῶν,
594 3396 698 3444 τῶν
756 3391 1020 3454 αἰσθητῶν
1069 3392 1167 3453 τῆς
1226 3387 1444 3451 κτίσεως
1487 3385 1649 3464 λέγω,
1696 3387 1782 3442 καὶ
1811 3385 1959 3441 δοκεῖ

306 3476 488 3542 δοῦλος
536 3479 678 3534 εἶναι
709 3480 951 3534 ὁπωσοῦν
983 3483 1073 3533 τοῦ
1125 3482 1277 3546 Θεοῦ,
1313 3475 1366 3530 iv
1396 3479 1471 3547 τῷ
1520 3473 1658 3548 οῗκῷ
1685 3474 1840 3530 αὒτοῦ
1893 3480 1960 3550 τῇ

306 3569 469 3622 κτίσει
501 3568 666 3642 ταύτῃ
710 3565 932 3644 διάγων,
995 3568 1081 3622 καὶ
1141 3564 1228 3620 ὑπ’
1283 3563 1440 3620 αὐτοῦ
1496 3564 1814 3641 τρεφόμενος
1871 3564 1958 3618 καὶ

304 3654 676 3733 διεξαγόμενος
717 3670 729 3684 ⁸
777 3655 896 3710 τότε
948 3652 1002 3709 δὲ
1056 3653 1385 3709 παντάπασιν
1452 3651 1810 3708 ἀποκόπτεται
1867 3660 1958 3710 τοῦ

302 3752 456 3824 Θεοῦ,
515 3742 720 3805 οῦδενὸς
777 3743 1025 3821 μετέχων
1085 3749 1191 3798 τῶν
1276 3741 1433 3797 αὒτοῦ
1504 3741 1738 3819 ἀγαθῶν,
1793 3742 1957 3798 Τοῦτο

300 3834 415 3889 ἔστι
469 3835 530 3889 τὸ
600 3833 814 3905 σκότος,
892 3831 1240 3910 συγκριτικῶς
1312 3828 1600 3905 λεγόμενον
1681 3827 1953 3906 ἐξώτερον,

301 3934 374 3979 ὼε
433 3924 564 4001 πρὸς
622 3923 683 3977 τὸ
743 3922 982 3982 ἐνταῦθα,
1036 3910 1215 3998 ιὈπερ
1257 3921 1350 3975 οὐκ
1394 3917 1534 3974 ἔστιν
1563 3916 1837 3996 ἒξώτερον,
1882 3921 1956 3980 ὡς

300 4012 381 4086 μὴ
437 4009 711 4074 παντελῶς
759 4009 1198 4083 ἂποκοπτομένου
1256 4008 1485 4066 ἐντεῦθεν
1517 4005 1620 4074 ἤδη
1657 4015 1747 4064 τοῦ
1775 4007 1954 4083 ἆμαρ-

301 4099 498 4160 τωλοῦ.
558 4099 722 4156 Ἀλλὰ
795 4100 855 4154 σὺ
917 4100 1075 4178 φεῦγε
1137 4099 1199 4154 τὸ
1255 4095 1629 4175 ἅσπλαγχνον,
1702 4097 1788 4151 καὶ
1859 4096 1956 4162 τὴν

304 4189 671 4263 ἐλεημοσύνην
732 4188 951 4266 ἐργάζου
1006 4188 1094 4242 καὶ
1138 4189 1398 4252 αἰσθητῶς
1457 4186 1580 4264 μὲν,
1638 4182 1780 4250 πλὴν
1823 4183 1957 4240 ἄλλα

304 4280 394 4334 καὶ
429 4283 821 4353 πνευματικῶς,
877 4276 1079 4356 Θρέψον
1137 4276 1237 4354 γὰρ
1292 4275 1383 4330 τὸν
1444 4273 1667 4351 Χριστὸν
1696 4274 1957 4328 πεινῶντα

303 4369 402 4433 τὴν
468 4367 731 4445 ἡμετέραν
819 4366 1081 4438 σωτηρίαν
1111 4382 1127 4400 ⁸
1187 4361 1324 4420 ἀλλὰ
1393 4365 1481 4418 καὶ
1554 4363 1644 4418 τὸν
1698 4363 1956 4418 πεινῶντα

2033 3056 2283 3108 sustinet
2307 3049 2682 3126 omnigenam
2704 3047 2884 3108 divini
2908 3049 3248 3129 splendoris
3263 3050 3680 3129 privationem.

2039 3136 2309 3210 Quandiu
2351 3140 2508 3200 enim
2541 3140 2636 3200 hic
2680 3147 2791 3214 est,
2847 3141 3079 3201 etiamsi
3130 3142 3283 3204 bona
3323 3143 3433 3205 Dei
3482 3141 3681 3204 minus

2039 3230 2294 3291 ubertim
2313 3231 2926 3312 suscipiat[loquorde
2941 3233 3321 3295 sensibilibus
3339 3245 3395 3295 et
3416 3233 3676 3314 creatis].

2040 3319 2272 3380 videtur
2292 3339 2424 3380 esse
2452 3322 2888 3400 quodammodo
2905 3339 3109 3382 servus
3136 3323 3238 3385 Dei
3259 3323 3397 3384 dum
3427 3323 3485 3384 in
3507 3323 3683 3384 domo

2043 3409 2194 3488 ejus,
2230 3409 2342 3470 hoc
2388 3418 2477 3470 est
2505 3410 2566 3470 in
2616 3411 2926 3478 creaturis.
2978 3420 3270 3492 versatur,
3317 3411 3390 3472 ab
3435 3411 3682 3492 ipsoque

2041 3499 2218 3558 alitur
2247 3509 2304 3559 et
2334 3500 2642 3559 educatur.
2677 3498 2844 3560 Tunc
2883 3508 3078 3561 autem
3113 3501 3386 3561 omnibus
3433 3500 3622 3562 modis
3648 3519 3683 3561 a

2039 3585 2164 3646 Deo
2194 3587 2493 3661 dividitur,
2545 3588 2693 3650 nihil
2745 3608 3062 3651 commune
3113 3609 3246 3651 cum
3299 3590 3455 3650 iilius
3509 3588 3683 3651 bonis

2042 3674 2284 3736 habens.
2320 3675 2421 3737 Hae
2450 3685 2589 3736 sunt
2619 3694 2725 3756 per
2755 3678 3252 3758 comparationem
3277 3677 3350 3738 ad
3383 3679 3489 3738 has
3510 3686 3681 3738 tene-

2041 3763 2163 3825 brae
2190 3767 2535 3832 exteriores,
2570 3783 2638 3826 eo
2667 3765 2822 3845 quod
2874 3766 2970 3827 hic
3003 3785 3120 3827 non
3165 3765 3440 3827 omnibus
3489 3767 3681 3827 modis

2042 3853 2315 3923 peccator
2336 3852 2659 3907 resecatur.
2698 3849 2773 3905 At
2799 3855 2859 3905 tu
2881 3847 3014 3922 fuge
3035 3845 3590 3907 immisericordiam
3621 3855 3682 3910 et

2041 3933 2128 3993 lac
2160 3934 2594 4013 eleemosynas,
2629 3943 2687 3994 et
2715 3934 2860 3996 alias
2891 3935 3130 4014 quidem
3163 3934 3500 4013 sensibiles,
3533 3935 3683 3996 alias

2039 4031 2234 4084 autem
2261 4022 2620 4101 spirituales.
2658 4021 2836 4082 Pasce
2859 4021 3179 4098 Christum,
3204 4024 3302 4104 qui
3325 4023 3506 4084 esurit
3525 4022 3683 4084 salu-

2042 4122 2157 4172 tem
2189 4120 2473 4172 nostram.
2498 4111 2614 4173 Sed
2638 4120 2695 4173 et
2725 4111 3082 4172 esurientem
3117 4111 3415 4173 doctrinas
3443 4111 3492 4171 si
3513 4129 3683 4191 pave-

2038 4202 2121 4261 ris
2151 4205 2212 4262 et
2262 4200 2573 4279 potaveris.
2630 4199 2834 4279 pa':isti
2877 4200 3175 4263 Christum
3226 4209 3281 4260 et
3329 4201 3564 4279 potasti.
3615 4199 3683 4262 In

2041 4280 2368 4342 Christiano
2387 4281 2544 4340 enim
2559 4279 2827 4340 Christus
2843 4290 3018 4352 est,et
3035 4279 3181 4341 ﬁdes
3193 4281 3369 4340 alitur
3393 4287 3450 4340 et
3467 4279 3686 4340 crescit

2041 4368 2342 4429 doctrinis.
2379 4367 2494 4430 Sed
2531 4377 2587 4428 et
2623 4367 2673 4426 si
2711 4368 2931 4429 videris
2963 4367 3340 4447 peregrinum
3362 4386 3395 4428 a
3425 4383 3684 4445 superna

303 4454 642 4517 διδασκαλίας
702 4456 794 4511 ἐὰν
835 4454 1031 4538 θρέψῃς
1074 4454 1161 4509 καὶ
1231 4452 1478 4530 ποτίσης,
1544 4450 1763 4526 ἔθρεψας
1822 4457 1954 4527 Χρι-

2042 4458 2250 4538 patria,
2284 4467 2478 4518 tecum
2507 4465 2564 4517 et
2584 4454 2823 4536 collige,
2850 4455 2959 4518 hoc
2990 4464 3099 4529 est,
3122 4457 3261 4516 dum
3280 4454 3683 4534 ingrcderisin

302 4546 428 4600 στὸν
486 4548 574 4599 καὶ
619 4543 894 4606 ἐπότισας.
954 4534 1011 4600 Ὀ
1056 4543 1154 4620 γὰρ
1184 4541 1240 4597 έν
1287 4548 1363 4614 τῷ
1396 4542 1693 4618 Χριστιανῴ
1735 4541 1956 4616 Χριστὸς

295 4635 389 4689 καὶ
434 4634 469 4700 ἡ
523 4634 700 4695 πίστις
758 4632 1000 4712 τρέφεται
1041 4633 1126 4687 καὶ
1173 4629 1382 4694 αὔξεται
1425 4628 1510 4687 διὰ
1551 4628 1646 4696 τῆς
1702 4626 1956 4686 διδασκα-

2041 4550 2241 4618 caelos,
2276 4545 2547 4607 introduc
2582 4555 2638 4605 et
2673 4544 2860 4613 illum,
2899 4563 2973 4606 ne
3019 4544 3150 4606 aliis
3192 4543 3520 4623 praedicans
3554 4543 3683 4623 ipse

2041 4628 2121 4688 sis
2165 4627 2477 4706 reprobus.
2529 4624 2601 4686 Et
2656 4626 2707 4686 si
2761 4624 2894 4705 quis
2949 4623 3413 4703 incorruptionis
3459 4632 3680 4686 vestem

301 4721 440 4783 λίας,
505 4719 676 4778 Ἀλλὰ
718 4720 816 4776 κᾶν
860 4718 983 4797 ἴδῃς
1028 4721 1168 4798 τινὰ,
1217 4719 1360 4785 ξένον
1403 4718 1681 4794 γινόμενον
1708 4721 1806 4783 τῆς
1850 4716 1955 4774 ὂίνω

2041 4715 2348 4797 abjeterit,
2384 4734 2560 4796 quam
2595 4733 2702 4794 per
2747 4713 3106 4795 baptismum
3148 4712 3362 4786 induit,
3390 4721 3450 4775 et
3485 4711 3680 4774 nudus

304 4809 580 4889 πατριδος,
641 4810 1012 4888 συνεισάγαγε,
1057 4808 1317 4878 τουτέστι,
1378 4807 1468 4863 σὺν
1531 4807 1608 4880 τῷ
1663 4827 1750 4862 και
1804 4807 1955 4871 αὐτὸς

2043 4808 2139 4880 sit,
2175 4815 2318 4866 Mx
2356 4806 2537 4866 indue
2569 4807 2760 4866 ilium.
2784 4804 2858 4866 Et
2885 4803 3184 4864 inﬁrmum
3217 4801 3331 4865 [ide
3359 4803 3446 4882 (ut
3469 4800 3683 4864 Paulus

308 4901 642 4981 εἰσέρχεσθαι
687 4902 760 4963 εἰς
816 4901 1087 4979 οὐρανοὺς,
1150 4899 1397 4978 εἰσάγαγε
1425 4897 1696 4977 κάκεῖνον,
1741 4898 1818 4970 μὴ
1863 4896 1955 4954 ἄλ-

2045 4897 2284 4977 dicit57)
2319 4913 2555 4984 assume
2584 4911 2607 4984 ,ε
2661 4901 2720 4955 et
2755 4892 3115 4984 vinctutnnin
3150 4909 3412 4984 carcere,
3447 4890 3560 4984 hoc
3588 4900 3684 4952 est.

313 4970 433 5052 λοις
456 4970 785 5067 ηκηρύσσων,
859 4970 1012 5054 αὐτὸς
1063 4970 1117 5044 6i
1174 4970 1425 5061 ἀδόκιμος
1483 4984 1558 5042 ὤν
1591 5004 1604 5019 ·
1653 4970 1750 5042 κ’ἆν
1780 5008 1860 5048 τις
1902 4990 1955 5044 τί

2047 4970 2296 5055 corpore
2319 4977 2418 5037 illo
2441 4971 3090 5052 tenelnroso,invise,illi
3108 4971 3274 5054 quasi
3295 4970 3681 5069 splendorem

310 5084 412 5144 τῆς
471 5060 758 5158 ἀφθαρσίας
822 5079 1033 5152 ἱμάτιον
1089 5060 1358 5154 ἀποϐάλη,
1412 5076 1439 5131 ὃ
1495 5073 1578 5131 διὰ
1633 5075 1726 5131 τοῦ
1780 5077 1955 5151 βαπτί-

2045 5066 2511 5131 admonitionem
2543 5065 2794 5127 donans.
2830 5065 2955 5126 Hax
2984 5081 3086 5161 sex
3115 5061 3350 5161 species
3379 5060 3682 5161 charitatis

309 5189 513 5240 σματος
568 5166 724 5246 ἔσχε,
769 5169 858 5222 καὶ
912 5165 1235 5245 γυμνωθείη,
1294 5162 1501 5220 ἔνδυσον
1549 5163 1730 5242 αὒτὸν,
1762 5165 1848 5219 καὶ
1872 5166 1955 5220 τὸν

2047 5173 2254 5217 omnes
2283 5154 2463 5234 imple
2486 5153 2729 5232 quidem
2760 5150 3161 5249 corporaliter;
3195 5148 3374 5228 imple
3401 5155 3600 5249 autem
3622 5152 3683 5208 et

309 5259 622 5312 ἀσθενοῦντα
681 5262 749 5332 τῇ
791 5257 986 5326 πίστει,
1055 5258 1128 5318 ὡς
1175 5256 1202 5309 6
1261 5251 1464 5315 Παῦλός
1508 5273 1660 5330 φησι,
1719 5251 1955 5330 προσλα-

2047 5231 2431 5326 spiritualiter
2457 5259 2473 5316 ;
2506 5231 2641 5302 nam
2674 5260 2805 5302 cum
2829 5231 3084 5321 duplicis
3113 5247 3338 5338 naturae
3365 5237 3592 5338 simus,“
3609 5252 3684 5336 ex

303 5341 400 5404 ϐοῦ
434 5361 445 5375 ’
495 5346 582 5400 καὶ
626 5346 716 5400 τὸν
746 5342 1121 5421 καθειργμένον
1151 5342 1205 5399 iv
1236 5349 1304 5418 τῇ
1357 5339 1588 5420 φυλακῇ,
1635 5346 1710 5413 τῷ
1753 5339 1955 5415 σώματι

2042 5325 2238 5398 anima
2267 5343 2323 5395 et
2353 5349 2627 5412 corpore,
2664 5338 2906 5408 possunt
2929 5331 3055 5392 haec
3076 5341 3135 5391 et
3159 5325 3680 5421 bifariamperﬁci.

301 5434 472 5506 τούτῳ
531 5439 608 5506 τῷ
665 5416 1311 5505 σκοτεινῶξέπίσκεψαί,
1371 5416 1584 5507 ’ὥσπερ
1649 5450 1699 5483 τι
1771 5427 1966 5506 φέγγος
2042 5431 2183 5499 αὐτῷ
2238 5424 2332 5490 τὴν
2401 5424 2664 5480 νουθεσίαν
2726 5421 3072 5498 δωρούμενος,
3147 5425 3322 5477 Ταῦτα
3377 5418 3549 5475 πάντα
3619 5416 3685 5474 τὰ

301 5521 354 5585 ἕξ
424 5519 550 5586 εἴδη
609 5526 709 5587 τῆς
769 5520 986 5597 ἀγάπης
1036 5517 1266 5576 ἐπιτέλει
1325 5517 1424 5592 μὲν
1482 5506 1572 5572 καὶ
1635 5520 1978 5592 σωματικῶς,
2029 5515 2168 5582 πλὴν
2228 5511 2360 5569 ἀλλὰ
2419 5515 2504 5568 καὶ
2557 5516 2800 5590 ψυχικῶς
2835 5524 2847 5539 ⁸
2910 5506 3109 5565 διπλῶν
3151 5508 3249 5586 γὰρ
3279 5507 3444 5565 ὄντων
3502 5507 3682 5590 ’ἱλιμθῖιῖιν⁹

298 5612 364 5667 ἐκ
392 5615 577 5688 ψυχῆς
610 5611 700 5666 καὶ
728 5609 1005 5683 σώματος,
1036 5606 1276 5666 δύνανται
1308 5616 1474 5666 ταῦτα
1501 5603 1698 5670 διπλῶς
1730 5609 2143 5682 κατορθωθῆναι.

383 5744 450 5795 1η
495 5740 688 5806 iCor.
733 5760 820 5815 ιιι,
852 5739 888 5806 1
