4148 6290
447 430 566 498 435
1345 435 1347 438 ’
1409 429 1999 496 ΤΗΕΟΡΗΥΙιΑΟΤΙ
2042 432 2121 493 BI

2206 428 2452 496 GABII!
2495 437 2850 500 ARCHIEP.

1029 562 1274 630 CAPUT
1317 564 1520 630 XXVI.
2109 596 2121 621 Α

2767 572 3018 631 usus.
3067 554 3214 642 ις’.

455 658 937 742 υιᾲυασάαιςηα
969 659 1292 742 Dominum
1323 666 1609 742 augente.
1652 662 1746 742 De
1760 657 2093 742 _Pa_schat_e.

2206 660 2455 742 “91,1714:
2508 661 2808 737 ἀλειψάσης
2888 665 2981 720 τὸν
3066 664 3264 742 Κύριοι.
3305 661 3476 738 μύρῳ.
3549 658 3680 742 Περὶ
3751 658 3855 742 106

531 740 620 803 De
657 737 912 820 mystica
945 756 1140 801 cana.
1188 740 1276 802 De
1324 737 1655 802 traditione
1701 739 1955 802 Christi.
2009 737 2097 799 De

2259 740 2469 821 πάσχα.
2554 745 2676 821 Περὶ
2745 753 2838 803 106
2919 737 3176 818 μυστικοῦ
3245 737 3474 798 δείπνου.
3537 739 3691 821 ηερὶέ
3751 737 3858 798 τῆς

531 765 620 803 υσ
657 765 912 820 mystica
945 765 1140 801 σοετια.
1188 765 1276 802 νε
1324 765 1655 802 ινααιηυησ
1701 765 1955 802 Lurius.
2009 765 2096 799 υσ

529 821 849 898 negatione
881 821 1076 881 Petri.

2259 765 2368 795 πασ
2416 765 2469 803 α.
2554 765 2676 821 ιιερι
2745 766 2838 803 του
2919 765 3176 818 μυστικου
3245 765 3474 798 οειπνου.
3538 765 3663 806 "cpt
3751 765 3855 798 “UH

2259 765 2597 898 παρέδόσεως
2681 830 2774 879 τοῦ
2859 828 3110 900 Χριστοῦ.
3197 823 3320 900 Περὶ
3383 825 3482 886 τῆς
3557 817 3855 896 ἀρνήσεως

2256 907 2350 957 τοῦ
2393 902 2610 978 Πέτρου,

3715 423 3848 492 436

533 995 722 1060 Vsus.
756 998 814 1060 l.
873 1021 897 1050 α
930 1000 1001 1060 Et
1029 995 1245 1059 factum
1279 1006 1386 1074 est,
1438 1016 1573 1061 cum
1627 1002 2101 1060 consummasset

452 1087 630 1148 Jesus
666 1103 980 1149 sermones
1010 1085 1120 1147 hos
1141 1104 1374 1165 omnes,
1403 1087 1553 1150 dixit
1581 1085 1893 1168 discipulis
1922 1084 2044 1146 suis
2078 1102 2092 1147 :

454 1175 630 1238 Scitis
686 1173 824 1255 quia
876 1181 1008 1253 post
1064 1172 1311 1236 biduum
1370 1173 1594 1237 Pascha
1635 1176 1758 1254 fiet,
1811 1182 1869 1236 et
1913 1173 2098 1236 Filius

455 1262 715 1326 hominis
774 1263 1036 1324 tradetur
1092 1271 1156 1323 ut
1209 1263 1606 1342 crucifigatur.
1656 1290 1680 1320 ι
1737 1263 1884 1336 Quia
1931 1261 2099 1341 regni

457 1351 726 1414 meminit
754 1350 1264 1431 etretributionis,
1293 1353 1642 1432 tempestive
1669 1360 2103 1432 consequenter

456 1448 515 1502 et
545 1438 621 1501 de
650 1440 927 1520 passione
971 1456 1076 1500 sua
1105 1439 1371 1513 disserit,
1406 1442 1574 1521 quasi
1614 1442 1820 1502 dicens
1853 1460 1866 1499 :
1913 1439 2099 1500 Etiam

456 1529 515 1590 hi
543 1530 644 1610 qui
678 1547 771 1590 me
801 1528 1228 1604 crucifixerint,
1262 1529 1399 1609 igne
1435 1531 1778 1611 punientur.

537 1619 719 1679 Vens.
754 1618 892 1679 2-5.
933 1639 956 1672 α
1013 1616 1179 1679 Tunc
1232 1619 1567 1697 congregati
1613 1628 1759 1681 sunt
1805 1618 2103 1700 principes

455 1704 855 1782 sacerdotum,
915 1714 970 1768 et
1031 1707 1265 1781 scriba},
1320 1715 1378 1768 et
1425 1707 1696 1770 seniores
1752 1707 1980 1788 populi,
2040 1705 2102 1765 in

2269 1727 2296 1758 α
2340 1706 2469 1763 Τότε
2528 1709 2870 1787 συνήχθησαν
2923 1712 2970 1764 οἱ
3013 1709 3286 1788 ἀρχιερεῖς
3342 1708 3428 1764 καὶ
3477 1707 3524 1761 οἱ
3569 1709 3604 1759 Γ
3609 1725 3846 1780 ραμμα-

456 1797 670 1859 atrium
695 1796 984 1877 principis
997 1796 1391 1868 sacerdotum,
1407 1800 1507 1878 qui
1528 1798 1836 1860 dicebatur
1854 1796 2100 1874 Caipha,

2206 1806 2298 1856 ιεῖς
2357 1796 2443 1850 καὶ
2493 1797 2539 1851 οἱ
2595 1793 2934 1875 πρεσϐύτεροι
2979 1806 3072 1855 106
3113 1807 3242 1856 λαοῦ
3273 1799 3342 1861 εἷς
3370 1796 3466 1862 τὴν
3518 1793 3685 1859 αὒλὴν
3746 1812 3849 1846 του

457 1895 516 1948 et
545 1884 861 1947 consilium
912 1885 1172 1947 inierunt
1205 1895 1267 1946 ut
1316 1885 1517 1949 Jesum
1549 1887 1688 1948 dolo
1735 1893 2007 1948 tenerent
2047 1893 2104 1945 et

2206 1883 2475 1962 ιρχιερέως
2537 1892 2629 1941 τοῦ
2682 1884 2972 1963 λεγομένου
3028 1887 3267 1966 Καϊάφα,
3329 1885 3418 1940 καὶ
3486 1878 3846 1939 συνεϐουλεύ-

2398 1972 2423 1990 η
2581 1975 2593 1990 \
2695 1973 2730 1990 Ι-
2844 1982 2865 1990 -ν
2966 1972 3040 1990 ειμι
3324 1974 3335 1990 Ι
3616 1971 3629 1990 \
3713 1968 3726 1990 ’

457 1975 825 2037 occiderent.
861 1973 1146 2036 Dicebant
1171 1983 1367 2036 autem
1406 1997 1418 2038 :
1448 1975 1573 2038 Non
1608 1977 1666 2036 in
1698 1975 1793 2037 die
1823 1976 1990 2042 festo,
2029 1991 2102 2035 ne

2206 1992 2344 2026 rav10
2398 1972 2491 2028 ἵνα
2545 1975 2639 2030 τὸν
2695 1973 2897 2041 Ἱησοῦν
2961 1972 3098 2048 δόλῳ
3171 1974 3476 2052 κρατήσωσι
3546 1971 3634 2026 καὶ
3704 1968 3840 2024 ἁπο-

457 2063 744 2126 tumultus
771 2063 873 2124 fiat
901 2064 959 2125 in
993 2064 1234 2144 populo.
1273 2089 1296 2124 ι
1347 2063 1492 2127 Cum
1542 2066 1634 2128 lex
1667 2065 2010 2146 praeciperet
2043 2071 2108 2123 ut

2206 2060 2460 2117 ιτείνωσιν
2493 2076 2506 2092 ⁸
2565 2061 2746 2141 ’έλεγον
2788 2062 2843 2119 δέ
2878 2079 2890 2092 ⁸
2946 2064 3034 2130 Μὴ
3079 2064 3132 2120 ἰν
3176 2069 3243 2138 τῇ
3285 2064 3466 2141 ἑορτῇ,
3510 2061 3603 2116 ’ίνα
3633 2061 3710 2135 μὴ
3741 2060 3845 2115 θό-

459 2171 643 2214 unum
681 2161 906 2214 tantum
939 2153 1230 2215 haberent
1257 2154 1591 2234 pontificem
1622 2173 1728 2234 per
1757 2153 2108 2215 omneillius

2206 2148 2342 2215 >υ6ος
2401 2149 2620 2228 γένηται
2665 2151 2718 2206 ἰν
2762 2158 2838 2225 τῷ
2870 2155 3007 2228 λαῷ,
3071 2176 3098 2206 ι
3163 2160 3265 2210 T06
3306 2152 3470 2226 νόμου
3526 2149 3840 2211 κελεύοντος

461 2243 594 2304 vitae
625 2249 888 2322 tempus,
921 2242 1007 2302 illi
1057 2251 1264 2304 contra
1293 2242 1483 2322 legem
1525 2244 1740 2304 multos
1791 2242 2106 2317 faciebant,

2206 2239 2285 2294 ἕνα
2336 2240 2476 2296 εἶναι
2537 2240 2788 2320 ἀρχιερέα
2843 2240 2926 2297 διὰ
2979 2243 3118 2318 βίου,
3178 2240 3405 2305 πολλοὺς
3452 2240 3659 2296 ἰποίουν
3692 2239 3841 2295 αὐτοὶ

459 2349 612 2410 quos
641 2330 955 2411 quotannis
990 2331 1295 2392 mutabant
1329 2349 1347 2392 :
1392 2331 1616 2393 idcirco
1647 2331 1722 2393 ad
1767 2331 2106 2411 pontificem

2206 2330 2536 2410 παρανόμως,
2597 2327 2900 2405 ἀμείϐοντες
2977 2333 3159 2393 αὖτοὺς
3229 2329 3350 2387 κατ’
3410 2329 3646 2386 ὶνιαυτόν
3683 2345 3697 2358 ⁸
3761 2325 3841 2383 διὸ

2266 1011 2291 1048 ε
2343 995 2439 1050 Καὶ
2493 994 2703 1072 ἆγένετο
2732 995 2819 1053 ὅτε
2866 997 3101 1054 ἰτέλεσεν
3159 998 3186 1051 ὁ
3239 994 3442 1061 ἰησοῦς
3473 992 3679 1053 πάντας
3713 985 3854 1048 τοὺς

2179 1077 2370 1159 λόγους
2419 1083 2660 1164 τούτους,
2720 1085 2846 1142 εἶπε
2893 1099 3012 1150 τοῖς
3055 1088 3326 1160 μαθηταῖς
3371 1086 3528 1142 αὺτοῦ
3561 1096 3574 1110 ’
3610 1076 3854 1144 Οἴδατες

2179 1167 2259 1225 ὅτι
2317 1171 2451 1230 μετά
2492 1171 2580 1230 δύο
2630 1173 2830 1252 ἡμέρας
2888 1176 2948 1231 τὸ
2999 1175 3193 1254 Πάσχα
3234 1174 3454 1250 γίνεται.
3509 1169 3666 1227 Καὶὸ
3716 1165 3854 1233 Υἱὸς

2181 1267 2272 1316 τοῦ
2350 1260 2620 1340 ἀνθρώπου
2700 1261 3038 1340 παραδίδοται
3115 1265 3186 1328 είς
3245 1265 3306 1318 τὸ
3363 1261 3762 1337 σταυρωθῆναι.
3820 1275 3850 1306 ι

2183 1344 2402 1417 Ἐπειδὴ
2464 1350 2738 1426 βασιλείας
2793 1353 3032 1427 ἐμνήσθη
3107 1354 3196 1409 καὶ
3259 1347 3681 1412 ἆνταποδόσεως,
3748 1343 3853 1400 εὒα

2182 1439 2374 1516 καίρως
2458 1438 2642 1497 λοιπὸν
2700 1443 2786 1497 καὶ
2855 1445 2948 1499 106
3016 1443 3209 1506 πάθους
3291 1445 3376 1495 τοῦ
3443 1437 3634 1494 οἰκείου
3709 1433 3852 1491 διαο

2184 1525 2419 1604 λέγεται,
2466 1533 2754 1610 μονονουχὶ
2795 1539 2948 1588 τοῦτο
3001 1530 3196 1610 λέγων,
3249 1529 3330 1586 ὅτι
3381 1529 3478 1587 Καὶ
3508 1528 3555 1583 01
3587 1523 3852 1601 σταυρώ-

2185 1617 2368 1680 σαντὲς
2401 1640 2466 1691 με
2493 1625 2586 1674 106
2618 1621 2775 1697 πυρὸς
2805 1618 3206 1690 ἀξιωθήσονται,

460 2419 626 2482 illius
653 2419 798 2481 anni
829 2419 1074 2481 veniunt
1100 2419 1174 2481 de
1196 2420 1518 2482 homicidio
1536 2420 1845 2483 consilium
1878 2420 2107 2494 inituri,

466 2508 568 2569 ubi
598 2508 909 2589 oportebat
939 2508 1126 2588 magis
1177 2509 1506 2571 homicidas
1554 2509 1771 2590 puniri.
1808 2509 2111 2589 Principes

463 2605 664 2660 autem
679 2598 1052 2660 sacerdotum
1075 2597 1220 2659 dicit
1249 2617 1351 2659 eos
1376 2600 1473 2679 qui
1495 2601 1618 2679 jam
1641 2617 1837 2660 annuo
1865 2615 2114 2659 munere

465 2686 650 2748 functi
682 2686 936 2749 fuerant.
982 2687 1270 2749 Caeterum
1312 2688 1659 2749 sceleratam
1706 2687 1926 2748 caedem
1971 2704 2110 2766 per-

468 2777 778 2856 petraturi,
840 2793 958 2836 non
1035 2773 1248 2849 Deum,
1327 2777 1430 2838 sed
1512 2776 1741 2839 turbam
1802 2775 2108 2836 timebant.

467 2863 818 2926 Timuerunt
870 2864 1030 2926 enim
1080 2884 1154 2926 ne
1200 2885 1318 2946 quo
1373 2873 1564 2946 pacto,
1618 2865 1668 2926 si
1715 2864 1775 2925 in
1817 2863 1916 2926 die
1963 2864 2111 2924 festo

466 2956 634 3018 illum
668 2956 1041 3031 occiderent,
1094 2957 1263 3020 turba
1322 2962 1379 3020 in
1413 2958 1700 3021 ultionem
1733 2957 2109 3018 excitaretur.

470 3044 577 3108 Vel
608 3046 784 3107 etiam
817 3050 955 3126 quia
984 3055 1122 3109 tunc
1154 3047 1458 3111 offerenda
1489 3055 1656 3109 erant
1700 3047 1896 3107 omnia
1922 3045 2112 3106 sacri-

469 3135 606 3197 ﬁcia
634 3134 695 3197 in
726 3136 855 3215 lege
887 3135 1147 3217 decreta,
1182 3155 1257 3198 ne
1288 3136 1538 3217 populus
1568 3144 1810 3216 propter
1856 3133 2113 3196 homici-

471 3223 631 3286 dium
683 3243 718 3284 a
766 3225 1076 3286 sacrificiis
1125 3215 1460 3298 absisteret,
1513 3215 1953 3305 perderentque
2002 3215 2173 3302 ipsic

470 3316 702 3378 lucrum
762 3317 920 3397 quod
978 3335 1048 3379 ex
1096 3317 1406 3380 sacriﬁciis
1448 3317 1770 3378 habebant.
1825 3316 2116 3378 Fortassis

469 3415 668 3466 autem
701 3407 901 3467 ethoc
953 3406 1298 3479 timuerunt,
1362 3425 1438 3468 ne
1491 3407 1641 3468 forte
1699 3407 1758 3467 iu
1817 3406 1916 3467 die
1966 3405 2114 3466 festo

473 3492 696 3565 occiso,
730 3494 891 3556 illius
924 3512 1082 3555 mors
1102 3494 1360 3556 nobilior
1379 3505 1437 3556 et
1463 3495 1683 3556 clarior
1711 3495 1881 3556 fieret
1907 3515 1918 3552 :
1955 3503 2118 3572 opta-

475 3580 617 3642 bant
641 3584 800 3643 enim
822 3582 1168 3643 memoriam
1203 3585 1330 3660 ejus
1360 3582 1628 3645 abolere.
1663 3582 1752 3644 llli
1784 3582 1961 3660 igitur
1984 3590 2118 3641 ante

475 3669 691 3731 festum
719 3670 1027 3731 consilium
1063 3671 1345 3744 inierunt,
1380 3680 1442 3732 ut
1472 3672 1563 3733 vel
1611 3671 1764 3732 forte
1795 3681 1926 3751 post
1960 3671 2118 3730 diem

476 3758 689 3819 festum
720 3759 1086 3822 occiderent.
1120 3759 1196 3821 At
1227 3778 1342 3821 non
1378 3760 1616 3837 quando
1649 3760 1735 3821 illi
1783 3760 2118 3833 voluerunt,

476 3846 582 3907 sed
633 3846 866 3926 quando
915 3847 1044 3927 ipse
1100 3848 1282 3908 voluit
1329 3849 1472 3928 pati,
1525 3866 1588 3908 se
1637 3848 1989 3928 capiendum
2038 3847 2125 3908 eis

479 3932 771 4014 permisit,
809 3952 914 4014 per
962 3943 1194 4013 tempus
1223 3936 1455 3998 scilicet
1495 3937 1756 4012 Pascha,
1791 3945 1851 3997 ut
1890 3935 2123 4016 quando

479 4022 733 4103 typicum
794 4023 1042 4100 Pascha,
1107 4033 1243 4085 tunc
1295 4034 1353 4087 et
1399 4043 1602 4087 verum
1653 4026 1881 4088 Pascha
1929 4025 2120 4086 fieret.

481 4111 727 4176 Discere
755 4121 952 4175 autem
995 4120 1051 4173 et
1081 4111 1216 4174 illos
1261 4114 1442 4175 caedis
1472 4115 1672 4176 avidos
1701 4113 1883 4174 fuisse
1914 4131 2124 4193 possu-

483 4218 639 4264 mus.
663 4199 809 4262 Nam
836 4201 938 4281 qui
960 4201 1241 4264 nolebant
1271 4203 1437 4264 illum
1468 4203 1746 4265 occidere
1773 4201 1935 4263 indie
1952 4203 2122 4275 festo,

484 4309 618 4352 cum
651 4290 1006 4353 invenerunt
1036 4291 1424 4371 proditorem,
1459 4301 1596 4353 tunc
1624 4291 1968 4353 occiderunt
1991 4309 2128 4352 con-

485 4387 710 4460 tempta
741 4380 917 4441 etiam
961 4379 1153 4457 turba,
1187 4380 1363 4442 modo
1396 4381 1663 4442 voluntas
1693 4398 1898 4442 eorum
1930 4380 2122 4442 fieret.

565 4468 750 4530 Vens.
785 4469 846 4543 6,
865 4469 967 4531 7.:
1001 4471 1146 4533 Cum
1175 4477 1370 4530 autem
1393 4469 1736 4532 essetJesus
1757 4469 1819 4530 in
1840 4469 2130 4532 Bethania

485 4556 549 4618 in
583 4556 761 4618 domo
792 4555 1054 4619 Simonis
1083 4557 1327 4638 leprosi,
1370 4559 1617 4621 accessit
1645 4557 1718 4620 ad
1749 4577 1882 4620 eum
1919 4558 2131 4620 mulier

489 4646 716 4709 habens
747 4644 1102 4707 alabastrum
1153 4646 1438 4724 unguenti
1494 4646 1760 4727 pretiosi,
1818 4653 1876 4706 et
1931 4647 2135 4707 etl'udit

491 4750 674 4813 super
703 4742 877 4814 caput
927 4734 1118 4814 ipsius
1162 4735 1585 4799 recumbentis.
1627 4759 1651 4789 ι)
1710 4735 1851 4794 s43
1879 4733 2132 4806 Quidam

495 4821 704 4884 dicunt
728 4829 846 4884 tres
868 4839 1000 4884 esse
1025 4822 1308 4886 mulieres
1339 4841 1473 4904 qua:
1498 4823 1780 4886 unxerint
1817 4822 2131 4885 Dominum

493 4918 822 4991 unguento,
847 4929 1094 4991 quarum
1129 4912 1307 4974 etiam
1337 4919 1590 4992 quatuor
1617 4912 1990 4990 evangelistae
2016 4930 2137 4973 me-

495 5000 839 5081 minerunt;
871 4999 975 5062 alii
1028 5009 1224 5063 autem
1276 5000 1423 5062 duas
1467 5001 1716 5063 dicunt:
1771 5020 1944 5062 unam
1974 5007 2131 5082 apud

488 5088 808 5161 Joannem,
863 5106 994 5170 quae
1042 5098 1130 5151 est
1183 5089 1369 5154 Maria
1421 5107 1591 5151 soror
1638 5089 1882 5153 Lazari:
1930 5091 2130 5170 aliam,

493 5182 663 5256 cujus
693 5179 1004 5242 Mattheus
1033 5197 1192 5241 nunc
1224 5179 1514 5251 meminit,
1568 5197 1698 5260 quae
1744 5180 1952 5241 eadem
1998 5198 2132 5242 cum

494 5266 599 5328 illa
627 5284 760 5347 qua;
788 5267 942 5348 apud
969 5268 1230 5329 Marcum
1256 5275 1313 5330 et
1342 5267 1583 5331 Lucam.
1605 5266 1907 5330 Simonem
1938 5277 2134 5330 autem

493 5357 654 5418 hunc
685 5355 982 5435 leprosum
1025 5355 1262 5436 quidam
1293 5356 1500 5419 dicunt
1547 5357 1732 5418 fuisse
1767 5365 1993 5437 patrem
2025 5361 2138 5420 La-

495 5443 644 5516 zari,
676 5461 854 5524 quem
895 5444 1167 5506 Christus
1216 5462 1251 5506 a
1303 5445 1466 5526 lepra
1515 5444 1861 5525 purificavit,
1897 5456 1952 5509 et
1983 5446 2140 5528 apud

496 5547 632 5593 cum
663 5531 933 5594 cmuarit.
988 5531 1216 5594 Dicitur
1256 5541 1452 5595 autem
1511 5534 1669 5614 quod
1718 5543 1778 5597 et
1816 5538 1988 5598 Jesus
2041 5536 2142 5618 qui

494 5618 728 5682 dixerat
777 5618 1081 5701 discipulis
1111 5620 1280 5683 suis:
1337 5620 1512 5686 Abite
1564 5621 1636 5683 ad
1689 5625 2030 5703 quemdam,
2083 5633 2144 5689 et

493 5708 772 5774 ostendet
828 5706 993 5770 vobis
1065 5711 1438 5773 cmnaculum
1500 5718 1769 5784 stratum,
1840 5714 1910 5776 ad
1971 5715 2138 5777 illum

2192 2420 2278 2475 καὶ
2334 2421 2464 2496 πρὸς
2514 2421 2606 2475 τὸν
2647 2427 2737 2476 τοῦ
2787 2423 3024 2477 ὶνιαυτοῦ
3067 2421 3263 2477 ἐκείνου
3306 2419 3560 2498 ἀρχιερέα
3592 2418 3839 2498 ἔρχονται

2193 2506 2594 2584 βουλευσόμενοι
2649 2510 2766 2588 περὶ
2817 2509 2997 2588 φόνου,
3059 2508 3172 2565 ὅθεν
3206 2508 3308 2564 ἔδει
3339 2507 3545 2584 μᾶλλον
3574 2509 3694 2573 τοὺς
3736 2529 3834 2587 φοο

2196 2597 2380 2660 νευτέις
2437 2597 2744 2669 κολάζεσθαι
2782 2619 2796 2634 ο
2855 2599 3129 2678 ἀρχιερεῖς
3176 2596 3231 2654 δὲ
3281 2597 3427 2675 λέγει
3471 2600 3589 2656 τοὺς
3623 2595 3832 2662 πεπληο

2195 2686 2432 2764 ρωκότας
2509 2685 2610 2754 ἤδη
2672 2688 2770 2755 τὴν
2838 2688 3100 2744 ὶνιαύσιον
3182 2686 3527 2766 λειτουργίαν,
3606 2689 3704 2744 Τὸν
3784 2685 3833 2742 δὶ

2195 2773 2404 2832 ἀνόσιον
2460 2777 2616 2854 φόνον
2686 2776 2969 2852 μέλλοντες
3049 2775 3285 2855 πράξειν,
3359 2777 3479 2855 ούχὶ
3532 2777 3621 2831 τὸν
3679 2777 3824 2851 Θεὸν,

2194 2863 2331 2919 ἀλλὰ
2391 2866 2479 2920 τὺν
2536 2863 2702 2943 ὄχλον
2745 2863 3045 2944 φοϐοῦνται.
3110 2863 3400 2922 Ἐδεδιεσαν
3441 2866 3536 2941 γὰρ
3579 2865 3655 2937 μή
3687 2883 3820 2943 πως,

2197 2953 2250 3008 ἐν
2311 2960 2377 3028 τῇ
2426 2957 2586 3030 ὶορτῇ
2642 2957 3003 3032 φονευσάντων
3062 2955 3242 3029 αὐτὸν,
3300 2952 3532 3031 διεγερθῇ
3593 2954 3620 3009 δ
3663 2949 3826 3031 ὄχλος

2198 3044 2270 3106 εἷς
2327 3041 2553 3122 ἄμυναν,
2606 3045 2642 3111 ἢ
2681 3046 2768 3099 καὶ
2816 3052 2907 3100 τοῦ
2963 3046 3251 3122 προσάγειν
3309 3045 3403 3106 τὰς
3457 3041 3832 3118 νονομισμένας

2197 3131 2372 3194 Θυσίας
2432 3131 2743 3211 ἀπόσχηται
2799 3131 2882 3188 διὰ
2967 3133 3064 3199 τὴν
3147 3133 3449 3212 μιαιφονίαν
3508 3133 3700 3204 αὒτῶν,
3760 3131 3844 3185 καὶ

2199 3219 2527 3277 ἀπολέσωσιν
2561 3223 2706 3279 αὐτοὶ
2759 3222 2824 3276 τὰ
2871 3225 2931 3278 εκ
2985 3229 3090 3278 τῶν
3141 3226 3331 3278 θυσιῶν
3358 3219 3518 3290 κέρδη
3555 3239 3570 3255 ⁸
3601 3219 3738 3282 ’ίσως
3793 3216 3843 3273 δὲ

2201 3312 2284 3366 λαὶ
2325 3319 2478 3368 τοῦτο
2535 3308 2840 3389 ἐφοϐοῦντο,
2887 3314 3098 3386 μήποτε
3150 3313 3203 3369 ἰν
3233 3319 3304 3389 τῇ
3347 3314 3508 3388 ἑορτῇ
3569 3309 3846 3391 φονευθένο

2199 3421 2312 3473 τος,
2375 3400 2634 3474 ὶπίσημος
2664 3400 2880 3476 γένηται
2910 3403 2998 3457 καὶ
3040 3399 3242 3466 ἔνδοξος
3288 3403 3445 3458 αύτοῦ
3489 3404 3516 3456 ὃ
3575 3401 3797 3461 θάνατος
3832 3412 3844 3426 ·

2201 3489 2344 3545 αὐτοὶ
2403 3490 2502 3566 γὰρ
2570 3487 2861 3556 ἠϐούλοντο
2917 3490 3161 3569 ἀφανίσαι
3238 3492 3299 3546 τὸ
3349 3489 3692 3564 μνημόσυνον
3751 3489 3849 3544 αὒ-

2201 3580 2312 3636 τοῦ.
2377 3575 2610 3634 Ἐκεῖνοι
2668 3578 2766 3652 μὲν
2822 3578 2910 3633 06v
2941 3578 3078 3634 οὕτω
3119 3581 3216 3657 πρὸ
3256 3580 3352 3643 τῆς
3394 3579 3580 3656 ἑορτῆς
3623 3575 3850 3653 βουλευ-

2202 3666 2375 3728 θέντες
2408 3666 2542 3741 μετὰ
2571 3667 2669 3733 τὴν
2701 3666 2888 3745 ἑορτὴν
2936 3669 3080 3746 τάχα
3124 3667 3364 3746 φονεῦσαι
3402 3689 3416 3704 ο
3449 3670 3477 3724 ὁ
3507 3665 3586 3741 δὲ,
3619 3664 3848 3732 δεικνὺς,

2204 3753 2286 3810 ὅτι
2344 3756 2446 3834 οὐχ
2477 3753 2563 3811 ὅτε
2605 3753 2816 3830 ἤθελον,
2848 3753 2967 3811 ἀλλ’
2998 3759 3082 3812 ὃτε
3114 3755 3368 3825 ἠθέλησεν
3402 3756 3581 3836 αυτὸς,
3620 3758 3850 3836 πάσχει,

2208 3845 2582 3924 συνεχώρησεν
2614 3849 2790 3910 αὐτοῖς
2821 3847 2955 3901 κατὰ
2983 3849 3073 3901 τὸν
3103 3849 3290 3925 καιρὸν
3321 3855 3410 3904 τοῦ
3463 3848 3657 3926 Πάσχα
3716 3845 3851 3902 συλ-

2206 3931 2390 3990 λαϐεῖν
2427 3949 2442 3964 ⁸
2497 3933 2590 3988 ἵνα
2650 3933 2738 3989 ὅτε
2788 3936 2849 3989 τὸ
2877 3936 3094 3993 τυπικὸν
3140 3939 3335 4016 Πάσχα
3363 3937 3584 4014 ἐγίνετο,
3615 3937 3735 3991 τότε
3766 3937 3854 3990 καὶ

2206 4030 2266 4078 τὸ
2324 4021 2570 4088 ἀληθινὸν
2629 4024 2824 4102 Πάσχα
2877 4020 3083 4090 ἐκϐαίη.
3134 4015 3304 4081 ’Ἐστι
3360 4022 3415 4080 δὶ
3465 4027 3553 4081 καὶ
3581 4025 3678 4090 τὴν
3710 4046 3855 4098 μιαι-

2207 4113 2388 4190 φονίαν
2447 4113 2618 4169 αὐτῶν
2663 4116 3013 4188 καταμαθεῖν.
3071 4116 3130 4170 Οἱ
3173 4115 3382 4192 γὰρμὴ
3438 4113 3749 4190 βουλόμενοι
3800 4111 3853 4168 ἓν

2206 4207 2274 4276 τῇ
2343 4202 2501 4279 ἑορτῇ
2544 4210 2786 4280 φονεῦααι
2832 4204 3011 4273 αὐτὸν,
3070 4203 3157 4258 ὅτε
3201 4205 3346 4282 εὗρον
3376 4205 3466 4259 τὸν
3516 4201 3852 4281 προδιδόντα,

2207 4291 2326 4346 τότε
2404 4291 2700 4370 φονεύουσι,
2793 4293 3283 4371 καταφρονήσαντες
3359 4294 3447 4350 καὶ
3499 4299 3590 4348 106
3657 4290 3853 4372 ὄχλου,

2208 4380 2368 4456 μόνον
2411 4379 2505 4435 ’ἶνα
2533 4381 2592 4435 τὸ
2619 4378 2828 4455 θέλημα
2854 4379 3023 4437 αὐτῶν
3053 4381 3295 4458 γένηται.

2296 4495 2324 4526 ι
2356 4476 2458 4529 T06
2515 4468 2569 4526 δὲ
2619 4466 2798 4534 Ἰησοῦ
2861 4469 3147 4547 γενομένου
3206 4470 3259 4525 ἐν
3329 4471 3581 4544 Βηθανίᾳ,
3625 4471 3680 4526 ἐν
3725 4474 3861 4543 οἰκίᾳ

2216 4561 2457 4636 Σίμωνος
2513 4566 2606 4616 τοῦ
2671 4557 2889 4637 λεπροῦ,
2936 4557 3231 4638 προσῆλθεν
3287 4560 3429 4633 αὗτῴ
3482 4559 3615 4636 γυνῆ
3656 4556 3860 4616 άλάόαο

2215 4672 2369 4728 στρον
2414 4649 2579 4724 μύρου
2654 4645 2854 4727 ἔχουσα
2921 4648 3228 4723 βαρυτίμου,
3288 4650 3374 4704 καὶ
3435 4647 3692 4727 κατέχεεν
3775 4649 3862 4707 ἰπὶ

2217 4740 2315 4805 τὴν
2375 4737 2612 4817 κεφαλὴν
2670 4737 2826 4793 αὐτοῦ
2884 4736 3250 4811 ἀνακειμένου,
3291 4761 3314 4790 s
3375 4738 3523 4799 τινὲς
3572 4751 3716 4806 τρεῖς
3773 4737 3861 4796 λέ-

2215 4851 2397 4910 γουσιν
2457 4827 2604 4883 εἶναι
2646 4827 2740 4888 τὰς
2775 4823 3069 4899 ἀλειψάσας
3099 4828 3192 4882 τὸν
3228 4827 3413 4903 Κύριον
3463 4842 3742 4904 γυναῖκας,
3787 4830 3862 4885 ὦν

2215 4921 2306 4976 καὶ
2362 4919 2409 4974 οἱ
2468 4917 2718 4993 τέσσαρες
2776 4913 3142 4992 εὖαγγελισταὶ
3198 4915 3544 4991 μέμνηνται·
3601 4915 3753 4972 ἄλλοι
3809 4916 3864 4974 δὲ

2213 5009 2303 5067 δύο
2360 5007 2550 5068 ταύτας
2600 5005 2747 5083 φασὶ,
2808 5004 2932 5078 μίαν
2989 5005 3087 5070 τὴν
3140 5007 3280 5083 παρὰ
3337 5011 3412 5078 τῷ
3469 5003 3712 5088 ἰωὲίχγω
3748 5006 3866 5072 ἥτις

2216 5099 2323 5156 ἐστὶ
2366 5097 2536 5174 Μαρία
2566 5096 2601 5161 ἡ
2659 5091 2858 5171 ἀδελφὴ
2914 5099 3006 5149 τοῦ
3037 5094 3292 5173 Λαζάρου,
3325 5095 3414 5150 καὶ
3442 5095 3539 5161 τὴν
3582 5090 3670 5150 νῦν
3726 5097 3867 5172 παρὰ

2216 5194 2293 5260 τῷ
2337 5185 2585 5256 Ματθαίῳ
2644 5182 3139 5258 μνημονευομένην,
3193 5182 3310 5250 ἥτις
3367 5183 3504 5239 ἐστὶν
3533 5186 3566 5252 ἠ
3622 5187 3752 5250 αὕτη
3802 5190 3869 5259 τῇ

2217 5277 2359 5355 παρὰ
2411 5280 2487 5348 τῷ
2545 5278 2718 5342 Δουκᾷ
2775 5274 2862 5328 καὶ
2926 5280 3001 5346 τῷ
3067 5273 3285 5350 Μάρκῳ,
3348 5274 3449 5330 Τὸν
3529 5271 3584 5328 δὲ
3654 5273 3870 5344 Σίμωνα

2219 5372 2403 5422 τοῦτον
2461 5362 2552 5417 τὸν
2617 5359 2834 5435 λεπρὸν,
2896 5362 3022 5441 φασί
3065 5381 3206 5424 τινες
3250 5362 3338 5416 καὶ
3367 5361 3566 5439 πατέρα
3611 5362 3753 5417 εἶναι
3782 5362 3874 5416 106

2222 5454 2480 5528 Λαζάρου,
2542 5451 2599 5504 ὃν
2661 5450 2766 5505 ὰπὸ
2838 5451 2933 5517 τῆς
3010 5447 3206 5527 λέπρας
3264 5447 3584 5526 καθαρίσας,
3644 5451 3872 5505 εἱστιᾶτο

2222 5541 2347 5619 παρ’
2402 5539 2568 5610 αύτῷ.
2626 5539 2848 5614 Λέγεται
2898 5537 2952 5594 δὲ
3015 5537 3094 5594 ὅτι
3138 5539 3226 5594 καὶ
3258 5539 3286 5592 ὁ
3332 5538 3516 5616 Κύριος
3561 5539 3722 5594 εἰπὼν
3754 5550 3869 5600 τοῖς

2223 5634 2516 5707 μαθηταῖς,
2578 5625 2857 5688 ’Λπέλθετε
2902 5629 3033 5708 πρὸς
3091 5629 3182 5684 τὸν
3226 5623 3398 5700 δεῖνα,
3433 5629 3521 5686 καὶ
3551 5624 3700 5693 δείξει
3746 5627 3872 5701 ὑμῖν

2222 5721 2469 5798 ἀνώγεων
2527 5717 2879 5797 ιστρωιιένον,
2956 5720 3088 5793 πρὸς
3153 5725 3338 5775 τοῦτον
3396 5716 3710 5801 ἀποστέλλει
3768 5719 3866 5774 αὖ·
