4106 6280
232 382 367 465 4η,

863 389 1311 455 ENARRATIO
1353 390 1437 454 ΙΝ
1484 384 1908 455 ενΑΝοειιι

2042 385 2449 449 ΜΛΤΤΗᾹΞΙ.
2490 419 2546 431 --
2589 386 2754 449 CAP.
2804 386 3026 453 XXVI.

3523 384 3643 452 446

247 524 407 582 Πίετε
450 521 503 590 ii
561 527 719 585 αὐτοῦ
759 524 1004 605 πάντεςς
1063 526 1123 583 Οἱ
1180 525 1278 601 μέν
1340 546 1497 605 φασιν
1545 522 1626 581 ὅτι
1668 522 1759 579 διὰ
1813 519 1904 575 τὸν

2000 515 2282 578 comedite
2315 516 2666 591 onmes,boc
2685 524 2882 579 autem
2915 520 3065 581 loco:
3096 518 3288 583 Bibite
3309 536 3381 582 ex
3409 535 3480 581 eo
3502 536 3637 580 om-

238 610 445 671 Ἰούδαν
502 612 658 671 τοῦτο
715 612 870 670 εἴπεν
906 628 920 643 ⁵
984 615 1013 670 ὃ
1056 614 1156 693 γὰρ
1218 611 1415 677 ἰοόδας
1457 613 1548 669 τὸν
1605 612 1702 688 μὶν
1746 608 1902 689 ἄρτον

240 699 458 775 ἴλαϐεν,
506 701 602 759 οὒκ
654 700 815 782 ’έφαγε
872 700 950 773 δὲ,
1010 700 1129 759 ἀλλ’
1186 702 1405 784 ἔκρυψε,
1448 704 1579 782 πρὸς
1625 701 1688 757 τὸ
1734 697 1900 764 δεῖξαι

242 804 370 856 τοῖς
415 789 682 856 Ἰουδαίοις
736 792 819 849 ὅτι
871 794 963 849 τὸν
1016 791 1172 871 ἄρτον
1228 799 1382 869 σῶμα
1439 793 1625 852 ἑαυτοῦ
1670 788 1828 847 καλεῖ
1872 790 1901 844 ὁ

245 880 459 949 Ἰησοῦς
486 897 503 913 ⁶
537 882 597 937 τὸ
626 880 680 937 δὲ
708 882 861 959 πόμα
890 883 976 938 καὶ
1006 879 1149 940 ἄκων
1178 882 1316 958 ἔπιε,
1350 882 1429 958 μὴ
1458 880 1742 957 δυνάμενος
1772 876 1901 935 παν-

244 991 359 1036 τως
412 970 607 1050 κρύψαι
652 972 806 1032 αὐτό.
855 971 959 1028 Δια
986 978 1144 1029 τοῦτο
1172 974 1260 1029 οὖν
1290 972 1416 1029 εἶπε
1449 989 1467 1007 ⁶
1500 971 1651 1029 Πίετε
1680 969 1899 1030 πάντες.

247 1062 316 1116 Οἱ
370 1055 423 1115 δὲ
466 1058 937 1137 ἀναγωγικώτερόν
982 1081 1140 1139 φασιν
1196 1058 1277 1117 ὅτι
1324 1063 1386 1117 τὸ
1429 1061 1526 1137 μὶν
1556 1059 1655 1126 τὴν
1685 1057 1900 1136 στερεὰν

245 1150 449 1229 τροφήν
500 1150 802 1228 προσίεσθαι
855 1149 914 1206 οὗ
970 1150 1185 1207 πάντων
1238 1150 1399 1225 ἐστὶν,
1462 1147 1599 1205 ἀλλᾶ
1656 1154 1762 1204 τῶν
1805 1168 1897 1202 τε-

246 1236 531 1316 λειοτέρων
564 1256 583 1275 ⁸
626 1240 689 1296 τὸ
745 1236 800 1294 δὲ
854 1238 1178 1313 ποτίζεσθαι,
1214 1240 1436 1296 πάντων
1470 1255 1484 1268 ·
1524 1237 1607 1295 διὰ
1635 1243 1788 1294 τοῦτο
1812 1235 1900 1293 οὖν

244 1326 471 1384 ινταῦθα
528 1326 628 1408 ἔφη
662 1346 679 1363 ⁸
734 1330 883 1384 Πῖετε
927 1328 1143 1392 πάντες,
1200 1330 1272 1387 Τὸ
1302 1329 1402 1408 γὰρ
1457 1329 1523 1384 τὰ
1573 1326 1901 1403 ἁπλούστερα

246 1422 362 1473 τῶν
389 1413 667 1494 δογμάτων
696 1415 1113 1497 παραδέχεσθαι,
1146 1419 1383 1480 πάντων.

343 1524 367 1561 ε
402 1505 556 1583 Λέγω
614 1502 669 1561 δὲ
710 1507 860 1582 ὑμῖν,
909 1505 988 1563 ὅτι
1019 1509 1078 1564 οὗ
1120 1510 1199 1581 μὴ
1230 1508 1335 1563 πίω
1364 1506 1458 1563 ἀπ’
1487 1505 1600 1585 ἄρτι
1630 1506 1689 1563 ἐκ
1717 1506 1902 1563 τούτου

247 1604 347 1656 τοῦ
381 1598 710 1674 γεννήματος
765 1597 858 1666 τῆς
914 1598 1177 1674 ἀμπέλου,
1220 1598 1320 1662 ἕως
1376 1598 1469 1666 τῆς
1522 1597 1728 1674 ἡμέρας
1758 1597 1900 1654 iacio

247 1708 376 1759 νης,
435 1684 562 1742 ὅταν
599 1686 726 1743 αὐτὸ
773 1687 910 1743 πίνω
965 1686 1080 1762 μεθ’
1131 1688 1279 1762 ὑμῶν
1336 1690 1522 1745 καινὸν
1583 1687 1638 1744 έν
1680 1695 1748 1764 τῇ
1797 1688 1900 1763 βα-

251 1772 426 1845 σιλείᾳ
481 1780 573 1831 τοῦ
614 1774 817 1850 Πατρός
849 1798 971 1849 μου,
1012 1800 1039 1829 ιι
1093 1778 1421 1851 Γευσάμενος
1477 1785 1568 1834 τοῦ
1625 1780 1895 1849 ποτηρίου,

249 1864 607 1921 ἀποταττεται
664 1865 847 1921 λοιπον
903 1870 981 1938 τῷ
1059 1873 1350 1941 σωματικῷ
1408 1867 1609 1942 πόματι
1644 1886 1657 1900 ⁸
1720 1868 1901 1922 καινὸν

249 1949 313 2008 δέ
359 1973 477 2009 τινα
517 1954 712 2031 τρόπον
769 1954 999 2030 γεύσεως
1033 1952 1416 2032 ἐπαγγέλλεται
1456 1954 1510 2011 ὲν
1540 1961 1610 2031 τῇ
1636 1952 1900 2031 βασιλείᾳ,

249 2042 546 2117 τουτέστιν,
619 2041 674 2098 έν
728 2065 798 2118 τῃ
857 2043 1163 2105 ἀναστάσει,
1238 2043 1497 2109 Ἀναστὰς
1552 2045 1676 2121 γὰρ,
1740 2042 1902 2121 ἔφαγε

251 2131 345 2186 καὶ
394 2128 507 2187 ’έπιε
563 2133 742 2189 καινόν
799 2154 915 2188 τινα
972 2133 1166 2210 τρόπον
1198 2148 1213 2162 ⁸
1271 2136 1330 2192 οὺ
1386 2133 1485 2211 γὰρ
1555 2134 1627 2196 ὡς
1682 2133 1900 2212 χρῄζων

251 2226 454 2301 τροφῆς
514 2224 825 2297 σωματικῆς
883 2222 1113 2299 γεύσεως
1171 2222 1380 2301 νόμοις,
1426 2220 1562 2280 ἄλλα
1616 2223 1903 2296 πιστούμε-

250 2332 342 2374 νος
400 2310 498 2378 τὴν
556 2310 733 2379 ἀληθῆ
783 2311 877 2368 τοῦ
944 2312 1192 2387 σώματος
1265 2312 1415 2391 φύσιν
1449 2331 1467 2349 ⁸
1526 2310 1795 2389 βασιλείαν
1846 2309 1902 2365 δὲ

252 2399 476 2464 εἰκότως
531 2400 628 2467 τὴν
674 2401 860 2458 ἑαυτοῦ
917 2401 1206 2457 ἀνάστασιν
1290 2401 1555 2475 ὀνομάζει.
1618 2401 1748 2459 Τότε
1803 2400 1901 2478 γὰρ

253 2491 565 2568 κατήργησε
610 2490 703 2545 τὸν
761 2490 1005 2564 θάνατον,
1052 2488 1295 2566 βασιλεὺς
1324 2497 1403 2564 τῷ
1439 2490 1549 2546 όντι
1578 2493 1754 2571 φανείς
1792 2505 1806 2519 ’
1863 2488 1899 2556 ἢ

259 2579 345 2635 καὶ
405 2578 546 2634 οὕτω
602 2580 821 2648 νοήσαις
854 2595 870 2611 ’
907 2580 1099 2636 nmen.
1127 2579 1299 2655 πόμα,
1331 2580 1367 2647 ἡ
1410 2578 1742 2655 ἀποκάλυψις
1796 2581 1900 2635 τῶν

256 2668 561 2747 μυστηρίων
587 2676 681 2727 τοῦ
711 2675 861 2741 Θεοῦ,
897 2668 929 2724 ἃ
982 2676 1101 2725 τοτε
1144 2668 1198 2724 έν
1246 2676 1314 2741 τῇ
1344 2668 1583 2746 βασιλείᾳ
1610 2676 1703 2727 τοῦ
1747 2677 1900 2742 Θεοῦ,

253 2757 525 2815 τουτέστιν
589 2757 645 2815 έν
687 2765 755 2835 τῇ
804 2756 1014 2837 δευτέρᾳ
1060 2759 1339 2837 παρουσίᾳ,
1385 2758 1900 2839 ἀποκαλυφθήσεται,

255 2846 415 2903 καινᾶ
470 2844 618 2916 ὄντα,
677 2847 969 2927 τουτέστιν,
1047 2848 1143 2904 οἶα
1192 2849 1285 2904 οὒκ
1341 2848 1641 2924 ἠκούσαμεν
1690 2845 1899 2905 ἄλλοτε·

254 2938 425 2992 πίνειν
481 2933 538 2992 δί
596 2936 780 2994 ἐκεῖνα
837 2936 1049 3016 λέγεται
1092 2940 1120 2994 ὁ
1164 2940 1386 3016 Χριστὸς
1417 2936 1533 3013 μεθ’
1562 2937 1738 3014 ἡμῶν,
1776 2936 1906 2993 διότι

254 3028 357 3093 τὴν
414 3026 680 3105 ἡμετέραν
759 3025 1020 3107 ὠφέλειαν
1088 3028 1290 3107 τροφὴν
1364 3029 1450 3084 καὶ
1507 3028 1662 3084 πόσιν
1718 3028 1911 3085 οἰκείαν

256 3117 504 3194 ἡγεῖται.

351 3207 488 3263 «Καὶ
506 3206 863 3286 ὑμνήσαντες,
893 3204 1107 3273 ἐξῆλθον
1138 3208 1210 3272 εἰς
1238 3208 1299 3263 τὸ
1328 3205 1449 3285 ὅρος
1478 3210 1582 3263 τῶν
1613 3205 1900 3268 Ἐλαιῶν.»

259 3300 311 3350 Μ
376 3292 393 3314 ν
443 3295 465 3313 η
620 3298 629 3311 ν
924 3294 949 3315 υ
1250 3294 1275 3318 το
1694 3296 1719 3315 σν

318 3297 374 3351 εθ
439 3317 469 3351 ο
529 3293 864 3370 έδειπνησαν,
923 3317 1189 3371 υμνησαν,
1260 3318 1343 3352 ινα
1398 3296 1649 3371 μάθωμεν
1691 3317 1772 3352 οτι
1821 3301 1911 3356 καὶ

255 3384 404 3457 ἡμᾶς
463 3382 602 3441 οῧτω
647 3382 731 3441 δεῖ
770 3398 967 3443 ποιεῖν.
1034 3386 1119 3447 Εἷς
1174 3382 1229 3441 δὲ
1282 3386 1345 3440 τὸ
1373 3384 1495 3462 ὅρος
1548 3386 1652 3443 “cth
1686 3384 1911 3442 Ἐλαιῶν

729 3472 742 3492 9
870 3474 885 3493 ν
975 3471 999 3491 ν
1038 3472 1055 3486 ⁸
1210 3475 1219 3487 ⁸
1391 3474 1415 3495 Ν
1576 3475 1588 3493 \
1680 3473 1717 3493 Τ
1865 3474 1877 3495 Ι

257 3470 501 3551 ἶρχεται,
560 3474 648 3529 καὶ
694 3494 790 3529 ουκ
844 3494 915 3535 εις
968 3472 1130 3531 αλΛον
1160 3496 1348 3553 τοπον,
1400 3496 1482 3529 ιν»
1526 3495 1604 3548 μη
1634 3472 1757 3551 δοςῃ
1787 3494 1907 3553 φευ-

261 3580 376 3637 γειν
412 3577 426 3591 ·
486 3560 545 3616 οὗ
575 3562 675 3639 γὰρ
705 3563 779 3624 είς
812 3559 1082 3637 ἄγνωστον
1111 3562 1275 3618 τόπον
1331 3561 1630 3641 ἀναχωρεῖ,
1663 3560 1783 3618 ἀλλ’
1834 3563 1905 3626 εἷς

260 3650 530 3728 γνώριμον
578 3663 695 3715 τοῖς
750 3647 1039 3715 ἰουδαίοιςο
1101 3651 1212 3725 ἅμα
1268 3649 1322 3707 δὲ
1379 3653 1465 3707 καὶ
1502 3652 1783 3731 ὑποχωρεῖ
1810 3657 1909 3718 τῆς

260 3739 548 3820 μιαιφόνου
594 3738 825 3820 πόλεως,
883 3739 1270 3819 έγκαταλείψας
1354 3740 1540 3816 αὐτὴν,
1624 3740 1718 3797 ’ίνα
1801 3739 1914 3798 ἑπι-

259 3826 497 3909 διωχθῇ,
529 3830 617 3885 καὶ
674 3829 880 3910 έλέγχῃ
929 3830 1112 3894 αὖτοὺς
1169 3830 1406 3909 ὕστερον,
1458 3829 1539 3888 ὅτι
1571 3832 1657 3886 καὶ
1685 3831 1914 3911 ὑποχω-

260 3916 452 3994 ροῦντα
492 3916 799 3981 ἐπεδίωκον,

347 4028 377 4059 α
424 4007 553 4065 Τότε
606 4005 756 4074 λέγει
815 4010 997 4072 αὐτοῖς
1082 4011 1109 4064 ὁ
1184 4005 1391 4074 Ἰησοῦς
1425 4026 1438 4040 ·
1498 4008 1697 4074 Πάντες
1753 4010 1911 4084 ὑμεῖς

263 4092 773 4167 σκανδαλισθήσεσθε
830 4098 883 4155 έν
955 4100 1075 4173 εμοὶ
1130 4097 1183 4155 ἑν
1236 4104 1304 4175 τῇ
1368 4099 1501 4157 νυκτὶ
1556 4101 1717 4176 ταύτῃ
1811 4100 1911 4156 Γέ-

261 4206 495 4262 γραπται
539 4187 638 4264 γάρ
671 4202 685 4216 ’
748 4187 968 4253 Πατάξω
1020 4189 1112 4243 τὸν
1169 4187 1425 4265 ποιμένα,
1470 4190 1558 4246 καὶ
1600 4187 1915 4267 διασκορπι-

265 4274 517 4342 σθήσεται
574 4275 640 4330 τὰ
712 4274 948 4355 πρόϐατα
1023 4282 1120 4343 τῆς
1190 4276 1444 4351 ποίμνης.
1508 4278 1652 4334 Μετὰ
1730 4275 1786 4332 δὲ
1856 4278 1915 4332 τὸ

267 4361 544 4443 ᾂγερθῆναί
600 4385 692 4443 με,
750 4364 960 4443 προάξω
1028 4367 1164 4439 ὑμᾶς
1235 4367 1307 4429 εἷς
1361 4366 1461 4433 τὴν
1524 4364 1824 4426 Γαλιλαίαν.
1881 4384 1910 4424 ι

1987 610 2143 667 nes?
2173 607 2321 668 Sunt
2342 607 2443 687 qui
2493 606 2696 668 dicant
2725 616 2968 687 propter
2996 608 3206 671 Judam
3241 609 3355 671 hoc
3384 608 3633 673 dictum.

1982 697 2166 759 Judas
2196 698 2356 760 enim
2390 716 2601 779 panem
2635 699 2955 781 accepit,et
2980 719 3100 762 non
3128 700 3521 775 comedit,sed
3542 720 3639 762 oc-

1985 786 2323 859 cultavit,ut
2354 796 2714 850 u.onstraret
2744 786 2967 851 Judaeis
2994 790 3149 871 quod
3176 809 3387 871 panem
3419 808 3636 870 corpus

1985 896 2156 938 suum
2188 892 2453 941 vocasset
2480 878 2967 957 Jesus:pocu|um
3000 890 3196 941 autem
3231 880 3443 942 invitus
3464 879 3631 955 bibit,

1985 983 2117 1027 cum
2154 984 2274 1027 non
2306 974 2504 1047 posset
2540 966 2866 1027 occultare.
2902 970 3226 1049 Propterea
3247 969 3361 1030 hoc
3393 971 3521 1030 loco
3539 968 3631 1029 di-

1985 1051 2177 1116 cebat:
2201 1053 2390 1115 Bilwite
2422 1052 2831 1116 omnes.Juxta
2852 1073 3155 1135 anagogen
3178 1065 3380 1121 autem
3405 1056 3631 1135 dicunt,

1984 1142 2140 1223 quod
2166 1161 2288 1204 non
2311 1143 2387 1203 sit
2410 1142 2674 1204 omnium
2703 1145 2994 1207 accedere
3023 1146 3096 1207 ad
3128 1144 3382 1206 solidum
3406 1144 3633 1220 cibum,

1983 1232 2087 1294 sed
2119 1232 2537 1313 perfectiorum
2573 1250 2587 1294 :
2628 1231 2834 1295 bibere
2873 1244 3069 1297 autem
3098 1235 3364 1296 omnium
3397 1233 3498 1297 sit.
3532 1232 3633 1295 Id-

1986 1319 2146 1382 circo
2181 1323 2292 1382 hoc
2323 1320 2453 1383 loco
2484 1320 2720 1381 dicebat
2748 1339 2762 1383 :
2792 1322 2976 1384 Bibite
2999 1342 3230 1386 omnes.
3255 1322 3635 1403 Simpliciora

1987 1410 2147 1471 enim
2180 1410 2454 1490 dogmata
2489 1409 2758 1489 recipere
2789 1415 3054 1474 omnium
3087 1421 3198 1476 est.

2067 1499 2373 1563 Vens-‘29.
2408 1523 2428 1553 ι
2467 1500 2614 1562 Dico
2637 1509 2833 1562 autem
2868 1502 3053 1575 vobis,
3090 1501 3244 1583 quod
3280 1520 3397 1563 non
3431 1501 3630 1562 bibam

1987 1592 2247 1671 posthaec
2278 1606 2346 1649 ex
2369 1588 2480 1648 lioc
2503 1588 2691 1648 fructu
2726 1589 2884 1670 vitis,
2914 1609 3106 1670 usque
3139 1591 3199 1651 in
3231 1590 3388 1652 diem
3436 1590 3627 1670 illum;

1985 1696 2121 1742 cum
2156 1678 2299 1738 illud
2333 1676 2528 1737 bibam
2562 1677 2867 1738 vobiscum
2902 1697 3114 1740 novum
3142 1680 3199 1739 in
3227 1697 3412 1758 regno
3446 1678 3634 1741 Patris

1988 1767 2130 1829 mei.
2160 1792 2183 1821 »
2219 1764 2468 1845 Sumpto
2509 1766 2721 1842 poculo
2761 1769 3060 1830 renuntiat
3089 1769 3373 1848 deinceps
3415 1786 3631 1849 corpo-

1985 1855 2094 1916 rali
2118 1851 2597 1935 potioni.Novum
2620 1866 2816 1915 autem
2842 1856 3152 1936 promittit,
3187 1857 3243 1917 id
3275 1868 3385 1929 est,
3412 1875 3631 1918 novum

1986 1943 2303 2024 quemdam
2339 1942 2578 2002 modum
2605 1944 2957 2023 sumptionis
2986 1945 3046 2004 in
3077 1963 3286 2022 regno,
3322 1946 3431 2006 hoc
3464 1954 3553 2006 est
3575 1944 3634 2005 in

1986 2030 2605 2093 resurrectione.Cum
2635 2033 3060 2094 rt-surrexisset
3090 2034 3537 2104 enim.comedit
3570 2052 3637 2095 ac

1987 2120 2138 2182 bibit
2166 2137 2314 2182 nmo
2340 2122 2595 2200 quodam
2620 2122 2795 2182 modo
2832 2138 2845 2183 :
2882 2142 2999 2182 non
3057 2123 3215 2184 enim
3273 2124 3439 2205 quasi
3472 2122 3633 2185 indi-

1985 2218 2158 2292 geret
2206 2208 2366 2283 cibo,
2425 2209 2792 2290 corporalem
2853 2214 3106 2293 sumpsit
3157 2212 3354 2274 cibum
3386 2230 3399 2273 :
3435 2212 3538 2273 sed
3573 2221 3637 2273 ut

1985 2298 2335 2361 crederetur
2367 2315 2506 2358 vera
2546 2298 2818 2378 corporis
2875 2310 3103 2363 natura.
3137 2299 3403 2380 Regnum
3435 2308 3629 2362 autem

1985 2390 2198 2450 merito
2242 2404 2407 2448 suam
2449 2387 2946 2449 resurrectionem
2980 2391 3282 2452 nominat:
3312 2401 3450 2451 tunc
3473 2389 3631 2451 enim

1983 2476 2243 2538 abolevit
2286 2486 2559 2549 mortem,
2594 2486 2652 2536 et
2687 2494 2753 2538 re
2785 2477 2912 2558 ipsa
2946 2497 3148 2557 regem
3178 2497 3243 2540 se
3276 2478 3629 2559 comproba-

1989 2566 2086 2629 vit.
2120 2562 2228 2625 Vel
2260 2564 2435 2625 etiam
2468 2563 2557 2625 sic
2586 2563 2882 2643 intelligas
2918 2589 2931 2622 :
2966 2570 3193 2630 Novum
3221 2569 3493 2647 poculum
3530 2585 3634 2629 re-

1986 2654 2197 2715 velatio
2225 2661 2313 2713 est
2346 2663 2856 2715 sacramentorum
2911 2657 3042 2737 Dei,
3092 2674 3223 2737 qua:
3264 2666 3402 2718 tunc
3441 2658 3499 2718 in
3530 2674 3633 2718 re-

1989 2761 2104 2821 gno
2135 2741 2266 2814 Dei,
2299 2741 2411 2802 hoc
2442 2750 2531 2803 est
2572 2742 2632 2803 in
2662 2745 2930 2806 secundo
2965 2748 3244 2825 adventu,
3276 2746 3631 2807 revelabun-

1992 2846 2107 2907 tur,
2140 2847 2270 2910 qua
2297 2848 2436 2891 vere
2486 2846 2625 2892 sunt
2672 2851 2841 2906 nova,
2895 2835 3087 2914 qualia
3129 2854 3246 2896 non
3301 2834 3635 2897 audivimus

1991 2938 2246 3001 uspiam.
2278 2922 2565 2983 Caeterum
2618 2939 2687 2982 ea
2743 2921 2947 2985 bibere
2977 2924 3189 2985 dicitur
3221 2925 3490 2986 Christus
3522 2942 3632 2983 no-

1998 3011 2252 3083 biscum,
2286 3027 2356 3069 eo
2387 3010 2542 3089 quod
2572 3019 2830 3072 nostram
2863 3011 3173 3073 utilitatem
3203 3012 3401 3074 cibum
3434 3022 3492 3075 et
3522 3030 3633 3093 po-

1916 3112 1957 3164 C
1981 3110 2104 3165 tum
2137 3118 2309 3161 suum
2338 3100 2659 3162 existimat.

2073 3189 2258 3250 Vens.
2292 3188 2514 3251 30.¢Et
2537 3208 2670 3251 cum
2703 3190 2991 3269 hymnum
3027 3190 3337 3265 dixissent,
3368 3190 3641 3252 exierunt

1993 3279 2052 3339 in
2078 3286 2337 3339 montem
2352 3275 2651 3341 Olivarum
2686 3281 3038 3361 nPostquam
3056 3279 3640 3359 cmnaveruutmym.

1994 3385 2137 3429 num
2172 3368 2452 3429 dixerunt
2483 3378 2594 3429 :-ut
2624 3368 2925 3430 discamus
2956 3379 3013 3432 et
3044 3388 3152 3431 nos
3198 3370 3286 3430 sin
3322 3368 3539 3430 facere.
3576 3365 3640 3429 In

1995 3465 2254 3518 montem
2278 3455 2581 3519 Olivarum
2616 3458 2798 3533 venit,
2833 3467 2892 3521 et
2923 3475 3041 3520 non
3092 3459 3152 3520 in
3206 3459 3386 3521 alium
3412 3458 3632 3530 locum,

1989 3564 2067 3608 ne
2098 3556 2408 3627 putaretur
2435 3547 2675 3627 fugere:
2715 3567 2833 3609 non
2863 3549 3023 3610 enim
3056 3548 3115 3609 in
3147 3548 3409 3629 ignotum
3445 3549 3634 3609 locum

1994 3637 2243 3711 secedit,
2270 3636 2375 3698 sed
2410 3636 2468 3697 in
2498 3656 2632 3698 eum
2659 3637 2761 3718 qui
2788 3638 3007 3700 Judaais
3036 3646 3210 3700 notus
3234 3645 3382 3700 erat.
3408 3634 3641 3699 Secedit

1995 3735 2194 3787 autem
2251 3743 2287 3788 a
2341 3725 2723 3805 sanguinaria
2772 3727 3026 3803 civitate,
3070 3746 3246 3810 quam
3299 3725 3537 3809 reliquit
3576 3730 3641 3786 ut

2001 3816 2475 3897 persecutionem
2504 3816 2781 3898 patiatur,
2816 3827 2875 3879 et
2893 3831 3099 3896 arguat
3131 3818 3263 3880 illos
3309 3826 3514 3898 postea
3541 3812 3642 3896 qui

1990 3914 2051 3967 et
2065 3906 2376 3967 cedentem
2410 3906 2681 3968 insectati
2702 3906 2943 3970 fuerint.

2073 3994 2258 4056 Vens.
2292 4000 2391 4068 2t,
2426 3996 2533 4060 39.
2562 4018 2591 4055 ‹
2620 3996 2787 4059 Tunc
2822 3996 2967 4059 dicit
3012 3997 3132 4059 illis
3156 3997 3331 4061 Jesus
3367 4018 3381 4059 :
3418 3998 3646 4063 Omnes

1995 4101 2099 4146 νος
2129 4082 2469 4145 scandalum
2507 4086 2810 4166 patiemini
2860 4104 2966 4167 per
3018 4106 3113 4149 me
3170 4089 3229 4150 in
3276 4088 3387 4149 ista
3443 4093 3639 4148 nocte.

1996 4170 2299 4253 Scriptum
2330 4184 2417 4236 est
2456 4175 2645 4256 enim,
2678 4175 3014 4239 Percutiam
3074 4189 3393 4257 pastorem,
3426 4185 3485 4237 et
3513 4175 3641 4237 dis-

2000 4272 2319 4343 pL-rgentur
2349 4281 2489 4326 oves
2522 4266 2741 4343 gregis.
2776 4265 3087 4346 Postquam
3118 4276 3313 4329 autem
3364 4282 3640 4327 resurre-

1997 4369 2164 4426 xero,
2200 4353 2531 4433 prxcedam
2579 4372 2680 4415 vos
2710 4354 2771 4416 in
2801 4354 3126 4419 Galilaeam.
3167 4381 3191 4411 ιι
3240 4354 3457 4417 Futura
3507 4363 3641 4414 tan-

271 4441 364 4514 Ὠς
426 4453 556 4516 Θεὸς
607 4440 855 4532 προλέγει
916 4455 978 4510 τὰ
1023 4455 1249 4529 ἐσόμενα
1283 4470 1297 4485 '
1332 4453 1422 4510 ἵνα
1478 4452 1532 4511 δὲ
1575 4455 1653 4531 μὴ
1686 4453 1908 4512 σκανδα·

2001 4458 2176 4542 quam
2209 4443 2365 4540 Deus
2397 4442 2763 4542 prmdicit.Et
2790 4456 2854 4542 ut
2887 4464 3001 4506 non
3030 4444 3360 4507 oﬂ‘endatnr
3381 4442 3550 4526 quasi
3570 4440 3647 4542 ab

268 4539 515 4597 λισθῶσιν
578 4544 651 4607 ὥς
707 4544 1160 4621 κατηγορούμενοι
1214 4543 1304 4600 ὑπ’
1373 4542 1552 4623 aut-0'3,
1627 4545 1782 4601 εἶπεν
1835 4543 1917 4600 ὅτι

270 4628 561 4706 γέγραπται
598 4647 615 4664 ⁸
661 4631 883 4698 Πατάξω
925 4635 1015 4687 τὸν
1072 4632 1318 4709 ποιμένα,
1372 4635 1459 4689 καὶ
1506 4632 1911 4712 διασκορπισθή-

270 4736 452 4772 σονται
508 4719 575 4774 τὰ
623 4717 887 4798 πρόϐατα,
973 4728 1126 4777 τοῦτο
1209 4721 1597 4797 αἰνιττόμενος,
1640 4720 1720 4779 ὅτι
1779 4722 1922 4800 Ἐγώ

271 4819 527 4886 συνεῖχον
584 4808 745 4883 ὑμᾶς,
808 4812 869 4865 τὸ
927 4807 981 4865 δὲ
1037 4809 1130 4885 ἒμὲ
1180 4810 1429 4869 ἀπελθεῖν
1457 4813 1594 4888 ὑμᾶς
1625 4812 1917 4890 σκορπίσει*

271 4892 497 4960 πατάξαι
555 4893 610 4952 δὲ
653 4894 866 4976 λέγεται
911 4900 939 4955 ὃ
983 4901 1165 4978 Πατὴρ
1208 4901 1301 4956 τὸν
1346 4901 1488 4979 Υἱὺν,
1540 4898 1670 4957 διότι
1733 4900 1923 4978 γνώμῃ

273 4985 455 5061 αὐτοῦ,
512 4982 630 5051 ἦτοι
710 4989 1125 5066 παραχωρήσει,
1188 4988 1518 5067 ἐσταύρωσαν
1574 4994 1621 5045 οἱ
1679 4988 1924 5046 Ἰουδαῖοι

269 5071 362 5126 τὸν
421 5071 609 5151 Κύριον
636 5090 652 5109 °
714 5072 997 5151 δυνάμενος
1055 5077 1155 5153 γὰρ
1198 5076 1456 5147 κωλύσαι,
1518 5081 1639 5134 εἶτα
1682 5078 1761 5153 μὴ
1809 5100 1925 5133 κω-

270 5156 460 5233 λύσας,
523 5158 734 5238 λέγεται
781 5162 1008 5229 πατάξαι
1068 5162 1153 5220 διὰ
1209 5167 1308 5232 τήν
1338 5168 1751 5245 παραχώρησιν.
1788 5167 1927 5225 Εἶτα

272 5246 413 5304 λύων
471 5248 642 5305 αὐτῶν
693 5252 791 5319 τὴν
844 5250 1039 5319 λύπην,
1116 5252 1505 5332 εὐαγγελίζεται
1563 5257 1769 5335 αὐτοῖς,
1846 5254 1926 5310 ὅτι

272 5334 651 5415 ἰγερθήσομαι,
732 5342 819 5396 καὶ
877 5339 1111 5420 προάξω,
1188 5341 1453 5417 τουτέστι,
1527 5334 1812 5425 προφθάσω
1855 5345 1926 5406 εὶς

272 5426 372 5492 τὴν
428 5425 711 5484 Γαλιλαίαν
768 5431 929 5507 ὑμᾶς,
991 5427 1241 5485 δεικνύων
1284 5430 1515 5488 ἐντειζθεν
1547 5432 1627 5488 ὅτι
1678 5433 1777 5499 τὴν
1833 5432 1928 5507 μὲν

272 5511 625 5592 Ἰερουσαλὴμ
681 5517 1079 5595 ἐγκαταλείψει,
1142 5521 1215 5585 εἰς
1281 5518 1336 5575 δὲ
1387 5521 1452 5575 τὰ
1482 5519 1605 5589 ἔθνη
1637 5520 1929 5578 ἀπελεύσε-

273 5615 385 5656 ται·
430 5601 529 5669 τὴν
560 5604 659 5683 γὰρ
708 5603 993 5662 Γαλιλαίαν
1022 5604 1214 5664 ἐθνικοὶ
1242 5608 1539 5682 κατῴκουν,

366 5710 386 5743 ε
439 5687 767 5771 ’ᾼποκριθεὶς
830 5694 886 5751 δὲ
944 5698 971 5751 ὁ
1030 5694 1251 5776 Πέτρος,
1313 5699 1467 5755 εἶπεν
1523 5702 1681 5773 αδτῷ·
1744 5703 1799 5759 Εἰ
1850 5704 1937 5758 καὶ

2002 4532 2129 4612 ipso
2180 4531 2375 4593 acrius
2430 4533 2712 4605 accusati,
2774 4533 2921 4595 dim
2959 4536 3243 4615 scriptum
3276 4551 3455 4595 esse:
3514 4532 3646 4594 148

2006 4621 2331 4683 Percutiam
2367 4631 2687 4703 pastorem,
2727 4631 2785 4685 et
2816 4624 3232 4704 dispergentur
3261 4642 3400 4686 oves
3427 4622 3646 4704 gregis,

2004 4710 2114 4771 hoc
2174 4711 2483 4773 insinuans
2520 4732 2532 4771 :
2568 4714 2689 4793 Ego
2731 4712 3011 4775 contineo
3069 4731 3196 4788 vos,
3231 4731 3399 4774 meus
3452 4721 3648 4774 autem

2007 4799 2307 4864 discessus
2350 4819 2455 4864 vos
2505 4800 2825 4884 disperget.
2860 4802 3179 4865 Percutere
3208 4811 3405 4864 autem
3438 4801 3655 4864 dicitur

2010 4892 2186 4954 Pater
2211 4889 2453 4972 Filium,
2484 4910 2554 4954 eo
2586 4894 2740 4973 quod
2785 4892 3105 4963 voluntate,
3132 4892 3244 4954 hoc
3273 4900 3367 4953 est
3393 4891 3652 4973 permis-

2009 4980 2363 5085 sione—eius,
2398 4980 3052 5085 cruciﬁxeruntuludzei
3110 4980 3479 5085 Dominum:
3514 4980 3655 5085 quia

2008 5091 2142 5133 cum
2170 5066 2301 5154 ipse
2334 5070 2517 5151 possit
2536 5089 2641 5133 eos
2664 5069 2982 5152 prohibere
3011 5079 3069 5132 et
3099 5088 3218 5132 non
3251 5068 3653 5150 proliibet,di--

2009 5161 2166 5224 citur
2224 5169 2536 5242 percutere
2587 5169 2831 5241 promer
2884 5158 3363 5238 permissionem.
3427 5158 3655 5222 Deinde

2009 5252 2243 5315 solvens
2272 5268 2479 5311 eorum
2511 5249 2824 5323 tristitiam,
2859 5249 3222 5327 exangelizat
3264 5247 3352 5308 eis
3385 5268 3400 5311 :
3427 5246 3653 5309 Resur-

2010 5361 2141 5420 gam
2171 5349 2231 5401 et
2261 5338 2503 5418 praeibo,
2535 5338 2647 5399 hoc
2677 5347 2787 5417 est,
2824 5337 3176 5418 praeveniam
3218 5355 3322 5397 vos
3374 5336 3436 5398 in
3488 5335 3653 5401 Gali-

2013 5433 2203 5505 laeam,
2236 5427 2511 5491 indicans
2542 5427 2654 5487 hoc
2684 5426 2817 5487 loco
2837 5426 3184 5489 relicturum
3216 5424 3652 5508 seJerusalem,

2016 5531 2071 5583 et
2103 5520 2174 5581 ad
2205 5525 2414 5597 gentes
2438 5533 2887 5578 concessurum.
2922 5515 3221 5578 Galilaeam
3276 5516 3438 5577 enim
3460 5515 3656 5595 genti-

2017 5609 2105 5673 les
2135 5605 2485 5671 inhabitant.

2103 5700 2282 5763 νεεδ.
2319 5693 2418 5771 33,
2444 5692 2540 5760 34.
2580 5719 2605 5749 α
2632 5695 3023 5778 Respondeas
3053 5702 3245 5759 autem
3282 5696 3496 5761 Petrus
3514 5693 3660 5757 dixit
