4106 6280
214 297 337 363 453

212 429 358 488 οὕτω
422 429 509 486 δεῖ
572 430 812 510 γενέσθαι

211 523 582 594 σπασλμενος,
638 522 771 577 καθα
840 518 1097 584 Ἰωάννης
1168 517 1348 596 φησίν·
1403 516 1533 594 εἶχε
1564 512 1617 570 δὲ
1670 516 1874 595 μάχαι-

211 629 338 686 ραν,
395 610 469 671 ὣς
524 608 640 684 ἃρτι
698 612 759 665 τὸ
815 607 991 687 ἀρνίον
1047 603 1289 684 θύσας,ὅ
1322 602 1541 685 ἔφαγον,
1591 604 1678 672 Μὴ
1709 603 1872 680 ἐγκα-

210 695 400 772 λῶμεν
446 695 503 753 δὲ
558 705 635 771 τῷ
695 696 901 772 Πέτρῳ.
960 698 1035 753 Ob
1092 696 1192 771 γὰρ
1274 694 1404 771 ὑπὲρ
1482 693 1696 766 ἑαυτοῦ,
1755 690 1871 748 ἀλλ’

212 785 351 863 ὺπέρ
397 793 492 842 τοῦ
575 783 890 841 διδασκάλου
942 781 1217 855 ζηλώσας,
1272 789 1426 838 τοῦτο
1455 787 1724 849 εποίησεν’
1759 782 1788 837 ὀ
1817 779 1873 836 δὲ

216 875 413 953 Κύριος
473 875 869 952 μεταρυθμίζων
928 873 1085 931 αὐτὸν
1145 872 1216 937 εἷς
1303 869 1655 948 εὖαγγελικὴν
1712 870 1874 927 πολι-

214 964 388 1036 τείαν,
462 962 693 1020 διδάσκει
745 963 823 1039 μὴ
878 965 1115 1041 χρῆσθαι
1186 960 1455 1040 μαχαίρᾳ,
1488 959 1585 1016 κᾶν
1614 961 1705 1016 τόν
1748 962 1877 1016 Θεὸν

214 1049 354 1127 δοκῇ
404 1073 483 1115 τις
539 1050 793 1111 ἐκδικεῖν.
871 1051 1060 1127 Τεμὼν
1116 1049 1171 1105 δὲ
1227 1049 1289 1105 τό
1346 1052 1501 1106 ὠτίον
1573 1051 1600 1104 ὁ
1654 1049 1876 1128 Πέτρος,

212 1138 477 1199 δείκνυσιν
577 1140 657 1198 ὅτι
727 1142 992 1209 ἂνηκοῖαν
1051 1139 1260 1196 ἰνόσιουν
1311 1142 1359 1195 οἱ
1429 1137 1700 1196 Ἰουδαίου
1756 1142 1877 1195 εἶτα

212 1230 314 1287 καὶ
364 1232 428 1287 τὸ
481 1233 574 1287 τοι]
630 1232 795 1305 νόμου
846 1230 1008 1308 ῥητὸν
1061 1230 1289 1304 τίθησιν,
1336 1227 1414 1284 ὅτι
1460 1229 1694 1307 ὁιρονεὺς
1724 1228 1874 1284 ἀντι-

212 1320 517 1399 φονεύεται·
579 1320 607 1374 ὁ
654 1320 755 1398 γὰρ
810 1319 971 1393 νόμος
1026 1318 1178 1377 τοῦτό
1235 1339 1419 1397 φησιν,
1483 1315 1562 1372 ὅτι
1587 1319 1632 1373 οἱ
1675 1314 1875 1373 λαϐόν-

209 1429 313 1472 τες
363 1409 636 1488 μάχαιραν
681 1412 738 1465 ιν
797 1408 1037 1488 μαχαίρᾳ
1094 1407 1495 1467 ἀποθανοῦνται.
1584 1407 1873 1463 Αἷνίττεται

214 1496 275 1553 δὲ
336 1495 413 1555 ὅτι
468 1500 569 1555 {me
631 1504 732 1566 τῆς
803 1504 907 1555 τῶν
967 1496 1241 1572 Ῥωμαίων
1301 1497 1573 1575 μαχαίρας
1603 1496 1876 1572 ἀναιρεθή-

212 1608 405 1644 σονται
462 1590 509 1643 οἱ
565 1586 685 1644 κατ’
736 1587 893 1645 αὐτοῦ
954 1583 1207 1649 λαϐόντες
1257 1586 1355 1652 τὴν
1413 1586 1685 1665 μάχαιραν
1733 1584 1873 1642 Ἰου-

212 1673 392 1732 δαῖον
455 1677 551 1733 οὐκ
608 1678 732 1733 εἷπε
790 1674 869 1757 δὲ,
926 1675 1005 1732 ὅτι
1041 1675 1278 1750 Δύναμαι
1310 1675 1644 1751 παραστῆσαι
1676 1672 1874 1731 δώδεκα

212 1763 496 1843 λεγεῶνας
553 1766 819 1845 ἀγγέλων,
880 1763 1038 1838 ἀλλὰ,
1108 1762 1472 1843 παρακαλὲσαι
1530 1766 1620 1820 τὸν
1670 1764 1876 1843 Πατὲρα

217 1876 359 1930 μου,
434 1856 784 1931 οἰκονομικῶς
813 1861 967 1911 τοῦτο
989 1852 1162 1932 λέγων
1192 1856 1264 1919 ὡς
1320 1851 1615 1932 ἅνθρωπος,
1648 1850 1732 1910 διὰ
1778 1855 1878 1920 τὴν

214 1943 403 2000 αὐτῶν
466 1943 756 2009 ἀσθένειαν,
839 1942 1020 2001 Πολλὰ
1114 1944 1213 2021 γὰρ
1286 1942 1353 2010 ἦν
1435 1943 1556 1999 τότε
1620 1941 1876 2008 ἐπιδείξας

212 2032 549 2113 ἀνθρώπινα,
620 2036 712 2091 τὸν
769 2031 982 2113 ἱδρῶτα,
1041 2032 1137 2099 τὴν
1212 2030 1428 2099 δειλίαν,
1490 2034 1579 2089 καὶ
1662 2034 1755 2089 οὐκ
1813 2032 1874 2087 ἂν

214 2120 369 2188 ἔδοξε
437 2124 629 2180 πιθανὰ
683 2122 882 2202 λέγειν,
954 2120 1015 2178 ἅν
1088 2119 1267 2199 ἔλεγεν
1321 2120 1401 2177 ὅτι
1438 2123 1671 2195 Δύναμαι
1716 2114 1871 2185 αὒτὸς

215 2212 340 2289 ἱγὼ
394 2217 730 2290 παραστῆσαι
782 2209 1059 2290 ἀγγέλους.
1136 2206 1282 2267 Ἀντὶ
1350 2215 1454 2265 τῶν
1500 2208 1700 2267 δώδεκα
1756 2211 1867 2284 οὖν,

219 2302 382 2379 φησὶ,
440 2304 715 2375 μαθητῶν,
788 2299 1126 2377 παρέστησαν
1176 2296 1237 2353 ἄν
1298 2321 1387 2373 μοι
1424 2297 1625 2355 δώδεκα
1654 2300 1871 2378 τάγμασ-

216 2411 297 2445 τα
347 2388 611 2468 ἀγγέλων,
674 2390 718 2444 εί
777 2387 984 2455 ἤθελον.
1043 2388 1254 2464 Λετεὼν
1298 2389 1397 2466 γὰρ
1466 2388 1575 2444 ἔστι
1604 2390 1665 2444 τὸ
1708 2390 1869 2467 μέγι-

220 2499 352 2535 στον
436 2480 640 2558 τάγμα,
701 2476 1049 2557 ἑξακισχίλιοι
1120 2479 1333 2541 ἱππεῖς.
1392 2488 1488 2534 Δεῖ
1547 2478 1655 2558 οὖν,
1719 2480 1867 2559 φησὶ,

219 2575 393 2625 ταῦτα
460 2569 632 2625 πάντα
705 2567 965 2646 γενέσθαι,
1027 2563 1171 2630 ὅπως
1202 2564 1552 2644 πληρωθῶσιν
1583 2569 1634 2623 αἱ
1678 2569 1876 2645 Γραφαὶ

222 2658 285 2711 αἱ
352 2656 514 2714 ταῦτα
586 2657 1129 2737 προαναφιυνήσασαι.
1178 2657 1296 2735 Οὗχ
1326 2653 1406 2711 ὅτι
1466 2653 1518 2710 δὲ
1558 2657 1869 2734 προανεφώ-

226 2766 399 2813 νησαν
455 2748 506 2803 αἱ
564 2747 784 2826 Γραφαὶ,
866 2744 951 2801 διὰ
979 2751 1134 2801 τοῦτο
1191 2747 1238 2800 οἱ
1270 2743 1514 2803 Ἰουδαῖοι
1552 2747 1725 2819 κακοὶ,
1771 2743 1874 2800 ἀλ-

230 2833 303 2891 λα
359 2833 496 2892 διότι
557 2834 781 2912 ἔμελλον
835 2834 941 2891 ἀπὸ
1009 2840 1246 2912 πονηρᾶς
1305 2833 1659 2913 προαιρέσεως
1714 2840 1877 2890 ταῦτα

229 2929 452 2991 ποιῆσαι
522 2926 569 2982 οἱ
641 2922 915 2997 Ἰουδαῖοι,
985 2922 1078 2980 διὰ
1126 2931 1278 2980 τοῦτο
1334 2923 1389 2979 ἐν
1459 2936 1579 2989 ταῖς
1638 2929 1872 3004 Γραφατς

231 3023 397 3074 ταῦτα
417 3014 668 3082 ἐτέθησαν
696 3016 798 3071 ὑπὸ
827 3021 919 3072 τοῦ
947 3013 1275 3086 Πνεύματος.
1891 3004 1932 3055 c

318 3124 344 3158 ι
397 3102 490 3162 Ἐν
572 3104 744 3181 ἰκείνη
788 3108 857 3180 τῇ
896 3104 1007 3181 ὥρᾳ
1036 3103 1192 3159 εἶπεν
1218 3105 1247 3159 ὁ
1291 3102 1495 3169 Ἰησοῦς
1523 3116 1640 3169 τοῖς
1662 3102 1872 3183 ὅχλοις⁶

236 3183 332 3255 Ὠς
398 3191 481 3249 ἰπὶ
534 3191 740 3269 λῃστὴν
811 3191 1052 3263 ἐξήλθετε
1109 3192 1241 3267 μετὰ
1272 3194 1556 3272 μαχαιρῶι
1597 3194 1685 3249 καὶ
1710 3190 1875 3257 ξύλων

233 3279 519 3339 συλλαϐεῖν
588 3300 679 3358 με’
734 3283 851 3340 καθ’
908 3282 1111 3360 ἡμέραν
1181 3283 1312 3357 πρὸς
1368 3283 1505 3356 ὑμᾶς
1553 3280 1878 3357 ἐκαθεζόμην

233 3366 488 3428 ὂιδᾶσκων
556 3371 612 3429 ἰν
680 3372 759 3445 τῷ
809 3373 953 3450 ίερῷ,
1007 3371 1093 3426 καὶ
1126 3371 1222 3427 οὐκ
1245 3368 1573 3449 ἐκρατήσατέ
1598 3389 1690 3446 με·
1730 3377 1883 3427 τοῦτο

234 3454 292 3513 δε
354 3457 476 3516 ὅλον
530 3459 744 3538 γέγονεν
788 3460 881 3517 ’ίνα
900 3458 1252 3534 πληρωθῶσιν
1294 3460 1346 3514 αἱ
1387 3462 1584 3540 Γραφαὶ
1612 3466 1719 3516 τῶν
1745 3482 1882 3537 προ-

235 3553 445 3626 φητῶν,
512 3571 536 3605 ε
604 3551 839 3606 Δείκνυσι
896 3549 994 3615 τὴν
1049 3546 1239 3625 ἄλογον
1283 3546 1455 3604 αύτῶν
1523 3550 1883 3628 επιχείρησιν,

234 3637 324 3692 καὶ
381 3635 462 3693 ὅτι
521 3642 580 3697 οὗ
625 3643 722 3705 τῆς
780 3641 950 3697 αὐτῶν
1005 3637 1192 3717 ἰσχύος
1250 3638 1436 3714 γέγονε
1484 3640 1547 3693 τὸ
1604 3636 1886 3694 συλλαϐεῖν

238 3725 419 3787 αὒτόν.
457 3717 600 3785 ’Ὅτε
627 3730 724 3807 γὰρ
766 3726 937 3805 ἥμην,
971 3728 1156 3806 φησὶν,
1188 3724 1243 3781 ἂν
1271 3733 1347 3801 τῷ
1376 3730 1525 3805 ἱερῷ,
1558 3726 1771 3794 ἠθέλετέ
1818 3748 1885 3800 με

236 3828 486 3895 ωσχετν,
544 3817 632 3873 καὶ
692 3814 823 3873 διότι
854 3819 914 3875 ού
984 3815 1316 3895 συνεχώρουν
1353 3818 1507 3893 ὑμῖν,
1541 3816 1637 3873 οὒκ
1683 3813 1883 3886 ἠδυνή-

234 3906 387 3974 θητε,
462 3903 550 3960 νῦν
605 3903 658 3960 δὲ
691 3906 827 3962 ἑκὼν
883 3900 1170 3982 προδίδωμι
1201 3902 1447 3979 ἐμαυτόν·
1496 3902 1621 3961 οῖδα
1662 3906 1761 3983 γὰρ
1803 3905 1883 3977 ὃτι

236 3991 487 4051 ἀδύνατόν
546 3993 656 4051 ἐστι
727 3992 1105 4071 διαψευσθῆναι
1173 3992 1266 4058 τας
1310 3996 1538 4074 Γραφας,
1587 3996 1646 4051 αἳ
1690 4008 1882 4071 προετ-

238 4103 343 4139 πον
369 4083 469 4150 τὴν
496 4083 749 4163 ὑμετέραν
779 4084 991 4142 κακίαν.

327 4282 356 4315 ε
430 4261 561 4319 Τότε
618 4264 665 4318 οἱ
697 4263 928 4336 μαθηταὶ
969 4261 1163 4327 πάντες
1191 4259 1408 4341 ἀφέντες
1440 4261 1617 4341 αὐτὸν,
1670 4260 1881 4341 ἔφυγον.

238 4350 301 4409 0i
350 4346 429 4425 δὲ,
503 4351 857 4428 κρατήσαντες
916 4351 1007 4407 τὸν
1081 4350 1316 4422 Ἰησοῦν,

238 4439 490 4518 Καϊάφαν
559 4440 652 4496 τὸν
709 4431 984 4519 ἀργιερέα,
1048 4438 1182 4496 ὅπου
1238 4441 1286 4495 οἱ
1315 4444 1657 4517 Γραμματεϊς
1705 4440 1807 4496 καὶΔ
1844 4442 1892 4495 οἱ

240 4525 589 4605 πρεσϐύτεροι
637 4530 1005 4609 συνήχθησαν
1080 4531 1109 4585 ὁ
1195 4525 1249 4583 ’δέ
1335 4527 1532 4608 Πέτρος
1617 4527 1890 4595 ἠκολούθει

240 4617 388 4692 αὒτῷ
441 4618 546 4675 ἀπὸ
614 4620 873 4697 μακρόθεν
931 4617 1032 4683 ἕως
1090 4617 1189 4685 τῆς
1233 4616 1397 4687 αύλῆς
1426 4639 1521 4674 του
1576 4617 1887 4698 ἀρχιερέως

242 4708 335 4763 καὶ
391 4707 633 4766 εἰσελθὼν
691 4709 818 4781 ἔσω,
882 4708 1107 4775 ἐκάθητο
1179 4707 1315 4783 μετά
1402 4714 1509 4764 τῶν
1590 4709 1887 4789 ὑπηρετῶν,

243 4793 380 4853 ἰδεῖν
456 4799 517 4853 τὸ
600 4796 778 4862 τέλος.
812 4818 843 4857 ι
907 4799 967 4855 Οἱ
1010 4798 1108 4872 μὲν
1152 4794 1304 4853 ἄλλοι
1353 4798 1585 4873 μαθητιῖ
1616 4795 1830 4876 ἔφυγονο
1863 4800 1891 4853 ὁ

240 4882 303 4941 δὲ
362 4890 553 4965 Πέτρος
600 4886 914 4967 θερμότερον
1001 4884 1329 4950 διακείμενος
1397 4887 1515 4965 περὶ
1595 4887 1686 4943 τὸν
1742 4885 1890 4943 διδά-

239 4972 466 5055 σκαλον,
522 4976 795 5043 ἠκολούθει
846 4976 1129 5055 μακρόθεν.
1190 4977 1248 5033 Εἰ
1309 4974 1367 5031 δὲ
1421 4976 1507 5031 καὶ
1564 4977 1593 5031 ὃ
1640 4974 1892 5043 Ἰωάννης

240 5062 544 5139 ἠκολούθει,
604 5063 725 5122 ἀλλ’
792 5068 895 5146 οὔχ
950 5066 1023 5130 ὣς
1068 5064 1336 5142 μαθητὴς.
1366 5063 1487 5120 ἀλλ’
1528 5066 1601 5127 ὡς
1630 5065 1892 5146 γνώριμος

236 5158 339 5209 τοῦ
370 5152 681 5233 ἀρχιερέως,
1244 5170 1251 5173 ·

331 5267 357 5299 ι
431 5247 491 5302 0i
548 5245 828 5325 ἀρχιερεῖς
901 5247 989 5302 καὶ
1047 5244 1095 5301 oi
1150 5241 1488 5322 πρεσϐύτεροι
1542 5242 1629 5299 καὶ
1674 5245 1736 5301 τὸ
1765 5266 1894 5301 συν-

239 5330 412 5411 έδριον
469 5332 593 5391 δλον
645 5334 861 5407 ἰζήιοιὸν
920 5332 1367 5414 ψευδομαρτυρίαν
1424 5331 1560 5390 κατά
1622 5340 1712 5391 τοῦ
1781 5332 1899 5403 ἰη-

238 5422 362 5502 «οἳ,
417 5418 565 5486 ὅπως
622 5423 778 5481 αύτδν
845 5422 1215 5498 θανατώσωσι,
1288 5421 1376 5481 καὶ
1433 5423 1538 5501 οὖχ
1566 5423 1736 5500 εὗρον.
1797 5424 1897 5485 Καὶ

319 5577 385 5631 ⁸ο
409 5577 585 5644 Jun.
614 5595 781 5661 mn,
816 5579 914 5647 10.

816 296 1260 363 ENARRATIO
1307 296 1385 359 IN
1434 292 1936 358 EVANGELIUM
1988 293 2385 355 MATTH/El.
2441 324 2510 335 -—-
2558 290 2721 353 CAP.
2775 289 2993 352 XXVI.

874 448 892 511 ς
960 452 985 483 ι
1035 427 1235 489 Πίταος
1264 428 1331 492 ἦν
1388 427 1417 482 ό
1447 427 1544 494 τὴν
1587 427 1864 506 μάχαιραν

1968 435 2182 503 >portet
2215 426 2340 488 fieri
2361 432 2390 489 ?
2414 450 2442 481 ι
2475 427 2696 487 Petrus
2724 435 2851 485 erat
2872 424 2971 504 qui
2995 421 3256 501 gladium
3287 426 3612 498 exemerat,

3485 280 3612 343 454

1955 526 2019 574 ut
2046 512 2308 576 Joannes
2338 515 2481 576 dicit
2506 514 2592 573 60.
2628 511 2896 575 Ilabebat
2926 522 3124 574 autem
3158 511 3445 590 gladium,
3491 528 3611 588 quo

1956 621 2169 681 agnum
2207 604 2553 667 Paschalem
2588 612 2874 665 mactarat
2919 604 3044 662 Non
3079 601 3382 680 arguimus
3412 608 3609 659 autem

1958 694 2222 772 Petrum,
2250 694 2689 773 quoniam'ﬂnon
2725 711 2829 771 pro
2861 711 2948 766 se,
3000 691 3102 751 sed
3170 708 3277 771 pro
3335 687 3608 766 Magistro

1957 781 2084 841 zelo
2106 782 2323 842 ardens
2352 781 2462 842 hec
2488 781 2646 841 fecit.
2689 780 2976 843 Dominus
3000 796 3138 838 vero
3162 779 3445 856 adaptans
3472 793 3605 837 eum

1958 869 2031 930 ad
2067 870 2467 950 evangelicam
2505 870 2712 944 vitam,
2741 870 2916 949 docet
2936 887 3050 929 non
3079 867 3363 927 utendum
3387 865 3605 944 gladio,

1963 959 2192 1020 etiamsi
2228 960 2359 1039 quis
2391 958 2574 1021 Deum
2602 958 2807 1019 ulcisci
2841 957 3132 1017 videntur.
3163 959 3352 1019 Porro
3404 958 3610 1015 Petrus

1960 1057 2271 1127 amputans
2294 1048 2640 1116 auriculam,
2671 1044 3179 1108 ostenditJudams
3205 1044 3609 1105 inobedientia

1959 1134 2257 1200 laborare.
2292 1137 2522 1200 Deinde
2549 1136 2848 1216 etfdictum
2878 1134 3026 1214 legis
3048 1134 3395 1214 ponit,quod
3420 1132 3608 1192 homi-

1959 1226 2087 1286 cida
2120 1236 2177 1286 et
2221 1228 2348 1306 ipse
2376 1226 2689 1287 occiditur.
2735 1228 2858 1288 Lex
2891 1225 3048 1285 enim
3080 1224 3192 1284 hoc
3223 1223 3387 1297 dicit,
3448 1220 3601 1300 quod

1959 1315 2060 1394 qui
2084 1314 2422 1396 acceperint
2453 1316 2735 1393 gladium,
2762 1316 3090 1375 moriantur
3110 1308 3606 1391 gladiansinuat

1958 1406 2341 1485 autemquod
2404 1407 2804 1465 Romanorum
2856 1402 3047 1481 gladio
3103 1401 3351 1482 perituri
3405 1413 3610 1463 essent

1956 1493 2165 1569 Judaei,
2203 1504 2407 1555 contra
2435 1513 2498 1555 se
2556 1494 2818 1571 gladium
2861 1492 3251 1571 accipientes.
3297 1488 3426 1553 Jam
3488 1507 3605 1550 non

1956 1581 2378 1655 dixit,Possum
2400 1582 2685 1644 exhibere
2730 1582 3043 1642 duodecim
3081 1581 3351 1659 legiones
3367 1581 3607 1658 angelo-

1959 1689 2090 1732 rum
2131 1688 2146 1743 ;
2173 1671 2300 1741 sed,
2324 1690 2494 1732 orare
2521 1670 2753 1731 Patrem
2785 1688 3008 1748 meum,
3034 1668 3434 1749 dispensative
3463 1668 3609 1729 dicit

1960 1759 2111 1821 sicut
2145 1762 2342 1833 homo,
2400 1770 2646 1840 propter
2686 1778 2894 1820 eorum
2957 1759 3385 1819 inﬁrmitatem.
3424 1759 3608 1820 Multa

1960 1851 2118 1910 enim
2141 1860 2279 1911 tunc
2301 1861 2471 1912 erant
2493 1849 2707 1928 quibus
2732 1849 2986 1909 humana
3014 1848 3227 1908 Veritas
3248 1847 3607 1909 ostendeba-

1962 1948 2076 2012 tur,
2113 1952 2170 2000 ut
2204 1940 2387 2001 sudor
2422 1950 2479 2001 et
2511 1940 2684 2000 timor
2724 1960 2737 1993 :
2787 1947 2844 1999 et
2876 1956 2994 1999 non
3018 1940 3179 1997 visus
3210 1937 3417 1998 fuisset
3446 1937 3606 1996 veri-

1959 2031 2172 2090 similia
2194 2029 2422 2101 dicere,
2458 2029 2506 2089 si
2569 2027 2836 2102 dixisset,
2876 2031 3116 2088 Possum
3150 2026 3280 2106 ipse
3310 2026 3611 2088 adducere

1954 2124 2219 2197 angelos.
2273 2121 2384 2180 Pro
2412 2118 2726 2179 duodecim
2759 2117 2960 2195 igitur,
3016 2117 3229 2197 inquit.
3288 2115 3589 2196 apostolis,

1953 2208 2173 2268 astitiss
2215 2217 2271 2268 nt
2309 2208 2451 2270 mihi
2479 2208 2793 2268 duodecim
2826 2206 3123 2266 exercitus
3145 2207 3515 2285 angelorum,
3543 2206 3592 2266 si

1954 2296 2191 2375 quidem
2220 2294 2740 2372 voluissem.Legio
2766 2294 2923 2355 enim
2948 2305 3035 2355 est
3063 2313 3334 2372 magnum
3352 2312 3589 2373 agmen,

1956 2402 2172 2463 nempe
2203 2403 2303 2446 sex
2340 2385 2523 2444 millia
2555 2385 2845 2464 equitum.
2869 2381 3114 2462 Oportet
3146 2384 3344 2464 igitur,
3377 2383 3591 2463 inquit,

1957 2473 2082 2534 haec
2115 2476 2316 2535 omnia
2350 2474 2503 2548 ﬁeri,
2561 2483 2623 2535 ut
2669 2472 3028 2553 impleantur
3095 2473 3412 2553 Scriptum
3468 2490 3601 2553 qua

1957 2564 2082 2625 haec
2115 2566 2535 2643 praedixerunt.
2570 2562 2697 2624 Non
2728 2563 2883 2643 quod
2910 2564 3044 2624 ideo
3076 2564 3259 2625 Judaei
3293 2563 3600 2644 mali,quia

1960 2652 2707 2732 praedixeruntScriptura:
2744 2672 2757 2714 :
2792 2651 3049 2731 sedquia
3078 2653 3264 2714 Judaei
3294 2653 3419 2713 haec
3450 2650 3604 2711 mala

1958 2742 2259 2803 voluntate
2316 2742 2530 2803 facturi
2591 2749 2780 2817 erant,
2810 2741 2943 2803 ideo
2977 2738 3232 2821 Spiritus
3261 2752 3501 2803 sanctus
3531 2758 3598 2802 ea

1958 2831 2277 2910 Scripturis
2311 2831 2592 2911 prodidit.

2042 3095 2218 3161 Vens.
2246 3097 2347 3171 55,
2378 3100 2478 3161 56.
2518 3122 2545 3154 α
2580 3099 2644 3161 ln
2672 3097 2772 3159 illa
2802 3098 2947 3159 hora
2988 3097 3131 3158 dixit
3154 3094 3329 3159 Jesus
3361 3096 3549 3158 turbis
3582 3118 3596 3159 :

1962 3188 2263 3269 Tanquam
2296 3189 2368 3249 ad
2403 3188 2689 3249 latronem
2714 3185 2918 3247 existis
2939 3204 3073 3247 cum
3104 3186 3316 3263 gladiis
3345 3197 3402 3247 et
3426 3186 3600 3246 fusti-

1966 3280 2075 3340 bus
2108 3288 2169 3341 ut
2228 3276 2749 3359 comprehendatis
2784 3294 2923 3338 me:
2981 3276 3249 3355 quotidie
3297 3275 3451 3356 apud
3504 3292 3607 3335 vos

1966 3370 2247 3432 sedebam
2272 3369 2495 3430 docens
2521 3368 2578 3429 in
2605 3368 2915 3449 templo,et
2939 3385 3054 3428 non
3086 3385 3181 3427 me
3204 3365 3602 3438 cepistis.Hoc

1967 3470 2161 3521 autem
2198 3470 2380 3520 totum
2415 3464 2630 3519 tactum
2655 3472 2746 3521 εει
2776 3468 2837 3519 ut
2861 3460 3304 3538 complerentur
3332 3458 3606 3537 Scriptu—

1967 3567 2048 3610 rte
2079 3548 2524 3628 prophetarum.
2556 3579 2574 3602 ιι
2606 3547 2880 3611 Ostendit
2909 3547 3021 3607 stul
3055 3565 3153 3607 um
3175 3545 3414 3606 illorum
3434 3564 3609 3606 cona-

1971 3645 2115 3707 tum,
2144 3647 2203 3699 et
2234 3637 2390 3717 quod
2416 3656 2529 3698 non
2556 3636 2915 3698 fortitudinis
2935 3636 3169 3696 illorum
3207 3633 3605 3714 fuerit,ipsum

1968 3724 2416 3805 comprehendi.
2461 3724 2709 3797 Quando
2733 3724 3138 3805 enim,inquit,
3174 3741 3336 3783 eram
3366 3724 3427 3782 in
3453 3731 3608 3783 tem-

1971 3815 2087 3897 plo,
2125 3814 2408 3877 volebatis
2439 3832 2536 3876 me
2589 3811 3122 3894 comprehendere,
3181 3820 3239 3874 et
3292 3811 3433 3893 quia
3492 3830 3610 3873 non

1967 3904 2367 3966 concedebam
2399 3903 2739 3980 Vobis,tunc
2759 3921 2873 3964 non
2892 3905 3203 3981 poteratis;
3243 3921 3399 3963 nunc
3415 3910 3611 3963 autem

1967 4002 2175 4075 sponte
2208 3995 2499 4073 meipsum
2522 3994 2729 4055 ollero:
2757 4010 2890 4054 nam
2915 3991 3038 4053 scio
3058 3991 3425 4065 impossibile
3442 3990 3612 4053 Scri-

1969 4094 2335 4164 pturas,quaa
2347 4094 2598 4146 vestram
2621 4083 3019 4164 praedixerunt
3042 4080 3576 4162 malitiam,menda
3593 4114 3611 4125 -

1968 4192 2067 4236 CCS
2099 4192 2257 4236 esse.

2051 4261 2494 4327 Vsus.56-58.c
2532 4261 2698 4324 Tunc
2730 4260 3011 4341 discipuli
3042 4259 3488 4331 omnes,relicto
3519 4278 3613 4339 eo,

1410 4349 1690 4429 ἀπήγαγον
1760 4352 1880 4429 πρὸς

1975 4353 2352 4432 fugerunt.At
2368 4352 2453 4412 illi
2476 4352 2973 4430 comprehensum
2996 4349 3025 4413 J
3033 4369 3196 4411 esum
3228 4350 3527 4431 duxerunt
3542 4349 3618 4409 ad

1932 4500 1937 4505 .
1975 4441 2257 4521 Caipham
2326 4441 2655 4520 principem
2704 4440 3109 4507 sacerdotum,
3157 4438 3259 4500 ubi
3303 4436 3531 4499 Scriba:
3559 4447 3618 4498 et

1974 4535 2239 4593 seniores
2285 4535 2703 4591 convenerant.
2759 4526 2967 4589 Petrus
3017 4536 3212 4588 autem
3261 4526 3619 4607 sequebatur

1974 4639 2108 4681 eum
2129 4618 2356 4701 procul,
2372 4635 2560 4697 usque
2582 4616 2655 4677 ad
2682 4615 2893 4677 atrium
2910 4615 3193 4696 principis
3213 4614 3614 4677 sacerdotum.

1976 4709 2045 4771 Et
2075 4715 2374 4788 ingressus
2399 4704 2831 4785 iutro,sedebat
2854 4723 2988 4766 cum
3012 4704 3319 4779 ministris,
3354 4713 3419 4765 ut
3448 4703 3615 4765 vide-

1973 4806 2068 4859 ret
2096 4798 2300 4859 linem.
2342 4820 2366 4852 υ
2401 4793 2516 4857 Alii
2546 4793 2789 4874 quidem
2813 4794 3619 4874 discipulifugi-runtzl’etrus

1976 4906 2113 4949 vero
2147 4883 2489 4948 ferventiori
2528 4883 2665 4943 I52
2697 4901 2834 4962 erga
2867 4883 3211 4962 Magistrum
3246 4884 3485 4963 all‘ectu,
3515 4901 3580 4943 se
3594 4915 3623 4947 -.

1976 4975 2269 5057 quebatur
2291 4973 2521 5053 procul.
2546 4972 2822 5045 Quamvis
2840 4980 3035 5033 autem
3060 4982 3117 5033 et
3135 4972 3394 5035 Joannes
3413 4988 3623 5051 seque-

1975 5075 2161 5143 retur,
2196 5083 2313 5126 non
2346 5073 2542 5124 tamen
2573 5070 2635 5122 ut
2664 5060 3015 5141 discipulus,
3044 5063 3150 5123 sed
3184 5070 3250 5122 ut
3277 5068 3451 5123 notus
3473 5078 3620 5141 pon-

1978 5155 2142 5217 tiﬁci.

2054 5242 2230 5308 VEns.
2267 5240 2472 5316 59,60.
2513 5262 2541 5300 ι
2573 5238 2887 5318 Principes
2914 5247 3109 5302 autem
3154 5239 3529 5302 sacerdotum
3560 5248 3618 5301 et

1977 5334 2245 5397 seniores
2278 5339 2338 5392 et
2383 5338 2567 5392 totum
2626 5328 2938 5391 consilium
2998 5328 3343 5410 quaerebant
3400 5328 3613 5391 falsum

1978 5419 2381 5486 testimonium
2403 5432 2611 5482 contra
2629 5418 2919 5497 Jesum,ut
2945 5421 3121 5481 morti
3137 5437 3273 5482 eum
3291 5418 3613 5503 traderent,
