4148 6290
383 286 496 350 461

1034 286 1477 349 ENARRATIO
1521 286 1602 348 IN
1649 284 2023 350 EVANGELl

2110 280 2150 344 ll
2194 278 2589 345 ΜΑΤΤΗΕΙ.
2637 314 2715 326 --
2757 279 2922 343 CAP.
2970 281 3217 346 XXVII.

3625 274 3740 348 4C2

369 421 496 491 μίοο
553 428 640 475 τοῦ
711 420 1005 497 προφήτου,
1064 417 1335 495 λέγοντος·
1385 419 1481 476 Καὶ
1542 417 1727 474 ἔλαϐον
1761 419 1824 472 τὰ
1867 417 2015 493 τρισί-

2110 411 2410 491 impletum
2443 422 2532 475 est
2562 412 2717 492 quod
2742 412 2961 473 dictum
2994 422 3082 473 est
3105 432 3214 494 per
3237 413 3554 476 Jeremiam
3601 437 3740 498 pro-

363 528 532 562 κοντα
578 506 794 584 ἀρεύρια
846 508 945 572 την
1003 507 1167 580 τιμὴν
1223 514 1315 562 τοῦ
1363 506 1737 580 τετιμημένου,
1794 506 1850 560 ὅν
1901 506 2010 559 ἐτι-

361 597 608 668 μήσαντο
680 596 785 650 ἀπὸ
842 599 964 650 υἱῶν
991 591 1235 672 Ἰσραὴλ,
1268 597 1355 650 καὶ
1399 591 1599 651 ἔδωκαν
1643 595 1772 650 αὐτὰ
1821 595 1892 656 εἷς
1921 595 2011 648 τὸν

364 683 532 762 ἀγρὸν
595 689 686 738 τοῦ
753 682 1024 761 κεραμέως
1082 685 1214 738 καθᾶ
1273 681 1513 746 συνέταΞέ
1570 706 1658 758 μοι
1718 684 1928 761 Κύριος.
1984 705 2005 736 ι

370 769 644 850 Κορϐανᾶν
714 767 897 850 ἔλεγον
951 772 1042 826 τὸν
1099 770 1152 824 ἓν
1207 776 1284 843 τῷ
1342 774 1464 844 ἱερῷ
1530 773 1811 849 θησαυρὸν,
1853 772 1924 833 εἷς
1953 770 2011 824 ὅν

373 857 598 916 ἔϐαλλον
654 862 719 916 τὰ
771 860 1170 938 προσφερόμενα
1228 866 1304 932 τῷ
1372 861 1488 934 Θεῴ
1543 857 1705 933 δῶρα.
1765 851 1908 937 ’Ὅρα
1959 856 2012 912 δὲ

376 953 492 1010 πῶς
549 951 577 1003 6
633 950 761 1012 Θεὸς
821 961 1042 1021 ματαιοϊ
1099 947 1307 1014 αὖτοὺς,
1367 947 1502 1004 ὥστε
1561 949 1874 1027 φημίζεσθα.
1918 949 2015 1013 τὴν

378 1036 659 1115 μιαιφόνον
731 1037 898 1093 αὐτῶν
967 1036 1211 1113 γνώμην
1262 1035 1423 1098 ’Ἕως
1474 1037 1573 1114 γὰρ
1620 1036 1714 1103 τῆς
1758 1038 2012 1112 σήμερον,

378 1127 562 1204 φησὶν,
599 1122 784 1203 Ἀγρὸς
823 1124 1052 1199 α’ἷματος
1082 1123 1328 1181 καλεῖται
1359 1127 1387 1180 6
1430 1125 1588 1203 ἀγρὸς
1618 1127 1847 1198 ἱκετνος,
1881 1124 2016 1180 ὥστε

377 1215 581 1275 πὰΑτας
661 1214 1147 1289 ἀναμιμνήσκεσθαι
1212 1212 1292 1269 ὅτι
1351 1216 1440 1269 τὸν
1496 1215 1678 1291 Κὺριον
1711 1213 2016 1293 ἐφόνευσαν.

377 1303 619 1358 Μάνθανε
669 1302 722 1358 δὲ
792 1305 877 1359 καὶ
919 1310 1096 1381 τοῦτο,
1160 1301 1240 1358 ὅτι
1297 1304 1385 1358 καὶ
1427 1304 1567 1380 παρᾶ
1599 1315 1716 1365 τοῖς
1748 1299 2017 1363 Ἰουδαίοις

371 1397 624 1446 τοσοῦτον
705 1393 738 1457 ἡ
795 1390 1056 1470 φιλοξενία
1127 1389 1496 1463 ἐσπουδάζετο,
1568 1389 1706 1445 ὥστε
1763 1392 1850 1445 καὶ
1902 1402 2016 1449 τοῖς

370 1476 537 1542 ξένοις
610 1480 683 1540 εἷς
747 1479 919 1558 ταφὴν
990 1479 1190 1557 χωρίον
1231 1500 1281 1534 τι
1313 1478 1686 1557 ἁγορασθῆναι.
1739 1477 2018 1556 Αἰσχυνώ-

369 1569 507 1641 μεθα
578 1577 666 1626 οὖν
725 1570 911 1642 ἡμεῖς,
982 1569 1027 1622 οἱ
1095 1565 1422 1644 τελειοτέρου
1465 1567 1560 1640 μὲν
1591 1567 1702 1643 βίου
1745 1564 2018 1633 δοκοῦντες

2100 502 2338 577 phetam
2360 501 2757 562 dicentem:El
2781 514 3142 581 acceperunt
3162 503 3400 582 triginta
3429 515 3742 583 argenteos

2097 591 2346 669 pretium
2379 591 2672 669 aestimati,
2709 610 2884 669 quem
2920 592 3269 652 aestimatum
3301 604 3578 655 emerunt
3609 615 3642 657 a
3672 600 3739 657 li-

2095 678 2190 738 liis
2216 678 2416 751 lsrael,
2473 689 2530 739 et
2576 679 2869 740 dederunt
2899 699 3000 740 eos
3031 681 3092 741 in
3122 700 3327 759 agrum
3374 684 3559 762 ﬁguli,
3593 686 3745 748 sicut

2097 767 2399 826 constituit
2443 768 2586 827 mihi
2646 767 2953 830 Dominus.
2995 793 3020 823 ι»
3085 768 3416 831 Corhonam
3467 773 3745 836 dicebant

2099 856 2437 915 thesaurum
2473 855 2533 914 in
2557 856 2799 935 templo,
2823 856 2880 915 in
2911 875 3086 934 quem
3115 858 3424 920 mittebant
3444 861 3599 923 dona
3614 881 3744 943 qua

2101 943 2221 1005 Deo
2241 943 2668 1004 oll'erebantur.
2707 944 2855 1004 Vide
2877 955 3071 1004 autem
3110 949 3408 1025 quomodo
3460 947 3616 1012 Deus
3645 951 3741 1012 in-

2101 1031 2283 1092 fatuet
2315 1032 2468 1103 illos,
2497 1042 2558 1092 ut
2581 1032 2916 1092 traducatur
2943 1051 3112 1094 mens
3152 1035 3386 1096 illorum
3419 1039 3740 1117 sanguina-

2101 1121 2210 1182 ria.
2248 1117 2445 1201 Usque
2487 1122 2545 1179 in
2569 1121 2723 1180 hunc
2749 1120 2906 1181 enim
2937 1121 3118 1202 diem,
3152 1123 3252 1196 ait,
3281 1143 3421 1204 ager
3453 1127 3558 1189 ille
3585 1130 3741 1192 dici-

2103 1220 2198 1269 tur
2220 1215 2374 1298 Ager
2394 1209 2717 1287 sanguinis.
2747 1217 2809 1269 ut
2838 1228 3047 1298 omnes
3077 1212 3193 1271 sint
3249 1231 3540 1278 memores
3583 1219 3743 1298 quod

2102 1297 2418 1386 Dominum
2452 1297 2796 1358 occiderint.
2834 1296 3007 1359 Disce
3035 1307 3228 1361 autem
3263 1310 3320 1362 et
3351 1303 3483 1378 hoc,
3515 1296 3749 1386 quodet

2101 1386 2254 1463 apud
2283 1385 2520 1447 Judzeos
2566 1386 2744 1446 fuerit
2792 1386 2854 1446 in
2887 1387 3078 1466 pretio
3131 1388 3501 1469 hospitalitas
3536 1385 3549 1456 Ξ
3588 1396 3746 1460 unde

2101 1474 2161 1534 in
2209 1475 2573 1554 sepulturam
2636 1475 3080 1554 peregrinorum
3143 1478 3277 1538 1ΰὸ
3325 1501 3529 1561 agrum
3576 1485 3742 1546 illum

2102 1572 2394 1626 emerunt.
2429 1563 2870 1626 Confundamua
2903 1564 3083 1642 igitur
3114 1585 3243 1648 nos,
3289 1571 3390 1649 qui
3442 1573 3573 1634 vita
3605 1592 3744 1652 per-

373 1655 543 1734 εῖναι,
615 1658 734 1720 τοὺς
785 1655 838 1712 δὲ
883 1655 1058 1722 ξένοτς
1094 1652 1578 1734 παραϐλεπόμεννι.
1625 1655 1733 1720 Τὴν
1776 1656 1938 1727 τιμὴν
1967 1649 2020 1708 δὲ

2110 1652 2362 1750 [οωῑοτὶε
2413 1653 2682 1750 videmur
2703 1670 2856 1727 esse,
2891 1663 2948 1715 et
2979 1657 3325 1734 peregrinos
3354 1649 3741 1740 despicimus.

373 1751 471 1801 τοῦ
532 1744 908 1821 τετιμημένου,
953 1819 963 1827 1
996 1747 1178 1824 φησὶν,
1263 1743 1506 1812 δηλονότι
1590 1750 1682 1800 τοῦ
1771 1749 2016 1821 Χριστοῦ.

2110 1740 2390 1817 Pretium,
2427 1741 2638 1822 inquit,
2672 1741 2963 1816 aestimati,
3005 1743 3116 1804 hoc
3159 1753 3249 1805 est
3278 1748 3539 1811 Christi:
3567 1753 3744 1813 intes-

377 1833 638 1908 ἂτίμητος
708 1835 804 1909 μὲν
861 1835 958 1912 γὰρ
1014 1833 1102 1906 ἧν,
1164 1832 1389 1906 ἰτιμὰθη
1467 1830 1521 1888 δὲ
1579 1832 1682 1888 ἀπὸ
1734 1834 1857 1887 υἱῶν
1907 1829 2019 1888 ἰσ-

2110 1829 2387 1891 timabilis
2457 1831 2611 1892 enim
2686 1829 2832 1904 fuit,
2892 1845 2951 1891 et
3003 1833 3323 1896 aestimatus
3375 1847 3464 1897 est
3518 1857 3552 1899 a
3609 1841 3748 1903 filiis

376 1922 543 2000 ραὴλ,
617 1922 851 1981 τουτέστι
909 1925 1007 1989 τὴν
1082 1923 1245 1995 τιμὴν
1321 1924 1475 1977 αὗτοῦ
1530 1921 1758 1987 ἴστησαν
1835 1923 1881 1976 οἱ
1923 1921 2020 1976 υἱοὶ

2110 1916 2305 1994 Israel,
2353 1920 2465 1980 hoc
2496 1926 2607 1995 est,
2633 1923 2885 1998 pretium
2917 1921 3043 1998 ejus
3073 1923 3629 1988 constituerunttilii
3659 1928 3746 1990 ls-

373 2011 614 2091 Ἰσραὴλ,
679 2012 1122 2091 συμφωνήσαντες
1180 2017 1256 2084 τῷ
1278 2008 1448 2082 Ἰοὺδᾳ
1513 2009 1686 2066 δοῦναι
1743 2010 2021 2086 τριάκοντα

2110 2008 2246 2085 rael,
2305 2008 2456 2088 pacti
2505 2027 2639 2068 cum
2687 2008 2839 2068 Juda
2884 2016 2948 2069 ut
2989 2009 3196 2071 darent
3251 2011 3338 2072 illi
3372 2014 3614 2094 triginta
3645 2036 3745 2079 ar-

376 2100 617 2178 ἀργύρια.

2110 2105 2374 2174 genteus.
3686 2141 3691 2145 .

468 2211 491 2244 ι
556 2180 614 2247 Ὀ
669 2189 722 2245 δὲ
781 2190 985 2258 ἰησοῦς
1042 2188 1168 2255 ἔστη
1241 2185 1537 2274 ἔμπροσθεν
1586 2193 1678 2242 τοῦ
1728 2185 2020 2264 ἡγεμόνος,

2126 2271 2136 2274 Α
2187 2183 2369 2274 Vens.
2410 2187 2430 2243 l
2447 2187 2613 2246 1-14.
2650 2213 2674 2241 κ
2706 2184 2882 2248 Jesus
2929 2196 3122 2248 autem
3174 2190 3335 2250 stetit
3379 2201 3514 2254 ante
3540 2197 3743 2274 praesi-

375 2281 468 2335 καὶ
524 2277 868 2357 Ξπηρώτησεν
926 2278 1078 2335 αὐτὸν
1227 2277 1468 2354 ἡγεμὼν,
1530 2273 1723 2352 λέγωρι,
1812 2277 1885 2329 Σὺ
1914 2278 1964 2329 εἶ
1996 2277 2023 2329 6

2110 2271 2241 2336 dem
2275 2282 2332 2332 et
2353 2273 2728 2352 interrogavit
2759 2292 2894 2338 eum
2921 2293 3137 2354 praeses
3167 2277 3410 2340 dicens:
3445 2271 3620 2345 Tu'es
3646 2303 3746 2346 rex

374 2356 639 2444 βασιλεὺς
670 2374 774 2424 τῶν
806 2363 1075 2424 ’ῐοοδαὲων
1109 2387 1125 2439 ς
1165 2356 1222 2421 Ὀ
1249 2364 1304 2420 δὲ
1351 2363 1554 2430 Ἰησοῦς
1602 2363 1703 2442 ἔφη
1753 2367 1916 2437 αὐτῷ’
1951 2365 2023 2418 Σὺ

2110 2359 2480 2422 Iudaeorum?
2513 2361 2665 2424 Dicit
2695 2363 2781 2422 illi
2804 2363 2978 2426 Jesus
3014 2385 3027 2426 :
3056 2365 3142 2426 Tu
3175 2367 3342 2427 dicis.
3367 2370 3436 2431 Et
3468 2390 3602 2434 cum
3643 2392 3748 2434 ac-

377 2456 580 2535 λέγεις.
654 2457 751 2514 Καὶ
803 2455 856 2511 ἐν
935 2461 1011 2529 τῷ
1085 2456 1525 2531 κατηγορεῖσθαι.
1558 2453 1712 2510 αὐτὸν
1772 2454 1870 2508 ὐπὸ
1921 2455 2023 2507 τῶν

2111 2458 2416 2542 cusaretur
2444 2469 2477 2510 a
2504 2450 3358 2542 principibussacerdotum,et
3389 2460 3750 2542 senioribus,

381 2544 680 2622 ἀρχιερέων
734 2545 822 2599 καὶ
877 2549 982 2599 τῶν
1040 2539 1417 2620 πρεσϐυτέρων,
1488 2538 1632 2595 οὕὸὲν
1685 2539 2021 2617 ἀπεκρίνατο.

2110 2538 2256 2598 nihil
2288 2539 2615 2617 respondit.
2654 2538 2821 2600 Tunc
2852 2541 2997 2601 dicit
3046 2541 3132 2603 illi
3184 2544 3408 2606 Pilatus
3437 2565 3449 2609 :
3481 2547 3609 2612 Non
3640 2538 3753 2612 au;

381 2633 515 2692 τότε
545 2631 686 2709 λέγει
732 2636 874 2690 αὐτῶ
904 2634 930 2687 ὁ
976 2629 1225 2693 Πιλάτος·
1266 2631 1372 2686 Οὔκ
1401 2628 1606 2690 ἀκούεις
1628 2627 1768 2683 πόσιε
1799 2649 1890 2682 σου
1918 2649 2022 2683 κα-

2110 2627 2201 2686 dis
2231 2645 2406 2706 quam
2440 2631 2618 2688 multa
2649 2628 2931 2690 adversus
2963 2637 3020 2690 te
3050 2630 3250 2691 dicant
3272 2637 3654 2698 testimonia?
3685 2641 3755 2699 Et

385 2728 819 2799 ταμαρτυροῦσις
883 2721 978 2777 Καὶ
1034 2719 1127 2774 οὒκ
1181 2718 1434 2796 ἀπεκρίθη
1525 2721 1665 2788 αὒτῷ
1721 2718 1850 2794 πρὸς
1906 2715 2018 2799 ούδὲ

2110 2733 2223 2774 non
2272 2715 2577 2792 respondit
2631 2718 2684 2776 ci
2733 2716 2804 2777 ad
2860 2717 3042 2777 ullum
3083 2719 3459 2796 verbum,ita
3491 2734 3552 2785 ut
3582 2727 3752 2788 mira-

383 2795 465 2865 Evi
508 2795 674 2888 ῥῆμα·
729 2809 867 2864 ὥστε
909 2807 1190 2882 θαυμάζειν
1235 2795 1328 2862 τὸν
1367 2806 1606 2883 ἡγεμόνα
1651 2804 1786 2865 λίαν,
1839 2828 1866 2859 ι
1931 2795 2021 2865 Ὠς

2110 2812 2268 2862 retur
2301 2821 2517 2881 praeses
2563 2805 2971 2865 vehementer.
3010 2831 3036 2860 ι
3073 2806 3248 2878 Quasi
3271 2795 3608 2889 capitalium
3637 2817 3752 2876 cri-

379 2900 465 2955 ἒπὶ
521 2897 794 2972 δημοσίοις
865 2895 1163 2974 ἑγκλήμασι
1222 2895 1683 2972 κατηγορούμενος
1763 2894 2022 2969 ἀπάγεται

2110 2893 2330 2950 minum
2355 2909 2493 2952 reus
2521 2894 2749 2953 sistitur
2769 2893 3039 2961 Pilato,et
3071 2895 3468 2975 interrogatur
3498 2920 3635 2962 num
3669 2904 3756 2964 in-

378 2991 511 3064 πρὸς
569 2966 819 3064 Πιλᾶτον,
878 2966 992 3040 ὅθεν
1039 2966 1162 3039 *καὶ
1218 2966 1388 3056 Epona-
1431 2966 1585 3040 αὖτον
1644 2985 1685 3036 εὶ
1740 2966 2023 3037 επεϐἇλετο

2110 2979 2345 3052 vaserit,
2380 2988 2436 3040 et
2468 2981 2883 3057 conjuraverit,
2932 2991 2988 3043 et
3036 2966 3332 3044 attentarit
3361 3005 3612 3065 regnare
3639 2991 3750 3053 Ju-

380 3078 660 3154 ἇνταρσίᾳ,
718 3077 805 3132 καὶ
859 3073 1177 3152 ἐπεχείρησε
1233 3071 1538 3149 βασιλεῦσαι
1568 3077 1672 3126 τῶν
1738 3068 2020 3129 Ἰουδαίων,

2110 3068 2272 3128 dacis.
2307 3072 2483 3130 Jesus
2510 3078 2701 3129 autem
2737 3070 2886 3132 dixit
2907 3071 2991 3131 illi
3021 3092 3033 3127 :
3071 3071 3156 3132 Tu
3190 3073 3378 3135 dicis:
3427 3077 3748 3156 sapientis-

385 3156 446 3223 Ὀ
500 3163 554 3219 δὲ
613 3162 813 3229 ἰησοῦς
868 3162 969 3241 ἔφη
1043 3161 1202 3232 αὐτῷ*
1264 3161 1337 3214 Σὺ
1369 3159 1564 3236 λέγεις·
1600 3158 1875 3234 ἆπόκρισιν
1906 3157 2023 3218 δοὺς

2110 3156 2258 3216 simo
2292 3175 2580 3234 responso
2604 3159 2764 3219 dato.
2796 3156 2998 3237 Neque
3029 3159 3187 3219 enim
3219 3161 3387 3223 dixit:
3409 3164 3539 3225 Non
3569 3184 3698 3227 sum
3733 3187 3746 3227 :

389 3253 531 3326 αὐτῷ
588 3252 936 3330 σοφωτάτην
982 3249 1098 3306 οὕτε
1171 3250 1268 3326 γὰρ
1355 3249 1534 3321 εἶπεν,
1595 3245 1674 3302 ὅτι
1733 3251 1839 3305 Οὐκ
1892 3248 2017 3320 εἰμὶ,

386 3341 504 3398 οὔτε
562 3340 744 3412 πάλιν,
811 3341 890 3396 ὃτι
925 3339 1065 3398 Elui.
1114 3335 1281 3392 Ἀλλὰ
1311 3335 1488 3408 μέσως
1535 3356 1648 3398 πως
1680 3333 1806 3412 ἔφη’
1839 3335 1910 3390 Σύ
1939 3333 2024 3389 λέ-

388 3452 519 3508 γεις.
596 3433 760 3487 Τοῦτο
817 3429 914 3505 γὰρ
958 3426 1175 3482 δὺναται
1204 3426 1291 3480 καὶ
1321 3423 1459 3480 οὕτω
1488 3423 1766 3496 νοηθῆναι,
1799 3421 1879 3478 ὅτι
1913 3423 2032 3497 Εἰμὶ

392 3520 564 3582 καθὼς
614 3517 808 3595 λέγεις’
837 3518 924 3572 καὶ
968 3515 1158 3587 οὕτως,
1190 3512 1269 3570 ὅτι
1301 3513 1444 3590 Ἐγὼ
1474 3513 1570 3587 μὲν
1593 3522 1747 3571 τοῦτο
1776 3516 1834 3570 οὗ
1862 3510 2026 3588 λέγω,

393 3611 457 3664 σὺ
513 3607 567 3663 δὲ
621 3606 816 3683 λέγεις·
880 3604 1010 3660 ἄλλο
1068 3603 1246 3678 μέντοι
1303 3600 1448 3657 οὐδὲν
1519 3601 1851 3677 ἀπεκρίνατο⁶
1915 3598 2027 3674 ᾔδει

393 3698 496 3775 γὰρ
537 3699 598 3752 τὸ
654 3697 920 3774 κριτήριον
981 3693 1058 3767 μὴ
1118 3693 1250 3747 κατὰ
1306 3690 1464 3767 λόγον
1523 3687 1800 3765 προϐατον.
1838 3686 2027 3744 Ἐθαύ-

392 3794 557 3860 μαζεν
595 3784 684 3841 οὗν
740 3785 767 3839 6
825 3781 1050 3844 Πιλάτος
1091 3782 1182 3836 τὸν
1236 3778 1446 3858 Κύριον,
1495 3777 1606 3851 ἅμα
1637 3778 1735 3851 μὲν
1764 3778 1837 3838 ὡς
1867 3798 2030 3832 κατα-

389 3880 676 3952 φρονοῦντα
739 3871 984 3942 θανάτου,
1017 3867 1127 3943 ἅμα
1158 3866 1212 3923 δὲ
1244 3874 1360 3928 πῶς
1415 3865 1594 3943 λόγιος
1625 3864 1698 3921 ὤν
1741 3867 1828 3920 καὶ
1871 3866 2026 3941 μυρία

383 3959 529 4039 ἔχων
587 3957 937 4038 προϐαλέσθαι
995 3958 1066 4019 εἷς
1125 3953 1439 4034 ἀπολογίαν,
1485 3952 1630 4009 οὐδὲν
1686 3953 2025 4030 ἀπεκρίνατο,

384 4038 523 4104 ἀλλὰ
577 4054 684 4104 τῶν
738 4043 1100 4124 ἑγκαλοὺντων
1172 4042 1464 4121 ὑπερεώρα.
1543 4039 1919 4115 Διδασκώμεθα
1973 4038 2027 4094 δὲ

384 4139 475 4194 καὶ
532 4139 695 4211 ἡμεῖς
747 4135 978 4192 ἐντεῦθεν
1033 4131 1158 4189 ὅταν
1225 4133 1353 4210 πρὸς
1421 4129 1757 4207 δικαστὴριον
1813 4127 2028 4208 ἔχωμεν

388 4224 778 4305 διεφθαρμένον,
833 4220 1000 4299 μηδὲν
1030 4220 1225 4299 λέγειν,
1275 4221 1368 4276 ’ἵνα
1396 4220 1533 4294 μήτε
1563 4215 1776 4296 θόρυϐον
1813 4216 2030 4273 πλείονα

392 4314 700 4394 ἰγείρωμεν,
775 4314 912 4387 μήτε
960 4310 1315 4387 κατακρίσεως
1374 4307 1616 4370 πλείονος
1664 4307 1807 4380 ὦμεν
1865 4305 2029 4370 αἴτιοι

393 4413 512 4464 τοῖς
543 4402 622 4475 μη
646 4406 750 4455 τῶν
771 4397 1073 4475 ἂπολογιῶν
1099 4397 1256 4471 ἡμῶν
1286 4396 1556 4453 ἀκούουσι.

483 4511 511 4544 ε
573 4488 719 4546 Κατὰ
763 4482 817 4542 δὲ
869 4487 1054 4561 ἑορτὴν
1103 4485 1270 4540 εἰώθει
1318 4487 1346 4540 6
1401 4485 1619 4561 ἡγεμὼν
1663 4482 1909 4539 ἀπολύειν
1939 4483 2029 4538 ἕνα

391 4583 471 4652 τῷ
516 4574 668 4654 ὄχλῳ
732 4572 967 4651 δέσμιον,
1016 4573 1077 4629 ’ὃν
1127 4571 1334 4638 ἤθελον·
1371 4573 1530 4651 εἶχον
1577 4570 1631 4627 δὲ
1665 4572 1784 4627 τότε
1817 4571 2028 4647 δέσμιον

393 4665 680 4739 ἐπίσημον,
765 4662 1048 4740 λεγόμενον
1133 4658 1425 4739 Βαραϐϐᾶν,
1535 4660 1884 4739 Συνηγμένων
1939 4661 2025 4717 οὗν

390 4754 585 4826 αὐτῶν,
648 4751 801 4807 εἶπεν
856 4751 1038 4810 αὐτοῖς
1069 4751 1097 4804 6
1125 4747 1371 4811 Πιλάτος⁸
1405 4749 1529 4806 Τίνα
1563 4747 1739 4804 θέλετε
1779 4748 2029 4804 ἀπολύσω

389 4840 547 4915 ὑμῖν,
603 4836 896 4917 Βαραϐϐᾶν,
957 4836 992 4904 ἦ
1043 4834 1254 4903 Ἰησοῦν
1323 4837 1413 4893 τὸν
1443 4835 1729 4914 λεγόμενον
1762 4839 2026 4915 Χριστόνς

391 4925 559 4997 ’ῌδει
603 4928 702 5004 γὰρ
750 4926 829 4982 ὅτι
886 4923 970 4980 δια
1015 4925 1202 5005 φθόνον
1256 4923 1564 5004 παρέδωκαν
1622 4925 1799 4988 αὐτόν,
1881 4948 1904 4983 ι
1972 4917 2029 4984 Ὀ

393 5015 623 5078 Πιλάτος
676 5011 987 5084 ἰσποὺδαζεν
1041 5012 1298 5069 ἀπολῦσαι
1347 5015 1439 5069 τὸν
1517 5014 1757 5091 Χριστὸν,
1843 5016 1887 5069 εἰ
1943 5017 2030 5070 καὶ

399 5103 773 5182 μαλακώτερον
839 5108 932 5158 τοῦ
989 5100 1218 5164 δέοντος·
1279 5101 1380 5157 ἔδει
1437 5102 1537 5179 γὰρ
1582 5101 1826 5169 ἐνστῆναι
1878 5105 2030 5159 αὐτὸν

396 5194 526 5271 ὑπὲρ
581 5191 672 5248 τοῖ’)
728 5190 979 5257 ἀληθοῦς.
1040 5196 1254 5267 Πρῶτον
1323 5191 1421 5265 μὲν
1476 5189 1564 5246 οὖν
1649 5191 1892 5269 ἠρώτησε
1941 5194 2033 5248 τὸν

401 5283 612 5351 Κύριον.
663 5281 771 5337 Οὐκ
825 5280 1029 5343 ὃκούεις
1085 5280 1135 5335 τί
1189 5279 1331 5336 οὗτοί
1373 5301 1467 5338 σου
1507 5287 2030 5362 καταμαρωροῦσιν;

396 5368 675 5446 Ἥρῶτησε
717 5365 771 5422 δὲ
798 5366 916 5441 ἵνα,
947 5365 1425 5446 ἀπολογησαμένου
1451 5373 1544 5424 τοῦ
1587 5373 1836 5448 Χριστοῦ,
1871 5371 2034 5448 σχοίη

397 5456 640 5538 ἀφορμὴν
695 5457 827 5535 πρὸς
874 5458 935 5513 τὸ
985 5454 1243 5515 ἀπολῦσαι
1290 5455 1464 5516 αὐτόν*
1529 5455 1642 5512 imi
1692 5453 1747 5512 δὲ
1778 5461 1872 5515 οὒκ
1924 5460 2036 5517 ἀπ-

397 5543 644 5620 ελογεῖτο
700 5547 730 5598 6
765 5545 976 5621 Κὺριος,
1019 5544 1296 5620 γινώσκων
1325 5545 1564 5622 πάντως,
1592 5544 1672 5600 Bst
1704 5544 1803 5606 κᾶν
1829 5547 2035 5606 ἄπολο-

2105 3261 2215 3307 nec
2256 3250 2485 3311 contra.
2541 3243 2661 3320 Ego
2696 3262 2826 3305 sum
2871 3266 2882 3304 :
2919 3246 3023 3307 sed
3059 3247 3256 3308 medio
3281 3251 3536 3328 quodam
3579 3255 3751 3316 modo

2114 3332 2294 3420 dixit:
2321 3331 2408 3393 Tu
2440 3333 2610 3394 dicis.
2669 3331 2794 3393 Hoc
2825 3333 2982 3394 enim
3018 3344 3207 3414 potest
3238 3347 3295 3397 et
3327 3337 3412 3399 sic
3445 3340 3697 3420 intelligi
3732 3362 3744 3405 :

2114 3418 2256 3481 Sum
2292 3421 2443 3482 sicut.
2477 3420 2712 3495 dicis-,et
2739 3421 2823 3481 sic
2859 3442 2870 3478 :
2897 3421 3016 3500 Ego
3047 3423 3285 3502 quidem
3311 3425 3420 3487 hoc
3444 3447 3562 3489 non
3594 3418 3752 3507 dico,

2113 3516 2172 3567 tu
2199 3517 2393 3569 autem
2421 3509 2586 3570 diuis.
2621 3509 2798 3570 Aliud
2831 3527 2968 3570 vero
2999 3529 3350 3591 responsum
3394 3534 3510 3579 non
3563 3519 3748 3581 dedit.

2113 3595 2350 3658 Sciebat
2378 3597 2532 3657 enim
2567 3597 2847 3675 injustum
2879 3599 3003 3658 fore
3023 3600 3341 3678 judicium.
3378 3606 3633 3668 Proinde
3655 3609 3755 3670 ad-

2113 3685 2358 3745 miratus
2390 3695 2476 3745 est
2499 3685 2718 3747 Pilatus
2766 3684 3104 3759 Dominum,
3136 3690 3368 3768 etquod
3401 3704 3752 3758 contemne-

2111 3779 2204 3832 ret
2236 3781 2506 3845 mortem,
2550 3780 2609 3832 et
2639 3773 2794 3852 quod
2847 3781 2962 3833 tam
3021 3775 3310 3855 eloquens
3342 3788 3399 3839 et
3428 3783 3610 3843 multa
3640 3783 3752 3845 ha-

2111 3859 2260 3921 bens
2290 3878 2418 3940 quae
2464 3861 3036 3940 responderet,nihil
3067 3867 3478 3949 responderet,
3509 3872 3613 3932 sed
3642 3891 3750 3934 ac-

2111 3958 2416 4010 cusatores
2438 3958 2871 4012 contemneret.
2908 3952 3218 4014 Discamus
3244 3963 3300 4013 et
3322 3974 3428 4016 nos
3460 3959 3572 4019 hoc
3618 3959 3750 4023 loco

2112 4038 2407 4126 quomodo
2437 4055 2642 4115 gerere
2669 4056 2775 4098 nos
2797 4037 3119 4100 debeamus
3160 4046 3222 4101 in
3259 4043 3487 4120 judicio
3509 4047 3748 4126 injusto,

2110 4143 2188 4186 ne
2218 4124 2358 4205 quid
2401 4126 2692 4198 dicamus,
2725 4145 2798 4186 ne
2851 4128 3136 4188 tumultus
3187 4131 3376 4208 major
3421 4124 3752 4212 oboriatur,

2112 4231 2259 4303 neve
2308 4213 2548 4303 majoris
2598 4214 3112 4303 condemnationis
3150 4219 3560 4282 occcasionem
3594 4243 3749 4303 prte-

2113 4302 2357 4363 beamus
2407 4300 2500 4362 his
2547 4303 2644 4381 qui
2688 4301 3068 4364 defensiones
3111 4315 3342 4367 nostras
3383 4300 3610 4372 audire-
3637 4331 3749 4373 no-

2111 4390 2263 4450 lunt.

2192 4480 2603 4570 t’sns._l5718.
2618 4478 2715 4540 «In
2743 4478 2891 4540 festo
2923 4489 3116 4542 autem
3131 4496 3518 4549 consueverat
3535 4507 3750 4570 praeses

2109 4567 2297 4628 turbae
2325 4568 2648 4630 dimiittere
2679 4588 2860 4629 unum
2902 4570 3163 4632 vinctum
3195 4592 3369 4653 quem
3403 4567 3746 4643 voluissent.

2107 4653 2597 4746 Habebatautem
2618 4665 2753 4717 tunc
2777 4657 3030 4719 vinctum
3060 4660 3485 4746 insignem,qui
3515 4667 3749 4731 diceba-

2112 4755 2206 4806 tur
2231 4743 2943 4824 Barabbas.Congregatis
2965 4765 3104 4826 ergo
3130 4749 3267 4826 illis,
3301 4743 3448 4814 dixit
3474 4756 3698 4819 Pilatus
3731 4779 3745 4822 :

2113 4834 2294 4906 Quem
2327 4833 2498 4894 vultis
2527 4833 2816 4894 dimittam
2845 4835 3034 4917 vobis,
3062 4839 3417 4916 Barabbam,
3448 4862 3521 4904 an
3547 4846 3748 4908 Jesum

2111 4925 2209 5004 qui
2250 4923 2475 5013 dicitur
2514 4921 2814 5013 Christus?
2843 4923 3078 4985 Sciebat
3116 4929 3272 4987 enim
3305 4933 3462 5006 quod
3505 4943 3752 5013 propter

2111 5011 2387 5072 invidiam
2419 5011 2800 5074 tradidissent
2830 5013 3256 5075 eumaPilatus
3286 5011 3559 5081 studebat
3574 5011 3748 5083 Chri-

2113 5101 2632 5193 stumabsolvere,
2672 5101 2902 5160 tametsi
2948 5101 3163 5193 lentius
3191 5123 3384 5193 quam
3419 5110 3749 5193 oportebat,

2115 5186 2369 5250 debebat
2399 5188 2556 5248 enim
2609 5205 2673 5248 se
2704 5206 2808 5266 pro
2846 5190 3092 5251 veritate
3150 5191 3432 5270 objicere.
3460 5186 3750 5260 Primum

2116 5275 2352 5357 quidem
2384 5275 2779 5368 interrogabat
2815 5277 3282 5368 DominumzNon
3305 5282 3474 5346 audis
3504 5287 3642 5368 quid
3664 5286 3755 5351 illi

2118 5372 2323 5456 contra
2367 5372 2424 5424 te
2469 5364 2882 5428 testiﬁcentur?
2939 5369 3328 5456 interrogavit
3356 5364 3577 5456 autem,
3611 5385 3673 5438 ut
3703 5377 3755 5438 si

2120 5453 2385 5515 Christus
2406 5470 2468 5513 se
2497 5463 2827 5528 excusaret,
2863 5454 3112 5519 haberet
3144 5461 3516 5524 occasionem
3547 5453 3752 5526 absol-

2121 5538 2295 5603 vendi
2323 5559 2482 5603 eum.
2515 5541 2588 5601 At
2629 5560 2763 5602 cum
2809 5561 2928 5605 non
2959 5543 3304 5607 defenderet
3349 5567 3413 5610 se
3459 5551 3750 5629 Christus,
