4106 6280
374 389 494 452 467

1353 386 1935 453 THEOPHYLAGTI
1981 388 2388 450 BULGARIE
2432 385 2783 452 ARCHIEP.

3639 387 3759 454 εδδ

378 527 571 580 autem
607 518 791 580 ethoc
820 517 1008 592 disce,
1045 517 1199 598 quod
1233 517 1438 580 Simon
1469 517 1850 598 interpretari
1885 519 2019 600 quis

2118 520 2272 594 τούτῳ
2337 522 2428 576 τὸν
2498 522 2739 600 σταυρόν,
2801 524 2872 576 Σὺ
2943 520 2996 577 δί
3046 524 3132 577 καὶ
3189 530 3344 579 τοῦτο
3389 523 3643 601 μάνθανε,
3677 524 3759 578 ὃτι

377 613 576 687 potest
601 608 1030 668 obedientiam.
1066 606 1178 679 Qui
1204 605 1379 684 igitur
1399 605 1793 668 obedientiam
1829 607 2026 677 habet,

377 694 482 757 ille
505 713 740 757 crucem
765 696 978 758 Christi
1010 697 1142 758 fert.
1174 695 1291 758 Sed
1356 705 1412 756 et
1462 694 1709 775 Cyrene,
1756 715 1886 776 qua}
1917 715 2033 757 una

377 784 773 864 Pentapoleos
803 792 913 860 est,
942 784 1235 862 signiﬁcat
1264 783 1528 864 quinque
1562 803 1776 846 sensus
1807 803 2029 864 cogen-

378 872 485 934 dos
507 872 577 933 ad
609 871 913 934 ferendam
945 889 1207 935 crucem.

461 960 644 1023 Vens.
673 961 1016 1024 33-37.:Et
1044 970 1334 1023 venerunt
1372 962 1431 1022 in
1461 963 1662 1024 locum
1689 961 1787 1041 qui
1818 961 2035 1023 dicitur

380 1048 688 1129 Golgotha,
728 1049 882 1130 quod
908 1045 996 1111 est
1026 1049 1307 1111 Calvariaa
1331 1050 1522 1113 locus.
1556 1049 1626 1111 Et
1655 1050 1951 1111 dederunt
1979 1050 2034 1111 ei

377 1147 608 1200 acetum
635 1138 971 1199 liherelﬁB
991 1157 1123 1199 cum
1157 1138 1294 1199 felle
1321 1139 1560 1200 mistum
1598 1159 1612 1198 :
1649 1148 1706 1200 et
1727 1159 1859 1200 cum
1885 1157 2032 1217 gus—

383 1235 586 1300 tasset,
615 1227 804 1288 noluit
851 1227 1082 1289 bibere.
1116 1226 1434 1308 Postquam
1484 1239 1680 1289 autem
1716 1228 2030 1289 cruciﬁxe-

381 1325 521 1377 runt
551 1315 1049 1387 eum,diviserunt
1083 1315 1430 1380 vestimenta
1463 1317 1616 1395 ejus,
1645 1325 1866 1377 sortem
1895 1317 2030 1377 mit-

2116 611 2293 684 Σίμων
2379 610 2720 689 ἑρμηνεύεται
2770 612 3000 678 ὑπακοή⁸
3064 614 3091 666 ὁ
3162 612 3249 667 οὖν
3308 610 3451 691 ἔχων
3492 613 3756 690 ὑπακοὴν,

2115 699 2317 762 ἐκεῖνος
2389 699 2526 775 αἴρει
2584 700 2671 754 τὸν
2727 700 2948 778 σταυρὸν
2997 707 3087 756 τοῦ
3160 707 3407 777 Χριστοῦ·
3441 698 3578 756 ἄλλα
3605 702 3694 756 καὶ
3725 702 3758 766 ἡ

2119 789 2330 865 Κυρήνη
2387 792 2484 854 τῆς
2520 786 2902 850 Πενταπόλεως
2960 787 3110 861 οὖσα,
3171 786 3331 854 δηλοῖ
3435 789 3530 851 τὰς
3606 787 3764 844 πέντε

2116 878 2405 955 αἰσθήσεις,
2439 877 2871 953 ἆναγκαζομένας
2916 876 3088 953 αἴρειν
3117 879 3207 932 τὸν
3239 877 3485 954 σταυρόν.

2201 987 2228 1018 α
2277 965 2374 1022 Καὶ
2432 964 2668 1028 ἐλθόντες
2728 967 2799 1028 εἷς
2855 968 3020 1022 τόπον
3073 963 3360 1040 λεγόμενον
3404 965 3661 1044 Γολγοθὰ,
3696 966 3758 1026 ὃς

2115 1055 2226 1108 ἱστι
2310 1051 2598 1131 λεγόμενος
2653 1055 2880 1133 Κρανίου
2947 1054 3129 1128 τόπος,
3177 1051 3377 1110 ἔδωκαν
3420 1056 3560 1125 αύτῷ
3609 1067 3757 1111 πιεῖν

2116 1139 2230 1204 ὄξος
2292 1144 2426 1215 μετὰ
2496 1141 2671 1221 χολῆς
2723 1142 3072 1221 μεμιγμένον,
3157 1145 3244 1198 καὶ
3286 1144 3630 1220 γευσάμενος,
3662 1143 3760 1201 οῦκ

2115 1228 2269 1296 ἤθελε
2339 1243 2508 1286 πιεῖν·
2569 1232 2961 1309 σταδρώσαντες
3011 1229 3065 1287 δί
3134 1233 3313 1305 αὐτὸν,
3395 1231 3757 1310 διεμερίσαντο

2112 1317 2178 1374 τὰ
2260 1318 2441 1393 ἱμάτια
2512 1321 2690 1398 αὐτοῦ,
2736 1319 3020 1396 βάλλοντες
3089 1318 3308 1398 κλῆρον’
3371 1320 3461 1377 ἵνα
3491 1319 3754 1396 πληρωθῇ

380 1411 666 1476 tentes,ut
695 1404 1045 1484 impleretur
1077 1405 1231 1484 quod
1265 1404 1484 1466 dictum
1521 1411 1612 1467 est
1642 1424 1750 1485 per
1780 1407 2029 1487 prophe-

2118 1407 2174 1461 τὸ
2243 1405 2396 1482 ῥηθὲν
2451 1408 2551 1463 ὑπὸ
2591 1415 2685 1464 τοῦ
2725 1410 3016 1487 προφήτου*
3062 1409 3432 1487 Διεμερίσαντο
3473 1411 3538 1466 τὰ
3570 1411 3757 1484 ἱμάτιά

383 1503 522 1556 tam:
545 1492 884 1554 Diviserunt
906 1492 1016 1554 sibi
1048 1494 1394 1554 vestimenta
1427 1511 1582 1574 mea,
1619 1503 1677 1555 et
1707 1513 1887 1574 super
1906 1512 2031 1556 ves-

2118 1516 2213 1568 μου
2270 1496 2502 1574 ἑαυτοῖς,
2563 1499 2648 1551 καὶ
2690 1496 2776 1552 ἐπὶ
2804 1499 2893 1552 τὸν
2941 1497 3225 1570 ἱματισμόν
3253 1520 3353 1571 μου
3385 1496 3573 1554 ἔϐαλον
3603 1497 3753 1565 κλῆ-

383 1590 499 1643 tem
524 1600 714 1642 meam
744 1581 1037 1642 miserunt
1060 1590 1302 1642 sortem.
1332 1583 1403 1643 Et
1430 1583 1709 1644 sedentes
1747 1584 2031 1645 observa—

2118 1604 2227 1660 ρον.
2286 1584 2384 1641 Καὶ
2441 1585 2733 1658 καθήμενοι
2790 1585 3005 1661 ἰτήρουν
3038 1587 3191 1642 αὐτὸν
3235 1585 3370 1658 ἐκεῖ,
3403 1589 3493 1642 καὶ
3551 1586 3754 1652 ὶπέθηο

381 1670 520 1732 bant
545 1688 678 1731 eum
704 1668 913 1749 illic,et
930 1669 1345 1749 imposuerunt
1365 1689 1544 1751 super
1560 1681 1732 1752 caput
1752 1674 1880 1752 ejus
1899 1691 2031 1734 cau-

2118 1693 2213 1727 καν
2242 1671 2420 1727 trtde
2487 1676 2586 1739 τῆς
2671 1673 2906 1752 κεφαλῆς
2978 1673 3133 1732 αὐτοῦ
3161 1674 3259 1740 τὴν
3289 1675 3456 1730 αἰτίαν
3485 1676 3644 1733 αὐτοῦ
3671 1695 3760 1752 γε·

382 1777 504 1820 sam
522 1758 709 1839 iprius
731 1758 1154 1838 scriptamzﬂic
1180 1767 1267 1820 est
1288 1757 1464 1821 Jesus
1495 1779 1597 1821 rex
1623 1761 2026 1826 Judaeorum.»

2119 1758 2454 1836 γραμμένην⁶
2520 1760 2682 1823 Οὗτός
2717 1759 2860 1818 ἔστιν
2890 1761 3094 1827 Ἰησοῦς
3124 1761 3152 1816 ὅ
3195 1761 3448 1837 βασιλεὺς
3478 1767 3584 1818 τῶν
3617 1762 3757 1819 ἰου-

380 1849 574 1911 Cranii
612 1851 778 1910 locus
798 1849 990 1911 dictus
1021 1857 1211 1918 est,eo
1233 1850 1388 1930 quod
1416 1851 1620 1912 dicunt
1643 1852 2031 1930 quitraditio-

2121 1845 2301 1908 δαίων,
2338 1870 2365 1902 ι
2402 1850 2620 1924 Κρανίου
2663 1849 2823 1913 τόπος
2855 1848 3091 1928 ἐλέγετο,
3133 1848 3262 1906 διότι
3293 1852 3445 1928 φασὶν
3476 1853 3524 1905 οἱ
3556 1849 3616 1904 in
3645 1873 3758 1906 πα-

388 1957 495 2000 nes
524 1941 761 2000 Patrum
796 1947 1019 2018 tenent,
1064 1938 1223 2020 quod
1279 1939 1327 2001 A
1349 1938 1484 2000 dam
1533 1939 1652 2001 illic
1672 1942 1940 2017 sepultus
1961 1941 2031 2001 sil

2122 1933 2383 2013 ραδόσεως
2433 1937 2677 2016 Πατέρων
2730 1936 3147 2016 παραλαϐόντες,
3212 1937 3292 1994 ὅτι
3361 1941 3390 1993 ὁ
3440 1935 3611 2012 Ἀδὰμ
3642 1937 3759 1994 ἐκεῖ

374 2027 541 2089 Sicut
562 2028 718 2087 enim
746 2027 806 2089 in
827 2029 1014 2090 Adam
1039 2046 1248 2089 omnes
1283 2027 1680 2100 morimur,ila
1701 2038 1755 2090 et
1778 2030 1838 2090 in
1861 2029 2031 2094 Chri-

2118 2026 2388 2081 τέθαπται·
2446 2028 2627 2106 ὥσπερ
2697 2029 2795 2105 γὰρ
2863 2027 3052 2090 πάντες
3084 2027 3138 2082 ἐν
3168 2034 3243 2100 τῷ
3289 2025 3462 2102 Ἀδὰμ
3503 2028 3764 2084 ἀπεθάνο-

378 2127 465 2178 sto
491 2133 700 2178 omnes
732 2117 1132 2179 nosviviﬁcari
1155 2116 1908 2196 oportebat67.Neturberis
1927 2137 2027 2180 au-

2118 2135 2232 2187 μεν,
2308 2114 2472 2178 οὕτως
2532 2116 2585 2171 έν
2654 2124 2729 2190 τῷ
2781 2117 2987 2194 Χριστῴ
3033 2116 3423 2186 ζωοποιηθῆναι
3453 2119 3597 2190 ἡμᾶς
3630 2115 3750 2174 ἔδει.

381 2217 498 2268 tem
529 2205 684 2286 quod
722 2206 1098 2283 evangelista;
1132 2205 1350 2278 dicant,
1382 2206 1491 2268 iste
1514 2207 1752 2286 quidem
1793 2216 2025 2268 acetum

2118 2204 2206 2269 Μὴ
2281 2207 2551 2282 ταραχῆς
2611 2202 2665 2260 δὲ
2722 2204 2922 2262 ἀκούων
2969 2211 3075 2260 τῶν
3105 2203 3515 2282 εύαγγελιστῶν,
3573 2206 3758 2262 τούτου

381 2313 514 2358 cum
548 2293 686 2356 felle
725 2295 962 2356 allatum
996 2311 1128 2355 esse
1158 2293 1434 2373 Domino,
1469 2303 1526 2356 et
1570 2297 1800 2361 Marcus
1830 2297 2025 2356 vinum

2118 2293 2207 2367 μὲν
2279 2291 2524 2370 λέγοντος
2597 2292 2711 2358 ὅξος
2769 2294 2900 2368 μετὰ
2957 2292 3131 2372 χολῆς
3201 2295 3626 2372 προσενεχθῆναι
3680 2300 3756 2367 τῷ

384 2382 1103 2464 myrrhatum68,Joannes
1135 2401 1278 2444 vero
1300 2393 1621 2454 acetum,et
1640 2383 1714 2444 fel
1745 2403 1876 2445 cum
1900 2385 2031 2464 hys-

2118 2385 2308 2462 Κυρίῳ,
2380 2391 2470 2440 τοῦ
2525 2381 2578 2438 δὲ
2650 2384 2885 2463 Μάρκου,
2958 2382 3376 2462 ἐσμυρνισμένον·
3435 2384 3609 2457 οἶνον,
3672 2394 3761 2443 τοῦ

379 2472 798 2554 sop039.Mu|ta
815 2472 971 2532 enim
991 2490 1024 2531 a
1048 2470 1248 2531 multis
1269 2471 1584 2544 ﬁebant,ut
1601 2473 1658 2533 in
1675 2472 2031 2552 incomposi-

2118 2469 2168 2526 δί
2227 2469 2490 2543 Ἰωάννου,
2557 2470 2670 2537 ὃξος
2743 2473 2828 2526 καὶ
2894 2470 3068 2550 χολὴν
3116 2473 3250 2546 μετὰ
3278 2472 3543 2530 ὑσσώπου·
3584 2470 3758 2528 πολλὰ

384 2569 439 2621 ta
459 2561 838 2622 multitudine
853 2560 1009 2621 aliud
1031 2559 1147 2620 alio
1170 2559 1786 2622 faciente.Verisimile
1808 2570 1896 2623 est
1920 2561 2025 2640 igi-

2118 2560 2208 2636 γὰρ
2279 2559 2514 2636 ἐγίνοντο
2573 2562 2713 2637 παρὰ
2771 2558 3006 2638 πολλῶν,
3060 2561 3154 2615 οἶα
3217 2561 3446 2618 ἀτάκτου
3525 2559 3758 2630 πλήθους

382 2649 686 2723 tur,aliuni
713 2649 952 2729 quidem
979 2649 1174 2709 vinum
1203 2650 1725 2728 protulissezalium
1741 2669 1879 2711 vero
1897 2668 2028 2712 ace-

385 2747 506 2799 tum
560 2757 691 2800 cum
725 2737 1062 2798 felle.Multi
1107 2745 1304 2799 autem
1347 2739 1554 2798 mortis
1579 2739 1739 2800 modi
1765 2740 2022 2814 fuerunt,

375 2835 634 2889 attamen
655 2827 714 2888 in
737 2845 916 2889 cruce
939 2829 1186 2888 moritur
1209 2827 1878 2907 Cbristus,utet|ignum
1899 2846 2028 2889 san-

378 2915 730 2996 ctiﬁcet,per
752 2915 910 2996 quod
937 2915 1239 2978 maledicti
1257 2915 1506 2992 fuimus,
1533 2926 1590 2979 et
1620 2918 1819 2979 omnia
1842 2917 2028 2978 bene—

377 3004 533 3067 dicat
559 3024 574 3064 :
605 3014 662 3066 et
685 3005 1112 3086 cmlestia,quaa
1145 3023 1251 3085 per
1272 3023 1609 3086 supremam
1639 3015 1860 3086 partem
1895 3024 2029 3066 cru-

2108 2648 2284 2720 6'v':o<,
2345 2650 2432 2704 καὶ
2489 2647 2650 2704 ἄλλου
2695 2647 2823 2704 ἄλλο
2881 2655 3175 2711 ποιοῦντος.
3210 2650 3362 2711 Εἰκὸς
3393 2652 3478 2704 οὖν
3509 2651 3597 2703 τὸν
3627 2650 3754 2726 μὲν,

2110 2750 2256 2793 οἶνον
2310 2737 2646 2816 προσφέρειν
2704 2740 2796 2794 τὸυ
2826 2736 2880 2793 δὲ
2910 2737 3025 2802 ὅξος
3059 2739 3193 2811 μετὰ
3244 2736 3438 2815 χολῆς.
3473 2735 3665 2792 Πολλοὶ
3697 2735 3750 2790 δὲ

2112 2826 2334 2882 θανάτου
2397 2827 2530 2892 ἦσαν
2589 2827 2799 2905 τρόποι,
2833 2825 2954 2881 ἀλλ’
2983 2824 3125 2899 ὅμως
3181 2829 3382 2904 σταυρῷ
3435 2828 3741 2880 θανατοῦται

2115 2916 2143 2970 ὁ
2188 2916 2433 2991 Χριστὸς,
2480 2915 2570 2970 να
2603 2917 2688 2970 καὶ
2723 2932 2782 2970 το
2827 2913 2976 2979 ξύλον
3005 2914 3224 2992 ἁγιάσῃ,
3254 2913 3320 2970 δι’
3365 2913 3422 2970 οὗ
3448 2914 3749 2991 κατηράθη-

2115 3025 2233 3078 μεν,
2324 3006 2407 3061 καί
2496 3006 2558 3061 τὰ
2619 3005 2896 3078 σύμπαντα
2953 3003 3238 3081 εὖλογήση·
3312 3005 3379 3059 τὰ
3430 3024 3484 3058 τε
3513 3002 3751 3081 οὒρᾶνια,

378 3094 553 3167 cis,et
588 3102 988 3174 terrena,quae
1007 3112 1114 3174 per
1131 3094 1604 3174 suppedaneum,
1645 3105 1702 3156 et
1732 3096 1881 3156 ﬁnes
1906 3106 2031 3156 Ier-

2119 3091 2153 3147 Ξ
2215 3090 2465 3158 δηλιῦται
2533 3091 2616 3148 διὰ
2683 3101 2776 3149 τοῦ
2832 3093 3098 3149 ἆνωτάτου
3160 3093 3349 3170 μέρους
3383 3102 3475 3150 τοῦ
3511 3097 3757 3170 σταυροῦ,

378 3183 799 3259 rae,0rientem
817 3192 880 3244 et
899 3182 1416 3264 Occidentem,qui
1449 3192 1810 3245 transversas
1841 3192 2038 3263 partes

385 3273 580 3335 crucis
610 3269 1068 3351 signantur.Sed
1101 3281 1158 3333 et
1180 3273 1446 3335 extendit
1469 3284 1772 3348 manus,ut
1793 3273 1852 3333 in
1871 3272 2043 3332 ulnas

385 3361 670 3442 suscipiat
695 3370 752 3423 et
781 3370 1099 3440 congreget
1116 3361 1269 3422 ﬁlios
1295 3363 1398 3423 Dei
1421 3361 2042 3441 dispersosDividunt

377 3458 577 3512 autem
609 3449 962 3512 vestimenta
995 3450 1127 3528 ejus
1155 3449 1398 3522 milites,
1431 3460 1495 3510 ut
1522 3450 1857 3530 frugalis,et
1890 3450 2036 3512 nihil

379 3538 541 3600 aliud
580 3538 872 3601 habentis.
917 3537 1188 3601 Titulum
1232 3548 1428 3600 autem
1479 3558 1656 3619 quem
1712 3539 1857 3600 dixit
1889 3539 2038 3600 alius

380 3627 766 3708 evangelista,
792 3628 1103 3690 Matthzeus
1133 3627 1280 3688 dicit
1305 3644 1572 3690 causam.
1611 3628 2037 3708 Ascripserunt

379 3716 540 3779 enim
570 3717 739 3795 cujus
768 3717 956 3796 gratia
998 3715 1313 3777 cruciﬁxus
1359 3725 1539 3795 esset,
1573 3736 1790 3796 nempe
1841 3725 1900 3777 ut
1932 3735 2031 3779 rex

376 3803 742 3880 Iudaeorum,
777 3813 835 3866 et
863 3823 1064 3865 rerum
1099 3802 1470 3865 novatorllli
1505 3803 1685 3883 igitur
1717 3823 1916 3883 regem
1939 3823 2033 3867 as-

379 3893 714 3973 cripserunt
747 3911 850 3974 pro
881 3891 1278 3955 accusatione.
1311 3891 1731 3954 Verumtamen
1765 3894 2018 3954 testimo-

381 3983 544 4045 nium
576 3982 722 4044 illud
756 3982 932 4044 ﬁdele
969 3981 1144 4044 etiam
1168 3980 1241 4042 ab
1263 3981 1516 4043 inimicis
1547 3982 1866 4045 adductum
1905 3984 2026 4046 Rex

381 4070 622 4153 quidem
658 4079 747 4133 est
780 4070 1093 4145 Dominus,
1125 4069 1224 4150 qui
1254 4070 1325 4132 ad
1360 4071 1472 4132 hoc
1501 4073 1681 4145 venit,
1725 4083 1788 4132 ut
1843 4072 2030 4134 salvet

380 4160 634 4224 Judaaos.
669 4159 815 4233 Quia
863 4169 1060 4222 autem
1087 4159 1356 4221 carnales
1385 4160 1569 4222 Judaei
1604 4160 1921 4221 noluerunt
1949 4161 2028 4222 il-

382 4250 502 4312 lum
535 4268 716 4330 super
743 4269 808 4320 se
837 4267 1108 4329 regnare,
1154 4267 1257 4310 rex
1290 4250 1351 4310 ﬁt
1385 4249 1740 4329 spiritalium
1789 4249 2026 4311 ,1υάωο-

382 4358 538 4413 rum,
563 4339 675 4400 hoc
703 4348 796 4401 est
824 4337 1262 4400 conﬁtentium.
1284 4336 1524 4400 Judaeus
1563 4337 1722 4399 enim
1745 4339 2028 4417 conﬁtens

382 4426 622 4491 dicitur.

2128 3183 2215 3238 καὶ
2271 3182 2336 3236 τὰ
2390 3182 2704 3260 ὑποχθόνια,
2767 3181 2797 3236 ὀί
2825 3180 3070 3248 δηλοῦται
3101 3180 3185 3237 διὰ
3214 3188 3304 3238 τοῦ
3335 3178 3642 3254 ὑποποδίου,
3676 3181 3762 3234 καὶ

2125 3271 2190 3325 τὰ
2219 3271 2420 3348 πέρατα
2447 3275 2544 3338 τῆς
2577 3274 2699 3347 γῆς,
2733 3272 2792 3326 τό
2820 3291 2877 3326 τε
2928 3269 3266 3327 Ἀνατολικὸν
3307 3272 3395 3326 καὶ
3423 3272 3484 3324 τὸ
3518 3271 3759 3342 sum»,

2123 3361 2159 3412 α
2237 3357 2488 3424 δηλοῦται
2548 3357 2632 3414 διὰ
2683 3365 2788 3415 τῶν
2821 3359 2880 3414 ἐκ
2910 3357 3132 3435 πλαγίου
3183 3365 3355 3435 μερῶν
3378 3367 3468 3416 τοῦ
3511 3365 3756 3436 σταυροῦ·

2121 3446 2256 3505 ἀλλὰ
2317 3449 2403 3502 ναὶ
2463 3447 2555 3502 ἵνα
2611 3449 2841 3510 ἱκτείνας
2911 3449 3003 3511 τὰς
3088 3445 3280 3526 χεῖρας
3349 3442 3761 3523 ὶναγκαλίσηται

2119 3537 2207 3592 καὶ
2261 3535 2466 3608 συνάξῳ
2521 3537 2586 3592 τὰ
2656 3536 2814 3592 τέκνα
2873 3537 2963 3592 τοῦ
3007 3537 3136 3594 Θεοῦ
3165 3538 3230 3592 τὰ
3289 3534 3760 3614 διεσκορπισμένα.

2122 3625 2517 3703 Διαμερίζονται
2565 3626 2651 3680 καὶ
2695 3625 2759 3680 τὰ
2827 3626 3008 3698 ἱμάτια
3089 3623 3245 3682 αὒτοῦ
3295 3626 3343 3682 οἱ
3411 3625 3755 3701 στρατιῶται,

2116 3714 2187 3776 ὡς
2245 3711 2506 3790 εὐτελοῦς,
2557 3714 2645 3768 καὶ
2698 3711 2865 3787 μηδὲν
2921 3711 3051 3769 ἄλλο
3109 3712 3353 3791 ἔχοντος.
3390 3711 3491 3769 "Ov
3522 3709 3576 3766 δὲ
3600 3712 3755 3768 εἶπεν

2113 3799 2272 3863 ἄλλος
2330 3799 2708 3877 εύαγγελιστὴς
2781 3801 2978 3876 τίτλον,
3009 3811 3193 3860 τοῦτον
3223 3803 3251 3856 ὁ
3283 3801 3550 3862 Ματθαϊός
3596 3822 3760 3877 φησιν

2115 3892 2302 3946 αἱτίαν·
2363 3889 2668 3967 ἐπέγραψαν
2727 3892 2825 3969 γὰρ
2881 3893 3018 3954 τίνος
3068 3891 3241 3947 ἕνεκεν
3292 3889 3618 3968 ἆσταυρώθη,
3678 3887 3758 3946 ὅτι

2111 3981 2183 4043 ὡς
2243 3977 2496 4055 βασιλεὺς
2567 3984 2672 4034 τῶν
2738 3978 3023 4052 Ἰουδαίων,
3100 3981 3186 4036 καὶ
3251 3982 3324 4043 ὡς
3387 3980 3757 4054 νεωτεριστής.

2113 4065 2337 4124 Ἐκεινοι
2397 4069 2494 4142 μὲν
2553 4067 2641 4124 οὖν
2700 4070 2786 4142 τὸ,
2853 4068 3129 4142 Βασιλεὺς,
3181 4068 3483 4146 ἐπέγραψαν
3531 4068 3615 4123 ἐπὶ
3645 4065 3758 4123 δια-

2111 4154 2267 4232 ϐολῇ,
2331 4156 2478 4223 Πλὴν
2549 4158 2581 4222 ἡ
2633 4159 2890 4236 μαρτυρία
2969 4159 3098 4223 αὕτη
3129 4158 3317 4225 πιστὴ,
3368 4159 3440 4221 ὡς
3471 4158 3612 4234 παρὰ
3654 4163 3759 4214 τῶν

2111 4246 2315 4325 ἐχθρῶν
2397 4247 2731 4324 εἶσαχθεϊσα.
2814 4245 3065 4309 Βασιλεὺς
3120 4248 3220 4325 γὰρ
3274 4250 3414 4303 ἔστιν
3474 4248 3500 4302 ὁ
3580 4245 3764 4322 Κύριος

2111 4333 2195 4390 ἐπ’
2269 4336 2393 4393 αὐτὸ
2435 4342 2588 4390 τοῦτο
2619 4333 2806 4407 ἐλθὼν,
2835 4335 2926 4390 ’ίνα
2957 4336 3103 4410 σώσῃ
3145 4337 3263 4397 τοὺς
3297 4333 3596 4399 Ἰουδαίους·
3646 4336 3763 4390 ὶπεὶ

2110 4422 2164 4479 δὲ
2219 4425 2264 4478 οἱ
2317 4425 2555 4502 σαρκικοὶ
2614 4420 2857 4482 Ἰουδαῖοι
2914 4429 3008 4483 οῦκ
3102 4423 3369 4491 ἠθέλησαν
3450 4425 3762 4499 βασιλεῦσαι

384 4517 540 4574 αὑτὸν
597 4516 687 4573 ἔπ’
744 4517 952 4597 αὖτοὺς,
1007 4516 1248 4592 βασιλεὺς
1307 4519 1504 4593 γίνεται
1582 4524 1681 4572 τῶν
1728 4517 2097 4585 πνευματικῶν
2157 4510 2441 4586 Ἰουδαίων,
2467 4511 2726 4586 τουτέστι,
2785 4514 2890 4569 τῶν
2922 4511 3439 4592 ἐξομολογουμένων·
3504 4511 3763 4574 Ἰουδαῖος

381 4608 480 4686 γὰρ
510 4605 991 4684 ἐξομολογούμενος
1022 4606 1255 4685 λέγεται.

469 4695 642 4756 Vitas.
683 4693 905 4758 38-44.
946 4718 966 4750 ι
1005 4693 1171 4756 Tunc
1202 4694 1630 4772 cruciﬁguntur
1648 4713 1780 4755 cum
1814 4713 1884 4755 eo
1917 4693 2031 4754 duo

2209 4712 2230 4744 ιι
2285 4692 2413 4747 Τότε
2474 4697 2811 4768 σταυροῦνται
2865 4692 2955 4747 σὺν
3005 4696 3146 4765 αὐτῷ
3192 4690 3280 4747 δύο
3323 4690 3536 4766 λῃσταὶ,
3574 4692 3657 4755 εἷς
3706 4690 3763 4746 ἐκ

383 4784 670 4856 latrones,
703 4800 858 4843 unus
901 4801 935 4844 a
956 4782 1202 4861 dextris,
1235 4791 1292 4843 et
1322 4783 1472 4843 alter
1502 4801 1535 4843 a
1560 4782 1842 4844 sinistris.
1872 4784 2031 4844 Prae-

2119 4778 2321 4848 δεξιῶν,
2369 4780 2452 4835 καὶ
2501 4782 2581 4840 εἷς
2641 4777 2691 4843 ἕξ
2749 4780 3054 4853 εὐωνύμωνι
3119 4783 3165 4836 οἱ
3209 4774 3270 4835 δὲ
3327 4779 3758 4859 παραπορευόμεο

388 4881 693 4935 tereuntes
723 4879 918 4932 autem
947 4870 1214 4933 convicia
1261 4870 1568 4950 jaciebant
1615 4872 1676 4932 in
1708 4890 1862 4943 eum,
1903 4889 2031 4931 mo-

2120 4892 2199 4926 νοι
2270 4866 2643 4946 ἐϐλασφήμουν
2687 4869 2863 4943 αὐτὸν,
2915 4877 3176 4931 κινοῦντες
3248 4871 3342 4932 τὰς
3372 4867 3605 4948 κεφαλὰς
3665 4867 3762 4924 αῦ-

385 4970 589 5024 ventes
619 4960 812 5041 capita
843 4979 947 5022 sua
977 4969 1034 5021 et
1063 4947 1331 5020 dicentes
1364 4980 1377 5016 τ
1415 4957 1503 5020 Tu
1535 4962 1640 5039 qui
1683 4958 2031 5022 destruebas

2119 4958 2251 5030 τῶν,
2308 4957 2396 5012 καὶ
2465 4954 2732 5033 λέγοντες*
2777 4947 2832 5013 (Ο
2863 4957 3139 5013 καταλῦων
3182 4960 3272 5014 τὸν
3311 4961 3434 5014 ναὸν
3461 4959 3546 5013 καὶ
3577 4956 3629 5012 ἐν
3654 4978 3765 5035 τρι-

384 5050 698 5132 templum,
730 5058 788 5112 et
834 5049 895 5110 in
932 5048 1124 5111 triduo
1155 5048 1521 5124 aediﬁcabas,
1559 5067 1726 5109 serva
1757 5049 2031 5127 temetip-

2122 5048 2200 5101 σὶν
2255 5045 2477 5122 ἡμέραις
2545 5043 2855 5124 οἰκοδομῶν,
2891 5052 3063 5103 σῶσον
3133 5048 3370 5104 σεαυτόν⁸
3435 5049 3477 5102 εἰ
3539 5048 3654 5110 Υἱὸς
3711 5048 3766 5102 εἴ

382 5128 542 5217 ευπιξ
565 5142 612 5201 si
639 5128 822 5202 Filius
852 5139 959 5201 Dei
996 5157 1079 5213 es,
1129 5138 1427 5200 descende
1461 5137 1535 5198 de
1572 5155 1771 5198 cruce.
1807 5136 2031 5200 Simili-

2118 5137 2210 5192 τοῦ
2283 5133 2434 5207 Θεοῦ,
2491 5132 2745 5199 κατάϐηθι
2781 5133 2885 5190 ἀπὸ
2912 5145 3006 5194 τοῦ
3034 5143 3278 5214 σταυροῦ.
3314 5128 3540 5211 Ὀμοίως
3586 5133 3640 5190 δὲ
3671 5137 3767 5190 καὶ

384 5237 475 5290 ter
507 5239 564 5290 et
595 5227 899 5310 principes
929 5227 1303 5290 sacerdotum
1332 5225 1650 5288 illudeutes
1680 5245 1813 5287 cum
1866 5227 2030 5289 Scri—

2118 5226 2161 5280 οἱ
2233 5222 2504 5301 ἀρχιερεῖς
2557 5220 2900 5296 ἐμπαίζοντες
2960 5225 3093 5295 μετὰ
3150 5229 3253 5280 τῶν
3284 5224 3640 5325 γραμματέων
3670 5227 3764 5281 καὶ

382 5316 474 5378 bis
512 5305 612 5378 .et'
637 5305 976 5379 senioribus
1031 5325 1091 5379 et
1138 5316 1456 5379 Phariswis
1505 5315 1788 5378 dicebant
1823 5332 1835 5377 :
1872 5316 2031 5377 Alios

2118 5309 2476 5390 πρεσϐυτέρων
2535 5314 2620 5367 καὶ
2675 5314 2977 5388 Φαρισαίων
3033 5312 3242 5390 ἔλεγον·
3295 5305 3534 5378 ’Ἄλλως
3567 5313 3771 5369 ’έσωσεν

381 5404 657 5477 servavit,
683 5405 1072 5486 semetipsum
1130 5422 1247 5466 non
1308 5410 1503 5483 potest
1534 5403 1805 5465 servare?
1836 5401 1899 5466 Si
1925 5420 2030 5464 rex

2118 5401 2299 5457 ἑαυτὸν
2358 5402 2417 5456 ού
2473 5397 2681 5454 δύναται
2742 5406 2932 5456 σῶα-αι’
2973 5403 3029 5459 Εἰ
3082 5402 3327 5478 βασιλεὺς
3378 5401 3591 5481 Ἰσραήλ
3633 5401 3767 5476 ὶστι,

383 5494 561 5559 Israel
592 5501 703 5572 est,
737 5485 1061 5558 descendat
1089 5511 1246 5555 nunc
1279 5493 1352 5554 de
1383 5510 1586 5570 cruce,
1623 5499 1679 5553 et
1711 5492 2030 5553 credemus

2118 5485 2395 5545 καταϐάτω
2441 5493 2528 5542 νῦν
2591 5487 2696 5543 ἀπὸ
2752 5491 2845 5544 τοῦ
2900 5496 3140 5570 σταυροῦ,
3235 5495 3322 5549 καὶ
3407 5493 3771 5564 πιστεύσομεν

455 5653 518 5704 ⁸7
548 5655 843 5730 lCor.xv,
879 5652 977 5716 ἤ.
1059 5653 1125 5703 68
1157 5655 1340 5716 Marc.
1380 5669 1478 5714 xv.
1567 5648 1828 5712 891mm.
1867 5666 1992 5711 nx.
