4148 6290
395 271 506 352 474

1258 313 1267 318 τ
1351 281 1942 344 THEOPHYLACTI
1984 279 2394 344 BULGARIII
2438 285 2793 353 ARCHIEP.

3644 285 3768 350 472

398 416 543 484 tem,
574 408 664 484 sic
695 417 753 478 et
780 427 940 474 nunc
968 411 1181 490 inquit,
1215 409 1288 473 Ut
1310 411 1450 492 quid
1485 430 1581 474 me
1621 411 2058 492 dereliquistih

2143 413 2326 485 ειλίαν,
2399 414 2538 475 οὕτω
2593 418 2683 473 καὶ
2726 422 2815 473 νῦν
2843 431 3027 496 φησιν’
3071 435 3096 472 ε
3134 406 3260 475 ’ἶνα
3291 417 3341 473 τί
3383 439 3450 492 με
3485 416 3779 495 ὶγκατέλιι-

397 497 712 560 insinuans
752 500 1080 561 naturalem
1112 500 1343 562 vivendi
1375 501 1774 581 cupiditatem.
1803 501 2035 563 Etenim

342 623 350 630 -
398 605 537 648 vere
569 587 746 650 homo
773 588 1220 669 erat,nobisque
1236 607 1341 669 per
1362 590 1560 650 omnia
1577 587 2038 672 similis,absque

401 683 668 755 peccato.
694 676 945 750 Quidam
996 689 1191 738 autem
1242 678 1355 739 hoc
1401 678 1844 754 intellexerunt,
1881 676 2036 758 quod

402 765 662 830 Salvator
682 766 743 827 in
773 785 838 828 se
870 784 1182 848 personam
1207 775 1375 847 gerat
1401 768 1762 843 Judaeorum,
1783 767 2036 844 etdicat,

398 853 615 934 thuid
648 854 1024 935 dereliquisti
1050 855 1360 919 Judaicum
1395 856 1744 936 populum,o
1779 860 2043 926 Pater,ut

403 951 627 1004 tantum
658 943 927 1006 admittat
953 952 1282 1025 peccatum,
1327 946 1536 1009 I60et
1569 945 1887 1025 perditioni
1918 952 2039 1006 tra-

404 1031 876 1093 datur?Christus
908 1034 1066 1094 enim
1085 1042 1359 1114 tanquam
1381 1053 1448 1095 ex
1469 1035 1688 1096 Judwis
1709 1046 1902 1104 natus.
1922 1037 2038 1096 De-

403 1121 730 1201 relisquiSti
762 1140 880 1195 me,
915 1123 1079 1198 dicit,
1105 1125 1219 1186 hoc
1247 1137 1360 1201 est,
1386 1123 1571 1186 Meam
1606 1125 2040 1203 cognationem,

405 1229 728 1292 meumque
765 1212 1045 1291 populum
1073 1221 1132 1273 ut
1153 1213 1292 1292 quid
1327 1212 1808 1292 dereliquisti,ita
1828 1221 1890 1272 ut
1910 1231 2045 1273 con-

403 1308 496 1362 tra
526 1300 790 1379 seipsum
824 1300 938 1362 tale
973 1300 1188 1361 malum
1222 1300 1418 1362 faciat?
1447 1300 1661 1362 Turbae
1690 1305 1890 1363 autem
1911 1318 2042 1361 cum

405 1408 525 1452 non
557 1387 990 1450 intellexissent
1020 1409 1224 1451 vocem
1257 1390 1666 1470 illam,nempe
1697 1397 2049 1468 agrestes,et

404 1477 698 1558 imperita
726 1478 1208 1557 propheticorum
1239 1478 1530 1540 dictorum
1588 1478 1869 1556 putabant
1888 1477 2044 1558 quod

406 1566 591 1629 Eliam
624 1574 861 1628 vocaret
892 1587 907 1626 :
943 1586 1061 1628 non
1085 1568 1241 1628 enim
1261 1585 1470 1629 omnes
1489 1567 1673 1629 Judaei
1703 1566 2049 1648 prophetica

407 1653 870 1727 sciebant,sicut
895 1674 1089 1737 neque
1125 1675 1280 1718 nunc
1313 1654 1627 1718 Christiani
1662 1673 1871 1718 omnes
1899 1655 2048 1718 forte

2118 523 2214 564 πες
2256 519 2271 576 ;
2361 525 2385 561 0
2437 505 2701 584 ἐμιραίνων
2730 506 2830 573 τὴν
2861 507 3087 585 φυσικὴν
3128 504 3421 585 φιλοζωΐαν
3452 508 3632 581 ἡμῶν.
3667 509 3771 565 Καὶ

2119 592 2218 670 γὰρ
2288 592 2453 656 ὄντως
2497 593 2769 672 ἄνθρωπος
2800 594 2892 664 ἦν,
2938 596 3025 650 καὶ
3052 597 3188 662 ἡμῖν
3243 595 3307 650 τὰ
3339 594 3512 651 πάντα
3555 595 3770 670 ὅμοιος,

2120 683 2287 760 χωρὶς
2359 682 2642 760 ἁμαρτίας.
2703 684 2851 747 Τινὲς
2921 680 2976 738 δὲ
3035 682 3172 740 οὕτω
3219 692 3374 742 τοῦτο
3402 686 3654 756 ὶνόησαν,
3688 683 3776 740 ὅτι

2120 771 2181 826 τὸ
2237 771 2342 826 τῶν
2370 768 2659 850 ,μἸουδαίων
2716 771 3001 849 πρόσωπον
3072 770 3460 846 ἀναλαμϐάνων
3489 775 3517 830 ὃ
3549 773 3773 850 Σωτὴρ,

2122 860 2300 938 φησίν·
2366 848 2490 917 Ηινα
2546 861 2595 916 τί
2660 848 3005 938 ἐγκατέλιπες
3060 863 3150 916 τὸν
3189 859 3479 918 Ἰουδαϊκὸν
3537 860 3692 940 )αὸν,

2123 947 2316 1024 Πάτερ,
2377 946 2470 1003 ’ίνα
2552 946 2880 1029 τηλικαύτην
2937 949 3193 1026 ἁμαρτίαν
3252 951 3479 1029 ποιήσῃ,
3530 951 3618 1006 καὶ
3660 951 3772 1005 ἁπ-

2125 1034 2283 1108 ωλείᾳ
2335 1037 2651 1117 παραδοθῇ,
2727 1028 2819 1101 Ὠς
2879 1038 2978 1117 γὰρ
3034 1036 3087 1102 ἐξ
3117 1035 3380 1095 Ἰουδαίων
3422 1028 3712 1114 γενόμενος
3744 1041 3772 1094 ὁ

2128 1126 2377 1202 Χριστὸς,
2413 1127 2474 1182 τὸ
2501 1145 2526 1183 0
2552 1125 2934 1204 Ἐγκατέλιπές
2959 1147 3049 1206 με,
3087 1150 3111 1184 0
3148 1128 3326 1205 φησὶν,
3363 1126 3472 1183 ἀντὶ
3502 1129 3616 1206 τοῦ,
3666 1129 3774 1194 Τὴν

2123 1213 2260 1287 ὶμὴν
2317 1213 2648 1294 συγγένειαν,
2713 1217 2802 1271 τὸν
2872 1215 3001 1290 ἐμὸν
3064 1217 3214 1294 λαὸν,
3275 1215 3368 1272 ἵνα
3428 1217 3477 1272 τί
3533 1216 3772 1295 ἀφῆκας,

2127 1300 2259 1357 ὥστε
2333 1310 2569 1361 τοιοῦτον
2625 1305 2788 1361 κακὸν
2823 1303 2939 1361 καθ’
2983 1305 3171 1363 ἑαυτοῦ
3200 1305 3415 1372 ποιῆσαι
3450 1326 3467 1381 ;
3502 1305 3589 1371 Μὴ
3636 1305 3774 1374 νοή-

2128 1411 2309 1455 σαντες
2355 1388 2409 1446 δὲ
2461 1393 2560 1460 τὴν
2615 1395 2795 1473 φωνὴν
2844 1394 2890 1448 οἱ
2949 1400 3040 1450 τοῦ
3081 1392 3251 1473 ὄχλοι
3330 1393 3592 1473 ἄγροικοι.
3621 1393 3772 1458 ὄντες

2129 1482 2216 1534 καὶ
2285 1479 2511 1552 ἀμαθεῖς
2567 1471 2673 1538 τιῦν
2737 1471 3410 1562 προφητικῶνίίνόμιζον
3435 1481 3514 1538 ὅτι
3583 1471 3772 1539 Ἠλίαν

2130 1581 2316 1647 (pave?
2380 1570 2440 1624 οῦ
2468 1571 2566 1648 γὰρ
2608 1571 2800 1634 πάντες
2845 1573 2891 1626 οἱ
2921 1567 3168 1630 Ἰουδαῖοι
3197 1572 3263 1626 τὰ
3305 1571 3605 1651 προφητικὰ
3654 1570 3771 1645 lgi—

2131 1677 2358 1731 νωσκον,
2425 1658 2602 1737 ὥσπερ
2659 1657 2794 1723 ἴσως
2862 1657 2977 1715 οῦδὲ
3021 1667 3107 1717 νῦν
3154 1660 3201 1717 οἱ
3246 1662 3549 1726 Χριστιανοὶ
3579 1658 3774 1722 πάντες

409 1762 482 1808 ea
510 1762 638 1825 qua;
666 1744 725 1805 in
753 1743 1408 1824 Evangeliis.Cazterum
1439 1753 1668 1806 acetum
1695 1746 1748 1805 ei
1773 1745 1828 1804 in
1851 1753 2048 1823 potum

2143 1745 2198 1800 τα
2254 1751 2359 1801 τῶν
2419 1747 2780 1825 Εῦαγγελίων.
2811 1745 2986 1812 ’Ὄξος
3044 1747 3097 1804 δί
3153 1748 3394 1819 ὶπότιζον
3453 1750 3634 1821 αὺτὸν,
3681 1747 3775 1803 ἵνα

409 1831 648 1912 dabant,
675 1841 734 1894 ut
766 1844 1098 1895 moreretur
1129 1834 1472 1915 priusquam
1503 1833 1733 1895 veniret
1763 1832 1920 1894 Elias
1940 1833 2049 1895 ad-

402 1932 644 2006 juturus
695 1944 855 1989 eum.
903 1925 1074 1990 Unde
1116 1927 1214 1988 alii
1258 1927 1508 1988 dicunt:
1543 1926 1707 2005 Sine,
1758 1924 2052 1986 rideamus

409 2034 551 2078 num
579 2014 780 2077 veniat
815 2014 994 2096 Elias,
1026 2015 1386 2078 liberaturus
1417 2033 1577 2093 eum,
1612 2015 1722 2074 hoc
1753 2021 1864 2088 est,
1912 2012 2053 2076 Sine

412 2123 572 2186 eum,
608 2122 683 2166 ne
730 2102 910 2165 facias
953 2105 1128 2179 mori,
1169 2113 1232 2166 ut
1281 2104 1538 2165 sciamus
1582 2121 1656 2164 an
1694 2103 1933 2182 juvetur
1981 2101 2053 2163 ab

411 2193 566 2257 Elia.

496 2282 679 2344 VERS.
713 2279 929 2344 50-53.
961 2304 982 2336 ιι
1019 2284 1190 2342 Jesus
1219 2289 1416 2343 autem
1470 2300 1605 2342 cum
1656 2281 1871 2341 iterum
1929 2281 2046 2341 cla-

416 2379 635 2434 masset
664 2388 809 2432 voce
840 2369 1281 2448 magna,emisit
1309 2371 1685 2450 spiritum.Et
1702 2385 1841 2430 ecce
1863 2369 2055 2430 velum

416 2457 623 2538 templi
641 2457 890 2518 scissum
909 2467 1000 2520 est
1020 2459 1079 2518 in
1097 2457 1244 2519 duas
1261 2465 1460 2539 partes
1481 2477 1514 2520 a
1529 2477 1759 2519 summo
1783 2476 1968 2538 usque
1983 2457 2057 2519 ad

418 2548 629 2622 imum,
656 2555 712 2608 et
743 2555 896 2609 terra
932 2557 1088 2608 mota
1118 2556 1228 2622 est,
1259 2555 1319 2609 et
1348 2557 1533 2628 petra:
1563 2549 1762 2608 scissae
1807 2556 1966 2627 sunt,
2002 2556 2060 2608 et

418 2643 807 2698 monumenta
842 2643 1048 2715 aperta
1079 2645 1236 2710 sunt,
1264 2648 1324 2697 et
1355 2636 1536 2698 multa
1567 2654 1816 2715 corpora
1832 2645 2060 2697 sancto-

417 2743 551 2785 rum
581 2725 683 2804 qui
713 2724 1597 2798 dormierant,surrexerunt.Et
1629 2724 1850 2800 egressi
1883 2743 1914 2786 e
1937 2743 2061 2785 mo-

419 2812 720 2874 numentis
761 2819 896 2893 post
935 2813 1440 2876 resurrectionem
1482 2814 1634 2892 ejus,
1669 2823 1957 2876 venerunt
1999 2814 2058 2874 in

418 2910 681 2964 sanctam
705 2901 1028 2979 civitatem,
1049 2911 1105 2964 et
1125 2915 1528 2983 apparuerunt
1550 2903 1814 2965 multis.»
1836 2901 2061 2965 Clamat

2134 1833 2369 1911 ἀποθάνῃ
2429 1857 2620 1914 ταχιον
2679 1837 2797 1914 πρὶν
2854 1835 3028 1893 ἐλθεῖν
3077 1839 3167 1893 τὸν
3211 1834 3396 1914 Ἠλίαν
3439 1838 3776 1912 βοηθήσοντα

2134 1926 2298 1996 αὐτῷ.
2345 1907 2538 1982 -.Ὅθεν-
2563 1926 2609 1981 οἱ
2677 1907 2852 1982 λοιποὶ
2883 1924 3145 2003 λέγουσιν’
3183 1949 3207 1980 ιι
3263 1907 3465 2005 ’λλφεςξ
3498 1924 3698 1999 ἴδωμεν
3733 1926 3778 1980 εἰ

2136 2009 2349 2090 ἔρχεται
2394 2011 2577 2077 Ἠλίας
2622 2013 2810 2070 σώσων
2840 2013 3018 2086 αὐτὸν,
3053 2037 3080 2068 0
3116 2014 3372 2085 τουτέστι,
3411 2016 3499 2081 Μὴ
3539 2015 3775 2089 ποιήσῃς

2137 2101 2292 2156 αὐτὸν
2349 2104 2658 2176 ἀποθανεῖν,
2717 2104 2790 2165 ὡς
2850 2100 2911 2158 ἂν
2957 2109 3168 2180 γνῶμεν
3238 2103 3280 2157 εἷ
3334 2103 3588 2178 βοηθήσει
3634 2106 3782 2175 αὐτῷ

2138 2185 2343 2251 Ἠλίας.

2227 2303 2254 2336 0
2290 2271 2347 2337 Ὀ
2378 2277 2432 2335 δί
2465 2280 2666 2346 Ἰησοῦς
2712 2280 2869 2338 πάλιν
2898 2278 3088 2360 κράξας
3153 2286 3300 2361 φωνᾷ
3343 2280 3576 2360 μεγάλῃ,
3608 2281 3782 2360 ἀφῆκε

2139 2369 2200 2424 τὸ
2256 2374 2485 2443 πνεῦμα’
2542 2369 2629 2424 καὶ
2673 2365 2779 2425 ἰδοὺ
2832 2370 2892 2424 τὸ
2921 2369 3308 2431 καταπέτασμα
3337 2377 3429 2425 τοῦ
3470 2379 3594 2428 ναοῦ
3623 2368 3783 2448 ἰσχί-

2141 2460 2239 2524 σθη
2301 2459 2372 2522 εἷς
2419 2454 2530 2531 δύο,
2581 2457 2686 2513 άπὸ
2735 2455 2928 2514 ἄνωθεν
2985 2457 3087 2522 ἕως
3125 2459 3295 2529 ιιιάτω⁹
3341 2461 3428 2514 καὶ
3472 2460 3506 2526 η
3538 2464 3609 2536 γῆ
3641 2458 3781 2514 έσεί·

2142 2549 2264 2616 σθη,
2297 2547 2384 2602 καὶ
2423 2550 2474 2603 αἱ
2505 2546 2689 2624 πέτραι
2732 2547 3079 2626 ἐσχίσθησαν,
3111 2550 3200 2605 καὶ
3228 2549 3293 2604 τὰ
3335 2561 3578 2622 μνημεῖα
3607 2548 3783 2621 ἁνεῲ-

2142 2639 2378 2715 χθησαν,
2438 2635 2524 2691 καὶ
2604 2634 2777 2692 πολλὰ
2866 2636 3090 2709 σώματα
3182 2642 3285 2692 τῶν
3372 2634 3780 2711 κεκοιμημένων

2142 2725 2306 2802 ἁγίων
2374 2724 2597 2802 ἠγέρθη,
2657 2726 2744 2780 καὶ
2823 2723 3110 2791 ἐξελθόντες
3206 2723 3264 2778 in
3311 2730 3415 2780 τῶν
3498 2723 3775 2799 μνημείων

2143 2815 2277 2888 μετὰ
2323 2813 2422 2879 τὴν
2493 2813 2697 2891 ’έγερσιν
2784 2816 2962 2887 αὺτοῦ,
3045 2810 3284 2878 εἰσῆλθον
3338 2813 3411 2877 εἰς
3461 2812 3556 2878 τὴν
3624 2811 3776 2888 ἁγίαν

2142 2902 2320 2975 πόλιν,
2380 2904 2466 2958 καὶ
2537 2901 2940 2982 ἱνεφανίσθησαν
2990 2899 3232 2965 πολλοῖς.
3329 2922 3352 2957 0
3413 2901 3600 2976 Κρὰζει
3671 2919 3777 2972 με-

416 3008 565 3055 voce
593 3008 802 3070 magna
830 2989 1102 3066 Jesus,ut
1127 2993 1386 3053 sciamus
1416 3010 1617 3052 verum
1643 3009 1772 3053 esse
1789 2993 1946 3072 quod
1965 2992 2057 3052 di—

2145 2990 2286 3069 γάλῃ
2351 2997 2501 3071 φωνῇ
2554 2993 2580 3046 ὁ
2631 2991 2860 3070 Ἰησοῦς,
2919 2991 3011 3046 ’ἕνα
3073 2996 3278 3066 γνῶμεν
3308 2988 3388 3044 ὅτι
3418 2987 3541 3065 ὅπερ
3575 2987 3784 3067 ἱλεγεν,

414 3079 533 3142 xit:
570 3105 596 3136 κ
634 3078 752 3156 Ego
798 3089 1147 3160 potestatem
1190 3080 1383 3142 habeo
1433 3090 1495 3142 ut
1543 3099 1753 3160 ponam
1805 3081 2059 3142 animam

418 3187 677 3231 meam.»
705 3169 975 3231 Animam
1011 3171 1172 3230 enim
1203 3187 1370 3231 suam
1404 3169 1569 3249 ponit
1601 3187 1707 3230 sua
1749 3176 2060 3249 potestate.

415 3257 558 3330 Quae
580 3264 776 3319 autem
819 3267 945 3319 erat
974 3257 1110 3320 vox?
1142 3280 1165 3314 ε
1203 3260 1378 3320 Pater
1409 3260 1470 3318 in
1503 3275 1710 3319 manus
1734 3267 1877 3331 ,tuas
1906 3276 2063 3318 com-

415 3346 636 3408 mendo
664 3347 936 3426 spiritum
967 3345 1361 3408 meum.»Non
1393 3347 1552 3409 enim
1580 3346 1950 3417 coactus,sed
1973 3366 2063 3406 vo-

418 3435 712 3498 luntarius
742 3434 939 3495 emisit
955 3434 1389 3515 spiritum.Hoc
1402 3435 1559 3496 enim
1576 3433 2064 3515 signiﬁcat,Com-

417 3523 661 3586 mendo.
695 3522 966 3585 Insinuat
993 3533 1188 3585 autem
1226 3542 1290 3585 se
1332 3524 1493 3584 illam
1537 3523 1754 3585 iterum
1786 3533 2062 3604 receptu-

415 3612 918 3693 rumzdepositum
943 3612 1100 3672 enim
1127 3621 1185 3672 et
1216 3612 1654 3673 commodatum
1673 3612 1886 3673 iterum
1910 3631 2067 3673 assu-

418 3699 826 3764 mitur.Gratia
848 3708 1042 3762 autem
1065 3700 1505 3780 Domino,quod
1522 3700 1624 3760 illo
1639 3711 1695 3761 et
1711 3700 1998 3762 moriente
2013 3710 2068 3761 et

417 3788 690 3872 spiritum
714 3808 883 3851 suum
905 3789 965 3850 in
1003 3808 1212 3852 manus
1251 3791 1445 3852 Patris
1481 3789 1960 3864 commendante,
1994 3807 2062 3851 ex

420 3898 494 3943 eo
527 3891 798 3961 tempore
828 3888 885 3941 et
914 3888 1255 3942 sanctorum
1281 3879 1493 3940 animae
1524 3879 1583 3938 in
1618 3897 1795 3939 manu
1829 3877 1935 3939 Dei
1958 3896 2064 3957 po-

422 3977 672 4049 nuntur,
701 3978 760 4029 et
788 3987 929 4047 non,
955 3977 1020 4030 ut
1049 3969 1234 4051 prius,
1262 3970 1319 4029 in
1355 3968 1574 4030 inferni
1609 3967 2014 4046 penetralibus
2049 3988 2063 4028 :

419 4064 599 4139 atque
631 4058 708 4120 ita
736 4077 894 4119 mors
916 4059 1131 4119 Christi
1164 4059 1316 4121 facta
1333 4067 1423 4120 est
1439 4057 1824 4119 sanctiﬁcatio
1843 4065 2062 4118 nostra.

419 4148 649 4212 Idcirco
677 4156 735 4209 et
755 4165 968 4226 magna
983 4165 1127 4209 voce
1147 4148 1835 4221 inclamatmortem,non
1850 4146 2071 4207 auden-

419 4246 538 4300 tem
571 4236 863 4300 accedere
894 4236 1008 4298 nisi
1042 4244 1374 4300 vocaretur.
1404 4236 1607 4298 Velum
1640 4245 1842 4298 autem
1864 4235 2069 4316 templi

421 4335 547 4389 erat
575 4326 823 4388 linteum
858 4324 1153 4407 quoddam
1186 4325 1246 4386 in
1282 4325 1478 4387 medio
1529 4325 1733 4404 templi
1773 4323 2066 4403 pendens,

2146 3081 2226 3137 ὅτι
2264 3078 2563 3145 «Ἐξουσίαν
2596 3079 2711 3159 ἔχω
2734 3084 2903 3136 θεῖναι
2920 3081 3019 3147 τὴν
3045 3081 3231 3158 ψυχήν
3265 3099 3387 3157 μου,
3422 3100 3444 3135 0
3472 3077 3529 3133 ἁ)
3541 3076 3666 3144 ηθὶς
3693 3076 3787 3144 ἦν,

2149 3168 2277 3228 Κατ’
2311 3167 2542 3234 ἱξουσίαν
2585 3170 2685 3246 γὰρ
2741 3169 2923 3248 ἀφίησι
2979 3169 3077 3235 τὴν
3149 3169 3355 3248 ψυχὴν,
3434 3167 3520 3229 Τίς
3591 3164 3645 3221 δὶ
3716 3167 3782 3232 ἦν

2146 3260 2180 3325 ἡ
2250 3261 2449 3336 φωνῆς
2519 3279 2542 3313 ε
2597 3258 2789 3333 Πάτερ,
2851 3259 2922 3321 εἱς
2980 3257 3174 3336 χεῖράς
3226 3278 3319 3313 σου
3371 3257 3691 3333 παρατίθημι
3723 3256 3784 3310 τὸ

2146 3348 2351 3422 πνεῦμά
2401 3367 2526 3422 μου.
2607 3369 2631 3401 0
2686 3350 2758 3406 Οῦ
2812 3349 2910 3424 γὰρ
2986 3343 3373 3421 βεϐιασμένως,
3434 3341 3552 3401 ἀλλ’
3614 3345 3792 3400 ἑκοντὶ

2149 3435 2321 3515 ἁφῇκε
2378 3437 2438 3490 τὸ
2496 3442 2723 3511 πνεῦμα.
2797 3437 2963 3493 Τοῦτο
3018 3435 3116 3513 γὰρ
3160 3455 3410 3509 σημαινει
3463 3435 3546 3506 τὸ,
3607 3438 3787 3510 Παρα-

2148 3527 2352 3600 τίθημιο
2407 3525 2645 3603 ἐμφαίνει
2701 3522 2755 3580 δέ
2819 3526 2905 3580 καὶ
2960 3525 3019 3578 τὸ
3102 3522 3316 3594 μέλλειν
3377 3523 3540 3590 αῦτὴν
3630 3519 3790 3576 πάλιν

2148 3613 2537 3688 ἀπολήψεσθαιθ
2614 3620 2848 3670 τοιοῦτον
2900 3614 2998 3690 γὰρ
3024 3614 3059 3679 ἡ
3118 3612 3426 3690 παραθήκη,
3459 3609 3618 3668 πάλιν
3647 3609 3792 3666 ἁπο-

2150 3700 2416 3777 διδομένη,
2491 3703 2652 3781 Χάρις
2705 3699 2759 3757 δὲ
2814 3702 2891 3774 τῷ
2948 3702 3145 3779 Κυρίῳ,
3214 3700 3292 3756 ὀτὶ
3350 3701 3548 3760 ἐκείνου
3647 3700 3790 3755 ἁπο-

2149 3792 2421 3865 θανόντος,
2479 3792 2567 3846 καὶ
2617 3797 2708 3847 τοῦ
2766 3791 3060 3865 πνεύματος
3125 3789 3282 3848 αὑτοῦ
3335 3791 3406 3853 εἷς
3465 3801 3659 3869 χεῖρας
3704 3788 3799 3844 τοῦ

2153 3882 2349 3959 Πρτρὸς
2420 3879 2823 3959 παρατεθέντος,
2895 3878 3076 3936 ’ἔκτοτε
3123 3880 3207 3934 καὶ
3257 3883 3306 3935 αἱ
3339 3886 3442 3935 τῶν
3476 3880 3637 3957 ἁγίων
3683 3883 3794 3954 ψυ-

2151 3972 2248 4050 χαὶ
2291 3971 2362 4032 εἰς
2393 3982 2586 4049 χεῖρας
2617 3970 2712 4025 τοῦ
2739 3975 2872 4026 Θεοῦ
2899 3971 3146 4050 τίθενταο,
3207 3965 3327 4024 ἀλλ’
3359 3973 3462 4049 οῦχ
3493 3970 3566 4031 ὡς
3596 3968 3797 4047 πρότε-

2152 4049 2241 4138 ρον
2311 4059 2364 4113 ἄν
2419 4071 2537 4121 τοῖς
2568 4067 2660 4117 τοῦ
2692 4056 2816 4129 ᾅδου
2846 4071 3071 4137 μυχοῖς.
3135 4049 3309 4113 ’Ὥστε
3340 4059 3610 4135 ἁγιασμὸς
3640 4059 3798 4132 ἡμῶν

2153 4147 2367 4225 γέγονεν
2421 4149 2448 4202 ὁ
2504 4147 2723 4209 θάνατος
2796 4156 2888 4206 τοῦ
2972 4153 3216 4222 Χριστοῦ·
3293 4145 3370 4202 διὸ
3426 4149 3512 4202 καὶ
3590 4144 3802 4222 μεγάλῃ

2154 4235 2304 4316 φωνῇ
2358 4234 2740 4316 προσκαλεῖται
2797 4237 2888 4292 τὸν
2932 4237 3177 4305 θάνατον,
3211 4237 3288 4310 μή
3319 4234 3596 4310 τολμῶντα
3631 4256 3800 4312 προσο

2156 4325 2351 4399 ελθεϊν,
2421 4327 2465 4380 εί
2539 4326 2618 4400 μὴ
2674 4321 2920 4395 κληθείη.
2983 4327 3052 4384 Τὸ
3108 4322 3162 4380 δὲ
3246 4327 3626 4400 καταπέτασμα
3711 4324 3806 4380 τοῦ

421 4396 893 4496 discernensque
924 4415 998 4476 ab
1031 4415 1125 4477 his
1154 4434 1285 4497 quae
1315 4415 1494 4490 intra,
1534 4433 1602 4475 ea
1637 4396 1988 4494 quae-extra,
2011 4425 2058 4474 ul

2159 4422 2302 4493 ναοῦ,
2336 4396 2549 4480 ’ὀθόνην
2585 4435 2666 4480 τις
2723 4417 2791 4481 ἧι
2843 4414 3007 4489 μέσον
3037 4415 3346 4493 κρεμαμένη
3393 4420 3485 4470 τοῦ
3524 4396 3669 4492 ναοῦ,
3715 4415 3804 4470 καὶ

422 4505 810 4568 interstitium
845 4504 1148 4568 Scinditur
1167 4504 1757 4585 boc,demanstrante
1778 4502 1897 4564 Deo
1916 4503 2070 4583 quod

422 4593 716 4675 templum
749 4595 1118 4655 inaccessum
1143 4605 1203 4654 et
1221 4611 1522 4674 nunquam
1557 4593 1944 4671 visum,cujus
1975 4593 2069 4652 in-

425 4684 570 4744 tima
599 4681 866 4745 velamen
914 4681 1278 4755 secludebat,
1331 4682 1588 4742 solvatur
1619 4689 1674 4740 et
1706 4681 2069 4760 profanetur,

421 4771 504 4834 ita
535 4778 599 4832 ut
621 4769 901 4832 omnibus
930 4771 1007 4833 sit
1041 4768 1389 4832 accessibile
1429 4779 1488 4834 et
1522 4769 1866 4849 spectabile.
1901 4771 2070 4833 Non-

425 4860 573 4923 nulli
598 4859 742 4922 alias
774 4878 980 4923 causas
1008 4860 1354 4935 atferunt,et
1387 4858 1544 4939 quod
1577 4859 1916 4920 revelentur
1937 4878 2069 4919 om-

425 4951 527 5013 nia
555 4949 924 5030 legalia,qua=.
949 4949 1114 5030 prius
1144 4948 1341 5010 littera
1370 4957 1433 5010 ut
1465 4948 1794 5009 velamento
1814 4949 2068 5028 quodam

427 5047 604 5102 erant
653 5047 976 5120 cooperta:
1013 5045 1071 5099 et
1120 5056 1252 5119 quae
1300 5037 1464 5118 prius
1495 5037 1751 5097 obscura
1805 5046 1970 5097 erant
2004 5055 2072 5097 ac.

426 5128 605 5210 plena
635 5124 1530 5205 anigmatibus,manilestantur
1560 5144 1716 5186 nunc
1748 5125 1807 5187 in
1839 5123 2075 5189 Christo

425 5216 690 5298 impleta.
727 5218 890 5279 Licet
917 5225 976 5278 et
1022 5216 1174 5278 istud
1214 5216 1438 5295 dicere,
1471 5216 1625 5277 sicut
1653 5227 1783 5277 enat
1817 5233 1943 5276 mos
1967 5218 2074 5276 Ju-

426 5306 573 5368 daais
603 5306 661 5367 in
697 5305 1086 5386 blaSphemiis
1117 5313 1325 5367 contra
1354 5307 1538 5367 Deum
1564 5303 1838 5366 scindere
1860 5312 2075 5384 vestes,

428 5395 684 5456 itanunc
711 5413 948 5475 quoque
970 5394 1230 5457 divinum
1260 5393 1545 5474 templum
1587 5393 1759 5474 quasi
1799 5411 1982 5472 δέει-ες
2003 5393 2083 5454 fe-

429 5499 572 5546 rens
587 5482 803 5546 Christi
825 5483 1266 5556 mortem,disru
1275 5483 1593 5562 pitvestem
1610 5500 1777 5543 suam
1790 5531 1804 5555 ,
1840 5483 1953 5543 hoc
1969 5492 2078 5557 est,

429 5571 648 5637 velum.
668 5574 1025 5653 Possetquis
1039 5580 1098 5634 et
1108 5573 1222 5634 alia
1239 5573 1440 5634 dicere
1468 5592 1479 5633 :
1502 5570 1604 5632 sed
1625 5570 1751 5634 base
1763 5570 2080 5635 sufﬁciant.

2158 4503 2568 4583 ἀποτειχίζουσα
2618 4503 2684 4558 τὰ
2739 4502 2846 4558 ἔσω
2875 4504 3004 4580 πρὸς
3038 4503 3103 4558 τὰ
3160 4500 3278 4576 ἕξω,
3320 4502 3440 4558 οἷόν
3470 4524 3518 4558 τι
3550 4501 3804 4575 μεσότοι-

2159 4615 2284 4672 χον.
2366 4593 2613 4671 Σχίζεται
2688 4591 2860 4647 τοίνυν
2917 4597 3093 4670 τοῦτο,
3155 4589 3449 4654 δεικνύντος
3505 4601 3597 4650 τοῦ
3647 4593 3799 4660 Θεοῦ,

2157 4680 2238 4737 ὅτι
2290 4684 2317 4737 ὃ
2369 4683 2492 4742 ναὸς
2550 4682 2576 4736 ὁ
2607 4676 2824 4747 ἄϐατος,
2857 4682 2884 4736 ὁ
2945 4677 3186 4760 ἀθέατος,
3219 4680 3276 4736 οὗ
3318 4682 3383 4736 τὰ
3413 4680 3652 4737 έσώτατα
3691 4679 3804 4736 ἁπ-

2158 4770 2384 4849 ετείχιζε
2445 4771 2504 4826 τὸ
2561 4769 2970 4848 καταπέτασμα,
3038 4771 3174 4826 οὓτω
3230 4767 3655 4848 χυδαιωθησεται
3717 4772 3806 4826 καὶ

2156 4856 2614 4936 βεϐηλωθήσεται,
2682 4857 2820 4914 ὥστε
2890 4865 3050 4914 πᾶσιν
3108 4858 3250 4914 εἶναι
3283 4858 3444 4933 βατὸς
3471 4859 3557 4914 καὶ
3596 4857 3804 4924 θεατός.

2158 4948 2306 5011 Τινὲς
2376 4947 2431 5004 δέ
2501 4949 2588 5004 καὶ
2653 4946 2815 5012 ἄλλας
2851 4948 3014 5010 αἰτίας
3045 4946 3304 5025 λέγουσιν·
3357 4946 3650 5022 Ἐσήμαινε
3680 4949 3807 5026 γὰρ,

2159 5038 2282 5117 φασὶ
2350 5039 2411 5093 τὸ
2467 5037 2850 5112 καταπέτασμα
2905 5037 3249 5116 σχιζόμενον,
3296 5036 3395 5104 τὴν
3427 5039 3520 5092 τοῦ
3550 5037 3808 5115 γράμμα-

2161 5148 2250 5192 τος
2298 5135 2388 5185 τοῦ
2453 5129 2672 5200 νομικοῦ
2727 5127 3073 5204 περιαίρεσιν,
3132 5127 3219 5181 ναὶ
3261 5124 3339 5181 ὅτι
3372 5124 3811 5205 ἀποκαλυφθήσε-

2163 5238 2248 5272 ται
2300 5217 2473 5273 πάντα
2543 5217 2609 5272 τὰ
2695 5216 2908 5293 νομικὰ,
2968 5215 3004 5270 ά’
3056 5216 3308 5293 πρότερον
3366 5219 3443 5288 τῷ
3531 5216 3813 5294 γράμματι

2165 5306 2320 5362 οἱονεί
2399 5328 2497 5361 τινι
2582 5305 3023 5380 καταπετάσματι
3109 5305 3544 5384 συνεκρὺπτοντο,
3603 5305 3692 5359 καὶ
3752 5306 3815 5360 τὰ

2166 5395 2283 5471 πρὶν
2338 5393 2518 5472 ἀσαφῆ
2577 5395 2664 5451 καὶ
2733 5390 3118 5472 αἰνιγματώδη,
3227 5394 3652 5472 φανερωθήσεται
3728 5402 3816 5453 νῦν

2167 5485 2239 5547 εἷς
2269 5483 2361 5539 τὸν
2382 5471 2603 5561 Χριστὸν
2633 5480 2883 5543 ἐκϐάντα.
2915 5471 3083 5539 ’Ἐστι
3106 5471 3162 5537 ίδέ
3187 5485 3274 5539 καὶ
3308 5483 3461 5539 τοῦτο
3487 5484 3682 5560 εἰπεῖν,
3735 5481 3813 5538 ὅτι

2166 5572 2281 5635 ἔθος
2311 5572 2376 5638 ὴν
2421 5571 2539 5635 τοῖς
2571 5569 2845 5633 Ἰουδαίοις
2888 5573 2972 5628 ἰπὶ
3017 5585 3139 5635 ταῖς
3202 5571 3340 5628 κατὰ
3371 5569 3503 5628 Θεοῦ
3559 5569 3814 5651 βλασφη-
