4148 6290
276 358 428 427 47³

925 352 1370 420 ΕΝΑΒΒΑΤΙΟ
1413 353 1496 416 IN
1539 349 1969 416 EVANGELII

2097 345 2500 412 MATTH/EI.
2552 381 2623 394 —-
2667 350 2834 413 CAP.
2881 340 3101 413 XXVII

3569 346 3688 412 474

292 494 490 569 μίαις,
522 490 953 570 περιῤῥήγνυσθαι
1023 487 1142 552 τοὺς
1186 490 1446 565 χιτῶνας.
1508 485 1606 542 Καὶ
1653 491 1737 541 νῦν
1788 485 1877 540 οῦν
1936 483 1964 536 ὁ

2059 475 2354 542 Elementa
2382 498 2514 542 vero
2535 490 2832 543 commota
2861 482 3165 544 declarant
3195 500 3328 544 eum
3368 481 3464 560 qui
3495 480 3686 560 patie'

279 587 453 646 θεῖος
500 583 620 642 ναὸς
647 580 826 657 ὥσπερ
880 575 1238 656 δυσχεραίνων
1289 574 1374 630 ἐπὶ
1419 574 1482 629 τὸ
1511 579 1603 631 τοῦ
1631 579 1762 629 Θεοῦ
1790 571 1955 628 θανά-

278 694 406 751 τῳ,
469 667 842 749 περιερρήξατο
898 667 997 733 τὴν
1067 665 1254 720 ἑαδτοῦ
1323 661 1537 751 ἐσθῆτα,
1596 663 1662 751 τῦ
1686 748 1696 751 _
1725 658 1959 751 καταπέ-

282 748 510 834 τασμα.
545 748 671 816 Καὶ
725 755 861 812 ἄλλα
917 753 964 810 δ’
995 752 1058 810 ἂν
1100 753 1219 833 ἔχοι
1262 773 1343 815 τις
1386 750 1583 826 εἰπεῖν,
1617 748 1738 806 ἀλλ’
1762 749 1958 821 αὐτάρ-

288 872 382 916 κη
443 854 630 909 ταῦτα,
665 847 740 904 Τὰ
781 843 836 900 δὲ
879 846 1130 922 στοιχεῖα
1183 841 1518 910 ἐσείσθησαν,
1575 839 1686 914 ἅμα
1731 840 1827 913 μὶν
1873 837 1962 893 καὶ

300 937 653 1014 Δημιουργὸν
707 935 1026 1014 ἐμφαίνοντα
1069 932 1210 989 εῖναι
1255 931 1346 986 τὸν
1392 930 1694 1008 πάσχοντα,
1753 927 1864 1002 ἅμα
1906 925 1959 982 δὲ

286 1028 399 1083 καὶ
470 1023 730 1090 δηλοῦντα
788 1024 866 1084 ὡς
937 1019 1416 1095 μετακινηθήσεται
1497 1017 1561 1070 τὰ
1622 1015 1911 1092 πράγματα
1942 1030 1954 1042 ·

287 1117 402 1172 τὸν
446 1114 546 1191 γὰρ
575 1112 793 1185 σεισμὸν
851 1111 887 1179 ἡ
932 1109 1115 1188 Γραφή
1172 1106 1259 1163 ἐπὶ
1315 1107 1414 1172 τῆς
1471 1107 1576 1160 τῶν
1634 1103 1961 1181 πραγμάτων

290 1202 641 1281 μεταθέσεως
712 1200 912 1257 τάττει.
1003 1197 1248 1276 Ἐγένετο
1305 1197 1390 1252 οῦν
1447 1195 1481 1261 ἡ
1527 1194 1802 1267 μετάθεσις
1858 1197 1956 1259 τῆς

295 1299 406 1349 τοῦ
440 1298 573 1348 Θεοῦ
601 1289 928 1360 ἐπισκοπῆς,
962 1287 1067 1343 ἀπὸ
1095 1292 1202 1343 τῶν
1233 1282 1492 1342 Ἰουδαίων
1549 1283 1634 1339 ἰπὶ
1676 1283 1740 1338 τΞι
1784 1281 1904 1348 ἔθνη
1940 1300 1954 1316 ·

2043 567 2238 642 batur,
2271 571 2559 649 (lpiticem
2592 589 2761 632 suum
2796 580 3012 644 esse,et
3052 572 3302 633 futuram
3330 571 3450 630 {6|
3482 588 3682 632 rerum

2045 659 2618 722 transmutationem.
2644 657 2947 740 Scriptura
2977 659 3133 720 enim
3162 669 3334 720 terrae
3370 666 3591 719 motum
3627 657 3685 717 in

2043 764 2242 807 rerum
2274 748 2622 809 alteratione
2677 747 2862 828 ponit.
2897 748 3073 810 Facta
3120 749 3292 827 igitur
3327 757 3416 809 est
3446 746 3685 807 mutatio

2043 835 2390 897 visitationis
2424 836 2530 899 Dei
2564 856 2597 898 a
2629 836 2850 898 Judreis
2880 837 2939 898 in
2971 845 3197 916 gentes.
3233 838 3308 899 Et
3341 845 3538 916 petrae,
3574 835 3686 896 hoc

2041 932 2151 1000 est,
2187 924 2419 1005 lapidea
2449 925 2759 1005 gentilium
2792 926 2994 1006 corda,
3027 927 3212 986 divisa
3243 935 3466 1005 sunt,et
3491 942 3690 986 susce-

2043 1024 2256 1093 perunt
2283 1032 2488 1075 semen
2523 1013 2882 1076 veritatisEt
2906 1015 3120 1075 mortui
3145 1015 3395 1089 peccatis
3415 1030 3686 1074 surrexe-

2044 1111 2201 1172 runt,
2236 1112 2296 1164 et
2328 1104 2698 1165 veneruntin
2716 1103 3008 1164 civitatem
3043 1111 3333 1178 sanctam,
3367 1119 3685 1182 supernam

2044 1190 2201 1251 illam
2247 1192 2604 1264 Jerusalem,
2629 1202 3146 1272 apparueruntque
3171 1192 3368 1253 multis
3390 1209 3496 1270 per
3513 1191 3685 1251 latam

2042 1279 2191 1340 viam
2224 1280 2723 1352 incedentibus,et
2744 1289 3096 1360 apparentes
3109 1280 3410 1360 exemplar
3426 1279 3538 1341 illis
3553 1277 3686 1339 facti

289 1383 400 1438 καὶ
451 1381 504 1436 at
544 1377 755 1457 πέτραι,
816 1376 934 1444 ἤτοι
993 1378 1043 1432 αἱ
1101 1374 1284 1431 λίθινοι
1331 1370 1535 1451 καρδίαι
1583 1378 1689 1430 τῶν
1719 1371 1955 1450 ἐθνικῶν,

2059 1375 2178 1430 sunt
2209 1369 2340 1431 vitae
2370 1371 2541 1431 bona;
2580 1379 2638 1431 et
2680 1369 3110 1431 conversionis.
3156 1369 3300 1431 Nam
3342 1368 3442 1450 qui
3477 1365 3689 1430 viderit

298 1471 660 1550 εὗχίσθησαν,
703 1468 791 1523 καὶ
834 1463 1146 1531 ὑπεδέξαντο
1179 1466 1270 1520 τὸν
1303 1467 1401 1529 τῆς
1448 1461 1691 1528 ἀληθείας
1738 1461 1955 1539 σπόρον,

2059 1457 2379 1538 quempiam
2414 1459 2576 1537 prius
2623 1457 2695 1520 ab
2732 1458 3144 1520 aﬂ'ectionibus
3188 1459 3312 1519 suis
3363 1464 3687 1529 mortuum,

292 1549 410 1616 καὶ
445 1559 494 1615 οἱ
535 1554 914 1635 νενεκρωμένοι
965 1567 1085 1618 ταῖς
1135 1552 1412 1632 ἆμαρτίαις
1446 1549 1816 1624 ἰξανέστησαν,
1874 1551 1960 1606 καὶ

296 1646 476 1715 ἦλθον
526 1647 598 1708 εἰς
654 1645 753 1711 την
809 1643 962 1719 ἁγίαν
1019 1641 1202 1722 πόλιν,
1257 1641 1354 1709 τὴν
1422 1638 1530 1696 ἅνω
1587 1638 1956 1718 Ἰερουσαλὴμ,

296 1739 401 1792 καὶ
445 1734 856 1813 ὶνεφανίσθησαν
896 1743 1012 1794 τοῖς
1044 1729 1295 1804 πολλοῖς,
1327 1742 1440 1792 τοῖς
1474 1728 1556 1785 διὰ
1579 1734 1676 1796 τῆς
1708 1727 1959 1793 πλατείας

301 1824 436 1882 ὁδοῦ
487 1821 748 1880 ὁδεύουσιν
781 1837 795 1851 ⁸

300 1936 416 1971 πον
474 1915 659 1975 αὐτοῖς
689 1908 931 1987 ἐγένοντο
959 1897 1167 1988 -ἂγαθοῦ
1222 1909 1334 1984 βίου
1394 1910 1480 1964 καὶ
1510 1907 1853 1986 ἐπιστροφῆς.
1902 1897 1964 1963 Ὀ

301 2004 416 2083 γὰρ
471 2001 592 2058 ἰδὼν
649 2002 738 2058 τὸν
781 2000 968 2078 πρώην
1030 1997 1423 2077 νεκεκρωμένον
1463 1999 1565 2054 ὑπὸ
1619 2003 1725 2053 τῶν
1782 2000 1959 2053 παθῶν

301 2089 699 2170 επιστραφίντα
750 2091 838 2144 καὶ
894 2087 1176 2145 ἀνελθόντα
1229 2089 1301 2150 εἷς
1359 2087 1452 2153 τὴν
1510 2087 1662 2164 ἁγίαν
1695 2085 1747 2141 ἐν
1799 2085 1961 2163 οὖρα-

303 2194 437 2246 νοτς
469 2178 646 2254 πολιν,
681 2191 926 2254 μιμεῖται
956 2176 1110 2233 αδτὸν
1151 2177 1386 2248 πάντως,
1434 2176 1521 2231 καὶ
1547 2174 1845 2254 ἒπιστρέφει
1876 2177 1963 2231 καὶ

309 2272 500 2333 αὐτός.
534 2279 705 2328 Ταῦτα
737 2269 835 2343 μὲν
895 2267 982 2323 οὖν
1039 2268 1438 2345 περιεργότερον
1497 2264 1689 2333 ἐνοήθη
1725 2282 1738 2294 ⁸
1793 2268 1853 2320 σὺ
1908 2263 1963 2319 δὲ

305 2361 545 2440 γίνωσκε
603 2356 684 2413 δτι
742 2359 778 2424 ἡ
822 2362 928 2413 τῶν
972 2361 1166 2433 νεκρῶν
1207 2354 1431 2433 ἕγερσις,
1489 2357 1523 2421 ἡ
1568 2355 1620 2410 ὲν
1651 2360 1727 2428 τῷ
1756 2360 1964 2430 σταυρῴ

303 2456 410 2507 τοῦ
467 2449 651 2525 Κυρίου
709 2446 996 2524 γενομένη,
1068 2442 1255 2525 ἐδήλου
1325 2445 1412 2500 καὶ
1481 2443 1588 2499 τῶν
1645 2442 1697 2498 ἐν
1737 2450 1813 2516 τῷ
1865 2442 1962 2519 ᾅδῃ

306 2543 512 2617 ψυχῶν
545 2524 665 2603 τὴν
695 2534 1005 2613 ἐλευθερίαν.
1040 2524 1334 2613 ’Ὠφθησαν
1369 2531 1422 2589 δὲ
1455 2531 1680 2596 πολλοῖς
1725 2536 1770 2588 οἱ
1827 2533 1964 2587 ἀνα-

309 2628 536 2688 στάντες
593 2625 738 2698 τότε,
799 2623 892 2679 ἵνα
941 2623 1019 2697 μὴ
1060 2621 1184 2699 δόξῃ
1236 2623 1518 2702 φάντασμα
1545 2621 1686 2677 εἶναι
1716 2623 1778 2677 τὸ
1807 2622 1966 2698 γενό-

319 2732 509 2793 μενον·
581 2713 877 2779 ἀνέστησαν
935 2709 988 2767 δί
1059 2710 1226 2792 οὗτοι,
1290 2710 1448 2791 χὶριν
1516 2719 1609 2769 τοῦ
1663 2711 1906 2785 σημείου⁸

2006 2706 2270 2787 πρόδηλον
2322 2705 2376 2762 δὲ
2448 2706 2526 2762 ὅτι
2598 2705 2756 2762 πάλιν
2803 2710 3104 2777 τεθνήκασι,
3186 2708 3330 2772 Τινὲς

2044 1568 2514 1630 conversumque
2545 1558 2601 1611 et
2632 1550 2963 1628 ingressum
2995 1552 3052 1611 in
3077 1558 3337 1611 sanctam
3370 1549 3526 1610 illam
3555 1565 3686 1626 qum

2044 1639 2105 1699 in
2132 1638 2297 1700 caelis
2327 1647 2413 1699 est
2437 1639 2756 1711 civitatem,
2789 1637 3052 1700 imitatur
3098 1639 3266 1699 illum
3317 1655 3421 1717 per
3462 1637 3684 1709 omnia,

2045 1728 2523 1807 convertiturque
2555 1734 2610 1787 et
2643 1727 2792 1806 ipse.
2818 1728 3034 1787 Verum
3063 1727 3187 1788 haec
3219 1728 3298 1787 ita
3323 1725 3686 1787 intellexisse

874 1821 1277 1899 ἰμφανισθεντες
1359 1817 1412 1874 δὲ
1470 1822 1676 1892 αὺτοῖς,
1721 1817 1958 1899 ἀρχέτυ-

2059 1815 2331 1876 :uriosius
2362 1815 2652 1877 fuerit.'l‘u
2676 1824 2871 1876 autem
2906 1834 3197 1891 cognosce
3223 1814 3378 1896 quod
3413 1823 3683 1876 mortuo-

2046 1921 2175 1963 rum
2209 1905 2594 1978 resurrectio,
2627 1921 2758 1983 quaa
2789 1902 2939 1964 facta
2970 1915 3058 1965 est
3089 1904 3148 1964 in
3194 1922 3370 1966 cruce
3416 1902 3673 1974 Domini,

2047 1991 2393 2072 signiﬁcarit
2417 2001 2473 2052 et
2505 2009 2740 2069 eorum,
2759 1992 2951 2072 qui,in
2976 1992 3206 2054 inferno
3224 1992 3688 2064 fuerint,libera-

2044 2084 2289 2143 tionem.
2316 2085 2664 2162 Apparuent
2692 2091 2886 2142 autem
2919 2082 3119 2142 multis
3161 2082 3260 2161 qui
3295 2091 3432 2142 tunc
3478 2098 3685 2142 resur-

2045 2180 2347 2245 rexerunt,
2370 2180 2433 2231 ut
2459 2189 2535 2232 ne
2558 2170 2906 2251 phanstama
2935 2189 3064 2232 esse
3087 2170 3384 2232 videretur
3406 2169 3560 2250 quod
3587 2170 3690 2232 tie-

2048 2259 2653 2323 bat.Resurrexerunt
2685 2268 2882 2320 autem
2913 2260 2998 2320 illi
3030 2267 3253 2320 tantum
3287 2259 3436 2337 signi
3478 2260 3682 2337 gratia,

2047 2349 2541 2429 manifestumque
2575 2355 2665 2408 est
2694 2348 3024 2428 illud,quod
3061 2351 3271 2410 iterum
3299 2349 3686 2421 mortui.Qui-

2045 2438 2178 2500 dam
2210 2447 2406 2500 autem
2437 2437 2640 2498 dicunt
2665 2438 2816 2518 quod
2855 2447 3162 2519 postquam
3194 2437 3461 2502 Christus
3481 2457 3685 2500 resur-

2046 2528 2665 2608 rexit,rcsurrexerint
2689 2536 2748 2589 et
2773 2527 2878 2603 illi,
2915 2548 3022 2590 nec
3048 2537 3250 2608 postea
3285 2528 3495 2589 mortui
3519 2528 3636 2589 sint
3672 2549 3688 2587 :

2049 2618 2156 2679 sed
2183 2617 2388 2679 nescio
2417 2636 2492 2677 an
2525 2617 2637 2678 lioc
2665 2617 2740 2679 sit
2772 2616 3204 2697 recipiendum.

3390 2706 3441 2763 δί
3498 2706 3691 2785 λέγου-

314 2828 408 2862 σιν
460 2802 538 2860 ὅτι
597 2802 732 2877 μετὰ
800 2803 862 2857 τὸ
930 2799 1215 2868 ἀναστῆναι
1286 2806 1377 2855 τὸν
1458 2800 1702 2878 Χριστὸν,
1764 2796 2058 2866 ἀνέστησαν
2113 2797 2200 2854 καὶ
2268 2796 2433 2875 οὗτοι,
2463 2797 2550 2851 καὶ
2605 2800 2699 2852 οὐκ
2731 2795 2805 2851 ἔτι
2850 2796 3127 2870 ἀπέθανον,
3161 2803 3314 2853 τοῦτο
3353 2795 3407 2852 δὲ
3439 2798 3529 2853 οὐκ
3574 2794 3694 2852 οἶδα

325 2896 375 2950 εί
401 2891 485 2949 δεῖ
511 2889 924 2970 παραδέχεσθαι.

332 3043 334 3045 μ
409 3005 434 3037 ι
470 2974 529 3039 ’0
572 2978 626 3035 δὲ
658 2979 1049 3058 ἑκατόνταρχος
1091 2979 1180 3034 καὶ
1222 2979 1269 3034 οἱ
1321 2977 1437 3052 μετ’
1473 2978 1630 3035 αὐτοῦ
1684 2986 1964 3056 τηροῦντες

318 3074 417 3128 τὸν
458 3069 686 3143 Ἰησοῦν,
746 3065 941 3130 ίδοντες
1005 3068 1096 3123 τὸν
1154 3068 1373 3140 σεισμὸν
1431 3069 1518 3123 καὶ
1573 3068 1640 3123 τὰ
1682 3067 1962 3146 γενόμενα,

2132 2971 2310 3036 Vsus.
2348 2973 2566 3036 54-56.
2583 2973 2891 3035 «Centurio
2909 2983 3140 3045 vero,et
3160 2974 3258 3054 qui
3283 2992 3416 3035 cum
3441 2992 3510 3034 eo
3529 2981 3699 3035 erant

2052 3061 2454 3123 custodientes
2481 3063 2708 3132 Jesum,
2733 3062 2853 3121 viso
2886 3069 3058 3123 terra:
3097 3071 3284 3143 motu,
3323 3071 3380 3124 et
3429 3063 3520 3124 bis
3565 3081 3699 3143 quae

320 3155 659 3256 ἰφοϐήθησαν
713 3153 931 3256 σφόδρα,
995 3154 1240 3235 λέγοντες
1275 3173 1293 3191 ·
1359 3154 1604 3256 Ἀληθῶς
1662 3156 1791 3212 Θεοῦ
1848 3156 1966 3218 Υἱὸς

2059 3151 2204 3250 facta
2261 3150 2515 3224 fuerant,
2579 3151 2738 3210 timui
2761 3155 2902 3212 runt
2948 3150 3138 3225 valde,
3197 3153 3508 3214 dicentes:
3543 3149 3699 3214 Vere

321 3249 389 3315 ἧν
420 3248 594 3310 οὗτος.
626 3242 792 3303 Ἦσαν
821 3242 877 3300 δὲ
921 3243 1037 3299 ἐκεῖ
1067 3257 1318 3321 γυναῖκες
1364 3242 1584 3323 πολλαὶ,
1634 3245 1738 3300 ἀπὸ
1770 3244 1968 3323 μακρό-

319 3340 406 3393 θεν
462 3338 773 3413 θεωροῦσαι,
836 3332 1038 3396 αἵτινες
1096 3332 1461 3400 ἠκολούθησαν
1507 3337 1584 3401 τῷ
1634 3331 1809 3400 Ἰησοῦ
1865 3332 1970 3388 ἀπὸ

320 3429 420 3491 τῆς
477 3421 761 3487 Γαλιλαίας
807 3417 1137 3478 διακονοῦσαι
1196 3425 1363 3495 αὐτῷ,
1418 3421 1471 3476 ἰν
1501 3421 1594 3485 αἶς
1624 3425 1691 3490 ἦν
1723 3421 1894 3498 Μαρία
1935 3423 1970 3488 ἡ

325 3509 680 3590 Μαγδαληνὴ,
749 3511 839 3566 καὶ
897 3513 1068 3589 Μαρία
1125 3512 1159 3577 ἡ
1210 3519 1300 3566 τοῦ
1361 3508 1612 3568 Ἰακώϐου
1667 3511 1757 3567 καὶ
1816 3510 1973 3578 Ἰωσῆ

324 3603 526 3680 μήτηρ,
557 3601 646 3656 καὶ
699 3601 735 3668 ἡ
789 3601 969 3678 μήτηρ
1025 3605 1129 3655 τῶν
1199 3603 1322 3657 υἱῶν
1391 3597 1682 3661 Ζεϐεδαίου.
1719 3623 1746 3655 ε
1785 3591 1843 3657 Ὀ
1875 3599 1972 3675 μὶν

323 3691 525 3753 ἆθνικὸς
611 3690 1029 3770 ἑκατόνταρχος,
1118 3690 1223 3747 ἀπὸ
1281 3696 1385 3747 τῶν
1447 3691 1684 3765 σημείων
1740 3691 1971 3746 πιστεύει

325 3782 418 3836 σῦν
460 3792 576 3844 τοῖς
619 3781 739 3857 περῖ
790 3780 944 3836 αὖτόν
981 3795 994 3808 ⁸
1055 3782 1101 3836 οἱ
1158 3777 1211 3835 δὲ
1270 3782 1554 3860 προφητῶν
1610 3781 1972 3837 κατακούσαν-

322 3889 410 3933 τες
467 3869 554 3926 καὶ
598 3869 760 3944 νόμου
804 3867 1080 3943 Ἰουδαῖοι,
1112 3867 1324 3925 ἄπιστοι
1383 3869 1596 3943 μένουσι
1633 3883 1647 3898 ⁸
1724 3870 1975 3925 τοσοῦτόν

327 3961 478 4014 εστιν
534 3959 570 4025 ἡ
628 3956 856 4032 πονηρία
911 3956 1073 4013 κακόν
1112 3973 1125 3987 ⁸
1189 3959 1274 4013 καὶ
1330 3959 1659 4037 ὲμαρτύρησε
1689 3954 1742 4012 δὲ
1786 3960 1813 4012 ὁ
1857 3959 1980 4013 ἑκα-

325 4047 620 4126 τόνταρχος
680 4045 829 4109 οὗτος
887 4047 1016 4125 ύπέρ
1060 4055 1285 4124 Χριστοῦ
1339 4046 1574 4126 ὕστερον.
1623 4051 1874 4110 Γυναῖκες
1924 4044 1977 4100 δὲ

326 4138 615 4212 θεωροῦσαι
649 4134 716 4190 τὰ
743 4136 1025 4214 γενόμενα,
1073 4139 1121 4191 αἱ
1181 4134 1412 4210 μάλιστα
1461 4137 1675 4192 πάντων
1702 4133 1978 4209 συμπαθέ-

332 4244 533 4302 στεραι,
615 4224 704 4280 καὶ
770 4225 832 4278 τὸ
917 4223 1066 4301 γένος
1153 4227 1214 4280 τὸ
1298 4225 1630 4303 κατακριθὲν,
1729 4221 1980 4282 ἀπολαύει

336 4318 545 4386 πρῶτον
600 4311 699 4379 τῆς
757 4318 864 4367 τῶν
907 4311 1117 4390 ἀγαθῶν
1161 4316 1378 4392 θεωρίας
1411 4328 1425 4342 ⁸
1473 4315 1558 4369 καὶ
1598 4317 1643 4370 οἱ
1675 4313 1771 4388 μὲν
1803 4316 1982 4388 μαθη-

330 4403 416 4458 ταὶ
487 4402 788 4480 φεύγουσιν,
849 4404 900 4457 αἱ
973 4400 1025 4456 δὲ
1084 4416 1332 4480 γυναῖκες
1392 4409 1719 4481 καρτεροῦσι,
1781 4402 1981 4479 Μαρίαν

2055 3238 2238 3302 Filius
2285 3239 2388 3301 Dei
2433 3247 2566 3300 erat
2609 3239 2741 3301 iste.
2797 3240 2980 3300 Erant
3020 3247 3218 3300 autem
3269 3239 3351 3302 ibi
3411 3240 3694 3304 mulieres

2055 3327 2255 3390 multa;
2285 3346 2316 3388 e
2349 3327 2666 3408 longinquo
2685 3337 3184 3409 spectantes,quae
3215 3344 3431 3391 secutae
3467 3329 3700 3391 fuerant

2055 3419 2255 3479 Jesum
2289 3435 2321 3477 a
2348 3415 2603 3487 Galilaaa,
2633 3416 3040 3479 ministrantes
3070 3417 3148 3491 ei,
3194 3418 3350 3481 inter
3380 3437 3525 3500 quas
3572 3429 3703 3481 erat

2056 3505 2233 3567 Maria
2268 3505 2635 3583 Magdalt-ne,
2664 3515 2721 3566 et
2752 3507 2937 3569 Maria
2959 3505 3190 3582 Jacobi,
3218 3516 3277 3568 et
3304 3509 3441 3570 Jose
3489 3516 3697 3581 mater,

2059 3602 2117 3656 et
2143 3601 2332 3656 mater
2358 3594 2614 3656 tiliorum
2640 3593 2974 3658 Zebedaai.»
3009 3597 3289 3658 Centurio
3312 3598 3489 3658 homo
3509 3599 3704 3663 ethni-

2057 3702 2163 3745 cus
2192 3701 2227 3743 a
2253 3684 2438 3762 signis
2468 3683 2658 3744 credit
2687 3703 2822 3745 cum
2848 3684 2942 3745 his
2971 3685 3070 3765 qui
3102 3704 3308 3747 secum
3340 3695 3508 3748 erant
3539 3707 3552 3746 :
3587 3685 3698 3749 Ju-

2055 3772 2167 3834 daei
2196 3781 2392 3834 autem
2417 3773 2514 3853 qui
2539 3773 2726 3852 legem
2747 3781 2804 3834 et
2825 3775 3146 3854 prophetas
3167 3775 3708 3856 audierant,incre-

2057 3861 2459 3925 dulimanent.
2491 3861 2974 3925 Tantummalum
2991 3865 3452 3944 estmalignitas.
3485 3866 3706 3946 Etpos-

2061 3958 2155 4012 tea
2188 3952 2526 4031 martyrium
2555 3951 2792 4032 pertulit
2825 3953 2919 4016 hic
2939 3954 3206 4015 centurio
3239 3964 3478 4034 propter
3500 3954 3708 4019 Chris-

2062 4039 2493 4101 tum..\lulieres
2507 4058 2643 4102 vero
2667 4048 3004 4121 spectantes
3015 4059 3083 4104 ea
3095 4060 3227 4122 qua:
3244 4042 3558 4117 ﬁebant,ut
3573 4053 3711 4105 sunt

2062 4127 2670 4207 compatientissimae,
2705 4137 2764 4190 et
2793 4148 2967 4191 sexus
3011 4131 3467 4206 condemnatus,
3503 4133 3711 4213 prima

2062 4217 2339 4278 fruuntur
2353 4217 2642 4278 bonorum
2672 4219 3274 4299 contemplatione.Et
3291 4221 3565 4301 discipuli
3585 4221 3712 4302 qni-

2066 4306 2200 4368 dem
2233 4305 2481 4384 fugiunt,
2511 4305 2795 4368 mulieres
2827 4315 3022 4369 autem
3057 4309 3237 4371 fortes
3267 4319 3425 4372 sunt.
3465 4310 3710 4373 Mariam

2067 4403 2263 4456 autem
2300 4405 2547 4456 matrem
2571 4394 2779 4458 Jacobi
2810 4405 2867 4458 et
2894 4397 3053 4472 Jose,
3084 4397 3396 4479 Deiparam
3429 4397 3711 4461 dicit.Ja-

333 4488 388 4546 δὲ
434 4487 695 4553 Ἰακώϐου
746 4491 834 4546 καὶ
890 4490 1051 4557 Ἰωσῆ
1108 4492 1335 4569 μητέρα,
1383 4494 1482 4559 την
1529 4493 1785 4548 Θεοτόκον
1814 4491 1969 4570 λέγει

2070 4484 2254 4546 cobus
2287 4482 2446 4546 enim
2476 4493 2534 4546 et
2562 4487 2732 4547 Joses
2747 4484 2858 4547 tTlii
2885 4495 3054 4548 erant
3075 4488 3292 4569 Joseph
3323 4506 3357 4548 e
3375 4489 3572 4568 priore
3590 4490 3720 4568 ejus

335 4581 364 4635 ὁ
420 4580 519 4657 γὰρ
549 4575 805 4640 Ἰάκωϐος
851 4581 937 4634 καὶ
994 4577 1180 4646 Ἰωσῆς
1237 4581 1329 4638 τοῦ
1386 4578 1580 4660 Ἰωσὴφ
1625 4582 1761 4648 ἦσαν
1801 4579 1989 4646 παῖδες

340 4667 446 4724 ἀπὸ
478 4668 575 4732 τῆς
621 4667 880 4744 προτέρας
912 4671 1070 4726 αὐτοῦ
1099 4670 1367 4745 γυναικός.
1416 4668 1562 4726 Ἐπεὶ
1594 4671 1684 4726 οὖν
1713 4673 1747 4738 ἡ
1793 4671 1989 4727 Θεοτό-

339 4777 433 4819 κος
494 4756 626 4834 γυνη
671 4755 884 4834 ἰΑέγετο
938 4767 1030 4815 τοῦ
1081 4757 1300 4838 Ἰωσὴφ,
1363 4759 1579 4823 εἰκότως
1611 4762 1696 4815 καὶ
1726 4766 1833 4816 τῶν
1863 4760 1991 4816 παί-

340 4842 444 4901 δων
503 4845 657 4903 αὐτοῦ
707 4846 891 4922 μήτηρ
949 4844 1065 4912 ἤτοι
1124 4848 1354 4925 μητρυιὰ
1397 4847 1633 4923 ἐλέγετο·
1672 4847 1779 4914 ἣδέ
1811 4851 1990 4927 μήτηρ

1110 4934 1349 5010 Σαλώμη
1408 4935 1656 4994 ἐκαλεῖτο
1693 4957 1710 4974 ο
1757 4939 1882 5017 φασὶ
1936 4936 1989 4993 δὲ

333 4939 440 4989 τῶν
500 4935 624 4988 υἱῶν
722 4931 1020 5008 Ζεϐεδαίου,

335 5024 424 5078 καὶ
465 5022 661 5088 ταύτην
685 5022 944 5101 θυγατέρα
973 5028 1114 5080 εἶναι
1155 5032 1247 5081 τοῦ
1292 5024 1514 5100 Ἰωσήφ.

414 5111 606 5186 Ὀψίας
665 5108 720 5166 δὲ
782 5112 1095 5189 γενομένης,
1156 5113 1311 5180 ἦλθεν
1389 5113 1661 5185 ἄνθρωπος
1741 5113 1990 5179 πλούσιος

338 5201 444 5257 ἀπὸ
504 5199 876 5278 Ἀριμαθαίας,
956 5200 1184 5277 τοῦνομα
1272 5201 1492 5282 Ἰωσὴφ,

338 5288 662 5363 ἐμαθήτευσε
720 5296 797 5362 τῷ
858 5288 1058 5356 Ἰησοῦ.
1115 5291 1278 5356 οὗτος
1337 5292 1641 5360 προσελθὼν
1695 5297 1773 5366 τῷ
1819 5293 1985 5348 Πιλά-

340 5401 438 5453 τῳ,
486 5378 727 5454 ᾐτήσατο
771 5379 832 5434 τὸ
895 5385 1051 5453 σῶμα
1098 5391 1190 5440 τοῦ
1246 5378 1440 5448 Ἰησοῦ.
1490 5391 1618 5438 Τότε
1679 5384 1705 5437 ὁ
1764 5381 1990 5459 Πιλᾶτος

338 5467 612 5525 ἰκέλευσεν
670 5465 992 5533 ἀποδοθῆναι
1057 5473 1117 5526 τὸ
1176 5475 1330 5545 σῶμα
1364 5488 1381 5506 ⁸
1427 5493 1514 5527 και
1557 5468 1732 5528 λαϐὼν
1773 5473 1834 5526 τὸ
1878 5477 1988 5526 σῶ-

338 5580 414 5632 μα
473 5558 501 5613 ὁ
563 5554 788 5634 Ἰωσὴφ,
849 5556 1134 5624 ἐνετύλιξεν
1191 5561 1315 5617 αὒτὸ
1375 5557 1566 5614 σινδόνι
1625 5564 1843 5632 καθαρᾷ,
1905 5564 1991 5618 καὶ

341 5643 531 5712 ἔθηκεν
584 5644 708 5702 αὐτὸ
753 5643 808 5700 ἰν
850 5645 924 5718 τῷ
967 5655 1132 5720 καινῷ
1177 5647 1336 5705 αὖτοῦ
1384 5649 1652 5722 μνημείῳ,
1713 5650 1739 5703 ὃ
1796 5648 1987 5706 ἐλατό-

1580 5205 1636 5266 ὂς
1694 5205 1780 5259 καὶ
1839 5205 1992 5266 αὐτὸς

2072 4591 2279 4634 uxore.
2313 4573 2533 4634 Verum
2560 4573 2701 4654 quia
2731 4574 2983 4654 Deipara
3030 4594 3180 4637 uxor
3225 4577 3446 4658 Joseph
3477 4575 3722 4638 diceba-

2076 4674 2191 4737 tur,
2228 4661 2440 4725 merito
2462 4674 2519 4725 et
2549 4664 2804 4727 ﬁliorum
2839 4665 2968 4745 ejus
3008 4665 3317 4728 dict-batur
3348 4677 3557 4734 mater.
3610 4669 3724 4731 hoc

2075 4761 2165 4815 est
2186 4770 2459 4816 noverca.
2489 4756 2675 4816 Mater
2705 4763 2902 4816 autem
2945 4755 3202 4818 liliorum
3247 4755 3518 4819 Zebedaei
3549 4756 3720 4820 Salo-

2080 4863 2173 4907 me
2201 4843 2529 4923 dicebatur,
2567 4864 2744 4926 quam
2776 4857 2835 4907 et
2863 4846 3053 4927 ipsam
3084 4849 3301 4929 Joseph
3335 4847 3514 4909 tiliam
3530 4850 3717 4910 aiunt.

2157 5110 2335 5173 VEBS.
2373 5112 2592 5175 57-61.
2637 5133 2663 5171 ι
2688 5113 2950 5191 Vespere
2986 5121 3182 5176 autem
3227 5117 3378 5176 facto
3410 5118 3567 5179 venit
3607 5118 3716 5179 ho-

2077 5220 2172 5261 mo
2203 5200 2368 5262 dives
2403 5202 2474 5262 ab
2509 5200 2891 5280 Arimathaaa,
2925 5203 3169 5266 nomine
3214 5205 3459 5284 Joseph,
3496 5214 3552 5266 et
3590 5206 3720 5284 ipse

2075 5289 2407 5369 discipulus
2437 5289 2808 5352 fueratJesu.
2838 5289 2948 5353 Hic
2977 5294 3227 5354 accessit
3248 5294 3318 5355 ad
3355 5294 3630 5367 Pilatum,
3655 5315 3724 5359 ac

2075 5379 2390 5460 postulavit
2418 5397 2633 5461 corpus
2660 5378 2824 5442 Jesu.
2859 5379 3025 5444 Tunc
3071 5381 3288 5444 Pilatus
3333 5384 3513 5463 jussit
3550 5387 3724 5447 reddi

2075 5486 2308 5548 corpus.
2345 5468 2416 5531 Et
2455 5487 2591 5530 cum
2617 5471 2947 5550 accepisset
2976 5472 3450 5553 corpusJoseph,
3485 5474 3729 5538 involvit

2076 5556 2219 5618 illud
2252 5557 2309 5618 in
2344 5557 2598 5620 sindone
2630 5559 2873 5633 munda,
2911 5564 3226 5643 posuitque
3258 5563 3481 5625 illudin
3515 5582 3720 5628 monu-

2076 5653 2278 5709 mento
2305 5665 2409 5710 suo
2434 5666 2610 5729 novo,
2645 5648 2804 5730 quod
2841 5649 3141 5714 exciderat
3165 5651 3224 5714 in
3261 5659 3524 5734 petra,et
3553 5651 3730 5717 λόγος
