4148 6290
456 356 574 419 475
1415 363 1516 424 ΤΗ
1528 360 2006 423 EOPHYLACTI
2051 362 2094 421 B

2217 359 2459 421 ἓΔΗΙιΕ
2502 356 2860 421 ARCHIEP.
3720 361 3855 425 476

456 492 576 551 luto
600 510 737 554 saxo
769 493 990 567 ingenti
1023 495 1093 555 ad
1118 495 1332 555 ostium
1365 493 1760 566 monumenti,
1797 493 2094 555 abiit.Erat

2214 512 2357 557 ιησεν
2416 490 2468 545 ἐν
2523 497 2589 566 τῇ
2643 492 2828 568 πέτρα.
2886 494 2982 551 Καὶ
3035 494 3383 572 προσκυλίσας
3456 494 3597 553 λίθον
3666 495 3852 573 μέγαν

454 588 649 642 autem
696 581 775 642 ibi
824 582 1004 644 Maria
1037 584 1406 663 Magdalene,
1435 597 1487 643 et
1523 582 1704 642 altera
1743 583 1871 641 162
1923 582 2092 644 Maria

2218 586 2251 654 ᾖ
2291 582 2414 658 θύρᾳ
2460 587 2547 635 τοῦ
2604 584 2887 654 μνημείου,
2949 582 3183 649 ἀπῆλθεν
3214 602 3229 616 ⁸
3282 584 3341 651 ἧν
3393 582 3446 640 δὲ
3496 584 3612 640 ἐκεῖ
3666 585 3851 661 Μαρία

457 668 731 730 sedentes
755 679 957 733 contra
988 674 1324 752 sepulcrum
1389 697 1410 725 υ
1451 669 2095 749 Delitescebatquidem

2211 709 2214 732 ι
2264 665 2613 746 Μαγδαληνὴ,
2673 669 2763 723 καὶ
2806 671 2839 735 ἡ
2900 667 3037 735 ἄλλη
3083 673 3279 750 Μαρία,
3338 675 3633 742 καθήμεναι
3666 672 3849 728 ἀπέν-

455 759 594 819 olim
620 761 863 839 .loseph,
901 782 1053 821 nunc
1084 771 1280 822 alitem
1316 778 1583 835 magnam
1615 777 1739 821 rem
1765 760 1966 834 audet,
1999 779 2093 840 po-

2207 776 2301 811 ιντι
2354 765 2446 814 τοῦ
2502 758 2691 834 τάφου,
2735 780 2757 810 ιι
2796 756 3115 835 Ἐκρύπτετο
3171 761 3268 833 μὲν
3315 760 3479 817 πάλαι
3526 765 3554 816 6
3607 760 3845 839 Ἰωσὴφ,

457 868 603 908 nens
631 851 887 910 animam
917 869 1078 911 suam
1096 869 1200 930 pro
1214 867 1463 927 corpore
1494 849 2095 928 magistri,tantasque

2211 850 2264 898 ὗν
2324 842 2376 897 δὲ
2422 844 2561 920 μέγα
2604 852 2824 920 πρᾶγμα
2867 845 3063 921 τολμᾷ,
3126 848 3284 911 τιθεὶς
3331 851 3430 915 τὴν
3461 850 3645 928 ψυχὴν
3675 852 3849 907 αὐτοῦ

451 936 1144 1000 inimicitiasJudaaorum
1175 938 1718 1017 suscipiens.Porro
1746 955 1848 1017 pro
1884 957 2089 1015 magno

2208 933 2303 1008 πὲρ
2365 941 2457 987 τοῦ
2512 930 2884 992 διδασκαλικοῦ
2942 935 3212 1011 σώματος,
3277 938 3365 993 καὶ
3407 939 3671 1003 τοσαύτην
3731 935 3845 1015 ἕχ-

452 1026 609 1087 (Ιοηο
639 1026 922 1089 donatum
962 1038 1051 1090 est
1093 1029 1173 1088 illi
1225 1016 1445 1106 corpus
1472 1026 1611 1089 Jesu
1641 1049 1653 1087 :
1689 1016 1821 1088 nam
1856 1046 1988 1087 cum
2034 1034 2090 1087 ut

2206 1042 2297 1095 ραν
2380 1022 2509 1099 πρὸς
2595 1022 2796 1084 πάντας
2881 1022 3161 1087 Ἰουδαίους
3243 1024 3647 1100 ἀναδεξάμενος.
3743 1016 3843 1087 ἐὶς

450 1115 770 1177 seditiosus
801 1125 963 1178 esset
984 1117 1216 1178 occisus
1246 1116 1534 1187 Christus,
1570 1115 1864 1196 reliquum
1889 1124 2088 1176 eratut

2204 1108 2421 1196 ιεγάλην
2478 1108 2533 1165 δὲ
2590 1108 2809 1189 δωρεὰν,
2871 1109 3079 1169 δίδωσιν
3132 1113 3275 1187 αὗτῷ
3301 1116 3360 1171 τὸ
3390 1115 3547 1189 σῶμα
3575 1118 3603 1171 6
3656 1114 3842 1171 Πιλᾶ-

451 1204 782 1285 insepultus
816 1206 1025 1268 merito
1050 1206 1431 1283 abiiceretur.
1454 1203 1672 1266 Verum
1704 1190 1837 1265 cum
1866 1204 2089 1283 Ioseph

2203 1218 2287 1260 ος,
2359 1190 2450 1263 Ὠς
2509 1200 2607 1277 γὰρ
2652 1210 2969 1258 στασιαστοὺ
2997 1202 3384 1268 θανατωθέντος
3443 1210 3535 1261 τοῦ
3577 1209 3841 1282 Χριστοῦ,

446 1292 613 1354 dives
642 1302 819 1372 esset,
848 1295 1169 1357 verisimile
1195 1302 1280 1355 est
1315 1293 1471 1374 quod
1506 1293 1693 1357 Pilato
1738 1311 1943 1353 aurum
1977 1293 2084 1354 de-

2203 1287 2392 1352 ἰκότως
2449 1289 2509 1343 τὸ
2563 1290 2717 1362 σῶμα
2773 1291 2931 1347 αύτοῦ
3003 1288 3223 1365 ἔμελλεν
3307 1290 3504 1371 ἄταφον
3564 1292 3785 1371 ῥιφῆναι
3828 1310 3841 1322 ·

449 1380 622 1444 derit.
676 1382 931 1444 Proinde
962 1401 1176 1463 corpus
1208 1382 1362 1461 quod
1398 1391 1731 1460 acceperat,
1765 1381 2087 1443 honoriﬁce

2203 1373 2298 1431 λλν
2357 1378 2386 1431 6
2447 1376 2641 1455 Ἰωσὴφ
2702 1375 2957 1440 πλούσιος
3016 1380 3113 1457 ὢν,
3172 1381 3312 1444 εἰκὸς
3370 1379 3451 1436 ὅτι
3506 1382 3593 1437 καὶ
3637 1377 3841 1437 ἔδωκεν

448 1478 705 1531 tractans
728 1469 787 1531 in
822 1472 1095 1549 sepulcro
1125 1486 1272 1532 novo
1304 1471 1724 1542 recondidit,in
1758 1490 1874 1549 quo
1897 1470 2086 1531 nullus

2202 1465 2237 1518 iv
2281 1471 2356 1537 τῷ
2414 1463 2627 1539 Πιλάτῳ
2668 1467 2910 1544 χρυσίον.
2975 1468 3068 1524 Καὶ
3121 1466 3298 1525 λαϐὼν
3355 1474 3483 1544 τιμᾷ
3525 1472 3677 1543 αὐτο,
3725 1490 3840 1524 κα-

449 1577 709 1639 unquam
740 1560 965 1637 positus
995 1569 1118 1621 erat
1148 1578 1161 1622 :
1190 1560 1245 1621 id
1270 1579 1389 1639 quo
1418 1559 1622 1620 divina
1652 1559 2087 1641 dispensatione

2203 1555 2345 1617 desit;
2391 1553 2445 1608 ἐν
2489 1556 2734 1627 μνημείῳ
2790 1562 2981 1633 καινῷ,
3038 1556 3091 1611 ἐν
3149 1560 3195 1630 ᾧ
3225 1555 3429 1614 οὗδέπω
3486 1555 3651 1622 οὐδεὶς
3712 1556 3841 1613 ἑτέ-

444 1647 683 1725 factum,
722 1666 797 1709 ne
826 1668 957 1709 cum
992 1648 1727 1711 resurrexissetDominus.
1751 1649 2082 1729 possetquis

2199 1659 2244 1707 ιη
2278 1661 2292 1676 ⁸
2338 1648 2492 1699 τοῦτο
2549 1641 2603 1697 δὲ
2647 1644 2945 1718 οἰκονομίας
2988 1652 3120 1701 Θεοῦ
3149 1646 3238 1717 ἦν,
3297 1645 3390 1702 ἵνα
3430 1648 3530 1721 μὴ,
3566 1646 3837 1703 ἀναστάν-

446 1736 647 1799 dicere
668 1738 823 1817 quod
858 1739 1010 1800 alius
1039 1748 1175 1800 ante
1207 1758 1341 1798 eum
1374 1739 1639 1817 sepultus
1668 1738 1790 1799 iilic
1825 1749 2084 1798 mortuus

2199 1751 2264 1792 τος
2324 1737 2415 1786 τοῦ
2477 1731 2684 1810 Κυρίου,
2719 1730 2839 1811 ἔχοι
2870 1754 2952 1797 τις
2996 1735 3168 1789 εἰπεῖν
3218 1733 3298 1790 ὅτι
3354 1734 3515 1799 ἄλλος
3572 1735 3837 1813 πρότερον

444 1826 957 1887 τοδιιττθχίεεοιεθι
979 1827 1204 1888 idcirco
1227 1827 1338 1887 fuit
1368 1836 1812 1889 monumentum
1846 1845 2082 1889 novum.

2200 1820 2353 1898 ςαφεὶς
2411 1818 2526 1874 ἐκεῖ
2586 1822 2764 1897 νεκρὸς
2854 1821 3069 1887 ἀνέστη.
3138 1823 3235 1877 Διά
3290 1830 3445 1880 τοῦτο
3503 1826 3591 1879 οὗν
3646 1826 3838 1880 καινὸν

443 1915 627 1977 Maria
655 1924 848 1975 autem
882 1915 1246 1994 Magdalene,
1280 1924 1337 1977 et
1390 1916 1575 1978 altera
1618 1917 1822 1983 Maria.
1859 1917 1970 1976 hoc
2001 1915 2081 1977 esl

2194 1909 2235 1962 ὼ
2288 1921 2580 1982 μτημεῖον,
2631 1900 2692 1964 Ἠ
2752 1911 2923 1983 Μαρία
2954 1908 3006 1964 δὲ
3034 1912 3068 1976 ἡ
3104 1909 3456 1991 Μαγδαληνὴ,
3504 1914 3587 1969 καὶ
3614 1915 3651 1980 ἡ
3686 1911 3832 1978 ἄλλη

440 2002 693 2083 Deipara
727 2022 903 2084 quam
936 2024 1113 2084 supra
1165 2004 1393 2066 dixerat
1437 2006 1577 2066 lose
1636 2014 1693 2063 et
1724 2005 1923 2065 Jacobi
1958 2022 2078 2065 ma-

2191 1996 2370 2073 ﬂzpia,
2431 1996 2722 2075 τουτέστιν,
2794 1999 2827 2064 ἡ
2882 1999 3165 2071 Θεοτόκος,
3212 1999 3278 2067 ἢν
3338 2000 3586 2074 ἀνωτέρω
3633 2000 3829 2057 ἐκαλε-

445 2100 619 2163 trem,
680 2083 869 2155 ambae
924 2083 1274 2155 assederunt
1329 2093 1398 2154 ad
1452 2093 1810 2172 sepulturam
1849 2110 1862 2155 :
1897 2094 1974 2154 ita
2025 2102 2083 2155 ut

2189 2105 2261 2139 τεν
2303 2084 2464 2151 Ἰωσῆ
2510 2086 2599 2141 καὶ
2658 2083 2911 2143 Ἰακώϐου
2956 2087 3185 2167 μητέρα,
3234 2090 3385 2146 αὗται
3436 2092 3487 2145 αἱ
3557 2088 3647 2147 δύο
3690 2092 3827 2147 κάθ-

441 2200 575 2242 cum
608 2182 771 2243 furor
797 2181 1132 2244 Judaeorum
1167 2191 1448 2255 cessaret,
1483 2182 1715 2243 abirent
1742 2190 1799 2243 et
1828 2185 2079 2259 amplec-

2184 2195 2325 2239 motat.
2385 2174 2635 2230 ἀπέναντι
2720 2182 2814 2231 τοῦ
2901 2177 3067 2253 τάφου
3130 2175 3582 2255 προσεδρεύουσιι,
3660 2178 3822 2258 ὥστε,

440 2278 707 2332 terentur
736 2262 976 2351 corpus,
1008 2291 1075 2332 ac
1112 2271 1585 2351 iuungerent.De
1610 2270 1703 2332 his
1737 2270 2078 2333 mulieribus

2190 2265 2211 2317 ί
2266 2264 2525 2319 παιῖσαιτο
2574 2265 2608 2330 ἠ
2664 2264 2847 2337 μανία,
2904 2263 3157 2321 ἀπελθεῖν
3202 2268 3286 2322 καὶ
3343 2272 3693 2347 περιχυθῆναι
3750 2278 3828 2343 τῷ

443 2358 678 2421 dicebat
727 2360 905 2422 Isaias
941 2380 955 2419 :
991 2360 1270 2420 Mulieres
1322 2361 1628 2420 venientes
1658 2379 1691 2420 a
1719 2360 2081 2440 spectaculo,

2182 2352 2401 2425 πώματι,
2460 2353 2549 2407 καὶ
2593 2354 2803 2429 μυρίσαι
2862 2355 3010 2414 αὐτό.
3075 2357 3198 2433 Περὶ
3256 2361 3363 2411 τῶν
3412 2360 3664 2415 τοιούτων
3720 2382 3820 2436 γυ-

442 2449 806 2520 non,venite,
843 2469 959 2508 non
992 2450 1147 2509 enim
1176 2450 1425 2528 populus
1452 2434 1787 2510 esthabens
1818 2434 2080 2512 intellecé

2182 2447 2358 2496 mxth
2416 2439 2594 2517 ἔλεγεν
2672 2434 2894 2503 Ἠσαίας
2932 2459 2945 2472 ⁸
3029 2448 3283 2508 Γυναῖκες
3355 2444 3640 2523 ἐρχόμεναι
3714 2434 3820 2503 ἀπὸ

438 2547 585 2600 tum.
636 2538 947 2601 Manifeste
989 2539 1250 2615 loquitur
1282 2539 1356 2600 de
1411 2539 1657 2601 Judaico
1706 2540 1947 2620 populo,
1981 2541 2076 2619 qui

2177 2528 2307 2606 Ξέας,
2371 2528 2517 2584 δεῦτε
2552 2544 2565 2558 ⁸
2608 2532 2667 2585 οὗ
2708 2531 2807 2609 γὰρ
2836 2530 2964 2593 λαός
2998 2529 3139 2587 ἐστιν
3183 2531 3331 2612 ἔχων
3378 2536 3605 2591 σύνεσιν.
3638 2542 3815 2592 Φανε-

437 2626 812 2687 cruciﬁxerat
841 2626 1174 2701 Dominum,
1214 2627 1367 2706 quod
1400 2645 1513 2688 non
1552 2616 2075 2692 habent'intel'e'c-

2174 2620 2268 2693 ονῦς
2329 2620 2428 2697 γὰρ
2486 2621 2603 2696 περὶ
2658 2626 2749 2675 τοῦ
2808 2616 3101 2677 Ἰουδαϊκοῦ
3157 2620 3288 2677 λαού
3328 2633 3419 2681 τοῦ
3471 2626 3812 2703 σταυρώσαν-

438 2724 587 2777 tum.
622 2715 881 2776 Advocat
906 2716 1082 2792 igitur
1116 2705 1491 2788 mulieres,ut
1525 2717 1802 2797 populum
1836 2718 2076 2797 quidem

2167 2728 2255 2767 τος
2312 2709 2402 2761 τὸν
2466 2707 2681 2785 Κύριον,
2717 2705 2862 2785 λέγει
2895 2707 2975 2762 ὅτι
3020 2711 3115 2766 οὒκ
3157 2707 3338 2787 ἔχουσι
3382 2710 3610 2769 σύνεσιν.
3645 2716 3785 2788 Προσ

434 2804 742 2865 intellectu
776 2813 1073 2865 carentem
1126 2794 1637 2886 derelinquerent,
1685 2807 1755 2866 ad
1789 2794 2072 2885 apostolos

2168 2795 2406 2851 καλεῖται
2483 2795 2570 2850 οὖν
2623 2796 2813 2858 ταύτας
2872 2794 3193 2871 καταλεῖψαι
3249 2797 3345 2870 μὲν
3415 2799 3503 2853 τὸν
3557 2797 3806 2854 ἀσύνετον

439 2903 633 2954 autem
680 2894 1057 2968 accederent,
1109 2903 1167 2955 et
1196 2894 1312 2954 iliis
1342 2883 1797 2956 resurrectionis
1826 2883 2076 2975 evange-

2162 2884 2312 2963 λαὸν,
2370 2884 2683 2960 προσελθεῖν
2726 2883 2781 2941 δὲ
2840 2899 2958 2948 τοῖς
3002 2885 3337 2966 ἀποστόλοις,
3396 2888 3481 2942 καὶ
3524 2886 3799 2964 εὐαγγελίο

435 2982 578 3042 lium
615 2983 1022 3061 praedicarent.
1988 2974 1995 2975 ί

1988 2974 1995 2975 ί
2162 2977 2348 3029 σασθαι
2380 2979 2563 3038 αὒτοῖς
2594 2974 2693 3041 τὴν
2726 2975 3031 3034 ἀνάστασιν.

516 3051 698 3133 Vens.
736 3071 954 3135 62-66.
998 3070 1269 3133 «Postera
1299 3080 1494 3133 autem
1527 3072 1623 3136 die
1657 3092 1787 3153 qua:
1815 3051 2137 3154 sequiturc

2246 3083 2278 3119 ε
2310 3070 2387 3138 Τῇ
2419 3061 2472 3117 δὲ
2502 3061 2772 3140 ἐπαύριον,
2806 3062 2924 3130 ἥτις
2968 3062 3077 3120 ἐστὶ
3108 3068 3244 3139 μετά
3301 3070 3400 3133 τὴν
3445 3066 3805 3144 Παρασκευὴν,

437 3163 823 3230 Parasceven,
859 3170 1264 3223 convenerunt
1292 3161 1591 3241 principes
1619 3153 1989 3223 sacerdotum
2020 3172 2075 3224 et

2172 3154 2458 3221 τυνήθησαν
2537 3153 2582 3206 οἱ
2665 3153 2940 3232 ἀρχιερεῖς
3031 3157 3121 3210 καὶ
3189 3159 3235 3211 oi
3311 3161 3597 3235 Φαρισαῖοι
3680 3157 3810 3231 πρὸς

434 3250 717 3311 Pharisaei
747 3251 817 3311 ad
841 3248 1116 3320 Pilatum,
1147 3238 1417 3312 dicentes
1450 3268 1463 3313 :
1490 3238 2072 3323 ‘Domine,recordati

2172 3240 2408 3314 Πιλᾶτον,
2468 3238 2714 3318 λέγοντες
2749 3258 2764 3273 ⁶
2818 3243 2993 3322 Κύριε,
3072 3243 3415 3319 ἐμνήσθημεν
3470 3242 3550 3300 ὅτι
3605 3246 3810 3306 ὶκεῖνος

433 3356 639 3400 sumus
661 3339 816 3420 quod
844 3339 1130 3419 impostor
1154 3340 1252 3401 ille
1280 3340 1426 3401 dixit
1455 3341 1649 3403 adhuc
1683 3340 1898 3413 vivens,
1936 3343 2071 3403 Post

2182 3360 2185 3381 ι
2241 3328 2437 3391 πλανος
2492 3330 2647 3385 εἶπεν
2678 3328 2753 3385 ἔτι
2784 3337 2887 3399 ζῶν
2924 3350 2935 3362 ·
3005 3333 3151 3387 Μετά
3193 3346 3341 3410 τρεῖς
3370 3332 3572 3412 ἡμέρας
3604 3331 3820 3410 ἐγείρου,

431 3436 554 3488 tres
584 3417 711 3490 dies
737 3417 1062 3505 resurgam.
1116 3430 1262 3491 lube
1313 3448 1452 3506 ergo
1486 3430 1703 3492 muniri
1734 3432 2069 3510 sepulcrum

2170 3440 2277 3481 ιαι,
2337 3417 2593 3476 Κέλευσον
2648 3421 2737 3475 οὖν
2793 3419 3178 3488 ἀσφαλισθῆναι
3228 3424 3319 3478 τὸν
3348 3425 3511 3502 τάφον
3557 3422 3659 3486 ἕως
3712 3422 3808 3490 τῆς

435 3535 620 3595 usque
652 3518 713 3577 in
741 3516 898 3578 diem
934 3517 1194 3592 tertium,
1230 3536 1303 3581 ne
1332 3518 1569 3598 quando
1626 3507 1862 3579 veniant
1887 3520 2070 3581 disci-

2174 3514 2339 3585 τρίτης
2394 3508 2621 3587 ἡμέρας,
2695 3510 2905 3581 μήποτε
2963 3507 3203 3572 ἐλθόντες
3262 3512 3308 3566 oi
3379 3513 3622 3598 μαθηταὶῄ
3653 3510 3812 3571 αὺτοῦ

431 3594 555 3684 puli
586 3606 717 3684 ejus
750 3614 1021 3675 uoctu,et
1050 3606 1319 3668 furentur
1340 3594 1500 3681 eum,
1535 3607 1853 3688 dicantque
1890 3608 2069 3688 plebi,

2170 3599 2369 3668 νυκτὸς,
2432 3594 2702 3670 κλέψωσιν
2745 3596 2925 3670 αὗτὸν,
2960 3599 3045 3653 καὶ
3092 3598 3285 3654 εἴπωσι
3334 3603 3410 3674 τῷ
3442 3598 3575 3675 λαῷ,
3612 3596 3808 3678 Ἠγέρ-

430 3692 746 3757 Surrexita
773 3695 1016 3755 mortuis
1051 3716 1064 3755 :
1105 3696 1293 3756 eterit
1314 3695 1669 3756 novissimus
1714 3684 2068 3777 error'pejor

2172 3690 2224 3750 in
2285 3684 2391 3740 ἀπὸ
2448 3691 2554 3740 τῶν
2628 3691 2825 3761 νεκρῶν
2859 3703 2873 3718 ·
2922 3688 3009 3743 καὶ
3066 3685 3212 3743 ἔσται
3280 3689 3315 3756 ἡ
3361 3688 3570 3768 ἐσχάτη
3627 3686 3810 3754 πλάνη

2241 3773 2250 3783 .
2435 3773 2459 3783 -
2623 3774 2633 3783 .
2802 3764 2873 3783 ..ν
3045 3775 3058 3783 .
3238 3779 3249 3783 -
3374 3777 3387 3783 -
3590 3777 3627 3783 --

436 3782 653 3861 priore.
694 3782 792 3844 Ait
824 3782 942 3845 illis
990 3784 1208 3845 Pilatus
1248 3785 1531 3847 :Habetis
1587 3772 1939 3867 custodiam,
1970 3772 2073 3862 ite,

2174 3773 2355 3853 χείρων
2399 3773 2496 3841 τῆς
2527 3774 2769 3852 πρώτης.
2802 3772 2961 3853 ’Ἐφη
3006 3775 3187 3838 αὐτοῖς
3232 3779 3259 3833 6
3306 3777 3553 3843 Πιλᾶτος·
3590 3777 3812 3856 ’Ἔχετε

432 3860 657 3933 munite
688 3873 841 3933 sicut
874 3872 1157 3935 scitis.llli
1191 3884 1386 3935 autem
1420 3874 1710 3936 abeuntes
1738 3860 2070 3936 munierunt

2171 3860 2503 3941 κωυστοδίαν,
2561 3863 2814 3943 ὑπάγετε,
2896 3863 3252 3942 ἀσφαλίσασθε
3327 3868 3401 3929 ὡς
3460 3864 3665 3926 οἴδατε.
3746 3868 3809 3924 Oi

430 3961 1113 4042 sepulcrum,obsignato
1143 3963 1653 4043 lapide.adhibitis
1668 3963 2068 4030 custodibus.)

2174 3949 2216 4006 ΒΞ
2263 3952 2599 4029 πορευθέντες
2654 3952 3013 4030 ἠσφαλίσαντο
3076 3954 3169 4009 τὸν
3250 3954 3435 4034 τάφον,
3494 3954 3812 4033 σφραγίσαν-

431 4038 558 4112 Non
587 4038 849 4111 nominat
881 4038 1220 4130 Sabbatum,
1253 4052 1573 4113 Sabbatum
1611 4074 1624 4115 :
1670 4072 1741 4115 eo
1772 4054 1925 4133 quod
1961 4073 2069 4114 mm

2171 4062 2248 4103 τες
2292 4042 2381 4095 τὸν
2426 4038 2564 4095 λίθον
2623 4042 2756 4115 μετά
2811 4046 2908 4107 τῆς
2962 4039 3307 4106 κουστωδίας.
3341 4066 3364 4098 ι
3428 4044 3535 4100 Οὐκ
3561 4042 3809 4118 ὀνομάζει

436 4147 561 4200 erat
593 4136 911 4200 Sabbatum
938 4125 1218 4220 quantum
1236 4141 1306 4203 ad
1328 4141 1665 4203 Judaeorum
1684 4125 1968 4204 insaniam
1984 4152 2074 4205 at-

2169 4131 2221 4185 τὸ
2279 4125 2571 4207 Σάϐϐατον,
2635 4126 2928 4204 Σάϐϐατον,
3000 4127 3132 4185 διότι
3195 4128 3311 4185 οὔδε
3370 4127 3640 4186 Σάϐϐατον
3713 4129 3807 4199 ἦν,

432 4226 837 4291 tinebat.Cum
864 4216 1020 4289 enim
1046 4230 1137 4292 lex
1165 4230 1481 4312 principiat
1518 4236 1738 4313 nequis
1760 4252 1823 4294 se
1850 4241 2070 4294 moveat

2173 4218 2283 4275 ἶσον
2338 4216 2422 4273 ἐπὶ
2478 4223 2545 4291 τῇ
2615 4219 2774 4288 κακίᾳ
2830 4223 2935 4274 τῶν
2994 4216 3256 4276 Ἰουδαίων
3298 4236 3311 4249 ·
3359 4226 3449 4275 τοῦ
3491 4221 3590 4298 γὰρ
3644 4218 3811 4293 νόμου

429 4318 528 4378 die
553 4316 837 4378 Sabbatia
854 4317 983 4379 loco
1015 4306 1641 4399 suo.pra2varicatores
1656 4321 1839 4383 Judaei
1860 4322 2067 4382 vadunt

2220 4307 2554 4385 αγορεύοντος
2618 4312 2687 4382 τῇ
2736 4306 2911 4385 ἡμέρᾳ
2976 4315 3067 4365 τοῦ
3136 4306 3407 4365 Σαϐϐάτου
3471 4306 3673 4383 μηδένα
3726 4329 3858 4379 κι-ν

431 4406 504 4467 ad
554 4406 947 4485 alienigenam
1011 4368 1288 4479 Pilatium,
1325 4418 1380 4470 et
1441 4430 1555 4470 non
1611 4410 1680 4470 ad
1744 4430 2069 4490 congrega—

2260 4368 2271 4385 .
2314 4368 2324 4385 .
2663 4368 2687 4382 ,ν
2760 4368 2787 4381 -ι
2848 4368 2900 4385 ..
3471 4368 3483 4383 .
3538 4368 3550 4375 -

2171 4401 2360 4453 νεῖσθαι
2407 4396 2467 4451 ἐκ
2525 4402 2617 4451 τοῦ
2658 4396 2824 4451 τόπου
2872 4397 3052 4472 αὑτοῦ,
3113 4400 3159 4454 οἱ
3213 4395 3506 4476 παράνομοι
3561 4394 3809 4453 Ἰουδαῖοι

432 4494 653 4558 tionem
688 4483 862 4575 quam
899 4497 988 4557 lex
1024 4497 1418 4577 permittebat.
1442 4498 1513 4561 Et
1545 4500 1655 4579 ipsi
1687 4483 1927 4580 quidem
1969 4483 2070 4561 sua

2173 4489 2289 4565 πρὸς
2346 4488 2439 4541 τὸν
2506 4483 2801 4564 ἀλλόφυλον
2872 4486 3102 4544 Πιλᾶτον
3147 4488 3483 4566 συνάγονται,
3554 4486 3669 4541 ἀντὶ
3709 4488 3811 4550 τῆς

432 4584 652 4645 malitia
694 4572 1051 4663 i—nstigantur
1082 4594 1143 4647 ut
1178 4587 1394 4647 vadant
1441 4588 1509 4649 ad
1542 4572 1811 4658 Pilatum,
1846 4597 1905 4649 et
1938 4609 2070 4649 mu-

2170 4574 2541 4650 νενομισμένης
2615 4572 2896 4639 συνάξεως.
2950 4574 3098 4631 Ἀλλ’
3146 4577 3340 4632 ἐκεῖνοι
3400 4575 3496 4650 μὲν
3551 4576 3651 4630 ὑπὸ
3708 4577 3808 4641 τῆς

432 4672 599 4733 niant
651 4662 1026 4750 sepulcrum:
1059 4675 1165 4736 Dei
1227 4685 1423 4736 autem
1480 4676 1922 4756 dispensatione
1961 4679 2070 4739 hoc

2171 4667 2357 4721 ἑαυτῶν
2414 4669 2675 4717 κινοῦνται
2732 4666 2987 4742 πονηρίας
3045 4666 3118 4729 εἷς
3156 4666 3217 4719 τὸ
3246 4662 3556 4735 προσελθεῖν
3584 4669 3660 4735 τῷ
3706 4668 3809 4717 [lt-

428 4761 672 4841 factum,
699 4770 758 4822 ut
776 4765 1137 4824 resurrectio
1157 4764 1414 4824 inimicis
1438 4750 1685 4827 testibus
1718 4766 2066 4845 comprobe-

2172 4756 2326 4829 Ka'rcrp,
2378 4754 2465 4809 καὶ
2523 4750 2907 4828 ἀσφαλίσασθαι
2964 4754 3055 4810 τὸν
3106 4755 3269 4833 τάφον
3345 4760 3476 4809 Θεοῦ
3503 4750 3557 4807 δὲ
3599 4753 3810 4809 οἰκονο-

431 4848 696 4921 tur,dum
716 4851 1054 4931 sepulcrum
1086 4852 1350 4912 munitur
1377 4842 2069 4917 etcustoditurJnterro-

2172 4848 2255 4902 ai:
2306 4851 2483 4909 τοῦτο,
2545 4844 2633 4895 ’ἱνα
2690 4843 2724 4908 ἡ
2776 4842 3059 4906 ἀνάστασις
3141 4844 3349 4919 γένοιτο
3402 4843 3502 4897 ὑπὸ
3582 4842 3810 4919 μάρτυσι

430 4938 666 5019 gatioue
700 4930 896 5000 autem
930 4940 1366 5019 dignumunde
1394 4942 1578 5003 Judaei
1615 4942 1881 5004 sciebant
1905 4943 2068 5006 Chri-

2174 4949 2277 4997 τοῖς
2365 4932 2607 5011 ἐχθροῖς,
2682 4932 2768 4985 καὶ
2842 4931 3257 5011 ἐσφραγισμένου
3326 4932 3417 4987 τοῦ
3479 4930 3642 5008 τάφου
3720 4939 3812 4992 καὶ

428 5014 581 5090 stum
602 5029 887 5092 tertiodie
913 5014 1691 5092 resurrecturum?Nondu-t-
1718 5034 1873 5093 cnim
1892 5032 2066 5094 Domi-

2172 5020 2556 5105 φυλαττομένου
2591 5034 2603 5047 ⁸
2665 5017 2806 5084 ἀξιον
2886 5018 2940 5075 δὲ
2996 5026 3223 5091 ζητῆσαι
3268 5019 3425 5075 πόθεν
3468 5022 3515 5075 οἱ
3559 5014 3810 5076 Ἰουδαῖοι

435 5136 546 5178 nus
576 5118 735 5181 nude
762 5128 818 5181 et
842 5118 1152 5180 manifeste
1178 5119 1261 5180 eis
1294 5120 1404 5182 hoc
1453 5121 1703 5184 dixerat.
1728 5120 1855 5184 Dici
1893 5130 2073 5202 potest

2167 5115 2413 5190 μαθόντες
2475 5110 2632 5166 εἷπον
2690 5107 2769 5164 ὅτι
2824 5117 2890 5186 τῇ
2977 5111 3123 5189 τρίτῃ
3178 5108 3348 5187 aqua”
3416 5107 3755 5188 ἐγερθήσεται
3793 5124 3805 5136 ⁸

434 5206 592 5287 quod
626 5226 660 5267 a
684 5209 869 5287 ﬁgura
917 5205 1083 5269 J0me
1132 5210 1534 5288 cognoverint,
1574 5199 1908 5290 praesertim
1945 5230 2072 5272 cum

2171 5210 2223 5263 οὔ
2280 5204 2377 5281 γὰρ
2422 5200 2592 5271 δήπου
2648 5204 2676 5258 6
2726 5200 2913 5279 Κύριος
2958 5201 3083 5256 εἷπε
3137 5207 3292 5257 τοῦτο
3336 5201 3517 5279 σαφῶς
3560 5199 3647 5253 καὶ
3705 5219 3809 5274 γυ-

432 5285 701 5357 Christus
730 5285 982 5359 dixerit:
1024 5323 1049 5351 α
1088 5285 1251 5359 Sicut
1277 5298 1457 5362 Jonas
1504 5285 1611 5362 fuit
1650 5300 1836 5362 tribus
1866 5298 2070 5361 diebus

2174 5300 2331 5368 ανῶς.
2397 5291 2591 5349 ”Εστιν
2623 5291 2711 5348 οὖν
2741 5292 2911 5346 εἰπεῖν
2965 5289 3044 5345 ὅτι
3100 5292 3205 5346 ἀπὸ
3234 5295 3326 5345 τοῦ
3381 5285 3812 5365 παραδείγματος

430 5382 490 5443 in
521 5393 729 5447 ventre
771 5386 911 5463 ceti,
959 5384 1038 5446 ita
1066 5394 1121 5446 et
1153 5405 1261 5466 ego
1316 5387 1375 5448 in
1418 5399 1622 5451 ventre
1671 5396 1848 5451 terrae
1876 5390 2006 5461 69';
2044 5413 2068 5443 ι

2173 5394 2253 5441 τοῦ
2310 5384 2460 5438 Ἰωνᾶ
2491 5381 2642 5436 τοῦτο
2700 5380 2936 5458 ἔγνωσαν
2971 5394 2984 5408 °
3034 5380 3160 5435 εἶπε
3208 5379 3308 5456 γὰρ
3356 5379 3384 5431 6
3417 5377 3665 5456 Χριστὸς,
3726 5372 3811 5431 ὅτι

424 5471 559 5533 163
606 5474 695 5536 vel
745 5493 813 5535 ex
866 5474 967 5536 illo
1018 5463 1418 5553 quod'dixit:
1460 5501 1483 5534 ι
1523 5478 1745 5541 Solvite
1790 5478 2062 5562 templun

2174 5498 2194 5528 ι
2243 5465 2461 5549 ’Ὠσπερ
2520 5472 2699 5532 Ἰωνᾶς
2758 5471 2825 5533 ἦν
2868 5482 3015 5543 τρεῖς
3064 5468 3265 5547 ἡμέρας
3323 5467 3377 5521 ἐν
3420 5471 3487 5541 τῇ
3519 5463 3690 5535 κοιλίᾳ
3717 5471 3812 5520 τοῦ

504 5643 596 5694 09‘
630 5644 831 5707 Matth.
869 5660 975 5723 ιη,
1000 5643 1098 5705 ιο.
