4148 6290
416 359 545 422 479

1393 356 1994 423 THEOPHYLACTI
2034 357 2447 421 BULGAHIE
2474 354 2833 420 ARCHIEP.

3832 346 3996 413 480

422 488 555 549 culo
588 487 746 548 enim
802 497 863 548 et
907 488 1033 549 dies
1079 496 1232 548 totus
1284 495 1675 549 numeratur:
1724 506 1865 550 ecce
1896 493 2070 554 tertio

2186 493 2526 571 πιφωσκοοὲσῃ
2583 493 2656 556 εἰς
2718 494 2840 565 μίαν
2917 489 3202 548 Σαϐϐάτων
3237 507 3250 524 ⁸
3301 514 3326 545 ν
3389 491 3501 547 ἀπὸ
3593 488 3759 566 γὰρ
3865 494 3982 544 τοῦ

423 578 580 639 diem
604 586 661 637 et
684 587 940 640 noctem.
972 579 1144 639 Potes
1161 587 1219 638 et
1239 579 1410 639 aliter
1428 588 1550 637 tres
1572 579 1701 639 dies
1723 598 2069 644 numerare:

420 669 487 728 In
523 668 840 725 Parasceve
892 665 1129 726 tradidit
1161 665 1453 745 spiritum.
1498 684 1638 727 ecce
1672 686 1852 727 unum
1888 670 2070 732 diem.

422 752 678 817 Sabban
703 755 761 815 in
789 755 1064 835 sepulcro
1090 755 1371 827 tuit,ecce
1392 755 1692 817 secundus
1714 755 1863 818 dies.
1890 757 2074 821 Nocte

420 842 746 905 Dominicaz
774 844 1097 904 resurrexit
1125 862 1139 919 ;
1176 863 1207 903 a
1239 854 1401 925 parte
1432 844 1614 923 igitur
1644 858 1989 908 numeratur
2019 857 2076 911 et

427 933 737 996 Dominica
770 934 826 993 in
857 932 1036 993 alium
1071 934 1251 1002 diem,
1292 941 1348 993 et
1379 934 1456 995 ita
1488 942 1608 994 tres
1640 935 1768 995 dies
1805 954 1817 997 :
1855 956 1986 998 nam
2022 948 2077 998 ct

425 1021 502 1084 de
524 1022 816 1083 defunctis
842 1022 1117 1095 dicimus,
1153 1023 1201 1083 si
1226 1041 1377 1084 unus
1408 1022 1693 1084 moriatur
1720 1027 1878 1087 circa
1908 1026 2075 1088 deci-

427 1130 583 1196 mam
626 1112 832 1173 horam
864 1113 899 1174 d
930 1113 1007 1196 ei,
1044 1121 1103 1173 et
1131 1113 1283 1196 alter
1300 1114 1459 1196 circa
1486 1112 1732 1196 primam
1767 1116 1897 1194 ejus
1928 1116 2073 1196 diei,

427 1191 581 1273 quod
614 1198 867 1272 uterque
897 1192 1106 1253 eodem
1142 1192 1239 1253 die
1269 1192 1343 1253 sit
1378 1201 1667 1255 mortuus.
1695 1191 1940 1256 Possum
1971 1191 2077 1261 tibi

427 1287 485 1339 et
515 1279 688 1341 aliam
721 1298 957 1341 causam
989 1281 1194 1342 dicere
1219 1281 1517 1361 quomodo
1549 1292 1667 1342 tres
1710 1282 1840 1344 dies
1867 1294 1923 1345 et
1958 1295 2077 1347 tres

429 1377 634 1429 noctes
662 1371 1339 1431 numerentur.Attende
1362 1368 1568 1448 igitur:
1602 1368 1817 1443 Quinta
1834 1391 2079 1453 vespera

427 1456 575 1519 fecit
609 1458 893 1520 Dominus
924 1475 1180 1531 caenam,
1207 1473 1267 1520 et
1290 1458 1603 1539 discipulis
1630 1459 1818 1522 dixit:
1853 1487 1879 1517 ε
1905 1463 2079 1525 Acci-

432 1545 574 1626 pite,
610 1556 667 1609 et
697 1547 994 1608 comedite
1025 1565 1241 1628 corpus
1271 1566 1464 1608 meum
1501 1569 1514 1610 :
1556 1572 1582 1604 ι
1618 1558 1673 1610 et
1702 1550 1781 1611 ita
1813 1552 1946 1627 quia
1969 1572 2077 1632 po-

434 1643 704 1697 testatem
730 1635 983 1697 habebat
995 1654 1217 1717 ponere
1232 1636 1490 1697 animam
1507 1656 1671 1699 suam
1686 1641 2077 1711 ,manifastum

429 1724 586 1807 quod
628 1735 784 1807 tunc
836 1726 1229 1787 immolaverit
1272 1727 1555 1805 seipsum,
1591 1746 1657 1789 ex
1693 1749 1810 1807 quo
1845 1732 2083 1793 tradidit

436 1794 745 1885 discipulis
767 1825 980 1887 corpus
1002 1824 1171 1866 suum
1203 1828 1215 1868 :
1244 1794 1417 1867 nemo
1444 1794 1599 1867 enim
1619 1794 1935 1891 quidquam
1962 1812 2086 1873 edit
2108 1794 2145 1843 Β

433 1892 544 1955 nisi
578 1895 742 1974 prius
768 1905 1080 1956 mactatum
1107 1895 1284 1956 fuerit
1315 1898 1575 1959 Numera
1608 1898 1781 1975 igitur
1815 1921 1827 1961 :
1855 1903 2084 1980 vesperi

432 1983 675 2045 tradidit
705 2003 920 2064 corpus
962 2004 1159 2047 suum.
1211 1984 1333 2046 Nox
1368 1984 1466 2046 illa
1500 1994 1558 2045 et
1594 1987 1722 2047 dies
1766 1987 2083 2052 Parasceve

433 2090 620 2151 usque
639 2072 712 2132 ad
737 2082 958 2135 sextam
987 2074 1360 2141 horam.eccc
1376 2094 1555 2135 unum
1573 2075 1725 2136 diem
1753 2089 1805 2135 et
1824 2089 2080 2144 noctem.

436 2162 655 2223 Iterum
688 2180 722 2221 a
752 2170 913 2223 sexta
946 2163 1090 2224 hora
1122 2164 1383 2224 tenebrae
1426 2182 1617 2245 usque
1646 2164 1717 2225 ad
1753 2184 1992 2238 nonam,
2028 2178 2086 2230 et

435 2270 469 2310 a
515 2269 671 2311 nona
718 2251 813 2312 lux
864 2270 1051 2332 usque
1104 2253 1172 2311 ad
1220 2270 1552 2331 vesperam,
1588 2273 1728 2317 ecce
1759 2257 2084 2319 secundum

437 2336 592 2400 diem
628 2348 686 2399 et
718 2351 980 2401 noctem.
1018 2338 1233 2401 lterum
1291 2361 1401 2401 nox
1437 2351 1566 2421 post
1616 2345 1996 2406 Parascewm
2030 2356 2088 2407 et

437 2426 566 2487 dies
588 2426 851 2500 Sabbati,
882 2447 1024 2491 ecce
1050 2430 1288 2490 tertium
1310 2428 1466 2490 diem
1492 2438 1548 2491 et
1571 2432 2087 2495 noctem.Sabbato

437 2524 636 2578 autem
669 2520 902 2596 vesperi
931 2523 1253 2580 resurrexit
1281 2536 1301 2587 ;
1353 2538 1492 2580 ecce
1525 2529 1646 2581 tres
1699 2522 1909 2601 integri
1940 2524 2089 2599 {dies

439 2615 501 2665 et
544 2614 773 2669 noctes.
802 2606 932 2670 Jam
965 2609 1123 2689 quod
1159 2609 1432 2682 angelum
1466 2608 1775 2672 Matthaeus
1809 2612 1961 2673 dixit
1991 2632 2087 2672 se-

439 2694 583 2755 dere
613 2714 793 2774 super
826 2696 1048 2776 lapide,
1082 2699 1315 2760 Marcus
1344 2708 1544 2760 autem
1588 2701 1860 2762 revoluto
1893 2702 2088 2782 lapide

442 2784 652 2845 sedere
686 2785 744 2845 in
774 2785 997 2847 dextris
1050 2787 1201 2846 intra
1234 2787 1594 2866 sepulcrum,
1632 2789 1898 2870 nunquid
1933 2791 2090 2851 inter

444 2889 509 2932 se
540 2872 860 2935 dissident?
880 2875 1123 2935 Minime
1157 2895 1168 2934 :
1200 2874 1303 2936 sed
1330 2876 1627 2937 vvrsimile
1650 2880 2095 2958 estapparuisse

444 2961 696 3038 primum
729 2964 1002 3041 angelum
1036 2963 1342 3025 sedentem
1377 2983 1559 3043 super
1588 2966 1783 3046 lapide
1817 2988 1831 3027 :
1879 2967 2096 3029 deinde

2158 578 2339 659 ὄρθρου
2396 582 2481 636 καὶ
2525 582 2557 646 ᾖ
2603 579 2776 656 ἡμέρα
2818 580 2918 646 ὅλη
2954 581 3276 658 ἀριθμεῖται·
3327 576 3435 635 ἰδυύ
3467 579 3735 657 τρίτον
3781 576 3969 648 ἡμε-

2158 670 2447 746 ρ’)νύκτιον,
2508 670 2605 725 Καὶ
2676 667 2851 731 ἄλλως
2930 667 2984 723 δὲ
3056 667 3268 724 δύνασαι
3350 668 3737 744 ἀριθμῆσαι
3846 665 3965 725 τὰς

2158 771 2301 834 τρεῖς
2360 757 2562 835 ἡμέρας
2596 776 2609 789 ·
2646 761 2722 833 Τῇ
2768 762 3076 835 παρασκευῇ
3132 754 3404 827 παρέδωκε
3462 759 3526 811 τὸ
3618 760 3953 834 πνεῦμα,

2158 848 2251 920 μία
2298 846 2426 911 αὕτη
2487 846 2659 919 ἡμέρα
2695 864 2707 877 ⁸
2757 852 2834 919 τῷ
2868 842 3123 916 Σαϐϐάτῳ
3152 845 3219 910 ἦν
3279 844 3332 899 ἐν
3375 851 3451 917 τῷ
3482 844 3735 923 τάφῳ,
3789 840 3952 897 δου-

2157 935 2280 1005 τέρα
2342 932 2471 1000 αὕτη
2527 934 2699 1013 ἡμέρα
2733 949 2746 962 ·
2804 940 2871 1009 τῇ
2900 932 2955 989 δὲ
2988 934 3129 989 νυκτὶ
3160 936 3259 1001 τῆς
3294 933 3569 1012 Κυριακῆς
3620 931 3944 1004 ἀνέστη,

2160 1022 2265 1079 ἀπὸ
2324 1023 2513 1101 μέρους
2571 1022 2657 1079 οὖν
2720 1023 3021 1101 ἀριθμεῖται
3067 1023 3155 1078 καὶ
3201 1023 3236 1091 ἡ
3272 1022 3509 1100 Κυριακὴ
3540 1021 3655 1085 εἰς
3701 1017 3943 1085 ἔλλην

2156 1112 2360 1190 ⁴ἡμέραν
2395 1128 2409 1142 ⁸
2472 1111 2606 1168 ὥστε
2662 1110 2771 1169 ίδοὺ
2821 1125 2967 1191 τρεῖς
3027 1111 3225 1191 ἡμέραι
3262 1132 3276 1148 ·
3324 1114 3409 1168 καὶ
3466 1112 3573 1189 γὰρ
3646 1111 3939 1191 καὶ-ἰπὶ

2158 1206 2264 1256 τῶν
2308 1199 2742 1275 κεκοιμημένων,
2816 1201 2908 1258 ἰὰν
2966 1200 3202 1277 ἀποθάνῃ
3260 1221 3337 1262 τις
3399 1200 3517 1277 περὶ
3598 1182 3931 1266 δεκέτην

2160 1290 2300 1369 ὥραν
2354 1294 2453 1356 τῆς
2506 1288 2731 1370 ἡμέρας,
2770 1290 2858 1345 καὶ
2904 1288 3082 1367 ἕτερος
3139 1291 3253 1368 περὶ
3281 1289 3499 1367 πρώτην
3528 1289 3733 1368 ὥραν
3794 1291 3927 1354 τῆς

2161 1381 2323 1445 αὐτῆς
2354 1376 2579 1455 ἡμέρας,
2642 1378 2930 1459 ἀμφότεροι
2992 1377 3046 1432 ἐν
3104 1384 3171 1453 τῇ
3230 1382 3364 1453 αὐτῇ
3413 1377 3591 1457 ἡμέρα
3636 1376 3920 1455 λέγον-

2158 1488 2245 1523 ται
2297 1469 2556 1527 τεθνάναι,
2616 1464 2796 1547 ’Ἒχω
2847 1488 2930 1524 σοι
2974 1467 3062 1521 καὶ
3120 1464 3294 1533 ἄλλην
3336 1467 3501 1522 αἰτίαν
3532 1468 3768 1522 εἰπεῖν
3812 1467 3915 1527 εἰς

2161 1563 2338 1635 τοῦτο,
2396 1557 2510 1619 πῶς
2570 1567 2711 1632 τρεῖς
2742 1553 2935 1632 ἡμέραι
2981 1556 3070 1610 καὶ
3110 1567 3257 1632 τρεῖς
3288 1555 3468 1617 νύκτες
3511 1554 3907 1634 ἀριθμηθή-

2162 1667 2366 1706 σονται,
2430 1644 2669 1723 Πρόσεχε
2727 1657 2811 1700 οῖν
2845 1662 2863 1679 ο
2911 1648 2989 1719 Τῇ
3031 1643 3252 1719 πέμπτῃ
3308 1643 3530 1721 ἑσπέρας
3588 1643 3909 1709 ἐποίησα

2165 1736 2226 1790 τὸ
2256 1732 2473 1789 δεῖπνον
2502 1735 2529 1787 ὃ
2566 1734 2775 1811 Κύριος,
2808 1733 2895 1788 καὶ
2926 1745 3041 1790 τοῖς
3074 1736 3342 1807 μαθηταῖς
3394 1730 3545 1810 ἔλεγε
3577 1747 3595 1764 ’
3642 1756 3678 1788 ο
3738 1733 3856 1788 Λά
3882 1764 3906 1779 ο

2168 1819 2310 1895 ὄετε,
2370 1822 2565 1901 φάγετε
2608 1822 2668 1876 τὸ
2709 1820 2865 1895 σῶμά
2918 1843 3021 1896 μου
3051 1837 3069 1854 ⁸
3134 1844 3160 1874 ι
3224 1820 3362 1876 ὥστε
3418 1820 3531 1876 ί,πεὶ
3582 1819 3900 1887 ἐξουσίαν

2168 1915 2324 1989 εἶχεν
2352 1910 2443 1990 ἀφ’
2474 1911 2660 1965 ἑαυτου
2709 1913 2879 1965 θεῖναι
2925 1910 3023 1977 σὴν
3077 1910 3261 1989 ψυχὴν
3303 1910 3483 1983 αὐτοῦ,
3518 1908 3691 1977 δῆλον
3779 1910 3898 1965 ὅτε

2166 1999 2346 2055 ἔκτοτε
2405 1997 2699 2077 ἀπέσφαξεν
2758 1999 2968 2075 ἑαυτὸν,
3027 1997 3116 2078 ἀφ’
3176 1998 3235 2055 οὗ
3290 1996 3505 2056 διεδίδου
3561 2012 3691 2062 τοῖς
3780 2003 3895 2056 οἶ·-

2164 2088 2325 2151 κείοις
2384 2091 2651 2163 μαθηταῖς
2712 2089 2772 2143 τὸ
2812 2094 2967 2162 σῶμα
3004 2106 3015 2118 ⁸
3082 2085 3243 2152 οὐδεὶς
3288 2088 3388 2166 γὰρ
3435 2088 3591 2145 έσθίει
3625 2110 3714 2158 τι,
3756 2088 3890 2144 ἐὰν

2170 2178 2248 2253 μὴ
2307 2179 2559 2256 πρότερον
2610 2176 2941 2257 ὶσφαγμένον
2996 2172 3113 2241 εἴη,
3187 2173 3506 2255 ’Λρίθμησον
3565 2179 3678 2232 οὖν·
3770 2183 3884 2253 Τῇ

2172 2266 2362 2344 ἑσπέρᾳ
2393 2264 2517 2343 (3ίι)
2547 2262 2761 2321 διεδίδου
2803 2268 2864 2321 τὸ
2921 2266 3119 2321 οίγεῖον
3176 2270 3334 2341 σῶμα
3366 2281 3380 2294 ⁸
3436 2266 3471 2331 ἡ
3503 2263 3587 2331 νὺξ
3616 2264 3872 2336 έκείνη,

2172 2359 2257 2412 καὶ
2298 2359 2333 2425 ἡ
2392 2357 2563 2435 ἡμέρα
2604 2356 2704 2424 «ua;
2749 2359 3089 2435 Hzpzaxsuﬁc
3145 2352 3273 2435 ἄχρι
3334 2359 3432 2424 τῆς
3463 2355 3622 2423 ἕκτης
3654 2354 3870 2434 ὥρας,

2170 2444 2276 2501 ἰδοὺ
2334 2448 2387 2503 ἓν
2438 2446 2813 2524 ἡμερονύκτιον
2847 2460 2865 2480 ⁶
2900 2443 3059 2500 πάλιν
3090 2447 3148 2499 τὸ
3177 2446 3284 2501 ἀπὸ
3333 2451 3431 2512 τῆς
3476 2445 3637 2513 ἕκτης
3684 2446 3873 2524 ὥρας

2172 2536 2360 2599 σκότος
2410 2535 2510 2598 ἕως
2563 2535 2657 2602 τῆς
2689 2534 2932 2609 ἐννάτης,
2964 2535 3051 2589 καὶ
3080 2536 3141 2590 τὸ
3173 2534 3278 2591 ἀπὸ
3308 2540 3403 2600 τῆς
3446 2536 3669 2601 ὶννάτης
3711 2539 3867 2613 φεῦς

2171 2622 2271 2688 ἕως
2328 2630 2425 2691 τῆς
2481 2624 2728 2702 ἑσπέρας,
2773 2622 2881 2680 ἰδοὺ
2926 2620 3161 2701 δεύτερον
3193 2623 3569 2701 ἡμερονόκτιον
3606 2638 3620 2653 '
3654 2625 3688 2691 ἡ
3737 2620 3867 2687 νὺξ

2170 2713 2327 2769 πάλιν
2379 2716 2412 2781 ἡ
2458 2713 2592 2789 μετὰ
2620 2712 2719 2778 τὴν
2752 2711 3115 2791 Παρασκευὴν,
3148 2712 3232 2767 καὶ
3260 2712 3293 2779 ἡ
3337 2710 3509 2789 ἡμέρα
3542 2718 3635 2767 τοῦ
3666 2707 3863 2764 Σαϐ-

2175 2801 2357 2883 ϐάτου,
2415 2801 2521 2859 ἰδοὺ
2578 2802 2749 2880 τρίτον
2806 2801 3201 2879 ἡμερονύκτιον,
3266 2794 3522 2870 Σαϐϐάτῳ
3590 2797 3645 2853 δὲ
3714 2798 3842 2871 ὀψὲ

2178 2893 2371 2959 ἀνέστη
2409 2910 2423 2925 ·
2467 2894 2582 2971 τρία
2634 2897 2798 2947 ταῦτα
2856 2886 3124 2971 ὁλόκληρα
3169 2887 3539 2971 ἡμερονύγτια.
3593 2888 3714 2971 '1‘va
3762 2884 3844 2941 δί

2180 2971 2404 3049 ἄγγελον
2461 2965 2511 3025 δ’
2549 2971 2643 3047 μὲν
2701 2973 2971 3031 Ματθαῖος
3020 2965 3124 3047 ἔφη
3176 2970 3426 3033 καθῆσθαι
3457 2966 3511 3021 έν
3539 2971 3617 3038 τῷ
3644 2965 3772 3038 λίθῳ
3814 2980 3836 2994 ⁶

438 3050 913 3130 ingredientibus
947 3053 1295 3115 mulieribus
1325 3054 1535 3133 praeire
1566 3056 1865 3134 angelum,
1903 3068 1958 3117 et
1983 3058 2091 3117 ite-

2186 3063 2207 3116 ὁ
2251 3060 2305 3116 δὲ
2364 3062 2570 3138 Μάρκος
2630 3057 3017 3116 ἆποκυλίσαντα
3060 3059 3151 3113 τὸν
3195 3055 3357 3135 λίθον,
3390 3053 3536 3112 ἔνδον
3564 3064 3659 3114 τοῦ
3685 3077 3837 3130 μνη-

441 3158 572 3201 rum
596 3142 940 3221 apparuisse
962 3142 1265 3204 sedentem
1296 3142 1355 3202 in
1376 3143 1650 3222 sepulcro
1669 3145 1762 3221 (α)
1785 3163 1819 3205 a
1844 3146 2088 3206 dextris.

443 3228 601 3291 Dixit
630 3238 824 3292 autem
857 3232 926 3292 ad
953 3232 1234 3293 mulieres
1272 3252 1284 3294 :
1319 3230 1404 3293 Ne
1438 3235 1775 3295 terreamini
1801 3253 1902 3295 vos
1935 3256 1949 3306 2,
1983 3236 2092 3295 hoc

443 3326 551 3380 est.
590 3317 878 3382 Custodes
907 3320 1143 3400 quidem
1197 3320 1358 3398 digni
1412 3330 1548 3381 sunt
1599 3322 1701 3401 qui
1731 3332 2090 3391 terreantur,

441 3426 544 3469 vos
594 3417 792 3469 autem
840 3410 1144 3488 discipula:
1194 3409 1452 3473 Domini.
1505 3428 1580 3472 ne
1628 3412 1994 3472 terreamini.
2026 3411 2096 3479 Et

444 3503 751 3575 postquam
806 3496 1074 3559 liberavit
1123 3514 1225 3557 eas
1279 3514 1313 3556 a
1366 3506 1548 3571 metu,
1606 3500 1963 3576 evangelizat
2014 3500 2099 3561 eis

443 3585 969 3647 resurrectionem.
1020 3584 1278 3646 Primum
1339 3586 1498 3647 enim
1553 3587 1824 3648 timorem
1878 3588 2098 3667 ejicere

446 3672 775 3753 oportebat.
814 3683 871 3736 et
914 3675 1131 3735 deinde
1162 3674 1583 3752 evangelizare.
1626 3677 1757 3737 Non
1799 3676 2098 3738 erubescit

445 3771 640 3825 antem
676 3765 986 3825 nominare
1037 3763 1351 3825 Dominum
1394 3764 1768 3826 cruciﬁxum.
1802 3765 2099 3827 Gloriatur

450 3854 609 3916 enim
644 3872 820 3916 cruce
871 3864 1146 3933 tanquam
1209 3859 1454 3931 tropaeo,
1506 3872 1622 3932 quo
1673 3853 1846 3916 nobis
1901 3857 2099 3916 omnia

446 3943 604 4005 bona
636 3942 953 4006 conciliata
983 3951 1141 4005 sunt.

2176 3152 2322 3225 μείου
2380 3151 2657 3223 καθῆσθαι,
2690 3148 2744 3203 ἐν
2786 3160 2902 3210 τοῖς
2942 3145 3133 3211 δεξιοῖς
3169 3164 3185 3180 ·
3243 3144 3324 3223 ἆρ’
3381 3147 3467 3201 οὖν
3497 3143 3835 3222 ἰναντιοφω-

2177 3245 2348 3295 νοῦσιν
2381 3258 2397 3317 ς
2445 3239 2579 3311 Οὐψί
2611 3252 2625 3266 ⁸
2661 3234 2780 3317 ἀλλ’
2811 3236 2949 3299 εἰκός
2973 3235 3092 3317 ’ἐστι
3122 3238 3349 3317 φανῆναι
3372 3238 3585 3317 πρῷτον
3611 3232 3699 3288 τόν
3728 3229 3831 3308 ἄγ.

2177 3318 2334 3397 γελον
2381 3311 2677 3392 καθήμενον
2733 3316 2788 3372 ἐν
2843 3320 2938 3387 τῷ·
2972 3311 3147 3387 λίθῳ,⁷
3193 3316 3315 3369 εἶτα
3346 3311 3689 3369 είσελθουσῶν
3720 3318 3827 3368 τῶν

2180 3413 2467 3486 γυναικῶν,
2526 3406 2778 3484 προάγειν
2820 3406 2908 3459 τὸν
2978 3401 3226 3481 ἄγγελον,
3274 3402 3362 3457 καὶ
3404 3400 3565 3457 πάλιν
3601 3404 3833 3481 φανῆναι

2183 3497 2331 3559 ἐντὸς
2389 3504 2482 3553 τοῦ
2552 3495 2808 3571 μνημείου
2851 3495 3146 3568 καθήμενον
3187 3491 3241 3547 έν
3287 3503 3402 3556 τοῖς
3440 3487 3654 3555 δεξιοῖς.
3690 3489 3831 3547 Elin

2180 3582 2235 3640 δὲ
2265 3586 2395 3661 πρὸς
2439 3585 2532 3647 τὰς
2577 3594 2833 3661 γυναῖκας
2868 3597 2881 3612 ⁸
2919 3588 3006 3649 Mi;
3035 3577 3280 3661 φοϐεῖσθε
3325 3580 3504 3657 ὃμεῖς,
3536 3576 3830 3658 τουτέστιν,

2182 3676 2242 3729 Ol
2286 3673 2383 3749 μὲν
2426 3672 2653 3753 φύλακες
2695 3670 2826 3736 ἄξιοί
2877 3672 2975 3726 εἰσι
3017 3665 3317 3750 φοϐεῖσθαι·
3371 3669 3527 3741 ὑμεῖς
3557 3665 3611 3723 δὲ
3644 3669 3693 3721 αἱ
3738 3675 3834 3725 τοῦ

2184 3764 2368 3842 Κυρίου
2425 3763 2731 3840 μαθήτριαι,
2795 3760 2873 3835 μὴ
2921 3755 3191 3838 φοϐεῖσθε.
3239 3754 3365 3812 Μεθ’
3395 3757 3424 3811 ὃ
3453 3755 3508 3811 δὲ
3540 3755 3826 3811 ἀπαλλάτ-

2180 3872 2259 3908 τει
2313 3851 2472 3914 αὐτὰς
2529 3856 2621 3905 τοῦ
2663 3847 2832 3921 δέους,
2890 3844 3279 3925 εὐαγγελίζεται
3329 3842 3516 3908 αὐταῖς
3559 3844 3657 3909 τὴν
3688 3842 3830 3897 ἀνά-

2183 3963 2390 4002 στασιν,
2451 3937 2617 3997 ’Ἔδει
2666 3939 2765 4018 γὰρ
2813 3937 3065 4015 πρότερον
3123 3930 3369 3990 ἰκϐαλεῖν
3424 3935 3487 3988 τὸ
3524 3930 3664 4012 δέος,
3708 3931 3834 3987 εἶτα

452 4032 905 4111 εὐαγγελίσασθαι.
983 4036 1088 4092 Οὐκ
1146 4036 1452 4115 αἰσχύνεται
1512 4034 1565 4090 δὲ
1626 4035 2019 4106 ἐσταυρωμένοι
2076 4032 2348 4105 ὀνομάζων
2406 4031 2497 4084 τὸν
2550 4029 2758 4107 Κύριον.
2820 4033 2906 4101 Τῷ
2988 4025 3087 4102 γὰρ
3130 4028 3337 4101 σταυρῷ
3432 4021 3610 4100 ὥσπερ
3682 4041 3813 4093 τρο·-

448 4124 589 4197 παίῳ
619 4126 717 4178 τινὶ
764 4124 1118 4203 ὲγκαυχᾶται,
1153 4125 1323 4181 πάντά
1354 4125 1420 4181 τὰ
1451 4126 1620 4202 ἁγαθᾶ
1664 4122 2034 4200 προεξενηγοτι
2065 4124 2224 4196 ἡμῖν,

529 4213 926 4285 νειιδ.9,10.α
950 4213 1093 4275 Cum
1119 4221 1314 4274 autem
1340 4213 1529 4275 issent
1554 4221 1610 4273 at
1633 4211 2094 4274 renuntiandum
2123 4226 2162 4275 ι)

446 4302 755 4383 discipulis
785 4302 935 4382 ejus,
972 4320 1115 4364 ecce
1162 4303 1333 4364 Jesus
1385 4304 1649 4364 occurrit
1691 4300 1810 4361 illis
1845 4300 2054 4361 dicens
2089 4324 2102 4367 :

448 4392 656 4455 Avete.
689 4392 809 4455 Illa;
829 4399 1019 4452 autem
1038 4400 1448 4461 accesserunt,
1487 4399 1545 4452 et
1577 4398 1899 4453 tenuerunt
1929 4388 2112 4469 pedes

449 4481 603 4560 ejus,
638 4490 698 4542 et
748 4480 1144 4542 adoraverunt
1199 4499 1359 4541 eum.
1412 4481 1579 4543 Tunc
1621 4481 1701 4541 ait
1736 4479 1854 4539 illis
1883 4475 2059 4539 Jesus
2093 4495 2107 4539 :

448 4568 643 4632 Nolite
667 4569 881 4647 timere
916 4591 928 4632 :
979 4570 1083 4642 ite,
1133 4569 1474 4630 renuntiate
1526 4567 1805 4631 fratribus
1837 4567 2008 4636 meis,
2044 4577 2107 4625 ut

450 4669 587 4722 eant
614 4660 673 4720 in
705 4657 1027 4739 Galilream,
1063 4666 1121 4720 et
1171 4658 1252 4720 ibi
1287 4676 1382 4719 me
1414 4658 1720 4719 videbunt.
1768 4682 1791 4713 ι
1834 4656 1967 4716 1Θῦ
1997 4655 2105 4717 Di-

450 4751 531 4812 cit
573 4748 967 4811 mulieribus:
1004 4750 1205 4810 Avete.
1267 4746 1555 4820 Quoniam
1607 4747 1765 4807 enim
1813 4745 2107 4827 mutiebre

452 4856 639 4919 genus
656 4838 726 4899 ad
752 4837 1044 4899 tristitiam
1071 4838 1533 4899 condemnatum
1551 4835 1980 4907 fuit,Dominus
2002 4852 2108 4914 per

446 4929 953 4993 resurrectionem
1027 4945 1190 4988 suam
1256 4925 1536 5005 gaudium
1602 4924 1792 4985 attulit
1846 4925 2107 4986 femineo

450 5017 707 5091 sexui,et
729 5016 1034 5080 benedixit
1057 5021 1253 5079 eis.At
1276 5016 1391 5077 illae
1422 5033 1542 5096 prae
1575 5016 1755 5075 multa
1776 5013 2110 5074 reverentia

450 5117 509 5171 et
528 5108 760 5170 honore
784 5114 841 5166 et
856 5116 1102 5187 propter
1118 5108 1397 5187 pietatem
1416 5107 1601 5185 pedes
1617 5104 1746 5183 ejus
1764 5111 2109 5167 tenent.non

450 5197 740 5259 andantes
769 5196 943 5257 aliam
977 5196 1247 5275 corporis
1270 5203 1493 5274 partem
1528 5193 1901 5271 contingere,
1936 5210 2110 5270 quam

452 5297 748 5349 extremas
782 5286 940 5349 illas.
968 5286 1220 5358 Quidam
1250 5293 1446 5345 autem
1473 5282 1681 5344 dicunt
1707 5281 1905 5343 dedita
1934 5300 2116 5361 opera

2270 4234 2292 4265 α
2348 4202 2439 4274 Ὠς
2471 4207 2523 4264 δὲ
2554 4208 2898 4286 έκπορεύοντο
2927 4201 3253 4281 ἀπαγγεῖλαι
3296 4214 3413 4262 τοῖς
3445 4203 3713 4275 μαθηταῖς
3747 4200 3839 4253 αὐ-

2190 4308 2300 4373 τοῦ,
2361 4301 2447 4355 καὶ
2490 4296 2597 4353 ἰδοὺ
2641 4299 2668 4352 ὁ
2702 4293 2927 4367 Ἰησοῦς,
2988 4294 3294 4361 ἀπήντησεν
3352 4291 3565 4360 αὐταῖς,
3613 4287 3786 4365 λέγων
3816 4301 3834 4317 °

2192 4388 2434 4467 Χαίρετε.
2499 4389 2555 4443 Δί
2612 4384 2691 4459 δὲ,
2750 4382 3128 4462 προσελθοῦσαι
3170 4380 3470 4467 ὲκρατησαν
3519 4377 3677 4433 αὐτοῦ
3718 4376 3839 4467 τὼς

2194 4466 2382 4554 πόδας,
2441 4476 2527 4531 καὶ
2581 4474 2990 4554 προσεκύνησαν⁸
3030 4472 3194 4543 αὐτῷ,
3248 4467 3377 4526 Τότε
3406 4466 3550 4543 λέγει
3582 4466 3767 4528 αὐταῖς
3810 4466 3837 4518 ὃ

2194 4551 2401 4632 Ἰησοῦ-ς
2436 4580 2448 4593 ⁶
2511 4551 2918 4642 L1+jv?0651005.
2977 4551 3258 4637 Ὑπάγετε,
3305 4554 3664 4634 ἀπαγγείλατε
3721 4565 3839 4642 τοῖς

2192 4653 2440 4733 ἀδελφοῖς
2484 4675 2585 4729 μου
2635 4641 2726 4706 ἵνα
2788 4648 3085 4707 ἀπέλθωσιν
3139 4648 3212 4711 εἰς
3269 4646 3367 4711 τὴν
3396 4643 3703 4722 Γαλιλαίαν,
3736 4641 3834 4697 κᾶ-

2192 4757 2281 4800 κεῖ
2327 4731 2393 4818 με
2423 4742 2664 4817 ὄψονται.
2701 4765 2729 4795 ι
2760 4746 3069 4819 Προσφωνεῖ
3103 4749 3224 4797 ταῖς
3255 4731 3451 4813 γυναιξὶ
3481 4736 3566 4813 τὸ,
3597 4736 3835 4810 Χαίρετε.

2197 4832 2344 4890 Ἐπεὶ
2400 4834 2499 4911 γὰρ
2558 4834 2620 4887 τὸ
2650 4841 2951 4909 γυναικεῖον
3002 4826 3152 4905 γένος
3199 4824 3476 4883 λυπεῖσθαι
3534 4820 3836 4901 κατεκρίθη,

2198 4925 2225 4978 ὀ
2283 4923 2467 5000 Κύριος
2510 4918 2594 4979 διὰ
2647 4920 2743 4987 τῆς
2802 4916 3140 4977 ἀναστάσεως
3172 4912 3329 4969 αὐτοῦ
3356 4912 3456 4979 τὴν
3500 4912 3673 4992 χαρὰν
3704 4931 3839 4989 προσ

2200 4999 2410 5077 εξένησε
2468 5017 2544 5085 τῷ
2592 5008 2874 5087 γυναικείῳ
2935 5004 3094 5083 ¹γένει,
3168 5004 3256 5057 καὶ
3314 4999 3602 5078 εὐλόγησεν
3658 4999 3837 5064 αὐτάς,

2201 5102 2291 5156 Διὸ
2346 5099 2545 5155 ἐκεῖναι
2603 5086 2708 5154 ἆπὸ
2778 5102 2875 5162 τῆς
2931 5091 3140 5159 πολλῆς
3211 5092 3327 5166 περὶ
3368 5091 3525 5146 αὐτὸν
3553 5086 3727 5151 αἰδοῦς
3756 5089 3843 5144 καὶ

2196 5194 2379 5266 τιμῆς,
2442 5189 2562 5250 τοὺς
2620 5185 2783 5249 πόδας
2831 5188 2985 5242 αὐτον
3027 5188 3297 5259 κρατοῦσι,
3332 5176 3401 5235 δι’
3434 5174 3707 5238 εὐλάϐειαν
3767 5179 3841 5251 μὴ

2196 5265 2470 5355 τολμώσαι
2524 5276 2685 5332 ἄλλοι)
2730 5275 2920 5353 μέρους
2951 5279 3043 5328 τοῦ
3071 5270 3320 5346 σώματος
3379 5265 3630 5345 ἅψασθαι,
3678 5266 3722 5321 εί
3766 5266 3841 5339 μὴ

1411 5417 1495 5482 Ex
1527 5417 1848 5480 collatione
1879 5411 2054 5479 codd.
2102 5413 2319 5477 Venet.
2370 5410 2436 5472 S.
2471 5407 2676 5469 Marci.

551 5553 685 5635 (36)
716 5551 840 5617 Cod
884 5554 963 5617 30
990 5559 1058 5630 τῇ
1088 5553 1331 5629 πέμπτῃ,
1368 5550 1615 5628 έσπέρας,

542 5686 630 5769 (ο)
667 5685 829 5751 Edit.
877 5687 1010 5750 Lut.
1044 5684 1239 5759 vertit,
1272 5678 1752 5765 ingredientibus
1776 5678 2129 5741 mulieribus
2142 5677 2370 5758 praire
2397 5674 2706 5749 mulieres,
2738 5682 2799 5736 et
2824 5674 3041 5735 uerum
3072 5667 3433 5751 apparuisse
3461 5664 3528 5725 in
3554 5662 3848 5743 sepulcro.
