4106 6280
530 326 669 391 »483

1503 322 2095 389 THEOPHYLACTI
2139 321 2551 386 BULGARI/E
2595 319 2941 383 ARCHIEP.

3859 305 3975 370 484

546 458 675 520 dies
698 458 1100 538 quadraginta,
1124 457 1417 521 accedens
1436 464 1495 518 et
1514 456 1869 527 abscedens,
1898 476 2015 516 non
2038 474 2181 518 sem-

2276 476 2380 510 νων
2410 470 2426 486 ⁸
2474 452 2730 517 πολλάκις
2789 454 2890 530 γὰρ
2919 453 3088 531 ἐφάνη
3131 455 3339 527 αὺτοῖς,
3371 450 3438 509 δι’
3488 453 3748 527 ἠμαρῶν
3784 464 3975 538 usus

548 562 655 628 per
677 557 734 608 et
753 546 970 626 ubique
984 546 1072 617 eis
1094 565 1148 627 pr
1169 564 1379 610 azsens.
1406 545 1695 608 Undecim
1720 545 1895 623 igitur
1916 544 2191 625 discipuli

548 634 933 715 illipraacipui
958 653 1089 695 cum
1117 634 1649 715 reliquisomr-ihus
1669 638 1764 715 qui
1791 632 2195 714 sequebantur

543 721 1201 795 Christum,adorabant
1224 742 1356 784 eum
1392 721 1462 783 lli
1489 733 1681 785 autem
1706 721 2193 801 dubitarunt,hoc

545 821 635 873 est
659 811 922 890 quidam.
967 810 1338 875 dubitarunt.
1375 811 1689 874 Probabile
1718 822 1806 873 est
1828 812 1984 890 quod
2012 812 2096 871 sic
2117 811 2193 871 sit

542 900 1018 978 intelligendum.
1056 898 1342 962 Undecim
1373 901 1650 962 abierunt
1682 901 1741 961 in
1774 900 2100 979 Galilaeam,
2135 909 2191 960 et

543 987 818 1049 undecim
844 988 1240 1049 adoraverunt
1263 988 1431 1051 illum
1464 988 1837 1063 Hiautem,id
1862 992 2186 1072 est,aliqui,

539 1076 692 1138 forte
732 1095 799 1137 ex
844 1077 937 1138 his
968 1079 1068 1158 qui
1112 1097 1179 1139 ex
1226 1080 1596 1159 septuaginta
1627 1088 1816 1152 erant,
1850 1078 1925 1141 de
1951 1082 2188 1150 Christo

541 1165 926 1229 dubitarunt:
966 1176 1167 1245 postea
1215 1179 1410 1229 autem
1466 1177 1521 1228 et
1565 1168 1897 1231 conﬁrmati
1928 1170 2186 1232 fuerunt.

538 1252 824 1315 Nonnulli
848 1256 933 1316 sic
950 1256 1287 1335 intelligunt
1306 1258 1459 1337 quod
1477 1257 1784 1319 Matthzeus
1805 1258 2045 1338 quidem
2072 1278 2188 1321 non

538 1343 899 1423 expresserit
922 1344 1160 1424 quinam
1196 1344 1561 1407 dubitassem
1602 1363 1616 1406 :
1663 1345 1818 1425 quod
1851 1357 2045 1406 autem
2082 1349 2189 1411 iste

538 1431 761 1505 omisit,
784 1434 1043 1495 Joannes
1066 1433 1233 1508 dixit,
1265 1452 1479 1513 nempe
1504 1434 1659 1512 quod
1686 1432 1944 1496 Thomas
1965 1437 2187 1498 essetis

536 1519 640 1599 qui
659 1518 970 1581 dubitarat.
999 1521 1173 1583 Forte
1194 1533 1388 1582 autem
1414 1530 1470 1581 et
1499 1541 1707 1583 omnes
1731 1522 2098 1597 dubitarunt,
2124 1526 2182 1586 id

538 1609 692 1688 quod
725 1609 912 1670 Lucas
934 1610 1095 1672 dicit.
1131 1610 1327 1671 Debes
1351 1611 1523 1688 igitur
1545 1611 1628 1670 sic
1654 1610 2007 1690 intelligere,
2027 1615 2183 1694 quod

537 1715 669 1758 cum
697 1697 994 1759 venissent
1027 1698 1445 1779 in‘Gnlilzeam,
1469 1700 1860 1762 adoraverunt
1901 1720 2059 1766 eum.
2095 1703 2182 1766 illi
2209 1745 2244 1795 η

536 1796 735 1849 autem
758 1788 855 1867 qui
880 1789 1201 1850 adorarunt
1220 1787 1816 1870 inGalilzea,primum
1834 1790 2184 1860 dubitarunt

536 1876 595 1936 in
617 1872 971 1951 Jerusalem,
1000 1875 1153 1938 sicut
1181 1879 1373 1939 Lucas
1397 1876 1561 1939 dicit.
1595 1877 1849 1939 Locutus
1871 1886 1959 1939 est
1989 1879 2184 1960 itaque

531 1964 654 2025 illis
678 1965 849 2025 Jesus
875 1982 887 2026 :
932 1990 957 2019 α
987 1964 1129 2027 Data
1151 1974 1240 2026 est
1266 1964 1412 2027 mihi
1440 1966 1637 2027 omnis
1673 1977 1931 2047 potestas
1952 1970 2010 2028 in
2033 1969 2183 2030 cmlo

540 2060 598 2114 et
620 2052 677 2112 in
700 2061 921 2114 terra.»
947 2052 1069 2116 Hoc
1091 2054 1330 2135 quidem
1355 2054 1511 2116 hunc
1524 2074 1765 2117 sensum
1790 2055 2184 2119 habet-Habui

537 2141 778 2222 quidem
802 2142 957 2204 sicut
997 2142 1152 2204 Deus
1179 2152 1237 2204 et
1266 2142 1475 2222 Opifex
1501 2154 1847 2223 potestatem
1871 2146 2134 2206 omnium
2171 2165 2186 2206 :

540 2257 566 2288 ε
592 2227 807 2309 Omnia
831 2232 988 2293 enim
1007 2232 1273 2293 serviunt
1298 2232 1403 2291 tibi
1428 2233 1509 2308 Ἡ,
1540 2258 1565 2288 ι
1594 2233 1739 2294 dixit
1767 2234 1838 2295 ad
1870 2237 2056 2298 Deum
2080 2233 2188 2296 Da-

534 2321 676 2386 vid:
726 2324 830 2385 sed
891 2320 1281 2382 voluntariam
1344 2321 1773 2400 subjectionem
1829 2342 1944 2383 non
1981 2323 2180 2398 habui,

536 2430 710 2492 quam
764 2429 922 2472 nunc
972 2410 1283 2470 habiturus
1314 2428 1466 2470 sum.
1508 2407 1786 2489 Subiecta
1817 2412 1975 2471 enim
2011 2425 2187 2473 erunt

535 2502 680 2562 mihi
711 2499 950 2562 omnia:
987 2499 1220 2579 quando
1249 2499 1489 2577 quidem
1522 2516 1629 2578 per
1661 2518 1898 2562 crucem
1926 2500 2185 2562 vicieum

536 2589 637 2669 qui
681 2598 1030 2668 potestatem
1083 2586 1338 2648 habebat
1370 2588 1597 2648 mortis.
1648 2591 1870 2668 Duplex
1907 2590 2065 2650 enim
2101 2597 2190 2652 est

536 2678 874 2739 obedientia
901 2685 959 2738 et
994 2676 1285 2755 subjectio
1314 2696 1328 2736 :
1363 2676 1759 2738 involuntaria
1805 2679 2052 2754 scilicet,
2087 2696 2187 2741 se-

536 2768 799 2828 cundum
828 2785 997 2848 quam
1024 2782 1232 2826 omnes
1248 2780 1451 2827 sumus
1470 2768 1621 2827 servi
1646 2766 1960 2846 Dei,etiam
1988 2770 2185 2859 inviti,

538 2857 1033 2936 quemadmodum
1092 2864 1151 2917 et
1198 2855 1501 2915 daamones
1529 2856 1689 2935 ipsi:
1747 2868 1806 2917 et
1837 2855 2184 2933 voluntaria,

525 2946 826 3023 quomodo
863 2945 1073 3005 Paulus
1143 2954 1269 3005 erat
1300 2962 1515 3006 servus
1565 2945 1803 3007 Christi.
1841 2947 1984 3008 Cum
2023 2948 2188 3026 prius

2276 543 2501 622 ράκοντα
2586 542 2933 622 ἐφιστάμενος
3011 544 3099 597 καὶ
3178 540 3339 597 πάλιν
3417 539 3859 621 ἀφιστάμενος,
3922 535 3977 588 οὗ

2273 635 2499 691 πάντοτε
2570 635 2657 690 καὶ
2711 630 2888 689 διόλου
2956 632 3139 696 αὑτοῖς
3184 633 3505 712 συμπαρών,
3539 631 3613 689 Οἱ
3658 627 3765 683 οὗν
3795 622 3975 681 ἕνδεκα

2276 727 2506 797 μαθηταὶ
2564 726 2611 778 οἱ
2689 731 2995 801 κορυφαῖοι,
3071 721 3162 777 σὺν
3218 735 3336 785 τοῖς
3411 720 3659 782 λοιποῖς
3753 716 3971 775 πάντως

2275 811 2439 867 ἅπασι
2506 824 2623 875 τοῖς
2682 808 3055 889 ἀκολουθοῦσι,
3109 816 3186 885 τῷ
3247 816 3456 888 Χριστῷ
3502 806 3971 888 προσεκύνησαν·

2274 901 2318 956 oi
2376 898 2432 955 δὲ
2486 898 2779 957 ἐδίστασαν·
2867 898 2979 955 ἀντὶ
3060 908 3176 979 τοῦ,
3261 900 3402 963 τινὲς
3483 897 3551 954 δὲ
3655 892 3971 952 ἐδίστασαν.

2275 990 2429 1052 Εἰκὸς
2488 990 2575 1046 οὗν
2632 988 2773 1046 οὕτω
2843 991 3094 1056 νοηθῆναι
3130 1004 3144 1018 ⁸
3192 990 3251 1046 Oi
3321 986 3503 1045 ἕνδεκα
3555 986 3831 1063 μαθηταὶ
3859 981 3975 1037 ima

2274 1079 2528 1155 ρεύθησαν
2573 1079 2644 1141 εἷς
2688 1078 2788 1143 τὴν
2838 1075 3142 1152 Γαλιλαίαν,
3183 1078 3271 1134 καὶ
3325 1078 3767 1156 προσεκύνησαν
3831 1071 3975 1143 αὒτῷ

2275 1167 2321 1222 οἱ
2365 1162 2570 1225 ἕνδεκα.
2634 1168 2692 1223 Οἱ
2735 1164 2813 1236 δὲ,
2865 1164 2977 1221 ἀντὶ
3015 1173 3126 1240 τοῦ,
3180 1166 3319 1229 τινὲς
3376 1163 3454 1241 δὲ,
3505 1166 3707 1245 τυχὸν
3758 1161 3829 1218 ἐκ
3866 1167 3971 1217 τῶν

2275 1254 2664 1332 ἑϐδομήκοντα,
2710 1253 2981 1313 ἐδίστασαν
3041 1257 3158 1333 περὶ
3221 1266 3315 1316 τοῦ
3356 1262 3618 1334 Χριστοῦ.
3682 1245 3970 1329 ’¹Υστερον

2274 1344 2460 1421 μέντοι
2489 1342 2885 1407 ὶϐεϐαιώθνισαν
2928 1346 3016 1402 καὶ
3073 1345 3240 1403 αὐτοί.
3288 1346 3437 1409 Τινὲς
3485 1343 3542 1400 δὲ
3578 1343 3747 1400 οὕτω
3809 1349 3968 1398 νοοῦ-

2274 1457 2379 1506 σιν,
2426 1436 2507 1489 ὸτι
2564 1435 2591 1489 ό
2650 1434 2749 1508 μὲν
2802 1436 3071 1496 Ματθατος
3121 1434 3358 1513 παρῆκεν
3408 1435 3587 1489 εἰπεῖν
3621 1434 3785 1494 τίνες
3830 1428 3967 1497 ἦσαν

2268 1525 2315 1577 οἱ
2354 1520 2709 1585 ·διστάσαντες
2745 1537 2760 1551 ⁸
2810 1521 2838 1577 ὃ
2892 1518 2949 1576 δὲ
3006 1526 3244 1600 παρῆκεν
3292 1524 3467 1599 οὗτος,
3502 1525 3679 1578 εἶπεν
3713 1523 3747 1576 ὁ
3783 1518 3966 1576 ἰωάν-

2267 1632 2386 1683 νης,
2422 1609 2502 1666 ὅτι
2534 1617 2728 1685 Θωμᾶς
2757 1612 2825 1677 ἦν
2867 1612 2895 1666 ὁ
2920 1608 3177 1673 διστάσας
3210 1626 3227 1643 ⁸
3290 1613 3459 1690 τυχὸν
3510 1609 3568 1666 δὲ
3608 1610 3712 1667 καὶ
3759 1609 3964 1668 πάντες

2266 1697 2535 1756 ἐδίστασαν
2569 1716 2585 1731 ⁸
2645 1698 2775 1779 ὅπερ
2817 1700 2847 1756 ό
2902 1705 3106 1762 Λουκᾶς
3148 1697 3319 1777 λέγει.
3374 1698 3648 1779 Ὀφεὶλεις
3683 1701 3787 1754 οὖν
3818 1696 3960 1755 οὕτω

2265 1794 2476 1863 νοῆσαι,
2537 1788 2616 1843 ὅτι
2677 1788 2749 1851 εἰς
2806 1787 2903 1863 μὶν
2958 1788 3054 1855 τὴν
3122 1786 3406 1844 Γαλιλαίαν
3448 1787 3740 1861 ἐλθόντες,
3778 1805 3959 1864 προσ·-

2268 1878 2526 1944 εκύνησαν
2582 1877 2724 1950 αὖτῷ
2756 1891 2773 1909 ⁸
2819 1877 2966 1933 οὗτοι
3012 1874 3067 1931 δὲ
3134 1879 3181 1931 οἱ
3237 1880 3719 1955 προσκυνήσαντες
3782 1874 3844 1930 iv
3886 1878 3956 1948 τῇ

2268 1963 2545 2041 Γαλιλαία,
2607 1960 2879 2021 ίδίστασαν
2948 1966 3199 2045 πρότερον
3277 1966 3332 2022 iv
3416 1972 3485 2043 τῇ
3545 1957 3950 2045 Ἰερουσαλὴμ,

2267 2060 2340 2120 ὡς
2398 2058 2427 2113 δ
2484 2062 2686 2119 Λουκᾶς
2738 2078 2924 2136 φησιν.
2950 2055 3245 2123 Ἐλάλησεν
3277 2057 3367 2113 οὖν
3395 2061 3578 2120 αὐτοῖς
3630 2059 3666 2113 ὁ
3699 2056 3945 2129 Ἰησοῦς,

2269 2146 2350 2203 ὅτι
2388 2165 2412 2201 ε
2449 2142 2640 2211 Ἐδόθη
2672 2167 2762 2221 μοι
2787 2152 2930 2202 πᾶσα
2960 2144 3160 2211 ἔξουσία
3190 2147 3243 2203 ἐν
3272 2148 3475 2226 οὐρανῷ
3501 2148 3591 2203 καὶ
3623 2146 3724 2204 ἐπὶ
3915 2165 3942 2202 ο

2270 2236 2433 2293 Τοῦτο
2486 2232 2541 2289 δὲ
2596 2242 2833 2292 τοιοῦτον
2863 2235 3003 2292 ἔστιν
3044 2256 3059 2274 ο
3090 2238 3263 2315 Εἶχον
3290 2236 3389 2310 μὶν
3416 2238 3491 2300 ὡς
3518 2237 3653 2302 θεὸς
3686 2236 3787 2293 καὶ
3820 2247 3941 2315 Δη-

2269 2325 2519 2402 μιουργὸς
2567 2324 2664 2391 τὴν
2715 2321 2948 2389 ἐξουσίαν
3002 2325 3235 2399 πάντων,
3294 2346 3318 2381 ε
3381 2326 3456 2385 Τὰ
3498 2326 3797 2401 σύμπαντα
3840 2324 3943 2402 γὰρ

2270 2410 2428 2468 δοῦλα
2484 2414 2573 2491 σὰ,
2611 2434 2633 2469 ι
2684 2414 2814 2490 πρὸς
2857 2414 2948 2469 τὸν
2996 2415 3125 2469 Θεὸν
3169 2435 3329 2493 φησιν
3352 2416 3381 2470 δ
3414 2414 3583 2471 Δαυῖδ
3615 2434 3630 2449 ⁸
3665 2411 3820 2470 ἀλλὰ
3839 2412 3938 2479 τήν

2270 2500 2509 2557 ἰκούσιον
2566 2500 2842 2577 ὑποταγὴν
2898 2501 2993 2556 οὑκ
3048 2505 3228 2581 εἶχον.
3287 2508 3391 2560 Νῦν
3447 2504 3535 2559 οὖν
3605 2501 3804 2579 μέλλω
3846 2500 3937 2557 καὶ

2270 2590 2465 2656 ταύτην
2525 2587 2656 2653 ’ἐξειν
2690 2607 2703 2620 ⁸
2764 2591 3185 2667 ὑποταγήσονται
3268 2591 3369 2670 γάρ
3425 2614 3516 2667 μοι
3573 2593 3638 2648 τὰ
3693 2591 3882 2647 πάντα
3916 2604 3930 2617 ⁸

2271 2680 2385 2734 επεὶ
2436 2675 2521 2737 διὰ
2561 2699 2653 2736 του
2709 2686 2931 2758 σταυροῦ
2986 2680 3205 2746 ἱνίκησα
3232 2683 3324 2737 τὸν
3364 2683 3426 2737 τὸ
3472 2683 3658 2759 κράτος
3716 2678 3930 2758 ἔχοντα

2270 2774 2361 2823 τοῦ
2407 2767 2649 2826 θανάτου.
2712 2768 2875 2835 Διττὴ
2944 2770 3043 2848 γὰρ
3114 2769 3253 2825 ἐστιν
3297 2771 3334 2837 ἡ
3381 2771 3616 2847 ὑποταγή
3650 2785 3664 2799 ⁸
3728 2771 3763 2834 ἡ
3816 2766 3927 2840 μὲν

2271 2855 2537 2932 ἀκούσιος,
2582 2858 2712 2913 καθὸ
2769 2857 2966 2923 πὴντες
3024 2856 3197 2915 δοῦλοι
3268 2865 3361 2915 τοῦ
3425 2866 3552 2915 Θεοῦ
3602 2857 3758 2931 ἐσμεν
3820 2854 3917 2909 καὶ

2272 2942 2514 3018 ἄκοντες,
2558 2945 2737 3023 ὥσπερ
2790 2947 2877 3001 καὶ
2910 2948 2956 3001 οἱ
3013 2944 3256 3022 δαίμονες
3293 2965 3309 2981 ⁸
3342 2949 3377 3015 ἡ
3407 2944 3461 3002 δὲ
3489 2946 3739 3017 ἑκούσιος,
3773 2943 3915 2999 καθὸ

538 3035 735 3095 omnia
766 3034 949 3094 solam
994 3032 1397 3094 obedientiam
1446 3033 1895 3095 involuntariam
1950 3035 2181 3098 exhibe-

2272 3032 2477 3097 Παῦλος
2522 3031 2705 3097 δοῦλος
2761 3035 2828 3101 ἧν
2894 3041 3136 3113 Χριστοῦ.
3189 3036 3445 3115 Πρότερνν
3501 3036 3597 3110 μὲν
3656 3033 3742 3090 οὖν
3804 3032 3911 3097 τὴν

536 3132 759 3193 rent,et
782 3123 1048 3184 Salvator
1063 3122 1329 3182 omnium
1354 3132 1705 3201 potestatem
1733 3125 1898 3203 quasi
1924 3124 2178 3187 dimidia-

538 3218 651 3270 tam
670 3210 943 3273 haberet:
963 3219 1097 3291 post
1120 3212 1641 3286 crucem,cumDei
1660 3214 1915 3290 cognitio
1930 3214 2188 3276 innotes-

533 3310 695 3359 ceret
731 3298 1247 3373 omnibus,habuit
1278 3300 1451 3361 etiam
1479 3301 1808 3362 voluntarie
1836 3300 2187 3366 obedientes

536 3387 1123 3467 omnesquisubjecti
1141 3390 1377 3448 fuerunt
1408 3390 1619 3451 Merito
1642 3389 1816 3468 igitur
1833 3390 1973 3450 dicit
1988 3392 2175 3451 chris-

537 3484 627 3537 tns
652 3492 667 3538 :
696 3474 864 3537 Nunc
895 3478 1097 3556 accepi
1126 3486 1474 3556 potestatem
1507 3497 1743 3539 omnem
1780 3498 1794 3538 :
1834 3480 1995 3558 prius
2024 3480 2182 3541 enim

532 3564 811 3645 partiaria
827 3575 1085 3647 potestas
1110 3566 1252 3626 mihi
1277 3576 1499 3639 erat,eo
1512 3568 1668 3647 quod
1690 3577 1905 3644 praeter
1924 3568 2188 3631 volunta-

530 3661 649 3714 tem
672 3656 816 3715 mihi
837 3655 1011 3716 veluti
1043 3654 1249 3715 factori
1275 3655 1631 3716 serviebant:
1650 3675 1806 3717 nunc
1831 3666 2024 3719 autem
2047 3679 2178 3721 cum

533 3741 806 3804 homines
827 3753 1037 3823 sponte
1060 3751 1118 3805 et
1140 3743 1402 3806 scientes
1435 3744 1579 3805 mihi
1605 3745 1883 3825 serviant,
1906 3746 2103 3808 omnis
2123 3756 2180 3809 et

533 3830 762 3908 integra
804 3841 1061 3912 potestas
1096 3832 1243 3893 mihi
1282 3833 1417 3894 data
1449 3840 1560 3895 est.
1588 3835 1634 3893 A
1681 3853 1797 3913 quo
1826 3844 2020 3896 autem
2045 3836 2179 3897 data

531 3928 621 3980 est
644 3920 729 3979 illi
753 3919 778 3981 ?
800 3920 1058 3983 Omnino
1080 3939 1115 3979 τι
1137 3921 1460 4000 semetipso
1485 3921 1713 3998 habuit,
1751 3930 1807 3982 et
1838 3940 1944 3983 sua
1976 3924 2172 3985 humi-

530 4006 713 4069 litate.
742 4009 871 4071 Nisi
902 4009 1061 4070 enim
1090 4008 1432 4071 humiliatus
1463 4010 1693 4085 fuisset,
1729 4018 1788 4072 et
1818 4030 2175 4090 congressus

530 4113 662 4156 cum
687 4097 1030 4158 adversario
1071 4115 1178 4178 per
1205 4115 1469 4178 crucem,
1502 4118 1620 4160 non
1638 4099 1919 4161 salvasset
1948 4120 2071 4161 nos.
2105 4100 2176 4162 Et

529 4184 615 4245 sic
630 4185 915 4265 intellige.
932 4185 1107 4247 oData
1119 4198 1208 4247 est
1222 4188 1365 4248 mihi
1379 4188 1573 4248 omnis
1587 4196 1861 4267 potestas,
1878 4189 2175 4269 rPropriis

529 4273 679 4334 meis
701 4274 1124 4336 certaminibus
1144 4286 1202 4337 et
1223 4276 1525 4337 laboribus
1547 4278 1778 4339 servavi
1809 4288 1837 4336 I
1853 4285 1956 4338 σε
1985 4277 2177 4339 homi-
2196 4296 2240 4348 ο

529 4378 665 4435 nes,
685 4363 895 4425 etfacti
913 4373 1051 4425 sunt
1081 4364 1222 4425 mihi
1254 4364 1313 4425 in
1338 4374 1559 4426 sortem
1583 4375 1643 4426 et
1668 4366 2027 4446 peculiarem
2057 4386 2173 4448 po-

531 4450 755 4529 pulum.
792 4454 1083 4515 Duminus
1136 4452 1335 4532 itaque
1364 4470 1544 4531 super
1574 4463 1789 4514 terram
1824 4464 2171 4534 potestatem

528 4537 727 4613 habet,
750 4559 821 4601 eo
847 4541 1003 4621 quod
1029 4541 1225 4602 omnis
1248 4549 1404 4602 terra
1432 4541 1666 4619 agnOvit
1697 4542 1861 4603 illum
1890 4564 1903 4605 :
1937 4545 1997 4604 in
2025 4544 2174 4605 caelo

527 4635 751 4702 autem,
777 4645 849 4690 eo
875 4630 1032 4709 quod
1054 4648 1283 4691 merces
1304 4648 1371 4691 ac
1396 4629 1791 4707 municipatus
1813 4632 2049 4692 illorum
2075 4643 2174 4712 qui

528 4716 780 4777 credunt
800 4717 859 4777 in
879 4718 1027 4779 coelo
1051 4726 1162 4780 est.
1201 4718 1310 4780 Vel
1341 4718 1516 4779 etiam
1548 4718 1741 4792 aliter,
1767 4721 1901 4799 quia
1917 4720 2176 4782 humana

524 4810 737 4865 natura
765 4806 925 4884 prius
971 4806 1389 4879 condemnata,
1425 4824 1583 4867 nunc
1615 4807 1778 4868 unita
1827 4808 1933 4869 Dei
1975 4808 2171 4873 Verbo

526 4891 920 4970 personaliter
940 4893 1001 4954 in
1033 4895 1182 4956 coelo
1214 4894 1405 4973 sedet,
1431 4902 1489 4955 et
1519 4896 1593 4954 ab
1625 4896 1850 4973 angelis
1866 4898 2166 4979 adoratur,

526 4979 741 5041 merito
756 4981 924 5044 dicit:
939 4985 1117 5044 «Data
1131 4991 1217 5044 est
1239 4982 1591 5044 mihiomnis
1605 4993 1862 5064 potestas
1881 4988 1937 5045 in
1957 4986 2164 5051 cmlo.»

525 5066 761 5130 Etenim
804 5070 1061 5132 humana
1111 5081 1316 5132 natura
1364 5071 1526 5150 prius
1571 5072 1885 5145 serviebat,
1921 5094 2079 5136 nunc
2107 5074 2169 5135 in

527 5155 760 5219 Christo
782 5157 1034 5239 imperat
1051 5159 1350 5222 omnibus.
1384 5160 1649 5222 Breviter
1675 5160 1850 5240 igitur
1873 5163 1959 5225 sic
1984 5164 2164 5225 intel—

527 5241 641 5322 lige
665 5264 719 5305 τι
747 5244 889 5307 Data
912 5258 1001 5309 est
1022 5249 1167 5309 mihi
1197 5248 1390 5309 omnis
1409 5248 1874 5328 potestas.»Nem
1884 5270 1958 5331 pe
1982 5254 2029 5314 si
2049 5262 2171 5313 tan-

526 5333 883 5419 quamaDei
915 5336 1112 5398 Verbo
1154 5337 1375 5399 dictum
1415 5337 1698 5417 accipias,
1738 5341 1824 5401 sic
1854 5339 2166 5419 intellige:

531 5417 715 5481 «Data
735 5432 822 5483 est
848 5423 997 5484 mihi
1013 5425 1205 5487 omnis
1225 5432 1625 5506 potestas,neo
1652 5428 1812 5507 quod
1836 5417 2105 5493 volentes
2116 5440 2175 5494 et

604 5584 660 5634 ἠ
693 5588 851 5652 Pal.
882 5604 1087 5671 ann,
1117 5592 1217 5655 9t.

2271 3121 2518 3178 ἀκούσιον
2569 3123 2740 3196 μόνην
2779 3124 3050 3202 ὑποταγὴν
3092 3124 3327 3203 ἑχόντων
3382 3125 3614 3197 πάντων,
3669 3121 3720 3185 ἐξ
3771 3118 3917 3194 ἧμι-

2271 3213 2435 3284 σείαε,
2501 3210 2680 3289 ὥσπερ
2738 3212 2897 3291 εἶχεν
2952 3215 2980 3268 ὁ
3023 3214 3213 3291 Σωτὴρ
3260 3213 3358 3279 τὴν
3387 3214 3599 3268 πάντων
3628 3210 3860 3275 ἐξουσίαν
3894 3226 3908 3240 ⁸

2269 3299 2404 3372 μετὰ
2452 3297 2508 3354 δὲ
2564 3300 2653 3355 τὸν
2710 3301 2954 3376 σταυρὸν,
2998 3300 3094 3367 τῆς
3138 3299 3454 3377 θεογνωσίας
3509 3297 3911 3378 ὶιραπλωθείσης

2266 3392 2420 3462 πᾶσι,
2506 3388 2595 3442 καὶ
2692 3388 2790 3454 τὴν
2859 3387 3095 3445 ἑκούσιον
3180 3389 3454 3466 ὑποταγὴν
3538 3386 3909 3466 ὑποταγέντων

2266 3476 2498 3552 πάντων,
2572 3477 2786 3539 εἰκότως
2839 3478 2998 3554 φησὶν
3054 3479 3083 3533 δ
3146 3476 3389 3557 Χριστός,
3434 3475 3515 3532 ὅτι
3560 3485 3663 3533 Νυν
3718 3471 3909 3533 ἔλαϐον

2263 3571 2438 3621 πᾶσαν
2492 3566 2588 3633 τὴν
2665 3564 2897 3630 ἐξουσίαν
2934 3584 2948 3601 ·
3032 3566 3282 3646 πρότερον
3337 3566 3435 3641 μὲν
3506 3568 3606 3645 γὰρ
3675 3566 3907 3641 μερικῶς

2264 3659 2469 3732 προσῆν
2527 3676 2619 3729 pm
2675 3655 2710 3721 ἡ
2756 3652 2978 3729 ἐξουσία,
3014 3657 3087 3719 ὡς
3143 3654 3399 3720 ἀκουσίως
3444 3659 3607 3730 μόνον
3636 3653 3910 3713 δουλευόν⁴

2262 3762 2370 3798 των
2428 3764 2544 3823 μοι,
2595 3744 2725 3798 καθὸ
2767 3745 2999 3814 ποιητής
3057 3745 3164 3821 εἰμι
3191 3760 3207 3775 ⁸
3254 3767 3341 3801 νυν
3399 3743 3572 3801 δὲκαὶ
3614 3747 3749 3821 μετά
3780 3743 3905 3801 ἑπι-

2260 3830 2505 3907 γνώσεως
2562 3828 2911 3887 δουλευόντων
2952 3854 3044 3906 μοι
3097 3832 3203 3888 τῶν
3261 3832 3569 3913 ἀνθρώπων,
3618 3839 3764 3890 πᾶσα
3818 3832 3905 3887 καὶ

2260 3918 2555 4001 ὁλόκληρος
2611 3921 2647 3986 ἡ
2703 3920 2905 3985 ἐξουσία
2960 3918 3112 3987 ἐδόθη
3169 3942 3283 3997 μοι.
3320 3922 3466 4001 Παρὰ
3494 3923 3631 3986 τίνος
3661 3921 3717 3978 δὲ
3746 3921 3903 3986 ἄδόθη

2258 4010 2401 4083 αὖτῷ
2432 3990 2478 4088 ;’
2513 3990 2595 4066 "ﬂ
2639 4010 2850 4072 πάντως
2893 4008 3016 4089 παρ’
3074 3990 3260 4067 ἑαυτοῦ
3295 4012 3384 4068 καὶ
3403 3990 3521 4077 ’τῆς
3550 4012 3742 4076 οἰκείας
3801 4032 3902 4067 τα-

2257 4098 2563 4162 πεινώσεως
2599 4118 2612 4133 ⁸
2676 4100 2721 4155 εἰ
2773 4099 2850 4175 μὴ
2923 4102 3023 4178 γὰρ
3072 4099 3400 4167 ἐταπεινώθη
3449 4103 3538 4157 καὶ
3593 4100 3902 4165 συνεπλάκη

2255 4193 2333 4260 τῷ
2386 4186 2657 4261 ἀντιπάλῳ
2684 4185 2769 4246 διὰ
2810 4197 2903 4247 τοῦ
2943 4195 3187 4268 σταυροῦ,
3239 4188 3333 4245 οὑκ
3380 4190 3442 4246 ἂν
3472 4189 3669 4247 ἔσωσεν
3696 4192 3843 4265 ἡμᾶς
3880 4233 3894 4247 .

2255 4276 2392 4332 ὥστε
2434 4278 2496 4332 τὸ
2528 4274 2762 4343 εἘδόθη
2792 4299 2890 4351 μοι
2921 4276 3145 4353 ἐξουσία,
3176 4300 3200 4336 ι
3237 4276 3375 4335 οῧτω
3401 4279 3531 4335 νόει·
3565 4279 3659 4337 Ἐκ
3686 4281 3795 4336 τῶν
3825 4279 3898 4342 οἷς

2254 4366 2412 4421 κείων
2490 4385 2593 4441 μου
2648 4365 2870 4445 ἀγώνων
2937 4368 3025 4423 καὶ
3096 4365 3481 4443 παλαισμάτων
3550 4366 3722 4425 ἔσωσα
3777 4369 3897 4431 τοὺς

2255 4452 2579 4534 ἀνθρώπους,
2625 4456 2711 4512 καὶ
2769 4454 3132 4533 περιεγένοντό
3188 4476 3279 4531 μοι
3329 4455 3515 4513 λοιπὸν
3558 4455 3755 4534 κλῆρος
3812 4466 3896 4519 καὶ

2256 4543 2532 4621 περούσιος
2563 4542 2715 4608 λαός.
2750 4540 2871 4600 Ἐπὶ
2925 4548 3028 4621 γῆς
3084 4543 3181 4619 μὲν
3236 4543 3324 4602 οὖν
3369 4544 3484 4627 ἔχει
3536 4546 3635 4613 τὴν
3665 4545 3897 4611 ἐξουσίαν

2258 4634 2287 4686 ὸ
2346 4632 2554 4709 Κύριος,
2612 4635 2743 4689 καθὸ
2785 4638 2928 4689 πᾶσα
2973 4635 3007 4700 ἡ
3064 4636 3136 4711 γῆ
3167 4633 3372 4711 ἐπέγνω
3402 4634 3579 4691 αὐτόν’
3613 4634 3668 4691 iv
3696 4637 3897 4716 οὐρανῷ

2258 4717 2333 4794 δὲ,
2395 4719 2525 4777 διότι
2583 4723 2611 4777 δ
2668 4725 2852 4796 μισθὸς
2901 4727 3005 4778 τῶν
3077 4723 3431 4781 πιστευόντων
3486 4725 3629 4796 αὑτῷ
3697 4725 3786 4780 καὶ
3836 4725 3895 4780 τὸ

2251 4807 2567 4890 πολίτευμα,
2600 4809 2655 4865 iv
2702 4813 2945 4890 οὑρανοτς
2998 4811 3223 4890 ὑπάρχει
3258 4829 3273 4845 ⁸
3308 4813 3394 4867 καὶ
3434 4812 3533 4889 γὰρ
3561 4813 3651 4869 καὶ
3690 4810 3890 4885 ἄλλως,

2253 4898 2365 4954 ἐπεὶ
2408 4900 2442 4965 ἡ
2486 4898 2782 4978 ἀνθρωπίνη
2834 4901 2985 4980 φύσις
3046 4903 3082 4969 ἡ
3132 4900 3317 4977 πρώην
3370 4898 3710 4983 κατάκριτος,
3765 4922 3892 4957 συν-

2249 4990 2467 5063 ημμένη
2524 4993 2602 5061 τῷ
2656 4994 2772 5062 Θεῷ
2823 4991 2979 5068 Λόγῳ
3044 4989 3161 5046 καθ’
3217 4990 3525 5064 ὑπόστασιν,
3587 4990 3642 5047 iv
3694 4991 3894 5068 οὐρανῷ

2249 5078 2473 5144 κάθηται
2534 5075 2623 5135 ὑπ’
2676 5077 2916 5156 ἀγγέλων
2970 5079 3402 5158 προσκυνουμένη
3437 5097 3454 5114 ⁸
3519 5079 3735 5144 εἰκότως
3779 5102 3891 5159 γη..

2252 5167 2355 5246 σὶν,
2386 5164 2467 5221 ὅτι
2503 5187 2528 5223 ε
2579 5166 2765 5234 Ἐδόθη
2809 5190 2906 5243 μοι
2938 5174 3083 5224 πᾶσα
3116 5166 3317 5233 ἐξουσία
3364 5168 3420 5224 iv
3447 5169 3650 5246 οὖρανῷ
3676 5188 3691 5202 ⁸
3741 5191 3772 5224 ι
3805 5167 3893 5225 καὶ

2250 5257 2357 5334 γὰρ’
2398 5257 2432 5322 ἡ
2489 5255 2787 5334 ἀνθρωπίνη
2831 5256 2980 5334 φύσις
3022 5258 3057 5323 ἡ
3099 5257 3283 5335 πρώην
3326 5254 3663 5331 δουλεύουσα,
3706 5264 3797 5315 νῦν
3836 5255 3891 5310 iv

2252 5346 2464 5422 Χριστῴ
2520 5342 2676 5424 ἄρχει
2728 5345 2963 5408 πάντων,
3030 5344 3311 5401 Συνελόντι
3366 5346 3456 5402 οὖν
3511 5349 3695 5425 φᾶναι,
3753 5343 3892 5402 οὕτω

2253 5434 2359 5490 νόει
2412 5434 2497 5506 τὸ,
2561 5452 2587 5489 ε
2647 5430 2836 5500 Ἐδόθη
2893 5455 2984 5510 μοι
3027 5439 3173 5492 πᾶσα
3208 5432 3411 5499 ἇξουσία
3442 5452 3459 5469 ⁸
3496 5455 3527 5490 ι
3574 5436 3620 5492 εἰ
3662 5432 3760 5511 μὶν
3814 5434 3887 5499 ὣς
