4106 6280
422 357 544 422 498
1412 361 2005 425 THEOPHYLACTI
2049 362 2457 443 seminus
2498 364 2831 427 ARCHIBP
3683 353 3805 416 496

426 495 555 555 Vox
586 503 784 558 autem
816 496 1128 558 clamantis
1157 498 1218 557 in
1261 495 1525 571 deserto,
1553 496 1703 558 forte
1748 497 1806 557 in
1839 496 2052 557 deserti

2157 497 2186 552 δ
2241 494 2464 573 ἄγγελος
2508 516 2599 551 σου
2633 511 2646 524 ⁶
2701 494 2818 551 ὅθεν
2858 492 3114 550 δείκνυται
3143 494 3178 559 ἡ
3209 491 3475 558 οἰκειότης
3519 497 3613 547 τοῦ
3665 494 3801 566 Προ-

423 582 724 659 Jordanis,
755 583 849 646 vel
895 584 1047 646 forte
1090 584 1151 645 in
1200 581 1502 664 Synagoga
1544 584 1916 658 Judaaurum,
1943 602 2052 665 qua

2155 582 2347 661 δρόμου
2397 585 2529 660 πρὸς
2572 584 2660 641 τὸν
2706 584 2929 663 Χριστόν
2962 600 2978 616 ⁸
3033 582 3122 639 καὶ
3151 581 3250 658 γὰρ
3278 581 3365 636 καὶ
3392 579 3499 635 τῶν
3527 577 3803 655 βασιλέων

425 670 704 733 destituta
733 680 865 735 erat
916 673 1078 734 omni
1128 674 1305 735 bono.
1342 671 1450 735 Via
1497 681 1689 735 autem
1734 672 1954 735 Novum
1988 691 2052 733 es

2154 671 2311 750 ἔγγὺς
2367 674 2777 753 προπορεύονται
2836 675 2882 729 οἱ
2940 669 3170 747 μάλιστα
3228 672 3438 732 οἰκεῖοι,
3503 671 3673 735 Φωνὴ
3748 665 3802 723 δὲ

426 759 917 823 Testamentum:
979 756 1207 823 semita:
1262 779 1400 824 vero
1454 760 1659 836 Vetus,
1711 771 1775 823 ut
1820 760 2047 825 detritae

2154 762 2382 837 βοῶντος
2435 761 2490 817 ἐν
2542 762 2611 829 τῆ
2668 761 2872 840 ἐρήμῳ,
2918 761 3064 839 τάγα
3107 760 3203 833 μὶν
3246 760 3335 815 καὶ
3391 757 3442 812 ἐν
3488 763 3557 833 τῇ
3609 758 3803 832 ὲρήμῳ

427 851 628 929 itaque
657 849 731 911 ad
770 850 905 909 ΙῚὸ
936 849 1084 911 viam
1116 849 1411 911 debebant
1445 850 1782 931 praeparari,
1817 850 1930 912 hoc
1959 856 2048 911 est

2153 855 2243 905 τοῦ
2304 846 2589 928 ⁹ιορδάνου,
2648 852 2792 929 τάχα
2849 848 2903 904 δὲ
2960 850 3047 905 καὶ
3095 847 3151 903 ἐν
3220 854 3286 923 τῇ
3351 853 3634 923 συναγωγῇ
3697 851 3802 901 τῶν

427 936 501 998 ad
534 935 757 1013 Novum
789 938 1257 1000 Testamentum.
1311 929 1583 1000 Semitas
1612 946 1803 998 autem
1838 935 2052 1000 Veteri:

2154 934 2437 1009 Ἰουδαίων,
2507 936 2624 1012 ἥτις
2680 939 2876 1017 ἕρημος
2934 939 2998 1004 ἦν
3054 939 3248 998 παντὸς
3297 935 3510 1013 ἀγαθοῧ.
3551 929 3704 996 Ὀδὸς
3746 932 3800 989 δὲ

428 1034 623 1087 rectas
650 1026 1025 1107 facere,quas
1055 1025 1195 1086 olim
1223 1025 1457 1105 quidem
1490 1025 2052 1105 susceperant,dein-

2150 1026 2183 1092 ἡ
2243 1024 2349 1082 Νέα
2396 1028 2633 1096 Διαθήκη
2669 1046 2682 1061 ’
2729 1024 2891 1105 τρίϐοι
2948 1025 3003 1081 δὲ
3058 1028 3093 1093 ἦ
3153 1024 3380 1103 Παλαιὰ,
3438 1026 3508 1084 ὼς
3559 1045 3799 1078 κατατε-

428 1112 504 1174 de
533 1114 793 1192 perversi
820 1122 879 1175 et
907 1113 1314 1176 claudicantes
1342 1134 1375 1175 a
1403 1115 1632 1176 semitis
1662 1115 1785 1175 suis
1813 1113 2052 1175 inventi.

2149 1114 2410 1193 τριμμένη
2445 1131 2458 1145 ⁸
2516 1118 2645 1191 πρὸς
2693 1116 2791 1191 μὲν
2838 1122 2924 1171 οὖν
2955 1116 3052 1181 τὴν
3082 1113 3200 1170 ὁδὸν
3230 1111 3433 1192 ὤφελον
3463 1112 3798 1186 έτοιμασθῆ-

426 1224 541 1276 ναι,
616 1204 877 1283 τουτέστι,
938 1206 1070 1271 πρὸς
1124 1205 1223 1270 τὴν
1298 1204 1431 1262 Νέαν
1484 1207 1774 1273 Διαθήκην,
1835 1209 1931 1270 τῆς
1988 1201 2043 1258 δί
2102 1201 2337 1266 Παλαιᾶς
2386 1203 2480 1267 τὰς
2509 1202 2712 1283 τρίϐους
2757 1207 2953 1267 εὖθείας
3008 1208 3250 1274 ποιῆσαι,
3300 1200 3461 1257 πάλαι
3507 1202 3604 1275 μὲν
3634 1197 3797 1264 δεξά-

426 1313 573 1366 μενοι
604 1293 820 1363 ταύτας,
853 1294 975 1349 εἶτα
1006 1292 1206 1349 σκολιοὶ
1250 1292 1497 1373 φανέντες
1529 1295 1614 1349 καὶ
1643 1293 1984 1372 γωλάναντες
2017 1292 2119 1349 απὸ
2162 1298 2266 1350 τῶν
2296 1291 2485 1371 τρίϐων
2516 1298 2710 1356 αὐτῶν,

505 1378 691 1442 Vens.
715 1381 848 1442 4-5.
877 1405 903 1434 α
933 1381 1074 1442 Erat
1098 1379 1358 1443 Joannes
1383 1379 1686 1461 baptizans
1713 1381 1774 1441 in
1805 1381 2052 1455 deserto,

2240 1403 2263 1437 ε
2298 1381 2543 1459 Ἐγένετο
2600 1381 2851 1449 Ἰωάννης
2910 1384 3175 1458 βαπτίζων
3219 1381 3271 1436 έν
3330 1386 3397 1456 τῇ
3451 1380 3662 1457 ἐρήμῳ,
3710 1380 3798 1433 καὶ

426 1477 486 1530 et
516 1469 841 1548 praedicans
872 1468 1165 1549 baptisma
1190 1469 1548 1549 paenitentiae
1573 1471 1628 1528 in
1655 1468 2052 1531 remissionem

2150 1470 2426 1548 κηρύσσων
2482 1473 2757 1547 βάπτισμα
2807 1471 3084 1547 μετανοίας
3141 1471 3213 1533 εἷς
3263 1467 3442 1547 ἄφεσιν
3471 1469 3747 1544 ἁμαρτιῶν
3779 1482 3791 1493 ·

427 1564 825 1635 peccatorum.
880 1555 952 1619 Et
1002 1556 1417 1635 egrediebatur
1462 1557 1533 1619 ad
1579 1576 1714 1618 eum
1758 1566 1875 1619 tota
1905 1560 2052 1635 regit

2149 1562 2235 1621 καὶ
2289 1561 2620 1640 εξεπορεύετο
2662 1562 2790 1637 πρὸς
2848 1560 3000 1616 αὐτὸν
3054 1564 3198 1614 πᾶσα
3239 1558 3273 1623 ἡ
3331 1552 3551 1615 Ἱουῗαία
3606 1553 3793 1631 χώρα,

422 1644 624 1707 Judaaa
660 1663 729 1707 ac
769 1645 1267 1726 Hierosolymite,
1303 1655 1359 1708 et
1389 1646 1831 1725 baptizabantur
1862 1665 2052 1709 omne:

2150 1652 2237 1706 καὶ
2292 1652 2337 1707 οἱ
2398 1641 2837 1725 Ἱεροσολυμῖται,
2884 1648 2968 1702 καὶ
3026 1643 3362 1716 ἐϐαπτίζοντο
3404 1648 3597 1705 πάντες
3629 1641 3685 1695 ἐν
3716 1647 3797 1713 τῷ

422 1736 493 1794 ab
523 1734 627 1796 illo
681 1733 742 1796 in
792 1732 1053 1833 Jordane
1111 1734 1381 1833 flumine,
1432 1735 1794 1833 conﬁtentes.
1830 1744 2052 1833 peccata

2151 1738 2381 1816 Ἰορδάνῃ
2438 1740 2664 1813 ποταμῷ
2746 1736 2833 1793 ὑπ’
2918 1738 3098 1814 αὖτοῦ,
3164 1733 3636 1811 ἐξομολογούμενοι
3696 1731 3796 1793 τὰς

422 1841 545 1884 sua.
584 1848 612 1879 ι)
648 1823 945 1903 Baptisma
962 1822 1207 1885 Joannis
1230 1842 1348 1885 non
1370 1822 1622 1885 habebat
1651 1824 2052 1887 remissionem

2146 1828 2401 1906 ἁμαρτίας
2460 1827 2651 1885 αὐτῶν.
2688 1849 2715 1880 ι
2778 1828 2847 1883 Τὸ
2889 1825 3160 1901 βάπτισμα
3201 1823 3443 1880 Ἰωάννου
3483 1824 3579 1879 οὐκ
3629 1820 3795 1899 εἶχεν

421 1920 823 1989 peccatorum,
888 1912 995 1974 sed
1068 1912 1475 1992 paenitentiam
1534 1913 1719 1974 solam
1778 1913 2066 1976 aﬂ‘erebat

421 1998 919 2072 bominibus.Quo
940 2007 1110 2080 pacto
1123 2001 1300 2079 igitur
1314 2000 1501 2082 inquit
1522 2002 1635 2063 hoc
1657 2002 1787 2063 loco
1809 2002 2060 2073 Marcus,

419 2088 478 2149 in
502 2089 921 2151 remissionem
946 2090 1361 2170 peccatorum?
1387 2089 1650 2152 Dicimus
1671 2090 1827 2170 quod
1855 2092 2066 2173 praedi-

430 2184 580 2239 cavit
609 2176 970 2258 baptismum
1002 2178 1382 2259 poenitentiae.
1435 2177 1572 2241 Haec
1602 2186 1797 2241 autem
1847 2180 2066 2260 praedi-

422 2266 578 2327 catio
639 2267 1009 2347 poenitentiae
1081 2266 1519 2347 quodammodo
1571 2270 1656 2347 (0)
1728 2267 1953 2330 ferebat
2007 2269 2066 2331 in

418 2356 833 2417 remissionem
896 2355 1321 2435 peccatorum?
1374 2356 1671 2435 videlicet,
1735 2359 1794 2419 in
1840 2358 2070 2436 Christi

419 2443 732 2525 baptisma,
759 2444 918 2524 quod
943 2443 1195 2506 habebat
1210 2444 1625 2508 remissionem
1660 2458 2059 2529 peccatorum.

418 2531 494 2594 Ut
524 2532 762 2613 quando
813 2533 1089 2614 dicimus,
1140 2533 1318 2595 Venit
1356 2534 1595 2614 quidam
1636 2537 1872 2599 satelles
1906 2537 2063 2617 regis

419 2620 749 2701 praedicans
766 2620 1034 2682 ciborum
1061 2623 1572 2703 praeparationem,
1598 2634 1663 2686 ut
1681 2625 1835 2689 bene
1854 2626 1953 2687 fiat
1968 2626 2063 2687 bis

416 2709 517 2789 qui
541 2717 874 2790 praeparant
894 2709 1061 2772 cibos
1079 2712 1295 2791 regios,
1327 2730 1443 2773 non
1467 2712 1724 2776 dicimus
1746 2715 1881 2795 hoc,
1902 2715 2060 2795 quod

415 2798 655 2860 satelles
673 2799 1092 2861 benefacturus
1113 2800 1190 2861 sit
1222 2799 1315 2861 his
1359 2800 1461 2881 qui
1488 2810 1823 2884 praeparant
1866 2803 2063 2883 regios

413 2886 604 2961 cibos,
650 2887 757 2948 sed
802 2888 959 2968 quod
1018 2888 1146 2969 ipse
1196 2888 1531 2968 praedicarit
1570 2891 2057 2972 praeparationem

415 2974 709 3057 ciborum,
734 2984 797 3037 ut
817 2977 875 3037 hi
905 2976 1006 3057 qui
1037 2976 1172 3038 illos
1188 2980 1590 3058 praepararint,
1617 2997 1938 3061 regemque
1958 2999 2057 3041 su-

2148 1916 2331 1995 ἄφεσιν
2389 1915 2682 1993 ἁμαρτιῶν,
2736 1912 2873 1969 ἀλλὰ
2926 1913 3209 1988 μετάνοιαν
3244 1911 3412 1986 μόνην
3444 1910 3623 1985 εἰσῆγε
3670 1920 3793 1970 τοῖς

2146 2003 2437 2083 ἀνθρώποις
2474 2024 2485 2036 ·
2542 2006 2657 2065 πως
2713 2009 2801 2057 οὖν
2860 2024 3019 2081 φησιν
3079 1999 3294 2058 ἐνταῦθα
3337 2001 3365 2054 ὁ
3414 1998 3649 2075 Μάρκος,
3710 1996 3791 2051 ὅτι

2148 2094 2220 2157 εἷς
2285 2093 2474 2172 ἄφεσιν
2529 2092 2847 2169 ἆμαρτιῶν;
2934 2090 3170 2167 Λέγομεν
3246 2098 3332 2146 οὖν
3380 2088 3461 2142 ὅτι
3530 2086 3792 2164 ἐκήρυσσε

2149 2182 2422 2258 βάπτισμα
2480 2181 2756 2256 μετανοίας
2791 2197 2804 2210 ⁸
2861 2187 3013 2236 τοῦτο
3066 2177 3119 2233 δὲ
3174 2180 3235 2233 τὸ
3264 2178 3510 2253 κήρυγμα
3538 2173 3636 2241 τῆς
3685 2196 3791 2249 με-

2149 2270 2357 2334 τανοίας
2422 2279 2524 2327 ποῦ
2607 2268 2834 2347 ἔφερεν,
2883 2270 2968 2331 Εἷς
3031 2267 3213 2345 ἄφεσιν
3276 2266 3567 2343 ἁμαρτιῶν,
3628 2284 3787 2318 τουτ-

2153 2359 2313 2439 έστιν,
2390 2360 2463 2423 εἷς
2518 2360 2579 2414 τὸ
2621 2364 2711 2415 τοό
2769 2363 2992 2434 Χριστοῦ
3027 2357 3321 2433 βάπτισμα,
3354 2355 3382 2408 ὃ
3413 2353 3572 2439 εἶχεν
3603 2352 3786 2432 ἄφεσιν

2155 2449 2255 2504 τῶν
2300 2428 2579 2526 ’ἁμαρτιῶν
2615 2465 2629 2481 ⁸
2674 2444 2793 2525 (39)
2816 2428 3037 2524 ’ὥσπερ
3070 2443 3197 2499 ὅταν
3243 2428 3511 2521 λέγωμεν,
3538 2428 3728 2497 Ἠλθεν
3761 2446 3787 2496 ὂ

2143 2534 2291 2593 δεῖνα
2345 2533 2624 2614 δορυφόρος
2679 2537 2773 2591 τοῦ
2828 2532 3087 2609 βασιλέως
3151 2531 3431 2610 κηρύσσων
3491 2530 3785 2607 βρωμάτων

2143 2624 2483 2703 παρασκευὴν
2570 2624 2643 2687 είς
2714 2622 3012 2701 εὐεργεσίαν
3067 2626 3173 2677 τῶν
3256 2618 3778 2697 παρασκευαζόντων,

2143 2714 2204 2770 οὒ
2258 2719 2431 2770 τοῦτο.
2461 2711 2710 2791 λέγομεν,
2772 2710 2852 2766 ὅτι
2885 2713 2912 2766 ὁ
2945 2706 3224 2789 δορυφόρος
3277 2710 3611 2784 εὐεργετῆσαι
3640 2705 3777 2782 μέλ-

2141 2800 2223 2857 λει
2273 2802 2395 2865 τοὺς
2479 2799 2972 2879 παρασκευάζοντας
3030 2799 3095 2854 τὰ
3153 2794 3405 2872 βασιλικὰ
3495 2795 3770 2872 βρώματα,

2142 2888 2262 2946 ἀλλ’
2320 2890 2400 2946 ὅτι
2444 2889 2599 2954 αὗτὸς
2658 2888 2913 2966 ἐκήρυσσε
2982 2888 3078 2953 τὴν
3129 2885 3462 2965 παρασκευὴν
3508 2889 3608 2939 τῶν
3636 2884 3771 2958 βρωο

2144 2978 2347 3053 μάτων,
2379 2978 2469 3035 ἵνα
2508 2981 2555 3035 οἱ
2598 2978 2795 3043 ταύτην
2840 2975 3236 3050 ἑτοιμάσαντες,
3279 2970 3639 3046 ὑποδεξὺμενοι
3679 2972 3769 3026 τὸν

414 3065 1049 3148 sceperent,beneficia
1069 3076 1511 3146 consequantur
1529 3066 1604 3128 ab
1618 3067 1745 3147 ipso
1758 3118 1766 3126 .
1777 3060 2052 3147 Sicigitur

2146 3065 2380 3146 βασιλέα,
2438 3069 2846 3145 εὖεργετηθῶσιν
2902 3065 2994 3120 ὑπ’
3050 3066 3208 3123 αὐτοῦ
3235 3079 3253 3095 ⁸
3302 3061 3468 3124 οὕτως
3512 3063 3597 3117 οὖν
3640 3060 3771 3117 κᾶν-

419 3154 610 3216 ethoc
646 3154 777 3216 loco
798 3156 1148 3217 Prmcursor
1178 3154 1514 3233 praedicavit
1552 3154 1841 3235 baptisma
1863 3158 2055 3237 poeni-

416 3242 634 3316 tentise,
656 3251 720 3305 ut
757 3243 818 3304 hi
867 3242 968 3323 qui
1029 3242 1440 3323 paenitentiam
1490 3244 1740 3324 egerint,
1784 3253 2056 3326 suscepto

410 3330 641 3392 Christo
662 3331 1079 3392 remissionem
1099 3341 1477 3412 peccatorum
1508 3341 1972 3412 consequantur.

492 3417 742 3481 Vsnsb.
757 3419 926 3481 «Erat
945 3428 1141 3482 autem
1156 3418 1415 3482 Joannes
1436 3421 1682 3483 vestitus
1709 3422 1845 3502 pilis
1861 3440 2056 3485 came-

410 3508 477 3580 li,
503 3517 559 3569 et
579 3526 726 3569 zona
763 3508 1008 3588 pellicea
1039 3508 1198 3569 circa
1228 3508 1460 3571 lumbos
1486 3528 1645 3584 suos,
1677 3510 2053 3572 vescebatur-

410 3614 525 3677 que
555 3596 799 3658 locustis
840 3615 908 3657 ac
954 3596 1133 3658 melle
1170 3596 1442 3659 silvestri.
1484 3622 1511 3653 ι
1548 3597 1818 3659 Diximus
1846 3596 1921 3660 de
1966 3598 2057 3659 bis

409 3684 565 3765 apud
587 3685 952 3762 Mattbzeum,
975 3693 1039 3747 et
1059 3703 1217 3746 nunc
1238 3704 1472 3766 quoque
1494 3686 1763 3747 dicemus
1789 3705 1919 3766 quae
1938 3685 2058 3749 illic

410 3773 808 3854 praetermissa
837 3782 997 3849 sunt,
1016 3774 1154 3854 quia
1174 3774 1367 3836 luctus
1387 3774 1714 3854 symbolum
1742 3784 1866 3835 erat
1886 3775 2055 3837 indu-

411 3869 699 3936 mentum,
711 3871 1072 3923 monstrante
1085 3862 1382 3943 Propheta
1397 3862 1552 3943 quod
1574 3871 1842 3944 oporteat
1853 3864 2056 3943 lugere

412 3948 1046 4028 posnitentem.Saccus
1064 3951 1221 4012 enim
1239 3949 1309 4011 ad
1335 3950 1556 4012 luctum
1588 3952 1838 4031 pertinet
1851 3952 2018 4016 .Pelli
2034 3985 2053 3997 -

410 4056 514 4098 cea
561 4056 697 4099 vero
757 4058 900 4099 zona
958 4039 1471 4100 mortificationem
1521 4038 1785 4101 declarat
1828 4041 2056 4107 Judaici

411 4124 638 4207 populi.
672 4125 837 4198 Quod
871 4135 1067 4188 autem
1123 4128 1343 4188 luctum
1384 4127 1612 4189 indicet
1659 4128 1829 4204 stola,
1866 4129 2059 4210 inquit

411 4214 724 4290 Dominus,
749 4213 1044 4292 Lugubria
1065 4215 1395 4277 cecinimus
1426 4215 1612 4297 vobis,
1646 4227 1706 4279 et
1738 4235 1856 4279 non
1892 4220 2057 4300 plan-

2138 3159 2299 3212 ταῦθα
2350 3156 2378 3212 ό
2436 3152 2736 3235 Πρόδρομος
2794 3154 3047 3233 ἐκήρυσσε
3128 3152 3398 3228 βάπτισμα
3468 3149 3769 3225 μετανοίις,

2138 3246 2210 3309 ὡς
2254 3242 2317 3299 ἂν
2371 3247 2418 3300 ot
2475 3246 2895 3320 μετανοήσαντες
2939 3239 3208 3318 δεξάμενοι
3251 3242 3342 3296 τὸν
3387 3240 3612 3319 Χριστὸν
3672 3237 3773 3318 as-

2139 3353 2249 3389 εσιν
2276 3332 2549 3413 άμαρτιὼν
2592 3329 2850 3394 λάϐωσιν.

2227 3445 2247 3478 ε
2285 3410 2402 3479 Ἠνν
2431 3421 2483 3478 δὲ
2539 3424 2566 3479 ὁ
2612 3423 2864 3489 Ἰωάννης
2908 3418 3238 3495 ἐνδεδυμένος
3283 3419 3473 3498 τρίχας
3503 3415 3775 3492 καμήλου,

2137 3514 2226 3569 καὶ
2282 3511 2454 3583 ζώνην
2514 3509 2826 3590 δερματίνην
2880 3511 2998 3589 περὶ
3052 3510 3147 3577 τὴν
3227 3509 3386 3588 ὀσφὺν
3446 3507 3624 3582 αὖτοῦ,
3693 3508 3780 3561 καὶ

2141 3600 2325 3658 ἐσθίων
2376 3599 2587 3679 ἀκρίδας
2656 3602 2746 3656 καὶ
2827 3597 2948 3674 μέλι
3004 3596 3205 3678 ἄγριον.
3271 3620 3299 3651 ε
3364 3592 3604 3668 Εἴπομεν
3659 3596 3781 3670 περὶ

2139 3690 2339 3748 τούτων
2390 3692 2445 3746 ἒν
2486 3695 2563 3763 τῷ
2604 3690 2741 3745 κατὰ
2797 3690 3087 3762 Ματθαϊσν,
3159 3687 3247 3743 καὶ
3290 3692 3377 3740 νῦν
3420 3682 3473 3739 δὲ
3531 3682 3778 3761 έροῦμεν,

2136 3777 2234 3834 ὅσα
2275 3781 2392 3835 εκεῖ
2434 3776 2868 3856 παραλέλειπται,
2921 3774 3000 3832 ὅτι
3033 3774 3252 3838 πένθους
3300 3770 3561 3845 σύμϐολον
3594 3772 3661 3838 ἦν
3718 3773 3780 3825 τὸ

2140 3865 2354 3943 ἔνδυμα,
2414 3864 2707 3931 δεικνύντος
2792 3867 2882 3920 τοῦ
2950 3864 3223 3943 προφήτου
3291 3861 3372 3918 ὅτι
3425 3858 3508 3916 δεῖ
3563 3861 3776 3915 πενθεῖν

2137 3959 2227 4013 τὸν
2286 3963 2660 4029 μετανοοῦντα.
2724 3953 2944 4017 Πένθους
2989 3953 3087 4031 γαρ
3132 3955 3159 4008 ὂ
3193 3953 3388 4014 σάκκος
3428 3969 3443 3986 ’
3488 3951 3523 4016 ἡ
3571 3946 3624 4003 δὲ
3652 3944 3775 4025 δερ-

2140 4044 2332 4119 ματίνη
2389 4045 2553 4116 ζώνη,
2613 4044 2708 4111 τὴν
2775 4042 3025 4121 νέκρωσιν
3077 4038 3235 4107 δηλοῖ
3304 4046 3395 4096 τοῦ
3482 4035 3776 4097 Ἰουδαϊκου

2139 4132 2288 4195 λαου.
2351 4123 2480 4190 ΗΟτι
2532 4130 2585 4187 δὲ
2639 4131 2823 4193 πένθος
2882 4128 3069 4199 ἐδήλου
3118 4131 3154 4196 ἡ
3216 4127 3407 4201 στολὴ,
3460 4128 3585 4208 φησὶ
3615 4126 3703 4181 καὶ
3746 4128 3774 4180 ὁ

2145 4223 2350 4301 Κύριος,
2398 4220 2793 4297 Ἐθρηνήσαμεν
2849 4221 3001 4293 ὑμῖν,
3055 4219 3140 4274 καὶ
3170 4218 3264 4273 οὒκ
3314 4216 3597 4294 ὶκόψασθε,
3647 4216 3776 4292 θρῆ-

405 4300 569 4365 xistis
605 4324 620 4362 :
654 4322 761 4384 per
793 4303 1139 4380 lamentum,
1172 4302 1562 4366 Praecursoris
1605 4304 1779 4366 vitam
1819 4305 2050 4386 signiﬁ-

2146 4300 2238 4367 νων
2283 4308 2455 4387 λέγων
2511 4308 2608 4376 τὴν
2660 4315 2749 4365 τοῦ
2817 4304 3113 4386 Προδρόμου
3156 4304 3450 4365 πολιτείαν.
3480 4304 3620 4369 Φησὶ
3647 4304 3769 4382 γὰρ,

404 4409 580 4469 cans;
612 4392 758 4453 dicit
786 4392 969 4467 enim,
1004 4393 1180 4454 Venit
1206 4391 1466 4454 Joannes
1493 4411 1683 4474 neque
1727 4398 2049 4458 comedens

2146 4388 2318 4455 Ἦλθεν
2370 4396 2617 4464 Ἰωάννης
2661 4398 2798 4472 μήτε
2852 4394 3075 4467 ἐσθίων,
3120 4395 3258 4469 μήτε
3299 4394 3489 4465 πίνων,
3549 4393 3637 4447 καὶ
3694 4390 3777 4445 εἴ·

404 4497 598 4560 neque
627 4479 861 4543 bibens.
899 4490 960 4543 et
1001 4480 1254 4555 dixistis,
1286 4481 1653 4543 Daemonium
1695 4482 1892 4547 habet.
1931 4483 2046 4547 Sed

2146 4509 2263 4544 τατε
2295 4504 2311 4518 ⁸
2351 4487 2633 4563 Δαιμόνιον
2695 4486 2810 4564 ἔχει
2846 4503 2862 4520 ο
2909 4482 3044 4540 ἄλλα
3085 4484 3173 4539 καὶ
3214 4485 3247 4550 ἡ
3279 4483 3446 4562 τροφὴ
3475 4487 3566 4538 τοῦ
3593 4478 3770 4536 Ἰωάν-

403 4568 647 4630 omnino
679 4568 920 4650 quidem
954 4577 1012 4630 et
1041 4570 1136 4630 hic
1161 4569 1329 4631 cibus
1354 4567 1604 4631 Joannis
1620 4572 2045 4634 continentiam

2146 4599 2244 4649 μου,
2301 4575 2510 4638 πάντως
2565 4576 2662 4651 μὲν
2712 4575 2801 4630 καὶ
2852 4574 2950 4640 τὴν
2981 4572 3287 4652 ἐγκράτειαν
3318 4571 3527 4629 αὐτόθεν
3583 4566 3763 4636 δηλοῖ.

402 4655 781 4745 manifestat:
820 4657 1085 4719 fortassis
1109 4666 1304 4745 autem
1332 4665 1391 4719 et
1408 4657 1693 4719 indicium
1719 4670 1845 4721 erat
1866 4663 2044 4741 spiri-

2146 4667 2286 4745 Γάχα
2337 4663 2392 4719 δὲ
2444 4666 2532 4722 καὶ
2558 4669 2656 4730 τῆς
2685 4663 2805 4720 τότε
2847 4669 2939 4719 τοῦ
2983 4660 3113 4718 λαού
3152 4659 3376 4739 λογικῆς
3405 4660 3603 4738 τροφῆς
3635 4658 3769 4733 σύμ-ι

402 4744 577 4805 tualis
603 4745 901 4807 alimoniae
938 4745 1135 4826 populi
1182 4744 1281 4825 qui
1318 4754 1455 4806 tunc
1474 4754 1622 4821 erat,
1656 4754 1753 4827 qui
1792 4765 1911 4810 non
1943 4769 2045 4812 co~

2146 4744 2284 4811 ἲολον
2342 4753 2433 4827 ῆν,
2478 4756 2572 4811 οὒκ
2627 4751 2885 4815 έσθίοντός
2937 4772 2986 4807 τι
3053 4756 3158 4807 τῶν
3216 4747 3458 4827 καθαρῶν
3514 4752 3769 4803 πετεινῶν

404 4832 682 4895 medebat
732 4851 907 4913 puras
956 4834 1240 4913 quasdam
1309 4833 1441 4895 coeli
1499 4835 1789 4916 volucres,
1855 4856 2047 4920 neque

2146 4849 2221 4900 ποῦ
2276 4843 2510 4918 οὒρανοῦ,
2548 4838 2664 4899 οὖδί
2720 4839 2963 4903 νοοῦντός
3001 4861 3051 4894 τι
3107 4836 3336 4916 ὑψηλὸν,
3394 4834 3527 4891 ἀλλὰ
3586 4854 3775 4913 τρεφο-

1476 4953 1561 5015 Ex
1593 4955 1911 5019 collatione
1936 4959 2111 5021 codd.
2142 4960 2355 5022 Venet.
2388 4954 2451 5020 S.
2485 4955 2685 5019 Marci.

476 5070 607 5151 (39)
634 5070 778 5159 _Cod.
812 5070 1140 5159 2‘6Aaddit":
1177 5074 1282 5149 Πρὸ
1327 5074 1424 5159 γὰρ
1467 5080 1558 5130 τοῦ
1602 5080 1850 5159 Σωτῆρος
1880 5078 2040 5136 οὖδα-

2146 5078 2335 5142 iullibi
2380 5086 2636 5159 apparet
2689 5077 2825 5140 data
2871 5076 3145 5159 remissio
3177 5070 3602 5159 peccatorum:
3664 5076 3773 5137 sed

394 5149 498 5227 μου
552 5149 789 5229 φαίνεται
831 5149 1045 5207 δοθεῖσα
1094 5151 1276 5229 ἄφεσις
1334 5149 1627 5231 ἁμαρτιῶν,
1690 5149 1809 5211 ἀλλ’
1882 5162 2038 5224 αὐτὸς

2146 5159 2346 5221 trimus
2377 5149 2562 5235 hocce
2604 5157 2826 5240 donum
2883 5157 3130 5240 largitus
3176 5149 3267 5219 est
3306 5156 3576 5240 Cbristus
3633 5173 3769 5240 cum

330 5296 331 5299 η
391 5234 599 5307 πρῶτος
643 5233 671 5286 ὁ
716 5234 940 5320 Χριστὸς
993 5238 1147 5320 τοῦτο
1203 5234 1262 5287 τὸ
1317 5229 1480 5309 δωρον
1530 5232 1816 5313 ἐχαρίσατο
1854 5235 1934 5294 διά
1981 5261 2036 5295 τε

2146 5256 2229 5301 μοι’
2255 5256 2412 5312 sese,
2436 5229 2579 5320 tum
2607 5254 2720 5320 per
2758 5229 3053 5320 baptisma
3098 5254 3294 5320 suum.
3347 5235 3517 5300 Unde
3568 5235 3766 5320 niani-

391 5312 576 5366 ἑαυτοῦ
646 5315 734 5365 και
796 5309 879 5365 δ.ἁ
929 5318 1021 5368 τοῦ
1071 5309 1197 5367 ἰδίου
1251 5309 1648 5386 βαπτίσματος.⁷
1714 5315 1889 5382 Δῆλον
1949 5321 2035 5375 οὖν

2146 5327 2338 5381 estum
2393 5309 2516 5398 est,
2562 5309 2923 5398 baptismum
2983 5317 3229 5398 Joannis
3284 5315 3763 5397 preparationem

388 5387 468 5444 ὅτι
544 5390 602 5442 τὸ
680 5388 954 5464 βάπτισμα
1026 5389 1311 5475 ’ξωαννονλη
1343 5395 1750 5468 προπαρασκευὴ
1811 5396 1876 5464 ἦν
1935 5399 2031 5466 τῆς

2146 5398 2433 5477 μιοῐηιίιιω
2488 5387 2677 5477 fuisse
2733 5396 2809 5459 ad
2881 5387 3301 5460 remissionem
3360 5387 3761 5477 peccatorum.

388 5469 642 5559 ἀφέσεωί
694 5474 854 5559 ’τῶνη
912 5469 1204 5548 ἁμαρτιῶν,
1314 5486 1492 5559 sient-:9
1568 5470 1693 5527 ὅταν
1764 5472 2028 5553 λέγωμεν,

2146 5469 2190 5540 It
2216 5477 2453 5559 quando
2483 5474 2759 5552 dicimus,
2795 5501 2822 5534 ι
2862 5484 2978 5540 etc.
3153 5483 3157 5486 ’

384 5545 443 5609 κέ
498 5567 548 5607 τ.
624 5545 678 5604 λ.
741 5570 766 5599 α
812 5545 1045 5607 Etenim
1104 5558 1239 5608 ante
1323 5545 1637 5609 Salvatoris
1716 5545 2030 5617 adventum
2234 5545 2254 5559 ’
2520 5601 2530 5609 .

459 5680 539 5772 (ᾳ)
576 5676 638 5739 In
673 5678 1557 5772 Graeco.textu,.no.5.Fotasse,
1586 5699 1696 5772 _m:
1729 5684 1897 5749 Edit.
1931 5690 2061 5752 Lut.
2101 5690 2226 5754 Hoc
2243 5699 2353 5759 est,
2391 5691 2755 5768 pradicant:
2784 5708 2903 5770 quo
2951 5693 3143 5767 ferret
3192 5690 3521 5770 baptisma:
3567 5688 3766 5768 poni-

378 5764 607 5835 ιειιιὶω,
640 5773 857 5837 nempe
886 5764 951 5817 in
968 5764 1222 5818 remissi
1236 5776 1374 5820 eam
1390 5768 1811 5837 peccatorum,
1849 5776 1964 5825 etc.
