4106 6280
3533 358 3652 422 498

284 360 394 423 497
1051 363 1490 425 ENARRATIO
1533 363 1614 425 ΙΝ
1663 362 2168 424 EVANGELIUM
2215 361 2476 422 MARCI.
2513 394 2588 405 —
2629 363 2795 423 CAP.
2839 364 2890 422 l.

282 489 435 564 μένου
491 490 635 568 λόγῳ
699 492 1080 569 μετεωροπόρῳ
1139 493 1234 564 μὲν
1289 489 1524 546 δοκοῦντι
1570 491 1655 546 καὶ
1708 491 1916 559 ὰιαπη-

2010 487 2263 550 sublime
2281 489 2562 570 quiddam
2582 490 3081 569 intelligebat,sed
3109 508 3388 554 sermone
3409 489 3649 572 quidem

279 577 454 651 δῶντι,
517 580 898 636 κατα-πίπτοντι
959 579 1013 635 δὲ
1044 579 1200 634 πάλιν
1241 628 1253 640 ,
1289 587 1526 636 τοιοῦτον
1555 582 1653 657 γὰρ
1681 583 1715 648 ἡ
1747 584 1916 660 ἁκρὶς,

2012 576 2385 657 pascebatur,
2419 578 2519 658 qui
2540 578 2702 641 visus
2730 587 2821 641 est
2851 582 2908 639 in
2945 577 3205 640 sublime
3231 579 3520 658 saltitare,
3543 579 3649 641 sed

279 667 505 734 πηδὼσα
559 672 632 732 ὡς
691 670 776 725 ἐπὶ
827 671 888 726 τὸ
931 670 1088 743 ὕψος,
1149 669 1272 726 εἶτα
1300 667 1458 724 πάλιν
1500 670 1918 732 καταπίπτουσα.

281 746 502 836 ’Ὥσπερ
546 764 633 813 οὖν
685 760 772 813 καὶ
825 756 944 832 μέλι
988 758 1086 832 μὶν
1143 756 1319 822 ἤσθιεν
1367 759 1394 812 ὁ
1438 756 1566 821 λαὸς
1597 761 1656 814 τὸ
1687 760 1785 814 ὑπὸ
1815 766 1920 814 τῶν

277 842 542 916 μελισσῶν
601 847 952 923 γεννώμενον,
1008 853 1114 902 τῶν
1170 853 1477 924 προφητῶν,
1533 847 1608 921 μὴ
1653 849 1920 926 γεωργού-

276 955 437 1006 μενον
485 933 537 988 δὲ
582 937 669 991 καὶ
721 937 1083 1013 ἡμερούμενον
1171 933 1254 990 διὰ
1313 943 1402 991 τοῦ
1458 935 1635 998 καλῶς
1689 941 1920 992 νοεῖσθαι

279 1023 365 1076 καὶ
417 1026 690 1092 ζητεῖσθαι
742 1026 828 1079 καὶ
886 1021 1402 1098 καταλαμϐάνεσθαι.
1452 1025 1624 1103 Εἶχον
1682 1025 1779 1099 μὲν
1821 1027 1919 1103 γὰρ

273 1111 366 1174 τὰς
398 1112 602 1190 ι’ραιρὰς
632 1115 678 1166 οἱ
709 1110 949 1190 Ἐϐραῖοι
982 1114 1102 1168 οἶόν
1145 1134 1194 1167 τι
1243 1113 1362 1186 μέλι
1402 1130 1416 1144 ⁸
1458 1110 1575 1168 ἀλλ’
1607 1115 1698 1169 οὒκ
1729 1113 1922 1191 ἐγεωρ-

271 1221 394 1273 γουν
430 1199 606 1276 αὐτας,
643 1198 758 1256 οὐδὲ
788 1201 1042 1279 ἠρεύνων,

364 1399 384 1430 α
431 1380 527 1434 Καὶ
586 1377 862 1457 ἐκήρυσσε,
910 1378 1080 1457 λέγων
1115 1399 1130 1415 ⁶
1192 1372 1457 1459 ’Ἔρχεται
1504 1382 1531 1435 ὁ
1580 1379 1916 1458 ἰσχῦρότερός

272 1487 374 1534 μου
431 1467 598 1521 ὀπίσω
648 1490 771 1540 μου,
819 1471 877 1524 οὗ
919 1471 1013 1525 οὒκ
1043 1471 1146 1542 εἰμὶ
1174 1471 1350 1530 ἱκανὸς
1400 1469 1569 1542 κὺψας
1618 1467 1767 1523 λῦσαι
1826 1469 1916 1523 τὸν

269 1555 466 1627 ἱμάντα
523 1557 628 1610 τῶν
683 1557 1035 1630 ὑποδημάτων
1105 1562 1280 1618 αὒτυῦ.
1331 1555 1471 1634 Ἐγὼ
1525 1558 1621 1630 μὲν
1666 1553 1919 1612 ἐϐάπτισα

267 1644 405 1716 ὑμᾶς
459 1643 513 1697 ἐν
555 1641 722 1720 ὕδατι,
772 1647 926 1705 αὐτὸς
972 1643 1026 1700 δὲ
1087 1647 1326 1722 βαπτίσει
1379 1647 1512 1719 ὑμᾶς
1559 1645 1610 1700 ἐν
1656 1646 1916 1719 Πνεύματι

269 1730 428 1804 ἁγίῳ,
472 1754 494 1783 ι
533 1729 653 1792 οὒδὲ
698 1731 951 1812 ἔσχατος,
999 1736 1148 1814 φησὶ,
1199 1732 1379 1795 δοῦλος
1431 1735 1588 1789 αὐτοῦ
1615 1730 1754 1797 ἄξιός
1813 1734 1918 1807 εἶμι

2002 683 2210 728 rursus
2244 669 2442 729 statim
2495 666 2740 731 decidit.
2803 669 3192 730 Locustarum
3235 667 3394 728 enim
3445 676 3648 729 natura

2003 762 2092 815 est
2121 754 2469 835 subsaltare,
2503 756 2837 836 iterumque
2860 756 3163 820 decidere.
3199 756 3650 830 Quodammodo

2003 843 2185 922 igitur
2214 855 2272 905 et
2321 845 2438 904 mel
2485 844 2724 923 quidem
2774 845 2988 907 edebat
3035 846 3318 926 populus,
3367 846 3525 924 quod
3575 845 3649 906 ab

2000 931 2546 1012 apibus,prophetis
2569 933 3055 1007 contectum,non
3077 944 3275 995 autem
3294 934 3653 1012 agricultura
3737 933 3748 940 ’

2002 1028 2256 1100 partum,
2283 1039 2476 1101 neque
2497 1020 3080 1102 domesticum,quod
3107 1022 3262 1084 bene
3282 1021 3649 1101 intelligere-

2006 1117 2119 1186 tur,
2153 1109 2578 1190 inquireretur,
2609 1117 2668 1171 et
2686 1111 3316 1191 comprehenderetur.
3342 1110 3652 1173 Habebant

2003 1198 2239 1277 quidam
2284 1198 2619 1279 Scripturas
2667 1198 2895 1261 Hebraei
2943 1202 3108 1279 quasi
3163 1201 3280 1262 mel
3325 1200 3646 1282 quoddam,

2001 1287 2106 1347 sed
2140 1286 2252 1366 ipsi
2287 1307 2401 1349 non
2433 1289 2782 1350 excolebant
2810 1307 2910 1349 eas
2945 1308 3140 1369 neque
3170 1289 3602 1351 scrutabantur.

2085 1378 2260 1439 Vens.
2287 1378 2422 1440 7-8.
2465 1402 2487 1433 σι
2521 1377 2589 1438 Ει
2621 1377 2954 1457 praedicavit
2982 1379 3225 1442 dicens:
3269 1378 3440 1441 Venit
3468 1379 3519 1439 is
3547 1371 3649 1459 qui

2000 1464 2205 1526 fortior
2237 1486 2330 1528 me
2351 1477 2440 1528 est
2461 1475 2591 1547 post
2616 1486 2733 1546 me,
2760 1469 2931 1546 cujus
2953 1469 3488 1531 calceamentorum
3522 1485 3648 1528 cor-

2002 1553 2207 1632 rigiam
2239 1564 2294 1617 ut
2329 1555 2729 1636 procumbens
2758 1557 2892 1616 176
2921 1557 3162 1632 solvam,
3196 1575 3315 1617 non
3351 1575 3481 1617 sum
3510 1555 3646 1616 ido-

2002 1659 2174 1704 neus.
2212 1642 2329 1722 Ego
2361 1645 2600 1724 quidem
2649 1643 2934 1724 baptizavi
2984 1662 3090 1706 vos
3139 1663 3310 1724 aqua,
3363 1645 3464 1707 ille
3505 1662 3646 1706 vero

2003 1731 2320 1810 baptizabit
2349 1753 2451 1795 vos
2481 1732 2698 1814 Spiritu
2732 1743 2958 1798 sancto.
2986 1759 3013 1789 ι»
3060 1734 3264 1815 Neque
3297 1733 3648 1795 novissimus

265 1819 442 1890 εἶναι,
505 1819 640 1876 ὥστε
698 1821 849 1877 λῦσαι
906 1826 994 1879 τὸν
1029 1825 1249 1891 ἲιιάντα,
1303 1823 1560 1893 τουτέστι,
1595 1825 1684 1878 τὸν
1727 1819 1916 1897 δεσμὸν

2006 1839 2304 1881 servorum
2356 1823 2488 1901 ejus
2529 1841 2660 1883 esse
2713 1822 2930 1901 dignus
2978 1841 3134 1893 sum,
3190 1822 3406 1904 inquit,
3447 1821 3529 1883 ita
3584 1829 3647 1882 ut

265 1907 359 1961 τὸν
419 1907 526 1963 ἀπὸ
603 1908 772 1987 λώρου
827 1919 931 1967 τῶν
985 1911 1362 1986 ὑποδημάων.
1437 1922 1652 1970 Νοεϊται
1722 1909 1782 1966 δὲ’
1839 1917 1924 1970 καὶ

271 1993 412 2050 οῧτω
448 2016 463 2031 θ
520 1997 714 2062 Πάντες
772 2001 819 2055 οἱ
889 2003 1172 2080 ὶρχομενοι
1224 2004 1309 2056 καὶ
1386 2000 1769 2076 βαπτιζόμενοι
1824 2001 1923 2055 ὑπὸ

273 2081 546 2155 Ἰωάννου,
621 2085 833 2144 ὶλύοντο
888 2088 970 2144 διὰ
1027 2095 1122 2156 τῆς
1194 2091 1475 2164 μετανοίας
1531 2089 1636 2144 ἀπὸ
1678 2098 1768 2146 τοῦ
1831 2087 1920 2144 δε-

272 2180 413 2243 σμοῦ
471 2175 574 2229 τῶν
633 2175 902 2251 ἁμαρτιῶν
962 2180 1152 2251 αὐτῶν,
1213 2180 1267 2235 ἂν
1296 2185 1371 2251 τῷ
1399 2179 1660 2234 πιστεύειν
1703 2179 1774 2240 εἰς
1832 2179 1920 2234 τὸν

275 2263 526 2335 Χριστόν,
577 2265 791 2319 Πάντων
839 2267 935 2340 μὲν
992 2270 1079 2322 οὖν
1128 2274 1232 2322 τῶν
1262 2266 1437 2323 ἄλλων
1470 2266 1614 2321 ἔλυεν
1646 2269 1674 2322 ὁ
1731 2266 1919 2324 Ἰωάν-

274 2372 374 2413 νης
418 2351 538 2414 τοὺς
599 2354 816 2426 ἱμάντας
874 2357 960 2412 καὶ
1022 2357 1132 2419 τοὺς
1195 2354 1413 2430 δεσμοὺς
1471 2355 1916 2433 τῶν-,ἆμαρτιῶι

273 2446 376 2493 Τοῦ
437 2437 490 2494 δὲ
556 2439 731 2507 Ἰησοῦ
784 2446 873 2498 τὸν
931 2446 1120 2518 ἱμάντα
1167 2445 1258 2501 οὒκ
1309 2445 1502 2524 ἴσχυσε
1551 2443 1723 2519 λῦσαι,
1789 2441 1917 2500 διότι

270 2524 390 2583 οὐδὲ
424 2530 568 2606 εὗρεν
601 2531 814 2611 ἱμάντα,
849 2533 1138 2606 τουτέστιν,
1170 2534 1426 2612 ἁμαρτίαν
1456 2533 1509 2588 ἂν
1534 2531 1697 2605 αὐτῷ.

364 2639 390 2668 ε
444 2621 540 2672 Καὶ
570 2617 778 2696 ἐγένετο
839 2622 890 2676 ἐν
939 2622 1162 2685 ἐκείναις
1207 2637 1328 2686 ταῖς
1384 2620 1631 2698 ἡμέραις,
1682 2620 1835 2687 ἦλθεν
1893 2625 1920 2677 ὁ

271 2705 486 2768 Ἰησοῦς
539 2706 644 2762 ἀπὸ
705 2712 940 2787 Ναζαρὲτ
998 2717 1095 2777 τῆς
1144 2709 1446 2788 Γαλιλαίας,
1494 2710 1579 2765 καὶ
1633 2707 1919 2776 ἐϐαπτίσθη

271 2794 375 2847 ὐπὸ
437 2791 678 2852 Ἰωάννου
745 2800 815 2859 εἷς
867 2800 957 2854 τὸν
1015 2799 1281 2877 Ἰορδάνην
1319 2818 1332 2832 ⁶
1393 2799 1478 2853 καὶ
1535 2797 1724 2862 εὐθέως
1785 2799 1916 2854 ἀπ’

272 2880 469 2936 ϐαίνων
528 2885 630 2939 ἀπὸ
667 2894 758 2942 τοῦ
801 2885 1011 2961 ὕδατος,
1074 2889 1182 2947 ετδε
1231 2886 1578 2968 σχιζομένους
1609 2887 1729 2950 τοὺς
1761 2889 1921 2965 οὖρα-

2009 1910 2226 1970 solvam
2246 1911 2584 1990 corrigiam,
2617 1911 2726 1972 hoc
2751 1921 2858 1982 est,
2895 1911 3192 1973 vinculum
3224 1911 3378 1992 quod
3412 1929 3482 1972 ex
3503 1909 3647 1971 loris

2008 2007 2093 2059 est
2114 1999 2500 2061 calceamenti
2522 2000 3230 2080 ejus.Intelligiturautem
3247 2003 3428 2064 ethoc
3447 2001 3641 2062 modo:

2007 2089 2229 2151 Omnes
2249 2090 2348 2170 qui
2365 2091 2679 2151 veniebant
2696 2099 2753 2151 et
2769 2090 3259 2170 baptizabantura
3279 2090 3648 2164 Joanne,so|-

2005 2176 2292 2239 vehantur
2336 2197 2444 2259 per
2484 2179 2889 2259 pcenitentiam
2930 2199 2964 2242 a
3006 2180 3240 2241 vinculo
3273 2189 3646 2260 peccatorum

2002 2267 2413 2346 suorum,dum
2435 2267 2756 2329 credebant
2776 2267 2834 2327 in
2851 2268 3147 2330 Christum
3161 2266 3456 2330 .Omnium
3475 2267 3650 2345 igitur

2002 2355 2247 2416 aliorum
2273 2356 2533 2417 solvebat
2551 2357 2806 2418 Joannes
2822 2359 3107 2436 corrigias
3130 2357 3437 2420 etvincula
3449 2374 3651 2438 pecca-

2001 2451 2218 2505 torum:
2244 2442 2386 2506 Jesu
2407 2453 2603 2506 autem
2628 2445 2941 2525 corrigiam
2969 2445 3199 2508 solvere
3221 2464 3336 2507 non
3364 2446 3650 2526 potuit,eo

2002 2530 2157 2610 quod
2174 2549 2291 2592 non
2307 2533 2527 2592 invenit
2541 2533 2819 2609 corigiam
2832 2533 2967 2607 ,hoc
2981 2541 3407 2614 est,peccatum
3423 2532 3644 2612 inipso.

2082 2618 2262 2681 Vens.
2282 2620 2386 2680 9-1
2408 2623 2457 2682 1.
2501 2648 2520 2672 ει
2553 2621 2620 2681 Et
2642 2621 2856 2681 factum
2883 2631 2970 2682 est
2993 2622 3052 2682 in
3084 2622 3299 2682 diebus
3323 2620 3466 2694 illis,
3489 2620 3647 2682 venit

2003 2710 2171 2770 Jesus
2209 2728 2243 2768 a
2294 2707 2578 2770 Nazareth
2639 2709 2918 2790 Galilzeaa,
2979 2719 3036 2771 et
3093 2711 3418 2791 baptizatus
3467 2718 3556 2771 est
3609 2729 3641 2769 a

2000 2795 2227 2858 Joanne
2257 2797 2316 2857 in
2348 2797 2626 2859 Jordane.
2661 2797 2729 2858 Et
2759 2799 2952 2859 statim
3004 2817 3138 2859 cum
3181 2798 3534 2860 ascenderet
3573 2816 3644 2860 ex

2003 2904 2176 2965 aqua,
2214 2886 2355 2946 vidit
2384 2886 2618 2947 dillindi'
2645 2887 2848 2966 ccelos,
2884 2895 2942 2948 et
2990 2887 3274 2966 Spiritum
3324 2887 3492 2966 quasi
3536 2905 3641 2955 co-

271 2971 416 3044 νοὺς,
475 2973 560 3026 καὶ
605 2975 664 3028 τὸ
738 2982 946 3051 Πνεῦμα
1027 2979 1148 3033 ὡσιί
1225 2976 1531 3053 περιστερὰν
1601 2974 1916 3033 καταϐαῖνον

2007 2971 2264 3032 tumbam
2317 2974 2783 3034 descendentem
2816 2993 2996 3052 super
3024 2974 3186 3036 illum
3227 2996 3239 3031 :
3275 2982 3331 3034 et
3358 2993 3467 3033 vox
3495 2973 3644 3034 facta

269 3057 358 3112 ἔπ’
391 3060 567 3130 αὗτὸν,
602 3063 689 3116 καὶ
749 3065 896 3130 φωνή
949 3065 1155 3141 ἐγένετο
1215 3071 1274 3120 ἐκ
1302 3071 1405 3119 τῶν
1435 3066 1665 3140 οὐρανῶν
1703 3078 1715 3092 ⁸
1750 3065 1822 3118 Σὺ
1867 3065 1916 3119 εἷ

2006 3069 2094 3122 est
2122 3063 2196 3122 de
2229 3062 2392 3123 ccelis
2424 3083 2438 3122 :
2488 3062 2575 3123 Tu
2626 3081 2689 3123 es
2717 3063 2818 3123 ille
2862 3063 3044 3123 Filius
3076 3081 3240 3123 meus
3272 3061 3547 3142 dilectus,
3581 3061 3641 3121 in

270 3148 299 3200 ὁ
347 3145 462 3202 Υἱός
500 3169 602 3220 μου
660 3153 686 3204 ὁ
732 3151 1027 3228 ἀγαπητὸς,
1075 3153 1127 3208 ἐν
1160 3157 1205 3226 ᾧ
1248 3151 1524 3217 εὑδόκήσα.
1567 3175 1593 3204 ι
1633 3149 1762 3229 (40)
1794 3151 1916 3208 Οὔτε

2006 3169 2120 3230 quo
2146 3149 2290 3211 mihi
2322 3149 2474 3212 bene
2504 3150 2921 3229 complacitum
2955 3161 3101 3214 est.»
3129 3149 3331 3230 Neque
3353 3159 3414 3211 ut
3433 3150 3641 3210 remit-

268 3232 357 3288 διὰ
419 3238 478 3290 τξι
523 3237 774 3316 ἀφεθῆναι
832 3247 937 3296 τῶν
992 3243 1286 3320 ἁμαρτιῶν,
1359 3241 1572 3318 ἔρχεται
1626 3243 1654 3294 ὁ
1716 3238 1916 3305 Ἰησοῦς

2006 3246 2270 3300 terentur
2299 3238 2410 3299 sibi
2463 3247 2702 3318 peccata
2750 3240 2908 3300 venit
2956 3242 3128 3302 Jesus
3177 3238 3249 3300 ad
3301 3239 3637 3319 baptisma:

271 3324 360 3378 ἐπὶ
407 3327 465 3380 τὸ
524 3327 820 3406 βάπτισμα,
868 3329 1124 3408 ἁμαρτίαν
1168 3331 1266 3407 γὰρ
1323 3331 1417 3385 οὒκ
1446 3328 1690 3394 ἐποίησεν
1725 3347 1738 3359 ⁸
1803 3328 1916 3385 οὔτε

2006 3336 2306 3408 peccatum
2341 3329 2496 3389 enim
2523 3347 2637 3389 non
2671 3327 2852 3401 fecit;
2884 3347 3079 3408 neque
3102 3338 3164 3390 ut
3185 3328 3436 3410 Spiritus
3463 3328 3645 3410 parti-

268 3415 347 3475 ὡς
407 3416 710 3488 Πνεύματος
774 3419 1219 3495 μεταληψόμενος
1252 3438 1270 3456 ⁸
1339 3421 1398 3475 τὸ
1474 3419 1573 3496 γὰρ
1640 3418 1914 3494 βάπτισμα

2006 3433 2141 3496 ceps
2169 3415 2386 3477 ﬁeret:
2428 3435 2560 3498 cum
2612 3415 2772 3477 enim
2828 3414 3118 3496 baptisma
3170 3408 3434 3488 Joannis,
3487 3408 3643 3474 sicut

269 3499 546 3582 Ἰωάννου,
621 3508 694 3566 ὡς
752 3508 935 3588 εἶπον,
992 3509 1248 3588 ἁμαρτίας
1325 3509 1400 3582 μὴ
1470 3511 1744 3586 καθαῖρον,
1801 3507 1913 3571 πῶς

2006 3504 2149 3578 dixi,
2188 3512 2427 3584 peccata
2480 3524 2597 3566 non
2656 3513 2950 3585 purgaret,
3004 3504 3299 3586 quomodo
3355 3502 3640 3584 Spiritum

270 3590 333 3643 ἂν
399 3598 606 3665 Πνεῦμα
659 3594 846 3652 ἔδωκεν
884 3617 900 3668 ;
947 3596 1111 3653 Ἀλλὰ
1163 3598 1270 3672 μὴν
1300 3595 1412 3653 οὒδὲ
1444 3596 1526 3653 διὰ
1556 3601 1615 3654 τὸ
1647 3597 1913 3671 μετανοῆ-

2006 3594 2310 3655 dedisset?
2338 3591 2453 3655 Sed
2501 3611 2693 3674 neque
2745 3602 2990 3673 propter
3037 3592 3440 3673 paenitentiam
3479 3588 3644 3654 venit

271 3701 362 3733 σαι
411 3679 624 3759 ἔρχεται
677 3686 1188 3762 βαπτισθησόμενος’
1238 3684 1419 3760 πολλῷ
1465 3688 1563 3766 γὰρ
1616 3687 1683 3776 ﬁ]:
1737 3686 1911 3764 κρείτ·

271 3789 376 3822 των
422 3773 630 3828 καὶτοῦ
664 3782 980 3836 Βαπτιστοῦ.
1038 3778 1179 3834 Διατί
1222 3786 1306 3835 οὖν
1351 3775 1606 3856 ἔρχεται,
1642 3767 1724 3832 ΠΗ
1783 3775 1912 3830 πάν-

269 3878 374 3921 τως
431 3859 522 3914 Ἵνα
565 3867 838 3941 φανερωθῇ
896 3867 996 3920 ὑπὸ
1042 3863 1285 3921 Ἰωάννου
1335 3869 1413 3936 τῷ
1467 3863 1602 3936 λαῷ,
1635 3863 1784 3920 Ἐπεὶ
1815 3864 1912 3940 γὰρ

267 3945 456 4002 πολλοὶ
512 3950 802 4031 συνέῤῥεον,
873 3952 1154 4019 εὒδόιιησεν
1209 3951 1382 4009 ἐλθεῖν
1410 3955 1481 4015 ὡς
1514 3951 1575 4007 ἂν
1605 3955 1910 4028 μαρτυρηθῇ

1997 3692 2061 3744 ιιι
2113 3683 2548 3764 baptizaretur:
2613 3683 2799 3744 multo
2858 3684 3017 3744 enim
3088 3680 3464 3764 praestantior
3517 3683 3645 3741 erat

1996 3772 2275 3852 Baptista.
2297 3772 2492 3844 Quare
2517 3772 2695 3850 igitur
2724 3772 2931 3834 venit?
2961 3773 3064 3833 Vel
3095 3771 3337 3833 omnino
3363 3780 3428 3832 ut
3458 3768 3646 3830 mani-

1998 3861 2316 3923 feSIaretur
2338 3879 2372 3922 a
2400 3859 2627 3923 Joanne
2660 3862 2893 3941 populo.
2928 3859 3074 3922 Nam
3107 3861 3245 3942 quia
3275 3858 3441 3920 multi
3491 3876 3639 3919 con-

1995 3947 2717 4028 fluebant,apparet,quod
2733 3949 2867 4010 ideo
2891 3950 3210 4022 venerit,ut
3230 3946 3637 4008 testimonium

268 4037 496 4093 ἐνώπιον
541 4046 645 4096 τῶν
700 4041 912 4098 πολλῶν
955 4044 1170 4117 τούτων,
1205 4043 1280 4106 τίς
1328 4041 1436 4096 ἔστι
1471 4060 1487 4075 ⁶
1527 4042 1612 4096 καὶ
1667 4039 1776 4114 ἅμα
1817 4040 1908 4095 ἵνα

2006 4036 2291 4115 Icciperet
2314 4055 2512 4097 coram
2546 4036 2745 4096 multis
2777 4040 2909 4116 quis
2942 4045 3118 4099 esset.
3141 4035 3248 4098 Vel
3275 4045 3338 4097 ut
3361 4035 3643 4115 impleret

275 4125 541 4204 πληρώσῃ
613 4136 786 4187 πᾶσαν
869 4131 1224 4205 δικαιοσύνην,
1280 4129 1538 4203 τουτέστι,
1598 4129 1770 4193 πάσας
1812 4129 1905 4190 τὰς

2006 4144 2231 4186 omnem
2256 4124 2570 4203 justitiam,
2622 4126 2732 4185 hoc
2764 4135 2874 4198 est,
2911 4125 3110 4186 omnia
3141 4124 3412 4184 mandata
3465 4122 3635 4200 legis.

271 4216 492 4280 ἱντολὰς
524 4227 615 4275 τοῦ
643 4221 804 4295 νόμον
841 4242 855 4257 ·
916 4221 1029 4278 ἐπεὶ
1072 4223 1170 4301 γὰρ
1199 4219 1387 4286 ἐντολὴ
1418 4222 1504 4275 καὶ
1546 4225 1698 4274 τοῦτο
1740 4215 1908 4296 δοκεῖ,

2006 4213 2281 4286 Quoniam
2315 4213 2471 4273 enim
2499 4220 2556 4273 et
2577 4213 2687 4273 hoc
2719 4213 3058 4274 mandatum
3082 4213 3407 4291 videtur,ut
3437 4210 3639 4271 creda-

271 4308 331 4361 τὸ
393 4312 670 4375 πεισθῆναι
727 4318 803 4380 τῷ
858 4297 1105 4390 προφήτῄ
1144 4297 1459 4386 ’βαπτίζοντι
1509 4309 1582 4370 ὡς
1627 4308 1726 4362 ὕπὸ
1784 4305 1914 4362 Θεοῦ

2006 4311 2095 4363 tur
2125 4300 2422 4390 propheta:
2453 4301 2788 4390 baptizanti,
2842 4303 2999 4381 quod
3034 4320 3082 4390 7a
3128 4300 3248 4364 Deo
3279 4300 3509 4390 imissus
3539 4297 3636 4390 sit,

276 4396 589 4475 πεμφθέντι,
649 4397 851 4478 πληροῖ
893 4388 984 4456 iui
1022 4401 1238 4466 ταύτην.
1299 4401 1357 4457 Γὸ
1412 4396 1465 4453 δὲ
1524 4402 1732 4471 Πνεῦμα
1781 4394 1915 4451 κάτ-

2006 4390 2207 4471 implet
2222 4397 2278 4450 et
2307 4389 2522 4478 ipsum.
2557 4388 2809 4478 Spiritus
2839 4407 2981 4451 vero
3013 4389 3322 4478 descendit
3349 4406 3467 4478 non
3483 4388 3638 4478 quod

272 4505 431 4563 εισιν,
481 4490 583 4565 οὐχ
644 4486 722 4543 δτι
766 4476 947 4544 -ἐδίετο
976 4489 1160 4544 τούτου
1200 4491 1228 4543 ἔ)
1283 4488 1528 4565 Χριστὸς,
1575 4484 1690 4548 πῶς
1736 4483 1834 4560 γὰρ
1890 4483 1916 4538 ὃ

2006 4497 2150 4559 opus
2189 4478 2291 4538 illo
2339 4477 2547 4538 habeat
2595 4476 2860 4540 Christus
2898 4499 2912 4538 :
2971 4477 3267 4560 quomodo
3320 4476 3478 4565 enim
3528 4476 3639 4565 hoc

273 4573 340 4638 ἦν
402 4573 456 4626 ὲν
516 4563 656 4648 αδτῷ
685 4575 944 4642 οὗσιωδῶς
972 4579 1128 4652 μένον
1162 4596 1180 4652 ;
1213 4563 1340 4632 ἀλλί
1389 4576 1480 4631 ’ίνα
1523 4575 1695 4648 μάθῃς
1725 4574 1785 4628 σὺ
1835 4570 1916 4627 δτι

2006 4565 2304 4648 possibile,
2337 4585 2470 4628 cum
2515 4568 2573 4627 in
2622 4585 2692 4628 eo
2721 4567 3187 4629 substantialiter
3237 4563 3488 4626 manet?
3533 4563 3638 4624 sed

279 4659 406 4715 ὅταν
464 4662 716 4744 βαπτίζῃ,
778 4669 865 4721 καὶ
926 4668 997 4729 εἷς
1054 4668 1112 4721 σὲ
1170 4669 1380 4739 Πνεῦμα
1428 4665 1576 4739 ἅγιον
1626 4662 1912 4718 ἱλεύσεται⁹

275 4751 388 4822 ἅμα
419 4747 472 4805 δέ
515 4753 600 4807 καὶ
645 4758 795 4810 τοῦτο
827 4755 1032 4832 ἐνήργει
1078 4759 1110 4823 ἡ
1139 4763 1230 4812 τοῦ
1289 4755 1591 4828 Πνεύματος
1650 4749 1863 4814 κάθοδος
1898 4770 1912 4785 ⁸

275 4841 388 4894 επεὶ
450 4842 548 4918 γὰρ
603 4844 757 4898 εἶπεν
787 4846 814 4900 ὀ
845 4846 1022 4923 Πατὴρ
1052 4844 1271 4918 ἄνωθεν,
1305 4843 1467 4905 Οὗτός
1517 4842 1656 4898 ἐστιν
1713 4843 1740 4896 ὁ
1800 4844 1916 4905 Υἱός

275 4952 402 5000 μου,

280 5015 522 5077 Ἰωάννου
574 5018 716 5097 λέγει
752 5025 1000 5100 ,κάτεισι
1061 5026 1122 5079 τὸ
1179 5030 1387 5098 Πνεῦμα
1446 5021 1530 5076 ἐπὶ
1557 5023 1648 5077 τὸν
1692 5018 1926 5085 Ἰησουν.

2003 4665 2064 4716 ιιι
2095 4665 2153 4716 ιιι
2185 4654 2375 4716 discas
2403 4656 2559 4736 quod
2612 4656 2846 4736 quando
2889 4655 3220 4737 haptizaris,
3261 4655 3435 4715 etiam
3486 4653 3547 4714 in
3581 4660 3637 4712 te

1999 4746 2255 4827 Spiritus
2286 4753 2524 4807 sanctus
2564 4745 2777 4808 veniat.
2815 4749 3048 4808 Interea
3097 4753 3158 4807 et
3205 4747 3315 4806 hoc
3360 4750 3637 4822 operatur

2001 4835 2255 4917 Spiritus
2286 4834 2473 4895 sancti
2502 4835 2829 4896 descensus
2864 4853 2876 4898 :
2915 4853 2987 4895 ne
3012 4853 3145 4895 cum
3174 4833 3347 4895 Pater
3377 4848 3633 4911 superne

465 4929 555 4985 ἵνα
610 4933 686 5005 μῆ
744 4936 1026 5008 νομίσωσιν
1098 4937 1143 4990 οἱ
1195 4935 1470 4996 ἀκούοντες
1516 4931 1595 4986 ὅτι
1655 4932 1770 5008 περὶ
1839 4945 1916 4996 τοῖ

2013 4928 2258 4995 diceret,
2295 4923 2405 4985 Hic
2434 4932 2523 4984 est
2567 4923 2665 4984 ille
2725 4924 2914 4985 Filius
2963 4941 3152 5002 meus,
3209 4927 3520 5008 putarent,
3540 4937 3633 5008 _qu

2015 5014 2345 5085 audierant,
2373 5011 2529 5092 quod
2557 5012 2631 5074 de
2649 5012 2879 5075 Joanne
2899 5011 3163 5085 dixisset,
3198 5006 3504 5072 descendit
3532 5005 3636 5087 Spi

1350 5159 1434 5220 Ex
1470 5156 1790 5219 collatione
1818 5147 1992 5212 codd.
2029 5150 2240 5208 Venet.
2275 5143 2339 5206 S.
2374 5143 2579 5205 Marci.

350 5287 478 5365 (40)
512 5286 654 5351 Cod.
689 5290 767 5354 26
795 5291 961 5352 addit
993 5312 1006 5354 :
1056 5296 1321 5351 Ματθατος
1346 5290 1440 5366 μὲν
1471 5289 1652 5353 ἁπλῶς
1682 5291 1786 5346 ἀπὸ
1816 5289 1914 5354 τῆς

277 5367 554 5450 Γαλιλαίας
601 5376 742 5450 εἷπε,
786 5372 1000 5450 Μάρκος
1053 5371 1104 5426 δὲ
1162 5370 1463 5450 ἰδικώτερον
1500 5372 1602 5450 ⁸καὶ
1658 5370 1756 5436 τὴν
1806 5369 1912 5424 πό-

274 5445 353 5502 λιν
402 5451 458 5504 ἓν
517 5431 828 5542 ᾒβιέτριϐε
879 5431 1200 5542 ’προσέθηκίι
1235 5431 1575 5542 Οὔτε-’δεδιὰ
1640 5452 1694 5505 τὸ
1715 5431 1910 5542 αρξθῆ-

278 5550 353 5582 ναι
411 5536 518 5584 τῶν
574 5529 865 5605 ἁμαρτιῶν,
924 5529 977 5594 ἀι,
1038 5554 1084 5589 τ.
1141 5529 1190 5587 λ.
1262 5554 1285 5584 α
1319 5529 1625 5591 Mattheus
1672 5529 1911 5608 quidem

1999 5277 2350 5358 simpliciter
2378 5276 2543 5348 dixit,
2577 5294 2680 5358 ex
2713 5277 2969 5358 Galiliwa
3009 5297 3023 5337 :
3071 5285 3128 5337 at
3175 5280 3406 5340 Marcus
3456 5273 3643 5358 magis

2000 5354 2436 5440 particulariter
2481 5356 2772 5418 civitatem
2808 5357 3010 5440 etiam
3038 5358 3096 5418 in
3141 5375 3256 5438 qua
3303 5354 3640 5440 morabatur

1997 5433 2239 5518 adjecit.
2272 5440 2349 5576 ἶιι
2378 5453 2516 5496 vero
2547 5454 2740 5514 neque
2769 5445 2836 5498 ut
2866 5433 3310 5499 remitterentur
3348 5433 3460 5494 sibi
3493 5452 3636 5513 pec-

1998 5528 2146 5581 cata.
2176 5543 2200 5572 ι
2240 5536 2272 5578 e
2301 5536 2354 5576 c.

2132 5568 2146 5597 ,
2176 5543 2200 5572 ι
2240 5536 2354 5578 etc.
