4106 6280
256 357 374 419 813

251 491 556 556 αναίσθητοι
652 490 888 570 μένουσι,
969 492 1047 565 μὴ
1171 498 1569 571 συγχωροῦντες

253 580 640 657 ἁμαρτήματα.
682 577 920 636 δύνασθαι
994 581 1294 658 θεραπεύειν
1361 587 1437 651 τῷ
1506 582 1598 643 τὰς
1680 576 1889 655 καρδίας

252 669 422 725 aut-Iw
476 665 651 726 εἰδότι.
702 674 977 726 Πιστοῦται
1023 668 1202 744 μέντοι
1233 668 1319 724 καὶ
1381 665 1591 744 βεϐαιοῖ
1632 670 1658 722 ὃ
1708 671 1889 747 Κύριος

252 753 334 810 διὰ
390 762 481 811 τοῦ
545 758 607 812 τὸ
667 764 821 833 σῶμα
889 761 1226 834 θεραπεῦσαι,
1297 759 1358 813 τὸ
1414 758 1500 813 καὶ
1558 759 1657 825 τὴν
1711 759 1890 836 ψυχὴν

252 846 409 900 αὺτοῦ
462 845 726 919 ἰάσασθαι,
785 843 868 901 δια
936 845 1029 902 τοῦ
1085 846 1343 926 ἔμφανοῦς
1412 848 1472 901 τὸ
1529 847 1720 927 ἀφανὲς
1794 848 1887 922 βε-

250 929 507 1005 ϐαιώσας,
582 936 667 990 καὶ
719 933 802 990 διὰ
858 942 947 991 τοῦ
1003 934 1372 1013 εὐχερεστέρου
1427 936 1488 989 τὸ
1546 933 1885 1013 δυσχερέστες

249 1042 360 1097 ρον,
450 1021 546 1076 κᾶν
575 1022 789 1085 ὲκείνοις
815 1025 916 1102 οὔχ
944 1023 1109 1087 οῧτως
1141 1023 1329 1085 ἐδόκει,
1362 1025 1419 1080 Οἱ
1465 1026 1563 1101 γὰρ
1605 1032 1887 1102 Φαρισαῖοι

249 1107 659 1189 δυσχερέστερον
723 1111 891 1186 ᾤοντο
960 1114 1019 1167 τὸ
1075 1118 1231 1187 σῶμα
1284 1116 1621 1191 θεραπεῦσαι,
1653 1116 1725 1175 ὡς
1758 1136 1883 1193 φαι-

248 1199 489 1271 νόμενον’
550 1201 610 1254 τὸ
681 1198 734 1255 δί
800 1201 897 1267 τὴν
967 1201 1150 1280 ψυχὴν
1228 1203 1397 1258 εἰπεῖν
1481 1202 1879 1279 θεραπευθῆναι,

246 1286 487 1366 εὐχερὲς,
560 1286 691 1344 διότι
764 1289 968 1369 ἀφανὴς
1023 1291 1090 1355 ἦν
1148 1291 1481 1369 ἠθεραττῖῖα,
1559 1283 1739 1346 Ἷεὶστε
1797 1292 1885 1346 καὶ

245 1384 462 1432 τοιαῦτα
525 1376 587 1435 ἄν
639 1378 771 1440 ἴσως
802 1376 1169 1455 διελογίζοντο*
1220 1376 1347 1436 Ἰδοὺ
1376 1381 1404 1433 ὃ
1448 1378 1667 1452 πλάνος,
1713 1380 1882 1458 ἀφῆκε

244 1466 303 1521 τό
374 1468 688 1543 θεραπεῦσαι
767 1470 824 1521 τὸ
868 1474 1047 1545 σῶμα,
1080 1469 1139 1523 τὸ
1170 1470 1414 1548 τρανερὸν,
1470 1471 1556 1525 καὶ
1611 1470 1881 1547 θεραπεύει

242 1554 345 1617 τὴν
427 1554 602 1633 ἁφαιῆ
634 1556 839 1633 ψυχὴν,
870 1554 929 1609 λέ
946 1571 1062 1631 γων⁹
1117 1580 1139 1611 ε
1180 1555 1470 1635 ’Δφέωνταί
1513 1579 1591 1612 σοι
1626 1558 1674 1611 αἶ
1706 1558 1880 1634 ἀμαρ-

240 1641 372 1703 τίαι,
454 1665 477 1698 ι
544 1645 761 1705 Πάντως
792 1646 891 1723 γὰρ
935 1647 979 1699 εἰ
1034 1643 1277 1720 ἠδύνατο,
1311 1648 1371 1701 τὸ
1400 1650 1559 1720 σῶμα
1603 1644 1663 1701 ἄν
1709 1647 1884 1723 ὶθερέι-

241 1749 428 1810 πευσε,
500 1734 587 1788 καὶ
657 1735 715 1789 οὗ
774 1733 1058 1813 κατέφυγεν
1120 1735 1192 1799 εἰς
1262 1737 1322 1790 τὸ
1372 1736 1589 1814 ἀφανὲς,
1643 1727 1699 1791 Ὀ
1760 1745 1880 1813 γοῦν

992 360 1438 423 ENARRATIO
1482 363 1561 421 ΙΝ
1612 357 2113 421 EVANGELIUM
2167 360 2424 419 MARGI.
2468 393 2519 402 -
2579 360 2741 421 CAP.
2795 361 2873 421 Il.

1662 493 1723 545 τὸ
1790 492 1890 577 ,καὶ
1915 496 1952 541 Α
1978 487 2247 567 pidi,non
2268 490 2664 577 concedentes
2676 512 2852 571 posse
2877 495 3180 553 remittere
3193 498 3432 570 peccata
3449 488 3614 549 illum

3510 344 3626 415 514

1976 577 2072 654 qui
2098 580 2275 638 corda
2295 578 2564 657 ipsorum
2586 588 2773 641 norat.
2799 581 3010 642 Fidem
3046 581 3229 659 igitur
3251 578 3387 640 facit
3414 597 3484 639 ac
3502 585 3617 638 sta-

1976 666 2121 741 bilit,
2148 687 2365 749 corpus
2385 664 2674 742 sananio,
2713 690 2886 750 posse
2922 690 2984 731 se
3030 671 3204 731 etiam
3232 669 3488 730 animam
3516 686 3616 727 sa—

1975 774 2149 818 nare:
2175 770 2349 838 atque
2370 760 2519 822 adeo
2552 780 2657 841 per
2678 760 3082 839 manifestum,
3111 760 3166 820 id
3195 757 3349 839 quod
3397 757 3615 817 obscu-

1976 864 2105 905 rum
2141 857 2287 916 erat,
2342 850 2672 930 conﬁrmat,
2701 854 2755 909 et
2787 869 2890 929 per
2940 849 3110 909 facile
3150 846 3491 907 difficilius:
3526 852 3614 904 ta-

1977 936 2145 995 metsi
2176 955 2291 995 non
2325 937 2403 997 ita
2438 938 2734 999 videretur
2765 938 2905 1000 illis.
2942 936 3219 999 Pharisaei
3265 935 3425 996 enim
3458 933 3616 994 diﬂi-

1972 1023 2147 1082 cilius
2184 1024 2466 1099 pu:abant
2497 1045 2711 1106 corpus
2745 1028 2967 1100 sanari,
3006 1025 3063 1085 id
3094 1024 3251 1104 quod
3286 1023 3561 1084 videbant
3597 1046 3609 1080 :

1969 1109 2198 1172 facilius
2219 1132 2353 1175 vero
2372 1115 2732 1189 animam,eo
2763 1115 2916 1195 quod
2942 1115 3173 1175 occulta
3185 1124 3344 1174 esset
3360 1112 3610 1174 sanatio.

1968 1199 2157 1280 Atque
2182 1204 2441 1263 fortassis
2477 1204 2611 1264 talia
2639 1204 2994 1280 cogitabant:
3022 1202 3171 1264 Ecce
3206 1202 3303 1263 hic
3326 1202 3612 1281 impostor

1968 1297 2028 1347 ut
2058 1288 2264 1349 evadat
2296 1309 2371 1351 ne
2403 1300 2567 1352 curet
2589 1310 2804 1372 corpus
2828 1293 2981 1372 quod
3016 1292 3075 1351 in
3103 1290 3436 1370 manifesto,
3462 1308 3606 1370 pra:-

1968 1377 2107 1437 texit
2138 1378 2293 1457 quod
2327 1389 2492 1441 curet
2522 1380 2783 1442 animam
2816 1400 2948 1459 qua:
2977 1380 3038 1440 in
3072 1379 3325 1459 occulto,
3357 1378 3604 1440 dicens:

1971 1464 2402 1528 «Remittuntur
2426 1469 2527 1528 tibi
2554 1467 3117 1547 peccata.»0mnino
3143 1468 3302 1529 enim
3333 1468 3381 1527 si
3414 1476 3612 1547 posset

1964 1571 2173 1614 sanare
2205 1574 2443 1635 corpus,
2469 1576 2584 1616 non
2618 1558 2967 1636 confugeret
2990 1557 3062 1617 ad
3097 1557 3154 1616 id
3187 1556 3343 1636 quod
3368 1556 3608 1634 ignora-

1968 1660 2122 1701 mus.
2149 1641 2437 1713 Quocirca
2494 1644 2759 1706 Salvator
2814 1646 3134 1707 ostendens
3184 1664 3249 1705 se
3292 1652 3608 1724 utrumque
3696 1674 3699 1677 λ

1969 1730 2320 1808 posse.Quid
2344 1744 2430 1792 est
2444 1734 3137 1813 facilius,inquit,sanare
3154 1751 3472 1813 corpus,an
3486 1734 3607 1792 ani-

241 1820 436 1897 Σωτὴρ
491 1819 734 1878 δεικνύων
794 1824 973 1885 αὺτοῖς
1025 1821 1105 1877 ὅτι
1147 1823 1417 1903 ἀμφότερα
1448 1822 1680 1895 δύναται,
1728 1826 1872 1903 φησί·

1968 1821 2153 1877 mam?
2190 1820 2447 1881 Omnino
2490 1840 2702 1882 curare
2731 1840 2969 1902 corpus;
3024 1823 3128 1884 sed
3164 1821 3327 1882 vobis
3374 1821 3609 1882 videtur

238 1908 302 1963 Τ(
358 1907 501 1965 ἑστιν
572 1910 955 1990 εὖκοπώτερον,
1027 1914 1085 1966 τὸ
1141 1915 1451 1991 θεραπεῦσαι
1486 1920 1661 1987 σῶμα,
1697 1914 1730 1980 ἢ
1773 1918 1875 1988 ψυ-

237 1996 401 2075 χὴνς
464 2000 678 2062 Πάντως
732 2000 793 2054 τὸ
834 2000 1146 2076 θεραπεῦσαι
1190 2006 1368 2075 σῶμα,
1402 2000 1522 2056 ἀλλ’
1551 2004 1679 2076 ὑμῖν
1735 1999 1881 2057 δοκεῖ

238 2085 564 2149 τούναντίον,
624 2087 768 2165 Ἐγὼ
822 2088 992 2144 τοίνυν
1045 2086 1129 2143 διὰ
1183 2096 1275 2145 τοῦ
1324 2090 1385 2144 τὰ
1423 2092 1579 2164 σῶμα
1622 2094 1878 2167 θεραπεῦ-

238 2196 350 2252 σαι,
413 2173 542 2253 ὅπερ
599 2180 667 2253 τῇ
724 2176 820 2252 μὲν
849 2174 1065 2249 ἀληθείᾳ
1094 2177 1336 2257 εὐχερὲς,
1368 2177 1619 2258 δυσχερὲς
1650 2178 1703 2233 δὲ
1733 2178 1881 2236 δοκεῖ

234 2264 391 2336 ὑμῖν,
459 2270 793 2340 πιστώσομαι
863 2267 950 2322 καὶ
1018 2266 1117 2332 τὴν
1189 2271 1287 2333 τῆς
1345 2271 1522 2346 ψυχᾶς
1579 2269 1876 2346 θεραπείαν,

240 2350 356 2415 ἥτις
416 2350 676 2433 δυσχερὴς
733 2355 851 2429 μὲν,
912 2353 995 2413 διὰ
1051 2354 1104 2410 δί
1146 2356 1207 2410 τὸ
1275 2356 1479 2436 ἀφανὴς
1512 2357 1877 2412 εἴναικαὶἁν-

236 2439 514 2523 ἑλεγκτος,
577 2441 723 2499 δοκεῖ
752 2446 999 2523 εὐχερής.
1037 2450 1164 2501 Τότε
1194 2452 1319 2522 γοῦν
1350 2444 1490 2522 λέγει
1524 2453 1599 2520 τῷ
1638 2446 1875 2517 παραλυ-

232 2535 392 2603 τικῷ.
467 2520 717 2611 ’Ἐγειραι
776 2520 1040 2611 κανὶήᾶρον
1111 2520 1219 2589 τὸν⁷
1270 2520 1561 2604 κράόὅλτόν
1628 2558 1741 2614 σου,
1804 2537 1876 2598 εἷς

232 2620 491 2675 πίστωσιν
548 2621 761 2676 πλείονι
814 2630 908 2679 τοῦ
963 2622 1248 2695 θαύματος,
1280 2621 1359 2678 ὅτι
1391 2625 1450 2679 οὔ
1480 2625 1613 2679 κατὰ
1671 2646 1839 2703 φαντα

229 2710 345 2763 σίαν
394 2710 530 2765 ἱστί’
592 2711 677 2765 γαὶ
745 2709 855 2785 ἅμα
912 2708 1004 2766 ἵνα
1052 2709 1189 2787 δείξῃ
1258 2710 1425 2770 duo)
1450 2711 1613 2787 μόνον
1664 2714 1871 2790 ἰάσατο,

228 2796 369 2853 ἀλλὰ
439 2800 525 2854 καὶ
594 2795 808 2874 δύναμιν
880 2798 1143 2866 ἐνέθηκεν,
1213 2799 1392 2863 Οὕτως
1444 2804 1530 2857 οὖν
1587 2816 1733 2857 ποιεῖ
1788 2804 1874 2859 καὶ

229 2888 314 2943 ἰπὶ
364 2893 471 2943 τῶν
525 2892 771 2967 ψυχικῶν
856 2887 1304 2966 ἀρρωστημάτων·
1366 2892 1425 2947 οὗ
1480 2891 1641 2964 μόνον
1695 2889 1871 2946 ἀπαλ-

230 2976 412 3033 λάττει
471 2978 612 3050 ἡμᾶς
670 2984 777 3033 τῶν
844 2978 1147 3056 ἁμαρτιῶν,
1180 2977 1316 3034 ἀλλὰ
1358 2980 1445 3035 καὶ
1488 2976 1701 3054 δύναμιν
1732 2979 1871 3035 ἐντί-

229 3071 384 3133 θησιν
456 3067 529 3129 εἷς
585 3069 645 3122 τὸ
699 3066 999 3145 ἐργάζεσθαι
1056 3068 1149 3130 τὰς
1224 3067 1460 3131 ἐντολάς.
1501 3069 1734 3143 Δύναμαι
1786 3070 1873 3124 οὖν

228 3157 385 3234 κάγὼ
442 3154 736 3234 παράλυτος
794 3156 868 3213 ὤν
934 3157 1164 3223 ἰαθῆναι,
1227 3155 1397 3215 ’Ἔστι
1456 3157 1669 3236 γὰρκαὶ
1726 3164 1813 3212 νῦν
1842 3160 1869 3213 ὁ

1965 1910 2352 1969 contrarium.
2393 1914 2509 1987 Ego
2554 1910 2732 1988 igitur
2780 1912 3043 1972 curando
3090 1928 3328 1990 corpus,
3360 1909 3420 1970 id
3447 1911 3607 1990 quod

1961 2013 2168 2057 revera
2196 1996 2371 2058 facile
2401 1998 2759 2070 est,dillicile
2789 2008 2984 2061 autem
3015 1997 3182 2060 vobis
3207 1998 3602 2073 videtur,cre-

1962 2083 2204 2146 dibilem
2238 2086 2413 2147 etiam
2438 2086 2646 2148 faciam
2679 2088 2889 2148 animae
2918 2090 3309 2167 curationem,
3352 2087 3411 2147 id
3442 2088 3602 2167 quod

1963 2191 2168 2235 revera
2197 2174 2465 2255 difﬁcile,
2491 2176 2595 2237 sed
2644 2177 2779 2255 quia
2826 2177 2885 2236 in
2910 2176 3139 2238 occulto
3170 2177 3265 2250 sit,
3302 2184 3360 2236 et
3388 2176 3603 2256 depre-

1963 2262 2142 2323 hendi
2177 2262 2642 2344 nequit,videtur
2670 2264 3044 2326 facile.Tunc
3074 2265 3254 2343 igitur
3276 2263 3420 2325 dicit
3441 2284 3607 2345 para-

1962 2349 2134 2429 lytico
2169 2369 2183 2413 :
2220 2351 2428 2430 Surge,
2463 2362 2520 2414 et
2551 2354 2691 2415 tolle
2721 2353 3069 2432 grabbatum
3097 2362 3285 2427 tuum,
3315 2354 3387 2414 ad
3413 2354 3602 2432 majo-

1958 2456 2086 2499 rem
2108 2441 3092 2524 miraculicontirmationem,quod
3115 2462 3232 2503 non
3253 2452 3607 2523 apparenter

1958 2537 2197 2591 sanatus
2226 2530 2325 2605 sit,
2378 2539 2435 2592 et
2482 2531 2554 2592 ad
2589 2532 3013 2594 declarandum
3068 2532 3226 2611 quod
3261 2550 3380 2593 non
3411 2531 3602 2592 solum

1956 2618 2311 2698 sanarit,sed
2340 2627 2403 2680 ‘et
2425 2619 2701 2682 virtutem
2734 2621 3043 2683 indiderit.
3080 2620 3177 2682 Sic
3204 2638 3438 2701 quoque
3468 2619 3602 2681 facit

1959 2710 2017 2763 et
2044 2704 2104 2765 in
2130 2705 2354 2767 morbis
2384 2707 2623 2769 animae.
2654 2706 2783 2771 Non
2808 2713 3002 2772 solum
3035 2708 3247 2770 liberat
3278 2726 3383 2769 nos
3412 2729 3442 2768 a
3469 2726 3602 2788 pec-

1958 2794 2125 2866 catis,
2172 2796 2275 2856 sed
2310 2796 2488 2857 etiam
2542 2798 2811 2859 virtutem
2868 2798 3150 2871 infundit,
3186 2808 3251 2858 ut
3282 2815 3603 2877 operemur

1958 2885 2235 2944 mandata
2265 2887 2510 2946 Possum
2541 2886 2803 2965 igitur‘et
2833 2906 2964 2966 ego,
3006 2906 3140 2947 cum
3171 2888 3282 2946 sim
3314 2886 3597 2965 paralyti—

1956 2975 2418 3050 cus,sanari.Est
2439 2975 2596 3035 enim
2618 2983 2675 3037 et
2692 2995 2847 3037 nunc
2868 2976 3134 3039 Christus
3154 2974 3214 3034 in
3227 2977 3592 3053 Capernaum

1955 3060 2130 3122 domo
2162 3062 2724 3138 consolationis,hoc
2756 3073 2845 3125 est
2875 3063 3159 3138 Ecclesia.
3192 3066 3414 3125 Domus
3435 3064 3592 3123 enim

1954 3150 2240 3212 Paracleti
2264 3150 2483 3213 dicitur
2506 3152 2791 3215 Ecclesia.
2820 3156 2961 3215 Sum
2990 3160 3185 3213 autem
3216 3150 3588 3232 paralyticus.

227 3247 458 3325 Χριστὸς
513 3245 569 3301 ιν
626 3246 998 3323 Καπερναοὺμ,
1047 3251 1124 3319 τῷ
1152 3246 1290 3320 οῗκῳ
1317 3252 1415 3313 τῆς
1456 3234 1863 3325 παραγλήσεως,

1958 3234 2089 3323 quia
2121 3258 2236 3300 non
2265 3252 2583 3322 operantur
2604 3250 2661 3302 et
2691 3241 3032 3303 immobiles
3052 3249 3190 3302 sunt
3207 3240 3359 3301 vires
3379 3239 3593 3301 animae

224 3335 466 3392 τουτέστι
518 3342 587 3412 τῇ
636 3334 953 3409 Ἐκκλησίᾳο
1011 3336 1164 3401 οἶκος
1223 3338 1321 3414 γὰρ
1348 3342 1440 3392 τοῦ
1495 3334 1866 3415 Παρακλήτου,

222 3426 261 3491 ἡ
313 3422 626 3492 Ἐκκλησία·
692 3426 798 3500 εἰμί
828 3423 873 3481 δ’
915 3427 1026 3503 ἑγὼ
1053 3424 1372 3505 παράλυτος,
1402 3427 1497 3488 τὰς
1540 3432 1638 3493 τῆς
1687 3426 1869 3505 ψυχῆς

222 3511 472 3589 δυνάμεις
529 3514 902 3593 ἀνενεργήτοῡς
969 3516 1057 3571 καὶ
1113 3516 1392 3584 ἀκινήτους
1440 3516 1585 3594 ἔχων
1632 3518 1762 3593 πρὸς
1809 3517 1869 3571 τὸ

221 3600 414 3658 καλόνο
490 3601 608 3658 ἀλλ’
686 3603 775 3659 ἐὰν
826 3604 929 3660 ὑπὸ
984 3610 1089 3661 τῶν
1143 3604 1409 3682 τεσσάρων
1482 3602 1864 3682 εὖαγγελιστῶν

222 3690 391 3769 ἆρθῶ,
449 3693 537 3747 καὶ
589 3692 821 3772 ἆπαχθῶ
876 3695 1006 3770 πρὸς
1061 3695 1151 3749 τὸν
1212 3694 1421 3772 Κύριον,
1456 3693 1574 3749 τότε
1631 3693 1859 3750 ἆκούσω”

222 3781 421 3837 Τέκνον
468 3783 593 3852 (υίὸς
664 3783 763 3860 γὰρ
830 3789 922 3838 τοῦ
992 3784 1122 3839 Θεοῦ
1176 3782 1387 3859 γίνομαι
1446 3781 1529 3838 διὰ
1603 3787 1701 3849 τῆς
1758 3788 1863 3839 τῶν

221 3869 456 3926 ἆντολῶν
514 3869 808 3950 ὶργασίας),
881 3872 968 3927 καὶ
1011 3870 1357 3950 ἀφεθήσονταί
1387 3895 1474 3947 μοι
1506 3874 1555 3927 αἱ
1588 3873 1859 3950 ἁμαρτίαι.

224 3958 396 4015 Ἀλλὰ
454 3966 566 4024 πῶς
596 3960 980 4039 ἀπαχθήσομαι
1029 3959 1317 4039 ἔμπροσθεν
1342 3970 1433 4019 τοὺ
1467 3959 1642 4027 ἰησοῦ
1676 3980 1691 4040 ;
1740 3958 1863 4017 Ἐὰν

220 4049 321 4114 τήν
380 4048 578 4126 στέγην
633 4048 937 4127 ἀνορύξωσι,
1026 4051 1113 4112 Τίς
1145 4046 1197 4104 δὲ
1228 4050 1261 4116 ἡ
1319 4049 1531 4128 στέγης
1584 4040 1637 4106 Ὀ
1670 4056 1786 4115 νοῦς
1836 4051 1862 4104 '0

219 4136 595 4215 ὑπερκείμενος
657 4138 867 4192 πάντων
941 4145 1045 4192 τῶν
1102 4138 1154 4193 ἐν
1186 4139 1345 4212 ἡμῖν,
1414 4140 1574 4201 Οὗτος
1633 4136 1686 4192 δὲ
1745 4137 1861 4217 ἔχει

220 4232 355 4304 χοῦν
412 4224 574 4282 πολόν
628 4227 715 4282 καὶ
769 4227 1048 4304 κεράμους,
1078 4227 1144 4282 τὰ
1173 4227 1338 4304 γήϊνα
1368 4223 1508 4302 λέγω
1551 4226 1858 4303 πράγματα’

219 4313 343 4370 ἄλλ’
418 4312 504 4371 ἰὰν
561 4315 990 4371 ἇποσκευασθῶσι
1048 4322 1209 4371 ταῦτα
1253 4314 1446 4386 πάντα,
1474 4315 1561 4369 καὶ
1593 4315 1861 4394 ἀνορυχθῇ

217 4406 251 4470 ἡ
312 4403 367 4459 ἐν
426 4405 558 4479 ἡμῖν
617 4411 709 4461 τοῦ
761 4411 847 4461 νοῦ
893 4402 1105 4479 δύναμις
1161 4404 1247 4460 καὶ
1303 4403 1686 4481 ἀποφορτισθῇ,
1738 4403 1858 4458 εἶτα

1954 3346 2100 3389 meae
2122 3330 2197 3388 ad
2227 3329 2581 3392 bonumzsed
2602 3331 2701 3392 sia
2718 3339 2969 3412 quatuor
2988 3328 3365 3409 evangelistis
3393 3337 3590 3408 gesta-

1954 3425 2045 3476 tus
2067 3417 2430 3479 etadductus
2454 3419 2621 3481 fuero
2652 3419 2729 3481 ad
2758 3419 3099 3493 Dominum,
3132 3428 3273 3480 tunc
3302 3417 3536 3479 audiam
3574 3435 3586 3479 :

1950 3503 2060 3565 Fili
2085 3505 2285 3580 (Filius
2315 3507 2476 3568 enim
2509 3508 2616 3569 Dei
2651 3526 2780 3571 sum
2816 3525 2920 3589 per
2947 3509 3359 3568 mandotorum
3389 3524 3593 3587 opera-

1953 3592 2227 3674 tionem),
2254 3602 2312 3655 et
2328 3596 2709 3658 remittentur
2727 3595 2869 3657 mihi
2886 3595 3272 3676 peccata.Sed
3295 3595 3589 3677 quomodo

1948 3682 2179 3744 adduca
2207 3684 2280 3745 ad
2310 3683 2545 3748 Jesum?
2601 3684 2661 3748 Si
2722 3695 2941 3748 tectum
3002 3684 3389 3765 perfoderint.
3422 3684 3590 3757 Quod

1948 3779 2039 3832 est
2070 3779 2318 3835 tectum?
2349 3778 2541 3855 Mens,
2575 3793 2707 3855 quae
2735 3792 3015 3856 suprema
3047 3775 3231 3836 nostri
3267 3774 3455 3855 portio
3474 3782 3584 3853 est,

1945 3858 2084 3921 Haec
2109 3861 2286 3923 habet
2329 3863 2573 3924 inultum
2625 3874 2797 3925 terrae
2827 3872 2885 3925 et
2916 3863 3043 3945 luti,
3092 3865 3459 3941 negotiorum
3490 3865 3583 3924 in-

1947 3968 2121 4028 quam
2168 3960 2536 4013 terrenorum
2595 3974 2607 4011 :
2662 3962 2942 4015 caeterum
3005 3952 3104 4013 ubi
3165 3953 3288 4013 haec
3320 3952 3585 4033 deposita

1945 4037 2251 4118 fuerint,et
2272 4040 2489 4101 eﬂ‘ossa
2512 4042 2726 4102 mentis
2758 4051 2974 4102 nostrae
2998 4042 3182 4101 virtus
3199 4049 3256 4101 et
3272 4053 3588 4102 exonerata

1944 4127 2373 4200 fuerit,deinde
2398 4147 2504 4207 ego
2527 4129 2820 4191 demissus
2842 4131 3028 4205 fuero,
3060 4130 3171 4191 hoc
3201 4138 3292 4189 est
3313 4131 3582 4191 humilia-

1946 4226 2188 4290 tus,non
2206 4216 2366 4277 enim
2385 4219 2584 4278 extolli
2597 4226 3173 4298 oportet,propterea
3188 4218 3347 4297 quod
3366 4226 3583 4280 tectum

1945 4304 2161 4365 mentis
2203 4314 2584 4367 exoneratum
2618 4308 2715 4380 sit,
2749 4307 2852 4367 sed
2876 4302 3197 4386 postquam
3233 4310 3585 4368 exoneratus

1944 4392 2333 4469 fuero,debeo
2365 4395 2733 4471 demitti,hoc
2765 4404 2854 4456 est
2881 4394 3204 4471 humiliari;
3238 4404 3376 4457 tunc
3405 4395 3576 4474 igitur

220 4492 500 4571 χαλασθῶ,
578 4491 838 4566 τουτέστι,
873 4495 1199 4548 ταπεινωθῶ·
1236 4495 1295 4550 ού
1325 4480 1435 4570 γὰρ
1449 4490 1532 4547 δεῖ
1570 4490 1857 4570 ἑπαρθῆναι

1958 4480 2219 4559 sanabor,
2256 4492 2313 4543 et
2345 4484 2545 4545 tollam
2576 4483 2948 4563 grabbatum,
2986 4484 3099 4545 hoc
3134 4485 3581 4563 est,corpus,ad

217 4580 352 4639 διότι
411 4584 446 4649 ἡ
504 4580 667 4661 στέγη
695 4592 789 4642 τοῦ
857 4582 944 4639 νοῦ
974 4582 1354 4662 ἀπεφορτίσθῆ,
1385 4579 1519 4637 ἀλλὰ
1549 4583 1677 4656 μεθὸ
1722 4582 1858 4637 ἀπο-

216 4675 508 4752 φορτισθῶ,
564 4672 761 4751 ὀφείλω
817 4671 1178 4752 χαλασθῆναι,
1266 4670 1502 4727 τουτέστι
1588 4692 1857 4728 ταπεινωοο

1946 4571 2353 4633 mandatorum
2372 4574 2773 4652 operationem
2793 4572 2987 4653 ipsum
3004 4574 3404 4635 movens.Non
3423 4573 3579 4635 enim

1944 4680 1978 4722 a
2008 4668 2249 4742 peccato
2267 4661 2462 4724 solum
2488 4680 2597 4723 nos
2616 4661 2891 4723 suscitari
2907 4670 3230 4742 oportet,et
3248 4662 3580 4743 intelligere

215 4749 400 4828 θῆναι.
460 4749 620 4819 τότε-
658 4749 858 4818 τοίνυν⁷
893 4762 1202 4836 ἰαθήσομαι,
1247 4762 1334 4816 καὶ
1362 4759 1471 4839 ἀρῶ
1503 4761 1591 4815 τὸν
1621 4758 1857 4839 κράϐϐα-

1958 4749 2100 4833 μιοά
2136 4767 2475 4839 peccamus,
2509 4750 2615 4839 sed
2646 4759 2703 4811 et
2730 4751 2975 4831 luctum,
2996 4752 3113 4839 lioc
3142 4761 3231 4814 est
3258 4755 3579 4833 corpus,ad

217 4872 333 4921 τον,
408 4850 525 4918 ἦτοι
593 4854 655 4908 τὸ
700 4852 880 4931 σῶμα,
912 4852 1042 4926 πρὸς
1072 4852 1170 4917 τὴν
1200 4850 1304 4905 τῶν
1348 4848 1575 4905 ἐντολῶν
1615 4848 1859 4927 ἐργασίαν

1958 4839 2353 4931 operationem
2384 4837 2527 4901 boni
2569 4839 2798 4931 tollere.
2829 4838 3182 4931 185_Tuncp
3208 4840 3387 4920 igitur
3417 4851 3475 4903 et
3503 4845 3577 4904 ad

218 4946 380 4995 κινῶν
433 4939 581 5003 ὠτό.
664 4944 737 5000 Οὔ
943 4936 1029 4995 δεῖ
1085 4938 1244 5014 μόνον
1297 4936 1571 5016 ἕγερθῆναι
1602 4926 1708 4993 ἀπὸ
1760 4941 1858 5005 τῆς

1958 4926 2505 5007 contemplationem
2535 4926 2753 4990 venire
2786 4929 3137 5010 poterimus,
3169 4929 3249 4991 ita
3278 4939 3342 4991 ut
3371 4949 3579 4993 omnes

218 5029 499 5107 ἁμαρτίας,
564 5030 651 5087 καὶ
718 5015 904 5097 νοῆσαι
962 5027 1043 5084 ὅτι
1130 5015 1519 5106 ἁμαρτάνομεν,
1579 5026 1715 5083 ἀλλὰ
1772 5028 1862 5082 καὶ

1958 5026 2160 5080 nostrae
2208 5015 2591 5094 cogitationes
2647 5017 2804 5079 intra
2861 5036 2969 5080 nos
2999 5018 3243 5080 dicant:
3280 5016 3578 5081 Hactenus

218 5120 307 5173 τὸν
364 5116 677 5199 ψάὸϐατον,
749 5119 984 5179 τουτέστι
1015 5119 1075 5173 τὸ
1122 5122 1300 5196 σῶμα,
1334 5116 1452 5195 ἆραι
1484 5117 1557 5178 εἰς
1612 5115 1859 5194 ἱργασίαν

1958 5124 2245 5188 iunqnam
2272 5106 2386 5168 tale
2415 5104 2763 5181 vidimus,id
2781 5114 3200 5188 est,nunquam
3223 5107 3310 5169 sic
3332 5109 3572 5171 intelle-

214 5213 310 5262 τοῦ
377 5196 563 5266 καλοῦ.
619 5196 749 5265 Τὸτε
797 5208 967 5263 τοίνυν
1024 5208 1109 5262 καὶ
1181 5206 1253 5269 εἷς
1284 5203 1501 5283 θεωρίαν
1544 5204 1733 5283 φθάσαι
1763 5201 1857 5258 δυ-

1958 5198 2326 5278 ιίωυε,εἱουι
2354 5213 2513 5257 nunc
2542 5196 2776 5276 quando
2819 5196 3069 5277 paralysi
3124 5197 3314 5260 curati
3343 5216 3572 5260 sumus.

216 5295 504 5372 νησόμεθα,
597 5295 735 5353 ὥστε
804 5297 1004 5357 πάντας
1062 5294 1183 5359 τοὺς
1240 5293 1294 5349 ὶν
1362 5294 1499 5368 ἡμῖν
1567 5290 1854 5369 λογισμοὺς

1958 5290 2050 5363 lui
2076 5288 2234 5351 enim
2267 5306 2301 5349 a
2323 5284 2578 5367 peccatis
2609 5284 2954 5365 puriﬁcatus
2983 5286 3203 5361 est,ille
3232 5306 3370 5350 vere
3395 5287 3572 5353 videt.

216 5380 411 5461 λέγειν,
457 5384 537 5441 ὅτι
594 5383 853 5443 Οὐδέποτε
909 5384 1073 5449 οὕτως
1141 5380 1377 5459 εἴδομεν,
1436 5380 1727 5456 τουτέστιν,
1787 5380 1903 5438 οὔδε
1946 5401 2076 5438 ποτε
2132 5377 2295 5441 οὕτως
2351 5376 2641 5451 ἐνοήσαμεν
2697 5377 2772 5439 ὡς
2804 5383 2914 5450 νῦν,
2975 5376 3059 5433 ὅτε
3091 5377 3378 5455 παράλυτοι
3426 5376 3573 5443 ὄντες

215 5472 457 5548 ἰάθημεν,
528 5463 585 5533 Ὀ
616 5476 716 5553 γὰρ
743 5480 850 5531 τῶν
878 5473 1147 5553 ἄμαρτιῶν
1177 5475 1471 5553 καθαρθεὶς,
1503 5471 1711 5535 ἐκεῖνος
1748 5472 1842 5544 ὁρᾷ
1866 5478 1941 5545 τῷ
1982 5469 2116 5530 ὄντι.

299 5586 325 5615 ι
364 5565 460 5621 Καὶ
528 5552 710 5632 ἐξῆλθε
763 5563 923 5621 πάλιν
1173 5566 1272 5631 τὴν
1312 5561 1602 5637 θάλασσαν,
1632 5561 1720 5617 καὶ
1746 5567 1851 5626 πᾶς

2014 5557 2199 5622 Vnus.
2241 5555 2452 5620 13-17.
2494 5579 2513 5610 ι
2551 5552 2621 5615 Ει
2642 5572 2915 5635 egressus
2946 5564 3037 5618 est
3056 5575 3261 5619 rursus
3281 5558 3355 5621 ad
3384 5577 3567 5636 mare,

214 5652 244 5703 ὁ
318 5651 486 5730 ὄχλος
539 5653 739 5733 ἤρχετο
809 5656 940 5731 πρὸς
990 5655 1169 5728 αὐτὸν,
1215 5654 1300 5710 καὶ
1332 5650 1596 5709 ιδίδασκεν
1639 5651 1848 5715 αὐτούς.

1958 5648 2251 5727 ιηιιιὶειιιιθ
2280 5643 2452 5706 turba
2475 5643 2755 5709 veniebat
2781 5645 2855 5707 ad
2883 5663 3045 5725 eum,
3069 5664 3138 5710 ac
3166 5647 3414 5711 docebat
3444 5667 3569 5713 eos.
