4106 6280
443 290 561 353 519

1407 291 1997 353 THEOPHYLACTI
2045 283 2452 350 BULGARLE
2497 286 2848 348 ARCHIEP.

3700 282 3826 348 520

446 424 716 505 principe
737 425 1131 494 sacerdotum,
1155 433 1214 485 et
1232 444 1415 504 panes
1433 425 1855 505 propositionis
1875 443 2074 486 come-

2174 427 2246 478 ὶεν
2308 425 2380 487 εἰς
2439 425 2527 479 τὸν
2574 423 2730 477 οἶκον
2758 424 2850 477 τοὺ
2901 430 3030 478 Θεοῦ
3074 422 3156 478 ἐπὶ
3216 421 3463 500 Ἀϐιάθαρ
3519 429 3610 478 τοῦ
3653 423 3819 500 ἀρχι-

2241 512 2249 527 ρ
2486 513 2498 527 \
2609 511 2619 524 ε
2717 509 2741 527 Ἰ
2991 516 3011 525 ν
3199 510 3251 527 ’λ’
3449 509 3471 527 ’δ
3758 513 3780 527 ’“

445 513 768 592 derit,quos
802 532 918 573 non
955 512 1092 574 licet
1119 512 1298 574 edere
1331 513 1441 573 nisi
1467 512 2085 581 sacerdotibus,etde-

447 600 601 660 derit
631 601 805 660 etiam
829 599 902 661 iis
917 602 1016 680 qui
1039 619 1240 661 secum
1257 600 1775 664 erant?Etdicebat
1797 601 2089 664 illis:Sab-

447 687 642 748 batum
678 696 922 769 propter
947 690 1246 750 hominem
1271 691 1487 750 factum
1511 699 1744 763 est,non
1764 694 1944 751 homo
1957 711 2089 771 pro-

448 773 930 854 pterSabbatum.
952 775 1154 857 Itaque
1184 777 1369 839 Filius
1395 779 1655 840 hominis
1682 779 1971 842 Dominus
2001 787 2089 839 est

445 864 621 924 etiam
643 863 901 926 Sabbati.
921 891 940 920 ι
955 866 1236 946 Discipuli
1256 867 1490 928 Domini
1508 867 1700 948 spicas
1719 868 2084 947 vellunt,jam

445 972 562 1014 non
586 953 737 1014 ultra
762 954 894 1014 185
925 955 1080 1015 soliti
1107 957 1275 1034 juxta
1309 957 1498 1034 legem
1542 959 1759 1018 vivere.
1808 957 2088 1018 Pharisaei

445 1053 639 1104 autem
672 1046 1112 1122 indignantes,a
1139 1049 1368 1110 Christo
1395 1048 1846 1109 confutabantur
1871 1050 1929 1108 in
1961 1068 2085 1107 me-

448 1133 610 1193 dinm
647 1135 928 1195 afferente
959 1135 1294 1215 exemplum
1329 1135 1531 1208 David,
1555 1135 1653 1216 qui
1705 1145 1946 1217 propter
1975 1156 2083 1198 ne-

448 1222 782 1283 cessitatem
811 1223 1062 1284 solverat
1089 1227 1274 1302 legem
1326 1224 1433 1286 sub
1465 1225 1746 1286 Abiathar
1786 1226 2084 1306 pontifice.

450 1311 706 1388 Fugiens
730 1311 887 1372 enim
923 1311 1106 1372 David
1140 1313 1427 1393 propheta
1457 1333 1489 1373 a
1519 1313 1666 1375 facie
1698 1313 1911 1385 Saulis,
1932 1315 2089 1375 venit

449 1400 522 1460 ad
556 1400 894 1479 pontificem
927 1401 1116 1476 illum,
1149 1411 1206 1460 et
1260 1401 1468 1463 fefellit
1513 1422 1646 1464 eum
1689 1405 1854 1482 quasi
1886 1422 1919 1463 a
1946 1423 2087 1481 rege

450 1488 666 1548 missus
689 1490 776 1550 rei
809 1490 1083 1550 militaris
1134 1491 1348 1565 gratia,
1383 1500 1440 1551 et
1473 1499 1612 1552 tunc
1647 1511 1826 1570 panes
1867 1511 2087 1572 propo-

449 1577 678 1637 sitionis
708 1578 1382 1659 comedit,gladiumque
1412 1581 1642 1642 Golialh
1666 1583 1915 1642 Domino
1930 1581 2090 1642 obla-

451 1674 568 1727 tum
603 1665 866 1726 abstulit.
919 1666 1242 1729 Duodecim
1290 1677 1480 1729 autem
1531 1677 1701 1732 erant
1757 1688 1960 1750 panes,
1990 1671 2088 1751 qui

2175 1662 2489 1724 ἀποσταλεὶς
2576 1663 2648 1724 εἷς

450 1754 715 1832 quotidie
739 1755 1222 1836 proponebantur
1251 1775 1429 1836 super
1463 1776 1752 1831 mensam,
1781 1777 1880 1820 sex
1900 1777 1932 1820 a
1955 1759 2094 1821 dex-

448 1842 645 1918 tris,et
671 1861 769 1904 sex
794 1861 826 1902 δ
858 1843 1118 1905 sinistris
1161 1847 1239 1903 75.
1287 1845 1568 1917 Quaarunt
1599 1857 1794 1907 autem
1825 1847 2086 1928 quidam,

450 1932 745 2010 quomodo
766 1932 1126 2011 evangelista
1145 1951 1302 1996 nunc
1333 1935 1521 2014 ipsum
1550 1935 1887 2015 pontificem
1920 1936 2093 1999 Abia—

451 2023 581 2080 thar
613 2019 956 2095 nominavit,
988 2021 1140 2083 liber
1169 2032 1366 2084 autem
1396 2025 1622 2101 Regum
1650 2024 2004 2086 Abimelech
2028 2025 2094 2084 il-

449 2109 569 2168 lum
594 2109 888 2173 nominat?
923 2110 1255 2172 Dicendum
1291 2112 1475 2189 igitur
1505 2113 1660 2193 quod
1682 2114 1947 2175 fortassis
1973 2115 2090 2175 duo

450 2198 692 2258 nomina
720 2195 1300 2280 habueritjdemque
1334 2203 1407 2261 sit
1435 2201 1727 2264 Abiathar
1757 2210 1813 2263 et
1842 2202 2088 2266 Abime-

450 2286 604 2346 lech.
651 2283 757 2347 Vel
812 2296 964 2347 etam
1014 2288 1206 2359 aliter,
1251 2290 1404 2351 liber
1460 2310 1664 2368 regum
1715 2291 2088 2352 sacerdotem

450 2382 586 2435 tunc
621 2373 761 2435 dicit
790 2393 924 2437 esse
949 2376 1324 2452 Abimelech,
1352 2380 1710 2457 evangelista
1735 2389 2088 2459 autempon-

452 2461 670 2523 tiﬁcem
693 2462 978 2525 Abiathar
1010 2466 1212 2527 :unde
1239 2467 1364 2528 haec
1394 2467 1553 2528 inter
1594 2486 1657 2528 se
1690 2487 1806 2529 non
1836 2477 1973 2530 sunt
2001 2469 2088 2531 div

450 2568 640 2610 versa.
694 2549 832 2612 Erat
865 2554 1022 2614 enim
1074 2555 1355 2616 sacerdos
1409 2555 1780 2632 Abimelech,
1831 2557 2090 2636 pontifex

2170 512 2352 589 ερὲως,
2415 513 2502 566 καὶ
2544 511 2664 572 τοὺς
2711 509 2895 587 ἄρτους
2951 516 3049 576 τῆς
3095 510 3390 587 προθέσεως
3449 509 3663 589 ἔφαγεν,
3730 513 3824 574 οὒς

2170 604 2262 658 οὐκ
2322 599 2488 664 ἔξεστι
2549 612 2740 676 φαγεῖν
2799 599 2842 653 εἰ
2894 599 2971 672 μὴ
3000 611 3117 661 τοῖς
3148 601 3362 677 ἱερεῦσι,
3395 600 3480 654 καὶ
3510 597 3673 654 ἔδωκε
3734 600 3826 653 καὶ

2168 703 2287 754 τοῖς
2328 690 2417 744 σὺν
2451 688 2590 760 αὖτῷ
2648 689 2759 741 οὖσι
2802 705 2817 760 ;
2880 689 2976 744 Καὶ
3027 686 3206 765 ἔλεγεν
3235 690 3417 750 αὐτοῖς
3455 703 3467 716 ⁸
3504 689 3574 744 Τὸ
3605 685 3824 742 Σάϐἷα-

2172 800 2260 834 τον
2318 775 2402 832 διὰ
2444 775 2536 830 τὰν
2595 774 2864 846 ἄνθρωπον
2907 775 3139 854 ἐγένετο,
3186 776 3289 855 οὔχ.
3341 779 3367 831 ἱ)
3425 774 3694 853 ἅνθρωπος
3736 774 3826 831 διὰ

2172 869 2231 921 τὸ
2292 863 2564 920 Σάϐϐατον
2599 881 2612 895 ⁸
2677 864 2812 920 ὥστε
2875 864 3058 941 Κύριός
3121 864 3259 919 ἐστιν
3291 868 3316 920 ὁ
3349 867 3465 928 Υἱὸς
3496 872 3586 920 τοῦ
3615 864 3821 937 ἀνθρώ-

2170 979 2268 1010 που
2343 954 2432 1008 ιιαὶ
2491 960 2581 1009 τοῦ
2643 950 2936 1009 Σαϐϐάτου.
2989 976 3013 1011 ι
3094 955 3152 1010 Οἱ
3213 955 3442 1027 μαθηταὶ
3497 963 3589 1010 τοῦ
3638 955 3825 1030 Κυρίου

2169 1045 2288 1107 τοὺς
2349 1043 2585 1120 στάχυας
2645 1039 2995 1114 ἐκτίλλουσιν,
3055 1041 3150 1096 οἷα
3211 1041 3403 1114 μηκέτι
3467 1043 3600 1097 κατὰ
3658 1042 3823 1116 νόμον

2168 1130 2456 1194 ἒθισθέντες
2501 1136 2597 1202 ζῇν
2632 1145 2646 1158 ⁸
2697 1131 2742 1184 οἱ
2786 1127 2840 1183 δὲ
2885 1135 3168 1206 Φαρισαῖοι
3220 1130 3657 1207 ἀγανακτοῦντες,
3694 1130 3821 1184 im-

2170 1219 2500 1292 στομίζοιται
2557 1219 2657 1271 ὑπὸ
2713 1223 2804 1271 τοῦ
2863 1223 3108 1293 Χριστοῦ,
3181 1217 3510 1296 παρίγοντος
3556 1220 3645 1274 τὸν
3707 1229 3821 1272 Δα-

2169 1305 2249 1363 ϐὶδ
2304 1305 2369 1361 δι’
2430 1306 2666 1382 ἀνάγκην
2723 1304 3103 1383 παραλύσαντα
3171 1307 3260 1360 τὸν
3313 1307 3474 1381 νόμον
3519 1307 3603 1362 ἐπὶ
3635 1305 3823 1366 Ἀϐιά-

2167 1399 2262 1473 θαρ
2320 1394 2629 1474 ἀρχιερέως,
2719 1395 2935 1471 Φεύγων
3035 1395 3134 1470 γὰρ
3219 1397 3246 1449 ὁ
3304 1397 3584 1473 προφήτης
3660 1393 3825 1450 Δαϐὶδ

2171 1485 2275 1540 ἀπὸ
2333 1483 2616 1562 προσώπου
2677 1480 2870 1553 Σαοὺλ,
2931 1481 3087 1549 ἦλθεν
3139 1485 3210 1544 εἰς
3269 1485 3358 1538 τὸν
3412 1483 3662 1563 ἀρχιερέα
3691 1484 3821 1538 τοῦ-

2170 1596 2284 1648 τον,
2334 1574 2419 1628 καὶ
2477 1572 2750 1638 ἠπάτησεν
2821 1573 2976 1627 αὐτὸν
3062 1574 3132 1634 ὼς
3218 1573 3357 1649 παρὰ
3412 1573 3503 1628 τοῦ
3560 1571 3824 1647 βασιλέως

3408 1663 3790 1739 στρατιωτικήν
3804 1712 3820 1725 ,

2197 1751 2320 1809 Ὀτε
2378 1753 2462 1806 καὶ
2533 1751 2651 1811 τοὺς
2726 1749 2908 1827 ἄρτους
2969 1750 3066 1816 τῆς
3151 1750 3444 1825 προθέσεως
3503 1749 3685 1829 ἔφαγε,
3735 1751 3824 1806 καὶ

2175 1842 2268 1908 τὴν
2349 1848 2439 1896 τοῦ
2509 1838 2696 1895 Γολιὰθ
2775 1838 3034 1918 ῥομφαίαν
3105 1837 3348 1916 ἀφείλετο
3413 1839 3823 1914 ἁνατεθειμένην

2174 1931 2249 2003 τῷ
2296 1929 2486 2006 Κυρίῳ.
2553 1926 2764 1982 Δώδεκα
2821 1925 2874 1981 δὲ
2938 1927 3072 1993 ἦσαν
3115 1930 3159 1982 οἱ
3214 1927 3358 2004 ἄρτοι
3415 1927 3529 1983 καθ’
3591 1929 3859 1994 ἑκάστην·

2173 2019 2375 2095 ἡμέραν
2420 2016 2782 2094 προτιθέμενοι
2843 2017 2926 2070 ἐπὶ
2985 2021 3082 2081 τῆς
3145 2016 3427 2092 τραπέζης,
3491 2017 3542 2081 ἓξ
3597 2017 3657 2072 ἑκ
3728 2017 3822 2071 δε-

2175 2106 2295 2172 ξιῶν
2353 2109 2437 2161 καὶ
2490 2105 2542 2171 ἓξ
2616 2104 2667 2169 ἐξ
2726 2105 3026 2179 εὖωνύμων.
3073 2111 3295 2170 Ζητοῦσι
3357 2104 3409 2160 δέ
3465 2127 3602 2169 τινες
3648 2111 3761 2168 πῶς
3795 2108 3823 2160 ὁ

2750 1661 3036 1737 ἀναγκαίαν
3121 1662 3306 1738 χρείαν

2175 2196 2270 2270 μὲν
2327 2195 2701 2273 εὖαγγελιστὴς
2776 2202 2860 2250 νῦν
2928 2196 3015 2248 τὸν
3075 2194 3327 2272 ἂρχιερία
3384 2192 3633 2272 Ἀϐιάθαρ
3692 2195 3823 2251 ὠνό-

2174 2306 2362 2363 μασεν,
2418 2289 2450 2352 ἡ
2508 2283 2564 2340 δὲ
2607 2282 2783 2363 βίϐλος
2837 2290 2941 2339 τῶν
2993 2283 3301 2344 Βασιλειὼν,
3351 2281 3644 2363 Ἀϐιμέλεχ
3692 2291 3822 2339 τοῦ-

2173 2396 2262 2429 τον
2295 2361 2561 2444 ὀνομάζει.
2612 2361 2809 2428 ’Ἔστιν
2861 2373 2946 2428 οὗν
2979 2373 3149 2428 εἰπεῖν
3191 2371 3272 2427 ὅτι
3302 2370 3561 2447 διὼνυμος
3593 2373 3657 2447 ἧν
3685 2372 3823 2432 ἴσως

2173 2464 2202 2517 ὁ
2245 2460 2512 2538 Ἀϐιάθαρ,
2547 2462 2574 2516 ὀ
2606 2462 2758 2520 αὐτὸς
2789 2463 2874 2515 καὶ
2908 2457 3199 2538 Ἀϐιμέλεχ
3229 2460 3585 2534 καλούμενος.
3620 2442 3705 2517 υΗ
3732 2463 3822 2516 καὶ

2179 2549 2377 2625 ἄλλως,
2437 2553 2470 2617 ἡ
2504 2551 2602 2624 μὲν
2655 2556 2760 2604 τῶν
2818 2547 3105 2604 Βασιλειὼν
3148 2547 3352 2626 βίϐλος,
3397 2549 3537 2628 ἱερέα
3568 2550 3710 2627 Λέγει
3741 2550 3821 2604 εἶ·

449 2638 1206 2733 auut_em__Ab_iat_har.Disce
1235 2653 1392 2733 atem
1418 2645 1584 2722 juxta
1603 2635 2090 2724 anagogen,quod

2180 2662 2262 2694 ναι
2319 2641 2438 2695 τότε
2499 2635 2925 2733 Ἀϐιμέλεχοηᾲ
2979 2636 3032 2692 δὲ
3092 2637 3494 2715 εὖαγγελιστης,
3570 2638 3820 2718 ἀρχιερέα

453 2726 731 2808 discipuli
753 2729 994 2809 Christi,
1031 2731 1090 2790 in
1115 2730 1514 2812 Sabbato,hoc
1547 2740 1638 2793 est
1670 2733 1727 2792 in
1760 2723 2090 2794 animarum

2179 2731 2316 2783 εἶναι
2367 2729 2458 2783 τὸν
2515 2723 2787 2801 Ἀϐιάθαρ,
2851 2723 3025 2780 "Quae
3083 2726 3177 2781 οὒκ
3228 2724 3433 2781 ἕναντία
3486 2733 3645 2781 ταῦτα
3679 2745 3692 2758 ·
3752 2727 3817 2792 ἦν

451 2816 649 2895 quiete
681 2815 1023 2897 (Sabbatum
1060 2819 1217 2880 enim
1243 2811 1504 2899 quietem
1554 2821 2041 2900 interpretantur;
2075 2841 2087 2882 :

2178 2819 2276 2895 γὰρ
2321 2817 2480 2894 ἱερεὺς
2544 2817 2640 2888 μὲν
2699 2811 3010 2893 Ἀϐιμέλεχ,
3091 2815 3364 2893 ἀρχιερεὺς
3419 2813 3468 2870 δὲ
3541 2812 3807 2891 Ἀϐιάθαρ.

451 2905 686 2984 quando
716 2905 894 2983 igitur
927 2907 1197 2987 quietem,
1223 2906 1442 2969 babent
1473 2909 1546 2968 ab
1588 2909 1865 2970 omnibus
1914 2911 2090 2971 affec-

2180 2906 2301 2962 Νόει
2360 2904 2413 2959 δὲ
2468 2906 2556 2959 καὶ
2624 2904 2758 2958 κατὰ
2814 2902 3123 2982 ἀναγωγὴν,
3212 2902 3291 2958 ὅτι
3337 2905 3380 2958 οἱ
3432 2909 3522 2959 τοῦ
3582 2909 3808 2979 Χριστοῦ

451 2992 736 3069 tionibus,
763 3003 819 3054 et
840 3013 873 3055 a
893 2995 1260 3056 daemonibus
1279 3015 1393 3057 non
1422 2998 1791 3072 infestantur,
1819 3007 1960 3060 tunc
1981 2999 2090 3060 iter

2178 2995 2406 3068 μαθηταὶ
2449 2993 2503 3048 ἐν
2559 2997 2634 3063 τῷ
2689 2987 2969 3069 Σαϐϐάτῳ,
3028 2990 3295 3047 τουτέστιν
3339 2992 3391 3047 ἓν
3430 2997 3496 3067 τῇ
3547 2997 3649 3046 τῶν
3704 2995 3811 3064 ψυ-

450 3080 691 3158 faciunt,
722 3061 843 3144 hoc
889 3092 978 3144 est
1027 3093 1084 3145 et
1140 3084 1270 3145 aliis
1301 3087 1372 3147 ad
1403 3087 1678 3148 virtutem
1712 3061 1893 3148 duces
1922 3088 2089 3168 ﬁunt,

2175 3061 2295 3161 γῶν
2351 3061 2638 3168 ἀναπαύσει
2715 3061 3005 3156 (Σαϐϐατον
3086 3082 3186 3159 γὰρ
3263 3061 3588 3143 κατάπαυσις
3645 3061 3816 3158 Epp“-

451 3170 794 3232 vellicantes
839 3181 897 3233 et
949 3174 1323 3237 eradicantes
1373 3176 1571 3235 omnia
1621 3193 1751 3255 quae
1780 3195 1812 3236 a
1843 3185 1998 3237 terra
2036 3162 2090 3238 ct

2176 3171 2425 3248 νεύεται).
2466 3162 2638 3227 ”Οταν
2669 3169 2756 3224 οὗν
2797 3167 2996 3246 ἔχωσιν
3024 3169 3311 3224 ἀνάπαυσιν
3345 3168 3450 3223 ἀπὸ
3481 3175 3588 3224 τῶν
3617 3170 3817 3240 παθῶν,

452 3259 662 3320 humili
717 3259 969 3321 fantasia
1027 3262 1387 3338 germinant.
1449 3264 1575 3326 Nisi
1633 3263 1793 3324 enim
1837 3265 2090 3345 primum

2177 3263 2254 3332 μὴ
2311 3259 2698 3335 πολεμούμενοι
2743 3259 2843 3312 ὑπὸ
2891 3263 2997 3312 τῶν
3025 3255 3310 3336 δαιμόνων,
3344 3258 3465 3313 τότε
3495 3255 3817 3335 ὁδοποιοῦσι,

450 3347 714 3427 quiescat
770 3349 983 3429 aliquis
1038 3350 1111 3411 ab
1173 3351 1611 3427 affectionibus,
1648 3360 1707 3414 et
1737 3343 1998 3433 seipsum
2031 3353 2090 3414 in

2176 3350 2410 3407 τουτέστι
2467 3351 2555 3404 καὶ
2611 3346 2810 3424 ἑτέροις
2857 3347 2988 3425 πρὸς
3031 3347 3129 3412 τὴν
3174 3348 3388 3423 ἀρετήν,
3443 3343 3626 3424 ὁδηγοὶ
3653 3345 3824 3423 γίνον-

451 3435 709 3516 quietem
756 3438 1042 3513 conferat,
1095 3441 1433 3520 neutiquam
1463 3440 1594 3503 aliis
1624 3441 1695 3502 ad
1728 3441 1948 3504 bonum
1977 3442 2090 3504 dux

2175 3461 2288 3510 ται,
2346 3437 2612 3499 τίλλοντες
2690 3438 2776 3491 καὶ
2856 3434 3175 3510 ἐκριζοῡντες
3259 3435 3430 3490 πάντα
3463 3437 3528 3490 τὰ
3563 3434 3668 3490 ἀπὸ
3722 3439 3820 3500 τῆς

449 3526 582 3586 erit.
2175 3534 2277 3605 γῆς
2324 3528 2412 3582 καὶ
2467 3528 2565 3593 τῆς
2641 3524 2786 3580 κάτω
2864 3525 3148 3601 φαντασίας
3244 3522 3634 3599 βλαστάνοντα.
3697 3521 3822 3580 Ἐὰν

452 3615 549 3691 γὰρ
620 3615 699 3688 μὴ
729 3617 982 3693 πρότερον
1012 3620 1324 3693 καταπαύσῃ
1383 3639 1462 3681 τις
1534 3619 1639 3674 ἀπὸ
1718 3621 1823 3676 τῶν
1878 3624 2081 3694 παθῶν,
2142 3621 2230 3675 καὶ
2285 3618 2339 3673 ἂν
2398 3617 2591 3695 ἠρεμίᾳ
2648 3614 2958 3688 καταστήσῃ
3008 3613 3210 3687 ἱαυτὸν,
3263 3613 3357 3669 οὒκ
3413 3614 3475 3668 ἄν
3533 3612 3822 3689 ὀδοποίήσῃ

453 3701 686 3782 ἐτέρους,
717 3704 802 3758 καὶ
829 3702 1022 3782 ὁδηγὸς
1057 3704 1141 3760 ἐπὶ
1173 3714 1231 3760 τὸ
1261 3705 1453 3783 ἀγαθὸν
1485 3706 1728 3784 γένηται,

1093 3808 1339 3872 CAPUT
1385 3810 1484 3873 IlI.

2808 3815 3057 3868 ΚΕΦΑΛ.
3107 3809 3194 3870 Γ¹.

452 3895 540 3956 De
568 3913 633 3957 eo
663 3899 762 3958 cui
786 3898 966 3986 arida
991 3907 1121 3986 era_t
1143 3917 1382 3963 manus.
1416 3900 1814 3986 Declectg'one
1849 3912 2090 3984 aposto-

2181 3910 2303 3986 Περὶ
2387 3918 2478 3967 τοῦ
2563 3904 2726 3986 ξηρὰν
2813 3903 3036 3986 ξχοντος
3096 3916 3294 3986 χεῖρα.
3370 3904 3492 3983 Περὶ
3546 3908 3821 3986 τῆς-,τῷν

759 3977 1038 4039 talorum.
1066 3979 1154 4040 De
1185 3986 1377 4041 matre
1397 3989 1452 4042 et
1481 3981 1804 4060 fratribus.
1885 3977 1902 3984 ’

2258 3977 2568 4045 ἦποστόλων
2631 3977 2901 4061 Ἑκλογῆξ,
2991 3977 3149 4061 Hegi”
3196 3977 3394 4061 μητρὸς
3445 3977 3455 3983 ’
3491 3986 3579 4039 καὶ
3660 3979 3819 4039 ἀδελ-

2261 4093 2372 4146 φωρ

536 4157 716 4215 VERS.
755 4157 887 4216 1-5.
927 4181 951 4209 ‹‹
989 4154 1059 4216 Et
1089 4155 1325 4217 introvit
1355 4157 1412 4217 in
1462 4155 1849 4238 Synagogam,
1885 4170 1942 4221 et
1971 4170 2090 4222 erat

2265 4187 2288 4214 ι
2342 4163 2438 4218 Καὶ
2494 4157 2699 4226 εἰσῆλθε
2772 4158 2931 4212 πάλιν
2991 4157 3062 4218 εἷς
3120 4159 3215 4224 τὴν
3276 4158 3609 4236 συναγωγὴν,
3643 4160 3729 4214 καὶ
3756 4157 3823 4224 ἧν

455 4243 537 4304 ibi
567 4244 745 4305 homo
777 4261 1012 4305 manum
1036 4244 1262 4306 habens
1283 4246 1685 4318 arefactam,et
1705 4247 2090 4313 observabanl

2183 4249 2296 4306 tm
2352 4248 2620 4327 ἅνθρωπος
2682 4245 3052 4322 ἰξηραμμένην
3111 4244 3238 4325 ἔχον
3296 4246 3393 4313 τὴν
3469 4246 3656 4325 χεῖρα,
3736 4249 3824 4302 καὶ

455 4351 591 4395 eum
622 4351 696 4392 an
723 4331 992 4395 Sabbatis
1015 4342 1328 4396 sanaturus
1359 4344 1515 4396 esset
1547 4336 1737 4408 illum,
1773 4345 2090 4400 utaccusa-

2179 4339 2507 4417 παρετήρουι
2557 4336 2732 4408 αὐτὸν,
2797 4337 2839 4390 εἷ
2895 4347 3014 4396 τοῖς
3044 4331 3275 4389 Σάϐϐασι
3306 4336 3610 4412 θεραπεύσει
3641 4335 3820 4408 αὑτὸν,

451 4428 583 4481 rent
613 4419 854 4481 eum.Et
875 4420 958 4481 ait
978 4421 1203 4482 homini
1225 4440 1460 4484 manum
1485 4423 1728 4486 habenti
1751 4427 2090 4500 arefactam,

2177 4427 2271 4481 ’ίνια
2329 4425 2771 4502 κατηγορήσωσιν
2830 4421 3010 4483 αὖτοῦ,
3092 4422 3188 4478 Καὶ
3251 4421 3394 4500 λέγει
3430 4427 3516 4502 ,τῷ
3571 4421 3825 4499 ἆνθρώπῳ

452 4507 719 4570 Excitare
759 4509 816 4569 in
871 4509 1158 4574 medium.
1193 4510 1264 4573 Et
1311 4511 1455 4572 dicit
1512 4512 1673 4573 illis:
1708 4511 1915 4576 Utrum
1962 4515 2090 4576 licet

2179 4522 2256 4588 τῷ
2315 4501 2686 4592 ἐξηραμμένην
2730 4510 2911 4591 ἔχοντι
2967 4512 3067 4578 τὴν
3128 4523 3290 4589 χεῖρα
3327 4530 3341 4545 ·
3397 4501 3627 4589 ’Ἐγεραι
3659 4512 3732 4573 εἷς
3763 4512 3823 4566 τὸ

455 4595 727 4660 Sabbatis
759 4596 1135 4673 benefacere,
1161 4618 1235 4660 an
1267 4599 1663 4663 malefacere?
1692 4603 1951 4664 animam
1974 4623 2090 4665 ser-

2183 4604 2363 4679 μέσον.
2430 4605 2525 4659 Καὶ
2587 4601 2729 4680 λργει
2787 4603 2991 4665 αὐτοῖς·
3085 4597 3310 4664 ’Ἔξεστι
3383 4614 3501 4662 τοῖς
3560 4597 3823 4656 Σάϐϐασιν

455 4703 616 4760 vare,
667 4704 740 4746 an
782 4687 1103 4768 occidere?
1131 4688 1204 4748 At
1229 4689 1312 4748 illi
1353 4691 1626 4751 tacebant
1659 4712 1672 4754 :
1709 4699 1768 4752 et
1796 4711 1929 4752 cum
1975 4693 2090 4754 cir-

2181 4693 2590 4770 ἆγαθοποιῆσαι,
2681 4689 2717 4756 ἢ
2802 4694 3207 4763 κακοποιῆσαι;
3294 4688 3477 4767 ψυχὴν
3563 4689 3729 4744 σῶσαι
3789 4688 3822 4755 ἢ

456 4774 883 4854 cumspexisset
913 4794 1016 4836 eos
1031 4795 1166 4837 cum
1186 4776 1901 4856 iracundia,indolescens
1915 4799 2100 4862 super

454 4864 714 4925 caecitate
744 4863 940 4926 cordis
965 4883 1197 4940 eorum,
1221 4866 1365 4928 dicit
1394 4868 1657 4929 homini:
1694 4870 1960 4932 Extende
1980 4890 2098 4933 ma-

454 4971 594 5013 num
629 4961 812 5025 tuam;
846 4962 906 5013 et
926 4954 1278 5035 extendit,et
1305 4956 1577 5018 restituta
1599 4965 1687 5019 est
1708 4976 1917 5020 manus
1941 4959 2098 5022 illius

453 5059 620 5115 sana,
656 5049 717 5101 ut
764 5041 971 5103 altera.
997 5066 1023 5097 ι
1045 5041 1191 5103 Cum
1233 5043 1514 5126 discipuli
1545 5047 1808 5109 accusati
1837 5056 2038 5109 essent
2066 5068 2100 5110 a

451 5131 670 5191 Iudaeis
701 5150 769 5192 eo
810 5131 966 5212 quod
1021 5149 1126 5211 per
1173 5131 1427 5196 Sabbata
1475 5135 1672 5216 spicas
1720 5135 2094 5205 evulsissent,

440 5218 725 5283 Dominis
779 5228 1127 5282 accusantes
1174 5221 1531 5298 confutavit,
1591 5222 1770 5304 idque
1825 5226 2096 5303 exemplo

455 5306 658 5370 David:
685 5308 873 5387 magis
895 5315 1091 5370 autem
1110 5309 1246 5371 illos
1273 5330 1431 5372 nunc
1463 5311 1726 5374 confutat
1743 5313 2094 5375 miraculum

456 5394 749 5470 faciendo,
769 5396 1095 5458 ostendens
1122 5398 1277 5479 quod
1299 5399 1447 5461 adeo
1482 5417 1598 5473 non
1629 5410 1878 5480 peccent
1907 5401 2094 5464 disci-

542 5536 603 5587 τε
632 5535 812 5597 Levit.
846 5553 967 5611 ινι,
1003 5540 1064 5602 8.

2179 4781 2546 4852 ἀποκτεῖναις
2607 4782 2666 4836 Οἱ
2725 4776 2777 4832 δὲ
2858 4777 3122 4837 ισιώπων.
3190 4779 3286 4835 Καὶ
3370 4773 3824 4854 περιϐλεψάμενος

2178 4870 2364 4933 αὐτοὺς
2427 4867 2544 4944 μετ’
2601 4869 2785 4946 ὀργῆς,
2838 4865 3259 4942 συλλυπούμενος
3319 4866 3402 4921 ἐπὶ
3457 4871 3527 4941 τῇ
3569 4865 3823 4946 πωρώσει

2181 4962 2277 5026 τῆς
2335 4956 2546 5037 καρδίας
2609 4945 2804 5035 αὐτῶν,
2860 4954 3002 5034 λέγει
3057 4963 3133 5030 τῷ
3189 4957 3445 5033 ἀνθρώπῳ
3474 4972 3488 4985 ’
3540 4945 3824 5012 ὀΕκτεινον

2180 5048 2278 5114 τὴν
2331 5048 2495 5126 χεῖρά
2553 5069 2667 5106 σου.
2733 5047 2828 5104 Καὶ
2884 5045 3126 5120 ἐξέτεινε,
3186 5047 3272 5101 καὶ
3333 5045 3734 5110 ἀποκατεστάθη
3789 5045 3824 5110 ἡ

2183 5139 2301 5217 χεὶρ
2361 5138 2518 5194 αὒτοῦ
2568 5136 2745 5215 ὑγιὴς,
2781 5137 2851 5200 ὡς
2895 5137 2928 5203 ἦ
2986 5132 3147 5202 ἄλλη,
3190 5158 3214 5189 ιι
3249 5141 3364 5191 Τῶν
3408 5137 3660 5209 μαθητῶν
3689 5154 3825 5189 κ-ατ-

2180 5225 2546 5304 ηγορηθέντων
2603 5226 2704 5280 ὑπὸ
2766 5231 2870 5279 τῶν
2927 5220 3214 5303 Ἰουδαίων,
3259 5221 3388 5279 διότι
3437 5229 3514 5296 τῷ
3570 5219 3827 5295 Σαϐϐάτῳ

2179 5316 2302 5378 τοὺς
2347 5313 2585 5393 στάχυας
2641 5312 2872 5393 ἔτιλλον,
2930 5315 2957 5368 ὁ
3014 5313 3199 5391 Κύριος
3229 5309 3546 5384 ἱπεστόμισι
3577 5311 3675 5386 μὲν
3704 5313 3825 5374 τοὺς

2181 5403 2531 5480 κατηγόρους,
2593 5404 2680 5458 καὶ
2757 5401 2839 5458 διὰ
2907 5407 3002 5456 τοῦ
3074 5402 3210 5457 κατὰ
3277 5402 3368 5456 τὸν
3415 5397 3575 5456 Δαϐὶδ
3627 5398 3826 5456 ὑποδεί-
