4148 6290
280 368 396 431 521

1009 368 1451 432 ENARRATIO
1492 368 1575 433 IN
1618 365 2121 431 EVANGELIUM
2169 363 2433 429 MARCI.
2476 397 2543 409 -—
2596 362 2756 427 CAP.
2804 366 2913 425 III.

3533 326 3656 417 si?

284 523 519 581 γματος,
595 499 882 559 Ἐπιπλέον
964 499 1018 555 δὲ
1089 500 1272 565 αὐτοὺς
1345 503 1431 556 καί
1501 507 1587 557 νῦν
1644 501 1929 581 ἐντρέπων,

2023 499 2134 578 puli
2166 500 2319 579 ejus,
2344 509 2407 561 ut
2436 508 2492 560 et
2515 500 2643 579 ipse
2672 507 2949 578 operetur
2979 498 3041 558 in
3073 496 3169 558 die
3212 495 3451 558 Sabbati
3476 495 3652 557 mira'

283 594 703 668 θαυματουργεῖ,
764 587 1011 645 δεικνύων
1070 588 1174 664 ὅτι,
1235 594 1492 647 Τοσοῦτον
1548 588 1651 669 οὐχ
1705 589 1934 668 ἁμαρτά-

286 699 467 736 νουσιν
511 680 558 734 οἱ
600 678 833 751 μαθηταί
886 699 1011 756 μου,
1073 677 1210 734 ὥστε
1266 678 1353 734 καὶ
1385 679 1535 743 αὐτὸς
1563 679 1672 757 ἐγὼ
1713 677 1934 756 ἐργάζο-

293 789 395 843 μαι
453 765 507 821 ἐν
562 771 629 842 τῇ
685 765 861 843 ἡμέρᾳ
917 771 1007 822 τοῦ
1068 763 1360 840 Σαϐϐάτου,
1411 770 1583 842 θαῦμα
1636 765 1934 824 ιπιδεικνύ-

294 876 457 931 μενος
490 872 503 885 ⁸
566 853 702 911 ὥστε
759 855 802 909 εί
855 853 1019 911 κακόν
1074 856 1185 911 ἔστι
1242 855 1304 912 τὸ
1355 859 1795 935 θαυματουργεῖν,
1822 854 1933 912 ἔστι

293 944 463 1000 καλὸν
519 942 701 1007 tum:
752 943 841 998 καὶ
882 943 944 998 τὸ
992 942 1294 1020 ἐργάζεσθαι
1322 944 1388 999 τὰ
1429 943 1697 1022 ἀναγκαῖα
1751 944 1806 999 ἐν
1856 950 1933 1017 τῷ

294 1029 560 1093 Σαϐϐάτω
595 1046 612 1065 ⁸
643 1029 780 1086 ἀλλά
827 1030 933 1106 μὴν
988 1032 1049 1086 τὸ
1094 1034 1528 1110 θαυματουργεῖν,
1563 1031 1648 1088 ἐπὶ
1701 1033 1931 1111 σωτηρίᾳ

292 1119 594 1198 ἀνθρώπου,
653 1119 797 1176 θεῖόν
849 1118 1011 1191 ἐστιν,
1068 1117 1162 1175 οὒκ
1218 1118 1315 1199 ἄρα
1356 1132 1655 1198 παρανομεῖ
1704 1123 1732 1176 6
1763 1120 1817 1177 ἐν
1853 1128 1929 1195 τῷ

287 1205 552 1281 Σαϐϐάτῳ
604 1208 683 1282 μὴ
741 1208 902 1263 κακόν
955 1228 1005 1263 τι
1063 1206 1437 1285 ἐργαζόμενος.
1485 1208 1582 1265 Διὰ
1629 1215 1785 1267 τοῦτο
1840 1216 1927 1265 οὺν

276 1298 379 1353 καὶ
402 1296 571 1374 ἐρωτᾷ
598 1296 786 1360 αὐτοὺς
843 1297 887 1351 εὶ
930 1294 1125 1361 ἔξεστιν
1189 1294 1601 1374 ἀγαθοποιῆσαι,
1666 1295 1927 1374 ἐντρέπων

287 1385 479 1448 αὖτοὺς
533 1386 606 1447 ὡς
649 1382 952 1448 κωλύοντας
1007 1384 1163 1440 αὐτὸν
1221 1384 1326 1440 ἀπὸ
1380 1390 1470 1441 τοῦ
1534 1384 1875 1463 ἆγαθοποιεῖν
1909 1405 1923 1419 ο

288 1471 426 1550 ενιρᾶ
482 1470 535 1527 δὲ
594 1471 711 1551 ἔχει
754 1471 852 1539 τὴν
904 1484 1069 1550 χεῖρα
1110 1473 1207 1540 τὴν
1251 1471 1415 1537 δεξιὰν
1445 1478 1547 1537 πᾶς
1590 1475 1618 1529 6
1647 1474 1726 1549 μὴ
1754 1474 1927 1551 πρὰτ..

290 1582 401 1617 των
455 1560 521 1615 τὰ
570 1564 669 1626 τῆς
728 1558 895 1623 δεξιᾶς
940 1558 1146 1637 μερίδος
1203 1558 1353 1639 ἶργα.
1412 1562 1548 1640 Πρὸς
1604 1560 1663 1616 ὃν
1721 1559 1864 1639 λέγει
1905 1564 1932 1617 6

293 1647 517 1727 Χριστός
554 1667 568 1681 ·
611 1646 894 1726 ’¹Εγειραι,
927 1646 1216 1721 τουτέστιν,
1250 1646 1479 1707 Ἀνάστα
1507 1648 1611 1705 ἀπὸ
1641 1647 1736 1716 τῆς
1767 1652 1934 1727 ἀμαρ-

290 1738 437 1812 τίας,
498 1737 587 1792 καὶ
637 1739 790 1803 στῆθι
848 1737 919 1801 εἷς
976 1736 1037 1790 τὸ
1108 1735 1295 1816 μέσον,
1352 1736 1641 1811 τουτέστιν,
1698 1739 1771 1798 είς
1838 1739 1934 1805 τὴν

2018 588 2214 648 culum
2249 587 2580 649 facienszita
2608 596 2667 647 ut
2694 587 2741 647 si
2773 587 2993 647 malum
3026 584 3099 645 sit
3128 584 3363 665 operari
3387 583 3653 646 miracu—

2016 675 2277 755 lum,sim
2289 676 2519 756 pliciter
2538 676 2753 738 malum
2786 674 3047 735 futurum
3066 673 3141 734 sit
3157 674 3534 753 operari186
3554 692 3655 735 ne-

2018 765 2271 825 cessaria
2291 765 2349 824 in
2374 764 2652 843 Sabbuto;
2680 763 2785 824 sed
2812 763 3160 823 miraculum
3181 763 3378 823 facere
3401 762 3460 822 in
3481 762 3651 823 salu-

2018 859 2134 913 tem
2168 852 2719 924 hominis,divinum
2737 859 2858 912 est:
2885 870 3001 910 non
3034 850 3213 928 igitur
3239 850 3655 927 praevaricatur

2015 940 2110 1019 qui
2135 940 2195 999 in
2227 939 2482 1001 Sabbato
2514 939 2671 1018 quod
2706 939 2919 998 malum
2943 956 3057 997 non
3079 939 3653 1016 est,operatur.Pro-

2012 1036 2215 1106 pterea
2233 1028 2405 1089 etiam
2424 1027 2747 1104 interrogat
2766 1026 2899 1086 illos
2922 1044 3061 1085 num
3078 1025 3252 1115 liceat
3272 1024 3655 1115 benefacere,

2010 1126 2222 1177 notans
2253 1136 2354 1177 eos
2376 1126 2437 1177 ut
2470 1116 2817 1177 benefacere
2830 1134 2964 1176 eum
2990 1114 3655 1193 prohibentes.Aridam

2013 1214 2209 1266 autem
2240 1205 2541 1265 dexteram
2571 1204 2763 1263 omnis
2785 1203 2967 1263 habet
2987 1203 3088 1282 qui
3116 1221 3298 1282 opera
3318 1222 3524 1264 eorum
3538 1222 3656 1263 non

2012 1292 2154 1354 facit
2183 1294 2281 1373 qui
2313 1293 2707 1354 addexteram
2744 1302 2967 1371 partem
3003 1292 3321 1371 pertinent.
3354 1292 3440 1353 Ad
3478 1310 3655 1372 quem

2016 1382 2285 1443 Christus
2309 1381 2475 1457 dicit,
2503 1379 2791 1453 Excitare,
2814 1380 2926 1440 hoc
2958 1388 3069 1453 est,
3106 1379 3295 1457 Surge
3326 1398 3359 1440 a
3389 1388 3651 1459 peccato,

2017 1479 2075 1529 et
2113 1478 2197 1530 sta
2229 1470 2290 1530 in
2322 1470 2533 1541 medio,
2563 1470 2672 1528 hoc
2701 1476 2790 1529 est
2820 1470 2878 1528 in
2914 1469 3319 1530 mediocritate
3346 1469 3653 1533 virtutum.

2016 1553 2221 1617 Omnis
2249 1556 2407 1617 enim
2430 1556 2612 1616 virtus
2642 1554 3014 1615 mediocritas
3045 1564 3154 1629 est,
3180 1574 3249 1615 eo
3281 1556 3434 1635 quod
3463 1574 3659 1636 neque

2016 1642 2076 1703 in
2108 1643 2425 1715 defectum,
2459 1661 2653 1719 neque
2694 1642 2754 1701 in
2808 1659 3115 1703 excessum
3167 1643 3445 1707 declinat.
3491 1644 3659 1705 Tunc

2018 1731 2197 1809 igitur
2224 1732 2457 1812 quando
2488 1748 2551 1791 se
2581 1730 2781 1791 statuit
2811 1731 2869 1789 in
2902 1730 3657 1802 mediocritatemrestitui-

292 1824 570 1900 μεσότητα
651 1830 749 1880 τῶν
816 1823 1037 1902 ἀρετῶν.
1111 1830 1263 1881 Πᾶσα
1305 1826 1404 1904 γὰρ
1458 1824 1642 1903 ἀρετὴ,
1702 1826 1937 1901 μεσότης

2024 1831 2119 1882 lur
2148 1820 2396 1910 dextera
2426 1819 2680 1910 ei_sana.
2714 1818 2863 1910 Vide
2898 1828 3127 1910 autem
3160 1820 3314 1910 quod
3373 1820 3541 1895 dicit,
3588 1821 3662 1883 Et

293 1912 461 1985 ἐστὶν,
506 1911 622 1969 οὗτε
681 1913 752 1977 εἷς
792 1912 891 1980 τὴν
943 1910 1199 1987 ἔλλειψιν,
1253 1911 1367 1969 οὔτε
1400 1914 1473 1976 εἰς
1515 1914 1614 1981 τὴν
1644 1912 1938 1992 ὑπερϐολὴν

291 2001 605 2057 ἐπινεύουσα
642 2017 657 2045 ε
689 2000 809 2057 τότε
867 2000 1038 2057 τοίνυν
1083 2000 1208 2056 ὅταν
1259 2004 1425 2078 σταθῇ
1481 2003 1552 2066 εἷς
1608 2003 1707 2069 τὴν
1768 2003 1937 2077 μεσό-

288 2111 455 2169 τητα,
515 2089 1077 2159 ἀποκατασταθήσεται
1134 2090 1169 2157 ἡ
1214 2091 1333 2170 χεὶρ
1366 2090 1524 2146 αὐτοῦ
1569 2091 1749 2168 ὑγιής.
1784 2083 1937 2169 ’Ὅρα

289 2177 351 2234 δί
404 2181 491 2235 καὶ
559 2180 621 2234 τὸ
679 2175 1137 2245 Ἀποκατεστάθη.
1199 2179 1298 2236 Καὶ
1354 2179 1454 2256 γὰρ
1485 2177 1550 2246 ἧν
1594 2179 1680 2235 ὅτε
1711 2178 1938 2259 εἴχομεν

290 2270 466 2344 ὑγιεῖς
519 2267 612 2328 τὰς
659 2279 876 2346 χεῖρας,
956 2266 1216 2341 τουτέστι,
1295 2267 1391 2335 τὴν
1446 2268 1745 2346 πρακτικὴν
1802 2267 1940 2345 ἐνέρ-

291 2376 469 2433 γειαν,
528 2353 615 2411 ὅτε
670 2352 816 2411 οὔπω
872 2350 1168 2433 παράϐασις
1202 2369 1216 2383 ⁸
1264 2353 1354 2433 ἀφ’
1415 2360 1476 2412 οὖ
1520 2353 1573 2410 δὲ
1604 2353 1851 2422 ἐξετάσθη
1904 2356 1939 2423 ἡ

293 2446 419 2522 χεὶρ
460 2443 613 2518 ἡμῶν
671 2443 756 2499 ἐπὶ
811 2443 901 2498 τὸν
978 2442 1409 2521 ἀπηγορευμένον
1479 2445 1704 2522 καρπὸν,
1738 2444 1941 2522 ἰἔκτοτε

2019 1908 2289 1969 restituta
2319 1916 2428 1969 est.
2461 1906 2636 1967 Erant
2670 1906 2829 1967 enim
2860 1906 2998 1967 olim
3035 1907 3204 1967 nobis
3237 1907 3394 1969 sanas
3422 1927 3655 1985 manus,

2021 1996 2131 2056 hoc
2162 2004 2251 2057 est
2293 1996 2495 2056 efﬁcax
2526 1996 2708 2055 virtus
2757 1994 3077 2073 operativa,
3126 1997 3361 2075 quando
3395 1998 3659 2058 nondum

2018 2082 2126 2144 fuit
2154 2084 2567 2162 transgressio.
2600 2082 2713 2145 Ubi
2742 2094 2940 2143 autem
3002 2091 3242 2145 extenta
3299 2093 3389 2147 est
3416 2086 3661 2146 dextera

2020 2179 2220 2232 nostra
2251 2171 2324 2231 ad
2357 2170 2611 2231 fructum
2644 2169 3032 2250 prohibitum,
3071 2179 3210 2232 tunc
3236 2190 3510 2235 arescere
3544 2192 3663 2235 cce-

2020 2261 2104 2342 pit
2134 2264 2204 2323 ad
2237 2262 2642 2341 operationem
2677 2259 3209 2323 boni.Restituetur
3239 2263 3417 2343 igitur
3444 2264 3657 2325 iterum

2023 2353 2081 2411 in
2113 2351 2420 2431 pristinam
2453 2354 2785 2424 sanitatem,
2819 2368 2950 2411 cum
2991 2350 3051 2410 in
3098 2352 3291 2413 medio
3323 2361 3664 2416 steterimus

2021 2439 2323 2501 virtutum.

297 2531 556 2610 ἐξηράνθη
599 2532 728 2611 πρὸς
772 2532 868 2600 τὴν
911 2534 1004 2588 τοῦ
1030 2529 1194 2589 καλοῦ
1249 2530 1517 2610 ἐργασίαν.
1558 2531 1724 2593 Πάλιν
1766 2534 1853 2590 οὖν
1911 2530 2469 2599 ἀποκατασταθησεται
2522 2530 2595 2592 εἷς
2652 2528 2749 2593 τὴν
2782 2528 3032 2605 προτέραν
3078 2529 3278 2605 ὑγείαν,
3326 2529 3451 2586 ὅταν
3483 2532 3536 2587 ἑν
3592 2538 3668 2605 τῷ

297 2619 450 2696 μέσῳ
492 2623 763 2695 σταθῶμεν
800 2624 908 2675 τῶν
949 2619 1172 2697 ἀρετῶν.

385 2732 413 2764 α
450 2710 546 2766 Καὶ
595 2706 890 2773 ἐξελθόντες
949 2711 996 2765 οἱ
1049 2715 1356 2787 Φαρισαῖοι,
1401 2708 1589 2771 εὐθέως
1647 2710 1783 2785 μετὰ
1832 2714 1939 2766 τῶν

297 2788 634 2875 Ἦρωδιανῶν
717 2794 1033 2872 συμϐούλιον
1108 2797 1314 2856 ἐποίουν
1368 2796 1486 2855 κατ’
1538 2802 1717 2874 αὐτοῦ,
1791 2797 1937 2860 ὅπως

292 2888 453 2943 αὑτὸν
508 2884 833 2948 ἀπολέσωσι.
896 2886 994 2943 Καὶ
1050 2887 1078 2941 6
1150 2885 1356 2953 Ἰησοῦς
1433 2886 1745 2965 ἀνεχώρησε
1804 2886 1939 2959 μετὰ

293 2981 400 3031 τῶν
442 2978 698 3050 μαθητῶν
753 2973 912 3031 αὐτοῦ
968 2976 1098 3053 πρὸς
1156 2975 1253 3041 τὴν
1324 2974 1615 3046 θάλασσαν,
1659 2978 1747 3033 καὶ
1804 2974 1938 3031 πολὺ

293 3062 497 3130 πλῆθος
551 3064 657 3119 ἀπὸ
712 3062 809 3131 τῆς
868 3062 1152 3128 Γαλιλαίας
1216 3064 1572 3131 ἠκολούθησεν
1616 3068 1781 3139 αὐτῷ,
1851 3070 1939 3125 καὶ

294 3154 408 3208 ἀπὸ
463 3157 560 3219 τῆς
618 3150 892 3225 Ἰουδαίας,
937 3153 1026 3209 καὶ
1081 3152 1187 3209 ἀπὸ
1245 3144 1648 3232 Ἰεροσολύμων,
1692 3154 1781 3208 καὶ
1835 3152 1942 3208 ἀπὸ

300 3245 405 3308 τῆς
485 3237 802 3316 Ἰδουμαίας,
889 3242 976 3296 καὶ
1059 3239 1191 3320 πέρα
1246 3247 1339 3298 τοῦ
1418 3239 1695 3320 Ἰορδάνου,
1755 3241 1843 3297 καὶ
1897 3242 1942 3296 οἱ

301 3329 423 3408 περὶ
476 3329 639 3408 Τύρον
705 3330 794 3385 καὶ
852 3327 1077 3404 Σιδῶνα,
1154 3327 1355 3397 πλῆθος
1428 3329 1584 3406 πολὺ,
1632 3330 1944 3393 ἀκούσαντες

306 3417 405 3474 ὅσα
461 3417 649 3496 ἐποίει,
711 3415 870 3484 ’ἦλθον
913 3418 1046 3497 πρὸς
1092 3420 1270 3480 αὖτόν,
1320 3418 1418 3476 Καὶ
1445 3418 1571 3474 εἷπε
1612 3430 1730 3481 τοῖς
1773 3420 1943 3493 μαθη-

303 3518 428 3570 ταῖς
485 3509 642 3563 αὖτοῦ
695 3505 788 3562 ἵνα
830 3504 1103 3584 πλοιάριον
1150 3514 1515 3587 προσκαρτερῇ
1559 3507 1701 3581 αὖτῷ
1743 3505 1826 3563 διὰ
1852 3508 1940 3562 τὸν

303 3592 496 3673 ὄχλον,
543 3592 635 3649 ἵνα
688 3595 763 3668 μὴ
807 3592 1048 3651 θλίϐωσιν
1094 3596 1249 3654 αὒτόν
1282 3610 1296 3625 ·
1343 3593 1572 3659 πολλοὺς
1615 3596 1714 3674 γὰρ
1758 3593 1942 3674 ἐθερά-

300 3704 517 3754 πευσεν,
575 3682 713 3739 ὥστε
793 3682 1095 3739 ἐπιπίπτειν
1153 3686 1295 3755 αύτῷ
1338 3683 1429 3740 ἵνα
1473 3684 1630 3741 αὐτοῦ
1674 3682 1938 3759 ἅψωνται,

296 3772 424 3829 ὅσον
483 3772 645 3852 ε’ίχον
701 3772 988 3853 μάστιγας,
1045 3772 1229 3829 καὶτὰ
1282 3772 1555 3847 πνεύματα
1582 3772 1648 3828 τὰ
1677 3772 1941 3851 ἀκάθαρτα

297 3862 429 3918 ὅταν
473 3861 628 3917 αὐτὸν
684 3859 916 3940 ἐθεώρει,
1002 3860 1357 3938 προσέπιπτεν
1412 3864 1576 3935 αύτῷ,
1622 3861 1709 3917 καὶ
1762 3860 1943 3937 ἐκραζε

294 3949 525 4029 λέγοντα
579 3946 684 4027 ὅτι,
745 3949 816 4003 Σὺ
873 3948 928 4004 εἴ
986 3950 1013 4003 6
1058 3950 1177 4011 Υἱὸς
1242 3956 1335 4005 τοῦ
1391 3956 1543 4011 Θεοῦ.
1617 3950 1715 4007 Καὶ
1770 3947 1945 4005 πολλὰ

300 4039 527 4113 ἐπετίμα
570 4036 779 4111 αὐτοῖς,
827 4035 921 4093 ’ίνα
962 4037 1041 4113 μὴ
1089 4038 1311 4115 φανερὸν
1357 4038 1513 4095 αὐτὸν
1560 4038 1876 4107 ποιήσωσιν.
1910 4057 1939 4092 ι

304 4128 453 4189 Τίνες
514 4130 650 4194 ἦσαν
693 4127 741 4183 οἱ
785 4115 1139 4205 Ἠρωδιανοίς
1207 4125 1384 4182 ’¹Ητοι
1440 4128 1487 4182 οἱ
1516 4131 1828 4205 στρατιῶται
1857 4133 1950 4182 τοῦ

308 4206 567 4295 Ἡρώδου,
627 4215 663 4284 ἢ
719 4214 925 4291 αἵρεσις
980 4234 1059 4279 τις
1112 4215 1393 4294 νεοφανὴς,
1452 4212 1832 4292 δογματίζουσα
1860 4216 1949 4270 τόν

309 4294 559 4383 Ἡρώδην
600 4303 755 4360 αὐτὸν
800 4303 941 4360 εἶναι
984 4303 1074 4359 τὸν
1121 4304 1372 4381 Χριστὸν,
1416 4300 1500 4361 διὰ
1540 4303 1601 4358 τὸ
1656 4301 1741 4357 ἐπ’
1800 4304 2017 4388 αύτοῧο

310 4394 473 4470 πέρας
524 4391 760 4458 δέξασθαι
812 4393 910 4459 τὴν
966 4398 1072 4448 τῶν
1142 4389 1449 4450 Ἰουδαϊκῶν
1508 4390 1764 4467 βασιλέων
1831 4388 1951 4447 δια-

307 4480 508 4561 δοχήν.
570 4474 633 4538 Ἠ
692 4482 791 4561 γὰρ
846 4482 1143 4559 προφητεία
1202 4487 1295 4536 τοῦ
1336 4477 1529 4536 Ἰακὼϐ
1584 4476 1947 4554 διελάμϐανεν,

306 4569 398 4626 ὅτε
440 4568 774 4645 ἐκλείψουσιν
856 4571 903 4627 οἱ
959 4566 1011 4634 ἐξ
1080 4566 1248 4625 Ἰούδα
1317 4568 1599 4649 ἄρχοντες,
1670 4568 1791 4624 τότε
1860 4569 1950 4624 τὸν

302 4660 537 4729 Χριστὸν
594 4657 790 4717 ἐλθεῖν.
858 4655 1006 4715 Ἐπεὶ
1066 4657 1154 4714 οὖν
1198 4658 1426 4714 ἐπὶτῶν
1481 4649 1712 4735 Ἡρώδου
1742 4655 1949 4735 χρόνων

302 4746 469 4813 οὐδεὶς
524 4747 591 4815 ἦν
645 4745 933 4811 Ἰουδαϊκὸς
990 4746 1202 4826 ἅρχων,
1248 4744 1367 4802 ἀλλ’
1401 4747 1555 4810 αὐτὸς
1585 4745 1752 4825 ἦρχεν
1784 4736 1947 4801 ἀλλόὲ

304 4849 468 4917 ιρυΑος
512 4837 608 4910 ὢν,
674 4831 971 4912 Ἰδουμαῖος
1015 4837 1114 4915 γὰρ
1156 4838 1249 4916 ἦν,
1310 4835 1558 4909 ἐνόμισαν
1616 4855 1754 4896 τινες
1799 4835 1951 4892 αὐτὸν

310 4929 451 4983 εἶναι
511 4927 602 4981 τὸν
657 4926 903 5003 Χριστὸν,
961 4926 1048 4980 καὶ
1103 4922 1309 4998 αἵρεσιν
1366 4923 1774 4995 συνεστήσαντο,
1809 4925 1951 4980 οὗτοι

310 5017 485 5071 τοίνυν
556 5014 863 5093 ξπεχείρουν
946 5012 1201 5070 ἀπολέσαι
1285 5013 1376 5069 τὸν
1461 5012 1669 5089 Κύριον.
1759 5006 1830 5093 Ὀ.
1898 5009 1953 5067 δὲ

311 5104 590 5184 ἀναχωρεῖ
622 5090 833 5160 ’ὀῦπω
874 5104 973 5181 γὰρ
1010 5103 1076 5171 ἦν
1107 5105 1135 5159 6
1175 5111 1268 5160 τοῦ
1309 5103 1503 5165 πάθους
1557 5100 1761 5179 καιρός.
1792 5090 1953 5175 ’Ἅμα

310 5191 366 5249 δί
435 5196 523 5250 καὶ
556 5192 649 5249 ’ίνα
691 5191 936 5255 πλείονας
1000 5192 1346 5270 εὖεργετήσῃ,
1378 5189 1461 5245 διὰ
1493 5196 1647 5246 τοῦτο
1676 5189 1952 5269 ἀναχωρεῖ

311 5282 419 5338 ἀπὸ
474 5284 579 5339 τῶν
633 5281 957 5360 ἀγνωμόνων
989 5296 1003 5311 ⁸
1068 5282 1155 5337 καὶ
1232 5280 1331 5357 γὰρ
1393 5276 1756 5346 ἠκολούθησαν
1812 5282 1952 5352 αύτῷ

310 5369 523 5446 πολλοὶ,
580 5371 667 5427 καὶ
723 5371 907 5426 ἰάσατο
951 5368 1160 5443 αὖτοὺς,
1210 5367 1348 5425 ἀλλὰ
1402 5368 1489 5427 καὶ
1544 5369 1591 5423 οἱ
1649 5366 1819 5444 Τύριοι
1865 5368 1950 5423 καὶ

307 5462 356 5518 οἱ
429 5456 696 5539 Σιδώνιοι,
754 5456 1040 5538 ἀλλόφυλοι
1130 5456 1299 5532 ὄντες,
1373 5453 1691 5536 ὠφελοῦντο,
1753 5458 1813 5511 Ol
1892 5454 1946 5510 δὶ

310 5622 316 5633 ”
394 5620 455 5669 76
482 5623 631 5683 Gen.
668 5634 831 5695 XLII,
867 5618 963 5679 10.

803 5791 1066 5851 Parnm"
1109 5788 1223 5850 Gn.
1270 5786 1539 5848 CXXIII.

2102 2703 2491 2784 Vnus.§6-19.
2531 2704 2798 2782 cEgressi
2830 2721 2973 2766 vero
3008 2703 3291 2768 Pharisaei
3322 2707 3518 2768 statim
3538 2716 3671 2769 una

2021 2811 2154 2853 cum
2180 2791 2537 2853 Herodianis
2568 2792 2878 2852 consilium
2928 2792 3154 2853 inibant
3187 2793 3468 2856 adversus
3498 2794 3665 2855 illum

2019 2888 2083 2940 ut
2114 2899 2247 2941 eum
2280 2879 2801 2960 perderent.Jesus
2829 2889 3021 2943 autem
3055 2901 3187 2941 cum
3210 2882 3514 2961 discipulis
3543 2886 3667 2943 suis

2020 2970 2298 3029 secesssit
2345 2968 2414 3028 ad
2448 2985 2631 3042 mare,
2666 2978 2724 3027 et
2752 2968 2962 3046 ingens
2999 2970 3311 3029 multitudo
3344 2978 3546 3031 secuta
3578 2978 3671 3031 est

1956 3034 1997 3085 ο
2024 3075 2156 3117 eum
2190 3054 2513 3133 θεραπείῃ,
2531 3063 2589 3115 et
2617 3034 2650 3115 ξι
2678 3034 2901 3130 JudaEa,
2936 3056 3086 3115 etab
3124 3056 3579 3136 Hierosolymis,
3611 3069 3670 3121 et

2022 3142 2094 3203 ab
2120 3142 2381 3215 Idumea,
2414 3151 2470 3202 et
2507 3149 2665 3202 trans
2688 3141 3093 3217 Jordanem,et
3125 3144 3225 3223 qui
3258 3144 3417 3204 circa
3449 3143 3664 3224 Tyrum

2024 3233 2385 3306 habitabant,
2418 3252 2484 3294 ac
2517 3230 2820 3307 Sidonem,
2857 3234 3162 3294 hominum
3193 3234 3501 3295 multitudo
3534 3252 3665 3295 ma-

2025 3338 2176 3400 gna:
2213 3322 2312 3401 qui
2335 3340 2468 3381 cum
2500 3321 2803 3382 audissent
2831 3341 2961 3402 qua;
2986 3322 3258 3396 faciebat,
3287 3331 3574 3384 venerunt
3594 3325 3669 3386 ad

2028 3428 2183 3470 eum.
2220 3409 2290 3471 Et
2316 3409 2462 3470 dixit
2493 3410 2799 3490 discipulis
2838 3411 2959 3472 suis
2993 3419 3056 3471 ut
3086 3411 3414 3472 naviculam
3458 3412 3665 3493 appel-

2024 3497 2216 3559 lerent
2245 3499 2355 3558 sibi
2388 3506 2630 3578 pr0pter
2683 3498 2941 3574 turbam,
2975 3518 3051 3561 ne
3093 3500 3287 3579 ipsum
3343 3510 3669 3580 premeret.

2020 3586 2237 3649 Multos
2266 3588 2422 3647 enim
2450 3588 2867 3662 sanaverat,ita
2883 3596 2945 3649 ut
2976 3588 3275 3649 irruerent
3306 3588 3365 3649 in
3390 3608 3670 3670 eum,quo

2025 3675 2185 3736 illum
2247 3684 2556 3753 tangerent
2614 3682 2902 3756 quotquot
2957 3674 3249 3737 habebant
3295 3680 3547 3756 ﬂagella.
3599 3677 3671 3741 Et

2025 3764 2266 3843 spiritus
2297 3763 2589 3824 immundi
2611 3783 2745 3825 cum
2780 3765 2944 3825 illum
2964 3764 3678 3846 vidissent,procideban¢

2023 3852 2102 3931 ei,
2135 3860 2194 3911 et
2223 3850 2554 3911 clamabant
2585 3851 2874 3932 dicentes,
2903 3852 2989 3912 Tu
3020 3872 3084 3914 es
3136 3853 3318 3915 Filius
3346 3853 3672 3917 Dei.Etve.

2024 3939 2336 4000 hementer
2362 3938 2853 4000 interminabatur
2872 3941 2958 4001 eis
2978 3960 3053 4001 ne
3084 3959 3148 4002 se
3182 3941 3561 4002 manifestum
3578 3942 3671 4003 fa-

2029 4025 2550 4097 cerent.iQuinam
2586 4034 2753 4087 erant
2781 4027 3139 4088 Herodiani?
3167 4027 3273 4090 Vel
3309 4029 3529 4091 milites
3558 4029 3675 4093 He-

2029 4114 2330 4194 rodis,vel
2352 4114 2594 4175 haeresis
2618 4116 2884 4194 quaedam
2929 4134 3120 4195 nuper
3165 4118 3484 4178 admodum
3516 4126 3670 4199 orta,

2033 4222 2163 4283 quas
2192 4202 2436 4263 docebat
2464 4202 2758 4262 Herodem
2810 4204 3001 4282 ipsum
3059 4222 3190 4265 esse
3240 4205 3567 4285 Christum,
3600 4226 3671 4265 eo

2037 4292 2191 4371 quod
2223 4290 2332 4352 sub
2353 4290 2450 4351 illo
2481 4290 2864 4352 Judaicorum
2914 4310 3122 4369 regum
3155 4293 3455 4353 successio
3488 4294 3669 4354 ﬁnem

2036 4378 2457 4453 habuisset,ita
2487 4379 2643 4439 enim
2668 4380 3041 4458 exponebant
3066 4381 3433 4460 prophetiam
3464 4380 3669 4456 Jacob,

2033 4468 2265 4548 quando
2320 4468 2607 4527 defecturi
2658 4478 2857 4528 essent
2885 4487 2953 4529 ex
2986 4469 3135 4530 Juda
3181 4470 3502 4549 principes,
3534 4477 3672 4531 tunc

2031 4565 2337 4619 venturum
2369 4555 2661 4618 Christum
2694 4558 2777 4618 76.
2816 4562 2960 4619 Cum
3011 4559 3187 4636 igitur
3233 4557 3488 4621 Herodis
3520 4568 3672 4621 tem-

2031 4646 2274 4726 poribus
2317 4645 2514 4705 nullus
2547 4663 2793 4725 usquam
2833 4655 2987 4707 esset
3041 4646 3318 4708 Judaicus
3367 4648 3669 4729 princeps,

2032 4738 2139 4799 sed
2168 4746 2446 4817 regnaret
2487 4736 2753 4800 Herodes
2800 4739 3157 4819 alienigena,
3191 4740 3484 4802 ldumaaus
3508 4741 3671 4803 enim

2020 4838 2182 4901 erat,
2231 4826 2451 4905 opinati
2482 4836 2615 4886 sunt
2645 4829 2880 4907 quidam
2914 4829 3106 4908 ipsum
3163 4846 3294 4890 esse
3344 4829 3668 4905 Christum,

2036 4922 2093 4976 et
2124 4916 2439 4977 constituta
2468 4915 2719 4994 quadam
2773 4916 3025 4978 factione
3071 4922 3506 4980 attentaverunt
3530 4937 3672 4998 per-

2038 5006 2179 5066 dere
2228 5003 2569 5064 Dominum.
2646 5004 2779 5084 Ipse
2829 5014 3024 5066 autem
3083 5005 3335 5083 secedit,
3408 5008 3673 5069 nondum

2036 5094 2194 5155 enim
2248 5104 2371 5153 erat
2454 5094 2713 5172 patiendi
2780 5104 3031 5175 tempus.
3102 5094 3345 5156 Interim
3405 5092 3677 5175 pluribus

2036 5182 2463 5255 benefaciebat,
2502 5185 2578 5242 ab
2620 5182 2862 5260 ingratis
2893 5183 3255 5249 secedendo.
3290 5184 3519 5247 Etenim
3577 5204 3675 5247 se-

2033 5274 2149 5335 cuti
2183 5281 2323 5333 sunt
2369 5288 2503 5330 eum
2550 5271 2739 5345 multi,
2775 5281 2833 5332 et
2862 5274 3081 5334 sanavit
3113 5273 3286 5334 illos:
3320 5274 3467 5354 quin
3498 5275 3676 5337 etiam

2031 5361 2220 5442 Tyriis
2253 5371 2311 5421 et
2339 5358 2623 5435 Sidoniis,
2661 5363 2893 5423 tametsi
2929 5371 3125 5423 essent
3154 5362 3679 5445 allophyli,prodee

2031 5449 2393 5533 rat.Cognati
2421 5460 2615 5512 autem
2650 5451 2779 5529 ejus
2803 5472 2937 5515 eum
2969 5452 3679 5535 persequebantur.Adeo
