4106 6280
476 369 594 434 593

1427 375 2019 439 THEOPHYLAGTI
2066 371 2472 437 BULGARIE
2516 369 2871 432 ARCHIEP.

3723 363 3849 430 524

476 506 638 568 nulla
656 526 688 567 a
711 522 933 585 genere
965 506 1235 587 provenit
1269 507 1631 581 utilitas,nisi
1653 509 1829 570 etiam
1851 508 2100 570 bonimo

2212 515 2487 582 συγγενεῖς
2538 506 2694 561 αὐτοῦ
2751 500 2965 559 ἐδίωκον
3006 499 3188 562 αὐτόν.
3232 496 3409 566 Ούτως
3462 497 3607 559 οὒδὶν
3661 496 3858 578 ὄφελος

475 613 571 657 res
602 595 819 657 adsint.
858 594 987 653 187
1036 594 1104 655 Et
1141 594 1491 673 alienigenae
1542 596 1784 674 quidem
1816 615 1849 657 a
1878 596 2124 658 remotis

476 682 622 745 locis
649 683 723 743 ad
755 702 889 744 eum
921 685 1185 756 veniunt,
1238 682 1427 744 Judaei
1486 702 1650 757 vero,
1697 704 1827 745 cum
1865 686 1935 746 ad
1970 687 2123 765 ipsos

474 773 1153 853 venisset,insectantur.
1190 770 1338 834 Vide
1358 781 1549 834 autem
1581 793 1753 853 quam
1790 776 2018 835 alienus
2051 775 2125 834 sit

474 878 509 920 ι
528 861 1012 923 fastuzenimvero
1034 879 1105 921 ne
1126 861 1309 921 turba
1328 860 1737 941 obstrepentes
1751 862 1804 923 ei
1821 862 2117 942 negotium

475 949 1097 1023 facerent,naviculam
1125 950 1477 1029 quaeritque
1507 968 1854 1025 conscensa,
1876 951 2039 1011 nulla
2062 950 2119 1013 ei

477 1038 749 1099 molestia
781 1038 1187 1099 exhiberetur.
1210 1037 1467 1115 Flagella
1501 1056 1639 1098 vero
1667 1038 1809 1100 dicit
1832 1039 2071 1100 morbos
2107 1060 2120 1101 :

474 1144 610 1186 nam
642 1128 711 1187 ad
751 1126 1233 1187 emendationem
1267 1127 1438 1187 nobis
1471 1126 1661 1187 morbi
1694 1127 1940 1187 multum
1975 1146 2123 1187 con-

475 1215 723 1287 ducunt,
758 1215 1095 1293 ﬂagellante
1122 1232 1230 1273 nos
1266 1216 1385 1276 Deo
1410 1213 1576 1294 quasi
1617 1214 1768 1274 ﬁlios
1800 1224 1966 1295 patre
2021 1214 2120 1275 In-

476 1300 898 1380 tellige,autem
921 1320 1026 1381 per
1045 1301 1712 1367 Herodianos.carnales
1734 1310 1789 1362 et
1815 1303 2117 1382 pelliceos,

477 1399 539 1456 et
560 1412 660 1455 eos
679 1396 780 1474 qui
801 1394 1078 1456 occidere
1098 1393 1297 1454 volunt
1319 1392 1543 1454 Jesum.
1580 1393 1846 1455 Herodes
1866 1396 2045 1470 enim,
2073 1396 2122 1455 si

473 1483 605 1562 quis
620 1481 1346 1562 interpretetur,pelliceu3
1366 1491 1554 1544 sonat.
1567 1482 1672 1554 Qui
1691 1482 2075 1560 egrediuntur
2090 1502 2123 1544 a

470 1570 747 1632 domibus
772 1572 894 1632 suis
917 1580 975 1632 et
1004 1571 1195 1649 patria
1214 1571 1462 1645 sua,hoc
1486 1579 1576 1632 est
1596 1571 2121 1633 consuetudinibus

2205 592 2532 671 συγγενείας,
2591 593 2635 648 εἰ
2692 590 2769 667 μὴ
2826 590 3019 668 τρόπος
3077 590 3272 667 ἆγαθδς
3331 588 3451 657 εἴη.
3498 590 3594 647 Καὶ
3648 590 3695 645 οἱ
3750 588 3859 662 μὶν

2203 679 2510 758 ἀλλογενεῖς
2582 678 2817 759 ἤρχοντο
2892 679 3025 757 πρὸς
3097 680 3254 736 αὐτὸν
3322 680 3606 757 μακρόθεν,
3690 679 3736 759 οἱ
3799 674 3857 730 δὶ

2204 756 2478 841 Ἰουδαῖοι,
2550 756 2693 846 πρὸς*
2755 756 2945 830 αὖτοὺς
3008 766 3301 847 ἐρχόμενον
3379 756 3615 829 ἔδίωκον.
3705 756 3857 843 ’Ὅρα

2203 854 2258 912 δὲ
2311 857 2398 912 καὶ
2440 858 2502 912 τὸ
2546 852 2849 936 ἀφιλόδοξον
2875 856 3034 914 αὖτοὶ
3060 872 3077 891 ⁶
3121 857 3209 911 καὶ
3250 856 3351 935 γὰρ
3378 855 3472 911 ’ίνα
3500 856 3577 930 μὴ
3608 853 3853 933 ἰνοχλῶο

2204 966 2287 1001 σιν
2341 946 2498 1003 αὐτὸν
2552 947 2599 1003 οἱ
2646 943 2830 1024 ὄχλοι,
2876 943 3149 1023 πλοιάριον
3179 943 3445 1017 ἰπιζητεῖ,
3480 945 3623 1001 ὦσαν
3678 940 3851 1017 ὶμϐὰς

2207 1036 2370 1107 αὐτῷ,
2418 1031 2778 1113 ἀνενόχλητος
2836 1044 3079 1110 τηροῖτο.
3141 1033 3416 1110 Μάστιγας
3453 1030 3508 1088 δὲ
3550 1030 3695 1111 λεγει
3749 1031 3851 1093 τὰς

2204 1121 2389 1185 νόσους
2426 1138 2439 1151 ⁸
2499 1125 2587 1178 καὶ
2640 1122 2738 1200 γὰρ
2815 1119 2982 1184 ὄντως
3038 1123 3091 1176 αἱ
3146 1123 3290 1177 νόσοι
3349 1118 3525 1177 πολλὰ
3576 1123 3714 1197 ἡμῖν
3772 1121 3853 1183 εἷς

2203 1209 2443 1267 παιδείαν
2527 1207 2938 1289 συμϐάλλονται,
3040 1212 3421 1289 μαστιγοῦντος
3503 1211 3669 1288 ἡμᾶς,
3771 1211 3852 1271 ὣς

2204 1299 2381 1377 πατὴρ
2432 1294 2654 1378 παῖδας,
2705 1304 2795 1353 τοῦ
2855 1304 3005 1356 Θεοῦ.
3067 1298 3275 1364 Νόησον
3320 1295 3375 1354 δὶ
3403 1298 3492 1354 καὶ
3520 1295 3601 1354 ὅτι
3644 1298 3691 1354 οι
3748 1298 3852 1373 μὲν

2208 1380 2537 1467 Ἠρωδιανοι,
2582 1389 2628 1443 οἱ
2683 1387 2919 1465 σάρκινοι
2975 1388 3066 1443 καὶ
3142 1384 3465 1464 δερμάτινοι,
3531 1386 3851 1446 ἀποκτεῖναι

2202 1478 2476 1557 βούλονται
2557 1481 2647 1536 τὸν
2727 1478 2955 1554 Ἰησοῦν,
3033 1471 3273 1556 Ἡρώδης
3341 1480 3465 1557 γὰρ,
3538 1475 3851 1557 δερμάτινος

2203 1568 2568 1649 ἑρμηνεύεται.
2626 1570 2684 1625 Οἱ
2728 1565 2785 1623 δὲ
2827 1566 3121 1632 έξελθόντες
3177 1566 3284 1623 ἀπὸ
3324 1573 3430 1624 τῶν
3462 1566 3628 1625 οἴκων
3672 1567 3850 1623 αἰτιῶν

470 1660 687 1733 carnis,
724 1661 888 1721 illum
913 1669 1262 1740 sequuntur:
1291 1660 1447 1722 unde
1466 1669 1522 1721 et
1546 1661 1776 1738 ﬂagella
1800 1678 2001 1721 eorum
2020 1680 2104 1723 sa-

2201 1660 2289 1715 καὶ
2345 1657 2451 1714 ἀπὸ
2520 1663 2628 1713 τῶν
2682 1654 2942 1727 πατρίδων
2996 1658 3190 1729 αὐτῶν,
3247 1656 3485 1712 τουτέστι
3553 1655 3657 1712 τῶν
3710 1656 3850 1733 πρὸς

467 1748 1264 1830 nantur.peccatadico,quaa
1291 1749 1713 1810 conscientiam
1736 1750 2104 1827 ﬂagellant,e:

2202 1748 2299 1814 τὴν
2370 1746 2538 1817 σάρκα
2595 1744 2859 1825 σχέσεων,
2939 1743 3134 1802 ἱκεῖνοι
3184 1743 3552 1801 ἀκολουθοῦσιν
3637 1748 3779 1818 αὒτῷ
3830 1760 3846 1773 ·

466 1836 695 1897 imundi
707 1838 943 1917 spiritus
957 1837 1557 1917 ejiciuntur.Attende
1574 1838 1841 1917 bichuod
1857 1837 2104 1918 discipu-

2197 1834 2311 1892 ὅθεν
2392 1836 2481 1892 καὶ
2550 1836 2601 1891 αἱ
2701 1835 2954 1913 μάστιγες
3053 1835 3224 1891 απότῶν
3306 1834 3704 1913 θεραπεύονται,
3790 1836 3849 1889 αἱ

468 1923 540 1984 lis
554 1926 675 1986 suis
694 1926 1019 2005 praecepitJ
1027 1925 1657 2005 esus,utappelleretur
1668 1925 1779 1987 sibi
1799 1926 1963 1986 navis
1973 1944 2104 2003 pro-

2199 1924 2449 2003 ἁμαρτίαι
2504 1921 2668 2002 λέγω,
2728 1923 2780 1977 αί
2821 1923 2883 1977 τὸ
2937 1920 3171 1986 συνειδὸς
3212 1922 3575 1997 μαστίζουσαι,
3634 1923 3723 1978 καὶ
3776 1922 3851 1979 τὰ

466 2020 597 2092 pter
623 2013 930 2094 turbas,ne
957 2016 1147 2093 ipsum
1175 2015 1713 2093 premerentJesus
1740 2016 1899 2075 enim
1918 2022 2007 2075 est
2027 2033 2104 2076 ra-

2198 2013 2473 2089 πνεύματα
2549 2012 2616 2067 τὰ
2686 2010 2977 2089 ἀκάθαρτα
3040 2009 3402 2073 ἐκδιώκονται,
3476 2010 3718 2090 Πρόσχες
3787 2008 3847 2067 δέ

465 2100 542 2161 tio
566 2122 698 2185 quae
719 2105 779 2165 in
794 2104 966 2165 nobis
984 2103 1259 2182 imperat,
1272 2112 1333 2162 ut
1351 2103 1512 2164 navis
1528 2103 1872 2183 nostra,boc
1892 2111 2095 2165 estcor

2197 2099 2279 2158 ὅτι
2334 2114 2452 2166 τοῖς
2510 2104 2778 2176 μαθηταῖς
2840 2100 2993 2155 αὐτοῦ
3036 2100 3347 2178 προστάττει
3405 2101 3433 2154 ὁ
3475 2096 3702 2173 Ἰησοῦς,
3748 2098 3847 2155 ἵνα

465 2191 936 2274 pus,appellatur
956 2190 1096 2270 sibi,
1131 2200 1189 2252 et
1214 2210 1287 2252 ne
1321 2191 1668 2271 projiciatur
1699 2192 1755 2251 in
1788 2193 2104 2271 procellam

2195 2192 2559 2273 προσκαρτερῇ
2603 2191 2746 2264 αὒτῷ
2786 2189 3061 2268 πλοιάριον
3118 2188 3203 2247 διὰ
3256 2191 3377 2256 τοὺς
3433 2189 3657 2270 ὄχλους,
3691 2190 3843 2257 ὅπως

462 2281 835 2345 saecularium
862 2280 1330 2357 negotiorum,et
1348 2298 1422 2341 ne
1440 2292 1708 2360 premant
1736 2280 2104 2359 turbaanego-

2195 2283 2271 2357 μὴ
2328 2280 2572 2339 θλίϐωσιν
2629 2278 2809 2340 αὐτόν.
2857 2278 3061 2346 Ἰησοῦς
3092 2280 3191 2358 γὰρ
3229 2279 3369 2338 ἔστιν
3414 2281 3442 2335 δ
3471 2278 3526 2335 έν
3563 2282 3700 2355 ἡμῖν
3730 2279 3843 2337 λό-

465 2370 801 2449 tiorumque
833 2367 1210 2428 turbulentiaa
1241 2366 1538 2430 Christum
1569 2369 1667 2448 qui
1700 2369 1758 2428 in
1791 2368 1963 2430 nobis
1995 2378 2103 2430 est.

2191 2392 2309 2449 γος,
2363 2372 2421 2434 ὃς
2477 2389 2811 2449 προσταττει,
2855 2367 2948 2424 ἵνα
2998 2370 3058 2425 τὸ
3087 2366 3359 2448 πλοιάριον
3388 2369 3572 2449 ἡμῶν,
3601 2370 3846 2450 τουτέστ,⁵

460 2462 522 2516 τὸ
553 2467 732 2535 σῶμα,
767 2464 1137 2537 προσκαρτερῇ
1165 2459 1326 2531 αὒτῷ,
1358 2460 1442 2513 καὶ
1477 2459 1554 2532 μὴ
1586 2456 1915 2532 ἐμϐάλληται
1963 2461 2036 2523 εἰς
2095 2461 2183 2516 τὸν
2215 2458 2450 2517 κλύδωνα
2493 2466 2600 2516 τῶν
2632 2458 2723 2515 τοῦ
2750 2457 2864 2534 βίου
2894 2458 3244 2537 πραγμάτων,
3272 2457 3365 2514 ’ίνα
3407 2458 3487 2533 μὴ
3515 2455 3762 2515 θλίϐωσιν
3788 2476 3848 2531 οι

462 2547 645 2627 ὄχλοι,
693 2551 744 2602 αἱ
787 2552 891 2602 τῶν
922 2546 1251 2623 πραγμάτων
1280 2548 1531 2625 ταραχαὶ,
1567 2548 1655 2602 τὸν
1686 2545 1739 2601 ἐν
1783 2549 1920 2621 ἡμῖν
1961 2549 2204 2626 Χριστόν.

542 2638 723 2696 VEns.
741 2634 949 2696 13-19.
966 2631 1069 2693 «Et
1089 2633 1359 2695 ascendit
1390 2634 1449 2693 in
1475 2642 1834 2706 montem,ac
1855 2644 2020 2696 vocat
2039 2635 2104 2695 ad

2285 2657 2310 2692 ε
2345 2638 2444 2694 Καὶ
2498 2634 2765 2693 ἀναϐαίνει
2821 2637 2895 2700 εἰς
2947 2637 3009 2692 τὸ
3063 2634 3208 2714 ὅρος,
3295 2638 3384 2692 καὶ
3454 2635 3846 2710 προσκαλεῖται

459 2741 525 2785 se
557 2742 705 2803 quos
738 2722 919 2782 voluit
946 2722 1095 2801 ipse,
1121 2730 1529 2801 veneruntque
1561 2725 1637 2785 ad
1680 2741 1835 2784 eum.
1876 2724 1949 2785 Et
1968 2723 2104 2787 fecit

2195 2725 2283 2788 οὓς
2339 2723 2522 2792 ἤθελεν
2582 2727 2759 2800 αὐτὸς,
2851 2726 2939 2781 καὶ
3022 2723 3258 2792 ἀπῆλθον
3302 2725 3433 2803 πρὸς
3484 2725 3663 2786 αὐτόν,
3741 2728 3847 2785 Καὶ

459 2812 774 2875 duodecim
808 2818 871 2871 ut
919 2820 1117 2871 essent
1159 2829 1388 2885 secum,
1425 2822 1480 2873 et
1507 2820 1568 2873 ut
1600 2814 1863 2875 mitteret
1894 2832 1996 2875 eos
2033 2814 2104 2875 ad

2192 2813 2408 2880 ἐποίησε
2464 2811 2687 2888 δώδεκα,
2746 2812 2839 2870 ἵνα
2888 2816 2987 2870 ὦσι
3032 2811 3153 2889 μετ’
3195 2813 3371 2893 αὐτοῦ,
3417 2813 3502 2867 καί
3547 2811 3641 2867 ⁴ἵνα
3691 2812 3840 2868 ἀπο-

458 2898 532 2960 ad
568 2898 1029 2980 praedicandum.
1062 2907 1237 2979 atque
1284 2899 1570 2961 habereut
1624 2908 1971 2981 potestatem
2003 2920 2102 2963 sa-

2190 2900 2369 2979 στείλῃ
2428 2902 2613 2966 αὖτοὺς
2667 2903 2973 2982 κηρύσσειν,
3033 2903 3120 2958 καὶ
3177 2899 3323 2981 ἔχειν
3375 2898 3609 2983 ἕξουσίαν
3669 2903 3835 2979 θερασ-

457 2988 638 3049 nandi
673 2988 935 3062 morbos,
969 2988 1369 3067 ejiciendique
1404 2988 1796 3052 daemoniaEt
1822 2990 2104 3070 imposuit

2188 2991 2362 3046 πεύειν
2413 2992 2509 3055 τὰς
2567 2991 2775 3065 νόσους,
2822 2991 2909 3047 καὶ
2964 2987 3240 3047 ἐκϐάλλειν
3296 2988 3362 3044 τὰ
3425 2984 3694 3063 δαιμόνια.
3727 2990 3828 3046 Καὶ

456 3076 687 3138 Simoni
722 3095 937 3138 nomen
964 3077 1565 3153 l’etrus,et.lacobum
1589 3077 1773 3137 ﬁlium
1805 3078 2101 3157 Zebedzei,

2187 3078 2413 3145 ἐπέθηκε
2469 3079 2546 3153 τῷ
2628 3079 2831 3155 Σίμωνι
2905 3079 3075 3149 ὄνομα
3144 3077 3387 3156 Πέτρον,.
3419 3076 3506 3132 καὶ
3573 3074 3829 3134 Ἰάκωϐον

456 3176 514 3226 et
543 3167 831 3227 Joannem
861 3165 1103 3226 fratrem
1134 3165 1427 3233 Jacobi,et
1459 3166 1841 3245 imposuiteis
1866 3168 2104 3243 nomina

2187 3169 2276 3223 τὸν
2326 3169 2418 3224 τοῦ
2470 3165 2763 3247 Ζεϐεδαίου,
2822 3168 2909 3224 καὶ
2998 3166 3251 3234 Ἰωάννην
3318 3168 3410 3222 τὸν
3464 3162 3688 3245 ἀδελφὸν
3738 3172 3833 3222 τοῦ

453 3255 977 3334 Boanerges,quod
1018 3253 1269 3326 est,Fi|ii
1300 3255 1568 3327 tonitrui,
1606 3264 1663 3316 et
1694 3255 2021 3331 Andream,
2045 3265 2104 3317 et

453 3344 814 3423 Philippum,
850 3351 908 3402 et
965 3342 1485 3417 Bartholomazum,
1516 3353 1575 3403 et
1632 3344 1998 3420 Matthaeuin,
2043 3356 2101 3406 et

456 3430 835 3506 Thomam,et
861 3430 1145 3492 Jacobum
1172 3431 1399 3510 Alphaei
1423 3432 1608 3492 tilium
1635 3431 2096 3512 etThaddaeum,

455 3524 517 3581 et
574 3518 877 3580 Simonem
931 3519 1349 3594 Chananaeum,
1384 3528 1443 3579 et
1468 3519 1678 3580 Judam
1728 3521 2094 3599 Iscariotem,

452 3609 555 3687 qui
588 3617 645 3669 et
676 3608 939 3689 prodidit
987 3608 1169 3667 illum
1214 3632 1239 3663 ιο
1294 3608 1586 3669 Ascendit
1641 3608 1699 3668 in
1735 3619 1994 3670 montem
2025 3612 2098 3673 ad

452 3698 764 3761 orandum.
803 3698 1090 3769 Quoniam
1125 3698 1281 3759 enim
1323 3698 1605 3759 miracula
1664 3700 1902 3771 fecerat,
1932 3700 2100 3763 factis

453 3787 755 3848 miraculis
787 3791 956 3865 §orat,
1011 3787 1229 3847 docens
1260 3804 1465 3848 omnes
1510 3806 1618 3848 nos
1666 3789 1884 3866 gratias
1922 3803 2099 3868 agere

454 3874 598 3950 Deo,
634 3884 692 3936 et
722 3876 916 3937 sicubi
938 3874 1077 3935 boni
1101 3875 1399 3954 quippiam
1432 3876 1882 3957 perfecerimus,
1916 3878 1974 3938 id
2000 3880 2097 3938 di-

450 3965 601 4024 vina;
623 3964 818 4024 virtuti
850 3964 1065 4027 oﬂ‘erre
1106 3961 1460 4025 debere.Vel
1506 3965 1643 4043 quia
1712 3966 2097 4029 ordinaturus

451 4063 576 4114 erat
606 4054 1067 4134 apostolos,ejus
1090 4055 1272 4131 gratia
1295 4054 1565 4115 ascendit
1594 4064 1889 4133 oraturus,
1920 4064 1980 4117 ut
2001 4056 2094 4116 di-

450 4160 686 4204 scamus
716 4143 867 4223 quod
896 4160 1003 4202 nos
1024 4160 1260 4221 quoque
1278 4142 1511 4221 quando
1534 4142 1759 4223 aliquos
1778 4162 1983 4205 sumus
2000 4164 2093 4205 or.

450 4230 731 4305 dinaturi,
772 4231 937 4310 prius
966 4247 1136 4290 orare
1168 4230 1491 4290 debeamus
1522 4232 1901 4293 utreveletur
1922 4233 2094 4308 nobis

449 4319 551 4399 qui
584 4320 799 4398 dignus
831 4320 1086 4394 sit,etne
1116 4321 1628 4378 communicemus
1659 4321 1918 4398 peccatis
1938 4322 2087 4382 alie-

2185 3252 2438 3312 Ἰακώϐου
2474 3272 2488 3286 ⁸
2541 3256 2629 3312 καὶ
2685 3256 2940 3323 ἒπέθηκεν
2983 3255 3166 3319 αὐτοῖς
3222 3254 3483 3330 ὀνόματα,
3515 3254 3828 3331 Βοανεργὲς,

2184 3345 2211 3398 ὃ
2270 3343 2435 3417 ἐστιν,
2497 3344 2606 3400 Υἱοὶ
2649 3344 2903 3422 βροντῆς,
2949 3344 3038 3402 καὶ
3091 3341 3364 3423 Ἀνδρέαν,
3398 3345 3511 3400 καὶ
3538 3341 3828 3424 Φίλιππον,

2181 3434 2269 3489 καὶ
2328 3431 2748 3513 Βαρθολομαῖον,
2797 3436 2885 3491 καὶ
2938 3436 3237 3507 Ματθαῖον,
3308 3435 3397 3491 καὶ
3452 3438 3670 3513 Θωμᾶν,
3741 3434 3832 3489 καὶ

2183 3518 2434 3578 Ἰάκωϐον
2475 3524 2565 3579 τὸν
2596 3529 2686 3579 τοῦ
2716 3520 2989 3603 Ἀλφαίου,
3050 3523 3137 3578 καὶ
3166 3519 3450 3596 Θαδδαῖον,
3481 3522 3569 3577 καὶ
3613 3523 3832 3597 Σίμωνα

2180 3612 2272 3665 τὸν
2341 3611 2659 3688 Κανανίτην,
2716 3612 2805 3668 καὶ
2834 3608 3031 3668 Ἰούδαν
3064 3610 3434 3689 Ἰσκαριώτην,
3468 3610 3525 3673 ὃς
3555 3611 3644 3666 καὶ
3684 3631 3827 3688 πιρ-

2183 3697 2375 3754 ἐδωκεν
2428 3698 2610 3780 αὐτόν,
2658 3721 2685 3758 ε
2748 3696 3041 3756 ’Δναϐαίνει
3101 3699 3174 3761 εἰς
3228 3699 3292 3754 τὸ
3348 3696 3467 3777 ὅρος
3497 3697 3637 3756 ὥστε
3666 3719 3833 3778 προσ-

2182 3785 2454 3852 εύξασθαι.
2530 3786 2678 3844 Ἐπεὶ
2758 3788 2859 3867 γὰρ
2924 3786 3165 3863 θαύματα
3233 3785 3478 3860 ἐποίησε,
3536 3788 3671 3863 μετὰ
3726 3787 3831 3853 τὴν

2180 3881 2285 3931 τῶν
2382 3875 2663 3952 θαυμάτων
2774 3873 3013 3941 ἆπίδειξιν
3089 3876 3467 3955 προσεύχεται,
3566 3872 3829 3936 διδάσκων

2178 3965 2381 4028 πάντας
2441 3966 2584 4040 ἡμᾶς
2640 3963 2720 4020 ὅτι
2764 3963 2848 4021 δεῖ
2914 3966 3252 4044 εὐχαριστεῖν
3297 3966 3375 4039 τῷ
3431 3970 3546 4039 Θεῷ
3596 3964 3721 4020 ὁταν
3774 3986 3827 4021 τι

2178 4054 2458 4132 φθάσωμεν
2528 4052 2693 4111 καλὸν
2790 4053 3162 4133 ἐργασάμενοι,
3248 4054 3336 4110 καὶ
3403 4058 3474 4129 τῇ
3532 4060 3623 4109 τοῦ
3693 4059 3830 4109 Θεοῦ

2177 4140 2389 4219 δυνάμει
2433 4141 2795 4199 ἰπανατιθέναι
2842 4148 2997 4198 τοῦτο
3026 4162 3040 4178 ’
3093 4141 3130 4209 ἢ
3173 4140 3354 4211 ἐπειδὴ
3395 4141 3586 4218 ῐμελλε
3632 4161 3826 4222 χειρο-

2176 4239 2395 4304 τονῆσαι
2489 4232 2610 4294 τοὺς
2680 4229 3047 4312 ἀποστόλους,
3117 4230 3305 4287 τούτου
3388 4229 3564 4288 ἕνεκεν
3645 4230 3825 4287 ἄνεισι

2175 4318 2610 4398 προσευξόμενος,
2654 4318 2748 4377 ’ίνα
2803 4319 3055 4395 μάθωμεν
3088 4318 3168 4375 ὅτι
3212 4319 3301 4375 καὶ
3342 4320 3486 4395 ἡμᾶς
3547 4317 3633 4375 δεῖ
3693 4317 3823 4376 ὅταν

446 4409 563 4472 nis.
598 4408 932 4470 Assumitur
964 4416 1021 4468 et
1049 4406 1231 4467 Judas
1283 4408 1343 4467 in
1406 4407 1762 4489 apestolum,
1800 4418 1863 4469 ut
1893 4412 2087 4472 disca-

2187 4409 2318 4472 τινὰς
2406 4412 2780 4488 χειροτονῆσαι
2857 4406 3165 4485 μέλλωμεν,
3247 4408 3502 4488 πρότερον
3571 4406 3822 4488 εὔχεσθαι

447 4516 577 4558 mus
607 4497 764 4578 quod
799 4516 915 4556 non
949 4504 1191 4574 propter
1219 4495 1473 4556 futuram
1524 4496 1806 4557 malitiam
1838 4499 2090 4580 alicujus

442 4595 795 4667 aspernetur
828 4588 985 4646 Deus
1007 4585 1342 4665 quempiam
1380 4585 1531 4646 mala
1559 4594 1960 4665 operaturum,
1984 4591 2087 4652 sed

446 4685 683 4756 propter
708 4682 1059 4756 praesentem
1090 4675 1363 4734 virtutem
1396 4676 1620 4735 honore
1669 4694 1802 4736 eum
1841 4676 2086 4755 dignum

442 4774 669 4835 censet,
706 4762 935 4826 etiamsi
986 4770 1189 4841 postea
1227 4761 1416 4821 malus
1468 4762 1544 4823 sit
1589 4764 1847 4826 futurus.
1905 4770 2088 4828 Porro

438 4852 840 4932 apostolorum
890 4848 1131 4910 nomina
1163 4856 1407 4928 propter
1436 4848 1615 4910 falsos
1654 4851 1950 4930 apostolos
1981 4871 2083 4915 re-

436 4950 775 5014 censentur,
812 4948 874 4998 ut
904 4938 1020 4997 sint
1050 4937 1173 4997 noti
1207 4936 1351 4998 veri.
1386 4937 1563 4999 Filios
1593 4947 1789 5000 autem
1846 4941 2085 5002 tonitrui

2173 4496 2264 4553 ’ίνα
2321 4496 2667 4578 ἀποκαλυφθῇ
2706 4499 2844 4574 ἡμῖν
2902 4500 2930 4553 ὁ
2987 4496 3153 4576 ἄξιος,
3182 4497 3374 4573 καὶμὴ
3402 4517 3467 4553 κο
3481 4499 3822 4572 ινωνήσωμεν

2172 4586 2415 4661 ἆνομίαις
2458 4585 2780 4667 ἀλλοτρίαις.
2846 4587 2945 4645 Καὶ
2986 4586 3078 4642 τὸν
3151 4583 3349 4642 Ἰούδαν
3404 4581 3459 4639 δὲ
3514 4582 3820 4664 προϐάλλε-

2170 4698 2255 4731 ται
2309 4676 2628 4752 ἁπόστολον,
2658 4675 2752 4733 ἵνα
2810 4676 3061 4752 μάθωμεν
3090 4672 3172 4732 ὅτι
3203 4674 3264 4731 οὗ
3288 4671 3372 4730 διὰ
3398 4673 3497 4742 τὴν
3523 4672 3820 4750 μέλλουσαν

2170 4766 2358 4822 κακίαν
2416 4768 2581 4841 τινὸς,
2621 4768 2650 4822 ὃ
2699 4768 2831 4831 Θεὸς
2874 4764 3263 4845 ἀποστρέφεται
3305 4763 3512 4821 έκεῖνον
3557 4764 3649 4820 τὸν
3678 4762 3821 4839 μέλ-

2171 4853 2332 4912 λοντα
2376 4855 2686 4934 ὶργάσεσθαι
2741 4857 2804 4913 τὸ
2860 4857 3050 4931 κακὸν,
3137 4851 3275 4910 ἀλλὰ
3326 4849 3410 4909 διὰ
3467 4854 3567 4920 τὴν
3623 4848 3817 4933 ἀρετὴν

2168 4946 2326 5001 αὐτοῦ
2377 4944 2413 5013 ἢ
2473 4951 2561 5001 νῦν
2616 4944 2894 5025 πρόσεστιν
2979 4943 3149 5024 αὐτῷ,
3219 4941 3380 5018 τιμῆς
3434 4939 3579 5007 ἀξιοῖ
3632 4943 3816 5017 αὐτὸν,

435 5031 703 5091 nominat
731 5028 882 5090 ﬁlios
907 5026 1201 5100 Zebedazi,
1244 5035 1306 5086 ut
1357 5028 1692 5107 praecipuos
1724 5030 2081 5109 praedicato-

2187 5032 2264 5088 ιᾶν
2292 5033 2344 5099 ἐς
2373 5032 2586 5113 ὕστερον
2635 5032 2808 5110 μέλλῃ
2857 5033 3020 5096 κακὸς
3066 5028 3357 5099 ἀποϐῆναι.
3409 5029 3816 5109 ’Δπαριθμεῖται

430 5136 549 5199 res,
579 5128 639 5180 et
670 5117 924 5179 maxime
954 5114 1278 5193 theologos.

2187 5125 2219 5178 εὶ
2272 5125 2338 5180 τὰ
2397 5129 2503 5180 τῶν
2558 5122 2871 5180 ἀποστόλων
2931 5121 3195 5200 ὀνόματα,
3238 5117 3323 5176 διὰ
3372 5119 3495 5183 τοὺς
3540 5118 3815 5195 ψευδαπο..

429 5209 671 5283 στόλους,
705 5207 797 5263 ἵνα
826 5209 924 5264 ὦσι
970 5205 1225 5283 γνώριμοι
1257 5207 1302 5261 οἱ
1347 5204 1593 5272 ἀληθεῖς.
1645 5209 1790 5271 Γὶοὺς
1851 5208 1905 5264 δὲ
1956 5211 2179 5289 βροντῆς
2226 5214 2474 5290 ὀνομάζει
2524 5214 2645 5279 τοὺς
2674 5218 2767 5268 τοῦ
2810 5208 3107 5287 Ζεϐεδαίου,
3139 5211 3213 5275 ὡς
3241 5209 3684 5289 μεγαλοκήρυκας
3724 5216 3819 5272 καὶ

426 5297 785 5375 θεολογικωτά
798 5318 931 5358 ξονς.

507 5384 684 5447 Vens.
719 5388 819 5460 20,
852 5384 954 5447 22.
998 5409 1023 5438 α
1056 5382 1127 5445 Ει
1155 5384 1397 5445 veniunt
1426 5384 1486 5443 in
1512 5384 1755 5445 domum
1792 5406 1804 5446 :
1842 5395 1901 5448 et
1920 5407 2069 5449 con-

2247 5416 2276 5449 ε
2322 5394 2421 5452 Καὶ
2478 5391 2726 5472 ’έρχονται
2777 5392 2851 5455 εἷς
2924 5393 3099 5467 οἶκον,
3176 5389 3266 5446 καὶ
3308 5387 3622 5468 συνέρχεται
3649 5385 3817 5445 πάλιν

422 5474 582 5535 venit
627 5474 841 5535 iterum
879 5472 1164 5546 turba,sic
1198 5481 1258 5532 ut
1289 5491 1404 5533 non
1437 5473 1645 5533 liceret
1694 5475 1811 5534 illis
1842 5476 1928 5536 vel
1961 5494 2066 5556 pa-

2187 5481 2346 5561 χλος,
2377 5481 2512 5539 ὥστε
2543 5482 2623 5555 μὴ
2647 5478 2892 5538 δύνασθαι
2923 5481 3137 5554 αὐτοὺς,
3185 5479 3326 5554 μήτε
3370 5476 3529 5557 ἄρτον
3586 5477 3809 5559 φαγεῖν.

419 5579 529 5622 nes
560 5564 738 5624 edere
772 5581 784 5625 :
822 5573 878 5622 ct
908 5581 1041 5622 cum
1075 5562 1381 5623 audissent
1419 5562 1517 5640 qui
1545 5564 1616 5622 ad
1651 5564 1814 5624 illum
1846 5568 2064 5627 attine-

2187 5575 2250 5629 ‘Ji
2325 5572 2644 5635 ἀκούσαντες
2728 5571 2775 5627 οἱ
2839 5567 2965 5647 παρ’
3037 5569 3217 5643 αὐτοῦ,
3278 5564 3497 5635 έξῆλθον
3546 5571 3813 5646 κρατῆσαι

415 5651 579 5732 bant,
610 5655 878 5715 exierunt
910 5663 971 5712 ut
998 5672 1204 5712 manus
1240 5654 1555 5731 injicerent
1601 5656 1657 5713 in
1687 5674 1844 5718 eum.
1887 5657 2060 5718 Dice-

2187 5659 2327 5722 ὒτόν,
2379 5659 2617 5737 ’Ἔλεγον
2673 5659 2773 5737 γὰρ
2827 5658 2905 5714 ὅτι
2968 5656 3219 5723 Ἐξέστη.
3252 5657 3350 5713 Καὶ
3380 5657 3428 5712 οἱ
3459 5661 3808 5735 Γραμματεῖς
