4148 6290
326 336 453 399 525

1071 342 1515 404 ENARRATIO
1559 343 1642 405 IN
1690 338 2196 406 EVANGELIUM
2242 340 2500 403 MARCI.
2536 377 2613 386 —
2653 342 2815 408 CAP.
2865 346 2972 406 III.

3572 341 3697 409 526

323 470 374 523 οἱ
436 467 540 524 ἀπὸ
604 459 977 545 Ἱεροσολύμων
1034 468 1379 550 καταϐάντες,
1440 470 1623 550 ἔλεγον
1676 471 1753 529 ὅτι
1806 479 1967 529 Βεελ-

2076 479 2193 533 iant
2226 476 2407 543 enim,
2442 474 2570 535 188
2600 475 2662 535 In
2693 476 2951 539 furorem
2976 494 3184 537 versus
3222 486 3333 539 est.
3371 479 3441 539 Et
3467 478 3695 541 Scribte

318 553 508 626 ζεϐοὺλ
567 556 710 635 ἔχει,
771 558 858 612 καὶ
917 556 995 612 ὅτι
1048 559 1135 614 καὶ
1177 558 1230 613 ἰν
1286 562 1363 632 τῷ
1391 557 1610 638 ἄρχοντι
1641 566 1747 615 τῶν
1776 558 1966 631 δαιμο-

2054 559 2153 639 qui
2185 559 2256 619 ab
2282 564 2701 642 Hierosolymis
2724 565 3179 638 descenderant,
3204 566 3692 632 dicebant:Beel-

320 666 451 701 νιων
512 642 763 702 ἐκϐάλλει
813 646 879 702 τὰ
920 644 1186 721 δαιμόνια.
1253 668 1277 704 ι
1356 645 1730 725 Ἀκούσαντες,
1788 650 1967 728 φησὶν,

2076 646 2221 735 ιοῢιιι
2267 650 2462 721 habet,
2486 666 2540 712 et
2566 671 2669 731 per
2711 654 3037 732 principem
3070 655 3494 715 daemoniorum
3530 658 3695 735 ejicit

296 735 383 799 ,αἱ
445 731 569 813 παρ’
629 738 811 808 αὑτοῦ,
852 734 1117 794 τουτέστιν
1178 737 1224 793 οἱ
1262 737 1452 791 οἰκεῖοι
1504 741 1681 817 αὐτοῦ,
1731 740 1894 817 τυχὸν
1926 740 1973 793 οἱ

324 823 440 898 ’ἀπὸ
496 828 595 889 τῆς
654 825 817 889 αὒτῆς
861 822 1128 902 πατρίδος,
1157 825 1222 906 ⁸ἢ
1279 825 1366 880 καὶ
1424 826 1469 881 οἱ
1528 823 1738 906 ἀδελφοὶ
1792 831 1970 900 αὑτοῦ,

334 910 547 977 ἆξῆλθον
602 911 859 989 κρατῆσαι
902 912 1081 973 αὐτόν.
1128 902 1366 991 ’Ἔλεγον
1398 914 1518 992 γὰρ,
1566 912 1643 969 {in
1666 902 1675 906 ’
1701 912 1918 980 Ἐξέστη
1954 928 1967 943 ⁸

333 999 629 1073 τουτέστιν,
691 997 771 1055 ὅτι
860 1001 1093 1075 Δαίμονα
1164 1000 1304 1080 ἔχει.
1369 1001 1678 1065 Ἀκούοντες
1727 1003 1825 1082 γὰρ
1895 999 1973 1058 ὅτι

335 1084 593 1162 δαιμόνια
666 1085 934 1168 ἕκϐάλλει,
992 1089 1081 1144 καὶ
1146 1088 1329 1154 νόσους
1402 1091 1565 1163 ἰᾶται,
1625 1089 1729 1145 ἀπὸ
1789 1090 1976 1169 φθόνου

339 1175 578 1250 ἐνόμιζον
627 1173 706 1232 ὅτι
765 1174 983 1251 δαίμονα
1032 1176 1173 1256 ἔχει,
1225 1178 1312 1233 καὶ
1356 1176 1536 1243 ἒξέσθη
1570 1193 1585 1207 '
1623 1175 1737 1234 ὅθεν
1790 1178 1973 1245 ἤθελον

329 1265 599 1340 κρατῆσαι
663 1265 840 1338 αὐτὸν,
908 1266 982 1329 ὡς
1037 1264 1098 1320 ἂν
1140 1263 1474 1340 δεσμήσωσιν
1503 1268 1577 1328 ὡς
1620 1264 1969 1342 δαιμονῶντα,

334 1352 433 1408 Καὶ
490 1354 537 1407 οἱ
587 1353 684 1427 μὶν
743 1352 869 1429 παρ’
926 1352 1104 1427 αὒτοῦ,
1164 1353 1452 1426 τουτέστιν,
1487 1356 1533 1410 οἱ
1573 1354 1759 1411 οἰκεῖοι
1792 1355 1969 1427 αὐτοῦ,

2056 734 2367 799 daemonia.
2406 762 2430 795 ι
2468 742 2614 799 Cum
2646 740 2972 814 audissent,
3020 742 3227 820 inquit,
3273 743 3372 819 qui
3422 742 3492 803 ad
3525 734 3691 805 illum

2056 822 2401 897 attinebant,
2436 827 2546 886 hoc
2582 836 2671 890 est
2702 830 3021 888 necessarii
3052 831 3201 906 ejus,
3228 830 3374 889 forte
3396 831 3495 910 qui
3527 832 3692 910 ejus-

2056 911 2192 971 dem
2227 922 2392 973 erant
2415 916 2732 993 μαινίδεμοί
2754 917 2926 976 etiam
2950 917 3158 977 fratres
3177 916 3613 994 ejus,exierunt
3632 928 3696 980 ut

2059 1002 2633 1078 comprehenderent
2671 1022 2827 1065 eum.
2872 1003 3157 1063 Dicebant
3200 1005 3382 1079 enim,
3433 1009 3570 1085 quia
3628 1010 3693 1069 In

2057 1088 2316 1151 furorem
2351 1109 2551 1151 versus
2584 1092 2816 1169 t‘St,hOC
2840 1096 3297 1172 est,Dzemonem
3332 1096 3529 1158 habet.
3565 1099 3693 1158 Au-

2058 1176 2287 1237 dientes
2318 1179 2475 1239 enim
2509 1181 2662 1259 quod
2710 1181 2999 1240 daemonia
3049 1181 3313 1260 ejiceret,
3350 1193 3408 1242 et
3458 1184 3698 1244 morbos

2057 1274 2441 1345 sanaret,pra3
2475 1269 2561 1327 inx
2583 1268 2701 1328 idia
2731 1270 3124 1348 opinabantur
3154 1271 3308 1349 quod
3336 1271 3695 1331 daemonium

2056 1352 2379 1415 haberetet
2412 1356 2667 1415 furiosus
2698 1368 2887 1418 esset:
2922 1358 3082 1417 unde
3113 1358 3393 1419 volebant
3422 1378 3698 1439 compre-

328 1438 498 1503 οὕτως
532 1457 547 1472 ⁶
595 1442 791 1515 ὁμοίως
845 1439 899 1497 δὲ
956 1442 1044 1497 καὶ
1086 1442 1133 1499 οἱ
1206 1442 1311 1497 ἀπὸ
1370 1434 1740 1519 Ἱεροσολύμων
1790 1449 1971 1521 Γραμ-

2076 1443 2318 1503 tendere
2350 1445 2611 1523 illum,ut
2644 1466 2779 1505 eum
2812 1454 3084 1526 tanquam
3110 1446 3538 1507 daemoniacum
3561 1434 3701 1526 liga-

330 1540 550 1603 ματεῖς,
607 1527 876 1603 δαιμόνιον
933 1528 1080 1608 ἔχειν
1148 1528 1302 1586 αύτον
1359 1528 1567 1607 ἔλεγον,
1628 1528 1845 1597 Ἐπειδὴ
1875 1532 1974 1609 γὰρ

336 1614 633 1695 ἀντιλέγειν
692 1618 784 1672 οὒκ
828 1617 985 1696 εἶχον
1052 1630 1169 1681 τοῖς
1221 1618 1551 1696 γινομένοις,-
1600 1617 1760 1695 ἑτέρῳ
1798 1619 1976 1693 τρόπῳ

331 1701 699 1761 διαϐάλλουσιν
730 1705 877 1779 αὔτα,
931 1704 1009 1760 ὁτι
1040 1705 1145 1761 ἀπὸ
1176 1704 1435 1780 δαιμόνων
1462 1707 1716 1780 γίνονται,

2055 1532 2291 1592 rent.Et
2321 1532 2640 1592 familiares
2672 1537 2797 1609 ejus
2828 1534 2912 1593 sic
2952 1534 3189 1613 quidam
3222 1536 3495 1614 agebant,
3530 1535 3701 1595 simi-

2055 1616 2192 1678 liter
2221 1628 2414 1678 autem
2449 1629 2505 1679 et
2537 1621 2755 1681 Scriba;
2786 1621 3101 1701 faciebant,
3128 1623 3227 1701 qui
3257 1623 3327 1683 ab
3360 1623 3702 1703 Hierosoly-

2058 1706 2170 1765 mis
2192 1706 3025 1787 descenderant,daemonium
3059 1711 3252 1788 ipsum
3282 1710 3504 1772 habere
3521 1711 3697 1772 dicen

338 1798 451 1880 tes.
485 1791 630 1855 Cum
663 1792 822 1854 enim
874 1810 993 1853 non
1043 1808 1283 1873 possent
1332 1791 1741 1855 contradicere
1786 1793 1880 1856 his
1944 1810 2076 1875 quas
2124 1794 2363 1867 ﬁebant,
2410 1796 2524 1857 alio
2565 1798 2736 1857 modo
2768 1796 3089 1877 arguebant
3122 1817 3212 1872 ea,
3249 1818 3462 1880 nempe
3492 1799 3647 1879 quod
3678 1818 3711 1860 a

336 1879 647 1943 daemoniis
670 1882 904 1943 fierent.

424 1994 446 2024 ιι
486 1973 583 2028 Καὶ
656 1969 1152 2050 προσκαλεσάμενος
1222 1971 1432 2047 αὐτοὺς,
1506 1973 1560 2029 ἐν
1639 1971 1969 2051 παραϐολαῖς

2138 1975 2317 2033 Vens.
2352 1974 2610 2034 “2337.:
2634 1976 2705 2035 Et
2733 1973 2804 2034 ad
2833 1993 2896 2034 se
2924 1975 3142 2035 vocatis
3177 1976 3312 2049 illis,
3348 1994 3409 2034 1n
3446 1975 3704 2054 parabo-

334 2056 515 2136 ἔλεατεν
546 2060 728 2124 αὺτοῖς
761 2078 776 2092 ⁸
812 2065 931 2123 Πῶς
976 2057 1184 2116 δύναται
1218 2067 1456 2125 Σατανᾶς
1504 2068 1741 2117 Σατανᾶν
1784 2058 1977 2117 ἐκϐάλ-

2076 2061 2135 2124 lis
2180 2061 2412 2122 dicebat
2454 2062 2570 2122 illis
2604 2080 2620 2122 :
2652 2062 2958 2133 Quomodo
3009 2071 3197 2141 potest
3246 2064 3493 2124 Satanas
3528 2065 3701 2125 Sata-

334 2145 493 2223 λειν;
558 2149 655 2205 Καὶ
732 2147 821 2204 ἐὰν
878 2147 1119 2224 βασιλεία
1187 2146 1271 2227 ἐφ’
1345 2150 1538 2218 ἑαυτὴν
1607 2152 1853 2228 μερισθῇ,
1922 2154 1980 2208 ού

2076 2168 2195 2211 nam
2247 2150 2514 2227 ejicere?
2565 2149 2634 2209 Et
2678 2151 2726 2209 si
2773 2168 3020 2227 regnum
3071 2150 3355 2211 adversus
3382 2169 3514 2211 sese
3548 2151 3708 2211 divi-

334 2235 549 2292 δύναται
607 2240 858 2303 σταθῆναι
914 2238 949 2305 ἡ
1008 2236 1247 2312 βασιλεία
1303 2237 1499 2304 ἐκείνη,
1557 2240 1652 2295 Καὶ
1710 2236 1800 2293 ἰὰν
1842 2239 1979 2293 οἰκία

2076 2256 2190 2299 sum
2216 2238 2536 2313 fuerit,non
2562 2248 2755 2317 potest
2784 2248 2939 2298 stare
2967 2257 3212 2315 regnum
3246 2238 3417 2313 illud;
3450 2248 3505 2299 et
3537 2240 3584 2299 si
3608 2239 3711 2299 do-

335 2324 419 2405 ἒφ’
484 2326 674 2392 ἑαυτὴν
732 2328 974 2403 μερισθῇ,
1036 2327 1096 2381 ού
1149 2323 1359 2381 δύναται
1434 2329 1687 2393 σταθῆναι
1745 2328 1780 2393 ἡ
1842 2328 1978 2382 οἷγία

2076 2345 2194 2387 ῗῐὶυδ
2225 2334 2429 2386 contra
2445 2327 2695 2406 seipsam
2723 2327 2905 2386 divisa
2935 2327 3130 2400 fuerit,
3153 2346 3269 2386 non
3319 2335 3516 2406 potest
3551 2336 3707 2388 stare

334 2416 540 2480 halm.
606 2415 702 2471 Καὶ
746 2415 789 2469 εί
845 2416 873 2469 ὃ
942 2420 1180 2478 Σατανᾶς
1238 2413 1429 2482 ἀνέστη
1492 2414 1572 2493 ἐφ’
1624 2416 1833 2488 ἑαυτὸν,
1892 2416 1980 2471 καὶ

339 2502 675 2581 μεμέρισται,
742 2505 802 2561 οὒ
874 2501 1084 2559 δύναται
1140 2507 1416 2583 σταθῆναι,
1476 2502 1611 2559 ἀλλὰ
1653 2504 1805 2567 τέλος
1836 2504 1976 2583 ἔχει.

342 2589 521 2655 Οὐδεὶς
583 2589 792 2650 δύναται
841 2592 907 2647 τα
970 2591 1131 2657 σκεύη
1185 2598 1276 2647 τοῦ
1330 2593 1551 2671 ἰσχυροῦ
1609 2590 1854 2649 εἰσελθὼν
1909 2592 1981 2654 είς

2063 2414 2275 2475 domus
2309 2413 2449 2487 illa;
2499 2423 2555 2473 et
2598 2414 2647 2473 si
2695 2412 2938 2474 Satanas
2984 2415 3373 2476 insurrexerit
3426 2416 3711 2476 adversus

2065 2503 2475 2580 semetipsum,
2500 2520 2568 2563 ac
2599 2502 2823 2562 divisus
2855 2509 2964 2575 est,
2996 2520 3113 2562 non
3166 2511 3361 2582 potest
3391 2512 3569 2583 stare,
3602 2503 3707 2565 sed

2066 2590 2240 2651 habet
2266 2592 2468 2651 ﬁnem.
2504 2592 2633 2652 Non
2668 2598 2856 2669 potest
2878 2590 3189 2669 quisquam
3221 2609 3357 2652 vasa
3380 2592 3568 2666 fortis,
3604 2592 3700 2653 in-

341 2680 439 2746 την
499 2679 668 2735 οἰκίαν
751 2683 908 2737 αὐτοῦ
962 2677 1263 2757 διαρπάσαι,
1324 2679 1413 2735 ἐὰν
1494 2680 1571 2753 μή
1630 2684 1837 2755 πρῶτον
1894 2680 1984 2734 τὸν

2076 2696 2304 2756 gressus
2334 2679 2391 2737 in
2438 2678 2677 2738 domum
2713 2678 2893 2751 illius,
2947 2677 3234 2757 diripere,
3265 2679 3380 2740 nisi
3404 2680 3567 2759 prius
3589 2679 3713 2740 for-

340 2769 556 2846 ἰσχυρὸν
602 2766 765 2847 δήσῃ,
811 2769 899 2825 καὶ
946 2767 1065 2823 τότε
1094 2767 1194 2833 τὴν
1224 2767 1388 2823 οὶκίαν
1418 2768 1573 2826 αύτοῦ
1615 2766 1915 2845 διαρπάσει,
1953 2790 1980 2822 ι

2076 2772 2186 2826 lem
2222 2765 2495 2844 alligarit,
2530 2774 2587 2826 et
2618 2775 2753 2826 tunc
2786 2768 3025 2827 domum
3058 2767 3216 2827 illius
3243 2768 3507 2847 diripiet.
3542 2796 3560 2822 ι
3599 2768 3717 2829 Ex-

338 2855 481 2912 Ἀπὸ
562 2854 1003 2934 παραδειγμάτων
1067 2854 1455 2933 ἆναντιῤῥήτων
1538 2855 1814 2934 ἀνατρέπει
1865 2858 1987 2920 τοὺς

2076 2854 2286 2933 emplis
2318 2854 2533 2933 quibus
2564 2854 2888 2915 contradici
2918 2874 3035 2915 non
3068 2865 3320 2936 poterat,
3358 2858 3715 2918 vincitinvi-

345 2945 637 3021 βασκάνους
721 2942 1023 3006 Ἰουδαίους.
1110 2950 1231 3006 Πῶς

345 3032 569 3108 δαίμονα
637 3031 881 3107 δαίμονας,
954 3029 1280 3105 ἐκϐάλλειν;

1330 2945 1456 3022 γὰρ,

1548 2946 1696 3024 φησὶ,
1773 2942 1987 3001 δυνατὸν

2076 2942 2721 3015 dosJudaeos.Qomodo
2756 2945 3449 3025 enim,inquit,possibile
3482 2957 3571 3009 est
3596 2948 3714 3008 dae-

1361 3031 1540 3110 ὥσπερ
1611 3034 1698 3088 καὶ
1754 3033 1808 3087 ὲν
1865 3046 1986 3095 ταῖς

344 3122 532 3184 οἰκίαις
578 3122 803 3199 δρῶμεν,
850 3120 950 3183 ἕως
991 3120 1089 3197 μὲν
1149 3121 1495 3199 είρηνεύουσιν
1551 3123 1598 3176 οἱ
1636 3124 1690 3176 ἒν
1746 3122 1984 3197 ταύταις,

345 3208 673 3268 συνίστανται
701 3225 715 3240 ⁸
783 3210 867 3267 ἔπ’
947 3208 1009 3265 ἂν
1089 3206 1141 3264 δὲ
1228 3212 1537 3287 μερισθῶσι,
1613 3208 1982 3268 καταλύονται.

2071 3050 2310 3092 munem
2347 3032 2647 3092 (lzemones
2678 3033 2929 3111 ejicere?
2961 3034 3114 3093 sicut
3145 3035 3204 3094 in
3235 3034 3511 3097 domibus
3543 3036 3710 3097 vide-

2072 3120 2492 3199 mus,quandiu
2525 3120 2754 3199 pacifici
2785 3124 2926 3193 sint,
2977 3121 3131 3181 bene
3182 3122 3400 3183 habent
3432 3124 3492 3184 hi
3522 3124 3622 3204 qui
3656 3124 3718 3184 in

2070 3207 2190 3269 illis
2220 3208 2648 3287 suntzquando
2681 3219 2877 3269 autem
2910 3209 3079 3269 divisi
3117 3210 3361 3285 fuerint,
3398 3212 3718 3272 destruun-

346 3304 469 3361 Πῶς
521 3296 598 3373 δὲ,
657 3299 809 3377 φησὶ,
862 3296 1071 3354 δύναταί
1126 3319 1209 3359 τις
1282 3298 1347 3352 τὰ
1403 3297 1565 3363 σκεύη
1624 3304 1716 3354 τοῦ
1748 3292 1988 3389 ⁸ξσχιυροῦ

2076 3303 2182 3357 tur.
2217 3297 2522 3389 Quomodo
2550 3306 2768 3389 autem,
2817 3297 3009 3389 inquit
3060 3306 3258 3389 potest
3287 3300 3419 3389 quis
3438 3300 3721 3389 .diripero

346 3386 627 3466 διαρπάσαι

347 3475 514 3553 λέγει,
574 3474 809 3531 τοιοῦτόν
865 3474 1002 3530 ἔστιν
1038 3494 1051 3507 ’

635 3376 679 3466 ,⁷
709 3386 798 3443 εὰν
856 3386 933 3461 μὴ
990 3386 1241 3464 πρότερον
1297 3386 1453 3442 αὐτὸν
1507 3383 1701 3463 δήσῃς
1748 3376 1863 3444 Q‘07,
1933 3385 1988 3442 δὲ

2076 3401 2206 3445 vasa
2260 3384 2449 3457 fortis,
2506 3384 2619 3443 nisi
2677 3385 2836 3463 prius
2884 3385 3047 3444 illum
3100 3376 3379 3448 vinxerit?
3426 3376 3719 3449 Caeterum

1101 3475 1366 3553 Ἰσχυρὸς,
1414 3477 1442 3531 ὁ
1484 3473 1702 3552 δαίμων·
1739 3476 1903 3542 σκευῆ
1935 3474 1988 3531 δί

2076 3473 2230 3552 quod
2265 3472 2431 3545 dicit,
2467 3472 2577 3531 hoc
2605 3472 2720 3531 sibi
2742 3473 2896 3533 vult:
2937 3473 3133 3534 Fortis
3163 3484 3251 3534 est
3280 3474 3538 3534 denmon:
3578 3494 3718 3536 vasa

350 3568 532 3641 αὐτοῦ,
586 3565 632 3620 οἱ
682 3562 943 3642 ἅνθρωποι
1018 3564 1063 3619 οἱ
1125 3573 1427 3643 χωροῦντες
1495 3563 1673 3627 αὐτόν.
1722 3563 1846 3622 Ἐὰν
1902 3564 1988 3621 οὗν

2076 3566 2268 3619 autem
2302 3562 2451 3636 ejus,
2487 3559 2756 3619 homines
2788 3570 2923 3620 sunt
2962 3560 3057 3639 qui
3114 3561 3186 3620 ab
3240 3561 3341 3622 illo
3414 3570 3715 3625 tenentur.

349 3655 429 3729 μὴ
486 3653 739 3732 πρότερον
788 3651 926 3729 δήσῃ
982 3674 1064 3716 τις
1121 3654 1212 3708 τὸν
1265 3650 1508 3734 δαίμονα,
1567 3655 1655 3710 καὶ
1696 3652 1990 3730 καταλύσῃ,

2078 3650 2282 3727 Itaque
2314 3648 2422 3707 nisi
2452 3648 2579 3727 quis
2608 3647 2772 3727 prius
2787 3648 3335 3727 alligetdaemonem
3359 3650 3720 3725 etdestruat,

346 3749 464 3808 πῶς
518 3744 585 3798 τὰ
639 3742 801 3809 σκευὴ
852 3745 1033 3812 αὐτοῦ,
1076 3742 1197 3805 τοὺς
1241 3740 1599 3817 δαιμονῶντας
1634 3740 1797 3821 λέγω,
1841 3740 1988 3817 διαρ-

2076 3735 2373 3815 quomodo
2396 3754 2531 3795 vasa
2557 3736 2683 3813 ejus
2714 3736 2785 3795 ab
2822 3754 2889 3797 eo
2924 3736 3181 3797 auferet?
3205 3738 3724 3819 daemoniacos,in-

341 3834 502 3889 πάσει
560 3831 612 3897 ἐξ
667 3830 825 3888 αὐτοῦ
854 3852 870 3907 ;
922 3820 1098 3888 υΩστε
1157 3831 1271 3887 ἐπεὶ
1302 3830 1410 3909 ἰγὼ
1437 3830 1705 3910 διαρπάζω
1735 3832 1799 3886 τὰ
1828 3832 1988 3897 σκεύη

2076 3842 2274 3903 quam.
2311 3823 2563 3883 Proinde
2598 3825 2735 3903 quia
2766 3843 2870 3903 ego
2905 3844 3038 3885 vasa
3072 3826 3202 3903 ejus
3236 3826 3477 3905 diripio,
3512 3828 3623 3887 hoc
3639 3836 3728 3888 est

343 3924 525 3994 αὐτοῦ,

346 4016 440 4066 τοῦ
496 4006 807 4083 δαιμονικοῦ
860 4007 1080 4081 πάθους,
1139 4007 1391 4086 πρότερον
1454 4006 1643 4064 λοιπὸν
1699 4006 1860 4073 ἔδησα
1916 4017 2004 4071 καὶ

887 4093 1158 4173 δαίμονας,
1241 4098 1329 4152 καὶ
1411 4098 1601 4176 ὶχθρδς
1645 4096 1816 4153 αὐτῶν
1870 4096 2003 4177 εἶμι.

355 4186 477 4249 Πῶς
524 4184 610 4243 οὖν
639 4186 794 4261 ὑμεῖς
826 4183 1006 4264 λέγετε
1052 4184 1133 4242 ὅτι
1196 4181 1513 4271 Βεελζεϐοὺλ
1554 4184 1693 4264 ἔχω,
1738 4183 2004 4271 τουτέστι,

355 4274 621 4351 δαιμόνων
650 4272 795 4353 φίλος
838 4274 913 4330 ὢν
946 4275 1034 4331 καὶ
1063 4273 1258 4353 μάγος,
1306 4270 1552 4331 ἆκϐάλλω
1578 4274 1699 4338 τοὺς
1729 4271 2005 4349 δαίμονας

348 4096 612 4154 κατέλυσα
677 4096 799 4160 τοὺς

443 4473 467 4507 ε
502 4451 678 4527 Ἀμὴν
705 4449 847 4529 λέγω
890 4451 1017 4526 ὑμῖν
1047 4449 1127 4508 ὅτι
1157 4451 1328 4508 πάντα
1375 4449 1691 4531 ἀφεθήσεται
1722 4452 1788 4506 τὰ
1828 4450 2003 4530 ἆμαρ-

352 4541 569 4615 τήματα
595 4552 711 4605 τοῖς
738 4541 873 4603 υἱοῖς
950 4544 1054 4597 τῶν
1134 4539 1442 4620 ἂνθρώπων,
1516 4542 1603 4597 καὶ
1673 4538 2002 4618 βλασφημίαι

1225 4624 1339 4694 "Oc
1396 4627 1439 4685 δ’
1516 4629 1577 4687 ἂν
1633 4628 1988 4709 βλασφημήσνς

2087 4621 2384 4684 convitiati
2411 4622 2629 4683 fuerint
2650 4630 2740 4683 :at
2762 4623 2863 4702 qui
2896 4625 3218 4685 convitium
3240 4626 3453 4686 dixerit
3499 4626 3559 4686 in
3590 4625 3729 4705 Spi-

351 4628 483 4692 δσας
531 4627 594 4683 ἂν
649 4626 1132 4707 βλασφημήσωσιν.

612 3918 910 3992 τουτέστιν,
990 3918 1273 3998 ἐλευθερῶν
1326 3920 1448 3983 τοὺς
1517 3919 1816 3997 ἀνθρώπους
1886 3919 1988 3974 ἀπὸ

2076 3912 2265 3977 libero
2302 3913 2574 3973 homines
2602 3913 2674 3973 ab
2707 3913 3021 3974 affectione
3046 3914 3434 3991 daemoniaca,
3464 3934 3727 3977 consen-

2085 4008 2323 4062 taueum
2378 4009 2465 4061 est
2496 4002 2651 4080 quod
2692 4002 2946 4080 primum
2980 4002 3280 4080 ligaverim
3310 4013 3373 4065 et
3406 4004 3728 4066 destruxe-

2085 4091 2196 4151 rim
2228 4090 2551 4163 daemones,
2585 4100 2642 4149 et
2672 4090 2950 4151 inimicus
2982 4091 3214 4151 illorum
3247 4092 3384 4156 sim.
3418 4092 3728 4164 Quomodo

2085 4177 2265 4256 igitur
2292 4196 2390 4238 vos
2420 4177 2620 4239 dicitis'
2640 4179 2794 4257 quod
2824 4179 3135 4240 Bealzebul
3169 4180 3442 4257 habeam,
3480 4182 3591 4243 hoc
3614 4191 3726 4256 est,

2089 4284 2225 4327 cum
2249 4266 2474 4328 amicus
2503 4267 2612 4327 sim
2642 4268 2974 4328 daemonum
3010 4275 3068 4328 et
3097 4286 3327 4350 magus,
3359 4271 3592 4350 ejiciam
3615 4270 3732 4332 daa-

2090 4354 2330 4417 mones?

2171 4444 2807 4508 VBRs.28-30.cAmcn
2832 4444 2963 4506 dico
2992 4446 3385 4521 vobis,omnia
3414 4449 3730 4509 remitten-

2088 4542 2179 4595 tur
2198 4533 2335 4593 ﬁliis
2352 4534 2657 4594 hominum
2674 4538 2915 4613 peccata
2932 4536 3259 4596 etconvitia
3280 4536 3731 4617 quibuscunque

351 4719 428 4782 εἰς
481 4719 544 4774 τὸ
614 4724 828 4793 Πνεῦμα
879 4719 936 4774 τὸ
1005 4718 1179 4799 ἅγιον,
1231 4723 1335 4800 οὐχ
1404 4719 1523 4799 ἔχει
1594 4717 1777 4799 ἄφεσιν
1811 4720 1883 4781 εἰς
1913 4720 1988 4775 τὸι

2086 4713 2263 4773 ritum
2278 4720 2695 4786 sanctum,non
2718 4713 2893 4774 habet
2912 4714 3325 4775 remissionem
3341 4716 3399 4776 in
3417 4724 3729 4795 aeternum,

352 4808 543 4886 αἰῶνα,
600 4803 720 4863 ἀλλ’
781 4805 970 4886 ἔνοχός
1016 4807 1157 4864 ἐστιν
1214 4810 1424 4867 αἰωνίου
1465 4809 1703 4887 κρίσεως·
1751 4805 1831 4863 ὅτι
1882 4805 1988 4862 ἕλε-

2084 4801 2191 4861 sed
2223 4800 2510 4861 obnoxius
2562 4812 2651 4863 est
2681 4810 2900 4862 aeterno
2948 4802 3174 4882 judicio
3214 4825 3227 4862 :
3264 4804 3403 4884 quia
3431 4804 3734 4885 dicebant,

357 4919 453 4974 γον
512 4900 747 4977 Πνεῦμα,
805 4895 1094 4975 ἆκέθαρτον
1140 4896 1280 4977 ἔχει.
1338 4920 1363 4956 ε
1427 4897 1671 4956 Τοιοῦτόν
1731 4896 1781 4953 τί
1845 4918 1988 4977 φησιπ

2087 4888 2381 4977 Spiritum
2406 4889 2780 4949 immundum
2806 4890 3007 4953 habet.
3026 4892 3201 4954 nTale
3215 4894 3499 4971 quiddam
3526 4893 3735 4954 hoclo-

360 4985 578 5042 ἐνταῦθα
615 5003 632 5019 ⁵

696 4974 850 5042 ’Ὅσα
882 4974 985 5061 μὲν
1009 4984 1143 5043 ἄλλα
1170 4974 1579 5066 ’ἆμαρτάνουσιν
1627 4988 1674 5042 οἱ
1717 4974 1999 5065 ἅνθρωποι,

2092 4997 2159 5040 co
2183 4976 2732 5059 dicitzQuaacunque
2761 4980 2874 5041 alia
2908 4984 3278 5060 peccaverint
3300 4983 3595 5055 homines,
3624 4983 3734 5044 ha-

361 5078 527 5157 τυχόν
583 5075 766 5156 ἔχοιεν
822 5076 885 5131 ἂν
936 5079 1023 5133 καὶ
1065 5080 1480 5160 προφασίσασθαί
1522 5100 1597 5152 τι,
1642 5080 1730 5133 καὶ
1766 5077 1988 5155 συγγνώ·

2096 5066 2235 5129 bent
2261 5067 2411 5127 forte
2428 5068 2583 5147 quod
2599 5075 2921 5147 praetexam
2943 5080 3003 5132 et
3017 5072 3245 5131 veniam
3272 5081 3734 5153 consequantur,

365 5188 475 5243 μης
530 5177 748 5245 τυχεῖν,
820 5174 912 5225 τοῦ
967 5170 1097 5223 Θεοῦ
1153 5173 1220 5244 τῇ
1270 5175 1377 5224 τῶν
1434 5166 1721 5245 ἀνθρώπων
1779 5165 2014 5236 ἂσθενείᾳ

364 5253 895 5335 συγκαταϐαίνοντος,
966 5259 1083 5312 οἷον
1117 5277 1131 5293 ο
1195 5256 1377 5336 ἔλεγον
1452 5256 1543 5313 τὸν
1591 5256 1777 5332 Κύριον
1846 5255 2012 5335 φάγον

363 5345 450 5401 καὶ
544 5342 849 5422 οἰνοπότην,
934 5344 1083 5425 φίλον
1168 5345 1412 5402 τελωνῶν
1482 5346 1571 5402 καὶ
1654 5342 2007 5423 ἁμαρτωλῶν,

362 5433 687 5510 συγγνώμης
742 5428 1128 5500 ἀξιωθήσονται
1186 5432 1271 5490 ἰπὶ
1326 5434 1497 5507 τούτῳ
1527 5451 1542 5464 ⁸
1606 5430 1732 5488 ὅταν
1788 5430 1842 5487 δὲ
1885 5430 2019 5508 βλέ-.

360 5541 555 5585 ποντῑς
599 5521 755 5576 αὺτὸν
784 5519 1025 5596 θαύματα
1084 5521 1281 5589 ίξαίσια
1335 5521 1710 5602 ὶργαζόμενὺν,
1769 5520 2015 5601 βλασφη-

364 5616 506 5688 μῶσι
564 5610 626 5665 τὸ
672 5614 909 5684 Πνεῦμα,
941 5611 1205 5687 τουτέστι,
1254 5612 1351 5676 τὰς
1393 5608 1476 5667 διὰ
1517 5613 1609 5668 τοῦ
1653 5610 1801 5691 ἁγίου
1845 5611 2015 5666 Πνεύ-

2100 5158 2218 5218 Deo
2236 5157 2291 5217 id
2320 5158 2698 5219 condonante
2727 5160 2994 5219 humana:
3014 5160 3362 5224 infirmitati:
3392 5172 3454 5222 ut
3477 5163 3737 5243 exempli

2096 5246 2303 5326 gratia,
2340 5246 2613 5306 dicebant
2650 5246 2780 5306 {89
2811 5248 3109 5310 Christum
3139 5250 3735 5312 helluonemethibo-

2098 5353 2259 5406 nem,
2285 5336 2535 5395 amicum
2562 5335 3007 5414 publicanorum
3039 5349 3097 5400 et
3132 5341 3606 5420 peccatorum,in
3638 5341 3741 5403 illo

2094 5423 2324 5485 veniam
2362 5433 2787 5503 assequamur:
2824 5428 3058 5504 quando
3089 5438 3283 5489 autem
3320 5430 3588 5491 videntes
3607 5448 3742 5492 eum

2100 5512 2331 5592 operari
2364 5513 2647 5575 miracula
2678 5514 3033 5590 indubitata,
3067 5517 3544 5597 blasphemarint
3599 5517 3741 5600 Spi-

2098 5602 2303 5680 ritum,
2338 5602 2448 5663 hoc
2482 5612 2571 5664 est
2602 5604 2749 5664 mira
2780 5622 2962 5684 opera
2992 5625 3099 5686 per
3130 5606 3413 5688 Spiritum
3471 5618 3743 5671 sanctum
