4148 6290
271 368 418 450 529
1025 365 1461 437 ENARRATIO
1506 369 1587 431 IN
1634 366 2154 436 EVANGELIUM.
2183 367 2438 428 MARCI.
2487 398 2563 409 —
2605 369 2767 434 CAP.
2820 371 2920 431 IV.
3549 365 3666 430 530

275 503 376 578 3};
430 501 529 566 τὴν
587 501 686 578 γῇν
747 501 843 566 τὴν
902 500 1090 572 καλὴν,
1129 501 1216 554 καὶ
1271 497 1432 570 ιδζδου
1489 500 1687 577 καρπὸν
1717 498 1933 554 ἀναϐαί-

2023 492 2277 554 fructum
2310 515 2429 555 non
2460 495 2642 559 dedit.
2678 501 2748 560 Et
2777 498 2932 559 aliud
2970 499 3184 559 cecidit
3217 499 3274 559 in
3300 505 3516 558 terram
3549 496 3659 558 bo-

274 607 460 646 νοντα
501 589 586 644 καὶ
639 588 944 664 αὐξάνοντα,
1009 589 1093 644 καὶ
1148 587 1328 667 ἔφερεν
1375 587 1430 644 ἓν
1493 587 1792 666 τριάκοντα,
1853 589 1933 642 καῖ

2025 591 2251 654 nam,et
2276 582 2450 644 dabat
2479 585 2732 645 fructum
2759 598 3162 664 emergentem
3184 595 3240 647 et
3269 593 3658 664 crescentem,

274 677 348 733 ἓν
411 675 693 751 ἑξήκοντα,
729 678 816 734 καὶ
871 676 926 732 ἓν
986 665 1201 736 ἑκατόν.
1244 676 1342 753 καὶ
1395 665 1573 753 ἔλεγεν
1629 677 1830 740 αὐτοῖς’
1880 665 1933 734 Ὀ

2029 675 2089 728 et
2109 669 2388 732 afferebat
2433 691 2612 732 unum
2662 673 2918 748 triginta,
2952 682 3220 752 etynum
3251 672 3574 752 sexaginta,
3604 682 3662 734 et

279 765 447 844 ἔχων
508 769 619 822 ὦτα
662 765 892 838 ἀκούειν,
954 763 1209 825 ἀκουέτω,
1265 752 1395 822 ΗΟτε
1452 763 1506 819 δί
1544 764 1750 842 ἓγένετο
1781 787 1933 820 κατα-

2017 773 2200 818 unum
2233 768 2487 820 centum.
2516 762 2600 821 Ac
2622 762 2854 822 dicebat
2883 762 3030 823 illis:
3066 761 3173 833 Qui
3200 761 3565 822 habetaures
3584 761 3658 823 ad

282 854 491 929 μόνας,
551 853 835 932 ἠρώτησαν
919 853 1073 909 αὐτὸν
1143 855 1190 908 οἳ
1260 854 1376 929 περὶ
1447 855 1600 909 αὺτὸν
1656 854 1746 909 σὺν
1817 866 1932 915 τοῖς

2016 845 2602 920 audiendum,audiat
2618 899 2620 904 τ
2635 852 2775 911 Cum
2793 858 2986 910 autem
3018 851 3293 928 coepisset
3322 869 3450 910 esse
3467 850 3653 924 solus,

281 941 502 999 δώδεκα
561 944 658 1008 τὴν
714 939 1042 1020 παραϐολὴν,
1118 941 1204 996 καὶ
1255 940 1432 1018 ἔλεγεν
1484 943 1662 1006 αὐτοῖς
1697 959 1712 976 ⁸
1777 933 1933 1016 ’Υμϊν

2017 934 2520 1020 interrogaverunt
2538 955 2672 996 eum
2705 938 2765 997 hi
2789 938 2889 1017 qui
2921 938 3078 998 circa
3108 939 3300 1018 ipsum
3333 946 3498 999 erant
3519 957 3653 999 cum

283 1029 502 1087 δέδοται
562 1036 755 1107 γνῶναι
793 1019 861 1085 τὸ
891 1019 1174 1108 μυστήριον
1217 1035 1312 1096 τῆς
1359 1029 1625 1105 βασιλείας
1655 1030 1745 1086 τοῦ
1778 1034 1928 1107 Θεοῦ,

2016 1019 2328 1104 duodecim
2361 1022 2434 1083 de
2466 1024 2827 1102 parabola,et
2859 1025 3092 1086 dicebat
3121 1025 3229 1088 eis:
3256 1025 3436 1102 Vobis
3455 1027 3652 1087 datum

286 1119 516 1182 δκείνοις
576 1115 629 1173 δὶ
687 1132 804 1181 τοῖς
857 1117 975 1192 ἔξω,
1037 1118 1090 1173 έν
1145 1115 1474 1197 παραϐολαῖς
1505 1118 1569 1176 τὰ
1597 1119 1766 1174 πάντα
1798 1121 1932 1197 γίνε-

2016 1116 2107 1197 est
2152 1129 2326 1173 nosse
2378 1114 2717 1191 mysterium
2763 1116 2927 1192 regni
2981 1115 3115 1191 Dei;
3165 1115 3282 1176 illis
3327 1123 3524 1175 autem
3557 1126 3654 1195 qui

285 1229 409 1280 ται,
467 1206 560 1262 ’ίνα
605 1205 914 1282 βλέποντες,
1000 1195 1258 1282 βλέπωσί,
1338 1207 1423 1262 καὶ
1479 1207 1556 1280 μὴ
1611 1195 1933 1288 ἴδωσι,’καὶ

2017 1195 2160 1288 foris
2190 1208 2348 1273 sunt,
2385 1219 2489 1279 per
2520 1202 2825 1278 parabolas
2849 1208 3046 1263 omnia
3075 1205 3252 1264 ﬁunt:
3291 1212 3352 1264 ut
3385 1203 3656 1265 videntes

289 1294 602 1374 ἀκούοντες,
636 1294 885 1366 ἀκοὸωσι,
937 1297 1023 1350 καὶ
1078 1296 1155 1369 μὴ
1203 1296 1657 1373 συνῶσι,⁹μήποτε
1691 1294 1935 1372 ἐπιστρέ-

292 1388 468 1457 ψωσι,
530 1385 616 1439 καὶ
645 1383 811 1462 ἀφεθῇ
857 1382 1038 1444 αὐτοῖς
1087 1383 1152 1438 τὰ
1209 1382 1588 1460 ἁμαρτήματα,
1655 1405 1678 1439 ε
1715 1383 1934 1460 Πρώτην

291 1472 498 1538 ταύτην
557 1471 656 1539 την
713 1468 1018 1550 παραϐολὴν
1072 1472 1241 1550 τίθησι
1297 1472 1393 1539 τὴν
1440 1473 1556 1550 περὶ
1598 1474 1688 1556 1:06
1715 1480 1932 1552 σπόρου,

289 1561 390 1615 ἵνα
447 1563 648 1636 ποιήσῃ
705 1559 1215 1639 προσεκτικωτέρους
1271 1560 1390 1623 τοὺς
1447 1559 1726 1638 ἀκροατάς.
1788 1558 1935 1617 Ἐπεὶ

289 1650 398 1726 γὰρ
457 1647 637 1723 μέλλει
683 1647 852 1705 εἰπεῖν
910 1647 988 1704 ὅτι
1047 1650 1074 1705 6
1104 1655 1324 1728 ίσπορος
1365 1651 1503 1706 ιστὶν
1533 1652 1560 1705 6
1603 1647 1784 1729 λόγος,
1831 1650 1934 1726 ἰμ-

292 1738 477 1793 πεσὼν
512 1735 566 1792 δὶ
598 1740 670 1801 εἷς
726 1737 1143 1816 ἀπροσκέπτους,
1189 1739 1471 1817 φθείρεται,
1523 1739 1704 1797 τούτου
1758 1736 1932 1794 Ινεκεν
1957 1775 1994 1822 Β

2017 1285 2254 1346 videant
2301 1297 2359 1348 et
2404 1308 2520 1348 non
2570 1299 2837 1362 cernant;
2888 1299 2944 1351 et
2994 1290 3299 1351 audientes
3330 1290 3570 1350 audiant
3599 1300 3656 1352 et

2019 1389 2138 1433 non
2168 1374 2514 1455 intelligant,
2559 1379 2868 1456 nequando
2913 1387 3326 1440 convertantur
3356 1387 3414 1439 et
3442 1378 3653 1439 remit-

2019 1468 2214 1520 tantur
2267 1464 2352 1524 eis
2404 1475 2662 1543 peccata.
2705 1493 2726 1522 υ
2789 1467 3042 1527 Primam
3104 1467 3256 1527 hanc
3315 1465 3653 1545 parabolam

2019 1550 2340 1630 ponit,qu:e
2365 1562 2453 1613 est
2483 1553 2556 1613 de
2589 1554 2968 1634 semine,quo
3003 1553 3325 1615 reddantur
3355 1553 3654 1616 auditores

2017 1640 2390 1724 attentiores.
2451 1641 2575 1712 Quo
2648 1642 2803 1702 enim
2883 1643 3150 1702 dicturus
3227 1650 3351 1703 erat
3407 1641 3650 1702 verbum

2017 1742 2148 1806 esse
2181 1729 2583 1809 semen,quod
2611 1730 2707 1790 ubi
2740 1729 3018 1791 ceciderit
3053 1733 3109 1790 in
3144 1748 3345 1809 parum
3374 1737 3648 1806 attentos,

297 1827 402 1901 1:96
457 1831 562 1881 τῶν
618 1823 792 1881 ἄλλων
844 1827 909 1895 τὰ
962 1816 1210 1882 τοιαῦτα
1244 1823 1412 1902 λέγει,
1469 1825 1540 1888 ὡς
1589 1826 1652 1880 ἂν
1706 1824 1933 1902 σπουδά-

2017 1816 2414 1902 corrumpitur
2441 1835 2454 1879 :
2491 1826 2800 1898 propterea
2823 1826 2957 1879 ante
2986 1818 3097 1879 alia
3127 1819 3251 1879 haec
3282 1817 3447 1898 dicit,
3468 1828 3530 1879 ut
3553 1838 3652 1880 au-

295 1899 464 1969 σωσιν
517 1903 564 1969 οἱ
616 1913 866 1991 ἀκροαταὶ
918 1914 994 1989 μὴ
1054 1913 1226 1989 ἐκείνῃ
1271 1899 1335 1986 τῇ
1379 1919 1448 1990 γῇ
1489 1913 1807 1988 ὁμοιωθῆναι

2016 1899 2237 1963 ditores
2269 1905 2540 1965 studeant
2593 1925 2708 1966 non
2742 1907 2824 1966 illi
2865 1915 3038 1967 terrae
3087 1906 3309 1968 similes
3344 1907 3492 1987 ﬁeri,
3524 1926 3654 1988 quas

295 2004 392 2059 τὸν
443 2003 636 2081 σπόρον
687 2000 1080 2081 διαφθειρούσῃ.
1135 2001 1221 2066 Τίς
1278 2001 1365 2059 οὖν
1410 2001 1546 2058 έστὶν
1576 2003 1604 2058 6
1656 2002 1930 2082 σπείρων,

2016 2005 2221 2082 semen
2251 1992 2562 2082 disperdit.
2599 1993 2740 2065 Quis
2772 1994 2947 2072 igitur
2971 2003 3059 2055 est
3088 1994 3187 2074 qui
3218 1995 3502 2056 seminat?
3522 1997 3652 2075 ipse

298 2092 458 2153 αὐτὸς
509 2077 559 2146 6'
592 2077 836 2168 Χριστὸς,
898 2092 954 2154 ὃς
1009 2077 1222 2156 ἱξῆλθεν
1277 2090 1337 2147 δκ
1393 2098 1498 2146 τῶν
1556 2077 1787 2147 κόλπων
1826 2077 1933 2147 τῶν

2016 2077 2286 2168 Christus
2317 2080 2419 2160 qui
2447 2083 2624 2142 exivit
2646 2101 2677 2142 e
2697 2083 2958 2143 Paternis
2984 2083 3214 2155 sinibus
3245 2083 3522 2144 ineffabili
3545 2084 3653 2144 mi-

301 2185 578 2256 Πατρικῶν
634 2166 992 2257 φιλανθρωπίᾳ
1060 2180 1147 2235 καὶ
1222 2177 1604 2256 συγκαταϐάσει
1688 2180 1933 2260 ἀνεκφοι-

2016 2166 2341 2230 sericordia
2370 2188 2433 2232 se
2451 2171 2623 2232 nobis
2654 2179 3071 2251 attemperans.
3105 2171 3289 2232 Exivit
3311 2182 3510 2232 autem
3533 2192 3650 2233 non

295 2255 502 2335 τήτως.
560 2255 777 2332 Ἐξῆλθε
819 2255 873 2322 δί
926 2267 1030 2347 οὐχ
1081 2267 1191 2343 ’ίναξ
1222 2255 1469 2344 ιμπρήσῃ
1496 2267 1595 2333 τὴν
1624 2255 1933 2344 κατηραμέ-

2016 2264 2077 2314 ut
2103 2257 2383 2320 incendat
2411 2259 2779 2321 maledictaui
2815 2269 3030 2320 terram
3065 2269 3120 2320 et
3154 2260 3606 2334 malacorda,ne
3631 2295 3650 2305 -

298 2378 400 2422 νην
451 2359 578 2431 γῆν,
606 2355 695 2410 καὶ
737 2356 831 2419 τὰς
885 2356 1119 2434 πονηρὰς
1168 2355 1378 2430 καρδίας
1413 2375 1428 2390 ⁸
1475 2353 1591 2412 οὐδὲ.
1615 2355 1706 2410 ἵνα
1734 2355 1934 2434 ἐκτέμῃ

298 2445 396 2508 τὰς
455 2445 704 2510 ἀκάνθας,
761 2442 879 2499 ἀλλ’
960 2443 1052 2500 ἵνα
1106 2446 1293 2520 σπείρῃ
1347 2445 1438 2500 τὸν
1495 2445 1708 2521 σπόρον.
1769 2451 1932 2501 Ποῖον

303 2530 358 2587 δί
410 2533 605 2610 σπόρον
638 2555 654 2606 ;
687 2525 816 2612 ’Λρα
845 2535 934 2590 τὸν
963 2541 1053 2589 τοῦ
1087 2533 1318 2594 Μωσέως
1350 2552 1366 2612 ;
1402 2533 1504 2612 ἆρα
1529 2535 1622 2588 τὸν
1664 2540 1769 2589 τῶν
1799 2557 1932 2614 1:90-

303 2622 539 2698 φητώνς
603 2625 760 2702 Οὐχὶ,
819 2622 955 2680 ἀλλὰ
1009 2629 1097 2678 τὸν
1152 2624 1330 2700 αὑτοῦ,
1387 2621 1676 2697 τουτέστιν,
1729 2621 1821 2679 ἵνα
1871 2626 1932 2679 τὸ

307 2709 621 2786 Εὖαγγέλιον
683 2716 838 2770 αὐτοῦ
879 2710 1100 2789 κηρύξῃ.
1160 2707 1400 2774 Ἐκεῖνος
1457 2711 1554 2785 μὶν
1583 2709 1670 2766 οὗν
1700 2709 1928 2790 ἔσπειρε.

303 2800 416 2855 Τῶν
475 2796 528 2853 δὲ
571 2802 885 2880 σπερμάτων
940 2802 968 2854 ὃ
1025 2799 1145 2878 μὲν,
1188 2795 1374 2854 ἔπεσεν
1429 2800 1501 2860 εἰς
1544 2798 1732 2878 ψυχὴν
1762 2821 1932 2855 κατα-

306 2886 687 2961 πεπατημένην
738 2890 838 2944 ὑπὸ
879 2886 1093 2944 πολλῶν
1128 2905 1145 2922 ⁸
1203 2887 1290 2943 καὶ
1346 2887 1412 2941 τὰ
1466 2888 1678 2943 πετεινὰ
1721 2894 1810 2944 τοῦ
1840 2891 1931 2944 o6-

301 2982 481 3050 ρανοῦ,
541 2978 587 3031 οἱ
656 2973 896 3050 δαίμονες
953 2974 1093 3052 λέγω
1151 2977 1195 3030 οἱ
1249 2975 1339 3030 τὸν
1396 2973 1520 3049 ἆέρα
1584 2975 1925 3055 κατέχοντες,

2015 2361 2130 2423 que
2153 2353 2216 2404 ut
2241 2355 2476 2406 cxsecet
2498 2348 2720 2428 spinas,
2747 2349 2848 2409 sed
2877 2358 2937 2408 ut
2961 2349 3218 2409 seminet
3236 2348 3652 2420 semen.Quale

2013 2439 2208 2492 autem
2241 2435 2477 2496 semen?
2497 2434 2774 2513 Nunquid
2807 2436 3011 2497 Hosis?
3041 2437 3305 2516 nunquid
3332 2439 3652 2516 propheta-

2014 2521 2178 2580 rum?
2233 2523 2384 2594 Non,
2439 2523 2541 2582 sed
2601 2543 2797 2597 suum,
2853 2525 2966 2585 hoc
3027 2533 3116 2584 est
3167 2532 3226 2585 ut
3272 2525 3652 2603 Evangelium

2014 2628 2186 2671 suum
2222 2613 2521 2692 praedicet.
2559 2614 2661 2675 Ille
2714 2616 2890 2692 igitur
2926 2615 3254 2679 seminavit.
3291 2615 3418 2676 Jam
3452 2634 3653 2676 semen

2014 2699 2167 2759 aliud
2198 2701 2253 2759 in
2283 2703 2533 2761 animam
2561 2722 2592 2762 a
2621 2703 2820 2763 multis
2855 2705 3260 2764 conculcatam
3305 2703 3558 2763 cecidit:
3597 2711 3658 2764 et

2012 2788 2270 2850 volatilia
2288 2791 2754 2870 coeli,daamones
2779 2792 3046 2871 dico,qui
3073 2812 3271 2853 aerem
3298 2793 3649 2866 inhabitant,

2013 2879 2400 2938 comederunt
2422 2879 2829 2940 semen.Tales
2852 2880 3009 2939 enim
3029 2889 3165 2940 sunt
3189 2881 3288 2959 qui
3311 2881 3650 2940 hominibus

2015 2964 2246 3042 placere
2295 2967 2514 3039 volunt,
2551 2968 2638 3027 via
2687 2967 2914 3028 scilicet
2946 2968 3292 3030 conculcata
3333 2986 3365 3027 a
3401 2967 3598 3026 multis
3632 2986 3644 3028 :

301 3061 601 3140 κατέφαγον
633 3066 722 3119 τὸν
752 3068 969 3142 σπόρον.
1028 3069 1260 3121 Τοιοῦτοι
1318 3063 1416 3140 γὰρ
1472 3067 1597 3119 εἶσιν
1626 3067 1673 3121 οἱ
1717 3053 1932 3144 Ῠᾶνθρω-

2016 3053 2269 3144 quando,
2298 3056 2454 3113 enim
2499 3054 2629 3144 quis
2662 3054 3025 3144 omniafacit
3056 3055 3285 3144 ut__huic
3316 3062 3374 3113 et
3400 3053 3483 3114 illi
3517 3053 3652 3144 pla:-

302 3150 578 3228 πάρεσκοι,
624 3150 740 3214 ὁδὸς
796 3151 1284 3225 καταπεπατημένη
1340 3151 1439 3206 61:6
1509 3150 1720 3208 πολλῶν
1746 3168 1761 3183 ⁸
1807 3151 1931 3210 ὅταν

301 3237 400 3313 γάρ
460 3259 540 3300 τις
595 3240 762 3296 πάντα
804 3239 1009 3316 πράττῃ
1066 3241 1196 3316 πρὸς
1249 3241 1310 3295 τὸ
1365 3238 1545 3317 ἀρέσαι
1601 3237 1790 3316 τούτῳ,
1837 3239 1928 3296 κᾶ-

302 3325 474 3399 κείνῳ,
527 3328 675 3389 οὗτος
704 3341 1085 3383 καταπατεῖται
1116 3328 1217 3382 61:6
1265 3325 1499 3388 πολλῶν,
1537 3317 1680 3405 u09::
1712 3325 1765 3383 δέ
1791 3344 1804 3357 ⁸
1839 3331 1930 3386 οὐκ

300 3414 451 3493 εἶπεν
480 3413 558 3470 ὅτι
591 3406 853 3493 ’Ἐῤῥιψεν
897 3417 1024 3475 αὐτὸ
1080 3415 1164 3472 ἰπὶ
1214 3416 1311 3483 τὴν
1342 3414 1481 3490 εδδ-ι,
1515 3414 1634 3471 ἀλλ’
1666 3412 1924 3480 ”Επεσεν,

303 3491 356 3560 Ὀ
413 3504 511 3576 μὶν
569 3491 987 3584 γαρ-σπείρων,
1070 3507 1143 3569 ὡς
1197 3507 1270 3568 είς
1328 3504 1531 3581 ἀγαθὴν
1583 3505 1682 3582 γῆν
1737 3505 1926 3584 ῥίπτει,

299 3590 469 3658 ἱκείνη
515 3590 568 3648 δὲ
623 3595 828 3672 πονηρὰ
886 3593 1255 3672 εὖρισκομένη,
1317 3593 1506 3671 φθείρει
1565 3594 1654 3648 τὸν
1712 3595 1929 3675 σπόρον,

300 3677 413 3743 ἤτοι
470 3681 560 3735 τὸν
620 3679 798 3759 λόγον.
863 3683 1010 3744 Τινὶς
1069 3680 1122 3736 δὲ
1181 3682 1241 3736 τὸ
1299 3680 1446 3755 Παρὰ
1475 3682 1574 3747 τὴν
1604 3677 1720 3736 ὁδὸν
1750 3680 1930 3764 ἔπεσε,

298 3767 588 3845 χαριέντως
647 3769 892 3848 ένόησαν,
961 3769 1039 3825 ὅτι
1072 3769 1257 3825 ἔπεσεν
1300 3769 1371 3831 είς
1402 3767 1623 3824 ἄπιστον
1666 3768 1875 3849 καρδίαν
1909 3787 1925 3803 ⁶

297 3852 409 3918 ὁδὸς
469 3855 564 3928 μὲν
611 3857 710 3934 γὰρ
741 3860 768 3913 6
821 3859 1040 3937 Χριστός
1076 3875 1092 3894 ⁸
1150 3856 1291 3933 παρὰ
1333 3857 1428 3924 τὴν
1459 3853 1578 3912 ὁδὸν
1620 3855 1675 3912 δέ
1730 3851 1857 3937 εἶσιν
1886 3862 1933 3914 οἱ

299 3941 526 4017 ἄπιστοι,
560 3948 605 4002 οἱ
642 3943 740 4010 ἔξω
768 3936 873 4015 τῆς
896 3945 1037 4026 ὁδοῦ,
1079 3944 1316 4002 τουτέστι
1359 3952 1449 4001 τοῦ
1474 3952 1721 4023 Χριστοῦ.
1749 3936 1932 4004 ’Ἄλλο

298 4031 349 4087 δέ
403 4037 582 4090 πίπτει
639 4035 722 4090 ἐπὶ
781 4037 966 4114 ψυχὴν
1023 4032 1265 4113 πετρώδη
1300 4047 1314 4063 '
1354 4033 1476 4096 τοὺς
1531 4032 1760 4097 εὐκόλως
1792 4033 1933 4112 λέγω

297 4119 644 4201 δεχομένους,
706 4127 826 4179 εἶτα
869 4120 1267 4184 ἀποϐάλλοντας
1300 4139 1317 4157 ⁸
1374 4134 1430 4178 οῖ
1471 4120 1754 4200 πετρώδεις
1810 4124 1930 4195 εἰσὶ,

299 4213 429 4266 κατά
472 4234 521 4267 τι
578 4213 768 4290 μικρὸν
795 4211 1025 4274 ἱοικότες
1067 4217 1135 4288 τῇ
1179 4210 1362 4288 πέτρᾳ,
1421 4216 1498 4283 τῷ
1529 4215 1736 4287 Χριστῷ
1766 4233 1932 4290 φημι,

298 4302 421 4355 καθὸ
473 4298 708 4364 ἐδέξαντο
760 4302 853 4356 τὸν
895 4298 1055 4376 λόγον
1091 4315 1104 4329 ⁶
1147 4300 1275 4355 καθὸ
1308 4297 1362 4353 δὶ
1418 4298 1548 4376 πρὸς
1603 4299 1784 4375 καιρὸν
1843 4295 1931 4352 δέ-

301 4409 484 4466 χονται
495 4435 510 4466 ,

299 4477 368 4537 εἷς
422 4476 602 4554 ψυχὴν
641 4475 990 4555 πολύφροντιν
1021 4491 1037 4508 ⁸
1114 4472 1330 4531 ἄκανθαι
1383 4474 1481 4551 γὰρ
1538 4475 1590 4528 αἱ
1644 4471 1929 4552 φροντίδες.

301 4565 368 4622 T6
424 4563 477 4620 δὲ
537 4564 807 4644 τέταρτον,
853 4567 926 4627 είς
997 4569 1098 4642 γῆν
1163 4563 1391 4641 ἀγαθήν,
1437 4561 1576 4640 ’Ὅρα
1633 4569 1754 4634 γοῦν
1821 4564 1934 4627 πῶς

299 4654 488 4711 σπάνια
529 4653 593 4709 τὰ
623 4653 782 4729 καλὰ,
822 4655 907 4710 καὶ
963 4652 1128 4730 ὀλίγοι
1171 4654 1218 4707 οἱ
1261 4651 1548 4725 σωζόμενοι
1581 4667 1596 4682 ⁸
1654 4652 1715 4706 τὸ
1742 4649 1933 4729 τέταρ-

301 4763 386 4797 τον
443 4741 542 4818 γὰρ
613 4741 772 4816 μόνον
865 4749 957 4798 τοῦ
1038 4742 1230 4821 σφόρου
1287 4740 1574 4819 εὑρίσκεται
1657 4737 1929 4800 διασωθέν.

303 4840 422 4896 Τοῖς
477 4831 565 4886 06a
616 4834 884 4905 μαθηταῖς
928 4829 1254 4905 έρωτήσασιν
1310 4827 1468 4883 αὐτὸν
1517 4826 1639 4906 ξδίᾳ,
1673 4828 1829 4906 φησὶν
1856 4827 1934 4883 ὅτι

305 4909 459 4993 ’Υμῖν
519 4904 718 4975 δέδοται
777 4904 970 4998 γνῶναι
1028 4919 1093 4974 τὰ
1166 4917 1449 4992 μυστήρια.
1517 4904 1628 4988 Ἆρ’
1673 4904 1761 4971 οὖν
1802 4915 1936 4971 κατὰ

302 5005 675 5086 ἆποκλήρωσιν
759 5009 846 5063 καὶ
902 5006 1224 5084 εἱμαρμένην
1281 5003 1341 5060 ἐκ
1398 5005 1599 5082 φύσεως
1665 5015 1781 5065 τοῖς
1839 5003 1934 5078 μὲν

303 5095 523 5168 δέδοται,
556 5109 678 5160 τοῖς
707 5095 760 5152 δί
792 5098 851 5154 οὔ
886 5115 902 5176 ς
937 5097 1026 5162 Μὴ
1049 5092 1292 5172 γένοιτοί
1325 5091 1444 5148 ἀλλ’
1475 5092 1688 5155 ὶκείνοις
1710 5089 1931 5167 δέδοται,

305 5199 419 5249 τοῖς
477 5191 714 5255 ζητοῦσι,
781 5208 808 5239 ι
855 5192 1078 5250 Ζητεττε
1135 5184 1257 5261 γὰρ,
1315 5181 1466 5260 φησὶ,
1522 5181 1609 5235 καὶ
1663 5177 1938 5248 δοθήσεται

303 5276 448 5348 ὑμῖν.
517 5296 540 5329 ε
598 5275 726 5338 Τοὺς
779 5271 833 5328 δί
877 5271 1094 5335 λοιποῦς
1146 5268 1443 5348 ἐτύφλωσεν
1495 5270 1522 5324 6
1554 5269 1705 5340 Θεὸς,
1737 5267 1829 5323 ’ίνα
1860 5268 1937 5342 μὴ

311 5364 434 5438 πρὸς
493 5360 708 5416 πλείονα
753 5361 1056 5440 κατάκρισιν
1102 5359 1271 5415 αὐτῶν
1314 5357 1405 5423 εἴη
1448 5358 1509 5412 τὸ
1538 5369 1680 5413 νοεῖν
1708 5357 1768 5411 τὸ
1798 5355 1932 5427 δέον,

309 5451 382 5524 μὴ
437 5449 770 5528 πραττόντων
800 5449 949 5512 αὐτό.
981 5446 1213 5513 ⁹¹Λλλως
1243 5463 1258 5478 ⁸
1295 5445 1473 5509 Θέλεις
1531 5451 1728 5523 γνῶναι
1774 5442 1854 5499 ὅτι
1911 5447 1939 5500 6

385 5617 535 5680 ⁷7³78
564 5619 703 5681 Luc.
731 5632 855 5696 VIII,
889 5616 988 5679 10.

2015 3147 2140 3200 ceat
2171 3149 2228 3200 et
2255 3140 2364 3202 iste
2393 3159 2425 3200 a
2445 3142 2642 3203 multis
2675 3142 3076 3202 conculcatur.
3104 3141 3249 3202 Vide
3277 3150 3471 3201 autem
3495 3141 3649 3220 quod

2013 3245 2132 3287 non
2149 3228 2367 3290 dixerit
2381 3247 2442 3289 se
2459 3229 2784 3308 projecisse
2801 3230 2943 3289 illud
2967 3230 3024 3288 in
3037 3230 3321 3303 viam,sed
3338 3229 3645 3291 cecidisse.

2013 3313 2158 3376 Nam
2192 3318 2287 3396 qui
2321 3318 2597 3397 seminat,
2625 3335 2731 3378 ceu
2758 3318 2817 3376 in
2854 3328 3066 3378 terram
3098 3317 3311 3378 bonam
3364 3317 3597 3396 projicit
3634 3339 3644 3378 :

2013 3404 2112 3463 illa
2142 3414 2334 3464 autem
2371 3406 2420 3465 si
2451 3406 2685 3466 inventa
2713 3405 2887 3466 fuerit
2913 3407 3088 3484 mala,
3124 3424 3352 3480 semen,
3378 3424 3482 3465 seu
3512 3423 3646 3465 ver-

2017 3491 2153 3552 bum
2186 3494 2529 3573 corrumpit.
2564 3494 2810 3565 Quidam
2843 3503 3033 3554 autem
3083 3513 3186 3573 per
3241 3512 3444 3554 semen
3495 3495 3650 3572 quod

2014 3597 2188 3640 secus
2219 3583 2366 3640 viam
2391 3583 2626 3660 cecidit,
2665 3582 2909 3658 pulchre
2940 3582 3358 3642 intellexerunt
3382 3581 3536 3660 quod
3555 3599 3651 3641 ce-

2012 3669 2224 3730 ciderit
2253 3671 2310 3730 in
2346 3690 2446 3731 cor
2468 3671 2728 3733 infidele.
2759 3670 2860 3733 Via
2891 3673 3044 3736 enim
3079 3680 3167 3731 est
3214 3671 3502 3742 Christus,
3528 3688 3646 3729 caa-

2015 3766 2205 3818 terum
2230 3777 2401 3820 secus
2443 3764 2614 3833 viam,
2642 3777 2769 3820 sum
2807 3759 3080 3821 inﬁdeles
3133 3759 3230 3839 qui
3284 3767 3452 3818 extra
3493 3757 3645 3817 viam

2015 3854 2171 3922 sunt,
2201 3848 2310 3909 hoc
2336 3858 2423 3908 est
2456 3847 2773 3911 Christum.
2801 3848 2976 3910 Aliud
3009 3857 3202 3908 autem
3236 3847 3390 3908 cadit
3421 3846 3479 3905 in
3512 3847 3645 3906 ani-

2016 3951 2167 3993 mam
2202 3945 2495 4014 petrosam
2533 3955 2672 3997 :eos
2694 3936 2849 4016 dico,
2885 3937 2982 4016 qui
3008 3937 3178 3996 facile
3208 3935 3559 4013 suscipiunt,
3595 3943 3655 3995 et

2015 4022 2232 4083 deinde
2255 4021 2674 4101 abjiciunt.Qui
2703 4025 2922 4104 petrosi
2955 4034 3109 4097 sunt,
3135 4023 3205 4084 ad
3240 4041 3483 4103 parvum
3512 4032 3655 4082 tem-

2015 4127 2122 4187 pus
2151 4109 2376 4172 similes
2404 4113 2537 4172 facti
2569 4120 2749 4190 petra)
2777 4113 3031 4185 Christo,
3065 4112 3123 4171 in
3159 4113 3269 4171 hoc
3315 4111 3470 4190 quod
3518 4129 3651 4171 ser-

2016 4218 2250 4260 monem
2301 4212 2726 4282 susceperunt:
2764 4203 3081 4264 dissimiles
3128 4213 3319 4262 autem
3370 4202 3526 4274 facti,
3581 4220 3650 4261 eo

2015 4289 2168 4367 quod
2193 4289 2264 4348 ad
2293 4297 2524 4369 tempus
2547 4291 2725 4352 breve
2753 4299 3226 4370 susceperunt,et
3247 4290 3462 4350 deinde
3482 4289 3651 4366 abje-

565 4389 689 4444 εἶτα
773 4385 1184 4459 ἀποϐάλλουσιν,
1245 4385 1575 4446 ἆπεοικότες.
1635 4387 1733 4442 Καὶ
1803 4384 1933 4441 ἄλλο

2018 4384 2246 4438 cerunt.
2279 4376 2348 4437 Et
2396 4377 2556 4438 aliud
2603 4378 2660 4437 in
2693 4379 2947 4438 animam
2998 4377 3213 4439 cecidit
3260 4376 3458 4439 multis
3491 4377 3652 4436 cui-is

2019 4462 2355 4538 obnoxiam,
2393 4466 2578 4544 spina:
2609 4467 2767 4527 enim
2803 4485 2958 4526 curre
2978 4473 3135 4528 sunt.
3169 4465 3430 4544 Denique
3469 4484 3651 4542 quar-

2023 4559 2140 4610 tum
2176 4552 2234 4612 in
2259 4561 2474 4613 terram
2509 4553 2720 4613 bonam
2754 4554 2986 4616 cecidit.
3023 4553 3284 4615 Proinde
3336 4552 3466 4612 vide
3497 4572 3651 4631 quo-

2019 4639 2194 4700 modo
2229 4659 2360 4701 rara
2382 4643 2502 4702 sint
2533 4641 2769 4715 bona,et
2803 4644 2969 4721 pauci
3001 4642 3098 4722 qui
3129 4650 3440 4702 serventur
3476 4662 3488 4702 :
3517 4659 3652 4702 nam

2019 4736 2291 4809 quartum
2324 4732 2447 4791 l9|
2479 4738 2703 4791 tantum
2737 4751 2938 4792 semen
2991 4731 3287 4791 invenitur
3330 4739 3647 4791 servatum.

2019 4819 2199 4877 Porro
2231 4817 2537 4898 discipulis
2590 4821 2842 4881 seorsim
2893 4817 3394 4895 interrogantibus
3435 4818 3649 4897 inquit,

2025 4931 2050 4959 α
2073 4904 2254 4966 Vobis
2284 4909 2482 4968 datum
2509 4918 2594 4967 est
2625 4927 2796 4968 nosse
2835 4908 3108 4988 mysteria
3137 4905 3345 4964 ⁷7⁸78.»
3375 4905 3653 4986 Nunquid

2022 4993 2204 5072 igitur
2234 5013 2339 5074 per
2369 4995 2834 5074 segregationem
2890 5005 2947 5058 et
2990 4997 3253 5056 naturale
3310 4995 3492 5054 fatum
3523 4994 3657 5054 aliis

2019 5082 2259 5163 quidem
2292 5083 2492 5144 datum
2528 5093 2634 5159 est,
2663 5085 2792 5145 aliis
2822 5102 2958 5145 vero
2994 5084 3138 5145 non?
3168 5083 3371 5145 Absit!
3409 5082 3510 5142 sed
3534 5082 3654 5143 illis

2020 5169 2223 5230 datum
2256 5179 2344 5231 est
2371 5171 2471 5250 qui
2493 5171 2818 5250 inquirunt.
2860 5197 2884 5226 σι
2921 5172 3173 5243 Qumrite
3224 5170 3407 5242 enim,
3441 5172 3648 5250 inquit,

2021 5268 2079 5320 et
2106 5259 2338 5320 dabitur
2372 5259 2588 5320 vobis.»
2625 5263 2876 5321 Caeteros
2905 5267 3098 5321 autem
3133 5260 3448 5321 excoecavit
3473 5261 3650 5339 Deus,

2023 5367 2096 5407 ne.
2131 5350 2206 5408 sit
2239 5349 2353 5409 illis
2393 5348 2453 5406 in
2489 5350 2769 5426 majorem
2806 5349 3356 5410 condemnationem
3393 5348 3439 5405 si
3475 5349 3654 5407 intol-

2023 5437 2200 5517 ligant
2223 5444 2279 5498 et
2302 5455 2417 5497 non
2443 5435 2658 5497 faciant
2690 5437 2756 5498 Et
2786 5438 2956 5499 aliter
2977 5443 3001 5498 ':
3030 5437 3131 5500 Vis
3151 5439 3303 5499 scire
3332 5442 3470 5517 quia
3495 5436 3653 5501 Deus
