4148 6290
456 450 462 455 -
526 410 637 474 53f

1528 413 2118 475 THEOPHYLACTI
2161 410 2561 473 BULGABJ/E
2606 411 2960 475 ARCHIEP.

3830 407 3935 471 532

526 542 664 605 facit
692 562 901 606 omnes
933 544 1131 606 videre
1151 544 1181 603 ‘?
1208 541 1456 605 audi.Ut
1488 544 1891 618 videntes,hoc
1922 553 2011 605 est
2042 545 2170 608 Dei:

2262 544 2387 605 Θεὸς
2446 544 2645 607 πάντας
2689 542 2906 610 ἰποίησε
2954 542 3165 620 βλέπειν
3223 546 3283 600 τὸ
3342 543 3460 602 δέον
3501 564 3521 623 ς
3577 543 3779 602 ὤιουε.
3826 533 3940 601 UIvtl

530 651 649 693 non
673 632 936 701 videant,
966 632 1124 693 istud
1158 641 1248 693 est
1272 632 1511 693 malitiae
1539 633 1799 692 illorum.
1836 632 1993 694 Deus
2020 633 2177 695 enim

533 720 808 781 formavit
833 738 935 781 eos
965 720 1373 800 videntes,hoc
1395 732 1482 782 est
1500 720 1721 783 bonum
1755 722 2175 800 intelligentes:

531 808 644 889 ipsi
675 816 871 869 autem
907 827 1023 868 non
1063 807 1289 882 vident,
1316 826 1419 869 sua
1452 818 1664 887 sponte
1686 810 1889 870 oculos
1904 810 2180 871 clauden-

530 904 643 977 tes,
677 915 751 957 ne
798 905 1220 958 convertantur
1271 909 1328 957 et
1387 898 1800 971 emendentur,
1835 898 2000 977 quasi
2057 916 2178 960 sua;

532 984 795 1066 ipsorum
831 985 1007 1045 saluti
1060 993 1118 1046 et
1168 984 1589 1048 emendationi
1621 986 1946 1049 invideant.
1983 989 2179 1048 l‘otest

534 1073 709 1135 etiam
746 1081 801 1134 et
826 1073 911 1134 sic
935 1074 1221 1151 intelligi:
1257 1074 1401 1133 Aliis
1439 1073 1494 1133 in
1524 1073 1818 1152 parabolis
1852 1076 2079 1154 loquor,
2116 1082 2180 1136 ut

532 1161 800 1225 videntes
828 1181 946 1222 non
981 1162 1238 1234 videant,
1275 1163 1659 1222 etaudientes
1686 1181 1797 1223 non
1825 1161 2171 1244 intelligant,

534 1250 850 1330 nequando
880 1269 947 1310 ex
974 1250 1083 1311 hoc
1110 1257 1525 1310 convertantur
1556 1258 1611 1311 et
1644 1250 2053 1313 emendentur.

614 1514 798 1577 Vens.
822 1513 1039 1575 13-20.
1085 1537 1105 1569 α
1140 1513 1207 1574 Et
1235 1513 1317 1574 ait
1348 1514 1461 1575 illis
1498 1535 1510 1574 :
1543 1515 1795 1577 Nescitis
1843 1515 2178 1595 parabolam

535 1605 723 1666 hanc?
754 1612 810 1665 et
839 1603 1134 1683 quomodo
1168 1621 1376 1663 omnes
1416 1604 1723 1682 parabolas
1770 1604 2179 1683 cognosci-tis?

535 1692 871 1757 Seminator
900 1692 1000 1753 ille
1034 1710 1367 1752 sermonem
1402 1694 1674 1755 seminat.
1721 1694 1823 1755 Isti
1876 1713 2012 1754 vero
2044 1702 2181 1755 sunt

533 1782 821 1863 quijuxta
849 1781 1002 1841 viam
1041 1780 1340 1849 dicuntur,
1378 1779 1476 1841 ubi
1509 1784 1831 1843 seminatur
1865 1800 2086 1861 sermo,
2124 1791 2181 1844 et

2261 630 2545 706 βλέποντες
2579 651 2592 665 '
2642 639 2795 689 τοῦτο
2824 631 2916 688 τοῦ
2973 639 3103 688 Θεοῦ
3136 648 3151 662 ⁸
3203 633 3280 708 μὴ
3310 631 3596 708 βλέπωσι,
3648 638 3812 688 τοῦτο
3853 636 3940 697 τῆς

2262 721 2447 782 κακίας
2503 723 2695 783 αὐτῶν,
2759 711 2815 778 Ὀ
2860 720 2955 795 μὲν
3025 722 3124 799 γὰρ
3196 724 3323 783 Θεὸς
3372 719 3700 796 βλέποντας
3764 720 3939 781 frmi»;

2262 805 2479 881 ἔπλασε,
2544 809 2804 887 τουτέστι,
2869 815 3116 873 νοοῦντας
3189 811 3250 864 τὸ
3305 808 3503 888 καλὸν,
3576 810 3738 867 αὐτοὶ
3795 805 3850 863 δὲ
3889 807 3938 863 οὗ

2258 894 2564 974 βλέπουσιν,
2637 896 2884 961 ἑκουσίως
2960 897 3313 971 καμμύοντες,
3373 894 3470 952 ἵνα
3534 897 3622 972 μὴ
3690 896 3935 974 ἐπιστρα-

2259 989 2394 1061 φῶσι
2480 986 2567 1039 καὶ
2643 982 2987 1062 διορθωθῶσιν
3024 1005 3039 1021 ο
3116 986 3341 1061 ὡσπερεὶ
3409 986 3519 1063 γὰρ
3606 992 3683 1061 τῇ
3742 986 3933 1039 ἑαυτῶν

2262 1074 2494 1150 σωτηρίᾳ
2534 1073 2621 1128 καὶ
2676 1071 2952 1149 βελτιώσει
3010 1075 3305 1150 φθονοῦσιν,
3340 1063 3514 1130 ’Ἐστι
3568 1071 3630 1128 δὲ
3666 1073 3759 1128 καὶ
3804 1072 3930 1129 οἶτω

2260 1160 2467 1233 νοῆσαι,
2520 1159 2624 1240 ὅτι,
2684 1171 2811 1223 Τοῖς
2868 1160 3083 1223 λοιποῖς
3133 1162 3188 1217 ἐν
3236 1161 3589 1240 παραϐολαῖς
3638 1161 3815 1239 λέγω,
3845 1162 3928 1216 ἵνα

2260 1247 2543 1322 βλέποντες
2602 1250 2682 1323 μὴ
2736 1248 2996 1329 βλέπωσι,
3059 1252 3144 1306 καὶ
3201 1249 3477 1314 ἀκούοντες
3531 1252 3619 1327 μὴ
3686 1256 3921 1320 συνιῶσι,

2262 1338 2472 1411 μήποτε
2527 1335 2622 1393 κᾶν
2707 1336 2767 1393 ἐκ
2835 1338 3018 1396 τούτου
3086 1338 3445 1418 ὶπιστρέψωσι
3538 1340 3637 1395 καὶ
3712 1338 3926 1418 διορθω-

2261 1428 2442 1485 θῶσιν.

2343 1534 2373 1567 ε
2410 1514 2505 1569 Καὶ
2555 1510 2697 1590 λέγει
2754 1517 2933 1576 αὐτοῖς
2961 1529 2977 1545 ·
3039 1516 3147 1572 Οὔκ
3202 1512 3380 1570 οἴδατε
3441 1514 3549 1581 τὴν
3611 1511 3922 1592 παραϐολὴν

2260 1601 2506 1682 ταύτηνς
2550 1604 2639 1658 καὶ
2680 1608 2795 1665 πῶς
2840 1602 3013 1666 πάσας
3078 1603 3172 1666 τὰς
3230 1601 3534 1682 παραϐολὰς
3607 1603 3915 1682 γνώσεσθε,

2264 1679 2320 1745 Ὀ
2366 1690 2612 1766 σπείρων,
2644 1692 2733 1747 τὸν
2763 1689 2917 1769 λόγον
2963 1692 3189 1771 σπείρει.
3239 1679 3391 1749 Οὗτοι
3446 1692 3503 1748 δέ
3552 1679 3660 1748 εἶσι
3710 1694 3756 1747 οἱ
3788 1679 3920 1768 παρά

2260 1777 2358 1843 τὴν
2402 1776 2519 1834 ὁδόν
2554 1793 2568 1809 ’
2619 1777 2751 1836 ὅπου
2794 1780 3059 1858 σπείρεται
3118 1781 3145 1836 ὀ
3198 1778 3381 1855 λόγος,
3441 1783 3533 1837 καὶ
3599 1780 3734 1835 ὅταν
3764 1779 3915 1835 ἀκού-

532 1889 667 1932 cum
700 1869 1019 1940 audierint,
1056 1869 1363 1929 confestim
1408 1870 1565 1930 venit
1608 1873 1870 1943 Satanas,
1906 1881 1961 1931 et
1992 1872 2178 1933 aufert

2262 1887 2448 1944 σωσιν,
2501 1866 2687 1930 εὐθέως
2746 1869 2959 1947 ’έρχεται
3037 1871 3065 1923 0
3123 1876 3382 1944 Σατανᾶς,
3455 1872 3547 1925 καὶ
3625 1867 3775 1947 αἴρει
3832 1868 3913 1923 τόν

533 1976 869 2021 sermonem
906 1957 1004 2037 qui
1037 1956 1361 2017 seminatus
1395 1967 1483 2017 est
1530 1958 1590 2019 in
1633 1958 1914 2019 cordibus
1947 1977 2172 2022 eorum.

530 2046 716 2110 Etalii
738 2054 875 2106 sunt
894 2045 1169 2106 similiter
1190 2047 1286 2124 qui
1302 2045 1362 2104 in
1384 2054 1613 2124 petrosa
1636 2066 1841 2107 semen
1856 2047 2173 2126 accipiunt,

533 2136 636 2216 qui
664 2154 797 2197 cum
821 2134 1117 2195 audierint
1151 2152 1521 2214 sermonem,
1557 2136 1749 2195 statim
1797 2155 1928 2199 cum
1962 2137 2173 2214 gaudio

531 2222 831 2304 accipiunt
854 2222 1046 2299 illum,
1074 2230 1130 2281 et
1162 2240 1278 2281 non
1312 2220 1528 2281 habent
1557 2222 1817 2282 radicem
1846 2223 1904 2281 in
1932 2242 2039 2301 se,
2069 2223 2171 2282 sed

536 2310 876 2391 temporarii
909 2318 1042 2370 sunt
1068 2331 1079 2364 :
1105 2310 1319 2370 deinde
1353 2318 1551 2370 .toorta
1580 2310 1900 2372 afﬂictione
1919 2321 2013 2372 aut
2038 2330 2175 2390 per-

532 2401 837 2463 secutione
860 2406 1099 2477 propter
1129 2416 1489 2472 sermonem,
1516 2399 1825 2460 confestim
1861 2400 2177 2461 offendun-

536 2488 731 2549 tur.Et
761 2487 861 2547 alii
894 2496 1033 2547 sunt
1064 2487 1165 2565 qui
1197 2488 1255 2546 in
1289 2487 1489 2565 spinas
1520 2506 1725 2547 semen
1758 2488 2075 2567 accipiunt.
2132 2489 2177 2550 Ii

533 2575 783 2655 suntqui
806 2593 1140 2635 sermonem
1158 2573 1424 2636 audiunt:
1450 2584 1505 2635 at
1524 2575 1954 2636 sollicitudines
1973 2578 2173 2638 saeculi

532 2663 1116 2742 hujus,deceptioque
1136 2662 1333 2722 divitia
1345 2673 1961 2744 rum,cznterarumque
1974 2684 2171 2726 rerum

532 2752 890 2832 Cupiditates
930 2751 1321 2830 introeuntes,
1360 2751 1647 2812 sutfocant
1698 2770 2057 2821 sermonem,
2105 2774 2172 2816 ac

536 2840 807 2901 redditur
836 2838 1263 2900 infructifer.Et
1287 2839 1386 2899 alii
1422 2849 1558 2900 sunt
1591 2840 1687 2918 qui
1722 2841 1778 2901 in
1816 2854 2031 2900 terram
2062 2842 2169 2903 bo-

534 2948 667 2990 nam
719 2946 921 2989 semen
955 2938 1337 3007 exceperunt,
1390 2929 1491 3008 qui
1521 2929 1766 2988 audiunt
1815 2928 2077 2991 verbum.
2117 2942 2175 2992 et

534 3016 946 3094 suscipiunt,et
966 3017 1427 3097 fructiﬁcant,ita
1445 3016 1680 3077 utaliud
1706 3036 1947 3092 granum
1975 3021 2177 3080 afferat

536 3106 792 3185 triginta,
823 3106 981 3167 aliud
1014 3106 1505 3185 sexaginta,aliud
1532 3115 1788 3169 centum.
1823 3133 1848 3162 ι
1888 3110 2036 3170 Tres
2072 3128 2173 3169 or-

2259 1952 2420 2033 λόγον
2464 1956 2555 2010 τὸν
2624 1954 2950 2035 ἐσπαρμένον
2992 1956 3047 2012 ὲν
3102 1970 3224 2019 ταῖς
3280 1957 3514 2037 καρδίαις
3572 1961 3773 2016 αὐτῶν.
3826 1956 3913 2013 Καὶ

2259 2042 2571 2098 οὗτοίιείσιν
2632 2045 2831 2118 ὁμοίως
2894 2046 2939 2099 οἱ
3004 2044 3091 2100 ἐπὶ
3132 2046 3199 2101 τὰ
3240 2044 3481 2123 πετρώδη
3541 2046 3908 2124 σπειρόμενοι,

2257 2130 2308 2192 οἳ
2343 2128 2468 2185 ὅταν
2519 2131 2778 2188 ἀκούσωσι
2834 2134 2925 2189 τὸν
2969 2131 3151 2210 λόγον,
3186 2133 3369 2196 ευθέως
3401 2136 3537 2208 μετά
3568 2140 3753 2213 χαρᾶς
3783 2130 3908 2205 λαμ·

2260 2214 2500 2273 ὅάνουσιν
2558 2218 2739 2293 αὐτὸν,
2816 2220 2902 2274 καὶ
2959 2218 3054 2275 οὒκ
3126 2217 3310 2299 ’έχουσι
3353 2221 3494 2297 ῥίζαν
3562 2222 3621 2277 ἐν
3676 2222 3905 2295 ἑαυτοῖς,

2260 2304 2396 2360 ἀλλὰ
2447 2306 2757 2384 πρόσκαιροί
2809 2307 2937 2362 εἰσιν
2971 2321 2985 2336 ⁸
3055 2307 3177 2363 εἶτα
3240 2309 3531 2385 γενομένης
3589 2308 3822 2382 θλίψεως
3875 2308 3906 2373 ἦ

2260 2390 2494 2470 διωγμοῦ
2548 2392 2632 2449 διὰ
2687 2394 2776 2450 τὸν
2830 2393 3010 2472 λόγον,
3065 2394 3253 2458 ευθέως
3301 2396 3750 2468 ¹ικανδαλίζονται,
3815 2396 3903 2453 Καὶ

2260 2480 2399 2537 οὗτοί
2451 2484 2601 2557 εἰσιν,
2663 2484 2709 2537 οἱ
2768 2484 2842 2546 εἰς
2881 2485 2973 2547 τὰς
3018 2484 3244 2547 ἀκάνθας
3303 2487 3665 2564 σπειρόμενοι,
3712 2486 3760 2540 οἱ
3815 2485 3900 2537 τὸν

2259 2568 2417 2647 λόγον
2456 2571 2758 2645 ἀκούοντες,
2810 2574 2894 2627 καὶ
2966 2575 3015 2627 αἱ
3090 2571 3337 2649 μέριμναι
3393 2581 3486 2630 τοῦ
3531 2576 3716 2636 αἰῶνος
3771 2572 3892 2627 τού-

2255 2680 2367 2733 του,
2414 2663 2501 2714 καὶ
2555 2661 2590 2727 ἡ
2632 2660 2812 2726 ἀπάτη
2867 2667 2959 2717 τοῦ
3015 2659 3241 2719 πλούτου
3295 2664 3383 2718 καὶ
3438 2666 3489 2718 αἱ
3544 2662 3747 2740 περὶτά
3775 2658 3887 2715 λοι-

2253 2747 2328 2801 πά
2424 2747 2710 2821 ἐπιθυμίαι,
2820 2748 3246 2826 εἰσπορευόμεναι
3344 2752 3671 2825 συμπνίγουσι
3791 2746 3878 2800 τόν

2254 2833 2432 2912 λόγον,
2493 2837 2587 2891 καὶ
2624 2834 2857 2910 ἄκαρπος
2902 2838 3123 2913 γίνεται,
3175 2838 3272 2894 Καὶ
3328 2838 3466 2894 οὗτοί
3514 2839 3629 2891 εἰσιν
3684 2835 3729 2889 οἱ
3786 2834 3872 2887 ἐπὶ

2254 2924 2351 2990 τὴν
2409 2928 2511 3001 γῆν
2540 2924 2639 2991 τὴν
2684 2924 2850 2992 καλὴν
2882 2925 3191 3002 σπαρέντες,
3225 2925 3279 2982 οἶ
3329 2947 3458 2989 τιιες
3496 2924 3720 2981 ἀκούουσι
3774 2924 3863 2975 τὸν

2256 3011 2413 3089 λόγον
2493 3014 2577 3067 καὶ
2675 3012 3084 3093 παραδέχονται,
3174 3016 3261 3070 καὶ
3348 3014 3738 3095 καρποφοροῦσιν
3811 3008 3865 3063 ’ἐν

2256 3101 2535 3178 τριάκοντα
2589 3102 2673 3157 καὶ
2730 3102 2784 3156 ἓν
2863 3102 3116 3171 ἐξήκοντα
3158 3105 3247 3159 καὶ
3302 3103 3357 3159 ἓν
3416 3104 3615 3159 ἑκατόν.
3655 3123 3677 3155 ι
3721 3097 3872 3176 Τρεῖς

532 3194 703 3256 dines
729 3203 865 3255 sunt
898 3196 1008 3255 hoc
1044 3196 1168 3256 loco
1192 3214 1393 3256 eorum
1426 3195 1484 3255 in
1518 3196 1735 3275 quibus
1768 3197 2008 3257 verbum
2047 3217 2175 3278 per-

2262 3187 2429 3253 τάξεις
2505 3190 2631 3244 εἰσὶν
2683 3190 2899 3248 ἐνταῦθα
2968 3191 3065 3257 τῆς
3113 3190 3379 3254 ἀπωλείας
3436 3198 3527 3248 τοῦ
3581 3190 3754 3266 λόγου.
3823 3188 3877 3243 θ’ἱ

534 3282 873 3346 ditur.Nam
929 3284 988 3344 hi
1018 3284 1116 3364 qui
1147 3292 1281 3344 sunt
1314 3303 1487 3345 secus
1522 3274 1694 3367 viam,
1731 3304 1934 3365 parum
1968 3274 2173 3347 attenti

2262 3277 2353 3352 μὲν
2396 3278 2494 3355 γὰρ
2552 3278 2693 3355 παρά
2748 3278 2844 3344 τὴν
2902 3277 3038 3351 ὁδὸν,
3122 3280 3459 3356 ἀπρόσεκτοι,
3542 3282 3586 3337 οἱ
3626 3276 3679 3333 δὲ
3754 3274 3882 3351 παρά

532 3380 689 3451 sunt;
725 3372 785 3431 hi
816 3381 1009 3431 autem
1054 3373 1149 3451 qui
1196 3382 1619 3452 comparantur
1668 3388 1873 3453 petrae,
1930 3375 2173 3453 pusilla-

534 3459 749 3537 nimes;
802 3460 885 3521 illi
916 3478 1054 3520 vero
1088 3461 1187 3538 qui
1222 3471 1639 3539 umnparantur
1674 3463 1881 3541 spinis,
1913 3463 2168 3524 deIiCati.

533 3547 747 3609 Eorum
773 3566 1009 3628 quoque
1031 3550 1128 3627 qui
1152 3549 1477 3627 suscipiunt
1504 3559 1919 3611 etconservant
1942 3570 2171 3630 semen,

534 3636 808 3697 similiter
840 3645 959 3697 tres
983 3650 1115 3697 sunt
1146 3638 1410 3697 ordines.
1436 3636 1578 3697 Nam
1613 3639 1712 3717 qui
1745 3638 1995 3699 fructum
2030 3642 2177 3700 affe-

532 3732 671 3784 runt
698 3725 1203 3804 centuplum,sunt
1234 3726 1331 3805 qui
1368 3725 1682 3805 perfectam
1716 3737 1769 3785 et
1795 3746 2081 3787 summam
2102 3728 2180 3787 vi-

536 3820 652 3876 tam
686 3826 891 3890 agunt;
922 3814 1019 3893 qui
1050 3822 1242 3875 autem
1295 3815 1770 3892 sexagecuplum,
1837 3815 1895 3875 bi
1950 3816 2177 3875 medio-

535 3922 724 3977 crem;
756 3904 810 3963 hi
843 3921 981 3963 vero
1044 3904 1146 3983 qui
1198 3904 1609 3982 trigecuplum,
1666 3912 1803 3963 sunt
1847 3904 1946 3983 qui
2008 3924 2182 3984 parva

534 3991 801 4073 quidem,
828 3992 1080 4052 afferunt
1114 4000 1306 4052 tamen
1340 4001 1396 4053 et
1421 3992 1532 4072 ipsi
1560 4011 1663 4071 pro
1710 3993 1833 4052 suis
1864 3992 2103 4073 vmbus,
2126 4002 2185 4055 ut

535 4079 793 4160 exempli
826 4080 1027 4157 gratia,
1057 4080 1309 4157 virgines
1334 4089 1391 4141 et
1420 4080 1667 4142 solitarii
1700 4102 1712 4143 :
1751 4083 1887 4142 item
1939 4083 2034 4142 alii
2085 4085 2179 4163 qui

533 4171 595 4232 in
615 4169 901 4231 ccenobiis
935 4178 990 4231 et
1020 4169 1575 4247 congregationibus
1605 4170 1926 4231 vivuntzalii
1951 4190 2183 4250 quoque

534 4259 667 4322 laici
697 4267 754 4321 et
787 4259 1108 4337 conjugati.
1160 4261 1580 4319 Verumtamen
1637 4258 1922 4319 Dominus
1973 4279 2181 4321 omnes

533 4356 812 4428 tanquam
860 4347 1116 4408 fructum
1173 4346 1492 4409 afferentes
1545 4347 1806 4427 suscipit.
1846 4346 2046 4410 Gratia
2105 4349 2181 4410 sit

533 4438 666 4516 ejus
696 4436 1121 4497 misericordiae

614 4524 793 4625 erns.
828 4524 1045 4631 21-23.
1081 4551 1102 4579 «
1136 4524 1214 4631 Et.
1254 4523 1508 4585 dicebat‘
1536 4524 1651 4583 illis
1688 4543 1701 4583 :
1736 4527 1889 4588 Num
1942 4526 2245 4631 lucernaD

530 4613 691 4677 venit
722 4614 1015 4675 utsubter
1062 4613 1321 4673 modium
1375 4621 1645 4692 ponatur.
1680 4621 1779 4673 aut
1826 4630 2004 4691 super
2054 4615 2177 4674 lec-

535 4702 693 4767 tum?
722 4700 930 4762 Nonne
960 4710 1023 4762 ut
1053 4720 1232 4779 super
1276 4700 1694 4761 candelabrum
1748 4701 2027 4779 ponatur?
2052 4700 2181 4763 Non

532 4800 626 4856 est
644 4796 802 4853 enim
839 4794 966 4851 ‘92
999 4791 1319 4871 quidquam
1372 4790 1664 4852 occultum
1712 4790 1865 4867 quod
1902 4809 2016 4849 non
2052 4809 2179 4851 ma-

536 4881 891 4943 nifestetur:
931 4899 1123 4960 neque
1157 4882 1258 4939 fuit
1289 4885 1612 4956 secretum,
1644 4878 1756 4938 nisi
1788 4888 1845 4937 ut
1875 4877 1932 4938 in
1963 4898 2181 4958 propa-

532 4970 721 5032 tulum
756 4971 969 5030 veniat.
1005 4969 1065 5030 Si
1112 4968 1242 5048 quis
1276 4967 1449 5027 habet
1483 4984 1657 5025 aures
1687 4966 1756 5025 ad
1794 4966 2175 5044 audiendum,

530 5059 754 5122 audiat.
778 5079 807 5119 ›
831 5058 954 5120 Hoc
987 5058 1115 5118 loco
1149 5057 1426 5117 admonet
1453 5057 1748 5132 apostolos
1772 5064 1834 5114 ut
1864 5055 1981 5115 sint
2008 5057 2182 5117 clara:

530 5158 591 5212 et
618 5149 883 5210 honestes
902 5148 1052 5220 vitae;
1081 5145 1396 5207 dii-itenim
1424 5165 1435 5205 :
1463 5142 1627 5205 Sicut
1658 5144 1899 5203 lucerna
1944 5146 2181 5223 ponitur

528 5246 593 5300 ut
619 5237 921 5316 luceat,ita
953 5236 1142 5296 etvita
1172 5241 1363 5295 vestra
1386 5232 1660 5293 omnibus
1692 5235 2009 5311 conspicua
2043 5233 2174 5309 erit,

527 5333 589 5389 et
618 5344 827 5388 omnes
857 5324 929 5385 ad
970 5324 1162 5405 ipsum
1207 5322 1531 5401 respicient
1563 5342 1574 5381 :
1618 5320 1839 5381 idcirco
1867 5326 1999 5383 date
2031 5341 2179 5401 0pc-

528 5432 653 5476 ram
688 5423 753 5476 ut
779 5415 892 5475 vita
921 5422 1114 5474 vestra
1141 5412 1296 5473 bona
1326 5412 1422 5473 sit.
1458 5410 1658 5489 Neque
1684 5410 1842 5469 enim
1876 5410 1931 5469 in
1964 5412 2177 5489 angulo

528 5502 774 5583 sedetis,
809 5502 913 5563 sed
947 5503 1191 5563 lucerna
1222 5502 1666 5562 estis.Luterna
1703 5505 1898 5558 autem
1928 5518 2043 5558 non
2068 5499 2178 5561 sub

521 5592 674 5654 lecto
706 5591 1177 5665 occultatur,sed
1206 5590 1272 5650 sd
1308 5606 1487 5668 super
1515 5586 1935 5647 candelabrum
1966 5590 2174 5666 posita,

519 5682 699 5744 lucet.
736 5680 836 5743 Est
868 5688 1064 5741 autem
1100 5686 1158 5741 et
1178 5677 1587 5755 unusquisque
1608 5674 2175 5754 nostrum,lucerna,

2255 3366 2353 3431 τὴν
2410 3365 2632 3445 πέτραν,
2690 3368 3041 3444 μικρόψυχοι,
3088 3369 3130 3422 0i
3193 3368 3245 3421 δὲ
3301 3370 3443 3446 παρά
3510 3369 3600 3430 τὰς
3642 3366 3876 3440 ἀκάνθας,

2256 3456 2302 3509 οἱ
2344 3454 2622 3533 τρυφηταί,
2676 3456 2789 3511 Τῶν
2867 3455 3048 3529 μέντοι
3093 3453 3527 3533 παραδεξαμένων
3573 3460 3658 3512 καὶ
3697 3452 3879 3508 διασω-

2262 3542 2463 3598 σάντων
2522 3544 2612 3597 τὸν
2643 3564 2858 3622 σπορον,
2917 3541 3075 3598 πάλιν
3133 3558 3279 3622 τρεῖς
3321 3545 3513 3610 τάξεις·
3550 3548 3597 3601 οἱ
3638 3544 3733 3616 μὲν
3759 3561 3878 3616 καρ-

2262 3636 2613 3709 ποφοροῦντες
2672 3630 2725 3685 ἓν
2784 3632 2994 3704 ἑκατὸν,
3053 3633 3100 3688 οἱ
3157 3631 3356 3689 τέλειον
3410 3634 3521 3710 βίον
3578 3635 3663 3689 καὶ
3733 3627 3880 3707 ἀκρό-

2261 3740 2415 3775 τατον
2475 3719 2694 3798 ἔχοντες
2730 3734 2742 3748 '
2793 3721 2837 3775 οἶ
2880 3718 2935 3775 δὲ
2981 3719 3037 3774 ἓν
3065 3719 3339 3796 ἑξήκοντα,
3371 3723 3415 3777 οί
3445 3722 3622 3797 μέσως
3655 3720 3878 3799 ἔχοντες,

2261 3808 2309 3862 οἱ
2353 3806 2405 3863 δὲ
2437 3807 2490 3863 ἓν
2548 3812 2848 3887 τριάκοντα,
2912 3806 3024 3864 ὅσοι
3084 3810 3244 3886 μικρά
3287 3814 3409 3884 μὲν,
3453 3809 3593 3876 πλην
3624 3811 3710 3865 καὶ
3756 3805 3883 3864 αὐτοὶ

2263 3898 2397 3953 κατὰ
2458 3895 2672 3971 δύναμιν
2730 3898 3047 3976 εἰσφέροντες
3083 3913 3094 3924 '
3159 3901 3297 3973 οἷον,
3351 3901 3395 3955 οἱ
3430 3898 3526 3974 μέν
3556 3901 3655 3955 εἰσι
3705 3893 3884 3971 παρθέ-

2265 4006 2349 4041 νοι
2405 3988 2491 4041 καὶ
2535 3986 2800 4063 ἑρημικοὶ,
2864 3985 3013 4042 ἄλλοι
3093 3985 3311 4065 μιγάδες
3382 3989 3469 4043 καὶ
3524 3986 3579 4042 ἐν
3635 3981 3883 4054 κοινοϐίῳ,

2263 4074 2430 4153 ἕτεροι
2474 4074 2654 4130 λα’ἱκοὶ
2710 4077 2798 4131 καὶ
2846 4074 2900 4131 ἐν
2955 4076 3132 4152 γάμῳ,
3190 4075 3337 4143 Πλὴν
3386 4076 3587 4137 πάντας
3644 4078 3672 4132 0
3718 4074 3884 4151 Κύριος

2265 4166 2336 4226 ὡς
2409 4173 2870 4243 καρποφοροῦντας
2939 4161 3156 4241 δέχεται
3192 4180 3204 4193 ’
3269 4166 3356 4220 καὶ
3425 4164 3583 4244 χάρις
3640 4169 3709 4241 τῇ
3749 4165 3887 4219 αὐτοῦ

2265 4251 2644 4332 φιλανθρωπίᾳ.

2349 4542 2375 4572 σ
2427 4519 2524 4575 Καὶ
2566 4515 2742 4594 ἔλεγεν
2791 4519 2971 4581 αὐτοῖς
3006 4535 3019 4550 ⁸
3067 4519 3151 4586 Μή
3183 4539 3231 4573 τι
3265 4521 3292 4574 0
3322 4517 3517 4598 λύχνος
3550 4518 3765 4599 ἔρχεται
3801 4514 3884 4570 ἵνα

2264 4612 2365 4666 ὑπὸ
2406 4610 2495 4665 τὸν
2554 4605 2736 4682 μόδιον
2780 4610 2926 4685 τεθῇ,
2986 4605 3021 4673 ἢ
3080 4608 3179 4662 ὑπὸ
3236 4608 3330 4675 τὴν
3373 4607 3556 4675 κλίνην
3592 4630 3607 4684 ς
3642 4613 3754 4688 Οὐχ
3806 4605 3886 4659 ἵνα

2263 4699 2348 4755 ἐπὶ
2402 4699 2500 4764 τὴν
2559 4695 2778 4774 λυχνίαν
2821 4696 3079 4771 έπιτεθῇ;
3138 4695 3209 4752 Οὔ
3266 4697 3365 4775 γάρ
3422 4696 3529 4752 ἐστί
3574 4720 3623 4753 τι
3651 4695 3885 4775 κρυπτὸν,

2264 4790 2291 4845 ὃ
2346 4787 2436 4843 ἐὰν
2492 4787 2570 4862 μὴ
2614 4788 2905 4865 φανερωθῇ,
2966 4783 3081 4842 οὐδὲ
3128 4785 3335 4863 ἐγένετο
3393 4788 3720 4867 ἀπόκρυφον,
3786 4778 3888 4840 ἀλλ’

2262 4877 2354 4932 ’ίνα
2411 4878 2483 4939 εἰς
2544 4876 2765 4955 φανερὸν
2851 4874 3000 4951 ἔλθῃ.
3064 4874 3128 4931 Εἴ
3182 4899 3263 4939 τις
3335 4876 3451 4956 ἔχει
3507 4879 3620 4932 ὦτα
3674 4876 3884 4941 ἀκούειν,

2263 4964 2522 5026 ἀκουέτω.
2600 4987 2629 5019 ι
2714 4963 2967 5022 Ἐνταῦθα
3051 4979 3299 5042 παραινεῖ
3373 4980 3491 5030 τοῖς
3562 4964 3885 5027 ἀποστόλοις,

2262 5052 2533 5131 λαμπροὺς
2567 5052 2708 5107 εἶναι
2760 5054 2897 5108 κατά
2951 5054 3042 5110 τὸν
3103 5055 3214 5129 βίον
3292 5056 3380 5110 καὶ
3430 5055 3529 5121 τὴν
3586 5053 3844 5111 πολιτείαν
3874 5063 3887 5077 ⁸

2267 5133 2482 5221 υιὶσπερ
2536 5143 2634 5220 γὰρ
2665 5144 2693 5196 0
2736 5140 2956 5221 λύχνος,
2989 5144 3171 5220 φησὶν,
3224 5144 3297 5205 εἷς
3341 5144 3402 5199 τό
3430 5142 3657 5217 λάμπειν
3690 5145 3888 5213 τίθεται,

2263 5231 2401 5289 οὕτω
2457 5234 2544 5289 καὶ
2587 5234 2614 5287 0
2659 5229 2905 5309 ὅμέτερος
2948 5233 3060 5308 βίος
3132 5239 3259 5288 πᾶσι
3329 5230 3667 5311 περίϐλεπτος
3736 5231 3886 5299 ἔσται,

2330 5321 2345 5341 \
2449 5320 2460 5339 Ι
2703 5322 2715 5337 ‘
2839 5321 2853 5343 ,
2899 5322 2910 5336 ‘
3099 5319 3108 5337 θ
3336 5336 3350 5353 ο
3422 5320 3446 5341 υ
3766 5322 3774 5330 ’

2260 5341 2347 5375 και
2391 5341 2582 5383 παντες
2628 5342 2756 5399 προς
2799 5342 2952 5376 αυτον
3016 5319 3302 5397 βλεψουσιν
3413 5341 3551 5376 ωστε
3580 5319 3890 5377 σπουδάσατε

2262 5411 2454 5487 ἀγαθόν
2484 5411 2595 5486 βίον
2639 5409 2812 5490 ἔχειν,
2861 5412 2933 5467 Οὐ
2988 5412 3087 5488 γὰρ
3141 5410 3195 5464 ὲν
3253 5410 3415 5487 γωνίᾳ
3472 5410 3722 5483 κάθησθε,
3773 5404 3892 5463 ἀλλά

2262 5501 2456 5579 Λύχνος
2514 5499 2654 5561 ἐστὶ,
2718 5492 2775 5557 Ὀ
2819 5498 2873 5554 δὲ
2907 5497 3109 5578 λύχνος
3158 5500 3261 5579 οὐχ
3290 5500 3391 5554 ὑπὸ
3419 5497 3603 5565 κλίνην
3634 5499 3895 5575 κρύπτεται

2262 5586 2382 5645 ἀλλ’
2446 5588 2500 5644 έν
2530 5595 2599 5665 τῇ
2630 5587 2822 5668 λύχνίᾳ
2878 5590 3041 5652 τεθεὶς
3099 5590 3300 5668 φαίνει,
3338 5586 3510 5646 ’Ἔστι
3555 5588 3609 5643 δὲ
3653 5590 3739 5646 καὶ
3763 5580 3897 5661 ἡμῶν

2262 5678 2506 5752 ἕκαστος,
2552 5676 2770 5760 λύχνος,
2830 5678 2885 5743 ὃς
2951 5676 3148 5758 ὀφείλει
3240 5678 3465 5734 τίθεσθαι
3523 5676 3607 5733 ἰπὶ
3664 5678 3762 5744 τὴν
3814 5674 3896 5730 λυ-
