4148 6290
284 327 443 393 533

1046 330 1491 395 ENARRATIO
1535 332 1616 394 IN
1666 333 2169 397 EVANGELIUM
2214 334 2475 397 MARGI.
2519 369 2596 380 —
2639 337 2803 400 CAP.
2852 339 2957 400 1V.

3578 334 3698 402 534

283 467 504 545 χνίαν,
551 462 820 522 τουτέστιν
875 462 964 520 ἰπὶ
1001 463 1064 520 τὸ
1117 460 1252 539 ὕψος
1308 464 1408 540 τῆς
1455 464 1593 520 κατὰ
1641 467 1773 522 Θεὸν
1802 463 1941 522 πολι⁴

2051 461 2152 541 qui
2186 461 2364 526 debet
2393 466 2530 546 poni
2561 485 2740 546 super
2767 467 3214 544 candelabrum,
3249 470 3361 530 hoc
3391 476 3481 531 est
3514 486 3694 549 super

281 553 490 633 τείας,
532 550 627 609 ἵνα
682 553 771 609 καὶ
827 551 1024 629 ἑτέροις
1080 549 1296 620 δύνηται
1360 549 1620 632 λάμπειν,
1675 551 1796 610 ἀλλ’
1867 552 1971 632 οὔχ

281 642 416 699 ὑπὸ
478 642 567 698 τὸν
623 639 823 716 μόδιον,
882 640 1148 698 τουτέστιν
1221 641 1323 697 ὑπὸ
1377 641 1474 709 τὴν
1529 643 1966 721 γαστριμαργίαν,

285 732 400 786 καί
465 730 562 798 τὴν
615 731 733 809 περὶ
787 729 854 786 τὰ
907 744 1036 786 σῖτα
1064 726 1320 804 σπουδὴν,
1352 727 1459 788 οὐδ’
1488 730 1590 785 ὑπὸ
1631 731 1725 798 νην
1757 729 1964 797 κλίνην,

286 817 559 877 τουτέστι
615 819 716 886 τὴν
771 816 1086 879 ἀνάπαυσιν.
1168 815 1345 881 Οὐδεὶς
1397 817 1497 897 γὰρ
1544 819 1663 897 περὶ
1718 819 1786 875 τὰ
1841 833 1966 875 σῖτα

289 905 649 986 σπουδάζων,
709 907 796 963 καὶ
849 903 1023 962 ἄνεσιν
1073 910 1265 978 ποθῶν,
1320 904 1531 964 δύναται
1585 905 1782 986 λύχνος
1825 911 1962 962 εἶναι

289 997 444 1051 πᾶσι
489 994 686 1076 φαίνων
735 993 820 1050 διὰ
848 1001 942 1052 τού
991 994 1180 1052 οἰκείου
1232 994 1370 1070 βίου.
1404 997 1476 1052 Οὐ
1505 995 1604 1074 γάρ
1662 997 1774 1052 εστι
1831 1018 1959 1074 κρυ-

291 1084 450 1142 πτὸν
506 1075 536 1138 ὃ
593 1085 652 1140 οὒ
711 1083 788 1158 μὴ
833 1075 1128 1164 φανερωθῇ.
1165 1082 1294 1142 Εἴτε
1323 1083 1518 1163 ἀγαθόν
1548 1105 1620 1163 τι,
1654 1081 1764 1141 εἴτε
1794 1107 1958 1151 πονη-

291 1175 400 1252 ρὸν
448 1173 502 1230 ἐν
553 1180 629 1247 τῷ
684 1171 930 1240 λεληθότι
987 1186 1162 1248 ποιεῖ,
1239 1173 1665 1253 φανερωθήσεται
1737 1175 1825 1229 καὶ
1870 1176 1955 1230 ἐν-

290 1265 502 1335 ταυθα,
562 1262 648 1319 καὶ
687 1259 874 1336 πολλῷ
919 1259 1120 1338 μᾶλλον
1177 1260 1231 1318 ἐν
1289 1263 1366 1335 τῷ
1424 1259 1695 1336 μέλλοντι,
1749 1263 1808 1320 Τί
1857 1264 1956 1341 γᾷιρ

291 1352 372 1415 ἦν
434 1360 785 1430 κρυφιωτερον
829 1356 1008 1425 Θεοῦς
1067 1349 1186 1408 ἀλλ’
1231 1349 1380 1425 ὅμως
1422 1351 1511 1406 καὶ
1552 1351 1701 1415 οὗτος
1761 1349 1952 1431 ἔφανε-

293 1438 455 1518 ρώθη
481 1439 535 1496 ἄν
569 1440 742 1516 σαρκί.

392 1551 424 1582 α
462 1529 559 1586 Καὶ
613 1527 794 1607 ἔλεγεν
849 1529 1032 1593 αὑτοῖς
1068 1547 1082 1562 ·
1127 1527 1356 1585 Βλέπετε
1401 1528 1449 1584 τί
1501 1527 1741 1589 ἀκούετε.
1786 1528 1877 1585 Ἐν
1909 1533 1954 1602 ᾧ

2049 553 2448 614 summitatem
2480 553 2691 616 divinae
2720 555 2870 632 vitae,
2912 568 2972 617 ut
3003 556 3134 618 aliis
3193 557 3378 637 possit
3432 557 3637 620 lucere
3672 577 3688 618 :

2051 637 2155 698 sed
2186 658 2302 700 non
2337 641 2446 702 sub
2497 642 2718 714 modio,
2751 645 2863 706 hoc
2895 653 2990 706 est
3027 645 3136 707 sub
3165 645 3593 725 gastrimargia,
3635 652 3696 707 et

2050 725 2318 814 ciborum
2350 748 2491 790 cura
2527 752 2540 790 :
2579 750 2768 812 neque
2816 732 2924 794 sub
2971 734 3148 808 lecw,
3181 735 3294 796 hoc
3338 744 3426 795 est
3467 734 3686 814 quiete.

2049 813 2255 902 Nullus
2287 819 2440 877 enim
2475 819 2568 880 cui
2600 819 2713 880 sibi
2744 839 2900 882 cura;
2923 821 3265 902 sunt,etqni
3294 813 3561 902 requiem
3586 820 3688 883 de-

2047 900 2289 976 siderat,
2315 913 2506 984 potest
2540 907 2781 968 lucerna
2805 927 2941 969 esse
2969 900 3246 971 omnibus
3279 900 3479 972 lucens
3505 912 3684 974 etiam

2047 1007 2154 1068 per
2184 1010 2350 1053 suam
2383 994 2722 1057 vitam.Non
2753 997 2912 1057 enim
2942 1005 3033 1058 est
3060 997 3540 1078 occultum,quod
3567 1017 3687 1060 non

2046 1080 2477 1144 manilestetur.
2513 1085 2932 1166 Unusquisque
2977 1093 3256 1165 vestrum,
3294 1087 3418 1147 sive
3467 1088 3684 1148 bonum

2042 1168 2181 1247 quid
2204 1169 2434 1241 fecerit,
2456 1173 2579 1235 sive
2604 1175 2821 1234 malum
2854 1174 2913 1234 in
2947 1175 3685 1248 occulto,manifestabitur

2039 1256 2216 1317 etiam
2251 1259 2371 1340 hic,
2406 1270 2464 1321 et
2500 1263 2686 1323 multo
2720 1263 2904 1340 magis
2929 1262 2988 1322 in
3028 1262 3222 1322 futuro
3253 1262 3490 1326 saeculo.
3528 1263 3680 1336 Quid

2041 1351 2197 1408 enim
2230 1351 2636 1414 absconditius
2667 1353 2832 1415 Deo?
2859 1363 3116 1415 attamen
3162 1362 3219 1414 et
3246 1354 3372 1436 ipse
3397 1356 3681 1418 manifes-

2040 1443 2195 1498 tatus
2218 1449 2307 1500 est
2342 1441 2400 1501 in
2433 1461 2634 1502 carne.

2121 1529 2293 1588 Vens.
2329 1529 2427 1608 24,
2454 1535 2553 1594 25.
2584 1532 2689 1593 «Et
2711 1533 2946 1594 dicebat
2977 1534 3092 1595 illis
3117 1554 3130 1598 :
3155 1534 3362 1596 Videte
3392 1533 3536 1614 quid
3568 1552 3681 1596 au-

290 1615 485 1694 μέτρῳ
543 1629 812 1696 μετρεῖτε,
869 1617 1262 1697 μετρηθήσεται
1310 1618 1461 1692 ὑμῖν,
1521 1618 1609 1674 καὶ
1650 1620 1941 1696 προστεθή-

2033 1615 2220 1676 (ίίδιίδ.
2255 1615 2380 1688 Qua
2412 1637 2688 1681 mensura
2712 1621 3062 1694 metiemini,
3097 1623 3197 1684 alii
3228 1622 3547 1684 metientur
3573 1641 3680 1684 vo-

291 1689 466 1761 σεται
496 1689 804 1780 ὑμῖν-τοϊς
841 1689 1136 1766 ἂνούουσιν.
1196 1689 1304 1771 ι’ος
1344 1689 1460 1784 γὰρ
1504 1703 1566 1761 ἂν
1609 1689 1743 1786 ἔχῂ,
1786 1704 1941 1776 δοθή-

2035 1702 2162 1794 bis:
2199 1714 2256 1794 et
2283 1705 2598 1786 adjicietur
2631 1708 2792 1769 vobis
2831 1709 2933 1789 qui
2967 1689 3341 1783 auditis.Qni
3373 1711 3533 1772 enim
3566 1710 3676 1771 ha-

295 1815 454 1851 σεται
505 1795 669 1871 αὐτῷ,
733 1798 823 1854 καὶ
864 1798 921 1862 ὃς
971 1799 1066 1854 οὗκ
1107 1795 1248 1877 ἔχει,
1293 1797 1382 1853 καὶ
1425 1797 1452 1852 ὃ
1495 1796 1613 1877 ἔχει
1669 1796 1941 1874 ἀρθήσεται

2036 1790 2154 1866 bet,
2189 1793 2423 1857 dabitur
2451 1796 2534 1856 illi
2563 1815 2576 1858 :
2613 1807 2670 1858 et
2698 1798 2795 1878 qui
2832 1816 2950 1858 non
2981 1798 3364 1873 habet,etiam
3385 1798 3543 1879 quod
3566 1800 3676 1860 ha-

296 1881 400 1939 ἆπ’
457 1883 640 1946 αὐτού.
692 1909 720 1942 ε
786 1885 925 1965 Πρὸς
983 1884 1350 1965 νηφαλιότητα
1406 1883 1642 1965 διεγείρει
1683 1885 1806 1950 τοὺς
1839 1908 1941 1961 μα-

2036 1881 2153 1940 bet.
2199 1885 2502 1947 auferetur
2551 1886 2622 1946 ab
2678 1905 2772 1951 eo.
2813 1911 2836 1942 ιι
2877 1887 2964 1948 Ad
3019 1888 3376 1966 vigilantiam
3411 1890 3679 1950 hortatur

296 1971 494 2037 θητάς.
551 1971 774 2049 βλέπετε
817 1975 936 2052 γὰρ,
998 1975 1148 2054 φησὶ,
1192 1971 1244 2029 τί
1296 1972 1534 2048 ἀκούετε,
1591 1971 1758 2050 μηδὲν
1813 1974 1941 2049 ὑμᾶς

2035 1969 2374 2050 discipulos.
2403 1975 2613 2036 Videte
2643 1975 2826 2054 enim,
2857 1976 3072 2056 inquit,
3106 1976 3245 2056 quid
3265 1975 3678 2048 audiatis,nul-

295 2061 411 2115 τῶν
481 2058 783 2140 λεγομένων
849 2060 974 2142 παρ’
1019 2062 1148 2139 ἐμοῦ
1189 2060 1536 2142 διαφευγέτω.
1585 2059 1676 2120 Ἐν
1733 2065 1780 2136 ᾧ
1849 2064 1950 2140 γὰρ

297 2147 483 2227 μέτρῳ
565 2163 835 2231 μετρεῖτε,
924 2151 1312 2230 μετρηθήσεται
1408 2151 1558 2226 ὑμῖν,
1651 2152 1938 2223 τουτέστιν,

294 2235 490 2304 ἡλίκον
533 2238 724 2318 μέτρον
797 2244 1081 2320 προσοχῆς
1157 2239 1443 2320 εἰσφέρετε,
1512 2239 1807 2308 τηλικαύτη
1856 2244 1943 2297 καὶ

296 2324 533 2404 ὠφέλεια
605 2325 881 2398 δοθήσεται
925 2330 1050 2404 ὑμῖν
1097 2327 1250 2408 (53).
1300 2321 1356 2387 Ὀ
1399 2329 1499 2407 γὰρ
1540 2329 1805 2408 ἀκροατὴς
1853 2330 1942 2386 liv

299 2414 400 2487 μὲν
459 2415 594 2473 πάνυ
638 2417 882 2497 προσέχῃ
937 2419 1024 2474 καὶ
1066 2419 1140 2484 εἷς
1195 2416 1378 2494 ἄκρον,
1425 2416 1747 2475 ἁντιδίδωσιν
1805 2421 1944 2492 αὐτῷ

301 2503 332 2559 ὀ
390 2505 521 2570 Θεὸς
566 2508 653 2563 καὶ
693 2508 793 2574 τὴν
819 2505 1077 2587 ὠφέλειαν
1120 2506 1329 2577 πολλήν
1361 2524 1376 2538 ⁸
1423 2507 1513 2565 ἐὰν
1546 2506 1601 2564 δὲ
1646 2515 1950 2588 χαῦνοςιῇ,

303 2594 440 2650 κατᾶ
493 2593 775 2674 ἀναλογίαν
822 2580 910 2654 καὶ
969 2598 1031 2652 τὸ
1084 2595 1267 2675 κέρδος
1337 2602 1432 2664 τῆς
1498 2580 1779 2678 ὠφελείας,
1843 2580 1948 2661 υ(δέ

302 2682 402 2760 γὰρ
447 2682 510 2738 ἂν
567 2683 674 2763 ἔχῃ
713 2684 1004 2762 προθυμίαν
1030 2685 1118 2741 καὶ
1174 2683 1425 2760 σπουδὴν,
1479 2684 1752 2755 δοθήσεται
1808 2689 1949 2760 αὖτῷ

300 2773 386 2826 καὶ
437 2771 671 2853 ὠφέλεια
705 2790 719 2805 ⁸
776 2772 836 2835 ὃς
883 2770 929 2829 δ’
979 2776 1072 2832 οὐκ
1099 2771 1218 2852 ἔχει
1246 2773 1534 2852 προθυμίαν
1576 2775 1662 2830 καὶ
1691 2773 1944 2852 σπουδὴν,

300 2859 384 2914 καὶ
444 2861 472 2916 ὃ
527 2859 678 2918 δοκεῖ
725 2859 897 2942 ἔχειν,
953 2860 1233 2942 ἀρθήσεται
1297 2861 1395 2918 ἀπ’
1443 2861 1600 2919 αὒτοῦ
1661 2861 1809 2941 (54).
1847 2864 1944 2918 Δια

307 2947 403 3024 γὰρ
482 2955 584 3017 τῆς
663 2950 910 3028 ῥᾳθυμίας
996 2948 1408 3008 κατασϐέννυται
1475 2952 1563 3007 καὶ
1645 2952 1674 3007 ὁ
1757 2953 1944 3030 μικρὸς

305 3038 536 3117 σπινθὴρ
577 3039 634 3095 ὃν
678 3038 932 3118 πρότερον
987 3042 1167 3118 εἶχεν,
1225 3038 1403 3118 ὥσπερ
1453 3039 1556 3096 ὑπὸ
1597 3037 1694 3106 τῆς
1749 3039 1943 3116 ἐπιμε-

302 3123 442 3188 λείας
472 3124 787 3187 ἀνάπτεται.

387 3233 409 3268 ε
449 3215 545 3272 Καὶ
587 3213 764 3294 ἔλεγεν
798 3235 811 3248 ·
874 3216 1052 3280 Οὕτως
1110 3215 1250 3272 ἔστὶν
1292 3217 1328 3284 ἡ
1370 3213 1622 3293 βασιλεία
1659 3225 1753 3276 τοῦ
1782 3223 1934 3288 Θεοῦ,

299 3301 372 3366 ὡς
414 3300 503 3359 εὰν
535 3303 798 3381 ἅνθρωπος
832 3304 970 3383 βάλῃ
1024 3306 1116 3362 τὸν
1169 3303 1366 3384 σπόρον
1401 3303 1486 3362 ἐπὶ
1511 3309 1610 3372 τῆς
1663 3310 1792 3386 γῆς,
1849 3309 1938 3363 καὶ

299 3389 514 3468 καθεύδῇ
570 3395 657 3451 καὶ
725 3393 1015 3473 ἐγείρηται,
1089 3393 1250 3451 νύκτα
1303 3394 1392 3451 καὶ
1446 3392 1675 3474 ἡμέραν,
1735 3396 1824 3450 καὶ
1909 3397 1936 3452 ὁ

298 3481 483 3558 σπόρος
535 3481 809 3559 βλαστάνῃ
865 3485 954 3540 καὶ
1001 3482 1304 3558 μηκύνηται
1334 3483 1409 3546 ὣς
1439 3481 1536 3538 οὐκ
1565 3480 1707 3540 οἶδεν
1753 3481 1930 3548 αὐτός.

299 3570 572 3644 Διίτομάτη
645 3571 746 3651 γὰρ
791 3574 827 3642 ἦ
883 3577 956 3650 γῇ
1015 3584 1366 3652 καρποφορεῖ,
1445 3577 1652 3650 πρῶτον
1707 3573 1932 3653 χόρτον,

298 3659 411 3713 εἶτα
437 3659 663 3739 στάχυν,
712 3661 836 3718 εἶτα
865 3659 1046 3739 πλήρη
1103 3673 1253 3718 σῖτον
1302 3660 1356 3717 ἐν
1386 3667 1462 3734 τῷ
1491 3660 1717 3741 στάχυϊ.
1751 3653 1932 3720 ’Ὅταν

296 3743 348 3800 δὲ
395 3745 608 3824 παραδῷ
651 3751 679 3804 ὁ
734 3751 960 3830 καρπὸς,
1017 3749 1203 3812 εὖθὲως
1247 3748 1563 3806 diros-:91“
1619 3751 1682 3805 τὸ
1732 3749 1929 3830 δρέπα-

297 3854 402 3914 νον,
445 3833 524 3892 ὅτι
574 3836 904 3916 παρέστηκεν
961 3839 990 3894 ὁ
1046 3837 1314 3917 θερισμός.
1377 3856 1406 3896 ι
1494 3836 1772 3895 Βασιλείαν
1838 3861 1930 3900 του

299 3929 439 4003 Θεοῦ,
495 3925 595 3992 τὴν
649 3927 768 4005 περὶ
795 3928 940 4002 ἡμᾶς
1000 3927 1301 4003 οἰκονομίαν
1330 3949 1424 3984 του
1454 3933 1586 3986 Θεοῦ
1613 3927 1744 3991 νόει,
1777 3918 1926 3987 "Av-

295 4015 491 4090 θρωπος
520 4015 621 4088 μὲν
677 4016 779 4094 γάρ
833 4015 976 4072 ἐστιν
1021 4015 1177 4078 αὗτὸς
1207 4017 1236 4071 ὸ
1267 4016 1421 4087 Θεὸς,
1453 4015 1482 4071 ὁ
1513 4015 1799 4094 γενόμενος
1857 4016 1924 4074 δι’

294 4100 428 4175 ἡμᾶς
485 4101 782 4183 ἅνθρωπος.
828 4105 1033 4178 Σπόρον
1083 4101 1138 4160 δὲ
1183 4101 1367 4160 ἔϐαλεν
1413 4102 1501 4160 ἐπὶ
1542 4105 1642 4171 τῆς
1674 4105 1798 4183 γῆς,
1844 4109 1940 4164 τοῦ

300 4189 610 4268 Εύαγγελίου
655 4193 717 4248 τὸ
771 4193 1019 4270 κήρυγμα
1053 4208 1071 4226 ·
1113 4189 1296 4268 βαλὼν
1334 4189 1388 4247 δὲ
1432 4198 1646 4272 τοῦτον,
1677 4193 1932 4269 καθεύδει,

299 4277 586 4352 τουτέστιν,
645 4278 870 4347 ἀνῆλθεν
947 4281 1020 4342 είς
1104 4280 1370 4359 οὐρανούς’
1431 4278 1553 4336 ἀλλ’
1610 4280 1757 4356 ὅμως
1800 4281 1936 4361 ἐγεί-

298 4385 432 4441 ρεται
486 4367 646 4425 νύκτα
698 4370 786 4425 καὶ
835 4367 1062 4447 ἡμέραν,
1134 4369 1190 4426 Εἰ
1227 4367 1327 4446 γὰρ
1389 4368 1479 4424 καὶ
1536 4367 1800 4425 καθεύδειν
1857 4367 1939 4427 δο-

300 4467 382 4510 κεῖ
432 4457 458 4512 ὁ
502 4458 657 4530 Θεὸς,
702 4455 822 4513 ἀλλ’
851 4456 1104 4536 ἐγείρεται
1139 4471 1152 4486 ⁸
1204 4458 1364 4513 νύκτα
1407 4455 1528 4536 μὲν,
1561 4455 1686 4514 ὅταν
1711 4455 1795 4514 διὰ
1824 4464 1929 4515 τῶν

299 4548 592 4620 πειρασμῶν
650 4547 724 4610 εις
766 4544 866 4612 τὴν
928 4545 1085 4604 αὐτοῦ
1137 4544 1419 4622 ἐπίγνωσιν
1489 4546 1634 4620 ἡμᾶς
1690 4545 1876 4619 ἀνιστᾷ
1908 4567 1919 4579 ⁸

298 4629 486 4709 ἡμέραν
541 4631 620 4706 δὲ,
688 4633 815 4690 ὅταν
856 4633 940 4689 διὰ
981 4635 1086 4689 τῶν
1143 4631 1312 4701 ἡδέων
1369 4633 1458 4689 καὶ
1487 4634 1813 4713 εὐφροσύνων
1847 4637 1927 4694 οἱ·

301 4727 517 4797 κονομῇ·
544 4721 644 4790 τήν
700 4721 962 4800 ἡμετέραν
1014 4723 1182 4793 ζωήν.
1241 4721 1541 4788 Μηκύνεται
1585 4720 1640 4777 δὲ
1670 4725 1698 4778 ὁ
1740 4725 1932 4802 σπόρος

301 4808 368 4866 ὡς
418 4810 508 4865 οὐκ
569 4807 713 4867 οἶδεν
774 4809 926 4873 αὐτός
961 4824 976 4838 ⁸
1035 4808 1355 4876 αύτεξούσιοι
1406 4810 1507 4889 γὰρ
1548 4809 1730 4886 ἔσμεν,
1767 4815 1854 4870 καὶ
1882 4814 1937 4871 ὲν

301 4901 364 4972 τῇ
411 4896 640 4976 ἡμετέρᾳ
676 4898 984 4978 προαιρέσει
1027 4910 1205 4955 κεῖται
1261 4899 1324 4956 τὸ
1372 4899 1463 4954 τὸν
1497 4898 1691 4974 σπόρον
1734 4900 1770 4968 ἣ
1829 4906 1923 4961 αὖ-

302 4981 524 5049 ξάνεσθαι
552 4986 588 5054 ἢ
631 4988 732 5061 μή,
790 4985 940 5046 Ἐπεὶ
1009 4984 1146 5062 μηδὲ
1204 4985 1410 5064 ἀνάγκη
1466 4995 1924 5071 καρπνφορούμεν,

303 5071 408 5129 ἀλλ’
455 5075 726 5150 αὗτοματὶ,
784 5075 1075 5150 τουτέστιν,
1147 5073 1236 5156 ἀφ’
1311 5075 1512 5132 ἑαυτῶν
1564 5089 1926 5160 καρποφοροῦ-

1962 3111 2003 3160 C

2037 2059 2157 2120 lum
2213 2078 2285 2123 ex
2330 2062 2503 2124 dictis
2565 2064 2713 2125 meis
2761 2083 2859 2126 vos
2904 2065 3114 2143 fugiat.
3160 2064 3226 2126 In
3259 2085 3374 2146 qua
3400 2083 3679 2127 mensura

2031 2148 2217 2234 mensi
2241 2149 2892 2223 fueritis,remetientur
2926 2154 3026 2214 alii
3057 2153 3244 2227 vobis,
3279 2155 3391 2215 hoc
3423 2163 3512 2215 est
3538 2172 3680 2234 qua-

2029 2233 2142 2296 lem
2182 2256 2522 2300 mensuram
2558 2241 2902 2302 attentionis
2951 2241 3292 2322 attuleritis,
3330 2241 3462 2303 talis
3495 2233 3675 2304 etiam

2031 2323 2248 2386 utilitas
2277 2327 2444 2389 vobis
2498 2328 2754 2390 dabitur.
2806 2330 3054 2392 Auditor
3083 2332 3244 2392 enim
3279 2331 3327 2390 si
3357 2331 3678 2392 attenderit

2029 2425 2313 2490 quantum
2371 2424 2580 2493 potest,
2645 2435 2923 2494 magnum
2974 2417 3057 2480 illi
3107 2418 3482 2478 commodum
3518 2420 3678 2480 Deus

2032 2498 2232 2563 dabit:
2266 2501 2356 2562 sin
2393 2505 2673 2564 remissus
2705 2503 3073 2584 fuerit,juxta
3102 2507 3232 2584 ejus
3261 2504 3674 2566 remissionem

2031 2595 2090 2648 et
2116 2588 2343 2650 lucrum
2381 2593 2788 2655 imminuetur.
2824 2592 2910 2654 llli
2945 2595 3104 2654 enim
3137 2595 3372 2655 dabitur
3416 2595 3513 2674 qui
3546 2594 3678 2657 ala-

2029 2692 2134 2735 cer
2159 2686 2245 2738 est
2271 2685 2328 2738 et
2359 2679 2610 2758 diligens
2637 2699 2650 2742 :
2683 2681 2756 2741 ab
2788 2699 2856 2742 eo
2878 2691 3074 2742 autem
3126 2683 3222 2761 qui
3264 2682 3448 2761 signis
3498 2683 3681 2745 fuerit

2025 2781 2094 2825 ac
2125 2764 2386 2842 ignavus.
2425 2771 2663 2830 tol.‘etur
2717 2770 2890 2830 etiam
2945 2771 3099 2850 quod
3155 2770 3386 2832 videtur
3430 2770 3674 2835 habere.

2027 2853 2277 2932 Propter
2306 2854 2594 2940 ignaviam
2652 2859 2811 2918 enim
2865 2858 3255 2937 exstinguitur
3287 2859 3462 2920 etiam
3497 2877 3679 2939 parva

2027 2941 2285 3004 scintilla
2334 2963 2508 3024 quam
2543 2945 2742 3020 habet,
2778 2964 2882 3025 per
2929 2945 3293 3008 alacritatem
3343 2947 3674 3009 redaccen-

2029 3028 2208 3090 ditur.

2104 3202 2280 3269 Vens.
2308 3207 2564 3272 26-29.«
2604 3209 2669 3270 Et
2707 3210 2940 3272 dicebat
2969 3233 2985 3278 ;
3020 3210 3120 3271 Sic
3149 3217 3236 3271 est
3266 3229 3516 3290 regnum
3538 3211 3668 3292 Dei,

2019 3296 2517 3376 quemadmodum
2550 3299 2594 3358 si
2622 3299 2798 3358 homo
2812 3298 2994 3379 jaciat
3014 3307 3342 3360 sementem
3365 3300 3423 3359 in
3451 3307 3668 3360 terram

2018 3403 2085 3446 ac
2108 3385 2363 3447 dormiat
2391 3395 2566 3467 atque
2603 3397 2879 3462 exsurgat
2915 3388 3008 3448 die
3036 3406 3105 3448 ac
3139 3395 3334 3464 nocte,
3378 3407 3671 3469 segesque

2017 3473 2328 3553 germinat,
2363 3493 2430 3536 ac
2461 3475 2740 3551 surgatin
2768 3475 2949 3536 altum
2985 3477 3122 3536 dum
3156 3477 3342 3537 nescit
3372 3476 3670 3540 ille.Ultro

2017 3563 2174 3624 enim
2231 3572 2386 3626 terra
2432 3565 2771 3636 fructiﬁcat,
2829 3565 3082 3644 primum
3141 3565 3409 3645 herbam,
3451 3566 3670 3629 deinde

2015 3653 2571 3734 Spicampostremo
2601 3654 2842 3733 plenum
2874 3653 3227 3715 fermentum
3251 3654 3308 3714 in
3330 3655 3664 3734 Spica.Cum

2013 3750 2208 3802 autem
2259 3741 2578 3820 productus
2610 3742 2786 3803 fuerit
2838 3743 3082 3821 fructus,
3119 3744 3310 3803 statim
3349 3742 3523 3804 mittit
3553 3743 3661 3804 fal-

2014 3834 2465 3911 cem,quoniam
2502 3831 2668 3893 adest
2701 3831 2936 3892 messis.
2978 3855 3000 3888 υ
3043 3833 3314 3910 Regnum
3350 3832 3457 3894 Dei
3481 3832 3665 3893 intel-

2011 3919 2125 3997 lige
2156 3919 2257 3981 Dei
2292 3930 2530 4001 propter
2587 3939 2694 3981 nos
2753 3920 3246 3983 incarnationem.
3284 3921 3472 3982 Homo
3507 3922 3664 3982 enim

2022 4017 2111 4069 est
2157 4009 2285 4089 ipse
2337 4011 2515 4081 Deus,
2569 4011 2664 4089 qui
2727 4018 2967 4090 propter
2999 4029 3106 4070 nos
3149 4010 3337 4070 factus
3369 4020 3458 4070 est
3489 4010 3666 4071 homo

2022 4099 2236 4158 Semen
2268 4104 2461 4159 autem
2499 4098 2656 4158 misit
2683 4116 2862 4176 super
2889 4107 3128 4172 terram,
3167 4098 3471 4177 Evangelii
3505 4118 3661 4178 prae-

2021 4186 2342 4258 cationem,
2367 4186 2586 4264 illoque
2614 4188 2876 4265 projecto
2908 4187 3145 4260 dormit,
3173 4187 3285 4247 hoc
3325 4198 3412 4247 est
3443 4206 3659 4249 ascen-

2021 4275 2104 4334 dit
2137 4275 2196 4334 in
2228 4275 2410 4336 caelos
2443 4291 2457 4335 :
2490 4279 2751 4336 attamen
2808 4275 2992 4352 surgit
3046 4285 3214 4336 nocte
3248 4285 3305 4336 et
3359 4277 3475 4336 die.
3510 4279 3660 4338 Nam

2022 4365 2288 4444 quamvis
2322 4363 2474 4424 Deus
2506 4362 2764 4423 dormire
2789 4364 3078 4442 videatur,
3109 4363 3295 4441 surgit
3325 4371 3517 4423 tamen
3556 4381 3569 4424 :
3607 4374 3664 4425 et

2023 4460 2194 4513 nocte
2227 4452 2488 4533 quidem,
2518 4451 2749 4532 quando
2783 4471 2888 4530 per
2920 4453 3275 4514 tentationes
3317 4452 3378 4511 in
3420 4453 3549 4512 I93
3571 4451 3663 4514 sui

2013 4542 2409 4619 cognitionem
2445 4560 2550 4602 nos
2581 4540 2824 4601 suscitat
2863 4562 2875 4598 :
2919 4540 3016 4600 die
3066 4559 3228 4617 vero,
3283 4541 3515 4621 quando
3558 4561 3664 4621 per

2016 4630 2214 4692 suavia
2247 4640 2301 4691 et
2319 4631 2583 4710 jucunda
2620 4639 2877 4690 nostram
2907 4630 3078 4689 vitam
3111 4631 3658 4693 moderetur.Cres-

2019 4721 2311 4780 citautem
2340 4739 2544 4781 semen
2581 4719 2706 4800 ipso
2741 4719 2964 4791 nescio,
3000 4718 3172 4779 liberi
3207 4720 3365 4780 enim
3398 4719 3660 4782 at'bitrrii

2023 4827 2140 4869 sun~
2161 4829 2249 4877 us,
2288 4819 2346 4869 et
2375 4809 2434 4870 in
2460 4817 2659 4869 nostra
2691 4808 2981 4869 electione
3012 4808 3302 4886 oportebit
3332 4827 3535 4869 semen
3567 4811 3657 4870 vel

2014 4915 2311 4979 crescere,
2351 4898 2434 4960 vel
2472 4917 2610 4958 non.
2639 4899 2842 4976 Neque
2875 4896 3032 4958 enim
3066 4898 3254 4958 coacti
3287 4909 3344 4958 et
3375 4916 3656 4959 necessa-

2011 4988 2098 5048 rio
2126 4988 2378 5050 fructum
2411 4987 2731 5059 atl‘erimus,
2767 4987 2874 5048 sed
2925 4995 3158 5066 Sponte,
3201 4987 3313 5048 hoc
3345 4995 3434 5048 est
3460 5005 3493 5047 a
3543 5005 3656 5048 no-

2013 5077 2250 5157 lisipsis
2286 5095 2298 5139 :
2337 5077 2588 5156 primum
2645 5076 2884 5156 quidem
2938 5075 3182 5137 herbam
3235 5078 3546 5139 ﬂorentem
3589 5095 3658 5138 ac

1366 5208 1448 5272 Ex
1483 5209 1801 5276 collatione
1826 5209 2002 5275 codd.
2033 5212 2242 5272 Venet.
2270 5209 2330 5270 S.
2367 5208 2570 5272 Marci.

375 5341 502 5422 (δε)
559 5341 704 5422 Cod.
753 5341 837 5408 26
887 5341 1051 5405 addit
1094 5360 1110 5406 ε
1148 5344 1244 5401 Καὶ
1276 5343 1336 5400 οὗ
1377 5343 1537 5422 μόνον
1580 5342 1634 5400 ἒν
1677 5349 1754 5417 τῷ
1795 5347 1938 5418 αὖτῷ

307 5421 486 5503 μέτρῳ,
547 5421 704 5503 ἀλλὰ-
738 5427 826 5481 καὶ
881 5424 1294 5502 προστεθήσεται
1325 5421 1538 5503 -πλεον,
1603 5446 1643 5503 «Δ
1688 5422 1762 5487 Ει
1816 5441 1934 5486 non

309 5501 479 5645 solpm
509 5503 568 5564 in
600 5501 808 5566 eadem
861 5500 1181 5577 mensura;
1237 5501 1342 5566 sed
1393 5500 1532 5583 plus"
1568 5500 1744 5565 etiam
1777 5503 1933 5584 adji-

312 5599 390 5645 cio
414 5599 500 5648 nr.
539 5604 562 5640 ε

2098 5343 2218 5420 (bii
2257 5341 2420 5404 Idem
2453 5339 2612 5425 C0t_l.,
2647 5340 2762 5425 at?!
2816 5347 2991 5425 αὖτοῦ,
3024 5346 3164 5400 τοῦτ’
3198 5344 3327 5418 ἔστι,
3368 5349 3450 5403 καὶ
3481 5349 3505 5402 ἱζ
3538 5345 3654 5425 ἔχει

2021 5411 2223 5498 σπέρμα
2256 5426 2496 5498 γνώσεως
2529 5420 2810 5498 ἀρθήσεται
2832 5420 2921 5476 ἀπ’
2947 5427 3122 5485 αὐτοῦ,
3151 5426 3246 5482 Διὰ
3268 5427 3388 5504 γὰρ,
3423 5449 3457 5482 κ

2026 5527 2048 5556 α
2085 5500 2206 5583 _I_Ioc
2237 5509 2344 5583 est,
2382 5511 2440 5563 et
2469 5499 2610 5561 illud
2647 5500 2799 5580 quod
2836 5500 3008 5563 habet
3039 5521 3240 5565 semen
3273 5499 3651 5583 cognitionis,

2023 5581 2260 5646 tolletur
2289 5580 2362 5642 ab
2393 5599 2486 5642 eo.
2531 5606 2551 5634 ι
