4106 6280
467 354 587 433 835

1430 366 2025 438 THEOPHYLACTI
2071 371 2482 437 BULGARLE
2522 375 2871 439 ARCHIEP.

3722 373 3851 441 536

469 504 766 585 primitias
793 504 935 566 boni
964 506 1461 582 demonstrantes,
1486 508 1720 589 quando
1753 508 1972 588 parvuli
2004 527 2098 568 su-

2194 529 2313 587 μεν,
2376 513 2582 585 πρῶτον
2626 506 2822 587 χόρτον
2876 508 3147 570 ἀνθοῦντες
3208 512 3291 564 καὶ
3348 510 3524 588 ἀρχὴν
3577 510 3673 565 τοῦ
3698 509 3849 585 ἀγα-

473 612 626 669 mus,
661 602 720 654 et
750 595 1011 655 nondu'n
1047 596 1118 656 ad
1154 615 1491 658 mensuram
1538 599 1676 659 Jesu
1724 598 1937 661 Christi
1975 616 2109 677 per-

470 683 767 755 venimus;
808 681 1025 744 deinde
1081 684 1304 763 spicam
1349 685 1729 765 proferimus,
1778 686 2010 765 quando
2055 694 2113 746 et

470 776 676 829 contra
710 771 1068 832 tentationes
1098 772 1425 833 consistere
1452 774 1925 853 valemus.Spica
1948 774 2107 834 enim

469 864 529 919 et
560 855 854 935 geniculis
886 859 1165 937 cingitur,
1200 869 1257 921 et
1291 869 1451 922 recte
1496 870 1632 943 stat,
1686 870 1743 923 et
1794 862 2111 942 perfectior

468 954 582 1008 est.
644 949 858 1008 Postea
924 948 1160 1026 plenum
1221 949 1394 1009 etiam
1430 951 1789 1011 frumentum
1834 952 1891 1009 in
1923 950 2107 1030 spica,

468 1052 601 1103 cum
663 1036 985 1114 perfectum
1046 1038 1175 1116 quis
1224 1037 1481 1099 fructum
1530 1039 1808 1101 attulerit.
1864 1038 2107 1110 Quando

471 1132 674 1184 autem
705 1123 959 1184 adfuerit
994 1125 1225 1204 messis,
1253 1134 1389 1187 tunc
1424 1126 1559 1195 falx,
1594 1126 1705 1187 hoc
1738 1135 1827 1187 est
1858 1126 2106 1187 verbum

464 1210 593 1286 Dei,
631 1224 946 1292 congregat.
975 1214 1372 1277 fructum.Per
1404 1235 1656 1278 messem
1683 1216 1946 1295 intellige
1969 1236 2113 1277 cuna

466 1301 921 1363 summationem
957 1304 1179 1364 saculi.

545 1475 993 1542 VERS.30-34.«
1010 1483 1076 1541 Et
1106 1479 1336 1540 dicebat
1361 1497 1373 1541 :
1406 1481 1508 1542 Cui
1532 1480 1987 1541 assimilabimus
2013 1499 2078 1542 re
2095 1515 2111 1526 -

464 1583 643 1642 gnum
703 1567 1019 1627 caelorum?
1049 1576 1149 1627 aut
1196 1588 1309 1648 qua
1367 1568 1681 1629 collatione
1730 1570 2108 1630 conferemus

464 1652 641 1714 illud?
671 1656 776 1716 Est
806 1655 960 1717 sicut
990 1675 1235 1734 granum
1269 1658 1507 1736 sinapis,
1536 1658 1693 1737 quod
1727 1677 1858 1718 cum
1919 1658 2102 1717 semi-

462 1751 667 1804 natum
701 1743 878 1804 fuerit
905 1744 965 1805 in
998 1755 1173 1819 terra,
1212 1746 1409 1836 mjnus
1438 1755 1525 1807 est
1554 1746 1830 1807 omnibus
1862 1748 2105 1836 semini-

2191 597 2281 651 θοῦ
2335 592 2740 674 ὲπιδεικνύντες,
2801 591 2889 651 ὅτε
2944 596 3125 665 νήπιοί
3185 596 3369 671 ἔσμεν,
3422 597 3510 653 καὶ
3562 596 3712 654 οὔπω
3766 598 3849 659 εἰς

2192 684 2252 738 τὸ
2304 683 2493 761 μέτρον
2551 685 2650 750 τῆς
2734 685 2870 739 κατά
2926 686 3149 763 Χριστὸν
3217 683 3455 753 ἡλικίας,
3487 683 3787 765 ἐφθάσαμεν
3825 705 3841 720 ·

2192 775 2312 827 εἶτα
2371 772 2595 851 στάγον,
2658 771 2784 828 ὅταν
2854 772 2941 828 καὶ
2998 773 3127 850 πρὸς
3188 775 3510 852 πειρασμοὺς
3568 772 3843 850 δυνώμεθα

2189 859 2458 923 ἵστασθαι,
2510 853 2566 918 Ὀ
2598 862 2697 938 γὰρ
2759 861 2962 941 στάχυς
2992 861 3095 930 ἤδη
3145 865 3232 920 διαὶ
3274 864 3494 941 γόνασιν
3549 863 3839 935 διαζώννυ-

2188 970 2298 1028 ται,
2355 948 2443 1005 καὶ
2488 948 2656 1027 ὄρθιος
2686 950 2925 1028 ἵσταται,
2986 953 3074 1007 καὶ
3119 950 3439 1027 τελειότερός
3484 952 3649 1016 ἐστιν,
3697 953 3842 1010 Εἶτα

2188 1039 2276 1093 καὶ
2332 1036 2514 1117 πλήρη
2545 1051 2694 1121 σῖτον
2742 1040 2793 1096 ἐν
2837 1043 2913 1113 τῷ
2976 1041 3198 1121 στάχυϊ,
3232 1039 3356 1097 ὅταν
3385 1044 3445 1097 τὸ
3474 1040 3673 1097 τέλειον
3700 1064 3843 1115 καρ-

2186 1132 2395 1205 ποφορῇ
2441 1149 2544 1190 τις.
2597 1117 2770 1185 υΟιιταν
2801 1127 2854 1183 δὶ
2885 1117 3118 1208 παραδῷ*
3144 1132 3205 1185 τὸ
3233 1129 3375 1207 θέρος
3409 1128 3554 1207 (55),
3599 1131 3716 1186 τότε
3777 1132 3841 1186 το

2187 1212 2441 1293 δρέπανον
2487 1216 2701 1293 συνάγει
2744 1216 2834 1271 τόν
2877 1218 3102 1296 καρπόν,
3167 1217 3433 1296 Δρέπανον
3484 1216 3539 1273 δὲ
3581 1219 3687 1275 νόει
3743 1220 3838 1275 τὸν

2188 1310 2279 1358 τοῦ
2337 1302 2469 1359 Θεοῦ
2518 1303 2676 1383 λόγον
2711 1323 2726 1338 ο
2774 1306 3020 1383 θερισμὸν
3076 1303 3155 1380 δὲ,
3236 1306 3327 1363 si»
3384 1310 3483 1375 τῆς
3539 1306 3837 1370 συντελείας

2190 1391 2392 1470 καιρόν.

2279 1504 2301 1535 ε
2344 1483 2440 1539 Καὶ
2495 1480 2643 1559 ἔλεγε
2678 1497 2692 1513 ⁶
2756 1483 2864 1541 Τίνι
2909 1482 3258 1559 ὁμοιώσωμεν
3310 1486 3378 1551 τὴ
3434 1484 3700 1561 βασιλείαν
3740 1494 3837 1543 τοῦ

2192 1576 2372 1653 βεοῦ;
2431 1569 2467 1637 ἢ
2527 1570 2581 1624 ἰν
2642 1572 2766 1643 ποίᾳ
2822 1569 3099 1650 παραϐολῇ
3169 1571 3561 1651 παραϐάλωμεν
3617 1576 3831 1653 a’nﬁv;

2192 1648 2281 1720 Ὠς
2340 1660 2534 1714 κόκκον
2577 1658 2861 1731 σινάπεως,
2902 1648 2970 1723 -ὃς
3024 1657 3149 1716 ὅταν
3209 1648 3386 1738 σπαρῇ
3442 1662 3528 1719 ἐπὶ
3568 1662 3663 1730 τῆς

2185 1747 2494 1825 μικρότερος
2578 1747 2792 1805 πάντων
2885 1754 2991 1805 τῶν
3050 1750 3365 1827 σπερμάτων
3423 1751 3532 1808 ὶστὶ
3584 1758 3689 1808 τῶν
3744 1749 3833 1809 ἐπὶ

461 1830 571 1893 bus
602 1851 732 1911 quae
759 1841 894 1893 sunt
927 1834 987 1893 in
1020 1844 1195 1907 terra,
1228 1830 1290 1895 et
1314 1853 1445 1895 cum
1494 1836 1844 1896 seminatum
1899 1835 2095 1908 fuerit,

2187 1840 2279 1902 τῆς
2333 1841 2460 1913 γῆς,
2538 1837 2625 1894 καὶ
2677 1834 2805 1893 ὅταν
2871 1842 3067 1916 σπαρῇ,
3140 1835 3407 1894 ἀναϐαίνει
3478 1841 3565 1896 καὶ
3635 1840 3830 1918 γίνεται

461 1920 809 1997 exsurgit,et
836 1922 897 1980 ﬁt
929 1922 1118 2000 majus
1149 1922 1425 1983 omnibus
1456 1922 1744 1997 oleribus,
1778 1930 1833 1984 et
1854 1923 1988 1983 facit
2011 1942 2103 1983 ra-

469 2025 597 2067 mos
631 2027 897 2087 magnos,
932 2010 1016 2069 ita
1049 2020 1109 2069 ut
1142 2010 1362 2089 possint
1407 2011 1514 2071 sub
1565 2012 1775 2072 umbra
1802 2012 1929 2091 ejus
1970 2030 2104 2073 aves

459 2095 592 2157 caeli
624 2096 953 2159 nidiﬁcare.
995 2100 1065 2159 Et
1099 2099 1312 2159 talibus
1343 2100 1541 2160 multis
1571 2099 1867 2179 parabolis
1894 2101 2101 2179 loque-

460 2181 636 2244 batur
665 2190 753 2244 eis
780 2203 1142 2255 sermonem,
1183 2192 1358 2266 prout
1388 2195 1658 2266 poterant
1702 2188 1928 2250 audire.
1966 2186 2108 2250 Sine

458 2273 735 2352 parabola
758 2292 879 2334 non
908 2275 1256 2353 loquebatur
1279 2276 1364 2335 eis
1395 2295 1410 2334 :
1445 2293 1711 2335 seorsum
1744 2284 1937 2337 autem
1980 2278 2106 2336 dis-

455 2362 667 2439 cipulis
684 2362 807 2422 suis
826 2362 1154 2440 eXponebat
1174 2364 1615 2425 omnia.l’arvus
1643 2365 1881 2444 quidem
1908 2384 2104 2427 sermo

460 2448 785 2510 ﬁdei.Nam
821 2451 868 2510 si
903 2451 1231 2512 credideris
1254 2452 1311 2511 in
1347 2451 1670 2522 Christum,
1704 2454 2041 2515 salvaberis.
2072 2482 2094 2513 ε

455 2537 1358 2619 Vide,quantussermo,tantum
1387 2548 1478 2603 est
1500 2551 1557 2601 et
1577 2561 1822 2619 granum
1853 2544 2096 2623 sinapis.

456 2623 600 2685 Nam
637 2627 971 2706 praadicatio
1006 2629 1380 2708 missasuper
1412 2632 1901 2703 terram,«lilata:a
1934 2641 2021 2692 est
2046 2636 2106 2694 et

458 2714 661 2787 crevit,
698 2716 776 2776 ita
809 2725 868 2776 ut
902 2716 1343 2799 volatiliacmli,
1380 2720 1490 2780 hoc
1527 2729 1636 2791 est,
1674 2738 1880 2780 omnes
1914 2721 2099 2781 subli-

457 2819 583 2863 mes
612 2803 857 2865 scientia
889 2815 947 2866 et
986 2826 1188 2880 sensu,
1212 2809 1267 2867 in
1301 2809 1427 2885 ipso
1462 2808 1725 2869 habitent
1755 2808 1907 2880 Quot
1936 2812 2095 2871 enim

456 2891 779 2971 sapientes,
804 2894 1012 2955 relicta
1042 2896 1330 2973 sapientia
1360 2898 1690 2975 gentilium,
1728 2902 1780 2957 in
1817 2900 2095 2977 praelii-a-

456 2980 615 3041 tione
644 2984 1096 3061 requieverunt‘?
1129 2986 1381 3067 Maxima
1412 2985 1586 3063 igitur
1602 2986 1709 3047 fuit
1731 2988 2093 3067 praedicdtio,

457 3078 518 3131 et
550 3088 791 3150 magnos
820 3090 1016 3133 ramos
1076 3064 1439 3137 l'eciu'Unus
1489 3076 1646 3137 enim
1696 3064 2095 3155 apostolorum

456 3158 528 3220 ad
558 3158 808 3235 Indiam,
844 3164 990 3222 alius
1025 3164 1293 3236 Romam,
1329 3164 1478 3224 alius
1509 3165 1818 3239 Achaiam,
1861 3176 1919 3225 et
1949 3167 2097 3226 alius

2186 1924 2398 1981 πάντων
2453 1930 2558 1981 τῶν
2617 1923 2869 2005 λαχάνων
2932 1927 3148 2001 μείζων,
3231 1928 3319 1982 καὶ
3389 1942 3544 1985 ποιεῖ
3611 1927 3834 1992 κλάδους

2187 2011 2476 2091 μεγάλους,
2534 2012 2671 2070 ὥστε
2731 2012 2975 2070 δύνασθαι
3031 2015 3133 2071 ὑπὸ
3190 2017 3291 2081 τὴν
3355 2017 3505 2073 σκιάν
3551 2019 3706 2074 αὺτοῦ
3769 2019 3832 2074 τὰ

2187 2102 2401 2158 πετεινά
2456 2109 2550 2159 τοῦ
2634 2102 2854 2181 ούρανοῦ
2921 2110 3310 2170 κατασιηνοῦν,
3392 2105 3491 2163 Καὶ
3569 2108 3831 2171 τοιαύταις

2190 2188 2516 2267 παρτϐολατς
2570 2189 2800 2255 πολλαῖς
2831 2188 3004 2251 ἐλάλει
3052 2195 3236 2254 αὐτοῖς
3279 2194 3370 2248 τὸν
3418 2192 3602 2273 λόγον,
3660 2195 3828 2256 καθὼς

2190 2276 2442 2345 ἠδύναντο
2498 2280 2732 2340 ἀκούειν.
2810 2281 2980 2357 Χωρὶς
3036 2277 3090 2334 δὲ
3146 2278 3453 2359 παραϐολῆς
3510 2285 3604 2341 οὒκ
3652 2281 3825 2338 ἆλάλει

2185 2370 2368 2432 αὐτοῖς
2401 2383 2420 2401 ⁸
2457 2364 2576 2423 κατ’
2626 2365 2757 2423 ἰδίαν
2814 2365 2868 2423 δί
2928 2380 3045 2430 τοῖς
3104 2372 3371 2444 μαθηταῖς
3430 2370 3588 2427 αὖτοῦ
3644 2370 3826 2430 έπέλυε

2184 2455 2377 2518 πάντα,
2434 2456 2664 2535 Σμικρδς
2722 2458 2817 2531 μὶν
2876 2457 2904 2511 ὁ
2956 2455 3116 2534 λόγος
3173 2458 3271 2524 τῆς
3301 2460 3551 2521 πίστεως.
3600 2460 3821 2516 Πίστω-

2184 2566 2274 2601 σον
2326 2545 2425 2624 γὰρ
2486 2548 2557 2609 εἰς
2612 2546 2860 2623 Χριστὸν,
2930 2546 3019 2600 καὶ
3071 2547 3313 2624 σωθήσῃ,
3347 2567 3376 2606 ι
3449 2538 3623 2626 Ὁρᾷς,
3658 2550 3828 2615 πηλί-

2188 2653 2280 2696 κος
2327 2635 2355 2688 ὁ
2411 2631 2593 2713 λόγος,
2652 2632 2837 2700 ἡλίκος
2898 2633 2986 2689 καὶ
3042 2635 3068 2688 ὁ
3120 2641 3211 2690 τοῦ
3276 2636 3536 2698 σινάπεως
3605 2638 3819 2701 κόκκος.

2188 2718 2353 2778 ’Λλλά
2396 2721 2594 2800 σπαρὶν
2648 2721 2733 2776 ἐπὶ
2789 2724 2888 2788 τῆς
2954 2725 3057 2799 γῆς
3106 2723 3165 2777 τὸ
3215 2724 3479 2801 κήρυγμα,
3525 2722 3820 2790 ἐπλατύνθη

2181 2810 2269 2865 καὶ
2326 2807 2550 2888 ηὒξήθη,
2609 2809 2747 2865 ὥστε
2793 2810 2860 2864 τά
2914 2811 3127 2867 πετεινά
3157 2818 3248 2867 τοῦ
3278 2814 3514 2890 οὐρανοῦ,
3558 2812 3815 2886 τουτέστι,

2181 2898 2381 2959 πάντας
2423 2899 2544 2960 τοὺς
2594 2898 2889 2976 μετεώρους
2964 2901 3053 2954 καὶ
3105 2898 3335 2974 ὑψηλοὺς
3391 2904 3467 2972 τῷ
3523 2901 3811 2979 φρονήματι

2180 2990 2267 3040 καὶ
2309 2993 2377 3063 τῇ
2434 2986 2652 3065 γνώσει,
2703 2984 2787 3042 ἐπ’
2848 2990 2989 3060 αὖτῷ
3059 2993 3447 3054 κατασκηνῶν.
3499 2989 3658 3045 ιιόσοι
3714 2990 3811 3067 γὰρ

2181 3075 2353 3154 σοφοὶ,
2417 3074 2516 3142 τὴν
2568 3072 2889 3141 Ἑλληνικὴν
2920 3074 3137 3155 ἀφέντες
3188 3077 3396 3155 σοφίαν,
3431 3074 3525 3132 tuo
3563 3080 3638 3150 τῷ
3664 3098 3819 3155 κηρυ-

2180 3186 2343 3241 γματι
2389 3163 2797 3242 ἀνεπαύθησαν;
2860 3164 3074 3223 Πάντων
3117 3164 3204 3219 οὖν
3261 3171 3447 3238 μεῖζον
3501 3164 3706 3243 ἆγενετο
3760 3167 3820 3221 τὸ

455 3246 517 3308 in
549 3248 720 3309 aliam
755 3259 979 3329 partem
1017 3260 1207 3327 terrae,
1242 3253 1413 3313 divisi
1445 3263 1580 3314 sunt
1613 3262 1675 3313 ut
1715 3255 1888 3315 rami.
1918 3254 2075 3315 Dice.

2187 3253 2447 3331 κήρυγμα,
2522 3254 2609 3308 καὶ
2665 3249 2885 3313 κλάδους
2943 3251 3207 3328 μεγάλους
3275 3252 3541 3320 ἐποίησεν.
3617 3245 3675 3311 Ὀ
3727 3254 3818 3329 μὲν

455 3336 631 3397 cebat
663 3348 855 3399 autem
883 3341 953 3399 ad
996 3341 1195 3401 turbas
1246 3341 1302 3401 in
1356 3342 1649 3422 parabolis
1707 3343 1905 3403 multis
1929 3344 2094 3423 juxta

455 3424 866 3487 habitudinem
948 3429 1311 3489 audientium
1364 3431 1705 3510 compositis
1775 3432 2089 3511 parabolis.

454 3513 742 3585 Quoniam
768 3516 926 3576 enim
951 3518 1120 3577 turba
1152 3527 1276 3578 erat
1308 3519 1578 3597 imperita
1610 3530 1666 3579 et
1696 3519 2095 3599 indocta,iileo

426 3605 822 3665 ‘mentionem
853 3605 991 3666 facit
1016 3607 1447 3686 granisinapis,
1485 3619 1540 3667 et
1568 3608 1787 3669 herbae.
1837 3619 1887 3668 et
1922 3629 1965 3669 se
1993 3610 2095 3670 ini-

458 3693 573 3770 nis,
602 3700 665 3753 ut
693 3693 955 3770 cognatis
986 3705 1044 3755 et
1073 3697 1370 3756 consuetis
1394 3697 1733 3757 nominibus
1764 3700 1968 3757 doceat
1995 3718 2095 3759 eos

458 3781 603 3842 utile
634 3781 935 3862 quiddam,
974 3784 1059 3844 vel
1092 3786 1305 3845 excitet
1328 3796 1388 3845 ut
1418 3786 1696 3848 accedant
1736 3796 1793 3846 et
1841 3788 2094 3847 interru-

456 3877 617 3947 gent,
652 3879 710 3931 et
738 3870 1159 3950 interrogando
1191 3893 1320 3954 quae
1351 3875 1622 3953 ignorant
1669 3874 1924 3935 discant.
1958 3875 2095 3937 Dis-

455 3957 667 4037 cipulis
699 3959 858 4020 enim
884 3963 1214 4041 exponebat
1243 3965 1463 4042 omnia,
1507 3966 1782 4043 quoniam
1828 3983 2093 4025 seorsum

455 4046 820 4109 accedebant
869 4067 1028 4123 eum,
1067 4058 1127 4114 et
1156 4053 1615 4131 interrogabant.
1648 4054 1859 4114 Omnia
1898 4063 2090 4114 autem

458 4134 721 4197 solvebat
789 4156 1155 4220 quaecunque
1202 4140 1545 4220 ignorantes
1600 4141 1924 4217 rogabant;
1976 4162 2090 4203 non

454 4223 611 4284 enim
645 4224 998 4306 simpliciter
1022 4229 1240 4297 omnia,
1278 4238 1335 4289 et
1382 4249 1511 4310 quae
1564 4230 1894 4293 manifesta.
1946 4229 2088 4292 Nam

456 4330 527 4375 ex
572 4313 662 4374 his
694 4334 824 4395 quae
854 4316 1289 4396 interrogantes
1320 4319 1897 4392 didicerant,ca2tera
1920 4322 2091 4381 etiam

458 4400 580 4462 illis
610 4404 918 4466 manifesta
945 4416 1132 4470 erant.
1170 4417 1227 4468 et
1262 4407 1341 4468 ita
1360 4408 1560 4467 omnia
1590 4407 1920 4488 exponebat
1946 4410 2049 4469 eis.

2180 3342 2278 3419 γὰρ
2335 3346 2438 3396 τῶν
2510 3338 2820 3395 ἀποστόλων
2877 3341 2951 3403 εἰς
3013 3334 3249 3420 Ῥώμην,
3306 3343 3334 3397 ὁ
3382 3339 3437 3396 δὲ
3481 3342 3554 3404 εἰς
3611 3339 3813 3415 Ἰνδίαν,
3906 3360 3915 3367 ·

2178 3431 2207 3485 ὁ
2262 3427 2317 3483 δὲ
2376 3430 2447 3492 εἰς
2502 3428 2754 3508 Ἀχαίαν,
2808 3426 2970 3491 ἄλλος
3026 3431 3098 3508 εἰς
3130 3428 3260 3485 ἄλλο
3290 3429 3446 3508 μέρος
3476 3435 3575 3496 τῆς
3607 3436 3707 3508 γῆς
3735 3428 3816 3486 δι-

2180 3517 2503 3596 εσχίσθησαν
2546 3506 2748 3595 ὥσπερ
2780 3515 2982 3575 κλάδοι.
3032 3506 3237 3595 ’Ἔλεγε
3280 3515 3334 3573 δί
3361 3506 3496 3582 τοῖς
3548 3506 3735 3597 ὄχλοις
3766 3519 3818 3575 ἂν

2179 3602 2510 3682 παραϐολαῖς
2554 3603 2809 3679 πολλαῖς,
2870 3607 3001 3682 πρὸς
3050 3606 3148 3672 τὴν
3203 3604 3307 3671 ἕξιν
3362 3611 3470 3661 τῶν
3526 3606 3819 3663 ἀκουόντων

2180 3694 2481 3771 παρατιθεὶς
2526 3694 2619 3758 τὰς
2688 3691 3017 3769 παραϐολάς,
3065 3690 3281 3761 Ἐπειδή
3324 3695 3424 3773 γὰρ
3478 3692 3643 3773 δ’χλος
3687 3696 3821 3762 ἦσαν

2178 3780 2392 3848 ἰδιώτης
2444 3783 2532 3837 καὶ
2587 3781 2816 3857 ἀμαθὴς,
2898 3783 3085 3839 τούτου
3158 3781 3333 3839 ἕνεκεν
3378 3783 3644 3858 μέμνηται
3687 3783 3822 3839 κόκ-

2180 3893 2273 3928 κου
2316 3871 2603 3949 σινάπεως,
2666 3873 2753 3926 καὶ
2803 3871 3019 3952 χόρτου,
3080 3873 3166 3927 καὶ
3196 3872 3416 3951 σπόρου,
3446 3871 3539 3927 ἵνα
3569 3872 3676 3928 ἀπὸ
3716 3876 3822 3929 τῶν

2179 3960 2476 4039 συντρόγων
2559 3960 2645 4015 καὶ
2716 3962 2952 4029 συνήθων
3035 3962 3212 4026 αὐτοῖς
3288 3959 3562 4035 ὀνομάτων
3644 3959 3821 4036 διδάξῃ

2177 4049 2365 4111 αὖτοὺς
2395 4047 2659 4127 ὠφέλιμόν
2688 4070 2763 4117 τι,
2828 4048 2863 4114 ἢ
2917 4050 3244 4125 παρακινήσῃ
3296 4048 3425 4127 γοῦν
3455 4050 3528 4113 εἰς
3558 4050 3619 4105 τὸ
3649 4071 3818 4128 προσ-

2175 4138 2351 4195 ελθεῖν
2403 4139 2492 4193 καὶ
2561 4136 2847 4214 ἐρωτῆσαι,
2918 4139 3005 4193 καὶ
3061 4136 3144 4193 διὰ
3213 4143 3309 4213 τῇς
3362 4136 3673 4217 ἐρωτήσεως
3756 4149 3822 4205 τὰ

2176 4226 2503 4305 ἀγνοούμενα
2556 4229 2770 4301 μαθεῖν.
2831 4235 2960 4290 Τοῖς
3022 4227 3121 4305 γάρ
3183 4248 3263 4283 τοι
3307 4229 3574 4302 μαθηταῖς
3633 4227 3818 4285 έπέλυε

2179 4319 2347 4375 πάντα
2390 4318 2507 4373 κατ’
2561 4316 2713 4388 ἰδίαν,
2777 4317 3225 4397 προσερχομένοις
3278 4316 3481 4384 δηλαδή
3552 4321 3638 4375 καὶ
3680 4318 3816 4399 ἐρω-

2177 4414 2330 4464 τῶσι.
2380 4407 2556 4463 Πάντα
2613 4404 2668 4460 δὲ
2723 4404 2892 4485 ἔλυεν,
2947 4406 3045 4463 ὅσα
3100 4407 3320 4483 ἠρώτων
3378 4407 3450 4470 ὠς
3482 4410 3815 4484 ἀγνοοῦντες.

454 4495 526 4549 Ού
548 4492 645 4569 γάρ
686 4492 866 4557 ἅπλῶς
898 4497 1092 4575 πάντα,
1123 4499 1210 4553 καὶ
1254 4499 1317 4553 τὰ
1349 4504 1511 4577 σαφῆ.
1579 4501 1691 4554 Απὸ
1750 4500 1847 4575 γὰρ
1897 4500 2093 4554 τούῖων
2135 4502 2211 4555 ὦν
2241 4496 2538 4575 ἆρωτῶντες
2586 4492 2896 4569 ἐμάνθανον,
2930 4499 3073 4574 σαφῆ
3100 4494 3234 4561 ἦσαν
3264 4498 3441 4561 αὐτοῖς
3471 4497 3555 4552 καὶ
3601 4495 3769 4553 τὲλλα
3803 4517 3818 4531 ⁸

453 4568 590 4628 ὥστε
618 4571 789 4630 πάντα
818 4568 1101 4632 ἒπελύοντο
1136 4577 1334 4638 αὺτοῖς.

534 4656 715 4723 Vens.
752 4661 955 4727 35-40.
987 4666 1092 4726 «Et
1120 4664 1263 4725 dicit
1294 4665 1411 4725 illis
1434 4667 1490 4726 in
1524 4666 1619 4725 die
1650 4664 1914 4733 illo,cum
1946 4665 2093 4726 facta

454 4757 613 4809 esset
641 4768 924 4831 vespera:
960 4752 1355 4815 Transeamus
1386 4755 1445 4814 in
1501 4755 1843 4815 ulteriorem
1874 4754 2087 4833 ripam.

454 4833 523 4898 Et
542 4836 788 4903 dimiSsa
809 4841 981 4903 turba
1002 4852 1308 4904 assumunt
1340 4862 1471 4904 eum
1509 4846 1586 4904 ita
1610 4853 1668 4903 ut
1694 4853 1815 4903 erat
1846 4844 1906 4903 in
1937 4845 2088 4912 navi,

457 4926 597 4988 194
628 4930 733 4991 sed
781 4938 839 4991 et
884 4932 1015 4993 alia;
1055 4933 1339 4995 navicula:
1365 4942 1677 4993 erantcum
1703 4951 1793 5007 eo,
1832 4936 2097 4992 etoritur

2259 4687 2287 4718 α
2336 4663 2434 4721 Καὶ
2463 4660 2605 4740 λέγει
2637 4664 2818 4725 αὐτοῖς
2851 4662 2904 4717 ἐν
2938 4662 3114 4739 ἐκείνῃ
3162 4669 3229 4739 τῇ
3274 4662 3446 4740 ἡμέρᾳ
3475 4662 3617 4742 (56ὶ,
3666 4665 3820 4740 ὀψίας

2176 4752 2465 4832 γενομένης
2502 4768 2515 4782 ⁸
2582 4749 2878 4825 Διέλθωμεν
2942 4753 3014 4816 εἰς
3071 4754 3132 4808 τὸ
3208 4752 3393 4830 πέραν.
3458 4755 3555 4810 Καὶ
3605 4753 3819 4831 ἀφέντες

2175 4845 2265 4899 τὸν
2319 4839 2507 4920 ὄχλον,
2581 4837 3079 4918 παραλαμϐάνουσιν
3137 4841 3291 4896 αὗτὸν
3366 4842 3438 4904 ὣς
3498 4842 3561 4909 ἧν
3619 4841 3674 4897 ἂν
3744 4847 3823 4915 τῷ

2177 4931 2367 5004 πλοίῳ.
2444 4929 2541 4987 Καὶ
2587 4926 2723 4984 ἄλλα
2778 4927 2832 4985 δὲ
2889 4927 3136 5007 πλοιάρια
3192 4930 3256 4997 ἦν
3317 4927 3434 5005 μετ’
3488 4930 3670 4992 αὐτοῦ.
3720 4932 3819 4988 Καὶ

1528 5062 1610 5124 Ex
1642 5063 1958 5126 eollatione
1989 5065 2166 5129 codd.
2194 5068 2409 5131 Venet.
2443 5060 2508 5125 S.
2541 5059 2743 5123 Marci.

536 5197 650 5275 (55)
682 5196 827 5260 Cod.
861 5197 961 5261 36.
1010 5183 1157 5256 britv
1222 5198 1275 5254 δὲ
1307 5200 1521 5278 παραὸῲ
1555 5202 1609 5255 το
1642 5201 1806 5278 θέρος,
1844 5202 1953 5257 ἀντὶ
1988 5224 2100 5275 του,

453 5277 655 5357 ὥριμος
691 5278 933 5356 γένηται,
982 5280 1123 5335 τοῦτ’
1175 5278 1336 5359 ἔστιν,
1385 5277 1508 5335 ὅταν
1554 5277 1741 5342 πάντες
1794 5282 1839 5335 οἳ
1898 5304 2104 5359 καρπο-

452 5361 727 5438 φορεῖσθαι
787 5358 1070 5432 μέλλοντες
1143 5380 1612 5438 καρποφοργρωτι,
1699 5363 1819 5416 τότε
1880 5358 2105 5438 τὸίδρέ-

450 5437 641 5510 πανον,
686 5460 743 5497 κ.
774 5460 825 5499 τ.
860 5437 891 5494 λ
960 5464 980 5492 ει
1018 5438 1264 5510 Quando
1316 5437 1509 5498 autem
1557 5440 1808 5501 adfuerit
1872 5437 2102 5511 messis,

448 5515 563 5576 hoc
592 5521 707 5597 est,
766 5534 897 5577 cum
952 5518 1043 5578 ad
1085 5521 1477 5579 maturitatem
1540 5521 1875 5597 pervi'nerit
1930 5542 1941 5579 :
1994 5540 2097 5580 seu

455 5595 697 5677 quando
728 5614 957 5667 omnes,
993 5597 1091 5677 qui
1119 5598 1351 5677 fructus
1382 5595 1586 5658 facturi
1633 5608 1791 5674 sunt,
1826 5600 2093 5675 fecerint,

446 5674 590 5755 tunc
619 5674 732 5736 falx
763 5674 1077 5755 congregat
1106 5676 1388 5740 fructum.
1427 5702 1452 5732 ε

532 5754 658 5837 (56)
688 5754 834 5819 Cod.
868 5756 946 5820 26
975 5754 1185 5819 addit:
1222 5760 1291 5815 Τὸ
1335 5758 1387 5812 ιν
1420 5756 1591 5832 έκείνς.
1644 5764 1707 5831 τῇ
1736 5760 1926 5837 ἡμέρα,
1975 5762 2096 5817 ἴσον

2187 5200 2297 5256 ἐστὶ
2356 5204 2432 5271 τῷ
2474 5195 2528 5275 ἓν
2572 5200 2668 5272 μιᾷ
2718 5197 2956 5275 ἡμερῶν,
2999 5197 3091 5275 ὡς,
3129 5194 3254 5250 εἶπε
3312 5200 3536 5275 ᾼουκᾶς.
3588 5198 3670 5275 ΔΟὐ
3723 5198 3823 5275 γὰρ

2186 5279 2391 5343 εκείνην
2437 5271 2618 5349 δηλοῖ,
2652 5273 2768 5330 καθ’
2799 5271 2862 5343 ἢν
2896 5271 3016 5330 εἷπε
3044 5274 3144 5341 τὴν
3173 5271 3503 5349 παραϐολὴν,
3551 5272 3670 5331 ἀλλ’
3706 5271 3822 5332 ite"-

2188 5381 2281 5432 ραν
2337 5355 2453 5412 καθ’
2513 5344 2697 5422 ἢνντὰ
2729 5354 3093 5432 ,ῥηθησόμενα
3148 5344 3384 5432 γέγονεν,
3443 5344 3669 5432 ’,Ἄλλως
3730 5357 3825 5431 μὶν

2189 5430 2309 5517 γὰρ,
2343 5458 2399 5496 κ.
2430 5457 2483 5494 τ.
2519 5432 2589 5517 λ.-
2610 5457 2636 5487 ε
2672 5430 2824 5495 Illud
2854 5434 2919 5517 in
2951 5432 3051 5495 die
3078 5430 3638 5517 illo,a:quivaletei;
3671 5430 3823 5517 quod

2182 5510 2270 5579 ait"
2297 5518 2485 5578 Lucas
2518 5530 2533 5574 :
2566 5513 2635 5575 in
2662 5530 2789 5575 una
2836 5512 3069 5575 dierum
3100 5534 3113 5574 :
3163 5531 3281 5573 non
3308 5510 3472 5574 enim
3504 5529 3634 5575 eam
3666 5510 3820 5576 diem

2181 5591 2566 5675 designat,_in
2596 5609 2710 5675 qua
2738 5592 3083 5675 parabolam
3135 5590 3320 5668 dixit;
3376 5592 3480 5653 sed
3512 5592 3719 5675 aliam,
3760 5593 3823 5656 in

2180 5642 2918 5758 ξᾷἒέἷᾶὲῖίὶὶιῗοὶῖἆὶιῖ
2928 5642 3814 5754 Ἠῖἑῖιιτῖιῖὲῖ-ὶιζὶὂιῖῐῖἓὸἲόηῖ

2181 5756 2371 5821 Aliter
2396 5759 2615 5831 autem,
2652 5775 2674 5811 ι
2712 5759 2828 5817 etc.
