4148 6290
346 365 472 435 537

1109 373 1546 435 ENARRATIO
1588 370 1663 434 IN
1709 367 2212 435 EVANGELIUM
2262 371 2519 430 MARCI.
2572 402 2646 413 -
2690 368 2852 432 CAP.
2902 373 2973 430 Υ.

3617 367 3733 432 538

347 506 551 584 γίνεται
625 505 822 582 λαίλαψ
880 505 1074 580 ἀνέμου
1128 503 1362 582 μεγάλη·
1436 526 1502 560 τα
1551 502 1605 559 δὲ
1635 503 1842 578 κύματα
1899 500 1994 557 ἒπ-

2087 499 2347 580 procella
2367 501 2525 563 venti
2547 509 2846 580 magna,et
2865 502 3078 564 ﬂuctus
3101 501 3412 567 irruebant
3427 503 3489 565 in
3510 505 3727 580 navim,

345 593 571 651 ἆόαλλεν
642 596 713 660 εἷς
765 596 827 651 τὸ
882 594 1098 672 πλοῖον,
1158 593 1293 649 ὥστε
1358 595 1484 651 αὐτὸ
1540 591 1642 660 ἤδη
1675 594 1997 668 γεμίζεσθαιο

351 683 462 741 Καὶ
533 685 598 752 ἦν
657 686 811 747 αὐτὸς
855 684 940 740 ἐπὶ
968 689 1036 759 τῇ
1080 683 1290 760 πρύμνῃ
1343 682 1428 738 ἐπὶ
1469 683 1530 738 τὸ
1578 679 1999 760 προσκεφάλαιον

344 772 640 852 καθεύδων,
729 774 815 829 καὶ
894 771 1230 850 διεγείρουσιν
1311 772 1491 844 αὐτὸν,
1585 772 1674 826 καὶ
1755 769 1998 846 λέγουσιν

347 862 518 935 αὐτῷ’
586 861 900 936 Διδάσκαλε,
940 865 999 919 οὗ
1043 862 1191 936 μέλει
1224 885 1305 920 σοι
1339 860 1419 917 ὅτι
1452 860 1792 936 ἀπολλύμεθα
1828 881 1844 932 ;
1898 862 1998 918 Καὶ

346 949 652 1029 διεγερθεὶς,
714 950 1000 1027 ἀπετίμησέ
1057 958 1132 1025 τῷ
1192 950 1392 1025 ἀνέμῳ,
1456 951 1544 1006 καὶ
1602 965 1724 1006 εἷπε
1780 956 1848 1025 τῇ
1895 952 1996 1004 θα-

345 1038 548 1114 λάσση·
607 1040 816 1113 Σιώπα,
889 1041 1190 1120 πεφίμωσο,
1229 1039 1325 1098 Καὶ
1393 1038 1651 1095 ἐκόπασεν
1696 1041 1723 1094 6
1776 1036 1991 1114 ἄνεμος,

345 1130 441 1184 καὶ
497 1127 703 1206 ἐγένετο
761 1128 970 1206 γαλήνη
1033 1127 1266 1206 μεγάλη,
1328 1129 1414 1184 καὶ
1476 1126 1630 1183 εἶπεν
1683 1129 1888 1190 αὐτοῖς’
1938 1130 2015 1184 Τί’

344 1215 514 1273 δειλοί
583 1216 699 1273 ἕστε
729 1217 866 1274 οὕτω
914 1238 928 1293 ;
979 1219 1098 1280 Πῶς
1132 1217 1413 1296 οὖκαὲχετε
1469 1218 1643 1272 πίστιν
1692 1238 1707 1290 ;
1745 1216 1843 1273 Καὶ
1872 1215 2002 1293 ἐφο-

346 1302 590 1374 ϐήθησαν
656 1304 817 1383 φόϐον
872 1306 1063 1384 μέγαν,
1121 1307 1208 1362 καὶ
1274 1303 1457 1383 ἔλεγον
1516 1304 1646 1382 πρὸς
1706 1301 1996 1371 ἀλλήλους·

347 1395 442 1456 Τίς
501 1394 600 1472 ἄρα
656 1393 806 1457 οὗτός
837 1393 999 1472 ἐστιν,
1033 1393 1112 1450 ὅτι
1157 1395 1244 1450 καὶ
1288 1397 1314 1450 6
1345 1392 1536 1468 ἄνεμος
1585 1393 1736 1470 καὶξή
1765 1390 2003 1447 θάλασσα

344 1484 700 1539 ὑπακούουσιν
765 1486 906 1556 αὐτῷ
941 1505 957 1558 ς
1037 1509 1056 1537 ο
1099 1482 1332 1545 "Allia:
1365 1483 1462 1559 μὲν
1491 1491 1654 1540 ταῦτα
1702 1480 1998 1559 διηγήσατο

347 1575 380 1628 6
438 1575 730 1650 Ματθαῖος,
766 1569 939 1635 ἄλλως
982 1570 1036 1627 δὲ
1067 1575 1094 1628 6
1139 1572 1374 1651 Μάρκος·
1422 1570 1460 1626 ἅ
1490 1572 1588 1649 γὰρ
1632 1570 1841 1633 ἰκεῖνος
1872 1569 1997 1625 εἶπε

347 1661 696 1740 πλατύτερον,
776 1664 924 1725 οὗτος
1009 1660 1327 1718 συνέστειλε·
1392 1661 1478 1716 καὶ
1587 1660 1904 1737 τούναντίον,
1965 1659 2001 1714 ἆ

2086 590 2163 651 ita
2195 597 2257 650 ut
2294 590 2392 652 illa
2426 592 2552 670 jam
2590 591 2964 672 impleretur.
3014 590 3086 652 Et
3118 600 3242 652 erat
3282 593 3412 672 ipse
3451 595 3510 654 in
3549 593 3731 674 puppi

2083 696 2264 758 super
2289 679 2539 742 cervical
2571 680 2903 757 dormiens,
2930 688 2988 741 et
3022 681 3273 744 excitant
3301 700 3458 757 eum,
3489 683 3728 746 dicunt-

2082 785 2196 846 que
2225 767 2312 829 illi
2345 787 2359 830 :
2399 770 2762 849 Prwceptor,
2797 778 3034 831 non-est
3066 769 3167 831 tibi
3197 788 3353 830 cura;
3382 771 3536 851 quod
3565 771 3725 851 peri-

2083 858 2259 917 mus?
2286 857 2358 918 Et
2409 859 2696 920 excitatus
2753 859 3081 938 increpavit
3150 865 3412 934 ventum,
3462 860 3732 941 dixitque

2081 945 2276 1006 mari:
2304 947 2480 1027 Tace,
2514 947 2881 1010 obmutesce.
2914 950 2989 1010 Et
3017 949 3354 1029 conquievit
3382 957 3613 1021 ventus,
3641 951 3726 1010 fa-

2081 1040 2291 1114 ctaque
2322 1043 2412 1095 est
2463 1036 2860 1116 tranquillitas
2893 1054 3127 1116 magna,
3160 1049 3219 1098 et
3266 1040 3346 1098 ait
3383 1038 3501 1099 illis
3528 1060 3542 1099 :
3574 1038 3725 1110 Quid

2081 1122 2272 1184 timidi
2297 1124 2439 1184 estis
2464 1125 2643 1188 adeo?
2661 1125 2771 1196 Qui
2804 1126 2867 1186 fit
2895 1134 2958 1186 ut
2987 1145 3103 1187 non
3125 1127 3388 1189 habeatis
3419 1127 3730 1190 ﬁduciam?

2087 1209 2158 1271 Et
2189 1212 2510 1273 timuerunt
2568 1214 2780 1275 timore
2838 1233 3070 1292 magno.
3131 1215 3527 1296 dicebantque
3573 1217 3732 1278 inter

2088 1315 2222 1360 sese
2251 1320 2266 1360 :
2299 1299 2582 1372 Quisnam
2618 1303 2713 1362 hic
2745 1311 2856 1382 est,
2890 1303 3028 1383 quia
3059 1313 3270 1365 ventus
3300 1312 3358 1365 et
3385 1321 3546 1368 mare
3577 1304 3727 1367 obe—

2087 1387 2256 1448 diunt
2286 1388 2392 1450 ei?
2429 1413 2451 1448 υ
2487 1390 2674 1452 Aliter
2704 1392 2829 1452 hazc
2869 1392 3159 1453 enarravit
3189 1394 3517 1468 Matthzeus,
3553 1395 3736 1457 aliter-

2088 1478 2336 1536 Marcus.
2364 1479 2513 1540 Nam
2545 1496 2676 1558 quae
2705 1479 2805 1540 ille
2847 1480 2991 1541 dixit
3020 1481 3312 1554 diffusius,
3339 1483 3436 1543 hic
3466 1483 3524 1542 in
3555 1502 3722 1545 com-
3787 1485 3793 1488 ”

2087 1565 2368 1645 pendium
2401 1570 2692 1628 contraxit
2726 1585 2738 1628 :
2774 1577 2834 1629 et
2867 1588 2899 1630 e
2928 1569 3160 1630 diverso
3192 1590 3326 1650 quas
3353 1571 3456 1632 ille
3486 1579 3723 1632 contra-

2080 1652 2257 1729 ctius,
2285 1654 2382 1714 hic
2395 1655 2665 1716 diﬂ‘usius
2682 1655 2849 1717 dicit.
2874 1658 3141 1719 Assumit
3162 1658 3341 1737 igitur
3369 1658 3527 1720 solos
3549 1660 3725 1721 disci-

348 1749 556 1813 ὶκεϊνος
621 1748 968 1821 συνέστειλεν,
1029 1753 1178 1813 οὗτος
1208 1747 1466 1804 ὶπλάτυνε
1500 1746 1648 1826 (57).
1701 1745 1994 1823 Παραλαμ-

2082 1741 2389 1822 pulos,qui
2409 1743 2587 1804 futuri
2620 1744 2888 1805 miraculi
2918 1752 3283 1824 spectatores
3311 1751 3722 1810 essent.Porro

347 1837 495 1894 ϐάνει
551 1839 636 1896 οὖν
690 1839 878 1914 μόνους
908 1841 1030 1902 τοὺς
1062 1839 1325 1912 μαθητὰς,
1373 1837 1561 1899 θεατὰς
1584 1845 1675 1895 τοῦ
1705 1833 1995 1910 μέλλοντος

348 1926 556 1984 ἔσεσθαι
613 1929 875 2002 θαύματος
931 1930 1117 1982 ποιῶν·
1177 1925 1271 1982 ἵνα
1340 1925 1394 1981 δὲ
1431 1924 1508 2000 μὴ
1567 1925 1856 2001 ἒπαρθῶσιν
1914 1925 1993 1978 ὃτι

348 2017 472 2077 τοὺς
530 2014 720 2079 ἄλλους
782 2015 1060 2090 ἐκπέμψας
1094 2015 1279 2078 αὖτοὺς
1323 2014 1610 2092 κατέσχεν,
1643 2013 1826 2090 ἀφίησι
1857 2010 1992 2066 κλυ-

351 2103 692 2184 δωνισθῆναι,
748 2107 837 2161 καὶ
890 2105 1002 2180 ἅμα
1054 2104 1140 2160 ’ἰνα
1197 2100 1372 2179 διδάξῃ
1423 2101 1744 2180 πειρασμοὺς
1792 2099 1988 2180 φέρειν,

352 2191 599 2250 Καθεύδει
669 2192 747 2267 δὲ,
810 2191 902 2248 ἵνα
935 2193 1120 2267 μεῖζον
1150 2197 1288 2271 φανῇ
1331 2193 1512 2255 αὐτοῖς
1542 2190 1602 2245 τὸ
1632 2193 1826 2264 θαῦμα,
1863 2189 1994 2266 πρό-

348 2303 501 2359 τερον
569 2281 953 2360 θορυϐηθεϊσινο
1028 2283 1071 2336 εἰ
1100 2283 1198 2358 γὰρ
1227 2281 1580 2358 ἒγρηγορότος
1629 2287 1721 2336 τοῦ
1770 2284 1994 2356 Χριστοῦ

349 2372 376 2426 6
408 2369 608 2426 κλύδων
640 2370 871 2448 ἐγένετο,
905 2369 939 2437 ἧ
984 2371 1077 2426 οὒκ
1108 2368 1167 2424 ἀ’ν
1193 2367 1552 2448 εφοϐήθησαν,
1584 2366 1618 2433 ἥ
1639 2368 1732 2423 οὒκ
1762 2365 1823 2422 ἂν
1852 2389 1993 2439 παρ-

350 2456 629 2517 εκάλεσαν,
659 2455 904 2538 Ἀφίησιν
959 2460 1045 2514 οὖν
1106 2457 1292 2520 αὐτοὺς
1327 2455 1474 2535 φοϐῳ
1503 2454 1740 2512 κινδύνου
1771 2477 1998 2534 περιπε-

348 2560 492 2625 σεῖν,
551 2547 644 2602 ’ἕνα
699 2550 770 2609 εἷς
823 2547 1071 2613 αἴσθησιν
1103 2554 1205 2610 τῶς
1251 2547 1408 2603 αὐτοῦ
1449 2544 1718 2620 δυνάμεως
1751 2543 1990 2606 ἔλθωσιν.

351 2634 502 2692 Ἐπεὶ
554 2637 656 2714 γήρ
707 2638 828 2698 τοὺς
887 2637 984 2710 μὲν
1013 2634 1202 2700 ἀλλους
1234 2633 1453 2692 ἔϐλεπον
1501 2632 1989 2712 εὐεργετουμένους,

348 2725 494 2780 αὐτοὶ
549 2722 603 2779 δὲ
633 2723 839 2786 οὐδενὸς
869 2725 1102 2781 τοιούτου
1132 2723 1469 2802 ἀπήλαυσαν,
1501 2720 1733 2785 κίνδυνις
1778 2721 1842 2788 ἦν
1893 2722 1992 2797 ῥα·-

347 2814 661 2892 θυμοτέρους
734 2814 919 2878 αὐτοὺς
981 2813 1241 2890 γενέσθαι.
1307 2820 1593 2890 Συγχωρεϊ
1624 2810 1711 2866 οὖν
1745 2809 1992 2885 ἐπιγενέ-

349 2905 465 2956 σθαι
521 2904 612 2958 τὸν
669 2909 935 2980 χειμῶνα’
970 2900 1199 2957 καθεύδει
1257 2899 1310 2954 δὲ
1335 2900 1420 2956 ἐπὶ
1450 2902 1510 2954 τὸ
1569 2896 1991 2976 προσκεφάλαιον

347 2992 410 3045 τὸ
463 2997 553 3047 τοῦ
607 2989 814 3070 πλοίου,
889 2989 1090 3056 ξύλινον
1133 2987 1187 3044 δὲ
1217 3011 1424 3052 παντως
1457 2991 1525 3054 ἦν
1566 2996 1742 3047 τοῦτο.
1776 2995 1985 3042 Διυπνι-
2011 3016 2050 3066 C

349 3082 486 3145 σθεὶς
544 3078 622 3158 δὲ,
682 3079 898 3154 ἐπιτιμᾶ
980 3079 1229 3157 πρότερον
1284 3085 1359 3152 τῷ
1445 3075 1624 3150 ἀνέμῳ
1675 3075 1848 3145 (οὗτος
1893 3076 1992 3152 γὰρ

351 3167 494 3222 ἔστιν
565 3171 592 3223 6
621 3169 718 3235 τὴν
744 3167 1005 3224 θάλασσαν
1037 3168 1317 3245 ἀγριαίνειν
1363 3165 1822 3242 παρασκευάζων),
1870 3164 1994 3218 εἶτα

349 3257 437 3311 καὶ
506 3255 765 3332 θαλάσσῃ,
828 3256 1088 3330 Ἐπιτιμᾷ
1139 3255 1192 3311 δὲ
1222 3256 1307 3311 καὶ
1339 3267 1455 3318 τοῖς
1485 3256 1775 3330 μαθηταῖς,
1811 3253 1884 3314 ὡς
1915 3252 1992 3326 μη

350 3343 535 3424 ἔχουσι
611 3345 802 3400 πίστιν·
869 3347 913 3400 εἰ
972 3345 1070 3423 γὰρ
1130 3344 1291 3423 εἶχον
1348 3341 1540 3414 πίστιν,
1597 3339 1901 3396 ἐπίστευσαν
1935 3338 1992 3394 ἄν

346 3431 427 3488 ὅτι
484 3433 572 3488 καὶ
631 3433 966 3508 κοιμώμενος
1025 3431 1234 3488 δύναται
1266 3428 1520 3493 ἀϐλαϐεῖς
1564 3428 1749 3489 αὖτοὺς
1799 3425 1993 3493 διατη-

346 3526 528 3600 ρῆσαι.
593 3520 838 3600 ’Ἔλεγον
871 3521 923 3576 δὲ
966 3523 1094 3600 πρὸς
1127 3519 1412 3590 ἀλλήλους·
1449 3519 1535 3580 Τίς
1571 3515 1670 3594 ἀρα
1727 3515 1868 3572 ἐστὶν
1899 3515 1994 3571 οὗ-

345 3633 438 3676 τος
475 3626 491 3684 ;
557 3601 688 3667 ’Ἐτι
720 3612 816 3688 γὰρ
861 3609 1169 3690 ἀμφιϐόλως
1201 3609 1362 3687 εἶχον
1393 3607 1508 3685 περὶ
1530 3605 1709 3663 αὖτοῦ·
1742 3606 1869 3660 καθὸ
1899 3603 1996 3679 μὲν

347 3702 446 3777 γὰρ
497 3696 816 3776 ἰπιτάγματι
879 3700 1022 3775 μόνῳ
1061 3700 1160 3766 τὴν
1189 3697 1458 3753 θάλασσαν
1514 3692 1997 3777 κατεκοίμισε,.καὶ

346 3771 464 3844 οὔτε
544 3771 740 3865 ῥάϐδνιρ,
793 3771 889 3850 ὼς*
925 3791 952 3844 6
996 3771 1218 3858 Μωσῆς,
1279 3784 1393 3842 οὔτε
1425 3782 1702 3852 ἐπικλήσει
1732 3783 1806 3843 ὡς
1835 3783 1862 3836 6
1898 3771 1994 3837 Ἐ-

345 3875 591 3939 λισσαϊος
660 3878 751 3932 τὸν
809 3875 1095 3956 Ἰορδάνην,
1148 3877 1262 3931 οὔτε
1290 3880 1358 3950 τῇ
1406 3870 1615 3945 κιϐωτῷ
1657 3871 1729 3932 ὡς
1789 3869 1993 3956 Ἰησοῦς

2077 1848 2153 1890 ne
2184 1831 2610 1892 extollerentur
2639 1833 2794 1910 quod
2827 1833 2987 1913 ipsos
3018 1833 3278 1895 dimissis
3308 1835 3438 1896 aliis
3484 1853 3722 1899 assum-

2078 1928 2296 1998 pserat,
2324 1928 2381 1981 et
2405 1929 2468 1982 ut
2491 1920 2702 1982 doceat
2730 1921 3006 1982 ferendas
3030 1923 3402 1998 tentationes,
3441 1924 3724 2005 relinquit

2077 2024 2179 2068 eos
2224 2009 2502 2088 procellis
2530 2010 2869 2090 periclitari.
2917 2010 3144 2072 Dormit
3187 2025 3408 2083 autem,
3439 2022 3501 2073 ut
3533 2015 3723 2094 majus

2075 2102 2361 2174 appareat
2405 2098 2779 2172 miraculum,
2816 2118 2948 2160 cum
3001 2101 3162 2178 prius
3191 2100 3414 2163 turbati
3446 2102 3719 2164 fuissent.

2076 2183 2222 2245 Nam
2257 2186 2309 2247 si
2340 2186 2639 2265 vigilasset
2667 2189 2960 2263 Christus,
2987 2197 3045 2250 et
3072 2189 3222 2250 facta
3251 2190 3457 2252 fuisset
3490 2201 3719 2271 tempe-

2078 2280 2221 2348 stas,
2253 2275 2344 2336 vel
2375 2294 2491 2336 non
2524 2275 2981 2350 timuissent,vel
3014 2296 3130 2338 non
3163 2287 3451 2341 orassent:
3476 2281 3724 2358 proinde

2081 2363 2348 2442 permisit
2382 2381 2482 2424 eos
2504 2363 2563 2424 in
2589 2373 2806 2424 metum
2834 2366 3082 2443 periculi
3131 2366 3415 2444 incidere,
3450 2386 3565 2447 quo
3596 2368 3717 2430 vir-

2080 2459 2262 2512 tutem
2288 2451 2473 2530 ipsius
2497 2453 2787 2513 sentirent
2813 2453 3354 2527 manifestius.Quia
3387 2457 3544 2518 enim
3566 2457 3721 2517 vide-

2079 2538 2220 2599 bant
2249 2540 2381 2602 aliis
2403 2540 2692 2602 beneﬁcia
2708 2541 2856 2621 dari,
2894 2561 3026 2603 sese
3048 2550 3243 2605 autem
3279 2544 3440 2604 nullo
3461 2545 3557 2606 tali
3580 2545 3719 2620 frui,

2078 2628 2403 2706 periculum
2448 2637 2575 2691 erat
2621 2648 2696 2691 ne
2739 2631 2950 2692 ﬁerent
2993 2632 3471 2711 negligentiores.
3523 2632 3725 2714 Itaque

2078 2724 2491 2796 tempestatem
2522 2717 2668 2779 oriri
2713 2719 3022 2798 permittit.
3053 2719 3235 2781 Porro
3267 2739 3445 2800 super
3474 2722 3722 2788 cervical

2075 2805 2480 2887 dormit,quod
2505 2807 2565 2867 in
2593 2807 2726 2868 navi
2775 2817 2919 2888 erat,
2948 2809 3230 2868 nimirum
3265 2809 3722 2885 ligneumExci-

2075 2899 2228 2951 tatus
2267 2910 2426 2965 vero,
2456 2893 2712 2972 primum
2757 2893 3083 2973 increpavit
3127 2904 3363 2956 ventum
3410 2896 3531 2975 (hic
3561 2899 3719 2958 enim

2077 2987 2164 3041 est
2190 2981 2290 3059 qui
2321 2982 2486 3042 ferox
2535 2982 2880 3043 reddiderat
2911 2984 3119 3063 mare),
3159 2984 3378 3045 deinde
3431 2993 3488 3045 et
3533 3004 3719 3048 mare.

2077 3067 2410 3146 Discipulos
2431 3078 2626 3131 autem
2641 3071 3065 3150 increpavit,eo
3083 3072 3236 3152 quod
3255 3091 3371 3134 non
3395 3073 3724 3137 habuerant

2077 3157 2432 3218 iidem.Nam
2456 3158 2506 3219 si
2528 3159 2704 3219 ﬁdem
2729 3160 3501 3240 habuissent,credidissent
3521 3164 3722 3242 utique

2078 3245 2234 3326 quod
2268 3253 2326 3306 et
2353 3246 2657 3310 dormiens
2689 3257 2890 3327 posset
2925 3249 3060 3308 illos
3090 3267 3326 3311 servare
3351 3250 3587 3311 illaesos.
3627 3252 3722 3312 Di-

2077 3335 2289 3396 cebant
2314 3342 2510 3396 autem
2540 3337 2697 3397 inter
2725 3355 2788 3397 se
2823 3359 2836 3400 :
2885 3337 3166 3408 Quisnam
3196 3346 3285 3401 est
3330 3339 3472 3402 hic?
3512 3340 3721 3402 Adhuc

2078 3423 2239 3484 enim
2273 3424 2348 3485 de
2378 3442 2450 3485 eo
2481 3424 2851 3487 dubitabant.
2886 3429 3174 3488 Caeterum
3205 3427 3531 3488 secundum
3563 3430 3720 3507 quod

2077 3510 2206 3572 solo
2252 3518 2548 3592 praecepto
2611 3530 2776 3574 mare
2833 3513 3079 3589 sedavit,
3143 3523 3201 3575 et
3253 3534 3370 3575 non
3429 3517 3616 3591 virga,
3660 3526 3724 3577 ut

2078 3603 2307 3680 Moyses
2361 3619 2524 3662 mare
2575 3619 2588 3663 ;
2654 3620 2848 3682 neque
2908 3602 3299 3677 invocatione,
3357 3611 3420 3663 ut
3477 3603 3722 3666 Elisaaus

2079 3690 2396 3752 Iordanem
2435 3709 2448 3752 :
2482 3709 2675 3771 neque
2703 3709 2860 3765 arca,
2895 3691 3155 3753 utJesus
3185 3691 3377 3753 Nave:
3409 3701 3722 3773 propterea

2079 3795 2259 3857 super
2288 3779 2590 3841 hominem
2623 3780 2741 3841 illis
2769 3780 3098 3843 videbatur.
3132 3781 3197 3841 In
3242 3799 3312 3840 eo
3339 3789 3530 3852 autem
3563 3782 3720 3863 quod

2079 3866 2378 3942 dormivit,
2407 3886 2642 3930 rursum
2676 3869 2761 3930 eis
2790 3870 2970 3930 homo
3000 3869 3326 3931 videbatur.

346 3967 376 4020 6
406 3964 498 4022 τοῦ
530 3970 705 4038 Ναυῆ,
772 3962 856 4021 διὰ
886 3955 1056 4022 τοῦτο
1112 3965 1243 4043 ὑπὲρ
1299 3961 1572 4040 ἄνθρωπον
1633 3960 1815 4022 αὐτοῖς
1873 3955 2041 4013 ἰδόκει
2074 3971 2090 3986 ⁶
2151 3959 2279 4013 καθὸ
2337 3955 2389 4012 δὲ
2445 3958 2756 4033 ὕπνωττειν,
2813 3955 3083 4037 ἅνθρωπος
3135 3957 3293 4014 πάλιν
3338 3963 3520 4024 αὐτοῖς
3567 3959 3720 4038 ἑφᾶί-

347 4075 491 4115 νετο.

967 4165 1212 4218 ΚΕΦΑΛ.
1283 4158 1360 4217 Ε’.

346 4248 470 4323 Περὶ
537 4254 628 4304 τοῠ
688 4246 971 4326 λεγεῶνος.
1047 4250 1168 4325 Περὶ
1225 4252 1323 4312 τῆς
1383 4243 1636 4326 θνγατρὸς
1704 4246 1795 4296 τοῦ
1823 4241 1990 4319 ἀΡΧι’

634 4324 964 4405 συναγώγου.
1003 4324 1249 4405 Περὶντῆς
1294 4324 1698 4404 αἱμοῤῥοούσης.

428 4434 462 4473 ι
521 4417 616 4473 Καὶ
699 4416 860 4483 ἦλθον
911 4419 983 4481 εἰς
1054 4419 1113 4473 τὸ
1144 4417 1305 4494 πέραν
1337 4415 1434 4481 τῆς
1465 4411 1756 4481 θαλάσσης,
1790 4410 1862 4471 εἰς
1891 4409 1987 4476 τὴν

342 4503 528 4584 χώραν
599 4505 706 4561 τῶν
775 4503 1113 4584 Γαδαρηνων,
1178 4505 1273 4562 Καὶ
1317 4502 1571 4569 ἐξελθόντι
1617 4501 1758 4572 αὐτῷ
1809 4496 1869 4551 ἔκ
1897 4503 1986 4553 τοῦ

342 4591 554 4666 πλοίου,
615 4593 799 4657 εὒθέως
857 4594 1165 4664 ἀπήντησεν
1235 4597 1375 4668 αὗτῴ
1427 4592 1486 4647 ὶκ
1535 4596 1640 4647 τῶν
1712 4586 1984 4661 μνημείων

341 4681 611 4756 ἄνθρωπος
668 4681 722 4737 ἰν
780 4683 1038 4758 πνεύματι
1098 4683 1376 4760 ἀκαθάρτῳ
1406 4679 1463 4743 ὅς
1525 4680 1620 4746 τὴν
1676 4697 1982 4760 κατοικησιν

343 4770 504 4849 εἶχεν
563 4769 617 4826 ἐν
682 4784 798 4832 τοῖς
858 4773 1121 4847 μνήμασι,
1174 4759 1278 4827 καὶί
1311 4770 1427 4826 οὔτε
1506 4766 1748 4824 ἆλὺσεσιν
1822 4759 1984 4849 οὐδεὶς

343 4848 554 4915 ἀδύνατο
614 4861 769 4916 αὐτὸν
840 4859 1024 4933 δῆσαι,
1098 4859 1182 4917 διὰ
1226 4861 1286 4915 τὸ
1318 4859 1473 4916 αὐτὸν
1503 4855 1761 4917 πολλάκις
1806 4848 1987 4915 πέδαις

343 4948 432 5003 καὶ
483 4947 695 5004 ἁλύσεσι
755 4947 1008 5029 δεδέσθαι,
1064 4950 1152 5005 καὶ
1188 5020 1191 5022 _
1222 4948 1526 5005 διεσπάσθαι
1573 4943 1664 5001 ὑπ’
1711 4942 1865 4999 αὒτοῦ
1892 4939 1986 5003 τὰς

2200 4239 2289 4302 De
2317 4241 2551 4322 legione
2580 4241 2939 4322 daemonum.
2994 4241 3085 4302 De
3127 4242 3261 4322 ﬁlia
3306 4243 3601 4322 principis

2394 4321 2758 4401 Synagogw.
2793 4322 2880 4380 De
2917 4320 3397 4383 hwmorrhoissa.

2151 4410 2330 4474 Vens.
2369 4414 2536 4475 1-5.:
2565 4417 2640 4474 Et
2667 4422 2957 4475 venerunt
2984 4415 3227 4490 trajecta
3263 4413 3409 4475 mari
3437 4414 3499 4474 in
3529 4414 3722 4492 regio-

2069 4518 2206 4562 nem
2239 4501 2707 4566 Gadarenorum.
2742 4503 3124 4583 Egrossoque
3156 4502 3211 4563 ei
3256 4502 3331 4564 de
3364 4503 3492 4564 navi
3523 4502 3720 4564 statim

2068 4591 2328 4653 occurrit
2385 4612 2418 4655 e
2459 4594 2863 4655 monumentis
2921 4594 3099 4654 homo
3155 4593 3388 4672 spiritui
3433 4592 3722 4655 obnoxius

2066 4679 2400 4753 immundo,
2438 4681 2539 4762 qui
2569 4681 2932 4742 domicilium
2962 4679 3220 4743 habebat
3248 4681 3309 4741 in
3352 4699 3714 4742 monumen-

2070 4767 2236 4842 tis,et
2267 4788 2462 4850 neque
2491 4771 2714 4832 catenis
2737 4769 3044 4850 quisquam
3079 4777 3310 4848 poterat
3341 4789 3476 4831 eum
3509 4769 3713 4847 ligare,

2070 4866 2378 4937 propterea
2407 4859 2563 4939 quod
2595 4877 2728 4920 cum
2763 4876 2920 4938 saepe
2952 4857 3340 4938 compedibus
3390 4865 3449 4919 et
3491 4857 3718 4917 catenis

2071 4943 2303 5008 vinctus
2332 4947 2560 5029 fuisset,
2594 4947 2906 5028 discerptae
2955 4955 3154 5008 essent
3204 4947 3276 5008 ab
3318 4947 3420 5008 illo
3468 4953 3715 5015 catenae,

1423 5077 1507 5140 Ex
1536 5075 1858 5139 collatione
1888 5077 2068 5141 codd.
2103 5080 2312 5146 Venet.
2348 5087 2412 5148 S.
2450 5085 2660 5148 Marci.

589 5205 751 5286 Idem
784 5206 960 5280 C0d.,
997 5209 1157 5272 Οὗτος
1190 5206 1465 5269 ἰπλοίτυνε,
1513 5205 1660 5262 Μετά
1691 5211 1780 5286 τού
1809 5204 1996 5266 πλοίου

344 5283 572 5365 δσιλαδῆ,
636 5285 688 5341 ἒν
738 5291 783 5360 ᾦ
833 5290 899 5353 ἦν
943 5287 971 5341 6
1010 5289 1253 5363 Χριστὸς,
1299 5289 1386 5344 καὶ
1418 5285 1553 5343 ἀλλα
1608 5285 1856 5365 πλοιάρια
1886 5286 1948 5352 ἦν
1977 5307 1990 5321 ⁸

342 5362 636 5446 προσέθηκε
694 5365 748 5422 δὲ
800 5369 915 5445 περὶ
968 5362 1168 5446 τούτων
1220 5367 1329 5446 οὐχ
1370 5367 1598 5446 ἁπλῶς,
1638 5363 1774 5419 ἆλλᾶ
1823 5362 1987 5437 δεῖξαι

342 5444 506 5502 θέλων
555 5445 632 5501 ὅτι
662 5454 814 5502 τοῦτο
872 5444 1030 5521 μόνον
1089 5444 1436 5513 ἰκλυδωνίσθη
1486 5444 1600 5501 κατ’
1665 5446 1987 5518 οἰκομονίαν,

344 5523 750 5601 Παραλαμϐάνει
793 5526 905 5601 οὖν,
957 5548 1012 5589 κ.
1055 5547 1108 5589 τ.
1159 5525 1211 5588 λ.
1266 5550 1292 5582 ε
1348 5524 1456 5589 Hic
1507 5524 1777 5587 diffusius
1823 5523 1986 5594 dicit.

2078 5216 2368 5303 cumnavi
2413 5216 2727 5303 _videlicet.
2795 5217 2854 5276 in
2890 5232 3045 5303 “qua
3079 5221 3205 5303 _erat
3254 5213 3545 5303 Christus,
3590 5210 3722 5272 aliae

2080 5295 2253 5356 etiam
2297 5296 2580 5357 naviculae
2637 5302 2826 5356 erant.
2889 5293 2973 5354 De
3031 5294 3121 5354 his
3170 5311 3306 5354 vero
3354 5293 3715 5352 mentionem

2072 5374 2212 5436 facit
2255 5394 2372 5438 non
2400 5375 2738 5437 inconsulto
2768 5394 2783 5450 ;
2817 5374 2918 5435 sed
2951 5380 3013 5433 ut
3041 5373 3404 5445 ostenderet,
3439 5389 3719 5433 eamnon

2073 5454 2185 5537 nisi
2218 5454 2892 5537 divinadispeusatione
2924 5453 3198 5516 ﬂuctibus
3212 5451 3487 5532 agitatam
3512 5450 3713 5512 fuisse.

2074 5535 2335 5597 Assumit
2364 5535 2561 5615 igitur,
2597 5560 2624 5592 »
2662 5542 2777 5598 etc.
