4148 6290
266 373 418 444 541

269 517 449 609 κατᾶ
508 518 813 609 ᾅνθρώπων,
874 521 917 574 ei.
975 518 1432 609 pﬁ'wyxwpﬂca
1484 521 1511 575 ό
1557 520 1708 584 Θιὸς⁶
1742 518 1850 574 νόει
1904 512 1958 569 δὲ

272 604 381 661 ὃτι
450 608 543 662 καὶ
613 608 686 671 εἰς
736 608 857 669 τοὺς
923 604 1067 663 κατᾶ
1124 608 1337 687 χοίρους
1381 610 1581 679 ζῶντας
1638 605 1967 685 ἀνθρώπους,

280 695 397 751 καὶ
449 702 531 769 τῷ
560 692 798 773 βορϐόρῳ
827 698 924 763 τῆς
953 694 1147 764 ἡδονῆς
1180 696 1605 774 ἐγκυλιομένους,
1640 698 1713 759 εἰς
1743 696 1956 754 τούτους

294 792 568 864 κρημνοῦ
594 784 691 851 τῆς
721 782 1012 861 ἀπωλείας,
1051 784 1104 840 ἐν
1133 790 1199 859 τῇ
1227 784 1467 860 θαλάσσῃ
1496 786 1588 841 τοῦ
1618 786 1730 861 βίου
1753 782 1959 845 τούτου,

394 896 422 928 ς
496 874 592 933 Καὶ
663 870 877 940 ἐξῆλθον
934 870 1064 928 ἰδεῖν
1136 873 1185 928 τί
1210 874 1325 928 ἒστι
1367 874 1427 929 τὸ
1481 873 1723 951 γεγονός,
1759 873 1857 931 Καὶ
1886 870 1967 949 ’έρ-

284 984 511 1042 χονται
570 962 700 1039 πρὸς
772 962 860 1016 τὸν
913 960 1139 1040 Ἰησοῦν,
1214 962 1297 1017 καὶ
1353 965 1604 1041 θεωροῦσι
1634 964 1723 1018 τὶν
1770 959 1962 1031 δαιμο-

290 1052 589 1124 νιζόμενον
660 1051 981 1124 καθήμενον,
1040 1051 1127 1105 καὶ
1184 1050 1527 1125 ἱματισμένον
1596 1052 1683 1108 καὶ
1750 1071 1962 1129 σωφρο-

291 1148 525 1212 νοῦντα,
584 1140 673 1195 τὸν
745 1137 1022 1218 ἐσχηκότα
1051 1140 1140 1193 τὸν
1178 1137 1436 1215 λεγεῶνα,
1482 1142 1570 1195 καὶ
1599 1137 1957 1220 ἐφοϐήθησαν.

299 1229 657 1305 Διηγήσαντο
726 1224 780 1281 δὲ
835 1230 1015 1289 αὐτοῖς
1082 1230 1129 1283 οἱ
1182 1225 1405 1306 ἰδόντες,
1490 1234 1602 1293 πῶς
1636 1227 1842 1308 ἐγένετο
1887 1234 1962 1301 τῷ

294 1315 753 1393 δαιμονιζομένῳ,
812 1317 897 1371 καὶ
954 1317 1073 1391 περὶ
1131 1316 1235 1372 τῶν
1308 1317 1528 1395 χοίρων·
1588 1318 1676 1372 καὶ
1743 1315 1963 1395 ἤρξαντο

295 1403 649 1482 παρακαλεῖν
730 1406 885 1460 αὒτὸν
942 1403 1192 1461 ἀπελθεῖν
1250 1405 1355 1461 ἀπὸ
1426 1410 1529 1461 τῶν
1562 1407 1713 1485 ὁρίων
1768 1407 1957 1462 αῦτῶν³

301 1495 415 1551 Καὶ
484 1490 739 1567 ἰμϐάντος
802 1496 960 1551 αὖτοῦ
1004 1494 1076 1558 εἷς
1106 1494 1168 1549 τὸ
1211 1492 1429 1571 πλοῖον,
1478 1493 1763 1571 παρεκάλει
1808 1495 1961 1551 αὐτὸν

300 1582 335 1638 ὃ
392 1579 764 1650 δαιμονισθεὶς,
836 1581 928 1636 ἵνα
976 1583 1011 1649 ἦ
1070 1580 1185 1656 μετ’
1251 1586 1427 1641 αὐτοῦ’
1488 1581 1594 1656 όδὲ
1632 1580 1839 1650 Ἰησοῦς
1869 1583 1962 1639 οὒκ

390 1671 418 1681 ..
885 1669 900 1682 ς
1072 1654 1079 1656 “
1464 1654 1502 1683 1‘

301 1670 519 1749 ἀφηκιν
577 1669 757 1747 assa»,
815 1668 951 1725 ἀλλὰ
1009 1669 1153 1747 λέγει
1230 1671 1397 1744 αὐτῷ’
1503 1680 1680 1749 Υπαγε
1740 1673 1812 1735 εἷς
1871 1673 1960 1727 τὸν

304 1759 468 1815 οἶκόν
553 1780 645 1814 σου
690 1760 818 1836 πρὸς
861 1759 982 1823 τοὺς
1014 1760 1135 1822 σοὺς
1180 1760 1267 1816 καὶ
1304 1759 1618 1837 ἂνάγγειλον
1649 1764 1832 1824 αὐτοῖς
1861 1760 1961 1817 ’ὃσα

305 1870 398 1903 σοι
457 1848 484 1902 ὁ
536 1849 720 1926 Κὺριος
776 1847 1060 1919 πεποίηκε,
1121 1850 1207 1903 καὶ
1236 1847 1437 1915 ὴλέησέ
1467 1869 1549 1910 σε,
1583 1850 1679 1907 Καὶ
1730 1847 1957 1922 ἀπῆλθε,

306 1937 403 1992 καὶ
453 1934 645 2014 ἤρξατο
700 1935 979 2013 κηρύσσειν
1052 1935 1104 1990 ἐν
1135 1942 1202 2011 τῇ
1237 1935 1550 2007 Δεκαπόλει,
1588 1935 1686 1993 ὅσα
1714 1938 1962 2003 εποίησεν

312 2024 461 2097 αῦτῷ
531 2025 559 2079 ὁ
616 2022 847 2102 Ἰησοῦς,
912 2026 997 2079 καὶ
1068 2025 1261 2089 πάντες
1293 2024 1605 2100 ἐθαύμαζον.
1642 2049 1669 2080 ι
1713 2024 1963 2092 Ἐξῆλθον

312 2113 415 2188 μὲν
470 2114 517 2167 οἱ
570 2117 668 2179 τῆς
725 2112 929 2176 πόλεως
968 2112 1172 2180 ἐκείνης
1216 2116 1348 2194 πρὸς
1378 2116 1468 2171 τὸν
1498 2114 1725 2189 Ἰησοῦν,
1756 2113 1961 2171 ἐκπλα-

314 2199 501 2278 γέντες
571 2201 632 2255 τὸ
681 2203 873 2274 θαῦμα·
933 2201 1253 2265 ἀκούσαντες
1308 2200 1385 2281 δὲ,
1414 2200 1746 2272 ἐφοϐήθησαν
1776 2200 1958 2258 πλέον·

320 2292 416 2345 Διὸ
498 2290 585 2344 καὶ
651 2289 1012 2367 παρακαλοῦσι
1060 2292 1150 2346 τὸν
1184 2287 1389 2357 Ἰησοῦν
1443 2292 1536 2347 ἵνα
1558 2290 1738 2368 ἐξέΛθῃ
1769 2294 1829 2348 ἒκ
1858 2297 1963 2347 τῶν

315 2378 471 2454 ὁρίων
553 2376 747 2438 αὖτῶν,
832 2376 949 2434 Ἐδε
980 2376 1237 2435 δοίκεισαν
1271 2380 1370 2458 γὰρ
1401 2381 1609 2454 μήποτε
1659 2382 1747 2436 καὶ
1776 2382 1961 2455 μεῖζόν

315 2489 366 2522 τι
426 2467 656 2526 πάθωσι.
717 2468 848 2530 Τοὺς
901 2467 1000 2543 γὰρ
1031 2470 1243 2546 χοίρους
1301 2467 1678 2541 ἀπολέσαντες,
1723 2470 1811 2526 καὶ
1863 2468 1960 2525 λυ-

318 2553 570 2621 πηθέντες
626 2556 712 2610 ἒπὶ
750 2561 817 2630 τῇ
860 2553 1119 2634 ἀπωλείᾳ,
1166 2563 1537 2633 παραιτοῦνται
1584 2560 1671 2615 καὶ
1703 2558 1800 2624 τὴν
1831 2580 1961 2636 παρ-

319 2644 491 2699 ουσίαν
547 2650 642 2698 τοῦ
712 2643 920 2721 Κυρίου·
982 2644 1010 2699 ὃ
1085 2642 1139 2699 δὲ
1238 2643 1591 2719 δαιμονισθεὶς
1677 2645 1961 2725 παρεκάλει

318 2733 494 2806 αὐτὸν,
551 2732 645 2788 ἵνα
688 2730 723 2806 ᾗ
757 2732 872 2807 μετ’
916 2732 1090 2789 αὐτοῦ·
1131 2733 1375 2812 ἐφοϐεῖτο
1405 2736 1504 2814 γὰρ
1550 2738 1759 2810 μήποτε
1803 2736 1963 2809 μόνον

321 2821 552 2899 εὑρόντες
620 2820 776 2876 at.sz
835 2823 881 2877 οἱ
944 2819 1208 2897 δαίμονες,
1255 2823 1416 2879 πάλιν
1458 2824 1745 2881 ἐπέλθωσιν
1796 2828 1958 2899 αὐτῷ.

326 2900 380 2967 Ὀ
437 2907 489 2964 δὲ
522 2909 708 2988 Κύριος
754 2908 972 2966 ἀπολύει
1004 2912 1158 2967 αὐτὸν
1189 2913 1260 2975 εἷς
1294 2914 1383 2968 τὸν
1413 2914 1566 2969 οἷκον
1602 2916 1781 2993 αὐτοῦ,
1815 2912 1961 2969 δεικ-

322 2999 454 3053 νύων
507 3000 647 3071 αὗτῷ
698 2998 776 3053 ὃτι
833 2997 930 3053 κέξν
973 2999 1052 3074 μὴ
1101 3002 1254 3058 αὐτὸς
1312 3006 1477 3080 παρῇ,
1512 2999 1633 3056 ἀλλ’
1677 3000 1774 3078 ἥγε
1804 3000 1961 3056 δύνα-

327 3106 413 3158 μις
455 3086 609 3142 αὐτοῦ
635 3086 722 3140 καὶ
788 3087 822 3152 ἡ
882 3087 1145 3153 επισκοπὴ
1216 3085 1427 3167 φυλάξει
1489 3088 1667 3162 αὐτὸν,
1726 3088 1836 3163 ἅμα
1880 3087 1957 3167 δέ,

326 3172 417 3227 ’ἕνα
468 3172 553 3227 καὶ
601 3172 800 3251 ἐτέρους
869 3174 1068 3253 ὄραθεὶς
1113 3175 1394 3255 ὠφελήσῃ.
1454 3174 1587 3255 Ἰᾃοὺ
1616 3186 1739 3254 γοῦν
1768 3173 1963 3253 ἤρξατο

327 3261 621 3340 κηρύσσειν,
688 3262 769 3319 καί
830 3262 1021 3327 πάντες
1078 3264 1393 3338 ἐθαὺμαζον,
1483 3245 1627 3343 "Op:
1659 3263 1714 3319 δὲ
1770 3266 1856 3321 καὶ
1902 3264 1963 3320 τὸ

325 3349 513 3431 ἂτυφυν
552 3357 642 3407 τοῦ
671 3355 942 3431 Σωτῆρος.
980 3353 1084 3432 (ὶῦκ
1117 3352 1271 3408 εἶπεν
1315 3351 1417 3432 ὅτ,
1482 3350 1835 3430 Ἀπάγγειλον
1866 3351 1963 3407 ὅσα

327 3461 405 3495 σοι
458 3441 751 3507 πεποίηκα,
821 3437 963 3516 ἀλλ’,
1040 3423 1188 3498 μΟσςι
1219 3462 1301 3496 σοι
1346 3442 1635 3507 πεποίηκεν
1679 3443 1706 3497 ὁ
1753 3442 1959 3519 Κύριος.

327 3527 469 3585 Οὕτω
519 3528 607 3584 καὶ
675 3532 757 3603 σὺ,
818 3526 941 3585 ὅταν
974 3528 1166 3607 ἀγαθὸν
1215 3552 1264 3585 τι
1307 3532 1565 3610 ποιήσῃς,
1612 3530 1690 3606 μὴ
1734 3535 1960 3609 σεαυτῷ,

326 3614 452 3672 ἀλλὰ
478 3622 553 3689 τῷ
598 3624 713 3687 Θεῷ
755 3616 981 3674 ἆνατίθει
1011 3619 1071 3673 τὸ
1100 3617 1361 3697 πραχθέν,

408 3728 434 3759 α
497 3707 593 3762 Καὶ
649 3704 1061 3784 διαπεράσαντος
1093 3706 1184 3763 τοῦ
1214 3706 1415 3781 Ἰησοῦ,
1471 3706 1525 3762 ἐν
1562 3712 1637 3781 τῷ
1667 3706 1835 3782 πλοίῳ
1859 3708 1964 3763 πάι

328 3792 405 3850 λιν
457 3795 529 3859 εἰς
590 3796 651 3849 τὸ
708 3792 894 3871 πέραν,
941 3797 1183 3873 συνήχθη
1215 3794 1379 3873 ὁχλος
1438 3796 1601 3857 πολὺς
1663 3796 1755 3851 ἀπ’
1808 3796 1965 3852 αὒτὸν

326 3884 409 3937 καὶ
459 3883 523 3950 ἧν
553 3883 693 3957 παρὰ
747 3884 845 3948 τὴδ
903 3882 1194 3944 θάλασσαν.
1260 3886 1358 3941 Καὶ
1415 3881 1521 3939 ἰδοὺ
1594 3883 1807 3965 ἔρχεται
1880 3886 1963 3951 εἷς

329 3977 426 4027 τῶν
495 3970 971 4050 ἀρχισυναγώγων,
1063 3973 1282 4046 ὀνόματι
1367 3972 1605 4051 Ἰάειρος.
1703 3975 1797 4031 Καὶ
1841 3972 1962 4030 ἰδὼν

328 4061 496 4129 αὖτὸν,
557 4061 736 4115 πίπτει
792 4062 921 4137 πρὸς
982 4060 1101 4123 τοὺς
1176 4058 1338 4122 πόδας
1373 4062 1665 4139 αῦτοῦ,καὶ
1719 4063 1958 4138 παρεκά-

329 4147 408 4203 λει
478 4149 631 4204 at")th
660 4145 858 4226 πολλὰ,
892 4147 1062 4225 λέγων
1105 4149 1207 4222 ὃτι,
1244 4150 1313 4205 Τὸ
1343 4149 1615 4227 θυγάτριόν
1658 4171 1759 4225 μου
1787 4151 1960 4228 ἐσχά-

332 4258 429 4298 τως
498 4236 636 4317 ἔχει·
710 4236 802 4291 ’ἕνα
834 4235 995 4292 ἐλθὼν
1049 4236 1232 4313 ἐπιθῇς
1278 4237 1411 4313 αὖτῇ
1439 4239 1531 4300 τὰς
1562 4252 1779 4317 χεῖρας,
1814 4238 1959 4304 ὅπως

330 4328 465 4400 σωθῇ
522 4326 609 4381 καὶ
665 4326 904 4394 ζήσεται.
982 4327 1076 4382 Καὶ
1133 4324 1336 4392 ἀπῆλθε
1420 4323 1538 4400 μετ’
1625 4328 1803 4383 αὐτώ.
1875 4337 1961 4388 καὶ

330 4413 594 4481 ἠκολούθει
653 4415 793 4485 αὖτῷ
863 4412 1027 4492 ὄχλος
1081 4413 1270 4489 πολὺς,
1322 4415 1408 4469 καὶ
1440 4412 1734 4473 συνέθλιϐον
1780 4416 1957 4474 αὐτὸν.

1061 384 1504 447 ENARRATIO
1546 384 1630 445 IN
1676 383 2179 446 EVANGELIUM
2227 380 2489 446 MARCI.
2538 414 2611 428 -
2655 383 2820 445 CAP.
2872 384 2945 442 V.

3572 377 3691 442 549

1980 530 2021 570 Α
2044 512 2289 575 diuntur
2317 514 2638 591 damones,
2673 523 2732 578 et
2779 514 3016 577 mittunt
3049 510 3183 576 illos
3231 511 3519 595 pracipiti
3549 530 3687 593 per-

2051 601 2281 665 ditione
2309 603 2368 664 in
2407 622 2572 667 mare
2597 605 2775 684 hujus
2807 606 2958 684 vitae,
2994 612 3053 664 ut
3081 603 3469 665 sufi'ocentur.

1990 692 2319 772 εἰσέρχονται
2380 698 2426 751 οἱ
2483 693 2753 775 δαίμονες,
2798 697 2883 751 καὶ
2913 695 3174 771 ῥίπτουσιν
3205 694 3387 757 αὖτοὺς
3419 692 3561 748 κατὰ
3602 697 3689 746 τοῦ

1995 782 2082 836 καὶ
2112 784 2492 860 ἄποπνίγονται
2503 832 2516 845 .

2131 870 2307 931 VERS.
2342 871 2587 934 15-20.:
2615 871 2687 932 Et
2710 870 2934 951 egressi
2958 869 3182 932 suntad
3203 868 3520 930 videndum
3548 866 3685 948 quid

2047 965 2203 1019 esset
2247 958 2403 1038 quod
2453 960 2796 1021 acciderat:
2849 966 2907 1020 et
2955 959 3201 1021 veniunt
3243 958 3315 1019 ad
3366 955 3591 1030 Jesum,
3630 963 3689 1017 et

2045 1045 2246 1107 vident
2276 1047 2441 1107 illum
2492 1048 2593 1128 qui
2625 1066 2657 1109 a
2685 1046 2977 1109 daemonio
3008 1046 3345 1125 vexabatur,
3379 1044 3685 1107 sedentem

2044 1153 2112 1196 ac
2135 1136 2407 1197 vestitum
2431 1145 2487 1197 et
2507 1154 2667 1198 sanae
2686 1137 2922 1210 mentis,
2944 1134 3341 1217 quihabuerat
3367 1132 3684 1211 legionem,

2017 1233 2105 1310 get
2135 1224 2477 1286 timuerunt.
2532 1225 2602 1287 Et
2655 1235 3039 1286 narraverunt
3090 1223 3209 1285 illis
3251 1223 3352 1303 qui
3395 1221 3682 1296 viderant,

2045 1312 2299 1392 qualiter
2327 1313 2642 1376 accidisset
2675 1322 2736 1376 et
2775 1314 2875 1393 qui
2907 1313 3263 1375 daemonium
3296 1310 3602 1390 habuerat,
3636 1316 3692 1370 et

2045 1401 2119 1463 de
2142 1402 2439 1482 porcis.Et
2462 1422 2671 1483 rogare
2693 1412 3001 1483 coeperunt
3028 1421 3161 1464 eum
3184 1408 3245 1462 ut
3263 1400 3594 1462 discederet
3616 1399 3691 1460 de

2044 1489 2260 1551 finibus
2277 1490 2565 1570 ipsorum.
2600 1490 2672 1552 Et
2690 1510 2823 1552 cum
2855 1492 3157 1571 ingressus
3179 1497 3336 1551 esset
3356 1487 3571 1562 navim,
3593 1506 3689 1549 ro-

2042 1577 2213 1657 gabat
2242 1579 2407 1640 illum
2459 1580 2559 1661 qui
2603 1581 2795 1641 fuerat
2840 1599 2874 1641 a
2917 1579 3209 1641 daemonio
3255 1584 3583 1656 correptus,
3624 1586 3687 1638 ut

2044 1675 2205 1728 esset
2227 1686 2359 1728 cum
2382 1668 2479 1729 illo
2506 1687 2519 1731 :
2552 1669 2724 1731 Jesus
2752 1677 2948 1730 autem
2977 1685 3095 1730 non
3122 1665 3393 1748 permisit
3414 1666 3684 1745 eum,sed

2042 1757 2123 1816 ait
2152 1756 2236 1817 illi
2272 1778 2285 1819 :
2335 1756 2443 1818 Abi
2477 1757 2533 1816 in
2559 1758 2801 1819 domum
2832 1764 2989 1818 tuam
3016 1756 3088 1817 ad
3118 1764 3271 1834 tuos,
3315 1761 3372 1816 et
3399 1754 3683 1815 annuntia

2042 1844 2160 1905 illis
2191 1854 2407 1925 quanta
2436 1844 2539 1906 tibi
2590 1845 2879 1907 Dominus
2928 1845 3161 1917 fecerit,
3213 1850 3272 1905 et
3312 1841 3585 1903 misertus
3615 1844 3689 1902 sit

1988 1933 2154 1996 Btui.
2219 1935 2289 1997 Et
2336 1933 2499 2014 abiit,
2562 1942 2618 1996 et
2669 1934 2845 2015 raepit
2902 1933 3229 2015 praedicare
3293 1931 3355 1991 in
3410 1929 3687 2011 Decapoli

2046 2031 2262 2101 quanta
2284 2022 2396 2083 sibi
2416 2023 2649 2084 fecisset
2671 2022 2881 2094 Jesus;
2919 2030 2978 2084 et
3007 2040 3215 2083 omnes
3247 2018 3629 2080 mirabantur.
3657 2044 3679 2077 ι

2048 2110 2331 2173 Exierunt
2360 2110 2538 2190 igitur
2564 2111 2668 2171 viri
2690 2112 2862 2185 illius
2892 2111 3139 2172 civitatis
3160 2109 3233 2173 ad
3254 2110 3453 2169 Jesum
3478 2114 3678 2187 stupe-

2048 2199 2183 2260 facti
2207 2200 2520 2261 miraculo:
2549 2208 2605 2261 et
2625 2219 2757 2261 cum
2785 2199 3110 2278 audissent,
3136 2198 3458 2258 timuerunt
3480 2197 3684 2273 magis.

2048 2288 2277 2351 Idcirco
2310 2296 2367 2349 et
2415 2290 2614 2349 Jesum
2660 2297 2867 2368 rogant
2915 2296 2976 2348 ut
3025 2286 3364 2366 egrediatur
3410 2302 3442 2344 a
3473 2284 3687 2345 finibus

2043 2376 2331 2456 ipsorum.
2352 2378 2703 2440 Timuerunt
2721 2378 2875 2438 enim
2899 2375 3212 2456 nequando
3236 2382 3293 2435 et
3316 2372 3504 2450 majus
3525 2373 3691 2452 quid-

2044 2465 2179 2525 dam
2216 2466 2530 2545 patiantur.
2580 2464 2689 2537 Qui
2737 2464 2895 2526 enim
2943 2463 3326 2544 perdiderant
3362 2477 3594 2541 porcos,
3632 2464 3688 2524 in

2047 2553 2381 2632 perditione
2412 2555 2678 2615 dolentes
2720 2563 3041 2633 precantur
3074 2561 3135 2612 ut
3175 2552 3347 2613 abeat
3375 2549 3683 2619 Dominus.

2047 2640 2331 2703 Casterum
2366 2643 2415 2704 is
2462 2642 2562 2723 qui
2618 2642 2910 2703 daemonio
2958 2642 3202 2720 agitatus
3243 2641 3452 2721 fuerat,
3487 2642 3691 2705 orabat

2045 2730 2211 2791 illum
2267 2740 2330 2793 ut
2369 2751 2501 2793 cum
2555 2732 2685 2813 ipso
2736 2738 2937 2793 esset:
2992 2730 3235 2791 timebat
3266 2732 3451 2813 enim,
3512 2752 3585 2794 ne
3639 2733 3703 2794 si’

2045 2819 2279 2901 quando
2306 2820 2606 2882 daemones
2626 2840 2759 2883 eum
2787 2820 3149 2883 invenissent
3168 2820 3602 2892 solum,iterum
3626 2839 3689 2882 se

2044 2908 2299 2971 adirent.
2325 2909 2400 2971 At
2420 2910 2705 2971 Dominus
2731 2908 2955 2970 dimisit
2990 2926 3121 2968 eum
3161 2908 3217 2968 in
3264 2907 3501 2969 domum
3534 2911 3684 2990 ejus,

2046 2998 2369 3059 ostendens
2392 2996 2446 3057 ei
2470 2998 2622 3076 quod
2654 2998 2793 3058 lEcet
2811 2998 2940 3076 ipse
2962 3015 3076 3056 non
3102 2995 3273 3068 adsit,
3296 2996 3688 3059 nihilominus

2043 3093 2240 3147 tamen
2266 3086 2448 3147 virtus
2463 3105 2568 3147 sua
2586 3094 2645 3148 et
2667 3085 2919 3146 visitatio
2945 3084 3234 3145 custodlct
3251 3102 3383 3145 eum
3403 3103 3416 3147 :
3444 3085 3691 3166 insuper

2044 3181 2108 3235 ut
2138 3186 2197 3236 et
2223 3175 2370 3238 alios
2401 3177 2682 3250 lucretur,
2738 3174 2835 3254 qui
2888 3173 3082 3253 ipsum
3126 3173 3305 3233 visuri
3350 3184 3574 3240 essent.
3616 3176 3690 3237 Et

1982 3294 2021 3344 ο
2047 3281 2187 3325 ecce
2218 3265 2539 3344 praedicare
2570 3265 2767 3343 coepit,
2803 3269 2861 3323 et
2892 3280 3100 3322 omnes
3125 3261 3510 3326 mirabantur.
3536 3262 3687 3325 Vide

2049 3362 2243 3415 autem
2293 3374 2467 3434 quam
2514 3354 2743 3415 alienus
2794 3355 2869 3413 sit
2924 3371 2958 3413 a
3000 3352 3150 3413 fastu
3205 3350 3499 3415 Servator.
3557 3354 3685 3413 Non

2048 3442 2194 3503 dixit
2227 3463 2239 3502 :
2276 3444 2580 3506 Annunlia
2609 3461 2739 3523 quae
2767 3441 2879 3505 tibi
2912 3460 3042 3520 ego,
3080 3440 3208 3513 sed,
3239 3439 3381 3512 Quae
3408 3440 3514 3501 tibi
3555 3440 3691 3504 fecit

2045 3530 2353 3593 Dominus.
2391 3533 2488 3595 Sic
2536 3541 2592 3594 et
2626 3539 2682 3591 tu
2735 3530 2968 3610 quando
3003 3529 3220 3590 bonum
3255 3528 3393 3609 quid
3446 3528 3686 3609 feceris,

2049 3638 2123 3680 ne
2156 3620 2261 3681 tibi
2288 3621 2420 3701 ipsi,
2456 3620 2558 3681 sed
2592 3620 2845 3681 Domino
2880 3618 3098 3680 factum
3130 3616 3375 3678 tribuas.

2127 3710 2307 3771 Vens.
2340 3710 2553 3771 21-29.
2573 3731 2595 3764 α
2623 3702 2689 3770 Et
2722 3726 2855 3772 cum
2882 3705 3188 3768 transisset
3206 3704 3379 3768 Jesus
3399 3708 3526 3768 navi
3550 3725 3686 3768 rur-

2046 3816 2146 3860 sus
2174 3799 2233 3859 in
2261 3798 2606 3861 ulteriorem
2640 3799 2853 3878 ripam,
2889 3796 3160 3857 cenvenit
3200 3795 3382 3857 multa
3416 3796 3583 3856 turba
3614 3796 3684 3857 ad

2045 3904 2205 3961 eum,
2228 3896 2283 3948 et
2298 3896 2422 3949 erat
2450 3887 2608 3949 circa
2632 3904 2811 3949 mare.
2836 3885 2903 3946 Et
2926 3902 3067 3946 ecce
3092 3885 3253 3945 venit
3273 3883 3510 3961 quidam
3537 3886 3692 3964 prin-

2046 3976 2241 4056 cipum
2275 3978 2591 4055 Synagogae
2644 3975 2887 4036 nomine
2916 3975 3130 4048 Jairus,
3184 3981 3242 4034 et
3289 3992 3420 4034 cum
3452 3972 3693 4036 vidisset

2044 4082 2205 4139 eum,
2244 4066 2490 4143 procidit
2513 4066 2585 4127 ad
2619 4064 2802 4145 pedes
2833 4064 2983 4142 ejus,
3017 4070 3074 4122 et
3101 4062 3528 4141 deprecabatur
3554 4080 3687 4123 eum

2046 4153 2322 4227 multum,
2359 4153 2565 4214 dicens
2594 4171 2607 4215 :
2644 4151 2853 4216 Filiola
2886 4170 3016 4212 mea
3038 4152 3096 4213 in
3124 4151 3406 4212 extremis
3429 4158 3555 4213 est:
3587 4169 3691 4211 oro

2044 4251 2108 4302 ut
2148 4241 2347 4303 venias
2377 4249 2435 4304 et
2464 4242 2734 4322 imponas
2766 4240 2852 4301 illi
2911 4258 3143 4314 manus,
3198 4246 3259 4307 ut
3309 4238 3467 4299 salva
3517 4239 3591 4298 sit
3634 4245 3693 4299 et

2045 4330 2213 4391 vivet.
2245 4330 2319 4391 Et
2345 4330 2486 4392 abiit
2515 4348 2647 4392 cum
2681 4328 2806 4410 illo,
2842 4336 2899 4390 et
2942 4327 3300 4409 sequebatur
3327 4345 3463 4387 eum
3516 4326 3687 4389 turba

2048 4420 2250 4494 multa,
2285 4427 2343 4480 et
2373 4416 2849 4499 comprimebant
2882 4435 3039 4479 eum.
3074 4415 3144 4477 Et
3176 4415 3393 4477 mulier
3422 4413 3689 4495 quaedam

334 4504 423 4561 Καὶ
477 4504 606 4581 γυνή
663 4524 743 4566 τις
816 4502 943 4558 οὖσα
973 4504 1027 4558 ὲν
1070 4503 1209 4579 ῥύσει
1233 4503 1463 4578 αἵματος
1494 4502 1589 4571 ἕτη
1620 4502 1842 4583 δώδεκα,
1876 4505 1960 4559 καὶ

2046 4526 2175 4587 quae
2195 4508 2381 4569 fuerat
2411 4506 2663 4568 obnoxia
2699 4504 2981 4586 proﬂuvio
3018 4503 3318 4582 sanguinis
3340 4501 3511 4564 annis
3533 4502 3687 4564 duo-

329 4588 490 4647 πολλὰ
538 4593 771 4647 παθοῦσα
820 4592 919 4646 ὑπὸ
977 4589 1191 4647 πολλῶν
1245 4592 1459 4671 ἰατρῶν,
1514 4592 1599 4647 καὶ
1647 4590 1959 4661 δαπανήσα-

480 4679 491 4696 ε
668 4678 683 4697 .
782 4680 795 4697 .
843 4684 866 4694 ν
1025 4680 1036 4697 ρ
1286 4680 1301 4697 ι
1466 4679 1504 4697 ,κ
1614 4681 1627 4697 ς
1710 4682 1731 4697 κ
1786 4684 1807 4697 ..
1846 4694 1866 4697 κ,

2047 4596 2577 4678 decim,fueratque
2600 4597 2784 4655 multa
2809 4612 3270 4674 perpessaacom
3282 4590 3546 4697 pluribus
3569 4609 3690 4653 me-

329 4700 393 4735 σα
443 4679 506 4734 τὰ
562 4678 683 4757 παρ’
742 4680 903 4745 αὖτῆς
968 4680 1160 4751 πάντα,
1216 4680 1304 4736 καὶ
1376 4679 1543 4755 μηδὲν
1600 4681 1957 4760 ὠφεληθεῖσα,

2045 4686 2212 4769 dicis,
2248 4700 2306 4748 et
2337 4686 2736 4765 insumpserat
2758 4682 2956 4744 omnia
2986 4700 3111 4754 sua,
3147 4699 3339 4760 neque
3368 4679 3687 4761 quidquam

330 4766 456 4825 ἀλλὰ
495 4766 715 4856 ,μᾶλλον
771 4771 845 4856 ,εἷς
884 4770 942 4824 τὸ
986 4782 1174 4847 χεέρον
1232 4767 1474 4844 ἐλθοῦσα,
1534 4771 1803 4827 ἀκοὺσασα
1846 4772 1960 4849 περὶ

2044 4766 2369 4856 adjumenti
2392 4772 2795 4853 senserat,sed
2824 4774 3006 4849 magis
3029 4770 3088 4830 in
3113 4769 3372 4831 deterius
3393 4774 3636 4830 venerat
3672 4789 3685 4830 :

331 4867 414 4915 τοῦ
493 4854 690 4929 Ἰησοῦ,
740 4855 960 4916 ἐλθοῦσα
990 4858 1040 4912 ἐν
1106 4864 1181 4932 τῷ
1215 4856 1366 4937 ὄχλῳ
1395 4856 1632 4935 ὄπισθεν,
1665 4858 1841 4934 ἥψατο
1872 4866 1960 4916 τοῦ

2044 4854 2179 4926 cum
2211 4863 2474 4925 audisset
2503 4862 2577 4924 de
2623 4863 2787 4934 Jesu,
2832 4861 2986 4921 venit
3021 4860 3078 4920 in
3115 4857 3282 4918 turba
3329 4876 3363 4916 a
3415 4866 3599 4932 tergo,
3634 4863 3693 4914 t-t

330 4947 521 5021 ἱματίου
570 4945 746 5002 αὐτοῦ·
782 4946 933 5023 ἔλεγε
964 4950 1061 5024 γὰρ
1105 4947 1207 5026 ὅτι,
1266 4946 1368 5005 Κᾶν
1431 4953 1535 5003 τῶν
1579 4948 1797 5023 ἱματίων
1866 4950 1954 5004 αὖ·

2046 4952 2232 5031 tetigit
2251 4955 2661 5015 vestimentum
2689 4949 2839 5030 ejus;
2866 4947 3097 5009 dicebat
3128 4946 3380 5019 enim,Si
3415 4945 3501 5005 vel
3521 4944 3689 5005 vesti-

332 5042 414 5092 τοῦ
462 5035 708 5110 ἅψωμαι,
811 5035 1140 5109 σωθήσομαν
1220 5037 1305 5091 καὶ
1377 5034 1564 5100 εὐθέως
1622 5035 1880 5115 ἐξηράνθη
1927 5040 1960 5106 ἡ

2051 5050 2247 5102 menta
2268 5042 2395 5122 ejus
2415 5039 2848 5120 tetigero,salva
2871 5055 2993 5098 ero:
3024 5044 3081 5096 et
3103 5035 3412 5096 confestim
3438 5033 3693 5122 siccatus

334 5124 472 5203 πηγὴ
529 5130 618 5179 τοῦ
673 5126 903 5199 αἳματος
965 5123 1149 5199 αὒτῆς,
1187 5126 1275 5179 καὶ
1329 5123 1465 5203 ἔγνω
1513 5126 1589 5201 τῷ
1619 5126 1849 5201 σώματι,
1884 5126 1960 5182 ὅτι

2050 5138 2138 5190 est
2170 5121 2312 5192 fons
2342 5130 2647 5209 sanguinis
2687 5128 2815 5206 ejus
2850 5147 2862 5189 :
2912 5132 2971 5188 et
3012 5123 3198 5187 sensit
3254 5139 3505 5203 corpore
3535 5121 3689 5209 quod

336 5212 468 5270 ἴαται
538 5213 644 5270 ἀπὸ
726 5213 827 5280 τῆς
885 5213 1169 5290 μάστιγος,
1209 5234 1233 5270 ι
1273 5215 1416 5270 Μετὰ
1444 5216 1505 5270 τὸ
1550 5214 1634 5271 ἐπὶ
1665 5222 1739 5289 τῷ
1769 5213 1960 5291 δαιμο-

2050 5226 2250 5279 sanata
2280 5206 2495 5280 esseta
2524 5217 2777 5297 flagello.
2824 5239 2846 5273 ι)
2901 5215 3039 5274 Post
3066 5212 3413 5274 miraculum
3446 5207 3599 5290 quod
3632 5206 3691 5269 in

336 5302 575 5378 νιζομὲνῳ
650 5304 844 5377 θαῦμα,
932 5300 1108 5381 ἕτερον
1160 5301 1431 5381 ἐργάζεται
1495 5305 1522 5359 ὀ
1584 5304 1792 5382 Κύριος,
1865 5306 1960 5371 τὴν

2050 5308 2412 5370 daemoniaco
2461 5315 2679 5378 actum,
2732 5301 2889 5364 aliud
2923 5310 3199 5381 Operatur
3250 5300 3377 5360 I97
3410 5297 3694 5360 Dominus

335 5392 573 5471 θυγατέρα
641 5399 733 5448 τοῦ
804 5391 1243 5471 ἀρχισυναγὼγου
1299 5393 1546 5448 ἀιιστὼν⁶
1581 5392 1734 5471 Λέγει
1774 5394 1827 5449 δὲ
1871 5396 1960 5451 καὶ

2042 5394 2377 5458 suscitando
2397 5395 2573 5471 tiliam
2597 5390 2884 5475 principis
2896 5387 3475 5469 SynagogaNomen
3498 5394 3693 5475 autem

338 5481 391 5536 τὸ
434 5480 595 5555 ὄνομα
664 5486 757 5537 τοῦ
812 5480 1272 5561 ἀρχισυναγώγου,
1341 5479 1422 5536 διὰ
1508 5483 1637 5545 τοὺς
1682 5481 1959 5546 Ἰουδαίους

2044 5484 2231 5565 ipsius
2258 5485 2535 5565 exprimit
2555 5477 3136 5563 propterJudmosqui
3163 5477 3432 5539 sciebant
3454 5474 3694 5565 idquod

339 5570 443 5631 τοὺς
500 5568 701 5647 εἰδότας
776 5568 837 5625 τὰ
884 5569 1180 5645 γενόμενον,
1223 5567 1310 5634 Ἐξ
1339 5570 1584 5645 τημισείας
1614 5568 1668 5626 δὲ
1719 5575 1959 5638 πιστὸςὸ

2042 5561 2256 5634 factum
2286 5561 2494 5636 fuerat.
2543 5561 2931 5633 Dimidiatam.
2976 5575 3172 5629 autem
3224 5564 3400 5627 fidem
3437 5561 3698 5625 habebat.

337 5657 476 5736 ἀνήρ’
534 5660 663 5719 καθὸ
739 5659 836 5733 μὲν
871 5658 970 5738 γὰρ
1026 5659 1212 5715 πίπτει
1265 5660 1407 5738 παρὰ
1454 5660 1572 5725 τοὺς
1632 5658 1818 5741 πόδας,
1876 5685 1960 5719 πι-

2044 5663 2132 5724 vir
2154 5661 2294 5738 ille;
2326 5661 2521 5730 ﬁdelis
2550 5660 2712 5725 enim
2746 5664 2894 5733 erat,
2930 5675 2999 5719 eo
3045 5654 3202 5737 quod
3241 5652 3591 5736 procidebat
3624 5650 3699 5713 ad
