4106 6280
513 338 634 402 555

1488 336 2085 402 THEOPHYLACTI
2127 336 2535 402 BULGARM!
2579 336 2935 403 ARCHIEP.

3816 333 3910 396 556

597 473 1004 537 Vens.34-40.
1038 498 1065 530 α
1088 475 1163 537 Et
1194 492 1470 552 egressus
1493 472 1635 534 vidit
1661 471 1886 534 turbam
1919 470 2160 531 multam

2332 495 2358 524 α
2398 472 2495 529 Καὶ
2543 470 2760 537 ἐξελθὼν
2819 473 2847 528 ὁ
2901 468 3133 546 Ἰησοῦς,
3179 468 3301 527 εἶδε
3366 467 3547 525 πολὺν
3605 465 3791 547 ὄχλον,
3831 496 3911 529 αχ-

514 566 708 643 Jcsus,
743 571 801 624 et
831 562 1043 624 aﬂ‘ectu
1074 562 1506 625 misericordiae
1536 569 1722 622 tactus
1753 569 1840 622 est
1868 578 2006 639 erga
2035 578 2158 629 eos,

518 652 656 731 quia
698 660 865 713 erant
909 652 1063 712 velut
1111 671 1248 714 oves
1279 671 1399 713 non
1430 650 1719 713 habentes
1740 659 2054 731 pastorem.
2087 648 2165 710 Et

516 740 842 820 cmpitillos
865 741 1085 802 docere
1114 742 1332 803 multa:
1366 749 1423 802 et
1446 759 1579 801 eum
1603 741 1726 819 jam
1752 738 2001 800 multum
2023 745 2166 798 tem-

517 830 678 910 poris
701 828 1548 910 praeterisset,accesseruntad
1568 847 1701 890 eum
1718 826 1995 908 discipuli
2014 826 2167 905 ejus,

519 917 788 981 dicentes
821 936 834 980 :
862 917 1145 981 Desertus
1178 929 1267 980 est
1296 920 1551 994 locus,et
1573 918 1699 996 jam
1731 916 1982 977 multum
2016 924 2169 975 tem-

520 1007 684 1088 poris
734 1007 1117 1069 estzdimitte
1155 1009 1315 1085 illos,
1360 1016 1422 1068 ut
1465 1006 1726 1068 habeant
1756 1006 1816 1065 in
1858 1003 2172 1082 circumja-

521 1103 726 1157 centes
753 1096 920 1157 villas
943 1115 1011 1157 ac
1056 1096 1233 1172 vicos,
1267 1105 1585 1175 emantque
1610 1094 1726 1156 sibi
1777 1110 2001 1175 panes:
2037 1108 2173 1152 nam

521 1184 680 1264 quod
714 1185 888 1246 edant
922 1204 1039 1246 non
1062 1184 1312 1247 habent.
1348 1188 1419 1245 At
1448 1184 1551 1245 ille
1594 1182 1967 1262 respondens
1996 1179 2078 1242 ait
2108 1178 2176 1239 il-

522 1273 810 1335 lis:Date
856 1272 975 1333 illis
1025 1291 1131 1333 vos
1183 1273 1339 1353 quod
1393 1272 1592 1333 edant.
1642 1273 1717 1334 Et
1772 1270 2047 1331 dixerunt
2075 1267 2169 1331 ei:

523 1361 749 1424 Euntes
780 1380 1047 1424 emamus
1079 1361 1356 1424 ducentis
1385 1360 1649 1422 denariis
1679 1358 2176 1440 panes,etdemus

522 1451 642 1512 illis
676 1450 833 1531 quod
856 1452 1063 1512 edant?
1093 1453 1169 1513 At
1198 1451 1300 1512 ille
1324 1451 1467 1512 dicit
1496 1450 1619 1512 eis:
1651 1448 1805 1520 Quot
1854 1466 2037 1529 panes
2066 1446 2172 1509 ha-

522 1540 705 1602 betis?
727 1542 811 1602 Ite
845 1551 904 1602 et
936 1541 1150 1602 videte.
1183 1541 1255 1601 Et
1282 1559 1416 1601 cum
1450 1539 1881 1618 cognovissent,
1913 1535 2118 1598 dicunt
2150 1552 2164 1597 :

523 1629 796 1709 Quinque
816 1640 872 1690 et
901 1630 1051 1691 duos
1076 1630 1381 1710 pisces.Et
1411 1627 1691 1709 praecepit
1714 1628 1833 1688 illis
1856 1636 2167 1688 utaccum-

523 1719 667 1781 bere
694 1719 959 1780 facerent
981 1738 1210 1794 omnes,
1237 1719 1569 1779 distributis
1602 1715 1888 1779 conviviis
1910 1716 1972 1777 in
1992 1715 2166 1777 viridi

2245 558 2645 639 ἐσπλαγχνίσθη
2696 558 2783 616 ἐπ’
2835 561 3039 640 αὐτοῖς,
3084 558 3165 615 ὅτι
3207 559 3356 627 ἦσαν
3417 560 3497 621 ὡς
3548 554 3784 635 πρόϐατα
3835 554 3914 628 pili

2246 644 2442 729 ἔχοντα
2497 650 2748 727 ποιμένα.
2810 652 2909 709 Καὶ
2937 645 3443 730 ἤρξατοίδιδάσκειν
3494 648 3689 712 αὐτοὺς
3736 644 3890 704 πολλὰ

2250 740 2338 795 καὶ
2367 737 2470 806 ἤδη
2520 739 2657 818 ὥρας
2715 738 2924 807 πολλῆς
2982 740 3305 819 γενομένης,
3362 738 3760 817 προσελθόντες
3789 738 3909 810 αὑτῷ

2254 830 2301 884 οἱ
2344 830 2576 902 μαθηταὶ
2617 830 2795 901 αὑτοῦ,
2827 828 3070 907 λέγουσιν
3101 831 3266 905 αὑτῷ,
3328 829 3445 905 ὅτι,
3483 827 3751 907 ’¹Ερημός
3788 828 3910 882 εστιν

2254 919 2281 973 ὁ
2340 918 2526 997 τόπος,
2558 919 2645 975 καὶ
2675 916 2777 986 ἤδη
2809 918 2920 997 ὥρα
2963 917 3168 989 πολλή.
3218 920 3540 977 Ἀπόλυσον
3599 917 3802 989 αὐτοὺς,
3832 916 3907 973 ἵνα

2255 1004 2569 1070 ἀπελθόντες
2627 1008 2698 1071 εἰς
2742 1009 2862 1071 τοὺς
2920 1006 3101 1082 κύκλῳ
3153 1007 3354 1087 ἀγροὺς
3410 1008 3507 1063 καὶ
3543 1005 3757 1081 κώμας,
3825 1006 3909 1084 ἆγο

2256 1095 2485 1177 ράσωσιν
2535 1095 2745 1159 ὖαυτοῖς
2790 1094 3000 1175 ἄρτους,
3061 1099 3121 1154 Τί
3176 1098 3276 1175 γὰρ
3338 1096 3599 1177 φάγωσιν
3655 1097 3747 1151 οὑκ
3771 1097 3908 1175 ἔχου-

2256 1206 2362 1242 σιν.
2428 1174 2484 1242 C0
2556 1182 2609 1240 δὲ
2669 1174 2967 1263 ἀποκριθεὶς
3027 1174 3197 1242 εἶπεν
3240 1174 3440 1250 αὐτοῖς
3471 1200 3486 1214 ⁸
3560 1186 3692 1240 Δότε
3751 1174 3909 1248 αυτοῖς

2256 1273 2410 1345 ὑμεῖς
2490 1286 2707 1353 φαγεῖν.
2785 1275 2882 1331 Καὶ
2968 1272 3211 1352 λέγουσιν
3285 1278 3440 1347 αὐτῷ
3488 1291 3504 1307 ⁶
3589 1271 3908 1336 Ἀπελθόντες

2257 1360 2605 1439 ἀγοράσωμεν
2662 1360 2941 1442 διακοσίων
2998 1361 3258 1440 δηναρίων
3332 1362 3561 1442 ἄρτους,
3621 1363 3710 1419 καὶ
3756 1359 3908 1436 δῶμεν

2260 1451 2438 1514 αὺτοῖς
2491 1464 2682 1529 φαγεῖν
2718 1470 2736 1526 ;
2796 1440 2854 1508 Ὀ
2896 1448 2951 1506 δὲ
2995 1450 3139 1528 λέγει
3198 1440 3394 1516 αυτοῖς
3433 1470 3446 1484 '
3510 1452 3712 1516 Πόσους
3741 1448 3904 1521 ἅρτως

2252 1537 2404 1617 ἔχετε
2441 1557 2459 1619 ;
2518 1531 2776 1618 ιι’πάγετε
2834 1541 2922 1596 καὶ
2972 1538 3137 1599 ἴδετε.
3187 1542 3285 1598 Καὶ
3346 1541 3604 1619 γνόντες,
3662 1538 3861 1619 λέγουσι
3888 1555 3898 1567 ·

2249 1627 2436 1706 Πέντε,
2495 1629 2582 1684 καὶ
2624 1625 2710 1685 δύο
2740 1628 2946 1707 ἰχθύας.
2997 1631 3092 1686 Καὶ
3150 1628 3404 1695 ἐπέταξεν
3458 1628 3656 1694 αυτοῖς
3687 1626 3899 1684 ἀνακλῖ-

2250 1740 2333 1773 ναι
2369 1717 2591 1792 πάντας,
2627 1718 2893 1790 συμπόσια
2924 1718 3214 1798 συμπόσια,
3244 1718 3332 1775 ἐπὶ
3362 1722 3447 1789 τῷ
3476 1717 3687 1798 χλωρῷ
3711 1717 3898 1796 χόρτῳ.

521 1808 809 1889 gramine.
834 1807 1359 1870 Etdiscubuerunt
1403 1806 1637 1869 divisim
1666 1806 1727 1867 in
1756 1806 1988 1869 areolas
2031 1805 2168 1865 2οδ

2257 1808 2352 1864 Καὶ
2397 1806 2650 1863 ἀνέπεσον
2710 1807 2923 1885 πρασιαὶ
2981 1809 3217 1885 πρασιαὶ,
3268 1808 3371 1863 ἀνὰ
3423 1808 3622 1863 ἑκατὸν
3677 1808 3762 1863 καὶ
3814 1806 3899 1861 ἆνὰ

519 1898 757 1960 centeni
805 1905 864 1958 et
920 1896 1406 1977 quinquageni.»
1444 1895 1729 1958 Pharisaei
1788 1914 1918 1957 cum
1972 1905 2173 1958 essent

522 1986 646 2066 lupi
680 2004 948 2066 rapaces,
986 2004 1102 2047 non
1136 1985 1463 2066 pascebant
1517 1984 1822 2065 populum,
1855 1984 1961 2045 sed
1997 1984 2172 2046 devo-

525 2076 774 2137 rabant:
814 2084 1128 2155 propterea
1157 2075 1383 2137 relictis
1416 2075 1556 2148 illis,
1614 2074 1688 2135 ad
1744 2072 2045 2135 Christum
2076 2091 2173 2134 ve-

522 2184 652 2227 rum
688 2171 987 2244 pastorem
1023 2164 1210 2225 turbae
1238 2163 1699 2245 congregantur,
1755 2162 1914 2224 unde
1945 2171 2005 2225 et
2042 2164 2167 2244 ipse

524 2254 865 2316 alimoniam
899 2252 986 2315 eis
1016 2253 1374 2334 suppeditat,
1410 2262 1467 2315 et
1502 2252 1756 2333 primum
1787 2252 2087 2314 utiliorem
2112 2260 2171 2313 et

525 2342 951 2412 honestiorem,
979 2360 1194 2421 nempe
1222 2341 1463 2404 verbum
1492 2360 1688 2414 suum,
1723 2340 1942 2404 deinde
1972 2350 2170 2403 otcor-

526 2427 981 2512 poralem.Vide
1010 2438 1205 2489 autem
1231 2430 1556 2510 discipulos
1585 2428 1881 2510 quomodo
1906 2430 1965 2490 in
1991 2429 2168 2491 mise-

522 2519 783 2580 ricordia
814 2518 1143 2598 proﬁciant.
1180 2519 1589 2581 Misericordia
1644 2519 1801 2579 enim
1846 2519 1988 2580 moti
2028 2537 2169 2598 erga

527 2608 750 2683 turbas,
783 2606 1076 2668 accedunt
1122 2607 1195 2669 ad
1227 2607 1545 2688 Christum,
1582 2616 1640 2669 et
1679 2627 1785 2688 pro
1834 2607 1950 2669 illis
1975 2615 2162 2670 orant.

2253 1898 2604 1966 πεντήκοντα,
2644 1918 2669 1949 ι
2723 1898 2782 1952 Οἱ
2814 1901 3121 1974 Φαρισαῖοι,
3155 1896 3306 1952 λύκοι
3336 1894 3493 1961 ὄντος
3526 1897 3786 1975 ἅρπαγες,
3817 1896 3902 1951 οὐκ

2254 1984 2561 2059 ἐποίμαινον
2620 1986 2711 2039 τὸν
2742 1982 2891 2058 λαὸν,
2926 1983 3063 2040 ἀλλὰ
3090 1986 3405 2055 κατήσθιον.
3457 1987 3560 2042 Διὰ
3605 1996 3756 2044 τοῦτο
3784 1985 3901 2063 πρὸς

2254 2077 2345 2130 τὸν
2402 2076 2648 2153 Χριστὸν,
2707 2074 2797 2129 τὸν
2839 2072 3089 2140 ἀληθινὸν
3116 2075 3368 2149 ποιμένα,
3399 2076 3741 2154 συνάγονται,
3770 2073 3899 2129 ὲκεί-

2254 2186 2372 2227 νους
2419 2163 2831 2242 ἀποφεύγοντες,
2896 2160 3009 2219 ὅθεν
3069 2165 3218 2228 οὗτος
3247 2165 3453 2244 τροφὴν
3486 2163 3678 2226 αὐτοῖς
3709 2159 3893 2237 δίδωσι,

2252 2252 2669 2330 προηγουμένως
2729 2251 2825 2318 τὴν
2900 2249 3331 2331 ἐπωφελεστὲραν
3414 2253 3506 2308 καὶ
3564 2248 3891 2327 τιμιωτέραν,

2248 2342 2346 2409 τὴν
2419 2338 2502 2398 διὰ
2557 2337 2744 2418 λόγου,
2798 2339 2921 2396 εἶτα
2970 2341 3058 2396 καὶ
3108 2341 3205 2408 τὴν
3260 2342 3601 2417 σωματικήν.
3667 2331 3813 2417 ’Ὅρα
3842 2335 3891 2391 δὲ

2249 2431 2370 2492 τοὺς
2416 2430 2684 2504 μαθητὰς,
2732 2435 2847 2492 πῶς
2922 2431 3309 2508 προκὸπτουσιν
3367 2429 3452 2486 ἐπὶ
3496 2432 3556 2485 τὸ
3598 2427 3885 2509 φιλανθρω-

2251 2522 2492 2597 πότερον,
2577 2516 2925 2589 Ἐλεήσαντες
3000 2517 3099 2598 γὰρ
3181 2520 3302 2582 τοὺς
3370 2518 3591 2598 ὄχλους,
3676 2515 3889 2598 προσέρ·

2249 2596 2440 2686 χονται
2491 2613 2568 2682 τῷ
2625 2615 2854 2686 Χριστῷ,
2901 2596 3147 2687 καὶπερὶ
3207 2612 3378 2669 αὐτῶν
3402 2596 3662 2673 ήᾶξιοῦσιν.
3726 2596 3779 2662 Ὀ
3830 2602 3881 2658 δὲ

527 2695 818 2758 Dominus
862 2704 1056 2757 autem
1110 2703 1342 2758 tentans
1402 2706 1458 2758 et
1518 2696 1773 2777 probans
1823 2716 1965 2757 num
1998 2714 2166 2759 suam

2256 2697 2441 2774 Κύριος
2503 2696 2762 2773 πειράζων
2819 2697 3029 2772 αὐτοὺς,
3085 2698 3172 2753 καὶ
3218 2696 3503 2772 δοκιμάζων
3534 2697 3577 2750 εί
3606 2695 3701 2761 τὴν
3732 2694 3886 2748 αὖτοῦ

527 2792 921 2863 agnoscerent
939 2786 1208 2846 virtutem
1241 2785 1396 2866 quod
1437 2785 1621 2865 possit
1651 2786 1780 2848 illas
1828 2788 2009 2868 alere,
2042 2787 2163 2848 ait:

2257 2784 2561 2863 ἐπέγνωσαν
2631 2783 2882 2865 δύναμιν,
2939 2785 3019 2842 δτι
3091 2785 3296 2843 δύναται
3366 2785 3543 2847 αὐτοὺς
3589 2780 3876 2860 διαθρέψαι,

530 2876 676 2937 Date
726 2874 842 2936 illis
880 2892 983 2935 vos
1025 2881 1087 2935 ut
1135 2875 1332 2936 edant.
1386 2874 1477 2937 Illi
1527 2884 1721 2937 autem
1758 2883 1816 2937 et
1857 2884 2168 2955 arguerunt

2258 2871 2402 2951 λέγει
2440 2893 2454 2908 ’
2516 2873 2646 2930 Δότε
2703 2878 2883 2938 αὐτοῖς
2934 2876 3089 2950 ὑμεῖς
3147 2887 3337 2956 φαγεῖν
3368 2889 3382 2905 ⁵
3438 2874 3485 2930 οἱ
3514 2869 3566 2926 δὲ
3597 2871 3682 2926 καὶ
3709 2887 3873 2925 κατα-

529 2982 689 3036 eum,
725 2972 785 3024 ut
816 2964 1185 3042 ignorantem
1219 2972 1437 3043 quanta
1462 2963 1735 3026 laborent
1764 2984 1961 3027 rerum
1996 2984 2168 3045 penu-

2261 2962 2559 3041 μέμφονται
2618 2964 2798 3042 αὐτὸν,
2865 2965 2937 3029 ὡς
2996 2964 3074 3039 μὴ
3126 2964 3316 3043 γνόντα
3370 2962 3507 3027 πόση
3555 2960 3648 3036 μὲν
3704 2961 3882 3018 αὐτοῖς

529 3056 640 3127 ria,
699 3062 758 3115 et
803 3060 1021 3132 quanta
1059 3052 1263 3133 populi
1304 3061 1459 3114 esset
1500 3053 1838 3115 multitudo.
1892 3054 2168 3117 Nonnulli

2260 3052 2294 3118 ἡ
2341 3050 2531 3126 ἔνδεια,
2567 3051 2734 3108 πόσον
2763 3049 2816 3106 δὲ
2844 3053 2929 3108 καὶ
2959 3054 3020 3108 τὸ
3044 3054 3105 3108 τὸ
3153 3060 3243 3110 τοῦ
3271 3051 3435 3133 ὄχλου
3462 3047 3686 3115 πλῆθος.
3719 3053 3887 3133 Βαρυ-

532 3141 688 3202 enim
739 3141 959 3220 gravati
1010 3132 1209 3202 animo
1242 3140 1561 3204 dicebant:
1596 3141 1875 3205 Emamus
1901 3143 2168 3205 ducentis

2262 3140 2470 3215 νόμενοι
2677 3139 2889 3219 λέγουσι
2936 3142 3022 3203 τὸ.
3067 3132 3421 3222 Λγοράσωμεν
3481 3138 3735 3215 δηναρίων
3776 3132 3883 3232 ita.

529 3229 788 3291 denariis
819 3249 1019 3310 panes,
1055 3239 1113 3291 et
1143 3230 1353 3290 demus
1385 3231 1501 3292 illis
1534 3239 1597 3291 ut
1644 3232 1858 3293 edant?
1906 3232 2168 3313 Denique

2253 3230 2445 3285 κοσίων
2498 3226 2709 3308 ἄρτους,
2763 3232 2849 3286 καὶ
2897 3228 3151 3307 δώσωμεν
3205 3230 3388 3296 αὐτοῖς
3441 3241 3679 3310 φαγεῖνς
3731 3222 3881 3285 Τέλος

527 3318 879 3381 recumbere
911 3319 1047 3380 facit
1077 3337 1284 3380 omnes
1314 3320 1370 3381 in
1403 3319 1536 3381 leno
1570 3330 1869 3401 separatos
1904 3343 1918 3385 :
1951 3323 2065 3384 hoc
2085 3330 2168 3384 est

2253 3317 2433 3393 μέντοι
2494 3317 2757 3375 ἆνακλίνει
2815 3320 3013 3385 πάντας
3074 3318 3159 3377 ἐπὶ
3212 3326 3293 3395 τῷ
3349 3320 3531 3400 χόρτῳ
3572 3316 3881 3401 διακεχωριέ

527 3408 689 3469 enim
723 3406 1063 3468 Distributis
1096 3406 1403 3479 conviviis,
1440 3408 1498 3469 id
1530 3418 1618 3470 est
1640 3400 1897 3472 diversis
1919 3410 2166 3485 mensis,

2254 3407 2497 3483 σμένους.
2532 3416 2696 3466 Τοῦτο
2724 3409 2825 3489 γάρ
2852 3411 2965 3466 ὶστι
3007 3411 3089 3484 τὸ,
3151 3409 3432 3486 Συμπόσια
3463 3405 3748 3484 συμπόσια,
3779 3400 3880 3458 ἀντὶ

526 3497 683 3575 quod
709 3497 924 3557 iterum
956 3495 1223 3575 designat
1259 3496 1397 3557 dum
1420 3496 1582 3572 dicit,
1611 3499 2050 3562 Discubuerunt
2081 3500 2168 3561 di-

2252 3504 2341 3553 τοῦ
2383 3495 2643 3568 τραπέζας
2685 3494 2986 3577 διαφόρους.
3048 3504 3213 3556 Τοῦτο
3278 3497 3333 3553 δὲ
3386 3497 3637 3575 σημαίνει
3679 3492 3762 3549 καὶ
3802 3491 3879 3568 τὸ,

522 3584 693 3645 visim
737 3584 799 3645 in
832 3585 1081 3658 areolas,
1134 3588 1243 3646 hoc
1272 3591 1361 3647 est
1391 3586 1606 3647 multas
1634 3592 1918 3667 parteslet
1948 3589 2166 3651 sectio-

2252 3586 2472 3665 Πρασιαὶ
2541 3585 2819 3660 ἀνέπεσον,
2891 3585 3150 3663 τουτέστι,
3228 3584 3450 3666 διάφορα
3506 3585 3753 3662 κόμματα
3800 3600 3863 3635 κα

525 3692 655 3736 nes.
708 3674 935 3735 Areolze
986 3673 1144 3734 enim
1192 3674 1473 3736 dicuntur
1526 3639 1701 3739 variae
1755 3649 2054 3741 sectiones
2099 3679 2160 3740 in

3237 3639 3637 3666 ""1‘r""'r'r
3871 3639 3885 3688 ὶ

2252 3675 2400 3755 μέρη.
2454 3675 2673 3753 Πρασιαὶ
2729 3677 2829 3753 γὰρ
2881 3674 3125 3754 λέγονται
3174 3676 3241 3733 τὰ
3282 3675 3336 3731 ἐν
3378 3689 3495 3741 τοῖς
3538 3676 3728 3745 κήποις
3756 3667 3867 3725 διέσ-

524 3761 711 3823 hortis
782 3761 841 3822 in
922 3761 1137 3841 quibus
1196 3763 1531 3843 plantantur
1577 3767 1732 3827 varia
1815 3766 2166 3849 plerumque

2252 3786 2380 3844 φορα
2422 3763 2699 3840 κόμματα,
2752 3764 2806 3820 ἐν
2851 3767 2936 3829 οἷς
2999 3764 3305 3846 φυτεύονται
3362 3762 3585 3845 διάφορα
3640 3758 3883 3820 πολλάκις

526 3850 709 3913 olera.

2252 3852 2488 3933 λάχανα.

603 3938 786 4001 Vens.
822 3938 1037 4001 41-44.
1078 3963 1104 3993 α
1139 3938 1209 4001 Et
1238 3958 1375 4002 cum
1407 3943 1734 4021 accepirset
1764 3946 2026 4026 quinque
2058 3967 2167 4028 pa-

2337 3964 2368 3999 ε
2416 3944 2511 4001 Καὶ
2590 3940 2767 4000 λαϐὼν
2822 3943 2943 4007 τοὺς
3029 3942 3184 4001 πέντε
3237 3942 3424 4021 ἄρτους
3495 3945 3583 4000 καὶ
3637 3941 3755 4001 τοὺς
3805 3934 3882 3992 δύο

524 4046 630 4090 nes
653 4036 711 4089 et
733 4028 882 4089 duos
915 4028 1387 4110 pisces,sub|atis
1417 4030 1475 4089 in
1500 4030 1712 4092 calum
1746 4034 1959 4111 oculis,
1977 4026 2167 4098 bene-

2253 4032 2462 4112 ίχθόας,
2539 4030 2843 4108 ἀναϐλέψας
2904 4034 2978 4097 είς
3034 4033 3126 4089 τὸν
3196 4032 3442 4111 οὐρανὸν,
3488 4031 3764 4110 εὖλόγησε³
3806 4026 3882 4080 κᾶὶ

527 4118 675 4179 dixit
705 4135 772 4179 ac
819 4117 995 4197 fregit
1027 4136 1231 4199 panes,
1260 4118 1545 4199 deditque
1574 4118 1885 4202 discipulis
1928 4124 2074 4201 suis,
2109 4135 2168 4186 ut

2252 4121 2545 4178 κατέκλασε
2600 4122 2720 4185 τοὺς
2779 4120 2987 4200 ἄρτους,
3059 4123 3147 4178 καὶ
3223 4119 3386 4178 ἐδίδου
3454 4135 3572 4186 τοῖς
3630 4122 3878 4197 μαθηταῖς

521 4214 892 4287 apponerent
923 4207 1038 4267 illis
1072 4227 1086 4267 :
1124 4214 1183 4268 et
1217 4207 1370 4270 duos
1403 4209 1597 4289 pisces
1629 4209 1824 4271 divisit
1869 4213 2165 4277 omnibus.

2253 4210 2431 4284 αὔτη-ἲ,
2491 4209 2586 4267 ἵνα
2644 4213 2948 4286 παραθῶσιν
2996 4213 3179 4272 αὐτοῖς
3213 4229 3228 4243 ·
3275 4212 3365 4267 καὶ
3414 4213 3534 4276 τοὺς
3585 4209 3672 4267 δύο
3710 4204 3877 4287 ἰχθύπς

519 4296 591 4358 Et
620 4294 1008 4358 comederunt
1036 4315 1266 4379 omnes,
1300 4316 1368 4358 ac
1399 4300 1640 4361 saturati
1666 4309 1891 4376 sunt,et
1920 4302 2146 4366 sustule

2252 4299 2462 4377 ἱμέρισε
2525 4305 2680 4362 πᾶσι,
2742 4300 2841 4357 Καὶ
2895 4298 3090 4380 ἔφαγον
3146 4299 3364 4381 πάντες,
3427 4302 3515 4358 καὶ
3561 4297 3875 4381 ἐχορτάσθη·

519 4393 661 4446 runt
684 4385 1147 4462 fragmentorum
1179 4386 1495 4451 duodecim
1519 4386 1804 4467 cophinos
1849 4391 2079 4471 plenos,
2115 4401 2168 4455 et

2253 4410 2372 4468 σαν,
2435 4390 2522 4445 καὶ
2563 4389 2698 4466 ἦραν
2742 4387 3063 4463 κλασμάτων
3104 4386 3305 4446 δώδεκα
3351 4391 3597 4470 κοφίνους
3651 4386 3874 4465 πλήρεις,

524 4475 598 4535 de
628 4473 912 4552 piscibus.
948 4473 1018 4534 Et
1046 4485 1216 4537 erant
1247 4474 1347 4554 qui
1378 4475 1759 4539 comederant
1794 4481 2168 4561 panes,quin-

2254 4479 2341 4534 καὶ
2397 4478 2504 4534 ἀπὸ
2560 4483 2668 4535 τῶν
2714 4478 2936 4558 ἰχθύων.
3000 4479 3097 4537 Καὶ
3153 4479 3291 4546 ἦσαν
3368 4480 3415 4535 οἱ
3470 4482 3725 4560 φαγὸντες
3774 4473 3877 4532 τοὺς

525 4532 657 4643 (ιιιεεΓ
674 4561 860 4622 millia
888 4562 1169 4650 virorum.
1206 4532 1530 4644 {Suspicit
1577 4565 1639 4626 in
1683 4532 1926 4650 ctel'um,
1959 4532 2168 4650 partim

2257 4566 2473 4646 ἄρτους,
2517 4532 2949 4648 πεντακισχίλιοι
2995 4563 3198 4646 ἄνδρες.
3247 4591 3276 4624 ι
3330 4532 3646 4626 ’Λναέλέῖπει
3698 4566 3765 4628 εἷς
3801 4561 3875 4617 τὸν

523 4669 633 4714 nos
656 4651 881 4712 docens
911 4669 944 4711 a
964 4648 1087 4710 Deo
1119 4657 1327 4730 petere
1347 4651 1573 4733 cibum,
1608 4672 1727 4716 non
1759 4674 1793 4716 a
1821 4648 2088 4720 diabolo:
2113 4660 2168 4721 id

2256 4659 2497 4735 οὐρανὸν,
2558 4655 2671 4732 ἅμα
2714 4657 2814 4733 μὶν
2854 4657 2942 4713 καὶ
2982 4659 3130 4733 ἡμᾶς
3155 4654 3413 4714 διδάσκων
3456 4659 3604 4736 παρὰ
3644 4662 3733 4714 τοῦ
3770 4654 3875 4709 θεοῦ

523 4738 942 4820 quodfaciunt
970 4738 1074 4829 qui
1127 4740 1368 4818 injustis
1418 4742 1633 4821 praedis
1681 4746 1926 4809 vivunt:
1963 4749 2168 4829 partim

2256 4745 2521 4802 αἰτεῖσθαι
2579 4746 2680 4813 τὴν
2746 4746 2970 4825 τροφὴν,
3015 4747 3104 4803 καὶ
3158 4745 3237 4822 μὴ
3300 4746 3442 4824 παρᾶ
3496 4757 3593 4806 τοῦ
3639 4741 3872 4803 διαϐόλου·

524 4837 865 4921 monstrans
894 4828 1081 4921 turbis
1103 4846 1193 4921 se
1244 4848 1362 4921 non
1410 4848 1551 4921 esse
1580 4828 1981 4898 adversarium
2024 4837 2168 4921 Deo,

2258 4831 2387 4913 ὅπερ
2438 4836 2677 4891 ποιοῦσιν
2731 4837 2779 4891 οὶ
2848 4832 2900 4899 ἒξ
2957 4832 3150 4891 ἀδίκων
3208 4834 3388 4911 πόρων
3456 4832 3869 4921 διατρεφόμενον

523 4936 700 4998 quem
732 4916 1059 4981 invocabat.
1100 4919 1279 4979 Porro
1302 4918 1615 4999 discipulis
1643 4920 1764 4996 dat,
1795 4942 1870 4986 ne
1893 4916 2168 4989 miraculi

2252 4921 2362 4999 ἅμα
2422 4921 2478 4979 δὲ
2534 4924 2623 4981 καὶ
2677 4936 2795 4988 τοῖς
2848 4922 3035 5003 ὄχλοις
3078 4925 3199 4980 τότε
3241 4922 3489 4982 δεικνύων
3537 4927 3612 4992 ὣς
3643 4927 3731 4984 οὒκ
3756 4920 3871 4977 ἔστιν

523 5006 967 5081 obliviscantur,
1003 5007 1139 5087 quia
1160 5008 1280 5069 suis
1314 5008 1584 5070 manibus
1615 5013 2154 5095 tenuissentpanes.

2252 5011 2497 5094 Ξιντίθεος,
2556 5010 2692 5069 ἀλλὰ
2745 5015 2837 5070 τὸν
2886 5016 3017 5070 Θεὸν
3058 5011 3406 5074 ἔπικαλείται.
3448 5013 3639 5072 Δίδωσι
3680 5012 3731 5069 δὲ
3758 5020 3855 5069 τοῖς

521 5096 766 5159 Residui
799 5105 993 5156 autem
1036 5105 1173 5157 sunt
1197 5096 1509 5159 duodecim
1541 5101 1806 5180 cophini,
1842 5105 2054 5168 eadem
2085 5107 2159 5169 de

2252 5106 2528 5178 adﬂnta‘tc,
2590 5103 2681 5160 ’ἵνα
2738 5110 2829 5161 τοῦ
2892 5104 3156 5180 θαύματος
3229 5104 3306 5180 μὴ
3362 5102 3731 5178 ὶπιλάθωνται,
3791 5100 3855 5160 ὦ(

521 5193 789 5265 causa,ut
817 5185 940 5246 suis
969 5185 1187 5266 quique
1216 5186 1483 5249 humeris
1501 5208 1682 5249 unum
1713 5200 2163 5270 gestantes,rr.e-

2252 5192 2367 5255 ταῖς
2426 5193 2638 5257 οἰκείαις
2679 5195 2834 5273 χερσὶ
2879 5191 3147 5269 δεξάμενοι
3195 5194 3315 5258 τοὺς
3373 5188 3584 5273 ἄρτους.
3634 5197 3726 5257 Καὶ
3763 5188 3856 5246 δώ·

518 5274 710 5368 rnoria
761 5291 888 5334 rem
942 5284 1268 5339 servarent.
1297 5276 1547 5338 Virtutis
1579 5286 1775 5340 autem
1827 5284 2162 5359 magnitudo

2257 5279 2382 5337 δέκα
2443 5279 2499 5338 δὲ
2552 5282 2759 5362 κόφινοι
2790 5283 3171 5361 περιττεύουσι,
3203 5280 3270 5338 δι’
3301 5285 3429 5341 αὐτὸ
3480 5291 3663 5368 τοῦτο,
3704 5280 3785 5339 ἵνα
3809 5277 3866 5333 ἕπ

522 5360 1183 5456 indicatur,_quod__non
1205 5367 1397 5425 solum
1440 5373 1563 5456 tam,
1604 5367 1773 5456 multi
1825 5382 2168 5456 pascuntur,

2254 5371 2419 5446 ὤμων
2480 5360 2701 5439 ἕκαστος
2758 5360 2888 5454 ἄρας
2959 5372 3199 5453 κόφινον,
3258 5371 3613 5441 ἆνεπίληστον
3646 5360 3794 5451 ’τηρῇ
3827 5365 3879 5421 τδ

523 5449 629 5509 sed
655 5457 713 5510 et
743 5451 923 5513 multa
958 5452 1377 5532 relinquuntur
1413 5455 1671 5520 residua.
1722 5449 2168 5525 MoSessienim

2257 5467 2455 5536 Θαῦμα.
2501 5449 2805 5544 Περιουσίσί
2829 5463 2885 5520 ὂὶ
2934 5449 3230 5539 δυνάμεως,
3290 5463 3351 5519 τὸ
3392 5464 3472 5537 μὴ
3518 5464 3682 5540 μόνον
3718 5449 3880 5540 θρέψαι

603 5616 662 5670 8⁸
692 5617 880 5683 Exod.
913 5636 975 5700 x,
1011 5621 1113 5681 l2.
