4148 6290
467 442 585 510 563

1433 440 2022 508 THEOPHYLAOTI
2063 435 2472 503 BULGARL!
2512 440 2870 503 ARCHIEP.

3733 436 3885 499 564

470 580 623 641 biam
652 578 847 640 statim
872 579 1178 659 subjungit
1204 578 1485 660 superbia
1505 579 1663 641 enim
1687 586 1775 640 est
1795 576 1963 658 quasi
1979 593 2118 638 con-

2203 572 2283 630 διὰ
2338 584 2431 635 τοῦ
2499 574 2768 655 ὀφθαλμοῦ
2836 575 2972 654 δρῶν
3056 578 3118 631 τὸ
3191 578 3423 655 πονηρὸν
3494 575 3819 655 μετίρχετα
3832 597 3873 633 ι.

468 673 732 747 temptus
767 668 896 748 Dei,
930 668 1167 749 quando
1190 668 1322 749 quis
1347 667 1564 729 bonum
1596 675 1900 747 operatur,
1935 665 2122 728 ethoc

468 776 586 819 non
619 756 1133 831 ascribitDeo,sed
1162 757 1399 838 proprie
1422 755 1904 828 virtuti.Stultitia
1918 762 2116 817 autem

468 845 798 908 convicium
827 858 915 907 est
945 846 1001 906 in
1026 846 1322 923 homines;
1355 865 1564 908 omnes
1623 846 1735 907 illae
1771 843 2116 907 aﬂ‘ectiones

469 934 1153 1014 coinquinantanimam,
1190 935 1326 994 207
1353 935 1800 1012 scaturiuntque
1835 951 1906 994 ex
1927 932 2028 993 illa
2057 938 2117 994 et

470 1024 882 1102 egrediuntur.
915 1024 1207 1086 Caeterum
1240 1024 1424 1085 turbae
1454 1022 1766 1085 obscurius
1786 1024 2013 1084 Iocntus
2029 1027 2119 1082 est

474 1116 632 1174 Deus
673 1134 686 1171 :
718 1112 937 1173 idcirco
970 1120 1026 1173 et
1053 1112 1432 1185 dicebatzQui
1460 1112 1635 1173 habet
1665 1128 1843 1173 aures
1872 1110 2117 1174 audien-

471 1201 556 1281 di,
589 1201 811 1274 audiat,
860 1202 972 1261 hoc
1004 1210 1113 1275 est,
1149 1202 1488 1279 lntelligens
1517 1200 1815 1279 intelligat.
1854 1202 2117 1279 Aposto-

472 1290 513 1350 li
582 1298 782 1351 autem
883 1290 1238 1369 profundius
1309 1289 1591 1370 quiddam
1664 1289 1867 1350 dicere
1916 1287 2117 1350 Domi~

472 1396 612 1439 num
644 1378 1078 1458 existimarunt,
1113 1387 1171 1439 et
1216 1380 1505 1440 accedunt
1550 1385 1611 1440 et
1650 1380 2015 1456 interrogant
2041 1375 2116 1437 de

472 1465 775 1547 parabola,
814 1466 925 1527 hoc
955 1474 1045 1527 est
1071 1466 1457 1529 obtenebrato
1491 1474 1548 1527 et
1579 1467 1833 1528 obscuro
1878 1482 2115 1527 sermo-

472 1574 573 1619 ne.
607 1554 896 1617 Parabola
927 1556 1086 1616 enim
1120 1574 1319 1616 sermo
1352 1564 1440 1617 est
1473 1554 1843 1617 tenebrosus.
1877 1552 1946 1615 Et
1991 1554 2115 1634 pri-

472 1663 632 1705 mum
658 1643 897 1723 quidem
924 1643 1249 1723 increpavit
1285 1662 1387 1705 eos
1409 1644 1613 1705 dicens
1636 1664 1649 1705 :
1672 1642 1905 1706 Siccine
1936 1650 1996 1704 et
2015 1659 2117 1704 vos

471 1733 604 1793 sine
632 1731 935 1793 intellectu
968 1732 1156 1795 estis?
1185 1733 1404 1794 deinde
1434 1733 1607 1795 solvit
1635 1732 1793 1813 quod
1840 1729 2112 1810 angebat.

2203 664 2552 745 Βλασφημίαν
2606 662 2660 720 δὲ
2711 663 2880 742 λέγει,
2924 665 3023 732 τὴν
3067 666 3139 731 εἷς
3184 666 3314 721 Θεὸν
3373 661 3541 744 ὕϐριν,
3574 668 3699 720 οἷον
3729 660 3873 719 ὅταν

2201 751 2333 831 λέγῃ
2386 775 2464 818 τις
2522 752 2602 809 ὅτι
2660 754 2769 811 Οὒκ
2809 753 2919 809 ἔστι
2976 753 3216 828 πρόνοια,
3277 760 3428 810 τοῦτο
3482 752 3816 832 βλασφημία
3850 771 3868 787 ⁸

2199 841 2278 898 διὰ
2387 841 2725 898 ἐπισυνάπτει
2819 841 2916 909 τὴν
3028 843 3384 922 ὑπερηφανίαν
3417 858 3430 872 ’
3520 841 3870 921 ὑπερηφανία

2200 932 2299 1010 γάρ
2341 929 2481 988 ἰστιν
2536 930 2727 987 ὡσανεὶ
2778 930 3167 1010 καταφρόνησις
3219 938 3370 1011 θεοῦ,
3404 930 3528 987 ὅταν
3557 952 3640 995 τις
3686 930 3869 1010 ὶργα-

2199 1020 2430 1095 σάμενός
2486 1042 2538 1077 τι
2594 1019 2815 1098 ἀγαθὸν,
2883 1020 2943 1076 οὒ
3004 1042 3082 1094 τῳ
3125 1024 3241 1094 Θεῴ
3278 1020 3623 1101 ἐπιγράφεται
3668 1023 3866 1091 τοῦτο,

2198 1106 2334 1164 ἀλλὰ
2388 1113 2458 1184 τῇ
2487 1108 2651 1180 οἰκείᾳ
2693 1106 2930 1183 δυνάμει.
2976 1104 3302 1187 Ἀφροσύνην
3353 1106 3409 1163 δὲ
3459 1109 3597 1181 νόει,
3630 1109 3734 1175 τὴν
3786 1110 3870 1169 εἰς

2198 1196 2499 1259 ἀνθοώπους
2550 1193 2716 1275 ὕϐριν.
2786 1196 2965 1252 Πάντα
3018 1196 3107 1252 οὗν
3178 1204 3340 1254 ταῦτα
3394 1198 3458 1253 τὰ
3501 1198 3644 1265 πάθη
3704 1200 3866 1273 μιαί-

2198 1307 2341 1341 νουσι
2400 1284 2500 1353 τὴν
2556 1284 2765 1365 ψυχὴν,
2825 1283 2878 1350 ἐξ
2923 1285 3089 1351 αὐτῆς
3132 1287 3441 1365 πηγάζοντα
3492 1289 3581 1344 καὶ
3626 1286 3865 1367 ἰξερχό-

2199 1396 2354 1451 μενα.
2416 1376 2552 1452 Πρὸς
2612 1374 2707 1449 μὲν
2767 1374 2856 1432 οὖν
2904 1376 2994 1431 τὸν
3055 1373 3222 1459 ὄχλον
3277 1378 3631 1459 ἀσαφέστερον
3694 1379 3866 1435 εἶπεν

2199 1466 2227 1520 ὃ
2277 1465 2485 1543 Κύριος,
2541 1461 2620 1519 διὸ
2677 1465 2764 1520 καὶ
2827 1462 3007 1547 ἔλεγεν
3040 1480 3055 1495 ·
3123 1458 3179 1524 Ὀ
3242 1465 3387 1547 ἔχων
3443 1458 3555 1525 ὦτα
3614 1468 3855 1543 ἀκούειν,

2203 1554 2437 1612 ἀκουέτω
2471 1568 2485 1584 ⁸
2533 1553 2826 1629 τουτέστιν,
2875 1544 2933 1613 Ὀ
2963 1561 3099 1612 νοῶν
3130 1544 3335 1619 νοείτω.
3366 1566 3493 1621 Τοῖς
3525 1556 3580 1613 δὲ
3609 1557 3858 1614 ἀποστάν

2199 1643 2314 1707 λοις
2372 1643 2615 1717 νομίσασι
2679 1642 2958 1722 βαθύτερόν
2998 1665 3048 1700 τι
3105 1643 3281 1723 λέγειν
3337 1647 3427 1703 τὸν
3489 1646 3698 1726 Κύριον,
3766 1648 3860 1702 καὶ

2199 1731 2543 1822 προσιλθοδτει
2628 1733 2717 1822 rat
2796 1730 3037 1822 ἐρωτῶσι
3113 1734 3270 1822 περὶ,
3312 1738 3409 1803 τῆς
3509 1732 3857 1822 παραϐολῆς,

470 1821 734 1894 τουτέστι,
793 1829 885 1879 τοῦ
945 1832 1215 1881 σκοτεινοῦ
1267 1821 1446 1901 λόγου,
1513 1820 1815 1902 (παραϐολὴ
1865 1822 1963 1900 γὰρ
2012 1822 2154 1879 ἐστιν
2222 1824 2250 1879 δ
2299 1820 2565 1885 σκοτεινὸς
2633 1817 2823 1900 λόγος)
2875 1827 3081 1901 πρῶτον
3116 1822 3214 1896 μὲν
3257 1820 3599 1899 ἐπετίμησεν,
3658 1817 3851 1881 cimini;

475 1911 625 1969 Οὕτω
651 1913 739 1967 καὶ
767 1913 923 1969 ὑμεῖς
957 1912 1195 1968 ἀσύνετοί
1225 1912 1341 1969 ἐστε
1377 1931 1391 1969 :
1426 1913 1550 1969 εἶτα
1577 1910 1778 1967 διέλυσε
1809 1912 1869 1967 τὸ
1900 1910 1932 1967 ἃ

521 1913 625 1967 ὕτω
651 1913 739 1967 καὶ
767 1913 923 1987 ὑμεῖς
957 1913 1195 1968 ἀσύνετοί
1225 1913 1341 1969 ἐστε
1377 1931 1392 1992 ς
1426 1913 1550 1969 εἶτα
1577 1913 1778 1967 διέλυσε
1809 1913 1869 1967 τὸ
1900 1913 2122 1989 ἂπορον,

553 2000 737 2061 Vens.
773 1999 993 2063 24-30.
1034 2024 1060 2055 ι
1087 2000 1155 2061 Et
1183 2018 1317 2060 cum
1341 2000 1481 2061 inde
1510 1997 2038 2078 surrexisset,abiit
2057 1998 2118 2061 in

2285 1999 2383 2057 Καὶ
2458 2000 2663 2055 ὶκεῖθεν
2714 1997 2968 2072 ἀναστὰς,
3049 2000 3283 2068 ἀπῆλθεν
3353 2003 3427 2066 εἷς
3496 2002 3562 2058 τὰ.
3634 2004 3861 2083 μεθόρια,

471 2088 728 2150 confinia
775 2088 912 2169 Tyri
958 2096 1015 2150 et
1060 2087 1345 2151 Sidonis:
1382 2097 1440 2149 et
1493 2089 1796 2167 ingressus
1847 2088 2113 2163 domum,

473 2178 774 2239 neminem
808 2178 987 2239 voluit
1016 2179 1193 2256 scire,
1242 2196 1353 2239 nec
1404 2178 1594 2259 potuit
1642 2178 1849 2240 latere.
1902 2177 2118 2241 Mulier

472 2265 635 2328 enim
664 2266 860 2328 statim
892 2275 955 2328 ut
984 2266 1209 2327 audivit
1237 2266 1313 2327 de
1339 2284 1432 2339 eo,
1462 2268 1635 2346 cujus
1668 2266 1846 2327 ﬁliola
1865 2264 2120 2328 habebat

472 2354 746 2436 spiritum
776 2355 1340 2429 immundum,venit
1368 2363 1425 2415 et
1455 2354 1755 2417 acciditad
1789 2356 1969 2434 pedes
1989 2355 2120 2434 ejus

476 2445 630 2524 (erat
644 2451 837 2504 autem
862 2443 1073 2504 mulier
1087 2445 1288 2506 Graeca
1303 2442 2026 2524 Serpbcenissa(a)gener
2036 2444 2118 2524 e),

477 2538 538 2593 et
566 2530 805 2610 rogabat
829 2549 961 2592 eum
994 2539 1058 2592 ut
1088 2531 1451 2592 daemonium
1484 2532 1729 2611 ejiceret
1752 2532 1825 2594 de
1848 2532 1967 2594 tilia
1990 2550 2117 2595 sua.

473 2621 649 2680 Jesus
691 2627 887 2681 autem
937 2619 1083 2680 dixit
1117 2619 1230 2681 illi:
1268 2619 1411 2683 Sine
1443 2622 1601 2700 prius
1630 2621 1878 2682 saturari
1916 2620 2115 2683 ﬁlios:

479 2726 598 2769 non
631 2715 720 2769 est
750 2707 907 2769 enim
955 2708 1272 2769 honestum
1324 2727 1560 2770 sumere
1594 2728 1802 2790 panem
1839 2710 2113 2783 ﬁliorum,

481 2807 539 2859 et
568 2796 867 2877 projicere
897 2798 1232 2860 catellis.At
1264 2798 1364 2858 illa
1396 2798 1703 2879 respondit
1725 2806 1781 2859 et
1810 2798 1955 2859 dicit
1978 2798 2064 2859 illi
2097 2817 2111 2861 :

474 2884 658 2947 Etiam
690 2884 969 2961 Domine;
998 2905 1133 2948 nam
1166 2888 1360 2948 catelli
1393 2906 1627 2967 quoque
1658 2887 1977 2948 comedunt
2006 2886 2115 2949 sub

477 2992 680 3037 mensa
710 2973 783 3035 de
805 2974 977 3035 micis
1008 2975 1367 3037 ﬁliorum.Et
1394 2976 1477 3038 ait
1512 2977 1595 3038 illi
1628 2979 1916 3057 :Propter
1934 2976 2114 3039 istum

480 3080 819 3124 sermonem
874 3062 1037 3138 vade,
1100 3064 1240 3125 exiit
1286 3064 1641 3125 daemonium
1671 3083 1705 3126 a
1732 3064 1855 3126 ﬁlia
1897 3074 2013 3129 tua.
2047 3069 2120 3129 Et

473 3170 607 3212 cum
662 3151 903 3214 abiisset
954 3152 1195 3214 domum
1253 3172 1443 3233 suam,
1478 3153 1707 3234 eeperit
1757 3153 2117 3215 daamonium

477 3240 712 3313 exiisse,
750 3248 807 3301 et
835 3240 1013 3302 ﬁliam
1040 3242 1339 3321 jacentem
1374 3261 1554 3323 super
1589 3244 1807 3305 lectum
1872 3268 1897 3297 κ
1936 3244 2111 3304 Post-

2200 2086 2364 2164 Τύρου
2430 2087 2519 2143 καὶ
2590 2084 2842 2161 Σιδῶνος,
2904 2089 2992 2145 καὶ
3056 2088 3300 2146 εἰσελθὼν
3376 2092 3450 2155 εἷς
3510 2092 3698 2167 οἰκίαν,
3760 2092 3855 2148 οὑ-

2200 2172 2320 2231 δὲδα
2407 2172 2562 2243 ἤθελε
2647 2180 2864 2253 γνῶναι.
2968 2180 3065 2235 Καὶ
3148 2180 3242 2235 οὑκ
3334 2178 3566 2250 ἠδυνήθη
3642 2179 3850 2242 λαθεῖν.

2201 2261 2500 2321 ’Λκούσασα
2557 2264 2656 2344 γὰρ
2712 2265 2844 2343 γυνὴ
2896 2267 3014 2345 περὶ
3068 2270 3246 2348 αὑτοῦ,
3305 2268 3372 2337 ἧς
3416 2269 3545 2349 εἶχε
3586 2272 3649 2326 τὸ
3684 2272 3851 2349 θυγά-

2204 2375 2346 2432 τριον
2401 2352 2563 2421 αὑτῆς
2633 2360 2840 2429 πνεῦμα
2890 2354 3200 2433 ἂκαθαρτον,
3266 2356 3486 2415 ἐλθοῦσα
3555 2360 3849 2438 προσέπεσε

2203 2443 2334 2521 πρὸς
2404 2442 2525 2508 τοὺς
2578 2440 2741 2506 πόδας
2812 2444 2969 2502 αὐτοὖ
3049 2446 3142 2522 (ἧν
3197 2444 3253 2501 δὲ
3308 2449 3342 2514 ἡ
3401 2449 3533 2527 γυνὴ
3604 2447 3853 2516 Ἐλληνὶς

2206 2532 2583 2611 Συροφοίνισσα
2611 2536 2688 2605 τῷ
2715 2530 2906 2612 γένει),
2936 2534 3023 2589 καὶ
3051 2534 3232 2612 ἠρώτα
3278 2536 3435 2593 αὑτὸν
3489 2537 3580 2593 ἵνα
3623 2540 3684 2594 τὸ
3731 2537 3854 2596 δαι-

2204 2622 2387 2695 μόνιον
2444 2618 2643 2697 ἰκόἀλῃ
2702 2620 2762 2677 ἐκ
2816 2621 2913 2701 τῆς
2968 2624 3223 2701 θυγατρὸς
3283 2628 3469 2692 αὑτῆς.
3519 2617 3573 2682 ὀ
3617 2625 3673 2681 δὲ
3732 2627 3852 2696 ἰη-

2202 2716 2325 2773 σοῦς
2396 2713 2549 2765 εἶπεν
2600 2711 2733 2785 αὐτῇ
2766 2727 2780 2742 ⁸
2856 2700 3035 2789 ’Ἄφες
3110 2719 3316 2791 πρῶτον
3372 2717 3731 2792 χορτασθῆναι
3784 2717 3850 2772 τὰ

2199 2796 2355 2854 τέκνα
2389 2814 2403 2828 ⁸
2466 2797 2525 2855 οὑ
2584 2799 2683 2876 γὰρ
2737 2796 2901 2855 καλόν
2977 2799 3088 2856 ἐστι
3135 2798 3311 2856 λαϐεῖν
3372 2802 3463 2856 τὸν
3517 2800 3671 2879 ἄρτον
3730 2809 3843 2858 τῶν

2197 2886 2416 2964 τέκνων,
2477 2889 2564 2943 καὶ
2616 2885 2805 2963 βαλεῖν
2859 2900 2977 2951 τοῖς
3031 2889 3309 2968 κυναρίοις,
3359 2880 3421 2945 Ἠ
3453 2886 3508 2945 δὲ
3552 2889 3834 2970 ἀπεκρίθη,

2197 2976 2286 3032 καὶ
2340 2973 2482 3053 λέγει
2554 2979 2717 3049 «atq:-
2792 2977 2913 3056 Ναὶ,
2989 2978 3165 3055 Κύριεο
3226 2979 3313 3034 καὶ
3367 2980 3464 3056 γὰρ
3504 2979 3565 3033 τὰ
3618 2979 3840 3051 κυνάρια

2199 3065 2448 3121 ὑποκάτω
2502 3068 2600 3132 τῆς
2656 3064 2916 3142 τραπέζης
2968 3065 3123 3122 ἐσθίει
3186 3066 3294 3123 ἀπὸ
3345 3073 3450 3123 τῶν
3494 3068 3691 3146 ψιχίων
3734 3068 3842 3123 τῶν

2202 3151 2443 3214 παιδίων.
2504 3152 2612 3211 Καῖ
2659 3154 2814 3210 εἶπεν
2870 3154 3003 3231 αὑτῇ
3041 3170 3055 3183 ⁸
3122 3156 3222 3211 Διὰ
3278 3163 3465 3213 τοῦτον
3525 3158 3616 3212 τὸν
3655 3154 3845 3234 λόγον,

2199 3241 2393 3319 ὕπαγε,
2440 3240 2715 3311 ἐξελήλυθε
2759 3244 2820 3298 τὸ
2863 3240 3130 3318 δαιμόνιον
3161 3243 3221 3300 hc
3263 3244 3363 3312 τῆς
3420 3244 3672 3325 θυγατρός
3730 3268 3842 3302 σου.

476 3346 651 3408 quam
685 3329 761 3390 de
789 3328 939 3391 cibis
969 3329 1201 3391 locutus
1235 3339 1322 3392 est
1348 3330 1725 3410 Dominus,et
1754 3331 1895 3392 vidit
1920 3330 2111 3393 incre-

2203 3331 2294 3389 Καὶ
2349 3328 2645 3388 ἀπελθοῦσα
2687 3332 2759 3395 εἷς
2804 3332 2894 3387 τὸν
2938 3332 3089 3388 οἷκον
3147 3333 3335 3413 αὑτῆς,
3369 3336 3484 3411 εὗρε
3539 3335 3599 3389 τὸ
3641 3331 3835 3408 δαιμό-

473 3416 645 3478 dulos
675 3417 1171 3497 Judaaos,transiit
1201 3419 1260 3479 in
1283 3420 1589 3497 gentilium
1622 3418 1942 3480 ﬁnes.Nam
1975 3438 2108 3481 cum

472 3504 768 3565 increduli
797 3516 995 3566 essent
1019 3505 1230 3579 Judaei,
1263 3507 1419 3568 salus
1448 3508 1642 3569 futura
1662 3516 1787 3568 erat
1820 3507 2111 3586 gentium.

471 3592 543 3661 Et
572 3594 698 3673 ipse
729 3594 984 3674 primum
1016 3595 1285 3675 quaesivit
1312 3596 1519 3666 latere,
1547 3605 1606 3657 ut
1641 3614 1716 3657 ne
1745 3596 2000 3657 habeant
2019 3595 2116 3659 Ju-

473 3681 585 3743 daei
608 3691 807 3761 postea
846 3702 962 3763 quo
996 3682 1223 3763 possint
1269 3683 1463 3763 ipsum
1517 3703 1821 3752 accusare,
1855 3684 2014 3764 quod
2042 3685 2114 3746 ad

474 3769 811 3831 immundas
860 3780 1066 3847 gentes
1117 3773 1508 3852 praecurrerit.
1543 3772 1669 3834 Non
1703 3777 1884 3854 potuit
1920 3783 2116 3836 tamen

472 3859 661 3920 latere
694 3879 707 3922 :
743 3879 861 3921 non
884 3863 1042 3922 enim
1075 3862 1207 3923 ﬁeri
1230 3870 1475 3942 poterat,
1508 3879 1569 3924 ut
1603 3882 1636 3925 a
1667 3864 1905 3925 nemine
1930 3882 2113 3943 agno-

476 3958 767 4012 sceretur.
800 3949 1011 4010 Mulier
1038 3950 1219 4030 igitur
1239 3969 1370 4030 quae
1398 3951 1667 4013 audierat
1695 3952 1769 4014 de
1798 3971 1891 4033 eo,
1926 3961 2119 4015 osten-

476 4035 564 4099 dit
590 4037 841 4098 alacrem
871 4037 1048 4098 ﬁdem
1080 4049 1335 4115 suam,et
1353 4048 1664 4121 propterea
1693 4040 1979 4103 Dominus
1996 4060 2116 4104 non

474 4125 668 4185 statim
695 4126 955 4199 exaudit,
992 4127 1095 4188 sed
1130 4138 1396 4189 moratur
1440 4138 1498 4190 et
1532 4129 1732 4192 diﬂ‘ert
1777 4133 2021 4205 donum,
2056 4139 2119 4192 ut

476 4213 751 4275 ostendat
795 4213 1061 4276 mulieris
1119 4215 1367 4278 solidam
1430 4216 1630 4290 ﬁdem,
1664 4237 1793 4298 quae
1853 4218 2122 4300 quamvis

475 4301 872 4384 ablegaretur,
906 4306 1317 4384 perseveravit,
1346 4313 1412 4367 ut
1446 4316 1507 4367 et
1535 4326 1643 4368 nos
1673 4308 1973 4369 discamus
2004 4326 2124 4370 non

477 4393 669 4453 statim
691 4392 926 4454 resilire
957 4412 1089 4454 cum
1124 4412 1458 4474 precamur,
1491 4395 1541 4457 si
1573 4414 1689 4459 non
1720 4397 1915 4459 statim
1951 4404 2116 4458 voto-

475 4498 606 4542 rum
639 4479 925 4542 fuerimus
955 4487 1285 4561 compotes,
1317 4483 1421 4544 sed
1456 4502 1902 4561 perseveremus
1930 4484 2123 4547 donec

475 4568 860 4649 accipiamus.
894 4571 1189 4632 Praeterea
1218 4589 1395 4632 canes
1427 4573 1691 4633 nominat
1719 4573 2118 4651 gentiles,tan-

2203 4576 2303 4643 τὴν
2355 4576 2453 4642 τῆς
2511 4576 2756 4654 γυναικὸς
2824 4577 3074 4653 ὶπίμονον
3130 4576 3304 4633 πίστιν

2193 3442 2303 3476 νιον
2363 3417 2696 3499 ἓξεληλυθὺς,
2754 3424 2842 3477 καὶ
2894 3421 2992 3487 τὴν
3052 3420 3311 3501 θυγατέρα
3366 3420 3705 3498 βεϐλημένην
3763 3422 3846 3484 ἰπὶ

2197 3514 2293 3575 τῆς
2350 3507 2556 3576 κλίνης.
2599 3530 2622 3565 ε
2659 3511 2797 3566 Μεθὸ
2827 3512 2943 3587 περὶ
2970 3515 3075 3565 τῶν
3123 3510 3422 3589 βρωμάτων
3479 3512 3638 3567 εἶπεν
3680 3512 3842 3589 6K6-

2199 3621 2336 3677 ριος,
2395 3599 2483 3654 καὶ
2533 3596 2674 3655 εἶδεν
2719 3598 3060 3662 ἀπειθοῦντας
3112 3600 3232 3663 τοὺς
3304 3597 3605 3672 Ἰουδαίους,
3680 3620 3841 3675 μετα-

2200 3684 2363 3743 ϐαίνει
2433 3687 2518 3743 ἰπὶ
2585 3688 2649 3743 τὰ
2720 3692 2822 3743 τῶν
2898 3690 3114 3745 εθνικῶν
3190 3686 3334 3766 ὅρια,
3409 3688 3840 3756 ’Λπιστησαδτων

2198 3776 2297 3854 γὰρ
2352 3781 2457 3831 τῶν
2520 3774 2804 3857 Ἰουδαίων,
2861 3778 2896 3844 ἡ
2950 3777 3182 3856 σωτηρία
3239 3778 3360 3842 τοῖς
3418 3776 3614 3834 ἔθνεσιν
3657 3774 3841 3851 ἔμελλε

2199 3864 2462 3938 γενέσθαι,
2550 3866 2714 3930 Αὑτος
2816 3866 2993 3942 μέντοι
3070 3866 3483 3947 προηγουμένως
3571 3863 3839 3936 σπουδάζει

2200 3951 2405 4027 λαθεῖν,
2459 3951 2552 4010 ἵνα
2604 3958 2681 4030 μὴ
2725 3953 2928 4035 ἔχωσιν
2988 3955 3200 4034 ὕστερον
3259 3957 3518 4013 αἰτιᾶσθαι
3578 3955 3734 4011 αὑτὸν
3797 3956 3845 4009 οἱ

2196 4040 2476 4116 Ἰουδαῖοι,
2532 4044 2604 4107 ὥς
2665 4045 2738 4106 εἰς
2799 4045 2865 4100 τὰ
2924 4045 3191 4124 ἀκάθαρτα
3246 4044 3368 4113 ἔθνη
3425 4042 3837 4124 προσδραμόντα·

2202 4135 2275 4189 υὺ
2328 4129 2510 4207 μέντοι
2549 4129 2783 4202 ἠδυνήθη
2833 4130 3014 4189 λαθεῖν
3049 4149 3063 4164 ⁸
3124 4133 3183 4191 οὗ
3230 4136 3329 4213 γὰρ
3382 4132 3657 4213 ἐνεδέχετο
3700 4133 3844 4193 αὑτὸν

2204 4219 2412 4299 λαθεῖν,
2459 4222 2547 4275 καὶ
2591 4220 2669 4296 μὴ
2714 4222 2855 4299 παρά
2905 4243 3047 4286 τινος
3105 4212 3402 4300 γνωσθῆναι
3654 4212 3717 4278 Ἠ
3760 4221 3841 4277 οὖν

2208 4309 2343 4387 γυνὴ
2402 4309 2672 4364 ακούσασα
2720 4307 2845 4387 (62)
2903 4311 3021 4389 περὶ
3068 4314 3249 4388 αὑτοῦ,
3292 4309 3636 4370 ἐπιδείκνυται
3679 4311 3842 4365 πίστιν

2202 4397 2423 4476 θερμήν.
2486 4398 2584 4453 Διὰ
2633 4399 2789 4455 τοῦτο
2845 4398 2933 4455 οὖν
2983 4400 3069 4455 καὶ
3140 4401 3167 4454 ὁ
3228 4400 3413 4478 Κύριος
3475 4401 3570 4456 οὑκ
3661 4396 3838 4461 εὑθὲως

2203 4486 2479 4561 ὑπακούει,
2539 4482 2660 4542 ἀλλ’
2717 4486 3067 4544 ἂνακάλλεται
3138 4488 3237 4555 τὴν
3295 4486 3516 4567 δωρεὰν,
3562 4487 3655 4544 ἵνα
3713 4483 3840 4559 δείξῃ

3313 4624 3328 4657 ,
3385 4580 3475 4633 καὶ
3531 4575 3610 4632 ὅτι
3681 4576 3839 4630 καίτοι

476 4674 650 4738 quam
674 4663 885 4719 exo'sos
923 4657 1140 4720 Judaeis
1170 4658 1424 4722 habitos.
1451 4661 1670 4722 Panem
1705 4670 1901 4723 autem
1936 4663 2118 4723 bene-

2204 4662 2659 4739 ἆποπεμπομένη,
2741 4678 3141 4744 προσκαρτερεῖ,
3215 4666 3309 4721 ἵνα
3379 4667 3467 4721 καὶ
3520 4667 3683 4741 ἡμεῖς
3741 4662 3842 4737 μά-

477 4744 703 4819 ῐὶείιιῐῐι,
734 4744 890 4825 quod
924 4746 1144 4824 pueris,
1197 4747 1313 4809 hoc
1345 4756 1435 4809 est
1463 4748 1749 4824 Hebraeis,
1784 4754 2123 4829 segregarat

475 4837 656 4899 Deus.
700 4834 998 4896 Beneﬁcia
1042 4843 1237 4896 autem
1290 4835 1556 4898 Hebraeis
1614 4837 1945 4916 impartitus
2008 4846 2119 4904 est.

476 4923 631 4988 Dicit
658 4922 835 5002 igitur
855 4921 1142 4986 Dominus
1178 4946 1190 4985 :
1229 4923 1358 4986 Non
1389 4935 1620 5004 oportet
1643 4927 1894 5005 gentiles
1937 4928 2125 5008 parti-

474 5013 640 5093 cipos
662 5029 793 5073 esse
814 5010 1636 5094 beneﬁciorum,qua.ludaeis
1655 5015 1949 5078 destinata
1963 5025 2123 5082 sunt.

2205 4757 2384 4829 θωμεν
2443 4753 2521 4829 μὴ
2579 4751 2859 4826 ὰποπηδᾷν
2904 4755 3047 4818 εὐθὺς
3104 4754 3228 4811 ὅταν
3281 4752 3556 4827 εὑξάμενοι
3589 4752 3667 4828 μὴ
3711 4751 3845 4807 αὖτί-

2207 4864 2275 4900 κα
2336 4843 2712 4923 τυγχάνωμεν,
2797 4842 2933 4900 ἀλλὰ
3019 4851 3492 4923 προηαρτερῶμεν
3576 4841 3732 4922 ἄχρις
3798 4839 3851 4895 ἂν

2207 4930 2479 5007 λάϐωμεν,
2548 4933 2772 5010 Κυνάρια
2860 4931 2911 4989 δὶ
2990 4933 3234 5009 ὀνομάζει
3308 4933 3428 4996 τοὺς
3487 4931 3741 5009 ἰθνικοὺς,
3787 4930 3851 4989 ὡς

2210 5021 2430 5099 μιαροὺς
2500 5018 2779 5083 δοκοῦντας
2853 5034 2970 5084 τοῖς
3037 5020 3303 5085 Ἰουδαίοις
3342 5036 3356 5051 ⁸
3404 5020 3560 5098 ἄρτον
3616 5016 3695 5092 δὶ,
3768 5016 3848 5082 τὴν

1554 5148 1635 5210 Ex
1668 5150 1987 5213 collatione
2018 5149 2196 5212 codd.
2220 5147 2440 5212 Venet.
2472 5149 2536 5214 S.
2568 5149 2777 5216 Marci.

559 5279 707 5379 (622‘
728 5279 871 5379 Οράὲ
1026 5299 1039 5337 :
1074 5279 1211 5379 Pl.)ij
1242 5278 1567 5379 8‘:"E}0tn1i\c
1591 5281 1686 5377 pf»
1712 5282 1810 5376 τῂν
1834 5285 2135 5379 θρησκείαν,

473 5358 616 5438 Σύρα
661 5358 713 5416 δὲ
745 5366 813 5437 τῇ
843 5358 1123 5440 διαλέκτῳ,
1158 5361 1466 5415 Φοινίκισσα
1498 5358 1551 5415 δὲ
1580 5367 1654 5432 τῷ
1698 5358 1874 5441 γένει,⁷
1897 5361 2017 5429 ἤτοι
2058 5358 2134 5437 τῷ

1162 5440 1206 5494 oi
1284 5446 1575 5495 Χαναναῖοι
1632 5439 1899 5517 ἆλέγοντο,
1948 5442 2032 5500 διὰ
2073 5444 2118 5498 τί

2216 5440 2396 5523 polim
2427 5440 2718 5523 haberent
2774 5444 3140 5509 Pbmnlcem.
3193 5443 3330 5508 Haec
3377 5439 3557 5523 igitur
3585 5458 3719 5505 cum
3748 5456 3844 5501 au-

473 5440 607 5497 ἲθνει
668 5439 931 5519 (Φοίνικες
990 5440 1058 5516 γὰ

2265 5281 2701 5367 erstitionezsed
2731 5283 3011 5367 idiomate
3041 5287 3279 5367 διεδ,εο
3307 5301 3527 5364 genere
3563 5278 3799 5367 Pbmnix
3828 5260 3842 5303 ³

2261 5361 2528 5424 ίιωιιίεεε
2551 5362 2713 5424 enim
2746 5364 3062 5427 Chenanaei
3084 5360 3621 5440 dicebantur,quod
3647 5367 3845 5422 metro-

474 5518 807 5596 μητρόπολιν
839 5519 988 5599 ἔχειν
1018 5518 1115 5585 τὴν
1173 5519 1476 5598 Φοινίκην),
1532 5518 1663 5585 αὕτη
1708 5520 1974 5578 ἀκούσασα
2017 5525 2118 5601 περ

2215 5518 2423 5585 diisset
2450 5521 2527 5583 de
2556 5540 2653 5599 eo,
2692 5545 2716 5581 ε
2748 5532 2863 5587 etc.

475 5603 654 5672 αὑτοῦ,
690 5622 746 5659 κ.
775 5621 824 5660 τ.
859 5596 911 5656 λζ
954 5620 978 5651 ε
1013 5596 1224 5659 Mulier
1264 5596 1490 5672 autem,
1524 5596 1727 5660 Graeca
1753 5600 1991 5680 quidem
2025 5596 2131 5663 su-

548 5755 639 5845 (ᾳ)
672 5757 738 5820 In
768 5756 923 5845 ﬁdit.
956 5757 1318 5845 Lut._dees_t,_
1347 5758 1746 5845 Συροφοίνισσα,
1779 5758 1871 5821 vel
1906 5763 2118 5839 Συροφοί

2203 5782 2331 5819 non
2360 5768 2427 5824 ut
2453 5764 2610 5845 apud
2640 5766 2691 5829 J.
2728 5764 2974 5831 Millium
3005 5765 3067 5830 in
3098 5725 3573 5831 NovoTestam.
3650 5760 3846 5826 Cvr-co

470 5836 545 5899 ad
564 5834 738 5901 hunc
767 5836 965 5903 locum
999 5857 1069 5903 ει
1099 5840 1228 5918 ipso
1251 5834 1715 5916 Theophylacto.
