4106 6280
255 340 409 408 565
1018 348 1458 414 ENARRATIO
1503 351 1586 414 IN
1632 347 2138 415 EVANGELIUM
2187 351 2446 413 MARCI.
2497 386 2573 395 —
2602 354 2765 415 CAP.
2805 357 2935 418 VII.
3545 356 3665 420 866

220 476 584 556 ὠιργεσίαν,
631 481 698 549 ἧν
747 493 868 544 τοϊς
928 480 1178 557 παιδίοις,
1262 481 1380 551 ἦτοι
1438 497 1556 550 τοῖς
1626 483 1912 565 Ἑϐραίοις,

2025 483 2148 556 Quia
2178 502 2314 547 vero
2348 487 2672 567 prudenter
2697 490 3004 570 respondit
3039 493 3252 553 mulier
3281 501 3337 553 et
3373 494 3659 570 ﬁdeliter,

237 566 534 665 ᾇφώρισεν
579 572 606 626 ὃ
639 570 768 634 θεός
803 590 819 606 ο
852 571 948 637 τὰς
992 572 1091 650 γὰρ
1142 571 1437 665 εὐεργεσίας
1480 586 1597 637 τοῖς
1658 571 1921 654 ’ῑϐραίοις

2025 574 2286 636 lesiderii
2333 566 2485 639 facta
2539 587 2627 641 est
2672 566 2936 661 com-pos.
2981 581 3172 644 Judzei
3224 583 3403 645 enim.
3445 566 3658 665 inquit,

239 655 582 720 ἀπέστειλε,
619 660 786 727 Φησὶν
819 663 906 718 οὖν
937 664 965 718 ὁ
999 661 1212 740 Κύριος,
1245 659 1350 742 ὅτι,
1384 665 1456 721 Οὒ
1484 661 1567 720 δεῖ
1617 663 1739 728 τοὺς
1781 667 1922 720 tam—

2025 681 2221 752 ianem
2251 665 2615 748 habent,hoc
2638 676 2726 730 est
2748 655 3145 752 te'totum,qui
3170 691 3201 733 e
3227 673 3391 733 ccelis
3419 655 3664 734 descen;

241 746 394 810 θεοὺς
455 763 754 828 μετασχεῖν
831 755 930 817 τῆς
1001 749 1302 828 εύεργεσίας
1373 751 1410 818 ἢ
1464 764 1582 817 τοῖς
1651 750 1924 815 Ἰουδαίοις

2025 751 2164 827 iisti,
2193 763 2250 814 et
2285 746 2689 818 beneﬁciatua
2721 775 2733 819 :
2774 765 2832 818 at
2862 776 2968 838 ego
3003 746 3186 821 micas
3223 769 3386 841 peto,
3432 762 3543 822 hoc
3575 770 3666 823 est

243 835 566 915 ἀφώρισται
601 852 616 867 ’
679 838 792 895 ἰπεὶ
853 838 904 895 δέ
978 845 1203 903 συνετῶς
1288 838 1542 919 ἀπεκρίθη
1586 843 1620 910 ἡ
1663 843 1796 921 γυνῆ
1841 839 1927 897 καὶ

2025 842 2370 904 ueneﬁcium
2448 847 2802 924 particulare
2881 835 3030 908 Vide
3083 835 3281 910 autem
3343 835 3663 912 Dominum

245 931 502 994 πιστῶς,
576 925 735 1007 ἶτυχε
789 929 889 996 τῆς
947 926 1248 1003 ὶπιθυμίας,
1322 932 1382 987 οἱ
1461 931 1560 1004 μὲν
1631 931 1732 1010 γὰρ
1789 928 1927 988 Ἰου-

2025 932 2310 1010 quomodo
2342 952 2460 994 non
2483 934 2702 998 dixerit
2735 956 2748 994 :
2781 936 2981 996 Virtus
3008 955 3138 997 mea
3168 938 3408 999 salvavit
3439 946 3493 1000 te
3524 939 3662 1002 :sed

245 1011 440 1094 δαῒοι,
491 1017 642 1094 φησὶ,
701 1017 790 1074 τὸν
836 1017 991 1096 ἄρτον
1034 1016 1243 1097 ¹έχουσι,
1292 1017 1554 1093 τουτέστι,
1603 1019 1661 1076 σέ
1704 1019 1933 1098 ὀλόκρη-

2025 1018 2158 1098 quid
2217 1021 2410 1085 dicit?
2465 1025 2714 1103 Propter
2769 1042 3108 1086 sermonem
3172 1027 3352 1106 hunc,
3387 1027 3500 1087 hoc.
3549 1037 3661 1104 est,

245 1124 384 1180 ρον,
447 1106 538 1160 τὸν
598 1103 652 1170 ἐξ
701 1105 922 1185 ούρανοῦ
978 1104 1304 1181 καταϐάντα,
1350 1108 1436 1162 καὶ
1493 1109 1586 1170 τὰς
1632 1109 1728 1173 σὰς
1781 1112 1930 1187 εὔερ-

2025 1119 2262 1190 propter
2292 1111 2468 1173 ﬁdem
2492 1121 2681 1189 tuam,
2704 1112 2849 1174 vade
2887 1135 2899 1175 :
2927 1113 3212 1174 mundata
3242 1103 3399 1175 enim
3436 1124 3526 1176 est
3547 1103 3667 1178 ﬁlia

247 1193 459 1268 γεσῖας
496 1210 511 1227 ⁶
543 1193 651 1278 εγὼ
692 1192 746 1250 δέ
803 1196 967 1275 ψιχία
1008 1196 1161 1268 αἰτῶ,
1207 1194 1466 1275 τουτέστι,
1517 1199 1740 1278 μερικὴν
1783 1201 1934 1275 εὔερ-

2025 1203 2144 1258 tua.
2181 1197 2355 1260 Disce
2386 1200 2561 1276 igitur
2582 1209 2638 1262 et
2669 1209 2729 1263 tu
2760 1203 2873 1262 hoc
2905 1204 3034 1264 loco
3067 1203 3274 1265 utilem
3309 1204 3661 1267 doctrinam.

253 1282 485 1373 γεσίαν.
547 1273 699 1362 ’⁸ορα
730 1282 784 1339 δὶ
813 1273 907 1340 καί
946 1285 1035 1340 τὸν
1083 1285 1293 1364 Κύριον,
1338 1273 1461 1349 πῶς
1486 1273 1598 1342 οὒκ.
1626 1286 1781 1344 εἶπεν
1825 1273 1926 1341 ὅτι,

2025 1285 2254 1347 Etenim
2293 1273 2698 1370 unusquisque
2730 1297 2998 1351 nostrum
3020 1292 3158 1351 208
3179 1292 3413 1372 quando
3436 1303 3660 1373 peccat,

249 1361 326 1425 ’Π
385 1369 598 1447 δύναμίς
638 1361 749 1449 μου
775 1371 943 1431 ἴσωσέ
975 1394 1056 1432 σε.
1091 1361 1258 1430 Ἀλλὰ
1279 1361 1336 1429 ⁷τί
1365 1397 1494 1453 φησι
1529 1396 1546 1452 ;
1583 1378 1680 1435 Διὰ
1710 1379 1800 1433 τὸν
1832 1375 1923 1432 λό-

2025 1374 2231 1434 mulier
2260 1361 2485 1463 est,l1_oc
2509 1361 2854 1439 est-inﬁrma
2875 1361 3412 1463 anima;PhiBnissa
3436 1361 3660 1463 autem,

247 1483 364 1537 γον
426 1468 635 1538 τοῦτον,
687 1460 947 1538 τουτέστι,
1009 1461 1093 1518 διὰ
1162 1462 1260 1528 τὴν
1320 1462 1492 1520 πίστιν
1545 1486 1665 1542 σου,
1723 1465 1919 1542 ὕπαγε,

2025 1470 2284 1534 anquam
2336 1457 2578 1518 rubrum
2633 1467 2689 1518 et
2720 1460 3165 1537 sanguinarium
3225 1481 3292 1522 ac
3351 1457 3663 1524 cruentum

256 1549 595 1628 Ξκαθαρίσθη
654 1551 752 1629 γάρ
817 1551 852 1617 ⁵η
920 1551 1152 1629 θυγάτηρ
1211 1573 1326 1614 σου,
1392 1553 1630 1610 Μάνθανε
1709 1554 1799 1612 οὖν
1852 1548 1937 1608 καὶ

2025 1553 2326 1621 peccatum
2360 1545 2820 1608 habensFiliam
2855 1556 3048 1609 autem
3074 1548 3252 1609 habet
3283 1549 3414 1610 talis
3440 1551 3661 1631 anima,

253 1639 330 1694 σὺ
425 1637 656 1698 έντεῦθεν
715 1638 984 1718 δπωφελὶς
1055 1639 1299 1716 μάθημα.
1391 1641 1488 1699 Καὶ
1551 1643 1650 1721 γὰρ
1719 1642 1937 1706 ἕκαστος

2025 1633 2240 1692 malum
2274 1651 2448 1711 Opus,
2482 1637 2637 1714 quod
2698 1634 2872 1696 habet
2900 1635 3278 1697 daemonium.
3322 1638 3468 1700 Mala
3502 1639 3661 1700 enim

253 1729 434 1802 ἡμῶν
493 1726 618 1784 ὅταν
669 1728 970 1807 ἁμαρτάνῃ,
1040 1730 1173 1806 γυνή
1229 1729 1364 1803 εστι,
1418 1729 1707 1810 τουτέστιν,
1776 1731 1934 1786 ἀσθε-

2025 1740 2222 1800 opera,
2274 1722 2608 1784 daemonum
2661 1732 2797 1785 sunt
2830 1743 2842 1787 :
2875 1734 3219 1804 peccatores
3275 1729 3471 1806 itaque
3529 1747 3662 1788 cum

254 1817 376 1884 νὰς
421 1818 575 1896 ψυχή
613 1836 626 1851 ·
659 1817 971 1874 Φοινίκισσα
1017 1815 1096 1898 δί,
1141 1819 1214 1880 ὣς
1256 1818 1357 1885 τὴν
1399 1821 1646 1898 φοινικὴν
1678 1809 1936 1898 ἆμαρ-τίαν

2025 1809 2228 1891 simus,
2261 1831 2439 1872 canes
2472 1812 2868 1887 nominamur,
2904 1814 3276 1874 immunditia
3298 1815 3481 1894 pleni,
3521 1835 3662 1896 pro-

259 1908 367 1962 καὶ
430 1904 706 1982 αἱματώδη
763 1907 852 1963 καὶ
909 1906 1213 1986 φονεύτριαν
1270 1906 1490 1987 ἔχουσα,
1557 1909 1825 1987 Θυγατέρα
1885 1907 1937 1961 δὲ

2025 1908 2112 1961 ter
2143 1900 2296 1978 quod
2327 1909 2384 1961 et
2415 1901 2640 1980 indigni
2693 1920 2896 1963 sumus
2927 1904 3028 1983 qui
3058 1903 3418 1984 accipiamus
3452 1924 3662 1984 panem

259 1993 398 2074 ἶχει
457 1997 490 2062 ἡ
551 1995 768 2062 τοιαύτη
826 1999 1008 2076 ψυχὴ,
1065 1996 1166 2063 τὴν
1239 1997 1474 2075 πονηρὰν
1533 1996 1744 2076 πρᾶξιν,
1818 1996 1936 2062 ἥτις

2025 1989 2149 2064 Dei,
2177 1989 2286 2050 hoc
2313 1998 2422 2070 est,
2460 1992 2976 2052 communicemus
3007 1993 3406 2054 immaculatis
3435 2003 3663 2073 myste-

258 2081 396 2162 ἕχει
455 2082 750 2160 δαιμόνιον,
819 2085 880 2140 Al
932 2085 1054 2163 γὰρ¹
1088 2086 1315 2163 πονηραὶ
1376 2085 1612 2164 πράξεις,
1675 2084 1937 2161 δαιμόνων

2025 2078 2146 2140 riis.
2184 2078 2306 2152 Qod
2342 2080 2391 2141 si
2425 2099 2529 2159 per
2552 2080 2952 2142 humilitatem
2991 2083 3388 2163 nosmetipsos
3417 2103 3665 2161 agnove-

255 2173 403 2228 εἰσίν
431 2189 446 2203 ⁸
504 2171 810 2252 ἁμαρτωλοὶ
867 2175 957 2228 οὖν
1013 2171 1186 2245 ὄντες,
1247 2174 1333 2229 καὶ
1405 2174 1624 2250 κυνάρια
1678 2175 1932 2250 ὀνομαζό-

260 2265 436 2336 μεθα,
511 2261 826 2340 ἀκαθαρσίας
904 2261 1134 2340 γέμοντα
1169 2282 1180 2295 ⁸
1271 2260 1355 2320 διὰ
1436 2272 1588 2322 τοῦτο
1644 2261 1761 2319 οὖδὲ
1806 2262 1936 2328 ἄξιοί

259 2352 439 2426 ὶσμεν
491 2348 677 2407 λαίετν
727 2353 817 2406 τὸν
877 2349 1032 2429 ἄρτον
1101 2358 1193 2408 τοῦ
1250 2358 1401 2430 Θεοῦ,
1461 2350 1579 2419 ἦτοι
1612 2349 1935 2427 μεταλαϐεῖν

2015 2168 2288 2246 rimus,et
2309 2168 2567 2229 confessi
2597 2168 2884 2230 fuerimus
2920 2188 3026 2231 nos
3056 2188 3187 2231 esse
3219 2189 3665 2243 canes,enarra-

2022 2255 2392 2336 verimusque
2451 2265 2696 2336 peccata
2755 2267 2975 2334 nostra,
3003 2267 3140 2319 tunc
3198 2261 3502 2321 sanabitur
3545 2261 3665 2322 ﬁlia

2020 2353 2238 2420 nostra,
2273 2346 2386 2406 hoc
2419 2354 2528 2420 est,
2556 2363 2704 2425 opus
2727 2346 3109 2407 diabolicum.

273 2443 390 2497 τῶν
463 2439 744 2519 ἀχράντων
795 2441 1121 2519 μυστηρίων
1181 2439 1271 2496 ἐὰν
1357 2439 1537 2517 μέντοι
1598 2440 1895 2518 ἐπιγνῶμεν
1955 2438 2168 2499 ἑαυτοὺς
2228 2433 2311 2493 διὰ
2381 2436 2474 2502 τῆς
2530 2438 3034 2516 ταπεινοφροσύνης,
3095 2439 3181 2492 καὶ
3264 2437 3343 2494 ὅτι
3447 2441 3663 2520 κυνάριά

277 2529 450 2606 ἰσμεν
525 2528 967 2606 ὁμολογήσωμεν,
1040 2530 1130 2586 καὶ
1179 2527 1602 2609 ἔξαγορεύσωμεν
1658 2531 1751 2594 τὰς
1805 2528 2060 2608 ἁμαρτίας
2118 2527 2296 2598 ἡμῶν,
2377 2527 2495 2580 τότε
2553 2527 2819 2594 ἰαθήσεται
2876 2528 2908 2593 ἡ
2980 2525 3234 2605 θυγάτηρ,
3295 2528 3552 2600 τουτέστι,
3627 2532 3663 2596 ³η

262 2617 431 2699 πρᾶξι
444 2640 468 2685 ς
517 2621 551 2686 ἡ
582 2617 934 2693 δαιμονιώδης
945 2662 956 2676 .

361 2732 391 2763 ι
431 2710 526 2766 Καὶ
605 2707 768 2764 πάλιν
831 2706 1054 2773 ἱξελθὼν
1130 2707 1190 2764 έκ
1240 2713 1346 2764 τῶν
1402 2710 1553 2786 ὁρίων
1610 2709 1774 2786 Τύρου
1842 2719 1928 2772 καὶ

269 2798 533 2871 Σιδῶνος,
595 2799 722 2863 ἦλθε
770 2798 902 2875 πρὸς
958 2798 1057 2865 τὴν
1139 2795 1401 2854 θάλασσαν
1460 2802 1559 2864 τῆς
1620 2797 1926 2874 Γαλιλαίας,

259 2890 370 2946 ἀνα
431 2887 593 2962 μέσον
671 2887 776 2943 τῶν
852 2889 1006 2964 ὁρίων
1097 2886 1472 2966 Δεκαπόλεως,
1543 2887 1632 2943 καὶ
1687 2887 1929 2966 φέρουσιν

261 2976 418 3048 αὗτῷ
475 2976 652 3051 κσοιφὸν
733 2973 1049 3051 μογιλάλον,
1137 2975 1226 3032 καὶ
1305 2973 1702 3054 παρακαλοῦσιν
1774 2975 1932 3036 αὒτσῖν

266 3065 372 3120 ἵνα
421 3063 574 3140 ἰπιθῇ
616 3064 758 3136 αύτῷ
808 3064 906 3130 τὴν
951 3076 1138 3144 χεῖρα,
1198 3066 1284 3120 καὶ
1338 3062 1736 3139 ἀπολαϐόμενος
1782 3065 1934 3120 αὖτὸν

279 3155 393 3209 ἀπὸ
439 3161 531 3208 τοῦ
587 3151 756 3232 ὄχλου
811 3150 930 3209 κατ’
1005 3152 1160 3228 ἰδίαν,
1247 3151 1403 3209 ἔϐαλε
1461 3154 1580 3216 τοὺς
1650 3151 1932 3215 δακτύλους

283 3244 448 3299 αὐτού
501 3244 574 3305 εἰς
630 3242 694 3298 τὰ
749 3242 860 3298 ῶτα
923 3247 1080 3301 αὒτοῦ
1113 3259 1126 3272 ·
1189 3244 1276 3298 καὶ
1331 3242 1531 3305 πτύσας
1601 3241 1778 3318 ἥψατο
1835 3247 1933 3307 τῆς

278 3331 531 3409 γλώττης
602 3335 781 3406 αύτοὸ,
865 3334 954 3387 καὶ
1016 3329 1320 3406 ἀναϐλέψας
1409 3332 1482 3395 εἰς
1544 3333 1635 3387 τὸν
1721 3331 1938 3399 οὗρανὸν

280 3417 548 3489 έστέναξε,
597 3420 687 3474 καὶ
739 3418 884 3497 λέγει
934 3421 1096 3494 αύτῷ,
1145 3419 1384 3500 Ἐφφαθά
1415 3435 1428 3450 ·
1477 3417 1506 3474 ὅ
1551 3419 1686 3494 έστι,
1725 3420 1936 3475 Διανοί-

276 3511 448 3587 χθητι
482 3524 496 3537 ⁹
531 3509 618 3563 καὶ
675 3508 862 3570 εὐθέως
918 3506 1300 3588 διηνοίχθησαν
1357 3508 1516 3565 αὒτοῦ
1549 3511 1601 3564 αἰ
1645 3509 1820 3578 ἀκοαὶ,
1855 3509 1941 3564 καὶ

277 3596 442 3663 ἐλύθη
502 3599 530 3652 ὁ
601 3595 792 3671 δεσμὸς
871 3602 969 3663 τῆς
1045 3597 1289 3676 γλώττης
1360 3598 1537 3671 αὐτοῦ,
1615 3598 1702 3653 καὶ
1764 3595 1941 3656 ἐλάλει

278 3687 470 3763 ὀρθ-ὗς,
525 3687 613 3742 καὶ
665 3684 985 3743 διεστείλατο
1054 3691 1239 3749 αύτοτς
1293 3686 1386 3742 ἵνα
1444 3684 1630 3762 μηδενὶ
1686 3685 1938 3745 εἴπωσιν.

277 3765 460 3832 ’Ὅσον
494 3771 547 3830 δὲ
579 3776 734 3838 αὒτὸς
778 3777 964 3838 αύτοϊς
1022 3774 1373 3855 διεστέλλετο,
1440 3774 1642 3850 μᾶλλον
1683 3774 1938 3852 περισσό-

275 3885 434 3942 τερον
516 3862 822 3942 ὶκήρυττον,
900 3866 986 3920 καὶ
1053 3866 1446 3944 ὑπερπερισσῶς
1523 3863 1933 3940 έξεπΛήσσοντο,

273 3952 528 4030 λέγοντες
560 3969 574 3984 ⁶
636 3954 823 4018 Καλῶς
884 3956 1056 4012 πάντα
1111 3955 1398 4029 πεποίηκε,
1458 3955 1697 4015 καὶτοὺς
1726 3955 1934 4032 κωφοὺς

281 4055 433 4098 ποιεῖ
462 4041 700 4117 ἀκούειν,
729 4045 817 4100 καὶ
859 4045 980 4108 τοὺς
1023 4043 1253 4108 ἀλάλους
1287 4043 1498 4106 λαλεῖν.
1537 4066 1560 4100 ε
1599 4045 1706 4102 Οὐκ
1735 4039 1938 4121 έμϐρα-

279 4131 422 4187 δύνει
481 4145 599 4196 τοῖς
656 4138 761 4190 τῶν
822 4132 1037 4190 ἐθνικῶν
1088 4133 1298 4209 τόποις,
1369 4132 1504 4188 ἀλλὰ
1561 4133 1774 4211 ταχέως
1821 4135 1942 4205 μεθο

2097 2705 2248 2764 Vnns
2311 2702 2515 2766 31-37.
2558 2723 2580 2757 α
2617 2702 2687 2762 Et
2727 2721 2962 2763 rursum
3024 2721 3294 2781 egressus
3325 2703 3400 2766 de
3447 2706 3664 2768 ﬁnibus

2015 2791 2150 2870 Tyri
2182 2810 2250 2852 ac
2282 2790 2710 2870 Sidonis,venit
2739 2791 2809 2851 ad
2838 2810 3000 2852 mare
3024 2791 3276 2855 Galilzeze
3307 2812 3412 2872 per
3436 2795 3664 2857 medios

2016 2884 2164 2941 ﬁnes
2198 2880 2601 2960 Decapolis,et
2629 2879 2928 2940 adducunt
2959 2881 3011 2940 ei
3042 2881 3287 2941 surdum
3320 2883 3517 2961 lingua
3539 2886 3664 2946 hae-

2018 2973 2314 3042 sitantem,
2346 2975 2404 3028 et
2426 2968 2821 3048 deprecantur
2852 2987 2983 3029 eum
3019 2977 3080 3028 ut
3113 2969 3375 3047 imponat
3425 2972 3508 3032 illi
3536 2992 3664 3034 ma—

2020 3076 2186 3131 num,
2223 3063 2279 3116 et
2308 3074 2439 3116 cum
2470 3055 2956 3136 apprehendisset
2991 3076 3126 3117 eum
3175 3057 3248 3117 de
3299 3058 3468 3118 turba
3493 3077 3664 3120 seor-

2018 3164 2171 3221 sum,
2211 3143 2366 3204 misit
2397 3143 2607 3222 digitos
2630 3162 2766 3203 suos
2800 3144 2858 3203 in
2885 3145 3178 3207 auriculas
3227 3148 3377 3226 ejus,
3405 3155 3460 3206 et
3491 3156 3666 3227 sputo

2019 3234 2465 3313 emisso,tetigit
2489 3232 2745 3310 linguam
2769 3234 2990 3311 ejus,ac
3016 3234 3423 3315 suscipiensin
3452 3236 3666 3296 coelum

2022 3322 2329 3401 ingemuit,
2365 3330 2423 3382 et
2454 3320 2534 3382 ait
2563 3321 2652 3380 illi
2688 3339 2699 3382 :
2739 3321 3071 3403 Ephpheta,
3106 3324 3259 3404 quod
3310 3331 3420 3396 est,
3457 3325 3666 3404 Aperi-

2021 3410 2186 3473 re.Et
2210 3410 2402 3470 statim
2439 3418 2658 3489 aperta;
2683 3419 2818 3471 sunt
2841 3429 3014 3472 aures
3046 3413 3263 3492 ejus,et
3295 3413 3551 3474 solutum
3577 3424 3669 3474 est

2024 3503 2316 3564 vinculum
2378 3503 2591 3581 lingua
2648 3503 2796 3582 ejus,
2853 3512 2910 3563 et
2968 3504 3323 3585 loquebatur
3367 3513 3575 3566 recte:
3611 3513 3670 3567 et

2029 3591 2305 3672 praecepit
2341 3591 2458 3652 illis
2489 3610 2562 3651 ne
2585 3593 2675 3652 cui
2708 3591 2998 3652 dicerent.
3036 3593 3148 3654 Sed
3179 3614 3292 3674 quo
3331 3598 3514 3672 magis
3565 3595 3669 3659 ille

2023 3682 2108 3743 eis
2141 3680 2540 3762 praecipiebat,
2575 3680 2687 3742 hoc
2720 3682 2978 3759 amplius
3007 3683 3431 3764 praedicabant,
3485 3693 3541 3746 et
3570 3704 3670 3746 su-

2023 3788 2126 3849 pra
2157 3771 2395 3830 modum
2454 3769 2768 3850 stupebant
2804 3770 3072 3833 dicentes
3107 3789 3120 3833 :
3157 3776 3316 3834 Bene
3346 3773 3546 3833 omnia
3574 3773 3666 3834 fe-

2020 3863 2185 3935 cit,et
2213 3859 2428 3920 surdos
2459 3858 2595 3920 facit
2625 3859 2830 3920 audire
2854 3868 2910 3921 et
2942 3871 3135 3923 mutos
3158 3861 3520 3941 loqui.nNon
3545 3881 3670 3923 mo-

2018 3958 2179 4010 ratur
2209 3949 2306 4008 diu
2338 3948 2396 4007 in
2431 3948 2735 4026 gentilium
2764 3949 2932 4025 locis,
2960 3950 3061 4010 sed
3084 3951 3274 4010 statim
3311 3951 3538 4025 transit,
3568 3969 3666 4031 ne,

2022 4039 2172 4098 sicut
2218 4036 2514 4116 dicebam,
2549 4037 2715 4097 daret
2757 4039 3128 4099 occasionem
3177 4038 3400 4101 Judaeis
3432 4040 3672 4103 dicendi

2025 4127 2181 4206 quod
2215 4125 2696 4206 praevaricaretur
2722 4127 3270 4206 legem,gentilibus
3295 4147 3358 4188 se
3384 4130 3663 4192 miscens.

287 4223 520 4294 ίσταται,
561 4220 676 4291 ἵνα,
722 4223 793 4283 ὡς
841 4221 993 4300 ἴγην,
1029 4223 1105 4298 μὴ
1138 4221 1282 4299 δώσῃ
1314 4235 1430 4284 τοῖς
1466 4219 1733 4284 Ἰουδαίοις
1765 4219 1937 4297 λέγειν

2025 4217 2328 4278 Secedens
2357 4214 2532 4293 igitur
2553 4233 2584 4273 a
2610 4215 2823 4275 ﬁnibus
2855 4215 2988 4294 Tyri
3015 4227 3071 4276 et
3100 4215 3359 4293 Sidonis,
3411 4219 3568 4279 vadit
3608 4220 3668 4278 in

285 4312 363 4374 ὡς
409 4324 735 4388 παρανομεῖ,
820 4312 1134 4389 μιγνύμενος
1191 4324 1308 4373 τοῖς
1352 4311 1603 4372 έθνικοϊς.
1666 4308 1940 4370 Μεταστὰς

287 4398 380 4455 οὖν
441 4404 543 4455 τῶν
589 4399 743 4477 ὁρίων
801 4400 963 4478 Τύρου
990 4401 1078 4456 καὶ
1110 4398 1360 4478 Σιδῶνος,
1391 4404 1459 4476 τῇ
1501 4396 1754 4470 Γαλιλαίᾳ
1784 4396 1941 4466 πρόσ-

285 4509 415 4544 εισι.
481 4489 580 4545 Καὶ
636 4487 691 4543 δὲ
755 4490 931 4558 κωφὸν
976 4488 1288 4567 μογιλάλον,
1340 4489 1443 4544 ἀπὸ
1496 4486 1740 4562 δαίμονος
1785 4484 1839 4539 δὲ
1883 4480 1945 4540 τὸ

284 4576 452 4640 πάθος
483 4576 576 4649 ἦν,
606 4579 772 4640 ἰᾶται,
813 4578 942 4635 Κατ’
984 4576 1113 4634 ἰδίαν
1166 4577 1260 4653 μὶν
1311 4579 1464 4635 αὐτὸν
1512 4574 1793 4632 ἀπολαϐών
1827 4593 1840 4608 ⁸
1889 4578 1945 4632 οὒ

287 4666 389 4743 γὰρ
430 4667 497 4730 ἦν
555 4665 886 4746 φιλόκομπος
945 4669 972 4722 ὃ
1031 4666 1359 4730 ταπεινώσας
1397 4667 1580 4722 ἑαυτὸν
1625 4664 1786 4743 μέχρι
1843 4669 1939 4730 ἰ-ἦς

285 4754 550 4832 ἡμετέρας
595 4756 894 4835 πτωχείας,
951 4753 1067 4812 οὔδε
1124 4754 1306 4822 ἤθελεν
1360 4756 1432 4819 ὠς
1463 4755 1547 4812 ἰπὶ
1578 4756 1638 4811 τὸ
1681 4753 1938 4810 πλεῖστον

297 4842 590 4920 ἔμπροσθεν
660 4843 873 4902 πολλῶν
952 4848 1393 4926 θαυματουργετν,
1456 4846 1500 4900 εἰ
1558 4843 1635 4919 μὴ
1701 4841 1800 4922 ἄρα
1857 4840 1939 4897 διὰ

294 4932 392 4998 τὴν
447 4937 552 4988 τῶν
612 4934 855 5012 ὁρώντων
906 4933 1165 5014 ὀφέλειαν
1213 4933 1385 5013 (63)·
1448 4933 1648 4996 πτύσας
1677 4929 1732 4987 δὲ
1763 4930 1938 5006 ἥψατο

293 5021 386 5087 τῆς
445 5019 691 5100 γλώττης
755 5022 935 5097 αὐτοῦ,
991 5022 1084 5079 ἵνα
1139 5021 1277 5100 δείξῃ
1336 5021 1416 5078 ὅτι
1460 5023 1630 5079 πάντα
1695 5021 1759 5076 τὰ
1804 5020 1937 5097 μέρη

291 5114 390 5174 τῆς
451 5111 599 5188 ἁγίας
657 5115 815 5170 αὐτοῦ
872 5114 1063 5190 σαρκὸς
1113 5115 1232 5168 θεῖα
1263 5111 1396 5179 ἦσαν
1425 5112 1514 5168 καὶ
1556 5111 1705 5189 ἅγια,
1763 5110 1939 5188 ὥσπερ

292 5199 378 5252 καὶ
426 5201 485 5254 τὸ
517 5200 730 5275 πτύσμα
763 5199 911 5257 ἔλυσε
963 5209 1050 5258 νῦν
1094 5203 1180 5256 καὶ
1224 5202 1288 5256 τὰ
1317 5205 1414 5267 τῆς
1447 5199 1690 5279 γλώττης
1721 5197 1887 5272 δεσμά
1920 5214 1934 5228 ⁸

2028 4304 2539 4368 ὓθιὶιωδιτιΡοι-ῐό
2560 4304 2807 4364 surdum
2842 4313 2898 4363 et
2930 4304 3228 4384 impeditae
3258 4305 3470 4380 linguae
3501 4305 3666 4366 illum

2029 4393 2365 4454 sanat.Erat
2393 4401 2589 4453 autem
2615 4391 2855 4452 morbus
2886 4392 2985 4453 ille
3011 4413 3042 4452 a
3063 4395 3484 4455 daemone.Jam
3511 4394 3668 4474 quod

2029 4482 2103 4544 de
2140 4481 2308 4542 turba
2339 4499 2603 4541 seorsum
2636 4482 3028 4561 apprehendit
3056 4481 3390 4562 illum,ideo
3422 4483 3663 4564 factum,

2029 4571 2181 4652 quod
2213 4591 2331 4631 non
2363 4581 2487 4632 erat
2520 4571 2872 4649 arrogantiae
2913 4579 3186 4641 sectator,
3245 4572 3338 4651 qui
3373 4591 3436 4632 se
3468 4573 3666 4634 humi-

2031 4661 2200 4722 liarat
2233 4679 2418 4741 usque
2447 4660 2518 4721 ad
2549 4668 2807 4721 nostram
2833 4661 3088 4740 inopiam
3119 4681 3130 4723 :
3169 4669 3225 4722 ct
3257 4671 3320 4722 ut
3351 4661 3668 4740 plurimum

2023 4750 2212 4811 noluit
2267 4767 2463 4811 coram
2525 4749 2727 4811 multis
2780 4749 3064 4809 miracula
3123 4750 3340 4830 facere,
3375 4750 3489 4810 nisi
3519 4751 3670 4812 forte

2027 4847 2267 4919 propter
2297 4838 2620 4899 videntium
2648 4837 2978 4899 utilitatem.
3012 4842 3152 4901 Cum
3182 4856 3320 4899 vero
3346 4840 3663 4919 expuisset,

2024 4927 2210 5007 tetigit
2236 4928 2495 5006 linguam
2529 4929 2710 5007 illius,
2745 4935 2810 4988 ut
2844 4928 3183 4988 ostenderet
3215 4946 3421 4987 omnes
3473 4933 3670 5008 partes

2026 5024 2253 5079 sancta;
2282 5017 2480 5078 carnis
2504 5036 2625 5078 suae
2645 5024 2877 5078 sanctas
2905 5034 2974 5077 ac
2998 5017 3221 5078 divinas
3255 5035 3411 5097 esse,
3432 5018 3576 5078 adeo
3608 5025 3673 5078 ut

2025 5120 2082 5174 et
2111 5119 2344 5190 sputum
2373 5129 2527 5170 nunc
2550 5109 2803 5170 solveret
2830 5108 3043 5188 linguae
3078 5109 3412 5170 vinculum:
3441 5109 3673 5170 tametsi

2024 5198 2400 5280 superfluitas
2423 5198 2497 5258 sit
2513 5217 2691 5259 omne
2709 5206 2970 5278 sputum,
2989 5198 3091 5259 sed
3119 5199 3178 5259 in
3201 5198 3450 5259 Domino
3473 5197 3668 5258 admi-

1363 5333 1443 5395 Ex
1485 5331 1800 5394 collatione
1832 5331 2012 5400 codd.
2045 5333 2253 5394 Venet.
2306 5333 2344 5393 S
2401 5332 2604 5394 Marci.

367 5453 493 5532 (63)
530 5453 678 5517 Cod.
707 5454 787 5516 96
817 5473 831 5514 :
869 5453 1055 5512 Λαϐὼν
1098 5455 1186 5511 οὗν
1236 5457 1391 5513 αὐτόν
1439 5453 1561 5510 κατ’
1590 5451 1744 5532 ἰδίαν,
1791 5451 1942 5507 ἔϐαλε

289 5535 408 5598 τοὺς
448 5533 729 5598 δακτύλους
775 5538 929 5593 αὒτού
986 5537 1058 5598 εἰς
1107 5536 1172 5590 τὰ
1216 5535 1328 5591 ὦτα
1358 5539 1538 5606 αὐτοῦ,
1571 5532 1659 5589 ἕνα
1705 5532 1802 5608 μὲν
1847 5534 1940 5600 τῆς

291 5612 456 5694 δεξιᾷς
511 5618 692 5694 χειρὸς
736 5618 808 5678 εἰς
867 5615 1020 5672 τοῦτο
1056 5617 1116 5671 τὸ
1166 5617 1277 5694 οὕς,
1329 5614 1424 5694 ἵνα
1448 5612 1634 5694 δίᾼτῆς
1666 5620 1939 5694 αριστερᾶς

295 5695 367 5756 εἰς
395 5690 596 5754 tmte.
646 5696 745 5758 Καί
786 5696 1008 5770 πτύσας,
1037 5717 1092 5757 κ,
1126 5717 1177 5758 τ,
1212 5693 1267 5756 λ.
1314 5711 1343 5754 ε
1399 5690 1714 5774 Accipiens
1765 5690 1943 5771 igitur

2027 5452 2193 5514 illum
2217 5452 2465 5534 seorsim
2500 5453 2655 5512 misit
2688 5453 2902 5529 digitos
2933 5471 3070 5513 suos
3100 5454 3157 5514 in
3191 5454 3485 5514 auriculas
3517 5454 3670 5534 ejus,

2026 5552 2205 5593 unum
2256 5532 2538 5594 videlicet
2591 5534 2852 5595 dextera:
2903 5552 3112 5593 manus
3170 5535 3226 5594 in
3280 5533 3454 5594 aliam
3516 5532 3667 5613 ejus,

2026 5631 2206 5674 unum
2231 5631 2438 5674 manus
2468 5614 2721 5675 sinistre
2745 5613 2804 5674 in
2835 5613 3101 5676 alteram.
3137 5613 3402 5695 Cumque
3432 5613 3673 5694 expuis-

2025 5702 2137 5770 set,
2187 5702 2301 5757 etc.
2344 5720 2369 5749 ι
