4170 6282
497 392 613 464 587
1407 403 2002 470 THEOPHYLACTI
2035 403 2447 469 BULGARLE
2488 403 2845 469 ARCHIEP.
3768 405 3884 474 588

498 535 952 614 ostentaret,sed
987 537 1172 615 magis
1197 541 1264 600 ut
1291 555 1427 599 cum
1463 556 1694 602 summa
1724 539 2013 603 modestia
2041 559 2124 603 εει

2234 541 2368 598 ἀλλὰ
2423 543 2512 599 καὶ
2567 542 2667 609 τήν
2718 540 2868 598 ’ίαοιν
2920 541 3247 617 ἐπιτίθησιν,
3281 542 3375 599 οὒκ
3407 541 3780 609 ἐπιδεικτικῶς
3811 549 3892 602 θε-

497 630 666 684 naret
679 622 1109 703 puerum.Vide
1131 633 1325 689 autem
1340 627 1634 707 quomodo
1652 647 1768 690 non
1785 647 1906 691 suae
1922 631 2117 692 virtuti

2231 637 2486 708 ραπεῦσαι
2543 633 2634 687 τὸν
2709 630 2874 688 παῖδα
2944 629 3389 706 ἐπιϐαλλόμενος,
3466 632 3602 690 ἀλλὰ
3685 633 3887 710 μᾶλλον

497 712 601 774 sed
627 711 787 802 illius
818 712 958 774 ﬁdei
987 713 1300 778 sanitatem
1344 715 1586 793 tribuat,
1621 717 1827 780 dicens
1862 740 1877 779 :
1934 720 2124 783 Omni:

2232 723 2367 794 μετὰ
2424 721 2874 801 μετριοφροσύνης
2935 719 3168 788 πολλῆς.
3235 713 3379 801 ’Ὅρα
3429 723 3528 802 γὰρ
3556 729 3673 787 πῶς
3720 725 3780 780 οὗ
3821 731 3884 800 τῇ

496 800 804 883 possibilia
833 802 1246 866 credenti.Sed
1282 813 1341 868 et
1369 805 1696 886 aliud,cum
1728 807 1972 870 vidisset
1995 827 2124 870 con-

2232 810 2394 882 οἰκείᾳ
2451 800 2691 886 δυνάμει,
2764 808 2900 866 ἀλλᾶ
2964 817 3034 886 τῇ
3105 800 3325 869 ἐκείνουγ
3362 800 3536 868 πίστει
3610 813 3878 880 ἀνατίθησι

494 891 730 971 gregari
763 891 1350 974 turbam,increpavit
1374 894 1646 975 spiritum
1672 919 1683 955 :
1715 895 1954 958 nolebat
1984 899 2143 960 enim

493 997 693 1041 coram
725 983 900 1042 turba
929 991 1226 1059 sanare,et
1254 991 1552 1046 ostentare
1575 1003 1640 1048 se
1663 994 1725 1047 ut
1746 994 2141 1066 arrogantem,

492 1069 639 1130 Cum
674 1069 1038 1151 increpasset
1067 1079 1264 1134 autem
1298 1080 1355 1134 et
1384 1073 1674 1137 dixisset:
1723 1073 2043 1154 Egredere,
2087 1084 2146 1136 et

492 1178 571 1222 ne
601 1161 750 1224 ultra
782 1162 1132 1242 ingrediaris
1160 1183 1174 1227 :
1213 1164 1475 1228 insinuat
1503 1167 1658 1248 quod
1684 1176 1927 1248 propter
1955 1169 2144 1229 incre-

492 1248 802 1312 dulitatem
837 1253 1094 1314 hominis
1130 1254 1537 1334 ingressurum
1573 1249 1784 1317 iterum
1808 1256 2146 1318 fuissetdaa-

491 1339 782 1421 monium,
813 1341 928 1402 nisi
987 1363 1094 1404 suo
1147 1343 1508 1424 prohibitum
1560 1344 1768 1406 fuisset
1818 1353 2140 1425 praecepto.

491 1428 787 1490 Permittit
817 1439 1010 1493 autem
1045 1432 1302 1513 discerpi
1334 1433 1542 1506 filium,
1577 1442 1640 1495 ut
1692 1453 1899 1494 omnes
1954 1434 2144 1494 sciant

489 1515 778 1579 daemonis
808 1519 1076 1598 insidias,
1109 1531 1165 1583 et
1191 1541 1305 1602 quo
1333 1522 1648 1584 occidisset
1669 1523 1996 1598 hominem,
2025 1522 2139 1585 nisi

489 1604 685 1669 divina
719 1626 896 1670 manu
924 1609 1256 1672 refrenatus
1287 1618 1344 1672 et
1368 1619 1659 1673 retractus
1693 1611 1923 1675 fuisset.
1970 1614 2139 1691 Saepe

2226 899 2326 964 τήν
2380 899 2677 976 θεραπείαν,
2733 895 2925 977 λέγων,
2985 899 3089 971 ὃτι,
3155 897 3331 954 Πάντα
3398 896 3588 956 δυνατὰ
3641 905 3717 972 τῷ
3781 923 3876 956 πι-

2228 987 2486 1048 στεύοντι.
2545 983 2713 1044 Ἀλλὰ
2771 988 2860 1042 καὶ
2930 984 3132 1063 ἕτερον’
3194 984 3318 1042 ἰδὼν
3390 987 3490 1065 γὰρ
3555 987 3873 1066 ἐπισυναγό-

2227 1097 2385 1150 μενον
2441 1077 2531 1132 τόν
2605 1073 2796 1154 ὄχλον,
2856 1074 3145 1150 ἐπετίμησε
3177 1081 3253 1149 τῷ
3282 1079 3565 1151 πνεύματι·
3599 1078 3693 1133 οὐκ
3722 1077 3876 1145 ἤθελε

2225 1166 2323 1241 γὰρ
2381 1162 2672 1242 ἔμπροσθεν
2742 1161 2911 1243 ὄχλου
2966 1164 3293 1243 θεραπεύειν,
3327 1165 3400 1228 ὡς
3445 1173 3714 1244 φανητιῶν
3790 1169 3878 1224 καὶ

2229 1252 2603 1318 ἐπιδεικτικός.
2662 1253 3020 1328 Ἐπιτιμήσας
3055 1250 3109 1308 δὲ
3140 1254 3227 1308 καὶ
3279 1254 3465 1328 εἰπὼν,
3500 1245 3732 1320 ’Ἔξελθε
3791 1259 3877 1313 καὶ

2227 1341 2422 1418 μηκέτι
2480 1340 2738 1419 εἰσέλθῃς
2798 1349 2950 1398 τοῦτο
3004 1343 3308 1416 αἰνίττεται,
3372 1344 3452 1398 ὃτι
3483 1341 3567 1401 διὰ
3615 1345 3712 1411 τήν
3743 1346 3875 1401 ἀπι-

2225 1437 2370 1491 στίαν
2417 1436 2510 1492 τού
2566 1435 2838 1513 ἀνθρὼπου
2895 1432 3130 1502 εἰσῆλθεν
3190 1434 3252 1489 ἄν
3309 1435 3396 1490 καὶ
3440 1434 3603 1491 πάλιν
3661 1438 3722 1492 τὸ
3752 1435 3873 1493 δαι-

2225 1525 2432 1604 μόνιον,
2495 1525 2538 1580 εἰ
2587 1524 2666 1598 μὴ
2696 1530 2773 1597 τῷ
2814 1523 3183 1602 προστάγματι
3215 1523 3375 1580 αὐτοῦ
3403 1523 3689 1587 ἐκωλύετο,
3727 1533 3870 1604 Συγ-

2221 1625 2397 1691 χωρεῖ
2453 1611 2508 1668 δὲ
2557 1611 2815 1691 σπαράξαι
2865 1614 2958 1668 τὸν
3013 1611 3198 1691 παῖδο,
3234 1611 3324 1667 ἴνα
3352 1618 3519 1690 γνῶσι
3551 1615 3744 1677 πάντες
3769 1617 3867 1682 τὴν

488 1697 645 1758 enim
680 1704 737 1758 in
767 1697 965 1777 ignem
992 1698 1124 1780 quis
1153 1718 1187 1761 a
1206 1700 1478 1762 daemone
1511 1700 1824 1780 projicitur
1846 1699 2124 1780 concupi-

2219 1709 2309 1758 106
2359 1700 2603 1777 δαίμονος
2661 1701 2934 1777 ἐπήρειαν,
2989 1703 3078 1758 καὶ
3131 1700 3210 1756 ὅτι
3269 1701 3592 1758 ἐθανάτωσεν
3664 1702 3726 1758 ἄν
3779 1707 3868 1760 τὸν

485 1787 727 1848 scentiaa
748 1795 805 1849 et
829 1788 1019 1863 irae,et
1037 1789 1095 1849 in
1126 1807 1334 1869 aquam
1358 1790 1727 1852 saecularium
1761 1788 2124 1868 negotiorum

2221 1789 2513 1872 ᾇὶνθρωπον,
2587 1793 2631 1846 εἰ
2687 1792 2765 1866 μή
2807 1792 2909 1847 ὑπὸ
2939 1789 3036 1858 τῆς
3066 1793 3207 1853 θείας
3247 1790 3610 1870 ἀνεχαιτίζετο
3655 1794 3860 1872 χειρός,

485 1875 766 1954 procellis
796 1856 1144 1938 undantem.
1178 1856 1363 1940 ᾗσι-το
1393 1877 1625 1940 daemon
1658 1877 1756 1939 hic
1788 1856 1984 1938 mutus
2010 1886 2124 1940 erat

2223 1856 2511 1936 'Pirr1e1at’
2543 1878 2597 1936 δὲ
2653 1856 2734 1945 τις
2793 1881 2892 1935 ὕπὸ
2962 1878 3206 1955 δαίμονος
3264 1856 3468 1958 εἷς’ἷιτῦρ
3495 1882 3557 1937 τὸ
3587 1856 3695 1937 106>
3701 1856 3862 1959 θύμοῠ

486 1973 545 2025 et
569 1965 806 2029 surdus.
840 1965 1064 2030 Surdus
1095 1966 1358 2048 quidem,
1394 1975 1456 2029 ut
1502 1966 1712 2029 audire
1747 1966 1958 2029 nolens
1979 1966 2134 2027 divi-

487 2071 567 2114 na
597 2053 873 2136 eloquia:
924 2063 1122 2118 mutus
1176 2075 1343 2130 vero,
1381 2065 1446 2117 ut
1475 2075 1672 2138 neque
1721 2056 1872 2119 alios
1916 2055 2136 2118 docere

480 2144 681 2204 valens
711 2143 867 2221 quod
900 2144 1318 2225 oportebat.At
1346 2145 1448 2206 ubi
1475 2145 1788 2226 Jesus,hoc
1818 2152 1908 2206 est
1935 2162 2133 2206 sermo

483 2233 897 2316 Evangelicus,
933 2253 1172 2297 manum
1232 2235 1720 2315 apprehenderit,
1773 2234 2131 2314 operativam

482 2322 617 2384 dico
688 2323 987 2398 virtutem,
1053 2332 1192 2385 tunc
1267 2323 1590 2385 liberamur
1662 2323 1735 2384 ab
1814 2324 1923 2384 hoc
2007 2322 2134 2384 das-

482 2411 840 2474 mone.Vide
870 2419 1065 2475 autem
1089 2412 1246 2493 quod
1280 2411 1436 2474 Deus
1465 2411 1704 2493 quidem
1735 2412 1973 2490 adjuvat
1998 2430 2128 2486 nos,

2216 1969 2305 2024 καὶ
2368 1970 2431 2024 τὸ
2500 1974 2598 2037 τῆς
2630 1969 2930 2048 ἐπιθυμίας,
2961 1969 3047 2025 καὶ
3079 1971 3149 2033 εἷς
3173 1966 3332 2049 ὕδωρ,
3367 1971 3427 2025 τὸ
3462 1975 3568 2026 τῶν
3597 1972 3862 2047 βιωτικῶν

2216 2058 2544 2136 πραγμάτων
2599 2057 2908 2116 κλυδώνιον.
2992 2067 3031 2114 Ο
3084 2057 3284 2133 δαίμων
3343 2056 3396 2114 δὲ
3466 2059 3617 2123 οὗτος
3670 2060 3865 2126 ἀλαλός

2216 2145 2326 2203 ἐστι
2384 2148 2471 2204 καὶ
2527 2147 2726 2224 κωφός.
2780 2147 2965 2225 κωφὸς
3019 2147 3139 2221 μὲν,
3200 2149 3273 2210 ὡς
3341 2149 3417 2224 μὴ
3447 2149 3653 2206 ἀκούειν
3703 2151 3866 2208 θέλων

2216 2242 2323 2292 τῶν
2391 2243 2484 2294 τοῦ
2541 2243 2672 2293 Θεοῦ
2728 2235 2924 2314 λόγων⁶
2987 2235 3180 2302 ἅλαλος
3237 2235 3316 2311 δὶ,
3368 2241 3441 2302 ὡς
3492 2238 3629 2307 μηδὲ
3660 2241 3864 2321 ἑτέρους

2217 2323 2502 2402 δυνάμενος
2557 2323 2818 2381 διδάσκειν
2877 2326 2937 2380 τὸ
3010 2323 3144 2381 δέον·
3201 2324 3319 2382 ἀλλ’
3389 2327 3478 2384 ἐὰν
3549 2331 3576 2385 ὁ
3631 2329 3856 2407 Ἰησοῦς,

2214 2414 2504 2488 τουτέστιν,
2572 2415 2599 2470 ὀ
2643 2413 3000 2502 Εὒαγγελικδς
3039 2413 3221 2493 λόγος,
3253 2418 3497 2494 κρατήσῃ
3529 2425 3625 2485 τῆς
3648 2423 3855 2502 χειρὸς,

482 2500 702 2563 deinde
734 2519 767 2562 a
799 2501 971 2564 nobis
1003 2521 1184 2584 opera
1212 2501 1711 2580 exiguntur.Dicit
1745 2500 2124 2575 enim,Erexil

2212 2509 2310 2570 τῆς
2382 2509 2682 2582 πρακτικῆτ
2752 2501 3242 2587 λέγωῌδυνάμεως,
3276 2507 3396 2562 τότε
3440 2500 3855 2587 ἐλευθερωθησόέ

480 2588 654 2652 illum
677 2592 872 2667 Jesus,
904 2591 1018 2653 hoc
1039 2581 1165 2654 erat
1203 2590 1307 2653 Dei
1340 2590 1731 2671 adjutorium;
1765 2598 1823 2652 et
1843 2590 2124 2670 surrexit,

2213 2596 2343 2667 μεθα
2399 2581 2490 2650 τοῦ
2559 2581 2837 2668 δαίμονος,
2899 2581 3045 2671 ΗΟρα
3103 2591 3156 2648 δὲ
3200 2591 3340 2650 ὅτιὸ
3371 2595 3465 2669 μὲν
3508 2581 3635 2661 Θεὸς
3665 2599 3856 2674 βοηθεῖ

479 2677 593 2740 hoc
624 2688 714 2742 est
741 2679 901 2742 illius
930 2681 990 2742 in
1019 2679 1192 2742 bonis
1215 2681 1494 2742 studium.

2208 2684 2366 2756 ἡμῖν,
2420 2682 2546 2738 εἶτα
2618 2683 2780 2756 ἡμεῖς
2860 2681 3013 2737 αὐτοῖ
3084 2683 3145 2736 τὸ
3225 2683 3420 2758 ἀγαθὸν
3492 2683 3851 2762 ἀπαιτούμεθα

476 2769 807 2849 ἐργάζεσθαι.
851 2773 992 2838 Φησὶ
1029 2773 1128 2849 γὰρ
1163 2791 1177 2806 ·
1223 2770 1491 2850 ’Ἦγειρεν
1523 2771 1677 2828 αὒτὸν
1706 2774 1733 2826 '0
1777 2769 1982 2838 Ἰησοῦς
2016 2790 2028 2805 ⁸
2074 2773 2228 2827 τοῦτο
2284 2773 2320 2836 η
2376 2777 2468 2827 τοῦ
2512 2778 2644 2827 Θεοῦ
2701 2773 2940 2846 βοήθεια,
3006 2772 3089 2825 καὶ
3119 2768 3337 2845 ἀνέστη,
3384 2778 3540 2827 τοῦτη
3570 2775 3602 2840 ἡ
3647 2773 3846 2832 ἐκείνου

477 2861 635 2916 αὐτοῦ
661 2861 791 2938 πρὸς
835 2862 896 2918 τὸ
925 2860 1118 2939 ἀγαθὸν
1150 2859 1374 2931 σπουδή,

558 2945 740 3011 Vsus.
771 2947 869 3024 27,
901 2949 998 3012 28.
1029 2975 1055 3005 ι
1089 2948 1159 3011 Et
1183 2968 1317 3012 cum
1349 2956 1505 3011 esset
1533 2951 1836 3028 ingressus
1858 2948 2122 3019 domum,

2300 2971 2326 3003 ε
2377 2949 2474 3006 Καὶ
2531 2947 2827 3005 εἰσελθόντα
2895 2946 3046 3003 αὑτὸν
3076 2947 3148 3010 εἰς
3180 2947 3362 3023 οἷκον,
3397 2949 3441 3005 οἱ
3485 2952 3713 3025 μαθηταὶ
3741 2952 3841 3008 αὖ-

479 3034 757 3117 discipuli
807 3037 968 3100 illius
1016 3039 1460 3118 interrogabant
1490 3057 1625 3100 eum
1660 3055 1929 3098 seorsum
1961 3055 1974 3100 :
2010 3038 2124 3101 Cur

2210 3046 2302 3095 106
2371 3037 2663 3118 ἐπηρώτων
2731 3038 2889 3096 αὐτὸν
2944 3033 3060 3093 κατ’
3115 3037 3267 3092 ἰδίανο
3325 3037 3386 3096 Τί
3436 3036 3516 3094 ὅτι
3564 3041 3728 3114 ἡμεῖς
3761 3043 3855 3098 οὒκ

475 3143 584 3186 nos
613 3145 730 3188 non
755 3129 1052 3208 potuimus
1083 3129 1302 3209 ejicere
1329 3126 1531 3190 illum?
1553 3127 1787 3189 Etdixit
1809 3127 1926 3188 illis
1962 3145 1975 3190 :
2003 3125 2124 3187 Hoc

2208 3127 2544 3202 ἠδυνήθημεν
2612 3124 2859 3184 ἐκϐαλεῖν
2917 3127 3042 3184 αὐτὸ
3077 3147 3095 3202 ς
3131 3126 3226 3183 Καὶ
3255 3126 3410 3183 εἶπεν
3454 3127 3658 3192 αύτοῖς⁴
3694 3139 3861 3190 Τοῦτο

474 3233 660 3294 genus
685 3217 846 3279 nulla
872 3237 940 3280 re
974 3225 1168 3300 potest
1198 3218 1384 3292 exire,
1420 3216 1534 3279 nisi
1568 3235 1676 3298 per
1707 3216 2034 3278 orationem
2070 3223 2124 3276 et

2209 3221 2269 3274 τὸ
2339 3217 2492 3296 γένος
2561 3216 2614 3273 ἐν
2669 3215 2833 3273 οὖδενὶ
2875 3215 3086 3272 δδναται
3119 3214 3380 3297 ἐξελθεῖν,
3410 3219 3453 3274 εί
3482 3219 3560 3294 μή
3586 3219 3640 3275 ἐν
3683 3242 3854 3298 προσ-

469 3284 832 3384 jejunium.»
861 3284 1172 3370 Tirriebant
1200 3284 1476 3388 discipuli
1497 3284 1584 3367 ne.
1605 3306 1757 3368 forte
1787 3303 2124 3366 amisissent

2209 3284 2365 3386 ευχξί
2400 3307 2485 3361 καὶ
2555 3307 2792 3378 νηστείᾳ,
2858 3327 2883 3360 ε
2946 3301 3320 3384 Ἐφοϐήθησαν
3363 3284 3435 3362 ὀἷ
3479 3284 3708 3383 μαθηταὶ
3726 3284 3852 3385 ’μή-

476 3396 721 3472 gratiam
753 3414 926 3476 quam
953 3397 1040 3458 eis
1070 3397 1314 3459 dederat
1345 3397 1655 3475 Dominus,
1707 3401 1766 3455 et
1813 3401 2122 3475 propterea

2209 3419 2324 3459 πως
2397 3393 2663 3452 ἀπέϐαλον
2718 3395 2817 3462 τήν
2871 3395 3052 3474 χάριν,
3114 3392 3180 3461 ἠν
3236 3392 3464 3452 δέκωκεν
3493 3398 3673 3461 αὐτοῖς
3701 3401 3728 3454 ὁ
3754 3401 3852 3457 K6-

476 3499 595 3543 non
628 3485 956 3562 potuissent
987 3486 1206 3566 ejicere
1237 3485 1623 3547 daamonium.
1657 3481 1806 3546 Vide
1835 3491 2034 3544 autem
2067 3493 2124 3547 et

2209 3507 2340 3565 ριος,
2401 3486 2488 3541 καὶ
2514 3483 2639 3566 Δ,διὰ
2693 3486 2848 3540 10610
2899 3486 2992 3541 οῦκ
3062 3481 3399 3553 ἠδυνήθησαν
3449 3484 3697 3543 ἐκϐαλεῖν
3757 3489 3846 3544 τὸν

479 3561 876 3634 reverentiam
899 3561 1106 3636 eorum
1119 3573 1414 3655 quomodo
1447 3590 1710 3636 seorsum
1735 3573 1804 3633 ad
1839 3572 2002 3634 illum
2021 3591 2124 3634 ac-

2209 3561 2449 3650 δαίμονα.
2512 3561 2658 3651 ”Ορα
2727 3571 2781 3628 δὲ
2837 3574 2924 3629 καὶ
2991 3571 3089 3640 τήν
3167 3570 3441 3630 εὐλάϐειαν
3490 3577 3683 3657 αὐτῶν,
3732 3583 3846 3642 πῶς

479 3659 852 3754 cedunt.Hoc
881 3672 1076 3724 autem
1101 3661 1538 3740 genus.Quale?
1567 3659 1677 3723 Vel
1705 3661 2120 3754 lunaticoruru,

2208 3663 2322 3720 κατ’
2378 3661 2510 3754 ἰδίαν
2578 3666 2720 3737 αὒτῷ
2789 3660 3209 3742 προσέρχονται.
3263 3670 3427 3720 Τοῦτο
3481 3662 3536 3720 δί
3561 3667 3623 3721 τὸ
3671 3666 3844 3744 γένος.

476 3748 570 3810 vel
600 3769 775 3813 omne
805 3752 1234 3814 daemoniorum
1290 3770 1475 3831 genus
1525 3769 1640 3812 non
1686 3751 1990 3829 egreditur
2008 3752 2121 3812 alio

2208 3755 2372 3810 Ποῖον
2405 3773 2422 3829 ς
2492 3748 2567 3808 ’Ἥ
2611 3754 2673 3808 τὸ
2714 3755 2820 3807 τῶν
2849 3749 3329 3827 σεληνιαζομένων,
3361 3751 3396 3820 ἧ
3426 3752 3610 3820 ἁπλῶς
3639 3762 3743 3812 πᾶν
3789 3758 3848 3812 τὸ

479 3842 733 3922 quodam
770 3844 965 3923 modo,
991 3843 1100 3904 nisi
1134 3843 1474 3925 precatione
1505 3848 1566 3905 et
1591 3841 1844 3922 jejunio.
1881 3840 2123 3922 Oportet

2208 3849 2309 3898 τῶν
2376 3839 2641 3917 δαιμόνων
2695 3841 2846 3919 γένος
2905 3843 2997 3899 οὐκ
3026 3838 3295 3921 ἐξέρχεται
3327 3839 3474 3918 ἄλλῳ
3515 3845 3615 3900 τινὶ
3643 3845 3844 3923 τρόπῳ,

480 3931 640 3993 enim
665 3932 940 4012 jejunare
971 3952 1105 3995 eum
1139 3933 1237 4014 qui
1269 3933 1598 3994 damonem
1621 3933 1761 3992 219
1798 3931 2036 4011 patitur,
2063 3941 2120 3993 et

2208 3933 2246 3987 εἰ
2305 3931 2383 4006 μή
2443 3931 2495 3988 ἐν
2541 3936 2819 4011 προσευχῇ
2859 3931 2948 3988 καὶ
2992 3932 3227 4004 νηστείᾳ·
3259 3929 3343 3988 δεῖ
3385 3933 3484 4013 γὰρ
3513 3935 3600 3990 καὶ
3627 3936 3715 3991 τὸν
3737 3936 3845 3993 πά·-

481 4020 583 4101 qui
615 4028 926 4082 sanaturus
957 4028 1047 4084 est
1074 4040 1086 4084 :
1123 4031 1182 4083 et
1210 4022 1474 4101 utrisque
1503 4021 1908 4082 necessarium
1927 4029 2016 4082 est
2030 4022 2118 4099 je-

2208 4043 2404 4100 τχοντα
2461 4023 2755 4096 νηστεύειν,
2827 4021 2912 4076 καὶ
2982 4022 3071 4075 τὸν
3157 4018 3421 4095 μέλλοντα
3507 4026 3838 4102 θεραπεῦσαι.

471 4109 735 4192 junium,
758 4112 941 4190 magis
970 4120 1165 4173 autem
1196 4111 1355 4172 illius
1379 4109 1480 4190 qui
1511 4111 1841 4172 daemonem
1875 4111 2113 4188 patitur,

2208 4109 2538 4190 Ἀμφοτέρων
2591 4110 2690 4188 γάρ
2733 4107 2921 4189 χρεία·
2954 4107 3186 4185 μάλιστα
3214 4106 3268 4166 δὲ
3321 4110 3420 4177 τήν
3464 4113 3557 4168 106
3597 4114 3838 4194 πάσχον-

469 4198 766 4278 jejunium
799 4200 975 4279 exigit
995 4201 1165 4263 ratio.
1198 4198 1447 4281 Oportet
1475 4207 1672 4261 autem
1704 4217 1820 4260 non
1842 4198 2116 4277 jejunare

2208 4219 2286 4264 τος
2352 4199 2598 4265 νηστείαν
2653 4199 2873 4255 ἀπαιτεῖ
2915 4200 2943 4254 ὁ
2972 4198 3154 4276 λόγος,
3195 4207 3289 4255 Δεῖ
3329 4201 3525 4277 καὶμὴ
3570 4205 3839 4269 νηστεύειν

477 4287 709 4365 solum,
758 4288 863 4350 sed
908 4297 965 4350 et
1006 4307 1177 4351 orare
1214 4306 1228 4350 :
1272 4307 1467 4369 neque
1523 4289 1714 4350 solum
1766 4305 1958 4362 orare,
2011 4288 2115 4350 sed

2208 4290 2380 4365 μόνον,
2441 4286 2578 4344 ἀλλὰ
2646 4289 2734 4344 καὶ
2782 4287 3190 4368 προσεύχεσθαι·
3251 4286 3387 4362 μηδὶ
3419 4290 3579 4365 μόνον
3610 4293 3838 4371 προσεύ-

475 4385 537 4438 et
575 4377 876 4457 jejunare.
909 4378 1008 4440 Sic
1051 4379 1209 4440 enim
1267 4396 1421 4439 verae
1469 4395 1678 4458 preces
1725 4377 1891 4450 fiunt,
1933 4376 2116 4439 sinon

2208 4380 2411 4456 χεῖσθαι,
2484 4375 2620 4432 ἄλλά
2675 4377 2765 4434 καὶ
2833 4377 3128 4457 νηστεύειν,
3191 4376 3341 4434 Οὕτω
3371 4378 3471 4456 γὰρ
3521 4380 3557 4448 ἡ
3615 4379 3836 4450 ἀληθινὴ

476 4465 668 4528 solum
709 4472 936 4548 oretur,
961 4469 1066 4530 sed
1113 4475 1170 4531 et
1219 4467 1534 4547 jejunetur
1567 4484 1581 4530 :
1619 4475 1684 4529 ut
1733 4484 1807 4528 ne
1845 4474 2118 4546 gravetur

2208 4466 2474 4545 προσευχὴ
2501 4465 2788 4548 πελεῖται,
2847 4465 2936 4521 ἐὰν
2995 4467 3082 4521 καὶ
3112 4467 3358 4533 νηστείαν
3415 4466 3520 4547 ἔχῃ
3593 4477 3837 4542 συνεζευ-

475 4555 576 4635 qui
600 4563 747 4632 orat,
774 4544 1038 4618 ciborum
1095 4544 1432 4638 vaporibus,
1465 4555 1568 4617 sed
1612 4544 1925 4636 expeditus
1954 4554 2030 4616 sit
2057 4561 2114 4616 et

2208 4544 2432 4634 γμένηνξ
2499 4544 2637 4613 υΟτε
2693 4556 2754 4611 οὐ
2810 4555 3053 4633 βαρεῖται
3096 4557 3124 4611 ὁ
3155 4544 3585 4636 προσευχόμενος
3636 4572 3752 4623 τοῖς
3782 4563 3842 4617 ἐκ

472 4644 639 4707 levis.
2196 4651 2302 4701 τῶν
2373 4644 2670 4724 βρωμάτων
2740 4643 2958 4724 ἀτμοῖς,
3061 4641 3198 4700 ἀλλὰ
3280 4645 3468 4725 κοῦφός
3557 4648 3668 4704 ἔστι
3755 4652 3845 4706 καὶ

2197 4731 2418 4805 ἀϐαρής.

553 4823 743 4888 VEns.
775 4825 874 4900 29,
909 4825 1011 4888 30.
1050 4849 1077 4880 ι
1112 4825 1184 4887 Et
1216 4823 1378 4886 illinc
1408 4823 1659 4902 digressi
1690 4825 1802 4885 iter
1849 4825 2113 4885 fecerunt

2208 4757 2229 4789 κ
2407 4781 2418 4791 .

2231 4757 2485 4881 ωἀρηςΚοιὶ
2551 4825 2754 4880 ἐκεῖθεν
2809 4820 3126 4900 ἐξελθόντες,
3157 4823 3580 4902 παρεπορεύοντο
3630 4824 3713 4881 διὰ
3740 4826 3843 4896 τῆς

469 4931 578 4994 per
610 4913 1054 4995 Galilaeammec
1085 4914 1314 4976 volebat
1336 4921 1398 4975 ut
1427 4916 1734 4992 quisquam
1766 4914 1964 4973 sciret.
2001 4911 2113 4972 Do-

2208 4911 2498 4987 Γαλιλαίας,
2560 4913 2649 4968 καὶ
2698 4913 2792 4968 οὐκ
2859 4910 3067 4987 ἤθελεν,
3141 4910 3232 4967 ἵνα
3290 4934 3371 4976 τις
3402 4918 3534 4991 γνῷ.
3569 4912 3838 4972 Ἐδὶδασκε

466 5001 638 5065 cebat
666 5005 825 5065 enim
858 5004 1181 5085 discipulos
1206 5022 1364 5078 suos,
1402 5011 1460 5064 et
1489 5001 1722 5063 dicebat
1755 5002 1891 5063 illis:
1925 5001 2104 5063 Filius

465 5092 725 5155 hominis
754 5094 1005 5155 traditur
1034 5096 1091 5154 in
1118 5112 1326 5155 manus
1372 5091 1701 5166 hominum,
1735 5100 1792 5153 et
1833 5090 2103 5152 occident

464 5201 623 5258 eum,
654 5184 960 5246 etoccis‘us
994 5184 1164 5245 tertio
1196 5182 1293 5244 die
1322 5189 1610 5260 resurget.
1644 5180 1718 5242 At
1748 5180 1834 5241 illi
1864 5180 2102 5259 ignora-

460 5270 602 5334 bant
630 5273 786 5354 quod
812 5273 1061 5354 dixerat,
1090 5283 1146 5333 et
1177 5270 1462 5333 timebant
1492 5288 1626 5334 eum
1661 5271 2045 5348 interrogare.
2068 5292 2095 5330 ι

458 5359 690 5443 Ubique
712 5362 1134 5425 miraculorum
1167 5359 1616 5442 operationibus
1646 5359 1945 5421 interserit
1974 5377 2101 5420 ser-

457 5468 695 5512 monem
726 5453 801 5512 de
827 5452 1119 5532 passione,
1155 5459 1218 5512 ut
1261 5468 1335 5511 ne
1387 5456 1593 5529 putent
1620 5449 1812 5528 ipsum
1859 5456 2100 5528 propter

455 5538 866 5619 impotentiam
921 5540 1060 5621 pati.
1099 5539 1253 5601 Dixit
1304 5538 1481 5618 igitur
1514 5537 1670 5618 quod
1698 5537 1913 5598 durum
1945 5546 2090 5612 erat,

454 5628 596 5710 quia
646 5629 922 5691 occident
952 5647 1126 5692 eum:
1164 5628 1361 5690 subdit
1421 5635 1479 5688 et
1537 5627 1692 5708 quod
1736 5625 2090 5706 jucundum,

2186 5007 2284 5085 γὰρ
2338 5005 2459 5068 τοὺς
2511 5004 2750 5080 μαθητὰ)
2823 5002 3002 5082 αύτοῦ,
3049 5003 3136 5060 καὶ
3167 5001 3343 5081 ’ἔλεγεν
3395 5008 3601 5079 αὐτοῖς,
3634 5003 3737 5081 ὅτι,
3778 4998 3837 5065 Ὀ

2189 5097 2307 5158 Υἱὸς
2359 5101 2452 5150 τοῦ
2513 5093 2787 5172 ἀνθρώπου
2859 5090 3194 5172 παραδίδοται
3237 5094 3310 5156 εἰς
3359 5105 3555 5173 χεῖρας
3626 5094 3838 5172 ἀνθρὼ-

2187 5206 2322 5259 πων,
2377 5185 2462 5240 καὶ
2517 5185 2894 5240 ἀποκτενοῦσιν
2951 5183 3132 5242 αὗτόν.
3210 5184 3305 5240 Καὶ
3344 5183 3709 5258 ἀποκτανθεὶς,
3765 5191 3839 5262 τῇ

2183 5276 2332 5353 τρίτῃ
2391 5271 2566 5351 ἡμέρᾳ
2616 5272 2994 5342 ἀναστήσεται,
3056 5274 3116 5329 Oi
3172 5270 3226 5328 δὲ
3281 5272 3507 5350 ἠγνόουν
3568 5275 3629 5328 τὸ
3659 5274 3840 5352 ῥῆμα,

2184 5365 2269 5420 καὶ
2330 5359 2613 5442 ἐφοϐοῦντο
2672 5362 2827 5419 αὐτὸν
2888 5361 3246 5439 ἐπερωτῆσαι.
3285 5383 3309 5420 ε
3379 5367 3665 5442 Πανταχοῦ
3712 5377 3842 5429 ταῖς

2180 5451 2620 5530 θαυματουργίαις
2675 5447 3041 5527 παρεμϐάλλει
3099 5451 3190 5506 τὸν
3275 5452 3392 5530 περὶ
3472 5459 3563 5508 τοῦ
3638 5452 3840 5516 πάθους

2180 5541 2360 5618 λόγον,
2434 5541 2528 5596 ’ίνα
2585 5541 2664 5616 μή
2714 5543 2942 5616 νομισθῇ
3012 5540 3091 5596 ὅτι
3172 5538 3210 5595 ι’
3270 5538 3563 5616 ἀδυναμίαν
3621 5541 3843 5605 ἔπαθεν,

2181 5631 2352 5687 Εἰπὼν
2423 5629 2510 5686 οὗν
2579 5633 2637 5686 τὸ
2692 5630 3026 5708 σκυθρωπὸν,
3098 5629 3185 5685 ὅοι
3245 5629 3621 5686 ἀποκτενοῦσιν
3655 5632 3843 5702 αὐτόν,

451 5719 550 5800 qui
599 5718 772 5780 tertio
811 5717 910 5779 die
937 5727 1383 5779 resurrecturus
1434 5726 1589 5777 esset
1625 5733 1637 5778 :
1675 5724 1739 5777 ut
1793 5715 2092 5778 discamus

2208 5719 2360 5799 πάγει
2423 5720 2510 5775 καὶ
2565 5720 2624 5776 τὸ
2685 5719 3048 5799 χαρμόσυνον,
3081 5719 3160 5774 ὅνι
3218 5724 3285 5794 τῇ
3315 5718 3462 5798 τρίτῃ
3493 5719 3666 5800 ἡμέρᾳ
3699 5720 3842 5777 ἀνα-
