4154 6298
382 351 502 418 589
1116 356 1217 419 EN
1221 351 1561 418 ARRATIO
1605 350 1686 413 IN
1732 345 2041 413 EVANGE

2133 341 2235 402 UM
2282 340 2544 403 MARCI.
2588 372 2666 383 —
2709 339 2873 404 CAP.
2921 338 3023 403 IX.
3642 337 3764 402 590

378 484 653 559 στὴσεται,
716 481 800 538 ίνα
857 482 1107 559 μέιθωμεν
1163 481 1244 539 ὅτι
1328 481 1407 536 ἀεὶ
1492 492 1609 541 τοῖς
1693 482 2047 557 σκυθρωποῖς

2133 471 2262 553 [uod
2296 490 2537 553 semper
2565 472 2700 536 laeta
2731 482 3059 553 sequuntur
3087 473 3160 537 ad
3192 473 3407 550 tristia,
3442 483 3502 537 et
3531 474 3589 537 in
3623 473 3763 537 tris-

382 570 733 629 ἐπακολουθεῖ
794 573 861 631 τὰ
920 571 1227 651 εὔφρόσυνα.
1290 570 1379 626 καὶ
1420 567 1498 644 μὴ
1529 567 1707 642 μάτην
1763 567 2030 643 ἀνιώμεθα

2137 561 2270 621 ibus
2302 580 2418 622 non
2452 565 2674 623 frustra
2717 580 3096 640 maereamus,
3130 564 3236 627 sed
3281 582 3592 646 speremus
3624 581 3756 625 me-

384 662 469 719 ἐπὶ
522 675 643 727 τοῖς
700 648 1029 743 λυπηροϊςξ
1061 657 1181 717 ἀλλ’
1228 659 1524 733 ἐλπίζωμεν
1552 659 1641 713 καὶ
1692 659 1757 713 τὰ
1783 672 2030 737 χρηστο-
2112 648 2284 712 liora.

388 774 511 816 τερα
520 800 535 816 ,

448 810 500 896 ιιι
521 810 535 816 ν
567 845 662 898 Καὶ
729 840 888 908 ἦλθεν
934 842 1007 903 εἷς
1040 837 1411 917 Καπερναούμ·
1446 839 1532 893 καὶ
1575 836 1629 891 ἐν
1658 842 1728 912 τῇ
1769 838 1904 909 οἰκίᾳ
1932 858 2029 915 γεοο

391 932 633 1005 νόμενος,
684 929 935 1009 ἐπηρώτα
969 930 1176 992 αὐτούς’
1210 927 1271 985 Τί
1315 930 1368 984 ἓν
1409 932 1478 1002 τῇ
1521 924 1625 999 ὁδῷ
1654 928 1783 1003 πρὸς
1815 926 2028 990 ἑαυτοὺς

389 1019 781 1099 διελογίζεσθες
846 1022 905 1076 Οἱ
962 1017 1017 1074 δὲ
1089 1018 1356 1075 ἐσιώπων.
1420 1017 1557 1095 Πρὸς
1623 1014 1886 1083 ἀλλήλους
1935 1015 2034 1093 γὰρ

390 1108 740 1189 διελέχθησαν
798 1107 852 1165 ἐν
920 1114 991 1186 τῇ
1060 1105 1187 1187 ὁδῷ,
1246 1107 1324 1169 τίς
1385 1106 1598 1179 μείζων,
1647 1106 1746 1163 Καὶ
1798 1105 2034 1183 καθίσας,

389 1198 627 1279 ἐφώνησε
694 1199 816 1262 τοὺς
887 1195 1109 1268 δώδεκα,
1143 1197 1231 1252 καὶ
1259 1194 1401 1274 λέγει
1431 1199 1635 1259 αὒτοϊς’
1671 1191 1740 1250 Εἴ
1766 1215 1846 1257 τις
1895 1191 2032 1248 θέλει

388 1289 594 1365 πρῶτος
652 1287 819 1365 εἶναι,
880 1285 1026 1341 ἔσται
1094 1285 1305 1340 πάντων
1364 1281 1618 1363 ἔσχατος,
1679 1284 1766 1340 καὶ
1825 1282 2035 1337 πάντων

388 1375 646 1439 διάκονος.
710 1378 807 1433 Καὶ
863 1372 1041 1431 λαϐὼν
1092 1371 1317 1449 παιδίον,
1365 1372 1586 1440 ἔστησεν
1638 1372 1764 1428 αὒτὸ
1794 1370 1847 1427 ἐν
1889 1370 2036 1447 μέσῳ

390 1465 583 1537 αὐτῶν,
633 1466 721 1521 καὶ
772 1462 1255 1539 ἐναγκαλισάμενος
1286 1463 1433 1533 αὒτὸ,
1483 1462 1636 1518 εἶπεν
1682 1465 1886 1524 αὐτοῖς·
1928 1452 2034 1524 ’Ὃς

388 1555 479 1611 ἐὰν
537 1553 591 1610 ’ἐν
653 1555 760 1610 τῶν
818 1554 1068 1609 τοιούτων
1124 1549 1345 1608 παιδίων
1400 1549 1609 1618 δέξηται
1666 1551 1752 1607 ἐπὶ
1804 1556 1882 1624 τῷ
1910 1550 2035 1607 ὀνό-

395 1649 522 1718 ματί
576 1665 696 1718 μου,
753 1642 848 1718 ἐμὲ
918 1640 1157 1721 δέχεται,
1190 1641 1278 1697 καὶ
1308 1638 1366 1705 ὅς
1396 1640 1486 1698 ἐὰν
1517 1640 1612 1715 ἐμὲ
1663 1638 1898 1711 δέξηται,
1944 1641 2037 1697 οὒκ

395 1731 490 1805 ἐμὲ
546 1729 785 1811 δέχεται,
809 1728 943 1787 ἀλλὰ
971 1732 1061 1787 τόν
1101 1728 1485 1786 ἀποστείλαντά
1515 1749 1603 1803 με.
1655 1752 1682 1783 ι)
1720 1732 1779 1785 Οἱ
1809 1728 2038 1804 μαθηταὶ

393 1821 469 1877 ἔτι
528 1820 965 1898 ἀνθρωπικώτερα
1030 1824 1363 1899 φρονούντες,
1427 1815 1831 1897 διεφιλονείκουν
1905 1819 2036 1895 πρὸς

393 1908 655 1979 ἀλλήλους
713 1910 830 1988 περὶ
875 1915 990 1981 τοῦ,
1023 1920 1181 1972 ποῖος
1225 1907 1396 1988 αὐτῷν
1426 1906 1616 1981 μείζων
1645 1906 1755 1963 ἐστὶ
1784 1907 1871 1963 καὶ
1900 1929 2035 1984 προ-

391 2000 668 2078 τιμότερος
712 1987 853 2078 παρᾶ
924 2004 1000 2072 τῷ
1053 2004 1283 2076 Χριστῷ.
1349 1987 1405 2053 I0
1462 1994 1517 2052 δὲ
1573 1997 1758 2075 Κὺριος
1813 1996 1913 2064 τὴν
1945 1996 2041 2071 μὲν

394 2089 668 2164 ἐπιθυμίαν
726 2087 824 2155 τὴν
880 2091 980 2154 τῆς
1036 2087 1413 2164 προτιμήσεως
1472 2088 1532 2143 06
1603 2084 1821 2148 κωλύει.
1884 2084 2041 2141 Θέλει

396 2180 495 2257 γὰρ
550 2178 694 2253 ἡμᾶς
748 2176 1025 2251 ἐπιθυμεῖν
1100 2197 1193 2231 του
1260 2173 1590 2253 ὑψηλοτέρου
1659 2174 1880 2251 βαθμοῦ.
1972 2175 2045 2231 Ού

397 2267 575 2342 μέντοι
629 2265 878 2344 ἁρπάζειν
948 2267 1090 2339 ἡμᾶς
1161 2262 1401 2338 βούλεται
1472 2264 1538 2319 τὰ
1587 2276 1850 2343 πρωτεῖα,
1909 2261 2045 2319 ἀλλὰ

402 2356 484 2412 διὰ
539 2359 638 2421 τῆς
692 2354 1068 2415 ταπεινώσεως
1128 2350 1333 2428 μᾶλλον
1389 2355 1744 2409 κατακτᾶσθαι
1784 2362 1844 2408 τὸ
1896 2354 2046 2428 ὑψη-

404 2444 516 2503 λόν.
584 2441 797 2499 Παιδίον
857 2443 955 2520 γὰρ
1027 2440 1247 2508 ἔστησεν
1320 2442 1394 2504 εἰς
1462 2442 1524 2496 τὸ
1554 2439 1739 2516 μέσον,
1768 2444 1854 2498 καὶ
1925 2440 2045 2499 κατ’

406 2533 583 2590 ἐκεῖνο
655 2530 893 2609 γενέσθαι
946 2532 1035 2587 καὶ
1089 2532 1232 2604 ἡμᾶς
1262 2528 1529 2606 βούλεται.
1564 2532 1635 2587 Τὸ
1673 2531 1772 2608 γὰρ
1815 2529 2045 2589 παιδίονο

406 2622 523 2679 οὔτε
578 2620 734 2688 δόξης
802 2620 1028 2698 ἐφίεται,
1089 2618 1202 2676 οὔτε
1263 2622 1470 2697 φθονεῖ,
1518 2616 1632 2674 οὔτε
1696 2632 2045 2693 μνησικακεῖ.

407 2713 504 2769 Καὶ
562 2710 620 2767 οὗ
678 2710 862 2784 μόνον,
927 2710 1105 2789 φητὶν,
1169 2708 1258 2764 ἐὰν
1287 2707 1433 2764 αὐτοὶ
1478 2716 1707 2766 τοιοῦτοι
1737 2710 2044 2787 γενήσεσθε,

403 2802 595 2878 μισθὸν
651 2798 885 2874 λὴψεσθε
943 2798 1135 2876 μέγαν,
1190 2795 1325 2854 ἀλλὰ
1377 2795 1476 2853 κέίν
1545 2796 1752 2876 ἑτέρους
1782 2799 2048 2863 τοιούτους

404 2891 673 2967 τιμήσητε
759 2885 826 2942 δι’
881 2888 1003 2963 ἐμὲ,
1062 2884 1332 2963 βασιλείαν
1389 2887 1619 2963 οὐρανῶν
1694 2885 2047 2950 ἀντιλάϐοιτε,

393 2978 413 3005 ³
426 2978 538 3054 Εμέ
597 2979 698 3055 γὰρ
764 2973 1004 3055 δέχεσθε⁶
1032 3055 1037 3056 7
1065 2975 1158 3051 ἐμὲ
1213 2973 1266 3030 δὲ
1324 2972 1630 3054 δεχόμενοι,
1692 2973 1911 3056 δέχεσθε
1962 2978 2052 3032 τὸν

408 3066 792 3125 ἀποστείλαντά
860 3086 949 3141 με.
1028 3055 1183 3143 Ὀρᾷς
1239 3066 1326 3120 οὗν
1358 3065 1497 3121 πόσα
1554 3063 1762 3121 δύναται
1804 3068 2051 3134 ἡταπεί-

413 3178 595 3236 νωσις,
648 3156 737 3212 καὶ
791 3156 853 3210 τὸ
907 3152 1179 3209 ἄπλαστον
1226 3159 1318 3209 τοῦ
1347 3153 1543 3231 τρόπου
1574 3155 1661 3211 καὶ
1703 3152 1913 3216 ἄδολον.
1950 3158 2051 3213 Τὸν

418 3247 539 3301 Υἱὸν
594 3245 693 3323 γὰρ
740 3244 828 3300 καὶ
868 3245 960 3299 τὸν
1003 3241 1209 3321 Πατέρα
1242 3242 1480 3314 ἐνοικίζει
1510 3241 1563 3299 ἐν
1591 3244 1750 3312 ἡμῖν,
1788 3243 2054 3324 Πρόδηλον

418 3331 473 3389 δὲ
506 3332 586 3389 ὅτι
630 3332 716 3388 καὶ
739 3333 801 3388 τὸ
827 3337 1038 3398 Πνεῦμα
1065 3333 1127 3387 τὸ
1153 3331 1329 3409 ἅγιον.

503 3444 531 3475 α
593 3418 876 3499 Ἀπεκρίθη
933 3416 987 3474 δί
1056 3421 1197 3493 αὐτῷ
1253 3421 1280 3475 6
1352 3416 1626 3495 Ἰωάννης,
1660 3418 1855 3498 λέγων*
1891 3418 2055 3476 Διδάο

411 3510 599 3584 σκαλε,
661 3506 875 3584 εἴδομεν
930 3529 1047 3563 τινα
1100 3506 1152 3564 ἐν
1224 3514 1301 3582 τῷ
1357 3506 1577 3583 ὀνόματί
1609 3530 1701 3565 σου
1731 3506 2054 3566 ἐκϐάλλοντα

410 3599 679 3676 δαιμόνια,
732 3596 790 3661 ὅς
849 3596 943 3652 οὒκ
1000 3596 1279 3653 ἀκολουθεῖ
1334 3598 1493 3671 ἡμῖν’
1574 3600 1660 3653 καὶ
1715 3596 2052 3675 ἐκωλύσαμεν

409 3690 586 3763 αὐτὸν,
644 3687 724 3742 ὅτι
779 3688 874 3743 οὒκ
928 3683 1212 3741 ἀκολουθεῖ
1276 3686 1437 3760 ἡμῖν.
1472 3682 1531 3743 Ὀ
1573 3683 1636 3745 δὲ
1666 3685 1870 3753 Ἰησοῦς
1902 3687 2051 3744 εἶπεσ

407 3778 495 3845 Μὴ
550 3774 783 3832 κωλύετε
840 3773 1020 3835 αὒτόν.
1081 3771 1257 3838 Οὐδεὶς
1306 3774 1406 3853 γὰρ
1436 3774 1580 3831 ἐστιν
1627 3774 1685 3840 ὅς
1714 3777 1926 3846 ποιήσει
1957 3774 2050 3832 δύ-

403 3888 560 3941 ναμιν
619 3864 704 3920 ἐπὶ
761 3867 838 3936 τῷ
894 3862 1114 3938 ὀνόματί
1142 3885 1267 3939 μου,
1320 3864 1406 3919 καὶ
1460 3862 1750 3934 δυνήσηται
1779 3866 1921 3945 ταχὺ
1947 3888 2052 3922 κα-

404 3954 698 4033 κολογῆσαί
759 3972 849 4029 με,
921 3951 1021 4015 ’Ὃς
1081 3952 1180 4031 γὰρ
1236 3955 1331 4011 οὐκ
1388 3950 1499 4009 ἔστι
1556 3953 1674 4010 καθ’
1703 3956 1884 4033 ἡμῶν,
1925 3956 2055 4011 ὑπέο

407 4046 563 4121 ἡμῶν
618 4042 783 4103 ἐστιν.
832 4062 871 4110 ἓ»
934 4043 1007 4098 Οὐ
1075 4040 1367 4114 ζηλοτυπίᾳ
1398 4043 1497 4097 τινὶ
1526 4043 1615 4099 καὶ
1643 4044 1817 4121 φθόνῳ
1845 4044 2055 4121 ὑπαγό-

412 4154 569 4209 μενος
628 4133 656 4188 ὁ
686 4134 784 4197 τῆς
832 4129 1055 4207 βροντῆς
1115 4131 1224 4195 υἱὸς
1268 4129 1460 4188 κωλύει
1490 4130 1694 4189 ἐκεῖνον
1723 4133 1814 4189 τόν
1841 4134 1908 4189 τὰ
1936 4130 2057 4189 δαι-

414 4223 570 4298 μόνια
624 4217 968 4295 ἐκϐάλλοντα,
1004 4217 1142 4275 ἀλλὰ
1186 4216 1352 4277 θέλων
1409 4219 1610 4286 πάντας
1686 4224 1805 4286 τοὺς
1863 4220 2057 4278 ἐπικα-

415 4309 699 4387 λουμένους
741 4309 803 4364 τὸ
850 4307 1017 4384 ὄνομα
1072 4314 1165 4365 τοῦ
1257 4315 1483 4388 Χριστοῦ
1562 4310 1649 4365 καὶ
1753 4308 2062 4367 ἀκολουθεῖν

414 4400 577 4474 αὐτῷ,
649 4398 736 4454 καὶ
785 4394 840 4451 ἔν
871 4396 1011 4453 εἶναι
1056 4402 1214 4472 σῶμα
1243 4398 1445 4460 πάντας
1472 4397 1595 4460 τούς
1649 4396 1909 4473 μαθητάς.
1972 4397 2061 4456 Ἐν

413 4489 512 4567 γὰρ
569 4489 636 4563 τῇ
685 4487 833 4566 ἀρχῇ
911 4492 1003 4543 τοῦ
1082 4486 1445 4566 κηρύγμανος,
1546 4488 1686 4549 τινὲς
1769 4485 2062 4567 φιλοδοξίας

2200 828 2371 889 Vens.
2411 828 2629 892 31-36.
2673 853 2699 883 «
2726 830 2797 891 Et
2831 830 2986 892 venit
3015 831 3075 891 in
3105 831 3475 911 Capernaum
3503 852 3519 895 :
3548 840 3606 894 et
3627 850 3762 894 cum

2117 916 2370 976 venisset
2415 916 2476 976 in
2509 917 2774 993 domum,
2796 918 3174 998 interrogavit
3196 920 3365 984 illos:
3398 920 3550 993 Quid
3582 923 3639 983 in
3662 922 3761 984 iti-

2117 1021 2261 1064 nere
2291 1006 2446 1064 inter
2475 1023 2578 1064 vos
2604 1005 3025 1086 disputabatis‘?
3048 1008 3121 1068 At
3152 1008 3237 1069 illi
3270 1009 3583 1072 siluerunt.
3615 1012 3761 1071 Nam

2116 1091 2271 1153 inter
2303 1111 2367 1154 se
2397 1093 2838 1174 disputaverunt
2863 1096 3019 1157 inter
3040 1096 3196 1158 viam
3216 1098 3347 1179 quis
3372 1107 3530 1162 esset
3550 1102 3764 1181 major.

2117 1180 2188 1244 Et
2220 1200 2355 1242 cum
2389 1183 2781 1256 consedisset,
2815 1186 3127 1247 accersivit
3154 1187 3499 1263 duodecim,
3529 1197 3588 1251 et
3617 1180 3769 1251 dicit

2117 1269 2234 1331 illis
2260 1289 2272 1332 :
2300 1271 2361 1332 Si
2393 1273 2522 1351 quis
2555 1273 2678 1333 Vult
2703 1273 2931 1352 primus
2962 1293 3119 1351 esse,
3155 1276 3205 1337 is
3225 1277 3339 1340 erit
3367 1278 3633 1340 omnium
3668 1297 3769 1360 po-

2116 1362 2375 1420 stremus
2397 1362 2728 1421 etomnium
2769 1362 3261 1444 minister.Atque
3290 1373 3596 1449 arreptum
3625 1386 3769 1449 pue-

2117 1467 2248 1509 rum
2280 1449 2481 1510 statuit
2511 1450 2571 1509 in
2605 1450 2800 1512 medio
2832 1452 3090 1514 illorum:
3120 1459 3178 1517 et
3215 1474 3351 1518 cum
3384 1456 3642 1537 cepisset
3687 1456 3769 1520 il-

2120 1537 2239 1597 lum
2263 1537 2323 1597 in
2357 1538 2523 1599 ulnas
2552 1558 2714 1620 suas,
2743 1540 2886 1601 dixit
2904 1541 3330 1625 illiszQuisquis
3360 1564 3542 1607 unum
3574 1564 3645 1608 ex
3676 1554 3767 1609 ta-

2121 1624 2276 1687 libus
2311 1628 2506 1706 pueris
2540 1630 2834 1709 receperit
2857 1630 2918 1690 in
2947 1634 3188 1695 nomine
3220 1624 3377 1710 ineo,
3414 1654 3509 1697 me
3530 1636 3765 1717 recipit:

2122 1724 2179 1776 et
2209 1716 2545 1806 quicunque
2586 1736 2681 1779 me
2722 1720 3086 1801 recipit,non
3121 1741 3214 1784 me
3244 1724 3592 1806 recipit,sed
3631 1716 3767 1787 eum

2121 1809 2218 1896 qui
2256 1822 2349 1864 me
2384 1805 2569 1896 misit.
2603 1831 2623 1862 υ
2664 1806 2950 1886 Discipuli
2981 1809 3177 1872 adhuc
3216 1805 3542 1875 humanum
3588 1814 3770 1896 quid-

2122 1891 2255 1953 dam
2280 1893 2602 1975 sapientes,
2627 1896 3066 1959 contendebant
3093 1898 3250 1962 inter
3272 1920 3360 1984 se,
3389 1904 3521 1983 quis
3564 1891 3768 1967 eorum

2124 1985 2313 2060 major
2342 1990 2400 2043 et
2428 1984 2662 2062 dignior
2687 1995 2844 2048 esset
2860 1987 3015 2067 apud
3039 1989 3652 2055 Christum.Deminus
3670 2012 3773 2055 au-

2125 2078 2243 2131 tem
2274 2091 2390 2133 non
2447 2073 2721 2153 prohibet
2774 2077 3132 2156 praelationis
3177 2080 3559 2161 cupiditatem
3596 2104 3610 2145 :
3652 2084 3774 2146 vult

2127 2161 2283 2221 enim
2318 2180 2425 2223 nos
2455 2163 2804 2243 aspiraread
2831 2164 3242 2230 sublimiorem
3262 2173 3515 2250 gradum
3539 2193 3554 2231 :
3575 2182 3634 2235 at
3654 2193 3773 2236 non

2125 2266 2341 2343 rapere
2374 2270 2480 2313 nos
2507 2252 2625 2312 vult
2659 2256 2877 2333 primas
2920 2255 3255 2335 dignitates,
3287 2260 3391 2324 sed
3444 2263 3638 2343 potius
3668 2282 3778 2340 per

2127 2340 2519 2404 humilitatem
2536 2345 2846 2424 acquirere
2869 2340 3585 2416 sublimitatem.Puerum
3611 2356 3768 2417 enim

2128 2433 2333 2491 statuit
2362 2433 2421 2492 in
2444 2433 2796 2509 medium,et
2816 2435 2901 2495 illi
2928 2437 3155 2516 similes
3176 2459 3283 2501 nos
3314 2441 3433 2503 vult
3462 2443 3780 2508 ﬁeri.Puer

2127 2521 2285 2581 enim
2320 2540 2510 2601 neque
2545 2523 2792 2602 gloriam
2823 2524 3144 2603 desiderat,
3179 2548 3373 2609 neque
3403 2532 3647 2611 invidet,
3665 2552 3777 2595 ne-

2130 2628 2248 2689 que
2280 2610 2550 2672 vindictae
2579 2612 2827 2692 cupidus
2848 2622 2958 2675 est.
2980 2614 3050 2676 Et
3088 2635 3207 2678 non
3238 2619 3454 2702 solum,
3477 2610 3690 2703 inquit,
3726 2623 3782 2685 si

2130 2698 2245 2780 ipsi
2284 2700 2429 2761 tales
2468 2700 2731 2791 fueritis,
2774 2705 3109 2767 mercedem
3142 2698 3450 2789 accipietis
3484 2698 3781 2791 magnam,

2131 2792 2234 2850 sed
2260 2800 2316 2871 et
2349 2789 2397 2848 si
2429 2790 2575 2851 alios
2608 2791 2753 2852 tales
2784 2793 3210 2857 venerabimini
3262 2808 3509 2878 propter
3556 2789 3650 2863 me
3678 2820 3777 2863 re-

2133 2896 2312 2956 gnum
2345 2878 2629 2940 caelorum
2659 2880 2964 2961 accipietis
3000 2902 3012 2944 :
3041 2902 3135 2945 me
3166 2887 3323 2947 enim
3360 2889 3653 2970 accipitis:
3688 2909 3784 2952 me

2133 2976 2330 3028 autem
2362 2967 2461 3045 qni
2496 2968 2768 3051 suscipit,
2820 2970 3067 3051 suscipit
3119 2992 3253 3036 eum
3299 2978 3401 3057 qui
3455 2967 3549 3040 me
3600 2979 3779 3043 misit.

2132 3053 2311 3148 Vides
2344 3056 2519 3148 igitur
2547 3065 2764 3148 quanta
2795 3068 2991 3137 potest
3030 3053 3785 3148 humilitas,simplicesque

2071 3189 2112 3240 ο
2137 3152 2194 3206 et
2221 3144 2444 3240 absque
2466 3145 2682 3240 fraude
2706 3148 3148 3240 mores.Filium
3182 3153 3339 3215 enim
3375 3163 3434 3215 et
3454 3144 3780 3217 Patrem—in

2138 3233 2309 3325 nobis
2344 3232 2611 3295 habitare
2656 3234 2815 3298 facit.
2868 3238 3238 3302 Manifestum
3270 3250 3467 3304 autem
3522 3245 3674 3325 quod
3725 3253 3785 3308 et

2136 3322 2421 3403 Spiritum
2453 3328 2745 3388 sanctum.

2217 3410 2397 3474 Vens.
2431 3411 2645 3475 37-39.
2680 3415 3013 3495 Respondit
3059 3426 3256 3481 autem
3289 3422 3341 3483 ei
3373 3422 3654 3497 Joannes,
3685 3422 3781 3486 di-

2136 3519 2280 3562 cens
2306 3521 2318 3562 :
2348 3503 2963 3581 Praeceptor,vldimus
2986 3508 3302 3587 quemdam
3327 3510 3388 3571 in
3419 3512 3662 3575 nomine
3684 3520 3784 3574 tuo

2138 3589 2360 3669 ejicere
2391 3590 2821 3663 daemonia,nec
2853 3598 3122 3677 sequitur
3144 3610 3336 3679 nos,et
3370 3601 3785 3681 prohibuimus

2136 3678 2331 3753 illum,
2363 3689 2678 3759 propterea
2703 3683 2864 3761 quod
2896 3703 3013 3745 non
3040 3678 3309 3767 sequitur
3339 3678 3465 3751 nios.
3501 3694 3579 3754 At
3609 3688 3785 3753 Jesus

2138 3770 2255 3862 ait:
2291 3772 2382 3862 Ne
2410 3770 2778 3862 prohibeatis
2823 3772 3230 3839 illum.Nullus
3262 3779 3421 3840 enim
3456 3789 3566 3856 est,
3605 3780 3705 3862 qui
3734 3780 3785 3841 si

2137 3857 2345 3918 fecerit
2372 3858 2644 3919 virtutem
2680 3879 2786 3940 per
2807 3881 3023 3925 nomen
3056 3857 3785 3948 meum,possitcito—male

2138 3947 2301 4028 loqui
2325 3948 2399 4009 de
2424 3966 2542 4009 me.
2576 3950 2718 4008 220
2742 3950 2853 4022 Qui
2888 3954 3047 4014 enim
3080 3974 3197 4017 non
3225 3947 3313 4018 est
3340 3958 3622 4022 adversus
3653 3979 3785 4034 nos,

2139 4055 2245 4117 pro
2280 4036 2451 4097 nobis
2483 4044 2595 4101 est.
2640 4063 2661 4093 ι
2701 4036 2829 4102 Non
2853 4041 3137 4123 zelotypia
3170 4047 3422 4125 quadam
3453 4050 3542 4110 vel
3568 4049 3789 4111 invidia

2140 4125 2353 4216 ductus
2390 4126 2629 4216 tonitrui
2670 4128 2822 4188 filius
2851 4131 3126 4209 prohibet
3156 4134 3317 4196 illum
3349 4137 3451 4216 qui
3494 4138 3790 4200 dtemonia

2141 4213 2437 4294 ejicit,sed
2461 4216 2662 4277 volens
2674 4235 2882 4278 omnes
2894 4219 2996 4297 qui
3017 4220 3296 4284 invocant
3316 4213 3536 4287 nomen
3552 4226 3790 4289 Domini

2146 4304 2333 4365 nostri
2380 4306 2519 4367 Jesu
2550 4304 2788 4381 Christi,
2825 4307 3001 4369 etiam
3043 4312 3215 4392 sequi
3266 4315 3483 4394 ipsum,
3516 4324 3576 4378 et
3605 4334 3789 4379 unum

2147 4412 2281 4455 esse
2312 4411 2530 4474 corpus
2560 4412 2767 4456 omnes
2798 4396 3148 4478 discipulos.
3182 4402 3328 4462 Nam
3386 4403 3446 4463 in
3500 4404 3790 4487 principio

2148 4483 2585 4576 praedicationis
2616 4483 2880 4576 quidam,
2913 4505 3074 4550 vanas
3119 4491 3320 4567 gloria;
3367 4483 3563 4556 studio
3610 4483 3791 4576 capti,

412 4575 565 4656 ἔρωτι
621 4574 991 4656 κρατούμενοι,
1052 4573 1240 4642 ἤθελον
1305 4577 1392 4633 καὶ
1465 4576 1612 4633 αὐτοὶ
1664 4589 1868 4651 σημεῖα
1912 4574 2047 4643 δῆθετ

2150 4572 2460 4634 voluerunt
2490 4581 2548 4634 et
2569 4572 2684 4654 ipsi
2707 4574 2875 4653 signa
2904 4576 3122 4640 facere.
3150 4578 3439 4644 Videntes
3466 4592 3666 4646 autem
3682 4572 3793 4646 no-

412 4654 746 4745 ἐργάζεσθαι.
833 4654 1088 4742 Ὀρῶντες
1146 4662 1201 4719 δὲ
1272 4666 1334 4722 τὸ
1364 4665 1528 4740 ὄνομα
1558 4672 1651 4723 τοῦ
1687 4662 1864 4733 Ἰησοῦ
1893 4663 2067 4722 πολλὰ

414 4753 725 4830 δυνάμενον,
798 4751 1048 4831 ἐπέλεγον
1104 4754 1288 4833 τοῦτο,
1355 4754 1446 4811 καί
1491 4753 1557 4822 δὴ
1589 4768 1797 4828 σημεῖα
1831 4755 2060 4829 ἐποίουν,

417 4842 593 4909 ἄλλως
672 4840 874 4907 ἀνάξιοι
926 4839 1071 4906 ὄντες
1104 4843 1201 4909 τῆς
1245 4845 1386 4905 θείας
1426 4844 1647 4924 χάριτος
1684 4843 1834 4925 (69).
1870 4841 2066 4901 Ἠϐού-

418 4930 544 4990 λετο
622 4933 724 5011 γὰρ
778 4934 806 4987 6
866 4931 1050 5010 Κύριος
1108 4928 1462 4989 πλατύνεσθαι
1519 4934 1579 4989 τὸ
1651 4935 1920 5013 κήρυγμα,
1981 4934 2069 4989 καὶ

2149 4681 2286 4723 men
2303 4663 2330 4724 J
2343 4681 2446 4723 esu
2473 4663 2723 4724 multum
2748 4664 2966 4739 valere,
3001 4686 3180 4748 super
3200 4670 3464 4733 inﬁrmos
3490 4673 3601 4734 hoc
3622 4672 3793 4736 dice-

2150 4750 2311 4830 bant,
2343 4751 2625 4832 signaque
2653 4752 2966 4830 faciebant,
3002 4756 3220 4837 alioqui
3257 4760 3441 4838 gratia
3470 4760 3668 4823 divina
3697 4763 3793 4823 in-

2151 4840 2636 4920 digni.Volebant
2665 4841 2825 4902 enim
2857 4844 3126 4907 Christus
3155 4847 3392 4910 dilatari
3423 4851 3797 4931 praedicatio-

2150 4950 2287 4993 nem
2322 4931 2496 4993 etiam
2524 4950 2629 5010 per
2650 4930 2948 5012 indignos.
2970 4934 3121 5006 Quid
3144 4937 3322 5017 igitur
3341 4930 3632 5003 Salvator?
3663 4942 3797 5004 Non

419 5019 502 5078 διὰ
559 5029 665 5077 τῶν
723 5019 968 5085 ἀναξίων.
1013 5019 1062 5077 Γί
1104 5019 1192 5076 οἶν
1237 5023 1266 5077 6
1293 5022 1483 5101 Σωτὴρ
1521 5043 1536 5098 ;
1570 5027 1643 5082 Οὔ
1679 5023 1959 5106 συγχωρεῖ
1990 5030 2047 5097 τᾷ

2150 5019 2746 5102 permittitJoannem
2780 5023 3099 5101 prohibere
3130 5030 3295 5106 signa
3338 5028 3677 5093 facientem.
3711 5028 3794 5092 O-

416 5109 642 5186 Ἰωάννῃ
669 5107 888 5166 κωλύειν
908 5109 1000 5165 τὸν
1029 5109 1095 5165 τὰ
1126 5122 1332 5186 σημεῖα
1361 5094 1632 5185 ποιουντα,
1679 5094 1823 5191 alii
1860 5094 2047 5191 ,I‘A?£tl

2150 5094 2387 5183 inittite,
2419 5108 2611 5189 inquit
2641 5094 2837 5171 nullus
2866 5112 3025 5173 enim
3059 5115 3160 5195 qui
3183 5094 3398 5178 fecerit
3425 5116 3702 5180 virtutem
3734 5117 3797 5179 in

1499 5240 1581 5305 Ex
1612 5241 1929 5306 collatione
1960 5244 2137 5310 codd.
2174 5242 2384 5307 Venet.
2420 5246 2477 5303 S.
2518 5243 2726 5305 Marci.

655 5369 801 5469 ορᾲ-
1004 5371 1241 5469 ’Ἄλλως
1291 5374 1397 5469 illc
1479 5378 1618 5469 θείας
1648 5379 1870 5469 χάριτος
1914 5377 2047 5469 ὄντει

2157 5404 2184 5436 α
2204 5378 2458 5469 _Alioqui
2489 5377 2901 5469 gratia‘divina
2926 5381 3188 5469 indigni;
3226 5404 3295 5449 eo
3327 5389 3481 5469 quod
3520 5409 3639 5453 non
3670 5412 3803 5459 sese

417 5450 644 5523 ἀνάξιοιξ
702 5451 781 5509 διὸ
840 5450 957 5545 οὔδε
1012 5453 1429 5545 συνηκολούθουν
1484 5450 1786 5545 αὐτοῖς’δία
1809 5462 1906 5529 τὴν
1971 5465 2047 5541 ἐγ.

2147 5450 2518 5545 adjugebant
2524 5459 2807 5545 apostolis
2828 5450 3363 5545 propteFipsoruni
3381 5450 3800 5539 abstinentiam

418 5536 664 5614 κράτειαν
719 5534 809 5590 καὶ
865 5530 1284 5613 σκληραγωγίαν
1366 5542 1473 5593 τῶν
1567 5538 1902 5617 ἀποστόλων,
1979 5530 2047 5599 κα

428 5614 451 5631 κ
480 5616 493 5631 .
592 5615 607 5631 ι
683 5612 760 5631 ..η
948 5613 962 5631 .
1037 5614 1052 5631 ς
1200 5616 1214 5631 .
1289 5622 1296 5631 .
1463 5620 1485 5631 ..
1520 5615 1539 5631 ς
1575 5619 1586 5631 ,
1835 5621 1859 5631 ..
1962 5625 1979 5631 -

2152 5530 2333 5631 atque
2387 5537 2448 5598 in
2501 5530 2769 5631 vivendo.
2791 5530 3249 5631 austeritatem;
3285 5559 3342 5610 et
3371 5530 3472 5631 qui
3500 5530 3807 5619 761853;:

424 5612 508 5713 διδΞ
558 5615 629 5713 Ἐξ
682 5612 851 5713 θέλεεν
906 5613 1114 5713 “ataui
1171 5616 1413 5713 obiciat"
1461 5615 1755 5713 eekjpaew
1823 5612 2067 5713 avsum},
2148 5612 2316 5713 ῥυξιει
2348 5618 2648 5713 prop-riam
2679 5620 3039 5713 voluntatem
3072 5644 3140 5689 ac
3162 5612 3806 5712 Ιὶιιενὶυὲνίνοιίοίᾶἆῖά

422 5695 511 5754 καὶ
568 5692 986 5774 ἀδιαφορώτερον
1055 5693 1177 5765 ζῆν.
1236 5697 1296 5754 Τί
1355 5695 1443 5753 οὗν
1474 5699 1502 5753 ὁ
1546 5692 1736 5779 Σωτήρ
1776 5717 1812 5778 ;,
1845 5692 1899 5764 κ,
1932 5723 1984 5765 τ.
2014 5702 2046 5758 λ

2149 5692 2364 5783 igitur:
2381 5692 2669 5762 Sdlvator
2686 5697 2718 5758 ἵ
2745 5705 2863 5766 etc.
