4154 6298
391 332 503 400 891
1352 338 1937 408 THEOPHYLACTI
1981 340 2393 407 BULGARIE
2437 340 2793 410 ARCHIEP.
3650 344 3771 413 $92

392 471 635 534 nomine
666 474 1022 547 meo,statim
1047 474 1265 554 poterit
1287 476 1363 538 de
1395 496 1489 538 me
1523 478 1674 541 male
1705 477 2005 559 loqui.Nai

2098 478 2251 558 ιγὰρ,
2315 479 2498 557 φησὶν,
2572 477 2737 543 οὐδεὶς
2792 480 2892 560 γὰρ
2922 475 3197 548 δυνὴσεται
3226 481 3368 562 ταχὺ
3409 480 3774 561 κακολογῆσαί

391 583 506 644 quo
567 570 735 643 pacto
789 562 942 624 male
1000 563 1346 645 loqueretur
1393 567 1467 628 de
1527 586 1645 649 me,
1678 569 1777 650 qui
1819 587 2005 630 nomei

2119 588 2209 647 με,
2282 565 2340 631 ὅς
2370 568 2585 636 ποιησει
2615 566 2833 647 δύναμιν
2878 567 2963 626 ἐπὶ
2990 576 3069 644 τῷ
3096 570 3317 647 ὀνόματί
3342 593 3467 646 μου.
3525 577 3644 636 Πῶς
3673 574 3773 652 γὰρ

390 672 588 715 meum
616 654 676 714 in
709 652 1082 714 occasionem
1111 653 1314 731 gloria:
1345 658 1632 737 prastexit,
1661 666 1719 719 et
1749 657 1995 719 invocan

2117 654 2180 711 ἅν
2242 656 2632 737 κακολογήσειὲ
2718 679 2786 735 με
2835 661 2864 715 ὁ
2891 660 2954 716 τὸ
2996 658 3166 735 ὄνομά
3195 683 3299 736 μου
3330 660 3576 741 ἀφορμήν
3616 660 3771 730 δόξης

388 746 465 805 do
498 743 643 804 illud
675 750 953 822 operatur
978 742 1171 803 mira?
1200 743 1448 806 Videtur
1490 755 1686 807 autem
1746 746 2001 809 Dominu

2117 743 2286 825 ἔχων,
2348 747 2435 803 καὶ
2491 744 2577 803 διὰ
2635 757 2728 807 τοῦ
2811 747 3181 807 ἐπικαλεῖσθαι
3265 758 3422 808 τοῦτο
3531 756 3771 827 θαυματ-

387 833 500 896 sibi
524 831 1201 894 contradicere.Dixerat
1232 834 1389 895 enim
1414 835 1555 897 alibi
1586 855 1598 899 :
1638 835 1776 909 tQui
1800 856 1917 897 non
1945 855 2005 898 es

2115 842 2316 914 ουργῶν
2378 836 2544 917 (70);
2611 846 2773 895 Δοκεῖ
2828 836 2882 894 δὲ
2940 839 3149 920 ἐναντία
3222 838 3398 919 λέγειν
3485 842 3512 897 ὁ
3581 842 3764 920 Κύριος

386 941 622 984 mecum
646 930 850 984 contra
880 940 975 983 me
999 931 1127 985 est:
1167 941 1357 986 inuno
1387 924 1549 987 dicit:
1593 924 1734 998 «Qui
1758 945 1873 986 non
1893 944 2004 986 con

2112 925 2305 999 ἑαυτῷ.
2376 923 2652 1007 Ἀλλαχοῦ
2706 928 2806 1007 γὰρ
2836 929 3021 1005 εἰπὼν,
3062 953 3087 984 ιι
3126 919 3183 987 Ὀ
3215 933 3295 1005 μὴ
3324 929 3399 987 ὧν
3456 929 3573 1006 μετ’
3604 919 3757 1007 ἐμοῦ,

387 1020 474 1073 tra
494 1029 741 1093 nos,pro
762 1010 932 1071 nobis
955 1018 1064 1071 est.
1070 1011 1412 1103 _»_Videntur
1424 1013 1668 1094 quidem
1693 1016 1818 1078 haec
1838 1014 2005 1076 diver

2109 1014 2229 1071 κατ’
2253 1014 2385 1091 ἐμοῦ
2410 1015 2545 1089 ἐστι,
2580 1039 2608 1072 ι
2644 1022 2732 1072 νῦν
2762 1015 2930 1097 λέγει,
2966 1041 2994 1073 α
3024 1015 3134 1084 ’Ὃς
3156 1018 3249 1074 οὐκ
3274 1018 3382 1075 ’ἐστι
3431 1018 3547 1076 καθ’
3577 1022 3757 1103 ἡμῶν,

382 1121 469 1183 sa,
500 1121 616 1164 non
650 1109 785 1163 sunt
817 1109 1037 1165 autem.
1069 1100 1214 1161 Nam
1243 1122 1376 1163 cum
1405 1103 1572 1178 dicit,
1604 1130 1626 1159 (ι
1665 1103 1776 1176 Qui
1800 1124 2002 1166 nones

2107 1104 2237 1183 ὑπὲρ
2320 1107 2475 1179 ἡμῶν
2532 1104 2667 1169 ἐστι.
2724 1125 2754 1164 )
2785 1114 3038 1164 Δοκοῦσιν
3093 1110 3182 1166 οὖν
3210 1110 3373 1165 ταῦτα
3402 1108 3629 1165 ἐναντία·
3664 1100 3757 1166 οὐκ

384 1211 644 1274 mecum,
678 1198 883 1253 contra
915 1210 1009 1252 me
1039 1200 1129 1253 est
1157 1192 1241 1263 87,
1277 1196 1353 1254 de
1382 1192 1751 1255 daemonibus
1784 1202 1871 1256 est
1893 1193 2005 1256 dic-

2111 1194 2207 1249 εἰσὶ
2248 1192 2324 1257 δὲ.
2373 1195 2443 1253 Τὸ
2478 1197 2573 1271 μὲν
2603 1196 2724 1273 γὰρ.
2770 1219 2797 1252 α
2829 1194 2890 1255 Ὀ
2917 1197 2995 1273 μὴ
3024 1196 3098 1254 ὤν
3129 1197 3248 1273 μετ’
3279 1197 3430 1277 ὄμοῦ,
3477 1195 3596 1254 κατ’
3628 1197 3759 1273 ἐμοῦ

382 1292 531 1357 tum,
568 1282 663 1362 qui
694 1281 932 1342 student
961 1300 993 1342 a
1025 1281 1240 1342 divinis
1278 1281 1646 1357 abstrahere,
1675 1291 1731 1344 et
1761 1302 1890 1364 qum
1920 1283 2005 1345 De

2110 1285 2249 1361 ἐστι,
2307 1310 2331 1344 ι
2394 1289 2511 1367 περὶ
2582 1286 2844 1364 δαιμόνων
2872 1288 3109 1368 εἴρηται,
3154 1296 3259 1347 τῶν
3291 1290 3397 1346 ἀπὸ
3428 1292 3561 1346 Θεοῦ
3590 1289 3757 1370 ἀφέλ-

378 1381 536 1447 sunt,
571 1373 941 1450 dispergere.
968 1370 1131 1443 Quod
1154 1380 1349 1433 autem
1375 1392 1553 1443 nunc,
1584 1373 1803 1433 dictum
1829 1374 1905 1433 de
1927 1373 2005 1435 hoc

2109 1396 2220 1432 κειν
2277 1374 2675 1447 σπουδαζόντων
2730 1380 2817 1435 καὶ
2871 1379 3259 1458 σκορπιζόντων
3313 1378 3381 1447 τὰ
3436 1386 3531 1436 τοῦ
3599 1387 3755 1443 Θεοῦ.

378 1462 660 1535 minibus,
694 1461 794 1542 qui
821 1460 892 1521 ad
917 1460 1102 1521 Deum
1134 1460 1418 1541 quosdam
1449 1463 1749 1523 adducunt
1778 1480 1883 1543 per
1904 1463 2005 1523 mi-

2110 1464 2181 1519 Τὸ
2239 1462 2294 1519 δὲ
2350 1472 2436 1522 νῦν
2491 1464 2646 1542 ῥηθὲν
2700 1469 2818 1546 περὶ
2874 1467 3182 1548 ἀνθρώπων,
3214 1470 3320 1525 τῶν
3350 1467 3555 1544 μᾶλλον
3584 1491 3758 1549 προσ-

2103 1552 2340 1633 αγόντων
2396 1555 2544 1618 τινὰς
2613 1561 2690 1630 τῷ
2720 1561 2837 1630 Θεῷ
2892 1554 2976 1613 διὰ
3030 1563 3123 1613 τοῦ
3175 1557 3412 1633 θαύματα
3457 1556 3748 1622 ἐπιτελεῖν,

374 1550 711 1613 raculorum
743 1549 1176 1630 operationem.

2185 1664 2214 1696 ι
2260 1631 2371 1706 ³Ὀς
2424 1643 2523 1721 γὰρ
2592 1642 2654 1701 ἄν
2711 1645 2901 1722 ποτίσῃ
2952 1647 3089 1721 ὑμᾶς
3145 1631 3396 1724 ποτήριον
3456 1644 3643 1713 ὕδατος
3693 1648 3747 1705 ἐν

454 1643 632 1703 Vens.
666 1640 767 1713 40,
802 1639 900 1699 41.
934 1638 1250 1718 «Quisquis
1281 1640 1437 1701 enim
1459 1639 1530 1701 ad
1566 1638 1886 1703 bibendum
1908 1642 2016 1703 de-

371 1734 526 1795 derit
553 1731 721 1794 vobis
752 1731 1004 1793 calicem
1028 1749 1195 1811 aquaa
1224 1731 1283 1792 in
1313 1732 1553 1794 nomine
1586 1734 1907 1814 meo,quod
1926 1734 2005 1797 si-

2098 1737 2173 1791 τῶ
2228 1732 2610 1823 ὀνόματί-μου,
2659 1732 2738 1790 ὅτι
2773 1742 2997 1814 Χριστοῦ
3025 1735 3168 1816 ἔστι,
3215 1736 3356 1811 ἀμὴν
3399 1734 3543 1815 λέγω
3593 1738 3745 1818 ὑμῖν,

372 1824 443 1885 tis
461 1822 700 1886 Christi:
724 1840 896 1883 amen
916 1820 1047 1882 dico
1080 1821 1650 1903 vobis,nequaquam
1676 1822 2016 1903 perditurus

370 1921 458 1975 est
489 1913 826 1973 mercedem
858 1928 1045 1971 suam.
1076 1910 1152 1971 Et
1185 1909 1451 1991 quisquis
1481 1911 1801 1973 offenderit
1829 1931 2011 1973 unum

369 2023 439 2065 ex
472 2001 702 2083 pusillis
724 2001 824 2081 qui
848 2000 1156 2061 conﬁdunt
1187 2001 1252 2061 in
1278 2018 1396 2074 me,
1423 1999 1638 2062 melius
1669 2000 1821 2063 foret
1853 2001 1937 2062 illi
1966 2000 2015 2062 si

370 2092 845 2155 circumdaretur
876 2104 1081 2150 saxum
1107 2089 1330 2151 molare
1361 2089 1519 2151 circa
1540 2089 1831 2152 cervicem
1859 2091 2012 2172 ejus,

367 2191 425 2245 et
453 2181 814 2262 abjiceretur
859 2178 918 2239 in
950 2196 1192 2240 mare.»
1230 2180 1361 2241 Non
1420 2179 1636 2256 solum,
1682 2179 1894 2259 inquit,
1930 2180 2016 2241 fa-

365 2272 590 2333 cientes
619 2269 895 2331 virtutem
924 2267 983 2328 iu
1009 2267 1249 2328 nomine
1278 2285 1560 2347 meo,non
1590 2267 2010 2346 prohibeozsed

362 2363 409 2421 si
438 2360 569 2441 quis
618 2358 927 2421 minimum
985 2356 1265 2436 quiddam
1312 2357 1545 2418 dederit
1575 2354 1740 2417 vobis
1771 2365 2014 2437 propter

362 2467 583 2511 nomen
614 2466 841 2519 meum,
876 2454 934 2506 et
965 2446 1417 2525 susceperitvos
1458 2453 1700 2526 protuter
1734 2465 1849 2519 me,
1888 2465 2005 2507 non

360 2545 603 2619 propter
626 2537 942 2598 humanam
984 2536 1256 2611 gratiam,
1280 2535 1365 2596 vel
1401 2535 1782 2614 mundanam,
1804 2535 2003 2597 neuti-

360 2646 538 2708 qnam
566 2625 770 2705 perdet
787 2623 1124 2687 mercedem
1145 2624 1501 2686 suam.Dixit
1528 2631 1725 2687 autem
1750 2624 1999 2688 calicem

358 2736 549 2799 aquae,
601 2725 846 2797 propter
893 2732 995 2777 eos
1045 2714 1145 2794 qui
1198 2722 1598 2795 paupertatem
1653 2722 1997 2794 praetexunt.

2099 1821 2159 1876 οῦ
2221 1820 2299 1896 μὴ
2358 1819 2596 1899 ἀπολέσῃ
2655 1825 2748 1879 τὸν
2806 1825 2991 1899 μισθὸν
3033 1828 3211 1887 αὐτοῦ.
3248 1826 3346 1883 Καὶ
3374 1824 3431 1890 ὅς
3460 1825 3550 1881 ἰὰν
3577 1847 3744 1883 σκαν-

2098 1907 2285 1986 δαλίσῃ
2357 1908 2447 1965 ἕνα
2491 1917 2595 1969 τῶν
2641 1914 2845 1990 μικρῶν
2923 1914 3029 1969 τῶν
3088 1914 3444 1970 πιστευόντων
3498 1915 3573 1980 εἰς
3623 1915 3741 1991 iis},

2096 1996 2261 2054 καλόν
2303 1998 2445 2056 ἐστιν
2503 2000 2645 2074 αῦτῷ
2696 2000 2921 2076 μᾶλλον,
2982 2003 3027 2058 εἶ
3082 2004 3371 2083 περίκειται
3426 2002 3568 2067 λίθος
3600 2004 3750 2079 μυλι-

2098 2088 2192 2151 κὸς
2254 2088 2371 2166 περὶ
2438 2088 2529 2144 τὸν
2587 2088 2860 2169 τράχηλον
2918 2092 3099 2165 αὐτοῦ,
3140 2093 3224 2149 καὶ
3255 2088 3514 2168 βέϐληται
3546 2094 3619 2157 εἷς
3648 2095 3745 2161 τήι

2098 2175 2386 2238 θάλασσαν.
2478 2199 2505 2232 ι
2566 2180 2638 2236 Οῦ
2684 2181 2846 2255 μόνον
2894 2182 3047 2261 φησὶ,
3084 2181 3174 2237 τὸν
3215 2178 3459 2256 δυνάμεις
3491 2191 3742 2241 ποιοῦντα

2098 2264 2152 2321 ἒν
2208 2273 2286 2341 τῷ
2341 2266 2561 2341 ὀνόματί
2630 2289 2734 2343 μου
2789 2270 2848 2325 οὔ
2914 2267 3126 2341 κωλύω,
3159 2268 3295 2326 ἀλλὰ
3323 2269 3422 2325 κᾶν
3446 2291 3529 2336 τις
3559 2270 3748 2352 ἒλάχι·

2096 2357 2218 2411 στόν
2247 2377 2297 2411 τι
2329 2354 2483 2411 δώσει
2512 2359 2641 2432 ὒμτν
2684 2355 2768 2413 διὰ
2796 2359 2857 2415 τὸ
2888 2357 3017 2433 ἐμόν
3059 2357 3249 2435 ὄνομα,
3295 2360 3384 2416 καὶ
3427 2357 3741 2428 ἀποδέξηται

2089 2444 2226 2519 ὑμᾶς
2280 2442 2348 2500 δι’
2407 2444 2526 2521 ἐμὲ,
2589 2444 2648 2502 οὒ
2716 2444 2782 2502 δι’
2814 2446 3144 2525 ἀνθρωπίνην
3177 2448 3338 2528 χάριν
3372 2446 3407 2516 ἦ
3438 2450 3731 2524 κοσμικὴν,

2086 2533 2144 2589 οὒ
2191 2533 2270 2609 μὴ
2340 2532 2576 2611 ἀπολέσῃ
2610 2536 2699 2591 τὸν
2753 2536 2941 2610 μισθὸν
2983 2537 3162 2599 αὐτοῦ.
3195 2537 3335 2594 Εἷπε
3365 2535 3419 2593 δὲ
3465 2539 3525 2593 τὸ
3555 2539 3731 2606 ποτὴ-

2085 2644 2197 2701 ριον
2249 2629 2340 2679 τοῦ
2409 2620 2620 2699 ὕδατος,
2676 2621 2760 2680 διὰ
2811 2625 2931 2688 τοὺς
2983 2626 3463 2705 προφασιζομένους
3507 2627 3602 2694 τήν
3633 2649 3724 2683 πε-

2085 2713 2213 2774 νίαν,
2277 2710 2385 2770 Κᾶν
2419 2713 2537 2792 γὰρ,
2572 2714 2725 2792 φησὶ,
2756 2715 3012 2793 ποτήριον
3037 2713 3221 2814 ὕδατός
3239 2712 3442 2787 δώσεις,
3476 2717 3534 2769 τὸ
3565 2716 3715 2770 εὐτε-

2083 2800 2359 2881 λέστατον,
2433 2800 2550 2859 οὐδὲ
2620 2809 2775 2860 τοῦτο
2845 2801 3148 2868 ἀπολέσεις.
3186 2800 3395 2883 ’Ἄὶσπερ
3424 2801 3477 2858 δὲ
3507 2801 3595 2861 ἐὰν
3623 2802 3712 2859 ἕνα

355 2806 542 2867 Etiam
576 2807 627 2868 si
658 2804 928 2877 calicem,
953 2802 1169 2883 inquit,
1194 2820 1359 2883 aquae
1382 2802 1621 2865 dederis
1651 2804 2001 2884 contempti-

2083 2893 2189 2946 τῶν
2247 2895 2451 2970 μικρῶν
2512 2890 2771 2968 τιμὴσῃς,
2863 2894 3164 2971 εὔαρεστετς
3224 2899 3301 2967 τῷ
3362 2898 3499 2968 Θεῷ,
3553 2892 3718 2955 οὕτως

356 2895 560 2971 bilem,
592 2913 784 2975 neque
815 2893 981 2955 illum
1016 2891 1770 2971 perdes.Quemadmodum
1804 2901 1997 2954 autem

276 3056 281 3057 ν
353 2986 400 3046 si
435 3005 618 3046 unum
655 3003 724 3045 ex
759 2982 950 3063 parvis
1012 2982 1415 3056 honoraveris,
1448 2989 1650 3061 gratus
1701 2982 1819 3043 eris
1854 2985 1996 3063 Deo,

2098 2980 2173 3036 ἐὰν
2230 2978 2321 3036 ἕνα
2404 2985 2509 3037 τῶν
2568 2986 2770 3060 μικρῶν
2815 2980 3185 3063 σκανδαλίσῃς,
3234 2980 3498 3038 τουτέστιν
3527 2979 3725 3057 ἀτιμά-

352 3074 436 3138 sic
466 3074 516 3136 si
546 3092 729 3135 unum
762 3091 829 3132 ex
865 3070 1603 3151 parvis,scandalizaveris,
1637 3073 1749 3133 hoc
1781 3072 1993 3146 est,de-

2098 3088 2207 3144 τῃς,
2266 3067 2644 3149 ὒποσκελίσῃς,
2695 3070 2944 3151 συμφέρει
3000 3092 3110 3144 σοι,
3208 3073 3252 3127 εἶ
3310 3068 3472 3146 μύλος
3553 3070 3728 3133 ὀνικὸς

353 3159 1306 3243 spexeris,offenderis,expediret
1340 3158 1443 3220 tibi
1473 3160 1523 3220 si
1558 3164 1710 3220 mola
1739 3160 2002 3222 asinaria

2098 3158 2383 3233 ἐκρεμάσθη
2413 3180 2508 3215 σου
2537 3158 2591 3214 ἐν
2621 3165 2698 3234 τῷ
2740 3159 3023 3240 τραχήλῳ·
3057 3162 3275 3241 χείρονα
3305 3161 3430 3239 γὰρ,
3464 3161 3535 3225 ὣς
3564 3158 3726 3232 ἔοικε,

350 3255 425 3314 de
450 3254 599 3315 collo
622 3260 720 3313 tuo
743 3250 1564 3331 suspenderetur,graviorem
1580 3252 1737 3310 enim
1765 3268 1997 3330 poenam

2098 3247 2339 3327 τιμωρίαν
2386 3248 2823 3325 ὑποστησόμεθαε
2875 3251 3141 3318 Αἷσθητὴν
3211 3247 3275 3309 δά
3321 3248 3575 3329 τιμωρίαν
3631 3247 3724 3304 εί-

350 3342 801 3403 sustinebimus.
836 3338 1133 3402 Sensibile
1182 3347 1382 3400 autem
1436 3338 1795 3419 supplicium
1828 3338 1997 3416 dixit,

2098 3355 2202 3409 τεν,
2262 3333 2502 3416 ἐκφοϐῶν
2563 3338 2708 3413 ἡμᾶς
2756 3335 2840 3393 διὰ
2886 3338 3072 3395 τούτου
3123 3344 3216 3395 τοῦ
3272 3339 3525 3405 αἰσθητοῦ
3576 3338 3714 3393 ὑπο-

348 3440 580 3493 terrens
612 3449 720 3490 nos
750 3448 858 3509 per
886 3429 999 3489 hoc
1030 3428 1312 3490 sensibile
1344 3428 1666 3507 exemplar.

2098 3423 2133 3479 ἴε
2140 3425 2361 3503 ίγματος
2371 3471 2387 3486 .

426 3522 610 3581 Vsus.
648 3518 856 3581 [μὶ-49.
894 3517 995 3577 «Et
1025 3516 1075 3577 si
1108 3516 1212 3577 tibi
1243 3516 1421 3577 fuerit
1444 3515 1747 3578 obstaculo
1782 3535 1990 3579 manus

2163 3534 2185 3568 ι
2249 3516 2348 3570 Καὶ
2400 3513 2491 3570 ἰὰν
2548 3511 2865 3592 σκανδαλὶζῃ
2922 3535 2980 3571 σε
3034 3517 3069 3585 ἡ
3100 3518 3221 3596 χείρ
3270 3537 3385 3591 σου,
3445 3514 3720 3590 ἀπόκοψον

347 3618 470 3684 tua,
499 3617 738 3689 amputa
765 3607 947 3669 illam.
978 3609 1203 3668 Bonum
1238 3614 1324 3666 est
1353 3604 1455 3666 tibi
1483 3605 1749 3665 mutilum
1783 3605 1853 3667 ad
1899 3607 1986 3666 vi-

2098 3602 2263 3671 ιῦτὴν.
2314 3602 2489 3661 Καλόν
2546 3605 2630 3661 σοί
2681 3603 2791 3660 ἐστι
2821 3601 3014 3661 κυλλὸν
3038 3608 3111 3669 εἷς
3142 3606 3241 3673 τὴν
3270 3606 3412 3676 ζωὴν
3442 3602 3721 3686 εἰσελθεῖν,

346 3706 461 3759 tam
491 3696 745 3776 ingredi,
781 3695 973 3775 potius
1020 3712 1197 3775 quam
1228 3694 1373 3754 duas
1404 3712 1613 3754 manus
1667 3693 1986 3757 habentem

2098 3689 2105 3758 ᾖ
2173 3692 2267 3756 τὰς
2328 3690 2416 3749 δύο
2464 3704 2657 3772 χεῖρας
2685 3691 2908 3773 ἔχοντα,
2938 3692 3189 3751 ἀπελθεῖν
3232 3695 3306 3759 εἷς
3334 3693 3436 3761 τὴν
3478 3692 3716 3771 γέενναν,

346 3787 512 3848 abire
558 3789 615 3846 in
668 3786 1023 3864 gehennam,
1059 3784 1118 3843 in
1168 3783 1364 3861 ignem
1412 3782 1984 3861 inexstinguibilem,

2098 3781 2143 3845 ἷς
2199 3783 2261 3837 τὸ
2320 3788 2421 3860 πῦρ
2471 3783 2533 3838 τὸ
2591 3778 2870 3863 ἄσϐεστον,
2956 3782 3090 3839 ὃπου
3115 3782 3144 3839 ὃ
3199 3780 3414 3849 σκώληξ
3457 3785 3626 3841 αὐτῶν
3657 3781 3718 3838 οῦ

349 3876 448 3937 ubi
465 3875 683 3937 vermis
705 3874 943 3935 illorum
968 3890 1085 3933 non
1108 3871 1612 3951 moritur,etignis
1630 3888 1746 3933 non
1762 3872 1989 3933 exstin-

2100 3867 2310 3945 ελευτᾷ,
2370 3870 2459 3927 καὶ
2512 3871 2575 3927 τὸ
2630 3870 2732 3950 πῦρ
2783 3870 2842 3927 οῦ
2900 3868 3193 3931 σϐέννυται.
3229 3874 3327 3931 Καὶ
3356 3870 3445 3928 ἐὰν
3502 3873 3530 3927 ὁ
3586 3879 3716 3935 ποῦς

345 3963 711 4044 guitur.Etsi
739 3980 841 4043 pes
880 3969 1010 4022 tuus
1042 3960 1221 4022 fuerit
1251 3960 1357 4021 tibi
1387 3959 1714 4034 obstaculo,
1749 3970 1989 4041 amputa

2098 3980 2162 4015 ou
2213 3957 2529 4037 σκανδαλίζῃ
2595 3980 2680 4039 σε,
2727 3959 3003 4036 ἀπόκοψον
3036 3962 3215 4040 αὐτὸν,
3246 3959 3411 4017 καλόν
3441 3960 3523 4016 σοί
3571 3961 3713 4017 ἐστιν

344 4053 764 4117 illum:bonum
786 4058 876 4112 est
906 4050 1091 4111 tihiut
1120 4048 1470 4128 ingrediaris
1500 4046 1573 4109 ad
1602 4048 1783 4110 vitam
1815 4049 1981 4112 clau-

2098 4045 2321 4105 ίσελθεϊν
2372 4048 2446 4110 εἷς
2502 4047 2602 4115 τὴν
2657 4048 2803 4119 ζωὴν
2849 4047 3059 4129 χωλὸν,
3116 4049 3152 4117 ἤ
3222 4050 3344 4113 τοὺς
3404 4047 3491 4106 δύο
3541 4047 3713 4113 πόδας

343 4142 678 4224 dus,potius
712 4142 843 4201 921
894 4158 1067 4220 quam
1111 4138 1261 4200 duos
1305 4137 1485 4217 pedes
1526 4137 1750 4199 habens
1783 4138 1982 4200 mitta-

2098 4158 2281 4224 κοντα,
2342 4135 2605 4212 βληθῆναι
2674 4138 2745 4203 εἷς
2802 4138 2902 4206 τὴν
2954 4138 3194 4220 γέενναν,
3252 4140 3328 4203 εἷς
3380 4140 3442 4195 τὸ
3499 4146 3601 4219 πῦρ
3651 4140 3713 4196 τὸ

344 4235 424 4294 ris
446 4223 506 4294 in
537 4231 894 4310 gehennam,
945 4229 1003 4287 in
1041 4228 1239 4304 ignem
1286 4225 1850 4305 inexstinguibilem,
1882 4227 1983 4289 ubi

2099 4223 2340 4300 σϐεστον,
2401 4224 2532 4282 ὅπου
2601 4227 2630 4281 ὁ
2679 4224 2892 4293 σκώληξ
2948 4230 3120 4286 αὐτῶν
3178 4230 3239 4286 οὗ
3261 4226 3501 4309 τελευτᾷ,
3531 4229 3710 4285 καὶτὸ

340 4322 559 4383 vermis
589 4321 821 4380 illorum
841 4337 959 4378 non
989 4316 1328 4387 moritur,et
1346 4316 1494 4393 ignis
1513 4334 1630 4375 non
1656 4315 1981 4395 exstingui-

2098 4320 2161 4393 ῦρ
2223 4316 2283 4371 οὒ
2329 4311 2623 4377 σϐέννυται,
2680 4316 2780 4373 Καὶ
2837 4314 2926 4372 ἐὰν
2995 4317 3024 4372 ὁ
3056 4315 3326 4395 ὀφθαλμός
3353 4338 3446 4373 σου
3474 4315 3708 4374 σκανδα-

2101 4405 2140 4425 Iv
2278 4423 2287 4425 -
2405 4402 2428 4425 Ἰ
2468 4400 2499 4425 ρ
2535 4401 2587 4425 Χῖ
2676 4403 2689 4423 ν
2744 4402 2762 4425 Ι
2800 4418 2814 4425 Α
2932 4402 2952 4425 Ἴ
2984 4405 2993 4420 ⁵
3128 4406 3140 4425 Ι
3173 4405 3188 4425 Ί
3456 4406 3467 4425 Ι
3508 4409 3533 4425 Α
3573 4405 3594 4425 \

342 4410 535 4472 tur.Et
554 4410 604 4471 si
624 4408 827 4471 oculos
851 4416 983 4467 tuus
1016 4405 1124 4467 tibi
1155 4405 1456 4466 obstaculo
1489 4415 1753 4485 est,erue
1784 4405 1975 4465 illum:

2098 4405 2178 4479 ίζῃ
2235 4423 2316 4478 σε,
2405 4400 2595 4459 ἔκϐαλε
2638 4402 2814 4460 αὗτόν⁶
2861 4402 3026 4461 καλόν
3056 4406 3140 4462 σοί
3170 4405 3280 4461 ἐστι
3335 4405 3707 4487 μονόφθαλμον

340 4499 557 4561 bonum
581 4511 670 4560 est
699 4497 800 4559 tibi
821 4504 886 4558 ut
916 4495 1110 4556 luscus
1142 4495 1402 4557 introeas
1450 4493 1511 4553 in
1562 4512 1811 4572 regnum
1842 4495 1974 4572 Dei,

2098 4491 2316 4549 ἱσελθεϊν
2374 4494 2447 4555 εἷς
2505 4492 2602 4559 τὴν
2644 4491 2914 4568 βασιλείαν
2942 4500 3035 4549 τοῦ
3076 4500 3230 4575 Θεοῦ,
3288 4496 3325 4563 ἢ
3368 4493 3455 4552 δύο
3497 4494 3702 4575 ὀφθαλ-

340 4590 533 4667 potius
555 4606 727 4668 quam
750 4595 814 4646 ut
842 4585 989 4646 duos
1012 4585 1213 4645 oculos
1245 4582 1470 4643 habens
1503 4582 1749 4642 mittaris
1774 4582 1832 4643 in
1866 4602 1975 4663 ge-

2098 4581 2189 4644 obc
2247 4580 2467 4661 ἔχοντα,
2527 4580 2786 4657 βληθῆναι
2854 4583 2925 4648 εἷς
2954 4583 3051 4651 τὴν
3127 4583 3344 4662 γέενναν
3395 4590 3486 4641 τοῦ
3513 4586 3708 4663 πυρὸς,

337 4680 593 4739 hermam
633 4676 808 4755 ignis,
842 4674 942 4735 ubi
967 4673 1185 4734 vermis
1213 4690 1420 4735 evrum
1462 4690 1577 4732 non
1615 4671 1879 4745 moritur,
1917 4682 1978 4734 et

2098 4692 2191 4727 που
2250 4673 2278 4726 ὁ
2349 4668 2563 4737 σκώληξ
2634 4670 2804 4729 αὐτῶν
2861 4674 2921 4730 οὗ
2975 4669 3218 4748 τελευτᾷ,
3276 4674 3455 4729 καὶτὸ
3502 4682 3604 4752 πῦρ
3652 4675 3713 4730 οῦ

334 4767 488 4845 ignis
518 4785 634 4827 non
669 4762 1080 4840 exsﬁnguitur.
1111 4766 1257 4824 Nam
1291 4761 1484 4823 omnis
1516 4761 1692 4821 homo
1718 4761 1854 4841 igne
1887 4780 1979 4823 sa-

2098 4757 2352 4819 ϐἐννυται,
2415 4765 2526 4823 ΙΙᾶς
2580 4760 2681 4839 γὰρ
2761 4760 2884 4840 πυρὶ
2970 4758 3333 4831 ἁλισθήσεται,
3398 4763 3495 4821 Καὶ
3561 4768 3710 4819 πᾶσα

334 4856 532 4930 lietur,
565 4865 625 4918 et
656 4853 854 4916 omnis
882 4852 1120 4914 victima
1149 4850 1272 4912 sale
1302 4849 1738 4912 salietur.Bona
1759 4868 1855 4911 res
1887 4864 1977 4911 est

2098 4848 2205 4905 »σία
2261 4847 2349 4904 ἁλὶ
2406 4846 2773 4919 ἁλισθήσεται.
2830 4848 3005 4907 Καλὸν
3060 4850 3121 4906 τὰ
3177 4849 3334 4915 ἅλας,
3410 4849 3535 4908 Ἐὰν
3563 4848 3618 4906 δὲ
3650 4852 3710 4910 τὸ

330 4946 449 5008 sal:
484 4954 760 5008 caeterum
787 4943 833 5003 si
864 4943 947 5003 sal
976 4941 1235 5003 insulsus
1264 4940 1459 5015 fuerit,
1485 4957 1590 5018 per
1612 4939 1754 5020 quid
1781 4939 1972 5019 ipsum

2098 4938 2190 5001 λας
2242 4937 2435 4994 ἄναλον
2490 4937 2741 5016 γένηται,
2768 4936 2824 4993 ἒν
2852 4938 2949 4995 τίνι
2982 4938 3109 4995 αὐτὸ
3144 4938 3396 5015 ἀρτύσετε
3432 4958 3450 5015 ;
3482 4937 3702 5020 ’Ἔχετε

328 5034 650 5096 condietis‘?
678 5032 907 5095 Habete
956 5031 1013 5090 in
1053 5029 1368 5110 vobisipsis
1398 5029 1607 5101 salem,
1660 5038 1719 5089 et
1767 5046 1970 5108 pacem

2098 5050 2112 5084 ο
2183 5029 2393 5092 ἑαυτοῖς
2466 5027 2625 5108 ἅλας,
2684 5029 2773 5085 καὶ
2814 5028 3107 5108 εἰρηνεύετε
3191 5028 3247 5084 ἐν
3331 5026 3606 5100 ἀλλήλοις.
3670 5052 3696 5085 ιι

404 5155 465 5203 8⁷
510 5157 650 5216 Luc.
686 5171 769 5229 x1,
799 5151 899 5214 23.

1394 5254 1479 5314 Ex
1510 5252 1828 5315 collatione
1853 5252 2031 5316 codd.
2065 5251 2278 5317 Venet.
2314 5250 2375 5315 S.
2407 5253 2616 5317 Marci.

406 5375 527 5456 (70)
558 5375 720 5437 Idem
777 5375 905 5437 cod.
956 5373 1163 5457 addit:
1234 5374 1541 5457 ξυνεχώρει
1598 5374 1685 5430 καὶ
1755 5374 1961 5457 τούτοις

2098 5372 2332 5457 ιὶτεουιο
2363 5372 2592 5457 facere.
2619 5380 2744 5435 tum
2765 5371 2839 5434 ad
2856 5373 3382 5457 conﬁrmationem
3416 5373 3704 5457 praedica-

317 5450 758 5534 θαυματουργεϊν,
810 5458 921 5531 ἅμα
973 5456 1069 5530 μὲν
1104 5456 1175 5535 sic
1227 5450 1505 5535 βεϐαίωσιν
1538 5457 1637 5535 τοῦ
1677 5456 1962 5533 κηρύγμα-

2099 5453 2251 5535 onis,
2276 5461 2341 5515 ut
2362 5455 2488 5516 haec
2517 5454 2694 5535 etiam
2718 5470 2826 5535 per
2852 5452 3130 5534 indignos
3156 5450 3501 5518 dilatarefur
3539 5476 3555 5517 :
3580 5463 3707 5518 tum

316 5559 432 5616 τος,
497 5533 633 5592 ὥστε
705 5539 792 5592 καὶ
840 5536 924 5591 διὰ
979 5536 1084 5591 τῶν
1128 5533 1354 5596 ἀναξίων
1384 5541 1536 5588 τοῦτο
1586 5534 1960 5607 πλατύνεσθαι,

2098 5533 2581 5618 icorrectionem
2613 5533 2904 5615 ipsorum,
2949 5533 3048 5616 qui
3101 5536 3253 5598 mira
3281 5536 3706 5618 operabantur.

314 5610 429 5692 ἅμα
485 5614 540 5671 δὲ
596 5616 685 5671 καὶ
735 5618 806 5680 εἷς
864 5615 1137 5691 βελτίωσιν
1200 5610 1601 5693 αὐτῶντῶν
1629 5618 1961 5693 θαυματουρ-

2101 5614 2300 5677 idetur
2326 5623 2547 5693 autem,
2580 5610 2698 5676 etc.
2740 5637 2767 5670 ι

314 5690 569 5776 γὸύντων,
607 5702 771 5749 sum":
805 5693 882 5766 δὲ,
909 5717 963 5755 κ,
987 5717 1035 5751 τ,
1073 5692 1127 5751 λ.
1171 5716 1190 5745 ι
1232 5690 1614 5751 Permittebat
1640 5695 1818 5754 etiam
1846 5690 1965 5756 illis
