4170 6282
419 371 539 439 593

1173 373 1618 437 ENARRATIO
1661 373 1745 437 IN
1789 369 2294 435 EVANGELIUM
2338 370 2602 436 MARCI.
2650 406 2723 419 —
2767 377 2930 439 CAP.
2980 376 3055 437 X.

3677 372 3793 438 594

411 507 737 580 Ἀπειλήσκς
813 524 933 575 τονς
1021 505 1469 581 σκανδαλίζωσιν,
1530 504 1612 562 ὅτι
1658 504 1931 585 συνέφερεν
1962 506 2048 560 αὖ·

2146 500 2357 565 habete
2380 504 2537 568 inter
2566 524 2669 569 vos
2700 506 2981 571 invicem.
3023 533 3045 566 ι
3080 507 3396 592 Postquam
3427 509 3781 573 intermina—

412 612 555 674 τοῖς,
618 600 662 655 εἰ
732 598 1041 678 έῤῥίφθησαν
1092 595 1146 653 ἐν
1202 602 1272 673 τῇ
1325 594 1588 673 θαλάσσῃ,
1664 601 1753 653 νῦν
1809 609 2048 672 παραινεη

2147 601 2238 655 tus
2264 599 2354 654 est
2374 593 2467 656 his
2495 594 2596 676 qui
2644 596 3068 675 scandalizant,
3096 599 3253 679 quod
3279 600 3588 680 expediret
3615 600 3705 665 eis
3735 600 3783 661 si

412 702 533 752 τοῖς
604 686 1098 763 σκανδαλιζομὲνοις
1156 683 1503 766 φυλάττεσθαι
1547 685 1653 741 ἀπὸ
1682 690 1788 741 τῶν
1834 682 2059 759 ἑτοίμως

411 776 654 857 ὶχόντων
710 775 1067 847 σκανδαλίζειν
1135 775 1224 832 καὶ
1291 772 1652 844 ὑποσκελίζειν
1708 772 1917 835 αὐτούς.
1950 769 2059 830 Κᾶν

414 867 513 945 γὰρ
586 873 735 940 ποῦς,
792 864 892 923 κᾶν
934 866 1076 945 χείρ,
1109 863 1208 920 κᾶν
1241 861 1509 941 ὀφθαλμὸς
1566 863 1602 931 ἦ
1646 864 1673 919 6
1706 859 2058 931 σκανδαλίζων

413 974 498 1033 σε,
572 954 835 1026 τουτέστι,
881 952 979 1010 κάν
1019 958 1127 1010 τῶν
1157 951 1494 1009 οἰκειοτάτων
1523 972 1628 1026 τις,
1660 949 1756 1007 κᾶν
1784 956 1891 1005 τῶν
1944 945 2058 1004 καθ’

412 1046 553 1117 αῖμα
621 1042 1023 1115 πλησιαζόντων
1088 1043 1175 1098 καὶ
1231 1038 1532 1121 χρειωδῶν,
1590 1038 1818 1114 ἔκκοψον
1878 1037 2053 1111 αὐτὸν,

412 1131 700 1207 τουτέστιν,
777 1131 1075 1206 ἆπάρνησαι
1132 1132 1232 1198 τὴν
1288 1130 1420 1208 πρὸς
1451 1129 1607 1185 αὐτὸν
1636 1126 1812 1207 φιλίαν
1841 1126 1930 1183 καὶ
1974 1127 2051 1182 οἶ-

412 1220 686 1287 κειότητα,
721 1219 945 1287 Σκώληξ
998 1218 1053 1275 δὲ
1123 1219 1212 1276 καὶ
1264 1227 1366 1296 πῦρ
1394 1214 1685 1288 κολάζοντα
1726 1215 1845 1280 τούς
1874 1215 2053 1291 ἆμαρ-

410 1308 633 1377 τωλοὺς,
680 1311 715 1378 ἡ
759 1306 1049 1376 συνείδησίς
1090 1310 1233 1364 ἔστιν
1263 1306 1512 1380 ἑκάστου,
1555 1306 1698 1373 καὶὴ
1728 1304 1918 1380 μνήμη
1948 1308 2055 1358 τῶν

410 1398 756 1478 πραχθέντων
810 1401 864 1454 ὲν
918 1402 997 1473 τῷ
1045 1398 1144 1475 βίῳ
1199 1397 1370 1470 τούτῳ
1424 1395 1683 1474 αἰσχρῶψ
1716 1392 1835 1460 ἥτις
1875 1392 2053 1470 ὣσπερ

410 1485 623 1555 σκώληξ
677 1485 1043 1566 καταδαπανᾷ,
1102 1486 1190 1543 καὶ
1255 1486 1328 1549 ὡς
1385 1486 1486 1564 πῦρ
1515 1481 1721 1564 φλέγει.
1758 1488 1868 1544 Πᾶς
1925 1481 2048 1559 γὰρ,

412 1575 563 1653 φησὶ,
622 1576 743 1654 πυρὶ
797 1574 1163 1649 ἁλισθήσεται,
1223 1569 1487 1651 τουτέστι,
1584 1569 2052 1646 δοκιμασθήσεται.

410 1662 583 1743 ’Ὅπερ
632 1665 719 1720 καὶ
787 1666 815 1721 6
861 1666 1069 1727 Παῦλος
1112 1661 1279 1743 λέγει,
1330 1658 1416 1717 ὅτι
1460 1661 1583 1740 πυρὶ
1611 1657 2054 1734 δοκιμασθήσεται

414 1753 585 1811 πάντα
616 1753 755 1829 (71).
792 1754 891 1811 Καὶ
920 1760 1065 1810 πᾶσα
1093 1751 1171 1826 δὲ,
1203 1752 1353 1832 φησὶ,
1414 1751 1562 1807 θυσία
1616 1747 1709 1805 ἆλὲ
1766 1746 2053 1816 ἁλισθήσε-

411 1863 521 1900 ται.
597 1849 761 1901 Τοῦτο
830 1840 885 1898 δὲ
954 1841 1060 1899 ἀπὸ
1104 1840 1196 1898 τοῦ
1250 1845 1529 1899 Λευΐτικοῠ
1554 1838 1733 1900 εἶπεν.
1767 1834 1921 1893 Ἐκεῖ
1954 1836 2055 1915 γὰρ

410 1952 572 2010 φησιν
602 1932 631 1988 6
662 1932 813 2011 Θεὸς,
840 1936 951 1987 Πᾶν
982 1929 1146 2010 δῶρον
1175 1928 1352 1994 θυσίας
1381 1930 1536 2005 ἡμῶν
1555 1925 1685 2007 (72)
1712 1925 1793 1982 ἀλῖ
1826 1923 2051 1995 ἁλισθή-

408 2040 581 2081 σεται.
616 2018 789 2078 Καλὸν
835 2020 924 2077 οὖν
952 2018 1095 2076 ἔστιν
1123 2020 1266 2095 ἡμᾶς
1297 2016 1492 2089 ἁλίζειν
1527 2017 1622 2080 τὰς
1651 2014 1828 2078 θυσίας
1898 2017 2054 2089 ἡμῶν

407 2115 484 2183 τῷ
540 2108 696 2166 ἅλατι
738 2116 831 2167 τοῦ
873 2112 1026 2185 Θεοῦ,
1057 2106 1318 2178 τουτέστι,
1365 2107 1443 2183 μη
1483 2102 1835 2180 ἐκλελυμένοις
1876 2102 2054 2165 θυσίας

409 2199 497 2255 καὶ
551 2200 803 2276 ῥᾳθύμους
872 2198 1206 2277 προσφέρειν,
1256 2195 1391 2253 ἀλλὰ
1439 2194 1695 2275 στρυφνὰς
1739 2194 1828 2249 καὶ
1871 2197 2051 2249 νοστί-

409 2309 571 2362 μους.
606 2280 785 2352 ’Ἄλπις
811 2286 865 2343 δὲ
895 2287 1039 2366 λέγει
1070 2288 1158 2344 καὶ
1213 2287 1335 2351 τοὺς
1404 2284 1728 2348 ἀποστόλους
1760 2284 1787 2339 6
1839 2282 2049 2360 Κύριος,

408 2377 498 2432 καὶ
556 2377 751 2443 πάντχς
820 2376 1005 2441 ἁπλῶς
1074 2376 1195 2439 τοὺς
1239 2373 1455 2451 δύναμιν
1485 2373 1712 2453 ’έχοντας
1743 2370 2054 2437 συνεκτικὴν

411 2466 499 2523 καὶ
552 2464 876 2534 συνδετικὴν.
912 2455 1132 2545 υΩστιτερ
1179 2465 1280 2544 γὰρ
1307 2465 1369 2521 τὸ
1398 2462 1529 2526 ἃλας
1559 2462 1771 2541 συνέχει
1803 2461 1869 2517 τὰ
1896 2458 2049 2537 κρέα,

409 2554 497 2609 καὶ
566 2554 660 2611 οὒκ
727 2554 787 2628 ἐᾷ
816 2554 947 2612 αὖτὰ
975 2552 1259 2620 σκώληκας
1288 2558 1499 2631 γεννᾷν,
1561 2550 1699 2609 οὕτω
1727 2551 1814 2607 καὶ
1842 2552 1870 2605 6
1902 2546 2053 2604 διδα-

408 2642 662 2709 σκαλικὸς
719 2643 903 2723 λόγος,
962 2642 1053 2699 ἰὰν
1111 2643 1362 2724 στρυφνὸς
1431 2639 1547 2714 εἴη,
1601 2640 1724 2704 τοὺς
1771 2638 2049 2718 σαρκικοὺς

403 2732 707 2804 ἀνθρώπους
769 2732 1094 2813 συσφίγγων,
1154 2732 1249 2789 οὒκ
1274 2734 1339 2804 ὶᾷ
1394 2730 1448 2786 ἐν
1476 2729 1659 2795 αὸτοϊς
1729 2731 2048 2808 γεννηθῆναι

401 2822 491 2878 τὸν
549 2822 843 2899 ἀκοίμητον
889 2820 1167 2888 σκώληκα.
1246 2818 1370 2879 Ἐὰν
1427 2818 1483 2876 δὲ
1513 2821 1540 2875 6
1569 2815 1878 2883 διδάσκαλος
1913 2816 2049 2874 ἄνα-

401 2914 491 2976 λος
554 2912 674 2986 εἴη,
703 2912 899 2987 καὶμὴ
945 2909 1051 2991 ἔχῃ
1107 2911 1169 2967 τὸ
1214 2911 1468 2989 στρυφνὸν
1498 2909 1586 2965 καὶ
1642 2905 1963 2983 συνδετικὸν,
1990 2908 2049 2961 ἒν

398 2999 497 3055 τίνι
562 2999 927 3074 ἁλισθήσεται,
1001 2998 1294 3069 τουτέστιν,
1368 2998 1714 3078 ἀρτυθήσεται
1764 3014 1781 3075 ;
1828 2992 2049 3075 ’Ἔχετε

403 3087 490 3144 οὖν
549 3087 605 3143 ἐν
669 3090 883 3153 ἑαυτοῖς
939 3086 1103 3162 ἅλας,
1141 3086 1303 3166 ἤγουν
1348 3085 1446 3155 ’.ην
1476 3084 1722 3161 νόστιμον
1753 3084 1910 3164 χάριν
1955 3087 2049 3137 τοῦ

2145 682 2580 762 projicerentur
2638 685 2696 746 in
2748 705 2932 763 mare,
2988 706 3148 749 nunc
3195 688 3475 751 admonet
3520 707 3621 751 eos
3682 689 3787 767 qui

2142 771 2637 849 scandalizentur,
2671 782 2735 835 ut
2775 787 3018 838 caveant
3061 776 3175 838 sibi
3222 777 3295 839 ab
3327 777 3419 839 his
3449 778 3550 858 qui
3602 779 3785 859 parati

2144 867 2278 948 sunt
2308 862 2613 924 offendere
2635 872 2691 924 et
2720 866 3121 927 scandalizare
3140 865 3311 929 alios.
3335 865 3481 927 Nam
3512 867 3634 928 sive
3657 886 3781 948 pes,

2142 947 2264 1009 sive
2296 967 2527 1031 manus,
2563 952 2685 1012 sive
2721 953 2928 1014 oculus
2976 954 3154 1016 fuerit
3183 954 3283 1034 qui
3314 954 3670 1017 scandalizat
3702 964 3781 1030 te,

2142 1035 2253 1097 hoc
2288 1043 2779 1119 est,quantumvis
2811 1040 2885 1102 sit
2906 1042 3009 1102 tibi
3038 1042 3366 1118 familiaris,
3415 1043 3645 1103 etiamsi
3677 1042 3785 1104 tibi

2141 1125 2429 1205 sanguine
2451 1129 2695 1207 junctus
2717 1131 2814 1204 sit,
2845 1130 2934 1191 vel
2962 1130 3143 1205 utilis,
3168 1139 3406 1211 amputa
3446 1131 3636 1206 illum,
3673 1132 3785 1193 hoc

2140 1222 2228 1274 est
2255 1216 2530 1278 renuntia
2563 1218 2692 1298 ejus
2721 1219 2997 1281 amicitiae
3026 1228 3086 1282 et
3109 1220 3512 1283 familiaritati.
3546 1221 3782 1283 Vermis

2136 1311 2330 1391 autem
2368 1313 2424 1365 et
2449 1306 2601 1385 ignis
2644 1327 2774 1389 qua;
2805 1310 3058 1388 puniunt
3095 1319 3462 1391 peccatores,
3494 1308 3783 1386 uniuscu-

2128 1390 2340 1472 jasque
2365 1403 2506 1459 sunt
2542 1400 2923 1475 conscientia,
2952 1407 3010 1461 et
3056 1390 3345 1460 memoria
3397 1416 3601 1459 eorum
3655 1410 3784 1478 qua?

2138 1480 2200 1541 in
2232 1482 2343 1545 hac
2374 1484 2490 1546 vita
2514 1486 2666 1548 foede
2688 1496 2826 1549 sunt
2855 1497 2987 1551 acta
3020 1509 3032 1551 ε
3070 1492 3210 1568 quia
3239 1488 3408 1570 quasi
3433 1489 3649 1549 vermis
3670 1488 3780 1549 ab-

2136 1571 2341 1649 sumit,
2374 1583 2432 1634 et
2461 1575 2627 1654 quasi
2696 1577 2851 1656 ignis
2908 1577 3094 1641 ardet.
3129 1576 3337 1640 Omnis
3389 1577 3547 1639 enim
3602 1577 3781 1639 homo

2137 1658 2275 1749 igne
2305 1663 2689 1739 salietur,hoc
2721 1674 2831 1741 est,
2862 1666 3206 1747 probabitur
3233 1689 3247 1726 :
3283 1666 3345 1728 id
3376 1666 3532 1749 quod
3560 1674 3617 1727 et
3644 1665 3783 1729 Pau-

2138 1746 2230 1810 lus
2259 1752 2423 1828 diCit,
2452 1754 2609 1834 quod
2628 1753 2689 1816 in
2717 1746 3290 1835 igne’probabuntur
3318 1746 3616 1819 ornnia.Et
3646 1775 3779 1818 om-

2141 1838 2254 1915 nis,
2308 1842 2516 1924 inquit,
2543 1843 2779 1905 victima
2822 1844 2945 1906 sale
2993 1845 3259 1909 salietur.
3305 1844 3431 1907 Hoc
3488 1853 3686 1907 autem
3711 1864 3781 1907 ex

2138 1927 2397 1993 Levitico
2431 1932 2690 1995 dixit.lbi
2721 1932 2880 1994 enim
2910 1933 3101 2014 inquit
3129 1934 3310 2014 Deus,
3334 1931 3524 1995 Omne
3559 1932 3781 1994 donum

2140 2015 2390 2082 victimae
2420 2030 2627 2084 vestrae
2656 2021 2899 2084 salietur
2940 2024 3026 2085 88.
3050 2025 3278 2085 Bonum
3324 2020 3512 2102 igitur
3553 2030 3643 2084 est
3674 2041 3783 2084 nos

2136 2106 2261 2169 sale
2313 2110 2555 2171 condire
2605 2110 2899 2173 sacriﬁcia
2958 2120 3179 2187 nostra,
3214 2112 3337 2173 sale
3366 2111 3495 2187 Dei,
3531 2112 3643 2174 hoc
3666 2119 3778 2186 est,

2141 2214 2257 2258 non
2281 2200 2497 2261 oﬂ‘erre
2526 2200 2791 2262 victimas
2822 2200 3089 2263 inﬁrmas
3122 2210 3181 2262 et
3201 2202 3416 2282 pigras,
3454 2200 3558 2263 sed
3601 2218 3780 2280 vege-

2137 2295 2222 2348 tas
2253 2297 2311 2349 et
2337 2306 2562 2351 suaves.
2611 2287 2708 2353 Sal
2738 2298 2933 2351 autem
2964 2290 3108 2351 dicit
3135 2291 3310 2351 etiam
3340 2291 3639 2370 apostolos
3658 2289 3779 2351 Do-

2136 2378 2357 2449 minus,
2391 2385 2449 2438 et
2480 2396 2687 2441 omnes
2735 2378 3087 2460 simpliciter
3111 2378 3212 2459 qui
3244 2378 3520 2440 virtutem
3560 2378 3784 2440 habent

2132 2466 2549 2541 conservandi,
2584 2476 2641 2528 et
2682 2486 2716 2529 a
2740 2466 3053 2547 putredine
3082 2466 3424 2528 cohibendi.
3450 2468 3598 2527 Nam
3630 2464 3785 2528 sicut

2134 2554 2223 2614 sal
2254 2573 2493 2616 carnem
2529 2556 2898 2637 prohibet,et
2927 2574 3045 2616 non
3080 2555 3222 2616 sinit
3250 2573 3480 2617 vermes
3510 2573 3781 2635 procrea-

2134 2660 2223 2720 re,
2248 2644 2331 2705 ita
2348 2651 2406 2704 et
2435 2662 2629 2706 sermo
2662 2645 2941 2720 doctoris,
2984 2645 3029 2705 si
3060 2662 3275 2707 recens
3303 2653 3360 2705 et
3392 2644 3633 2706 mordax
3682 2646 3780 2724 sit,

2133 2733 2398 2793 carnales
2431 2734 2706 2796 homines
2735 2734 3172 2813 constringens,
3206 2752 3323 2794 non
3364 2733 3507 2794 sinit
3532 2733 3591 2794 in
3639 2732 3784 2813 ipsis

2132 2823 2407 2897 generari
2461 2841 2698 2883 vermen
2758 2822 3173 2902 irrequietum.
3232 2821 3294 2884 Si
3325 2830 3526 2883 autem
3574 2822 3785 2886 doctor

2132 2911 2395 2972 insulsus
2416 2912 2612 2990 fuerit,
2644 2919 2703 2973 et
2731 2911 2880 2973 nihil
2914 2911 3128 2973 habeat
3152 2912 3309 2992 quod
3335 2911 3703 2990 constringat
3726 2919 3784 2972 et

2133 3000 2427 3075 cohibeat,
2457 3000 2518 3061 in
2549 3020 2664 3081 quo
2696 3000 2966 3076 salietur,
2992 3000 3105 3061 hoc
3137 3008 3246 3075 est,
3295 2999 3637 3061 condietur‘!
3666 2999 3781 3061 Ha-

2134 3088 2268 3150 bete
2301 3090 2477 3168 igitur
2508 3090 2569 3151 in
2598 3088 2911 3169 vobisipsis
2965 3088 3174 3169 salem,
3224 3089 3336 3151 hoc
3378 3096 3489 3169 est,
3538 3105 3777 3150 suavem

411 3178 709 3251 ῐινεόμοτος
757 3180 846 3235 καὶ
921 3177 1258 3247 συνεκτικὴν,
1315 3178 1389 3239 ὡς
1445 3176 1506 3231 ἂν
1560 3173 1861 3254 εἶρηνεόητε
1915 3173 2047 3251 πρὸς

2134 3176 2390 3258 Spiritus
2428 3178 2699 3258 gratiam,
2734 3196 2865 3257 quae
2886 3176 3266 3253 cohibeat,ita
3296 3177 3601 3258 utpaciﬁci
3625 3176 3775 3238 sitis.

409 3264 698 3335 ἀλλήλους.
759 3258 816 3325 Ὀ
874 3268 973 3347 γὰρ
1029 3272 1107 3340 τῷ
1163 3263 1433 3342 συνδέσμῳ
1460 3268 1558 3332 τῆς
1586 3260 1797 3341 ἀγάπης
1819 3284 2047 3341 συσφιγ-

410 3355 635 3432 γόμενος
680 3358 808 3435 πρὸς
862 3358 955 3414 τὸυ
988 3355 1240 3425 πλησίον,
1287 3355 1436 3420 οὗτος
1461 3351 1591 3416 ἅλας
1623 3352 1765 3432 ἔχει,
1798 3352 1885 3407 καὶ
1927 3349 2049 3407 λοι-

408 3445 508 3501 πὸν
541 3446 792 3525 ιῖρηνεύει
822 3448 950 3523 πρὸς
976 3446 1070 3502 τὸν
1100 3442 1326 3524 ἀδελφὸν
1356 3442 1536 3525 αθατοῦ.

1051 3523 1304 3596 arma.
1330 3523 1394 3597 ι’.

401 3630 523 3705 Περὶ
602 3632 710 3686 τῶν
795 3627 1266 3705 ἐπερωτησάντων,
1363 3628 1407 3683 εἰ
1504 3623 1700 3690 ἔξεστιν
1796 3624 2045 3705 ἀπολυειν

479 3702 578 3776 τὴν
664 3702 920 3788 γυναῖκα.
981 3708 1102 3788 Περὶ
1154 3702 1257 3767 τοῦ
1307 3707 1741 3788 ἔπερωτῄσαντος
1797 3702 2043 3788 πλουσίου

483 3791 573 3845 τὸν
628 3783 860 3858 Ἰησοῦν.
919 3786 1043 3845 Πεδὶ
1097 3794 1203 3845 τῶν
1244 3789 1369 3847 υἱῶν
1406 3783 1719 3843 Ζεϐεδαίου.
1779 3784 1904 3862 Περὶ
1949 3788 2043 3840 τοῦ

482 3872 821 3948 Βαρτιμαίου.

480 3981 508 4011 α
548 3958 803 4017 Κάκεῖθεν
868 3955 1132 4031 λναστὰς,
1214 3955 1429 4035 ἔρχεται
1513 3955 1584 4017 εὶς
1650 3954 1716 4010 τὰ
1784 3953 1901 4033 ὅρια
1950 3956 2049 4018 τῆς

398 4044 652 4112 Ἰουδαίας
708 4046 793 4104 διὰ
844 4052 940 4105 τοῦ
990 4045 1153 4126 πέραν
1221 4052 1314 4102 τοῦ
1355 4041 1640 4124 Ἰορδάνου,
1699 4042 1786 4099 καὶ
1833 4063 2049 4117 συμπο-

397 4138 634 4213 ρεύονται
691 4135 851 4193 πάλιν
918 4134 1079 4215 ’ὄχλοι
1160 4136 1293 4208 πρὸς
1362 4132 1541 4194 αὐτόν.
1602 4133 1700 4191 Καὶ
1742 4133 1815 4196 ὡς
1870 4129 2041 4186 εἰώθει

399 4224 559 4281 πάλιν
614 4223 877 4282 ἐδίδασκεν
932 4224 1140 4289 αὐτούς.
1208 4225 1306 4282 Καὶ
1389 4219 1762 4301 προσελθόντες
1819 4220 1867 4276 οἱ
1921 4226 2043 4275 Φα-

2132 3266 2277 3328 Nam
2340 3269 2442 3348 qui
2506 3266 2931 3344 constringitur
2985 3266 3276 3329 charitate
3358 3284 3497 3345 erga
3573 3266 3769 3346 proxi-

2134 3375 2321 3437 mum,
2353 3357 2450 3419 hic
2480 3356 2666 3419 salem
2695 3355 2895 3433 habet,
2931 3364 2989 3417 et
3008 3356 3288 3435 paciﬁcus
3320 3363 3411 3418 est
3438 3374 3573 3417 cum
3596 3355 3777 3418 fratre

2130 3464 2237 3507 SUO
2248 3496 2260 3509 .

2781 3538 3025 3603 CAPUT
3068 3540 3145 3603 Χ.

2129 3633 2210 3696 Dc
2241 3634 2787 3716 interrogantibus,
2819 3652 2970 3696 num
3016 3634 3225 3696 liceret
3280 3634 3584 3716 dimittere
3628 3654 3777 3716 uaro-

2210 3733 2361 3778 rem.
2387 3716 2474 3777 De
2501 3716 2690 3778 divite
2715 3714 2918 3778 Iesum
2944 3716 3371 3794 interrogante.
3399 3714 3481 3777 De
3500 3716 3649 3794 ﬁliis
3664 3715 3778 3777 Ze—

2209 3796 2414 3859 bedai.
2449 3796 2534 3858 De
2561 3797 2892 3859 Bartimazo
2919 3812 3090 3858 caeco.

2212 3973 2388 4038 Vens.
2424 3974 2558 4038 1-9.
2599 3974 2877 4037 «Etcum
2910 3974 3051 4038 inde
3103 3972 3477 4049 surrexisset,
3522 3976 3683 4037 venit
3712 3976 3775 4039 in

2132 4055 2281 4118 ﬁnes
2318 4055 2537 4119 Judaaa:
2593 4073 2701 4135 per
2751 4056 3084 4136 regionem,
3118 4073 3249 4136 quae
3280 4059 3367 4117 est
3395 4055 3547 4116 ultra
3566 4054 3774 4118 Jorda—

2130 4154 2293 4206 nem,
2326 4144 2384 4198 et
2413 4136 2773 4198 conveniunt
2795 4154 3029 4198 rursum
3077 4137 3261 4197 turbae
3288 4136 3428 4194 222
3473 4137 3546 4197 ad
3578 4136 3768 4208 illum,

2127 4223 2187 4277 et
2238 4216 2389 4277 sicut
2441 4224 2845 4289 consueverat,
2910 4234 3145 4277 rursum
3210 4216 3462 4277 docebat
3517 4234 3638 4278 eas.
3701 4220 3773 4279 Et

399 4327 621 4389 ρισαϊοι,
681 4314 1036 4394 ἐπηρώτησαν
1080 4312 1261 4387 αὐτὸν,
1308 4312 1367 4369 Εἰ
1408 4310 1604 4394 ἔξεστιν
1642 4306 1783 4386 ἀνδρὶ
1812 4320 2040 4387 γυναῖκα

2134 4305 2415 4368 adeuntes
2452 4305 2732 4369 Pharisaei
2782 4304 3224 4383 interrogabant
3270 4305 3436 4365 illum
3478 4326 3491 4367 :
3536 4306 3770 4369 Licetne

397 4401 656 4460 ἀπολῦσαι
690 4422 706 4483 ;

397 4491 552 4548 εἶπεν
624 4495 826 4559 αὐτοῖς⁶
862 4483 867 4484 ί
901 4493 962 4551 Τί
1017 4492 1145 4567 ὑμῖν
1220 4487 1513 4546 ἔνετείλατο
1562 4491 1811 4564 Μωσῆςς
1870 4486 1931 4543 Οἱ
1985 4483 2040 4541 δὲ

395 4580 558 4637 εἷπον
614 4585 779 4656 αὐτῷ.
834 4585 1034 4647 Μωσῆς
1109 4577 1364 4656 επέτρεψε
1447 4573 1646 4654 βιϐλίον
1720 4572 2041 4632 ἀποστασίου

394 4670 619 4748 γράψαι,
681 4673 769 4729 καὶ
826 4668 1110 4732 ἀπολῦσαι,
1173 4668 1272 4727 Καὶ
1339 4666 1635 4746 ἀποκριθεὶς
1706 4668 1734 4722 6
1806 4662 2037 4742 Ἰησοῦς,

397 4758 557 4814 εἶπεν
608 4760 815 4823 αὖτοῖςο
876 4759 1013 4838 Πρὸς
1062 4757 1161 4826 τὴν
1238 4752 1653 4835 σκληροκαρδίαν
1706 4755 1852 4829 ὑμῶν
1882 4753 2040 4834 ἔγρα-

395 4852 498 4921 ψεν
555 4847 684 4922 ὑμῖν
732 4848 832 4915 τὴν
888 4845 1107 4916 ἐντολὴν
1159 4845 1380 4913 ταύτην,
1428 4842 1564 4901 Ἀπὸ
1610 4842 1665 4900 Si
1708 4844 1884 4923 ἀρχῆς
1920 4845 2040 4901 κτί-

395 4957 533 4998 σεως
586 4933 739 5015 ἄρσεν
807 4939 895 4995 καὶ
923 4935 1054 5005 θῆλυ
1096 4936 1343 5003 έποίησεν
1382 4934 1568 4998 αὐτοὺς
1616 4936 1645 4991 6
1677 4941 1826 4999 Θεος.
1862 4924 2041 4991 ’Ἕνε-

395 5046 489 5081 κεν
555 5026 739 5083 τούτου
808 5025 1115 5103 καταλείψει
1176 5023 1446 5101 ἂνθρωπος
1515 5024 1607 5080 τὸν
1655 5022 1855 5103 πατέρα
1884 5023 2041 5081 αὑτοῦ

477 5139 542 5190 88
569 5137 753 5202 Levit.
786 5156 851 5212 ιι,
892 5139 984 5205 13.

768 4387 1100 4484 πειράζοντες
1185 4399 1363 4460 αὐτόν.
1450 4390 1508 4457 Ὀ
1599 4397 1653 4455 δὲ
1738 4395 2036 4484 ἀποκριθεὶς

2134 4394 2245 4456 viro
2277 4413 2521 4457 uxorem
2549 4394 2894 4475 repudiare?
2915 4402 3216 4484 tentantes
3237 4394 3513 4456 illum.At
3543 4394 3645 4455 ille
3663 4412 3767 4458 re-

2123 4485 2425 4563 spondens
2455 4484 2603 4545 dixit
2630 4483 2929 4556 illis:Quid
2961 4484 3126 4545 vobis
3156 4484 3435 4563 praecepit
3468 4484 3770 4548 Moses?At

2121 4573 2209 4634 illi
2233 4574 2729 4636 dixeruntzMoses
2762 4573 3030 4654 permisit
3059 4573 3322 4635 libellum
3356 4573 3591 4653 repudii
3611 4576 3766 4636 scri-

2123 4661 2267 4724 bere
2296 4680 2364 4727 ac
2395 4662 2793 4726 dimittere.Et
2818 4663 3190 4743 respondens
3217 4662 3390 4726 Jesus
3422 4661 3566 4724 dixit
3596 4663 3713 4725 illis
3748 4683 3761 4727 :

2122 4752 2213 4814 Ad
2246 4752 2521 4815 duritiem
2540 4752 2736 4814 cordis
2765 4753 2938 4813 vestri
2956 4751 3193 4833 scripsit
3221 4752 3384 4813 vobis
3406 4760 3765 4833 praeceptum

2122 4841 2321 4923 istud:
2356 4849 2633 4903 caeterum
2667 4841 2739 4902 ab
2768 4840 2935 4901 initio
2979 4841 3296 4903 creationis
3346 4843 3677 4904 masculum
3711 4853 3765 4904 et

2122 4930 2405 4993 feminam
2461 4931 2601 4992 fecit
2647 4930 2779 4991 illos
2826 4929 3019 4992 Deus:
3057 4938 3297 5011 propter
3326 4931 3438 4993 hoc
3467 4931 3768 5011 relinquet

2121 5022 2302 5084 homo
2334 5028 2559 5101 patrem
2592 5037 2766 5081 suum
2790 5027 2849 5081 et
2878 5028 3151 5095 matrem,
3175 5028 3234 5082 et
3255 5020 3763 5083 adhaerebituxori

1477 5256 1566 5322 Ex
1596 5256 1914 5324 collatione
1939 5264 2114 5328 codd.
2145 5265 2357 5328 Venet.
2390 5263 2451 5327 S.
2485 5263 2686 5327 Marci.

478 5376 604 5457 (71)
631 5377 775 5444 God.
815 5381 895 5446 26
927 5380 1141 5447 addit:
1199 5370 1281 5439 "ﬂ
1333 5381 1421 5438 καὶ
1469 5378 1629 5455 οὕτω,
1694 5387 1801 5445 Πᾶς
1851 5385 2036 5450 πιστὸς

391 5460 513 5542 πυρὶ
565 5465 681 5542 -της
732 5465 864 5542 πρὸς
915 5466 1046 5520 Θεὸν
1100 5463 1352 5542 πίστεως,
1385 5459 1421 5528 ἤ
1471 5465 1571 5527 τῆς
1607 5461 1738 5540 πρὸς
1770 5464 1861 5542 τὸν
1890 5464 2037 5532 πλη-

385 5539 502 5595 σίον
555 5538 786 5618 ἀγάπης
834 5542 1196 5619 ἂλισθησεται,
1256 5541 1421 5619 ἢγουν
1479 5542 1578 5607 τὴν
1645 5538 1911 5609 σηπεδόνα
1968 5551 2037 5613 τῆ

388 5619 582 5704 κακίας
639 5620 929 5704 ἀποϐαλεῖ,
987 5624 1024 5692 ἢ
1108 5623 1477 5704 ἀρτυτήσεταιΔ
1522 5622 1609 5677 καὶ
1650 5620 1775 5704 ἡδυς
1802 5628 1880 5699 τῷ
1923 5633 2039 5704 Θεῷ

390 5699 696 5776 γενήσεται.
731 5703 829 5765 Καὶ
899 5699 1042 5760 πᾶσα
1072 5699 1156 5785 δὲ,
1183 5703 1335 5786 φησὶ,
1367 5701 1535 5776 Θυσία,
1565 5723 1619 5763 κ.
1654 5722 1699 5761 τ.
1739 5700 1792 5765 λ.
1851 5728 1879 5759 α
1931 5703 2035 5767 Vel

2122 5384 2295 5464 etiam
2327 5382 2455 5464 sic:
2492 5381 2700 5445 Omnis
2744 5384 2935 5446 ﬁdelis
2991 5386 3128 5464 igne
3188 5385 3324 5446 ﬁdei
3370 5386 3431 5447 in
3483 5388 3669 5448 Deum
3704 5398 3765 5447 et

2120 5463 2428 5547 charitatis
2458 5481 2598 5547 erga
2628 5466 2955 5547 proximum
2988 5466 3398 5547 salietur.ghoc
3431 5466 3766 5547 est,impie-

2120 5543 2253 5623 tatis
2284 5543 2653 5623 putredinem
2682 5546 2956 5623 abjiciet:
2993 5547 3083 5609 vel
3128 5543 3547 5622 coudietur,ac
3569 5543 3765 5608 suavis

2119 5622 2373 5707 Domino
2395 5622 2704 5707 efﬁcietur.
2734 5622 2816 5690 Et
2837 5631 3048 5707 omnis,
3080 5627 3301 5707 inquit,
3326 5629 3756 5704 victima,etc.»

2201 5702 2320 5783 (72)
2350 5706 2653 5783 Interpres
2682 5705 2821 5786 legit
2846 5710 3016 5784 ὑμῶν,
