4170 6282
401 386 520 450 595

1376 386 1962 455 THEOPHYLACTI
2010 387 2414 450 BULGARLE
2456 385 2810 451 ARGHIEP.

3666 379 3793 447 596

401 530 547 593 sua,
589 519 649 574 et
677 513 821 574 fient
848 512 964 575 duo
995 529 1134 576 caro
1160 532 1299 577 una.
1352 513 1559 594 Itaque
1606 534 1723 577 non
1758 517 1881 596 jam
1913 527 2048 580 sunt

2140 521 2216 575 ui
2274 520 2371 586 τὴν
2428 521 2661 599 μητέρα.
2733 524 2831 579 Καὶ
2909 521 3437 599 προσκολληθήσεται
3497 522 3627 600 πρὸς
3688 520 3791 587 τὴν

404 601 545 677 duo,
582 600 689 663 sed
722 620 841 663 una
890 619 1049 663 caro.
1092 602 1260 675 Quod
1301 602 1482 682 igitur
1534 602 1691 666 Deus
1731 608 2046 688 copulavit,

406 690 583 753 homo
615 708 690 752 ne
720 698 980 771 separet.
1019 716 1043 747 ι»
1079 690 1504 772 Saepenumero
1534 694 1911 776 relinquebat
1940 697 2052 759 Do-

405 782 603 841 minus
627 778 865 842 Judaeos
888 786 1129 861 propter
1157 780 1434 843 invidiam
1460 782 1717 857 illorum,
1753 804 1909 846 nunc
1940 804 2049 847 au-

408 877 524 931 tem
563 869 781 931 iterum
816 872 873 932 in
904 887 1113 932 eorum
1146 871 1449 949 regionem
1479 874 1707 947 transit,
1741 874 1880 954 quia
1913 893 2050 955 pas-

406 958 596 1021 sionis
626 966 859 1040 tempus
880 958 1538 1041 appropinquabat.Nec
1566 980 1704 1023 vero
1721 962 2054 1045 Hierosoly-

407 1067 504 1110 ma
533 1067 692 1111 nunc
721 1047 1012 1124 ascendit,
1043 1048 1148 1110 sed
1184 1048 1246 1109 in
1277 1048 1425 1110 ﬁnes
1450 1050 1687 1132 Iudaeae,
1721 1059 1787 1112 ut
1836 1054 2052 1134 populo

406 1137 665 1219 simplici
697 1138 1444 1218 prodessetﬂierosolyma
1473 1140 1632 1203 enim
1662 1142 1855 1202 omnis
1880 1143 2051 1204 mali-

410 1227 503 1288 tiae
523 1228 758 1289 officina
788 1235 977 1304 erant,
1013 1236 1251 1308 propter
1277 1228 1705 1291 Pharisaeorum
1741 1231 2048 1296 malitiam.

410 1315 563 1379 Vide
592 1335 732 1395 ergo
763 1316 1046 1378 malitiam
1079 1317 1339 1392 illorum,
1362 1318 1657 1398 quomodo
1685 1328 1910 1383 tentent
1932 1321 2051 1384 Do-

411 1405 662 1479 minum,
688 1424 806 1467 non
836 1406 1242 1486 relinquentes
1271 1406 1546 1477 illum,ne
1568 1408 1808 1469 credant
1840 1410 1895 1471 ei
1928 1418 2051 1472 tur-

410 1493 635 1575 baa;sed
654 1495 1280 1575 semperaccedunt,et
1295 1505 1611 1576 sperantse
1630 1499 2053 1577 quaestionibus

410 1582 576 1645 illum
592 1584 848 1647 facturos
867 1585 1211 1666 perplexum
1225 1586 1424 1647 animo
1439 1595 1495 1647 et
1512 1588 1654 1647 conf
1656 1591 2060 1654 utaturosRo-

409 1672 808 1752 gabantenim
841 1675 1229 1755 quaestionem
1267 1693 1397 1756 quae
1427 1677 1705 1756 utrinque
1736 1679 2061 1759 praecipitia

2131 620 2357 685 γυναῖκα
2414 610 2593 684 αὐτοῦ,
2643 611 2728 667 καὶ
2771 609 2979 668 ἔσονται
3036 612 3083 667 οἱ
3148 609 3238 668 δύο
3281 612 3358 685 εἰς
3400 611 3569 681 σάρκα
3612 609 3740 685 μίαν
3771 624 3787 638 ⁸

2132 695 2269 753 ὥστε
2299 697 2470 756 οὗκέτι
2503 700 2601 756 εἰσὶ
2646 696 2755 773 δύο,
2804 697 2939 756 ἀλλὰ
2993 700 3086 774 μία
3138 697 3285 777 σάρξ.
3325 684 3400 757 υΟ
3432 700 3521 757 οὖν
3563 700 3591 755 ὁ
3654 698 3790 760 Θεὸς

2133 784 2447 859 συνέζευξεν,
2481 786 2753 868 ἅνθρωπος
2813 788 2891 864 μὴ
2953 788 3256 868 χωριζτέω.
3299 810 3322 846 ιι
3381 794 3633 867 Σδνεχῶς
3685 787 3791 853 τὴν

2137 871 2385 932 Ἰουδαίαν
2428 878 2567 957 ἀφίει
2611 880 2639 934 ὁ
2686 878 2871 957 Κύριος
2934 876 3018 933 διὰ
3062 878 3159 945 τὴν
3207 878 3496 953 βασκανίαν
3546 875 3786 947 ἐκείνων,

2135 970 2221 1020 νῦν
2270 972 2358 1022 οῦν
2413 964 2779 1046 ἐπιχωριάζει,
2841 964 3025 1034 ἐπειδὴ
3056 968 3115 1022 τὸ
3146 967 3313 1029 πάθος
3347 965 3504 1044 ἐγγὺς
3562 961 3789 1040 ’έμελλεν

2135 1050 2298 1112 εἶναι.
2348 1059 2420 1113 Ob
2463 1056 2570 1130 μὴν
2615 1057 2687 1121 εἰς
2729 1057 2796 1111 τὰ
2854 1047 3196 1134 Ἰεροσόλυμα
3243 1053 3414 1111 ἄνεισι
3446 1054 3602 1127 τέως,
3661 1050 3788 1108 ἀλλ’

2135 1143 2210 1204 εἷς
2251 1144 2316 1197 τὰ
2361 1147 2458 1212 τῆς
2519 1143 2765 1210 Ἰουδαίας
2844 1144 2984 1224 ὅρια,
3044 1144 3137 1200 ἵνα
3212 1145 3304 1200 τὸν
3361 1142 3560 1200 ἄκακον
3616 1139 3787 1221 ὄχλον

2135 1230 2411 1310 ὠφελήσῃ,
2473 1234 2548 1291 Τὰ
2619 1234 2717 1313 γὰρ
2776 1224 3114 1313 Ἱεροσόλυμα
3158 1234 3333 1301 πάσης
3376 1232 3561 1295 κακίας
3619 1230 3785 1310 ἐργα-

2136 1322 2352 1398 στήριον
2408 1323 2567 1396 ἦσαν,
2654 1320 2739 1378 διὰ
2813 1322 2913 1390 τὴν
2982 1327 3089 1378 τῶν
3144 1321 3444 1401 Φαρισαίων
3501 1322 3785 1399 πονηρίαν,

2136 1409 2259 1467 ’Ίδε
2319 1418 2444 1489 γοῦν
2500 1413 2597 1479 τὴν
2654 1413 2843 1468 κακίαν
2909 1413 3104 1486 αὐτῶν,
3174 1418 3288 1475 πῶς
3337 1411 3636 1490 πειράζουσι
3691 1409 3789 1464 τὸν

2140 1501 2351 1579 Κύριον,
2403 1502 2481 1576 μὴ
2530 1501 2720 1564 ἐῶντες
2773 1502 2955 1581 αὐτὸν,
3025 1500 3119 1557 ἵνα
3163 1501 3514 1558 πιστεύσωσιν
3555 1501 3696 1573 αὖτῷ
3739 1503 3787 1555 οἱ

2138 1588 2322 1669 ὄχλοι,
2379 1588 2497 1646 ἀλλ’
2564 1591 2643 1647 ἀεὶ
2724 1591 3150 1671 προσερχόμενοι
3226 1591 3313 1646 καὶ
3369 1587 3641 1651 δοκοῦντες
3712 1589 3788 1650 εἰς

2139 1679 2360 1757 ἀπορίαν
2420 1678 2705 1755 ἐμϐάλλειν
2764 1683 2853 1738 καὶ
2908 1680 3260 1755 ἐπιστομίζειν
3309 1676 3392 1734 διὰ
3449 1680 3552 1734 τῶν
3609 1684 3789 1747 ζητηο

409 1762 768 1827 habebatzan
800 1763 975 1826 liceat
996 1763 1225 1826 homini
1244 1784 1487 1826 uxorem
1508 1765 1983 1829 dimittere?Nam
2005 1770 2053 1832 si

2140 1770 2343 1844 μάτων.
2393 1768 2708 1841 Ἠρώτησαν
2778 1772 2878 1850 ⁹ιιΞιρ
2947 1771 3105 1828 αὖτὸν
3173 1767 3423 1847 ἐρώτημα
3474 1766 3785 1845 ἀμφοτέρω-

411 1850 641 1914 diceret
671 1852 831 1934 quod
855 1853 1063 1916 liceret
1090 1854 1791 1935 absolvere,objecissent
1821 1858 1874 1918 ei
1898 1859 2053 1938 quod

2140 1843 2223 1914 θεν
2266 1857 2393 1938 ἕχον
2463 1860 2729 1937 κρημνούς
2764 1843 2804 1890 ⁸-
2843 1843 2902 1917 lit
2970 1858 3165 1924 ἔξεστιν
3203 1843 3481 1935 άνθρώπῳ
3522 1843 3787 1912 ἀπολῦσαι

411 1940 658 2004 dixisset
679 1950 840 2004 extra
857 1961 1094 2005 causam
1119 1943 1528 2006 fornicationis
1574 1963 1691 2006 non
1733 1946 1915 2007 licere
1949 1947 2056 2009 ab-

411 2030 663 2094 solvere.
700 2032 762 2095 Si
784 2040 979 2094 autem
1013 2032 1241 2095 diceret
1269 2033 1427 2112 quod
1467 2052 1585 2095 non
1619 2034 1849 2107 liceret,
1890 2044 2055 2098 taxa-

410 2130 547 2181 rent
569 2128 788 2183 eumut
816 2122 1216 2183 adversarium
1258 2121 1545 2185 doctrinis
1580 2124 1753 2184 Mosi.
1789 2126 2058 2187 Christus

412 2209 722 2293 igitur,qui
751 2216 810 2271 et
840 2211 1127 2290 sapientia
1155 2210 1743 2291 ipsa,respondet'eis
1774 2232 2055 2295 responso

413 2315 529 2381 quo
561 2299 805 2380 laqueos
837 2299 1073 2361 illorum
1099 2300 1325 2381 eﬂugit.
1357 2298 1541 2379 Rogat
1560 2300 1717 2362 enim
1750 2303 1885 2363 illos
1915 2304 2055 2385 quid

414 2387 503 2449 eis
516 2390 867 2468 praeceperit
888 2388 1252 2452 Moses.Cum
1276 2395 1471 2450 autem
1496 2388 1581 2450 illi
1608 2390 1895 2453 dixissent
1917 2412 2059 2473 prae-

414 2484 649 2557 ceptum
682 2494 814 2539 esse
844 2477 1714 2559 dimittendam,interpretatur
1731 2481 1818 2542 eis
1840 2481 2061 2559 legem.

415 2564 543 2627 Non
575 2565 724 2628 adeo
755 2558 1015 2628 crudelis
1043 2575 1172 2629 erat
1202 2571 1418 2642 Moses,
1452 2567 1735 2648 inquit,ut
1758 2558 1930 2631 talem
1964 2571 2058 2633 in-

415 2654 757 2718 traduceret
784 2655 1000 2734 legem,
1028 2655 1133 2732 sed
1180 2655 1252 2717 ad
1303 2659 1512 2718 vestris
1545 2657 1743 2719 cordis
1782 2659 2059 2722 duritiam

416 2744 657 2825 scripsit
686 2743 986 2807 hoc.Deus
1004 2744 1160 2805 enim
1186 2744 1383 2807 sciens
1411 2746 1752 2809 Judaaorum
1784 2748 2063 2811 inhuma-

419 2835 850 2917 nitatem,quod
884 2835 985 2915 qui
1015 2834 1203 2896 semel
1234 2853 1303 2896 ex
1337 2834 1423 2896 eis
1454 2835 1588 2896 odio
1608 2836 1827 2901 habere
1845 2840 2062 2919 coepis-

414 2934 507 2990 set
537 2926 875 3005 mulierem,
897 2923 1216 2985 occidisset
1244 2941 1401 3003 eam,
1428 2924 1719 2986 concessit
1750 2929 1836 2987 eis
1865 2927 2060 2988 dimit-

413 3025 541 3080 tere
568 3033 841 3089 uxorem,
864 3032 984 3074 non
1013 3012 1126 3074 sibi
1158 3012 1512 3093 placentem.
1546 3012 1635 3074 Ab
1661 3013 1831 3076 initio
1860 3026 2056 3078 autem

2139 1949 2237 2015 τὴν
2280 1961 2505 2027 γυναῖκα
2542 1968 2558 2021 ;
2593 1940 2717 2006 υινα
2745 1947 2833 2005 ἐὰν
2866 1949 2964 2025 μὲν
2996 1947 3129 2023 ε’ίπῃ
3172 1946 3252 2002 ὅτι
3284 1945 3478 2011 ἔξεστιν
3508 1944 3781 2023 ἀπολύειν,

2139 2037 2512 2107 ἂπαντήσωσιν
2569 2042 2710 2113 αῦτῷ
2745 2059 2761 2075 ·
2821 2043 2941 2101 Πῶς
2993 2037 3081 2093 οὖν
3125 2041 3285 2099 εἱπας
3323 2034 3411 2090 ὅτι
3438 2035 3588 2098 ἐκτὸς
3621 2033 3786 2113 λόγσιυ

2140 2131 2405 2205 πορνείας,
2470 2131 2564 2187 οῦκ
2620 2126 2816 2193 ἔξεστιν
2871 2125 3171 2200 ἀπολύειν;
3235 2125 3359 2184 Ἐάν
3407 2122 3463 2180 δὲ
3511 2124 3644 2199 εἴπῃ
3700 2122 3783 2179 ὅτι

2142 2219 2235 2274 οὐκ
2288 2215 2507 2296 ἔξεστιν,
2587 2215 2945 2295 ἐγκαλέσωσιν
3020 2217 3165 2290 αῦτῷ
3250 2217 3322 2280 ὡς
3394 2212 3783 2289 ἐναντιουμένῳ

2141 2317 2257 2369 τοῖς
2312 2312 2404 2362 τοῦ
2466 2305 2697 2369 Μωσέως
2761 2304 3042 2384 δόγμασιν.
3102 2302 3162 2362 Ὀ
3207 2304 3298 2362 οὖν
3352 2305 3595 2383 Χριστὸς,
3624 2303 3660 2369 ἦ
3691 2301 3782 2357 αῦ-

2140 2395 2381 2473 τοσοφία,
2445 2394 2777 2473 ἀποκρίνεται
2834 2394 3017 2458 αὒτοϊς
3074 2393 3351 2472 ἀπόκρισιν
3408 2391 3781 2471 διαφεύγουσαν

2140 2484 2235 2546 τὰς
2290 2485 2458 2540 αὐτῶν
2514 2482 2759 2562 παγίδας,
2819 2480 3025 2561 Ἐρωτᾷ
3076 2484 3174 2561 γὰρ
3230 2482 3440 2554 αὖτοὺς,
3499 2482 3548 2537 τί
3603 2483 3783 2541 αὐτοῖς

2143 2571 2436 2630 ἐνετείλατο
2496 2576 2715 2641 Μωσῆς.
2773 2579 2889 2631 Τῶν
2943 2570 2998 2628 δὲ
3088 2572 3340 2628 εἰπόντων
3396 2569 3478 2625 ὅτι
3532 2568 3782 2623 ἀπολύειν

2142 2659 2457 2734 ἐνετείλατο,
2538 2661 2815 2740 ἑρμηνεύει
2871 2664 3053 2724 αῦτοτς
3129 2662 3214 2716 τὸν
3285 2658 3468 2733 νόμον.
3538 2656 3609 2714 Οὒ
3678 2656 3779 2733 γὰρ

2143 2750 2307 2815 οὕτως
2363 2750 2577 2818 ἀπηνὴς
2630 2755 2698 2819 ἦν
2757 2753 2786 2808 ὁ
2837 2752 3057 2822 Μωσῆς,
3115 2750 3293 2829 φησὶν,
3360 2747 3497 2803 ὣστε
3539 2744 3773 2800 τοιοῦτον

2143 2842 2458 2918 εἰσενεγκεῖν
2503 2842 2685 2920 νόμον,
2720 2840 2858 2897 ἀλλὰ
2908 2843 3033 2919 πρὸς
3082 2861 3179 2906 την
3219 2835 3473 2914 ὑμετέραν
3532 2831 3766 2911 σκληρο-

2139 2928 2351 3008 καρδίαν
2404 2929 2558 2986 τοῦτο
2617 2929 2867 3009 ἔγραξιεν,
2930 2921 2987 2987 Ὀ
3042 2929 3138 3008 γὰρ
3187 2929 3341 2999 Θεὸς,
3373 2924 3642 3002 γινώσκων
3672 2921 3771 2988 τὴν

2137 3025 2244 3075 τῶν
2298 3010 2548 3098 Ἐϐραίων
2605 3019 3002 3097 ἀπανθρωπίαν,
3063 3019 3150 3073 καὶ
3206 3015 3285 3071 ὅτι
3329 3012 3511 3093 ῥαδίως
3564 3014 3593 3068 ὃ
3646 3012 3774 3098 βουέ

415 3126 535 3170 non
566 3105 653 3168 sic
675 3102 935 3171 erat.sed
963 3101 1070 3164 Dei
1120 3101 1433 3163 consilium
1485 3102 1767 3182 conjuges
1797 3105 1867 3164 ad
1902 3105 2053 3166 invi-

2141 3106 2364 3184 λόμενος
2393 3096 2605 3188 ιρονεύοι
2636 3106 2697 3163 ἂν
2739 3096 2837 3175 την
2882 3107 3069 3163 ἑαυτοῦ
3111 3117 3337 3184 γυναῖκα
3378 3103 3613 3178 μισήσας
3643 3096 3781 3188 ἅπαξ

413 3215 544 3259 cem
570 3193 963 3275 ronjungit,et
989 3190 1214 3253 relictis
1232 3190 1571 3270 parentibus
1589 3211 1767 3254 unum
1800 3194 2062 3256 facit.Vi-

412 3286 488 3348 de
513 3292 709 3347 autem
730 3281 872 3364 quid
897 3279 1244 3360 dicat,quod
1267 3278 1422 3341 Deus
1437 3280 1624 3341 noluit
1646 3281 2054 3362 polygamiam,

413 3382 478 3436 ut
506 3375 632 3437 haec
659 3372 1187 3451 relinqueretur,et
1215 3367 1399 3430 altera
1430 3369 1751 3431 duceretur
1773 3390 1920 3432 uxor
1954 3393 1969 3434 :
2002 3381 2062 3433 et

412 3467 624 3527 iterum
656 3461 1093 3541 relinqueretur
1118 3460 1311 3538 ista,et
1333 3467 1738 3520 assumeretur
1765 3460 1879 3522 alia
1912 3460 2056 3522 Nam

413 3553 464 3617 si
495 3554 608 3615 hoc
637 3558 817 3625 esset,
846 3548 1084 3610 fecisset
1126 3550 1282 3609 Deus
1308 3565 1491 3608 unum
1543 3548 1778 3627 quidem
1843 3550 2056 3620 virum,

413 3642 629 3705 multas
660 3648 854 3701 autem
887 3636 1196 3711 mulieres;
1230 3654 1387 3698 nunc
1405 3643 1599 3697 autem
1630 3637 1740 3697 hoc
1758 3656 1874 3698 non
1897 3639 2057 3720 fecit,

412 3730 519 3794 sed
550 3727 881 3792 masculum
908 3733 965 3790 et
986 3726 1262 3787 feminam
1294 3724 1647 3804 fecit,unum
1680 3725 1781 3787 uni
1812 3728 2057 3808 copula-

411 3821 466 3884 ri
492 3817 733 3900 jubens.
770 3819 1086 3878 Possemus
1114 3813 1266 3875 forte
1296 3822 1353 3875 et
1377 3814 1462 3876 sic
1478 3814 1634 3875 hunc
1661 3815 1854 3876 locum
1876 3816 2055 3879 intel-

415 3909 839 3989 ligere:Sermo
871 3904 1152 3977 doctoris,
1176 3903 1277 3984 qui
1305 3922 1510 3965 semen
1545 3903 1763 3965 bonum
1800 3906 1973 3967 mittit
1997 3908 2057 3968 in

410 3998 669 4062 animam
716 3994 907 4060 ﬁdelis
938 3992 1223 4068 hominis,
1260 3992 1435 4057 habet
1479 3993 1768 4056 rationem
1794 3995 1896 4058 viri
1921 4016 2059 4075 erga

410 4088 677 4152 animam
709 4102 841 4167 quae
867 4082 1034 4145 illum
1067 4080 1513 4163 suscipitSaepe
1541 4081 1720 4161 igitur
1749 4085 1900 4147 ratio
1928 4104 2060 4165 quae

410 4177 574 4254 cupit
605 4174 889 4257 prodesse
918 4172 1291 4251 animae,quae
1318 4170 1565 4233 verbum
1590 4172 2058 4248 suscipit,relin-

411 4266 541 4348 quit
570 4272 799 4347 patrem
854 4279 1054 4341 suum,
1086 4261 1228 4322 225
1276 4260 1389 4321 hoc
1429 4268 1518 4322 est
1576 4269 1834 4322 mentem
1868 4261 2058 4324 subli-

411 4373 569 4419 mem
606 4376 620 4415 :
655 4361 713 4415 et
745 4358 994 4414 matrem
1026 4349 1338 4431 suam,hoc
1370 4349 1731 4423 est,verbum
1760 4362 2054 4415 ornatum:

409 4452 466 4508 et
494 4443 760 4506 adhaeret
812 4438 981 4502 uxori
1038 4458 1179 4514 suae,
1212 4439 1657 4519 attemperando
1688 4458 1752 4500 se
1785 4440 1894 4516 illi,
1929 4461 2059 4521 quae

407 4531 493 4595 illi
528 4530 843 4611 expediant
871 4529 1117 4603 docens,
1152 4535 1210 4589 et
1235 4545 1392 4607 saepe
1441 4545 1684 4588 sensum
1734 4529 2056 4609 imperfec-

406 4629 530 4684 tum
561 4639 631 4682 ac
658 4617 838 4681 verba
866 4616 1158 4697 supplicia
1187 4624 1246 4677 et
1276 4615 1593 4677 idiotarum
1627 4617 1935 4697 proferens
1962 4641 1974 4681 :
2002 4627 2061 4681 et

403 4719 543 4774 tunc
568 4715 705 4771 sunt
735 4708 852 4770 duo
884 4706 943 4768 in
973 4723 1153 4768 carne
1182 4723 1321 4782 una,
1344 4704 1457 4766 hoc
1490 4713 1601 4779 est,
1638 4708 1828 4768 credit
1858 4709 2058 4770 anima

406 4817 647 4863 carnem
673 4798 888 4859 factum
924 4813 1059 4857 esse
1087 4792 1348 4858 Verbum
1403 4793 1533 4868 Dei,
1560 4802 1617 4855 et
1647 4795 1809 4857 nulla
1839 4799 2053 4859 huma-

402 4908 482 4953 na
515 4886 794 4970 cOgitatio
825 4891 1021 4966 potest
1050 4901 1333 4964 separare
1356 4882 1612 4944 animam
1644 4903 1676 4947 ει
1720 4885 1822 4946 tali
1852 4887 1993 4951 fide.

400 5003 507 5040 νων
563 4984 697 5054 αὐτῇ

785 4977 873 5033 καὶ
935 4982 1051 5031 νοῦν
1110 4971 1365 5038 πολλάκις
1425 4972 1613 5040 εὐτελῆ
1671 4976 1757 5031 καὶ
1827 4975 1989 5044 λέξεις
2046 4977 2314 5041 ἰδιωτικὰς
2385 4985 2681 5057 προτιμῶν.

2143 3197 2326 3273 αὐτὴν,
2388 3187 2762 3277 συνεχώρησεν
2809 3195 3063 3253 ἀπολύειν
3120 3199 3217 3260 τὴν
3266 3204 3517 3271 γυναῖκα,
3565 3188 3651 3243 τὸν
3707 3187 3783 3262 μὴ

2143 3287 2495 3364 ἀρεσκόμενον
2563 3291 2718 3364 αὐτῇ.
2795 3285 2918 3342 ’Λπ’
2990 3285 3167 3364 ἀρχῆς
3224 3281 3279 3338 δί
3308 3283 3411 3361 οὐχ
3472 3278 3639 3341 οὕτως
3692 3277 3782 3354 ἦν,

2142 3374 2261 3431 ἀλλ’
2302 3378 2336 3445 ἡ
2380 3379 2472 3433 τοῦ
2515 3384 2646 3435 Θεοῦ
2687 3374 2856 3453 βουλή
2901 3373 3170 3452 συγκολλᾷ
3210 3370 3464 3441 ἂλλήλοις
3507 3369 3627 3429 τοὺς
3684 3388 3781 3423 συ-

2143 3465 2347 3543 ζύγους,
2411 3467 2497 3521 καὶ
2560 3466 2613 3521 ἓν
2657 3478 2828 3539 ποιεῖ,
2882 3464 3019 3521 ὥστε
3074 3463 3162 3519 καὶ
3202 3460 3403 3542 γονέων
3432 3454 3780 3533 καταμελεϊν,

2147 3543 2292 3632 ΗΟρα
2334 3552 2389 3610 δὲ
2444 3556 2494 3610 τί
2535 3553 2703 3633 λέγει,
2750 3553 2831 3610 ὅτι
2876 3556 2903 3610 ὁ
2949 3555 3076 3614 Θεὸς
3136 3550 3195 3609 οὗ
3231 3550 3371 3607 θέλει
3427 3545 3781 3624 πολυγαμίαν,

2142 3644 2278 3700 ὥστε
2333 3646 2528 3711 ταύτην
2571 3648 2670 3720 μέν
2713 3642 3153 3719 καταλιμπάνειν,
3220 3639 3402 3718 ἑτέραν
3458 3635 3513 3692 δὲ
3564 3634 3778 3713 ἄγεσθαι

2140 3746 2391 3812 γυναῖκα,
2464 3735 2551 3789 καὶ
2632 3732 2791 3789 πάλιν
2884 3732 3083 3798 ταύτην
3164 3726 3607 3803 καταλιμπάνειν,
3692 3725 3780 3812 καὶ

2142 3808 2293 3898 έτέρᾳ
2345 3808 2653 3883 κόλλασθαι,
2705 3823 2760 3879 Εἰ
2804 3821 2902 3899 γὰρ
2944 3826 3097 3876 τοῦτο
3141 3818 3229 3890 ἦν,
3282 3816 3532 3883 ἐποίησεν
3575 3811 3635 3868 ἂν
3689 3808 3782 3865 ἕνα

2141 3910 2238 3985 μὲν
2298 3908 2478 3988 ἄνδρα,
2538 3909 2743 3975 πολλὰς
2791 3908 2844 3966 δὲ
2900 3921 3178 3988 γυναῖκας.
3243 3914 3342 3964 Νῦν
3402 3903 3458 3960 δὲ
3515 3904 3574 3959 οὗ
3628 3900 3781 3957 τοῦτο

2147 3998 2382 4077 γέγονεν,
2440 3998 2557 4055 ἀλλ’
2635 3999 2790 4078 ἄρσεν
2841 4000 2929 4055 καὶ
2985 3995 3119 4064 θῆλυ
3190 3996 3462 4072 εποίησεν,
3534 3990 3636 4078 ἕνα,
3684 3994 3782 4065 μιᾷ

2141 4087 2391 4152 κελεύσας
2450 4077 2822 4150 συνάπτεσθαι,
2885 4089 3105 4156 Μήποτε
3164 4084 3218 4140 δὲ
3287 4084 3375 4138 καὶ
3430 4082 3569 4138 οὕτω
3623 4077 3780 4136 δυνά-

2150 4180 2282 4252 μεθα
2326 4182 2514 4244 νοῆσαι
2569 4179 2630 4233 τὸ
2673 4180 2840 4256 παρὸν
2895 4176 3117 4255 χωρίον.
3180 4165 3237 4231 Ὀ
3284 4172 3443 4251 λόγος
3473 4173 3500 4227 ὁ
3529 4167 3780 4225 διδασκα-

2140 4265 2314 4339 λικὸς,
2377 4266 2652 4346 σπέρματα
2739 4266 2907 4345 ἀγαθὰ
2963 4261 3240 4341 ἐμϐά)λων
3302 4263 3373 4325 εἷς
3429 4259 3528 4327 τὴν
3598 4257 3783 4336 ψυχὴν

2140 4362 2232 4411 τοῦ
2275 4363 2464 4411 πιστοῦ
2491 4355 2787 4434 ἀνθρώπου,
2820 4353 3001 4433 ἀνδρὸς
3049 4351 3207 4430 λογον
3265 4350 3459 4430 ἐπέχει
3510 4348 3639 4425 πρὸς
3682 4350 3784 4411 τὴν

2138 4442 2547 4524 ὑποδεχομένην
2618 4446 2772 4501 αὐτὸν
2829 4444 3035 4522 ψυχήν,
3096 4439 3354 4504 Πολλάκις
3411 4441 3499 4496 οὖν
3555 4439 3582 4493 ὁ
3624 4434 3781 4513 λόγος

2139 4532 2306 4589 θέλων
2364 4532 2637 4614 ὠφελῆσαι
2674 4533 2771 4600 τὴν
2821 4529 3227 4612 ὑποδεχομένην
3272 4528 3478 4608 ψυχὴν,
3511 4524 3780 4600 καταλιμ-

2138 4623 2293 4679 πάνει
2337 4623 2429 4679 τὸν
2474 4622 2674 4700 πατέρα
2732 4622 2911 4695 arb-.05,
2971 4620 3209 4678 τουτέστι
3250 4626 3367 4674 νοῦν
3421 4615 3649 4693 ὑψηλὸν,
3696 4616 3786 4671 καὶ

2138 4711 2240 4778 τὴν
2299 4711 2504 4789 μητέρα
2560 4711 2741 4791 αὐτοῦ,
2788 4710 3025 4771 τουτέστι
3073 4708 3210 4774 λέξιν
3247 4703 3783 4779 κεκαλλωπισμένην,

2135 4801 2226 4856 καὶ
2282 4798 2674 4878 προσκολλεπαι
2730 4806 2797 4877 τῇ
2853 4801 3060 4878 γυναικὶ
3120 4797 3294 4875 αῦτοῦ,
3358 4794 3476 4861 ἤτοι
3531 4796 3595 4849 τα
3652 4793 3786 4870 πρὸς

2138 4888 2396 4969 ὠφέλειαν
2454 4894 2553 4956 τῆς
2617 4894 2802 4968 ψυχῆς
2859 4888 3065 4955 ἐκείνης
3122 4884 3373 4957 διδάσκει,
3425 4879 3782 4959 συγκαταϐαίο

2771 4979 2867 5036 Καὶ
2922 4976 3110 5033 λοιπὸν
3178 4975 3408 5054 γίνονται
3466 4975 3513 5029 οἱ
3568 4968 3658 5027 δύο
3711 4972 3785 5032 εἷς

399 5070 570 5149 σάρκα
616 5068 763 5145 μίαν,
827 5062 1087 5139 τουτέστι,
1144 5063 1376 5119 πιστεύει
1449 5065 1482 5131 ἡ
1557 5065 1710 5143 ψυχὴ
1768 5066 1935 5140 σάρκα
1995 5070 2234 5146 γενέσθαι
2290 5069 2380 5124 τὸν
2444 5069 2616 5146 Λόγον
2686 5074 2779 5125 τοῦ
2839 5075 2994 5127 Θεοῦ.
3078 5067 3174 5124 Καὶ
3229 5061 3392 5127 οὖδεὶς
3462 5060 3787 5138 ἀνθρώπινος

398 5159 657 5239 λογισμὸς
688 5156 899 5215 δύναται
929 5154 1161 5235 χωρίσαι
1191 5152 1290 5220 τὴν
1322 5152 1508 5231 ψυχὴν
1551 5153 1659 5210 ἀπὸ
1689 5161 1786 5222 τῆς
1817 5158 2068 5224 τοιαύτης
2102 5158 2355 5220 πίστεως.

478 5238 658 5311 Vens.
699 5244 791 5321 lO,
824 5244 923 5305 11.
961 5261 989 5301 ‹
1011 5239 1082 5303 Ει
1108 5241 1166 5302 in
1197 5238 1372 5301 domo
1404 5258 1639 5302 rursum
1674 5242 1948 5324 discipuli
1974 5245 2051 5307 il-

396 5338 512 5400 lius
567 5335 777 5399 eadem
809 5333 885 5395 de
914 5349 980 5393 re
1011 5329 1529 5408 interrogaverunt
1574 5330 1768 5412 illum,
1804 5340 1862 5394 et
1911 5333 2051 5397 dicit

397 5425 518 5488 illis
551 5446 565 5489 :
598 5422 949 5502 Quicunque.
1009 5416 1413 5498 repudiaverit
1460 5437 1706 5481 uxorem
1754 5439 1946 5497 suam,
1990 5429 2049 5484 et

398 5507 1210 5585 duxeritaliam,adulterium
1233 5508 2040 5573 committitadversusillam.

395 5602 471 5667 Et
498 5602 549 5663 si
582 5599 799 5663 mulier
827 5596 1230 5678 repudiaverit
1263 5595 1446 5657 virum
1476 5616 1672 5679 suum,
1694 5609 1751 5660 et
1778 5600 2047 5680 nupserit

394 5687 954 5769 alteri,adulterium
977 5683 1350 5747 committit.)
1388 5683 1606 5748 Iterum
1635 5689 1808 5749 etiam
1860 5687 2041 5750 disci-

2223 5270 2249 5300 α
2302 5248 2400 5304 Καὶ
2457 5249 2512 5302 ἓν
2568 5251 2634 5322 τῇ
2677 5246 2814 5317 οἰκίᾳ
2857 5242 3015 5300 πάλιν
3075 5248 3122 5300 οἱ
3193 5244 3421 5318 μαθηταὶ
3469 5243 3624 5297 αὺτοῦ
3667 5235 3787 5330 ⁴περὶ

2133 5336 2225 5389 τοῦ
2258 5338 2411 5392 αὐτοῦ
2445 5333 2801 5413 ἐπηρώτησαν
2858 5334 3037 5407 αὖτὸν,
3100 5334 3187 5388 καὶ
3217 5330 3363 5407 λέγει
3407 5334 3590 5391 αὐτοῖς
3626 5347 3642 5363 °
3675 5318 3689 5339 ²
3714 5338 3785 5391 Oc

2130 5423 2221 5478 ἒὰν
2251 5421 2493 5498 ἀπολύσῃ
2538 5423 2638 5490 τὴν
2682 5434 2910 5500 γυναῖκα
2954 5422 3111 5477 αὺτοῦ
3168 5422 3251 5477 καὶ
3307 5420 3532 5497 γαμήσῃ
3590 5414 3781 5496 ἄλλην,

2130 5518 2389 5591 μοιχᾶται
2421 5510 2504 5568 ἐπ’
2538 5511 2725 5581 αὐτήν.
2763 5512 2862 5567 Καὶ
2908 5512 2999 5568 ἑὰν
3058 5510 3192 5589 γυνὴ
3222 5506 3462 5584 ἀπολύσῃ
3507 5508 3596 5563 τὸν
3627 5504 3786 5584 ἄνδρα

2131 5600 2315 5677 αὐτῆς,
2370 5602 2457 5657 καὶ
2505 5604 2725 5679 γαμηθῇ
2782 5598 2951 5675 ἄλλῳ,
3020 5606 3304 5679 μοιχᾶται.
3342 5616 3370 5655 )
3409 5596 3550 5655 ’Ἔτι
3608 5596 3694 5651 καὶ
3742 5597 3790 5651 οἱ

2129 5691 2360 5763 μαθηταὶ
2413 5686 2848 5761 ἐσκανδαλίζοντο
2884 5707 2899 5722 ⁵
2946 5687 3030 5747 διὰ
3086 5695 3239 5745 τοῦτο
3288 5693 3377 5746 οῦν
3435 5687 3521 5741 καὶ
3553 5684 3787 5767 προσέρ-
3855 5706 3861 5722 ι
