  <div class='ocr_page' id='page_1' title='image "/cluster/home/n/w/nwhite01/storage/ocr_20150623/123/mdp.39015009359079/306.png"; bbox 0 0 4170 6282; ppageno 0'>
   <div class='ocr_carea' id='block_1_1' title="bbox 403 341 518 405">
    <p class='ocr_par' dir='ltr' id='par_1_1' title="bbox 403 341 518 405">
     <span class='ocr_line' id='line_1_1' title="bbox 403 341 518 405; baseline 0 0"><span class='ocrx_word' id='word_1_1' title='bbox 403 341 518 405; x_wconf 71' lang='grc'><strong>897</strong></span> 
     </span>
    </p>
   </div>
   <div class='ocr_carea' id='block_1_2' title="bbox 1146 336 2044 407">
    <p class='ocr_par' dir='ltr' id='par_1_2' title="bbox 1146 338 2044 407">
     <span class='ocr_line' id='line_1_2' title="bbox 1146 338 2044 407; baseline -0.007 0"><span class='ocrx_word' id='word_1_2' title='bbox 1146 341 1592 407; x_wconf 71' lang='lat' dir='ltr'><strong>INARRLTIO</strong></span> <span class='ocrx_word' id='word_1_3' title='bbox 1635 342 1718 406; x_wconf 67' lang='grc' dir='ltr'><strong>ΙΝ</strong></span> <span class='ocrx_word' id='word_1_4' title='bbox 1764 338 2044 405; x_wconf 69' lang='grc' dir='ltr'>ιινυιο]</span> 
     </span>
    </p>
   </div>
   <div class='ocr_carea' id='block_1_3' title="bbox 2131 336 3025 407">
    <p class='ocr_par' dir='ltr' id='par_1_3' title="bbox 2131 337 3025 400">
     <span class='ocr_line' id='line_1_3' title="bbox 2131 337 3025 400; baseline -0.004 0"><span class='ocrx_word' id='word_1_5' title='bbox 2131 337 2271 400; x_wconf 73' lang='grc' dir='ltr'><strong>ΙΠΜ</strong></span> <span class='ocrx_word' id='word_1_6' title='bbox 2321 338 2580 400; x_wconf 76' lang='lat' dir='ltr'>MARCI.</span> <span class='ocrx_word' id='word_1_7' title='bbox 2617 371 2685 382; x_wconf 90' lang='lat'><strong>-</strong></span> <span class='ocrx_word' id='word_1_8' title='bbox 2734 339 2897 400; x_wconf 71' lang='lat' dir='ltr'><strong>CAP.</strong></span> <span class='ocrx_word' id='word_1_9' title='bbox 2949 337 3025 400; x_wconf 84' lang='lat' dir='ltr'><strong>X.</strong></span> 
     </span>
    </p>
   </div>
   <div class='ocr_carea' id='block_1_4' title="bbox 3688 278 3842 398">
    <p class='ocr_par' dir='ltr' id='par_1_4' title="bbox 3688 278 3842 398">
     <span class='ocr_line' id='line_1_4' title="bbox 3688 278 3842 398; baseline -0.013 0"><span class='ocrx_word' id='word_1_10' title='bbox 3688 331 3806 398; x_wconf 77' lang='lat'><strong>598</strong></span> <span class='ocrx_word' id='word_1_11' title='bbox 3840 278 3842 285; x_wconf 28' lang='grc' dir='ltr'><strong>Ι</strong></span> 
     </span>
    </p>
   </div>
   <div class='ocr_carea' id='block_1_5' title="bbox 411 471 2044 556">
    <p class='ocr_par' dir='ltr' id='par_1_5' title="bbox 411 475 2044 556">
     <span class='ocr_line' id='line_1_5' title="bbox 411 475 2044 556; baseline -0.004 -20"><span class='ocrx_word' id='word_1_12' title='bbox 411 501 602 556; x_wconf 66' lang='grc' dir='ltr'>χονται</span> <span class='ocrx_word' id='word_1_13' title='bbox 651 477 808 534; x_wconf 85' lang='grc' dir='ltr'>πάλιν</span> <span class='ocrx_word' id='word_1_14' title='bbox 852 479 994 550; x_wconf 86' lang='grc' dir='ltr'><strong>αὐτῷ</strong></span> <span class='ocrx_word' id='word_1_15' title='bbox 1041 478 1129 534; x_wconf 86' lang='grc' dir='ltr'><strong>καὶ</strong></span> <span class='ocrx_word' id='word_1_16' title='bbox 1176 476 1466 556; x_wconf 79' lang='grc' dir='ltr'>ἐρωτῶσιν,</span> <span class='ocrx_word' id='word_1_17' title='bbox 1524 478 1594 541; x_wconf 82' lang='grc' dir='ltr'><strong>ὡς</strong></span> <span class='ocrx_word' id='word_1_18' title='bbox 1654 476 1820 550; x_wconf 88' lang='grc' dir='ltr'>μήπω</span> <span class='ocrx_word' id='word_1_19' title='bbox 1866 475 2044 533; x_wconf 67' lang='grc' dir='ltr'>ἱκανῶς</span> 
     </span>
    </p>
   </div>
   <div class='ocr_carea' id='block_1_6' title="bbox 2131 471 3761 556">
    <p class='ocr_par' dir='ltr' id='par_1_6' title="bbox 2145 471 3761 555">
     <span class='ocr_line' id='line_1_6' title="bbox 2145 471 3761 555; baseline -0.001 -19"><span class='ocrx_word' id='word_1_20' title='bbox 2145 474 2267 555; x_wconf 90' lang='lat' dir='ltr'><strong>puli</strong></span> <span class='ocrx_word' id='word_1_21' title='bbox 2301 473 2680 537; x_wconf 86' lang='lat' dir='ltr'><strong>scandalizati</strong></span> <span class='ocrx_word' id='word_1_22' title='bbox 2703 482 3049 554; x_wconf 88' lang='lat' dir='ltr'><strong>sunt,atque</strong></span> <span class='ocrx_word' id='word_1_23' title='bbox 3081 492 3209 536; x_wconf 88' lang='lat' dir='ltr'><strong>eam</strong></span> <span class='ocrx_word' id='word_1_24' title='bbox 3240 471 3316 535; x_wconf 89' lang='lat' dir='ltr'><strong>ob</strong></span> <span class='ocrx_word' id='word_1_25' title='bbox 3337 490 3572 534; x_wconf 85' lang='lat' dir='ltr'><strong>causam</strong></span> <span class='ocrx_word' id='word_1_26' title='bbox 3595 471 3761 534; x_wconf 90' lang='lat' dir='ltr'><strong>denu</strong></span> 
     </span>
    </p>
   </div>
   <div class='ocr_carea' id='block_1_7' title="bbox 403 557 2057 647">
    <p class='ocr_par' dir='ltr' id='par_1_7' title="bbox 403 557 2057 647">
     <span class='ocr_line' id='line_1_7' title="bbox 403 557 2057 647; baseline 0 -25"><span class='ocrx_word' id='word_1_27' title='bbox 403 566 872 647; x_wconf 80' lang='grc' dir='ltr'>ἐκθεραπευθὲντος</span> <span class='ocrx_word' id='word_1_28' title='bbox 934 568 1101 623; x_wconf 79' lang='grc' dir='ltr'>αὐτῶν</span> <span class='ocrx_word' id='word_1_29' title='bbox 1185 574 1277 647; x_wconf 67' lang='grc' dir='ltr'>τοῦ</span> <span class='ocrx_word' id='word_1_30' title='bbox 1349 565 1628 644; x_wconf 74' lang='grc' dir='ltr'>λογισμοῦ.</span> <span class='ocrx_word' id='word_1_31' title='bbox 1693 557 1750 622; x_wconf 68' lang='grc' dir='ltr'>Ὀ</span> <span class='ocrx_word' id='word_1_32' title='bbox 1807 563 1862 620; x_wconf 71' lang='grc' dir='ltr'>δὲ</span> <span class='ocrx_word' id='word_1_33' title='bbox 1913 564 2057 622; x_wconf 81' lang='grc' dir='ltr'>ἀπο-</span> 
     </span>
    </p>
   </div>
   <div class='ocr_carea' id='block_1_8' title="bbox 396 637 2057 734">
    <p class='ocr_par' dir='ltr' id='par_1_8' title="bbox 396 637 2057 734">
     <span class='ocr_line' id='line_1_8' title="bbox 396 637 2057 734; baseline -0.001 -23"><span class='ocrx_word' id='word_1_34' title='bbox 396 637 626 734; x_wconf 79' lang='grc' dir='ltr'>κρίνέται</span> <span class='ocrx_word' id='word_1_35' title='bbox 675 657 882 730; x_wconf 78' lang='grc' dir='ltr'>αὐτοῖς,</span> <span class='ocrx_word' id='word_1_36' title='bbox 944 653 1115 734; x_wconf 87' lang='grc' dir='ltr'>λέγων</span> <span class='ocrx_word' id='word_1_37' title='bbox 1151 671 1165 685; x_wconf 86' lang='grc'><strong>⁸</strong></span> <span class='ocrx_word' id='word_1_38' title='bbox 1231 637 1339 719; x_wconf 63' lang='grc' dir='ltr'><strong>μΟς</strong></span> <span class='ocrx_word' id='word_1_39' title='bbox 1393 637 1780 731; x_wconf 41' lang='grc' dir='ltr'>ξαν-ἀπολύσῃ</span> <span class='ocrx_word' id='word_1_40' title='bbox 1828 654 1926 722; x_wconf 78' lang='grc' dir='ltr'>τὴν</span> <span class='ocrx_word' id='word_1_41' title='bbox 1955 678 2057 731; x_wconf 88' lang='grc' dir='ltr'><strong>γυ-</strong></span> 
     </span>
    </p>
   </div>
   <div class='ocr_carea' id='block_1_9' title="bbox 393 743 2056 824">
    <p class='ocr_par' dir='ltr' id='par_1_9' title="bbox 393 743 2056 824">
     <span class='ocr_line' id='line_1_9' title="bbox 393 743 2056 824; baseline 0 -24"><span class='ocrx_word' id='word_1_42' title='bbox 393 760 558 803; x_wconf 73' lang='grc' dir='ltr'>ναῒκα</span> <span class='ocrx_word' id='word_1_43' title='bbox 618 745 777 802; x_wconf 86' lang='grc' dir='ltr'>αὐτοῦ</span> <span class='ocrx_word' id='word_1_44' title='bbox 820 747 908 802; x_wconf 86' lang='grc' dir='ltr'><strong>καὶ</strong></span> <span class='ocrx_word' id='word_1_45' title='bbox 967 745 1192 824; x_wconf 72' lang='grc' dir='ltr'>γαμήσῃ</span> <span class='ocrx_word' id='word_1_46' title='bbox 1237 743 1429 818; x_wconf 70' lang='grc' dir='ltr'>ἄλλην,</span> <span class='ocrx_word' id='word_1_47' title='bbox 1493 745 1690 824; x_wconf 88' lang='grc' dir='ltr'>μοιχός</span> <span class='ocrx_word' id='word_1_48' title='bbox 1721 743 1861 799; x_wconf 76' lang='grc' dir='ltr'>ἐστιν</span> <span class='ocrx_word' id='word_1_49' title='bbox 1891 746 2056 809; x_wconf 75' lang='grc' dir='ltr'>αὐτῆς</span> 
     </span>
    </p>
   </div>
   <div class='ocr_carea' id='block_1_10' title="bbox 397 825 2057 914">
    <p class='ocr_par' dir='ltr' id='par_1_10' title="bbox 397 825 2057 914">
     <span class='ocr_line' id='line_1_10' title="bbox 397 825 2057 914; baseline -0.001 -24"><span class='ocrx_word' id='word_1_50' title='bbox 397 837 492 902; x_wconf 76' lang='grc' dir='ltr'>τῆς</span> <span class='ocrx_word' id='word_1_51' title='bbox 550 833 818 914; x_wconf 83' lang='grc' dir='ltr'>δευτέρας.</span> <span class='ocrx_word' id='word_1_52' title='bbox 899 825 1134 910; x_wconf 69' lang='grc' dir='ltr'>Ὀμοῖως</span> <span class='ocrx_word' id='word_1_53' title='bbox 1203 833 1290 891; x_wconf 83' lang='grc' dir='ltr'><strong>οῦν</strong></span> <span class='ocrx_word' id='word_1_54' title='bbox 1361 835 1456 891; x_wconf 88' lang='grc' dir='ltr'>καὶ</span> <span class='ocrx_word' id='word_1_55' title='bbox 1507 833 1543 900; x_wconf 75' lang='grc' dir='ltr'>ἡ</span> <span class='ocrx_word' id='word_1_56' title='bbox 1601 834 1734 911; x_wconf 76' lang='grc' dir='ltr'>γυνὴ</span> <span class='ocrx_word' id='word_1_57' title='bbox 1802 831 2057 912; x_wconf 86' lang='grc' dir='ltr'>μοιχαλίς</span> 
     </span>
    </p>
   </div>
   <div class='ocr_carea' id='block_1_11' title="bbox 393 921 2056 1004">
    <p class='ocr_par' dir='ltr' id='par_1_11' title="bbox 393 921 2056 1004">
     <span class='ocr_line' id='line_1_11' title="bbox 393 921 2056 1004; baseline -0.002 -24"><span class='ocrx_word' id='word_1_58' title='bbox 393 924 561 999; x_wconf 71' lang='grc' dir='ltr'>ἐστιν,</span> <span class='ocrx_word' id='word_1_59' title='bbox 621 927 658 994; x_wconf 75' lang='grc' dir='ltr'>ἦ</span> <span class='ocrx_word' id='word_1_60' title='bbox 715 923 915 1004; x_wconf 63' lang='grc' dir='ltr'>ἀφεῖσα</span> <span class='ocrx_word' id='word_1_61' title='bbox 943 925 1056 984; x_wconf 79' lang='grc' dir='ltr'>,τὸν</span> <span class='ocrx_word' id='word_1_62' title='bbox 1127 921 1264 980; x_wconf 71' lang='grc' dir='ltr'>ἴδιον</span> <span class='ocrx_word' id='word_1_63' title='bbox 1323 921 1504 1000; x_wconf 71' lang='grc' dir='ltr'>ἄνδρα,</span> <span class='ocrx_word' id='word_1_64' title='bbox 1559 923 1647 979; x_wconf 86' lang='grc' dir='ltr'><strong>καὶ</strong></span> <span class='ocrx_word' id='word_1_65' title='bbox 1693 921 1854 1000; x_wconf 79' lang='grc' dir='ltr'>ἑτέρῳ</span> <span class='ocrx_word' id='word_1_66' title='bbox 1897 929 2056 993; x_wconf 85' lang='grc' dir='ltr'>συζυ-</span> 
     </span>
    </p>
   </div>
   <div class='ocr_carea' id='block_1_12' title="bbox 394 1026 578 1091">
    <p class='ocr_par' dir='ltr' id='par_1_12' title="bbox 394 1026 578 1091">
     <span class='ocr_line' id='line_1_12' title="bbox 394 1026 578 1091; baseline 0.016 -22"><span class='ocrx_word' id='word_1_67' title='bbox 394 1026 578 1091; x_wconf 76' lang='grc' dir='ltr'>γεῖσα.</span> 
     </span>
    </p>
   </div>
   <div class='ocr_carea' id='block_1_13' title="bbox 486 1099 2052 1182">
    <p class='ocr_par' dir='ltr' id='par_1_13' title="bbox 486 1099 2052 1182">
     <span class='ocr_line' id='line_1_13' title="bbox 486 1099 2052 1182; baseline -0.003 -24"><span class='ocrx_word' id='word_1_68' title='bbox 486 1125 510 1158; x_wconf 75' lang='grc' dir='ltr'>ι</span> <span class='ocrx_word' id='word_1_69' title='bbox 552 1104 651 1161; x_wconf 82' lang='grc' dir='ltr'>Καὶ</span> <span class='ocrx_word' id='word_1_70' title='bbox 695 1101 1018 1182; x_wconf 77' lang='grc' dir='ltr'><strong>προσέφερον</strong></span> <span class='ocrx_word' id='word_1_71' title='bbox 1047 1101 1188 1176; x_wconf 83' lang='grc' dir='ltr'>αὐτῷ</span> <span class='ocrx_word' id='word_1_72' title='bbox 1230 1100 1434 1177; x_wconf 79' lang='grc' dir='ltr'>παιδία,</span> <span class='ocrx_word' id='word_1_73' title='bbox 1474 1099 1569 1157; x_wconf 75' lang='grc' dir='ltr'>ἵνα</span> <span class='ocrx_word' id='word_1_74' title='bbox 1599 1099 1801 1176; x_wconf 74' lang='grc' dir='ltr'>ἅψηται</span> <span class='ocrx_word' id='word_1_75' title='bbox 1831 1102 2001 1158; x_wconf 83' lang='grc' dir='ltr'>αὐτῶν</span> <span class='ocrx_word' id='word_1_76' title='bbox 2034 1114 2052 1132; x_wconf 99' lang='grc'><strong>⁸</strong></span> 
     </span>
    </p>
   </div>
   <div class='ocr_carea' id='block_1_14' title="bbox 398 1187 2055 1270">
    <p class='ocr_par' dir='ltr' id='par_1_14' title="bbox 398 1187 2055 1270">
     <span class='ocr_line' id='line_1_14' title="bbox 398 1187 2055 1270; baseline -0.002 -22"><span class='ocrx_word' id='word_1_77' title='bbox 398 1193 447 1248; x_wconf 79' lang='grc' dir='ltr'><strong>οἱ</strong></span> <span class='ocrx_word' id='word_1_78' title='bbox 505 1189 559 1248; x_wconf 75' lang='grc' dir='ltr'>δὲ</span> <span class='ocrx_word' id='word_1_79' title='bbox 629 1192 862 1268; x_wconf 77' lang='grc' dir='ltr'>μαθηταὶ</span> <span class='ocrx_word' id='word_1_80' title='bbox 923 1191 1188 1268; x_wconf 80' lang='grc' dir='ltr'><strong>ἐπετίμων</strong></span> <span class='ocrx_word' id='word_1_81' title='bbox 1258 1203 1377 1255; x_wconf 77' lang='grc' dir='ltr'>τοῖς</span> <span class='ocrx_word' id='word_1_82' title='bbox 1446 1189 1849 1270; x_wconf 78' lang='grc' dir='ltr'>προσφέρουσιν.</span> <span class='ocrx_word' id='word_1_83' title='bbox 1909 1187 2055 1246; x_wconf 84' lang='grc' dir='ltr'>ἰδὼν</span> 
     </span>
    </p>
   </div>
   <div class='ocr_carea' id='block_1_15' title="bbox 395 1275 2057 1359">
    <p class='ocr_par' dir='ltr' id='par_1_15' title="bbox 395 1275 2057 1359">
     <span class='ocr_line' id='line_1_15' title="bbox 395 1275 2057 1359; baseline 0 -23"><span class='ocrx_word' id='word_1_84' title='bbox 395 1279 451 1336; x_wconf 81' lang='grc' dir='ltr'>δὲ</span> <span class='ocrx_word' id='word_1_85' title='bbox 496 1282 524 1336; x_wconf 84' lang='grc' dir='ltr'>ὁ</span> <span class='ocrx_word' id='word_1_86' title='bbox 569 1279 801 1353; x_wconf 76' lang='grc' dir='ltr'>Ἰησοῦς,</span> <span class='ocrx_word' id='word_1_87' title='bbox 835 1281 1176 1359; x_wconf 72' lang='grc' dir='ltr'>ἠγανάκτησε</span> <span class='ocrx_word' id='word_1_88' title='bbox 1206 1281 1294 1336; x_wconf 79' lang='grc' dir='ltr'><strong>καὶ</strong></span> <span class='ocrx_word' id='word_1_89' title='bbox 1325 1292 1478 1337; x_wconf 76' lang='grc' dir='ltr'>εἶπεν</span> <span class='ocrx_word' id='word_1_90' title='bbox 1503 1279 1711 1342; x_wconf 80' lang='grc' dir='ltr'>αὐτοῖς’</span> <span class='ocrx_word' id='word_1_91' title='bbox 1748 1275 1961 1358; x_wconf 61' lang='grc' dir='ltr'>’Ἄγετε</span> <span class='ocrx_word' id='word_1_92' title='bbox 1991 1279 2057 1336; x_wconf 77' lang='grc' dir='ltr'>τὰ</span> 
     </span>
    </p>
   </div>
   <div class='ocr_carea' id='block_1_16' title="bbox 400 1366 2050 1450">
    <p class='ocr_par' dir='ltr' id='par_1_16' title="bbox 400 1366 2050 1450">
     <span class='ocr_line' id='line_1_16' title="bbox 400 1366 2050 1450; baseline 0.001 -24"><span class='ocrx_word' id='word_1_93' title='bbox 400 1368 582 1426; x_wconf 79' lang='grc' dir='ltr'>παιδία</span> <span class='ocrx_word' id='word_1_94' title='bbox 645 1369 893 1449; x_wconf 82' lang='grc' dir='ltr'>ἔρχεσθαι</span> <span class='ocrx_word' id='word_1_95' title='bbox 953 1371 1086 1449; x_wconf 80' lang='grc' dir='ltr'>πρὸς</span> <span class='ocrx_word' id='word_1_96' title='bbox 1157 1369 1251 1450; x_wconf 76' lang='grc' dir='ltr'>μὲ,</span> <span class='ocrx_word' id='word_1_97' title='bbox 1306 1371 1395 1426; x_wconf 85' lang='grc' dir='ltr'><strong>καὶ</strong></span> <span class='ocrx_word' id='word_1_98' title='bbox 1464 1369 1539 1445; x_wconf 57' lang='grc' dir='ltr'>μὴ</span> <span class='ocrx_word' id='word_1_99' title='bbox 1584 1366 1814 1425; x_wconf 79' lang='grc' dir='ltr'>κωλύετε</span> <span class='ocrx_word' id='word_1_100' title='bbox 1870 1367 2002 1428; x_wconf 83' lang='grc' dir='ltr'>αὐτά</span> <span class='ocrx_word' id='word_1_101' title='bbox 2035 1387 2050 1402; x_wconf 89' lang='grc'><strong>⁸</strong></span> 
     </span>
    </p>
   </div>
   <div class='ocr_carea' id='block_1_17' title="bbox 390 1455 2049 1537">
    <p class='ocr_par' dir='ltr' id='par_1_17' title="bbox 390 1455 2049 1537">
     <span class='ocr_line' id='line_1_17' title="bbox 390 1455 2049 1537; baseline -0.001 -23"><span class='ocrx_word' id='word_1_102' title='bbox 390 1464 504 1514; x_wconf 78' lang='grc' dir='ltr'><strong>τῶν</strong></span> <span class='ocrx_word' id='word_1_103' title='bbox 545 1459 645 1537; x_wconf 75' lang='grc' dir='ltr'><strong>γὰρ</strong></span> <span class='ocrx_word' id='word_1_104' title='bbox 687 1459 941 1537; x_wconf 77' lang='grc' dir='ltr'>τοιούτων</span> <span class='ocrx_word' id='word_1_105' title='bbox 985 1458 1123 1516; x_wconf 78' lang='grc' dir='ltr'>ἐστὶν</span> <span class='ocrx_word' id='word_1_106' title='bbox 1175 1461 1210 1527; x_wconf 81' lang='grc' dir='ltr'>ἡ</span> <span class='ocrx_word' id='word_1_107' title='bbox 1253 1456 1495 1534; x_wconf 77' lang='grc' dir='ltr'>βασιλεία</span> <span class='ocrx_word' id='word_1_108' title='bbox 1538 1459 1631 1514; x_wconf 88' lang='grc' dir='ltr'>τοῦ</span> <span class='ocrx_word' id='word_1_109' title='bbox 1674 1459 1827 1515; x_wconf 89' lang='grc' dir='ltr'>Θεοῦ.</span> <span class='ocrx_word' id='word_1_110' title='bbox 1871 1455 2049 1530; x_wconf 72' lang='grc' dir='ltr'>Ἀμήν</span> 
     </span>
    </p>
   </div>
   <div class='ocr_carea' id='block_1_18' title="bbox 392 1530 2050 1627">
    <p class='ocr_par' dir='ltr' id='par_1_18' title="bbox 392 1530 2050 1627">
     <span class='ocr_line' id='line_1_18' title="bbox 392 1530 2050 1627; baseline -0.001 -24"><span class='ocrx_word' id='word_1_111' title='bbox 392 1547 537 1626; x_wconf 79' lang='grc' dir='ltr'>λέγω</span> <span class='ocrx_word' id='word_1_112' title='bbox 557 1530 720 1627; x_wconf 46' lang='grc' dir='ltr'>’ὐμϊη</span> <span class='ocrx_word' id='word_1_113' title='bbox 756 1530 862 1612; x_wconf 57' lang='grc' dir='ltr'><strong>μΟς</strong></span> <span class='ocrx_word' id='word_1_114' title='bbox 898 1548 985 1605; x_wconf 80' lang='grc' dir='ltr'><strong>ἐὰν</strong></span> <span class='ocrx_word' id='word_1_115' title='bbox 1016 1550 1095 1624; x_wconf 79' lang='grc' dir='ltr'>μὴ</span> <span class='ocrx_word' id='word_1_116' title='bbox 1126 1530 1338 1616; x_wconf 77' lang='grc' dir='ltr'><strong>δέξηται</strong></span> <span class='ocrx_word' id='word_1_117' title='bbox 1367 1547 1464 1615; x_wconf 75' lang='grc' dir='ltr'><strong>τὴν</strong></span> <span class='ocrx_word' id='word_1_118' title='bbox 1495 1545 1766 1622; x_wconf 76' lang='grc' dir='ltr'>βασιλείαν</span> <span class='ocrx_word' id='word_1_119' title='bbox 1798 1555 1890 1605; x_wconf 88' lang='grc' dir='ltr'>τοῦ</span> <span class='ocrx_word' id='word_1_120' title='bbox 1919 1552 2050 1602; x_wconf 89' lang='grc' dir='ltr'>Θεοῦ</span> 
     </span>
    </p>
   </div>
   <div class='ocr_carea' id='block_1_19' title="bbox 390 1635 2049 1717">
    <p class='ocr_par' dir='ltr' id='par_1_19' title="bbox 390 1635 2049 1717">
     <span class='ocr_line' id='line_1_19' title="bbox 390 1635 2049 1717; baseline -0.002 -23"><span class='ocrx_word' id='word_1_121' title='bbox 390 1639 466 1700; x_wconf 82' lang='grc' dir='ltr'>ὡς</span> <span class='ocrx_word' id='word_1_122' title='bbox 511 1635 741 1717; x_wconf 87' lang='grc' dir='ltr'>παιδίον,</span> <span class='ocrx_word' id='word_1_123' title='bbox 788 1639 848 1694; x_wconf 91' lang='grc' dir='ltr'><strong>οὐ</strong></span> <span class='ocrx_word' id='word_1_124' title='bbox 897 1638 974 1713; x_wconf 78' lang='grc' dir='ltr'><strong>μὴ</strong></span> <span class='ocrx_word' id='word_1_125' title='bbox 1020 1636 1226 1713; x_wconf 72' lang='grc' dir='ltr'>εἰσέλθῃ</span> <span class='ocrx_word' id='word_1_126' title='bbox 1285 1639 1358 1701; x_wconf 82' lang='grc' dir='ltr'><strong>εἰς</strong></span> <span class='ocrx_word' id='word_1_127' title='bbox 1405 1637 1590 1706; x_wconf 80' lang='grc' dir='ltr'>αὐτήν.</span> <span class='ocrx_word' id='word_1_128' title='bbox 1652 1636 1749 1693; x_wconf 74' lang='grc' dir='ltr'><strong>Καὶ</strong></span> <span class='ocrx_word' id='word_1_129' title='bbox 1805 1635 2049 1713; x_wconf 78' lang='grc' dir='ltr'>ἀναγκα-</span> 
     </span>
    </p>
   </div>
   <div class='ocr_carea' id='block_1_20' title="bbox 391 1723 2047 1804">
    <p class='ocr_par' dir='ltr' id='par_1_20' title="bbox 391 1723 2047 1804">
     <span class='ocr_line' id='line_1_20' title="bbox 391 1723 2047 1804; baseline -0.001 -23"><span class='ocrx_word' id='word_1_130' title='bbox 391 1725 676 1801; x_wconf 81' lang='grc' dir='ltr'>λισάμενος</span> <span class='ocrx_word' id='word_1_131' title='bbox 737 1727 891 1799; x_wconf 78' lang='grc' dir='ltr'>αὐτὰ,</span> <span class='ocrx_word' id='word_1_132' title='bbox 951 1727 1039 1782; x_wconf 79' lang='grc' dir='ltr'><strong>καὶ</strong></span> <span class='ocrx_word' id='word_1_133' title='bbox 1112 1728 1271 1790; x_wconf 84' lang='grc' dir='ltr'>τιθεὶς</span> <span class='ocrx_word' id='word_1_134' title='bbox 1341 1726 1435 1789; x_wconf 81' lang='grc' dir='ltr'><strong>τὰς</strong></span> <span class='ocrx_word' id='word_1_135' title='bbox 1490 1738 1687 1804; x_wconf 79' lang='grc' dir='ltr'>χεῖρας</span> <span class='ocrx_word' id='word_1_136' title='bbox 1744 1723 1832 1781; x_wconf 71' lang='grc' dir='ltr'><strong>ἔπ’</strong></span> <span class='ocrx_word' id='word_1_137' title='bbox 1887 1725 2047 1797; x_wconf 77' lang='grc' dir='ltr'>αὐτὰ,</span> 
     </span>
    </p>
   </div>
   <div class='ocr_carea' id='block_1_21' title="bbox 391 1811 2050 1893">
    <p class='ocr_par' dir='ltr' id='par_1_21' title="bbox 391 1811 2050 1893">
     <span class='ocr_line' id='line_1_21' title="bbox 391 1811 2050 1893; baseline -0.001 -23"><span class='ocrx_word' id='word_1_138' title='bbox 391 1813 684 1891; x_wconf 72' lang='grc' dir='ltr'>εὐλόγησεν</span> <span class='ocrx_word' id='word_1_139' title='bbox 738 1816 894 1878; x_wconf 78' lang='grc' dir='ltr'>αὐτά.</span> <span class='ocrx_word' id='word_1_140' title='bbox 934 1839 962 1870; x_wconf 67' lang='grc' dir='ltr'><strong>ι</strong></span> <span class='ocrx_word' id='word_1_141' title='bbox 1019 1814 1201 1884; x_wconf 78' lang='grc' dir='ltr'>Πολλὴ</span> <span class='ocrx_word' id='word_1_142' title='bbox 1245 1816 1278 1883; x_wconf 76' lang='grc' dir='ltr'>ἡ</span> <span class='ocrx_word' id='word_1_143' title='bbox 1334 1816 1507 1877; x_wconf 72' lang='grc' dir='ltr'>πίστις</span> <span class='ocrx_word' id='word_1_144' title='bbox 1560 1817 1664 1870; x_wconf 84' lang='grc' dir='ltr'>τῶν</span> <span class='ocrx_word' id='word_1_145' title='bbox 1697 1811 1901 1893; x_wconf 72' lang='grc' dir='ltr'>ὄχλων,</span> <span class='ocrx_word' id='word_1_146' title='bbox 1932 1813 2050 1891; x_wconf 78' lang='grc' dir='ltr'>εἴγε</span> 
     </span>
    </p>
   </div>
   <div class='ocr_carea' id='block_1_22' title="bbox 391 1901 2048 1984">
    <p class='ocr_par' dir='ltr' id='par_1_22' title="bbox 391 1901 2048 1984">
     <span class='ocr_line' id='line_1_22' title="bbox 391 1901 2048 1984; baseline -0.001 -25"><span class='ocrx_word' id='word_1_147' title='bbox 391 1906 482 1962; x_wconf 82' lang='grc' dir='ltr'><strong>καὶ</strong></span> <span class='ocrx_word' id='word_1_148' title='bbox 515 1905 651 1983; x_wconf 74' lang='grc' dir='ltr'>μόνῃ</span> <span class='ocrx_word' id='word_1_149' title='bbox 709 1905 778 1972; x_wconf 74' lang='grc' dir='ltr'><strong>τῇ</strong></span> <span class='ocrx_word' id='word_1_150' title='bbox 836 1905 942 1962; x_wconf 83' lang='grc' dir='ltr'>τῶν</span> <span class='ocrx_word' id='word_1_151' title='bbox 984 1911 1184 1984; x_wconf 79' lang='grc' dir='ltr'>χειρῶν</span> <span class='ocrx_word' id='word_1_152' title='bbox 1231 1903 1483 1975; x_wconf 77' lang='grc' dir='ltr'>ἒπιθέσει,</span> <span class='ocrx_word' id='word_1_153' title='bbox 1535 1905 1776 1981; x_wconf 74' lang='grc' dir='ltr'>εὐλογεῖν</span> <span class='ocrx_word' id='word_1_154' title='bbox 1809 1901 2048 1977; x_wconf 78' lang='grc' dir='ltr'>ἐνόμιζον</span> 
     </span>
    </p>
   </div>
   <div class='ocr_carea' id='block_1_23' title="bbox 390 1989 2049 2072">
    <p class='ocr_par' dir='ltr' id='par_1_23' title="bbox 390 1989 2049 2072">
     <span class='ocr_line' id='line_1_23' title="bbox 390 1989 2049 2072; baseline -0.004 -20"><span class='ocrx_word' id='word_1_155' title='bbox 390 1995 482 2052; x_wconf 83' lang='grc' dir='ltr'>τὸν</span> <span class='ocrx_word' id='word_1_156' title='bbox 541 1995 765 2072; x_wconf 79' lang='grc' dir='ltr'>Χριστὸν</span> <span class='ocrx_word' id='word_1_157' title='bbox 823 1994 946 2059; x_wconf 78' lang='grc' dir='ltr'>τοὺς</span> <span class='ocrx_word' id='word_1_158' title='bbox 1013 1994 1155 2068; x_wconf 83' lang='grc' dir='ltr'>αὐτῷ</span> <span class='ocrx_word' id='word_1_159' title='bbox 1210 1992 1666 2071; x_wconf 74' lang='grc' dir='ltr'>προσαγομένους.</span> <span class='ocrx_word' id='word_1_160' title='bbox 1707 1993 1780 2048; x_wconf 83' lang='lat' dir='ltr'><strong>&#39;Oi</strong></span> <span class='ocrx_word' id='word_1_161' title='bbox 1836 1989 1890 2046; x_wconf 78' lang='grc' dir='ltr'>δὲ</span> <span class='ocrx_word' id='word_1_162' title='bbox 1948 2012 2049 2063; x_wconf 81' lang='grc' dir='ltr'>μα-</span> 
     </span>
    </p>
   </div>
   <div class='ocr_carea' id='block_1_24' title="bbox 392 2081 2044 2161">
    <p class='ocr_par' dir='ltr' id='par_1_24' title="bbox 392 2081 2044 2161">
     <span class='ocr_line' id='line_1_24' title="bbox 392 2081 2044 2161; baseline -0.001 -23"><span class='ocrx_word' id='word_1_163' title='bbox 392 2083 572 2161; x_wconf 83' lang='grc' dir='ltr'>θηταὶ,</span> <span class='ocrx_word' id='word_1_164' title='bbox 619 2088 921 2158; x_wconf 76' lang='grc' dir='ltr'>νομὲζοντες</span> <span class='ocrx_word' id='word_1_165' title='bbox 965 2081 1176 2148; x_wconf 79' lang='grc' dir='ltr'>ἀνάξιον</span> <span class='ocrx_word' id='word_1_166' title='bbox 1223 2102 1378 2139; x_wconf 88' lang='grc' dir='ltr'>τουτο</span> <span class='ocrx_word' id='word_1_167' title='bbox 1442 2082 1582 2138; x_wconf 76' lang='grc' dir='ltr'>εἶναι</span> <span class='ocrx_word' id='word_1_168' title='bbox 1643 2087 1737 2137; x_wconf 91' lang='grc' dir='ltr'>τοῦ</span> <span class='ocrx_word' id='word_1_169' title='bbox 1796 2086 2044 2157; x_wconf 81' lang='grc' dir='ltr'><strong>Χριστοῦ,</strong></span> 
     </span>
    </p>
   </div>
   <div class='ocr_carea' id='block_1_25' title="bbox 388 2169 2041 2251">
    <p class='ocr_par' dir='ltr' id='par_1_25' title="bbox 388 2169 2041 2251">
     <span class='ocr_line' id='line_1_25' title="bbox 388 2169 2041 2251; baseline -0.002 -23"><span class='ocrx_word' id='word_1_170' title='bbox 388 2173 450 2228; x_wconf 83' lang='grc' dir='ltr'><strong>τὸ</strong></span> <span class='ocrx_word' id='word_1_171' title='bbox 504 2169 685 2228; x_wconf 78' lang='grc' dir='ltr'>παιδία</span> <span class='ocrx_word' id='word_1_172' title='bbox 737 2172 1094 2251; x_wconf 75' lang='grc' dir='ltr'>προσάγεσθαι</span> <span class='ocrx_word' id='word_1_173' title='bbox 1154 2170 1320 2246; x_wconf 85' lang='grc' dir='ltr'>αὐτῷ,</span> <span class='ocrx_word' id='word_1_174' title='bbox 1381 2169 1662 2227; x_wconf 80' lang='grc' dir='ltr'>διεκώλυον</span> <span class='ocrx_word' id='word_1_175' title='bbox 1708 2169 1828 2234; x_wconf 84' lang='grc' dir='ltr'>τοὺς</span> <span class='ocrx_word' id='word_1_176' title='bbox 1879 2190 2041 2248; x_wconf 82' lang='grc' dir='ltr'>προσ-</span> 
     </span>
    </p>
   </div>
   <div class='ocr_carea' id='block_1_26' title="bbox 390 2257 2044 2339">
    <p class='ocr_par' dir='ltr' id='par_1_26' title="bbox 390 2257 2044 2339">
     <span class='ocr_line' id='line_1_26' title="bbox 390 2257 2044 2339; baseline -0.002 -23"><span class='ocrx_word' id='word_1_177' title='bbox 390 2262 646 2339; x_wconf 82' lang='grc' dir='ltr'>άγοντας.</span> <span class='ocrx_word' id='word_1_178' title='bbox 702 2262 762 2318; x_wconf 77' lang='grc' dir='ltr'><strong>Τί</strong></span> <span class='ocrx_word' id='word_1_179' title='bbox 822 2261 909 2318; x_wconf 83' lang='grc' dir='ltr'>οὗν</span> <span class='ocrx_word' id='word_1_180' title='bbox 969 2263 996 2318; x_wconf 81' lang='grc' dir='ltr'><strong>ὁ</strong></span> <span class='ocrx_word' id='word_1_181' title='bbox 1048 2261 1322 2339; x_wconf 65' lang='grc' dir='ltr'>Χριστὸς,</span> <span class='ocrx_word' id='word_1_182' title='bbox 1390 2257 1668 2315; x_wconf 81' lang='grc' dir='ltr'>Διδάσκων</span> <span class='ocrx_word' id='word_1_183' title='bbox 1720 2258 1909 2322; x_wconf 80' lang='grc' dir='ltr'>αὐτοὺς</span> <span class='ocrx_word' id='word_1_184' title='bbox 1941 2279 2044 2334; x_wconf 86' lang='grc' dir='ltr'>με-</span> 
     </span>
    </p>
   </div>
   <div class='ocr_carea' id='block_1_27' title="bbox 390 2349 2047 2430">
    <p class='ocr_par' dir='ltr' id='par_1_27' title="bbox 390 2349 2047 2430">
     <span class='ocr_line' id='line_1_27' title="bbox 390 2349 2047 2430; baseline -0.002 -25"><span class='ocrx_word' id='word_1_185' title='bbox 390 2363 743 2428; x_wconf 74' lang='grc' dir='ltr'>τριοιρρονεῖν,</span> <span class='ocrx_word' id='word_1_186' title='bbox 820 2352 908 2406; x_wconf 87' lang='grc' dir='ltr'><strong>καὶ</strong></span> <span class='ocrx_word' id='word_1_187' title='bbox 988 2350 1148 2430; x_wconf 70' lang='grc' dir='ltr'>τῦφον</span> <span class='ocrx_word' id='word_1_188' title='bbox 1225 2352 1557 2405; x_wconf 78' lang='grc' dir='ltr'>καταπατεῖν</span> <span class='ocrx_word' id='word_1_189' title='bbox 1615 2349 1894 2423; x_wconf 79' lang='grc' dir='ltr'>κοσμικὸν,</span> <span class='ocrx_word' id='word_1_190' title='bbox 1958 2349 2047 2404; x_wconf 86' lang='grc' dir='ltr'><strong>καὶ</strong></span> 
     </span>
    </p>
   </div>
   <div class='ocr_carea' id='block_1_28' title="bbox 387 2436 2044 2518">
    <p class='ocr_par' dir='ltr' id='par_1_28' title="bbox 387 2436 2044 2518">
     <span class='ocr_line' id='line_1_28' title="bbox 387 2436 2044 2518; baseline 0 -25"><span class='ocrx_word' id='word_1_191' title='bbox 387 2436 648 2514; x_wconf 76' lang='grc' dir='ltr'>λαμϐάνει</span> <span class='ocrx_word' id='word_1_192' title='bbox 692 2440 778 2496; x_wconf 91' lang='grc' dir='ltr'><strong>καὶ</strong></span> <span class='ocrx_word' id='word_1_193' title='bbox 835 2438 1266 2518; x_wconf 83' lang='grc' dir='ltr'>ἆναγκαλίζεται.</span> <span class='ocrx_word' id='word_1_194' title='bbox 1329 2439 1568 2494; x_wconf 76' lang='grc' dir='ltr'>Δείκνυσι</span> <span class='ocrx_word' id='word_1_195' title='bbox 1631 2438 1731 2516; x_wconf 81' lang='grc' dir='ltr'>γὰρ</span> <span class='ocrx_word' id='word_1_196' title='bbox 1786 2436 1866 2492; x_wconf 80' lang='grc' dir='ltr'>ὅτι</span> <span class='ocrx_word' id='word_1_197' title='bbox 1923 2437 2044 2501; x_wconf 86' lang='grc' dir='ltr'>τοὺς</span> 
     </span>
    </p>
   </div>
   <div class='ocr_carea' id='block_1_29' title="bbox 387 2525 2043 2607">
    <p class='ocr_par' dir='ltr' id='par_1_29' title="bbox 387 2525 2043 2607">
     <span class='ocr_line' id='line_1_29' title="bbox 387 2525 2043 2607; baseline 0 -24"><span class='ocrx_word' id='word_1_198' title='bbox 387 2527 619 2591; x_wconf 72' lang='grc' dir='ltr'>ἀκάκους</span> <span class='ocrx_word' id='word_1_199' title='bbox 662 2527 1150 2607; x_wconf 74' lang='grc' dir='ltr'>προσλαμϐάνεται,</span> <span class='ocrx_word' id='word_1_200' title='bbox 1212 2525 1291 2584; x_wconf 85' lang='grc' dir='ltr'>διὸ</span> <span class='ocrx_word' id='word_1_201' title='bbox 1337 2527 1423 2583; x_wconf 86' lang='grc' dir='ltr'><strong>καὶ</strong></span> <span class='ocrx_word' id='word_1_202' title='bbox 1453 2525 1623 2607; x_wconf 82' lang='grc' dir='ltr'>λέγει,</span> <span class='ocrx_word' id='word_1_203' title='bbox 1661 2549 1689 2580; x_wconf 74' lang='grc' dir='ltr'><strong>α</strong></span> <span class='ocrx_word' id='word_1_204' title='bbox 1723 2531 1838 2584; x_wconf 82' lang='grc' dir='ltr'><strong>Τῶν</strong></span> <span class='ocrx_word' id='word_1_205' title='bbox 1866 2527 2043 2583; x_wconf 84' lang='grc' dir='ltr'>τοιού·</span> 
     </span>
    </p>
   </div>
   <div class='ocr_carea' id='block_1_30' title="bbox 387 2605 2044 2695">
    <p class='ocr_par' dir='ltr' id='par_1_30' title="bbox 387 2605 2044 2695">
     <span class='ocr_line' id='line_1_30' title="bbox 387 2605 2044 2695; baseline 0 -23"><span class='ocrx_word' id='word_1_206' title='bbox 387 2639 493 2672; x_wconf 89' lang='grc' dir='ltr'><strong>των</strong></span> <span class='ocrx_word' id='word_1_207' title='bbox 546 2617 644 2694; x_wconf 76' lang='grc' dir='ltr'>γάρ</span> <span class='ocrx_word' id='word_1_208' title='bbox 702 2617 843 2673; x_wconf 79' lang='grc' dir='ltr'>ἐστιν</span> <span class='ocrx_word' id='word_1_209' title='bbox 897 2619 932 2686; x_wconf 79' lang='grc' dir='ltr'><strong>ἡ</strong></span> <span class='ocrx_word' id='word_1_210' title='bbox 981 2616 1220 2694; x_wconf 76' lang='grc' dir='ltr'>βασιλεία</span> <span class='ocrx_word' id='word_1_211' title='bbox 1271 2624 1363 2673; x_wconf 89' lang='grc' dir='ltr'><strong>τοῦ</strong></span> <span class='ocrx_word' id='word_1_212' title='bbox 1416 2623 1570 2679; x_wconf 91' lang='grc' dir='ltr'>Θεοῦ,</span> <span class='ocrx_word' id='word_1_213' title='bbox 1608 2605 1656 2672; x_wconf 17' lang='lat'><strong>7»</strong></span> <span class='ocrx_word' id='word_1_214' title='bbox 1730 2605 1905 2695; x_wconf 70' lang='grc' dir='ltr'>’¹Ορα,</span> <span class='ocrx_word' id='word_1_215' title='bbox 1951 2616 2044 2673; x_wconf 85' lang='grc' dir='ltr'>οὐκ</span> 
     </span>
    </p>
   </div>
   <div class='ocr_carea' id='block_1_31' title="bbox 387 2704 2042 2786">
    <p class='ocr_par' dir='ltr' id='par_1_31' title="bbox 387 2704 2042 2786">
     <span class='ocr_line' id='line_1_31' title="bbox 387 2704 2042 2786; baseline 0 -26"><span class='ocrx_word' id='word_1_216' title='bbox 387 2706 536 2780; x_wconf 80' lang='grc' dir='ltr'>εἶπε,</span> <span class='ocrx_word' id='word_1_217' title='bbox 600 2706 810 2764; x_wconf 83' lang='grc' dir='ltr'><strong>Τούτων</strong></span> <span class='ocrx_word' id='word_1_218' title='bbox 861 2706 960 2786; x_wconf 81' lang='grc' dir='ltr'>γάρ</span> <span class='ocrx_word' id='word_1_219' title='bbox 1003 2709 1148 2763; x_wconf 66' lang='grc' dir='ltr'>ἔστιν</span> <span class='ocrx_word' id='word_1_220' title='bbox 1189 2708 1223 2775; x_wconf 79' lang='grc' dir='ltr'>ἡ</span> <span class='ocrx_word' id='word_1_221' title='bbox 1266 2704 1530 2784; x_wconf 79' lang='grc' dir='ltr'>βασιλεία,</span> <span class='ocrx_word' id='word_1_222' title='bbox 1562 2704 1699 2761; x_wconf 81' lang='grc' dir='ltr'><strong>ἀλλὰ</strong></span> <span class='ocrx_word' id='word_1_223' title='bbox 1729 2712 1834 2762; x_wconf 86' lang='grc' dir='ltr'><strong>τῶν</strong></span> <span class='ocrx_word' id='word_1_224' title='bbox 1864 2706 2042 2763; x_wconf 82' lang='grc' dir='ltr'>τοιού-</span> 
     </span>
    </p>
   </div>
   <div class='ocr_carea' id='block_1_32' title="bbox 386 2793 2042 2876">
    <p class='ocr_par' dir='ltr' id='par_1_32' title="bbox 386 2793 2042 2876">
     <span class='ocr_line' id='line_1_32' title="bbox 386 2793 2042 2876; baseline 0.001 -26"><span class='ocrx_word' id='word_1_225' title='bbox 386 2816 516 2870; x_wconf 90' lang='grc' dir='ltr'>των,</span> <span class='ocrx_word' id='word_1_226' title='bbox 578 2795 816 2852; x_wconf 78' lang='grc' dir='ltr'>τουτέστι</span> <span class='ocrx_word' id='word_1_227' title='bbox 873 2801 977 2853; x_wconf 84' lang='grc' dir='ltr'><strong>τῶν</strong></span> <span class='ocrx_word' id='word_1_228' title='bbox 1036 2795 1275 2876; x_wconf 74' lang='grc' dir='ltr'>ἐχόντων</span> <span class='ocrx_word' id='word_1_229' title='bbox 1334 2793 1384 2860; x_wconf 70' lang='grc' dir='ltr'><strong>ἐξ</strong></span> <span class='ocrx_word' id='word_1_230' title='bbox 1443 2794 1720 2864; x_wconf 68' lang='grc' dir='ltr'>ἀσκήσεως</span> <span class='ocrx_word' id='word_1_231' title='bbox 1769 2795 1868 2863; x_wconf 82' lang='grc' dir='ltr'>τὴν</span> <span class='ocrx_word' id='word_1_232' title='bbox 1915 2794 2042 2851; x_wconf 74' lang='grc' dir='ltr'>ἆκαο</span> 
     </span>
    </p>
   </div>
   <div class='ocr_carea' id='block_1_33' title="bbox 386 2882 2042 2963">
    <p class='ocr_par' dir='ltr' id='par_1_33' title="bbox 386 2882 2042 2963">
     <span class='ocr_line' id='line_1_33' title="bbox 386 2882 2042 2963; baseline 0.001 -25"><span class='ocrx_word' id='word_1_233' title='bbox 386 2883 528 2963; x_wconf 74' lang='grc' dir='ltr'>κίαν,</span> <span class='ocrx_word' id='word_1_234' title='bbox 586 2884 654 2952; x_wconf 72' lang='grc' dir='ltr'>ἣν</span> <span class='ocrx_word' id='word_1_235' title='bbox 711 2885 778 2940; x_wconf 79' lang='grc' dir='ltr'>τὰ</span> <span class='ocrx_word' id='word_1_236' title='bbox 847 2882 1029 2942; x_wconf 80' lang='grc' dir='ltr'>παιδία</span> <span class='ocrx_word' id='word_1_237' title='bbox 1086 2884 1299 2963; x_wconf 76' lang='grc' dir='ltr'>ἔχουσιν</span> <span class='ocrx_word' id='word_1_238' title='bbox 1355 2884 1462 2941; x_wconf 79' lang='grc' dir='ltr'><strong>ἀπὸ</strong></span> <span class='ocrx_word' id='word_1_239' title='bbox 1525 2883 1757 2963; x_wconf 82' lang='grc' dir='ltr'>φύσεως.</span> <span class='ocrx_word' id='word_1_240' title='bbox 1818 2885 1890 2941; x_wconf 83' lang='grc' dir='ltr'><strong>Τὸ</strong></span> <span class='ocrx_word' id='word_1_241' title='bbox 1942 2884 2042 2962; x_wconf 81' lang='grc' dir='ltr'>γὰρ</span> 
     </span>
    </p>
   </div>
   <div class='ocr_carea' id='block_1_34' title="bbox 387 2969 2040 3052">
    <p class='ocr_par' dir='ltr' id='par_1_34' title="bbox 387 2969 2040 3052">
     <span class='ocr_line' id='line_1_34' title="bbox 387 2969 2040 3052; baseline 0 -25"><span class='ocrx_word' id='word_1_242' title='bbox 387 2969 591 3028; x_wconf 72' lang='grc' dir='ltr'>παιδίον</span> <span class='ocrx_word' id='word_1_243' title='bbox 642 2973 770 3030; x_wconf 74' lang='grc' dir='ltr'>ὀὔτε</span> <span class='ocrx_word' id='word_1_244' title='bbox 823 2977 1030 3052; x_wconf 79' lang='grc' dir='ltr'>φθονεῖ,</span> <span class='ocrx_word' id='word_1_245' title='bbox 1096 2973 1213 3029; x_wconf 73' lang='grc' dir='ltr'>οὕτε</span> <span class='ocrx_word' id='word_1_246' title='bbox 1268 2985 1618 3048; x_wconf 76' lang='grc' dir='ltr'>μνησικακεῖ,</span> <span class='ocrx_word' id='word_1_247' title='bbox 1664 2971 1783 3029; x_wconf 80' lang='grc' dir='ltr'>οὕτε</span> <span class='ocrx_word' id='word_1_248' title='bbox 1842 2994 2040 3047; x_wconf 88' lang='grc' dir='ltr'>μαστι-</span> 
     </span>
    </p>
   </div>
   <div class='ocr_carea' id='block_1_35' title="bbox 387 3059 2041 3141">
    <p class='ocr_par' dir='ltr' id='par_1_35' title="bbox 387 3059 2041 3141">
     <span class='ocr_line' id='line_1_35' title="bbox 387 3059 2041 3141; baseline -0.001 -25"><span class='ocrx_word' id='word_1_249' title='bbox 387 3060 608 3136; x_wconf 83' lang='grc' dir='ltr'>ζόμενον</span> <span class='ocrx_word' id='word_1_250' title='bbox 664 3062 803 3140; x_wconf 79' lang='grc' dir='ltr'>παρὰ</span> <span class='ocrx_word' id='word_1_251' title='bbox 888 3066 987 3130; x_wconf 75' lang='grc' dir='ltr'>τῆς</span> <span class='ocrx_word' id='word_1_252' title='bbox 1065 3063 1267 3141; x_wconf 80' lang='grc' dir='ltr'>μητρὸς</span> <span class='ocrx_word' id='word_1_253' title='bbox 1349 3062 1655 3141; x_wconf 68' lang='grc' dir='ltr'>ἀφίσταται.</span> <span class='ocrx_word' id='word_1_254' title='bbox 1716 3059 1884 3118; x_wconf 80' lang='grc' dir='ltr'>Ἀλλὰ</span> <span class='ocrx_word' id='word_1_255' title='bbox 1943 3060 2041 3116; x_wconf 81' lang='grc' dir='ltr'>κᾶν</span> 
     </span>
    </p>
   </div>
   <div class='ocr_carea' id='block_1_36' title="bbox 2141 561 3796 643">
    <p class='ocr_par' dir='ltr' id='par_1_36' title="bbox 2141 561 3796 643">
     <span class='ocr_line' id='line_1_36' title="bbox 2141 561 3796 643; baseline -0.001 -19"><span class='ocrx_word' id='word_1_256' title='bbox 2141 562 2214 624; x_wconf 92' lang='lat' dir='ltr'><strong>ad</strong></span> <span class='ocrx_word' id='word_1_257' title='bbox 2246 580 2380 627; x_wconf 91' lang='lat' dir='ltr'><strong>eum</strong></span> <span class='ocrx_word' id='word_1_258' title='bbox 2423 564 2716 625; x_wconf 88' lang='lat' dir='ltr'><strong>accedunt</strong></span> <span class='ocrx_word' id='word_1_259' title='bbox 2770 573 2828 625; x_wconf 89' lang='lat' dir='ltr'><strong>et</strong></span> <span class='ocrx_word' id='word_1_260' title='bbox 2881 564 3262 643; x_wconf 87' lang='lat' dir='ltr'><strong>interrogant,</strong></span> <span class='ocrx_word' id='word_1_261' title='bbox 3315 562 3480 641; x_wconf 89' lang='lat' dir='ltr'><strong>quasi</strong></span> <span class='ocrx_word' id='word_1_262' title='bbox 3527 561 3796 623; x_wconf 91' lang='lat' dir='ltr'><strong>nondum</strong></span> 
     </span>
    </p>
   </div>
   <div class='ocr_carea' id='block_1_37' title="bbox 2140 649 3801 732">
    <p class='ocr_par' dir='ltr' id='par_1_37' title="bbox 2140 649 3801 732">
     <span class='ocr_line' id='line_1_37' title="bbox 2140 649 3801 732; baseline -0.002 -18"><span class='ocrx_word' id='word_1_263' title='bbox 2140 653 2502 716; x_wconf 71' lang='lat' dir='ltr'><strong>satisfactum</strong></span> <span class='ocrx_word' id='word_1_264' title='bbox 2531 659 2687 715; x_wconf 91' lang='lat' dir='ltr'><strong>esset</strong></span> <span class='ocrx_word' id='word_1_265' title='bbox 2716 651 2901 714; x_wconf 91' lang='lat' dir='ltr'><strong>menti</strong></span> <span class='ocrx_word' id='word_1_266' title='bbox 2950 670 3184 715; x_wconf 89' lang='lat' dir='ltr'><strong>eorum.</strong></span> <span class='ocrx_word' id='word_1_267' title='bbox 3218 651 3298 714; x_wconf 85' lang='lat' dir='ltr'><strong>At</strong></span> <span class='ocrx_word' id='word_1_268' title='bbox 3328 651 3460 732; x_wconf 85' lang='lat' dir='ltr'><strong>ipse</strong></span> <span class='ocrx_word' id='word_1_269' title='bbox 3489 649 3801 731; x_wconf 85' lang='lat' dir='ltr'><strong>respondit</strong></span> 
     </span>
    </p>
   </div>
   <div class='ocr_carea' id='block_1_38' title="bbox 2140 739 3794 817">
    <p class='ocr_par' dir='ltr' id='par_1_38' title="bbox 2140 739 3794 817">
     <span class='ocr_line' id='line_1_38' title="bbox 2140 739 3794 817; baseline -0.001 -14"><span class='ocrx_word' id='word_1_270' title='bbox 2140 743 2251 817; x_wconf 91' lang='lat' dir='ltr'><strong>eis,</strong></span> <span class='ocrx_word' id='word_1_271' title='bbox 2285 741 2491 804; x_wconf 79' lang='lat' dir='ltr'><strong>dicens</strong></span> <span class='ocrx_word' id='word_1_272' title='bbox 2523 764 2536 806; x_wconf 93' lang='lat'><strong>:</strong></span> <span class='ocrx_word' id='word_1_273' title='bbox 2574 741 2685 814; x_wconf 87' lang='lat' dir='ltr'><strong>Qui</strong></span> <span class='ocrx_word' id='word_1_274' title='bbox 2715 740 3008 804; x_wconf 85' lang='lat' dir='ltr'><strong>dimiserit</strong></span> <span class='ocrx_word' id='word_1_275' title='bbox 3037 758 3278 803; x_wconf 89' lang='lat' dir='ltr'><strong>uxorem</strong></span> <span class='ocrx_word' id='word_1_276' title='bbox 3318 759 3510 814; x_wconf 86' lang='lat' dir='ltr'><strong>suam,</strong></span> <span class='ocrx_word' id='word_1_277' title='bbox 3535 747 3592 800; x_wconf 91' lang='lat' dir='ltr'><strong>et</strong></span> <span class='ocrx_word' id='word_1_278' title='bbox 3615 739 3794 802; x_wconf 87' lang='lat' dir='ltr'><strong>duxe-</strong></span> 
     </span>
    </p>
   </div>
   <div class='ocr_carea' id='block_1_39' title="bbox 2139 827 3794 910">
    <p class='ocr_par' dir='ltr' id='par_1_39' title="bbox 2139 827 3794 910">
     <span class='ocr_line' id='line_1_39' title="bbox 2139 827 3794 910; baseline -0.002 -18"><span class='ocrx_word' id='word_1_279' title='bbox 2139 830 2218 892; x_wconf 94' lang='lat' dir='ltr'><strong>rit</strong></span> <span class='ocrx_word' id='word_1_280' title='bbox 2247 831 2446 905; x_wconf 90' lang='lat' dir='ltr'><strong>aliam,</strong></span> <span class='ocrx_word' id='word_1_281' title='bbox 2478 831 2711 892; x_wconf 85' lang='lat' dir='ltr'><strong>adulter</strong></span> <span class='ocrx_word' id='word_1_282' title='bbox 2741 839 2828 892; x_wconf 89' lang='lat' dir='ltr'><strong>est</strong></span> <span class='ocrx_word' id='word_1_283' title='bbox 2859 831 3010 910; x_wconf 89' lang='lat' dir='ltr'><strong>ejus,</strong></span> <span class='ocrx_word' id='word_1_284' title='bbox 3042 829 3273 892; x_wconf 85' lang='lat' dir='ltr'><strong>scilicet</strong></span> <span class='ocrx_word' id='word_1_285' title='bbox 3300 827 3794 891; x_wconf 82' lang='lat' dir='ltr'><strong>secundae.Simi-</strong></span> 
     </span>
    </p>
   </div>
   <div class='ocr_carea' id='block_1_40' title="bbox 2139 916 3797 1001">
    <p class='ocr_par' dir='ltr' id='par_1_40' title="bbox 2139 916 3797 1001">
     <span class='ocr_line' id='line_1_40' title="bbox 2139 916 3797 1001; baseline -0.001 -20"><span class='ocrx_word' id='word_1_286' title='bbox 2139 920 2272 982; x_wconf 85' lang='lat' dir='ltr'><strong>liter</strong></span> <span class='ocrx_word' id='word_1_287' title='bbox 2305 939 2541 1001; x_wconf 90' lang='lat' dir='ltr'><strong>quoque</strong></span> <span class='ocrx_word' id='word_1_288' title='bbox 2600 927 2658 982; x_wconf 89' lang='lat' dir='ltr'><strong>et</strong></span> <span class='ocrx_word' id='word_1_289' title='bbox 2687 938 2834 981; x_wconf 89' lang='lat' dir='ltr'><strong>uxor</strong></span> <span class='ocrx_word' id='word_1_290' title='bbox 2891 919 3164 982; x_wconf 88' lang='lat' dir='ltr'><strong>adultera</strong></span> <span class='ocrx_word' id='word_1_291' title='bbox 3207 925 3319 995; x_wconf 91' lang='lat' dir='ltr'><strong>est,</strong></span> <span class='ocrx_word' id='word_1_292' title='bbox 3380 937 3512 999; x_wconf 79' lang='lat' dir='ltr'><strong>quae</strong></span> <span class='ocrx_word' id='word_1_293' title='bbox 3553 916 3797 1000; x_wconf 87' lang='lat' dir='ltr'><strong>reliquit</strong></span> 
     </span>
    </p>
   </div>
   <div class='ocr_carea' id='block_1_41' title="bbox 2139 1005 3562 1090">
    <p class='ocr_par' dir='ltr' id='par_1_41' title="bbox 2139 1005 3562 1090">
     <span class='ocr_line' id='line_1_41' title="bbox 2139 1005 3562 1090; baseline 0 -19"><span class='ocrx_word' id='word_1_294' title='bbox 2139 1009 2332 1073; x_wconf 87' lang='lat' dir='ltr'><strong>virum</strong></span> <span class='ocrx_word' id='word_1_295' title='bbox 2358 1010 2689 1090; x_wconf 82' lang='lat' dir='ltr'><strong>proprium,</strong></span> <span class='ocrx_word' id='word_1_296' title='bbox 2723 1015 2783 1070; x_wconf 92' lang='lat' dir='ltr'><strong>et</strong></span> <span class='ocrx_word' id='word_1_297' title='bbox 2810 1007 2978 1070; x_wconf 82' lang='lat' dir='ltr'><strong>alteri</strong></span> <span class='ocrx_word' id='word_1_298' title='bbox 3010 1009 3331 1087; x_wconf 83' lang='lat' dir='ltr'><strong>conjuncta</strong></span> <span class='ocrx_word' id='word_1_299' title='bbox 3360 1005 3562 1071; x_wconf 84' lang='lat' dir='ltr'><strong>fuerit.</strong></span> 
     </span>
    </p>
   </div>
   <div class='ocr_carea' id='block_1_42' title="bbox 2219 1094 3794 1176">
    <p class='ocr_par' dir='ltr' id='par_1_42' title="bbox 2219 1094 3794 1176">
     <span class='ocr_line' id='line_1_42' title="bbox 2219 1094 3794 1176; baseline -0.004 -14"><span class='ocrx_word' id='word_1_300' title='bbox 2219 1097 2408 1162; x_wconf 78' lang='lat' dir='ltr'><strong>VEns.</strong></span> <span class='ocrx_word' id='word_1_301' title='bbox 2442 1099 2649 1162; x_wconf 79' lang='lat' dir='ltr'><strong>l2-16.</strong></span> <span class='ocrx_word' id='word_1_302' title='bbox 2688 1122 2715 1153; x_wconf 77' lang='grc' dir='ltr'><strong>ε</strong></span> <span class='ocrx_word' id='word_1_303' title='bbox 2741 1097 2812 1159; x_wconf 87' lang='grc' dir='ltr'>Ει</span> <span class='ocrx_word' id='word_1_304' title='bbox 2841 1096 3165 1158; x_wconf 88' lang='lat' dir='ltr'><strong>attulerunt</strong></span> <span class='ocrx_word' id='word_1_305' title='bbox 3183 1095 3256 1159; x_wconf 90' lang='lat' dir='ltr'><strong>ad</strong></span> <span class='ocrx_word' id='word_1_306' title='bbox 3278 1095 3444 1157; x_wconf 93' lang='lat' dir='ltr'><strong>illum</strong></span> <span class='ocrx_word' id='word_1_307' title='bbox 3464 1094 3794 1176; x_wconf 89' lang='lat' dir='ltr'><strong>puellos,ut</strong></span> 
     </span>
    </p>
   </div>
   <div class='ocr_carea' id='block_1_43' title="bbox 2138 1182 3793 1266">
    <p class='ocr_par' dir='ltr' id='par_1_43' title="bbox 2138 1182 3793 1266">
     <span class='ocr_line' id='line_1_43' title="bbox 2138 1182 3793 1266; baseline -0.003 -17"><span class='ocrx_word' id='word_1_308' title='bbox 2138 1194 2407 1266; x_wconf 80' lang='lat' dir='ltr'><strong>tangeret</strong></span> <span class='ocrx_word' id='word_1_309' title='bbox 2435 1187 2592 1251; x_wconf 90' lang='lat' dir='ltr'><strong>illos.</strong></span> <span class='ocrx_word' id='word_1_310' title='bbox 2625 1185 2916 1266; x_wconf 89' lang='lat' dir='ltr'><strong>Discipuli</strong></span> <span class='ocrx_word' id='word_1_311' title='bbox 2944 1203 3083 1246; x_wconf 87' lang='lat' dir='ltr'><strong>vero</strong></span> <span class='ocrx_word' id='word_1_312' title='bbox 3135 1182 3523 1265; x_wconf 76' lang='lat' dir='ltr'><strong>increpabant</strong></span> <span class='ocrx_word' id='word_1_313' title='bbox 3557 1201 3660 1245; x_wconf 89' lang='lat' dir='ltr'><strong>eos</strong></span> <span class='ocrx_word' id='word_1_314' title='bbox 3690 1183 3793 1264; x_wconf 88' lang='lat' dir='ltr'><strong>qui</strong></span> 
     </span>
    </p>
   </div>
   <div class='ocr_carea' id='block_1_44' title="bbox 2137 1271 3790 1352">
    <p class='ocr_par' dir='ltr' id='par_1_44' title="bbox 2137 1271 3790 1352">
     <span class='ocr_line' id='line_1_44' title="bbox 2137 1271 3790 1352; baseline -0.003 -14"><span class='ocrx_word' id='word_1_315' title='bbox 2137 1276 2687 1339; x_wconf 88' lang='lat' dir='ltr'><strong>adducebant.Cum</strong></span> <span class='ocrx_word' id='word_1_316' title='bbox 2715 1275 2957 1337; x_wconf 80' lang='lat' dir='ltr'><strong>vidisset</strong></span> <span class='ocrx_word' id='word_1_317' title='bbox 2986 1281 3186 1336; x_wconf 90' lang='lat' dir='ltr'><strong>autem</strong></span> <span class='ocrx_word' id='word_1_318' title='bbox 3212 1272 3408 1349; x_wconf 84' lang='lat' dir='ltr'><strong>Jesus,</strong></span> <span class='ocrx_word' id='word_1_319' title='bbox 3445 1271 3790 1352; x_wconf 83' lang='lat' dir='ltr'><strong>indignatus</strong></span> 
     </span>
    </p>
   </div>
   <div class='ocr_carea' id='block_1_45' title="bbox 2138 1360 3791 1443">
    <p class='ocr_par' dir='ltr' id='par_1_45' title="bbox 2138 1360 3791 1443">
     <span class='ocr_line' id='line_1_45' title="bbox 2138 1360 3791 1443; baseline -0.002 -17"><span class='ocrx_word' id='word_1_320' title='bbox 2138 1376 2250 1441; x_wconf 89' lang='lat' dir='ltr'><strong>est,</strong></span> <span class='ocrx_word' id='word_1_321' title='bbox 2283 1373 2343 1426; x_wconf 90' lang='lat' dir='ltr'><strong>et</strong></span> <span class='ocrx_word' id='word_1_322' title='bbox 2371 1366 2518 1427; x_wconf 86' lang='lat' dir='ltr'><strong>dixit</strong></span> <span class='ocrx_word' id='word_1_323' title='bbox 2546 1364 2665 1426; x_wconf 90' lang='lat' dir='ltr'><strong>illis</strong></span> <span class='ocrx_word' id='word_1_324' title='bbox 2694 1383 2706 1427; x_wconf 91' lang='lat'><em>:</em></span> <span class='ocrx_word' id='word_1_325' title='bbox 2748 1363 2939 1427; x_wconf 86' lang='lat' dir='ltr'><strong>Sinite</strong></span> <span class='ocrx_word' id='word_1_326' title='bbox 2974 1362 3204 1443; x_wconf 91' lang='lat' dir='ltr'><strong>puellos</strong></span> <span class='ocrx_word' id='word_1_327' title='bbox 3238 1362 3444 1425; x_wconf 91' lang='lat' dir='ltr'><strong>venire</strong></span> <span class='ocrx_word' id='word_1_328' title='bbox 3472 1360 3546 1424; x_wconf 90' lang='lat' dir='ltr'><strong>ad</strong></span> <span class='ocrx_word' id='word_1_329' title='bbox 3571 1379 3689 1437; x_wconf 90' lang='lat' dir='ltr'><strong>me,</strong></span> <span class='ocrx_word' id='word_1_330' title='bbox 3713 1378 3791 1423; x_wconf 90' lang='lat' dir='ltr'><strong>ne</strong></span> 
     </span>
    </p>
   </div>
   <div class='ocr_carea' id='block_1_46' title="bbox 2131 1450 3788 1535">
    <p class='ocr_par' dir='ltr' id='par_1_46' title="bbox 2131 1450 3788 1535">
     <span class='ocr_line' id='line_1_46' title="bbox 2131 1450 3788 1535; baseline -0.002 -19"><span class='ocrx_word' id='word_1_331' title='bbox 2131 1453 2441 1534; x_wconf 86' lang='lat' dir='ltr'><strong>prohibete</strong></span> <span class='ocrx_word' id='word_1_332' title='bbox 2470 1453 2845 1535; x_wconf 88' lang='lat' dir='ltr'><strong>illos,talium</strong></span> <span class='ocrx_word' id='word_1_333' title='bbox 2879 1453 3040 1515; x_wconf 89' lang='lat' dir='ltr'><strong>enim</strong></span> <span class='ocrx_word' id='word_1_334' title='bbox 3065 1460 3154 1514; x_wconf 89' lang='lat' dir='ltr'><strong>est</strong></span> <span class='ocrx_word' id='word_1_335' title='bbox 3176 1470 3428 1530; x_wconf 83' lang='lat' dir='ltr'><strong>regnum</strong></span> <span class='ocrx_word' id='word_1_336' title='bbox 3455 1450 3788 1514; x_wconf 85' lang='lat' dir='ltr'><strong>Dei.Amen</strong></span> 
     </span>
    </p>
   </div>
   <div class='ocr_carea' id='block_1_47' title="bbox 2131 1540 3787 1624">
    <p class='ocr_par' dir='ltr' id='par_1_47' title="bbox 2131 1540 3787 1624">
     <span class='ocr_line' id='line_1_47' title="bbox 2131 1540 3787 1624; baseline -0.001 -19"><span class='ocrx_word' id='word_1_337' title='bbox 2131 1543 2267 1605; x_wconf 89' lang='lat' dir='ltr'><strong>dico</strong></span> <span class='ocrx_word' id='word_1_338' title='bbox 2295 1543 2462 1606; x_wconf 89' lang='lat' dir='ltr'><strong>vobis</strong></span> <span class='ocrx_word' id='word_1_339' title='bbox 2498 1563 2511 1608; x_wconf 92' lang='lat'>:</span> <span class='ocrx_word' id='word_1_340' title='bbox 2545 1543 2897 1624; x_wconf 88' lang='lat' dir='ltr'><strong>Quicunque</strong></span> <span class='ocrx_word' id='word_1_341' title='bbox 2925 1560 3042 1603; x_wconf 90' lang='lat' dir='ltr'><strong>non</strong></span> <span class='ocrx_word' id='word_1_342' title='bbox 3073 1541 3376 1621; x_wconf 89' lang='lat' dir='ltr'><strong>acceperit</strong></span> <span class='ocrx_word' id='word_1_343' title='bbox 3404 1558 3655 1620; x_wconf 83' lang='lat' dir='ltr'><strong>regnum</strong></span> <span class='ocrx_word' id='word_1_344' title='bbox 3676 1540 3787 1603; x_wconf 87' lang='lat' dir='ltr'><strong>Dei</strong></span> 
     </span>
    </p>
   </div>
   <div class='ocr_carea' id='block_1_48' title="bbox 2132 1628 3780 1713">
    <p class='ocr_par' dir='ltr' id='par_1_48' title="bbox 2132 1628 3780 1713">
     <span class='ocr_line' id='line_1_48' title="bbox 2132 1628 3780 1713; baseline -0.004 -18"><span class='ocrx_word' id='word_1_345' title='bbox 2132 1642 2410 1713; x_wconf 87' lang='lat' dir='ltr'><strong>tanquam</strong></span> <span class='ocrx_word' id='word_1_346' title='bbox 2422 1633 3136 1713; x_wconf 84' lang='lat' dir='ltr'><strong>puellus,haudquaquam</strong></span> <span class='ocrx_word' id='word_1_347' title='bbox 3149 1628 3592 1710; x_wconf 89' lang='lat' dir='ltr'><strong>ingredieturin</strong></span> <span class='ocrx_word' id='word_1_348' title='bbox 3606 1629 3780 1690; x_wconf 93' lang='lat' dir='ltr'><strong>illud.</strong></span> 
     </span>
    </p>
   </div>
   <div class='ocr_carea' id='block_1_49' title="bbox 2133 1718 3784 1803">
    <p class='ocr_par' dir='ltr' id='par_1_49' title="bbox 2133 1718 3784 1803">
     <span class='ocr_line' id='line_1_49' title="bbox 2133 1718 3784 1803; baseline -0.002 -19"><span class='ocrx_word' id='word_1_349' title='bbox 2133 1721 2367 1785; x_wconf 89' lang='lat' dir='ltr'><strong>Etcum</strong></span> <span class='ocrx_word' id='word_1_350' title='bbox 2409 1723 2666 1803; x_wconf 75' lang='lat' dir='ltr'><strong>cepisset</strong></span> <span class='ocrx_word' id='word_1_351' title='bbox 2692 1722 2827 1783; x_wconf 91' lang='lat' dir='ltr'><strong>illos</strong></span> <span class='ocrx_word' id='word_1_352' title='bbox 2852 1722 2912 1783; x_wconf 91' lang='lat' dir='ltr'><strong>in</strong></span> <span class='ocrx_word' id='word_1_353' title='bbox 2955 1720 3149 1796; x_wconf 90' lang='lat' dir='ltr'><strong>ulnas,</strong></span> <span class='ocrx_word' id='word_1_354' title='bbox 3183 1719 3478 1800; x_wconf 78' lang='lat' dir='ltr'><strong>impositis</strong></span> <span class='ocrx_word' id='word_1_355' title='bbox 3508 1718 3784 1781; x_wconf 88' lang='lat' dir='ltr'><strong>manibus</strong></span> 
     </span>
    </p>
   </div>
   <div class='ocr_carea' id='block_1_50' title="bbox 2133 1807 3780 1893">
    <p class='ocr_par' dir='ltr' id='par_1_50' title="bbox 2133 1807 3780 1893">
     <span class='ocr_line' id='line_1_50' title="bbox 2133 1807 3780 1893; baseline -0.002 -20"><span class='ocrx_word' id='word_1_356' title='bbox 2133 1829 2316 1893; x_wconf 91' lang='lat' dir='ltr'><strong>super</strong></span> <span class='ocrx_word' id='word_1_357' title='bbox 2344 1810 2478 1874; x_wconf 92' lang='lat' dir='ltr'><strong>illos</strong></span> <span class='ocrx_word' id='word_1_358' title='bbox 2509 1810 2814 1872; x_wconf 80' lang='lat' dir='ltr'><strong>benedixit</strong></span> <span class='ocrx_word' id='word_1_359' title='bbox 2847 1810 2995 1873; x_wconf 72' lang='lat' dir='ltr'><strong>eis.»</strong></span> <span class='ocrx_word' id='word_1_360' title='bbox 3029 1810 3242 1888; x_wconf 86' lang='lat' dir='ltr'><strong>Magna</strong></span> <span class='ocrx_word' id='word_1_361' title='bbox 3271 1807 3420 1869; x_wconf 81' lang='lat' dir='ltr'><strong>ﬁdes</strong></span> <span class='ocrx_word' id='word_1_362' title='bbox 3450 1807 3780 1884; x_wconf 90' lang='lat' dir='ltr'><strong>turbarum,</strong></span> 
     </span>
    </p>
   </div>
   <div class='ocr_carea' id='block_1_51' title="bbox 2073 1875 3787 1982">
    <p class='ocr_par' dir='ltr' id='par_1_51' title="bbox 2073 1875 3787 1982">
     <span class='ocr_line' id='line_1_51' title="bbox 2073 1875 3787 1982; baseline -0.001 -21"><span class='ocrx_word' id='word_1_363' title='bbox 2073 1875 2262 1982; x_wconf 63' lang='lat' dir='ltr'><strong>l3quae</strong></span> <span class='ocrx_word' id='word_1_364' title='bbox 2292 1902 2469 1962; x_wconf 90' lang='lat' dir='ltr'><strong>etiam</strong></span> <span class='ocrx_word' id='word_1_365' title='bbox 2521 1900 2646 1961; x_wconf 92' lang='lat' dir='ltr'><strong>sola</strong></span> <span class='ocrx_word' id='word_1_366' title='bbox 2697 1917 2982 1961; x_wconf 89' lang='lat' dir='ltr'><strong>manuum</strong></span> <span class='ocrx_word' id='word_1_367' title='bbox 3035 1875 3416 1979; x_wconf 70' lang='lat' dir='ltr'><strong>impositione</strong></span> <span class='ocrx_word' id='word_1_368' title='bbox 3446 1875 3787 1960; x_wconf 76' lang='lat' dir='ltr'><strong>benedicia</strong></span> 
     </span>
    </p>
   </div>
   <div class='ocr_carea' id='block_1_52' title="bbox 2133 1985 3785 2070">
    <p class='ocr_par' dir='ltr' id='par_1_52' title="bbox 2133 1985 3785 2070">
     <span class='ocr_line' id='line_1_52' title="bbox 2133 1985 3785 2070; baseline -0.004 -17"><span class='ocrx_word' id='word_1_369' title='bbox 2133 1990 2364 2053; x_wconf 88' lang='lat' dir='ltr'><strong>Christo</strong></span> <span class='ocrx_word' id='word_1_370' title='bbox 2384 1989 2798 2051; x_wconf 85' lang='lat' dir='ltr'><strong>existimabant</strong></span> <span class='ocrx_word' id='word_1_371' title='bbox 2820 1987 3050 2070; x_wconf 89' lang='lat' dir='ltr'><strong>puellos</strong></span> <span class='ocrx_word' id='word_1_372' title='bbox 3066 2007 3215 2068; x_wconf 91' lang='lat' dir='ltr'><strong>quos</strong></span> <span class='ocrx_word' id='word_1_373' title='bbox 3236 1985 3785 2049; x_wconf 79' lang='lat' dir='ltr'><strong>offerebant.Disci-</strong></span> 
     </span>
    </p>
   </div>
   <div class='ocr_carea' id='block_1_53' title="bbox 2131 2074 3781 2160">
    <p class='ocr_par' dir='ltr' id='par_1_53' title="bbox 2131 2074 3781 2160">
     <span class='ocr_line' id='line_1_53' title="bbox 2131 2074 3781 2160; baseline -0.001 -19"><span class='ocrx_word' id='word_1_374' title='bbox 2131 2079 2405 2160; x_wconf 89' lang='lat' dir='ltr'><strong>pulivero</strong></span> <span class='ocrx_word' id='word_1_375' title='bbox 2424 2078 2737 2157; x_wconf 80' lang='lat' dir='ltr'><strong>indignum</strong></span> <span class='ocrx_word' id='word_1_376' title='bbox 2764 2078 2879 2138; x_wconf 92' lang='lat' dir='ltr'><strong>hoc</strong></span> <span class='ocrx_word' id='word_1_377' title='bbox 2901 2095 3036 2140; x_wconf 91' lang='lat' dir='ltr'><strong>esse</strong></span> <span class='ocrx_word' id='word_1_378' title='bbox 3054 2077 3284 2141; x_wconf 83' lang='lat' dir='ltr'><strong>Christo</strong></span> <span class='ocrx_word' id='word_1_379' title='bbox 3306 2074 3781 2139; x_wconf 85' lang='lat' dir='ltr'><strong>arbitrabantur.</strong></span> 
     </span>
    </p>
   </div>
   <div class='ocr_carea' id='block_1_54' title="bbox 2130 2162 3783 2250">
    <p class='ocr_par' dir='ltr' id='par_1_54' title="bbox 2130 2162 3783 2250">
     <span class='ocr_line' id='line_1_54' title="bbox 2130 2162 3783 2250; baseline -0.002 -20"><span class='ocrx_word' id='word_1_380' title='bbox 2130 2169 2287 2250; x_wconf 92' lang='lat' dir='ltr'><strong>quod</strong></span> <span class='ocrx_word' id='word_1_381' title='bbox 2308 2168 2474 2248; x_wconf 90' lang='lat' dir='ltr'><strong>pueri</strong></span> <span class='ocrx_word' id='word_1_382' title='bbox 2491 2167 2936 2229; x_wconf 89' lang='lat' dir='ltr'><strong>adducerentur</strong></span> <span class='ocrx_word' id='word_1_383' title='bbox 2956 2165 3030 2228; x_wconf 90' lang='lat' dir='ltr'><strong>ad</strong></span> <span class='ocrx_word' id='word_1_384' title='bbox 3053 2166 3269 2245; x_wconf 91' lang='lat' dir='ltr'><strong>ipsum:</strong></span> <span class='ocrx_word' id='word_1_385' title='bbox 3300 2173 3361 2227; x_wconf 90' lang='lat' dir='ltr'><strong>et</strong></span> <span class='ocrx_word' id='word_1_386' title='bbox 3383 2162 3783 2246; x_wconf 84' lang='lat' dir='ltr'><strong>prohibebant</strong></span> 
     </span>
    </p>
   </div>
   <div class='ocr_carea' id='block_1_55' title="bbox 2127 2253 3786 2335">
    <p class='ocr_par' dir='ltr' id='par_1_55' title="bbox 2127 2253 3786 2335">
     <span class='ocr_line' id='line_1_55' title="bbox 2127 2253 3786 2335; baseline -0.002 -17"><span class='ocrx_word' id='word_1_387' title='bbox 2127 2256 2671 2328; x_wconf 87' lang='lat' dir='ltr'><strong>adducentes.Quid</strong></span> <span class='ocrx_word' id='word_1_388' title='bbox 2694 2253 3470 2335; x_wconf 82' lang='lat' dir='ltr'><strong>igiturChristus‘IUtdoceat</strong></span> <span class='ocrx_word' id='word_1_389' title='bbox 3487 2253 3786 2316; x_wconf 90' lang='lat' dir='ltr'><strong>humilita-</strong></span> 
     </span>
    </p>
   </div>
   <div class='ocr_carea' id='block_1_56' title="bbox 2129 2343 3784 2425">
    <p class='ocr_par' dir='ltr' id='par_1_56' title="bbox 2129 2343 3784 2425">
     <span class='ocr_line' id='line_1_56' title="bbox 2129 2343 3784 2425; baseline 0 -19"><span class='ocrx_word' id='word_1_390' title='bbox 2129 2354 2247 2408; x_wconf 92' lang='lat' dir='ltr'><strong>tem</strong></span> <span class='ocrx_word' id='word_1_391' title='bbox 2277 2353 2334 2408; x_wconf 92' lang='lat' dir='ltr'><strong>et</strong></span> <span class='ocrx_word' id='word_1_392' title='bbox 2351 2345 2636 2407; x_wconf 90' lang='lat' dir='ltr'><strong>mundani</strong></span> <span class='ocrx_word' id='word_1_393' title='bbox 2653 2345 2838 2406; x_wconf 87' lang='lat' dir='ltr'><strong>fastus</strong></span> <span class='ocrx_word' id='word_1_394' title='bbox 2857 2343 3428 2425; x_wconf 84' lang='lat' dir='ltr'><strong>contemptum,illos</strong></span> <span class='ocrx_word' id='word_1_395' title='bbox 3451 2351 3511 2406; x_wconf 91' lang='lat' dir='ltr'><strong>et</strong></span> <span class='ocrx_word' id='word_1_396' title='bbox 3533 2344 3784 2425; x_wconf 84' lang='lat' dir='ltr'><strong>suscipit</strong></span> 
     </span>
    </p>
   </div>
   <div class='ocr_carea' id='block_1_57' title="bbox 2128 2431 3784 2514">
    <p class='ocr_par' dir='ltr' id='par_1_57' title="bbox 2128 2431 3784 2514">
     <span class='ocr_line' id='line_1_57' title="bbox 2128 2431 3784 2514; baseline -0.001 -17"><span class='ocrx_word' id='word_1_397' title='bbox 2128 2444 2185 2497; x_wconf 89' lang='lat' dir='ltr'><strong>et</strong></span> <span class='ocrx_word' id='word_1_398' title='bbox 2207 2434 2363 2497; x_wconf 92' lang='lat' dir='ltr'><strong>ulnis</strong></span> <span class='ocrx_word' id='word_1_399' title='bbox 2381 2434 2782 2514; x_wconf 87' lang='lat' dir='ltr'><strong>amplectitur.</strong></span> <span class='ocrx_word' id='word_1_400' title='bbox 2815 2431 3090 2496; x_wconf 83' lang='lat' dir='ltr'><strong>Ostendit</strong></span> <span class='ocrx_word' id='word_1_401' title='bbox 3122 2433 3280 2494; x_wconf 77' lang='lat' dir='ltr'><strong>enim</strong></span> <span class='ocrx_word' id='word_1_402' title='bbox 3303 2433 3460 2512; x_wconf 91' lang='lat' dir='ltr'><strong>quod</strong></span> <span class='ocrx_word' id='word_1_403' title='bbox 3479 2433 3784 2514; x_wconf 88' lang='lat' dir='ltr'><strong>simplices</strong></span> 
     </span>
    </p>
   </div>
   <div class='ocr_carea' id='block_1_58' title="bbox 2128 2521 3784 2603">
    <p class='ocr_par' dir='ltr' id='par_1_58' title="bbox 2128 2521 3784 2603">
     <span class='ocr_line' id='line_1_58' title="bbox 2128 2521 3784 2603; baseline -0.002 -15"><span class='ocrx_word' id='word_1_404' title='bbox 2128 2533 2187 2588; x_wconf 89' lang='lat' dir='ltr'><strong>et</strong></span> <span class='ocrx_word' id='word_1_405' title='bbox 2215 2523 2564 2586; x_wconf 88' lang='lat' dir='ltr'><strong>innocentes</strong></span> <span class='ocrx_word' id='word_1_406' title='bbox 2587 2523 2891 2603; x_wconf 84' lang='lat' dir='ltr'><strong>suscipiat,</strong></span> <span class='ocrx_word' id='word_1_407' title='bbox 2914 2522 3164 2603; x_wconf 92' lang='lat' dir='ltr'><strong>ideoque</strong></span> <span class='ocrx_word' id='word_1_408' title='bbox 3186 2521 3356 2585; x_wconf 86' lang='lat' dir='ltr'><strong>dicit:</strong></span> <span class='ocrx_word' id='word_1_409' title='bbox 3385 2547 3409 2577; x_wconf 80' lang='lat' dir='ltr'><strong>tt</strong></span> <span class='ocrx_word' id='word_1_410' title='bbox 3437 2521 3666 2584; x_wconf 88' lang='lat' dir='ltr'><strong>Talium</strong></span> <span class='ocrx_word' id='word_1_411' title='bbox 3692 2531 3784 2585; x_wconf 90' lang='lat' dir='ltr'><strong>est</strong></span> 
     </span>
    </p>
   </div>
   <div class='ocr_carea' id='block_1_59' title="bbox 2126 2609 3785 2692">
    <p class='ocr_par' dir='ltr' id='par_1_59' title="bbox 2126 2609 3785 2692">
     <span class='ocr_line' id='line_1_59' title="bbox 2126 2609 3785 2692; baseline -0.002 -15"><span class='ocrx_word' id='word_1_412' title='bbox 2126 2614 2285 2677; x_wconf 88' lang='lat' dir='ltr'><strong>enim</strong></span> <span class='ocrx_word' id='word_1_413' title='bbox 2314 2632 2564 2690; x_wconf 86' lang='lat' dir='ltr'><strong>regnum</strong></span> <span class='ocrx_word' id='word_1_414' title='bbox 2600 2613 2732 2676; x_wconf 90' lang='lat' dir='ltr'><strong>Dei.</strong></span> <span class='ocrx_word' id='word_1_415' title='bbox 2773 2637 2799 2668; x_wconf 73' lang='grc' dir='ltr'>ιο</span> <span class='ocrx_word' id='word_1_416' title='bbox 2836 2610 3012 2685; x_wconf 88' lang='lat' dir='ltr'><strong>Vide,</strong></span> <span class='ocrx_word' id='word_1_417' title='bbox 3046 2630 3164 2672; x_wconf 90' lang='lat' dir='ltr'><strong>non</strong></span> <span class='ocrx_word' id='word_1_418' title='bbox 3212 2609 3386 2692; x_wconf 81' lang='lat' dir='ltr'><strong>dixit,</strong></span> <span class='ocrx_word' id='word_1_419' title='bbox 3431 2609 3658 2673; x_wconf 85' lang='lat' dir='ltr'><strong>Horum</strong></span> <span class='ocrx_word' id='word_1_420' title='bbox 3691 2619 3785 2674; x_wconf 85' lang='lat' dir='ltr'><strong>est</strong></span> 
     </span>
    </p>
   </div>
   <div class='ocr_carea' id='block_1_60' title="bbox 2126 2699 3780 2782">
    <p class='ocr_par' dir='ltr' id='par_1_60' title="bbox 2126 2699 3780 2782">
     <span class='ocr_line' id='line_1_60' title="bbox 2126 2699 3780 2782; baseline -0.002 -17"><span class='ocrx_word' id='word_1_421' title='bbox 2126 2703 2285 2765; x_wconf 91' lang='lat' dir='ltr'><strong>enim</strong></span> <span class='ocrx_word' id='word_1_422' title='bbox 2307 2721 2552 2781; x_wconf 87' lang='lat' dir='ltr'><strong>regnum</strong></span> <span class='ocrx_word' id='word_1_423' title='bbox 2586 2701 2718 2777; x_wconf 89' lang='lat' dir='ltr'><strong>Dei,</strong></span> <span class='ocrx_word' id='word_1_424' title='bbox 2755 2700 3118 2776; x_wconf 91' lang='lat' dir='ltr'><strong>sed,talium,</strong></span> <span class='ocrx_word' id='word_1_425' title='bbox 3153 2699 3267 2761; x_wconf 91' lang='lat' dir='ltr'><strong>hoc</strong></span> <span class='ocrx_word' id='word_1_426' title='bbox 3297 2708 3406 2775; x_wconf 90' lang='lat' dir='ltr'><strong>est,</strong></span> <span class='ocrx_word' id='word_1_427' title='bbox 3439 2718 3646 2762; x_wconf 91' lang='lat' dir='ltr'><strong>eorum</strong></span> <span class='ocrx_word' id='word_1_428' title='bbox 3678 2701 3780 2782; x_wconf 93' lang='lat' dir='ltr'><strong>qui</strong></span> 
     </span>
    </p>
   </div>
   <div class='ocr_carea' id='block_1_61' title="bbox 2126 2789 3780 2874">
    <p class='ocr_par' dir='ltr' id='par_1_61' title="bbox 2126 2789 3780 2874">
     <span class='ocr_line' id='line_1_61' title="bbox 2126 2789 3780 2874; baseline -0.001 -20"><span class='ocrx_word' id='word_1_429' title='bbox 2126 2811 2235 2874; x_wconf 91' lang='lat' dir='ltr'><strong>per</strong></span> <span class='ocrx_word' id='word_1_430' title='bbox 2266 2791 2753 2854; x_wconf 84' lang='lat' dir='ltr'><strong>exercitationem</strong></span> <span class='ocrx_word' id='word_1_431' title='bbox 2800 2789 3202 2851; x_wconf 90' lang='lat' dir='ltr'><strong>innocentiam</strong></span> <span class='ocrx_word' id='word_1_432' title='bbox 3234 2791 3570 2870; x_wconf 88' lang='lat' dir='ltr'><strong>acquirunt,</strong></span> <span class='ocrx_word' id='word_1_433' title='bbox 3604 2809 3780 2872; x_wconf 88' lang='lat' dir='ltr'><strong>quam</strong></span> 
     </span>
    </p>
   </div>
   <div class='ocr_carea' id='block_1_62' title="bbox 2125 2878 3777 2962">
    <p class='ocr_par' dir='ltr' id='par_1_62' title="bbox 2125 2878 3777 2962">
     <span class='ocr_line' id='line_1_62' title="bbox 2125 2878 3777 2962; baseline -0.001 -19"><span class='ocrx_word' id='word_1_434' title='bbox 2125 2881 2308 2962; x_wconf 90' lang='lat' dir='ltr'><strong>puelli</strong></span> <span class='ocrx_word' id='word_1_435' title='bbox 2331 2899 2366 2941; x_wconf 90' lang='lat' dir='ltr'><strong>a</strong></span> <span class='ocrx_word' id='word_1_436' title='bbox 2395 2889 2603 2941; x_wconf 89' lang='lat' dir='ltr'><strong>natura</strong></span> <span class='ocrx_word' id='word_1_437' title='bbox 2633 2879 2876 2941; x_wconf 90' lang='lat' dir='ltr'><strong>habent.</strong></span> <span class='ocrx_word' id='word_1_438' title='bbox 2923 2882 3079 2941; x_wconf 88' lang='lat' dir='ltr'><strong>Puer</strong></span> <span class='ocrx_word' id='word_1_439' title='bbox 3109 2878 3266 2940; x_wconf 91' lang='lat' dir='ltr'><strong>enim</strong></span> <span class='ocrx_word' id='word_1_440' title='bbox 3304 2897 3496 2960; x_wconf 90' lang='lat' dir='ltr'><strong>neque</strong></span> <span class='ocrx_word' id='word_1_441' title='bbox 3526 2879 3777 2958; x_wconf 87' lang='lat' dir='ltr'><strong>invidet,</strong></span> 
     </span>
    </p>
   </div>
   <div class='ocr_carea' id='block_1_63' title="bbox 2125 2968 3779 3051">
    <p class='ocr_par' dir='ltr' id='par_1_63' title="bbox 2125 2968 3779 3051">
     <span class='ocr_line' id='line_1_63' title="bbox 2125 2968 3779 3051; baseline 0.001 -21"><span class='ocrx_word' id='word_1_442' title='bbox 2125 2988 2319 3051; x_wconf 91' lang='lat' dir='ltr'><strong>neque</strong></span> <span class='ocrx_word' id='word_1_443' title='bbox 2351 2969 2672 3032; x_wconf 88' lang='lat' dir='ltr'><strong>vindictam</strong></span> <span class='ocrx_word' id='word_1_444' title='bbox 2737 2968 3078 3043; x_wconf 89' lang='lat' dir='ltr'><strong>meditatur,</strong></span> <span class='ocrx_word' id='word_1_445' title='bbox 3142 2986 3337 3049; x_wconf 80' lang='lat' dir='ltr'><strong>neque</strong></span> <span class='ocrx_word' id='word_1_446' title='bbox 3365 2969 3413 3028; x_wconf 89' lang='lat' dir='ltr'><strong>si</strong></span> <span class='ocrx_word' id='word_1_447' title='bbox 3447 2968 3779 3047; x_wconf 86' lang='lat' dir='ltr'><strong>ﬂagellatur</strong></span> 
     </span>
    </p>
   </div>
   <div class='ocr_carea' id='block_1_64' title="bbox 2123 3056 3778 3134">
    <p class='ocr_par' dir='ltr' id='par_1_64' title="bbox 2123 3056 3778 3134">
     <span class='ocr_line' id='line_1_64' title="bbox 2123 3056 3778 3134; baseline 0 -14"><span class='ocrx_word' id='word_1_448' title='bbox 2123 3079 2155 3120; x_wconf 89' lang='lat' dir='ltr'><strong>a</strong></span> <span class='ocrx_word' id='word_1_449' title='bbox 2190 3059 2638 3134; x_wconf 89' lang='lat' dir='ltr'><strong>matre,recedit</strong></span> <span class='ocrx_word' id='word_1_450' title='bbox 2663 3076 2676 3121; x_wconf 94' lang='lat'>:</span> <span class='ocrx_word' id='word_1_451' title='bbox 2704 3059 2808 3122; x_wconf 87' lang='lat' dir='ltr'><strong>sed</strong></span> <span class='ocrx_word' id='word_1_452' title='bbox 2833 3059 3010 3132; x_wconf 90' lang='lat' dir='ltr'><strong>hanc,</strong></span> <span class='ocrx_word' id='word_1_453' title='bbox 3048 3058 3223 3120; x_wconf 89' lang='lat' dir='ltr'><strong>etiam</strong></span> <span class='ocrx_word' id='word_1_454' title='bbox 3241 3057 3292 3119; x_wconf 91' lang='lat' dir='ltr'><strong>si</strong></span> <span class='ocrx_word' id='word_1_455' title='bbox 3313 3064 3507 3119; x_wconf 90' lang='lat' dir='ltr'><strong>vestes</strong></span> <span class='ocrx_word' id='word_1_456' title='bbox 3530 3056 3778 3121; x_wconf 84' lang='lat' dir='ltr'><strong>detritas</strong></span> 
     </span>
    </p>
   </div>
   <div class='ocr_carea' id='block_1_65' title="bbox 387 3145 2044 3231">
    <p class='ocr_par' dir='ltr' id='par_1_65' title="bbox 387 3149 2037 3231">
     <span class='ocr_line' id='line_1_65' title="bbox 387 3149 2037 3231; baseline -0.001 -24"><span class='ocrx_word' id='word_1_457' title='bbox 387 3149 545 3226; x_wconf 77' lang='grc' dir='ltr'>ῥάκια</span> <span class='ocrx_word' id='word_1_458' title='bbox 605 3151 738 3218; x_wconf 73' lang='grc' dir='ltr'>αὕτη</span> <span class='ocrx_word' id='word_1_459' title='bbox 795 3157 952 3231; x_wconf 76' lang='grc' dir='ltr'>φορῇ,</span> <span class='ocrx_word' id='word_1_460' title='bbox 1012 3152 1108 3220; x_wconf 69' lang='grc' dir='ltr'>τῆς</span> <span class='ocrx_word' id='word_1_461' title='bbox 1187 3149 1460 3228; x_wconf 69' lang='grc' dir='ltr'>βασιλῖδος</span> <span class='ocrx_word' id='word_1_462' title='bbox 1532 3151 1728 3217; x_wconf 82' lang='grc' dir='ltr'>ταύτην</span> <span class='ocrx_word' id='word_1_463' title='bbox 1782 3156 2037 3229; x_wconf 82' lang='grc' dir='ltr'>προτιμᾷ.</span> 
     </span>
    </p>
   </div>
   <div class='ocr_carea' id='block_1_66' title="bbox 2131 3145 3771 3231">
    <p class='ocr_par' dir='ltr' id='par_1_66' title="bbox 2131 3145 3771 3229">
     <span class='ocr_line' id='line_1_66' title="bbox 2131 3145 3771 3229; baseline -0.001 -19"><span class='ocrx_word' id='word_1_464' title='bbox 2131 3148 2299 3229; x_wconf 81' lang='lat' dir='ltr'><strong>ferat,</strong></span> <span class='ocrx_word' id='word_1_465' title='bbox 2332 3149 2549 3228; x_wconf 62' lang='lat' dir='ltr'><strong>regina:</strong></span> <span class='ocrx_word' id='word_1_466' title='bbox 2581 3147 2841 3228; x_wconf 69' lang='lat' dir='ltr'><strong>przefert.</strong></span> <span class='ocrx_word' id='word_1_467' title='bbox 2877 3146 2978 3210; x_wconf 91' lang='lat' dir='ltr'><strong>Sic</strong></span> <span class='ocrx_word' id='word_1_468' title='bbox 3016 3155 3074 3209; x_wconf 90' lang='lat' dir='ltr'><strong>et</strong></span> <span class='ocrx_word' id='word_1_469' title='bbox 3112 3146 3214 3227; x_wconf 89' lang='lat' dir='ltr'><strong>qui</strong></span> <span class='ocrx_word' id='word_1_470' title='bbox 3244 3145 3556 3208; x_wconf 88' lang='lat' dir='ltr'><strong>virtutibus</strong></span> <span class='ocrx_word' id='word_1_471' title='bbox 3585 3155 3771 3223; x_wconf 88' lang='lat' dir='ltr'><strong>vacat,</strong></span> 
     </span>
    </p>
   </div>
   <div class='ocr_carea' id='block_1_67' title="bbox 385 3237 2038 3320">
    <p class='ocr_par' dir='ltr' id='par_1_67' title="bbox 385 3237 2038 3320">
     <span class='ocr_line' id='line_1_67' title="bbox 385 3237 2038 3320; baseline 0 -25"><span class='ocrx_word' id='word_1_472' title='bbox 385 3237 538 3295; x_wconf 76' lang='grc' dir='ltr'>Οὕτω</span> <span class='ocrx_word' id='word_1_473' title='bbox 579 3241 666 3296; x_wconf 84' lang='grc' dir='ltr'><strong>καὶ</strong></span> <span class='ocrx_word' id='word_1_474' title='bbox 707 3241 734 3296; x_wconf 83' lang='grc' dir='ltr'><strong>δ</strong></span> <span class='ocrx_word' id='word_1_475' title='bbox 778 3240 896 3296; x_wconf 88' lang='grc' dir='ltr'>κατ’</span> <span class='ocrx_word' id='word_1_476' title='bbox 944 3241 1138 3320; x_wconf 78' lang='grc' dir='ltr'>ἀρετὴν</span> <span class='ocrx_word' id='word_1_477' title='bbox 1189 3246 1316 3316; x_wconf 85' lang='grc' dir='ltr'>ζῶν,</span> <span class='ocrx_word' id='word_1_478' title='bbox 1362 3245 1460 3307; x_wconf 79' lang='grc' dir='ltr'>τῆς</span> <span class='ocrx_word' id='word_1_479' title='bbox 1492 3240 1695 3317; x_wconf 85' lang='grc' dir='ltr'>μητρὸς</span> <span class='ocrx_word' id='word_1_480' title='bbox 1727 3240 1907 3313; x_wconf 88' lang='grc' dir='ltr'>αὐτοῦ,</span> <span class='ocrx_word' id='word_1_481' title='bbox 1941 3240 2038 3307; x_wconf 74' lang='grc' dir='ltr'>τῆς</span> 
     </span>
    </p>
   </div>
   <div class='ocr_carea' id='block_1_68' title="bbox 381 3320 2038 3408">
    <p class='ocr_par' dir='ltr' id='par_1_68' title="bbox 381 3320 2038 3408">
     <span class='ocr_line' id='line_1_68' title="bbox 381 3320 2038 3408; baseline 0 -25"><span class='ocrx_word' id='word_1_482' title='bbox 381 3326 702 3395; x_wconf 79' lang='grc' dir='ltr'>Ἐκκλησίας</span> <span class='ocrx_word' id='word_1_483' title='bbox 759 3328 925 3407; x_wconf 81' lang='grc' dir='ltr'>λέγω,</span> <span class='ocrx_word' id='word_1_484' title='bbox 1007 3328 1151 3388; x_wconf 74' lang='grc' dir='ltr'>οὐδὲν</span> <span class='ocrx_word' id='word_1_485' title='bbox 1214 3320 1469 3408; x_wconf 58' lang='grc' dir='ltr'>προτιμᾷ,</span> <span class='ocrx_word' id='word_1_486' title='bbox 1530 3328 1644 3384; x_wconf 79' lang='grc' dir='ltr'>οὐδὲ</span> <span class='ocrx_word' id='word_1_487' title='bbox 1727 3328 1823 3396; x_wconf 71' lang='grc' dir='ltr'><strong>τὴν</strong></span> <span class='ocrx_word' id='word_1_488' title='bbox 1879 3329 2038 3404; x_wconf 84' lang='grc' dir='ltr'>βασι-</span> 
     </span>
    </p>
   </div>
   <div class='ocr_carea' id='block_1_69' title="bbox 380 3413 2038 3496">
    <p class='ocr_par' dir='ltr' id='par_1_69' title="bbox 380 3413 2038 3496">
     <span class='ocr_line' id='line_1_69' title="bbox 380 3413 2038 3496; baseline 0.002 -26"><span class='ocrx_word' id='word_1_489' title='bbox 380 3413 633 3473; x_wconf 72' lang='grc' dir='ltr'>λεῦουσαν</span> <span class='ocrx_word' id='word_1_490' title='bbox 689 3424 793 3474; x_wconf 83' lang='grc' dir='ltr'><strong>τῶν</strong></span> <span class='ocrx_word' id='word_1_491' title='bbox 835 3419 1049 3476; x_wconf 80' lang='grc' dir='ltr'>πολλῶν</span> <span class='ocrx_word' id='word_1_492' title='bbox 1102 3417 1321 3488; x_wconf 82' lang='grc' dir='ltr'>ἡδονήν.</span> <span class='ocrx_word' id='word_1_493' title='bbox 1379 3420 1471 3474; x_wconf 87' lang='grc' dir='ltr'>Διὸ</span> <span class='ocrx_word' id='word_1_494' title='bbox 1519 3418 1607 3473; x_wconf 87' lang='grc' dir='ltr'><strong>καὶ</strong></span> <span class='ocrx_word' id='word_1_495' title='bbox 1636 3416 2038 3496; x_wconf 84' lang='grc' dir='ltr'>ἆναγκαλίζεται</span> 
     </span>
    </p>
   </div>
   <div class='ocr_carea' id='block_1_70' title="bbox 381 3506 2034 3589">
    <p class='ocr_par' dir='ltr' id='par_1_70' title="bbox 381 3506 2034 3589">
     <span class='ocr_line' id='line_1_70' title="bbox 381 3506 2034 3589; baseline 0.001 -29"><span class='ocrx_word' id='word_1_496' title='bbox 381 3507 504 3568; x_wconf 85' lang='grc' dir='ltr'>τοὺς</span> <span class='ocrx_word' id='word_1_497' title='bbox 562 3507 827 3570; x_wconf 80' lang='grc' dir='ltr'>τοιούτους</span> <span class='ocrx_word' id='word_1_498' title='bbox 882 3511 908 3564; x_wconf 83' lang='grc' dir='ltr'>ὂ</span> <span class='ocrx_word' id='word_1_499' title='bbox 971 3509 1187 3589; x_wconf 83' lang='grc' dir='ltr'>Κύριος,</span> <span class='ocrx_word' id='word_1_500' title='bbox 1246 3507 1417 3588; x_wconf 85' lang='grc' dir='ltr'>λέγων</span> <span class='ocrx_word' id='word_1_501' title='bbox 1450 3526 1464 3541; x_wconf 90' lang='grc'><strong>·</strong></span> <span class='ocrx_word' id='word_1_502' title='bbox 1505 3529 1527 3562; x_wconf 78' lang='grc' dir='ltr'>ε</span> <span class='ocrx_word' id='word_1_503' title='bbox 1583 3508 1740 3562; x_wconf 81' lang='grc' dir='ltr'>Δεῦτε</span> <span class='ocrx_word' id='word_1_504' title='bbox 1781 3506 1913 3586; x_wconf 83' lang='grc' dir='ltr'>πρός</span> <span class='ocrx_word' id='word_1_505' title='bbox 1945 3528 2034 3586; x_wconf 85' lang='grc' dir='ltr'><strong>με,</strong></span> 
     </span>
    </p>
   </div>
   <div class='ocr_carea' id='block_1_71' title="bbox 382 3595 2035 3677">
    <p class='ocr_par' dir='ltr' id='par_1_71' title="bbox 382 3595 2035 3677">
     <span class='ocr_line' id='line_1_71' title="bbox 382 3595 2035 3677; baseline 0.002 -27"><span class='ocrx_word' id='word_1_506' title='bbox 382 3595 575 3658; x_wconf 79' lang='grc' dir='ltr'>πάντες</span> <span class='ocrx_word' id='word_1_507' title='bbox 634 3599 680 3652; x_wconf 82' lang='grc' dir='ltr'><strong>οἱ</strong></span> <span class='ocrx_word' id='word_1_508' title='bbox 737 3603 1027 3663; x_wconf 81' lang='grc' dir='ltr'>κοπιῶντες</span> <span class='ocrx_word' id='word_1_509' title='bbox 1082 3600 1171 3655; x_wconf 85' lang='grc' dir='ltr'><strong>καὶ</strong></span> <span class='ocrx_word' id='word_1_510' title='bbox 1230 3596 1661 3677; x_wconf 73' lang='grc' dir='ltr'>πεφορτισμένοι.</span> <span class='ocrx_word' id='word_1_511' title='bbox 1719 3617 1739 3648; x_wconf 79' lang='grc' dir='ltr'><strong>ε</strong></span> <span class='ocrx_word' id='word_1_512' title='bbox 1792 3597 1892 3653; x_wconf 83' lang='grc' dir='ltr'>Καὶ</span> <span class='ocrx_word' id='word_1_513' title='bbox 1946 3598 2035 3654; x_wconf 84' lang='grc' dir='ltr'><strong>εὐ-</strong></span> 
     </span>
    </p>
   </div>
   <div class='ocr_carea' id='block_1_72' title="bbox 384 3680 2036 3766">
    <p class='ocr_par' dir='ltr' id='par_1_72' title="bbox 384 3680 2036 3766">
     <span class='ocr_line' id='line_1_72' title="bbox 384 3680 2036 3766; baseline 0.002 -29"><span class='ocrx_word' id='word_1_514' title='bbox 384 3680 562 3762; x_wconf 80' lang='grc' dir='ltr'>λογετ,</span> <span class='ocrx_word' id='word_1_515' title='bbox 597 3681 769 3763; x_wconf 85' lang='grc' dir='ltr'>λέγων</span> <span class='ocrx_word' id='word_1_516' title='bbox 804 3699 818 3714; x_wconf 92' lang='grc'><strong>⁸</strong></span> <span class='ocrx_word' id='word_1_517' title='bbox 880 3705 903 3740; x_wconf 76' lang='grc' dir='ltr'>ε</span> <span class='ocrx_word' id='word_1_518' title='bbox 958 3687 1143 3766; x_wconf 82' lang='grc' dir='ltr'>Δεῦτε,</span> <span class='ocrx_word' id='word_1_519' title='bbox 1195 3687 1243 3742; x_wconf 84' lang='grc' dir='ltr'><strong>οἱ</strong></span> <span class='ocrx_word' id='word_1_520' title='bbox 1289 3684 1639 3761; x_wconf 74' lang='grc' dir='ltr'><strong>εὐλογημένοι</strong></span> <span class='ocrx_word' id='word_1_521' title='bbox 1683 3689 1776 3740; x_wconf 92' lang='grc' dir='ltr'>τοῦ</span> <span class='ocrx_word' id='word_1_522' title='bbox 1832 3685 2036 3763; x_wconf 82' lang='grc' dir='ltr'>Πατρός</span> 
     </span>
    </p>
   </div>
   <div class='ocr_carea' id='block_1_73' title="bbox 385 3771 2038 3854">
    <p class='ocr_par' dir='ltr' id='par_1_73' title="bbox 385 3771 2038 3854">
     <span class='ocr_line' id='line_1_73' title="bbox 385 3771 2038 3854; baseline 0 -26"><span class='ocrx_word' id='word_1_523' title='bbox 385 3794 510 3846; x_wconf 87' lang='grc' dir='ltr'>μου.</span> <span class='ocrx_word' id='word_1_524' title='bbox 551 3795 576 3826; x_wconf 75' lang='lat' dir='ltr'><strong>n</strong></span> <span class='ocrx_word' id='word_1_525' title='bbox 629 3771 906 3830; x_wconf 71' lang='grc' dir='ltr'>Βασιλείαν</span> <span class='ocrx_word' id='word_1_526' title='bbox 964 3773 1016 3830; x_wconf 73' lang='grc' dir='ltr'>δὲ</span> <span class='ocrx_word' id='word_1_527' title='bbox 1074 3783 1166 3833; x_wconf 84' lang='grc' dir='ltr'>τοῦ</span> <span class='ocrx_word' id='word_1_528' title='bbox 1210 3782 1361 3847; x_wconf 88' lang='grc' dir='ltr'>Θεοῦ,</span> <span class='ocrx_word' id='word_1_529' title='bbox 1407 3776 1468 3830; x_wconf 82' lang='grc' dir='ltr'><strong>τὸ</strong></span> <span class='ocrx_word' id='word_1_530' title='bbox 1510 3775 1760 3854; x_wconf 88' lang='grc' dir='ltr'>κήρυγμα</span> <span class='ocrx_word' id='word_1_531' title='bbox 1802 3774 1890 3829; x_wconf 87' lang='grc' dir='ltr'><strong>καὶ</strong></span> <span class='ocrx_word' id='word_1_532' title='bbox 1939 3775 2038 3841; x_wconf 81' lang='grc' dir='ltr'>τὴν</span> 
     </span>
    </p>
   </div>
   <div class='ocr_carea' id='block_1_74' title="bbox 381 3856 2035 3942">
    <p class='ocr_par' dir='ltr' id='par_1_74' title="bbox 381 3856 2035 3942">
     <span class='ocr_line' id='line_1_74' title="bbox 381 3856 2035 3942; baseline 0.002 -26"><span class='ocrx_word' id='word_1_533' title='bbox 381 3859 701 3940; x_wconf 74' lang='grc' dir='ltr'>ἐπαγγελίαν</span> <span class='ocrx_word' id='word_1_534' title='bbox 755 3870 862 3918; x_wconf 79' lang='grc' dir='ltr'><strong>τῶν</strong></span> <span class='ocrx_word' id='word_1_535' title='bbox 906 3863 1116 3942; x_wconf 81' lang='grc' dir='ltr'>ἆγαθῶν</span> <span class='ocrx_word' id='word_1_536' title='bbox 1173 3863 1388 3921; x_wconf 77' lang='grc' dir='ltr'>ἐνταῦθα</span> <span class='ocrx_word' id='word_1_537' title='bbox 1447 3886 1630 3942; x_wconf 78' lang='grc' dir='ltr'>φησιν.</span> <span class='ocrx_word' id='word_1_538' title='bbox 1686 3856 1888 3926; x_wconf 79' lang='grc' dir='ltr'><strong>ἸΟστις</strong></span> <span class='ocrx_word' id='word_1_539' title='bbox 1948 3864 2035 3920; x_wconf 83' lang='grc' dir='ltr'><strong>οῦν</strong></span> 
     </span>
    </p>
   </div>
   <div class='ocr_carea' id='block_1_75' title="bbox 2124 3235 3776 3318">
    <p class='ocr_par' dir='ltr' id='par_1_75' title="bbox 2124 3235 3776 3318">
     <span class='ocr_line' id='line_1_75' title="bbox 2124 3235 3776 3318; baseline 0 -18"><span class='ocrx_word' id='word_1_540' title='bbox 2124 3238 2302 3302; x_wconf 88' lang='lat' dir='ltr'><strong>matri</strong></span> <span class='ocrx_word' id='word_1_541' title='bbox 2335 3257 2482 3312; x_wconf 71' lang='lat' dir='ltr'><strong>suae,</strong></span> <span class='ocrx_word' id='word_1_542' title='bbox 2506 3237 2788 3300; x_wconf 75' lang='lat' dir='ltr'><strong>Ecclesiae</strong></span> <span class='ocrx_word' id='word_1_543' title='bbox 2818 3236 2976 3311; x_wconf 91' lang='lat' dir='ltr'><strong>dico,</strong></span> <span class='ocrx_word' id='word_1_544' title='bbox 3006 3254 3202 3318; x_wconf 88' lang='lat' dir='ltr'><strong>neque</strong></span> <span class='ocrx_word' id='word_1_545' title='bbox 3224 3235 3609 3316; x_wconf 89' lang='lat' dir='ltr'><strong>voluptatem,</strong></span> <span class='ocrx_word' id='word_1_546' title='bbox 3642 3256 3776 3318; x_wconf 60' lang='lat' dir='ltr'><strong>quae</strong></span> 
     </span>
    </p>
   </div>
   <div class='ocr_carea' id='block_1_76' title="bbox 2123 3323 3775 3408">
    <p class='ocr_par' dir='ltr' id='par_1_76' title="bbox 2123 3323 3775 3408">
     <span class='ocr_line' id='line_1_76' title="bbox 2123 3323 3775 3408; baseline -0.001 -19"><span class='ocrx_word' id='word_1_547' title='bbox 2123 3329 2325 3390; x_wconf 90' lang='lat' dir='ltr'><strong>multis</strong></span> <span class='ocrx_word' id='word_1_548' title='bbox 2350 3327 2624 3408; x_wconf 90' lang='lat' dir='ltr'><strong>imperat,</strong></span> <span class='ocrx_word' id='word_1_549' title='bbox 2661 3344 2856 3408; x_wconf 90' lang='lat' dir='ltr'><strong>neque</strong></span> <span class='ocrx_word' id='word_1_550' title='bbox 2907 3325 3212 3407; x_wconf 83' lang='lat' dir='ltr'><strong>quippiam</strong></span> <span class='ocrx_word' id='word_1_551' title='bbox 3245 3325 3507 3405; x_wconf 67' lang='lat' dir='ltr'><strong>praal&#39;ert.</strong></span> <span class='ocrx_word' id='word_1_552' title='bbox 3543 3323 3680 3387; x_wconf 91' lang='lat' dir='ltr'><strong>ldeo</strong></span> <span class='ocrx_word' id='word_1_553' title='bbox 3710 3324 3775 3388; x_wconf 87' lang='lat' dir='ltr'><strong>in</strong></span> 
     </span>
    </p>
   </div>
   <div class='ocr_carea' id='block_1_77' title="bbox 2121 3413 3770 3496">
    <p class='ocr_par' dir='ltr' id='par_1_77' title="bbox 2121 3413 3770 3496">
     <span class='ocr_line' id='line_1_77' title="bbox 2121 3413 3770 3496; baseline -0.002 -16"><span class='ocrx_word' id='word_1_554' title='bbox 2121 3417 2296 3480; x_wconf 88' lang='lat' dir='ltr'><strong>ulnas</strong></span> <span class='ocrx_word' id='word_1_555' title='bbox 2314 3416 2460 3478; x_wconf 81' lang='lat' dir='ltr'><strong>tales</strong></span> <span class='ocrx_word' id='word_1_556' title='bbox 2500 3416 2747 3496; x_wconf 89' lang='lat' dir='ltr'><strong>suscipit</strong></span> <span class='ocrx_word' id='word_1_557' title='bbox 2785 3414 3228 3491; x_wconf 84' lang='lat' dir='ltr'><strong>Jesus,dicens:</strong></span> <span class='ocrx_word' id='word_1_558' title='bbox 3262 3436 3290 3475; x_wconf 86' lang='grc'><strong>‹</strong></span> <span class='ocrx_word' id='word_1_559' title='bbox 3313 3414 3527 3478; x_wconf 82' lang='lat' dir='ltr'><strong>Venite</strong></span> <span class='ocrx_word' id='word_1_560' title='bbox 3545 3413 3618 3476; x_wconf 90' lang='lat' dir='ltr'><strong>ad</strong></span> <span class='ocrx_word' id='word_1_561' title='bbox 3651 3433 3770 3496; x_wconf 84' lang='lat' dir='ltr'><strong>me,</strong></span> 
     </span>
    </p>
   </div>
   <div class='ocr_carea' id='block_1_78' title="bbox 2123 3503 3774 3587">
    <p class='ocr_par' dir='ltr' id='par_1_78' title="bbox 2123 3503 3774 3587">
     <span class='ocr_line' id='line_1_78' title="bbox 2123 3503 3774 3587; baseline -0.002 -18"><span class='ocrx_word' id='word_1_562' title='bbox 2123 3525 2334 3570; x_wconf 81' lang='lat' dir='ltr'><strong>omnes</strong></span> <span class='ocrx_word' id='word_1_563' title='bbox 2351 3505 2453 3587; x_wconf 92' lang='lat' dir='ltr'><strong>qui</strong></span> <span class='ocrx_word' id='word_1_564' title='bbox 2479 3505 2760 3567; x_wconf 83' lang='lat' dir='ltr'><strong>laboratis</strong></span> <span class='ocrx_word' id='word_1_565' title='bbox 2791 3512 2850 3567; x_wconf 87' lang='lat' dir='ltr'><strong>et</strong></span> <span class='ocrx_word' id='word_1_566' title='bbox 2879 3506 3104 3566; x_wconf 90' lang='lat' dir='ltr'><strong>onerati</strong></span> <span class='ocrx_word' id='word_1_567' title='bbox 3130 3505 3272 3567; x_wconf 92' lang='lat' dir='ltr'><strong>estis</strong></span> <span class='ocrx_word' id='word_1_568' title='bbox 3292 3528 3348 3580; x_wconf 73' lang='grc' dir='ltr'>ς»</span> <span class='ocrx_word' id='word_1_569' title='bbox 3380 3510 3439 3566; x_wconf 91' lang='lat' dir='ltr'><strong>et</strong></span> <span class='ocrx_word' id='word_1_570' title='bbox 3469 3503 3774 3571; x_wconf 87' lang='lat' dir='ltr'><strong>benedicit</strong></span> 
     </span>
    </p>
   </div>
   <div class='ocr_carea' id='block_1_79' title="bbox 2120 3592 3769 3670">
    <p class='ocr_par' dir='ltr' id='par_1_79' title="bbox 2120 3592 3769 3670">
     <span class='ocr_line' id='line_1_79' title="bbox 2120 3592 3769 3670; baseline -0.001 -12"><span class='ocrx_word' id='word_1_571' title='bbox 2120 3597 2366 3660; x_wconf 90' lang='lat' dir='ltr'><strong>dicens:</strong></span> <span class='ocrx_word' id='word_1_572' title='bbox 2395 3621 2423 3652; x_wconf 74' lang='grc' dir='ltr'>ι</span> <span class='ocrx_word' id='word_1_573' title='bbox 2448 3595 2684 3670; x_wconf 90' lang='lat' dir='ltr'><strong>Venite,</strong></span> <span class='ocrx_word' id='word_1_574' title='bbox 2715 3594 3016 3657; x_wconf 90' lang='lat' dir='ltr'><strong>benedicti</strong></span> <span class='ocrx_word' id='word_1_575' title='bbox 3047 3595 3237 3657; x_wconf 88' lang='lat' dir='ltr'><strong>Patris</strong></span> <span class='ocrx_word' id='word_1_576' title='bbox 3260 3593 3400 3658; x_wconf 91' lang='lat' dir='ltr'><strong>mei.</strong></span> <span class='ocrx_word' id='word_1_577' title='bbox 3439 3617 3466 3651; x_wconf 76' lang='grc' dir='ltr'><strong>ι</strong></span> <span class='ocrx_word' id='word_1_578' title='bbox 3502 3592 3769 3670; x_wconf 76' lang='lat' dir='ltr'><strong>Regnum</strong></span> 
     </span>
    </p>
   </div>
   <div class='ocr_carea' id='block_1_80' title="bbox 2120 3682 3771 3766">
    <p class='ocr_par' dir='ltr' id='par_1_80' title="bbox 2120 3682 3771 3766">
     <span class='ocr_line' id='line_1_80' title="bbox 2120 3682 3771 3766; baseline -0.001 -18"><span class='ocrx_word' id='word_1_579' title='bbox 2120 3694 2317 3748; x_wconf 91' lang='lat' dir='ltr'><strong>autem</strong></span> <span class='ocrx_word' id='word_1_580' title='bbox 2350 3683 2974 3766; x_wconf 68' lang='lat' dir='ltr'><strong>Dei,pra:dicationem</strong></span> <span class='ocrx_word' id='word_1_581' title='bbox 3008 3691 3067 3745; x_wconf 91' lang='lat' dir='ltr'><strong>et</strong></span> <span class='ocrx_word' id='word_1_582' title='bbox 3095 3683 3552 3764; x_wconf 91' lang='lat' dir='ltr'><strong>promissionem</strong></span> <span class='ocrx_word' id='word_1_583' title='bbox 3585 3682 3771 3747; x_wconf 89' lang='lat' dir='ltr'><strong>bono-</strong></span> 
     </span>
    </p>
   </div>
   <div class='ocr_carea' id='block_1_81' title="bbox 2120 3772 3771 3855">
    <p class='ocr_par' dir='ltr' id='par_1_81' title="bbox 2120 3772 3771 3855">
     <span class='ocr_line' id='line_1_81' title="bbox 2120 3772 3771 3855; baseline -0.002 -17"><span class='ocrx_word' id='word_1_584' title='bbox 2120 3794 2252 3838; x_wconf 87' lang='lat' dir='ltr'><strong>rum</strong></span> <span class='ocrx_word' id='word_1_585' title='bbox 2276 3777 2374 3838; x_wconf 90' lang='lat' dir='ltr'><strong>hic</strong></span> <span class='ocrx_word' id='word_1_586' title='bbox 2399 3773 2855 3855; x_wconf 89' lang='lat' dir='ltr'><strong>dicit.Quisquis</strong></span> <span class='ocrx_word' id='word_1_587' title='bbox 2884 3773 3064 3850; x_wconf 81' lang='lat' dir='ltr'><strong>igitur</strong></span> <span class='ocrx_word' id='word_1_588' title='bbox 3079 3772 3378 3853; x_wconf 89' lang='lat' dir='ltr'><strong>acceperit</strong></span> <span class='ocrx_word' id='word_1_589' title='bbox 3402 3773 3771 3854; x_wconf 66' lang='lat' dir='ltr'><strong>praedicatio-</strong></span> 
     </span>
    </p>
   </div>
   <div class='ocr_carea' id='block_1_82' title="bbox 2121 3861 3766 3946">
    <p class='ocr_par' dir='ltr' id='par_1_82' title="bbox 2121 3861 3766 3946">
     <span class='ocr_line' id='line_1_82' title="bbox 2121 3861 3766 3946; baseline 0 -20"><span class='ocrx_word' id='word_1_590' title='bbox 2121 3883 2260 3927; x_wconf 92' lang='lat' dir='ltr'><strong>nem</strong></span> <span class='ocrx_word' id='word_1_591' title='bbox 2291 3865 2402 3929; x_wconf 90' lang='lat' dir='ltr'><strong>Dei</strong></span> <span class='ocrx_word' id='word_1_592' title='bbox 2433 3865 2584 3927; x_wconf 89' lang='lat' dir='ltr'><strong>sicut</strong></span> <span class='ocrx_word' id='word_1_593' title='bbox 2605 3882 2902 3944; x_wconf 86' lang='lat' dir='ltr'><strong>puer,non</strong></span> <span class='ocrx_word' id='word_1_594' title='bbox 2921 3861 3260 3943; x_wconf 87' lang='lat' dir='ltr'><strong>dijudicans</strong></span> <span class='ocrx_word' id='word_1_595' title='bbox 3280 3863 3370 3925; x_wconf 91' lang='lat' dir='ltr'><strong>vel</strong></span> <span class='ocrx_word' id='word_1_596' title='bbox 3389 3862 3766 3946; x_wconf 86' lang='lat' dir='ltr'><strong>discredens,</strong></span> 
     </span>
    </p>
   </div>
   <div class='ocr_carea' id='block_1_83' title="bbox 377 3948 2044 4035">
    <p class='ocr_par' dir='ltr' id='par_1_83' title="bbox 377 3948 2033 4032">
     <span class='ocr_line' id='line_1_83' title="bbox 377 3948 2033 4032; baseline 0.003 -27"><span class='ocrx_word' id='word_1_597' title='bbox 377 3948 577 4015; x_wconf 80' lang='grc' dir='ltr'>δέξεται</span> <span class='ocrx_word' id='word_1_598' title='bbox 620 3953 681 4007; x_wconf 78' lang='grc' dir='ltr'>τὸ</span> <span class='ocrx_word' id='word_1_599' title='bbox 734 3953 981 4032; x_wconf 86' lang='grc' dir='ltr'>κήρυγμα</span> <span class='ocrx_word' id='word_1_600' title='bbox 1036 3961 1127 4011; x_wconf 87' lang='grc' dir='ltr'><strong>τοῦ</strong></span> <span class='ocrx_word' id='word_1_601' title='bbox 1190 3961 1322 4010; x_wconf 87' lang='grc' dir='ltr'>Θεοῦ</span> <span class='ocrx_word' id='word_1_602' title='bbox 1384 3954 1457 4016; x_wconf 83' lang='grc' dir='ltr'><strong>ὡς</strong></span> <span class='ocrx_word' id='word_1_603' title='bbox 1514 3951 1744 4027; x_wconf 70' lang='grc' dir='ltr'>παιδίον,</span> <span class='ocrx_word' id='word_1_604' title='bbox 1796 3953 2033 4010; x_wconf 78' lang='grc' dir='ltr'>τουτέστι</span> 
     </span>
    </p>
   </div>
   <div class='ocr_carea' id='block_1_84' title="bbox 2131 3948 3766 4035">
    <p class='ocr_par' dir='ltr' id='par_1_84' title="bbox 2131 3952 3766 4035">
     <span class='ocr_line' id='line_1_84' title="bbox 2131 3952 3766 4035; baseline 0 -19"><span class='ocrx_word' id='word_1_605' title='bbox 2131 3955 2221 4016; x_wconf 81' lang='lat' dir='ltr'><strong>ille</strong></span> <span class='ocrx_word' id='word_1_606' title='bbox 2251 3954 2587 4034; x_wconf 86' lang='lat' dir='ltr'><strong>ingreditur</strong></span> <span class='ocrx_word' id='word_1_607' title='bbox 2617 3953 2678 4015; x_wconf 91' lang='lat' dir='ltr'><strong>in</strong></span> <span class='ocrx_word' id='word_1_608' title='bbox 2711 3971 2960 4030; x_wconf 83' lang='lat' dir='ltr'><strong>regnum</strong></span> <span class='ocrx_word' id='word_1_609' title='bbox 2992 3952 3100 4014; x_wconf 91' lang='lat' dir='ltr'><strong>Dei</strong></span> <span class='ocrx_word' id='word_1_610' title='bbox 3131 3960 3190 4014; x_wconf 88' lang='lat' dir='ltr'><strong>et</strong></span> <span class='ocrx_word' id='word_1_611' title='bbox 3220 3954 3277 4015; x_wconf 89' lang='lat' dir='ltr'><strong>in</strong></span> <span class='ocrx_word' id='word_1_612' title='bbox 3309 3952 3464 4016; x_wconf 90' lang='lat' dir='ltr'><strong>bona</strong></span> <span class='ocrx_word' id='word_1_613' title='bbox 3498 3971 3630 4035; x_wconf 70' lang='lat' dir='ltr'><strong>quae</strong></span> <span class='ocrx_word' id='word_1_614' title='bbox 3639 3952 3766 4033; x_wconf 88' lang='lat' dir='ltr'><strong>jam</strong></span> 
     </span>
    </p>
   </div>
   <div class='ocr_carea' id='block_1_85' title="bbox 377 4037 2044 4124">
    <p class='ocr_par' dir='ltr' id='par_1_85' title="bbox 377 4037 2033 4122">
     <span class='ocr_line' id='line_1_85' title="bbox 377 4037 2033 4122; baseline 0.003 -29"><span class='ocrx_word' id='word_1_615' title='bbox 377 4037 548 4114; x_wconf 78' lang='grc' dir='ltr'>μηδὲν</span> <span class='ocrx_word' id='word_1_616' title='bbox 606 4039 1001 4120; x_wconf 82' lang='grc' dir='ltr'>διακρινόμενος</span> <span class='ocrx_word' id='word_1_617' title='bbox 1051 4045 1086 4111; x_wconf 73' lang='grc' dir='ltr'><strong>ἢ</strong></span> <span class='ocrx_word' id='word_1_618' title='bbox 1144 4044 1403 4118; x_wconf 78' lang='grc' dir='ltr'>ἀπιστῶν,</span> <span class='ocrx_word' id='word_1_619' title='bbox 1474 4041 1678 4104; x_wconf 69' lang='grc' dir='ltr'>ἐκεῖνος</span> <span class='ocrx_word' id='word_1_620' title='bbox 1736 4040 2033 4122; x_wconf 77' lang='grc' dir='ltr'>εἰσέρχεται</span> 
     </span>
    </p>
   </div>
   <div class='ocr_carea' id='block_1_86' title="bbox 2131 4037 2551 4124">
    <p class='ocr_par' dir='ltr' id='par_1_86' title="bbox 2131 4042 2551 4124">
     <span class='ocr_line' id='line_1_86' title="bbox 2131 4042 2551 4124; baseline -0.007 -18"><span class='ocrx_word' id='word_1_621' title='bbox 2131 4043 2233 4106; x_wconf 77' lang='lat' dir='ltr'><strong>ide</strong></span> <span class='ocrx_word' id='word_1_622' title='bbox 2265 4042 2551 4124; x_wconf 90' lang='lat' dir='ltr'><strong>suscepit.</strong></span> 
     </span>
    </p>
   </div>
   <div class='ocr_carea' id='block_1_87' title="bbox 375 4128 2034 4209">
    <p class='ocr_par' dir='ltr' id='par_1_87' title="bbox 375 4128 2034 4209">
     <span class='ocr_line' id='line_1_87' title="bbox 375 4128 2034 4209; baseline 0.002 -25"><span class='ocrx_word' id='word_1_623' title='bbox 375 4129 450 4191; x_wconf 77' lang='lat' dir='ltr'><strong>ei;</strong></span> <span class='ocrx_word' id='word_1_624' title='bbox 494 4129 593 4197; x_wconf 76' lang='grc' dir='ltr'><strong>τὴν</strong></span> <span class='ocrx_word' id='word_1_625' title='bbox 649 4128 920 4207; x_wconf 79' lang='grc' dir='ltr'>βασιλείαν</span> <span class='ocrx_word' id='word_1_626' title='bbox 979 4139 1074 4188; x_wconf 89' lang='grc' dir='ltr'><strong>τοῦ</strong></span> <span class='ocrx_word' id='word_1_627' title='bbox 1129 4138 1284 4206; x_wconf 87' lang='grc' dir='ltr'>Θεοῦ,</span> <span class='ocrx_word' id='word_1_628' title='bbox 1347 4132 1432 4188; x_wconf 85' lang='grc' dir='ltr'>καὶ</span> <span class='ocrx_word' id='word_1_629' title='bbox 1515 4132 1589 4194; x_wconf 77' lang='grc' dir='ltr'><strong>εἰς</strong></span> <span class='ocrx_word' id='word_1_630' title='bbox 1641 4131 1708 4188; x_wconf 78' lang='grc' dir='ltr'>τὰ</span> <span class='ocrx_word' id='word_1_631' title='bbox 1775 4130 1944 4209; x_wconf 80' lang='grc' dir='ltr'><strong>ἁγαθᾶ</strong></span> <span class='ocrx_word' id='word_1_632' title='bbox 2000 4130 2034 4187; x_wconf 73' lang='grc' dir='ltr'>ἃ</span> 
     </span>
    </p>
   </div>
   <div class='ocr_carea' id='block_1_88' title="bbox 373 4216 1046 4298">
    <p class='ocr_par' dir='ltr' id='par_1_88' title="bbox 373 4216 1046 4298">
     <span class='ocr_line' id='line_1_88' title="bbox 373 4216 1046 4298; baseline 0.007 -25"><span class='ocrx_word' id='word_1_633' title='bbox 373 4216 581 4282; x_wconf 74' lang='grc' dir='ltr'>ἐδέξατο</span> <span class='ocrx_word' id='word_1_634' title='bbox 615 4218 719 4287; x_wconf 67' lang='grc' dir='ltr'><strong>ἤδη</strong></span> <span class='ocrx_word' id='word_1_635' title='bbox 752 4225 819 4298; x_wconf 73' lang='grc' dir='ltr'><strong>τῇ</strong></span> <span class='ocrx_word' id='word_1_636' title='bbox 848 4222 1046 4285; x_wconf 77' lang='grc' dir='ltr'>πίστει,</span> 
     </span>
    </p>
   </div>
   <div class='ocr_carea' id='block_1_89' title="bbox 459 4307 2030 4389">
    <p class='ocr_par' dir='ltr' id='par_1_89' title="bbox 459 4307 2030 4389">
     <span class='ocr_line' id='line_1_89' title="bbox 459 4307 2030 4389; baseline -0.001 -23"><span class='ocrx_word' id='word_1_637' title='bbox 459 4330 487 4362; x_wconf 74' lang='grc' dir='ltr'>ι</span> <span class='ocrx_word' id='word_1_638' title='bbox 553 4311 649 4366; x_wconf 81' lang='grc' dir='ltr'><strong>Καὶ</strong></span> <span class='ocrx_word' id='word_1_639' title='bbox 706 4308 1126 4389; x_wconf 84' lang='grc' dir='ltr'>ἐκπορευομένου</span> <span class='ocrx_word' id='word_1_640' title='bbox 1208 4315 1364 4371; x_wconf 88' lang='grc' dir='ltr'>αὐτοῦ</span> <span class='ocrx_word' id='word_1_641' title='bbox 1422 4315 1493 4380; x_wconf 76' lang='grc' dir='ltr'>εἷς</span> <span class='ocrx_word' id='word_1_642' title='bbox 1552 4310 1694 4386; x_wconf 77' lang='grc' dir='ltr'>ὁδὸν,</span> <span class='ocrx_word' id='word_1_643' title='bbox 1764 4307 2030 4388; x_wconf 89' lang='grc' dir='ltr'>προσδρα-</span> 
     </span>
    </p>
   </div>
   <div class='ocr_carea' id='block_1_90' title="bbox 373 4396 2028 4480">
    <p class='ocr_par' dir='ltr' id='par_1_90' title="bbox 373 4396 2028 4480">
     <span class='ocr_line' id='line_1_90' title="bbox 373 4396 2028 4480; baseline 0.001 -28"><span class='ocrx_word' id='word_1_644' title='bbox 373 4396 491 4471; x_wconf 85' lang='grc' dir='ltr'><strong>μὼν</strong></span> <span class='ocrx_word' id='word_1_645' title='bbox 545 4397 656 4477; x_wconf 76' lang='grc' dir='ltr'>εἷς,</span> <span class='ocrx_word' id='word_1_646' title='bbox 707 4399 795 4455; x_wconf 84' lang='grc' dir='ltr'><strong>καὶ</strong></span> <span class='ocrx_word' id='word_1_647' title='bbox 853 4401 1220 4477; x_wconf 83' lang='grc' dir='ltr'>γονυπετήσας</span> <span class='ocrx_word' id='word_1_648' title='bbox 1279 4402 1443 4478; x_wconf 84' lang='grc' dir='ltr'>αὐτῷ,</span> <span class='ocrx_word' id='word_1_649' title='bbox 1518 4400 1770 4480; x_wconf 79' lang='grc' dir='ltr'>ἐπηρώτα</span> <span class='ocrx_word' id='word_1_650' title='bbox 1823 4400 1978 4457; x_wconf 83' lang='grc' dir='ltr'>αὐτόν</span> <span class='ocrx_word' id='word_1_651' title='bbox 2014 4417 2028 4433; x_wconf 86' lang='grc'><strong>⁸</strong></span> 
     </span>
    </p>
   </div>
   <div class='ocr_carea' id='block_1_91' title="bbox 2197 4296 3766 4374">
    <p class='ocr_par' dir='ltr' id='par_1_91' title="bbox 2197 4296 3766 4374">
     <span class='ocr_line' id='line_1_91' title="bbox 2197 4296 3766 4374; baseline -0.003 -10"><span class='ocrx_word' id='word_1_652' title='bbox 2197 4305 2386 4368; x_wconf 81' lang='lat' dir='ltr'><strong>VEns.</strong></span> <span class='ocrx_word' id='word_1_653' title='bbox 2420 4298 2640 4363; x_wconf 63' lang='lat'><strong>17-99.</strong></span> <span class='ocrx_word' id='word_1_654' title='bbox 2676 4321 2704 4354; x_wconf 75' lang='grc' dir='ltr'>ε</span> <span class='ocrx_word' id='word_1_655' title='bbox 2741 4299 2816 4362; x_wconf 86' lang='grc' dir='ltr'>Ει</span> <span class='ocrx_word' id='word_1_656' title='bbox 2870 4316 3002 4358; x_wconf 92' lang='lat' dir='ltr'><strong>cum</strong></span> <span class='ocrx_word' id='word_1_657' title='bbox 3059 4297 3248 4360; x_wconf 80' lang='lat' dir='ltr'><strong>exiret</strong></span> <span class='ocrx_word' id='word_1_658' title='bbox 3302 4298 3362 4360; x_wconf 91' lang='lat' dir='ltr'><strong>in</strong></span> <span class='ocrx_word' id='word_1_659' title='bbox 3413 4296 3587 4374; x_wconf 88' lang='lat' dir='ltr'><strong>viam,</strong></span> <span class='ocrx_word' id='word_1_660' title='bbox 3624 4299 3766 4367; x_wconf 72' lang='lat'><strong>294</strong></span> 
     </span>
    </p>
   </div>
   <div class='ocr_carea' id='block_1_92' title="bbox 2113 4388 3761 4474">
    <p class='ocr_par' dir='ltr' id='par_1_92' title="bbox 2113 4388 3761 4474">
     <span class='ocr_line' id='line_1_92' title="bbox 2113 4388 3761 4474; baseline 0 -19"><span class='ocrx_word' id='word_1_661' title='bbox 2113 4391 2369 4455; x_wconf 87' lang='lat' dir='ltr'><strong>accurrit</strong></span> <span class='ocrx_word' id='word_1_662' title='bbox 2394 4388 2661 4470; x_wconf 91' lang='lat' dir='ltr'><strong>quidam,</strong></span> <span class='ocrx_word' id='word_1_663' title='bbox 2694 4407 2761 4450; x_wconf 92' lang='lat' dir='ltr'><strong>ac</strong></span> <span class='ocrx_word' id='word_1_664' title='bbox 2789 4405 2984 4467; x_wconf 83' lang='lat' dir='ltr'><strong>genua</strong></span> <span class='ocrx_word' id='word_1_665' title='bbox 3015 4388 3174 4450; x_wconf 85' lang='lat' dir='ltr'><strong>ﬂexit</strong></span> <span class='ocrx_word' id='word_1_666' title='bbox 3204 4389 3313 4467; x_wconf 83' lang='lat' dir='ltr'><strong>illi,</strong></span> <span class='ocrx_word' id='word_1_667' title='bbox 3342 4399 3401 4454; x_wconf 89' lang='lat' dir='ltr'><strong>et</strong></span> <span class='ocrx_word' id='word_1_668' title='bbox 3429 4395 3761 4474; x_wconf 88' lang='lat' dir='ltr'><strong>interroga-</strong></span> 
     </span>
    </p>
   </div>
   <div class='ocr_carea' id='block_1_93' title="bbox 377 4476 2044 4566">
    <p class='ocr_par' dir='ltr' id='par_1_93' title="bbox 377 4476 2028 4566">
     <span class='ocr_line' id='line_1_93' title="bbox 377 4476 2028 4566; baseline 0.003 -27"><span class='ocrx_word' id='word_1_669' title='bbox 377 4483 674 4543; x_wconf 62' lang='grc' dir='ltr'>Διδάσκαλε</span> <span class='ocrx_word' id='word_1_670' title='bbox 729 4488 915 4566; x_wconf 80' lang='grc' dir='ltr'>ἀγαθὲ,</span> <span class='ocrx_word' id='word_1_671' title='bbox 948 4489 998 4545; x_wconf 75' lang='grc' dir='ltr'>τί</span> <span class='ocrx_word' id='word_1_672' title='bbox 1027 4491 1261 4565; x_wconf 83' lang='grc' dir='ltr'>ποιήσω,</span> <span class='ocrx_word' id='word_1_673' title='bbox 1297 4490 1387 4547; x_wconf 76' lang='grc' dir='ltr'><strong>ἵνα</strong></span> <span class='ocrx_word' id='word_1_674' title='bbox 1426 4476 1582 4563; x_wconf 76' lang='grc' dir='ltr'>ζωὴν</span> <span class='ocrx_word' id='word_1_675' title='bbox 1628 4476 1843 4548; x_wconf 78' lang='grc' dir='ltr'>αἰώνιον</span> <span class='ocrx_word' id='word_1_676' title='bbox 1887 4487 2028 4556; x_wconf 83' lang='grc' dir='ltr'>κλη-</span> 
     </span>
    </p>
   </div>
   <div class='ocr_carea' id='block_1_94' title="bbox 2131 4476 3762 4566">
    <p class='ocr_par' dir='ltr' id='par_1_94' title="bbox 2131 4476 3762 4566">
     <span class='ocr_line' id='line_1_94' title="bbox 2131 4476 3762 4566; baseline 0.001 -22"><span class='ocrx_word' id='word_1_677' title='bbox 2131 4489 2212 4544; x_wconf 75' lang='lat' dir='ltr'><strong>Jat</strong></span> <span class='ocrx_word' id='word_1_678' title='bbox 2242 4499 2380 4543; x_wconf 90' lang='lat' dir='ltr'><strong>eum</strong></span> <span class='ocrx_word' id='word_1_679' title='bbox 2411 4501 2423 4542; x_wconf 95' lang='lat'><strong>:</strong></span> <span class='ocrx_word' id='word_1_680' title='bbox 2486 4482 2836 4566; x_wconf 15' lang='lat' dir='ltr'><strong>Praeceptor,</strong></span> <span class='ocrx_word' id='word_1_681' title='bbox 2877 4476 3054 4553; x_wconf 90' lang='lat' dir='ltr'><strong>bone,</strong></span> <span class='ocrx_word' id='word_1_682' title='bbox 3088 4478 3228 4559; x_wconf 92' lang='lat' dir='ltr'><strong>quid</strong></span> <span class='ocrx_word' id='word_1_683' title='bbox 3261 4481 3467 4544; x_wconf 79' lang='lat' dir='ltr'><strong>iaciam</strong></span> <span class='ocrx_word' id='word_1_684' title='bbox 3494 4493 3556 4545; x_wconf 93' lang='lat' dir='ltr'><strong>ut</strong></span> <span class='ocrx_word' id='word_1_685' title='bbox 3585 4483 3762 4546; x_wconf 91' lang='lat' dir='ltr'><strong>vitam</strong></span> 
     </span>
    </p>
   </div>
   <div class='ocr_carea' id='block_1_95' title="bbox 370 4576 709 4657">
    <p class='ocr_par' dir='ltr' id='par_1_95' title="bbox 370 4576 709 4657">
     <span class='ocr_line' id='line_1_95' title="bbox 370 4576 709 4657; baseline 0.003 -27"><span class='ocrx_word' id='word_1_686' title='bbox 370 4576 657 4653; x_wconf 81' lang='grc' dir='ltr'>ρονομήσω</span> <span class='ocrx_word' id='word_1_687' title='bbox 693 4595 709 4657; x_wconf 82' lang='grc'><strong>;</strong></span> 
     </span>
    </p>
   </div>
   <div class='ocr_carea' id='block_1_96' title="bbox 769 4559 2044 4658">
    <p class='ocr_par' dir='ltr' id='par_1_96' title="bbox 769 4559 2027 4658">
     <span class='ocr_line' id='line_1_96' title="bbox 769 4559 2027 4658; baseline 0.006 -24"><span class='ocrx_word' id='word_1_688' title='bbox 769 4559 825 4634; x_wconf 44' lang='grc' dir='ltr'><strong>ιὈ</strong></span> <span class='ocrx_word' id='word_1_689' title='bbox 879 4559 933 4633; x_wconf 79' lang='grc' dir='ltr'>δὲ</span> <span class='ocrx_word' id='word_1_690' title='bbox 980 4559 1186 4646; x_wconf 85' lang='grc' dir='ltr'>Ἰησοῦς</span> <span class='ocrx_word' id='word_1_691' title='bbox 1231 4559 1388 4637; x_wconf 79' lang='grc' dir='ltr'>εἶπεν</span> <span class='ocrx_word' id='word_1_692' title='bbox 1433 4559 1576 4656; x_wconf 79' lang='grc' dir='ltr'><strong>αὐτῷ</strong></span> <span class='ocrx_word' id='word_1_693' title='bbox 1608 4600 1620 4612; x_wconf 90' lang='grc'><strong>·</strong></span> <span class='ocrx_word' id='word_1_694' title='bbox 1672 4583 1731 4639; x_wconf 84' lang='lat' dir='ltr'><strong>Ti</strong></span> <span class='ocrx_word' id='word_1_695' title='bbox 1760 4603 1826 4656; x_wconf 92' lang='grc' dir='ltr'><strong>με</strong></span> <span class='ocrx_word' id='word_1_696' title='bbox 1857 4578 2027 4658; x_wconf 84' lang='grc' dir='ltr'>λέγεις</span> 
     </span>
    </p>
   </div>
   <div class='ocr_carea' id='block_1_97' title="bbox 2131 4559 3763 4658">
    <p class='ocr_par' dir='ltr' id='par_1_97' title="bbox 2131 4565 3763 4658">
     <span class='ocr_line' id='line_1_97' title="bbox 2131 4565 3763 4658; baseline 0.002 -25"><span class='ocrx_word' id='word_1_697' title='bbox 2131 4580 2395 4634; x_wconf 80' lang='lat' dir='ltr'><strong>eternam</strong></span> <span class='ocrx_word' id='word_1_698' title='bbox 2421 4566 2789 4658; x_wconf 66' lang='lat' dir='ltr'><strong>possideam‘.l</strong></span> <span class='ocrx_word' id='word_1_699' title='bbox 2808 4565 2980 4630; x_wconf 84' lang='lat' dir='ltr'><strong>Jesus</strong></span> <span class='ocrx_word' id='word_1_700' title='bbox 3003 4576 3199 4658; x_wconf 85' lang='lat' dir='ltr'><strong>autem</strong></span> <span class='ocrx_word' id='word_1_701' title='bbox 3223 4568 3368 4632; x_wconf 90' lang='lat' dir='ltr'><strong>dixit</strong></span> <span class='ocrx_word' id='word_1_702' title='bbox 3387 4572 3473 4635; x_wconf 91' lang='lat' dir='ltr'><strong>illi</strong></span> <span class='ocrx_word' id='word_1_703' title='bbox 3493 4593 3506 4636; x_wconf 92' lang='lat'><strong>:</strong></span> <span class='ocrx_word' id='word_1_704' title='bbox 3529 4573 3646 4637; x_wconf 90' lang='lat' dir='ltr'><strong>Cur</strong></span> <span class='ocrx_word' id='word_1_705' title='bbox 3666 4592 3763 4637; x_wconf 88' lang='lat' dir='ltr'><strong>me</strong></span> 
     </span>
    </p>
   </div>
   <div class='ocr_carea' id='block_1_98' title="bbox 369 4655 2044 4746">
    <p class='ocr_par' dir='ltr' id='par_1_98' title="bbox 369 4655 2027 4746">
     <span class='ocr_line' id='line_1_98' title="bbox 369 4655 2027 4746; baseline 0.004 -28"><span class='ocrx_word' id='word_1_706' title='bbox 369 4663 570 4741; x_wconf 80' lang='grc' dir='ltr'>ἀγαθόν</span> <span class='ocrx_word' id='word_1_707' title='bbox 603 4683 619 4743; x_wconf 70' lang='grc' dir='ltr'><strong>ς</strong></span> <span class='ocrx_word' id='word_1_708' title='bbox 678 4655 856 4728; x_wconf 79' lang='grc' dir='ltr'>Οὐδεὶς</span> <span class='ocrx_word' id='word_1_709' title='bbox 909 4669 1130 4746; x_wconf 81' lang='grc' dir='ltr'>ἀγαθὸς,</span> <span class='ocrx_word' id='word_1_710' title='bbox 1167 4670 1209 4725; x_wconf 80' lang='grc' dir='ltr'><strong>εἰ</strong></span> <span class='ocrx_word' id='word_1_711' title='bbox 1241 4671 1317 4745; x_wconf 79' lang='grc' dir='ltr'>μὴ</span> <span class='ocrx_word' id='word_1_712' title='bbox 1361 4670 1446 4734; x_wconf 77' lang='grc' dir='ltr'><strong>εἶς</strong></span> <span class='ocrx_word' id='word_1_713' title='bbox 1477 4672 1505 4726; x_wconf 87' lang='grc' dir='ltr'>ὁ</span> <span class='ocrx_word' id='word_1_714' title='bbox 1537 4655 1665 4734; x_wconf 88' lang='grc' dir='ltr'>Θεός</span> <span class='ocrx_word' id='word_1_715' title='bbox 1701 4688 1717 4704; x_wconf 96' lang='grc'><strong>⁸</strong></span> <span class='ocrx_word' id='word_1_716' title='bbox 1751 4655 1844 4732; x_wconf 78' lang='grc' dir='ltr'><strong>τὰς</strong></span> <span class='ocrx_word' id='word_1_717' title='bbox 1875 4655 2027 4725; x_wconf 79' lang='grc' dir='ltr'>ἐντο-</span> 
     </span>
    </p>
   </div>
   <div class='ocr_carea' id='block_1_99' title="bbox 2131 4655 3754 4746">
    <p class='ocr_par' dir='ltr' id='par_1_99' title="bbox 2131 4655 3754 4744">
     <span class='ocr_line' id='line_1_99' title="bbox 2131 4655 3754 4744; baseline 0.001 -22"><span class='ocrx_word' id='word_1_718' title='bbox 2131 4661 2262 4723; x_wconf 89' lang='lat' dir='ltr'><strong>licis</strong></span> <span class='ocrx_word' id='word_1_719' title='bbox 2284 4657 2540 4723; x_wconf 89' lang='lat' dir='ltr'><strong>bonum?</strong></span> <span class='ocrx_word' id='word_1_720' title='bbox 2558 4659 2749 4721; x_wconf 89' lang='lat' dir='ltr'><strong>Nemo</strong></span> <span class='ocrx_word' id='word_1_721' title='bbox 2768 4656 2982 4738; x_wconf 86' lang='lat' dir='ltr'><strong>bonus,</strong></span> <span class='ocrx_word' id='word_1_722' title='bbox 3009 4655 3124 4718; x_wconf 90' lang='lat' dir='ltr'><strong>nisi</strong></span> <span class='ocrx_word' id='word_1_723' title='bbox 3147 4676 3552 4744; x_wconf 86' lang='lat' dir='ltr'><strong>unus,nempe</strong></span> <span class='ocrx_word' id='word_1_724' title='bbox 3575 4663 3754 4727; x_wconf 91' lang='lat' dir='ltr'><strong>Deus.</strong></span> 
     </span>
    </p>
   </div>
   <div class='ocr_carea' id='block_1_100' title="bbox 367 4746 2044 4840">
    <p class='ocr_par' dir='ltr' id='par_1_100' title="bbox 367 4749 2026 4840">
     <span class='ocr_line' id='line_1_100' title="bbox 367 4749 2026 4840; baseline 0.008 -34"><span class='ocrx_word' id='word_1_725' title='bbox 367 4750 466 4816; x_wconf 80' lang='grc' dir='ltr'><strong>λὰς</strong></span> <span class='ocrx_word' id='word_1_726' title='bbox 513 4749 663 4840; x_wconf 80' lang='grc' dir='ltr'>οἶδας</span> <span class='ocrx_word' id='word_1_727' title='bbox 699 4775 715 4829; x_wconf 84' lang='grc'>;</span> <span class='ocrx_word' id='word_1_728' title='bbox 752 4755 840 4823; x_wconf 78' lang='grc' dir='ltr'><strong>Μὴ</strong></span> <span class='ocrx_word' id='word_1_729' title='bbox 873 4757 1194 4837; x_wconf 77' lang='grc' dir='ltr'>μοιχεύσῃς,</span> <span class='ocrx_word' id='word_1_730' title='bbox 1241 4760 1318 4834; x_wconf 77' lang='grc' dir='ltr'>μὴ</span> <span class='ocrx_word' id='word_1_731' title='bbox 1359 4761 1639 4840; x_wconf 63' lang='grc' dir='ltr'>φονεύσῃς,</span> <span class='ocrx_word' id='word_1_732' title='bbox 1688 4761 1766 4836; x_wconf 77' lang='grc' dir='ltr'>μὴ</span> <span class='ocrx_word' id='word_1_733' title='bbox 1795 4757 2026 4838; x_wconf 73' lang='grc' dir='ltr'>κλέψῃς,</span> 
     </span>
    </p>
   </div>
   <div class='ocr_carea' id='block_1_101' title="bbox 2131 4746 3756 4840">
    <p class='ocr_par' dir='ltr' id='par_1_101' title="bbox 2131 4746 3756 4833">
     <span class='ocr_line' id='line_1_101' title="bbox 2131 4746 3756 4833; baseline 0.002 -20"><span class='ocrx_word' id='word_1_734' title='bbox 2131 4753 2414 4831; x_wconf 66' lang='grc' dir='ltr'>Ρεωοοριει</span> <span class='ocrx_word' id='word_1_735' title='bbox 2437 4747 2626 4809; x_wconf 90' lang='lat' dir='ltr'><strong>nosti?</strong></span> <span class='ocrx_word' id='word_1_736' title='bbox 2647 4746 2732 4808; x_wconf 91' lang='lat' dir='ltr'><strong>Ne</strong></span> <span class='ocrx_word' id='word_1_737' title='bbox 2756 4748 3092 4808; x_wconf 88' lang='lat' dir='ltr'><strong>committas</strong></span> <span class='ocrx_word' id='word_1_738' title='bbox 3115 4747 3588 4833; x_wconf 86' lang='lat' dir='ltr'><strong>adulterium,ne</strong></span> <span class='ocrx_word' id='word_1_739' title='bbox 3607 4755 3756 4816; x_wconf 88' lang='lat' dir='ltr'><strong>occi-</strong></span> 
     </span>
    </p>
   </div>
   <div class='ocr_carea' id='block_1_102' title="bbox 369 4836 2044 4926">
    <p class='ocr_par' dir='ltr' id='par_1_102' title="bbox 369 4836 2027 4926">
     <span class='ocr_line' id='line_1_102' title="bbox 369 4836 2027 4926; baseline 0.004 -29"><span class='ocrx_word' id='word_1_740' title='bbox 369 4840 450 4914; x_wconf 78' lang='grc' dir='ltr'>μή</span> <span class='ocrx_word' id='word_1_741' title='bbox 512 4836 1044 4926; x_wconf 58' lang='grc' dir='ltr'>ψευδομαρτυρήσῃς,</span> <span class='ocrx_word' id='word_1_742' title='bbox 1134 4849 1211 4924; x_wconf 80' lang='grc' dir='ltr'><strong>μὴ</strong></span> <span class='ocrx_word' id='word_1_743' title='bbox 1296 4836 1694 4925; x_wconf 77' lang='grc' dir='ltr'>ἀποστερήσῃς.</span> <span class='ocrx_word' id='word_1_744' title='bbox 1746 4850 1883 4923; x_wconf 79' lang='grc' dir='ltr'>Τίμα</span> <span class='ocrx_word' id='word_1_745' title='bbox 1938 4836 2027 4903; x_wconf 81' lang='grc' dir='ltr'>τὸν</span> 
     </span>
    </p>
   </div>
   <div class='ocr_carea' id='block_1_103' title="bbox 2131 4836 3761 4926">
    <p class='ocr_par' dir='ltr' id='par_1_103' title="bbox 2131 4836 3761 4920">
     <span class='ocr_line' id='line_1_103' title="bbox 2131 4836 3761 4920; baseline 0.004 -20"><span class='ocrx_word' id='word_1_746' title='bbox 2131 4840 2241 4915; x_wconf 90' lang='lat' dir='ltr'><strong>las,</strong></span> <span class='ocrx_word' id='word_1_747' title='bbox 2275 4857 2351 4901; x_wconf 92' lang='lat' dir='ltr'><strong>ne</strong></span> <span class='ocrx_word' id='word_1_748' title='bbox 2379 4839 2615 4906; x_wconf 84' lang='lat' dir='ltr'><strong>fureris,</strong></span> <span class='ocrx_word' id='word_1_749' title='bbox 2659 4855 2732 4897; x_wconf 92' lang='lat' dir='ltr'><strong>ne</strong></span> <span class='ocrx_word' id='word_1_750' title='bbox 2761 4836 2975 4898; x_wconf 88' lang='lat' dir='ltr'><strong>falsum</strong></span> <span class='ocrx_word' id='word_1_751' title='bbox 3011 4836 3418 4901; x_wconf 90' lang='lat' dir='ltr'><strong>testimonium</strong></span> <span class='ocrx_word' id='word_1_752' title='bbox 3460 4842 3647 4920; x_wconf 87' lang='lat' dir='ltr'><strong>dicas,</strong></span> <span class='ocrx_word' id='word_1_753' title='bbox 3683 4862 3761 4906; x_wconf 89' lang='lat' dir='ltr'><strong>ne</strong></span> 
     </span>
    </p>
   </div>
   <div class='ocr_carea' id='block_1_104' title="bbox 365 4928 2044 5016">
    <p class='ocr_par' dir='ltr' id='par_1_104' title="bbox 365 4928 2024 5016">
     <span class='ocr_line' id='line_1_104' title="bbox 365 4928 2024 5016; baseline 0.005 -32"><span class='ocrx_word' id='word_1_754' title='bbox 365 4929 570 5006; x_wconf 80' lang='grc' dir='ltr'>πατέρα</span> <span class='ocrx_word' id='word_1_755' title='bbox 625 4953 719 4989; x_wconf 93' lang='grc' dir='ltr'><strong>σου</strong></span> <span class='ocrx_word' id='word_1_756' title='bbox 777 4935 864 4990; x_wconf 82' lang='grc' dir='ltr'><strong>καὶ</strong></span> <span class='ocrx_word' id='word_1_757' title='bbox 907 4937 1008 5003; x_wconf 76' lang='grc' dir='ltr'><strong>τὴν</strong></span> <span class='ocrx_word' id='word_1_758' title='bbox 1052 4937 1257 5016; x_wconf 79' lang='grc' dir='ltr'>μητέρα</span> <span class='ocrx_word' id='word_1_759' title='bbox 1322 4960 1437 4999; x_wconf 91' lang='grc' dir='ltr'>σου.</span> <span class='ocrx_word' id='word_1_760' title='bbox 1490 4928 1546 4996; x_wconf 79' lang='grc' dir='ltr'>Ὀ</span> <span class='ocrx_word' id='word_1_761' title='bbox 1592 4937 1645 4994; x_wconf 81' lang='grc' dir='ltr'>δὲ</span> <span class='ocrx_word' id='word_1_762' title='bbox 1701 4937 2024 5015; x_wconf 82' lang='grc' dir='ltr'>ἀποκριθεὶς,</span> 
     </span>
    </p>
   </div>
   <div class='ocr_carea' id='block_1_105' title="bbox 2131 4928 3763 5016">
    <p class='ocr_par' dir='ltr' id='par_1_105' title="bbox 2131 4929 3763 5016">
     <span class='ocr_line' id='line_1_105' title="bbox 2131 4929 3763 5016; baseline 0.001 -25"><span class='ocrx_word' id='word_1_763' title='bbox 2131 4929 2371 5003; x_wconf 88' lang='lat' dir='ltr'><strong>&#39;raudes,</strong></span> <span class='ocrx_word' id='word_1_764' title='bbox 2405 4929 2634 4990; x_wconf 88' lang='lat' dir='ltr'><strong>honora</strong></span> <span class='ocrx_word' id='word_1_765' title='bbox 2662 4931 2895 5016; x_wconf 81' lang='lat' dir='ltr'><strong>patrem</strong></span> <span class='ocrx_word' id='word_1_766' title='bbox 2926 4931 3093 5016; x_wconf 72' lang='lat' dir='ltr'><strong>tuum</strong></span> <span class='ocrx_word' id='word_1_767' title='bbox 3129 4933 3187 4988; x_wconf 92' lang='lat' dir='ltr'><strong>et</strong></span> <span class='ocrx_word' id='word_1_768' title='bbox 3217 4936 3464 4991; x_wconf 90' lang='lat' dir='ltr'><strong>matrem</strong></span> <span class='ocrx_word' id='word_1_769' title='bbox 3497 4933 3763 4995; x_wconf 89' lang='lat' dir='ltr'><strong>tuam.At</strong></span> 
     </span>
    </p>
   </div>
   <div class='ocr_carea' id='block_1_106' title="bbox 362 5013 2044 5108">
    <p class='ocr_par' dir='ltr' id='par_1_106' title="bbox 362 5013 2028 5108">
     <span class='ocr_line' id='line_1_106' title="bbox 362 5013 2028 5108; baseline 0.007 -34"><span class='ocrx_word' id='word_1_770' title='bbox 362 5017 524 5074; x_wconf 85' lang='grc' dir='ltr'>εἶπεν</span> <span class='ocrx_word' id='word_1_771' title='bbox 556 5023 697 5094; x_wconf 87' lang='grc' dir='ltr'><strong>αὐτῷ</strong></span> <span class='ocrx_word' id='word_1_772' title='bbox 731 5041 746 5056; x_wconf 85' lang='grc'><strong>⁸</strong></span> <span class='ocrx_word' id='word_1_773' title='bbox 787 5023 1106 5108; x_wconf 63' lang='grc' dir='ltr'>Διδάσκαλε,</span> <span class='ocrx_word' id='word_1_774' title='bbox 1144 5013 1306 5085; x_wconf 84' lang='grc' dir='ltr'>ταῦτα</span> <span class='ocrx_word' id='word_1_775' title='bbox 1351 5028 1524 5084; x_wconf 84' lang='grc' dir='ltr'>πάντα</span> <span class='ocrx_word' id='word_1_776' title='bbox 1568 5013 1907 5108; x_wconf 68' lang='grc' dir='ltr'>ἐφυλαξάμήν</span> <span class='ocrx_word' id='word_1_777' title='bbox 1968 5026 2028 5083; x_wconf 78' lang='grc' dir='ltr'>ἐκ</span> 
     </span>
    </p>
   </div>
   <div class='ocr_carea' id='block_1_107' title="bbox 2131 5013 3759 5108">
    <p class='ocr_par' dir='ltr' id='par_1_107' title="bbox 2135 5013 3759 5108">
     <span class='ocr_line' id='line_1_107' title="bbox 2135 5013 3759 5108; baseline 0.001 -26"><span class='ocrx_word' id='word_1_778' title='bbox 2135 5020 2212 5082; x_wconf 89' lang='lat' dir='ltr'><strong>lle</strong></span> <span class='ocrx_word' id='word_1_779' title='bbox 2240 5017 2609 5108; x_wconf 83' lang='lat' dir='ltr'><strong>respondens</strong></span> <span class='ocrx_word' id='word_1_780' title='bbox 2641 5015 2788 5077; x_wconf 87' lang='lat' dir='ltr'><strong>dixit</strong></span> <span class='ocrx_word' id='word_1_781' title='bbox 2816 5013 2901 5108; x_wconf 78' lang='lat' dir='ltr'><strong>illi</strong></span> <span class='ocrx_word' id='word_1_782' title='bbox 2939 5034 2952 5074; x_wconf 92' lang='lat'>:</span> <span class='ocrx_word' id='word_1_783' title='bbox 3001 5013 3356 5108; x_wconf 63' lang='lat' dir='ltr'><strong>Praeceptor,</strong></span> <span class='ocrx_word' id='word_1_784' title='bbox 3404 5021 3530 5083; x_wconf 82' lang='lat' dir='ltr'><strong>haec</strong></span> <span class='ocrx_word' id='word_1_785' title='bbox 3561 5022 3759 5085; x_wconf 88' lang='lat' dir='ltr'><strong>omnia</strong></span> 
     </span>
    </p>
   </div>
   <div class='ocr_carea' id='block_1_108' title="bbox 365 5103 2044 5194">
    <p class='ocr_par' dir='ltr' id='par_1_108' title="bbox 365 5103 2022 5194">
     <span class='ocr_line' id='line_1_108' title="bbox 365 5103 2022 5194; baseline 0.013 -31"><span class='ocrx_word' id='word_1_786' title='bbox 365 5109 619 5174; x_wconf 79' lang='grc' dir='ltr'><strong>νεότητός</strong></span> <span class='ocrx_word' id='word_1_787' title='bbox 678 5135 801 5184; x_wconf 90' lang='grc' dir='ltr'>μου.</span> <span class='ocrx_word' id='word_1_788' title='bbox 868 5104 925 5171; x_wconf 69' lang='grc' dir='ltr'>Ὀ</span> <span class='ocrx_word' id='word_1_789' title='bbox 979 5113 1034 5171; x_wconf 82' lang='grc' dir='ltr'>δὲ</span> <span class='ocrx_word' id='word_1_790' title='bbox 1092 5113 1296 5184; x_wconf 73' lang='grc' dir='ltr'>Ἰησοῦς</span> <span class='ocrx_word' id='word_1_791' title='bbox 1339 5103 1619 5194; x_wconf 40' lang='grc' dir='ltr'>ἐμϐλέψας·</span> <span class='ocrx_word' id='word_1_792' title='bbox 1671 5117 1832 5192; x_wconf 70' lang='grc' dir='ltr'>αὐτῷ,</span> <span class='ocrx_word' id='word_1_793' title='bbox 1881 5116 2022 5194; x_wconf 76' lang='grc' dir='ltr'><strong>ἠγά-</strong></span> 
     </span>
    </p>
   </div>
   <div class='ocr_carea' id='block_1_109' title="bbox 2131 5103 3762 5194">
    <p class='ocr_par' dir='ltr' id='par_1_109' title="bbox 2131 5103 3762 5194">
     <span class='ocr_line' id='line_1_109' title="bbox 2131 5103 3762 5194; baseline 0.002 -24"><span class='ocrx_word' id='word_1_794' title='bbox 2131 5108 2336 5172; x_wconf 71' lang='grc' dir='ltr'><strong>ἰΘΙὟίΠῙ</strong></span> <span class='ocrx_word' id='word_1_795' title='bbox 2360 5107 2433 5170; x_wconf 87' lang='lat' dir='ltr'><strong>ab</strong></span> <span class='ocrx_word' id='word_1_796' title='bbox 2465 5104 2866 5168; x_wconf 83' lang='lat' dir='ltr'><strong>adolescentia</strong></span> <span class='ocrx_word' id='word_1_797' title='bbox 2888 5122 3052 5194; x_wconf 84' lang='lat' dir='ltr'><strong>mea.</strong></span> <span class='ocrx_word' id='word_1_798' title='bbox 3079 5103 3253 5169; x_wconf 88' lang='lat' dir='ltr'><strong>Jesus</strong></span> <span class='ocrx_word' id='word_1_799' title='bbox 3283 5117 3480 5173; x_wconf 89' lang='lat' dir='ltr'><strong>autem</strong></span> <span class='ocrx_word' id='word_1_800' title='bbox 3514 5111 3762 5174; x_wconf 89' lang='lat' dir='ltr'><strong>intuitus</strong></span> 
     </span>
    </p>
   </div>
   <div class='ocr_carea' id='block_1_110' title="bbox 363 5193 2044 5286">
    <p class='ocr_par' dir='ltr' id='par_1_110' title="bbox 363 5193 2021 5286">
     <span class='ocr_line' id='line_1_110' title="bbox 363 5193 2021 5286; baseline 0.022 -36"><span class='ocrx_word' id='word_1_801' title='bbox 363 5218 537 5263; x_wconf 83' lang='grc' dir='ltr'>πησεν</span> <span class='ocrx_word' id='word_1_802' title='bbox 595 5201 771 5271; x_wconf 81' lang='grc' dir='ltr'>αὐτὸν,</span> <span class='ocrx_word' id='word_1_803' title='bbox 831 5204 922 5260; x_wconf 83' lang='grc' dir='ltr'><strong>καὶ</strong></span> <span class='ocrx_word' id='word_1_804' title='bbox 979 5205 1133 5262; x_wconf 80' lang='grc' dir='ltr'>εἶπεν</span> <span class='ocrx_word' id='word_1_805' title='bbox 1195 5210 1335 5282; x_wconf 84' lang='grc' dir='ltr'>αὐτῷ</span> <span class='ocrx_word' id='word_1_806' title='bbox 1372 5225 1384 5238; x_wconf 93' lang='grc'><strong>·</strong></span> <span class='ocrx_word' id='word_1_807' title='bbox 1469 5197 1582 5264; x_wconf 71' lang='grc' dir='ltr'><strong>’Ἐν</strong></span> <span class='ocrx_word' id='word_1_808' title='bbox 1654 5229 1734 5263; x_wconf 86' lang='grc' dir='ltr'><strong>σοι</strong></span> <span class='ocrx_word' id='word_1_809' title='bbox 1790 5193 2021 5286; x_wconf 59' lang='grc' dir='ltr'><strong>ὑστερετν</strong></span> 
     </span>
    </p>
   </div>
   <div class='ocr_carea' id='block_1_111' title="bbox 2131 5193 3759 5286">
    <p class='ocr_par' dir='ltr' id='par_1_111' title="bbox 2131 5193 3759 5286">
     <span class='ocr_line' id='line_1_111' title="bbox 2131 5193 3759 5286; baseline 0.002 -25"><span class='ocrx_word' id='word_1_810' title='bbox 2131 5199 2298 5273; x_wconf 89' lang='lat' dir='ltr'><strong>llum,</strong></span> <span class='ocrx_word' id='word_1_811' title='bbox 2328 5195 2534 5259; x_wconf 87' lang='lat' dir='ltr'><strong>dilexit</strong></span> <span class='ocrx_word' id='word_1_812' title='bbox 2562 5202 2816 5286; x_wconf 30' lang='lat' dir='ltr'><strong>eum,‘et</strong></span> <span class='ocrx_word' id='word_1_813' title='bbox 2844 5193 2992 5256; x_wconf 88' lang='lat' dir='ltr'><strong>dlxit</strong></span> <span class='ocrx_word' id='word_1_814' title='bbox 3013 5193 3103 5286; x_wconf 80' lang='lat' dir='ltr'><strong>illi</strong></span> <span class='ocrx_word' id='word_1_815' title='bbox 3140 5213 3153 5256; x_wconf 92' lang='lat'>:</span> <span class='ocrx_word' id='word_1_816' title='bbox 3205 5195 3396 5261; x_wconf 89' lang='lat' dir='ltr'><strong>Unum</strong></span> <span class='ocrx_word' id='word_1_817' title='bbox 3427 5200 3534 5262; x_wconf 86' lang='lat' dir='ltr'><strong>tibi</strong></span> <span class='ocrx_word' id='word_1_818' title='bbox 3565 5201 3759 5280; x_wconf 88' lang='lat' dir='ltr'><strong>deest;</strong></span> 
     </span>
    </p>
   </div>
   <div class='ocr_carea' id='block_1_112' title="bbox 356 5281 2044 5376">
    <p class='ocr_par' dir='ltr' id='par_1_112' title="bbox 356 5281 2026 5376">
     <span class='ocr_line' id='line_1_112' title="bbox 356 5281 2026 5376; baseline 0.007 -36"><span class='ocrx_word' id='word_1_819' title='bbox 356 5285 550 5376; x_wconf 75' lang='grc' dir='ltr'>ῦπαγε,</span> <span class='ocrx_word' id='word_1_820' title='bbox 613 5287 710 5347; x_wconf 83' lang='grc' dir='ltr'><strong>ὅσα</strong></span> <span class='ocrx_word' id='word_1_821' title='bbox 765 5291 910 5371; x_wconf 71' lang='grc' dir='ltr'>ἔχεις</span> <span class='ocrx_word' id='word_1_822' title='bbox 969 5295 1246 5370; x_wconf 85' lang='grc' dir='ltr'>πώλησον,</span> <span class='ocrx_word' id='word_1_823' title='bbox 1312 5281 1412 5353; x_wconf 83' lang='grc' dir='ltr'><strong>καὶ</strong></span> <span class='ocrx_word' id='word_1_824' title='bbox 1475 5295 1559 5362; x_wconf 82' lang='grc' dir='ltr'><strong>δὸς</strong></span> <span class='ocrx_word' id='word_1_825' title='bbox 1617 5310 1892 5376; x_wconf 79' lang='grc' dir='ltr'>πτωχοῖς,</span> <span class='ocrx_word' id='word_1_826' title='bbox 1938 5281 2026 5352; x_wconf 68' lang='grc' dir='ltr'><strong>καῖ</strong></span> 
     </span>
    </p>
   </div>
   <div class='ocr_carea' id='block_1_113' title="bbox 2131 5281 3764 5376">
    <p class='ocr_par' dir='ltr' id='par_1_113' title="bbox 2131 5281 3764 5376">
     <span class='ocr_line' id='line_1_113' title="bbox 2131 5281 3764 5376; baseline 0.002 -25"><span class='ocrx_word' id='word_1_827' title='bbox 2131 5289 2227 5364; x_wconf 75' lang='lat' dir='ltr'><strong>ibi,</strong></span> <span class='ocrx_word' id='word_1_828' title='bbox 2262 5303 2630 5370; x_wconf 84' lang='lat' dir='ltr'><strong>quaecunque</strong></span> <span class='ocrx_word' id='word_1_829' title='bbox 2661 5281 2848 5376; x_wconf 82' lang='lat' dir='ltr'><strong>habes</strong></span> <span class='ocrx_word' id='word_1_830' title='bbox 2879 5284 3094 5376; x_wconf 82' lang='lat' dir='ltr'><strong>vende,</strong></span> <span class='ocrx_word' id='word_1_831' title='bbox 3131 5294 3188 5347; x_wconf 90' lang='lat' dir='ltr'><strong>et</strong></span> <span class='ocrx_word' id='word_1_832' title='bbox 3220 5287 3295 5349; x_wconf 93' lang='lat' dir='ltr'><strong>da</strong></span> <span class='ocrx_word' id='word_1_833' title='bbox 3317 5291 3680 5371; x_wconf 86' lang='lat' dir='ltr'><strong>pauperibus</strong></span> <span class='ocrx_word' id='word_1_834' title='bbox 3703 5301 3764 5356; x_wconf 89' lang='lat' dir='ltr'><strong>et</strong></span> 
     </span>
    </p>
   </div>
   <div class='ocr_carea' id='block_1_114' title="bbox 362 5371 2044 5465">
    <p class='ocr_par' dir='ltr' id='par_1_114' title="bbox 362 5371 2020 5465">
     <span class='ocr_line' id='line_1_114' title="bbox 362 5371 2020 5465; baseline 0.001 -26"><span class='ocrx_word' id='word_1_835' title='bbox 362 5373 495 5465; x_wconf 64' lang='grc' dir='ltr'>ἕξεις</span> <span class='ocrx_word' id='word_1_836' title='bbox 546 5380 809 5458; x_wconf 83' lang='grc' dir='ltr'>θησαυρὸν</span> <span class='ocrx_word' id='word_1_837' title='bbox 869 5387 923 5437; x_wconf 78' lang='grc' dir='ltr'><strong>ἐν</strong></span> <span class='ocrx_word' id='word_1_838' title='bbox 960 5388 1184 5461; x_wconf 84' lang='grc' dir='ltr'>οὐρανῷ,</span> <span class='ocrx_word' id='word_1_839' title='bbox 1234 5387 1322 5442; x_wconf 88' lang='grc' dir='ltr'><strong>καὶ</strong></span> <span class='ocrx_word' id='word_1_840' title='bbox 1375 5386 1521 5465; x_wconf 86' lang='grc' dir='ltr'>δεῦρο</span> <span class='ocrx_word' id='word_1_841' title='bbox 1574 5371 1847 5442; x_wconf 76' lang='grc' dir='ltr'>ἀκολοῦθει</span> <span class='ocrx_word' id='word_1_842' title='bbox 1906 5407 2020 5465; x_wconf 81' lang='grc' dir='ltr'>μοι,</span> 
     </span>
    </p>
   </div>
   <div class='ocr_carea' id='block_1_115' title="bbox 2131 5371 3756 5465">
    <p class='ocr_par' dir='ltr' id='par_1_115' title="bbox 2131 5371 3756 5465">
     <span class='ocr_line' id='line_1_115' title="bbox 2131 5371 3756 5465; baseline 0.002 -24"><span class='ocrx_word' id='word_1_843' title='bbox 2131 5377 2353 5442; x_wconf 77' lang='lat' dir='ltr'><strong>labebis</strong></span> <span class='ocrx_word' id='word_1_844' title='bbox 2409 5377 2753 5438; x_wconf 90' lang='lat' dir='ltr'><strong>thesaurum</strong></span> <span class='ocrx_word' id='word_1_845' title='bbox 2784 5371 2843 5432; x_wconf 90' lang='lat' dir='ltr'><strong>in</strong></span> <span class='ocrx_word' id='word_1_846' title='bbox 2877 5373 3050 5465; x_wconf 65' lang='lat' dir='ltr'><strong>coelo,</strong></span> <span class='ocrx_word' id='word_1_847' title='bbox 3104 5384 3161 5438; x_wconf 90' lang='lat' dir='ltr'><strong>et</strong></span> <span class='ocrx_word' id='word_1_848' title='bbox 3185 5379 3324 5439; x_wconf 89' lang='lat' dir='ltr'><strong>veni</strong></span> <span class='ocrx_word' id='word_1_849' title='bbox 3354 5397 3603 5461; x_wconf 84' lang='lat' dir='ltr'><strong>sequere</strong></span> <span class='ocrx_word' id='word_1_850' title='bbox 3637 5399 3756 5458; x_wconf 87' lang='lat' dir='ltr'><strong>me,</strong></span> 
     </span>
    </p>
   </div>
   <div class='ocr_carea' id='block_1_116' title="bbox 358 5460 2044 5554">
    <p class='ocr_par' dir='ltr' id='par_1_116' title="bbox 358 5460 2022 5554">
     <span class='ocr_line' id='line_1_116' title="bbox 358 5460 2022 5554; baseline 0.018 -35"><span class='ocrx_word' id='word_1_851' title='bbox 358 5460 491 5554; x_wconf 72' lang='grc' dir='ltr'>ἄρας</span> <span class='ocrx_word' id='word_1_852' title='bbox 547 5468 640 5523; x_wconf 84' lang='grc' dir='ltr'><strong>τὸν</strong></span> <span class='ocrx_word' id='word_1_853' title='bbox 702 5472 947 5549; x_wconf 75' lang='grc' dir='ltr'>σταυρόν.</span> <span class='ocrx_word' id='word_1_854' title='bbox 1019 5466 1074 5532; x_wconf 69' lang='grc' dir='ltr'><strong>ιΟ</strong></span> <span class='ocrx_word' id='word_1_855' title='bbox 1134 5473 1187 5531; x_wconf 76' lang='grc' dir='ltr'>δὲ</span> <span class='ocrx_word' id='word_1_856' title='bbox 1244 5460 1538 5554; x_wconf 60' lang='grc' dir='ltr'>στυγνάέας</span> <span class='ocrx_word' id='word_1_857' title='bbox 1593 5476 1679 5532; x_wconf 68' lang='grc' dir='ltr'><strong>ἒπῖ</strong></span> <span class='ocrx_word' id='word_1_858' title='bbox 1735 5482 1811 5549; x_wconf 76' lang='grc' dir='ltr'>τῷ</span> <span class='ocrx_word' id='word_1_859' title='bbox 1853 5460 2022 5554; x_wconf 57' lang='grc' dir='ltr'>λόγφζ</span> 
     </span>
    </p>
   </div>
   <div class='ocr_carea' id='block_1_117' title="bbox 2131 5460 3758 5554">
    <p class='ocr_par' dir='ltr' id='par_1_117' title="bbox 2131 5460 3758 5554">
     <span class='ocr_line' id='line_1_117' title="bbox 2131 5460 3758 5554; baseline 0.006 -30"><span class='ocrx_word' id='word_1_860' title='bbox 2131 5468 2334 5531; x_wconf 90' lang='lat' dir='ltr'><strong>.ublata</strong></span> <span class='ocrx_word' id='word_1_861' title='bbox 2359 5467 2418 5528; x_wconf 91' lang='lat' dir='ltr'><strong>in</strong></span> <span class='ocrx_word' id='word_1_862' title='bbox 2451 5467 2732 5554; x_wconf 66' lang='lat' dir='ltr'><strong>humeros</strong></span> <span class='ocrx_word' id='word_1_863' title='bbox 2758 5480 2959 5554; x_wconf 76' lang='lat' dir='ltr'><strong>cruce.</strong></span> <span class='ocrx_word' id='word_1_864' title='bbox 2989 5463 3063 5526; x_wconf 83' lang='lat' dir='ltr'><strong>At</strong></span> <span class='ocrx_word' id='word_1_865' title='bbox 3086 5465 3188 5528; x_wconf 92' lang='lat' dir='ltr'><strong>ille</strong></span> <span class='ocrx_word' id='word_1_866' title='bbox 3213 5460 3485 5532; x_wconf 84' lang='lat' dir='ltr'><strong>molestia</strong></span> <span class='ocrx_word' id='word_1_867' title='bbox 3506 5470 3758 5535; x_wconf 73' lang='lat' dir='ltr'><strong>allectus</strong></span> 
     </span>
    </p>
   </div>
   <div class='ocr_carea' id='block_1_118' title="bbox 355 5550 2044 5646">
    <p class='ocr_par' dir='ltr' id='par_1_118' title="bbox 355 5550 2018 5646">
     <span class='ocr_line' id='line_1_118' title="bbox 355 5550 2018 5646; baseline 0.006 -38"><span class='ocrx_word' id='word_1_868' title='bbox 355 5552 595 5646; x_wconf 35' lang='grc' dir='ltr'>ἀπῆλθε-</span> <span class='ocrx_word' id='word_1_869' title='bbox 622 5561 982 5646; x_wconf 67' lang='grc' dir='ltr'>Αυπούμενος,</span> <span class='ocrx_word' id='word_1_870' title='bbox 1027 5563 1093 5631; x_wconf 78' lang='grc' dir='ltr'>ἧν</span> <span class='ocrx_word' id='word_1_871' title='bbox 1147 5565 1247 5643; x_wconf 81' lang='grc' dir='ltr'><strong>γὰρ</strong></span> <span class='ocrx_word' id='word_1_872' title='bbox 1301 5550 1446 5646; x_wconf 54' lang='grc' dir='ltr'>ἔχων</span> <span class='ocrx_word' id='word_1_873' title='bbox 1476 5567 1726 5640; x_wconf 86' lang='grc' dir='ltr'>κτήματα</span> <span class='ocrx_word' id='word_1_874' title='bbox 1757 5550 1951 5625; x_wconf 42' lang='grc' dir='ltr'>πολλά,</span> <span class='ocrx_word' id='word_1_875' title='bbox 1991 5550 2018 5618; x_wconf 72' lang='lat'><strong>.&#39;</strong></span> 
     </span>
    </p>
   </div>
   <div class='ocr_carea' id='block_1_119' title="bbox 2131 5550 3760 5646">
    <p class='ocr_par' dir='ltr' id='par_1_119' title="bbox 2131 5550 3760 5646">
     <span class='ocr_line' id='line_1_119' title="bbox 2131 5550 3760 5646; baseline 0.002 -26"><span class='ocrx_word' id='word_1_876' title='bbox 2131 5577 2213 5622; x_wconf 66' lang='lat' dir='ltr'><strong>ter</strong></span> <span class='ocrx_word' id='word_1_877' title='bbox 2245 5572 2610 5633; x_wconf 88' lang='lat' dir='ltr'><strong>sermonem,</strong></span> <span class='ocrx_word' id='word_1_878' title='bbox 2642 5550 2988 5646; x_wconf 78' lang='lat' dir='ltr'><strong>discedebat</strong></span> <span class='ocrx_word' id='word_1_879' title='bbox 3014 5573 3297 5646; x_wconf 84' lang='lat' dir='ltr'><strong>moerens;</strong></span> <span class='ocrx_word' id='word_1_880' title='bbox 3325 5557 3581 5622; x_wconf 89' lang='lat' dir='ltr'><strong>habebat</strong></span> <span class='ocrx_word' id='word_1_881' title='bbox 3596 5560 3760 5624; x_wconf 88' lang='lat' dir='ltr'><strong>enim</strong></span> 
     </span>
    </p>
   </div>
   <div class='ocr_carea' id='block_1_120' title="bbox 365 5641 2044 5732">
    <p class='ocr_par' dir='ltr' id='par_1_120' title="bbox 365 5642 2021 5729">
     <span class='ocr_line' id='line_1_120' title="bbox 365 5642 2021 5729; baseline 0.004 -28"><span class='ocrx_word' id='word_1_882' title='bbox 365 5643 520 5710; x_wconf 83' lang='grc' dir='ltr'>Τινὶς</span> <span class='ocrx_word' id='word_1_883' title='bbox 575 5642 914 5705; x_wconf 78' lang='grc' dir='ltr'>διαϐάλλουσι</span> <span class='ocrx_word' id='word_1_884' title='bbox 975 5653 1063 5708; x_wconf 78' lang='grc' dir='ltr'>τὸν</span> <span class='ocrx_word' id='word_1_885' title='bbox 1119 5653 1390 5712; x_wconf 76' lang='grc' dir='ltr'>νεανίσκον</span> <span class='ocrx_word' id='word_1_886' title='bbox 1465 5660 1672 5729; x_wconf 84' lang='grc' dir='ltr'><strong>τοῦτον⁹</strong></span> <span class='ocrx_word' id='word_1_887' title='bbox 1732 5655 1804 5719; x_wconf 84' lang='grc' dir='ltr'>ὡς</span> <span class='ocrx_word' id='word_1_888' title='bbox 1854 5651 2021 5708; x_wconf 76' lang='grc' dir='ltr'>ὕπου-</span> 
     </span>
    </p>
   </div>
   <div class='ocr_carea' id='block_1_121' title="bbox 2131 5641 3761 5732">
    <p class='ocr_par' dir='ltr' id='par_1_121' title="bbox 2131 5641 3761 5715">
     <span class='ocr_line' id='line_1_121' title="bbox 2131 5641 3761 5715; baseline 0.002 -3"><span class='ocrx_word' id='word_1_889' title='bbox 2131 5646 2518 5712; x_wconf 72' lang='grc' dir='ltr'>ιοεεεεείοιιοε</span> <span class='ocrx_word' id='word_1_890' title='bbox 2542 5642 2778 5705; x_wconf 91' lang='lat' dir='ltr'><strong>multas.</strong></span> <span class='ocrx_word' id='word_1_891' title='bbox 2818 5666 2842 5698; x_wconf 75' lang='grc' dir='ltr'><strong>ι</strong></span> <span class='ocrx_word' id='word_1_892' title='bbox 2879 5641 3129 5715; x_wconf 83' lang='lat' dir='ltr'><strong>Quidam</strong></span> <span class='ocrx_word' id='word_1_893' title='bbox 3163 5652 3362 5712; x_wconf 85' lang='lat' dir='ltr'><strong>taxant</strong></span> <span class='ocrx_word' id='word_1_894' title='bbox 3401 5649 3761 5715; x_wconf 81' lang='lat' dir='ltr'><strong>adolescen-</strong></span> 
     </span>
    </p>
   </div>
  </div>
