4154 6298
374 323 509 390 599
1353 335 1949 398 THEOPHYLACTI
1988 336 2398 399 BULGARLE
2440 338 2798 404 ARCHIEP.
3656 334 3780 405 600

392 467 515 523 tem
546 460 717 554 illum
749 470 811 526 et
830 463 1146 554 subdolum
1174 476 1235 529 et
1265 468 1485 529 malum
1510 476 1568 530 et
1589 470 2047 533 tentatorem.At

2134 467 2221 526 λόν
2262 472 2381 527 τινὰ
2434 473 2521 529 καὶ
2571 475 2803 554 πονηρὰν
2848 476 2935 532 καὶ
2990 476 3355 554 πειραστικόν,
3391 477 3500 533 Οὐκ
3556 472 3666 529 ἔστι
3723 468 3780 525 δὲ

392 566 516 644 non
547 550 629 644 ita
649 570 839 644 seres
859 553 1173 644 habet,sed
1205 555 1446 619 amabat
1474 556 1729 633 divitias,
1765 578 1883 621 non
1907 568 2042 621 ten-

2134 565 2279 616 τοῦτο
2312 575 2326 590 ⁸
2383 560 2518 618 ἀλλὰ
2562 550 2969 644 φιλοχρήματος
3026 550 3124 640 μέν
3159 568 3185 621 6
3234 564 3529 644 ἅνθρωπος,
3565 565 3625 620 οὗ
3652 581 3778 617 πει-

394 638 576 703 tabat.
598 642 755 704 Audi
785 643 943 705 enim
978 645 1422 733 evangelistam,
1458 648 1613 728 quod
1636 667 1771 709 cum
1802 649 2047 711 intuitus

2134 649 2325 727 ραιστὴς
2381 649 2457 711 δέ.
2538 649 2749 709 ’Ἄκουε
2835 654 2934 733 γὰρ
3017 665 3111 713 τοῦ
3194 653 3597 733 εὐαγγελιστοῦ,
3697 650 3779 708 ὅτι

394 736 555 791 esset
584 748 721 822 eum
751 733 948 822 Jesus,
978 732 1253 796 dilexerit
1294 735 1487 798 illum.
1521 736 1713 809 Quare
1743 737 1921 815 igitur
1960 740 2047 801 sic

2134 735 2399 814 ἐμϐλέψας
2454 740 2596 815 αὖτῷ
2653 745 2680 799 ὁ
2750 732 2983 822 Ἰησοῦς,
3042 732 3557 821 ὖγάπησεναῦτόν,
3632 736 3781 796 Auri

394 820 705 900 respondit
726 821 785 883 ei
807 821 1074 885 Christus
1091 824 1319 888 dicens:
1352 824 1561 888 Nullus
1578 824 1956 900 bonus?Quia
1973 830 2046 892 ad

392 906 597 989 ipsum
645 921 980 975 accesserat
1038 921 1313 996 tanquam
1369 914 1442 976 ad
1502 915 1831 991 hominem,
1868 928 1927 980 et
1972 918 2044 980 ad

396 1015 587 1061 unum
619 1018 690 1062 ex
727 1002 1050 1079 magistris.
1082 1006 1298 1068 Dicere
1327 1007 1484 1067 enim
1516 1005 1638 1067 vult
1664 1006 1951 1070 Christus:
1986 1009 2046 1072 Si

394 1087 642 1169 quidem
668 1097 731 1152 ut
751 1092 1100 1171 magistrum
1124 1102 1293 1173 putas
1316 1113 1411 1155 me
1432 1113 1465 1156 e
1505 1113 1571 1156 se
1594 1097 2047 1171 honum,nullus

394 1175 576 1239 homo
607 1177 824 1261 bonus,
857 1182 906 1242 si
937 1201 1071 1243 cum
1102 1182 1223 1245 Deo
1255 1184 1614 1261 conferatur,
1643 1187 1736 1247 sin
1766 1194 1830 1247 ut
1856 1186 2045 1249 Deum

395 1283 496 1328 me
526 1265 749 1329 bonum
783 1287 915 1331 esse
944 1289 1179 1353 censes,
1202 1273 1548 1353 quidigitur
1579 1275 1922 1353 magistrum
1950 1296 2046 1359 me

392 1356 603 1418 vocas?
619 1356 691 1419 Et
713 1358 794 1420 ita
811 1359 1010 1422 verbis
1042 1360 1173 1425 istis
1197 1362 1465 1425 Christus
1490 1371 1751 1425 mentem
1791 1356 2046 1427 hominis

393 1444 560 1535 illius
594 1446 1008 1512 sublimiorem
1040 1451 1295 1513 reddere
1323 1452 1463 1527 vult,
1510 1460 1574 1513 ut
1601 1453 1730 1531 ipse
1766 1461 2044 1535 tanquam

2130 829 2218 883 οὖν
2275 828 2411 885 οὕτω
2453 833 2581 907 πρὸς
2618 833 2773 888 αὐτὸν
2816 833 3128 909 ἀπεκρίνατο
3158 835 3184 889 ὁ
3244 834 3492 912 Χριστὸς,
3555 830 3725 908 λέγων
3760 845 3773 858 ·

2131 913 2306 979 Οὐδεὶς
2382 918 2628 996 ἆγαθόςς
2702 920 2919 989 Ἐπειδὴ
2989 923 3061 984 ὡς
3142 922 3400 999 ἀνθρώπῷ
3482 917 3776 995 προσῆλθε,

2129 1006 2215 1060 καὶ
2270 1007 2342 1069 ὡς
2425 1007 2500 1065 ἑνὶ
2568 1016 2674 1065 τῶν
2747 1009 2959 1067 πολλῶν
3046 1007 3397 1072 διδασκάλων,
3445 1016 3611 1067 Τοῦτο
3680 1009 3779 1085 γὰρ

2130 1092 2273 1170 λέγει
2331 1098 2359 1151 6
2416 1100 2639 1176 Χριστός
2676 1117 2688 1130 ·
2741 1098 2864 1156 Ἐὰν
2923 1100 3021 1175 μὲν
3064 1101 3138 1161 ὡς
3196 1097 3506 1155 διδάσκαλον
3551 1098 3777 1172 νομίζεις

2130 1203 2195 1258 με
2239 1184 2383 1240 εἴναι
2426 1186 2643 1265 ἀγαθὸν,
2705 1187 2868 1254 οὐδεὶς
2914 1188 3187 1267 ἄνθρωπος
3244 1188 3463 1263 ἀγαθὸς,
3513 1189 3587 1250 ὡς
3650 1190 3777 1265 πρὸς

2128 1272 2398 1350 σύγκρισιν
2428 1279 2519 1332 106
2548 1284 2680 1336 Θεοῦ
2715 1297 2726 1310 ·
2790 1280 2878 1335 εὰν
2926 1276 2981 1333 δὲ
3011 1280 3084 1341 ὡς
3119 1279 3246 1334 Θεὸν
3277 1278 3506 1353 νομίζεις
3539 1298 3605 1353 με
3637 1277 3780 1332 εἶναι

2128 1362 2345 1439 ἀγαθὸν,
2400 1365 2449 1420 τί
2507 1364 2693 1424 λοιπὸν
2751 1366 3064 1424 διδάσκαλόν
3110 1388 3179 1442 με
3216 1368 3538 1445 ὀνομάζεις;
3602 1356 3780 1420 Ηεὶστε

2127 1458 2280 1508 τοῦτο
2340 1450 2423 1509 διὰ
2480 1461 2586 1510 τῶν
2628 1457 2883 1533 ῥημάτων
2941 1456 3138 1512 τούτων
3198 1458 3226 1511 ὁ
3272 1456 3495 1533 Χριστὸς
3539 1452 3781 1529 βούλεται

393 1533 556 1643 Deus
584 1546 958 1643 agnoscatur.
992 1540 1121 1643 sed
1160 1547 1224 1602 et
1270 1541 1427 1643 aliud
1460 1541 1743 1643 quiddam
1776 1533 2041 1625 corrigit,

2134 1540 2209 1612 16,
2255 1541 2590 1622 ὑψηλοτέραν
2645 1550 2870 1612 ποιῆσαι
2926 1546 3025 1613 τὴν
3069 1552 3160 1602 τοῦ
3207 1544 3480 1622 ἀνθρώπου
3522 1541 3777 1615 διάνοιαν,

372 1622 667 1686 docendo
695 1625 863 1689 illum
884 1645 960 1691 ne
989 1629 1264 1691 aduletur
1288 1630 1381 1692 his
1413 1622 1546 1693 cum
1566 1631 1784 1712 quibus
1804 1622 2047 1695 conver-

2134 1631 2258 1709 πρὸς
2301 1633 2362 1687 τὸ
2392 1631 2678 1711 ἐπιγνῶναι
2736 1634 2895 1691 αὐτὸν
2947 1637 3020 1698 ὡς
3078 1636 3229 1692 Θεόν.
3291 1630 3455 1690 Ἀλλὰ
3511 1633 3596 1689 καὶ
3650 1629 3782 1687 ἄλλο

392 1720 630 1775 saturus
652 1717 899 1809 est,_sed
931 1717 1194 1809 radicem
1226 1717 1572 1809 fontemque
1603 1719 1882 1783 bonitatis
1902 1723 2047 1791 sciat

2134 1741 2179 1774 τι
2263 1725 2538 1802 κατορθοῖ,
2607 1724 2667 1780 τὸ
2728 1722 2926 1789 διδάξαι
2982 1726 3161 1797 αὺτὸν,
3245 1720 3369 1779 ὅταν
3430 1723 3529 1777 τινὶ
3609 1718 3781 1796 μέλλῃ

394 1806 612 1879 Deum,
641 1807 737 1866 cui
767 1806 960 1867 honor
1003 1806 1357 1879 tribuendus
1388 1816 1499 1872 est.
1526 1808 1804 1872 Admiror
1843 1821 2043 1874 autem

2134 1808 2417 1890 ὁμιλῆσαι,
2465 1813 2542 1886 μὴ
2601 1811 2989 1879 κολακευτικῶς
3040 1811 3278 1888 ὁμιλεῖν,
3330 1809 3467 1869 ἀλλὰ
3497 1811 3592 1879 τὴν
3641 1810 3781 1887 ῥίζαν

389 1891 857 1981 adolescentem,
888 1896 1044 1977 quod
1068 1916 1202 1957 cum
1222 1896 1323 1959 alii
1350 1897 1616 1979 plerique
1640 1901 2041 1965 sanandorum

2134 1900 2214 1954 καὶ
2242 1901 2338 1967 τὴν
2369 1902 2549 1979 πηγὴν
2580 1908 2678 1969 τῆς
2734 1903 3082 1981 ἆγαθότητος,
3132 1899 3316 1957 ειδέναι
3375 1901 3465 1956 τὸν
3495 1901 3648 1973 Θεὸν,
3693 1902 3780 1955 καὶ

392 1980 735 2045 morborum
758 1984 945 2062 gratia
964 1985 1348 2067 accesserint,
1372 1986 1473 2049 ille
1492 1988 1624 2049 vitae
1647 1996 1887 2052 aeterna;
1916 1992 2040 2054 hae-

389 2072 701 2134 reditatem
733 2073 1060 2156 quaesierit,
1095 2078 1329 2155 tametsi
1392 2077 1740 2155 gravissimo
1772 2081 2044 2144 avaritia;

391 2159 601 2223 morbo
624 2169 952 2225 teneretur:
965 2175 1205 2245 propter
1222 2165 1379 2244 quod
1395 2184 1530 2227 cum
1555 2166 2039 2248 audisset,Vade,

390 2251 674 2328 vende,et
693 2252 767 2314 da
790 2253 1326 2334 pauperibus,abiit
1348 2255 1585 2317 tristitia
1607 2258 2042 2325 atfectus.Vide

391 2349 591 2404 autem
617 2341 773 2423 quod
796 2363 913 2405 non
930 2343 1813 2427 dixerit,Vade,etquaecunque
1833 2350 2039 2428 habes,

393 2431 787 2511 particulatim
816 2433 1100 2508 vende,et
1129 2433 1204 2495 da
1236 2450 1250 2496 :
1284 2432 1630 2514 sed,Vende
1660 2438 1942 2515 semel,et
1970 2442 2045 2503 da

393 2520 1116 2602 pauperibus,inquit,sed
1152 2542 1270 2584 non
1300 2522 1713 2586 adulatoribus
1736 2535 1796 2587 et
1817 2529 2041 2591 interno

393 2609 893 2691 peratis.1nsuper
910 2612 1106 2675 ethoc
1125 2611 1288 2673 dicit:
1314 2612 1491 2693 Veni,
1518 2631 1773 2694 se1uere
1805 2619 2043 2695 me,hoc

394 2706 508 2774 est,
540 2706 599 2761 et
652 2718 891 2761 omnem
948 2699 1126 2762 aliam
1188 2700 1461 2763 virtutem
1491 2704 1853 2783 amplexare.
1881 2707 2041 2770 Multi

395 2787 556 2850 enim
580 2806 874 2870 pauperes
890 2798 1049 2869 sunt,
1084 2789 1187 2851 sed
1213 2809 1330 2851 non
1358 2792 1609 2853 humiles
1636 2815 1647 2851 :
1676 2795 1763 2855 vel
1786 2797 1896 2857 etsi
1930 2799 2042 2860 hu-

394 2876 719 2951 miles,non
751 2885 948 2941 tamen
972 2878 1291 2951 sobrii,sed
1317 2878 1493 2956 ebrii,
1520 2882 1611 2942 vel
1645 2884 1762 2944 alio
1788 2886 2043 2964 quodam

394 2965 935 3047 maloimpliciti.Et
958 2976 1269 3049 propterea
1293 2969 1585 3031 Dominus
1607 2971 1751 3033 dicit
1776 2990 1790 3036 :
1814 2973 2042 3052 Vende,

2128 1990 2268 2063 αὑτῷ
2325 1991 2419 2055 τὰς
2474 1992 2631 2065 τιμὰς
2690 1991 2990 2071 ἀναφέρειν,
3058 1992 3318 2067 Θαυμάζω
3360 1989 3416 2045 δὲ
3457 1991 3546 2046 τὸν
3605 1990 3779 2044 νεανί-

2125 2100 2251 2134 σκον
2306 2086 2513 2154 τοῦτον,
2571 2079 2652 2137 ὅτι
2708 2088 2815 2137 τῶν
2871 2080 3047 2137 ἄλλων
3096 2081 3342 2137 ἁπάντων
3386 2080 3504 2158 περὶ
3534 2080 3780 2153 νοσημά-

2125 2190 2230 2224 των
2314 2172 2595 2247 θεραπείας
2679 2171 3030 2248 προσιόντων,
3100 2171 3256 2233 αὒτὸς
3344 2170 3485 2240 ζωῆς
3571 2169 3779 2224 αἰωνίου

2128 2256 2485 2336 κληρονομίαν
2541 2268 2720 2340 ζητεῖ,
2765 2262 2809 2315 εἰ
2863 2262 2951 2316 καὶ
3006 2261 3159 2316 πάθει
3210 2258 3491 2340 δεινοτάτῳ
3532 2262 3600 2332 τῇ
3655 2254 3780 2337 φιλ-

2128 2347 2343 2424 αργυρίᾳ
2394 2339 2711 2427 κατείχετο,
2762 2346 2829 2404 δι’
2887 2349 2952 2417 ἣν
3024 2349 3276 2418 ἀκούσας,
3353 2339 3599 2427 ἿΓπαγε,
3646 2347 3781 2427 ,πώ-

2126 2431 2315 2508 ληᾱον,
2370 2438 2459 2491 καὶ
2514 2426 2601 2500 δδς
2661 2450 2939 2517 πτωχοῖς,
2972 2437 3177 2504 ἀπῆλθε
3229 2434 3579 2511 λυπούμενος,
3640 2426 3783 2512 μΟρα

2126 2520 2204 2597 δὲ,
2258 2525 2352 2579 οὐκ
2406 2524 2584 2605 εἶπεν,
2638 2524 2717 2581 ὅτι
2785 2520 3026 2604 ἰ’παγε,
3082 2525 3181 2582 ὅσα
3218 2525 3365 2606 ἔχεις
3420 2523 3588 2580 πώλει
3646 2525 3782 2581 κατὰ

2126 2610 2285 2686 μέρος
2334 2613 2420 2668 καὶ
2462 2611 2619 2687 δίδου,
2680 2614 2817 2671 ἀλλὰ
2858 2614 3111 2682 πωλησον
3164 2615 3268 2671 ἀπὸ
3311 2620 3458 2692 μιᾶς,
3520 2613 3608 2667 καὶ
3663 2610 3775 2685 δὸς,

2125 2699 2264 2756 ἀλλὰ
2294 2717 2570 2783 πτωχοῖς,
2633 2702 2769 2760 ἀλλὰ
2825 2706 2902 2779 μὴ
2947 2703 3127 2770 κόλαξι
3181 2705 3266 2759 καὶ
3318 2702 3573 2763 ἀσώτοις,
3610 2700 3777 2756 Ἀλλὰ

2126 2791 2215 2844 καὶ
2257 2788 2427 2867 δεῦρο,
2490 2792 2764 2850 ἀκολούθει
2823 2818 2944 2869 μοι,
3002 2793 3255 2867 τουτέστι,
3301 2795 3389 2848 καὶ
3443 2791 3539 2856 τὴν
3596 2788 3772 2855 ἄλλην

2130 2878 2340 2936 ἅπασαν
2380 2881 2571 2959 ἀρετὴν
2628 2882 2864 2958 μέτελθε.
2934 2882 3125 2939 Πολλοὶ
3180 2883 3277 2960 γὰρ
3330 2880 3627 2953 ἂκτήμονες
3674 2877 3772 2952 μέν

2130 2969 2281 3038 εἰσιν,
2318 2970 2375 3024 οὗ
2405 2974 2812 3052 ταπεινόφρονες
2863 2970 2940 3045 δὲ,
2987 2972 3021 3039 ἢ
3071 2973 3157 3027 καὶ
3190 2969 3592 3047 ταπεινόφρονες
3650 2966 3774 3044 μὲν,

393 3063 456 3118 et
481 3055 559 3117 da
589 3055 971 3138 pauperibus,
1014 3065 1075 3118 et
1120 3075 1376 3137 sequere
1427 3078 1544 3133 me,
1581 3061 1809 3125 sublata
1836 3083 2036 3141 cruce,

2134 3055 2263 3112 ἀλλὰ
2324 3058 2599 3133 μέθυσοιῆ
2659 3060 2788 3119 ἄλλο
2844 3085 2893 3118 τι
2955 3062 3116 3117 κακὸν
3177 3059 3420 3139 ἔχοντες.
3479 3057 3577 3111 Διὰ
3622 3057 3782 3111 τοῦτο

392 3144 503 3249 hoc
532 3153 642 3221 est,
675 3153 1000 3249 praeparato
1032 3146 1222 3227 teipso
1266 3166 1394 3249 pro.
1425 3167 1519 3210 me
1549 3150 2042 3249 ad_mor_t_er_n.‘At

2134 3147 2209 3201 36v
2257 3149 2283 3202 ὁ
2318 3149 2503 3226 Κύριος
2545 3148 2687 3228 λέγει
2726 3170 2739 3183 '
2774 3150 3058 3223 Πώλησον,
3106 3151 3193 3205 καὶ
3236 3146 3323 3211 δὸς
3370 3157 3649 3223 πτωχοῖς,
3694 3148 3788 3201 καὶ

394 3233 518 3310 hic,
552 3241 795 3297 mmstus
828 3234 919 3335 .ob
949 3253 1312 3337 sermonem“
1334 3236 1524 3337 illum,
1557 3239 2041 3337 abiitailabebat

2134 3233 2400 3292 Ξκολούθει
2447 3259 2563 3317 μοι,
2623 3237 2750 3314 ἄρας
2827 3242 2917 3295 τὸν
2994 3240 3238 3316 σταυρὸν,
3309 3233 3572 3332 τουτέστι,
3651 3233 3780 3310 πρὸς

2134 3324 2187 3337 ..
2425 3328 2435 3337 .
2549 3328 2631 3337 ..
2730 3329 2743 3337 .
2916 3329 2929 3337 .
3086 3329 3095 3337 ,
3428 3324 3437 3337 .
3582 3331 3605 3337 η
3707 3319 3746 3337 ε,

395 3325 556 3389 enim
584 3324 995 3406 possessiones
1017 3324 1614 3431 multasdilecfrustra
1633 3329 2037 3407 addidit,mul-

2134 3324 2345 3380 ὶοίνατον
2391 3328 2481 3382 τὸν
2544 3328 2674 3405 ὑπὲρ
2728 3329 2857 3403 ἐμοῦ
2913 3329 3199 3403 ἑτοιμάσας
3249 3324 3491 3426 σεαυτόν.
3557 3319 3614 3379 Ὀ
3701 3319 3780 3395 δὲ,

2312 3416 2321 3431 Ι
2493 3416 2506 3431 9
2558 3420 2569 3431 ι
2670 3425 2694 3431 ..
2787 3418 2801 3429 ι
2838 3420 2847 3431 ι
3012 3420 3022 3431 υ
3080 3416 3172 3431 -ἏΑ
3334 3422 3376 3431 ν-
3524 3415 3536 3430 \
3636 3411 3657 3431 ἰ
3761 3420 3780 3431 ι,

397 3421 487 3477 tas
520 3430 535 3474 :
569 3432 689 3475 non
713 3413 871 3475 enim
907 3413 1184 3475 similiter
1224 3414 1541 3493 alligantur
1569 3417 1626 3478 hi
1658 3419 1758 3499 qui
1793 3424 2036 3484 multum

2134 3416 2425 3492 στυγνάσας
2489 3416 2575 3473 ἐπὶ
2630 3425 2705 3492 τῷ
2787 3418 2953 3497 λόγῳ,
3000 3416 3258 3485 ἀπῆλθεν.
3319 3413 3411 3471 Ἠν
3481 3415 3580 3491 γὰρ
3636 3413 3787 3491 ἔχων

396 3510 458 3592 et
478 3501 540 3564 hi
571 3504 671 3583 qui
702 3520 909 3592 parum
961 3503 1293 3583 possident.
1326 3504 1637 3566 Difﬁcilius
1681 3510 1839 3569 enim
1863 3528 2045 3592 expe-

2134 3506 2379 3579 κτήματα
2428 3506 2601 3562 πολλα
2636 3528 2650 3543 ο
2698 3512 2756 3566 οὗ
2800 3508 2975 3583 μάτην
3024 3505 3077 3561 δὲ
3136 3507 3441 3584 πρόσκειται
3489 3502 3642 3558 10610
3697 3502 3778 3574 16,

396 3591 640 3655 diuntur
660 3591 890 3653 vincula
913 3609 1117 3653 eorum
1146 3593 1245 3672 qui
1272 3593 1457 3654 multa
1479 3595 1805 3674 possident.
1828 3588 2044 3661 Ver-um

2134 3593 2333 3654 πολλά.
2384 3597 2482 3652 Καὶ
2525 3597 2624 3675 γὰρ
2655 3599 2758 3676 οὐχ
2788 3597 2985 3672 ὁμοίιος
3027 3596 3140 3652 θ’ἷτε
3184 3593 3358 3651 πολλὰ
3388 3593 3628 3672 ἔχοντες,
3667 3588 3785 3646 οἵτε

397 3687 461 3743 et
486 3680 539 3741 si
568 3679 704 3760 quis
734 3679 1085 3742 adolescens
1116 3679 1292 3741 fuerit
1322 3682 1573 3759 juvenili
1602 3702 1669 3745 ac
1701 3685 1813 3746 levi
1844 3706 2046 3768 sensu,

400 3777 461 3833 et
490 3769 648 3833 male
674 3768 1011 3850 composita
1060 3777 1284 3849 mente,
1337 3771 1554 3832 vendat
1582 3773 1721 3833 225
1753 3775 2054 3838 facultates

401 3876 561 3935 suas,
595 3866 797 3938 utpote
829 3859 973 3919 iram
1008 3866 1066 3919 et
1098 3859 1741 3939 concupiscentiam,et
1765 3883 2051 3942 quaecun-

400 3967 519 4030 que
548 3964 618 4011 οι
652 3947 744 4009 his
778 3948 933 4009 mala
977 3946 1287 4028 pullulant,
1341 3956 1399 4009 et
1448 3949 1547 4010 det
1594 3970 1663 4013 ea
1712 3971 1781 4014 ac
1812 3954 2054 4035 abjiciat

400 4036 795 4120 pauperibus,
829 4037 941 4098 hoc
974 4045 1065 4098 est
1095 4036 1465 4099 daemonibus
1497 4058 1509 4099 :
1570 4060 1863 4122 pauperes
1894 4044 2052 4105 enim

402 4135 542 4190 sunt
568 4126 851 4208 omnique
884 4124 1095 4206 privati
1126 4125 1307 4201 bono,
1352 4135 1411 4188 et
1457 4129 1809 4192 exciderunt
1835 4132 2056 4195 divitiis

400 4215 684 4280 bonitatis
706 4215 836 4278 Dei:
868 4224 925 4277 et
950 4223 1389 4296 tuncsequatur
1423 4217 1746 4280 Christum.
1774 4222 1921 4283 Nam
1956 4224 2055 4303 qui

2134 3683 2291 3761 ὀλίγα
2322 3686 2671 3765 κατέχονται,
2703 3685 2840 3742 ἀλλὰ
2899 3684 3165 3765 δεινότερα
3208 3685 3296 3739 καὶ
3336 3679 3786 3755 δυσδιαλυτώτερα

2135 3773 2199 3828 τὰ
2230 3770 2394 3846 δεσμὰ
2449 3781 2552 3829 τῶν
2613 3774 2824 3831 πολλῶν
2877 3776 3189 3849 κτήματων.
3252 3770 3419 3828 Ἀλλὰ
3478 3768 3574 3825 κᾶν
3604 3767 3783 3823 νεανί-

2138 3882 2263 3924 σκος
2311 3862 2403 3929 εἴη
2459 3885 2540 3927 τις
2598 3866 2851 3941 νεώτερος
2910 3865 2999 3920 καὶ
3042 3870 3233 3941 κοῦφος
3279 3861 3380 3927 τὴν
3408 3857 3663 3930 διάνοιαν,
3695 3858 3788 3912 καὶ

2137 3951 2215 4025 μὴ
2270 3953 2610 4019 καθεστηκὼς
2668 3955 2761 4017 τὰς
2840 3953 3054 4033 φρένας,
3145 3951 3436 4018 πολησάτω
3492 3948 3558 4002 τὰ
3607 3945 3781 4024 ὑπάρ-

2138 4061 2307 4119 χοντα
2352 4042 2492 4115 αὖτῷ
2528 4062 2544 4077 ⁶
2591 4044 2712 4100 οἷον
2758 4046 2920 4118 θυμὸν
2970 4045 3056 4099 καὶ
3106 4041 3403 4119 ἐπιθυμίαν,
3436 4038 3526 4093 καὶ
3567 4035 3666 4092 ὅσα
3724 4034 3788 4089 ἐκ

2138 4132 2338 4185 τούτων
2382 4132 2520 4186 κακὰ
2577 4134 2817 4212 φύονται,
2871 4139 2958 4188 καὶ
3014 4130 3151 4188 δότω
3204 4130 3369 4184 ταῦτα
3425 4127 3515 4183 καὶ
3559 4122 3784 4201 ἁποῤῥι-

2138 4218 2293 4288 ψάτω
2351 4234 2467 4283 τοῖς
2519 4220 2783 4297 δαίμοσιν,
2864 4222 3059 4284 θ’ἷτινές
3123 4221 3222 4275 εἶσι
3280 4216 3514 4295 πτωχοὶ,
3588 4214 3787 4275 παντὸς

401 4304 635 4368 divitias
657 4313 1033 4386 peccatorum
1056 4304 1425 4386 daemonibus
1446 4305 1935 4391 objecerit,sequi
1960 4332 2047 4391 po-

2138 4307 2479 4386 ἐστερημένοι
2536 4311 2730 4388 ἀγαθοῦ
2796 4313 2884 4366 καὶ
2938 4318 3030 4368 τοῦ
3077 4308 3305 4366 πλούτου
3355 4312 3452 4372 τῆς
3512 4303 3783 4381 ἁγαθότη-

402 4395 543 4459 terit
570 4394 889 4459 Christum.
936 4420 960 4451 α
990 4393 1236 4457 Declina
1264 4394 1425 4455 enim
1457 4414 1492 4456 a
1536 4397 1691 4458 malo
1720 4398 1805 4474 89,
1839 4400 2051 4480 inquit,

400 4485 517 4549 hoc
541 4485 853 4567 est,abjice
880 4484 1066 4567 malas
1088 4482 1324 4545 divitias
1357 4485 1723 4564 pauperibus
1744 4491 2053 4567 potestati-

403 4574 540 4651 bus,
575 4574 949 4637 daamonibus
977 4573 1245 4653 inquam,
1282 4580 1343 4634 et
1398 4572 1489 4634 fac
1518 4572 1768 4653 bonum,
1800 4577 1911 4640 hoc
1942 4588 2053 4656 est,

403 4682 658 4747 sequere
688 4664 1017 4739 Christum,
1055 4670 1113 4724 et
1148 4661 1287 4724 tolle
1316 4679 1579 4725 crucem.

403 4756 465 4815 τὸ
521 4754 807 4835 ἃπορρίψαι
861 4758 953 4812 τὸν
1010 4755 1177 4812 κακὸν
1231 4751 1459 4811 πλοῦτον
1518 4768 1640 4819 ταῖς
1701 4771 1955 4837 πτωχαῖς
2030 4755 2276 4833 δυνάμεςι
2362 4761 2465 4815 τῶν
2524 4757 2790 4834 δαιμόνων
2824 4778 2839 4792 ο

404 4847 466 4904 1b
493 4844 805 4905 ἀκολουθεῖν
833 4852 909 4920 τῷ
941 4850 1171 4917 Χριστῷ,
1204 4844 1294 4899 καὶ
1325 4843 1445 4921 ἆραι
1487 4844 1578 4899 τὸν
1607 4846 1851 4923 σταυρόν,

485 4933 671 4999 Vsus.
697 4933 775 4998 23
816 4934 915 4996 27.
956 4955 980 4991 α
1019 4931 1091 4994 Et
1131 4950 1267 4994 cum
1302 4931 1829 5013 circumspexisset
1854 4935 2051 5013 Jesus,

406 5024 551 5089 dicit
569 5023 1065 5105 discipulissuis:
1103 5021 1289 5095 Quam
1333 5020 1655 5083 difficulter
1682 5023 1723 5083 ii
1744 5024 1843 5104 qui
1870 5044 2054 5105 pecu-

405 5115 535 5177 nias
565 5112 811 5191 habent,
845 5113 905 5174 in
954 5128 1204 5192 regnum
1235 5109 1347 5173 Dei
1391 5109 1735 5174 intrabunt!
1770 5112 2052 5194 Discipuli

404 5221 546 5267 vero
569 5203 966 5284 obstuperunt
991 5219 1172 5281 super
1194 5199 1389 5261 verbis
1411 5199 1594 5264 illius.
1621 5204 1884 5265 AtJesus
1915 5221 2053 5266 rur-

407 5311 538 5356 sum
559 5291 1113 5376 respondens,dicit
1130 5289 1285 5351 illis:
1322 5289 1661 5370 Filii,quam
1694 5292 1783 5353 dif
1785 5293 1942 5354 ticile
1962 5301 2049 5354 est

2136 4418 2225 4461 τος
2281 4401 2373 4453 τοῦ
2430 4406 2561 4456 Θεοῦ
2617 4399 3042 4464 ἐκπεπτωκότες.
3100 4400 3197 4457 Καὶ
3261 4398 3381 4453 τότε
3438 4392 3788 4449 ὰοολουθείτω

2139 4494 2216 4561 τῷ
2274 4494 2506 4566 Χριστῷ.
2571 4480 2628 4547 Ὀ
2686 4491 2785 4569 γὰρ
2840 4489 3131 4568 ἀπορρίψας
3188 4489 3279 4544 τὸν
3332 4492 3436 4541 τῶν
3512 4482 3785 4569 ἁμαρτιῶν

2140 4582 2367 4633 πλοῦτον
2412 4592 2529 4642 τοῖς
2587 4577 2856 4653 δαίμοσιν,
2944 4579 3149 4640 ἐκεῖνος
3207 4576 3418 4632 δύναται
3476 4568 3788 4627 ἀκολουθεῖν

2140 4673 2220 4739 τῷ
2262 4675 2494 4746 Χριστῷ.
2546 4689 2575 4725 ι
2630 4666 2933 4726 ’Ἒγκλινον
2985 4669 3085 4747 γὰρ
3148 4667 3254 4722 ἀπὸ
3302 4673 3466 4721 κακοῦ
3499 4677 3511 4691 ⁸
3554 4684 3581 4714 ι
3632 4665 3790 4714 τοῦτο

2913 4759 3001 4815 καὶ
3057 4759 3282 4823 ποίησον
3342 4755 3561 4831 ἀγαθὸν,
3635 4755 3789 4804 τοῦτο

2226 4964 2251 4992 α
2292 4936 2873 5016 Καῖπεριϐλεψάμενος
2932 4941 2959 4994 ὁ
3018 4937 3249 5012 Ἰησοῦς,
3285 4935 3428 5012 λέγει
3458 4947 3574 4993 τοῖς
3606 4934 3787 5005 μαθη-

2138 5042 2259 5091 ταῖς
2313 5029 2472 5086 αὖτοῦ
2507 5046 2519 5061 ⁸
2579 5035 2700 5093 Πῶς
2744 5026 3014 5091 δυσκόλως
3048 5030 3095 5083 οἱ
3139 5028 3203 5082 τὰ
3259 5027 3520 5106 χρήματα
3573 5021 3792 5098 ἔχοντες

2138 5118 2211 5181 εἷς
2268 5118 2363 5185 τὴν
2394 5116 2664 5193 βασιλείαν
2692 5125 2783 5174 106
2816 5120 2946 5173 Θεοῦ
3001 5115 3384 5173 εἰσελεύσονται
3420 5133 3435 5187 ;
3484 5115 3543 5169 Οἱ
3573 5109 3628 5208 δέ
3675 5132 3700 5182 ε.
3721 5131 3791 5208 at:

2135 5208 2289 5273 θηταὶ
2364 5206 2684 5282 ὶθαμϐοῦντο
2767 5206 2853 5263 ἐπὶ
2939 5220 3057 5271 τοῖς
3113 5205 3296 5283 λόγοις
3352 5207 3508 5260 αὐτοῦ
3607 5196 3666 5255 Ὀ
3735 5196 3792 5252 δὲ

2138 5293 2345 5361 Ἰησοῦς
2391 5295 2550 5351 πάλιν
2604 5296 2926 5376 ἀποκριθεὶς,
2975 5296 3119 5374 λέγει
3178 5295 3361 5350 αυτοῖς
3390 5311 3404 5326 ⁸
3451 5290 3643 5360 Τέκνα,
3674 5293 3792 5350 πῶς

409 5399 516 5445 eos
542 5385 643 5462 qui
675 5382 955 5445 fiduciam
985 5378 1207 5441 habent
1251 5378 1313 5439 in
1343 5379 1635 5460 pecuniis,
1666 5400 1917 5461 regnum
1940 5382 2047 5445 Dei

2134 5382 2383 5441 δύσκολόν
2461 5385 2570 5440 ἐστι
2662 5387 2776 5450 τοὺς
2853 5388 3171 5448 πεποιθότας
3227 5384 3313 5440 ἐπὶ
3370 5382 3646 5461 χρήμασιν
3712 5378 3792 5435 εἰς

409 5469 667 5552 ingredi.
699 5469 956 5533 Facilius
986 5475 1079 5531 est
1109 5466 1401 5530 camelum
1460 5486 1567 5549 per
1607 5469 1873 5534 foramen
1907 5490 2047 5535 acus

2134 5475 2226 5541 τὴν
2257 5472 2524 5551 βασιλείαν
2580 5478 2674 5533 τοῦ
2717 5484 2848 5533 Θεοῦ
2903 5474 3183 5533 εἰσελθεῖν.
3261 5468 3643 5546 Εὖκοπώτερόα
3678 5467 3791 5523 ἐστι

486 5630 552 5684 89
575 5628 737 5696 Psal.
767 5644 978 5711 xxxvi,
1007 5629 1108 5692 27.

4118 253 4150 529 ι

4117 3013 4151 3071 ’ἲ

4140 3084 4151 3143 ί
