  <div class='ocr_page' id='page_1' title='image "/cluster/home/n/w/nwhite01/storage/ocr_20150623/123/mdp.39015009359079/309.png"; bbox 0 0 4154 6298; ppageno 0'>
   <div class='ocr_carea' id='block_1_1' title="bbox 400 354 3781 425">
    <p class='ocr_par' dir='ltr' id='par_1_1' title="bbox 400 354 3781 425">
     <span class='ocr_line' id='line_1_1' title="bbox 400 354 3781 425; baseline 0 -2"><span class='ocrx_word' id='word_1_1' title='bbox 400 354 519 423; x_wconf 85' lang='grc'><strong>603</strong></span> <span class='ocrx_word' id='word_1_2' title='bbox 1391 358 1987 425; x_wconf 87' lang='lat' dir='ltr'><strong>THEOPHYLACTI</strong></span> <span class='ocrx_word' id='word_1_3' title='bbox 2030 354 2434 419; x_wconf 66' lang='lat' dir='ltr'><strong>BULGABIE</strong></span> <span class='ocrx_word' id='word_1_4' title='bbox 2478 356 2834 421; x_wconf 78' lang='lat' dir='ltr'><strong>ARCHIEP.</strong></span> <span class='ocrx_word' id='word_1_5' title='bbox 3663 357 3781 424; x_wconf 71' lang='grc'>604</span> 
     </span>
    </p>
   </div>
   <div class='ocr_carea' id='block_1_2' title="bbox 400 489 2034 577">
    <p class='ocr_par' dir='ltr' id='par_1_2' title="bbox 400 491 2034 577">
     <span class='ocr_line' id='line_1_2' title="bbox 400 491 2034 577; baseline -0.004 -20"><span class='ocrx_word' id='word_1_6' title='bbox 400 495 674 577; x_wconf 87' lang='lat' dir='ltr'><strong>centupla</strong></span> <span class='ocrx_word' id='word_1_7' title='bbox 705 516 863 560; x_wconf 89' lang='lat' dir='ltr'><strong>nunc</strong></span> <span class='ocrx_word' id='word_1_8' title='bbox 894 496 954 559; x_wconf 92' lang='lat' dir='ltr'><strong>in</strong></span> <span class='ocrx_word' id='word_1_9' title='bbox 989 504 1256 577; x_wconf 89' lang='lat' dir='ltr'><strong>tempore</strong></span> <span class='ocrx_word' id='word_1_10' title='bbox 1287 496 1422 574; x_wconf 93' lang='lat' dir='ltr'><strong>hoc,</strong></span> <span class='ocrx_word' id='word_1_11' title='bbox 1448 493 1662 555; x_wconf 89' lang='lat' dir='ltr'><strong>domus</strong></span> <span class='ocrx_word' id='word_1_12' title='bbox 1710 500 1770 555; x_wconf 90' lang='lat' dir='ltr'><strong>et</strong></span> <span class='ocrx_word' id='word_1_13' title='bbox 1818 491 2034 568; x_wconf 33' lang='lat' dir='ltr'><strong>fratres,</strong></span> 
     </span>
    </p>
   </div>
   <div class='ocr_carea' id='block_1_3' title="bbox 2118 489 3773 577">
    <p class='ocr_par' dir='ltr' id='par_1_3' title="bbox 2138 489 3773 574">
     <span class='ocr_line' id='line_1_3' title="bbox 2138 489 3773 574; baseline 0.005 -30"><span class='ocrx_word' id='word_1_14' title='bbox 2138 491 2215 564; x_wconf 83' lang='grc' dir='ltr'>τῷ</span> <span class='ocrx_word' id='word_1_15' title='bbox 2271 498 2437 570; x_wconf 82' lang='grc' dir='ltr'>καιρῷ</span> <span class='ocrx_word' id='word_1_16' title='bbox 2488 490 2679 570; x_wconf 84' lang='grc' dir='ltr'>τούτῳ,</span> <span class='ocrx_word' id='word_1_17' title='bbox 2738 492 2925 566; x_wconf 98' lang='grc' dir='ltr'>οἰκίας,</span> <span class='ocrx_word' id='word_1_18' title='bbox 2960 493 3047 549; x_wconf 88' lang='grc' dir='ltr'>καὶ</span> <span class='ocrx_word' id='word_1_19' title='bbox 3088 489 3366 571; x_wconf 78' lang='grc' dir='ltr'>ἀδελφοὺς,</span> <span class='ocrx_word' id='word_1_20' title='bbox 3388 495 3475 549; x_wconf 87' lang='grc' dir='ltr'>καὶ</span> <span class='ocrx_word' id='word_1_21' title='bbox 3523 490 3773 574; x_wconf 73' lang='grc' dir='ltr'>ἀδελφὰς,</span> 
     </span>
    </p>
   </div>
   <div class='ocr_carea' id='block_1_4' title="bbox 402 579 2034 663">
    <p class='ocr_par' dir='ltr' id='par_1_4' title="bbox 402 584 2034 663">
     <span class='ocr_line' id='line_1_4' title="bbox 402 584 2034 663; baseline -0.002 -16"><span class='ocrx_word' id='word_1_22' title='bbox 402 593 458 647; x_wconf 92' lang='lat' dir='ltr'><strong>et</strong></span> <span class='ocrx_word' id='word_1_23' title='bbox 490 604 747 661; x_wconf 86' lang='lat' dir='ltr'><strong>sorores,</strong></span> <span class='ocrx_word' id='word_1_24' title='bbox 780 596 837 649; x_wconf 93' lang='lat' dir='ltr'><strong>et</strong></span> <span class='ocrx_word' id='word_1_25' title='bbox 858 596 1100 663; x_wconf 87' lang='lat' dir='ltr'><strong>matres,</strong></span> <span class='ocrx_word' id='word_1_26' title='bbox 1126 593 1185 647; x_wconf 93' lang='lat' dir='ltr'><strong>et</strong></span> <span class='ocrx_word' id='word_1_27' title='bbox 1207 584 1450 656; x_wconf 89' lang='lat' dir='ltr'><strong>liberos,</strong></span> <span class='ocrx_word' id='word_1_28' title='bbox 1478 590 1538 646; x_wconf 92' lang='lat' dir='ltr'><strong>et</strong></span> <span class='ocrx_word' id='word_1_29' title='bbox 1559 598 1731 662; x_wconf 79' lang='lat' dir='ltr'><strong>agros</strong></span> <span class='ocrx_word' id='word_1_30' title='bbox 1755 600 1892 644; x_wconf 88' lang='lat' dir='ltr'><strong>cum</strong></span> <span class='ocrx_word' id='word_1_31' title='bbox 1917 600 2034 662; x_wconf 76' lang='lat' dir='ltr'><strong>per</strong></span> 
     </span>
    </p>
   </div>
   <div class='ocr_carea' id='block_1_5' title="bbox 2118 579 3770 663">
    <p class='ocr_par' dir='ltr' id='par_1_5' title="bbox 2129 579 3770 662">
     <span class='ocr_line' id='line_1_5' title="bbox 2129 579 3770 662; baseline 0.003 -27"><span class='ocrx_word' id='word_1_32' title='bbox 2129 580 2218 635; x_wconf 75' lang='grc' dir='ltr'><strong>καὶ</strong></span> <span class='ocrx_word' id='word_1_33' title='bbox 2249 579 2509 661; x_wconf 82' lang='grc' dir='ltr'>μητέρας,</span> <span class='ocrx_word' id='word_1_34' title='bbox 2583 581 2671 636; x_wconf 90' lang='grc' dir='ltr'>καὶ</span> <span class='ocrx_word' id='word_1_35' title='bbox 2740 579 2922 656; x_wconf 77' lang='grc' dir='ltr'>τέκνα,</span> <span class='ocrx_word' id='word_1_36' title='bbox 2968 581 3056 638; x_wconf 80' lang='grc' dir='ltr'><strong>καὶ</strong></span> <span class='ocrx_word' id='word_1_37' title='bbox 3086 582 3304 661; x_wconf 80' lang='grc' dir='ltr'>ἀγροὺς,</span> <span class='ocrx_word' id='word_1_38' title='bbox 3338 583 3473 658; x_wconf 85' lang='grc' dir='ltr'>μετᾶ</span> <span class='ocrx_word' id='word_1_39' title='bbox 3501 580 3770 662; x_wconf 77' lang='grc' dir='ltr'><strong>διωγμῶν,</strong></span> 
     </span>
    </p>
   </div>
   <div class='ocr_carea' id='block_1_6' title="bbox 399 671 2034 759">
    <p class='ocr_par' dir='ltr' id='par_1_6' title="bbox 399 672 2034 759">
     <span class='ocr_line' id='line_1_6' title="bbox 399 672 2034 759; baseline -0.001 -23"><span class='ocrx_word' id='word_1_40' title='bbox 399 675 907 759; x_wconf 90' lang='lat' dir='ltr'><strong>secutionibus,ac</strong></span> <span class='ocrx_word' id='word_1_41' title='bbox 938 678 996 738; x_wconf 91' lang='lat' dir='ltr'><strong>in</strong></span> <span class='ocrx_word' id='word_1_42' title='bbox 1027 684 1271 741; x_wconf 82' lang='lat' dir='ltr'><strong>venturo</strong></span> <span class='ocrx_word' id='word_1_43' title='bbox 1297 673 1513 736; x_wconf 72' lang='lat' dir='ltr'><strong>saeculo</strong></span> <span class='ocrx_word' id='word_1_44' title='bbox 1534 672 1712 735; x_wconf 91' lang='lat' dir='ltr'><strong>vitam</strong></span> <span class='ocrx_word' id='word_1_45' title='bbox 1737 679 2034 735; x_wconf 74' lang='lat' dir='ltr'><strong>aeternam.</strong></span> 
     </span>
    </p>
   </div>
   <div class='ocr_carea' id='block_1_7' title="bbox 2118 671 3772 759">
    <p class='ocr_par' dir='ltr' id='par_1_7' title="bbox 2128 671 3772 754">
     <span class='ocr_line' id='line_1_7' title="bbox 2128 671 3772 754; baseline 0.004 -27"><span class='ocrx_word' id='word_1_46' title='bbox 2128 672 2218 728; x_wconf 85' lang='grc' dir='ltr'><strong>καὶ</strong></span> <span class='ocrx_word' id='word_1_47' title='bbox 2287 671 2339 729; x_wconf 80' lang='grc' dir='ltr'><strong>ἐν</strong></span> <span class='ocrx_word' id='word_1_48' title='bbox 2397 678 2474 746; x_wconf 83' lang='grc' dir='ltr'>τῷ</span> <span class='ocrx_word' id='word_1_49' title='bbox 2539 674 2687 729; x_wconf 80' lang='grc' dir='ltr'>αἰῶνι</span> <span class='ocrx_word' id='word_1_50' title='bbox 2736 680 2811 747; x_wconf 83' lang='grc' dir='ltr'>τῷ</span> <span class='ocrx_word' id='word_1_51' title='bbox 2840 672 3142 754; x_wconf 82' lang='grc' dir='ltr'>ἐρχομένῳ,</span> <span class='ocrx_word' id='word_1_52' title='bbox 3174 675 3316 746; x_wconf 78' lang='grc' dir='ltr'>ζωὴν</span> <span class='ocrx_word' id='word_1_53' title='bbox 3345 674 3579 739; x_wconf 84' lang='grc' dir='ltr'>αἰώνιον,</span> <span class='ocrx_word' id='word_1_54' title='bbox 3627 676 3772 734; x_wconf 90' lang='grc' dir='ltr'>Πολ-</span> 
     </span>
    </p>
   </div>
   <div class='ocr_carea' id='block_1_8' title="bbox 398 759 2034 847">
    <p class='ocr_par' dir='ltr' id='par_1_8' title="bbox 398 760 2034 847">
     <span class='ocr_line' id='line_1_8' title="bbox 398 760 2034 847; baseline -0.004 -19"><span class='ocrx_word' id='word_1_55' title='bbox 398 764 563 828; x_wconf 85' lang='lat' dir='ltr'><strong>Multi</strong></span> <span class='ocrx_word' id='word_1_56' title='bbox 594 773 787 827; x_wconf 87' lang='lat' dir='ltr'><strong>autem</strong></span> <span class='ocrx_word' id='word_1_57' title='bbox 842 766 1022 847; x_wconf 88' lang='lat' dir='ltr'><strong>primi</strong></span> <span class='ocrx_word' id='word_1_58' title='bbox 1072 771 1247 828; x_wconf 87' lang='lat' dir='ltr'><strong>erunt</strong></span> <span class='ocrx_word' id='word_1_59' title='bbox 1304 760 1611 844; x_wconf 77' lang='lat' dir='ltr'><strong>postremi,</strong></span> <span class='ocrx_word' id='word_1_60' title='bbox 1646 770 1705 823; x_wconf 91' lang='lat' dir='ltr'><strong>et</strong></span> <span class='ocrx_word' id='word_1_61' title='bbox 1758 761 2034 835; x_wconf 75' lang='lat' dir='ltr'><strong>postremi</strong></span> 
     </span>
    </p>
   </div>
   <div class='ocr_carea' id='block_1_9' title="bbox 2118 759 3771 847">
    <p class='ocr_par' dir='ltr' id='par_1_9' title="bbox 2128 759 3771 847">
     <span class='ocr_line' id='line_1_9' title="bbox 2128 759 3771 847; baseline 0.003 -30"><span class='ocrx_word' id='word_1_62' title='bbox 2128 759 2210 817; x_wconf 82' lang='grc' dir='ltr'>λοὶ</span> <span class='ocrx_word' id='word_1_63' title='bbox 2278 760 2332 818; x_wconf 79' lang='grc' dir='ltr'><strong>δὲ</strong></span> <span class='ocrx_word' id='word_1_64' title='bbox 2362 760 2593 847; x_wconf 26' lang='grc' dir='ltr'>*ἔσονται</span> <span class='ocrx_word' id='word_1_65' title='bbox 2649 768 2849 841; x_wconf 88' lang='grc' dir='ltr'>πρῶτοι</span> <span class='ocrx_word' id='word_1_66' title='bbox 2881 761 3128 843; x_wconf 70' lang='grc' dir='ltr'>ἔσχατοι,</span> <span class='ocrx_word' id='word_1_67' title='bbox 3153 764 3239 820; x_wconf 86' lang='grc' dir='ltr'><strong>καὶ</strong></span> <span class='ocrx_word' id='word_1_68' title='bbox 3295 767 3341 821; x_wconf 82' lang='grc' dir='ltr'><strong>οἱ</strong></span> <span class='ocrx_word' id='word_1_69' title='bbox 3370 764 3589 843; x_wconf 77' lang='grc' dir='ltr'><strong>ἔσχατοι</strong></span> <span class='ocrx_word' id='word_1_70' title='bbox 3621 774 3771 845; x_wconf 84' lang='grc' dir='ltr'>πρῶ-</span> 
     </span>
    </p>
   </div>
   <div class='ocr_carea' id='block_1_10' title="bbox 398 849 2043 934">
    <p class='ocr_par' dir='ltr' id='par_1_10' title="bbox 398 849 2043 934">
     <span class='ocr_line' id='line_1_10' title="bbox 398 849 2043 934; baseline -0.001 -20"><span class='ocrx_word' id='word_1_71' title='bbox 398 853 601 934; x_wconf 91' lang='lat' dir='ltr'><strong>primi.</strong></span> <span class='ocrx_word' id='word_1_72' title='bbox 658 879 680 910; x_wconf 73' lang='grc' dir='ltr'>ο</span> <span class='ocrx_word' id='word_1_73' title='bbox 746 853 955 916; x_wconf 89' lang='lat' dir='ltr'><strong>Petrus</strong></span> <span class='ocrx_word' id='word_1_74' title='bbox 1035 853 1265 916; x_wconf 82' lang='lat' dir='ltr'><strong>tametsi</strong></span> <span class='ocrx_word' id='word_1_75' title='bbox 1326 869 1513 933; x_wconf 84' lang='lat' dir='ltr'><strong>pauca</strong></span> <span class='ocrx_word' id='word_1_76' title='bbox 1590 849 1838 932; x_wconf 86' lang='lat' dir='ltr'><strong>reliquis</strong></span> <span class='ocrx_word' id='word_1_77' title='bbox 1901 858 2043 923; x_wconf 90' lang='lat' dir='ltr'><strong>set,</strong></span> 
     </span>
    </p>
   </div>
   <div class='ocr_carea' id='block_1_11' title="bbox 398 938 2040 1022">
    <p class='ocr_par' dir='ltr' id='par_1_11' title="bbox 398 938 2040 1022">
     <span class='ocr_line' id='line_1_11' title="bbox 398 938 2040 1022; baseline -0.001 -20"><span class='ocrx_word' id='word_1_78' title='bbox 398 940 537 1022; x_wconf 87' lang='lat' dir='ltr'><strong>quia</strong></span> <span class='ocrx_word' id='word_1_79' title='bbox 556 946 755 1004; x_wconf 87' lang='lat' dir='ltr'><strong>tamen</strong></span> <span class='ocrx_word' id='word_1_80' title='bbox 788 942 954 1017; x_wconf 83' lang='lat' dir='ltr'><strong>dixit,</strong></span> <span class='ocrx_word' id='word_1_81' title='bbox 989 942 1210 1017; x_wconf 85' lang='lat' dir='ltr'><strong>omnia,</strong></span> <span class='ocrx_word' id='word_1_82' title='bbox 1236 941 1525 1003; x_wconf 83' lang='lat' dir='ltr'><strong>indicium</strong></span> <span class='ocrx_word' id='word_1_83' title='bbox 1550 946 1641 1001; x_wconf 92' lang='lat' dir='ltr'><strong>est</strong></span> <span class='ocrx_word' id='word_1_84' title='bbox 1676 938 1832 1020; x_wconf 92' lang='lat' dir='ltr'><strong>quod</strong></span> <span class='ocrx_word' id='word_1_85' title='bbox 1864 938 2040 1003; x_wconf 87' lang='lat' dir='ltr'><strong>etiam</strong></span> 
     </span>
    </p>
   </div>
   <div class='ocr_carea' id='block_1_12' title="bbox 398 1027 2043 1113">
    <p class='ocr_par' dir='ltr' id='par_1_12' title="bbox 398 1027 2043 1113">
     <span class='ocr_line' id='line_1_12' title="bbox 398 1027 2043 1113; baseline -0.002 -23"><span class='ocrx_word' id='word_1_86' title='bbox 398 1048 585 1110; x_wconf 87' lang='lat' dir='ltr'><strong>pauca</strong></span> <span class='ocrx_word' id='word_1_87' title='bbox 631 1031 868 1094; x_wconf 81' lang='lat' dir='ltr'><strong>vinculo</strong></span> <span class='ocrx_word' id='word_1_88' title='bbox 922 1032 1181 1113; x_wconf 89' lang='lat' dir='ltr'><strong>quodam</strong></span> <span class='ocrx_word' id='word_1_89' title='bbox 1238 1031 1409 1092; x_wconf 90' lang='lat' dir='ltr'><strong>illum</strong></span> <span class='ocrx_word' id='word_1_90' title='bbox 1441 1028 1801 1092; x_wconf 88' lang='lat' dir='ltr'><strong>detinuerint</strong></span> <span class='ocrx_word' id='word_1_91' title='bbox 1836 1049 1849 1091; x_wconf 93' lang='lat'><strong>:</strong></span> <span class='ocrx_word' id='word_1_92' title='bbox 1885 1035 1942 1089; x_wconf 92' lang='lat' dir='ltr'><strong>et</strong></span> <span class='ocrx_word' id='word_1_93' title='bbox 1963 1027 2043 1088; x_wconf 91' lang='lat' dir='ltr'><strong>ita</strong></span> 
     </span>
    </p>
   </div>
   <div class='ocr_carea' id='block_1_13' title="bbox 396 1117 2037 1202">
    <p class='ocr_par' dir='ltr' id='par_1_13' title="bbox 396 1117 2037 1202">
     <span class='ocr_line' id='line_1_13' title="bbox 396 1117 2037 1202; baseline 0 -21"><span class='ocrx_word' id='word_1_94' title='bbox 396 1118 768 1184; x_wconf 84' lang='lat' dir='ltr'><strong>heatiﬁcatus</strong></span> <span class='ocrx_word' id='word_1_95' title='bbox 821 1130 909 1183; x_wconf 90' lang='lat' dir='ltr'><strong>est</strong></span> <span class='ocrx_word' id='word_1_96' title='bbox 958 1122 1007 1182; x_wconf 87' lang='lat' dir='ltr'><strong>is</strong></span> <span class='ocrx_word' id='word_1_97' title='bbox 1062 1121 1167 1202; x_wconf 89' lang='lat' dir='ltr'><strong>qui</strong></span> <span class='ocrx_word' id='word_1_98' title='bbox 1212 1121 1392 1183; x_wconf 91' lang='lat' dir='ltr'><strong>etiam</strong></span> <span class='ocrx_word' id='word_1_99' title='bbox 1462 1137 1644 1200; x_wconf 90' lang='lat' dir='ltr'><strong>pauca</strong></span> <span class='ocrx_word' id='word_1_100' title='bbox 1693 1117 2037 1197; x_wconf 83' lang='lat' dir='ltr'><strong>reliquerat.</strong></span> 
     </span>
    </p>
   </div>
   <div class='ocr_carea' id='block_1_14' title="bbox 399 1206 2039 1291">
    <p class='ocr_par' dir='ltr' id='par_1_14' title="bbox 399 1206 2039 1291">
     <span class='ocr_line' id='line_1_14' title="bbox 399 1206 2039 1291; baseline -0.002 -20"><span class='ocrx_word' id='word_1_101' title='bbox 399 1208 663 1291; x_wconf 88' lang='lat' dir='ltr'><strong>Cumque</strong></span> <span class='ocrx_word' id='word_1_102' title='bbox 693 1210 853 1273; x_wconf 90' lang='lat' dir='ltr'><strong>solus</strong></span> <span class='ocrx_word' id='word_1_103' title='bbox 884 1213 1091 1274; x_wconf 85' lang='lat' dir='ltr'><strong>Petrus</strong></span> <span class='ocrx_word' id='word_1_104' title='bbox 1118 1216 1401 1289; x_wconf 83' lang='lat' dir='ltr'><strong>rogasset,</strong></span> <span class='ocrx_word' id='word_1_105' title='bbox 1429 1206 1704 1270; x_wconf 91' lang='lat' dir='ltr'><strong>omnibus</strong></span> <span class='ocrx_word' id='word_1_106' title='bbox 1739 1206 2039 1284; x_wconf 84' lang='lat' dir='ltr'><strong>generali-</strong></span> 
     </span>
    </p>
   </div>
   <div class='ocr_carea' id='block_1_15' title="bbox 396 1295 2040 1380">
    <p class='ocr_par' dir='ltr' id='par_1_15' title="bbox 396 1295 2040 1380">
     <span class='ocr_line' id='line_1_15' title="bbox 396 1295 2040 1380; baseline -0.002 -20"><span class='ocrx_word' id='word_1_107' title='bbox 396 1307 489 1360; x_wconf 86' lang='lat' dir='ltr'><strong>ter</strong></span> <span class='ocrx_word' id='word_1_108' title='bbox 517 1299 777 1380; x_wconf 90' lang='lat' dir='ltr'><strong>loquitur</strong></span> <span class='ocrx_word' id='word_1_109' title='bbox 798 1299 1065 1362; x_wconf 85' lang='lat' dir='ltr'><strong>Christus</strong></span> <span class='ocrx_word' id='word_1_110' title='bbox 1095 1298 1303 1362; x_wconf 86' lang='lat' dir='ltr'><strong>dicens</strong></span> <span class='ocrx_word' id='word_1_111' title='bbox 1336 1316 1351 1362; x_wconf 89' lang='lat'>:</span> <span class='ocrx_word' id='word_1_112' title='bbox 1388 1297 1598 1362; x_wconf 89' lang='lat' dir='ltr'><strong>Omnis</strong></span> <span class='ocrx_word' id='word_1_113' title='bbox 1636 1296 1739 1378; x_wconf 91' lang='lat' dir='ltr'><strong>qui</strong></span> <span class='ocrx_word' id='word_1_114' title='bbox 1771 1295 2040 1377; x_wconf 81' lang='lat' dir='ltr'><strong>relique-</strong></span> 
     </span>
    </p>
   </div>
   <div class='ocr_carea' id='block_1_16' title="bbox 393 1386 2042 1470">
    <p class='ocr_par' dir='ltr' id='par_1_16' title="bbox 393 1386 2042 1470">
     <span class='ocr_line' id='line_1_16' title="bbox 393 1386 2042 1470; baseline -0.002 -21"><span class='ocrx_word' id='word_1_115' title='bbox 393 1388 471 1450; x_wconf 91' lang='lat' dir='ltr'><strong>rit</strong></span> <span class='ocrx_word' id='word_1_116' title='bbox 501 1407 771 1465; x_wconf 83' lang='lat' dir='ltr'><strong>uxorem,</strong></span> <span class='ocrx_word' id='word_1_117' title='bbox 799 1389 888 1451; x_wconf 94' lang='lat' dir='ltr'><strong>vel</strong></span> <span class='ocrx_word' id='word_1_118' title='bbox 913 1398 1160 1470; x_wconf 88' lang='lat' dir='ltr'><strong>patrem.</strong></span> <span class='ocrx_word' id='word_1_119' title='bbox 1192 1387 1331 1450; x_wconf 64' lang='lat' dir='ltr'><strong>Haec</strong></span> <span class='ocrx_word' id='word_1_120' title='bbox 1359 1386 1503 1449; x_wconf 91' lang='lat' dir='ltr'><strong>dicit</strong></span> <span class='ocrx_word' id='word_1_121' title='bbox 1533 1404 1650 1448; x_wconf 88' lang='lat' dir='ltr'><strong>non</strong></span> <span class='ocrx_word' id='word_1_122' title='bbox 1684 1393 1747 1447; x_wconf 91' lang='lat' dir='ltr'><strong>ut</strong></span> <span class='ocrx_word' id='word_1_123' title='bbox 1768 1391 2042 1466; x_wconf 87' lang='lat' dir='ltr'><strong>parentes</strong></span> 
     </span>
    </p>
   </div>
   <div class='ocr_carea' id='block_1_17' title="bbox 398 1474 2041 1557">
    <p class='ocr_par' dir='ltr' id='par_1_17' title="bbox 398 1474 2041 1557">
     <span class='ocr_line' id='line_1_17' title="bbox 398 1474 2041 1557; baseline -0.001 -20"><span class='ocrx_word' id='word_1_124' title='bbox 398 1476 536 1538; x_wconf 84' lang='lat' dir='ltr'><strong>velit</strong></span> <span class='ocrx_word' id='word_1_125' title='bbox 566 1477 783 1539; x_wconf 80' lang='lat' dir='ltr'><strong>auxilio</strong></span> <span class='ocrx_word' id='word_1_126' title='bbox 815 1477 1078 1557; x_wconf 84' lang='lat' dir='ltr'><strong>destitui,</strong></span> <span class='ocrx_word' id='word_1_127' title='bbox 1112 1477 1265 1539; x_wconf 90' lang='lat' dir='ltr'><strong>etab</strong></span> <span class='ocrx_word' id='word_1_128' title='bbox 1298 1475 1578 1538; x_wconf 84' lang='lat' dir='ltr'><strong>uxoribus</strong></span> <span class='ocrx_word' id='word_1_129' title='bbox 1607 1474 1895 1555; x_wconf 87' lang='lat' dir='ltr'><strong>separari,</strong></span> <span class='ocrx_word' id='word_1_130' title='bbox 1934 1474 2041 1536; x_wconf 89' lang='lat' dir='ltr'><strong>sed</strong></span> 
     </span>
    </p>
   </div>
   <div class='ocr_carea' id='block_1_18' title="bbox 396 1562 2041 1647">
    <p class='ocr_par' dir='ltr' id='par_1_18' title="bbox 396 1562 2041 1647">
     <span class='ocr_line' id='line_1_18' title="bbox 396 1562 2041 1647; baseline -0.001 -20"><span class='ocrx_word' id='word_1_131' title='bbox 396 1566 570 1627; x_wconf 85' lang='lat' dir='ltr'><strong>docet</strong></span> <span class='ocrx_word' id='word_1_132' title='bbox 594 1585 705 1628; x_wconf 90' lang='lat' dir='ltr'><strong>nos</strong></span> <span class='ocrx_word' id='word_1_133' title='bbox 735 1566 1016 1647; x_wconf 72' lang='lat' dir='ltr'><strong>praeferre</strong></span> <span class='ocrx_word' id='word_1_134' title='bbox 1047 1566 1325 1647; x_wconf 88' lang='lat' dir='ltr'><strong>pietatem</strong></span> <span class='ocrx_word' id='word_1_135' title='bbox 1358 1584 1499 1645; x_wconf 73' lang='lat' dir='ltr'><strong>erga</strong></span> <span class='ocrx_word' id='word_1_136' title='bbox 1541 1564 1729 1626; x_wconf 90' lang='lat' dir='ltr'><strong>Deum</strong></span> <span class='ocrx_word' id='word_1_137' title='bbox 1762 1562 2041 1625; x_wconf 89' lang='lat' dir='ltr'><strong>omnibus</strong></span> 
     </span>
    </p>
   </div>
   <div class='ocr_carea' id='block_1_19' title="bbox 280 1636 2040 1732">
    <p class='ocr_par' dir='ltr' id='par_1_19' title="bbox 280 1636 2040 1732">
     <span class='ocr_line' id='line_1_19' title="bbox 280 1636 2040 1732; baseline -0.001 -17"><span class='ocrx_word' id='word_1_138' title='bbox 280 1636 287 1643; x_wconf 50' lang='grc'><strong><em>’</em></strong></span> <span class='ocrx_word' id='word_1_139' title='bbox 394 1636 752 1717; x_wconf 60' lang='lat' dir='ltr'><strong>carnalibus:</strong></span> <span class='ocrx_word' id='word_1_140' title='bbox 794 1654 943 1727; x_wconf 88' lang='lat' dir='ltr'><strong>Quia</strong></span> <span class='ocrx_word' id='word_1_141' title='bbox 973 1636 1127 1716; x_wconf 83' lang='lat' dir='ltr'><strong>enim</strong></span> <span class='ocrx_word' id='word_1_142' title='bbox 1160 1672 1297 1716; x_wconf 87' lang='lat' dir='ltr'><strong>vere</strong></span> <span class='ocrx_word' id='word_1_143' title='bbox 1347 1636 1570 1715; x_wconf 71' lang='lat' dir='ltr'><strong>beilum</strong></span> <span class='ocrx_word' id='word_1_144' title='bbox 1602 1670 1636 1713; x_wconf 91' lang='lat' dir='ltr'><strong>a</strong></span> <span class='ocrx_word' id='word_1_145' title='bbox 1666 1651 2040 1732; x_wconf 62' lang='lat' dir='ltr'><strong>praedicatio-</strong></span> 
     </span>
    </p>
   </div>
   <div class='ocr_carea' id='block_1_20' title="bbox 2126 842 3773 933">
    <p class='ocr_par' dir='ltr' id='par_1_20' title="bbox 2126 842 3773 933">
     <span class='ocr_line' id='line_1_20' title="bbox 2126 842 3773 933; baseline 0.004 -27"><span class='ocrx_word' id='word_1_146' title='bbox 2126 871 2229 913; x_wconf 86' lang='grc' dir='ltr'>τοι,</span> <span class='ocrx_word' id='word_1_147' title='bbox 2267 874 2294 907; x_wconf 74' lang='grc' dir='ltr'><strong><em>ι</em></strong></span> <span class='ocrx_word' id='word_1_148' title='bbox 2361 842 2418 909; x_wconf 64' lang='grc' dir='ltr'><strong>Ὀ</strong></span> <span class='ocrx_word' id='word_1_149' title='bbox 2450 852 2646 931; x_wconf 92' lang='grc' dir='ltr'>Πέτρος</span> <span class='ocrx_word' id='word_1_150' title='bbox 2678 854 2721 908; x_wconf 91' lang='grc' dir='ltr'><strong>εἰ</strong></span> <span class='ocrx_word' id='word_1_151' title='bbox 2751 853 2839 909; x_wconf 84' lang='grc' dir='ltr'><strong>καὶ</strong></span> <span class='ocrx_word' id='word_1_152' title='bbox 2871 850 3022 929; x_wconf 91' lang='grc' dir='ltr'>ὀλίγα</span> <span class='ocrx_word' id='word_1_153' title='bbox 3064 852 3289 933; x_wconf 74' lang='grc' dir='ltr'>ἀφῆκεν,</span> <span class='ocrx_word' id='word_1_154' title='bbox 3320 846 3441 910; x_wconf 81' lang='grc' dir='ltr'><strong>ἀλλ⁸</strong></span> <span class='ocrx_word' id='word_1_155' title='bbox 3461 842 3572 911; x_wconf 16' lang='grc' dir='ltr'><strong>Ῠοῦν</strong></span> <span class='ocrx_word' id='word_1_156' title='bbox 3602 842 3773 912; x_wconf 74' lang='grc' dir='ltr'>πάντα</span> 
     </span>
    </p>
   </div>
   <div class='ocr_carea' id='block_1_21' title="bbox 2126 940 3771 1023">
    <p class='ocr_par' dir='ltr' id='par_1_21' title="bbox 2126 940 3771 1023">
     <span class='ocr_line' id='line_1_21' title="bbox 2126 940 3771 1023; baseline 0.003 -27"><span class='ocrx_word' id='word_1_157' title='bbox 2126 940 2373 1014; x_wconf 79' lang='grc' dir='ltr'><strong>ὀνομάζει</strong></span> <span class='ocrx_word' id='word_1_158' title='bbox 2443 948 2627 1004; x_wconf 89' lang='grc' dir='ltr'>ταῦτα,</span> <span class='ocrx_word' id='word_1_159' title='bbox 2681 942 2777 999; x_wconf 83' lang='grc' dir='ltr'><strong>Καὶ</strong></span> <span class='ocrx_word' id='word_1_160' title='bbox 2823 942 2887 998; x_wconf 81' lang='grc' dir='ltr'><strong>τὰ</strong></span> <span class='ocrx_word' id='word_1_161' title='bbox 2943 940 3096 1020; x_wconf 89' lang='grc' dir='ltr'>ὀλίγα</span> <span class='ocrx_word' id='word_1_162' title='bbox 3138 942 3239 1021; x_wconf 77' lang='grc' dir='ltr'><strong>γὰρ</strong></span> <span class='ocrx_word' id='word_1_163' title='bbox 3288 941 3482 1019; x_wconf 80' lang='grc' dir='ltr'>δεσμὸν</span> <span class='ocrx_word' id='word_1_164' title='bbox 3524 965 3771 1023; x_wconf 85' lang='grc' dir='ltr'>προσπα-</span> 
     </span>
    </p>
   </div>
   <div class='ocr_carea' id='block_1_22' title="bbox 2124 1030 3771 1112">
    <p class='ocr_par' dir='ltr' id='par_1_22' title="bbox 2124 1030 3771 1112">
     <span class='ocr_line' id='line_1_22' title="bbox 2124 1030 3771 1112; baseline 0.004 -28"><span class='ocrx_word' id='word_1_165' title='bbox 2124 1030 2263 1095; x_wconf 85' lang='grc' dir='ltr'>θείας</span> <span class='ocrx_word' id='word_1_166' title='bbox 2334 1031 2576 1111; x_wconf 82' lang='grc' dir='ltr'>ἔχουσιν,</span> <span class='ocrx_word' id='word_1_167' title='bbox 2640 1030 2779 1087; x_wconf 83' lang='grc' dir='ltr'>ὥστε</span> <span class='ocrx_word' id='word_1_168' title='bbox 2863 1032 3190 1109; x_wconf 84' lang='grc' dir='ltr'>μακαριστὸς</span> <span class='ocrx_word' id='word_1_169' title='bbox 3246 1033 3333 1089; x_wconf 89' lang='grc' dir='ltr'><strong>καὶ</strong></span> <span class='ocrx_word' id='word_1_170' title='bbox 3388 1035 3417 1088; x_wconf 78' lang='lat'><strong>6</strong></span> <span class='ocrx_word' id='word_1_171' title='bbox 3495 1033 3563 1090; x_wconf 74' lang='grc' dir='ltr'>τὰ</span> <span class='ocrx_word' id='word_1_172' title='bbox 3618 1033 3771 1112; x_wconf 89' lang='grc' dir='ltr'>ὀλίγα</span> 
     </span>
    </p>
   </div>
   <div class='ocr_carea' id='block_1_23' title="bbox 2123 1117 3770 1202">
    <p class='ocr_par' dir='ltr' id='par_1_23' title="bbox 2123 1117 3770 1202">
     <span class='ocr_line' id='line_1_23' title="bbox 2123 1117 3770 1202; baseline 0.004 -28"><span class='ocrx_word' id='word_1_173' title='bbox 2123 1117 2291 1198; x_wconf 71' lang='grc' dir='ltr'>ἀφείςο</span> <span class='ocrx_word' id='word_1_174' title='bbox 2347 1127 2450 1177; x_wconf 89' lang='grc' dir='ltr'>Τοῦ</span> <span class='ocrx_word' id='word_1_175' title='bbox 2498 1117 2553 1176; x_wconf 76' lang='grc' dir='ltr'><strong>δὲ</strong></span> <span class='ocrx_word' id='word_1_176' title='bbox 2610 1119 2805 1198; x_wconf 84' lang='grc' dir='ltr'>Πέτρου</span> <span class='ocrx_word' id='word_1_177' title='bbox 2855 1121 3019 1195; x_wconf 85' lang='grc' dir='ltr'>μόνου</span> <span class='ocrx_word' id='word_1_178' title='bbox 3104 1119 3490 1202; x_wconf 78' lang='grc' dir='ltr'>ἐρωτήσαντος,</span> <span class='ocrx_word' id='word_1_179' title='bbox 3549 1122 3770 1180; x_wconf 75' lang='grc' dir='ltr'>καθολι-</span> 
     </span>
    </p>
   </div>
   <div class='ocr_carea' id='block_1_24' title="bbox 2122 1207 3772 1289">
    <p class='ocr_par' dir='ltr' id='par_1_24' title="bbox 2122 1207 3772 1289">
     <span class='ocr_line' id='line_1_24' title="bbox 2122 1207 3772 1289; baseline 0.003 -26"><span class='ocrx_word' id='word_1_180' title='bbox 2122 1209 2215 1263; x_wconf 83' lang='grc' dir='ltr'>κὸν</span> <span class='ocrx_word' id='word_1_181' title='bbox 2259 1221 2495 1264; x_wconf 75' lang='grc' dir='ltr'>ποιεῖται</span> <span class='ocrx_word' id='word_1_182' title='bbox 2540 1210 2629 1265; x_wconf 85' lang='grc' dir='ltr'>τὸν</span> <span class='ocrx_word' id='word_1_183' title='bbox 2680 1207 2841 1287; x_wconf 82' lang='grc' dir='ltr'>λόγον</span> <span class='ocrx_word' id='word_1_184' title='bbox 2898 1210 2925 1265; x_wconf 98' lang='lat'><strong>6</strong></span> <span class='ocrx_word' id='word_1_185' title='bbox 2987 1210 3203 1289; x_wconf 81' lang='grc' dir='ltr'>Κύριος,</span> <span class='ocrx_word' id='word_1_186' title='bbox 3277 1209 3479 1288; x_wconf 77' lang='grc' dir='ltr'>λέγων·</span> <span class='ocrx_word' id='word_1_187' title='bbox 3550 1216 3661 1274; x_wconf 81' lang='grc' dir='ltr'><strong>Πᾶς</strong></span> <span class='ocrx_word' id='word_1_188' title='bbox 3694 1211 3772 1277; x_wconf 60' lang='grc' dir='ltr'>ὃς</span> 
     </span>
    </p>
   </div>
   <div class='ocr_carea' id='block_1_25' title="bbox 2127 1294 3773 1381">
    <p class='ocr_par' dir='ltr' id='par_1_25' title="bbox 2127 1294 3773 1381">
     <span class='ocr_line' id='line_1_25' title="bbox 2127 1294 3773 1381; baseline 0.004 -29"><span class='ocrx_word' id='word_1_189' title='bbox 2127 1296 2329 1376; x_wconf 74' lang='grc' dir='ltr'>ἀφῆγεν</span> <span class='ocrx_word' id='word_1_190' title='bbox 2385 1297 2420 1366; x_wconf 68' lang='grc' dir='ltr'>ἢ</span> <span class='ocrx_word' id='word_1_191' title='bbox 2468 1311 2697 1376; x_wconf 78' lang='grc' dir='ltr'>γυναῖκα</span> <span class='ocrx_word' id='word_1_192' title='bbox 2766 1299 2802 1366; x_wconf 77' lang='grc' dir='ltr'>ἢ</span> <span class='ocrx_word' id='word_1_193' title='bbox 2858 1297 3082 1377; x_wconf 84' lang='grc' dir='ltr'>πατέρα.</span> <span class='ocrx_word' id='word_1_194' title='bbox 3143 1305 3308 1355; x_wconf 89' lang='grc' dir='ltr'>ταῦτα</span> <span class='ocrx_word' id='word_1_195' title='bbox 3335 1297 3390 1355; x_wconf 78' lang='grc' dir='ltr'><strong>δί</strong></span> <span class='ocrx_word' id='word_1_196' title='bbox 3434 1299 3606 1381; x_wconf 81' lang='grc' dir='ltr'>λέγει,</span> <span class='ocrx_word' id='word_1_197' title='bbox 3658 1294 3773 1380; x_wconf 74' lang='grc' dir='ltr'>οὐχ</span> 
     </span>
    </p>
   </div>
   <div class='ocr_carea' id='block_1_26' title="bbox 2123 1385 3772 1469">
    <p class='ocr_par' dir='ltr' id='par_1_26' title="bbox 2123 1385 3772 1469">
     <span class='ocr_line' id='line_1_26' title="bbox 2123 1385 3772 1469; baseline 0.004 -29"><span class='ocrx_word' id='word_1_198' title='bbox 2123 1386 2216 1441; x_wconf 68' lang='grc' dir='ltr'>’ίνα</span> <span class='ocrx_word' id='word_1_199' title='bbox 2281 1387 2404 1450; x_wconf 82' lang='grc' dir='ltr'>τοὺς</span> <span class='ocrx_word' id='word_1_200' title='bbox 2476 1386 2703 1466; x_wconf 75' lang='grc' dir='ltr'><strong>πατέρας</strong></span> <span class='ocrx_word' id='word_1_201' title='bbox 2758 1388 2931 1463; x_wconf 87' lang='grc' dir='ltr'>ἐῶμεν</span> <span class='ocrx_word' id='word_1_202' title='bbox 2984 1385 3339 1469; x_wconf 83' lang='grc' dir='ltr'>ἀϐοηθήτους,</span> <span class='ocrx_word' id='word_1_203' title='bbox 3382 1390 3469 1446; x_wconf 86' lang='grc' dir='ltr'><strong>καὶ</strong></span> <span class='ocrx_word' id='word_1_204' title='bbox 3524 1392 3630 1446; x_wconf 85' lang='grc' dir='ltr'><strong>τῶν</strong></span> <span class='ocrx_word' id='word_1_205' title='bbox 3672 1412 3772 1468; x_wconf 88' lang='grc' dir='ltr'>γυ-</span> 
     </span>
    </p>
   </div>
   <div class='ocr_carea' id='block_1_27' title="bbox 2124 1475 3771 1558">
    <p class='ocr_par' dir='ltr' id='par_1_27' title="bbox 2124 1475 3771 1558">
     <span class='ocr_line' id='line_1_27' title="bbox 2124 1475 3771 1558; baseline 0.003 -27"><span class='ocrx_word' id='word_1_206' title='bbox 2124 1482 2321 1532; x_wconf 84' lang='grc' dir='ltr'>ναικῶν</span> <span class='ocrx_word' id='word_1_207' title='bbox 2379 1477 2752 1557; x_wconf 81' lang='grc' dir='ltr'>χωριζώμεθα,</span> <span class='ocrx_word' id='word_1_208' title='bbox 2815 1475 2951 1534; x_wconf 82' lang='grc' dir='ltr'>ἀλλὰ</span> <span class='ocrx_word' id='word_1_209' title='bbox 2982 1476 3241 1535; x_wconf 75' lang='grc' dir='ltr'><strong>παιδεύων</strong></span> <span class='ocrx_word' id='word_1_210' title='bbox 3297 1480 3443 1554; x_wconf 77' lang='grc' dir='ltr'>ἡμᾶς</span> <span class='ocrx_word' id='word_1_211' title='bbox 3513 1485 3771 1558; x_wconf 80' lang='grc' dir='ltr'>προτιμᾷν</span> 
     </span>
    </p>
   </div>
   <div class='ocr_carea' id='block_1_28' title="bbox 2122 1564 3773 1647">
    <p class='ocr_par' dir='ltr' id='par_1_28' title="bbox 2122 1564 3773 1647">
     <span class='ocr_line' id='line_1_28' title="bbox 2122 1564 3773 1647; baseline 0.002 -27"><span class='ocrx_word' id='word_1_212' title='bbox 2122 1564 2223 1631; x_wconf 75' lang='grc' dir='ltr'>τὴν</span> <span class='ocrx_word' id='word_1_213' title='bbox 2280 1566 2353 1631; x_wconf 90' lang='grc' dir='ltr'><strong>εἰς</strong></span> <span class='ocrx_word' id='word_1_214' title='bbox 2415 1568 2543 1622; x_wconf 85' lang='grc' dir='ltr'>Θεὸν</span> <span class='ocrx_word' id='word_1_215' title='bbox 2602 1564 2868 1626; x_wconf 72' lang='grc' dir='ltr'>εὐσέϐειαν</span> <span class='ocrx_word' id='word_1_216' title='bbox 2910 1567 3122 1625; x_wconf 73' lang='grc' dir='ltr'>πάντων</span> <span class='ocrx_word' id='word_1_217' title='bbox 3177 1574 3285 1624; x_wconf 84' lang='grc' dir='ltr'><strong>τῶν</strong></span> <span class='ocrx_word' id='word_1_218' title='bbox 3328 1574 3594 1647; x_wconf 80' lang='grc' dir='ltr'>σαρκικῶν</span> <span class='ocrx_word' id='word_1_219' title='bbox 3624 1566 3773 1627; x_wconf 81' lang='grc' dir='ltr'>Ἐπεὶ</span> 
     </span>
    </p>
   </div>
   <div class='ocr_carea' id='block_1_29' title="bbox 2122 1652 3773 1738">
    <p class='ocr_par' dir='ltr' id='par_1_29' title="bbox 2122 1652 3773 1738">
     <span class='ocr_line' id='line_1_29' title="bbox 2122 1652 3773 1738; baseline 0.004 -30"><span class='ocrx_word' id='word_1_220' title='bbox 2122 1654 2221 1731; x_wconf 77' lang='grc' dir='ltr'><strong>γὰρ</strong></span> <span class='ocrx_word' id='word_1_221' title='bbox 2275 1652 2515 1732; x_wconf 87' lang='grc' dir='ltr'>πόλεμος</span> <span class='ocrx_word' id='word_1_222' title='bbox 2572 1654 2838 1726; x_wconf 72' lang='grc' dir='ltr'>ἀνήπτετο</span> <span class='ocrx_word' id='word_1_223' title='bbox 2908 1656 3015 1713; x_wconf 79' lang='grc' dir='ltr'>ἀπὸ</span> <span class='ocrx_word' id='word_1_224' title='bbox 3082 1662 3175 1713; x_wconf 90' lang='grc' dir='ltr'><strong>τοῦ</strong></span> <span class='ocrx_word' id='word_1_225' title='bbox 3240 1658 3603 1738; x_wconf 79' lang='grc' dir='ltr'>κηρύγματος,</span> <span class='ocrx_word' id='word_1_226' title='bbox 3684 1661 3773 1715; x_wconf 86' lang='grc' dir='ltr'><strong>καὶ</strong></span> 
     </span>
    </p>
   </div>
   <div class='ocr_carea' id='block_1_30' title="bbox 395 1738 2034 1828">
    <p class='ocr_par' dir='ltr' id='par_1_30' title="bbox 395 1738 2034 1822">
     <span class='ocr_line' id='line_1_30' title="bbox 395 1738 2034 1822; baseline -0.002 -19"><span class='ocrx_word' id='word_1_227' title='bbox 395 1760 471 1806; x_wconf 85' lang='lat' dir='ltr'><strong>ne</strong></span> <span class='ocrx_word' id='word_1_228' title='bbox 501 1759 817 1804; x_wconf 88' lang='lat' dir='ltr'><strong>accensum</strong></span> <span class='ocrx_word' id='word_1_229' title='bbox 844 1751 990 1822; x_wconf 90' lang='lat' dir='ltr'><strong>erat,</strong></span> <span class='ocrx_word' id='word_1_230' title='bbox 1027 1751 1085 1803; x_wconf 90' lang='lat' dir='ltr'><strong>et</strong></span> <span class='ocrx_word' id='word_1_231' title='bbox 1116 1742 1383 1820; x_wconf 84' lang='lat' dir='ltr'><strong>negaturi</strong></span> <span class='ocrx_word' id='word_1_232' title='bbox 1418 1748 1587 1801; x_wconf 87' lang='lat' dir='ltr'><strong>erant</strong></span> <span class='ocrx_word' id='word_1_233' title='bbox 1610 1738 1777 1818; x_wconf 92' lang='lat' dir='ltr'><strong>pueri</strong></span> <span class='ocrx_word' id='word_1_234' title='bbox 1814 1757 2034 1818; x_wconf 85' lang='lat' dir='ltr'><strong>paren-</strong></span> 
     </span>
    </p>
   </div>
   <div class='ocr_carea' id='block_1_31' title="bbox 2118 1738 3768 1828">
    <p class='ocr_par' dir='ltr' id='par_1_31' title="bbox 2121 1741 3768 1828">
     <span class='ocr_line' id='line_1_31' title="bbox 2121 1741 3768 1828; baseline 0.003 -31"><span class='ocrx_word' id='word_1_235' title='bbox 2121 1741 2347 1816; x_wconf 71' lang='grc' dir='ltr'>ἴμελὶον</span> <span class='ocrx_word' id='word_1_236' title='bbox 2375 1744 2633 1828; x_wconf 30' lang='grc' dir='ltr'>’πατέρας</span> <span class='ocrx_word' id='word_1_237' title='bbox 2698 1744 2963 1823; x_wconf 78' lang='grc' dir='ltr'>ἀρνεῖσθαι</span> <span class='ocrx_word' id='word_1_238' title='bbox 3026 1743 3212 1809; x_wconf 77' lang='grc' dir='ltr'>παῖδες</span> <span class='ocrx_word' id='word_1_239' title='bbox 3244 1745 3329 1802; x_wconf 78' lang='grc' dir='ltr'>διὰ</span> <span class='ocrx_word' id='word_1_240' title='bbox 3362 1747 3457 1816; x_wconf 77' lang='grc' dir='ltr'><strong>τὴν</strong></span> <span class='ocrx_word' id='word_1_241' title='bbox 3481 1746 3768 1828; x_wconf 73' lang='grc' dir='ltr'>εὐσέϐειαν,</span> 
     </span>
    </p>
   </div>
   <div class='ocr_carea' id='block_1_32' title="bbox 395 1811 2034 1915">
    <p class='ocr_par' dir='ltr' id='par_1_32' title="bbox 395 1811 2034 1913">
     <span class='ocr_line' id='line_1_32' title="bbox 395 1811 2034 1913; baseline -0.002 -20"><span class='ocrx_word' id='word_1_242' title='bbox 395 1840 483 1894; x_wconf 90' lang='lat' dir='ltr'><strong>tes</strong></span> <span class='ocrx_word' id='word_1_243' title='bbox 532 1839 773 1913; x_wconf 87' lang='lat' dir='ltr'><strong>propter</strong></span> <span class='ocrx_word' id='word_1_244' title='bbox 825 1811 1123 1912; x_wconf 76' lang='lat' dir='ltr'><strong>pietatem,</strong></span> <span class='ocrx_word' id='word_1_245' title='bbox 1175 1811 1358 1893; x_wconf 76' lang='lat' dir='ltr'><strong>dicit:</strong></span> <span class='ocrx_word' id='word_1_246' title='bbox 1396 1811 1675 1909; x_wconf 78' lang='lat' dir='ltr'><strong>Quisquis</strong></span> <span class='ocrx_word' id='word_1_247' title='bbox 1728 1811 2034 1909; x_wconf 78' lang='lat' dir='ltr'><strong>reliquerit</strong></span> 
     </span>
    </p>
   </div>
   <div class='ocr_carea' id='block_1_33' title="bbox 2118 1811 3767 1915">
    <p class='ocr_par' dir='ltr' id='par_1_33' title="bbox 2124 1811 3767 1915">
     <span class='ocr_line' id='line_1_33' title="bbox 2124 1811 3767 1915; baseline 0.006 -31"><span class='ocrx_word' id='word_1_248' title='bbox 2124 1832 2305 1910; x_wconf 76' lang='grc' dir='ltr'>φησίν·</span> <span class='ocrx_word' id='word_1_249' title='bbox 2374 1811 2569 1898; x_wconf 75' lang='grc' dir='ltr'>’Ὅστις</span> <span class='ocrx_word' id='word_1_250' title='bbox 2652 1811 2846 1913; x_wconf 60' lang='grc' dir='ltr'>ἀφησει</span> <span class='ocrx_word' id='word_1_251' title='bbox 2928 1835 3024 1899; x_wconf 75' lang='grc' dir='ltr'><strong>τὰς</strong></span> <span class='ocrx_word' id='word_1_252' title='bbox 3100 1835 3351 1912; x_wconf 78' lang='grc' dir='ltr'>σαρκικάς</span> <span class='ocrx_word' id='word_1_253' title='bbox 3438 1811 3767 1915; x_wconf 58' lang='grc' dir='ltr'>συγγενείας,</span> 
     </span>
    </p>
   </div>
   <div class='ocr_carea' id='block_1_34' title="bbox 396 1918 2034 2005">
    <p class='ocr_par' dir='ltr' id='par_1_34' title="bbox 396 1918 2034 2002">
     <span class='ocr_line' id='line_1_34' title="bbox 396 1918 2034 2002; baseline -0.003 -18"><span class='ocrx_word' id='word_1_254' title='bbox 396 1931 677 2000; x_wconf 83' lang='lat' dir='ltr'><strong>cognatos</strong></span> <span class='ocrx_word' id='word_1_255' title='bbox 706 1940 854 2002; x_wconf 92' lang='lat' dir='ltr'><strong>quos</strong></span> <span class='ocrx_word' id='word_1_256' title='bbox 882 1920 993 1982; x_wconf 90' lang='lat' dir='ltr'><strong>sibi</strong></span> <span class='ocrx_word' id='word_1_257' title='bbox 1028 1930 1238 1983; x_wconf 86' lang='lat' dir='ltr'><strong>natura</strong></span> <span class='ocrx_word' id='word_1_258' title='bbox 1260 1920 1443 1993; x_wconf 86' lang='lat' dir='ltr'><strong>dedit,</strong></span> <span class='ocrx_word' id='word_1_259' title='bbox 1481 1926 1539 1981; x_wconf 89' lang='lat' dir='ltr'><strong>et</strong></span> <span class='ocrx_word' id='word_1_260' title='bbox 1571 1918 1631 1979; x_wconf 91' lang='lat' dir='ltr'><strong>in</strong></span> <span class='ocrx_word' id='word_1_261' title='bbox 1664 1937 1897 1979; x_wconf 88' lang='lat' dir='ltr'><strong>summa</strong></span> <span class='ocrx_word' id='word_1_262' title='bbox 1914 1936 2034 1980; x_wconf 90' lang='lat' dir='ltr'><strong>cor-</strong></span> 
     </span>
    </p>
   </div>
   <div class='ocr_carea' id='block_1_35' title="bbox 2118 1918 3770 2005">
    <p class='ocr_par' dir='ltr' id='par_1_35' title="bbox 2124 1919 3770 2005">
     <span class='ocr_line' id='line_1_35' title="bbox 2124 1919 3770 2005; baseline 0.005 -30"><span class='ocrx_word' id='word_1_263' title='bbox 2124 1921 2211 1976; x_wconf 85' lang='grc' dir='ltr'><strong>καὶ</strong></span> <span class='ocrx_word' id='word_1_264' title='bbox 2273 1919 2453 1986; x_wconf 79' lang='grc' dir='ltr'>ἁπλῶς</span> <span class='ocrx_word' id='word_1_265' title='bbox 2511 1921 2681 1977; x_wconf 80' lang='grc' dir='ltr'>πάννα</span> <span class='ocrx_word' id='word_1_266' title='bbox 2737 1923 2803 1978; x_wconf 80' lang='grc' dir='ltr'>τὰ</span> <span class='ocrx_word' id='word_1_267' title='bbox 2873 1923 3153 1998; x_wconf 76' lang='grc' dir='ltr'>σωματικὰ</span> <span class='ocrx_word' id='word_1_268' title='bbox 3209 1922 3383 1980; x_wconf 77' lang='grc' dir='ltr'>ἕνεκεν</span> <span class='ocrx_word' id='word_1_269' title='bbox 3443 1928 3536 1983; x_wconf 86' lang='grc' dir='ltr'><strong>τοῦ</strong></span> <span class='ocrx_word' id='word_1_270' title='bbox 3593 1927 3770 2005; x_wconf 79' lang='grc' dir='ltr'>Εύαγ-</span> 
     </span>
    </p>
   </div>
   <div class='ocr_carea' id='block_1_36' title="bbox 396 2007 2034 2092">
    <p class='ocr_par' dir='ltr' id='par_1_36' title="bbox 396 2008 2034 2092">
     <span class='ocr_line' id='line_1_36' title="bbox 396 2008 2034 2092; baseline -0.004 -19"><span class='ocrx_word' id='word_1_271' title='bbox 396 2010 619 2092; x_wconf 87' lang='lat' dir='ltr'><strong>poralia</strong></span> <span class='ocrx_word' id='word_1_272' title='bbox 667 2012 866 2073; x_wconf 87' lang='lat' dir='ltr'><strong>omnia</strong></span> <span class='ocrx_word' id='word_1_273' title='bbox 897 2019 1137 2092; x_wconf 89' lang='lat' dir='ltr'><strong>propter</strong></span> <span class='ocrx_word' id='word_1_274' title='bbox 1166 2009 1575 2089; x_wconf 88' lang='lat' dir='ltr'><strong>Evangelium,</strong></span> <span class='ocrx_word' id='word_1_275' title='bbox 1600 2008 1879 2089; x_wconf 91' lang='lat' dir='ltr'><strong>centupla</strong></span> <span class='ocrx_word' id='word_1_276' title='bbox 1909 2026 2034 2068; x_wconf 90' lang='lat' dir='ltr'><strong>om-</strong></span> 
     </span>
    </p>
   </div>
   <div class='ocr_carea' id='block_1_37' title="bbox 2118 2007 3772 2092">
    <p class='ocr_par' dir='ltr' id='par_1_37' title="bbox 2123 2007 3772 2089">
     <span class='ocr_line' id='line_1_37' title="bbox 2123 2007 3772 2089; baseline 0.003 -26"><span class='ocrx_word' id='word_1_277' title='bbox 2123 2007 2327 2089; x_wconf 85' lang='grc' dir='ltr'>γελίου,</span> <span class='ocrx_word' id='word_1_278' title='bbox 2390 2008 2906 2068; x_wconf 78' lang='grc' dir='ltr'>ἑκατονταπλασίονα</span> <span class='ocrx_word' id='word_1_279' title='bbox 2983 2012 3158 2068; x_wconf 84' lang='grc' dir='ltr'>πάντα</span> <span class='ocrx_word' id='word_1_280' title='bbox 3226 2011 3457 2088; x_wconf 78' lang='grc' dir='ltr'>λήψεται</span> <span class='ocrx_word' id='word_1_281' title='bbox 3486 2016 3542 2071; x_wconf 54' lang='grc' dir='ltr'><strong>ἐν</strong></span> <span class='ocrx_word' id='word_1_282' title='bbox 3578 2021 3656 2088; x_wconf 82' lang='grc' dir='ltr'><strong>τῷ</strong></span> <span class='ocrx_word' id='word_1_283' title='bbox 3684 2021 3772 2071; x_wconf 89' lang='grc' dir='ltr'><strong>νῦν</strong></span> 
     </span>
    </p>
   </div>
   <div class='ocr_carea' id='block_1_38' title="bbox 392 2092 2034 2183">
    <p class='ocr_par' dir='ltr' id='par_1_38' title="bbox 392 2095 2034 2180">
     <span class='ocr_line' id='line_1_38' title="bbox 392 2095 2034 2180; baseline -0.002 -20"><span class='ocrx_word' id='word_1_284' title='bbox 392 2100 487 2160; x_wconf 91' lang='lat' dir='ltr'><strong>nia</strong></span> <span class='ocrx_word' id='word_1_285' title='bbox 514 2098 766 2179; x_wconf 88' lang='lat' dir='ltr'><strong>accipiet</strong></span> <span class='ocrx_word' id='word_1_286' title='bbox 796 2099 855 2159; x_wconf 90' lang='lat' dir='ltr'><strong>in</strong></span> <span class='ocrx_word' id='word_1_287' title='bbox 889 2100 1165 2180; x_wconf 69' lang='lat' dir='ltr'><strong>praesenti</strong></span> <span class='ocrx_word' id='word_1_288' title='bbox 1197 2098 1435 2176; x_wconf 66' lang='lat' dir='ltr'><strong>saeculo,</strong></span> <span class='ocrx_word' id='word_1_289' title='bbox 1464 2105 1523 2159; x_wconf 91' lang='lat' dir='ltr'><strong>et</strong></span> <span class='ocrx_word' id='word_1_290' title='bbox 1553 2097 1614 2157; x_wconf 87' lang='lat' dir='ltr'><strong>in</strong></span> <span class='ocrx_word' id='word_1_291' title='bbox 1636 2096 1833 2157; x_wconf 92' lang='lat' dir='ltr'><strong>futuro</strong></span> <span class='ocrx_word' id='word_1_292' title='bbox 1864 2095 2034 2157; x_wconf 88' lang='lat' dir='ltr'><strong>vitam</strong></span> 
     </span>
    </p>
   </div>
   <div class='ocr_carea' id='block_1_39' title="bbox 2118 2092 3773 2183">
    <p class='ocr_par' dir='ltr' id='par_1_39' title="bbox 2125 2092 3773 2183">
     <span class='ocr_line' id='line_1_39' title="bbox 2125 2092 3773 2183; baseline 0.002 -29"><span class='ocrx_word' id='word_1_293' title='bbox 2125 2102 2298 2175; x_wconf 72' lang='grc' dir='ltr'>αἰῶνι,</span> <span class='ocrx_word' id='word_1_294' title='bbox 2355 2102 2443 2157; x_wconf 85' lang='grc' dir='ltr'><strong>καὶ</strong></span> <span class='ocrx_word' id='word_1_295' title='bbox 2495 2100 2551 2157; x_wconf 91' lang='grc' dir='ltr'><strong>ἐν</strong></span> <span class='ocrx_word' id='word_1_296' title='bbox 2618 2109 2695 2175; x_wconf 84' lang='grc' dir='ltr'>τῷ</span> <span class='ocrx_word' id='word_1_297' title='bbox 2725 2102 3002 2181; x_wconf 78' lang='grc' dir='ltr'><strong>ἐρχομένῳ</strong></span> <span class='ocrx_word' id='word_1_298' title='bbox 3055 2102 3197 2173; x_wconf 79' lang='grc' dir='ltr'>ζωὴν</span> <span class='ocrx_word' id='word_1_299' title='bbox 3241 2103 3471 2166; x_wconf 85' lang='grc' dir='ltr'>αἰώνιον,</span> <span class='ocrx_word' id='word_1_300' title='bbox 3506 2092 3637 2183; x_wconf 65' lang='grc' dir='ltr'>Ἆρα</span> <span class='ocrx_word' id='word_1_301' title='bbox 3684 2104 3773 2162; x_wconf 82' lang='grc' dir='ltr'><strong>οῦν</strong></span> 
     </span>
    </p>
   </div>
   <div class='ocr_carea' id='block_1_40' title="bbox 390 2186 2034 2269">
    <p class='ocr_par' dir='ltr' id='par_1_40' title="bbox 390 2186 2034 2269">
     <span class='ocr_line' id='line_1_40' title="bbox 390 2186 2034 2269; baseline -0.003 -19"><span class='ocrx_word' id='word_1_302' title='bbox 390 2196 694 2251; x_wconf 65' lang='lat' dir='ltr'><strong>aeternam.</strong></span> <span class='ocrx_word' id='word_1_303' title='bbox 729 2187 1026 2269; x_wconf 86' lang='lat' dir='ltr'><strong>Numquid</strong></span> <span class='ocrx_word' id='word_1_304' title='bbox 1053 2207 1193 2268; x_wconf 83' lang='lat' dir='ltr'><strong>ergo</strong></span> <span class='ocrx_word' id='word_1_305' title='bbox 1226 2196 1283 2250; x_wconf 91' lang='lat' dir='ltr'><strong>et</strong></span> <span class='ocrx_word' id='word_1_306' title='bbox 1306 2186 1592 2249; x_wconf 86' lang='lat' dir='ltr'><strong>mulieres</strong></span> <span class='ocrx_word' id='word_1_307' title='bbox 1623 2194 1860 2247; x_wconf 86' lang='lat' dir='ltr'><strong>centum</strong></span> <span class='ocrx_word' id='word_1_308' title='bbox 1892 2186 2034 2247; x_wconf 90' lang='lat' dir='ltr'><strong>acci-</strong></span> 
     </span>
    </p>
   </div>
   <div class='ocr_carea' id='block_1_41' title="bbox 2118 2186 3773 2269">
    <p class='ocr_par' dir='ltr' id='par_1_41' title="bbox 2125 2189 3773 2269">
     <span class='ocr_line' id='line_1_41' title="bbox 2125 2189 3773 2269; baseline 0.003 -26"><span class='ocrx_word' id='word_1_309' title='bbox 2125 2189 2212 2245; x_wconf 83' lang='grc' dir='ltr'><strong>καὶ</strong></span> <span class='ocrx_word' id='word_1_310' title='bbox 2267 2203 2525 2267; x_wconf 75' lang='grc' dir='ltr'>γυδαϊκας</span> <span class='ocrx_word' id='word_1_311' title='bbox 2582 2190 3131 2255; x_wconf 74' lang='grc' dir='ltr'>ἑκατονταπλασίονας</span> <span class='ocrx_word' id='word_1_312' title='bbox 3163 2190 3443 2269; x_wconf 71' lang='grc' dir='ltr'>λήψεται,</span> <span class='ocrx_word' id='word_1_313' title='bbox 3492 2194 3615 2253; x_wconf 84' lang='grc' dir='ltr'>Ναί⁶</span> <span class='ocrx_word' id='word_1_314' title='bbox 3675 2194 3773 2251; x_wconf 72' lang='grc' dir='ltr'>κᾶν</span> 
     </span>
    </p>
   </div>
   <div class='ocr_carea' id='block_1_42' title="bbox 392 2274 2034 2360">
    <p class='ocr_par' dir='ltr' id='par_1_42' title="bbox 392 2274 2034 2358">
     <span class='ocr_line' id='line_1_42' title="bbox 392 2274 2034 2358; baseline -0.002 -19"><span class='ocrx_word' id='word_1_315' title='bbox 392 2277 547 2358; x_wconf 88' lang='lat' dir='ltr'><strong>piet?</strong></span> <span class='ocrx_word' id='word_1_316' title='bbox 584 2277 796 2340; x_wconf 90' lang='lat' dir='ltr'><strong>Etiam.</strong></span> <span class='ocrx_word' id='word_1_317' title='bbox 827 2278 1083 2339; x_wconf 86' lang='lat' dir='ltr'><strong>Tametsi</strong></span> <span class='ocrx_word' id='word_1_318' title='bbox 1118 2276 1464 2339; x_wconf 90' lang='lat' dir='ltr'><strong>maledictus</strong></span> <span class='ocrx_word' id='word_1_319' title='bbox 1495 2274 1761 2338; x_wconf 80' lang='lat' dir='ltr'><strong>Julianus</strong></span> <span class='ocrx_word' id='word_1_320' title='bbox 1792 2274 1903 2336; x_wconf 91' lang='lat' dir='ltr'><strong>hoc</strong></span> <span class='ocrx_word' id='word_1_321' title='bbox 1952 2275 2034 2337; x_wconf 90' lang='lat' dir='ltr'><strong>ir-</strong></span> 
     </span>
    </p>
   </div>
   <div class='ocr_carea' id='block_1_43' title="bbox 2118 2274 3772 2360">
    <p class='ocr_par' dir='ltr' id='par_1_43' title="bbox 2124 2278 3772 2360">
     <span class='ocr_line' id='line_1_43' title="bbox 2124 2278 3772 2360; baseline 0.005 -27"><span class='ocrx_word' id='word_1_322' title='bbox 2124 2279 2151 2333; x_wconf 86' lang='lat'><strong>6</strong></span> <span class='ocrx_word' id='word_1_323' title='bbox 2222 2279 2516 2358; x_wconf 80' lang='grc' dir='ltr'>κατάρατος</span> <span class='ocrx_word' id='word_1_324' title='bbox 2575 2278 2859 2343; x_wconf 84' lang='grc' dir='ltr'>Ἰουλιανὸς</span> <span class='ocrx_word' id='word_1_325' title='bbox 2918 2278 3190 2357; x_wconf 75' lang='grc' dir='ltr'>ἔκωμῲδει</span> <span class='ocrx_word' id='word_1_326' title='bbox 3258 2290 3435 2339; x_wconf 83' lang='grc' dir='ltr'>τοῦτο·</span> <span class='ocrx_word' id='word_1_327' title='bbox 3506 2284 3619 2341; x_wconf 86' lang='grc' dir='ltr'><strong>εἰπέ</strong></span> <span class='ocrx_word' id='word_1_328' title='bbox 3680 2307 3772 2360; x_wconf 78' lang='grc' dir='ltr'><strong>μοι</strong></span> 
     </span>
    </p>
   </div>
   <div class='ocr_carea' id='block_1_44' title="bbox 386 2362 2039 2439">
    <p class='ocr_par' dir='ltr' id='par_1_44' title="bbox 386 2362 2039 2439">
     <span class='ocr_line' id='line_1_44' title="bbox 386 2362 2039 2439; baseline -0.001 -12"><span class='ocrx_word' id='word_1_329' title='bbox 386 2367 605 2428; x_wconf 87' lang='lat' dir='ltr'><strong>riserit.</strong></span> <span class='ocrx_word' id='word_1_330' title='bbox 631 2364 781 2439; x_wconf 87' lang='lat' dir='ltr'><strong>Quid</strong></span> <span class='ocrx_word' id='word_1_331' title='bbox 813 2366 1040 2428; x_wconf 83' lang='lat' dir='ltr'><strong>confert</strong></span> <span class='ocrx_word' id='word_1_332' title='bbox 1068 2383 1214 2429; x_wconf 84' lang='lat' dir='ltr'><strong>uxor</strong></span> <span class='ocrx_word' id='word_1_333' title='bbox 1243 2365 1448 2427; x_wconf 86' lang='lat' dir='ltr'><strong>domui</strong></span> <span class='ocrx_word' id='word_1_334' title='bbox 1471 2363 1609 2427; x_wconf 85' lang='lat' dir='ltr'><strong>viri?</strong></span> <span class='ocrx_word' id='word_1_335' title='bbox 1640 2362 1895 2427; x_wconf 91' lang='lat' dir='ltr'><strong>Omnino</strong></span> <span class='ocrx_word' id='word_1_336' title='bbox 1927 2383 2039 2425; x_wconf 81' lang='lat' dir='ltr'><strong>cu-</strong></span> 
     </span>
    </p>
   </div>
   <div class='ocr_carea' id='block_1_45' title="bbox 386 2452 2040 2536">
    <p class='ocr_par' dir='ltr' id='par_1_45' title="bbox 386 2452 2040 2536">
     <span class='ocr_line' id='line_1_45' title="bbox 386 2452 2040 2536; baseline -0.001 -19"><span class='ocrx_word' id='word_1_337' title='bbox 386 2456 668 2517; x_wconf 85' lang='lat' dir='ltr'><strong>ratutvir</strong></span> <span class='ocrx_word' id='word_1_338' title='bbox 700 2454 913 2516; x_wconf 88' lang='lat' dir='ltr'><strong>habeat</strong></span> <span class='ocrx_word' id='word_1_339' title='bbox 940 2455 1097 2536; x_wconf 88' lang='lat' dir='ltr'><strong>quod</strong></span> <span class='ocrx_word' id='word_1_340' title='bbox 1154 2455 1312 2529; x_wconf 86' lang='lat' dir='ltr'><strong>edat,</strong></span> <span class='ocrx_word' id='word_1_341' title='bbox 1356 2453 1575 2535; x_wconf 90' lang='lat' dir='ltr'><strong>quibus</strong></span> <span class='ocrx_word' id='word_1_342' title='bbox 1635 2452 1937 2534; x_wconf 86' lang='lat' dir='ltr'><strong>induatur,</strong></span> <span class='ocrx_word' id='word_1_343' title='bbox 1982 2460 2040 2515; x_wconf 84' lang='lat' dir='ltr'><strong>et</strong></span> 
     </span>
    </p>
   </div>
   <div class='ocr_carea' id='block_1_46' title="bbox 387 2543 2033 2624">
    <p class='ocr_par' dir='ltr' id='par_1_46' title="bbox 387 2543 2033 2624">
     <span class='ocr_line' id='line_1_46' title="bbox 387 2543 2033 2624; baseline -0.001 -17"><span class='ocrx_word' id='word_1_344' title='bbox 387 2546 599 2607; x_wconf 88' lang='lat' dir='ltr'><strong>horum</strong></span> <span class='ocrx_word' id='word_1_345' title='bbox 636 2546 898 2606; x_wconf 90' lang='lat' dir='ltr'><strong>omnium</strong></span> <span class='ocrx_word' id='word_1_346' title='bbox 930 2563 1133 2607; x_wconf 89' lang='lat' dir='ltr'><strong>curam</strong></span> <span class='ocrx_word' id='word_1_347' title='bbox 1194 2544 1404 2606; x_wconf 90' lang='lat' dir='ltr'><strong>adimit</strong></span> <span class='ocrx_word' id='word_1_348' title='bbox 1462 2543 1606 2605; x_wconf 90' lang='lat' dir='ltr'><strong>viro.</strong></span> <span class='ocrx_word' id='word_1_349' title='bbox 1640 2543 1792 2606; x_wconf 84' lang='lat' dir='ltr'><strong>Vide</strong></span> <span class='ocrx_word' id='word_1_350' title='bbox 1838 2543 2033 2624; x_wconf 89' lang='lat' dir='ltr'><strong>itaque</strong></span> 
     </span>
    </p>
   </div>
   <div class='ocr_carea' id='block_1_47' title="bbox 386 2631 2031 2713">
    <p class='ocr_par' dir='ltr' id='par_1_47' title="bbox 386 2631 2031 2713">
     <span class='ocr_line' id='line_1_47' title="bbox 386 2631 2031 2713; baseline -0.002 -17"><span class='ocrx_word' id='word_1_351' title='bbox 386 2635 498 2696; x_wconf 90' lang='lat' dir='ltr'><strong>hoc</strong></span> <span class='ocrx_word' id='word_1_352' title='bbox 520 2633 783 2696; x_wconf 89' lang='lat' dir='ltr'><strong>etiamin</strong></span> <span class='ocrx_word' id='word_1_353' title='bbox 816 2635 1115 2713; x_wconf 90' lang='lat' dir='ltr'><strong>apostolis.</strong></span> <span class='ocrx_word' id='word_1_354' title='bbox 1152 2632 1306 2706; x_wconf 83' lang='lat' dir='ltr'><strong>Quot</strong></span> <span class='ocrx_word' id='word_1_355' title='bbox 1337 2631 1616 2695; x_wconf 90' lang='lat' dir='ltr'><strong>mulieres</strong></span> <span class='ocrx_word' id='word_1_356' title='bbox 1672 2633 1863 2713; x_wconf 89' lang='lat' dir='ltr'><strong>fuere,</strong></span> <span class='ocrx_word' id='word_1_357' title='bbox 1895 2634 2031 2713; x_wconf 86' lang='lat' dir='ltr'><strong>qui-</strong></span> 
     </span>
    </p>
   </div>
   <div class='ocr_carea' id='block_1_48' title="bbox 387 2722 2033 2803">
    <p class='ocr_par' dir='ltr' id='par_1_48' title="bbox 387 2722 2033 2803">
     <span class='ocr_line' id='line_1_48' title="bbox 387 2722 2033 2803; baseline -0.001 -20"><span class='ocrx_word' id='word_1_358' title='bbox 387 2722 501 2783; x_wconf 90' lang='lat' dir='ltr'><strong>bus</strong></span> <span class='ocrx_word' id='word_1_359' title='bbox 529 2740 670 2785; x_wconf 89' lang='lat' dir='ltr'><strong>cura</strong></span> <span class='ocrx_word' id='word_1_360' title='bbox 700 2730 828 2786; x_wconf 89' lang='lat' dir='ltr'><strong>erat</strong></span> <span class='ocrx_word' id='word_1_361' title='bbox 856 2723 931 2785; x_wconf 91' lang='lat' dir='ltr'><strong>de</strong></span> <span class='ocrx_word' id='word_1_362' title='bbox 978 2723 1198 2785; x_wconf 89' lang='lat' dir='ltr'><strong>amictu</strong></span> <span class='ocrx_word' id='word_1_363' title='bbox 1259 2732 1317 2784; x_wconf 90' lang='lat' dir='ltr'><strong>et</strong></span> <span class='ocrx_word' id='word_1_364' title='bbox 1367 2740 1469 2783; x_wconf 89' lang='lat' dir='ltr'><strong>esu</strong></span> <span class='ocrx_word' id='word_1_365' title='bbox 1519 2722 1778 2793; x_wconf 90' lang='lat' dir='ltr'><strong>illorum,</strong></span> <span class='ocrx_word' id='word_1_366' title='bbox 1816 2730 1872 2783; x_wconf 91' lang='lat' dir='ltr'><strong>et</strong></span> <span class='ocrx_word' id='word_1_367' title='bbox 1904 2740 2033 2803; x_wconf 67' lang='lat' dir='ltr'><strong>quae</strong></span> 
     </span>
    </p>
   </div>
   <div class='ocr_carea' id='block_1_49' title="bbox 390 2810 2028 2894">
    <p class='ocr_par' dir='ltr' id='par_1_49' title="bbox 390 2810 2028 2894">
     <span class='ocr_line' id='line_1_49' title="bbox 390 2810 2028 2894; baseline 0 -22"><span class='ocrx_word' id='word_1_368' title='bbox 390 2812 799 2875; x_wconf 87' lang='lat' dir='ltr'><strong>ministrarunt</strong></span> <span class='ocrx_word' id='word_1_369' title='bbox 853 2812 960 2888; x_wconf 94' lang='lat' dir='ltr'><strong>eis,</strong></span> <span class='ocrx_word' id='word_1_370' title='bbox 1009 2813 1112 2894; x_wconf 92' lang='lat' dir='ltr'><strong>qui</strong></span> <span class='ocrx_word' id='word_1_371' title='bbox 1160 2812 1303 2874; x_wconf 89' lang='lat' dir='ltr'><strong>nihil</strong></span> <span class='ocrx_word' id='word_1_372' title='bbox 1338 2813 1550 2874; x_wconf 90' lang='lat' dir='ltr'><strong>horum</strong></span> <span class='ocrx_word' id='word_1_373' title='bbox 1584 2810 1890 2886; x_wconf 90' lang='lat' dir='ltr'><strong>curabant,</strong></span> <span class='ocrx_word' id='word_1_374' title='bbox 1924 2811 2028 2872; x_wconf 85' lang='lat' dir='ltr'><strong>sed</strong></span> 
     </span>
    </p>
   </div>
   <div class='ocr_carea' id='block_1_50' title="bbox 385 2900 2033 2964">
    <p class='ocr_par' dir='ltr' id='par_1_50' title="bbox 385 2900 2033 2964">
     <span class='ocr_line' id='line_1_50' title="bbox 385 2900 2033 2964; baseline -0.001 -1"><span class='ocrx_word' id='word_1_375' title='bbox 385 2902 575 2964; x_wconf 91' lang='lat' dir='ltr'><strong>solum</strong></span> <span class='ocrx_word' id='word_1_376' title='bbox 606 2920 945 2964; x_wconf 90' lang='lat' dir='ltr'><strong>sermonem</strong></span> <span class='ocrx_word' id='word_1_377' title='bbox 971 2912 1029 2964; x_wconf 86' lang='lat' dir='ltr'><strong>et</strong></span> <span class='ocrx_word' id='word_1_378' title='bbox 1056 2900 1707 2964; x_wconf 83' lang='lat' dir='ltr'><strong>doctrinam?Similiter</strong></span> <span class='ocrx_word' id='word_1_379' title='bbox 1737 2907 1955 2961; x_wconf 90' lang='lat' dir='ltr'><strong>matres</strong></span> <span class='ocrx_word' id='word_1_380' title='bbox 1975 2907 2033 2961; x_wconf 91' lang='lat' dir='ltr'><strong>et</strong></span> 
     </span>
    </p>
   </div>
   <div class='ocr_carea' id='block_1_51' title="bbox 2124 2366 3773 2449">
    <p class='ocr_par' dir='ltr' id='par_1_51' title="bbox 2124 2366 3773 2449">
     <span class='ocr_line' id='line_1_51' title="bbox 2124 2366 3773 2449; baseline 0.006 -27"><span class='ocrx_word' id='word_1_381' title='bbox 2124 2366 2246 2445; x_wconf 70' lang='grc' dir='ltr'>γὰρ,</span> <span class='ocrx_word' id='word_1_382' title='bbox 2328 2369 2378 2423; x_wconf 78' lang='grc' dir='ltr'><strong>τί</strong></span> <span class='ocrx_word' id='word_1_383' title='bbox 2432 2366 2792 2443; x_wconf 75' lang='grc' dir='ltr'>συμϐάλλεται</span> <span class='ocrx_word' id='word_1_384' title='bbox 2862 2371 2896 2436; x_wconf 77' lang='grc' dir='ltr'><strong>ἡ</strong></span> <span class='ocrx_word' id='word_1_385' title='bbox 2949 2370 3081 2447; x_wconf 82' lang='grc' dir='ltr'>γυνὴ</span> <span class='ocrx_word' id='word_1_386' title='bbox 3136 2371 3268 2449; x_wconf 81' lang='grc' dir='ltr'>πρὸς</span> <span class='ocrx_word' id='word_1_387' title='bbox 3324 2371 3426 2439; x_wconf 77' lang='grc' dir='ltr'><strong>τὴν</strong></span> <span class='ocrx_word' id='word_1_388' title='bbox 3470 2373 3637 2430; x_wconf 85' lang='grc' dir='ltr'>οἰκίαν</span> <span class='ocrx_word' id='word_1_389' title='bbox 3682 2382 3773 2432; x_wconf 81' lang='grc' dir='ltr'><strong>τοῦ</strong></span> 
     </span>
    </p>
   </div>
   <div class='ocr_carea' id='block_1_52' title="bbox 2124 2454 3769 2543">
    <p class='ocr_par' dir='ltr' id='par_1_52' title="bbox 2124 2454 3769 2543">
     <span class='ocr_line' id='line_1_52' title="bbox 2124 2454 3769 2543; baseline 0.005 -32"><span class='ocrx_word' id='word_1_390' title='bbox 2124 2454 2308 2536; x_wconf 86' lang='grc' dir='ltr'>ἀνδρός</span> <span class='ocrx_word' id='word_1_391' title='bbox 2346 2476 2362 2531; x_wconf 88' lang='grc'>;</span> <span class='ocrx_word' id='word_1_392' title='bbox 2419 2456 2635 2522; x_wconf 77' lang='grc' dir='ltr'>Πάδτως</span> <span class='ocrx_word' id='word_1_393' title='bbox 2694 2456 3032 2534; x_wconf 78' lang='grc' dir='ltr'>ἐπιμελεῖται</span> <span class='ocrx_word' id='word_1_394' title='bbox 3075 2464 3173 2527; x_wconf 79' lang='grc' dir='ltr'>τῆς</span> <span class='ocrx_word' id='word_1_395' title='bbox 3204 2465 3404 2541; x_wconf 75' lang='grc' dir='ltr'>τροφῆς</span> <span class='ocrx_word' id='word_1_396' title='bbox 3436 2470 3527 2521; x_wconf 82' lang='grc' dir='ltr'><strong>τοῦ</strong></span> <span class='ocrx_word' id='word_1_397' title='bbox 3558 2460 3769 2543; x_wconf 80' lang='grc' dir='ltr'>ἀνδρὸς,</span> 
     </span>
    </p>
   </div>
   <div class='ocr_carea' id='block_1_53' title="bbox 2120 2544 3769 2628">
    <p class='ocr_par' dir='ltr' id='par_1_53' title="bbox 2120 2544 3769 2628">
     <span class='ocr_line' id='line_1_53' title="bbox 2120 2544 3769 2628; baseline 0.003 -27"><span class='ocrx_word' id='word_1_398' title='bbox 2120 2551 2225 2601; x_wconf 85' lang='grc' dir='ltr'><strong>τῶν</strong></span> <span class='ocrx_word' id='word_1_399' title='bbox 2284 2544 2604 2622; x_wconf 71' lang='grc' dir='ltr'>ἐνδυμάτων,</span> <span class='ocrx_word' id='word_1_400' title='bbox 2669 2549 2758 2603; x_wconf 74' lang='grc' dir='ltr'><strong>καὶ</strong></span> <span class='ocrx_word' id='word_1_401' title='bbox 2812 2554 2987 2605; x_wconf 84' lang='grc' dir='ltr'>πᾶσαν</span> <span class='ocrx_word' id='word_1_402' title='bbox 3044 2548 3379 2628; x_wconf 68' lang='grc' dir='ltr'>ἀφροντισίαν</span> <span class='ocrx_word' id='word_1_403' title='bbox 3408 2550 3514 2608; x_wconf 82' lang='grc' dir='ltr'>ἀπὸ</span> <span class='ocrx_word' id='word_1_404' title='bbox 3566 2552 3769 2609; x_wconf 87' lang='grc' dir='ltr'>τούτων</span> 
     </span>
    </p>
   </div>
   <div class='ocr_carea' id='block_1_54' title="bbox 2114 2631 3767 2714">
    <p class='ocr_par' dir='ltr' id='par_1_54' title="bbox 2114 2631 3767 2714">
     <span class='ocr_line' id='line_1_54' title="bbox 2114 2631 3767 2714; baseline 0.004 -25"><span class='ocrx_word' id='word_1_405' title='bbox 2114 2631 2231 2712; x_wconf 78' lang='grc' dir='ltr'>ἄγει</span> <span class='ocrx_word' id='word_1_406' title='bbox 2290 2636 2318 2692; x_wconf 87' lang='lat'><strong>6</strong></span> <span class='ocrx_word' id='word_1_407' title='bbox 2368 2635 2523 2714; x_wconf 68' lang='grc' dir='ltr'>ἀνὴρ.</span> <span class='ocrx_word' id='word_1_408' title='bbox 2584 2635 2709 2695; x_wconf 79' lang='grc' dir='ltr'>’Ίδε</span> <span class='ocrx_word' id='word_1_409' title='bbox 2758 2636 2928 2693; x_wconf 84' lang='grc' dir='ltr'>τοίνυν</span> <span class='ocrx_word' id='word_1_410' title='bbox 2953 2659 3106 2694; x_wconf 78' lang='grc' dir='ltr'>τουτο</span> <span class='ocrx_word' id='word_1_411' title='bbox 3138 2639 3225 2695; x_wconf 85' lang='grc' dir='ltr'><strong>καὶ</strong></span> <span class='ocrx_word' id='word_1_412' title='bbox 3253 2638 3337 2695; x_wconf 85' lang='grc' dir='ltr'><strong>ἐπὶ</strong></span> <span class='ocrx_word' id='word_1_413' title='bbox 3379 2646 3486 2697; x_wconf 83' lang='grc' dir='ltr'><strong>τῶν</strong></span> <span class='ocrx_word' id='word_1_414' title='bbox 3530 2640 3767 2696; x_wconf 81' lang='grc' dir='ltr'>ἀποστό-</span> 
     </span>
    </p>
   </div>
   <div class='ocr_carea' id='block_1_55' title="bbox 2113 2722 3763 2813">
    <p class='ocr_par' dir='ltr' id='par_1_55' title="bbox 2113 2722 3763 2813">
     <span class='ocr_line' id='line_1_55' title="bbox 2113 2722 3763 2813; baseline 0.004 -34"><span class='ocrx_word' id='word_1_415' title='bbox 2113 2722 2243 2799; x_wconf 90' lang='grc' dir='ltr'>λων,</span> <span class='ocrx_word' id='word_1_416' title='bbox 2318 2726 2478 2781; x_wconf 83' lang='grc' dir='ltr'>πόσαι</span> <span class='ocrx_word' id='word_1_417' title='bbox 2548 2725 3153 2813; x_wconf 38' lang='grc' dir='ltr'>ψναϊκεςιέφρόντιζον</span> <span class='ocrx_word' id='word_1_418' title='bbox 3179 2730 3283 2784; x_wconf 83' lang='grc' dir='ltr'><strong>τῶν</strong></span> <span class='ocrx_word' id='word_1_419' title='bbox 3328 2726 3631 2804; x_wconf 69' lang='grc' dir='ltr'>ἐνδυμάτων</span> <span class='ocrx_word' id='word_1_420' title='bbox 3674 2730 3763 2785; x_wconf 76' lang='grc' dir='ltr'><strong>καὶ</strong></span> 
     </span>
    </p>
   </div>
   <div class='ocr_carea' id='block_1_56' title="bbox 2113 2814 3749 2896">
    <p class='ocr_par' dir='ltr' id='par_1_56' title="bbox 2113 2814 3749 2896">
     <span class='ocr_line' id='line_1_56' title="bbox 2113 2814 3749 2896; baseline 0.005 -28"><span class='ocrx_word' id='word_1_421' title='bbox 2113 2818 2218 2868; x_wconf 87' lang='grc' dir='ltr'><strong>τῶν</strong></span> <span class='ocrx_word' id='word_1_422' title='bbox 2309 2815 2606 2893; x_wconf 74' lang='grc' dir='ltr'>βρωμάτων</span> <span class='ocrx_word' id='word_1_423' title='bbox 2689 2815 2884 2896; x_wconf 67' lang='grc' dir='ltr'>αὐτῶν,</span> <span class='ocrx_word' id='word_1_424' title='bbox 3013 2818 3100 2873; x_wconf 86' lang='grc' dir='ltr'>καὶ</span> <span class='ocrx_word' id='word_1_425' title='bbox 3183 2814 3455 2883; x_wconf 83' lang='grc' dir='ltr'>διηκόνουν</span> <span class='ocrx_word' id='word_1_426' title='bbox 3562 2818 3749 2876; x_wconf 72' lang='grc' dir='ltr'>αύτοῒς</span> 
     </span>
    </p>
   </div>
   <div class='ocr_carea' id='block_1_57' title="bbox 2113 2903 3757 2989">
    <p class='ocr_par' dir='ltr' id='par_1_57' title="bbox 2113 2903 3757 2989">
     <span class='ocr_line' id='line_1_57' title="bbox 2113 2903 3757 2989; baseline 0.002 -28"><span class='ocrx_word' id='word_1_427' title='bbox 2113 2903 2340 2981; x_wconf 80' lang='grc' dir='ltr'>μηδενὸς</span> <span class='ocrx_word' id='word_1_428' title='bbox 2402 2908 2786 2989; x_wconf 72' lang='grc' dir='ltr'>φροντίζουσιν,</span> <span class='ocrx_word' id='word_1_429' title='bbox 2847 2910 2891 2965; x_wconf 86' lang='grc' dir='ltr'><strong>εἰ</strong></span> <span class='ocrx_word' id='word_1_430' title='bbox 2960 2909 3039 2985; x_wconf 76' lang='grc' dir='ltr'>μὴ</span> <span class='ocrx_word' id='word_1_431' title='bbox 3111 2909 3269 2985; x_wconf 83' lang='grc' dir='ltr'>μόνου</span> <span class='ocrx_word' id='word_1_432' title='bbox 3312 2911 3404 2967; x_wconf 84' lang='grc' dir='ltr'><strong>τοῦ</strong></span> <span class='ocrx_word' id='word_1_433' title='bbox 3447 2907 3606 2989; x_wconf 83' lang='grc' dir='ltr'>λόγου</span> <span class='ocrx_word' id='word_1_434' title='bbox 3665 2909 3757 2966; x_wconf 80' lang='grc' dir='ltr'><strong>καὶ</strong></span> 
     </span>
    </p>
   </div>
   <div class='ocr_carea' id='block_1_58' title="bbox 387 2985 2034 3077">
    <p class='ocr_par' dir='ltr' id='par_1_58' title="bbox 387 2989 2029 3073">
     <span class='ocr_line' id='line_1_58' title="bbox 387 2989 2029 3073; baseline -0.002 -20"><span class='ocrx_word' id='word_1_435' title='bbox 387 2999 583 3073; x_wconf 83' lang='lat' dir='ltr'><strong>patres</strong></span> <span class='ocrx_word' id='word_1_436' title='bbox 615 2991 828 3053; x_wconf 89' lang='lat' dir='ltr'><strong>multos</strong></span> <span class='ocrx_word' id='word_1_437' title='bbox 848 2990 1477 3072; x_wconf 89' lang='lat' dir='ltr'><strong>habueruntapostoli,</strong></span> <span class='ocrx_word' id='word_1_438' title='bbox 1500 2990 1599 3072; x_wconf 89' lang='lat' dir='ltr'><strong>qui</strong></span> <span class='ocrx_word' id='word_1_439' title='bbox 1628 2989 2029 3067; x_wconf 83' lang='lat' dir='ltr'><strong>diligerent,et</strong></span> 
     </span>
    </p>
   </div>
   <div class='ocr_carea' id='block_1_59' title="bbox 2118 2985 3758 3077">
    <p class='ocr_par' dir='ltr' id='par_1_59' title="bbox 2118 2985 3758 3077">
     <span class='ocr_line' id='line_1_59' title="bbox 2118 2985 3758 3077; baseline 0.002 -27"><span class='ocrx_word' id='word_1_440' title='bbox 2118 2993 2204 3061; x_wconf 76' lang='grc' dir='ltr'><strong>τῆς</strong></span> <span class='ocrx_word' id='word_1_441' title='bbox 2291 2985 2678 3071; x_wconf 68' lang='grc' dir='ltr'>διῖασκαλίαςς</span> <span class='ocrx_word' id='word_1_442' title='bbox 2730 2985 2957 3073; x_wconf 81' lang='grc' dir='ltr'>Ὀμοίως</span> <span class='ocrx_word' id='word_1_443' title='bbox 3010 2999 3097 3055; x_wconf 87' lang='grc' dir='ltr'><strong>καὶ</strong></span> <span class='ocrx_word' id='word_1_444' title='bbox 3182 2997 3410 3077; x_wconf 77' lang='grc' dir='ltr'>πατέρας</span> <span class='ocrx_word' id='word_1_445' title='bbox 3480 2985 3567 3055; x_wconf 82' lang='grc' dir='ltr'><strong>καὶ</strong></span> <span class='ocrx_word' id='word_1_446' title='bbox 3643 3020 3758 3073; x_wconf 86' lang='grc' dir='ltr'>μη-</span> 
     </span>
    </p>
   </div>
   <div class='ocr_carea' id='block_1_60' title="bbox 384 3079 2034 3167">
    <p class='ocr_par' dir='ltr' id='par_1_60' title="bbox 384 3079 2025 3160">
     <span class='ocr_line' id='line_1_60' title="bbox 384 3079 2025 3160; baseline -0.001 -19"><span class='ocrx_word' id='word_1_447' title='bbox 384 3080 575 3142; x_wconf 89' lang='lat' dir='ltr'><strong>amico</strong></span> <span class='ocrx_word' id='word_1_448' title='bbox 607 3081 821 3142; x_wconf 81' lang='lat' dir='ltr'><strong>affectu</strong></span> <span class='ocrx_word' id='word_1_449' title='bbox 852 3098 990 3160; x_wconf 82' lang='lat' dir='ltr'><strong>erga</strong></span> <span class='ocrx_word' id='word_1_450' title='bbox 1019 3099 1082 3143; x_wconf 91' lang='lat' dir='ltr'><strong>se</strong></span> <span class='ocrx_word' id='word_1_451' title='bbox 1112 3089 1334 3143; x_wconf 91' lang='lat' dir='ltr'><strong>essent.</strong></span> <span class='ocrx_word' id='word_1_452' title='bbox 1364 3082 1439 3144; x_wconf 89' lang='lat' dir='ltr'><strong>Et</strong></span> <span class='ocrx_word' id='word_1_453' title='bbox 1469 3079 1680 3141; x_wconf 91' lang='lat' dir='ltr'><strong>Petrus</strong></span> <span class='ocrx_word' id='word_1_454' title='bbox 1710 3080 1809 3159; x_wconf 89' lang='lat' dir='ltr'><strong>qui</strong></span> <span class='ocrx_word' id='word_1_455' title='bbox 1850 3098 2025 3141; x_wconf 89' lang='lat' dir='ltr'><strong>unam</strong></span> 
     </span>
    </p>
   </div>
   <div class='ocr_carea' id='block_1_61' title="bbox 2118 3079 3762 3167">
    <p class='ocr_par' dir='ltr' id='par_1_61' title="bbox 2118 3084 3762 3167">
     <span class='ocr_line' id='line_1_61' title="bbox 2118 3084 3762 3167; baseline 0.001 -27"><span class='ocrx_word' id='word_1_456' title='bbox 2118 3084 2260 3161; x_wconf 83' lang='grc' dir='ltr'>τέρας</span> <span class='ocrx_word' id='word_1_457' title='bbox 2320 3084 2521 3149; x_wconf 73' lang='grc' dir='ltr'>πολλὰς</span> <span class='ocrx_word' id='word_1_458' title='bbox 2572 3087 2733 3167; x_wconf 81' lang='grc' dir='ltr'>εἶχον</span> <span class='ocrx_word' id='word_1_459' title='bbox 2788 3089 2835 3143; x_wconf 81' lang='grc' dir='ltr'><strong>οἱ</strong></span> <span class='ocrx_word' id='word_1_460' title='bbox 2891 3086 3205 3162; x_wconf 82' lang='grc' dir='ltr'>ἀπόστολοι,</span> <span class='ocrx_word' id='word_1_461' title='bbox 3296 3088 3418 3152; x_wconf 71' lang='grc' dir='ltr'>τοὺς</span> <span class='ocrx_word' id='word_1_462' title='bbox 3505 3086 3762 3165; x_wconf 80' lang='grc' dir='ltr'>ἀγαπῶν-</span> 
     </span>
    </p>
   </div>
   <div class='ocr_carea' id='block_1_62' title="bbox 389 3168 2034 3257">
    <p class='ocr_par' dir='ltr' id='par_1_62' title="bbox 389 3168 2027 3251">
     <span class='ocr_line' id='line_1_62' title="bbox 389 3168 2027 3251; baseline -0.001 -20"><span class='ocrx_word' id='word_1_463' title='bbox 389 3170 630 3232; x_wconf 91' lang='lat' dir='ltr'><strong>domum</strong></span> <span class='ocrx_word' id='word_1_464' title='bbox 662 3170 1007 3251; x_wconf 75' lang='lat' dir='ltr'><strong>reliquerat,</strong></span> <span class='ocrx_word' id='word_1_465' title='bbox 1056 3179 1259 3251; x_wconf 84' lang='lat' dir='ltr'><strong>postea</strong></span> <span class='ocrx_word' id='word_1_466' title='bbox 1285 3170 1549 3232; x_wconf 90' lang='lat' dir='ltr'><strong>omnium</strong></span> <span class='ocrx_word' id='word_1_467' title='bbox 1602 3168 2027 3251; x_wconf 77' lang='lat' dir='ltr'><strong>discipulorum</strong></span> 
     </span>
    </p>
   </div>
   <div class='ocr_carea' id='block_1_63' title="bbox 2118 3168 3765 3257">
    <p class='ocr_par' dir='ltr' id='par_1_63' title="bbox 2118 3173 3765 3257">
     <span class='ocr_line' id='line_1_63' title="bbox 2118 3173 3765 3257; baseline 0.002 -29"><span class='ocrx_word' id='word_1_468' title='bbox 2118 3194 2205 3237; x_wconf 86' lang='grc' dir='ltr'><strong>τας</strong></span> <span class='ocrx_word' id='word_1_469' title='bbox 2257 3173 2458 3238; x_wconf 74' lang='grc' dir='ltr'>πάντας</span> <span class='ocrx_word' id='word_1_470' title='bbox 2542 3176 2629 3231; x_wconf 86' lang='grc' dir='ltr'><strong>καὶ</strong></span> <span class='ocrx_word' id='word_1_471' title='bbox 2712 3174 3069 3257; x_wconf 63' lang='grc' dir='ltr'>φιλοστόργως</span> <span class='ocrx_word' id='word_1_472' title='bbox 3157 3178 3286 3253; x_wconf 64' lang='grc' dir='ltr'>προς</span> <span class='ocrx_word' id='word_1_473' title='bbox 3342 3177 3524 3243; x_wconf 72' lang='grc' dir='ltr'>αὖτοὺς</span> <span class='ocrx_word' id='word_1_474' title='bbox 3603 3176 3765 3257; x_wconf 80' lang='grc' dir='ltr'>’έχον-</span> 
     </span>
    </p>
   </div>
   <div class='ocr_carea' id='block_1_64' title="bbox 388 3259 2034 3348">
    <p class='ocr_par' dir='ltr' id='par_1_64' title="bbox 388 3259 2029 3340">
     <span class='ocr_line' id='line_1_64' title="bbox 388 3259 2029 3340; baseline -0.002 -19"><span class='ocrx_word' id='word_1_475' title='bbox 388 3259 597 3321; x_wconf 91' lang='lat' dir='ltr'><strong>domos</strong></span> <span class='ocrx_word' id='word_1_476' title='bbox 624 3259 903 3322; x_wconf 88' lang='lat' dir='ltr'><strong>habebat.</strong></span> <span class='ocrx_word' id='word_1_477' title='bbox 930 3259 997 3321; x_wconf 91' lang='lat' dir='ltr'><strong>Et</strong></span> <span class='ocrx_word' id='word_1_478' title='bbox 1028 3278 1185 3322; x_wconf 89' lang='lat' dir='ltr'><strong>nunc</strong></span> <span class='ocrx_word' id='word_1_479' title='bbox 1215 3278 1453 3340; x_wconf 88' lang='lat' dir='ltr'><strong>quoque</strong></span> <span class='ocrx_word' id='word_1_480' title='bbox 1480 3259 1699 3340; x_wconf 91' lang='lat' dir='ltr'><strong>ubique</strong></span> <span class='ocrx_word' id='word_1_481' title='bbox 1740 3267 2029 3321; x_wconf 86' lang='lat' dir='ltr'><strong>terrarum</strong></span> 
     </span>
    </p>
   </div>
   <div class='ocr_carea' id='block_1_65' title="bbox 2118 3259 3761 3348">
    <p class='ocr_par' dir='ltr' id='par_1_65' title="bbox 2118 3261 3761 3348">
     <span class='ocr_line' id='line_1_65' title="bbox 2118 3261 3761 3348; baseline 0.002 -30"><span class='ocrx_word' id='word_1_482' title='bbox 2118 3284 2232 3337; x_wconf 85' lang='grc' dir='ltr'>τας,</span> <span class='ocrx_word' id='word_1_483' title='bbox 2308 3261 2444 3319; x_wconf 80' lang='grc' dir='ltr'>ἀλλὰ</span> <span class='ocrx_word' id='word_1_484' title='bbox 2523 3264 2609 3321; x_wconf 84' lang='grc' dir='ltr'><strong>καὶ</strong></span> <span class='ocrx_word' id='word_1_485' title='bbox 2665 3266 2830 3322; x_wconf 87' lang='grc' dir='ltr'>οἰκίαν</span> <span class='ocrx_word' id='word_1_486' title='bbox 2880 3268 3005 3341; x_wconf 89' lang='grc' dir='ltr'>μίαν</span> <span class='ocrx_word' id='word_1_487' title='bbox 3058 3268 3205 3348; x_wconf 75' lang='grc' dir='ltr'>ἀφεὶς</span> <span class='ocrx_word' id='word_1_488' title='bbox 3235 3269 3262 3323; x_wconf 93' lang='lat'><strong>6</strong></span> <span class='ocrx_word' id='word_1_489' title='bbox 3294 3265 3516 3346; x_wconf 82' lang='grc' dir='ltr'>Πέτρος,</span> <span class='ocrx_word' id='word_1_490' title='bbox 3548 3265 3761 3345; x_wconf 78' lang='grc' dir='ltr'>ὕστερον</span> 
     </span>
    </p>
   </div>
   <div class='ocr_carea' id='block_1_66' title="bbox 387 3348 2034 3437">
    <p class='ocr_par' dir='ltr' id='par_1_66' title="bbox 387 3348 2031 3430">
     <span class='ocr_line' id='line_1_66' title="bbox 387 3348 2031 3430; baseline -0.001 -20"><span class='ocrx_word' id='word_1_491' title='bbox 387 3356 586 3410; x_wconf 82' lang='lat' dir='ltr'><strong>erecta</strong></span> <span class='ocrx_word' id='word_1_492' title='bbox 615 3358 751 3410; x_wconf 88' lang='lat' dir='ltr'><strong>sunt</strong></span> <span class='ocrx_word' id='word_1_493' title='bbox 779 3350 995 3430; x_wconf 86' lang='lat' dir='ltr'><strong>templa</strong></span> <span class='ocrx_word' id='word_1_494' title='bbox 1025 3349 1085 3409; x_wconf 89' lang='lat' dir='ltr'><strong>in</strong></span> <span class='ocrx_word' id='word_1_495' title='bbox 1116 3349 1358 3410; x_wconf 90' lang='lat' dir='ltr'><strong>nomine</strong></span> <span class='ocrx_word' id='word_1_496' title='bbox 1388 3349 1540 3429; x_wconf 91' lang='lat' dir='ltr'><strong>ejus,</strong></span> <span class='ocrx_word' id='word_1_497' title='bbox 1577 3367 1707 3429; x_wconf 72' lang='lat' dir='ltr'><strong>quae</strong></span> <span class='ocrx_word' id='word_1_498' title='bbox 1736 3355 1874 3408; x_wconf 91' lang='lat' dir='ltr'><strong>sunt</strong></span> <span class='ocrx_word' id='word_1_499' title='bbox 1904 3348 2031 3409; x_wconf 90' lang='lat' dir='ltr'><strong>cla-</strong></span> 
     </span>
    </p>
   </div>
   <div class='ocr_carea' id='block_1_67' title="bbox 2118 3348 3776 3437">
    <p class='ocr_par' dir='ltr' id='par_1_67' title="bbox 2118 3351 3776 3437">
     <span class='ocr_line' id='line_1_67' title="bbox 2118 3351 3776 3437; baseline 0.003 -30"><span class='ocrx_word' id='word_1_500' title='bbox 2118 3351 2205 3415; x_wconf 78' lang='grc' dir='ltr'><strong>τὰς</strong></span> <span class='ocrx_word' id='word_1_501' title='bbox 2261 3353 2470 3411; x_wconf 78' lang='grc' dir='ltr'>πάντων</span> <span class='ocrx_word' id='word_1_502' title='bbox 2521 3361 2624 3411; x_wconf 85' lang='grc' dir='ltr'><strong>τῶν</strong></span> <span class='ocrx_word' id='word_1_503' title='bbox 2683 3359 2934 3431; x_wconf 75' lang='grc' dir='ltr'>μαθητῶν</span> <span class='ocrx_word' id='word_1_504' title='bbox 3017 3358 3171 3414; x_wconf 71' lang='grc' dir='ltr'>αὑτοῦ</span> <span class='ocrx_word' id='word_1_505' title='bbox 3249 3358 3413 3423; x_wconf 78' lang='grc' dir='ltr'>οἰκίας</span> <span class='ocrx_word' id='word_1_506' title='bbox 3463 3357 3613 3437; x_wconf 74' lang='grc' dir='ltr'>εἶχε.</span> <span class='ocrx_word' id='word_1_507' title='bbox 3662 3358 3776 3415; x_wconf 66' lang='grc' dir='ltr'><strong>Καὶ⁴</strong></span> 
     </span>
    </p>
   </div>
   <div class='ocr_carea' id='block_1_68' title="bbox 384 3436 2034 3526">
    <p class='ocr_par' dir='ltr' id='par_1_68' title="bbox 384 3436 2030 3518">
     <span class='ocr_line' id='line_1_68' title="bbox 384 3436 2030 3518; baseline 0.001 -21"><span class='ocrx_word' id='word_1_508' title='bbox 384 3455 467 3498; x_wconf 87' lang='lat' dir='ltr'><strong>rae</strong></span> <span class='ocrx_word' id='word_1_509' title='bbox 503 3437 737 3500; x_wconf 89' lang='lat' dir='ltr'><strong>domus.</strong></span> <span class='ocrx_word' id='word_1_510' title='bbox 773 3438 843 3499; x_wconf 91' lang='lat' dir='ltr'><strong>Et</strong></span> <span class='ocrx_word' id='word_1_511' title='bbox 873 3438 1029 3518; x_wconf 90' lang='lat' dir='ltr'><strong>quod</strong></span> <span class='ocrx_word' id='word_1_512' title='bbox 1084 3439 1296 3518; x_wconf 86' lang='lat' dir='ltr'><strong>majus,</strong></span> <span class='ocrx_word' id='word_1_513' title='bbox 1334 3439 1459 3500; x_wconf 86' lang='lat' dir='ltr'><strong>haec</strong></span> <span class='ocrx_word' id='word_1_514' title='bbox 1499 3440 1697 3499; x_wconf 92' lang='lat' dir='ltr'><strong>omnia</strong></span> <span class='ocrx_word' id='word_1_515' title='bbox 1727 3436 1786 3498; x_wconf 92' lang='lat' dir='ltr'><strong>in</strong></span> <span class='ocrx_word' id='word_1_516' title='bbox 1822 3455 2030 3518; x_wconf 88' lang='lat' dir='ltr'><strong>perse-</strong></span> 
     </span>
    </p>
   </div>
   <div class='ocr_carea' id='block_1_69' title="bbox 2118 3436 3751 3526">
    <p class='ocr_par' dir='ltr' id='par_1_69' title="bbox 2118 3436 3751 3526">
     <span class='ocr_line' id='line_1_69' title="bbox 2118 3436 3751 3526; baseline 0.004 -30"><span class='ocrx_word' id='word_1_517' title='bbox 2118 3451 2201 3499; x_wconf 82' lang='grc' dir='ltr'><strong>νῦν</strong></span> <span class='ocrx_word' id='word_1_518' title='bbox 2257 3440 2311 3497; x_wconf 73' lang='grc' dir='ltr'><strong>δὲ</strong></span> <span class='ocrx_word' id='word_1_519' title='bbox 2382 3443 2503 3507; x_wconf 77' lang='grc' dir='ltr'>τοὺς</span> <span class='ocrx_word' id='word_1_520' title='bbox 2533 3445 2848 3524; x_wconf 81' lang='grc' dir='ltr'>ἁπανταχοῦ</span> <span class='ocrx_word' id='word_1_521' title='bbox 2879 3450 2981 3523; x_wconf 81' lang='grc' dir='ltr'>γῆς</span> <span class='ocrx_word' id='word_1_522' title='bbox 3011 3446 3164 3509; x_wconf 81' lang='grc' dir='ltr'>ναοὺς</span> <span class='ocrx_word' id='word_1_523' title='bbox 3192 3443 3276 3502; x_wconf 83' lang='grc' dir='ltr'>ἐπ’</span> <span class='ocrx_word' id='word_1_524' title='bbox 3321 3436 3751 3526; x_wconf 15' lang='grc' dir='ltr'>ὀνόματιίαύτοῦ,</span> 
     </span>
    </p>
   </div>
   <div class='ocr_carea' id='block_1_70' title="bbox 385 3526 2034 3614">
    <p class='ocr_par' dir='ltr' id='par_1_70' title="bbox 385 3526 2026 3608">
     <span class='ocr_line' id='line_1_70' title="bbox 385 3526 2026 3608; baseline -0.001 -20"><span class='ocrx_word' id='word_1_525' title='bbox 385 3526 725 3588; x_wconf 87' lang='lat' dir='ltr'><strong>cutionibus</strong></span> <span class='ocrx_word' id='word_1_526' title='bbox 764 3527 1071 3608; x_wconf 85' lang='lat' dir='ltr'><strong>possident</strong></span> <span class='ocrx_word' id='word_1_527' title='bbox 1121 3528 1333 3604; x_wconf 88' lang='lat' dir='ltr'><strong>sancti,</strong></span> <span class='ocrx_word' id='word_1_528' title='bbox 1370 3527 1481 3587; x_wconf 90' lang='lat' dir='ltr'><strong>hoc</strong></span> <span class='ocrx_word' id='word_1_529' title='bbox 1531 3537 1640 3601; x_wconf 90' lang='lat' dir='ltr'><strong>est,</strong></span> <span class='ocrx_word' id='word_1_530' title='bbox 1677 3527 1831 3605; x_wconf 88' lang='lat' dir='ltr'><strong>quod</strong></span> <span class='ocrx_word' id='word_1_531' title='bbox 1860 3527 2026 3602; x_wconf 75' lang='lat' dir='ltr'><strong>dicit,</strong></span> 
     </span>
    </p>
   </div>
   <div class='ocr_carea' id='block_1_71' title="bbox 2118 3526 3764 3614">
    <p class='ocr_par' dir='ltr' id='par_1_71' title="bbox 2118 3532 3764 3614">
     <span class='ocr_line' id='line_1_71' title="bbox 2118 3532 3764 3614; baseline 0.001 -24"><span class='ocrx_word' id='word_1_532' title='bbox 2118 3534 2279 3598; x_wconf 80' lang='grc' dir='ltr'>οἰκίας</span> <span class='ocrx_word' id='word_1_533' title='bbox 2324 3532 2440 3614; x_wconf 83' lang='grc' dir='ltr'>ἔχει</span> <span class='ocrx_word' id='word_1_534' title='bbox 2496 3534 2764 3613; x_wconf 53' lang='grc' dir='ltr'>λαμπράς</span> <span class='ocrx_word' id='word_1_535' title='bbox 2827 3537 2915 3593; x_wconf 81' lang='grc' dir='ltr'><strong>καὶ</strong></span> <span class='ocrx_word' id='word_1_536' title='bbox 2972 3538 3032 3593; x_wconf 85' lang='grc' dir='ltr'>τὸ</span> <span class='ocrx_word' id='word_1_537' title='bbox 3081 3544 3289 3612; x_wconf 75' lang='grc' dir='ltr'>μεῖζον,</span> <span class='ocrx_word' id='word_1_538' title='bbox 3342 3536 3423 3593; x_wconf 76' lang='grc' dir='ltr'>ὅτι</span> <span class='ocrx_word' id='word_1_539' title='bbox 3454 3537 3589 3612; x_wconf 82' lang='grc' dir='ltr'><strong>μετά</strong></span> <span class='ocrx_word' id='word_1_540' title='bbox 3639 3534 3764 3592; x_wconf 87' lang='grc' dir='ltr'>διω-</span> 
     </span>
    </p>
   </div>
   <div class='ocr_carea' id='block_1_72' title="bbox 384 3616 2034 3705">
    <p class='ocr_par' dir='ltr' id='par_1_72' title="bbox 384 3616 2027 3705">
     <span class='ocr_line' id='line_1_72' title="bbox 384 3616 2027 3705; baseline -0.001 -29"><span class='ocrx_word' id='word_1_541' title='bbox 384 3634 517 3676; x_wconf 91' lang='lat' dir='ltr'><strong>cum</strong></span> <span class='ocrx_word' id='word_1_542' title='bbox 550 3616 1087 3697; x_wconf 90' lang='lat' dir='ltr'><strong>persecutionibus,</strong></span> <span class='ocrx_word' id='word_1_543' title='bbox 1125 3616 1179 3677; x_wconf 91' lang='lat' dir='ltr'><strong>id</strong></span> <span class='ocrx_word' id='word_1_544' title='bbox 1214 3627 1301 3678; x_wconf 92' lang='lat' dir='ltr'><strong>est</strong></span> <span class='ocrx_word' id='word_1_545' title='bbox 1332 3617 1806 3705; x_wconf 74' lang='lat' dir='ltr'><strong>persecutionem</strong></span> <span class='ocrx_word' id='word_1_546' title='bbox 1850 3616 2027 3695; x_wconf 87' lang='lat' dir='ltr'><strong>passi,</strong></span> 
     </span>
    </p>
   </div>
   <div class='ocr_carea' id='block_1_73' title="bbox 2118 3616 3763 3705">
    <p class='ocr_par' dir='ltr' id='par_1_73' title="bbox 2118 3624 3763 3705">
     <span class='ocr_line' id='line_1_73' title="bbox 2118 3624 3763 3705; baseline 0.004 -29"><span class='ocrx_word' id='word_1_547' title='bbox 2118 3629 2267 3701; x_wconf 85' lang='grc' dir='ltr'>γμῶν</span> <span class='ocrx_word' id='word_1_548' title='bbox 2336 3627 2497 3681; x_wconf 81' lang='grc' dir='ltr'>ταῦτα</span> <span class='ocrx_word' id='word_1_549' title='bbox 2554 3625 2724 3681; x_wconf 82' lang='grc' dir='ltr'>πάντα</span> <span class='ocrx_word' id='word_1_550' title='bbox 2794 3624 3214 3705; x_wconf 82' lang='grc' dir='ltr'>χληρονομοῦσιν</span> <span class='ocrx_word' id='word_1_551' title='bbox 3295 3628 3342 3684; x_wconf 84' lang='grc' dir='ltr'><strong>οἰ</strong></span> <span class='ocrx_word' id='word_1_552' title='bbox 3389 3625 3553 3704; x_wconf 81' lang='grc' dir='ltr'>ἄγιοι,</span> <span class='ocrx_word' id='word_1_553' title='bbox 3604 3647 3763 3682; x_wconf 79' lang='grc' dir='ltr'>τουτ-</span> 
     </span>
    </p>
   </div>
   <div class='ocr_carea' id='block_1_74' title="bbox 387 3704 2034 3795">
    <p class='ocr_par' dir='ltr' id='par_1_74' title="bbox 387 3704 2029 3795">
     <span class='ocr_line' id='line_1_74' title="bbox 387 3704 2029 3795; baseline -0.001 -30"><span class='ocrx_word' id='word_1_554' title='bbox 387 3711 447 3795; x_wconf 81' lang='lat' dir='ltr'><strong>_et</strong></span> <span class='ocrx_word' id='word_1_555' title='bbox 479 3706 631 3767; x_wconf 85' lang='lat' dir='ltr'><strong>male</strong></span> <span class='ocrx_word' id='word_1_556' title='bbox 656 3705 1054 3795; x_wconf 81' lang='lat' dir='ltr'><strong>affectiatque</strong></span> <span class='ocrx_word' id='word_1_557' title='bbox 1081 3704 1305 3769; x_wconf 81' lang='lat' dir='ltr'><strong>afﬂicti.</strong></span> <span class='ocrx_word' id='word_1_558' title='bbox 1339 3704 1509 3795; x_wconf 88' lang='lat' dir='ltr'><strong>Unde</strong></span> <span class='ocrx_word' id='word_1_559' title='bbox 1549 3714 1607 3766; x_wconf 93' lang='lat' dir='ltr'><strong>et</strong></span> <span class='ocrx_word' id='word_1_560' title='bbox 1628 3704 1727 3785; x_wconf 90' lang='lat' dir='ltr'><strong>qui</strong></span> <span class='ocrx_word' id='word_1_561' title='bbox 1750 3704 1939 3766; x_wconf 90' lang='lat' dir='ltr'><strong>ultimi</strong></span> <span class='ocrx_word' id='word_1_562' title='bbox 1971 3706 2029 3765; x_wconf 94' lang='lat' dir='ltr'><strong>in</strong></span> 
     </span>
    </p>
   </div>
   <div class='ocr_carea' id='block_1_75' title="bbox 2118 3704 3763 3795">
    <p class='ocr_par' dir='ltr' id='par_1_75' title="bbox 2118 3704 3763 3795">
     <span class='ocr_line' id='line_1_75' title="bbox 2118 3704 3763 3795; baseline 0.002 -29"><span class='ocrx_word' id='word_1_563' title='bbox 2118 3711 2250 3782; x_wconf 83' lang='grc' dir='ltr'>ἐστι,</span> <span class='ocrx_word' id='word_1_564' title='bbox 2330 3710 2667 3787; x_wconf 80' lang='grc' dir='ltr'>διωκόμενοι,</span> <span class='ocrx_word' id='word_1_565' title='bbox 2767 3715 2855 3770; x_wconf 87' lang='grc' dir='ltr'><strong>καὶ</strong></span> <span class='ocrx_word' id='word_1_566' title='bbox 2906 3704 2909 3705; x_wconf 12' lang='grc' dir='ltr'><em>ν</em></span> <span class='ocrx_word' id='word_1_567' title='bbox 2955 3714 3049 3772; x_wconf 75' lang='grc' dir='ltr'><strong>οῦκ</strong></span> <span class='ocrx_word' id='word_1_568' title='bbox 3152 3714 3521 3795; x_wconf 69' lang='grc' dir='ltr'>εὖπαθοῦντες,</span> <span class='ocrx_word' id='word_1_569' title='bbox 3622 3712 3763 3769; x_wconf 75' lang='grc' dir='ltr'>ἀλλὰ</span> 
     </span>
    </p>
   </div>
   <div class='ocr_carea' id='block_1_76' title="bbox 384 3792 2034 3883">
    <p class='ocr_par' dir='ltr' id='par_1_76' title="bbox 384 3792 2028 3875">
     <span class='ocr_line' id='line_1_76' title="bbox 384 3792 2028 3875; baseline 0 -21"><span class='ocrx_word' id='word_1_570' title='bbox 384 3792 496 3855; x_wconf 92' lang='lat' dir='ltr'><strong>hoc</strong></span> <span class='ocrx_word' id='word_1_571' title='bbox 526 3794 741 3856; x_wconf 67' lang='lat' dir='ltr'><strong>saeculo</strong></span> <span class='ocrx_word' id='word_1_572' title='bbox 772 3794 1051 3856; x_wconf 87' lang='lat' dir='ltr'><strong>videntur</strong></span> <span class='ocrx_word' id='word_1_573' title='bbox 1081 3803 1321 3875; x_wconf 86' lang='lat' dir='ltr'><strong>propter</strong></span> <span class='ocrx_word' id='word_1_574' title='bbox 1346 3794 1694 3855; x_wconf 85' lang='lat' dir='ltr'><strong>afﬂictiones</strong></span> <span class='ocrx_word' id='word_1_575' title='bbox 1728 3802 1784 3855; x_wconf 91' lang='lat' dir='ltr'><strong>et</strong></span> <span class='ocrx_word' id='word_1_576' title='bbox 1818 3812 1991 3873; x_wconf 89' lang='lat' dir='ltr'><strong>perse</strong></span> <span class='ocrx_word' id='word_1_577' title='bbox 2011 3828 2028 3839; x_wconf 91' lang='lat'><strong><em>-</em></strong></span> 
     </span>
    </p>
   </div>
   <div class='ocr_carea' id='block_1_77' title="bbox 2118 3792 3764 3883">
    <p class='ocr_par' dir='ltr' id='par_1_77' title="bbox 2118 3792 3764 3883">
     <span class='ocr_line' id='line_1_77' title="bbox 2118 3792 3764 3883; baseline 0 -27"><span class='ocrx_word' id='word_1_578' title='bbox 2118 3799 2436 3875; x_wconf 87' lang='grc' dir='ltr'>θλιϐόμενοι.</span> <span class='ocrx_word' id='word_1_579' title='bbox 2500 3794 2674 3861; x_wconf 63' lang='grc' dir='ltr'><strong>ιὈθεν</strong></span> <span class='ocrx_word' id='word_1_580' title='bbox 2729 3804 2817 3859; x_wconf 84' lang='grc' dir='ltr'><strong>καὶ</strong></span> <span class='ocrx_word' id='word_1_581' title='bbox 2874 3806 2921 3859; x_wconf 83' lang='grc' dir='ltr'><strong>οἱ</strong></span> <span class='ocrx_word' id='word_1_582' title='bbox 2979 3803 3196 3883; x_wconf 80' lang='grc' dir='ltr'>ἔσχατοι</span> <span class='ocrx_word' id='word_1_583' title='bbox 3256 3803 3311 3860; x_wconf 86' lang='grc' dir='ltr'><strong>ἐν</strong></span> <span class='ocrx_word' id='word_1_584' title='bbox 3338 3811 3415 3879; x_wconf 84' lang='grc' dir='ltr'>τῷ</span> <span class='ocrx_word' id='word_1_585' title='bbox 3472 3792 3559 3860; x_wconf 85' lang='grc' dir='ltr'><strong>νῦν</strong></span> <span class='ocrx_word' id='word_1_586' title='bbox 3616 3804 3764 3859; x_wconf 81' lang='grc' dir='ltr'>αἰῶνι</span> 
     </span>
    </p>
   </div>
   <div class='ocr_carea' id='block_1_78' title="bbox 384 3883 2034 3967">
    <p class='ocr_par' dir='ltr' id='par_1_78' title="bbox 384 3883 2034 3965">
     <span class='ocr_line' id='line_1_78' title="bbox 384 3883 2034 3965; baseline 0 -22"><span class='ocrx_word' id='word_1_587' title='bbox 384 3884 675 3959; x_wconf 89' lang='lat' dir='ltr'><strong>cutiones,</strong></span> <span class='ocrx_word' id='word_1_588' title='bbox 706 3892 881 3944; x_wconf 91' lang='lat' dir='ltr'><strong>erunt</strong></span> <span class='ocrx_word' id='word_1_589' title='bbox 913 3883 1088 3964; x_wconf 90' lang='lat' dir='ltr'><strong>primi</strong></span> <span class='ocrx_word' id='word_1_590' title='bbox 1114 3891 1353 3963; x_wconf 87' lang='lat' dir='ltr'><strong>propter</strong></span> <span class='ocrx_word' id='word_1_591' title='bbox 1382 3903 1548 3965; x_wconf 90' lang='lat' dir='ltr'><strong>spem</strong></span> <span class='ocrx_word' id='word_1_592' title='bbox 1581 3883 1641 3944; x_wconf 86' lang='lat' dir='ltr'><strong>in</strong></span> <span class='ocrx_word' id='word_1_593' title='bbox 1676 3884 2034 3946; x_wconf 76' lang='lat' dir='ltr'><strong>Deum.227</strong></span> 
     </span>
    </p>
   </div>
   <div class='ocr_carea' id='block_1_79' title="bbox 2118 3883 3763 3967">
    <p class='ocr_par' dir='ltr' id='par_1_79' title="bbox 2118 3888 3763 3967">
     <span class='ocr_line' id='line_1_79' title="bbox 2118 3888 3763 3967; baseline 0.001 -21"><span class='ocrx_word' id='word_1_594' title='bbox 2118 3888 2390 3954; x_wconf 83' lang='grc' dir='ltr'>δοκοῦντες</span> <span class='ocrx_word' id='word_1_595' title='bbox 2441 3889 2526 3947; x_wconf 76' lang='grc' dir='ltr'><strong>διὰ</strong></span> <span class='ocrx_word' id='word_1_596' title='bbox 2597 3894 2657 3948; x_wconf 81' lang='grc' dir='ltr'>τὸ</span> <span class='ocrx_word' id='word_1_597' title='bbox 2714 3890 2976 3950; x_wconf 86' lang='grc' dir='ltr'>θλίϐεσθαι</span> <span class='ocrx_word' id='word_1_598' title='bbox 3047 3894 3134 3949; x_wconf 85' lang='grc' dir='ltr'>καὶ</span> <span class='ocrx_word' id='word_1_599' title='bbox 3192 3890 3491 3967; x_wconf 86' lang='grc' dir='ltr'>διώκεσθαι,</span> <span class='ocrx_word' id='word_1_600' title='bbox 3560 3890 3763 3949; x_wconf 74' lang='grc' dir='ltr'>ἔσονται</span> 
     </span>
    </p>
   </div>
   <div class='ocr_carea' id='block_1_80' title="bbox 387 3969 2034 4058">
    <p class='ocr_par' dir='ltr' id='par_1_80' title="bbox 387 3969 2033 4055">
     <span class='ocr_line' id='line_1_80' title="bbox 387 3969 2033 4055; baseline 0 -22"><span class='ocrx_word' id='word_1_601' title='bbox 387 3969 500 4033; x_wconf 86' lang='lat' dir='ltr'><strong>Sed</strong></span> <span class='ocrx_word' id='word_1_602' title='bbox 526 3981 583 4034; x_wconf 92' lang='lat' dir='ltr'><strong>et</strong></span> <span class='ocrx_word' id='word_1_603' title='bbox 609 3971 891 4035; x_wconf 59' lang='lat' dir='ltr'><strong>Pharisaei</strong></span> <span class='ocrx_word' id='word_1_604' title='bbox 913 3972 1013 4053; x_wconf 90' lang='lat' dir='ltr'><strong>qui</strong></span> <span class='ocrx_word' id='word_1_605' title='bbox 1037 3973 1313 4035; x_wconf 84' lang='lat' dir='ltr'><strong>videntur</strong></span> <span class='ocrx_word' id='word_1_606' title='bbox 1339 3973 1542 4055; x_wconf 84' lang='lat' dir='ltr'><strong>primi,</strong></span> <span class='ocrx_word' id='word_1_607' title='bbox 1576 3972 1712 4034; x_wconf 76' lang='lat' dir='ltr'><strong>facti</strong></span> <span class='ocrx_word' id='word_1_608' title='bbox 1743 3981 1879 4034; x_wconf 90' lang='lat' dir='ltr'><strong>sunt</strong></span> <span class='ocrx_word' id='word_1_609' title='bbox 1903 3992 2033 4052; x_wconf 90' lang='lat' dir='ltr'><strong>pos-</strong></span> 
     </span>
    </p>
   </div>
   <div class='ocr_carea' id='block_1_81' title="bbox 2118 3969 3758 4058">
    <p class='ocr_par' dir='ltr' id='par_1_81' title="bbox 2119 3976 3758 4058">
     <span class='ocr_line' id='line_1_81' title="bbox 2119 3976 3758 4058; baseline 0.001 -25"><span class='ocrx_word' id='word_1_610' title='bbox 2119 3984 2316 4057; x_wconf 82' lang='grc' dir='ltr'>πρῶτοι</span> <span class='ocrx_word' id='word_1_611' title='bbox 2370 3976 2456 4035; x_wconf 79' lang='grc' dir='ltr'><strong>διὰ</strong></span> <span class='ocrx_word' id='word_1_612' title='bbox 2523 3980 2621 4047; x_wconf 80' lang='grc' dir='ltr'>τὴν</span> <span class='ocrx_word' id='word_1_613' title='bbox 2682 3982 2755 4044; x_wconf 87' lang='grc' dir='ltr'><strong>εἰς</strong></span> <span class='ocrx_word' id='word_1_614' title='bbox 2806 3981 2936 4037; x_wconf 84' lang='grc' dir='ltr'>Θεὸν</span> <span class='ocrx_word' id='word_1_615' title='bbox 2972 3978 3179 4055; x_wconf 86' lang='grc' dir='ltr'>ἐλπίδα,</span> <span class='ocrx_word' id='word_1_616' title='bbox 3226 3978 3362 4042; x_wconf 81' lang='grc' dir='ltr'>ἀλλὰ</span> <span class='ocrx_word' id='word_1_617' title='bbox 3392 3982 3480 4037; x_wconf 84' lang='grc' dir='ltr'><strong>καὶ</strong></span> <span class='ocrx_word' id='word_1_618' title='bbox 3509 3983 3556 4037; x_wconf 83' lang='grc' dir='ltr'><strong>οἱ</strong></span> <span class='ocrx_word' id='word_1_619' title='bbox 3585 3987 3758 4058; x_wconf 80' lang='grc' dir='ltr'>Φαρι-</span> 
     </span>
    </p>
   </div>
   <div class='ocr_carea' id='block_1_82' title="bbox 388 4060 2034 4134">
    <p class='ocr_par' dir='ltr' id='par_1_82' title="bbox 388 4060 2034 4134">
     <span class='ocr_line' id='line_1_82' title="bbox 388 4060 2034 4134; baseline 0.001 -13"><span class='ocrx_word' id='word_1_620' title='bbox 388 4060 562 4122; x_wconf 88' lang='lat' dir='ltr'><strong>tremi</strong></span> <span class='ocrx_word' id='word_1_621' title='bbox 591 4060 704 4134; x_wconf 91' lang='lat' dir='ltr'><strong>Qui</strong></span> <span class='ocrx_word' id='word_1_622' title='bbox 733 4070 929 4124; x_wconf 91' lang='lat' dir='ltr'><strong>autem</strong></span> <span class='ocrx_word' id='word_1_623' title='bbox 955 4062 1179 4124; x_wconf 80' lang='lat' dir='ltr'><strong>relictis</strong></span> <span class='ocrx_word' id='word_1_624' title='bbox 1194 4061 1474 4125; x_wconf 91' lang='lat' dir='ltr'><strong>omnibus</strong></span> <span class='ocrx_word' id='word_1_625' title='bbox 1496 4061 1685 4126; x_wconf 90' lang='lat' dir='ltr'><strong>secuti</strong></span> <span class='ocrx_word' id='word_1_626' title='bbox 1708 4072 1846 4123; x_wconf 91' lang='lat' dir='ltr'><strong>sunt</strong></span> <span class='ocrx_word' id='word_1_627' title='bbox 1868 4063 2034 4125; x_wconf 90' lang='lat' dir='ltr'><strong>Chri-</strong></span> 
     </span>
    </p>
   </div>
   <div class='ocr_carea' id='block_1_83' title="bbox 384 4150 1089 4232">
    <p class='ocr_par' dir='ltr' id='par_1_83' title="bbox 384 4150 1089 4232">
     <span class='ocr_line' id='line_1_83' title="bbox 384 4150 1089 4232; baseline 0.004 -21"><span class='ocrx_word' id='word_1_628' title='bbox 384 4156 539 4211; x_wconf 89' lang='lat' dir='ltr'><strong>stum</strong></span> <span class='ocrx_word' id='word_1_629' title='bbox 558 4150 693 4212; x_wconf 89' lang='lat' dir='ltr'><strong>facti</strong></span> <span class='ocrx_word' id='word_1_630' title='bbox 722 4158 859 4212; x_wconf 89' lang='lat' dir='ltr'><strong>sunt</strong></span> <span class='ocrx_word' id='word_1_631' title='bbox 893 4151 1089 4232; x_wconf 90' lang='lat' dir='ltr'><strong>primi.</strong></span> 
     </span>
    </p>
   </div>
   <div class='ocr_carea' id='block_1_84' title="bbox 464 4329 2035 4395">
    <p class='ocr_par' dir='ltr' id='par_1_84' title="bbox 464 4329 2035 4395">
     <span class='ocr_line' id='line_1_84' title="bbox 464 4329 2035 4395; baseline 0.001 -2"><span class='ocrx_word' id='word_1_632' title='bbox 464 4334 646 4394; x_wconf 73' lang='lat' dir='ltr'><strong>Vens.</strong></span> <span class='ocrx_word' id='word_1_633' title='bbox 682 4329 894 4395; x_wconf 62' lang='lat'><strong>39-34.</strong></span> <span class='ocrx_word' id='word_1_634' title='bbox 934 4356 957 4388; x_wconf 83' lang='grc' dir='ltr'>ι(</span> <span class='ocrx_word' id='word_1_635' title='bbox 994 4332 1175 4394; x_wconf 88' lang='lat' dir='ltr'><strong>Erant</strong></span> <span class='ocrx_word' id='word_1_636' title='bbox 1206 4340 1398 4395; x_wconf 90' lang='lat' dir='ltr'><strong>autem</strong></span> <span class='ocrx_word' id='word_1_637' title='bbox 1431 4332 1489 4394; x_wconf 92' lang='lat' dir='ltr'><strong>in</strong></span> <span class='ocrx_word' id='word_1_638' title='bbox 1524 4332 1620 4394; x_wconf 87' lang='lat' dir='ltr'><strong>via</strong></span> <span class='ocrx_word' id='word_1_639' title='bbox 1642 4331 2035 4394; x_wconf 78' lang='lat' dir='ltr'><strong>ascendentes</strong></span> 
     </span>
    </p>
   </div>
   <div class='ocr_carea' id='block_1_85' title="bbox 381 4419 2033 4503">
    <p class='ocr_par' dir='ltr' id='par_1_85' title="bbox 381 4419 2033 4503">
     <span class='ocr_line' id='line_1_85' title="bbox 381 4419 2033 4503; baseline -0.001 -21"><span class='ocrx_word' id='word_1_640' title='bbox 381 4419 809 4501; x_wconf 74' lang='lat' dir='ltr'><strong>Hierosolyma,</strong></span> <span class='ocrx_word' id='word_1_641' title='bbox 845 4429 902 4483; x_wconf 91' lang='lat' dir='ltr'><strong>et</strong></span> <span class='ocrx_word' id='word_1_642' title='bbox 933 4422 1348 4503; x_wconf 75' lang='lat' dir='ltr'><strong>przecedebant</strong></span> <span class='ocrx_word' id='word_1_643' title='bbox 1370 4422 1503 4483; x_wconf 90' lang='lat' dir='ltr'><strong>illos</strong></span> <span class='ocrx_word' id='word_1_644' title='bbox 1525 4423 1719 4498; x_wconf 84' lang='lat' dir='ltr'><strong>Jesus,</strong></span> <span class='ocrx_word' id='word_1_645' title='bbox 1749 4428 2033 4501; x_wconf 91' lang='lat' dir='ltr'><strong>erantque</strong></span> 
     </span>
    </p>
   </div>
   <div class='ocr_carea' id='block_1_86' title="bbox 382 4510 2030 4592">
    <p class='ocr_par' dir='ltr' id='par_1_86' title="bbox 382 4510 2030 4592">
     <span class='ocr_line' id='line_1_86' title="bbox 382 4510 2030 4592; baseline -0.001 -20"><span class='ocrx_word' id='word_1_646' title='bbox 382 4510 690 4590; x_wconf 86' lang='lat' dir='ltr'><strong>pavefacti.</strong></span> <span class='ocrx_word' id='word_1_647' title='bbox 726 4520 781 4571; x_wconf 90' lang='lat' dir='ltr'><strong>et</strong></span> <span class='ocrx_word' id='word_1_648' title='bbox 800 4519 1117 4592; x_wconf 91' lang='lat' dir='ltr'><strong>sequentes</strong></span> <span class='ocrx_word' id='word_1_649' title='bbox 1142 4510 1523 4574; x_wconf 88' lang='lat' dir='ltr'><strong>timebant.Et</strong></span> <span class='ocrx_word' id='word_1_650' title='bbox 1553 4510 1871 4591; x_wconf 85' lang='lat' dir='ltr'><strong>assumptis</strong></span> <span class='ocrx_word' id='word_1_651' title='bbox 1896 4529 2030 4571; x_wconf 88' lang='lat' dir='ltr'><strong>rur-</strong></span> 
     </span>
    </p>
   </div>
   <div class='ocr_carea' id='block_1_87' title="bbox 382 4597 2036 4680">
    <p class='ocr_par' dir='ltr' id='par_1_87' title="bbox 382 4597 2036 4680">
     <span class='ocr_line' id='line_1_87' title="bbox 382 4597 2036 4680; baseline 0 -21"><span class='ocrx_word' id='word_1_652' title='bbox 382 4618 510 4660; x_wconf 90' lang='lat' dir='ltr'><strong>sum</strong></span> <span class='ocrx_word' id='word_1_653' title='bbox 531 4598 870 4674; x_wconf 89' lang='lat' dir='ltr'><strong>duodecim,</strong></span> <span class='ocrx_word' id='word_1_654' title='bbox 894 4601 1072 4680; x_wconf 66' lang='lat' dir='ltr'><strong>caapit</strong></span> <span class='ocrx_word' id='word_1_655' title='bbox 1100 4599 1217 4662; x_wconf 82' lang='lat' dir='ltr'><strong>illis</strong></span> <span class='ocrx_word' id='word_1_656' title='bbox 1235 4601 1437 4662; x_wconf 87' lang='lat' dir='ltr'><strong>dicere</strong></span> <span class='ocrx_word' id='word_1_657' title='bbox 1459 4618 1590 4680; x_wconf 68' lang='lat' dir='ltr'><strong>quae</strong></span> <span class='ocrx_word' id='word_1_658' title='bbox 1609 4597 1720 4660; x_wconf 87' lang='lat' dir='ltr'><strong>sibi</strong></span> <span class='ocrx_word' id='word_1_659' title='bbox 1754 4607 2036 4660; x_wconf 88' lang='lat' dir='ltr'><strong>eventura</strong></span> 
     </span>
    </p>
   </div>
   <div class='ocr_carea' id='block_1_88' title="bbox 381 4685 2034 4768">
    <p class='ocr_par' dir='ltr' id='par_1_88' title="bbox 381 4685 2034 4768">
     <span class='ocr_line' id='line_1_88' title="bbox 381 4685 2034 4768; baseline -0.001 -19"><span class='ocrx_word' id='word_1_660' title='bbox 381 4687 767 4749; x_wconf 78' lang='lat' dir='ltr'><strong>essentzEcce</strong></span> <span class='ocrx_word' id='word_1_661' title='bbox 787 4687 1177 4749; x_wconf 82' lang='lat' dir='ltr'><strong>accendimus</strong></span> <span class='ocrx_word' id='word_1_662' title='bbox 1199 4687 1693 4768; x_wconf 76' lang='lat' dir='ltr'><strong>Hierosolyma,ot</strong></span> <span class='ocrx_word' id='word_1_663' title='bbox 1714 4685 1897 4747; x_wconf 89' lang='lat' dir='ltr'><strong>Filius</strong></span> <span class='ocrx_word' id='word_1_664' title='bbox 1921 4687 2034 4748; x_wconf 93' lang='lat' dir='ltr'><strong>ho-</strong></span> 
     </span>
    </p>
   </div>
   <div class='ocr_carea' id='block_1_89' title="bbox 385 4774 2028 4857">
    <p class='ocr_par' dir='ltr' id='par_1_89' title="bbox 385 4774 2028 4857">
     <span class='ocr_line' id='line_1_89' title="bbox 385 4774 2028 4857; baseline 0.001 -23"><span class='ocrx_word' id='word_1_665' title='bbox 385 4774 564 4835; x_wconf 89' lang='lat' dir='ltr'><strong>minis</strong></span> <span class='ocrx_word' id='word_1_666' title='bbox 597 4775 860 4837; x_wconf 90' lang='lat' dir='ltr'><strong>tradetur</strong></span> <span class='ocrx_word' id='word_1_667' title='bbox 892 4776 1262 4857; x_wconf 87' lang='lat' dir='ltr'><strong>principibus</strong></span> <span class='ocrx_word' id='word_1_668' title='bbox 1292 4778 1661 4840; x_wconf 79' lang='lat' dir='ltr'><strong>sacordotum</strong></span> <span class='ocrx_word' id='word_1_669' title='bbox 1696 4786 1753 4836; x_wconf 93' lang='lat' dir='ltr'><strong>et</strong></span> <span class='ocrx_word' id='word_1_670' title='bbox 1780 4775 2028 4856; x_wconf 89' lang='lat' dir='ltr'><strong>Scribis,</strong></span> 
     </span>
    </p>
   </div>
   <div class='ocr_carea' id='block_1_90' title="bbox 383 4863 2029 4940">
    <p class='ocr_par' dir='ltr' id='par_1_90' title="bbox 383 4863 2029 4940">
     <span class='ocr_line' id='line_1_90' title="bbox 383 4863 2029 4940; baseline -0.001 -14"><span class='ocrx_word' id='word_1_671' title='bbox 383 4872 441 4926; x_wconf 89' lang='lat' dir='ltr'><strong>et</strong></span> <span class='ocrx_word' id='word_1_672' title='bbox 472 4863 957 4927; x_wconf 89' lang='lat' dir='ltr'><strong>condemnabunt</strong></span> <span class='ocrx_word' id='word_1_673' title='bbox 977 4885 1110 4927; x_wconf 89' lang='lat' dir='ltr'><strong>eum</strong></span> <span class='ocrx_word' id='word_1_674' title='bbox 1136 4866 1209 4928; x_wconf 84' lang='lat' dir='ltr'><strong>ad</strong></span> <span class='ocrx_word' id='word_1_675' title='bbox 1239 4874 1580 4940; x_wconf 88' lang='lat' dir='ltr'><strong>mortem,et</strong></span> <span class='ocrx_word' id='word_1_676' title='bbox 1609 4865 1843 4926; x_wconf 86' lang='lat' dir='ltr'><strong>tradent</strong></span> <span class='ocrx_word' id='word_1_677' title='bbox 1865 4864 2029 4926; x_wconf 92' lang='lat' dir='ltr'><strong>illum</strong></span> 
     </span>
    </p>
   </div>
   <div class='ocr_carea' id='block_1_91' title="bbox 379 4952 2036 5036">
    <p class='ocr_par' dir='ltr' id='par_1_91' title="bbox 379 4952 2036 5036">
     <span class='ocr_line' id='line_1_91' title="bbox 379 4952 2036 5036; baseline 0 -22"><span class='ocrx_word' id='word_1_678' title='bbox 379 4952 675 5033; x_wconf 76' lang='lat' dir='ltr'><strong>gentibus,</strong></span> <span class='ocrx_word' id='word_1_679' title='bbox 712 4962 771 5015; x_wconf 89' lang='lat' dir='ltr'><strong>et</strong></span> <span class='ocrx_word' id='word_1_680' title='bbox 798 4954 1053 5017; x_wconf 91' lang='lat' dir='ltr'><strong>illudent</strong></span> <span class='ocrx_word' id='word_1_681' title='bbox 1104 4955 1212 5036; x_wconf 91' lang='lat' dir='ltr'><strong>illi,</strong></span> <span class='ocrx_word' id='word_1_682' title='bbox 1264 4964 1323 5018; x_wconf 90' lang='lat' dir='ltr'><strong>et</strong></span> <span class='ocrx_word' id='word_1_683' title='bbox 1369 4953 1751 5033; x_wconf 80' lang='lat' dir='ltr'><strong>ﬂagellabunt</strong></span> <span class='ocrx_word' id='word_1_684' title='bbox 1779 4973 1939 5030; x_wconf 89' lang='lat' dir='ltr'><strong>eum,</strong></span> <span class='ocrx_word' id='word_1_685' title='bbox 1979 4962 2036 5015; x_wconf 91' lang='lat' dir='ltr'><strong>et</strong></span> 
     </span>
    </p>
   </div>
   <div class='ocr_carea' id='block_1_92' title="bbox 378 5046 2035 5127">
    <p class='ocr_par' dir='ltr' id='par_1_92' title="bbox 378 5046 2035 5127">
     <span class='ocr_line' id='line_1_92' title="bbox 378 5046 2035 5127; baseline 0.001 -20"><span class='ocrx_word' id='word_1_686' title='bbox 378 5047 659 5127; x_wconf 88' lang='lat' dir='ltr'><strong>inspuent</strong></span> <span class='ocrx_word' id='word_1_687' title='bbox 685 5047 745 5107; x_wconf 94' lang='lat' dir='ltr'><strong>in</strong></span> <span class='ocrx_word' id='word_1_688' title='bbox 769 5046 961 5122; x_wconf 91' lang='lat' dir='ltr'><strong>illum,</strong></span> <span class='ocrx_word' id='word_1_689' title='bbox 995 5055 1055 5109; x_wconf 89' lang='lat' dir='ltr'><strong>et</strong></span> <span class='ocrx_word' id='word_1_690' title='bbox 1105 5049 1376 5110; x_wconf 89' lang='lat' dir='ltr'><strong>occident</strong></span> <span class='ocrx_word' id='word_1_691' title='bbox 1409 5067 1569 5124; x_wconf 92' lang='lat' dir='ltr'><strong>eum,</strong></span> <span class='ocrx_word' id='word_1_692' title='bbox 1622 5056 1679 5109; x_wconf 90' lang='lat' dir='ltr'><strong>et</strong></span> <span class='ocrx_word' id='word_1_693' title='bbox 1722 5046 1893 5110; x_wconf 79' lang='lat' dir='ltr'><strong>tertia</strong></span> <span class='ocrx_word' id='word_1_694' title='bbox 1937 5046 2035 5109; x_wconf 91' lang='lat' dir='ltr'><strong>die</strong></span> 
     </span>
    </p>
   </div>
   <div class='ocr_carea' id='block_1_93' title="bbox 378 5135 2035 5218">
    <p class='ocr_par' dir='ltr' id='par_1_93' title="bbox 378 5135 2035 5218">
     <span class='ocr_line' id='line_1_93' title="bbox 378 5135 2035 5218; baseline 0.001 -21"><span class='ocrx_word' id='word_1_695' title='bbox 378 5145 670 5214; x_wconf 82' lang='lat' dir='ltr'><strong>resurget.</strong></span> <span class='ocrx_word' id='word_1_696' title='bbox 706 5160 729 5191; x_wconf 76' lang='grc' dir='ltr'><strong>ι</strong></span> <span class='ocrx_word' id='word_1_697' title='bbox 761 5135 953 5208; x_wconf 87' lang='lat' dir='ltr'><strong>Quare</strong></span> <span class='ocrx_word' id='word_1_698' title='bbox 988 5138 1255 5218; x_wconf 67' lang='lat' dir='ltr'><strong>praedicit</strong></span> <span class='ocrx_word' id='word_1_699' title='bbox 1280 5138 1335 5199; x_wconf 88' lang='lat' dir='ltr'><strong>ei</strong></span> <span class='ocrx_word' id='word_1_700' title='bbox 1360 5137 1673 5200; x_wconf 82' lang='lat' dir='ltr'><strong>eventura?</strong></span> <span class='ocrx_word' id='word_1_701' title='bbox 1701 5136 1777 5199; x_wconf 91' lang='lat' dir='ltr'><strong>Ut</strong></span> <span class='ocrx_word' id='word_1_702' title='bbox 1804 5144 2035 5199; x_wconf 88' lang='lat' dir='ltr'><strong>mentes</strong></span> 
     </span>
    </p>
   </div>
   <div class='ocr_carea' id='block_1_94' title="bbox 378 5224 2034 5309">
    <p class='ocr_par' dir='ltr' id='par_1_94' title="bbox 378 5224 2034 5309">
     <span class='ocr_line' id='line_1_94' title="bbox 378 5224 2034 5309; baseline 0.001 -24"><span class='ocrx_word' id='word_1_703' title='bbox 378 5224 809 5306; x_wconf 91' lang='lat' dir='ltr'><strong>discipulorum</strong></span> <span class='ocrx_word' id='word_1_704' title='bbox 843 5234 1155 5307; x_wconf 77' lang='lat' dir='ltr'><strong>przeparet,</strong></span> <span class='ocrx_word' id='word_1_705' title='bbox 1190 5247 1305 5309; x_wconf 93' lang='lat' dir='ltr'><strong>quo</strong></span> <span class='ocrx_word' id='word_1_706' title='bbox 1340 5229 1506 5309; x_wconf 90' lang='lat' dir='ltr'><strong>prius</strong></span> <span class='ocrx_word' id='word_1_707' title='bbox 1562 5226 1758 5287; x_wconf 81' lang='lat' dir='ltr'><strong>audita</strong></span> <span class='ocrx_word' id='word_1_708' title='bbox 1806 5225 2034 5287; x_wconf 84' lang='lat' dir='ltr'><strong>facilius</strong></span> 
     </span>
    </p>
   </div>
   <div class='ocr_carea' id='block_1_95' title="bbox 378 5314 2034 5397">
    <p class='ocr_par' dir='ltr' id='par_1_95' title="bbox 378 5314 2034 5397">
     <span class='ocr_line' id='line_1_95' title="bbox 378 5314 2034 5397; baseline 0.002 -24"><span class='ocrx_word' id='word_1_709' title='bbox 378 5314 589 5389; x_wconf 88' lang='lat' dir='ltr'><strong>ferant,</strong></span> <span class='ocrx_word' id='word_1_710' title='bbox 626 5322 685 5375; x_wconf 91' lang='lat' dir='ltr'><strong>et</strong></span> <span class='ocrx_word' id='word_1_711' title='bbox 715 5333 831 5375; x_wconf 92' lang='lat' dir='ltr'><strong>non</strong></span> <span class='ocrx_word' id='word_1_712' title='bbox 864 5325 1108 5396; x_wconf 72' lang='lat' dir='ltr'><strong>repente</strong></span> <span class='ocrx_word' id='word_1_713' title='bbox 1132 5314 2034 5397; x_wconf 86' lang='lat' dir='ltr'><strong>percellanturanimo.1nsuper</strong></span> 
     </span>
    </p>
   </div>
   <div class='ocr_carea' id='block_1_96' title="bbox 381 5403 2027 5488">
    <p class='ocr_par' dir='ltr' id='par_1_96' title="bbox 381 5403 2027 5488">
     <span class='ocr_line' id='line_1_96' title="bbox 381 5403 2027 5488; baseline 0.001 -25"><span class='ocrx_word' id='word_1_714' title='bbox 381 5410 443 5463; x_wconf 91' lang='lat' dir='ltr'><strong>ut</strong></span> <span class='ocrx_word' id='word_1_715' title='bbox 467 5403 655 5463; x_wconf 88' lang='lat' dir='ltr'><strong>sciant</strong></span> <span class='ocrx_word' id='word_1_716' title='bbox 676 5404 833 5482; x_wconf 85' lang='lat' dir='ltr'><strong>quod</strong></span> <span class='ocrx_word' id='word_1_717' title='bbox 865 5406 1233 5469; x_wconf 89' lang='lat' dir='ltr'><strong>voluntarius</strong></span> <span class='ocrx_word' id='word_1_718' title='bbox 1265 5407 1540 5488; x_wconf 86' lang='lat' dir='ltr'><strong>patiatur.</strong></span> <span class='ocrx_word' id='word_1_719' title='bbox 1569 5406 1717 5469; x_wconf 90' lang='lat' dir='ltr'><strong>Nam</strong></span> <span class='ocrx_word' id='word_1_720' title='bbox 1750 5404 1850 5485; x_wconf 90' lang='lat' dir='ltr'><strong>qui</strong></span> <span class='ocrx_word' id='word_1_721' title='bbox 1874 5422 2027 5484; x_wconf 71' lang='lat' dir='ltr'><strong>prae-</strong></span> 
     </span>
    </p>
   </div>
   <div class='ocr_carea' id='block_1_97' title="bbox 378 5491 2024 5576">
    <p class='ocr_par' dir='ltr' id='par_1_97' title="bbox 378 5491 2024 5576">
     <span class='ocr_line' id='line_1_97' title="bbox 378 5491 2024 5576; baseline 0.001 -24"><span class='ocrx_word' id='word_1_722' title='bbox 378 5491 625 5566; x_wconf 86' lang='lat' dir='ltr'><strong>novit,ot</strong></span> <span class='ocrx_word' id='word_1_723' title='bbox 648 5492 905 5569; x_wconf 69' lang='lat' dir='ltr'><strong>effugere</strong></span> <span class='ocrx_word' id='word_1_724' title='bbox 941 5503 1152 5575; x_wconf 85' lang='lat' dir='ltr'><strong>potest,</strong></span> <span class='ocrx_word' id='word_1_725' title='bbox 1178 5505 1238 5558; x_wconf 93' lang='lat' dir='ltr'><strong>et</strong></span> <span class='ocrx_word' id='word_1_726' title='bbox 1267 5516 1384 5558; x_wconf 92' lang='lat' dir='ltr'><strong>non</strong></span> <span class='ocrx_word' id='word_1_727' title='bbox 1417 5496 1559 5576; x_wconf 81' lang='lat' dir='ltr'><strong>fugit</strong></span> <span class='ocrx_word' id='word_1_728' title='bbox 1596 5518 1608 5555; x_wconf 90' lang='lat'>:</span> <span class='ocrx_word' id='word_1_729' title='bbox 1647 5494 2024 5565; x_wconf 85' lang='lat' dir='ltr'><strong>manifestum</strong></span> 
     </span>
    </p>
   </div>
   <div class='ocr_carea' id='block_1_98' title="bbox 378 5577 2025 5665">
    <p class='ocr_par' dir='ltr' id='par_1_98' title="bbox 378 5577 2025 5665">
     <span class='ocr_line' id='line_1_98' title="bbox 378 5577 2025 5665; baseline 0.002 -26"><span class='ocrx_word' id='word_1_730' title='bbox 378 5580 532 5658; x_wconf 91' lang='lat' dir='ltr'><strong>quod</strong></span> <span class='ocrx_word' id='word_1_731' title='bbox 566 5577 957 5644; x_wconf 87' lang='lat' dir='ltr'><strong>voluntarium</strong></span> <span class='ocrx_word' id='word_1_732' title='bbox 991 5603 1055 5647; x_wconf 91' lang='lat' dir='ltr'><strong>se</strong></span> <span class='ocrx_word' id='word_1_733' title='bbox 1086 5585 1457 5664; x_wconf 86' lang='lat' dir='ltr'><strong>passionibus</strong></span> <span class='ocrx_word' id='word_1_734' title='bbox 1477 5585 2025 5665; x_wconf 82' lang='lat' dir='ltr'><strong>exponat.Seorsim</strong></span> 
     </span>
    </p>
   </div>
   <div class='ocr_carea' id='block_1_99' title="bbox 374 5670 2022 5755">
    <p class='ocr_par' dir='ltr' id='par_1_99' title="bbox 374 5670 2022 5755">
     <span class='ocr_line' id='line_1_99' title="bbox 374 5670 2022 5755; baseline 0 -22"><span class='ocrx_word' id='word_1_735' title='bbox 374 5677 571 5733; x_wconf 84' lang='lat' dir='ltr'><strong>autem</strong></span> <span class='ocrx_word' id='word_1_736' title='bbox 589 5670 836 5732; x_wconf 89' lang='lat' dir='ltr'><strong>assumit</strong></span> <span class='ocrx_word' id='word_1_737' title='bbox 856 5671 1268 5755; x_wconf 89' lang='lat' dir='ltr'><strong>discipulos,et</strong></span> <span class='ocrx_word' id='word_1_738' title='bbox 1287 5692 1419 5737; x_wconf 92' lang='lat' dir='ltr'><strong>cum</strong></span> <span class='ocrx_word' id='word_1_739' title='bbox 1440 5674 1581 5737; x_wconf 88' lang='lat' dir='ltr'><strong>solis</strong></span> <span class='ocrx_word' id='word_1_740' title='bbox 1601 5672 1720 5736; x_wconf 90' lang='lat' dir='ltr'><strong>illis</strong></span> <span class='ocrx_word' id='word_1_741' title='bbox 1743 5671 2022 5755; x_wconf 87' lang='lat' dir='ltr'><strong>loquitur.</strong></span> 
     </span>
    </p>
   </div>
   <div class='ocr_carea' id='block_1_100' title="bbox 2116 4068 3756 4151">
    <p class='ocr_par' dir='ltr' id='par_1_100' title="bbox 2116 4068 3756 4151">
     <span class='ocr_line' id='line_1_100' title="bbox 2116 4068 3756 4151; baseline 0.001 -28"><span class='ocrx_word' id='word_1_742' title='bbox 2116 4081 2285 4142; x_wconf 77' lang='grc' dir='ltr'>σαϊοι,</span> <span class='ocrx_word' id='word_1_743' title='bbox 2339 4074 2539 4145; x_wconf 89' lang='grc' dir='ltr'>πρῶτοι</span> <span class='ocrx_word' id='word_1_744' title='bbox 2597 4069 2768 4150; x_wconf 75' lang='grc' dir='ltr'>ὄντες,</span> <span class='ocrx_word' id='word_1_745' title='bbox 2814 4068 3056 4149; x_wconf 82' lang='grc' dir='ltr'>ἐγένοντο</span> <span class='ocrx_word' id='word_1_746' title='bbox 3111 4068 3356 4151; x_wconf 78' lang='grc' dir='ltr'>ἔσχατοι,</span> <span class='ocrx_word' id='word_1_747' title='bbox 3390 4073 3449 4129; x_wconf 81' lang='grc' dir='ltr'><strong>Οἱ</strong></span> <span class='ocrx_word' id='word_1_748' title='bbox 3508 4068 3563 4126; x_wconf 77' lang='grc' dir='ltr'><strong>δὲ</strong></span> <span class='ocrx_word' id='word_1_749' title='bbox 3589 4069 3756 4149; x_wconf 64' lang='grc' dir='ltr'>ἀφέν-</span> 
     </span>
    </p>
   </div>
   <div class='ocr_carea' id='block_1_101' title="bbox 2115 4158 3763 4239">
    <p class='ocr_par' dir='ltr' id='par_1_101' title="bbox 2115 4158 3763 4239">
     <span class='ocr_line' id='line_1_101' title="bbox 2115 4158 3763 4239; baseline 0.002 -27"><span class='ocrx_word' id='word_1_750' title='bbox 2115 4177 2201 4221; x_wconf 90' lang='grc' dir='ltr'><strong>τες</strong></span> <span class='ocrx_word' id='word_1_751' title='bbox 2244 4158 2307 4213; x_wconf 83' lang='grc' dir='ltr'><strong>τὰ</strong></span> <span class='ocrx_word' id='word_1_752' title='bbox 2366 4159 2559 4238; x_wconf 79' lang='grc' dir='ltr'>πάντα,</span> <span class='ocrx_word' id='word_1_753' title='bbox 2620 4161 2706 4216; x_wconf 88' lang='grc' dir='ltr'><strong>καὶ</strong></span> <span class='ocrx_word' id='word_1_754' title='bbox 2778 4158 3231 4231; x_wconf 73' lang='grc' dir='ltr'>ἀκολουθήσαντες</span> <span class='ocrx_word' id='word_1_755' title='bbox 3260 4166 3336 4236; x_wconf 83' lang='grc' dir='ltr'><strong>τῷ</strong></span> <span class='ocrx_word' id='word_1_756' title='bbox 3368 4165 3599 4239; x_wconf 80' lang='grc' dir='ltr'>Χριστῷ,</span> <span class='ocrx_word' id='word_1_757' title='bbox 3643 4158 3763 4238; x_wconf 80' lang='grc' dir='ltr'>ἐγέ-</span> 
     </span>
    </p>
   </div>
   <div class='ocr_carea' id='block_1_102' title="bbox 2117 4254 2538 4325">
    <p class='ocr_par' dir='ltr' id='par_1_102' title="bbox 2117 4254 2538 4325">
     <span class='ocr_line' id='line_1_102' title="bbox 2117 4254 2538 4325; baseline 0.002 -24"><span class='ocrx_word' id='word_1_758' title='bbox 2117 4268 2269 4303; x_wconf 90' lang='grc' dir='ltr'>νοντο</span> <span class='ocrx_word' id='word_1_759' title='bbox 2297 4254 2511 4325; x_wconf 28' lang='grc' dir='ltr'>*πρῶτοι</span> <span class='ocrx_word' id='word_1_760' title='bbox 2522 4294 2538 4310; x_wconf 85' lang='grc'><strong>,</strong></span> 
     </span>
    </p>
   </div>
   <div class='ocr_carea' id='block_1_103' title="bbox 2205 4323 3759 4417">
    <p class='ocr_par' dir='ltr' id='par_1_103' title="bbox 2205 4323 3759 4417">
     <span class='ocr_line' id='line_1_103' title="bbox 2205 4323 3759 4417; baseline 0.001 -24"><span class='ocrx_word' id='word_1_761' title='bbox 2205 4355 2233 4393; x_wconf 85' lang='grc'><strong>(</strong></span> <span class='ocrx_word' id='word_1_762' title='bbox 2293 4323 2459 4392; x_wconf 72' lang='grc' dir='ltr'>Ἦσαν</span> <span class='ocrx_word' id='word_1_763' title='bbox 2512 4334 2565 4392; x_wconf 79' lang='grc' dir='ltr'>δὲ</span> <span class='ocrx_word' id='word_1_764' title='bbox 2623 4336 2677 4392; x_wconf 86' lang='grc' dir='ltr'><strong>ἐν</strong></span> <span class='ocrx_word' id='word_1_765' title='bbox 2731 4338 2798 4406; x_wconf 82' lang='grc' dir='ltr'>τῆ</span> <span class='ocrx_word' id='word_1_766' title='bbox 2853 4335 2957 4412; x_wconf 82' lang='grc' dir='ltr'><strong>ὁδῳ</strong></span> <span class='ocrx_word' id='word_1_767' title='bbox 3012 4337 3377 4403; x_wconf 86' lang='grc' dir='ltr'>ἀναϐαίνοντες</span> <span class='ocrx_word' id='word_1_768' title='bbox 3420 4339 3494 4401; x_wconf 88' lang='grc' dir='ltr'><strong>εἰς</strong></span> <span class='ocrx_word' id='word_1_769' title='bbox 3531 4327 3759 4417; x_wconf 70' lang='grc' dir='ltr'>Ἰεροσό-</span> 
     </span>
    </p>
   </div>
   <div class='ocr_carea' id='block_1_104' title="bbox 2116 4421 3765 4505">
    <p class='ocr_par' dir='ltr' id='par_1_104' title="bbox 2116 4421 3765 4505">
     <span class='ocr_line' id='line_1_104' title="bbox 2116 4421 3765 4505; baseline 0.002 -26"><span class='ocrx_word' id='word_1_770' title='bbox 2116 4421 2280 4499; x_wconf 76' lang='grc' dir='ltr'>λυμα,</span> <span class='ocrx_word' id='word_1_771' title='bbox 2342 4426 2428 4481; x_wconf 89' lang='grc' dir='ltr'><strong>καὶ</strong></span> <span class='ocrx_word' id='word_1_772' title='bbox 2497 4425 2565 4492; x_wconf 75' lang='grc' dir='ltr'>ἦν</span> <span class='ocrx_word' id='word_1_773' title='bbox 2620 4427 2866 4505; x_wconf 85' lang='grc' dir='ltr'>προάγων</span> <span class='ocrx_word' id='word_1_774' title='bbox 2938 4428 3125 4492; x_wconf 71' lang='grc' dir='ltr'>αὐτοὺς</span> <span class='ocrx_word' id='word_1_775' title='bbox 3150 4430 3178 4485; x_wconf 86' lang='lat'><strong>6</strong></span> <span class='ocrx_word' id='word_1_776' title='bbox 3209 4425 3438 4498; x_wconf 78' lang='grc' dir='ltr'>Ἰησοῦς,</span> <span class='ocrx_word' id='word_1_777' title='bbox 3469 4429 3558 4484; x_wconf 81' lang='grc' dir='ltr'><strong>καὶ</strong></span> <span class='ocrx_word' id='word_1_778' title='bbox 3608 4426 3765 4501; x_wconf 80' lang='grc' dir='ltr'>ἐθαμ-</span> 
     </span>
    </p>
   </div>
   <div class='ocr_carea' id='block_1_105' title="bbox 2115 4511 3764 4598">
    <p class='ocr_par' dir='ltr' id='par_1_105' title="bbox 2115 4511 3764 4598">
     <span class='ocr_line' id='line_1_105' title="bbox 2115 4511 3764 4598; baseline 0.002 -29"><span class='ocrx_word' id='word_1_779' title='bbox 2115 4511 2324 4594; x_wconf 72' lang='grc' dir='ltr'>ϐοῦντο,</span> <span class='ocrx_word' id='word_1_780' title='bbox 2378 4516 2466 4570; x_wconf 85' lang='grc' dir='ltr'><strong>καὶ</strong></span> <span class='ocrx_word' id='word_1_781' title='bbox 2520 4513 2920 4582; x_wconf 77' lang='grc' dir='ltr'>ἀκολουθοῦντες</span> <span class='ocrx_word' id='word_1_782' title='bbox 2990 4514 3294 4598; x_wconf 70' lang='grc' dir='ltr'>ἐφοϐοῦντο*</span> <span class='ocrx_word' id='word_1_783' title='bbox 3368 4518 3457 4574; x_wconf 85' lang='grc' dir='ltr'><strong>καὶ</strong></span> <span class='ocrx_word' id='word_1_784' title='bbox 3523 4514 3690 4596; x_wconf 74' lang='grc' dir='ltr'>παρα)</span> <span class='ocrx_word' id='word_1_785' title='bbox 3702 4538 3764 4572; x_wconf 61' lang='grc' dir='ltr'>ας</span> 
     </span>
    </p>
   </div>
   <div class='ocr_carea' id='block_1_106' title="bbox 2116 4600 3763 4684">
    <p class='ocr_par' dir='ltr' id='par_1_106' title="bbox 2116 4600 3763 4684">
     <span class='ocr_line' id='line_1_106' title="bbox 2116 4600 3763 4684; baseline 0.002 -26"><span class='ocrx_word' id='word_1_786' title='bbox 2116 4600 2222 4658; x_wconf 86' lang='grc' dir='ltr'><strong>ϐὼν</strong></span> <span class='ocrx_word' id='word_1_787' title='bbox 2279 4601 2439 4659; x_wconf 88' lang='grc' dir='ltr'>πάλιν</span> <span class='ocrx_word' id='word_1_788' title='bbox 2494 4604 2614 4667; x_wconf 79' lang='grc' dir='ltr'>τοὺς</span> <span class='ocrx_word' id='word_1_789' title='bbox 2672 4602 2897 4684; x_wconf 79' lang='grc' dir='ltr'>δώδεκα,</span> <span class='ocrx_word' id='word_1_790' title='bbox 2970 4604 3165 4683; x_wconf 66' lang='grc' dir='ltr'>ἤρξατο</span> <span class='ocrx_word' id='word_1_791' title='bbox 3223 4610 3404 4670; x_wconf 72' lang='grc' dir='ltr'>αὐτοῖς</span> <span class='ocrx_word' id='word_1_792' title='bbox 3451 4604 3624 4683; x_wconf 79' lang='grc' dir='ltr'>λέγειν</span> <span class='ocrx_word' id='word_1_793' title='bbox 3698 4606 3763 4661; x_wconf 78' lang='grc' dir='ltr'>τὰ</span> 
     </span>
    </p>
   </div>
   <div class='ocr_carea' id='block_1_107' title="bbox 2116 4690 3760 4769">
    <p class='ocr_par' dir='ltr' id='par_1_107' title="bbox 2116 4690 3760 4769">
     <span class='ocr_line' id='line_1_107' title="bbox 2116 4690 3760 4769; baseline 0.003 -25"><span class='ocrx_word' id='word_1_794' title='bbox 2116 4690 2378 4765; x_wconf 70' lang='grc' dir='ltr'>μέλλοντα</span> <span class='ocrx_word' id='word_1_795' title='bbox 2434 4694 2576 4768; x_wconf 69' lang='grc' dir='ltr'><strong>αὒτῷ</strong></span> <span class='ocrx_word' id='word_1_796' title='bbox 2633 4694 2957 4769; x_wconf 84' lang='grc' dir='ltr'>συμϐαίνειν⁶</span> <span class='ocrx_word' id='word_1_797' title='bbox 3034 4696 3113 4751; x_wconf 80' lang='grc' dir='ltr'>ὃτι</span> <span class='ocrx_word' id='word_1_798' title='bbox 3190 4693 3331 4763; x_wconf 49' lang='grc' dir='ltr'>,Ἰδοὺ</span> <span class='ocrx_word' id='word_1_799' title='bbox 3412 4692 3760 4768; x_wconf 86' lang='grc' dir='ltr'>ἀναϐαίνομεν</span> 
     </span>
    </p>
   </div>
   <div class='ocr_carea' id='block_1_108' title="bbox 2116 4779 3758 4864">
    <p class='ocr_par' dir='ltr' id='par_1_108' title="bbox 2116 4779 3758 4864">
     <span class='ocr_line' id='line_1_108' title="bbox 2116 4779 3758 4864; baseline 0.002 -28"><span class='ocrx_word' id='word_1_800' title='bbox 2116 4783 2189 4845; x_wconf 85' lang='grc' dir='ltr'><strong>εἰς</strong></span> <span class='ocrx_word' id='word_1_801' title='bbox 2242 4779 2601 4863; x_wconf 86' lang='grc' dir='ltr'>Ἰεροσόλυμα,</span> <span class='ocrx_word' id='word_1_802' title='bbox 2662 4785 2749 4840; x_wconf 85' lang='grc' dir='ltr'><strong>καὶ</strong></span> <span class='ocrx_word' id='word_1_803' title='bbox 2804 4785 2831 4840; x_wconf 89' lang='lat'><strong>6</strong></span> <span class='ocrx_word' id='word_1_804' title='bbox 2884 4785 3002 4848; x_wconf 79' lang='grc' dir='ltr'><strong>Υἱὸς</strong></span> <span class='ocrx_word' id='word_1_805' title='bbox 3032 4792 3124 4841; x_wconf 89' lang='grc' dir='ltr'><strong>τοῦ</strong></span> <span class='ocrx_word' id='word_1_806' title='bbox 3152 4784 3425 4864; x_wconf 87' lang='grc' dir='ltr'>ἀνθρώπου</span> <span class='ocrx_word' id='word_1_807' title='bbox 3453 4780 3758 4862; x_wconf 74' lang='grc' dir='ltr'>παραδοθη-</span> 
     </span>
    </p>
   </div>
   <div class='ocr_carea' id='block_1_109' title="bbox 2116 4872 3764 4952">
    <p class='ocr_par' dir='ltr' id='par_1_109' title="bbox 2116 4872 3764 4952">
     <span class='ocr_line' id='line_1_109' title="bbox 2116 4872 3764 4952; baseline 0.001 -26"><span class='ocrx_word' id='word_1_808' title='bbox 2116 4892 2261 4927; x_wconf 90' lang='grc' dir='ltr'>σεται</span> <span class='ocrx_word' id='word_1_809' title='bbox 2332 4884 2449 4932; x_wconf 55' lang='grc' dir='ltr'>τονς</span> <span class='ocrx_word' id='word_1_810' title='bbox 2509 4872 2815 4952; x_wconf 77' lang='grc' dir='ltr'>ἀρχιερεῦσι</span> <span class='ocrx_word' id='word_1_811' title='bbox 2877 4876 2963 4931; x_wconf 86' lang='grc' dir='ltr'><strong>καὶ</strong></span> <span class='ocrx_word' id='word_1_812' title='bbox 3035 4880 3425 4952; x_wconf 82' lang='grc' dir='ltr'>Γραμματεῦσι,</span> <span class='ocrx_word' id='word_1_813' title='bbox 3458 4874 3546 4929; x_wconf 87' lang='grc' dir='ltr'><strong>καὶ</strong></span> <span class='ocrx_word' id='word_1_814' title='bbox 3598 4893 3764 4928; x_wconf 82' lang='grc' dir='ltr'>κατα-</span> 
     </span>
    </p>
   </div>
   <div class='ocr_carea' id='block_1_110' title="bbox 2115 4960 3761 5043">
    <p class='ocr_par' dir='ltr' id='par_1_110' title="bbox 2115 4960 3761 5043">
     <span class='ocr_line' id='line_1_110' title="bbox 2115 4960 3761 5043; baseline -0.001 -28"><span class='ocrx_word' id='word_1_815' title='bbox 2115 4968 2374 5031; x_wconf 75' lang='grc' dir='ltr'>κρινοίσιν</span> <span class='ocrx_word' id='word_1_816' title='bbox 2433 4962 2587 5017; x_wconf 79' lang='grc' dir='ltr'>αὐτὸν</span> <span class='ocrx_word' id='word_1_817' title='bbox 2640 4962 2868 5043; x_wconf 86' lang='grc' dir='ltr'>θανάτῳ,</span> <span class='ocrx_word' id='word_1_818' title='bbox 2963 4962 3051 5020; x_wconf 88' lang='grc' dir='ltr'><strong>καὶ</strong></span> <span class='ocrx_word' id='word_1_819' title='bbox 3133 4960 3529 5042; x_wconf 84' lang='grc' dir='ltr'>παραδώσουσιν</span> <span class='ocrx_word' id='word_1_820' title='bbox 3604 4961 3761 5018; x_wconf 67' lang='grc' dir='ltr'>αὐτὸν</span> 
     </span>
    </p>
   </div>
   <div class='ocr_carea' id='block_1_111' title="bbox 2116 5048 3765 5129">
    <p class='ocr_par' dir='ltr' id='par_1_111' title="bbox 2116 5048 3765 5129">
     <span class='ocr_line' id='line_1_111' title="bbox 2116 5048 3765 5129; baseline 0 -24"><span class='ocrx_word' id='word_1_821' title='bbox 2116 5062 2233 5111; x_wconf 78' lang='grc' dir='ltr'>τοῖς</span> <span class='ocrx_word' id='word_1_822' title='bbox 2286 5048 2476 5124; x_wconf 65' lang='grc' dir='ltr'>ἔθνεσι,</span> <span class='ocrx_word' id='word_1_823' title='bbox 2535 5052 2623 5108; x_wconf 85' lang='grc' dir='ltr'><strong>καὶ</strong></span> <span class='ocrx_word' id='word_1_824' title='bbox 2673 5050 3014 5127; x_wconf 77' lang='grc' dir='ltr'>ἐμπαίξουσιν</span> <span class='ocrx_word' id='word_1_825' title='bbox 3073 5053 3237 5126; x_wconf 74' lang='grc' dir='ltr'>αὐτῷ,</span> <span class='ocrx_word' id='word_1_826' title='bbox 3273 5052 3361 5107; x_wconf 83' lang='grc' dir='ltr'><strong>καὶ</strong></span> <span class='ocrx_word' id='word_1_827' title='bbox 3390 5049 3765 5129; x_wconf 83' lang='grc' dir='ltr'>μαστιγώσου-</span> 
     </span>
    </p>
   </div>
   <div class='ocr_carea' id='block_1_112' title="bbox 2118 5139 3760 5219">
    <p class='ocr_par' dir='ltr' id='par_1_112' title="bbox 2118 5139 3760 5219">
     <span class='ocr_line' id='line_1_112' title="bbox 2118 5139 3760 5219; baseline -0.001 -25"><span class='ocrx_word' id='word_1_828' title='bbox 2118 5161 2200 5194; x_wconf 90' lang='grc' dir='ltr'><strong>σιν</strong></span> <span class='ocrx_word' id='word_1_829' title='bbox 2251 5139 2428 5219; x_wconf 75' lang='grc' dir='ltr'>αὗτὸν,</span> <span class='ocrx_word' id='word_1_830' title='bbox 2482 5141 2570 5195; x_wconf 84' lang='grc' dir='ltr'><strong>καὶ</strong></span> <span class='ocrx_word' id='word_1_831' title='bbox 2640 5139 2990 5215; x_wconf 81' lang='grc' dir='ltr'>ἐμπτύσουσιν</span> <span class='ocrx_word' id='word_1_832' title='bbox 3039 5142 3180 5215; x_wconf 78' lang='grc' dir='ltr'><strong>αὖτῷ</strong></span> <span class='ocrx_word' id='word_1_833' title='bbox 3237 5142 3325 5196; x_wconf 83' lang='grc' dir='ltr'><strong>καὶ</strong></span> <span class='ocrx_word' id='word_1_834' title='bbox 3383 5140 3760 5197; x_wconf 80' lang='grc' dir='ltr'>ἀποκτενοῦσιν</span> 
     </span>
    </p>
   </div>
   <div class='ocr_carea' id='block_1_113' title="bbox 2116 5228 3759 5309">
    <p class='ocr_par' dir='ltr' id='par_1_113' title="bbox 2116 5228 3759 5309">
     <span class='ocr_line' id='line_1_113' title="bbox 2116 5228 3759 5309; baseline 0 -25"><span class='ocrx_word' id='word_1_835' title='bbox 2116 5230 2294 5301; x_wconf 72' lang='grc' dir='ltr'>αὖτὸν,</span> <span class='ocrx_word' id='word_1_836' title='bbox 2353 5229 2440 5285; x_wconf 84' lang='grc' dir='ltr'><strong>καὶ</strong></span> <span class='ocrx_word' id='word_1_837' title='bbox 2499 5235 2567 5305; x_wconf 80' lang='grc' dir='ltr'><strong>τῇ</strong></span> <span class='ocrx_word' id='word_1_838' title='bbox 2623 5231 2772 5309; x_wconf 76' lang='grc' dir='ltr'>τρίτῃ</span> <span class='ocrx_word' id='word_1_839' title='bbox 2830 5230 3009 5309; x_wconf 76' lang='grc' dir='ltr'>ἡμέρα</span> <span class='ocrx_word' id='word_1_840' title='bbox 3078 5230 3455 5300; x_wconf 72' lang='grc' dir='ltr'>ἀναστήσεται,</span> <span class='ocrx_word' id='word_1_841' title='bbox 3518 5250 3543 5286; x_wconf 76' lang='grc' dir='ltr'>ο</span> <span class='ocrx_word' id='word_1_842' title='bbox 3609 5228 3759 5291; x_wconf 80' lang='grc' dir='ltr'>Τίνος</span> 
     </span>
    </p>
   </div>
   <div class='ocr_carea' id='block_1_114' title="bbox 2112 5314 3757 5397">
    <p class='ocr_par' dir='ltr' id='par_1_114' title="bbox 2112 5314 3757 5397">
     <span class='ocr_line' id='line_1_114' title="bbox 2112 5314 3757 5397; baseline 0 -25"><span class='ocrx_word' id='word_1_843' title='bbox 2112 5316 2287 5373; x_wconf 81' lang='grc' dir='ltr'>ἕνεκεν</span> <span class='ocrx_word' id='word_1_844' title='bbox 2342 5316 2590 5397; x_wconf 81' lang='grc' dir='ltr'>προλέγει</span> <span class='ocrx_word' id='word_1_845' title='bbox 2643 5320 2707 5377; x_wconf 77' lang='grc' dir='ltr'>τὰ</span> <span class='ocrx_word' id='word_1_846' title='bbox 2764 5316 3031 5395; x_wconf 84' lang='grc' dir='ltr'>μέλλοντα</span> <span class='ocrx_word' id='word_1_847' title='bbox 3089 5321 3233 5392; x_wconf 68' lang='grc' dir='ltr'>αὐτῷ</span> <span class='ocrx_word' id='word_1_848' title='bbox 3260 5314 3561 5394; x_wconf 86' lang='grc' dir='ltr'>συμϐαίνειν</span> <span class='ocrx_word' id='word_1_849' title='bbox 3597 5332 3615 5391; x_wconf 73' lang='grc' dir='ltr'><strong>ς</strong></span> <span class='ocrx_word' id='word_1_850' title='bbox 3652 5317 3757 5372; x_wconf 77' lang='grc' dir='ltr'>Διὰ</span> 
     </span>
    </p>
   </div>
   <div class='ocr_carea' id='block_1_115' title="bbox 2110 5404 3757 5484">
    <p class='ocr_par' dir='ltr' id='par_1_115' title="bbox 2110 5404 3757 5484">
     <span class='ocr_line' id='line_1_115' title="bbox 2110 5404 3757 5484; baseline -0.001 -22"><span class='ocrx_word' id='word_1_851' title='bbox 2110 5408 2171 5462; x_wconf 80' lang='grc' dir='ltr'>τὸ</span> <span class='ocrx_word' id='word_1_852' title='bbox 2226 5404 2583 5484; x_wconf 78' lang='grc' dir='ltr'>προομαλίσαι</span> <span class='ocrx_word' id='word_1_853' title='bbox 2639 5410 2743 5463; x_wconf 81' lang='grc' dir='ltr'><strong>τῶν</strong></span> <span class='ocrx_word' id='word_1_854' title='bbox 2821 5408 3075 5478; x_wconf 78' lang='grc' dir='ltr'>μαθητῶν</span> <span class='ocrx_word' id='word_1_855' title='bbox 3156 5408 3252 5476; x_wconf 76' lang='grc' dir='ltr'>τὴν</span> <span class='ocrx_word' id='word_1_856' title='bbox 3301 5405 3556 5481; x_wconf 74' lang='grc' dir='ltr'>διάνοιαν,</span> <span class='ocrx_word' id='word_1_857' title='bbox 3613 5406 3757 5461; x_wconf 70' lang='grc' dir='ltr'>ὦσαν</span> 
     </span>
    </p>
   </div>
   <div class='ocr_carea' id='block_1_116' title="bbox 2116 5494 3759 5576">
    <p class='ocr_par' dir='ltr' id='par_1_116' title="bbox 2116 5494 3759 5576">
     <span class='ocr_line' id='line_1_116' title="bbox 2116 5494 3759 5576; baseline 0.002 -25"><span class='ocrx_word' id='word_1_858' title='bbox 2116 5494 2560 5572; x_wconf 80' lang='grc' dir='ltr'>προακούσαντες,</span> <span class='ocrx_word' id='word_1_859' title='bbox 2624 5497 2978 5576; x_wconf 71' lang='grc' dir='ltr'>εύφορώτερον</span> <span class='ocrx_word' id='word_1_860' title='bbox 3032 5495 3308 5576; x_wconf 83' lang='grc' dir='ltr'>ἐνέγκωσι,</span> <span class='ocrx_word' id='word_1_861' title='bbox 3368 5497 3455 5552; x_wconf 89' lang='grc' dir='ltr'><strong>καί</strong></span> <span class='ocrx_word' id='word_1_862' title='bbox 3537 5494 3616 5572; x_wconf 76' lang='grc' dir='ltr'>μὴ</span> <span class='ocrx_word' id='word_1_863' title='bbox 3683 5502 3759 5569; x_wconf 71' lang='grc' dir='ltr'>τῷ</span> 
     </span>
    </p>
   </div>
   <div class='ocr_carea' id='block_1_117' title="bbox 2111 5583 3757 5663">
    <p class='ocr_par' dir='ltr' id='par_1_117' title="bbox 2111 5583 3757 5663">
     <span class='ocr_line' id='line_1_117' title="bbox 2111 5583 3757 5663; baseline 0 -24"><span class='ocrx_word' id='word_1_864' title='bbox 2111 5583 2285 5661; x_wconf 83' lang='grc' dir='ltr'>ἀθρόῳ</span> <span class='ocrx_word' id='word_1_865' title='bbox 2339 5583 2748 5663; x_wconf 84' lang='grc' dir='ltr'>καταπλαγῶσι,</span> <span class='ocrx_word' id='word_1_866' title='bbox 2834 5588 2921 5642; x_wconf 84' lang='grc' dir='ltr'>καὶ</span> <span class='ocrx_word' id='word_1_867' title='bbox 2971 5587 3112 5643; x_wconf 79' lang='grc' dir='ltr'>ὼσὰν</span> <span class='ocrx_word' id='word_1_868' title='bbox 3192 5583 3397 5659; x_wconf 80' lang='grc' dir='ltr'>εἰδεῖεν,</span> <span class='ocrx_word' id='word_1_869' title='bbox 3461 5583 3542 5641; x_wconf 85' lang='grc' dir='ltr'><strong>ὅτι</strong></span> <span class='ocrx_word' id='word_1_870' title='bbox 3621 5584 3757 5641; x_wconf 79' lang='grc' dir='ltr'>ἑκὼν</span> 
     </span>
    </p>
   </div>
   <div class='ocr_carea' id='block_1_118' title="bbox 2112 5662 3754 5755">
    <p class='ocr_par' dir='ltr' id='par_1_118' title="bbox 2112 5662 3754 5755">
     <span class='ocr_line' id='line_1_118' title="bbox 2112 5662 3754 5755; baseline -0.001 -26"><span class='ocrx_word' id='word_1_871' title='bbox 2112 5673 2336 5754; x_wconf 65' lang='grc' dir='ltr'>πάσχει.</span> <span class='ocrx_word' id='word_1_872' title='bbox 2403 5662 2459 5731; x_wconf 68' lang='grc' dir='ltr'><strong>Ὀ</strong></span> <span class='ocrx_word' id='word_1_873' title='bbox 2517 5662 2617 5753; x_wconf 80' lang='grc' dir='ltr'><strong>γὰρ</strong></span> <span class='ocrx_word' id='word_1_874' title='bbox 2674 5673 2930 5755; x_wconf 82' lang='grc' dir='ltr'>προειδὼς</span> <span class='ocrx_word' id='word_1_875' title='bbox 2999 5677 3085 5734; x_wconf 74' lang='grc' dir='ltr'>καὶ</span> <span class='ocrx_word' id='word_1_876' title='bbox 3140 5672 3422 5751; x_wconf 82' lang='grc' dir='ltr'>δυνάμενος</span> <span class='ocrx_word' id='word_1_877' title='bbox 3478 5673 3754 5754; x_wconf 76' lang='grc' dir='ltr'>ἐκφυγεῖν,</span> 
     </span>
    </p>
   </div>
  </div>
