4154 6298
326 335 477 406 605

1102 342 1548 409 ENARRATIO
1593 345 1674 409 IN
1718 337 1971 407 EVANG

2056 338 2225 401 JIUM
2269 336 2525 402 MARCI.
2565 373 2644 385 —
2686 338 2851 404 CAP.
2898 341 2974 405 X.

3595 331 3715 399 606

328 467 408 542 μὴ
472 467 678 548 φεύγων
750 466 829 542 δὲ,
915 466 1182 546 πρόδηλον
1265 468 1337 533 ὡς
1414 468 1661 533 ἑκουσίως
1719 466 1971 526 ἐκδίδωσιη

2070 468 2378 532 Secretum
2411 472 2570 533 enim
2590 472 2932 552 mystarium
2959 479 3089 534 erat
3118 469 3337 552 passio,
3361 467 3515 550 quod
3540 465 3716 531 fami-

326 557 514 613 ἑαυτὸν
567 568 685 622 τοῖς
735 556 975 620 πάθεσιν,
1040 556 1165 630 Ἰδίᾳ
1220 555 1275 613 δὲ
1333 555 1655 634 παραλαϐὼν
1708 558 1832 623 τοὺς
1875 580 1977 633 μα-

325 647 514 721 θητὰς,
560 646 745 723 μόνοις
789 648 971 710 αὐτοῖς
1027 644 1355 724 διαλέγεται.
1405 647 1703 726 Μυστήριον
1760 647 1861 726 γὰρ
1917 648 1976 704 ’όν

324 736 387 791 τὸ
447 735 636 809 πάθος,
688 748 805 799 τοῖς
855 733 1189 813 οἰκειοτέροις
1227 732 1329 790 ἔδει
1374 733 1827 813 ἀποκαλυφθῆναι.
1883 736 1980 792 Διά

325 831 483 881 τοῦτο
539 832 665 904 γοῦν
721 827 807 881 καὶ
849 822 1208 904 προλαμϐάνει
1266 823 1466 888 πάντας
1498 823 1552 879 ἐν
1593 830 1660 901 τῇ
1689 823 1814 900 ὁδῷ,
1862 827 1981 901 βου-

320 910 546 988 λόμενος
581 914 921 994 ἀποχωρίσαι
980 913 1073 969 τοῦ
1116 910 1280 969 ἄλλου
1323 913 1556 983 πλήθους
1587 915 1710 978 τοὺς
1737 914 1979 989 μαθητὰς

317 1003 501 1063 ανότοῦ.
565 996 732 1079 "Atra:
789 1020 879 1061 και
970 1001 1055 1060 διὰ
1127 1011 1221 1062 τοῦ
1291 1002 1546 1082 προάγειν
1623 1004 1827 1067 πάντας
1893 997 1981 1060 καὶ

319 1092 637 1173 προφθάνειν
696 1093 749 1149 ἐν
801 1099 870 1169 τῇ
912 1090 1039 1166 ὁδῷ,
1097 1090 1355 1148 δείκνυσιν
1414 1092 1494 1148 ὅτι
1539 1093 1858 1172 προστρέχει
1904 1099 1982 1167 τῷ

310 1180 486 1260 πάθει,
546 1182 635 1238 καί
692 1185 787 1241 οὐκ
867 1181 1154 1259 ἀποφεύγει
1226 1181 1326 1246 τὴν
1367 1181 1498 1259 ὑπὲρ
1560 1182 1658 1247 τῆς
1717 1181 1980 1261 ἡμετέρας

2059 557 2402 621 liarioribus
2433 561 2715 624 duntaxat
2744 561 3129 625 revelandum
3162 569 3309 635 erat,
3343 567 3401 621 et
3440 563 3717 639 proptera

2061 646 2119 708 in
2152 646 2242 709 via
2272 667 2480 711 omnes
2498 650 2796 731 praecedit,
2822 650 3025 713 volens
3052 669 3087 712 a
3117 647 3495 712 multitudine
3510 664 3714 725 segre-

2063 754 2203 813 gare
2233 736 2582 820 discipulos.
2619 742 2870 820 Insuper
2895 758 3002 821 per
3016 740 3129 801 hoc
3154 738 3313 821 quod
3339 755 3548 800 omnes
3574 754 3717 817 prae-

2066 825 2223 886 cedit
2257 834 2314 888 et
2346 830 2631 909 prmvenit
2660 830 2719 890 in
2747 830 2860 911 via,
2897 829 3154 891 ostendit
3183 828 3340 910 quod
3372 827 3444 889 ad
3477 825 3710 906 passio-

2067 932 2201 975 nem
2222 925 2707 993 accurrat,etnon
2721 918 2907 997 fugiat
2920 933 3170 979 mortem
3191 924 3436 999 propter
3450 922 3711 975 nostram

2064 1002 2338 1068 salutem.
2382 1005 2656 1079 Quamvis
2685 1016 2882 1069 autem
2916 1008 3099 1070 multa
3128 1014 3437 1069 enumerat
3476 1021 3709 1083 aspera,

2065 1094 2328 1157 omnium
2373 1103 2570 1157 tamen
2619 1098 2854 1158 illorum
2903 1097 3204 1159 sufﬁciens
3247 1095 3573 1157 consolatio
3622 1100 3713 1153 est

2067 1200 2247 1243 unum
2285 1185 2420 1260 hoc,
2455 1185 2612 1265 quod
2647 1185 2817 1248 tertia
2848 1186 2946 1247 die
2978 1192 3273 1263 resurget.

324 1271 591 1347 σωτηρίας
634 1270 887 1349 νέκρωσιν
919 1285 932 1299 ³
980 1268 1120 1337 πλὴν
1164 1271 1208 1326 εἰ
1252 1271 1341 1326 καὶ
1395 1271 1461 1327 τὰ
1504 1271 1785 1349 σκυθρωπά
1841 1271 2015 1327 πάντα
2077 1272 2390 1355 καταλέγει,
2451 1274 2571 1331 ἀλλ’
2614 1279 2702 1333 οὖν
2743 1277 2956 1333 πάντων
2989 1275 3202 1332 ἐκείνων
3232 1272 3532 1353 παραμυθία
3588 1272 3707 1346 μία,

324 1361 410 1433 τὸ,
442 1362 541 1418 Καὶ
570 1366 639 1437 τῇ
663 1360 814 1440 τρίτῃ
844 1358 1018 1438 ἡμέρᾳ
1062 1359 1439 1428 ἀναστήσεται,

413 1470 434 1507 ι
472 1451 568 1509 Καὶ
624 1449 1073 1529 προσπορεύονται
1134 1448 1276 1524 αὐτῷ
1331 1446 1583 1513 Ἰάκωϐος
1636 1451 1723 1507 καὶ
1784 1448 1971 1507 Ἰωάν-

322 1561 445 1615 νης,
498 1541 543 1596 οἱ
572 1541 670 1597 υἰοὶ
700 1536 996 1610 Ζεϐεδαίου,
1045 1537 1290 1617 λέγοντες
1326 1558 1343 1575 ο
1382 1537 1700 1613 Διδάσκαλε,
1756 1538 1974 1615 θέλομεν

318 1628 413 1685 ’ίνα
468 1629 496 1685 ὃ
552 1628 641 1685 ἰάν
674 1629 1005 1707 αἰτήσωμεν,
1045 1628 1282 1703 ποιήσῃς
1311 1628 1471 1702 ἡμῖν.
1506 1618 1564 1684 Ὀ
1607 1626 1662 1683 δὲ
1706 1632 1860 1684 εἶπεν
1886 1628 1974 1684 αὖ·

320 1731 439 1781 τοῖς
470 1734 491 1755 ⁶
522 1719 582 1776 Τί
609 1716 786 1775 θέλετε
827 1716 1049 1785 ποιῆσαί
1091 1738 1159 1791 με
1188 1718 1315 1793 ὑμῖν
1351 1734 1367 1793 ς
1401 1718 1459 1775 Οἱ
1488 1716 1542 1773 δὲ
1574 1718 1733 1774 εἶπον
1776 1719 1917 1792 αὖτῴ
1954 1737 1967 1750 ·

324 1808 426 1870 Δὸς
479 1809 615 1881 ἡμῖν
642 1805 736 1863 ἵνα
779 1806 863 1869 εἷς
900 1805 961 1860 ἐκ
988 1803 1170 1871 δεξιῶν
1214 1829 1331 1882 σου,
1362 1808 1449 1862 καὶ
1492 1807 1577 1870 εἷς
1605 1804 1658 1872 ἐξ
1689 1808 1972 1881 εὐωνύμων

321 1918 415 1953 σου
463 1896 781 1971 καθήσωμεν
838 1895 893 1951 ἐν
937 1902 1004 1971 τῇ
1048 1893 1170 1972 δόξῃ
1202 1918 1315 1952 σου.
1367 1886 1424 1952 Ὀ
1466 1893 1522 1951 δὲ
1572 1894 1777 1962 Ἰησοῦς
1821 1900 1974 1952 εἴπεν

324 1986 505 2051 αὐτοῖς
542 2000 557 2016 ⁶
592 1986 698 2043 Οὐκ
726 1982 908 2041 οἴδατε
950 1984 1001 2040 τί
1028 1985 1282 2046 αἰτεῖσθε,
1335 1985 1561 2041 Δύνασθε
1591 1999 1738 2042 πιεῖν
1777 1987 1838 2041 τὸ
1866 2008 1974 2041 πο-

323 2075 504 2153 τήριον
558 2075 587 2131 ὃ
638 2072 746 2151 ἐγὼ
786 2075 943 2148 πίνω,
990 2074 1165 2129 καὶτὸ
1221 2072 1495 2150 βάπτισμα
1524 2075 1551 2130 ὃ
1580 2074 1688 2151 ἐγὼ
1718 2077 1974 2151 βαπτίζο-

318 2185 439 2237 μαι,
501 2163 893 2238 βαπτισθῆναι;
946 2164 1014 2219 Οἳ
1043 2160 1097 2218 δὲ
1142 2163 1301 2219 εἷπον
1360 2164 1503 2238 αὐτῷ
1536 2181 1549 2194 ⁸
1605 2164 1901 2239 Δυνάμεθα.
1943 2187 1967 2223 ο

324 2250 535 2316 ’Ἀλλος
588 2250 970 2331 εὖαγγελιστής
1002 2273 1162 2332 φησιν
1194 2250 1274 2308 ὅτι
1304 2253 1338 2320 ἡ
1388 2254 1570 2330 μήτηρ
1600 2254 1772 2309 αὖτῶν
1813 2276 1975 2332 προσ-

322 2340 449 2409 ῆλθε
505 2346 583 2415 τῷ
634 2348 868 2421 Χριστῷ.
928 2341 1082 2404 Εἰκὸς
1159 2337 1213 2395 δε
1293 2340 1437 2396 ἰστιν
1488 2341 1761 2421 ἀμφότερα
1817 2343 1970 2420 γενέ-

320 2435 436 2488 σθαι
478 2447 492 2462 ’
555 2431 643 2487 καὶ
712 2432 832 2496 τοὺς
902 2428 1232 2492 ἀποστόλους
1287 2431 1707 2510 αἰσχυνομένους
1780 2430 1976 2510 προϐα-

320 2520 501 2579 λέσθαι
564 2521 660 2588 τὴν
704 2518 911 2598 μητέρα
955 2521 1150 2598 αὐτῶν,
1196 2519 1321 2575 εἶτα
1376 2520 1465 2576 καὶ
1524 2521 1709 2583 αὐτοὺς
1741 2521 1970 2601 προσελ-

321 2615 435 2668 θεῖν
493 2609 596 2683 ἰδίᾳ
626 2624 640 2640 ⁸
709 2607 788 2665 διό
857 2609 947 2665 καὶ
1008 2610 1037 2665 6
1112 2606 1490 2686 εὖαγγελιστὴς
1566 2609 1973 2676 ἐπισημαίνεται

2137 1452 2319 1516 Vsus.
2359 1453 2575 1519 35-39.
2612 1480 2635 1511 «
2672 1455 2742 1517 Et
2771 1456 3062 1518 accedunt
3095 1453 3167 1516 ad
3202 1421 3337 1515 eum
3365 1448 3622 1515 Jacobus
3647 1456 3705 1509 et

2055 1537 2339 1623 Joannes,
2376 1543 2478 1604 ﬁlii
2508 1543 2798 1617 Zebedaai,
2835 1544 3103 1605 dicentes
3138 1538 3703 1621 :Praeceptor,volu-

2058 1648 2187 1690 mus
2218 1639 2280 1691 ut
2310 1632 2597 1713 quidquid
2625 1634 2992 1713 petierimus,
3020 1632 3197 1694 facias
3218 1630 3411 1692 nobis.
3435 1627 3541 1689 Iile
3561 1645 3701 1688 vero

1996 1778 2034 1827 Β
2056 1718 2202 1780 dicit
2232 1721 2319 1782 eis
2341 1742 2363 1821 σε
2398 1720 2546 1827 Qpid
2587 1740 2682 1827 me
2714 1721 2886 1783 vultis
2917 1719 3428 1827 facer-evoliisﬂlli
3457 1715 3704 1827 veroldi-

2058 1817 2270 1870 xerunt
2300 1809 2355 1871 ei
2391 1831 2404 1873 :
2438 1810 2524 1871 Da
2550 1810 2717 1871 nobis
2750 1819 2814 1871 ut
2846 1830 2997 1872 unus
3030 1810 3133 1871 tibi
3164 1829 3195 1869 a
3217 1807 3532 1887 dextris,et
3554 1806 3703 1866 alter

2060 1895 2167 1957 tibi
2195 1915 2228 1957 a
2250 1897 2509 1959 sinistris
2539 1899 2851 1961 sedeamus
2873 1899 2933 1960 in
2963 1899 3150 1978 gloria
3181 1898 3475 1962 tuaJesus
3504 1901 3699 1955 autem

2057 1984 2199 2046 dixit
2227 1986 2347 2048 iilis
2372 2005 2383 2049 :
2412 1986 2660 2049 Nescitis
2682 1988 2818 2068 quid
2855 1986 3347 2069 petatis.Potestis
3375 1984 3581 2046 bibere
3604 2001 3702 2062 po-

2058 2074 2255 2135 culum
2288 2076 2441 2156 quod
2469 2096 2575 2155 ego
2607 2075 2833 2152 bibo,et
2864 2077 3218 2157 baptismate
3248 2094 3363 2155 quo
3387 2092 3494 2152 ego
3518 2070 3703 2151 bapti-

2058 2183 2161 2225 zor
2190 2164 2525 2245 baptizari?
2554 2165 2629 2227 At
2672 2166 2759 2227 illi
2814 2166 3093 2228 dixerunt
3133 2165 3187 2227 ei
3224 2187 3237 2223 :
3274 2164 3616 2226 Possumus.
3666 2181 3694 2219 ι

2056 2250 2227 2312 Alius
2254 2251 2614 2331 evangelista
2625 2253 2940 2334 dicitquod
2957 2264 3147 2317 mater
3173 2254 3408 2315 illorum
3422 2268 3699 2312 accesse-

2057 2339 2133 2399 rit
2161 2340 2233 2401 ad
2285 2340 2606 2404 Christum.
2638 2342 2978 2404 Verisimile
3029 2352 3226 2404 autem
3258 2350 3346 2403 est
3380 2347 3699 2418 utrumque

2052 2431 2302 2504 factum,
2323 2438 2381 2491 et
2411 2430 2710 2510 apostolos
2742 2431 2969 2511 pudore
2994 2431 3246 2512 quodam
3279 2436 3527 2490 matrem
3554 2444 3699 2507 pras-

2055 2516 2308 2593 misisse,
2342 2526 2402 2581 et
2430 2520 2648 2582 deinde
2699 2520 2860 2600 ipsos
2890 2520 3140 2584 seorsim
3172 2519 3391 2580 adiisse
3425 2539 3439 2577 :
3472 2515 3695 2578 idcirco

2059 2614 2117 2668 et
2142 2608 2499 2687 evangelista
2518 2608 2775 2687 assignat
2806 2608 2940 2687 hoc,
2976 2608 3183 2671 dicens
3209 2631 3221 2667 :
3250 2605 3700 2684 Accedunt,hoc

322 2703 498 2779 τοῦτο,
560 2698 730 2777 λέγων
767 2716 782 2732 ·
823 2697 1295 2777 Προσπορεύονται,
1357 2696 1470 2754 ἀντὶ
1517 2704 1633 2772 τοῦ,
1684 2696 1785 2771 ἰδίᾳ
1814 2722 1971 2778 προσ-

2056 2704 2169 2770 est,
2204 2697 2453 2758 seorsim
2485 2699 2733 2771 adeunt,
2766 2697 2838 2759 ab
2868 2698 2998 2759 aliis
3029 2698 3319 2777 segregati
3350 2694 3500 2768 Quid
3525 2693 3702 2773 igitur

322 2789 598 2868 έρχονται,
647 2788 756 2845 τῶν
808 2786 983 2844 ἄλλων
1051 2786 1537 2866 ἀποχωρισθέντες,
1599 2788 1659 2846 Τί
1714 2786 1769 2844 δὲ
1824 2790 1890 2857 ἦν
1946 2792 1971 2846 ὃ

2057 2783 2232 2846 fuerit
2259 2785 2415 2865 quod
2452 2786 2766 2866 petierunt,
2793 2786 3113 2850 discamus.
3154 2785 3504 2865 Cogitabant
3541 2781 3697 2862 quod

323 2879 565 2959 ᾐτοῦντο,
614 2877 887 2952 μάθωμεν.
949 2876 1223 2951 Ἐνόμιζον
1288 2874 1371 2933 6'1:
1434 2880 1586 2933 τοῦτο
1635 2878 1663 2933 ὃ
1692 2877 1971 2959 ἀνέρχεται

2056 2874 2408 2935 ascenderet
2454 2874 2514 2935 in
2556 2874 2960 2956 Hierosolyma
2991 2886 3055 2937 ut
3084 2884 3434 2955 regnaturus
3464 2882 3697 2951 tempo-

451 2956 465 2974 .
650 2964 655 2969 .
1790 2956 1793 2957 ν
1821 2956 1857 2959 τ-

327 2968 399 3031 εἰς
470 2965 814 3044 ιεροσόλυμα,
859 2963 943 3021 διά
983 2966 1044 3020 τὸ
1094 2962 1424 3040 βασιλεύσειν
1469 2964 1750 3045 ἀνέρχεται
1782 2969 1971 3035 αἰσθη-

2058 2961 2165 3023 rali
2197 2963 2449 3043 quodam
2483 2982 2690 3045 regno,
2725 2974 2783 3026 et
2834 2974 3143 3045 postquam
3195 2970 3521 3043 regnasset,
3558 2978 3695 3040 pas-

327 3056 426 3123 τὴν
467 3052 761 3131 βασιλείαν.
799 3054 894 3113 Καὶ
926 3054 1060 3129 μετά
1102 3054 1162 3108 τὸ
1220 3052 1551 3129 βασιλεῦσαι,
1588 3055 1708 3110 τότε
1738 3057 1971 3113 πείσεται

2058 3069 2229 3113 surus
2254 3060 2410 3114 esset
2439 3071 2507 3113 ea
2529 3053 2603 3114 de
2634 3052 2846 3133 quibus
2876 3054 3133 3115 dicebat.
3165 3053 3329 3115 Talia
3357 3066 3559 3143 secum
3591 3067 3697 3143 co-

326 3144 359 3201 ἂ
413 3142 603 3219 ἔμελλε
659 3144 872 3204 παθεῖν,
949 3148 1124 3200 Ταῦτα
1180 3141 1267 3198 οὖν
1333 3141 1648 3215 ἐννοοῦντες,
1710 3145 1971 3203 αἰτοῦνται

2059 3141 2337 3222 gitantes,
2373 3142 2703 3222 petiverunt
2727 3142 2928 3205 sedem
2963 3150 3023 3207 et
3051 3163 3084 3205 a
3117 3142 3341 3206 dextris
3372 3148 3429 3202 et
3458 3158 3491 3200 a
3512 3138 3696 3199 sinis-

322 3235 409 3291 καὶ
461 3233 560 3301 τὴν
615 3230 675 3289 ἐκ
729 3229 910 3297 δεξιῶν
962 3234 1049 3287 καὶ
1092 3233 1190 3299 τὴν
1253 3230 1305 3298 ἐξ
1361 3232 1641 3307 εὸωνύμων
1698 3232 1971 3313 καθέδραν’

2060 3230 2206 3294 tris:
2241 3230 2467 3292 idcirco
2507 3240 2565 3292 et
2604 3230 2889 3293 Dominus
2944 3232 3211 3312 increpat
3262 3249 3364 3291 eos
3419 3237 3695 3308 tanquam

320 3321 400 3379 διὸ
441 3322 529 3378 καὶ
580 3322 609 3377 6
666 3318 851 3398 Κύριος
902 3320 1126 3395 ἐπιτιμᾷ
1181 3323 1364 3384 αὐτοῖς
1413 3323 1487 3384 ὡς
1541 3321 1767 3390 ἀνόητόν
1796 3344 1847 3378 τι
1873 3330 1971 3395 ζη-

2060 3318 2303 3379 stultum
2349 3318 2627 3398 quiddam
2664 3328 2949 3399 petentes.
2981 3319 3231 3383 Nescitis
3262 3318 3444 3394 enim,
3481 3316 3689 3396 inquit,

320 3415 523 3473 τοῦσιν.
579 3410 686 3468 Οὐκ
715 3408 895 3467 οἴδατε
925 3410 1047 3488 γὰρ,
1079 3412 1230 3489 φησὶ,
1263 3409 1315 3466 τί
1361 3411 1612 3467 αἰτεῖσθε.
1653 3401 1834 3486 ’Υμεῖς
1877 3413 1971 3491 γὰρ

2058 3406 2199 3485 quid
2235 3408 2597 3487 petatis.Vos
2623 3409 2777 3469 enim
2813 3409 3058 3472 creditis
3088 3407 3369 3471 sensibile
3398 3405 3693 3487 quoddam

320 3501 559 3577 νομίζετε
623 3500 881 3566 αἰσθητὴν
935 3499 1078 3555 εἶναι
1138 3500 1235 3567 τὴν
1315 3497 1453 3575 ἐμὴν
1536 3498 1833 3575 βασιλείαν,
1888 3496 1971 3558 καῖ

2060 3513 2259 3558 meum
2290 3514 2537 3577 regnum
2575 3515 2730 3578 esse,
2765 3506 2820 3559 et
2866 3498 3250 3580 temporalem
3301 3496 3502 3559 sedem
3538 3493 3693 3574 peti-

322 3589 575 3656 αἰσθητὴν
603 3588 704 3655 τὴν
753 3584 1006 3665 καθέδραν
1062 3587 1319 3646 αἰτεῖσθε.
1382 3588 1488 3645 Οὐκ
1518 3586 1627 3643 ἔστι
1660 3586 1714 3643 δὲ
1769 3598 1923 3647 τοῦτο
1956 3605 1971 3620 ⁸

2061 3584 2134 3645 tis
2166 3606 2180 3648 :
2215 3594 2275 3647 at
2299 3604 2394 3648 res
2422 3606 2539 3646 non
2574 3586 2652 3647 ita
2682 3605 2746 3647 se
2770 3586 2967 3663 habet,
2998 3588 3101 3650 sed
3135 3587 3337 3648 omnia
3366 3586 3490 3646 haec
3520 3600 3697 3663 supra

318 3676 457 3734 ἀλλὰ
510 3684 674 3735 ταῦτα
730 3675 902 3731 πάντα
942 3675 1072 3754 ὑπὲρ
1127 3686 1247 3735 νοῦν
1297 3677 1419 3735 εἰσι.
1497 3677 1597 3734 Καὶ
1646 3678 1709 3732 τὸ
1766 3678 1971 3735 καθίσαι

2061 3682 2317 3736 mentem
2359 3674 2620 3736 hominis
2662 3684 2821 3737 sunt.
2854 3675 2924 3737 Et
2952 3676 3162 3740 sedere
3192 3696 3225 3738 a
3254 3676 3474 3738 dextris
3520 3673 3693 3753 meis,

318 3766 379 3823 ἐκ
431 3764 611 3831 δεξιῶν
654 3787 756 3839 μου
814 3763 952 3842 μέγα
1011 3763 1141 3841 ἐστὶ,
1216 3766 1305 3821 καὶ
1361 3767 1457 3830 τὰς
1500 3763 1786 3843 ἀγγελικάς
1818 3767 1971 3840 ὑπερ-

2059 3780 2337 3843 magnum
2370 3771 2480 3836 est,
2517 3772 2576 3825 et
2606 3765 2761 3845 quod
2787 3766 3024 3829 excellit
3057 3766 3235 3829 etiam
3266 3762 3564 3844 angelicas
3593 3780 3695 3823 or-

316 3856 502 3913 ϐαῖνον
569 3853 762 3927 τάξεις,
822 3856 910 3910 καὶ
965 3856 1120 3929 ὑμεῖς
1179 3855 1276 3931 μὲν
1348 3854 1435 3912 ἐπὶ
1487 3853 1638 3920 δόξαν
1676 3857 1969 3935 κεχήνατε,

2056 3853 2393 3916 ι’1ἱηεεε228
2418 3864 2476 3915 et
2496 3874 2597 3916 vos
2626 3855 2864 3936 quidem
2889 3857 2960 3918 ad
2991 3858 3236 3936 gloriam
3269 3853 3694 3932 festinatis,ego

316 3946 424 4025 ἐγὼ
473 3943 527 4001 δὲ
584 3947 656 4008 εἰς
704 3944 928 4001 θάνατον
970 3946 1105 4007 ὑμᾶς
1163 3952 1333 4008 καλῶ,
1416 3946 1677 4021 Ποτήριον
1737 3946 1836 4024 γὰρ
1884 3940 1970 4002 καὶ

2056 3955 2250 4006 autem
2282 3944 2354 4006 ad
2391 3952 2641 4006 mortem
2666 3962 2774 4007 vos
2804 3946 3256 4011 voco.Poculum
3289 3944 3447 4007 enim
3468 3951 3524 4005 et
3554 3942 3693 4023 bap-

317 4037 593 4112 βάπτισμα
650 4034 741 4090 τὸν
795 4034 1018 4112 σταυρὸν
1076 4034 1325 4108 ὀνομάζει
1362 4052 1373 4065 ⁸
1424 4035 1676 4111 ποτήριον
1724 4035 1846 4109 μὲν,
1895 4037 1968 4098 ὡς

2056 4037 2229 4095 tisma
2261 4052 2497 4096 crucem
2534 4034 3113 4098 nominat.Poculum
3130 4032 3559 4119 quidem,quod
3582 4040 3695 4092 sta-

317 4126 390 4187 εἰς
449 4122 611 4181 ὕπνον
663 4123 807 4188 εὐθὺς
857 4120 987 4201 ἆγον
1047 4124 1133 4178 καὶ
1187 4124 1260 4185 ὡς
1310 4121 1479 4191 ἡδέως
1508 4123 1597 4178 ὑπ’
1629 4123 1784 4178 αὑτοῦ
1815 4146 1971 4202 προσ-

2056 4121 2156 4182 tim
2187 4140 2459 4183 somnum
2495 4123 2861 4198 conciliet,et
2890 4123 3047 4205 quod
3076 4124 3148 4186 ab
3170 4126 3298 4205 ipso
3329 4139 3541 4201 magna
3557 4138 3693 4180 cum

316 4213 503 4293 δεχθέν
538 4229 552 4243 ⁹
609 4213 884 4289 βάπτισμα
928 4210 1006 4286 δὲ,
1056 4214 1130 4276 ὡς
1196 4214 1521 4288 καθαρισμὸν
1565 4216 1673 4267 τῶν
1701 4210 1969 4291 ἀμαρτιῶν

2056 4211 2340 4275 suavitate
2381 4219 2671 4284 sumatur;
2717 4211 3006 4290 baptisma
3046 4221 3265 4293 autem,
3297 4211 3453 4292 quod
3499 4208 3695 4271 futura

317 4302 679 4377 ποιησάμενον
713 4317 728 4331 ⁶
776 4304 822 4357 οἳ
854 4299 931 4375 δε,
966 4302 1042 4375 μὴ
1088 4302 1371 4370 νοήσαντες
1402 4302 1453 4356 τί
1478 4300 1650 4378 λέγοι,
1695 4299 1967 4381 ὑπέσχον-

2056 4311 2209 4364 esset
2231 4312 2608 4383 peccatorum
2634 4303 2987 4384 puriﬁcatio.
3019 4306 3094 4368 Et
3116 4306 3175 4367 hi
3204 4323 3322 4365 non
3351 4300 3693 4379 intelligen~

316 4413 397 4466 το,
460 4391 758 4466 νομίζοντες
816 4390 987 4466 λέγειν
1055 4392 1173 4468 περὶ
1219 4390 1478 4468 ποτηρίου
1538 4392 1805 4459 αἰσθητοῦ,
1883 4396 1970 4451 καὶ

2056 4402 2143 4456 tes
2169 4392 2308 4473 quid
2334 4392 2567 4455 diceret
2598 4392 2845 4474 polliciti
2886 4402 3046 4455 sunt.
3097 4392 3502 4476 Opinabantur
3530 4391 3691 4452 enim

314 4480 679 4558 βαπτίσματος
738 4479 842 4551 οἵῳ
894 4478 1232 4550 ὶϐαπτίζοντο
1287 4481 1334 4537 οἱ
1395 4477 1664 4559 Ἰουδαῖοι,
1720 4480 1821 4558 πρὸ
1878 4488 1971 4537 τοῦ

2056 4502 2187 4546 eum
2218 4482 2379 4563 loqui
2410 4480 2483 4543 de
2514 4481 2725 4561 poculo
2757 4482 3052 4564 sensibili,
3086 4492 3145 4544 et
3190 4483 3536 4563 baptismate
3574 4498 3691 4559 quo

314 4582 507 4653 φαγεῖν
535 4567 851 4644 πλυνόμενοι
862 4616 876 4630 .

2056 4571 2497 4653 baptizabantur
2526 4569 2713 4633 Judzei
2735 4590 2869 4632 cum
2896 4580 3032 4636 ante
3060 4572 3257 4634 cibum
3299 4590 3364 4633 se
3404 4570 3687 4633 lavarent.

400 4678 424 4713 ε
478 4648 535 4717 Ὀ
583 4656 639 4714 δὲ
697 4657 899 4724 Ἰησοῦς
948 4662 1102 4714 εἶπεν
1156 4658 1339 4722 αὐτοῖς
1376 4674 1391 4689 ⁶
1427 4659 1498 4716 Τὸ
1524 4658 1622 4733 μὲν
1652 4660 1908 4737 ποτήριον
1938 4659 1966 4715 ὃ

2129 4648 2315 4722 Vens.
2347 4658 2769 4734 39,40.«Jesus
2798 4666 2997 4724 autem
3032 4661 3181 4725 dixit
3214 4661 3327 4723 illis
3362 4682 3375 4721 :
3408 4660 3689 4721 Poeulum

314 4747 423 4825 εγὼ
465 4748 621 4822 πίνω,
681 4751 883 4825 πίεσθε,
932 4748 1017 4803 καί
1060 4747 1121 4803 τό
1179 4748 1456 4823 βάπτισμα
1506 4749 1533 4799 ὃ
1583 4746 1691 4825 ἐγὼ
1720 4749 1966 4824 βαπτίζο-

312 4858 435 4911 μαι,
481 4837 896 4912 βαπτισθτςσεθε.
986 4838 1057 4894 Τὸ
1135 4834 1188 4891 δί
1243 4837 1449 4892 καθίσαι
1513 4835 1573 4892 ἐκ
1630 4833 1814 4901 δεξιῶν
1872 4859 1972 4910 μου

313 4926 400 4981 καὶ
446 4923 499 4990 ἐξ
548 4926 830 5001 ιὺωνύμων
883 4948 1006 5003 μου,
1054 4926 1145 4980 οὑκ
1208 4924 1350 4981 ἔστιν
1407 4925 1536 5000 ἐμὸν
1592 4923 1790 4999 δοῦναι,
1848 4920 1970 4982 ἀλλ’

315 5017 399 5077 οἶς
454 5015 796 5088 ἡτοίμασται.
859 5037 886 5068 ι)
944 5016 1016 5071 Τὸ
1062 5012 1157 5087 μὲν
1218 5015 1529 5094 μαρτύριον,
1575 5015 1756 5095 φησὶν,
1788 5015 1968 5071 ὑπεισ-

314 5100 608 5171 ελεύσεσθε,
662 5104 751 5159 καὶ
806 5103 1157 5159 ἀποθανεῖσθε
1219 5104 1311 5159 τὸν
1388 5104 1516 5182 ὑπὲρ
1563 5109 1664 5171 τῆς
1720 5102 1967 5171 ἀληθείας

312 5191 556 5251 θάνατον.
616 5193 688 5250 Τὸ
744 5189 799 5248 δὲ
878 5191 1110 5263 γαθίσαι,
1175 5191 1270 5248 οὑκ
1342 5190 1483 5268 ἔστιν
1540 5192 1668 5268 ἐμὸν
1765 5191 1961 5256 δοῦναι,

313 5278 567 5337 Ἐνταῦθα
624 5278 679 5336 δὲ
735 5279 825 5338 δύο
853 5281 972 5338 τινὰ
1028 5286 1329 5351 ζητοῦνται.
1365 5263 1481 5338 υΕν
1520 5282 1618 5357 μὲν
1648 5279 1790 5345 τόδε,
1836 5276 1966 5360 Ἀρα

318 5369 629 5445 ἡτοίμασθαί
656 5391 757 5425 τινι
812 5372 874 5427 τὸ
920 5371 1180 5445 καθίσαι;
1238 5368 1416 5448 ἕτερον
1469 5368 1549 5447 δὶ,
1609 5370 1710 5451 ἆρα
1751 5372 1779 5426 6
1837 5371 1967 5427 πάν·

309 5478 417 5514 των
478 5459 754 5527 Δεσπότης
799 5462 857 5516 06
902 5459 1112 5517 δύναται
1172 5460 1371 5527 ταύτην
1420 5461 1518 5528 τὴν
1568 5460 1819 5540 καθέδραν
1850 5460 1964 5518 606-

312 5567 448 5621 ναι;
505 5548 745 5626 Λέγομεν
789 5551 878 5605 οὖν
908 5548 987 5604 ὅτι
1039 5546 1201 5613 οὐδεὶς
1237 5551 1302 5605 εκ
1350 5547 1530 5614 δεξιῶν
1561 5551 1758 5607 καθίσει
1817 5550 1852 5618 ἢ
1908 5548 1961 5615 ἒξ

312 5633 621 5720 ἀριστερῶν.
686 5635 853 5700 Ἀλλά
917 5635 1013 5696 κᾶν
1074 5635 1357 5719 πολλαχοῦ
1410 5638 1509 5704 τῆς
1566 5641 1777 5721 Γραφῆς
1841 5641 1963 5697 καθ-

2056 4741 2297 4822 quidem
2329 4739 2485 4819 quod
2518 4758 2624 4818 ego
2656 4739 2817 4815 bibo,
2852 4741 3069 4803 bibetis
3095 4759 3108 4804 :
3131 4742 3557 4823 etbaptismate
3573 4758 3688 4819 quo

2045 4850 2163 4911 ego
2192 4828 2477 4909 baptizor,
2499 4828 2963 4907 baptizabimini:
2982 4840 3259 4893 ueterum
3291 4830 3505 4892 sedere
3546 4827 3689 4890 mihi

2051 4939 2085 4982 a
2115 4919 2344 4982 dextris
2365 4936 2432 4979 ac
2462 4916 2747 4993 sinistris,
2780 4938 2898 4981 non
2930 4930 3020 4981 est
3054 4939 3249 4983 meum
3283 4919 3448 4995 dare,
3482 4920 3587 4982 sed
3619 4920 3689 4979 iis

2051 5008 2355 5087 continget
2411 5006 2628 5087 quibus
2679 5016 2947 5088 paratum
3000 5018 3111 5072 est.
3144 5035 3168 5066 υ
3221 5009 3311 5071 Ad
3343 5008 3688 5088 martyrium

2050 5098 2315 5181 quidem,
2343 5094 2558 5181 inquit,
2589 5098 2967 5181 pervenietis,
2995 5106 3054 5160 et
3080 5098 3416 5181 moriemini
3448 5115 3552 5178 pro
3583 5115 3688 5157 ve-

2049 5175 2221 5241 ritate
2253 5183 2352 5237 :at
2383 5175 2601 5237 sedere
2648 5194 2683 5238 a
2720 5177 2945 5239 dextris
2989 5196 3058 5240 ac
3104 5178 3382 5259 sinistris,
3435 5175 3555 5239 non
3600 5185 3690 5239 est

2049 5285 2245 5332 meum
2301 5264 2469 5327 dare.
2520 5263 2643 5326 Hoc
2683 5265 2812 5327 loco
2842 5266 2959 5332 duo
2991 5267 3175 5349 quaeri
3205 5267 3435 5329 solent:
3462 5266 3685 5340 Primo,

2047 5377 2189 5421 num
2222 5353 2475 5435 cuipiam
2503 5361 2767 5433 paratum
2799 5356 2876 5418 sit
2895 5357 3107 5419 sedere
3136 5379 3149 5416 :
3179 5356 3402 5419 deinde
3446 5374 3522 5419 an
3552 5376 3687 5417 om-

2048 5448 2210 5512 nium
2235 5442 2526 5507 Dominus
2548 5463 2666 5505 non
2688 5444 2874 5525 possit
2901 5446 3105 5509 sedem
3132 5445 3304 5509 istam
3334 5445 3509 5510 dare?
3523 5446 3684 5511 Dici-

2047 5554 2176 5600 mus
2206 5531 2568 5613 igitur,quod
2602 5532 2800 5594 nullus
2822 5552 2857 5595 a
2881 5536 3100 5598 dextris
3148 5534 3379 5597 sedebit
3408 5545 3507 5598 aut
3535 5554 3570 5598 a
3598 5536 3685 5597 si-

2044 5624 2266 5691 nistris.
2301 5620 2373 5683 Et
2401 5639 2534 5684 cum
2558 5640 2726 5704 saepe
2751 5622 2813 5685 in
2843 5624 3167 5707 Scripturis
3183 5625 3446 5703 audieris
3475 5626 3685 5690 cathe~
