4170 6282
438 349 559 415 607
1408 353 2001 423 THEOPHYLACTI
2042 350 2451 415 BULGARIIE
2494 355 2850 417 ARCHIEP.
3702 348 3824 414 608

430 481 619 557 dram,
657 504 771 545 non
804 487 1144 549 cathedram
1180 487 1494 569 intelligas,
1545 489 1648 551 sed
1684 488 2068 551 excellentem

2161 479 2306 556 ἕδρας
2365 484 2582 563 ἅκούῃς,
2642 486 2720 561 μὴ
2779 483 3029 563 καθέδραν
3086 485 3218 559 νόει,
3278 482 3416 539 ἀλλὰ
3443 484 3608 560 τιμὴν
3658 486 3823 563 ὕπερ-

422 570 790 649 dignitatem.
820 574 987 646 Quod
1018 587 1216 639 autem
1251 597 1366 638 non
1415 579 1491 639 sit
1533 596 1729 641 meum
1762 579 1929 657 dare,
1964 577 2068 637 hoc

2159 570 2481 636 ϐάλλουσαν,
2535 576 2605 632 Τὸ
2659 571 2739 649 δὲ,
2795 575 2904 632 Οὐκ
2956 573 3101 633 ἔστιν
3144 573 3273 650 ἐμὸν
3330 572 3531 647 δοῦναι,
3576 582 3817 632 τοιοῦτον

422 659 599 748 talem
637 662 811 724 habet
839 682 1079 727 sensum
1119 685 1132 728 :
1162 665 1289 728 Non
1322 676 1410 729 est
1442 669 1788 738 meum,hoc
1819 665 2068 748 est,justi

2158 658 2275 741 ἔχει
2333 663 2425 718 τὸν
2483 670 2601 720 νοῦν
2631 681 2645 696 ⁸
2695 663 2803 720 Οὗκ
2844 662 2987 720 ἔστιν
3028 662 3159 739 ἐμοῦ
3200 670 3294 721 τοῦ
3349 660 3549 719 δικαίου
3603 672 3810 743 κριτοῦ,

416 747 661 830 judicis,
687 751 829 813 dare
865 753 1029 816 vobis
1059 755 1129 817 ad
1177 755 1421 834 gratiam
1473 756 1821 837 dignitatem
1872 756 2068 831 istam,

2155 755 2217 805 τὸ
2275 749 2450 808 δοῦναι
2495 753 2625 829 ὑμῖν
2653 752 2791 809 κατὰ
2834 759 2994 832 χάριν
3037 752 3135 821 τὴν
3176 754 3338 828 τιμὴν
3370 752 3589 819 ταύτην·
3624 756 3684 812 οὗ
3712 754 3815 833 γὰρ

426 859 543 901 non
572 843 726 902 enim
756 845 957 923 justus
989 865 1205 925 essem;
1241 847 1345 910 sed
1378 849 1471 910 his
1520 848 1622 929 qui
1650 848 2068 914 laboraverint.

2155 838 2217 895 ἂν
2268 838 2463 906 δίκαιος
2516 840 2639 911 εἵην
2667 858 2681 872 ⁸
2719 841 2856 899 ἀλλᾶ
2902 856 3021 907 τοῖς
3084 841 3531 923 ἀγωνισαμένοις,
3588 844 3813 908 ἱκείνοις

425 940 747 1009 prazparata
774 943 863 995 est
893 934 1146 1011 dignitas
1177 936 1275 997 illa
1308 954 1320 999 :
1358 937 1857 1015 quemadmodum
1883 936 2067 1017 sijus-

424 1027 516 1080 tus
547 1039 646 1080 rex
673 1023 1022 1100 praesideret
1047 1025 1355 1087 certamini
1377 1027 1722 1106 cuipiam.et
1741 1026 1955 1087 deinde
1971 1044 2066 1086 ac-

422 1107 635 1172 cedant
665 1110 735 1170 ad
770 1111 933 1172 illum
958 1113 1195 1192 quidam
1229 1116 1403 1176 amici
1434 1117 1587 1195 ejus,
1616 1124 1672 1177 et
1700 1115 1897 1178 dicant
1934 1138 1947 1175 :
1981 1116 2064 1177 Da

425 1196 597 1257 nobis
621 1217 870 1260 coronas
904 1221 917 1261 :
954 1202 1108 1262 dicet
1140 1202 1365 1283 utique,
1400 1207 1523 1266 Non
1557 1218 1647 1266 est
1673 1224 1870 1266 meum
1900 1205 2064 1276 dare,

425 1283 529 1345 sed
553 1285 601 1345 si
623 1286 756 1366 quis
794 1290 1108 1351 certaverit
1139 1300 1196 1352 et
1226 1293 1454 1371 vicerit,
1493 1293 1578 1353 illi
1624 1302 1950 1374 praiparata
1982 1296 2071 1354 est

424 1391 666 1462 corona.
703 1375 772 1436 Et
807 1377 884 1437 ita
912 1378 1090 1440 etiam
1116 1399 1235 1445 vos,
1273 1401 1305 1441 o
1337 1381 1441 1441 ﬁlii
1471 1380 1763 1453 Zebedmi,
1788 1390 2070 1462 martyres

423 1461 663 1551 quidem
698 1466 863 1526 eritis
899 1476 1138 1548 propter
1172 1488 1263 1531 me
1290 1488 1302 1532 :
1325 1470 1374 1531 si
1406 1480 1601 1532 autem
1643 1470 1776 1551 quis
1799 1461 2070 1532 inventus

422 1549 595 1611 fuerit
623 1571 755 1612 cum
790 1559 1066 1636 martyrio
1095 1576 1301 1619 omnes
1318 1559 1463 1620 alias
1489 1549 1733 1623 virtutes
1760 1560 2069 1640 possidere

420 1640 672 1727 amplius
701 1661 875 1720 quam
908 1661 1035 1716 vos,
1071 1646 1173 1707 ille
1208 1666 1305 1707 vos
1338 1649 1631 1727 praecedet

503 1726 683 1789 Vens.
716 1731 933 1795 4l-45.
977 1757 998 1788 ιι
1035 1737 1267 1797 Etcum
1295 1726 1599 1798 audissent
1622 1739 2066 1817 decem,co:pe-

2153 930 2472 1006 ἡτοίμασται
2529 934 2564 1000 ἡ
2611 932 2744 1008 τιμὴ
2775 930 2933 1006 αὕτη,
2988 932 3168 1011 ὥσπερ
3226 931 3289 988 ἂν
3334 934 3378 988 εί
3438 930 3687 1008 βασιλεὺς
3743 931 3815 988 δίο

2152 1041 2304 1084 καιος
2362 1022 2696 1099 προεκάθητο
2750 1022 2959 1100 ἀγῶνός
3044 1043 3211 1102 τινος,
3287 1022 3411 1079 εἶτα
3473 1020 3814 1100 προσέλθοιεν

2153 1110 2294 1182 αὑτῷ
2340 1132 2479 1174 τινες
2525 1109 2670 1191 φίλοι
2721 1112 2901 1187 αὑτοῦ,
2954 1112 3043 1167 καὶ
3072 1110 3278 1169 εἴποιεν
3306 1125 3321 1142 ⁸
3360 1112 3460 1175 Δὸς
3502 1112 3639 1186 ἡμῖν
3687 1111 3811 1174 τοὺς

2154 1198 2462 1278 στεφάνους,
2515 1201 2672 1258 εἶπεν
2729 1199 2812 1273 ἂν,
2866 1202 2971 1259 Οὑκ
3015 1199 3157 1257 ἔστιν
3186 1200 3313 1276 ἐμὸν
3341 1201 3403 1257 τὸ
3430 1198 3629 1280 δοῦναι,
3687 1198 3811 1256 ἀλλ’

2153 1286 2207 1343 εἴ
2261 1310 2343 1352 τις
2388 1289 2705 1368 ἀγωνίσεται
2750 1291 2839 1346 καὶ
2882 1291 3117 1366 νικήσει,
3179 1289 3364 1364 ἐκείνῳ
3417 1289 3743 1366 ἡτοίμασται
3782 1290 3813 1346 ὁ

2153 1377 2407 1458 στέφανος
2442 1395 2456 1410 ⁸
2504 1379 2641 1436 ὥστε
2691 1380 2780 1436 καὶ
2836 1380 3017 1460 ὑμεῖς,
3054 1382 3101 1435 οἱ
3143 1389 3236 1439 τοῦ
3277 1376 3548 1435 Ζεϐεδαίου
3590 1377 3808 1454 παῖδες,

2154 1469 2513 1546 μαρτυρήσετε
2574 1468 2672 1544 μὲν
2728 1467 2857 1545 ὑπὲρ
2942 1468 3097 1543 ἐμοῦ,
3157 1467 3246 1524 ἰὰν
3319 1466 3372 1525 δέ
3445 1489 3524 1530 τις
3578 1469 3808 1547 εὑρεθείη

2151 1557 2287 1631 μετὰ
2342 1566 2435 1616 τοῦ
2492 1558 2797 1637 μαρτυρίου,
2858 1559 2947 1615 καὶ
2988 1557 3086 1625 τὴν
3163 1556 3331 1625 ἄλλην
3388 1564 3563 1615 πᾶσαν
3614 1556 3811 1636 ἀρετὴν

2151 1644 2297 1725 ἔχων
2326 1646 2455 1717 ὑπὲρ
2485 1648 2646 1722 ὑμᾶς,
2679 1645 2884 1710 ἐκεῖνος
2916 1644 3130 1726 προάξει
3159 1648 3319 1723 ὑμᾶς,

2240 1757 2263 1791 ε
2326 1736 2432 1794 Καὶ
2480 1736 2799 1799 ἀκούσαντες
2857 1738 2905 1792 οἱ
2979 1735 3129 1815 δέκα,
3189 1736 3415 1807 ἤρξαντο
3484 1735 3810 1815 ἀγανακτεῖν

421 1824 558 1877 runt
580 1817 875 1898 indignari
904 1841 1081 1902 super
1107 1822 1329 1887 Jacobo
1348 1835 1407 1888 et
1427 1828 1851 1889 JoanneJesus
1873 1809 2066 1889 autem

2155 1825 2271 1903 περὶ
2326 1822 2579 1884 Ἰακώϐου
2632 1826 2721 1881 καὶ
2779 1825 3049 1887 Ἰωάννου,
3114 1809 3172 1885 ἱΟ
3217 1824 3271 1882 δί
3330 1809 3545 1893 Ἰησοῦς.
3577 1846 3809 1903 προσκα-

422 1924 555 1996 cum
587 1918 853 1971 vocasset
884 1929 984 1972 eos
1013 1912 1085 1973 ad
1118 1914 1358 1983 se,dicit
1388 1915 1503 1976 illis
1538 1934 1551 1978 :
1586 1917 1763 1979 Scitis
1788 1918 1941 1996 quod
1968 1916 2070 1996 qui

424 1994 694 2057 videntur
738 1999 1029 2079 imperare
1077 2003 1375 2080 gentibus,
1408 2004 1737 2065 dominium
1791 1994 2073 2067 exercent

417 2083 694 2146 adversus
720 2087 850 2149 illas
885 2110 898 2145 :
935 2098 992 2150 et
1022 2092 1119 2170 qui
1156 2102 1457 2170 magnetes
1496 2104 1630 2155 sunt
1662 2094 1817 2156 inter
1838 2114 2070 2176 eas,po-

417 2182 691 2235 testatem
716 2183 996 2240 ekercent
1023 2183 1080 2239 in
1115 2180 1492 2245 illas.Verum
1524 2203 1641 2244 non
1672 2183 1758 2245 sic
1792 2185 1901 2246 erit
1921 2186 2072 2247 inter

415 2282 519 2323 vos
549 2285 561 2325 :
591 2265 697 2326 sed
749 2268 1088 2349 quicunque
1135 2271 1385 2332 voluerit
1429 2272 1557 2333 fieri
1614 2293 1857 2349 magnus
1915 2276 2072 2335 inter

418 2371 540 2425 vos,
577 2355 687 2414 erit
715 2357 878 2417 vobis
910 2358 1218 2420 minister:
1259 2368 1314 2420 et
1346 2368 1683 2441 quicunque
1710 2362 1960 2425 voluerit
1992 2382 2062 2424 ex

417 2441 582 2501 vobis
613 2462 743 2505 esse
777 2448 1020 2524 primus,
1056 2448 1167 2508 erit
1219 2450 1485 2509 omnium
1548 2469 1776 2514 servus.
1818 2451 1960 2513 Nam
2012 2460 2068 2513 et

423 2528 605 2591 Filius
636 2532 892 2595 hominis
924 2553 1040 2595 non
1073 2538 1229 2597 venit
1261 2546 1319 2597 ut
1344 2538 1453 2598 sibi
1480 2538 1935 2620 ministraretur,
1957 2540 2065 2601 sed

2152 1912 2441 1989 λεσάμενος
2498 1913 2710 1993 αὖτοὺς,
2764 1912 2909 1993 λέγει
2980 1918 3163 1978 αὐτοῖς
3192 1931 3207 1948 ⁸
3259 1913 3452 1973 Οἴδατε
3494 1914 3575 1971 ὅτι
3619 1916 3667 1970 ol
3708 1913 3806 1970 δο-

2151 2010 2367 2066 κοῦντες
2413 1999 2600 2083 ἄρχειν
2643 2009 2751 2059 τῶν
2821 2001 3003 2083 ἐθνῶν,
3062 2008 3525 2082 κατακυριεύουσιν
3584 2006 3754 2061 αὑτῶν
3787 2020 3803 2035 ⁸

2152 2093 2240 2148 καὶ
2282 2093 2329 2147 oi
2374 2091 2597 2170 μεγάλοι
2640 2091 2811 2148 αὑτῶν
2890 2091 3374 2165 κατεξουσιάζουσιν
3437 2093 3634 2152 αὒτῶν.
3690 2097 3807 2173 Οῦχ

2152 2179 2289 2236 οὕτω
2343 2179 2399 2237 δὲ
2453 2180 2598 2238 ἔσται
2656 2180 2712 2236 ὲν
2759 2181 2912 2256 ὑμῖν,
2961 2180 3114 2238 Ἀλλ’
3152 2183 3210 2248 ὃς
3254 2181 3343 2238 ἐὰν
3388 2181 3517 2259 θέλῃ
3564 2181 3809 2261 γενέσθαι

2154 2269 2320 2347 μέγας
2378 2273 2432 2326 ἓν
2486 2273 2639 2345 ὑμῖν,
2697 2269 2843 2326 ἔσται
2902 2272 3050 2346 ὑμῶν
3098 2269 3359 2338 διάκονος.
3427 2273 3525 2330 Καὶ
3588 2272 3646 2335 ὃς
3716 2270 3806 2327 ἐὰν

2149 2358 2276 2435 θέλῃ
2335 2360 2483 2435 ὑμῶν
2530 2359 2769 2438 γενέσθαι
2829 2364 3061 2440 πρῶτος,
3124 2359 3271 2417 ἔσται
3330 2360 3541 2418 πάντων
3595 2357 3804 2423 δοῦλος,

2152 2449 2251 2505 Καὶ
2308 2449 2407 2527 γὰρ
2452 2450 2479 2505 ὁ
2526 2451 2644 2513 Υἱὸς
2697 2456 2791 2506 τοῦ
2833 2450 3108 2526 ἀνθρώπου
3153 2454 3246 2509 οὐκ
3313 2448 3439 2518 ἦλθε
3484 2447 3806 2516 διαγονηθῆ-

2151 2559 2258 2611 ναι,
2317 2535 2455 2593 ἀλλὰ
2510 2535 2847 2613 διακονῆσαι,
2890 2540 2979 2594 καὶ
3039 2536 3216 2595 δοῦναι
3271 2539 3369 2606 τὴν
3418 2538 3601 2618 ψυχὴν
3647 2539 3808 2596 αὐτοῦ

419 2627 482 2678 ut
514 2620 642 2699 ipse
679 2621 1067 2699 ministraret,
1093 2645 1160 2686 ac
1178 2625 1343 2687 daret
1366 2627 1622 2689 animam
1643 2648 1805 2690 suam
1837 2630 2068 2691 redem-

2155 2624 2337 2703 λύτρον
2397 2626 2511 2682 ἀντὶ
2542 2625 2780 2686 πολλῶν.
2819 2650 2842 2683 ι
2881 2625 3012 2685 ’Ἔτι
3069 2627 3423 2705 ἀνθρωπίνως,
3482 2624 3803 2701 διακείμενοι

423 2707 685 2787 ptionem
747 2731 850 2791 pro
887 2713 1110 2776 multis.
1153 2740 1175 2769 υ
1212 2716 1502 2796 Discipuli
1558 2717 1749 2779 adhuc
1798 2719 2068 2781 humanis

2155 2716 2200 2771 οἱ
2256 2716 2487 2789 μαθηταὶ
2536 2718 2620 2773 καὶ
2674 2716 2848 2796 φθόνῳ
2904 2715 3205 2808 ἐϐάλλοντο,
3249 2718 3360 2808 ⁸,Διὸ
3588 2714 3797 2808 ἀγανα-

422 2798 836 2863 affectionibus
883 2810 940 2863 et
978 2803 1195 2864 invidia
1238 2804 1620 2869 laborabant:
1656 2807 1790 2869 ideo
1821 2819 1877 2868 et
1906 2806 2068 2868 indi-

2155 2810 2334 2860 κτοῦσι
2385 2805 2519 2861 κατὰ
2548 2811 2653 2862 τῶν
2684 2802 2797 2868 δύο,
2833 2804 3001 2862 Ἀλλὰ
3040 2803 3167 2861 πότε
3200 2823 3217 2883 ς
3249 2798 3371 2861 ’⁷οτε
3423 2801 3569 2860 εἶδον
3614 2803 3800 2869 αὐτοὺς

426 2898 679 2962 gnantur
708 2891 988 2953 adversus
1006 2893 1299 2955 duos.5ed
1322 2896 1596 2975 quando?
1612 2896 1753 2958 Cum
1789 2896 2068 2958 vidissent

2155 2893 2231 2967 μὴ
2291 2892 2710 2974 προσδεχθέντας
2787 2896 2889 2951 ὑπὸ
2964 2901 3060 2951 τ·ῦ
3130 2894 3340 2992 Κῦριου,
3420 2891 3537 2992 αλλ’
3574 2982 3585 2992 ι
3610 2894 3803 2992 ὡσανεὶ

422 2994 526 3036 eos
549 2996 664 3037 non
691 2991 1000 3061 susceptos
1028 2982 1503 3059 esseaDomino,
1531 2985 1633 3045 sed
1663 2987 1827 3065 quasi
1862 2987 2068 3065 repul-

2155 2982 2498 3057 ἀποσθὲντας,
2551 2986 2671 3040 τότε
2716 2985 3123 3063 ἀγανακτοῦσιν,
3165 2982 3347 3063 ’Ἄχρι
3393 2983 3490 3058 μὶν
3533 2982 3632 3062 γὰρ
3686 2982 3803 3038 ἰτι-

418 3082 542 3172 iam
578 3085 803 3143 passos,
842 3078 977 3131 tunc
1001 3072 1281 3150 indignati
1315 3082 1474 3133 sunt.
1509 3073 1782 3146 Quandiu
1843 3075 2002 3136 enim
2038 3093 2068 3136 a

2155 3077 2333 3147 μῶντο
2362 3074 2462 3130 ὑπὸ
2493 3084 2585 3133 τοῦ
2629 3075 2834 3154 Κυρίου,
2891 3074 3173 3153 ἠνείχοντο
3231 3076 3309 3148 μὴ
3364 3072 3805 3151 ἀγανακτοῦντες,

417 3150 672 3217 Domino
712 3158 1176 3240 honorabantur,
1212 3161 1481 3223 ferebant
1511 3181 1627 3223 non
1664 3163 2066 3243 indignantes,

2155 3162 2324 3218 καίτοι
2399 3163 2623 3240 ὁρῶντες
2684 3150 2870 3227 αὐτοὺς
2955 3150 3362 3238 ποτιμωμὲνους
3395 3178 3412 3195 ⁸
3498 3157 3681 3227 ἐπειδὴ
3750 3158 3807 3216 δὲ

418 3246 689 3322 quamvis
722 3248 993 3310 viderent
1023 3268 1125 3310 eos
1149 3250 1412 3329 praeferri
1446 3270 1463 3313 :
1499 3270 1632 3312 cum
1665 3260 1862 3313 autem
1914 3272 2065 3313 num-

2155 3249 2371 3307 ἐνταῦθα
2397 3251 2543 3308 αὐτοὶ
2571 3250 2769 3309 ἐκεῖνοι
2798 3253 2897 3319 τὴν
2939 3252 3102 3326 τιμὴν
3156 3251 3450 3329 ᾐτήσαντο,
3480 3250 3541 3307 οὒ
3595 3248 3805 3329 φέρουσι

418 3329 533 3408 ipsi
566 3334 851 3399 honorem
884 3337 994 3397 sibi
1028 3338 1380 3418 deposcunt,
1418 3360 1533 3401 non
1564 3341 1758 3401 ferunt
1782 3341 1905 3403 alii.
1940 3340 2071 3403 Ca3-

421 3428 612 3481 terum
642 3444 797 3485 nunc
814 3426 1051 3503 quidem
1080 3427 1509 3507 itainiperfecte
1540 3448 1604 3490 se
1624 3439 2070 3510 gerunt,po~tea

417 3519 618 3569 autem
652 3513 879 3574 videbis
896 3534 996 3575 eos
1021 3524 1283 3575 mutuum
1306 3517 1417 3577 sibi
1446 3518 1520 3578 de
1545 3519 1795 3597 primatu
1830 3519 2067 3581 cedere.

418 3597 493 3658 At
522 3600 790 3661 Christus
832 3611 999 3663 sanat
1032 3604 1185 3676 illos,
1214 3613 1270 3664 et
1311 3606 1570 3684 primum
1608 3608 1910 3668 demulcet
1942 3609 2072 3670 illos

420 3687 665 3766 propius
716 3690 785 3750 ad
842 3709 906 3751 se
938 3693 1219 3754 vocando.
1253 3694 1395 3755 229
1440 3697 1562 3756 Hoc
1586 3696 1743 3755 enim
1778 3696 2072 3773 signiﬁcat

421 3776 577 3854 quod
613 3777 756 3839 dicit
782 3801 794 3842 :
821 3779 964 3842 Cum
999 3790 1263 3840 vocasset
1293 3802 1395 3843 eos
1412 3784 1484 3845 ad
1518 3802 1606 3847 se.
1645 3784 1872 3846 Deinde
1896 3804 2067 3845 mon-

420 3872 563 3925 strat
594 3868 750 3945 quod
786 3887 996 3947 rapere
1030 3871 1343 3952 honorem,
1377 3880 1431 3933 et
1463 3872 1689 3933 ambire
1723 3873 2066 3952 dignitates,

423 3955 685 4031 gentium
719 3958 813 4017 sit.
848 3958 1152 4037 Principes
1198 3961 1355 4020 enim
1406 3962 1670 4039 gentium
1725 3981 1929 4041 magna
1963 3983 2070 4042 po-

425 4050 632 4105 testate
664 4055 717 4105 et
750 4051 1099 4109 auctoritate
1146 4048 1512 4110 efferuntur:
1552 4049 1827 4130 discipuli
1872 4062 2066 4112 autem

423 4133 537 4192 mei
569 4152 685 4193 non
709 4135 793 4196 sic
832 4156 845 4197 :
882 4136 983 4196 sed
1026 4136 1127 4215 qui
1162 4136 1284 4196 vult
1314 4156 1445 4199 esse
1472 4155 1740 4215 magnus,
1777 4139 2071 4200 ministret

422 4221 699 4281 omnibus
725 4244 737 4282 :
762 4225 1039 4303 quoniam
1064 4225 1244 4285 ethoc
1270 4244 1493 4304 magna)
1517 4227 1729 4287 anima}
1753 4228 2070 4301 est,omnia

2152 3336 2342 3396 λοιπὸν
2383 3342 2429 3397 οἱ
2474 3338 2676 3403 λοιποί.
2723 3338 2890 3397 Ἀλλὰ
2946 3348 3033 3397 νῦν
3088 3340 3185 3415 μὲν
3256 3338 3423 3403 οὕτως
3474 3341 3632 3417 εἶχον
3674 3339 3803 3395 ἁτε-

2152 3424 2283 3501 λῶς,
2343 3428 2556 3508 ὕστερον
2638 3427 2693 3485 δὲ
2780 3428 2902 3505 ὅψει
2987 3429 3171 3491 αὐτοὺς
3222 3429 3311 3485 καὶ
3364 3432 3473 3484 τῶν
3535 3447 3805 3507 πρωτειων

2154 3514 2413 3585 ἀλλήλοις
2459 3525 2908 3598 παραχωροῦντας
2943 3535 2957 3550 ⁸
3005 3515 3127 3573 ἀλλ’
3179 3519 3207 3574 ὁ
3251 3518 3475 3597 Χριστὸς
3530 3515 3803 3595 θεραπεύει

2154 3606 2339 3668 αὖτοὺς
2395 3610 2603 3686 πρῶτον
2665 3608 2787 3688 μὲν,
2847 3608 3225 3687 καταπραΰνων
3274 3606 3461 3672 αυτοὺς
3529 3611 3606 3679 τῷ
3645 3604 3802 3683 ἐγγὺς

2154 3696 2311 3751 αὐτοῦ
2368 3695 2814 3773 προσαγαγέσθαι.
2860 3702 3023 3753 Τοῦτο
3080 3696 3179 3774 γὰρ
3237 3696 3485 3771 σημαίνει
3512 3696 3599 3774 τὸ,
3630 3715 3803 3773 προσ·-

2154 3781 2536 3859 καλεσάμενος.
2591 3783 2838 3842 ’Ἔπειτα
2891 3791 2968 3859 τῷ
3039 3783 3232 3856 δεῖξαι,
3294 3784 3373 3842 ὅτι
3435 3787 3495 3841 τὸ
3550 3784 3802 3863 ἁρπάζειν

2152 3872 2252 3939 τὴν
2300 3874 2486 3953 τιμὴν,
2544 3875 2632 3931 καὶ
2685 3876 2792 3930 τῶν
2848 3876 3124 3954 πρωτείων
3174 3874 3318 3954 ἐρᾷν,
3376 3873 3577 3932 ὲθνικόν
3633 3872 3799 3935 ἔστιν,

2153 3964 2212 4020 Οἱ
2268 3962 2366 4041 γὰρ
2419 3970 2524 4019 τῶν
2582 3962 2741 4020 ἐθνῶν
2813 3962 3095 4044 ἄρχοντες,
3147 3963 3343 4020 ἐκεῖνοι
3401 3962 3803 4030 ἑξουσιαστικῶς

2151 4052 2240 4106 καὶ
2292 4057 2611 4128 τυραννικῶς
2693 4053 3098 4132 προσφέρονται.
3157 4055 3217 4111 Ol
3285 4051 3340 4110 δὲ
3396 4052 3512 4130 ἐμοὶ
3571 4055 3806 4127 μαθηταὶ

2153 4142 2255 4219 οὔχ
2315 4140 2503 4213 οὕτως,
2566 4140 2684 4198 ἀλλ’
2756 4145 2784 4198 ὁ
2832 4141 2998 4198 θέλων
3052 4146 3192 4199 εἶναι
3248 4141 3441 4219 μέγας,
3497 4139 3802 4198 διακονείτω

2151 4236 2334 4309 πᾶσιν,
2408 4229 2521 4287 ἐπεὶ
2566 4232 2653 4286 καὶ
2722 4238 2875 4288 τοῦτο
2930 4230 3173 4309 μεγάλης
3225 4234 3438 4311 ψυχῆς,
3495 4232 3556 4287 τὸ
3589 4231 3803 4287 πάντων

422 4307 669 4385 l‘erre,et
692 4313 967 4373 omnibus
998 4314 1322 4375 servireEt
1354 4316 1689 4394 exemplum
1711 4316 1769 4375 in
1791 4327 2064 4396 promptu

2155 4307 2433 4397 ἀνέχεσθαι
2492 4321 2578 4375 καὶ
2636 4326 2767 4376 πᾶσι
2823 4307 3107 4383 δουλεύειν,
3185 4322 3280 4377 Καὶ
3305 4307 3410 4377 "rb
3467 4317 3803 4397 παράδειγμα

422 4407 568 4462 erat.
597 4399 822 4462 Etenim
849 4401 1029 4463 Filius
1054 4404 1307 4463 hominis
1336 4423 1449 4464 non
1484 4404 1640 4463 venit
1686 4413 1749 4465 ut
1787 4406 1897 4465 sibi
1956 4407 2067 4466 mi-

2155 4405 2364 4485 ἐγγύθεν
2399 4427 2414 4442 ⁸
2459 4410 2548 4465 καὶ
2590 4411 2689 4488 γὰρ
2730 4412 2758 4466 ὁ
2835 4411 2954 4473 Υἱὸς
3014 4411 3108 4465 τοῦ
3182 4409 3455 4488 ἀνθρώπου
3512 4410 3608 4466 οῦκ
3671 4407 3801 4475 ἧλθε

420 4488 789 4562 nistraretur,
825 4496 928 4551 seel
956 4500 1017 4552 ut
1048 4495 1173 4570 ipse
1209 4492 1597 4561 ministraret,
1646 4502 1703 4554 et
1738 4494 1904 4555 daret
1934 4496 2068 4555 anie-

2155 4464 2552 4571 δίακονηθῆναι,
2602 4464 2739 4554 illac}
2781 4496 3114 4570 διακονῆσαι,
3163 4498 3251 4554 καὶ
3277 4464 3456 4554 δοῦναι
3485 4497 3584 4564 τὴν
3613 4497 3799 4577 ψυχὴν

422 4596 577 4637 mam
607 4597 770 4640 suam
801 4581 1271 4660 redemptionem
1307 4599 1408 4659 pro
1444 4581 1661 4660 multis,
1697 4584 1852 4661 quod
1879 4585 2068 4662 majus

2155 4588 2308 4642 αὐτοῦ
2355 4584 2538 4665 λύτρον
2568 4587 2681 4642 ἆιτὶ
2735 4585 2972 4659 πολλῶν,
3033 4588 3061 4642 ὃ
3105 4586 3287 4662 μεῖζόν
3332 4586 3445 4643 ἐστι
3492 4593 3583 4643 τοῦ
3610 4584 3799 4644 διακο-

420 4674 509 4727 est
539 4685 711 4745 quam
736 4668 1343 4740 ministrareQuando
1376 4667 1534 4728 enim
1566 4671 1697 4747 quis
1729 4689 1846 4731 non
1875 4672 2065 4731 solum

2155 4695 2309 4738 νησαι
2346 4691 2359 4705 ⁸
2425 4675 2551 4731 ὅταν
2594 4676 2693 4753 γὰρ
2735 4697 2814 4738 τις
2875 4676 2935 4731 οὒ
2993 4675 3155 4750 μόνον
3197 4672 3516 4755 διακονήση,
3549 4673 3685 4731 ἀλλὰ
3713 4679 3797 4734 καὶ

422 4753 864 4827 ministraverit,
900 4758 1001 4817 sed
1037 4769 1093 4817 et
1128 4766 1393 4817 mortuus
1423 4757 1596 4817 fuerit
1623 4777 1727 4837 pro
1756 4777 1825 4819 eo
1845 4760 1941 4820 cui
1964 4762 2068 4820 mi-

2155 4761 2389 4839 ἆποθάνῃ
2419 4763 2548 4842 ὑπὲρ
2601 4770 2696 4820 τοῦ
2744 4761 3172 4839 διακονουμένου,
3232 4764 3281 4818 τί
3308 4763 3492 4819 τούτου
3535 4770 3722 4839 μεῖζον
3763 4762 3799 4830 ἢ

423 4842 651 4915 nistrat,
678 4845 818 4922 quid
848 4845 951 4906 illo
986 4847 1173 4925 majus
1197 4853 1256 4906 et
1283 4844 1696 4907 admirabilius
1715 4846 1745 4906 ‘?
1796 4847 2064 4911 Attamen

2155 4852 2628 4931 θαυμασιώτερον;
2675 4850 2823 4910 Ἀλλ’
2856 4850 3004 4927 ὅμως
3054 4853 3088 4919 ἡ
3146 4849 3450 4919 διακόνησις
3508 4850 3640 4918 αὕτη
3711 4850 3801 4906 καὶ

425 4934 818 4996 ministerium
854 4937 995 4997 illud
1022 4946 1079 4999 et
1109 4936 1562 5007 condescensio,
1586 4938 1855 4999 exaltatio
1875 4939 1981 5001 fuit
2001 4959 2068 5001 ac

2155 4941 2185 5007 ἦ
2248 4940 2649 5018 συγκαταϐασις
2703 4941 2907 5018 ὕψωσις
2960 4942 3049 4997 καὶ
3105 4938 3227 5006 δόξα
3272 4940 3459 5020 γέγονε
3498 4942 3589 4997 καὶ
3640 4943 3801 4999 αὺτοῦ

420 5024 607 5101 gloria
636 5034 750 5086 tam
785 5045 889 5086 sua
918 5045 1091 5106 quam
1126 5029 1415 5087 omnium.
1447 5025 1681 5087 Etenim
1723 5028 2063 5109 priusquam

2155 5030 2239 5085 καὶ
2294 5032 2529 5094 πάντων,
2578 5034 2702 5111 Πρὶν
2744 5032 2843 5108 μὲν
2886 5030 2985 5110 γὰρ
3026 5029 3263 5110 γενέσθαι
3319 5029 3612 5110 ἄνθρωπος,
3673 5027 3799 5109 παρ’

422 5115 607 5175 factus
637 5125 725 5177 est
757 5116 957 5185 homo,
993 5124 1216 5177 tantum
1250 5115 1323 5176 ab
1355 5115 1581 5193 angelis
1612 5119 2062 5194 agnoscebatur:

2155 5118 2398 5199 ἀγγέλοις
2450 5122 2757 5201 εγνωρίζετο
2816 5120 3025 5195 μόνοις.
3112 5117 3330 5187 Ἐπειδὴ
3404 5118 3459 5176 δὲ
3529 5118 3798 5197 ἄνθρωπος

424 5211 727 5284 postquam
760 5213 955 5266 autem
988 5205 1171 5265 factus
1204 5214 1291 5265 est
1313 5205 1488 5265 homo
1514 5212 1575 5265 et
1606 5206 2067 5281 cruciﬁxusmun

2155 5207 2359 5285 ἐγένετο
2415 5212 2501 5266 καὶ
2556 5209 2883 5289 ἐσταυρώθη,
2936 5212 2996 5267 οὗ
3039 5209 3209 5285 μόνην
3262 5208 3468 5276 ἐκείνην
3508 5210 3607 5276 τὴν
3648 5206 3797 5273 δόξαν

422 5291 612 5353 solum
648 5294 804 5354 illam
839 5294 1083 5371 gloriam
1120 5293 1317 5373 habet,
1350 5293 1452 5354 sed
1486 5301 1545 5353 et
1609 5294 1781 5354 aliam
1815 5296 2065 5377 accepit,

2155 5296 2291 5377 ἔχει,
2348 5299 2485 5356 ἀλλὰ
2541 5301 2629 5355 καὶ
2682 5298 2862 5377 ἑτέραν
2916 5297 3237 5375 προσέλαϐε,
3293 5299 3380 5355 καὶ
3458 5297 3634 5364 πάσης
3702 5296 3798 5365 τῆς

423 5388 481 5441 et
512 5382 567 5440 in
590 5391 708 5443 toto
734 5390 942 5461 regnat
972 5382 1139 5444 orbe.

2155 5389 2465 5465 οἰκουμένης
2497 5388 2779 5466 βασιλεύει.

503 5468 682 5533 Vens.
714 5471 931 5533 liii-5‘2.
971 5496 997 5526 α
1047 5471 1132 5558 Et
1160 5473 1402 5532 veniunt
1460 5469 1740 5558 Hiericho
1771 5492 1785 5530 :
1820 5492 2068 5554 cumque

2244 5500 2268 5535 ε
2323 5481 2419 5538 Kal
2473 5478 2723 5557 ἔρχονται
2786 5481 2859 5544 είς
2938 5469 3169 5558 Ἱεριχὼ,
3244 5478 3332 5534 καὶ
3384 5474 3801 5555 ἐκπορευομένου

427 5558 814 5647 egrederetur
842 5559 915 5621 ab
944 5559 1090 5620 urbe
1121 5557 1501 5639 Hiericho,ac
1531 5557 1805 5639 discipuli
1826 5561 2068 5639 illius,et

2158 5567 2315 5625 αὺτοῦ
2387 5569 2491 5625 ἀπὸ
2550 5561 2784 5647 Ἰεριχῶ,
2860 5568 2948 5626 καὶ
3011 5557 3122 5624 τῶν
3196 5570 3448 5642 μαθητῶν
3503 5568 3659 5625 αὐτοῦ
3713 5566 3802 5622 καὶ

425 5646 599 5717 turba
619 5648 1042 5729 copiosa,tilius
1065 5646 1631 5711 TimaeiBartimzeus
1668 5666 1861 5711 caecus
1892 5653 2068 5716 sede-

2156 5655 2323 5737 ὅχλου
2372 5661 2573 5736 ἱκανοῦ,
2656 5646 2767 5721 υίὸς
2844 5657 3065 5735 Τιμαίου
3141 5656 3457 5736 Βαρτίμαιος
3518 5658 3547 5713 ὁ
3606 5653 3801 5737 τυφλὸς
