4170 6282
331 344 451 417 609
1056 344 1497 416 ENARRATIO
1536 353 1618 417 ΙΝ
1663 338 2173 417 EVANGELIUM
2219 340 2477 415 MARCI.
2528 385 2599 395 --
2647 344 2810 416 CAP.
2860 343 2962 415 XI.
3260 394 3261 399 γ
3593 340 3713 417 610

328 485 558 554 ἐκάθητο
599 486 744 565 παρὰ
786 486 883 554 τὴν
915 483 1035 543 ὁδὸν
1091 486 1416 565 προσαιτῶν.
1466 488 1565 545 Καὶ
1619 486 1847 551 ἀκούσας
1902 485 1975 542 ὅτι

2066 481 2163 543 bat
2186 483 2351 562 juxta
2380 483 2527 546 viam
2564 487 2933 551 mendicans.
2966 487 3036 549 Et
3081 507 3213 548 cum
3263 486 3523 549 audisset
3552 488 3708 569 quod

329 573 539 657 Ἰησοῦς
601 578 630 632 ὁ
685 575 998 654 Ναζωραῖός
1028 574 1195 649 ἔστιν,
1252 573 1443 655 ἤρξατο
1485 576 1693 654 κράζειν
1746 577 1837 633 καὶ
1889 574 1976 631 λέ-

2069 573 2241 634 Jesus
2263 575 2603 636 Nazarenus
2655 586 2833 649 esset,
2859 578 3035 657 coepit
3074 578 3328 639 clamare
3359 586 3417 640 et
3458 576 3659 639 dicere
3694 597 3706 638 :

327 685 440 743 γειν
473 680 489 695 ⁸
528 656 586 723 Ὀ
618 666 726 729 υἱὸς
775 662 937 722 Δαϐὶδ
965 662 1165 739 Ἰησοῦ,
1197 662 1421 747 ἐλέησόν
1452 686 1543 741 με.
1578 666 1677 723 Καὶ
1721 665 1974 740 ἐπετίμων

2071 661 2177 722 Fili
2208 662 2385 723 David
2414 666 2871 738 Jesu,miserere
2905 656 3116 728 ιηίιιὶΕι
3139 666 3522 747 increpabant
3543 668 3706 728 illum

324 755 469 828 αὒτῷ
519 753 711 811 πολλοὶ
779 753 872 810 ἵνα
946 755 1233 830 σιωπήσῃ,
1295 745 1353 812 (Ο
1411 753 1470 810 δὲ
1543 752 1727 828 πολλῴ
1780 752 1971 831 μᾶλλοι

2068 750 2235 810 multi
2269 760 2331 811 ut
2367 760 2605 815 taceret.
2637 755 2708 815 At
2741 754 2841 815 ille
2899 756 3080 817 multo
3135 745 3323 834 magis
3370 755 3660 817 clamabat
3690 773 3703 817 :

325 842 541 924 ’έκραζεν
582 864 596 879 ⁶
633 845 719 902 Υἱὲ
753 842 935 916 Δαϐὶδ,
989 842 1213 911 ἐλέησόν
1258 866 1348 918 με.
1398 845 1496 901 Καὶ
1538 844 1666 907 στὰς
1698 846 1724 900 6
1749 843 1972 922 Ἰησοῦς1

2067 838 2175 899 Fili
2206 838 2409 919 David,
2445 844 2729 902 miserere
2765 843 2903 907 mei.
2939 844 3005 904 Et
3034 846 3192 905 stetit
3221 846 3416 917 Jesus,
3441 864 3509 906 ac
3530 844 3711 924 jussit

323 933 482 990 εἶπεν
527 934 683 991 αὐτὸν
742 934 1050 1013 φωνηθῆναι
1084 951 1099 966 ⁸
1173 933 1261 989 καὶ
1316 940 1545 1012 φωνοῦσι
1615 933 1705 988 τὸν
1762 932 1970 1013 τυφλὸν1

2066 928 2229 989 illum
2262 933 2478 1007 vrcari;
2513 943 2577 991 ut
2604 942 2813 993 vocant
2838 951 3084 1007 czecum,
3121 934 3389 995 dicentes
3413 935 3499 995 illi
3522 935 3708 997 :Bono

321 1021 571 1101 λέγοντες
632 1025 775 1097 αὐτῷ
809 1041 823 1057 ο
859 1022 1074 1101 Θάρσει³
1101 1020 1297 1103 ἔγειρε9
1341 1036 1510 1102 φωνεῖ
1541 1043 1621 1083 σε.
1662 1013 1718 1080 ’0
1740 1020 1818 1102 δὲ,
1843 1022 1968 1078 ἀπο-

2065 1018 2261 1077 animo
2285 1027 2407 1079 esto
2436 1041 2448 1081 :
2480 1030 2853 1099 surge,vocat
2882 1023 3073 1085 te.Ille
3104 1042 3240 1084 vero
3269 1022 3500 1102 abjecto
3527 1024 3701 1103 pallio

320 1109 502 1168 ϐαλὼν
529 1113 591 1169 16
649 1112 862 1188 ἱμάτιον
919 1110 1097 1183 αὐτοῦ,
1145 1111 1373 1174 ἀναστὰς
1427 1109 1554 1177 ἧλθε
1582 1112 1713 1189 πρὸς
1743 1112 1835 1167 τὸν
1862 1110 1967 1178 Ἰη-

2066 1124 2171 1166 suo
2194 1108 2538 1179 surrexit,et
2564 1109 2722 1170 venit
2750 1112 2821 1172 ad
2848 1110 3154 1174 Jesum.Et
3173 1112 3542 1190 respondens
3564 1111 3708 1172 dicit

321 1208 472 1263 σοῦν,
528 1201 628 1259 Καὶ
678 1200 981 1278 ἀπόκριθεὶς
1037 1198 1180 1277 λέγει
1210 1200 1353 1274 αὒτῷ
1402 1201 1429 1255 6
1484 1196 1688 1267 Ἰησοῦς
1721 1217 1738 1232 ⁸
1772 1200 1832 1258 Τί
1885 1198 1968 1255 θέ-

2063 1194 2147 1255 illi
2177 1194 2350 1258 Jesus
2385 1214 2398 1258 :
2433 1195 2582 1268 Quid
2608 1199 2699 1259 vis
2730 1200 2940 1261 faciam
2976 1199 3112 1263 tibi?
3134 1201 3335 1263 Caecus
3385 1209 3585 1262 autem
3609 1200 3705 1260 di-

319 1288 433 1354 λεις
493 1312 706 1351 ποιησω
765 1307 903 1359 σοις
964 1278 1024 1346 Ὀ
1075 1286 1131 1344 δὲ
1172 1286 1366 1369 τυφλὸς
1427 1288 1583 1345 εἶπεν
1626 1290 1789 1363 αὐτῷ’
1830 1279 1966 1345 Ῥαᾶ

2062 1284 2142 1344 xit
2172 1285 2227 1345 ei
2264 1305 2277 1344 :
2314 1286 2609 1360 Rabboni,
2645 1296 2705 1348 ut
2737 1289 2923 1349 visum
2957 1288 3268 1368 recipiam.
3303 1290 3473 1351 Jesns
3501 1296 3701 1351 autem

319 1375 491 1459 ὄουνὶ,
548 1378 643 1434 ἵνα
695 1376 999 1453 ἀναὸλέψω.
1081 1368 1139 1435 Ὀ
1196 1368 1259 1432 δὲ
1324 1375 1531 1444 Ἰησοῦς
1587 1378 1741 1433 εἶπεν
1785 1380 1966 1450 αὖτῷ⁴

2061 1372 2205 1433 dixit
2234 1373 2315 1435 illi
2352 1396 2365 1437 :
2401 1376 2691 1454 Abi,{ides
2722 1386 2815 1437 tua
2844 1378 3065 1438 salvum
3102 1386 3157 1439 te
3180 1377 3553 1441 reddidit.Ac
3572 1396 3704 1458 pro-

323 1459 577 1547 ”ῐ’παγε,
636 1469 672 1536 ἡ
723 1470 898 1534 πίστις
940 1488 1036 1523 σου
1090 1465 1296 1522 σέκωκέ
1343 1487 1426 1529 σε,
1476 1468 1573 1524 Καὶ
1624 1465 1815 1530 εὐθέως
1876 1467 1970 1523 ἆν-

2062 1460 2219 1524 tinus
2240 1464 2464 1543 recepit
2496 1464 2707 1539 visum,
2744 1475 2801 1527 et
2831 1466 3189 1547 sequebatur
3229 1466 3431 1529 Jesum
3465 1469 3523 1528 in
3545 1466 3696 1530 vina

320 1557 517 1633 ἇϐλεψε
573 1558 661 1614 καὶ
719 1556 998 1624 ἠκολούθει
1059 1562 1137 1629 τῷ
1193 1554 1373 1623 Ἰησοῦ
1426 1559 1482 1613 ὲν
1524 1563 1593 1633 τῇ
1634 1554 1738 1631 ὁδῷ
1776 1580 1798 1612 ι
1839 1547 1897 1615 Ὀ
1922 1554 1967 1612 δὲ

2059 1551 2366 1614 Matthaaus
2400 1553 2548 1614 duos
2582 1574 2766 1616 caacos
2797 1564 2997 1616 narrat
3032 1577 3045 1619 :
3080 1564 3134 1616 et
3168 1556 3298 1617 ﬁeri
3338 1564 3529 1636 potest
3558 1557 3705 1616 duos

320 1651 596 1712 Ματθαϊος
652 1645 742 1703 δύο
785 1645 1012 1725 τυφλοὺς
1043 1644 1189 1724 λέγει
1226 1661 1239 1676 ’
1299 1643 1573 1725 ἐνδέχεται
1630 1644 1685 1701 δὲ
1735 1644 1822 1703 δύο
1880 1646 1967 1721 μὲν

2059 1639 2302 1718 quidem
2337 1660 2467 1703 esse
2500 1644 2920 1718 sanatos,hunc
2941 1652 3133 1707 autem
3158 1664 3227 1706 ex
3255 1644 3368 1704 illis
3391 1644 3701 1706 clariorem

318 1737 465 1794 εῖναι
522 1738 645 1802 τοὺς
724 1736 989 1806 ἷαθέντας,
1047 1736 1138 1791 τὸν
1199 1731 1253 1790 δὲ
1323 1733 1727 1815 ἐπιφανέστερον
1808 1735 1965 1792 0'31th

2061 1728 2263 1803 fuisse,
2301 1731 2470 1810 cujus
2503 1750 2659 1792 nunc
2694 1733 3052 1795 mentionem
3104 1734 3239 1795 facit
3267 1736 3518 1797 Marcus.
3552 1733 3703 1795 Vide

317 1831 507 1883 τοῦτον
563 1829 703 1882 εἶναι
760 1826 853 1881 τὸν
909 1827 996 1882 νῦν
1051 1823 1194 1903 παρὰ
1261 1830 1337 1898 τῷ
1382 1824 1582 1902 Μάρκῳ
1636 1825 1964 1900 μνημονευό-

2060 1830 2258 1880 autem
2290 1821 2585 1900 quomodo
2618 1822 2803 1883 turbae
2850 1822 3053 1885 Jesum
3114 1831 3493 1905 venerantur,
3530 1825 3609 1885 ita
3638 1833 3703 1885 ut

319 1936 507 1991 μενον.
564 1905 709 1995 ιὈρα
751 1912 807 1970 δὲ
849 1920 964 1977 πῶς
994 1919 1190 1989 τιμῶσι
1220 1913 1311 1969 τὸν
1354 1910 1559 1980 Ἰησοῦν
1604 1914 1691 1969 καὶ
1720 1916 1767 1969 οἱ
1795 1911 1966 1993 ὄχλοιΖ

2059 1906 2440 1995 increparent
2495 1928 2718 1971 caecum
2768 1910 3150 1984 clamantem,
3185 1913 3350 1992 quasi
3389 1931 3493 1974 rex
3526 1913 3698 1993 quis-

319 2003 459 2062 ὥστε
489 2003 739 2079 ἐπιτιμᾷν
765 2008 845 2078 τῷ
897 2001 1079 2083 τυφλῷ
1121 2003 1337 2078 βοῶντι,
1376 2002 1567 2058 ὡσανεί
1618 2024 1762 2065 τινος
1816 2003 1966 2078 βασι-

2060 1994 2216 2075 piam
2249 1999 2596 2076 praeteriret.
2631 2001 2813 2061 Porro
2846 2002 3017 2062 Jesus
3046 2000 3213 2061 illum
3264 2001 3611 2079 interrogat,
3638 2009 3701 2062 ut

319 2093 459 2159 λέως
515 2090 919 2173 παροδεύοντος.
983 2093 1190 2169 Ἐρωτᾷ
1249 2091 1302 2147 δὲ
1348 2092 1505 2150 αὐτὸν
1549 2094 1577 2147 6
1616 2092 1826 2171 Κύριος,
1883 2090 1966 2147 ἵνα

2059 2103 2136 2145 ne
2187 2087 2319 2166 quis
2376 2095 2539 2167 putet
2598 2089 2755 2168 quod
2812 2088 2913 2151 ille
2971 2090 3085 2151 alia
3126 2090 3399 2164 voluerit,
3433 2091 3700 2153 Christus

320 2184 484 2260 μήτις
544 2182 677 2259 εἴπῃ
721 2180 802 2238 ὅτι
835 2179 970 2238 ἄλλα
1013 2179 1321 2258 βουλομένῳ
1371 2179 1507 2237 ἄλλα
1550 2177 1757 2236 δίδωσιν
1805 2183 1832 2237 6
1866 2181 1967 2238 Κύ-

2056 2182 2252 2234 autem
2285 2174 2396 2235 alia
2427 2175 2678 2237 dederit.
2702 2178 2863 2239 Grati
2887 2185 3085 2238 autem
3118 2177 3297 2238 animi
3327 2197 3518 2240 crocus
3548 2187 3694 2253 erat,

319 2293 459 2350 ριος.
524 2270 823 2350 Εύγνώιεων
876 2269 933 2325 δὲ
985 2269 1141 2349 ψυχὴ
1186 2275 1281 2327 τοῦ
1338 2267 1555 2349 τυφλοῦ·
1590 2267 1718 2346 ὅσγε
1750 2269 1884 2345 μετὰ
1913 2270 1966 2325 16

2057 2262 2156 2340 qui
2189 2271 2493 2342 postquam
2528 2272 2764 2325 sanatus
2792 2275 2902 2337 est,
2928 2268 3125 2328 Jesum
3163 2285 3279 2326 non
3310 2267 3559 2341 dimisit,
3594 2266 3698 2328 sed

315 2360 699 2440 θεραπευθῆναι
751 2358 847 2415 οὒκ
902 2357 1079 2439 ἀφῆκε
1142 2359 1236 2415 τὸν
1298 2358 1510 2437 Κύριον³
1571 2356 1691 2413 ἀλλ’
1738 2356 1962 2426 ἠκολού·

2056 2358 2292 2440 εθουιιιε
2350 2358 2439 2412 est
2492 2351 2685 2416 illum.
2744 2356 2871 2413 Jam
2907 2362 2965 2414 et
2996 2372 3102 2435 per
3158 2372 3460 2433 anagogen
3518 2355 3697 2415 intel-

316 2437 395 2506 θει
424 2449 590 2524 αὐτῷ,
625 2449 850 2506 Δύναται
881 2437 1053 2504 δὲκαὶ
1084 2448 1435 2526 ἀναγωγικῶς
1481 2450 1733 2514 νοηθῆναι
1763 2447 1919 2504 τοῦτο
1951 2463 1963 2480 ·

2056 2437 2241 2517 ligere
2272 2458 2584 2519 possumus
2616 2459 2630 2504 :
2665 2442 2900 2505 Jericho
2935 2442 3103 2505 locus
3134 2443 3245 2505 iste
3274 2444 3525 2505 inferior
3548 2453 3641 2505 est
3674 2465 3687 2506 :

321 2529 534 2619 ἰεριχὼ
587 2540 616 2595 6
664 2537 827 2601 τόπος
883 2536 1035 2600 οὗτος
1092 2538 1121 2593 6
1162 2536 1333 2599 κάτω.
1386 2536 1592 2617 Τυφλὸς
1642 2534 1697 2591 δὲ
1728 2537 1968 2612 καθήμε-

2056 2545 2248 2588 caacus
2292 2536 2489 2591 autem
2513 2530 2615 2610 qui
2644 2530 2815 2592 sedet
2844 2531 2957 2592 hoc
2989 2532 3145 2613 loco,
3186 2533 3442 2594 humana
3472 2542 3561 2593 est
3588 2551 3699 2593 na-

319 2650 409 2691 νος
464 2618 683 2683 ἓνταῦθα
737 2627 773 2694 ἦ
855 2626 1008 2706 φύσις
1088 2626 1124 2693 ἠ
1211 2625 1536 2705 ἀνθρωπίνη,
1595 2622 1713 2691 ἥτις
1767 2626 1875 2689 υἱὸς
1903 2627 1966 2691 ἦν

2059 2624 2208 2706 tura,
2242 2636 2372 2698 quae
2402 2618 2557 2679 ﬁlius
2588 2628 2712 2681 erat
2749 2620 2875 2695 Dei,
2933 2620 3030 2701 qui
3064 2640 3302 2684 omnem
3336 2630 3575 2701 superat
3602 2620 3699 2681 di—

314 2722 413 2773 τοῦ
438 2716 567 2794 ὑπὲρ
594 2721 771 2772 πᾶσαν
800 2705 965 2790 τιμὴν
1023 2712 1178 2777 Θεοῦ,
1233 2712 1377 2782 Αὕτη
1426 2715 1598 2770 τοίνυν
1653 2712 1837 2793 ’ἐκραζε
1896 2720 1961 2788 τῷ

2054 2705 2360 2783 gnitatem.
2393 2706 2511 2768 lsta
2534 2708 2714 2787 igitur
2743 2709 3030 2771 clamabat
3058 2710 3128 2771 ad
3158 2709 3384 2784 Jesum,
3423 2729 3527 2790 per
3556 2708 3699 2771 Hie-

319 2802 495 2872 Ἰησοῦ
537 2793 621 2861 διὰ
671 2809 771 2871 τῆς
830 2801 1065 2883 Ἰεριχὼ,
1137 2802 1375 2862 τουτέστι
1427 2809 1522 2860 τοῦ
1576 2802 1689 2879 βίου
1760 2804 1966 2884 τούτου³

2055 2793 2240 2875 ricbo,
2276 2795 2336 2855 id
2364 2805 2453 2858 est
2507 2797 2660 2858 hanc
2720 2796 2923 2871 vitam,
2971 2808 3235 2861 euntem.
3299 2799 3702 2860 Misericordia

316 2891 572 2956 ὁδεύοντι.
648 2891 880 2961 Ἦλέησε
934 2891 989 2948 δὲ
1032 2892 1196 2960 αὐτὴν
1265 2893 1353 2948 καὶ
1435 2889 1519 2948 διὰ
1587 2896 1688 2959 τῆς
1744 2892 1963 2956 πίστεως

2052 2894 2248 2943 autem
2280 2893 2475 2945 motus
2505 2904 2645 2965 erga
2671 2886 2850 2962 illam,
2890 2896 2947 2948 et
2977 2898 3217 2968 propter
3247 2888 3446 2968 ﬁdem,
3478 2888 3697 2950 salvam

312 2982 536 3059 ἴσωσεν,
564 2979 927 3059 ἒκδυσαμένην
952 2982 1015 3038 16
1057 2979 1287 3038 παλαιὸν
1314 2980 1523 3057 ἱμάτιον
1551 2983 1651 3049 τῆς
1682 2980 1959 3058 ἁμαρτίας.

2053 2988 2183 3031 eam
2231 2972 2393 3049 fecit,
2445 2973 2549 3036 ubi
2597 2984 2763 3037 vetus
2809 2977 3030 3056 peccati
3063 2986 3476 3038 vestunentum
3511 2977 3691 3037 exuit.

314 3075 561 3128 Σωθετσα
600 3069 657 3127 δὲ
684 3069 1044 3139 ἠκολούθησεν
1067 3069 1235 3145 αύτῷ,
1269 3067 1599 3147 ἐργαζομένη
1626 3070 1721 3133 τὰς
1751 3068 1961 3133 ἐντολὰς

2054 3059 2294 3122 Servata
2322 3068 2519 3123 autem
2558 3072 2756 3125 secuta
2779 3073 2866 3125 est
2888 3066 3074 3138 illum,
3106 3065 3377 3126 faciendo
3420 3065 3695 3127 mandata

314 3160 371 3217 ἐν
422 3166 489 3238 τῇ
543 3158 671 3241 ὁδῷ,
708 3134 1002 3217 ⁷τουτέστιν
1058 3158 1112 3216 ἐν
1462 3134 1654 3232 τούτῳ.
1714 3157 1961 3216 Ἐνταῦθα

2054 3149 2113 3210 in
2147 3150 2261 3224 via,
2294 3151 2407 3214 hoc
2438 3162 2525 3213 est
2555 3153 2616 3213 in
2649 3155 2758 3216 hac
2800 3155 2936 3217 vita.
2998 3155 3103 3217 Hic
3158 3156 3321 3217 enim
3384 3174 3695 3237 possumus

312 3249 413 3328 γὰρ
477 3249 619 3306 ἔστιν
656 3238 1033 3315 ’ἀκολουθῆσαι
1090 3253 1168 3321 τῷ
1218 3253 1430 3324 Χριστῷ
1461 3261 1476 3276 ⁶
1526 3247 1663 3322 μετὰ
1705 3244 1761 3302 δὲ
1805 3254 1959 3304 ταῦτα

2052 3238 2220 3319 sequi
2252 3238 2546 3302 Christum
2575 3264 2588 3302 :
2612 3251 2815 3323 postea
2844 3252 3040 3306 autem
3066 3244 3462 3307 excluduntur
3485 3263 3696 3307 omnes

308 3336 683 3397 ἀποκλείονται
725 3338 922 3401 πάντες
958 3343 1055 3393 τοῦ
1084 3335 1388 3414 ἐργάζεσθαι
1419 3335 1514 3400 τὰς
1544 3333 1789 3400 ἐντολάς.

1281 3338 1388 3392 τθαι
1419 3335 1514 3400 τὰς
1544 3333 1789 3400 ἐντολάς.
2052 3345 2086 3388 a
2118 3330 2532 3392 mandatorum
2560 3332 2928 3412 operatione.

932 3432 1185 3491 ΚΕΦΑΔ.
1232 3425 1322 3485 ΙΛ¹
1335 3475 1350 3490 .

2678 3425 2923 3489 CAPUT
2968 3426 3064 3489 XI.

308 3525 435 3604 Περὶ
528 3525 623 3582 τοῦ
687 3522 893 3604 πώλου.
950 3524 1105 3604 ΔΠερὶ
1164 3521 1284 3604 ’τῆς
1363 3519 1706 3604 ξηρανθείσης
1774 3523 1955 3591 συκῆς⁴

2056 3522 2227 3575 :30
2273 3518 2356 3604 De
2401 3517 2589 3599 pullo.
2628 3521 2709 3604 De
2760 3523 3029 3604 age/acto
3074 3522 3237 3604 ﬁcu,
3265 3521 3373 3604 De,
3398 3521 3695 3604 fugatis:

332 3598 338 3605 ’
390 3597 517 3684 Περὶ
572 3609 679 3662 τῶν
737 3597 1124 3684 ἐκϐληθέντων.
1159 3599 1221 3658 ἐκ
1267 3622 1361 3684 ⁶του
1418 3597 1561 3684 ἱεροῦ
1614 3609 1967 3682 τραπεζιτῶν,

2133 3597 2344 3684 templo
2403 3597 2741 3684 trapeaitz’s,
2804 3597 2890 3663 De
2938 3597 3172 3684 ﬁducia
3216 3603 3284 3684 in
3336 3597 3549 3684 Deuin.
3604 3603 3696 3665 De

390 3679 517 3765 Περὶ
572 3691 666 3743 τοῦ
734 3684 957 3763 θάρσους
997 3682 1189 3765 *πρὸς
1254 3683 1347 3765 τὸν
1433 3681 1589 3740 Θεόν.
1626 3679 1789 3765 ’Περὶ
1868 3689 1970 3752 τῆς

2130 3679 2502 3765 iniuriarum
2549 3679 2867 3765 oblivione.
2931 3682 3014 3765 De
3063 3680 3448 3765 principibus
3486 3700 3694 3745 sacer-

390 3758 821 3843 ἆμνησικακίαςξ
890 3762 1023 3843 Περὶ
1086 3758 1244 3843 ’τῶν-
1322 3758 1779 3843 ἐπερωτησάντων
1876 3766 1969 3821 τὸν

2127 3758 2361 3843 dolum,
2407 3767 2465 3823 et
2517 3762 2882 3841 presbyteris
2932 3758 3694 3843 Dominum—interrogan-

395 3838 584 3926 Κύριον
608 3842 905 3925 ἀρχιερέων
945 3838 1033 3900 καὶ
1077 3838 1466 3926 πρεσϐυτέρων,
2127 3839 2307 3901 tibus.

394 3924 493 3996 Καὶ
548 3938 637 3995 ὅτε
682 3924 982 4016 Ῠέγγιζουσιν
1038 3935 1114 4001 εἷς
1173 3924 1547 4012 Ἰερουσαλὴμ,
1592 3934 1666 3998 εἷς
1725 3937 1969 4016 Βεθφαγὴ

2134 3931 2319 3996 Vens.
2356 3933 2475 3994 1-6.
2526 3956 2547 3990 α
2578 3934 2646 3996 Et
2676 3955 2809 3996 cum
2841 3934 3315 4016 appropinquant
3357 3936 3696 4019 Hierosoly-

302 4028 397 4085 καὶ
448 4028 709 4097 Βηθανίαν
763 4027 895 4106 πρὸς
952 4025 1016 4081 16
1045 4022 1167 4103 ὅρος
1208 4029 1316 4081 τῶν
1360 4021 1616 4104 Ἐλαιῶν³
1647 4023 1943 4106 ἀποστέλλε

2052 4021 2161 4081 mis
2182 4021 2253 4081 ad
2273 4022 2619 4102 Bethphage
2642 4033 2699 4085 et
2717 4024 3067 4087 Bethaniam
3083 4024 3250 4104 juxta
3272 4033 3532 4088 montem
3557 4025 3692 4089 Oli-

303 4115 397 4175 δύο
451 4123 558 4175 τῶν
600 4103 853 4192 μαθητῶν
895 4112 1077 4189 αὒτοῦ,
1127 4113 1215 4168 καὶ
1262 4110 1408 4190 λέγει
1438 4103 1620 4175 αὐτοῖς
1653 4126 1670 4143 ⁹
1706 4103 1950 4194 Ὑπάγετε

2046 4110 2491 4189 varum,emittit
2518 4111 2667 4173 duos
2698 4131 2730 4173 e
2763 4112 3072 4193 discipulis
3091 4103 3319 4193 rsuis,et
3349 4114 3492 4177 dicit
3522 4114 3641 4176 illis
3677 4139 3692 4181 :

304 4207 384 4272 είς
440 4206 541 4275 τὴν
594 4204 787 4281 κώμην
843 4202 944 4270 τὴν
1011 4200 1291 4258 κατέναντι
1364 4201 1513 4276 ὑμῶν
1545 4215 1561 4229 ⁶
1619 4202 1708 4257 καὶ
1769 4202 1951 4275 εὐθέως

2046 4197 2218 4260 Abite
2246 4198 2308 4259 in
2332 4198 2525 4261 vicum
2557 4199 2657 4281 qui
2689 4208 2893 4263 contra
2924 4220 3025 4263 vos
3066 4210 3241 4277 esl,et
3261 4202 3458 4265 statim
3490 4203 3693 4283 ingre-

303 4294 734 4375 εἰσπορευόμενοι
788 4294 861 4357 εἰς
922 4291 1108 4370 αὐτὴν³
1168 4291 1423 4369 εδρήσετε
1498 4286 1681 4346 πῶλον
1746 4287 1950 4367 δεδεμέ-

2043 4285 2273 4349 dientes
2297 4288 2359 4375 in
2390 4287 2900 4375 illum,invenietis
2918 4290 3144 4367 pullum
3174 4290 3690 4373 alligatum,supra

304 4405 419 4457 νον,
465 4373 561 4464 ίίφ’
612 4383 669 4441 ὃν
727 4383 891 4447 οὐδεὶς
938 4380 1226 4460 ἀνθρώπων
1268 4378 1535 4440 κεκάθισε,
1569 4378 1829 4445 Λύσαντες
1857 4383 1951 4437 αὖ-

2039 4392 2215 4454 quem
2240 4373 2437 4435 nullus
2466 4374 2767 4436 hominum
2803 4376 2958 4437 sedit
2987 4398 3000 4434 :
3028 4376 3235 4437 solvite
3267 4395 3427 4463 eum,
3462 4386 3517 4439 et
3570 4380 3685 4440 ad-

298 4478 399 4530 16v
450 4462 701 4552 ἆγιίγετε,
757 4473 846 4530 καὶ
892 4470 982 4527 ἐάν
1038 4490 1118 4533 τις
1202 4469 1333 4544 ὑμῖν
1391 4465 1526 4543 εἴπῃ
1560 4485 1599 4568 ο,
1644 4468 1716 4568 τί.
1744 4483 1945 4527 ποιεῖτε

2038 4464 2233 4525 ducite
2260 4482 2273 4525 :
2301 4462 2432 4568 si
2458 4464 2587 4544 quis
2623 4463 2784 4526 vobis
2808 4464 3168 4568 dixeri‘t,Cur
3196 4465 3386 4567 facitis
3411 4467 3680 4568 hoc‘g_di-

304 4570 513 4643 10610;
574 4560 767 4618 εἴπατε
820 4560 901 4616 ὅτι
944 4560 985 4615 ’ὁ
1046 4558 1233 4637 Κύριος
1263 4558 1420 4613 αὐτοῦ
1475 4556 1663 4635 χρείαν
1691 4555 1836 4640 ἔχει,
1866 4561 1951 4616 καὶ

2039 4553 2154 4643 cite
2171 4552 2326 4634 quod
2344 4552 2631 4643 Dominus
2654 4572 2723 4614 eo
2747 4572 2893 4635 opus
2916 4553 3111 4615 habet:
3140 4562 3198 4615 et
3214 4556 3493 4617 continuo
3511 4557 3679 4620 illum

306 4642 505 4718 εὐθέως
531 4650 688 4707 αὐτὸν
717 4649 1006 4706 ἀποστελεῖ
1046 4645 1172 4707 ὦδε.
1222 4645 1493 4714 Ἀπῆλθον
1550 4644 1630 4726 δὲ,
1675 4649 1765 4704 καὶ
1809 4648 1953 4728 εὖρον

2043 4642 2987 4724 mittethuc.Abieruntautem,et
3008 4646 3359 4706 invenerunt
3381 4646 3606 4726 pullqu
3630 4647 3687 4708 al

302 4738 491 4798 πῶλον
519 4737 794 4815 δεδεμένον
850 4738 983 4817 πρὸς
1039 4736 1139 4804 τὴν
1185 4736 1341 4815 θύραν
1370 4732 1492 4813 ἔξω,
1526 4734 1611 4791 έπὶ
1656 4740 1756 4803 τῆς
1810 4737 1949 4816 ἀμφ-

2043 4733 2286 4811 ligatum
2305 4731 2469 4811 juxta
2481 4732 2724 4811 januam
2742 4733 2885 4794 foris
2904 4733 2963 4794 in
2987 4732 3231 4805 bivioet
3246 4735 3480 4796 solvont
3498 4736 3687 4800 illum.

304 4828 452 4910 ὁδου,
510 4829 599 4885 καὶ
649 4826 859 4885 λύουσιν
915 4825 1099 4886 αὑτόν.
1159 4826 1258 4884 Καί
1299 4844 1439 4888 τινες
1481 4829 1589 4880 τῶν
1632 4823 1749 4881 ἐκεῖ
1795 4827 1951 4895 ἔστη..

2047 4821 2117 4884 Ει
2148 4821 2419 4882 nonnulli
2452 4839 2656 4882 eorum
2689 4822 2789 4903 qui
2815 4822 2936 4884 illic
2965 4821 3510 4904 stabant,dicebant
3547 4826 3686 4888 illis:

303 4920 483 4977 κότων
538 4916 723 4996 ἔλεγον
765 4916 952 4979 αὐτοῖς
983 4930 999 4950 ⁶
1036 4916 1095 4972 Τί
1136 4925 1344 4972 ποιεῖτε
1374 4911 1590 4977 λύοντες
1616 4914 1709 4970 τὸν
1738 4913 1950 4997 πῶλονς

2050 4911 2191 4993 quid
2229 4910 2421 4975 facitis
2446 4910 2740 4972 solventes
2783 4911 3039 4992 pullum?
3066 4914 3145 4975 At
3175 4913 3259 4974 illi
3289 4914 3563 4976 dixerunt
3605 4917 3693 4978 eis

307 5009 372 5067 Οἱ
426 5006 482 5063 δὲ
538 5010 694 5064 εἷπον
738 5004 948 5080 αὐτοῖς,
1008 5002 1183 5067 καθὼς
1232 4998 1526 5059 ἐνετείλατο
1563 4999 1747 5065 αὐτοῖς
1791 5004 1819 5059 6
1848 4999 1954 5069 Ἰη-

2051 5000 2550 5082 quemadmodum
2581 5000 2723 5080 ipsis
2751 5010 3115 5082 praeceperat
3143 5004 3402 5083 .lesus,et
3422 5004 3694 5067 sinebant

306 5104 457 5177 σοῦς,
490 5096 581 5153 καὶ
614 5095 826 5177 ἀφῆκαν
861 5091 1072 5156 αὐτούς.
1108 5108 1134 5149 ο
1182 5089 1447 5177 Πολλᾴκις
1491 5088 1590 5165 μὲν
1632 5091 1720 5146 καὶ
1775 5088 1953 5147 ἄλλοτε

2052 5090 2206 5152 illos.
2247 5114 2271 5148 ι)
2303 5091 2471 5169 Saepe
2493 5088 2669 5150 etiam
2703 5089 2849 5152 alias
2878 5090 3038 5152 venit
3058 5090 3552 5173 Hierosolymam,
3586 5095 3691 5156 sed

305 5185 469 5256 ἦλθεν
525 5187 600 5250 εἰς
653 5176 1018 5263 Ἰεροσόλυμα;
1089 5178 1208 5237 ἀλλ’
1276 5176 1523 5235 οὒδέποτε
1577 5178 1714 5253 μετᾶ
1768 5180 1952 5237 τοσαύ-

2053 5197 2351 5260 nunquam
2386 5196 2517 5239 cum
2553 5186 2711 5239 tanta
2734 5179 3062 5259 majestate,
3094 5189 3309 5261 quanta
3339 5181 3693 5245 nunc.l’rins

306 5298 413 5344 της
469 5276 825 5356 περιφανείας,
877 5268 994 5349 μεθ’
1053 5268 1184 5338 ὅσης
1260 5274 1373 5331 νῦν.
1435 5266 1629 5356 Πρῴην
1688 5267 1788 5344 μὲν
1861 5269 1953 5349 γὰρ

2051 5269 2291 5351 quidem
2306 5265 2692 5330 delitescebat
2716 5276 2959 5349 propter
2975 5269 3252 5332 invidiam
3266 5270 3693 5335 illorummunc

310 5353 714 5444 1x96111c10'816
753 5363 846 5420 τὸν
905 5359 1093 5440 φθόνον
1144 5359 1314 5418 αὒτῶν
1344 5374 1361 5390 ⁸
1415 5363 1503 5413 νῦν
1532 5353 1608 5429 δὲ,
1644 5356 1827 5426 ἐπειδὴ
1869 5367 1957 5418 τοῦ

2046 5357 2410 5438 autem,quia
2436 5356 2727 5437 passionis
2747 5365 2978 5438 tempus
3003 5358 3392 5439 aderat,quod
3425 5360 3551 5440 ipse
3579 5360 3693 5422 sibi

307 5455 509 5521 πάθους
552 5452 843 5535 ἐφέστηκεν
893 5452 922 5506 6
979 5450 1188 5528 καιρὸς,
1241 5448 1299 5503 ὃν
1348 5447 1504 5511 αὐτὸς
1564 5446 1735 5535 ἑαυτῷ
1777 5446 1954 5527 ὥρισε,

2046 5448 2455 5530 ρηπείὶηἱνετδῐ,
2515 5445 2732 5507 clarior
2778 5446 2938 5508 venit
2971 5466 2984 5509 :
3018 5455 3079 5508 ut
3109 5446 3158 5508 si
3210 5448 3412 5529 velint,
3445 5448 3691 5527 gloriam

309 5533 683 5624 λαμπρότερον
758 5541 1004 5621 ἔρχεται,
1058 5536 1154 5595 ἵνα
1224 5536 1312 5594 ἐὰν
1396 5536 1495 5612 μὲν
1532 5533 1779 5624 θέλωσι,
1832 5560 1956 5595 συν.

2047 5542 2175 5620 ejus
2208 5538 2558 5618 intelligunt,
2594 5545 2653 5599 et
2680 5556 2749 5599 ex
2781 5538 3108 5621 praphetiis
3140 5558 3271 5619 quz'e
3315 5538 3375 5600 iu
3418 5541 3547 5620 ipso
3575 5539 3692 5601 im-

310 5622 488 5705 ήσωσι
517 5622 618 5702 τὴν
648 5630 798 5698 δόξαν
844 5629 1026 5705 αὺτοῦ,
1084 5627 1174 5685 καὶ
1223 5627 1328 5684 ἀπὸ
1370 5630 1475 5683 τῶν
1524 5622 1612 5681 ἇπ’
1642 5628 1784 5702 αὐτῷ
1826 5650 1957 5709 προ-

2046 5630 2219 5711 plene
2247 5635 2768 5709 erant,agnoscant
2796 5645 2931 5689 eum
2959 5645 3092 5691 esse
3116 5624 3302 5691 Deum
3340 5646 3564 5710 verum;
3600 5630 3693 5694 sin
