4154 6298
476 323 588 390 6H

1445 317 2038 390 THEOPHYLACTI
2082 316 2493 390 BULGARIR
2535 321 2890 391 ARCHIEP.

3744 325 3859 392 612

463 457 671 531 nolint,
708 458 769 518 in
808 458 1094 536 majorem
1151 456 1714 518 condemnationem
1762 474 1969 518 eorum
2020 457 2098 517 sit

2207 463 2439 540 φητειῶν
2496 459 2881 537 τελειουμένων
2937 463 3224 538 ἑπιγνῶσιν
3310 461 3390 517 ὅτι
3463 459 3668 531 ἀληθής
3728 463 3857 525 Θεός

469 547 622 626 quod
656 547 831 608 etiam
866 557 980 607 tam
1014 547 1190 608 claris
1243 547 1544 606 miraculis
1576 565 1692 606 non
1728 545 2115 607 crediderint.

470 635 616 698 Vide
638 637 797 697 enim
842 644 987 716 quot
1031 635 1150 696 sint
1179 636 1275 696 hic
1309 635 1594 695 miracula
1626 653 1756 714 quae
1788 635 1872 696 eis
1895 636 2006 697 hoc
2026 636 2116 695 lo-

469 744 538 786 co
570 725 968 788 dixerit.Dixit
999 729 1085 785 eis
1122 743 1134 786 :
1189 724 1504 785 Invenietis
1559 723 1818 803 pullum;
1849 723 1995 786 dixit
2017 742 2120 785 eos

467 813 830 894 prohibitum
857 813 949 885 iri,
978 822 1036 874 et
1066 813 1284 873 deinde
1313 832 1446 873 cum
1480 813 1750 873 dicerent
1783 835 1795 874 :
1831 813 2118 874 Dominus

465 904 566 965 illo
625 921 773 982 Opus
833 902 1030 975 habet,
1083 903 1230 962 dixit
1288 903 1727 962 dimittendum.
1765 901 2115 982 Neutiquam

467 991 625 1053 enim
659 991 771 1052 hoc
806 1009 1010 1071 paru'n
1049 992 1256 1053 fuisset
1282 992 1566 1072 apostolis
1626 992 1883 1070 permitti
1919 1002 1978 1051 ut
2009 993 2119 1052 ab-

463 1083 684 1143 ducant
712 1081 1085 1162 pullum,nisi
1109 1081 1306 1142 divina
1331 1081 1598 1161 quaedam
1630 1080 1818 1141 virtus
1848 1081 2120 1142 dominos

469 1171 614 1250 pulli
642 1170 960 1251 adegisset,
1001 1172 1329 1250 praesertim
1367 1189 1683 1251 pauperes,
1720 1179 1782 1232 et.
1828 1171 2120 1248 agricolas

468 1261 751 1334 fortassis,
782 1269 844 1320 ut
867 1259 1082 1320 animal
1110 1259 1252 1320 illud
1289 1259 1958 1321 dimitterent.Altamen
1991 1258 2120 1318 dis-

469 1369 536 1410 ce
567 1349 884 1410 Dominum
915 1349 971 1409 id
1000 1368 1116 1410 non
1143 1350 1269 1408 sine
1290 1367 1467 1410 causa
1499 1349 1935 1427 fecissezueque
1961 1348 2118 1409 enim

470 1457 618 1517 opus
653 1438 909 1499 habebat
940 1439 1125 1518 pullo,
1159 1439 1259 1517 qui
1293 1443 1464 1498 toties
1507 1438 1767 1498 Judaaam
1801 1446 1859 1498 et
1887 1438 2120 1500 Galilae-

465 1547 557 1587 am
592 1532 1006 1606 peragraverat
1040 1549 1054 1587 :
1089 1527 1192 1587 sed
1229 1526 1592 1588 monstrabat
1623 1527 1777 1606 quod
1812 1545 1991 1605 super
2022 1546 2122 1606 po-

465 1617 664 1696 pulum
695 1617 956 1694 gentium
992 1635 1263 1677 sessurus
1295 1625 1470 1689 esset,
1506 1615 1608 1696 qui
1633 1623 1752 1675 tum
1777 1615 2120 1677 incredulus

463 1713 588 1766 erat
611 1715 666 1768 et
697 1705 1118 1779 ineruditus,et
1148 1706 1378 1765 vinctus
1411 1705 1666 1784 peccatis
1698 1703 1820 1764 suis
1846 1706 1902 1766 in
1936 1705 2112 1773 bivio,

2202 552 2366 612 ὶσνιν,
2430 553 2486 607 Εἰ
2539 549 2593 604 δὲ
2652 552 2729 625 μη
2785 549 3049 620 θελήσωσι
3109 551 3362 632 συνιέναι,
3427 552 3498 615 εἷς
3558 554 3858 631 κατάκριμα

2204 649 2386 714 μεῖζον
2431 640 2615 703 αὐτοῖς
2675 639 2796 713 εἴη,
2841 638 2923 695 ὅτι
2968 639 3084 698 οὐδὲ
3155 641 3290 715 μετὰ
3354 648 3582 697 τοσαῦτα
3639 639 3855 720 λαμπρὰ

2201 730 2441 804 θαύματα
2499 729 2831 791 ἐπίστευσαν,
2895 728 3030 808 ’⁷Ορα
3105 731 3205 808 γὰρ
3279 730 3418 786 πόσα
3476 730 3694 789 ἐνταῦθα
3749 753 3854 798 ση-

2201 830 2352 890 μεῖα.
2393 817 2562 873 Εἶπεν
2591 820 2798 896 αὒτοῒς,
2844 816 2928 872 ὅτι
2989 818 3249 897 Εὑρήσετε
3309 817 3512 880 πῶλον,
3550 819 3716 876 Εἶπεν
3774 817 3852 875 ὅτι

2203 905 2625 985 κωλυθήσονται,
2688 906 2812 962 εἶτα
2854 906 3114 986 εἰπόντες,
3173 906 3253 964 ὅτι
3315 899 3373 965 Ὀ
3420 909 3606 987 Κύριος
3665 910 3854 987 χρῄζει

2203 996 2385 1073 αυτοῦ,
2431 993 2769 1064 ἐπιθήσοντας..
2830 993 2958 1052 Οὐδὲ
3017 997 3115 1075 γὰρ
3161 996 3457 1054 οὐδὲτοῦτο
3487 998 3676 1076 μικρόν
3718 998 3848 1077 ἐστι,

2201 1085 2262 1139 τὸ
2311 1087 2729 1162 συγχωρηθῆναι
2777 1085 2900 1148 τοὺς
2957 1083 3286 1149 ἀποστόλους
3329 1086 3554 1165 ἀπάγειν
3597 1087 3689 1141 τὸν
3745 1092 3854 1142 πῶ-

2202 1175 2314 1246 λον,
2363 1172 2491 1248 ὅπερ
2517 1176 2612 1230 οῦκ
2640 1173 2702 1230 ἂν
2733 1173 2942 1251 ἐγένετο
2985 1175 3137 1243 εἰμὴ
3186 1176 3298 1232 θεία
3355 1197 3434 1239 τις
3488 1175 3693 1253 ἀνάγκη
3751 1175 3851 1231 έπ-

2204 1263 2373 1319 έκειτο
2431 1276 2548 1327 τοῖς
2604 1264 2800 1341 κυρίοις
2856 1271 2948 1321 τοῦ
3005 1263 3184 1320 πώλου
3241 1265 3610 1342 ἀναγκάζουσα
3642 1265 3848 1336 αὐτοὺς,

2203 1354 2375 1409 καίτοι
2419 1353 2652 1421 πένητας
2684 1352 2840 1416 ὄντας
2884 1355 2971 1410 καὶ
3029 1355 3295 1433 γεωργοὺς
3327 1355 3516 1433 τυχὸν,
3553 1355 3764 1434 ἀφεῖναι
3791 1355 3852 1410 τὸ

2202 1448 2357 1513 ζώων,
2406 1443 2555 1509 Πλὴν
2611 1443 2861 1518 μάνθανε,
2925 1441 3005 1499 ὅτι
3058 1445 3116 1500 οὑ
3160 1444 3335 1518 μάτην
3365 1451 3520 1500 τοῦτο
3548 1443 3795 1510 ἐποίησεν
3823 1446 3850 1499 6

2206 1532 2413 1610 Κύριος.
2449 1529 2577 1589 Οὐδὲ
2639 1533 2737 1610 γὰρ
2795 1531 2991 1611 ἔχρῃζε
3035 1540 3124 1589 τοῦ
3168 1532 3372 1608 πώλου,
3409 1535 3435 1589 6
3463 1532 3725 1596 πολλάκις
3755 1534 3851 1601 τὴν

2204 1619 2485 1677 Γαλιλαίαν
2541 1623 2627 1678 καὶ
2658 1622 2755 1687 τὴν
2798 1621 3052 1678 Ἰουδαίαν
3095 1622 3305 1678 ἅπασαν
3360 1621 3643 1701 ἒκπεριϊών
3703 1620 3848 1700 (74).

2201 1709 2338 1781 ἀλλὰ
2394 1709 2641 1766 δεικνύων
2689 1710 2769 1766 ὅτι
2829 1710 2913 1766 ἐπὶ
2943 1713 3034 1767 τὸν
3080 1713 3286 1768 ἒθνικὸν
3346 1710 3475 1767 λαὸν
3513 1709 3846 1790 ἐπιϐήσεται,

463 1796 576 1857 hoc
608 1803 695 1856 est
727 1794 843 1854 vita
875 1795 1010 1873 hac,
1046 1794 1198 1874 apud
1224 1796 1491 1872 januam,
1520 1812 1647 1873 quae
1679 1803 1767 1853 est
1800 1799 1964 1854 extra
1997 1795 2105 1855 Ec-

2196 1801 2252 1863 ὃς
2309 1798 2530 1866 ἀπειθὴς
2593 1801 2690 1874 μὲν
2731 1800 2798 1867 ἦν
2856 1802 2944 1857 καὶ
2987 1799 3321 1876 ἀπαίδευτος,
3357 1799 3559 1856 ἐδέδετο
3615 1799 3670 1855 δὲ
3726 1815 3850 1864 ταῖς

462 1883 732 1946 clesiam.
767 1883 1006 1945 Solutus
1036 1891 1124 1943 est
1153 1893 1351 1944 autem
1377 1882 1448 1942 ab
1481 1882 1760 1962 apostolis
1788 1900 1890 1963 per
1924 1883 2112 1963 bapti.

463 1993 654 2034 smum
688 1986 745 2034 et
775 1973 950 2034 ﬁdem
987 1992 999 2034 :
1037 1983 1093 2034 et
1122 1981 1326 2034 vectus
1351 1973 1519 2034 estin
1553 1992 1622 2034 eo
1657 1974 2111 2054 Dominus,cum

462 2064 710 2142 apostoli
769 2063 1123 2124 vestimenta
1172 2082 1297 2135 sua,
1334 2063 1446 2123 hoc
1483 2079 1594 2137 esi,
1630 2081 1865 2123 omnem
1899 2065 1996 2142 qui
2027 2079 2115 2130 est

461 2172 532 2213 ex
564 2152 780 2215 virtute
811 2153 1087 2213 decorem
1123 2152 1563 2231 imposuissent.
1605 2151 1770 2212 Prius
1802 2151 1959 2212 enim
1994 2171 2112 2213 nu-

461 2242 519 2302 di
553 2251 722 2303 erant
748 2240 997 2321 gentiles
1047 2249 1104 2301 et
1156 2241 1478 2320 deformes,
1515 2249 1810 2320 patrantes
1843 2240 2106 2309 nefaria:

467 2342 774 2411 postquam
799 2338 993 2392 autem
1021 2329 1094 2391 ab
1125 2331 1406 2410 apostolis
1425 2331 1940 2403 adductil‘uerunt,
1975 2340 2112 2392 tunc

461 2420 708 2483 honeste
753 2419 1092 2480 didicerunt
1137 2419 1462 2493 ambulare,
1498 2427 1555 2479 et
1579 2429 1892 2499 propterea
1933 2421 2108 2481 etiam

466 2508 526 2568 in
559 2508 705 2588 ipsis
753 2509 941 2570 fertur
970 2517 1228 2584 gestatus
1271 2507 1866 2579 Christus.Quoniam
1918 2517 2114 2570 autem

455 2598 714 2670 fuerunt,
750 2597 848 2676 qui
884 2597 1046 2677 prius
1079 2604 1247 2658 erant
1275 2597 1501 2658 domini
1531 2597 1696 2674 pulli,
1734 2598 1836 2676 qui
1865 2607 2102 2676 aposto-

455 2686 546 2747 los
605 2686 1012 2766 prohiberent;
1048 2705 1247 2747 nonne
1291 2687 1533 2747 omnino
1579 2689 1708 2747 251
1750 2687 2050 2748 daemones
2077 2687 2108 2746 ?

461 2775 614 2838 Sane
639 2784 693 2836 et
725 2775 819 2837 his
840 2776 1090 2856 apostoli
1123 2776 1580 2856 praevaluerunt.

2198 1889 2413 1951 οἰκείαις
2469 1889 2750 1968 ἀμαρτίαις
2807 1890 2861 1945 ἐν
2914 1896 2983 1966 τῇ
3025 1888 3268 1969 ἀμφόδῳ,
3331 1889 3569 1946 τουτέστι
3623 1897 3700 1964 τῷ
3753 1891 3852 1966 βίῳ

2196 1977 2387 2049 τούτῳ,
2433 1980 2564 2056 πρὸς
2609 1983 2708 2044 τῆν
2764 1982 2942 2058 θύραν,
3001 1977 3164 2056 ἤγουν
3209 1977 3306 2043 ἔξω
3347 1983 3445 2044 τῆς
3498 1976 3844 2045 Ἐκκλησίας,

2197 2065 2389 2133 Ἐλύθη
2449 2065 2504 2122 δὲ
2560 2068 2703 2147 παρὰ
2751 2074 2860 2123 τῶν
2909 2071 3160 2143 μαθητῶν
3208 2067 3290 2123 διὰ
3347 2074 3438 2124 τοῦ
3484 2068 3848 2144 βαπτίσματος

2198 2158 2284 2211 καὶ
2338 2160 2436 2222 τῆς
2489 2158 2716 2220 πίστεως
2751 2175 2768 2192 ⁶
2842 2158 2929 2212 καὶ
2992 2158 3262 2236 ἒπωχήθη
3321 2157 3461 2231 αὒτῷ
3533 2159 3562 2212 6
3635 2158 3842 2235 Κύριος,

2196 2244 2477 2301 έπιθέντων
2533 2247 2640 2302 τῶν
2703 2243 3014 2302 ἀποστόλων
3073 2247 3137 2302 τὰ
3186 2246 3370 2310 ἱμάτια
3443 2246 3635 2325 αὐτῶν,
3698 2267 3848 2302 τουτ-

2198 2334 2306 2389 έστι
2365 2340 2538 2390 πᾶσαν
2594 2337 3004 2415 εὐσχημοσύνην
3087 2335 3185 2402 τὴν
3259 2333 3312 2398 ιξ
3381 2333 3594 2413 ἀρετῆς.
3656 2334 3844 2412 Πρώην

2199 2420 2294 2496 μὲν
2353 2421 2452 2498 γὰρ
2507 2423 2697 2498 γυμνοὶ
2753 2422 2899 2484 ὄντες
2943 2425 2989 2477 οἱ
3032 2421 3084 2486 ἐξ
3133 2421 3293 2478 ἐθνῶν
3325 2421 3635 2502 ἀσχήμονες
3683 2424 3841 2490 ἦσαν,

2199 2511 2521 2586 πράττοντες
2579 2511 2806 2586 ἄθεσμα.
2874 2508 3022 2568 Ἐπεὶ
3077 2509 3130 2566 δὲ
3202 2513 3304 2567 ὑπὸ
3362 2518 3469 2566 τῶν
3546 2511 3878 2568 ἀποστόλων

2190 2597 2466 2678 ἤχθησαν,
2497 2602 2619 2657 τότε
2649 2599 2703 2656 δὲ
2733 2603 2854 2657 τότε
2885 2600 3238 2680 εῦσχημόνως
3281 2599 3474 2676 ἔμαθον
3505 2615 3842 2681 περιπατεῖν,

2191 2690 2278 2743 καὶ
2322 2685 2404 2744 διὰ
2435 2698 2590 2747 τοῦτο
2621 2692 2709 2747 καὶ
2733 2689 2816 2747 ἔπ’
2850 2691 3019 2746 αὐτῶν
3051 2689 3262 2768 φέρεται
3293 2692 3321 2745 6
3369 2692 3591 2762 Χριστὸς
3631 2691 3840 2766 βαστα-

2191 2778 2437 2851 ζόμενος.
2472 2780 2618 2842 Τίνες
2649 2778 2703 2835 δὲ
2744 2780 2880 2846 ἦσαν
2903 2781 2949 2834 οἱ
2971 2779 3159 2856 πρώην
3187 2776 3430 2835 δεσπόται
3461 2789 3555 2836 τοῦ
3581 2778 3762 2837 πώλου
3789 2782 3836 2834 οἱ

469 2866 760 2928 κωλύοντες
794 2867 914 2927 τοὺς
943 2867 1294 2939 ἀποστόλους,
1329 2867 1364 2935 ἢ
1390 2865 1602 2931 πάντως
1633 2869 1679 2922 οἱ
1711 2865 1950 2942 δαίμονες
1985 2889 2000 2939 ;
2038 2865 2202 2924 Ἀλλὰ
2230 2872 2317 2926 καὶ
2345 2870 2542 2926 τούτων
2573 2868 2998 2948 ἐπικρατέστεροι
3033 2868 3263 2946 γίνοδται
3293 2871 3338 2923 οἱ
3365 2867 3673 2928 ἀπόστολοι.

539 2953 772 3017 νΕιιεΠ
797 2956 1040 3017 -10.‹«Ει
1068 2955 1444 3016 adduxerunt
1475 2956 1696 3035 pullum
1724 2955 1794 3016 ad
1817 2955 2169 3029 Jesum,etc

457 3044 793 3124 injecerunt
813 3043 895 3104 illi
919 3044 1268 3106 vestimenta
1289 3045 1694 3126 sua,seditque
1715 3063 1894 3124 super
1913 3045 2103 3107 illum.

455 3133 618 3194 Multi
649 3149 786 3195 vero
819 3131 1168 3193 vestimenta
1197 3152 1305 3194 sua
1335 3133 1686 3194 sternebant
1711 3133 1767 3194 in
1799 3133 1973 3208 viam,
2007 3135 2105 3195 alii

451 3239 591 3282 vero
623 3221 866 3283 frondes
893 3221 1238 3283 incidebant
1283 3241 1356 3283 ex
1407 3221 1741 3298 arboribus,
1780 3231 1836 3283 et
1866 3230 2102 3284 sterne-

454 3310 595 3372 bant
619 3312 675 3372 in
706 3311 878 3372 viam.
911 3312 985 3372 Et
1023 3312 1123 3390 qui
1172 3313 1586 3392 praecedebant
1617 3313 1834 3392 quique
1881 3331 2100 3393 seque-

454 3400 672 3461 bantur
700 3400 1033 3462 clamabant
1059 3400 1327 3462 dicentes
1361 3419 1372 3460 :
1409 3401 1707 3478 Hosanna,
1747 3403 2102 3464 benedictus

450 3491 548 3569 qui
579 3490 736 3549 venit
765 3489 824 3549 in
856 3489 1099 3552 nomine
1128 3490 1385 3552 Domini.
1419 3490 1808 3552 Benedictum
1831 3493 1988 3571 quod
2009 3509 2105 3553 ve-

451 3578 539 3640 nit
561 3578 901 3654 regnum,in
925 3579 1163 3640 nomine
1179 3579 1416 3641 Domini
1449 3581 1626 3659 patris
1659 3581 1844 3642 nostri
1878 3581 2097 3643 David:

451 3668 730 3729 Hosanna
761 3667 820 3726 in
851 3667 1217 3729 altissimis.»
1254 3668 1566 3729 Multitudo
1598 3669 1860 3748 quandiu
1894 3670 2098 3731 incor—

446 3765 618 3835 rupta
645 3761 1144 3832 manet,agnoscit
1172 3761 1462 3837 quantum
1493 3776 1642 3837 opus
1673 3767 1838 3819 erat:
1877 3758 2010 3820 ideo
2042 3765 2105 3821 et

450 3844 666 3922 singuli
700 3862 804 3922 pro
835 3844 1059 3904 viribus
1079 3846 1201 3906 suis
1227 3848 1425 3908 Jesum
1449 3847 2106 3909 vcnerantur.Laudan-

449 3943 537 3994 tes
568 3943 760 3995 autem
805 3932 946 4013 quid
981 3933 1264 4015 dixerint,
1299 3934 1624 3997 videamus.
1657 3938 1700 3995 A
1734 3935 1911 3997 David
1959 3955 2102 3999 sane

448 4023 730 4102 hymnum
783 4021 948 4082 illum
1010 4041 1340 4103 sumpsere.
1379 4027 1557 4084 Porro
1615 4023 1892 4086 Hosanna
1931 4027 2101 4104 juxta

447 4113 730 4191 quosdam
754 4111 1068 4190 signiﬁcat,
1099 4112 1538 4183 salva,obsecro
1565 4134 1578 4176 ε
1605 4114 1774 4192 juxta
1804 4116 2094 4194 quosdam

2278 2983 2304 3013 α
2343 2961 2441 3016 Καὶ
2523 2957 2726 3037 ἤγαγον
2811 2959 2902 3013 τὸν
2983 2957 3165 3014 πῶλον
3246 2959 3373 3037 πρὸς
3455 2958 3544 3014 τὸν
3601 2956 3832 3025 Ἰησοῦν,

2189 3047 2277 3102 καὶ
2335 3042 2592 3102 ἐπέϐαλον
2677 3047 2821 3120 αὐτῷ
2900 3046 2965 3101 τὰ
3049 3045 3234 3120 ἱμάτια
3319 3049 3511 3124 αὐτῶν,
3570 3046 3658 3102 καὶ
3714 3045 3837 3100 ἑκά-

2189 3138 2330 3190 θισεν
2385 3133 2470 3190 ἐπ’
2515 3136 2695 3197 αὐτόν,
2755 3133 2951 3191 Πολλοὶ
2992 3133 3046 3190 δὲ
3079 3136 3147 3192 τὰ
3173 3134 3358 3209 ἱμάτια
3408 3139 3578 3192 αὐτῶν
3635 3133 3838 3213 ’ἐστρω-

2190 3246 2285 3280 σαν
2345 3225 2419 3287 εἷς
2475 3223 2573 3290 τὴν
2618 3222 2736 3280 ὁδόν
2769 3243 2783 3258 ·
2817 3223 2969 3280 ἄλλοι
3013 3221 3067 3278 δὲ
3101 3221 3349 3288 στιϐάδας
3394 3222 3618 3280 ἔκοπτον
3655 3222 3846 3279 ἐκτῶν

2187 3310 2434 3393 δένδρων,
2495 3313 2582 3368 καὶ
2637 3312 2958 3391 ἐστρώννυον
3003 3314 3074 3376 εἷς
3119 3313 3219 3368 τὴν
3279 3310 3421 3374 ὁδόν.
3475 3315 3573 3370 Καὶ
3615 3314 3662 3368 οἱ
3715 3333 3842 3390 προσ

2185 3402 2406 3479 άγοντες
2484 3402 2572 3458 καὶ
2649 3403 2695 3458 οἱ
2777 3401 3182 3464 ἀκολοῦθοῦντες
3255 3401 3472 3479 ἔκραζον
3549 3399 3789 3479 λέγοντες
3819 3448 3834 3462 .

2188 3482 2418 3548 Ὠσαννὰ
2475 3489 2834 3569 εὐλογημένος
2889 3494 2916 3548 6
2951 3491 3246 3572 ἐρχόμενος
3277 3491 3330 3548 ἐν
3362 3492 3583 3566 ὀνόματι
3631 3491 3835 3569 Κυρίου.

2187 3579 2538 3658 Εὐλογημένη
2594 3583 2628 3649 ἡ
2687 3580 2958 3661 ἐρχομένη
2999 3580 3242 3656 βασιλεία
3288 3583 3342 3636 ἰν
3385 3582 3606 3656 ὀνόματι
3653 3580 3838 3658 Κυρίου

2185 3674 2278 3724 τοῦ
2306 3671 2504 3746 πατρὸς
2535 3671 2690 3744 ἡμῶν
2735 3668 2894 3725 Δαϐίδ
2926 3686 2939 3700 ⁸
2997 3664 3226 3727 ιΩσσιννὰ
3276 3670 3330 3726 ἒν
3357 3683 3476 3732 τοῖς
3505 3670 3763 3745 ὑψίστοις.
3803 3690 3831 3722 ι

2187 3759 2256 3814 Τὸ
2315 3756 2515 3824 πλῆθος
2572 3759 2764 3838 μέχρις
2827 3760 2889 3814 ἂν
2949 3759 3263 3839 ἀδιάφθορον
3318 3759 3478 3836 μένῃ,
3516 3758 3835 3838 ἐπιγνώσκει

2187 3848 2248 3903 τὸ
2291 3845 2430 3909 δέον,
2495 3849 2590 3903 Διὰ
2645 3850 2735 3904 καί
2787 3855 2980 3924 τιμῶσι
3037 3852 3126 3906 τὸν
3202 3849 3410 3916 Ἰησοῦν
3477 3848 3697 3911 ἕκαστος
3761 3849 3836 3910 ὡς

2189 3937 2319 4015 εἶχε
2360 3935 2652 4013 δυνάμεως.
2701 3939 2760 3995 Οἱ
2813 3936 2868 3993 δὲ
2910 3941 3193 4014 ὑμνοῦντες
3249 3939 3299 3995 τί
3355 3937 3560 4017 ἔλεγον,
3608 3936 3830 4014 ἴδωμεν,

2184 4021 2279 4105 Ἕκ
2322 4033 2412 4083 τοῦ
2459 4023 2619 4082 Δαϐὶδ
2661 4027 2760 4102 μὲν
2803 4029 2894 4085 τὸν
2950 4027 3111 4105 ὕμνον
3151 4038 3333 4087 τοῦτον
3394 4024 3607 4084 ἔλαϐον.
3660 4029 3731 4084 Τὸ
3778 4025 3834 4081 δὲ

2186 4104 2434 4190 Ὠσαννᾶ,
2481 4117 2618 4173 κατὰ
2662 4116 2757 4192 μέν
2814 4139 2960 4182 τινας
3021 4119 3291 4197 σημαίνει,
3352 4122 3526 4172 σῶσον
3577 4114 3666 4196 δὴ,
3699 4117 3834 4172 κατὰ

439 4200 1186 4298 vero,_hy_mnum.ltecti_us
1214 4210 1410 4264 tamen
1442 4211 1531 4265 est
1560 4203 1717 4282 quod
1750 4203 1941 4284 primo
1972 4205 2093 4266 dic-

2189 4203 2232 4260 Ξέ
2275 4226 2418 4269 τινας
2462 4205 2736 4281 σημαίνει,
2793 4204 2980 4270 ὕμνος,
3047 4205 3219 4281 Πλὴν,
3277 4218 3525 4284 κρεῖττον
3578 4206 3641 4261 τὸ
3683 4211 3832 4284 πρῶ·

451 4288 873 4352 tum.Habetur
901 4289 1062 4351 enim
1103 4290 1163 4352 in
1217 4292 1543 4353 centesimo
1575 4293 1807 4355 decimo
1841 4293 2090 4374 septimo

443 4379 769 4460 psalmo,0
827 4378 1099 4456 Domine,
1153 4381 1333 4456 salva,
1397 4382 1651 4443 obsecro
1687 4399 1700 4443 :
1735 4381 1793 4443 id
1842 4383 1999 4463 quod
2032 4384 2090 4444 in

442 4466 739 4529 Hebraico
784 4467 1063 4529 Hosanna
1093 4471 1375 4550 scriptum
1412 4477 1520 4532 est.
1579 4468 1845 4548 Regnum
1895 4480 2088 4533 autem

441 4555 624 4619 David
647 4575 896 4636 regnum
922 4558 1135 4620 Christi
1170 4558 1594 4633 dicebant,tum
1621 4559 1777 4639 quod
1809 4579 1842 4620 a
1865 4562 2092 4624 semine

441 4645 619 4707 David
638 4646 929 4708 deductus
952 4655 1108 4707 esset
1129 4647 1547 4727 Christus,tum
1581 4648 1738 4727 quod
1770 4648 1948 4710 David
1991 4651 2090 4711 in-

443 4735 752 4814 terpretari
771 4735 902 4814 quis
919 4743 1438 4814 potest,potentem
1461 4737 1551 4797 vel
1577 4737 1858 4799 idoneum
1884 4757 2086 4804 manu.

442 4824 584 4896 Quis
615 4832 809 4885 autem
839 4823 993 4885 alius
1024 4842 1198 4884 manu
1230 4843 1420 4904 usque
1450 4826 1602 4888 adeo
1637 4825 1864 4888 validus
1894 4837 1950 4888 et
1982 4848 2086 4908 po-

441 4923 574 4976 tens
605 4922 669 4974 ut
698 4913 1187 4992 Dominus,cujus
1216 4932 1425 4975 manus
1447 4922 1606 4976 tanta
1635 4916 1924 4978 miracula
1950 4927 2082 4979 sunt

441 5001 746 5084 operataa?
787 5004 1076 5064 Caeterum
1129 5010 1460 5064 sternamus
1491 5013 1548 5065 et
1579 5023 1686 5065 nos
1737 5006 2088 5069 vestimenta

439 5102 664 5166 nostra,
685 5091 799 5152 hoc
829 5102 920 5152 est
949 5091 1427 5155 carnem.Vestis
1457 5093 1617 5154 enim
1651 5093 1885 5174 animae,
1921 5113 2080 5178 caro,

440 5200 612 5261 quam
635 5179 1024 5259 subjiciamus
1054 5179 1396 5261 Domino,et
1416 5189 1749 5242 sternamus
1778 5181 1931 5242 viam
1955 5184 2085 5246 vitae

442 5279 661 5331 nostrae
686 5291 699 5331 :
735 5269 1180 5348 deputantes,et
1208 5270 1538 5332 incidentes
1566 5270 1639 5332 ab
1661 5269 1975 5333 arboribus
1995 5291 2083 5334 ra-

443 5377 594 5433 mos,
626 5359 740 5419 hoc
774 5366 883 5434 est,
923 5367 1258 5420 sanctorum
1298 5359 1436 5419 vitas
1464 5359 1785 5421 imitemur.
1818 5361 2083 5426 Arbores

1499 5519 1580 5580 Ex
1613 5519 1929 5582 collatione
1956 5524 2131 5588 codd.

525 5639 649 5721 (74)
685 5639 1004 5719 Ἐκπεριϊὼν
1034 5650 1190 5722 πεζῇ,
1224 5641 1356 5703 cod.
1390 5642 1486 5717 26,
1524 5641 1599 5704 30
1629 5651 1686 5703 et
1720 5643 1817 5706 31.

2173 4316 2288 4357 τον,
2363 4293 2466 4373 Ἐν-
2499 4296 2601 4373 γὰρ
2659 4299 2735 4367 τῷ
2798 4295 3070 4369 ἑκατοστῷ
3145 4291 3575 4369 ἑπτακαιδεκάτῳ
3630 4292 3833 4369 ψαλμῷ

2175 4397 2352 4440 κεῖται
2381 4402 2396 4417 ⁸
2436 4370 2711 4463 ὨήΚῦριε,
2765 4390 2939 4440 σῶσον
2987 4384 3051 4454 δή
3086 4399 3100 4413 ⁸
3150 4383 3278 4463 ὅπερ
3334 4383 3389 4438 ἐν
3443 4388 3520 4456 τῷ
3565 4373 3833 4462 Ἐϐραίκῷ

2180 4463 2409 4529 Ὠσαννὰ
2459 4473 2774 4550 γέγραπται.
2850 4474 3128 4530 Βασιλείαν
3184 4471 3238 4528 δὲ
3321 4470 3480 4528 Δαϐὶδ
3531 4471 3629 4539 τὴν
3680 4473 3832 4548 βασι-

2176 4564 2319 4621 λείαν
2370 4571 2462 4620 τοῦ
2519 4567 2746 4642 Χριστοῦ
2801 4564 3007 4645 ἔλεγον,
3039 4565 3150 4640 ἅμα
3181 4566 3277 4640 μὲν
3309 4563 3440 4621 διότι
3466 4565 3556 4620 καὶ
3584 4564 3690 4620 ἀπὸ
3734 4571 3830 4621 τοῦ

2175 4655 2476 4733 σπέρματος
2527 4661 2620 4709 τοῦ
2671 4651 2831 4710 Δαϐὶδ
2893 4656 3161 4732 κατήγετο
3220 4657 3247 4710 ὁ
3307 4655 3515 4732 Κύριος,
3581 4653 3690 4729 ἃμα
3745 4650 3824 4726 δὲ,

2174 4744 2253 4799 ὅτι
2303 4741 2464 4801 Δαϐὶδ
2535 4743 2907 4823 έρμηνεὺεται,
2961 4742 3176 4808 δυνατὸς
3236 4744 3400 4823 χειρῖ,
3459 4741 3578 4809 ἤτοι
3649 4743 3826 4805 ἱκανὸς

2173 4833 2336 4912 χειρί.
2401 4833 2488 4895 Τίς
2547 4831 2600 4887 δὲ
2644 4830 2805 4896 ἄλλος
2861 4834 3040 4898 ἱκανὸς
3090 4836 3252 4912 χειρὶ,
3315 4835 3358 4887 εἰ
3415 4833 3493 4907 μὴ
3538 4833 3565 4887 6
3613 4831 3821 4909 Κύριος,

2173 4922 2232 4978 οὗ
2289 4924 2339 4977 αἱ
2397 4934 2585 5000 χεῖρες
2643 4923 2873 4978 τοσαῦτα
2928 4922 3169 4998 θαύματα
3242 4921 3595 4998 ἐνήργησαθς
3657 4918 3824 4976 Ἀλλὰ

2170 5013 2274 5090 γὰρ
2322 5011 2643 5088 στρώσωμεν
2698 5011 2784 5066 καὶ
2843 5012 3007 5078 ἡμεῖς
3090 5011 3154 5067 τὰ
3224 5009 3406 5084 ἱμάτια
3461 5010 3642 5088 ἡμῶν,
3702 5009 3820 5076 ἤτοι

2167 5101 2264 5167 τὴν
2305 5101 2474 5178 σάρκα
2529 5099 2764 5178 (ἱμάτιον
2829 5101 2928 5178 γὰρ
2986 5101 3021 5168 ἦ
3099 5097 3224 5178 σὰρξ
3285 5103 3385 5166 τῆς
3442 5103 3670 5179 ψυχῆς),
3734 5100 3822 5154 καὶ

2167 5187 2511 5264 ὑποτάξωμεν
2554 5188 2753 5254 ταύτην
2810 5195 2886 5262 τῷ
2949 5189 3139 5266 Κυρίῳ.
3204 5187 3301 5246 Καὶ
3343 5187 3664 5266 στρώσωμιν
3721 5187 3820 5253 τὴν

2166 5276 2285 5333 ὁδὸν
2343 5287 2436 5337 τοῦ
2491 5277 2750 5355 ἡμετέρου
2805 5276 2942 5353 βίου,
2981 5277 3294 5348 ,κόπτοντες
3344 5275 3404 5332 ἐκ
3455 5282 3560 5332 τῶν
3599 5274 3819 5355 δένδρων

2165 5365 2409 5441 κλάδους,
2470 5365 2732 5444 τουτέστι,
2793 5367 2911 5430 τοὺς
2958 5371 3063 5421 τῶν
3118 5365 3283 5443 ἀγίων
3355 5365 3497 5441 βίους
3557 5367 3818 5441 μιμούμε-

2167 5523 2379 5587 Venet.
2411 5527 2470 5589 S.
2509 5525 2715 5589 Marci.
