  <div class='ocr_page' id='page_1' title='image "/cluster/home/n/w/nwhite01/storage/ocr_20150623/123/mdp.39015009359079/315.png"; bbox 0 0 4154 6298; ppageno 0'>
   <div class='ocr_carea' id='block_1_1' title="bbox 425 318 3820 400">
    <p class='ocr_par' dir='ltr' id='par_1_1' title="bbox 425 318 3820 400">
     <span class='ocr_line' id='line_1_1' title="bbox 425 318 3820 400; baseline 0.003 -11"><span class='ocrx_word' id='word_1_1' title='bbox 425 320 548 393; x_wconf 74' lang='grc'><strong>615</strong></span> <span class='ocrx_word' id='word_1_2' title='bbox 1389 318 1985 393; x_wconf 79' lang='lat' dir='ltr'><strong>THEOPHYLAGTI</strong></span> <span class='ocrx_word' id='word_1_3' title='bbox 2029 321 2440 392; x_wconf 76' lang='lat' dir='ltr'><strong>BULGARI/E</strong></span> <span class='ocrx_word' id='word_1_4' title='bbox 2484 324 2841 394; x_wconf 83' lang='lat' dir='ltr'><strong>ARCHIEP.</strong></span> <span class='ocrx_word' id='word_1_5' title='bbox 3697 334 3820 400; x_wconf 84' lang='lat'><strong>616</strong></span> 
     </span>
    </p>
   </div>
   <div class='ocr_carea' id='block_1_2' title="bbox 424 463 2077 555">
    <p class='ocr_par' dir='ltr' id='par_1_2' title="bbox 424 463 2064 555">
     <span class='ocr_line' id='line_1_2' title="bbox 424 463 2064 555; baseline -0.002 -29"><span class='ocrx_word' id='word_1_6' title='bbox 424 465 585 547; x_wconf 89' lang='lat' dir='ltr'><strong>quod</strong></span> <span class='ocrx_word' id='word_1_7' title='bbox 619 472 793 527; x_wconf 58' lang='lat' dir='ltr'><strong>etiam</strong></span> <span class='ocrx_word' id='word_1_8' title='bbox 827 465 1043 546; x_wconf 82' lang='lat' dir='ltr'><strong>punire</strong></span> <span class='ocrx_word' id='word_1_9' title='bbox 1080 465 1286 546; x_wconf 77' lang='lat' dir='ltr'><strong>possit.</strong></span> <span class='ocrx_word' id='word_1_10' title='bbox 1320 464 1513 527; x_wconf 81' lang='lat' dir='ltr'><strong>Habet</strong></span> <span class='ocrx_word' id='word_1_11' title='bbox 1538 467 1687 555; x_wconf 12' lang='lat' dir='ltr'><strong>item,</strong></span> <span class='ocrx_word' id='word_1_12' title='bbox 1711 472 1768 525; x_wconf 94' lang='lat' dir='ltr'><strong>et</strong></span> <span class='ocrx_word' id='word_1_13' title='bbox 1799 463 1943 555; x_wconf 78' lang='lat' dir='ltr'><strong>ficus</strong></span> <span class='ocrx_word' id='word_1_14' title='bbox 1974 473 2064 543; x_wconf 81' lang='lat' dir='ltr'><strong>ty—</strong></span> 
     </span>
    </p>
   </div>
   <div class='ocr_carea' id='block_1_3' title="bbox 2159 463 3817 555">
    <p class='ocr_par' dir='ltr' id='par_1_3' title="bbox 2159 464 3817 555">
     <span class='ocr_line' id='line_1_3' title="bbox 2159 464 3817 555; baseline 0.007 -34"><span class='ocrx_word' id='word_1_15' title='bbox 2159 464 2306 521; x_wconf 75' lang='grc' dir='ltr'>Βαίων</span> <span class='ocrx_word' id='word_1_16' title='bbox 2371 472 2723 547; x_wconf 80' lang='grc' dir='ltr'><strong>Συναγωγῆς,</strong></span> <span class='ocrx_word' id='word_1_17' title='bbox 2771 477 2830 527; x_wconf 92' lang='grc' dir='ltr'><strong>οῦ</strong></span> <span class='ocrx_word' id='word_1_18' title='bbox 2885 468 3055 548; x_wconf 74' lang='grc' dir='ltr'>φύλλα</span> <span class='ocrx_word' id='word_1_19' title='bbox 3113 468 3276 546; x_wconf 85' lang='grc' dir='ltr'>μόνον</span> <span class='ocrx_word' id='word_1_20' title='bbox 3307 471 3497 554; x_wconf 73' lang='grc' dir='ltr'>εἶχον,</span> <span class='ocrx_word' id='word_1_21' title='bbox 3544 474 3817 555; x_wconf 77' lang='grc' dir='ltr'>τουτέστι,</span> 
     </span>
    </p>
   </div>
   <div class='ocr_carea' id='block_1_4' title="bbox 428 553 2077 641">
    <p class='ocr_par' dir='ltr' id='par_1_4' title="bbox 428 553 2071 636">
     <span class='ocr_line' id='line_1_4' title="bbox 428 553 2071 636; baseline -0.001 -21"><span class='ocrx_word' id='word_1_22' title='bbox 428 572 567 636; x_wconf 89' lang='lat' dir='ltr'><strong>pum</strong></span> <span class='ocrx_word' id='word_1_23' title='bbox 601 574 909 635; x_wconf 61' lang='lat' dir='ltr'><strong>synagoga}</strong></span> <span class='ocrx_word' id='word_1_24' title='bbox 930 555 1407 636; x_wconf 61' lang='grc' dir='ltr'>δυόωσι-ωτι,ᾳυί</span> <span class='ocrx_word' id='word_1_25' title='bbox 1439 555 1579 617; x_wconf 82' lang='lat' dir='ltr'><strong>folia</strong></span> <span class='ocrx_word' id='word_1_26' title='bbox 1608 554 1733 614; x_wconf 90' lang='lat' dir='ltr'><strong>sola</strong></span> <span class='ocrx_word' id='word_1_27' title='bbox 1753 553 2071 628; x_wconf 79' lang='lat' dir='ltr'><strong>habebant,</strong></span> 
     </span>
    </p>
   </div>
   <div class='ocr_carea' id='block_1_5' title="bbox 2159 553 3815 641">
    <p class='ocr_par' dir='ltr' id='par_1_5' title="bbox 2159 553 3815 641">
     <span class='ocr_line' id='line_1_5' title="bbox 2159 553 3815 641; baseline 0.005 -28"><span class='ocrx_word' id='word_1_28' title='bbox 2159 556 2315 632; x_wconf 87' lang='grc' dir='ltr'>νόμον</span> <span class='ocrx_word' id='word_1_29' title='bbox 2386 558 2537 614; x_wconf 79' lang='grc' dir='ltr'>σκιὰν</span> <span class='ocrx_word' id='word_1_30' title='bbox 2594 560 2780 622; x_wconf 76' lang='grc' dir='ltr'>αὐτοῖς</span> <span class='ocrx_word' id='word_1_31' title='bbox 2835 558 3169 638; x_wconf 76' lang='grc' dir='ltr'>παρέχοντα,</span> <span class='ocrx_word' id='word_1_32' title='bbox 3256 564 3458 641; x_wconf 82' lang='grc' dir='ltr'>καρπὸν</span> <span class='ocrx_word' id='word_1_33' title='bbox 3483 553 3488 554; x_wconf 19' lang='grc'><strong><em>⁷</em></strong></span> <span class='ocrx_word' id='word_1_34' title='bbox 3515 560 3569 619; x_wconf 75' lang='grc' dir='ltr'>δὲ</span> <span class='ocrx_word' id='word_1_35' title='bbox 3628 553 3815 623; x_wconf 72' lang='grc' dir='ltr'>οὐδένα</span> 
     </span>
    </p>
   </div>
   <div class='ocr_carea' id='block_1_6' title="bbox 428 642 2077 730">
    <p class='ocr_par' dir='ltr' id='par_1_6' title="bbox 428 642 2071 724">
     <span class='ocr_line' id='line_1_6' title="bbox 428 642 2071 724; baseline -0.002 -18"><span class='ocrx_word' id='word_1_36' title='bbox 428 646 541 706; x_wconf 86' lang='lat' dir='ltr'><strong>hoc</strong></span> <span class='ocrx_word' id='word_1_37' title='bbox 564 654 653 706; x_wconf 92' lang='lat' dir='ltr'><strong>est</strong></span> <span class='ocrx_word' id='word_1_38' title='bbox 676 646 891 724; x_wconf 88' lang='lat' dir='ltr'><strong>legem,</strong></span> <span class='ocrx_word' id='word_1_39' title='bbox 929 644 1201 705; x_wconf 87' lang='lat' dir='ltr'><strong>umbram</strong></span> <span class='ocrx_word' id='word_1_40' title='bbox 1237 644 1356 705; x_wconf 87' lang='lat' dir='ltr'><strong>illis</strong></span> <span class='ocrx_word' id='word_1_41' title='bbox 1388 643 1782 723; x_wconf 77' lang='lat' dir='ltr'><strong>praebentem,</strong></span> <span class='ocrx_word' id='word_1_42' title='bbox 1815 642 2071 704; x_wconf 90' lang='lat' dir='ltr'><strong>fructum</strong></span> 
     </span>
    </p>
   </div>
   <div class='ocr_carea' id='block_1_7' title="bbox 2159 642 3808 730">
    <p class='ocr_par' dir='ltr' id='par_1_7' title="bbox 2159 644 3808 730">
     <span class='ocr_line' id='line_1_7' title="bbox 2159 644 3808 730; baseline 0.007 -31"><span class='ocrx_word' id='word_1_43' title='bbox 2159 644 2339 724; x_wconf 75' lang='grc' dir='ltr'>εἶχον,</span> <span class='ocrx_word' id='word_1_44' title='bbox 2394 644 2671 702; x_wconf 82' lang='grc' dir='ltr'>Ἐπείνασε</span> <span class='ocrx_word' id='word_1_45' title='bbox 2714 644 2769 701; x_wconf 76' lang='grc' dir='ltr'>δὲ</span> <span class='ocrx_word' id='word_1_46' title='bbox 2827 648 2855 703; x_wconf 82' lang='grc' dir='ltr'>ὁ</span> <span class='ocrx_word' id='word_1_47' title='bbox 2909 644 3115 714; x_wconf 81' lang='grc' dir='ltr'>Ἰησοῦς</span> <span class='ocrx_word' id='word_1_48' title='bbox 3157 649 3255 716; x_wconf 76' lang='grc' dir='ltr'><strong>τὴν</strong></span> <span class='ocrx_word' id='word_1_49' title='bbox 3313 653 3579 730; x_wconf 78' lang='grc' dir='ltr'>σωτηρίαν</span> <span class='ocrx_word' id='word_1_50' title='bbox 3611 652 3808 711; x_wconf 72' lang='grc' dir='ltr'>αὐτῶν.</span> 
     </span>
    </p>
   </div>
   <div class='ocr_carea' id='block_1_8' title="bbox 429 730 2077 819">
    <p class='ocr_par' dir='ltr' id='par_1_8' title="bbox 429 730 2075 796">
     <span class='ocr_line' id='line_1_8' title="bbox 429 730 2075 796; baseline 0.002 -6"><span class='ocrx_word' id='word_1_51' title='bbox 429 752 563 795; x_wconf 88' lang='lat' dir='ltr'><strong>vero</strong></span> <span class='ocrx_word' id='word_1_52' title='bbox 590 733 816 796; x_wconf 84' lang='lat' dir='ltr'><strong>nullum</strong></span> <span class='ocrx_word' id='word_1_53' title='bbox 839 732 1187 795; x_wconf 79' lang='lat' dir='ltr'><strong>aﬂ‘erebant.</strong></span> <span class='ocrx_word' id='word_1_54' title='bbox 1225 732 1536 794; x_wconf 88' lang='lat' dir='ltr'><strong>Esuriebat</strong></span> <span class='ocrx_word' id='word_1_55' title='bbox 1564 741 1762 794; x_wconf 89' lang='lat' dir='ltr'><strong>autem</strong></span> <span class='ocrx_word' id='word_1_56' title='bbox 1788 730 1963 794; x_wconf 83' lang='lat' dir='ltr'><strong>Jesus</strong></span> <span class='ocrx_word' id='word_1_57' title='bbox 1985 751 2075 793; x_wconf 90' lang='lat' dir='ltr'><strong>sa-</strong></span> 
     </span>
    </p>
   </div>
   <div class='ocr_carea' id='block_1_9' title="bbox 2159 730 3815 819">
    <p class='ocr_par' dir='ltr' id='par_1_9' title="bbox 2159 731 3815 819">
     <span class='ocr_line' id='line_1_9' title="bbox 2159 731 3815 819; baseline 0.006 -28"><span class='ocrx_word' id='word_1_58' title='bbox 2159 731 2319 806; x_wconf 83' lang='grc' dir='ltr'><strong>Ἐμὸν</strong></span> <span class='ocrx_word' id='word_1_59' title='bbox 2350 734 2473 813; x_wconf 85' lang='grc' dir='ltr'>γὰρ,</span> <span class='ocrx_word' id='word_1_60' title='bbox 2520 736 2674 816; x_wconf 76' lang='grc' dir='ltr'>φησὶ,</span> <span class='ocrx_word' id='word_1_61' title='bbox 2734 734 2924 813; x_wconf 74' lang='grc' dir='ltr'>βρῶμά</span> <span class='ocrx_word' id='word_1_62' title='bbox 2982 737 3150 818; x_wconf 86' lang='grc' dir='ltr'>ἐστιν,</span> <span class='ocrx_word' id='word_1_63' title='bbox 3196 738 3288 794; x_wconf 85' lang='grc' dir='ltr'>’ίνα</span> <span class='ocrx_word' id='word_1_64' title='bbox 3346 746 3485 796; x_wconf 85' lang='grc' dir='ltr'>ποιῶ</span> <span class='ocrx_word' id='word_1_65' title='bbox 3515 743 3576 797; x_wconf 68' lang='grc' dir='ltr'><strong>τὶ</strong></span> <span class='ocrx_word' id='word_1_66' title='bbox 3603 741 3815 819; x_wconf 79' lang='grc' dir='ltr'>θέλημα</span> 
     </span>
    </p>
   </div>
   <div class='ocr_carea' id='block_1_10' title="bbox 428 821 2072 902">
    <p class='ocr_par' dir='ltr' id='par_1_10' title="bbox 428 821 2072 902">
     <span class='ocr_line' id='line_1_10' title="bbox 428 821 2072 902; baseline -0.001 -19"><span class='ocrx_word' id='word_1_67' title='bbox 428 822 609 884; x_wconf 92' lang='lat' dir='ltr'><strong>lutem</strong></span> <span class='ocrx_word' id='word_1_68' title='bbox 643 822 902 885; x_wconf 89' lang='lat' dir='ltr'><strong>illorum.</strong></span> <span class='ocrx_word' id='word_1_69' title='bbox 939 824 1104 883; x_wconf 87' lang='lat' dir='ltr'><strong>Meus</strong></span> <span class='ocrx_word' id='word_1_70' title='bbox 1135 824 1290 884; x_wconf 91' lang='lat' dir='ltr'><strong>enim</strong></span> <span class='ocrx_word' id='word_1_71' title='bbox 1322 822 1489 884; x_wconf 85' lang='lat' dir='ltr'><strong>cibus</strong></span> <span class='ocrx_word' id='word_1_72' title='bbox 1521 829 1630 896; x_wconf 92' lang='lat' dir='ltr'><strong>est,</strong></span> <span class='ocrx_word' id='word_1_73' title='bbox 1657 821 1866 902; x_wconf 85' lang='lat' dir='ltr'><strong>inquit.</strong></span> <span class='ocrx_word' id='word_1_74' title='bbox 1896 830 1956 884; x_wconf 89' lang='lat' dir='ltr'><strong>ut</strong></span> <span class='ocrx_word' id='word_1_75' title='bbox 1982 822 2072 882; x_wconf 80' lang='lat' dir='ltr'><strong>fa-</strong></span> 
     </span>
    </p>
   </div>
   <div class='ocr_carea' id='block_1_11' title="bbox 355 911 2075 974">
    <p class='ocr_par' dir='ltr' id='par_1_11' title="bbox 355 911 2075 974">
     <span class='ocr_line' id='line_1_11' title="bbox 355 911 2075 974; baseline -0.002 0"><span class='ocrx_word' id='word_1_76' title='bbox 355 949 358 952; x_wconf 85' lang='lat'><strong><em>~</em></strong></span> <span class='ocrx_word' id='word_1_77' title='bbox 427 912 579 974; x_wconf 86' lang='lat' dir='ltr'><strong>ciam</strong></span> <span class='ocrx_word' id='word_1_78' title='bbox 597 912 958 974; x_wconf 77' lang='lat' dir='ltr'><strong>voluntatem</strong></span> <span class='ocrx_word' id='word_1_79' title='bbox 996 913 1181 973; x_wconf 89' lang='lat' dir='ltr'><strong>Patris</strong></span> <span class='ocrx_word' id='word_1_80' title='bbox 1214 912 1650 974; x_wconf 81' lang='lat' dir='ltr'><strong>mei.Voluntas</strong></span> <span class='ocrx_word' id='word_1_81' title='bbox 1666 921 1858 973; x_wconf 91' lang='lat' dir='ltr'><strong>autem</strong></span> <span class='ocrx_word' id='word_1_82' title='bbox 1886 911 2075 973; x_wconf 80' lang='lat' dir='ltr'><strong>Patris</strong></span> 
     </span>
    </p>
   </div>
   <div class='ocr_carea' id='block_1_12' title="bbox 429 1001 2073 1082">
    <p class='ocr_par' dir='ltr' id='par_1_12' title="bbox 429 1001 2073 1082">
     <span class='ocr_line' id='line_1_12' title="bbox 429 1001 2073 1082; baseline -0.001 -19"><span class='ocrx_word' id='word_1_83' title='bbox 429 1010 541 1082; x_wconf 91' lang='lat' dir='ltr'><strong>est,</strong></span> <span class='ocrx_word' id='word_1_84' title='bbox 566 1010 630 1063; x_wconf 92' lang='lat' dir='ltr'><strong>ut</strong></span> <span class='ocrx_word' id='word_1_85' title='bbox 659 1010 1005 1062; x_wconf 76' lang='lat' dir='ltr'><strong>convertant</strong></span> <span class='ocrx_word' id='word_1_86' title='bbox 1036 1020 1100 1063; x_wconf 92' lang='lat' dir='ltr'><strong>se</strong></span> <span class='ocrx_word' id='word_1_87' title='bbox 1130 1009 1502 1081; x_wconf 88' lang='lat' dir='ltr'><strong>peccatores.</strong></span> <span class='ocrx_word' id='word_1_88' title='bbox 1528 1002 1601 1064; x_wconf 91' lang='lat' dir='ltr'><strong>Et</strong></span> <span class='ocrx_word' id='word_1_89' title='bbox 1623 1001 1759 1081; x_wconf 86' lang='lat' dir='ltr'><strong>quia</strong></span> <span class='ocrx_word' id='word_1_90' title='bbox 1782 1019 2073 1081; x_wconf 79' lang='lat' dir='ltr'><strong>synagoga</strong></span> 
     </span>
    </p>
   </div>
   <div class='ocr_carea' id='block_1_13' title="bbox 429 1089 2071 1165">
    <p class='ocr_par' dir='ltr' id='par_1_13' title="bbox 429 1089 2071 1165">
     <span class='ocr_line' id='line_1_13' title="bbox 429 1089 2071 1165; baseline 0.001 -15"><span class='ocrx_word' id='word_1_91' title='bbox 429 1091 682 1153; x_wconf 80' lang='lat' dir='ltr'><strong>fructum</strong></span> <span class='ocrx_word' id='word_1_92' title='bbox 716 1109 836 1151; x_wconf 90' lang='lat' dir='ltr'><strong>non</strong></span> <span class='ocrx_word' id='word_1_93' title='bbox 867 1089 1471 1165; x_wconf 80' lang='lat' dir='ltr'><strong>habebat,maledicta</strong></span> <span class='ocrx_word' id='word_1_94' title='bbox 1500 1098 1590 1152; x_wconf 91' lang='lat' dir='ltr'><strong>est</strong></span> <span class='ocrx_word' id='word_1_95' title='bbox 1620 1098 1677 1152; x_wconf 89' lang='lat' dir='ltr'><strong>et</strong></span> <span class='ocrx_word' id='word_1_96' title='bbox 1706 1090 2071 1161; x_wconf 81' lang='lat' dir='ltr'><strong>exaruit,ne-</strong></span> 
     </span>
    </p>
   </div>
   <div class='ocr_carea' id='block_1_14' title="bbox 428 1179 1771 1261">
    <p class='ocr_par' dir='ltr' id='par_1_14' title="bbox 428 1179 1771 1261">
     <span class='ocr_line' id='line_1_14' title="bbox 428 1179 1771 1261; baseline 0.001 -21"><span class='ocrx_word' id='word_1_97' title='bbox 428 1198 542 1261; x_wconf 91' lang='lat' dir='ltr'><strong>que</strong></span> <span class='ocrx_word' id='word_1_98' title='bbox 560 1181 933 1260; x_wconf 87' lang='lat' dir='ltr'><strong>prophetam,</strong></span> <span class='ocrx_word' id='word_1_99' title='bbox 970 1199 1162 1259; x_wconf 91' lang='lat' dir='ltr'><strong>neque</strong></span> <span class='ocrx_word' id='word_1_100' title='bbox 1184 1179 1486 1242; x_wconf 90' lang='lat' dir='ltr'><strong>doctorem</strong></span> <span class='ocrx_word' id='word_1_101' title='bbox 1520 1180 1771 1242; x_wconf 87' lang='lat' dir='ltr'><strong>habens.</strong></span> 
     </span>
    </p>
   </div>
   <div class='ocr_carea' id='block_1_15' title="bbox 505 1268 2077 1349">
    <p class='ocr_par' dir='ltr' id='par_1_15' title="bbox 505 1268 2077 1349">
     <span class='ocr_line' id='line_1_15' title="bbox 505 1268 2077 1349; baseline 0.001 -21"><span class='ocrx_word' id='word_1_102' title='bbox 505 1270 688 1331; x_wconf 77' lang='lat' dir='ltr'><strong>\‘Ens.</strong></span> <span class='ocrx_word' id='word_1_103' title='bbox 726 1269 941 1331; x_wconf 75' lang='lat'><strong>15-18.</strong></span> <span class='ocrx_word' id='word_1_104' title='bbox 985 1293 1011 1323; x_wconf 72' lang='grc' dir='ltr'><strong>α</strong></span> <span class='ocrx_word' id='word_1_105' title='bbox 1054 1268 1123 1328; x_wconf 90' lang='lat' dir='ltr'><strong>Et</strong></span> <span class='ocrx_word' id='word_1_106' title='bbox 1168 1270 1418 1331; x_wconf 81' lang='lat' dir='ltr'><strong>veniunt</strong></span> <span class='ocrx_word' id='word_1_107' title='bbox 1474 1268 1965 1349; x_wconf 81' lang='lat' dir='ltr'><strong>Hierosolymam,</strong></span> <span class='ocrx_word' id='word_1_108' title='bbox 2019 1277 2077 1329; x_wconf 91' lang='lat' dir='ltr'><strong>et</strong></span> 
     </span>
    </p>
   </div>
   <div class='ocr_carea' id='block_1_16' title="bbox 426 1357 2074 1439">
    <p class='ocr_par' dir='ltr' id='par_1_16' title="bbox 426 1357 2074 1439">
     <span class='ocr_line' id='line_1_16' title="bbox 426 1357 2074 1439; baseline -0.001 -20"><span class='ocrx_word' id='word_1_109' title='bbox 426 1359 728 1436; x_wconf 86' lang='lat' dir='ltr'><strong>ingressus</strong></span> <span class='ocrx_word' id='word_1_110' title='bbox 755 1358 929 1422; x_wconf 91' lang='lat' dir='ltr'><strong>Jesus</strong></span> <span class='ocrx_word' id='word_1_111' title='bbox 954 1359 1014 1419; x_wconf 92' lang='lat' dir='ltr'><strong>in</strong></span> <span class='ocrx_word' id='word_1_112' title='bbox 1048 1360 1359 1438; x_wconf 91' lang='lat' dir='ltr'><strong>templum,</strong></span> <span class='ocrx_word' id='word_1_113' title='bbox 1392 1359 1572 1439; x_wconf 69' lang='lat' dir='ltr'><strong>coepit</strong></span> <span class='ocrx_word' id='word_1_114' title='bbox 1603 1359 1819 1438; x_wconf 87' lang='lat' dir='ltr'><strong>ejicere</strong></span> <span class='ocrx_word' id='word_1_115' title='bbox 1850 1378 1951 1420; x_wconf 89' lang='lat' dir='ltr'><strong>eos</strong></span> <span class='ocrx_word' id='word_1_116' title='bbox 1974 1357 2074 1439; x_wconf 88' lang='lat' dir='ltr'><strong>qui</strong></span> 
     </span>
    </p>
   </div>
   <div class='ocr_carea' id='block_1_17' title="bbox 424 1447 2071 1528">
    <p class='ocr_par' dir='ltr' id='par_1_17' title="bbox 424 1447 2071 1528">
     <span class='ocr_line' id='line_1_17' title="bbox 424 1447 2071 1528; baseline 0 -20"><span class='ocrx_word' id='word_1_117' title='bbox 424 1448 762 1509; x_wconf 85' lang='lat' dir='ltr'><strong>vendebant</strong></span> <span class='ocrx_word' id='word_1_118' title='bbox 792 1456 847 1509; x_wconf 91' lang='lat' dir='ltr'><strong>et</strong></span> <span class='ocrx_word' id='word_1_119' title='bbox 878 1447 1158 1508; x_wconf 88' lang='lat' dir='ltr'><strong>emebant</strong></span> <span class='ocrx_word' id='word_1_120' title='bbox 1191 1448 1248 1508; x_wconf 93' lang='lat' dir='ltr'><strong>in</strong></span> <span class='ocrx_word' id='word_1_121' title='bbox 1282 1450 1502 1528; x_wconf 90' lang='lat' dir='ltr'><strong>templo</strong></span> <span class='ocrx_word' id='word_1_122' title='bbox 1539 1468 1551 1510; x_wconf 91' lang='lat'><strong>:</strong></span> <span class='ocrx_word' id='word_1_123' title='bbox 1589 1459 1647 1509; x_wconf 76' lang='lat' dir='ltr'><strong>et</strong></span> <span class='ocrx_word' id='word_1_124' title='bbox 1677 1465 1911 1509; x_wconf 87' lang='lat' dir='ltr'><strong>mensas</strong></span> <span class='ocrx_word' id='word_1_125' title='bbox 1942 1448 2071 1508; x_wconf 86' lang='lat' dir='ltr'><strong>col-</strong></span> 
     </span>
    </p>
   </div>
   <div class='ocr_carea' id='block_1_18' title="bbox 426 1536 2074 1617">
    <p class='ocr_par' dir='ltr' id='par_1_18' title="bbox 426 1536 2074 1617">
     <span class='ocr_line' id='line_1_18' title="bbox 426 1536 2074 1617; baseline -0.001 -19"><span class='ocrx_word' id='word_1_126' title='bbox 426 1538 855 1617; x_wconf 79' lang='lat' dir='ltr'><strong>lybistarum,et</strong></span> <span class='ocrx_word' id='word_1_127' title='bbox 890 1537 1064 1597; x_wconf 87' lang='lat' dir='ltr'><strong>sellas</strong></span> <span class='ocrx_word' id='word_1_128' title='bbox 1093 1536 1474 1598; x_wconf 87' lang='lat' dir='ltr'><strong>vendentium</strong></span> <span class='ocrx_word' id='word_1_129' title='bbox 1502 1536 1807 1599; x_wconf 90' lang='lat' dir='ltr'><strong>columbas</strong></span> <span class='ocrx_word' id='word_1_130' title='bbox 1831 1537 2074 1598; x_wconf 90' lang='lat' dir='ltr'><strong>subver-</strong></span> 
     </span>
    </p>
   </div>
   <div class='ocr_carea' id='block_1_19' title="bbox 427 1625 2074 1706">
    <p class='ocr_par' dir='ltr' id='par_1_19' title="bbox 427 1625 2074 1706">
     <span class='ocr_line' id='line_1_19' title="bbox 427 1625 2074 1706; baseline 0.001 -21"><span class='ocrx_word' id='word_1_131' title='bbox 427 1626 535 1686; x_wconf 91' lang='lat' dir='ltr'><strong>tit:</strong></span> <span class='ocrx_word' id='word_1_132' title='bbox 574 1632 631 1686; x_wconf 87' lang='lat' dir='ltr'><strong>et</strong></span> <span class='ocrx_word' id='word_1_133' title='bbox 677 1644 795 1685; x_wconf 89' lang='lat' dir='ltr'><strong>non</strong></span> <span class='ocrx_word' id='word_1_134' title='bbox 828 1625 1095 1705; x_wconf 85' lang='lat' dir='ltr'><strong>permisit</strong></span> <span class='ocrx_word' id='word_1_135' title='bbox 1146 1634 1209 1685; x_wconf 94' lang='lat' dir='ltr'><strong>ut</strong></span> <span class='ocrx_word' id='word_1_136' title='bbox 1258 1626 1567 1706; x_wconf 89' lang='lat' dir='ltr'><strong>quisquam</strong></span> <span class='ocrx_word' id='word_1_137' title='bbox 1599 1625 1943 1705; x_wconf 88' lang='lat' dir='ltr'><strong>deportaret</strong></span> <span class='ocrx_word' id='word_1_138' title='bbox 1975 1644 2074 1687; x_wconf 87' lang='lat' dir='ltr'><strong>vas</strong></span> 
     </span>
    </p>
   </div>
   <div class='ocr_carea' id='block_1_20' title="bbox 428 1713 2134 1799">
    <p class='ocr_par' dir='ltr' id='par_1_20' title="bbox 428 1713 2134 1799">
     <span class='ocr_line' id='line_1_20' title="bbox 428 1713 2134 1799; baseline -0.001 -24"><span class='ocrx_word' id='word_1_139' title='bbox 428 1732 535 1795; x_wconf 84' lang='lat' dir='ltr'><strong>per</strong></span> <span class='ocrx_word' id='word_1_140' title='bbox 565 1714 849 1794; x_wconf 91' lang='lat' dir='ltr'><strong>templum</strong></span> <span class='ocrx_word' id='word_1_141' title='bbox 881 1736 894 1772; x_wconf 92' lang='lat'>:</span> <span class='ocrx_word' id='word_1_142' title='bbox 932 1723 989 1774; x_wconf 92' lang='lat' dir='ltr'><strong>et</strong></span> <span class='ocrx_word' id='word_1_143' title='bbox 1009 1713 1257 1775; x_wconf 90' lang='lat' dir='ltr'><strong>docebat</strong></span> <span class='ocrx_word' id='word_1_144' title='bbox 1290 1715 1499 1776; x_wconf 85' lang='lat' dir='ltr'><strong>dicens</strong></span> <span class='ocrx_word' id='word_1_145' title='bbox 1526 1714 1664 1775; x_wconf 88' lang='lat' dir='ltr'><strong>illis:</strong></span> <span class='ocrx_word' id='word_1_146' title='bbox 1691 1714 1900 1776; x_wconf 88' lang='lat' dir='ltr'><strong>Nonne</strong></span> <span class='ocrx_word' id='word_1_147' title='bbox 1917 1715 2072 1776; x_wconf 90' lang='lat' dir='ltr'><strong>scri-</strong></span> <span class='ocrx_word' id='word_1_148' title='bbox 2100 1749 2134 1799; x_wconf 70' lang='grc' dir='ltr'><strong>Β</strong></span> 
     </span>
    </p>
   </div>
   <div class='ocr_carea' id='block_1_21' title="bbox 428 1802 2071 1884">
    <p class='ocr_par' dir='ltr' id='par_1_21' title="bbox 428 1802 2071 1884">
     <span class='ocr_line' id='line_1_21' title="bbox 428 1802 2071 1884; baseline 0 -20"><span class='ocrx_word' id='word_1_149' title='bbox 428 1812 586 1884; x_wconf 88' lang='lat' dir='ltr'><strong>ptum</strong></span> <span class='ocrx_word' id='word_1_150' title='bbox 622 1813 733 1883; x_wconf 90' lang='lat' dir='ltr'><strong>est,</strong></span> <span class='ocrx_word' id='word_1_151' title='bbox 758 1803 981 1864; x_wconf 89' lang='lat' dir='ltr'><strong>Domus</strong></span> <span class='ocrx_word' id='word_1_152' title='bbox 1017 1822 1147 1864; x_wconf 92' lang='lat' dir='ltr'><strong>mea</strong></span> <span class='ocrx_word' id='word_1_153' title='bbox 1174 1804 1386 1864; x_wconf 88' lang='lat' dir='ltr'><strong>domus</strong></span> <span class='ocrx_word' id='word_1_154' title='bbox 1440 1804 1797 1884; x_wconf 77' lang='lat' dir='ltr'><strong>precationis</strong></span> <span class='ocrx_word' id='word_1_155' title='bbox 1828 1802 2071 1864; x_wconf 85' lang='lat' dir='ltr'><strong>vocabi-</strong></span> 
     </span>
    </p>
   </div>
   <div class='ocr_carea' id='block_1_22' title="bbox 426 1891 2071 1974">
    <p class='ocr_par' dir='ltr' id='par_1_22' title="bbox 426 1891 2071 1974">
     <span class='ocr_line' id='line_1_22' title="bbox 426 1891 2071 1974; baseline 0.001 -22"><span class='ocrx_word' id='word_1_156' title='bbox 426 1902 521 1952; x_wconf 91' lang='lat' dir='ltr'><strong>tur</strong></span> <span class='ocrx_word' id='word_1_157' title='bbox 548 1891 828 1954; x_wconf 87' lang='lat' dir='ltr'><strong>omnibus</strong></span> <span class='ocrx_word' id='word_1_158' title='bbox 857 1891 1283 1970; x_wconf 84' lang='lat' dir='ltr'><strong>gentibus?Vos</strong></span> <span class='ocrx_word' id='word_1_159' title='bbox 1304 1908 1501 1954; x_wconf 60' lang='lat' dir='ltr'><strong>autem</strong></span> <span class='ocrx_word' id='word_1_160' title='bbox 1535 1892 1757 1954; x_wconf 85' lang='lat' dir='ltr'><strong>fecistis</strong></span> <span class='ocrx_word' id='word_1_161' title='bbox 1778 1910 1905 1953; x_wconf 90' lang='lat' dir='ltr'><strong>eam</strong></span> <span class='ocrx_word' id='word_1_162' title='bbox 1929 1911 2071 1974; x_wconf 87' lang='lat' dir='ltr'><strong>spe-</strong></span> 
     </span>
    </p>
   </div>
   <div class='ocr_carea' id='block_1_23' title="bbox 424 1980 2074 2061">
    <p class='ocr_par' dir='ltr' id='par_1_23' title="bbox 424 1980 2074 2061">
     <span class='ocr_line' id='line_1_23' title="bbox 424 1980 2074 2061; baseline -0.001 -19"><span class='ocrx_word' id='word_1_163' title='bbox 424 1981 659 2043; x_wconf 89' lang='lat' dir='ltr'><strong>luncam</strong></span> <span class='ocrx_word' id='word_1_164' title='bbox 693 1981 1010 2043; x_wconf 88' lang='lat' dir='ltr'><strong>latronum.</strong></span> <span class='ocrx_word' id='word_1_165' title='bbox 1045 1983 1118 2041; x_wconf 78' lang='lat' dir='ltr'><strong>Et</strong></span> <span class='ocrx_word' id='word_1_166' title='bbox 1147 1981 1467 2043; x_wconf 90' lang='lat' dir='ltr'><strong>audierunt</strong></span> <span class='ocrx_word' id='word_1_167' title='bbox 1490 1980 1714 2043; x_wconf 66' lang='lat' dir='ltr'><strong>Scribae</strong></span> <span class='ocrx_word' id='word_1_168' title='bbox 1745 1981 2074 2061; x_wconf 87' lang='lat' dir='ltr'><strong>principes-</strong></span> 
     </span>
    </p>
   </div>
   <div class='ocr_carea' id='block_1_24' title="bbox 424 2069 2074 2151">
    <p class='ocr_par' dir='ltr' id='par_1_24' title="bbox 424 2069 2074 2151">
     <span class='ocr_line' id='line_1_24' title="bbox 424 2069 2074 2151; baseline 0 -20"><span class='ocrx_word' id='word_1_169' title='bbox 424 2090 539 2151; x_wconf 87' lang='lat' dir='ltr'><strong>que</strong></span> <span class='ocrx_word' id='word_1_170' title='bbox 569 2069 968 2149; x_wconf 79' lang='lat' dir='ltr'><strong>sacerdotum,</strong></span> <span class='ocrx_word' id='word_1_171' title='bbox 995 2080 1052 2132; x_wconf 92' lang='lat' dir='ltr'><strong>et</strong></span> <span class='ocrx_word' id='word_1_172' title='bbox 1085 2069 1428 2150; x_wconf 85' lang='lat' dir='ltr'><strong>quaerebant</strong></span> <span class='ocrx_word' id='word_1_173' title='bbox 1459 2070 1757 2150; x_wconf 85' lang='lat' dir='ltr'><strong>quomodo</strong></span> <span class='ocrx_word' id='word_1_174' title='bbox 1789 2070 1957 2131; x_wconf 92' lang='lat' dir='ltr'><strong>illum</strong></span> <span class='ocrx_word' id='word_1_175' title='bbox 1983 2088 2074 2132; x_wconf 86' lang='lat' dir='ltr'><strong>es-</strong></span> 
     </span>
    </p>
   </div>
   <div class='ocr_carea' id='block_1_25' title="bbox 421 2158 2077 2240">
    <p class='ocr_par' dir='ltr' id='par_1_25' title="bbox 421 2158 2077 2240">
     <span class='ocr_line' id='line_1_25' title="bbox 421 2158 2077 2240; baseline -0.001 -18"><span class='ocrx_word' id='word_1_176' title='bbox 421 2169 555 2222; x_wconf 90' lang='lat' dir='ltr'><strong>sent</strong></span> <span class='ocrx_word' id='word_1_177' title='bbox 613 2158 926 2240; x_wconf 88' lang='lat' dir='ltr'><strong>perdituri.</strong></span> <span class='ocrx_word' id='word_1_178' title='bbox 979 2158 1293 2220; x_wconf 89' lang='lat' dir='ltr'><strong>Timebant</strong></span> <span class='ocrx_word' id='word_1_179' title='bbox 1343 2159 1501 2220; x_wconf 90' lang='lat' dir='ltr'><strong>enim</strong></span> <span class='ocrx_word' id='word_1_180' title='bbox 1560 2178 1719 2232; x_wconf 90' lang='lat' dir='ltr'><strong>eum,</strong></span> <span class='ocrx_word' id='word_1_181' title='bbox 1756 2160 1911 2239; x_wconf 90' lang='lat' dir='ltr'><strong>quod</strong></span> <span class='ocrx_word' id='word_1_182' title='bbox 1958 2167 2077 2221; x_wconf 83' lang='lat' dir='ltr'><strong>tota</strong></span> 
     </span>
    </p>
   </div>
   <div class='ocr_carea' id='block_1_26' title="bbox 425 2246 2073 2327">
    <p class='ocr_par' dir='ltr' id='par_1_26' title="bbox 425 2246 2073 2327">
     <span class='ocr_line' id='line_1_26' title="bbox 425 2246 2073 2327; baseline 0.001 -18"><span class='ocrx_word' id='word_1_183' title='bbox 425 2249 597 2311; x_wconf 90' lang='lat' dir='ltr'><strong>turba</strong></span> <span class='ocrx_word' id='word_1_184' title='bbox 625 2246 1031 2310; x_wconf 84' lang='lat' dir='ltr'><strong>admirabatur</strong></span> <span class='ocrx_word' id='word_1_185' title='bbox 1063 2248 1394 2309; x_wconf 87' lang='lat' dir='ltr'><strong>doctrinam</strong></span> <span class='ocrx_word' id='word_1_186' title='bbox 1425 2248 1644 2310; x_wconf 81' lang='lat' dir='ltr'><strong>illius.»</strong></span> <span class='ocrx_word' id='word_1_187' title='bbox 1680 2248 1846 2320; x_wconf 89' lang='lat' dir='ltr'><strong>Quod</strong></span> <span class='ocrx_word' id='word_1_188' title='bbox 1874 2249 2073 2327; x_wconf 87' lang='lat' dir='ltr'><strong>ejece-</strong></span> 
     </span>
    </p>
   </div>
   <div class='ocr_carea' id='block_1_27' title="bbox 420 2336 2077 2413">
    <p class='ocr_par' dir='ltr' id='par_1_27' title="bbox 420 2336 2077 2413">
     <span class='ocr_line' id='line_1_27' title="bbox 420 2336 2077 2413; baseline -0.001 -13"><span class='ocrx_word' id='word_1_189' title='bbox 420 2339 499 2400; x_wconf 89' lang='lat' dir='ltr'><strong>rit</strong></span> <span class='ocrx_word' id='word_1_190' title='bbox 526 2338 875 2413; x_wconf 89' lang='lat' dir='ltr'><strong>vendentes,</strong></span> <span class='ocrx_word' id='word_1_191' title='bbox 909 2336 1085 2398; x_wconf 90' lang='lat' dir='ltr'><strong>etiam</strong></span> <span class='ocrx_word' id='word_1_192' title='bbox 1109 2340 1372 2399; x_wconf 85' lang='lat' dir='ltr'><strong>Joannes</strong></span> <span class='ocrx_word' id='word_1_193' title='bbox 1400 2346 1601 2399; x_wconf 86' lang='lat' dir='ltr'><strong>narrat</strong></span> <span class='ocrx_word' id='word_1_194' title='bbox 1640 2360 1650 2397; x_wconf 95' lang='lat'>:</span> <span class='ocrx_word' id='word_1_195' title='bbox 1682 2338 1785 2397; x_wconf 92' lang='lat' dir='ltr'><strong>sed</strong></span> <span class='ocrx_word' id='word_1_196' title='bbox 1817 2336 2077 2400; x_wconf 82' lang='lat' dir='ltr'><strong>Joannes</strong></span> 
     </span>
    </p>
   </div>
   <div class='ocr_carea' id='block_1_28' title="bbox 422 2425 2075 2509">
    <p class='ocr_par' dir='ltr' id='par_1_28' title="bbox 422 2425 2075 2509">
     <span class='ocr_line' id='line_1_28' title="bbox 422 2425 2075 2509; baseline -0.002 -19"><span class='ocrx_word' id='word_1_197' title='bbox 422 2430 483 2490; x_wconf 90' lang='lat' dir='ltr'><strong>in</strong></span> <span class='ocrx_word' id='word_1_198' title='bbox 510 2427 801 2509; x_wconf 90' lang='lat' dir='ltr'><strong>principio</strong></span> <span class='ocrx_word' id='word_1_199' title='bbox 832 2425 1154 2505; x_wconf 80' lang='lat' dir='ltr'><strong>Evangelii,</strong></span> <span class='ocrx_word' id='word_1_200' title='bbox 1191 2425 1285 2486; x_wconf 87' lang='lat' dir='ltr'><strong>hic</strong></span> <span class='ocrx_word' id='word_1_201' title='bbox 1317 2434 1512 2487; x_wconf 90' lang='lat' dir='ltr'><strong>autem</strong></span> <span class='ocrx_word' id='word_1_202' title='bbox 1545 2426 1654 2487; x_wconf 91' lang='lat' dir='ltr'><strong>sub</strong></span> <span class='ocrx_word' id='word_1_203' title='bbox 1686 2425 2075 2489; x_wconf 86' lang='lat' dir='ltr'><strong>ﬁnem.Veri-</strong></span> 
     </span>
    </p>
   </div>
   <div class='ocr_carea' id='block_1_29' title="bbox 428 2514 2077 2595">
    <p class='ocr_par' dir='ltr' id='par_1_29' title="bbox 428 2514 2077 2595">
     <span class='ocr_line' id='line_1_29' title="bbox 428 2514 2077 2595; baseline -0.001 -17"><span class='ocrx_word' id='word_1_204' title='bbox 428 2517 624 2578; x_wconf 89' lang='lat' dir='ltr'><strong>simile</strong></span> <span class='ocrx_word' id='word_1_205' title='bbox 654 2516 957 2594; x_wconf 86' lang='lat' dir='ltr'><strong>igiturhoc</strong></span> <span class='ocrx_word' id='word_1_206' title='bbox 977 2514 1238 2576; x_wconf 88' lang='lat' dir='ltr'><strong>secundo</strong></span> <span class='ocrx_word' id='word_1_207' title='bbox 1258 2516 1623 2595; x_wconf 80' lang='lat' dir='ltr'><strong>l&#39;actum,quo</strong></span> <span class='ocrx_word' id='word_1_208' title='bbox 1648 2517 1821 2576; x_wconf 89' lang='lat' dir='ltr'><strong>etiam</strong></span> <span class='ocrx_word' id='word_1_209' title='bbox 1847 2515 2077 2577; x_wconf 70' lang='lat' dir='ltr'><strong>Judaeo-</strong></span> 
     </span>
    </p>
   </div>
   <div class='ocr_carea' id='block_1_30' title="bbox 426 2604 2074 2687">
    <p class='ocr_par' dir='ltr' id='par_1_30' title="bbox 426 2604 2074 2687">
     <span class='ocr_line' id='line_1_30' title="bbox 426 2604 2074 2687; baseline -0.001 -19"><span class='ocrx_word' id='word_1_210' title='bbox 426 2625 557 2668; x_wconf 91' lang='lat' dir='ltr'><strong>rum</strong></span> <span class='ocrx_word' id='word_1_211' title='bbox 592 2605 886 2667; x_wconf 89' lang='lat' dir='ltr'><strong>accusatio</strong></span> <span class='ocrx_word' id='word_1_212' title='bbox 922 2604 1110 2683; x_wconf 86' lang='lat' dir='ltr'><strong>major</strong></span> <span class='ocrx_word' id='word_1_213' title='bbox 1140 2608 1302 2665; x_wconf 85' lang='lat' dir='ltr'><strong>esset</strong></span> <span class='ocrx_word' id='word_1_214' title='bbox 1333 2625 1346 2663; x_wconf 91' lang='lat'>:</span> <span class='ocrx_word' id='word_1_215' title='bbox 1372 2604 1856 2684; x_wconf 87' lang='lat' dir='ltr'><strong>quandoquidem</strong></span> <span class='ocrx_word' id='word_1_216' title='bbox 1880 2623 2074 2687; x_wconf 87' lang='lat' dir='ltr'><strong>neque</strong></span> 
     </span>
    </p>
   </div>
   <div class='ocr_carea' id='block_1_31' title="bbox 426 2693 2069 2774">
    <p class='ocr_par' dir='ltr' id='par_1_31' title="bbox 426 2693 2069 2774">
     <span class='ocr_line' id='line_1_31' title="bbox 426 2693 2069 2774; baseline -0.001 -18"><span class='ocrx_word' id='word_1_217' title='bbox 426 2714 562 2756; x_wconf 91' lang='lat' dir='ltr'><strong>cum</strong></span> <span class='ocrx_word' id='word_1_218' title='bbox 594 2712 752 2774; x_wconf 68' lang='lat' dir='ltr'><strong>saape</strong></span> <span class='ocrx_word' id='word_1_219' title='bbox 782 2693 939 2754; x_wconf 86' lang='lat' dir='ltr'><strong>idem</strong></span> <span class='ocrx_word' id='word_1_220' title='bbox 990 2693 1197 2754; x_wconf 83' lang='lat' dir='ltr'><strong>fecerit</strong></span> <span class='ocrx_word' id='word_1_221' title='bbox 1248 2694 1560 2771; x_wconf 90' lang='lat' dir='ltr'><strong>Dominus,</strong></span> <span class='ocrx_word' id='word_1_222' title='bbox 1597 2701 1735 2754; x_wconf 90' lang='lat' dir='ltr'><strong>sunt</strong></span> <span class='ocrx_word' id='word_1_223' title='bbox 1777 2695 2069 2756; x_wconf 87' lang='lat' dir='ltr'><strong>conversi.</strong></span> 
     </span>
    </p>
   </div>
   <div class='ocr_carea' id='block_1_32' title="bbox 426 2781 2078 2865">
    <p class='ocr_par' dir='ltr' id='par_1_32' title="bbox 426 2781 2078 2865">
     <span class='ocr_line' id='line_1_32' title="bbox 426 2781 2078 2865; baseline -0.002 -18"><span class='ocrx_word' id='word_1_224' title='bbox 426 2784 781 2865; x_wconf 90' lang='lat' dir='ltr'><strong>Speluncam</strong></span> <span class='ocrx_word' id='word_1_225' title='bbox 813 2789 1007 2844; x_wconf 90' lang='lat' dir='ltr'><strong>autem</strong></span> <span class='ocrx_word' id='word_1_226' title='bbox 1028 2782 1320 2844; x_wconf 88' lang='lat' dir='ltr'><strong>latronum</strong></span> <span class='ocrx_word' id='word_1_227' title='bbox 1352 2781 1615 2843; x_wconf 88' lang='lat' dir='ltr'><strong>nominat</strong></span> <span class='ocrx_word' id='word_1_228' title='bbox 1636 2783 1919 2863; x_wconf 81' lang='lat' dir='ltr'><strong>templum</strong></span> <span class='ocrx_word' id='word_1_229' title='bbox 1944 2801 2078 2863; x_wconf 88' lang='lat' dir='ltr'><strong>pro-</strong></span> 
     </span>
    </p>
   </div>
   <div class='ocr_carea' id='block_1_33' title="bbox 427 2871 2075 2954">
    <p class='ocr_par' dir='ltr' id='par_1_33' title="bbox 427 2871 2075 2954">
     <span class='ocr_line' id='line_1_33' title="bbox 427 2871 2075 2954; baseline -0.001 -20"><span class='ocrx_word' id='word_1_230' title='bbox 427 2882 557 2954; x_wconf 90' lang='lat' dir='ltr'><strong>pter</strong></span> <span class='ocrx_word' id='word_1_231' title='bbox 605 2871 932 2934; x_wconf 88' lang='lat' dir='ltr'><strong>avaritiam.</strong></span> <span class='ocrx_word' id='word_1_232' title='bbox 977 2871 1296 2932; x_wconf 86' lang='lat' dir='ltr'><strong>Latronum</strong></span> <span class='ocrx_word' id='word_1_233' title='bbox 1333 2871 1489 2932; x_wconf 90' lang='lat' dir='ltr'><strong>enim</strong></span> <span class='ocrx_word' id='word_1_234' title='bbox 1525 2890 1715 2950; x_wconf 84' lang='lat' dir='ltr'><strong>genus</strong></span> <span class='ocrx_word' id='word_1_235' title='bbox 1740 2871 1812 2932; x_wconf 91' lang='lat' dir='ltr'><strong>ad</strong></span> <span class='ocrx_word' id='word_1_236' title='bbox 1848 2872 2075 2933; x_wconf 83' lang='lat' dir='ltr'><strong>lucrum</strong></span> 
     </span>
    </p>
   </div>
   <div class='ocr_carea' id='block_1_34' title="bbox 426 2960 2077 3043">
    <p class='ocr_par' dir='ltr' id='par_1_34' title="bbox 426 2960 2077 3043">
     <span class='ocr_line' id='line_1_34' title="bbox 426 2960 2077 3043; baseline -0.001 -20"><span class='ocrx_word' id='word_1_237' title='bbox 426 2970 671 3043; x_wconf 64' lang='lat' dir='ltr'><strong>sper-tat.</strong></span> <span class='ocrx_word' id='word_1_238' title='bbox 701 2960 774 3021; x_wconf 92' lang='lat' dir='ltr'><strong>Et</strong></span> <span class='ocrx_word' id='word_1_239' title='bbox 801 2960 1079 3041; x_wconf 88' lang='lat' dir='ltr'><strong>quoniam</strong></span> <span class='ocrx_word' id='word_1_240' title='bbox 1132 2960 1309 3020; x_wconf 84' lang='lat' dir='ltr'><strong>etiam</strong></span> <span class='ocrx_word' id='word_1_241' title='bbox 1361 2960 1447 3021; x_wconf 92' lang='lat' dir='ltr'><strong>illi</strong></span> <span class='ocrx_word' id='word_1_242' title='bbox 1497 2970 1742 3041; x_wconf 87' lang='lat' dir='ltr'><strong>propter</strong></span> <span class='ocrx_word' id='word_1_243' title='bbox 1785 2960 2077 3022; x_wconf 89' lang='lat' dir='ltr'><strong>sacriﬁcia</strong></span> 
     </span>
    </p>
   </div>
   <div class='ocr_carea' id='block_1_35' title="bbox 425 3042 2136 3131">
    <p class='ocr_par' dir='ltr' id='par_1_35' title="bbox 425 3042 2136 3131">
     <span class='ocr_line' id='line_1_35' title="bbox 425 3042 2136 3131; baseline 0 -20"><span class='ocrx_word' id='word_1_244' title='bbox 425 3042 704 3112; x_wconf 78' lang='lat' dir='ltr'><strong>animalia</strong></span> <span class='ocrx_word' id='word_1_245' title='bbox 733 3069 865 3131; x_wconf 83' lang='lat' dir='ltr'><strong>quae</strong></span> <span class='ocrx_word' id='word_1_246' title='bbox 894 3050 1276 3127; x_wconf 74' lang='lat' dir='ltr'><strong>offerrentur,</strong></span> <span class='ocrx_word' id='word_1_247' title='bbox 1315 3050 1462 3111; x_wconf 91' lang='lat' dir='ltr'><strong>lucri</strong></span> <span class='ocrx_word' id='word_1_248' title='bbox 1498 3050 1684 3126; x_wconf 81' lang='lat' dir='ltr'><strong>gratia</strong></span> <span class='ocrx_word' id='word_1_249' title='bbox 1715 3049 2072 3125; x_wconf 86' lang='lat' dir='ltr'><strong>vendebant,</strong></span> <span class='ocrx_word' id='word_1_250' title='bbox 2096 3042 2136 3084; x_wconf 55' lang='grc'><strong>(³</strong></span> 
     </span>
    </p>
   </div>
   <div class='ocr_carea' id='block_1_36' title="bbox 424 3138 2074 3220">
    <p class='ocr_par' dir='ltr' id='par_1_36' title="bbox 424 3138 2074 3220">
     <span class='ocr_line' id='line_1_36' title="bbox 424 3138 2074 3220; baseline -0.001 -19"><span class='ocrx_word' id='word_1_251' title='bbox 424 3141 684 3203; x_wconf 91' lang='lat' dir='ltr'><strong>latrones</strong></span> <span class='ocrx_word' id='word_1_252' title='bbox 705 3142 864 3220; x_wconf 91' lang='lat' dir='ltr'><strong>ipsos</strong></span> <span class='ocrx_word' id='word_1_253' title='bbox 894 3138 1582 3220; x_wconf 65' lang='lat' dir='ltr'><strong>nominavitCollybistaa</strong></span> <span class='ocrx_word' id='word_1_254' title='bbox 1602 3148 1802 3201; x_wconf 88' lang='lat' dir='ltr'><strong>autem</strong></span> <span class='ocrx_word' id='word_1_255' title='bbox 1834 3138 2074 3200; x_wconf 85' lang='lat' dir='ltr'><strong>fuerunt</strong></span> 
     </span>
    </p>
   </div>
   <div class='ocr_carea' id='block_1_37' title="bbox 423 3227 2075 3311">
    <p class='ocr_par' dir='ltr' id='par_1_37' title="bbox 423 3227 2075 3311">
     <span class='ocr_line' id='line_1_37' title="bbox 423 3227 2075 3311; baseline -0.001 -21"><span class='ocrx_word' id='word_1_256' title='bbox 423 3230 522 3311; x_wconf 91' lang='lat' dir='ltr'><strong>qui</strong></span> <span class='ocrx_word' id='word_1_257' title='bbox 554 3248 832 3293; x_wconf 87' lang='lat' dir='ltr'><strong>nummos</strong></span> <span class='ocrx_word' id='word_1_258' title='bbox 865 3228 1300 3309; x_wconf 87' lang='lat' dir='ltr'><strong>permutabant.</strong></span> <span class='ocrx_word' id='word_1_259' title='bbox 1326 3227 1563 3308; x_wconf 77' lang='lat' dir='ltr'><strong>Collyba</strong></span> <span class='ocrx_word' id='word_1_260' title='bbox 1594 3228 1751 3289; x_wconf 78' lang='lat' dir='ltr'><strong>enim</strong></span> <span class='ocrx_word' id='word_1_261' title='bbox 1776 3246 1961 3306; x_wconf 87' lang='lat' dir='ltr'><strong>genus</strong></span> <span class='ocrx_word' id='word_1_262' title='bbox 1986 3237 2075 3290; x_wconf 92' lang='lat' dir='ltr'><strong>est</strong></span> 
     </span>
    </p>
   </div>
   <div class='ocr_carea' id='block_1_38' title="bbox 425 3316 2073 3380">
    <p class='ocr_par' dir='ltr' id='par_1_38' title="bbox 425 3316 2073 3380">
     <span class='ocr_line' id='line_1_38' title="bbox 425 3316 2073 3380; baseline -0.001 -1"><span class='ocrx_word' id='word_1_263' title='bbox 425 3319 802 3380; x_wconf 87' lang='lat' dir='ltr'><strong>numismalis</strong></span> <span class='ocrx_word' id='word_1_264' title='bbox 855 3319 1085 3379; x_wconf 90' lang='lat' dir='ltr'><strong>minimi</strong></span> <span class='ocrx_word' id='word_1_265' title='bbox 1132 3318 1273 3378; x_wconf 69' lang='lat' dir='ltr'><strong>terei</strong></span> <span class='ocrx_word' id='word_1_266' title='bbox 1334 3318 1686 3379; x_wconf 90' lang='lat' dir='ltr'><strong>Accusando</strong></span> <span class='ocrx_word' id='word_1_267' title='bbox 1720 3327 1917 3378; x_wconf 90' lang='lat' dir='ltr'><strong>autem</strong></span> <span class='ocrx_word' id='word_1_268' title='bbox 1953 3316 2073 3378; x_wconf 89' lang='lat' dir='ltr'><strong>illis</strong></span> 
     </span>
    </p>
   </div>
   <div class='ocr_carea' id='block_1_39' title="bbox 426 3406 2072 3488">
    <p class='ocr_par' dir='ltr' id='par_1_39' title="bbox 426 3406 2072 3488">
     <span class='ocr_line' id='line_1_39' title="bbox 426 3406 2072 3488; baseline -0.002 -18"><span class='ocrx_word' id='word_1_269' title='bbox 426 3408 603 3471; x_wconf 88' lang='lat' dir='ltr'><strong>etiam</strong></span> <span class='ocrx_word' id='word_1_270' title='bbox 636 3406 850 3469; x_wconf 87' lang='lat' dir='ltr'><strong>Isaiam</strong></span> <span class='ocrx_word' id='word_1_271' title='bbox 884 3407 1231 3488; x_wconf 87' lang='lat' dir='ltr'><strong>prophetam</strong></span> <span class='ocrx_word' id='word_1_272' title='bbox 1274 3407 1445 3468; x_wconf 78' lang='lat' dir='ltr'><strong>aﬂ&#39;ert</strong></span> <span class='ocrx_word' id='word_1_273' title='bbox 1474 3407 1773 3469; x_wconf 83' lang='lat' dir='ltr'><strong>dicentem</strong></span> <span class='ocrx_word' id='word_1_274' title='bbox 1805 3424 1818 3469; x_wconf 89' lang='lat'>:</span> <span class='ocrx_word' id='word_1_275' title='bbox 1849 3408 2072 3469; x_wconf 91' lang='lat' dir='ltr'><strong>Domus</strong></span> 
     </span>
    </p>
   </div>
   <div class='ocr_carea' id='block_1_40' title="bbox 428 3495 2071 3576">
    <p class='ocr_par' dir='ltr' id='par_1_40' title="bbox 428 3495 2071 3576">
     <span class='ocr_line' id='line_1_40' title="bbox 428 3495 2071 3576; baseline -0.001 -18"><span class='ocrx_word' id='word_1_276' title='bbox 428 3512 558 3558; x_wconf 90' lang='lat' dir='ltr'><strong>mea</strong></span> <span class='ocrx_word' id='word_1_277' title='bbox 590 3496 803 3558; x_wconf 91' lang='lat' dir='ltr'><strong>domus</strong></span> <span class='ocrx_word' id='word_1_278' title='bbox 828 3497 1186 3576; x_wconf 86' lang='lat' dir='ltr'><strong>precationis</strong></span> <span class='ocrx_word' id='word_1_279' title='bbox 1222 3495 1542 3557; x_wconf 90' lang='lat' dir='ltr'><strong>vocabitur.</strong></span> <span class='ocrx_word' id='word_1_280' title='bbox 1576 3496 1960 3560; x_wconf 83' lang='lat' dir='ltr'><strong>Absitautem</strong></span> <span class='ocrx_word' id='word_1_281' title='bbox 1996 3514 2071 3557; x_wconf 90' lang='lat' dir='ltr'><strong>ne</strong></span> 
     </span>
    </p>
   </div>
   <div class='ocr_carea' id='block_1_41' title="bbox 2155 823 3813 912">
    <p class='ocr_par' dir='ltr' id='par_1_41' title="bbox 2155 823 3813 912">
     <span class='ocr_line' id='line_1_41' title="bbox 2155 823 3813 912; baseline 0.006 -34"><span class='ocrx_word' id='word_1_282' title='bbox 2155 828 2248 878; x_wconf 87' lang='grc' dir='ltr'>τοῦ</span> <span class='ocrx_word' id='word_1_283' title='bbox 2308 823 2512 902; x_wconf 82' lang='grc' dir='ltr'><strong>Πατρός</strong></span> <span class='ocrx_word' id='word_1_284' title='bbox 2567 845 2692 899; x_wconf 86' lang='grc' dir='ltr'>μου,</span> <span class='ocrx_word' id='word_1_285' title='bbox 2746 823 2969 899; x_wconf 84' lang='grc' dir='ltr'>Θὲλημα</span> <span class='ocrx_word' id='word_1_286' title='bbox 3023 824 3077 881; x_wconf 78' lang='grc' dir='ltr'>δὲ</span> <span class='ocrx_word' id='word_1_287' title='bbox 3160 833 3293 884; x_wconf 89' lang='grc' dir='ltr'>Θεοῦ</span> <span class='ocrx_word' id='word_1_288' title='bbox 3349 829 3410 885; x_wconf 80' lang='grc' dir='ltr'>τὸ</span> <span class='ocrx_word' id='word_1_289' title='bbox 3479 829 3813 912; x_wconf 69' lang='grc' dir='ltr'>ἐπιστρέφειν</span> 
     </span>
    </p>
   </div>
   <div class='ocr_carea' id='block_1_42' title="bbox 2157 912 3811 998">
    <p class='ocr_par' dir='ltr' id='par_1_42' title="bbox 2157 912 3811 998">
     <span class='ocr_line' id='line_1_42' title="bbox 2157 912 3811 998; baseline 0.006 -31"><span class='ocrx_word' id='word_1_290' title='bbox 2157 915 2276 975; x_wconf 88' lang='grc' dir='ltr'>τοὺς</span> <span class='ocrx_word' id='word_1_291' title='bbox 2334 912 2754 992; x_wconf 74' lang='grc' dir='ltr'>ἁμαρτάνοντας.</span> <span class='ocrx_word' id='word_1_292' title='bbox 2805 914 2955 971; x_wconf 84' lang='grc' dir='ltr'><strong>Ἐπεὶ</strong></span> <span class='ocrx_word' id='word_1_293' title='bbox 2985 915 3156 971; x_wconf 79' lang='grc' dir='ltr'>τοίνυν</span> <span class='ocrx_word' id='word_1_294' title='bbox 3191 918 3287 973; x_wconf 78' lang='grc' dir='ltr'>οὐκ</span> <span class='ocrx_word' id='word_1_295' title='bbox 3344 918 3472 998; x_wconf 75' lang='grc' dir='ltr'>εἶχε</span> <span class='ocrx_word' id='word_1_296' title='bbox 3524 922 3728 998; x_wconf 82' lang='grc' dir='ltr'>καρπὸν</span> <span class='ocrx_word' id='word_1_297' title='bbox 3774 923 3811 990; x_wconf 81' lang='grc' dir='ltr'>ἡ</span> 
     </span>
    </p>
   </div>
   <div class='ocr_carea' id='block_1_43' title="bbox 2157 1000 3813 1087">
    <p class='ocr_par' dir='ltr' id='par_1_43' title="bbox 2157 1000 3813 1087">
     <span class='ocr_line' id='line_1_43' title="bbox 2157 1000 3813 1087; baseline 0.006 -31"><span class='ocrx_word' id='word_1_298' title='bbox 2157 1002 2461 1079; x_wconf 78' lang='grc' dir='ltr'>συναγωγὴ,</span> <span class='ocrx_word' id='word_1_299' title='bbox 2506 1000 2781 1081; x_wconf 77' lang='grc' dir='ltr'>κατηράθη</span> <span class='ocrx_word' id='word_1_300' title='bbox 2849 1005 2935 1059; x_wconf 82' lang='grc' dir='ltr'><strong>καὶ</strong></span> <span class='ocrx_word' id='word_1_301' title='bbox 2992 1002 3272 1082; x_wconf 71' lang='grc' dir='ltr'>ἐξηράνθη,</span> <span class='ocrx_word' id='word_1_302' title='bbox 3336 1009 3473 1082; x_wconf 79' lang='grc' dir='ltr'>μήτε</span> <span class='ocrx_word' id='word_1_303' title='bbox 3529 1011 3813 1087; x_wconf 77' lang='grc' dir='ltr'><strong>προφήτην</strong></span> 
     </span>
    </p>
   </div>
   <div class='ocr_carea' id='block_1_44' title="bbox 2157 1088 2890 1171">
    <p class='ocr_par' dir='ltr' id='par_1_44' title="bbox 2157 1088 2890 1171">
     <span class='ocr_line' id='line_1_44' title="bbox 2157 1088 2890 1171; baseline 0.004 -26"><span class='ocrx_word' id='word_1_304' title='bbox 2157 1091 2295 1165; x_wconf 82' lang='grc' dir='ltr'>μήτε</span> <span class='ocrx_word' id='word_1_305' title='bbox 2325 1088 2637 1149; x_wconf 84' lang='grc' dir='ltr'>διδάσκαλον</span> <span class='ocrx_word' id='word_1_306' title='bbox 2665 1090 2865 1171; x_wconf 68' lang='grc' dir='ltr'>ἔχουσα</span> <span class='ocrx_word' id='word_1_307' title='bbox 2876 1140 2890 1155; x_wconf 86' lang='grc'><strong>.</strong></span> 
     </span>
    </p>
   </div>
   <div class='ocr_carea' id='block_1_45' title="bbox 2243 1262 3812 1350">
    <p class='ocr_par' dir='ltr' id='par_1_45' title="bbox 2243 1262 3812 1350">
     <span class='ocr_line' id='line_1_45' title="bbox 2243 1262 3812 1350; baseline 0.008 -27"><span class='ocrx_word' id='word_1_308' title='bbox 2243 1291 2271 1323; x_wconf 73' lang='grc' dir='ltr'><strong>α</strong></span> <span class='ocrx_word' id='word_1_309' title='bbox 2333 1270 2430 1327; x_wconf 83' lang='grc' dir='ltr'>Καὶ</span> <span class='ocrx_word' id='word_1_310' title='bbox 2488 1268 2736 1349; x_wconf 72' lang='grc' dir='ltr'>ἔρχονται</span> <span class='ocrx_word' id='word_1_311' title='bbox 2794 1271 2867 1333; x_wconf 79' lang='grc' dir='ltr'><strong>εἰς</strong></span> <span class='ocrx_word' id='word_1_312' title='bbox 2928 1262 3291 1350; x_wconf 79' lang='grc' dir='ltr'>Ἰεροσόλυμα.</span> <span class='ocrx_word' id='word_1_313' title='bbox 3340 1276 3439 1331; x_wconf 77' lang='grc' dir='ltr'><strong>Καὶ</strong></span> <span class='ocrx_word' id='word_1_314' title='bbox 3480 1273 3724 1334; x_wconf 74' lang='grc' dir='ltr'>εἰσελθὼν</span> <span class='ocrx_word' id='word_1_315' title='bbox 3782 1280 3812 1334; x_wconf 79' lang='grc' dir='ltr'>ὁ</span> 
     </span>
    </p>
   </div>
   <div class='ocr_carea' id='block_1_46' title="bbox 2154 1356 3809 1439">
    <p class='ocr_par' dir='ltr' id='par_1_46' title="bbox 2154 1356 3809 1439">
     <span class='ocr_line' id='line_1_46' title="bbox 2154 1356 3809 1439; baseline 0.005 -24"><span class='ocrx_word' id='word_1_316' title='bbox 2154 1356 2362 1424; x_wconf 84' lang='grc' dir='ltr'>Ἰησοῦς</span> <span class='ocrx_word' id='word_1_317' title='bbox 2420 1359 2491 1424; x_wconf 80' lang='grc' dir='ltr'><strong>εἷς</strong></span> <span class='ocrx_word' id='word_1_318' title='bbox 2569 1360 2631 1414; x_wconf 85' lang='grc' dir='ltr'>τὸ</span> <span class='ocrx_word' id='word_1_319' title='bbox 2687 1360 2850 1437; x_wconf 76' lang='grc' dir='ltr'>ἱερὸν,</span> <span class='ocrx_word' id='word_1_320' title='bbox 2912 1358 3105 1439; x_wconf 71' lang='grc' dir='ltr'>ἤρξατο</span> <span class='ocrx_word' id='word_1_321' title='bbox 3163 1360 3443 1419; x_wconf 83' lang='grc' dir='ltr'>ἐκϐάλλειν</span> <span class='ocrx_word' id='word_1_322' title='bbox 3514 1365 3633 1429; x_wconf 87' lang='grc' dir='ltr'>τοὺς</span> <span class='ocrx_word' id='word_1_323' title='bbox 3689 1388 3809 1423; x_wconf 88' lang='grc' dir='ltr'><strong>πω-</strong></span> 
     </span>
    </p>
   </div>
   <div class='ocr_carea' id='block_1_47' title="bbox 2154 1444 3811 1534">
    <p class='ocr_par' dir='ltr' id='par_1_47' title="bbox 2154 1444 3811 1534">
     <span class='ocr_line' id='line_1_47' title="bbox 2154 1444 3811 1534; baseline 0.005 -33"><span class='ocrx_word' id='word_1_324' title='bbox 2154 1444 2375 1509; x_wconf 87' lang='grc' dir='ltr'>λοῦντας</span> <span class='ocrx_word' id='word_1_325' title='bbox 2433 1447 2906 1525; x_wconf 75' lang='grc' dir='ltr'>καὶᾶγοροίζοντας</span> <span class='ocrx_word' id='word_1_326' title='bbox 2954 1449 3009 1504; x_wconf 84' lang='grc' dir='ltr'><strong>ἐν</strong></span> <span class='ocrx_word' id='word_1_327' title='bbox 3067 1456 3144 1524; x_wconf 84' lang='grc' dir='ltr'>τῷ</span> <span class='ocrx_word' id='word_1_328' title='bbox 3186 1452 3335 1529; x_wconf 79' lang='grc' dir='ltr'>ἱερῷ.</span> <span class='ocrx_word' id='word_1_329' title='bbox 3401 1454 3499 1510; x_wconf 84' lang='grc' dir='ltr'><strong>Καὶ</strong></span> <span class='ocrx_word' id='word_1_330' title='bbox 3541 1455 3635 1517; x_wconf 84' lang='grc' dir='ltr'>τὰς</span> <span class='ocrx_word' id='word_1_331' title='bbox 3677 1477 3811 1534; x_wconf 86' lang='grc' dir='ltr'>τρα-</span> 
     </span>
    </p>
   </div>
   <div class='ocr_carea' id='block_1_48' title="bbox 2154 1535 3811 1621">
    <p class='ocr_par' dir='ltr' id='par_1_48' title="bbox 2154 1535 3811 1621">
     <span class='ocr_line' id='line_1_48' title="bbox 2154 1535 3811 1621; baseline 0.006 -30"><span class='ocrx_word' id='word_1_332' title='bbox 2154 1535 2317 1606; x_wconf 77' lang='grc' dir='ltr'>πέζας</span> <span class='ocrx_word' id='word_1_333' title='bbox 2359 1542 2467 1593; x_wconf 81' lang='grc' dir='ltr'><strong>τῶν</strong></span> <span class='ocrx_word' id='word_1_334' title='bbox 2523 1535 2884 1593; x_wconf 82' lang='grc' dir='ltr'>κολλυϐιστῶν</span> <span class='ocrx_word' id='word_1_335' title='bbox 2930 1540 3018 1595; x_wconf 81' lang='grc' dir='ltr'>καὶ</span> <span class='ocrx_word' id='word_1_336' title='bbox 3073 1541 3167 1605; x_wconf 81' lang='grc' dir='ltr'>τὰς</span> <span class='ocrx_word' id='word_1_337' title='bbox 3238 1539 3486 1621; x_wconf 74' lang='grc' dir='ltr'>καθέδρας</span> <span class='ocrx_word' id='word_1_338' title='bbox 3546 1543 3652 1599; x_wconf 77' lang='grc' dir='ltr'><strong>τῶν</strong></span> <span class='ocrx_word' id='word_1_339' title='bbox 3693 1566 3811 1601; x_wconf 88' lang='grc' dir='ltr'><strong>πω·-</strong></span> 
     </span>
    </p>
   </div>
   <div class='ocr_carea' id='block_1_49' title="bbox 2155 1622 3813 1710">
    <p class='ocr_par' dir='ltr' id='par_1_49' title="bbox 2155 1622 3813 1710">
     <span class='ocr_line' id='line_1_49' title="bbox 2155 1622 3813 1710; baseline 0.006 -31"><span class='ocrx_word' id='word_1_340' title='bbox 2155 1622 2389 1681; x_wconf 80' lang='grc' dir='ltr'>λούντων</span> <span class='ocrx_word' id='word_1_341' title='bbox 2490 1626 2583 1689; x_wconf 82' lang='grc' dir='ltr'><strong>τὰς</strong></span> <span class='ocrx_word' id='word_1_342' title='bbox 2686 1628 2999 1706; x_wconf 86' lang='grc' dir='ltr'>περιστερὰς</span> <span class='ocrx_word' id='word_1_343' title='bbox 3100 1629 3448 1710; x_wconf 76' lang='grc' dir='ltr'>κατέστρεψε.</span> <span class='ocrx_word' id='word_1_344' title='bbox 3537 1634 3637 1690; x_wconf 80' lang='grc' dir='ltr'>Καὶ</span> <span class='ocrx_word' id='word_1_345' title='bbox 3718 1638 3813 1692; x_wconf 70' lang='grc' dir='ltr'>οὐκ</span> 
     </span>
    </p>
   </div>
   <div class='ocr_carea' id='block_1_50' title="bbox 2156 1712 3810 1801">
    <p class='ocr_par' dir='ltr' id='par_1_50' title="bbox 2156 1712 3810 1801">
     <span class='ocr_line' id='line_1_50' title="bbox 2156 1712 3810 1801; baseline 0.006 -33"><span class='ocrx_word' id='word_1_346' title='bbox 2156 1712 2310 1793; x_wconf 69' lang='grc' dir='ltr'>ἤφιεν</span> <span class='ocrx_word' id='word_1_347' title='bbox 2376 1712 2468 1770; x_wconf 77' lang='grc' dir='ltr'>ἵνα</span> <span class='ocrx_word' id='word_1_348' title='bbox 2530 1737 2613 1779; x_wconf 92' lang='grc' dir='ltr'><strong>τις</strong></span> <span class='ocrx_word' id='word_1_349' title='bbox 2664 1713 2905 1794; x_wconf 73' lang='grc' dir='ltr'><strong>διενέγκῃ</strong></span> <span class='ocrx_word' id='word_1_350' title='bbox 2963 1724 3148 1783; x_wconf 89' lang='grc' dir='ltr'>σκεῦος</span> <span class='ocrx_word' id='word_1_351' title='bbox 3197 1716 3281 1776; x_wconf 80' lang='grc' dir='ltr'><strong>διὰ</strong></span> <span class='ocrx_word' id='word_1_352' title='bbox 3337 1726 3428 1776; x_wconf 88' lang='grc' dir='ltr'>τοῦ</span> <span class='ocrx_word' id='word_1_353' title='bbox 3477 1720 3640 1801; x_wconf 80' lang='grc' dir='ltr'>ἱεροῦ.</span> <span class='ocrx_word' id='word_1_354' title='bbox 3712 1724 3810 1780; x_wconf 83' lang='grc' dir='ltr'><strong>Καὶ</strong></span> 
     </span>
    </p>
   </div>
   <div class='ocr_carea' id='block_1_51' title="bbox 2155 1800 3810 1885">
    <p class='ocr_par' dir='ltr' id='par_1_51' title="bbox 2155 1800 3810 1885">
     <span class='ocr_line' id='line_1_51' title="bbox 2155 1800 3810 1885; baseline 0.007 -29"><span class='ocrx_word' id='word_1_355' title='bbox 2155 1800 2411 1883; x_wconf 81' lang='grc' dir='ltr'>ἐδίδασκε,</span> <span class='ocrx_word' id='word_1_356' title='bbox 2450 1801 2618 1882; x_wconf 79' lang='grc' dir='ltr'>λέγων</span> <span class='ocrx_word' id='word_1_357' title='bbox 2674 1806 2857 1867; x_wconf 74' lang='grc' dir='ltr'>αὐτοῖς</span> <span class='ocrx_word' id='word_1_358' title='bbox 2893 1823 2908 1838; x_wconf 80' lang='grc'><strong>⁸</strong></span> <span class='ocrx_word' id='word_1_359' title='bbox 2971 1809 3043 1865; x_wconf 73' lang='lat'>06</span> <span class='ocrx_word' id='word_1_360' title='bbox 3086 1807 3381 1885; x_wconf 83' lang='grc' dir='ltr'>γέγραπται</span> <span class='ocrx_word' id='word_1_361' title='bbox 3414 1807 3519 1880; x_wconf 81' lang='grc' dir='ltr'>ὅτι,</span> <span class='ocrx_word' id='word_1_362' title='bbox 3555 1801 3613 1867; x_wconf 61' lang='grc' dir='ltr'><strong>Ὀ</strong></span> <span class='ocrx_word' id='word_1_363' title='bbox 3657 1810 3810 1883; x_wconf 76' lang='grc' dir='ltr'>οἶκός</span> 
     </span>
    </p>
   </div>
   <div class='ocr_carea' id='block_1_52' title="bbox 2156 1891 3808 1982">
    <p class='ocr_par' dir='ltr' id='par_1_52' title="bbox 2156 1891 3808 1982">
     <span class='ocr_line' id='line_1_52' title="bbox 2156 1891 3808 1982; baseline 0.004 -34"><span class='ocrx_word' id='word_1_364' title='bbox 2156 1914 2257 1982; x_wconf 81' lang='grc' dir='ltr'>μου</span> <span class='ocrx_word' id='word_1_365' title='bbox 2319 1891 2473 1957; x_wconf 78' lang='grc' dir='ltr'>οἶκος</span> <span class='ocrx_word' id='word_1_366' title='bbox 2531 1895 2839 1972; x_wconf 76' lang='grc' dir='ltr'><strong>προσευχῆς</strong></span> <span class='ocrx_word' id='word_1_367' title='bbox 2884 1892 3211 1964; x_wconf 78' lang='grc' dir='ltr'>κληθήσεται</span> <span class='ocrx_word' id='word_1_368' title='bbox 3254 1901 3382 1951; x_wconf 81' lang='grc' dir='ltr'>πᾶσι</span> <span class='ocrx_word' id='word_1_369' title='bbox 3426 1909 3543 1960; x_wconf 76' lang='grc' dir='ltr'>τοῖς</span> <span class='ocrx_word' id='word_1_370' title='bbox 3572 1896 3808 1982; x_wconf 62' lang='grc' dir='ltr'>ἕθνεσινς</span> 
     </span>
    </p>
   </div>
   <div class='ocr_carea' id='block_1_53' title="bbox 2158 1972 3813 2063">
    <p class='ocr_par' dir='ltr' id='par_1_53' title="bbox 2158 1972 3813 2063">
     <span class='ocr_line' id='line_1_53' title="bbox 2158 1972 3813 2063; baseline 0.002 -28"><span class='ocrx_word' id='word_1_371' title='bbox 2158 1972 2343 2056; x_wconf 69' lang='grc' dir='ltr'>’Υμεϊς</span> <span class='ocrx_word' id='word_1_372' title='bbox 2394 1978 2447 2035; x_wconf 83' lang='grc' dir='ltr'>δὲ</span> <span class='ocrx_word' id='word_1_373' title='bbox 2496 1983 2785 2051; x_wconf 71' lang='grc' dir='ltr'>ἐποιήσατε</span> <span class='ocrx_word' id='word_1_374' title='bbox 2838 1982 2994 2038; x_wconf 77' lang='grc' dir='ltr'>αὐτὸν</span> <span class='ocrx_word' id='word_1_375' title='bbox 3066 1982 3328 2053; x_wconf 76' lang='grc' dir='ltr'>σπήλαιον</span> <span class='ocrx_word' id='word_1_376' title='bbox 3404 1983 3638 2063; x_wconf 76' lang='grc' dir='ltr'>λῃστῶν,</span> <span class='ocrx_word' id='word_1_377' title='bbox 3715 1972 3813 2046; x_wconf 67' lang='grc' dir='ltr'><strong>Καῖ</strong></span> 
     </span>
    </p>
   </div>
   <div class='ocr_carea' id='block_1_54' title="bbox 2154 2068 3814 2153">
    <p class='ocr_par' dir='ltr' id='par_1_54' title="bbox 2154 2068 3814 2153">
     <span class='ocr_line' id='line_1_54' title="bbox 2154 2068 3814 2153; baseline 0.004 -27"><span class='ocrx_word' id='word_1_378' title='bbox 2154 2068 2386 2137; x_wconf 70' lang='grc' dir='ltr'>ἤκουσαν</span> <span class='ocrx_word' id='word_1_379' title='bbox 2456 2072 2503 2126; x_wconf 77' lang='grc' dir='ltr'><strong>οἱ</strong></span> <span class='ocrx_word' id='word_1_380' title='bbox 2574 2076 2918 2147; x_wconf 80' lang='grc' dir='ltr'>Γραμματετς</span> <span class='ocrx_word' id='word_1_381' title='bbox 2976 2073 3064 2128; x_wconf 88' lang='grc' dir='ltr'><strong>καὶ</strong></span> <span class='ocrx_word' id='word_1_382' title='bbox 3118 2074 3165 2127; x_wconf 75' lang='grc' dir='ltr'>οἱ</span> <span class='ocrx_word' id='word_1_383' title='bbox 3226 2073 3524 2153; x_wconf 78' lang='grc' dir='ltr'><strong>ἀρχιερεῖς,</strong></span> <span class='ocrx_word' id='word_1_384' title='bbox 3570 2075 3814 2147; x_wconf 88' lang='grc' dir='ltr'><strong>καὶ</strong></span> 
     </span>
    </p>
   </div>
   <div class='ocr_carea' id='block_1_55' title="bbox 2158 2158 3811 2244">
    <p class='ocr_par' dir='ltr' id='par_1_55' title="bbox 2158 2158 3811 2244">
     <span class='ocr_line' id='line_1_55' title="bbox 2158 2158 3811 2244; baseline 0.005 -30"><span class='ocrx_word' id='word_1_385' title='bbox 2158 2181 2278 2215; x_wconf 88' lang='grc' dir='ltr'>τουν</span> <span class='ocrx_word' id='word_1_386' title='bbox 2334 2165 2447 2223; x_wconf 82' lang='grc' dir='ltr'><strong>πῶς</strong></span> <span class='ocrx_word' id='word_1_387' title='bbox 2536 2161 2692 2215; x_wconf 75' lang='grc' dir='ltr'>αὐτὸν</span> <span class='ocrx_word' id='word_1_388' title='bbox 2753 2159 3107 2220; x_wconf 81' lang='grc' dir='ltr'><strong>ἀπολέσωσιν.</strong></span> <span class='ocrx_word' id='word_1_389' title='bbox 3186 2158 3510 2241; x_wconf 67' lang='grc' dir='ltr'>Ἐφοϐοῦντο</span> <span class='ocrx_word' id='word_1_390' title='bbox 3552 2165 3651 2244; x_wconf 80' lang='grc' dir='ltr'><strong>γὰρ</strong></span> <span class='ocrx_word' id='word_1_391' title='bbox 3710 2168 3811 2223; x_wconf 77' lang='grc' dir='ltr'><strong>αὖ·</strong></span> 
     </span>
    </p>
   </div>
   <div class='ocr_carea' id='block_1_56' title="bbox 2158 2247 3811 2333">
    <p class='ocr_par' dir='ltr' id='par_1_56' title="bbox 2158 2247 3811 2333">
     <span class='ocr_line' id='line_1_56' title="bbox 2158 2247 3811 2333; baseline 0.003 -28"><span class='ocrx_word' id='word_1_392' title='bbox 2158 2250 2273 2327; x_wconf 81' lang='grc' dir='ltr'>τὸν,</span> <span class='ocrx_word' id='word_1_393' title='bbox 2334 2247 2414 2304; x_wconf 78' lang='grc' dir='ltr'>ὅτι</span> <span class='ocrx_word' id='word_1_394' title='bbox 2459 2255 2563 2311; x_wconf 83' lang='grc' dir='ltr'><strong>πᾶς</strong></span> <span class='ocrx_word' id='word_1_395' title='bbox 2620 2251 2648 2304; x_wconf 80' lang='grc' dir='ltr'>ὁ</span> <span class='ocrx_word' id='word_1_396' title='bbox 2706 2248 2874 2329; x_wconf 72' lang='grc' dir='ltr'>ὄχλος</span> <span class='ocrx_word' id='word_1_397' title='bbox 2933 2249 3289 2321; x_wconf 74' lang='grc' dir='ltr'>ἐξεπλήσσετο</span> <span class='ocrx_word' id='word_1_398' title='bbox 3358 2252 3443 2310; x_wconf 81' lang='grc' dir='ltr'><strong>ἐπὶ</strong></span> <span class='ocrx_word' id='word_1_399' title='bbox 3493 2258 3560 2330; x_wconf 75' lang='grc' dir='ltr'>τῇ</span> <span class='ocrx_word' id='word_1_400' title='bbox 3613 2251 3811 2333; x_wconf 82' lang='grc' dir='ltr'>διδαχῇ</span> 
     </span>
    </p>
   </div>
   <div class='ocr_carea' id='block_1_57' title="bbox 2161 2335 3810 2420">
    <p class='ocr_par' dir='ltr' id='par_1_57' title="bbox 2161 2335 3810 2420">
     <span class='ocr_line' id='line_1_57' title="bbox 2161 2335 3810 2420; baseline 0.002 -26"><span class='ocrx_word' id='word_1_401' title='bbox 2161 2339 2336 2394; x_wconf 78' lang='grc' dir='ltr'>αὐτοῦ.</span> <span class='ocrx_word' id='word_1_402' title='bbox 2378 2360 2406 2393; x_wconf 60' lang='grc' dir='ltr'>ε</span> <span class='ocrx_word' id='word_1_403' title='bbox 2472 2340 2543 2395; x_wconf 83' lang='grc' dir='ltr'><strong>Τὸ</strong></span> <span class='ocrx_word' id='word_1_404' title='bbox 2602 2335 2944 2396; x_wconf 76' lang='grc' dir='ltr'>ἐκϐάλλεσθαι</span> <span class='ocrx_word' id='word_1_405' title='bbox 2987 2341 3132 2420; x_wconf 81' lang='grc' dir='ltr'>παρὰ</span> <span class='ocrx_word' id='word_1_406' title='bbox 3164 2343 3257 2397; x_wconf 84' lang='grc' dir='ltr'>τοῦ</span> <span class='ocrx_word' id='word_1_407' title='bbox 3285 2343 3461 2410; x_wconf 88' lang='grc' dir='ltr'>Ιήσοῦ</span> <span class='ocrx_word' id='word_1_408' title='bbox 3516 2343 3635 2409; x_wconf 79' lang='grc' dir='ltr'>τοὺς</span> <span class='ocrx_word' id='word_1_409' title='bbox 3691 2366 3810 2399; x_wconf 89' lang='grc' dir='ltr'><strong>πω-</strong></span> 
     </span>
    </p>
   </div>
   <div class='ocr_carea' id='block_1_58' title="bbox 2160 2425 3811 2509">
    <p class='ocr_par' dir='ltr' id='par_1_58' title="bbox 2160 2425 3811 2509">
     <span class='ocr_line' id='line_1_58' title="bbox 2160 2425 3811 2509; baseline 0.003 -27"><span class='ocrx_word' id='word_1_410' title='bbox 2160 2425 2380 2491; x_wconf 88' lang='grc' dir='ltr'>λοῦντας</span> <span class='ocrx_word' id='word_1_411' title='bbox 2433 2429 2522 2483; x_wconf 87' lang='grc' dir='ltr'><strong>καὶ</strong></span> <span class='ocrx_word' id='word_1_412' title='bbox 2577 2431 2605 2484; x_wconf 77' lang='grc' dir='ltr'><strong>ὁ</strong></span> <span class='ocrx_word' id='word_1_413' title='bbox 2686 2428 2937 2496; x_wconf 82' lang='grc' dir='ltr'>Ἰωάννης</span> <span class='ocrx_word' id='word_1_414' title='bbox 3030 2428 3323 2509; x_wconf 78' lang='grc' dir='ltr'>διηγεῖται.</span> <span class='ocrx_word' id='word_1_415' title='bbox 3394 2430 3548 2488; x_wconf 82' lang='grc' dir='ltr'>Ἀλλ’</span> <span class='ocrx_word' id='word_1_416' title='bbox 3604 2432 3811 2495; x_wconf 77' lang='grc' dir='ltr'>ἐκεῖνος</span> 
     </span>
    </p>
   </div>
   <div class='ocr_carea' id='block_1_59' title="bbox 2161 2514 3811 2599">
    <p class='ocr_par' dir='ltr' id='par_1_59' title="bbox 2161 2514 3811 2599">
     <span class='ocr_line' id='line_1_59' title="bbox 2161 2514 3811 2599; baseline 0.003 -29"><span class='ocrx_word' id='word_1_417' title='bbox 2161 2516 2258 2591; x_wconf 79' lang='grc' dir='ltr'>μὲν</span> <span class='ocrx_word' id='word_1_418' title='bbox 2308 2514 2362 2570; x_wconf 81' lang='grc' dir='ltr'>ἐν</span> <span class='ocrx_word' id='word_1_419' title='bbox 2392 2522 2459 2592; x_wconf 79' lang='grc' dir='ltr'>τῇ</span> <span class='ocrx_word' id='word_1_420' title='bbox 2487 2517 2634 2596; x_wconf 80' lang='grc' dir='ltr'>ἀρχῇ</span> <span class='ocrx_word' id='word_1_421' title='bbox 2687 2525 2781 2574; x_wconf 90' lang='grc' dir='ltr'><strong>τοῦ</strong></span> <span class='ocrx_word' id='word_1_422' title='bbox 2827 2517 3171 2599; x_wconf 74' lang='grc' dir='ltr'>Εὖαγγελίου,</span> <span class='ocrx_word' id='word_1_423' title='bbox 3230 2523 3381 2584; x_wconf 88' lang='grc' dir='ltr'>οῦτος</span> <span class='ocrx_word' id='word_1_424' title='bbox 3441 2518 3495 2575; x_wconf 79' lang='grc' dir='ltr'>δὲ</span> <span class='ocrx_word' id='word_1_425' title='bbox 3548 2522 3680 2599; x_wconf 85' lang='grc' dir='ltr'>πρὸς</span> <span class='ocrx_word' id='word_1_426' title='bbox 3731 2528 3811 2595; x_wconf 84' lang='grc' dir='ltr'>τῷ</span> 
     </span>
    </p>
   </div>
   <div class='ocr_carea' id='block_1_60' title="bbox 2157 2603 3808 2686">
    <p class='ocr_par' dir='ltr' id='par_1_60' title="bbox 2157 2603 3808 2686">
     <span class='ocr_line' id='line_1_60' title="bbox 2157 2603 3808 2686; baseline 0.004 -27"><span class='ocrx_word' id='word_1_427' title='bbox 2157 2603 2320 2667; x_wconf 75' lang='grc' dir='ltr'>τέλει.</span> <span class='ocrx_word' id='word_1_428' title='bbox 2385 2607 2536 2668; x_wconf 80' lang='grc' dir='ltr'>Εἰκὸς</span> <span class='ocrx_word' id='word_1_429' title='bbox 2612 2613 2698 2663; x_wconf 88' lang='grc' dir='ltr'>οῦν</span> <span class='ocrx_word' id='word_1_430' title='bbox 2774 2604 3012 2685; x_wconf 84' lang='grc' dir='ltr'>δεύτερον</span> <span class='ocrx_word' id='word_1_431' title='bbox 3084 2608 3321 2686; x_wconf 79' lang='grc' dir='ltr'>γενέσθαι</span> <span class='ocrx_word' id='word_1_432' title='bbox 3390 2615 3565 2680; x_wconf 84' lang='grc' dir='ltr'>τοῦτο,</span> <span class='ocrx_word' id='word_1_433' title='bbox 3640 2608 3670 2663; x_wconf 76' lang='grc' dir='ltr'>ὃ</span> <span class='ocrx_word' id='word_1_434' title='bbox 3718 2610 3808 2665; x_wconf 78' lang='grc' dir='ltr'>καὶ</span> 
     </span>
    </p>
   </div>
   <div class='ocr_carea' id='block_1_61' title="bbox 2158 2694 3805 2775">
    <p class='ocr_par' dir='ltr' id='par_1_61' title="bbox 2158 2694 3805 2775">
     <span class='ocr_line' id='line_1_61' title="bbox 2158 2694 3805 2775; baseline 0.001 -26"><span class='ocrx_word' id='word_1_435' title='bbox 2158 2695 2348 2769; x_wconf 84' lang='grc' dir='ltr'>μείζων</span> <span class='ocrx_word' id='word_1_436' title='bbox 2404 2697 2700 2774; x_wconf 83' lang='grc' dir='ltr'>κατηγορία</span> <span class='ocrx_word' id='word_1_437' title='bbox 2756 2703 2861 2752; x_wconf 78' lang='grc' dir='ltr'><strong>τῶν</strong></span> <span class='ocrx_word' id='word_1_438' title='bbox 2918 2695 3199 2772; x_wconf 79' lang='grc' dir='ltr'><strong>Ἰουδαίων,</strong></span> <span class='ocrx_word' id='word_1_439' title='bbox 3272 2694 3387 2775; x_wconf 83' lang='grc' dir='ltr'>εἴγε</span> <span class='ocrx_word' id='word_1_440' title='bbox 3431 2694 3687 2759; x_wconf 65' lang='grc' dir='ltr'>πολλάκις</span> <span class='ocrx_word' id='word_1_441' title='bbox 3742 2698 3805 2752; x_wconf 82' lang='grc' dir='ltr'>τὸ</span> 
     </span>
    </p>
   </div>
   <div class='ocr_carea' id='block_1_62' title="bbox 2159 2784 3796 2866">
    <p class='ocr_par' dir='ltr' id='par_1_62' title="bbox 2159 2784 3796 2866">
     <span class='ocr_line' id='line_1_62' title="bbox 2159 2784 3796 2866; baseline 0.002 -27"><span class='ocrx_word' id='word_1_442' title='bbox 2159 2785 2284 2842; x_wconf 74' lang='grc' dir='ltr'>αὐτὸ</span> <span class='ocrx_word' id='word_1_443' title='bbox 2366 2786 2689 2855; x_wconf 78' lang='grc' dir='ltr'>ποιήσαντος</span> <span class='ocrx_word' id='word_1_444' title='bbox 2778 2785 2872 2842; x_wconf 86' lang='grc' dir='ltr'>τοῦ</span> <span class='ocrx_word' id='word_1_445' title='bbox 2935 2786 3140 2866; x_wconf 86' lang='grc' dir='ltr'>Κυρίου,</span> <span class='ocrx_word' id='word_1_446' title='bbox 3213 2787 3306 2842; x_wconf 72' lang='grc' dir='ltr'>οὒκ</span> <span class='ocrx_word' id='word_1_447' title='bbox 3374 2784 3796 2865; x_wconf 72' lang='grc' dir='ltr'>ἐπεστράφησαν.</span> 
     </span>
    </p>
   </div>
   <div class='ocr_carea' id='block_1_63' title="bbox 2158 2871 3800 2953">
    <p class='ocr_par' dir='ltr' id='par_1_63' title="bbox 2158 2871 3800 2953">
     <span class='ocr_line' id='line_1_63' title="bbox 2158 2871 3800 2953; baseline 0.001 -26"><span class='ocrx_word' id='word_1_448' title='bbox 2158 2871 2433 2943; x_wconf 79' lang='grc' dir='ltr'>Σπήλαιον</span> <span class='ocrx_word' id='word_1_449' title='bbox 2495 2873 2548 2929; x_wconf 77' lang='grc' dir='ltr'>δὲ</span> <span class='ocrx_word' id='word_1_450' title='bbox 2605 2873 2817 2950; x_wconf 73' lang='grc' dir='ltr'>λῃστῶν</span> <span class='ocrx_word' id='word_1_451' title='bbox 2874 2875 3120 2951; x_wconf 83' lang='grc' dir='ltr'><strong>ὀνομάζει</strong></span> <span class='ocrx_word' id='word_1_452' title='bbox 3171 2876 3260 2930; x_wconf 82' lang='grc' dir='ltr'>τὸν</span> <span class='ocrx_word' id='word_1_453' title='bbox 3310 2895 3457 2951; x_wconf 69' lang='grc' dir='ltr'>ναον,</span> <span class='ocrx_word' id='word_1_454' title='bbox 3505 2872 3588 2929; x_wconf 77' lang='grc' dir='ltr'><strong>διὰ</strong></span> <span class='ocrx_word' id='word_1_455' title='bbox 3615 2876 3678 2930; x_wconf 79' lang='grc' dir='ltr'>τὸ</span> <span class='ocrx_word' id='word_1_456' title='bbox 3704 2896 3800 2953; x_wconf 72' lang='grc' dir='ltr'>φι-</span> 
     </span>
    </p>
   </div>
   <div class='ocr_carea' id='block_1_64' title="bbox 2159 2959 3794 3042">
    <p class='ocr_par' dir='ltr' id='par_1_64' title="bbox 2159 2959 3794 3042">
     <span class='ocr_line' id='line_1_64' title="bbox 2159 2959 3794 3042; baseline 0 -25"><span class='ocrx_word' id='word_1_457' title='bbox 2159 2959 2426 3039; x_wconf 82' lang='grc' dir='ltr'>λοκερδές.</span> <span class='ocrx_word' id='word_1_458' title='bbox 2490 2964 2561 3020; x_wconf 83' lang='grc' dir='ltr'><strong>Τὸ</strong></span> <span class='ocrx_word' id='word_1_459' title='bbox 2618 2962 2907 3041; x_wconf 75' lang='grc' dir='ltr'>λῃστρικὸν</span> <span class='ocrx_word' id='word_1_460' title='bbox 2976 2964 3076 3042; x_wconf 77' lang='grc' dir='ltr'>γὰρ</span> <span class='ocrx_word' id='word_1_461' title='bbox 3116 2962 3267 3042; x_wconf 75' lang='grc' dir='ltr'>γένος</span> <span class='ocrx_word' id='word_1_462' title='bbox 3320 2964 3442 3040; x_wconf 82' lang='grc' dir='ltr'>περὶ</span> <span class='ocrx_word' id='word_1_463' title='bbox 3493 2964 3555 3018; x_wconf 76' lang='grc' dir='ltr'><strong>τὸ</strong></span> <span class='ocrx_word' id='word_1_464' title='bbox 3583 2960 3794 3041; x_wconf 89' lang='grc' dir='ltr'>κερδαί-</span> 
     </span>
    </p>
   </div>
   <div class='ocr_carea' id='block_1_65' title="bbox 2161 3048 3803 3118">
    <p class='ocr_par' dir='ltr' id='par_1_65' title="bbox 2161 3048 3803 3118">
     <span class='ocr_line' id='line_1_65' title="bbox 2161 3048 3803 3118; baseline 0.001 -14"><span class='ocrx_word' id='word_1_465' title='bbox 2161 3071 2267 3105; x_wconf 92' lang='grc' dir='ltr'>νειν</span> <span class='ocrx_word' id='word_1_466' title='bbox 2328 3049 2610 3118; x_wconf 82' lang='grc' dir='ltr'>ἐπτόηται.</span> <span class='ocrx_word' id='word_1_467' title='bbox 2684 3051 2835 3108; x_wconf 85' lang='grc' dir='ltr'>Ἐπεὶ</span> <span class='ocrx_word' id='word_1_468' title='bbox 2892 3052 2982 3108; x_wconf 79' lang='grc' dir='ltr'><strong>οὖν</strong></span> <span class='ocrx_word' id='word_1_469' title='bbox 3038 3052 3125 3108; x_wconf 85' lang='grc' dir='ltr'>καὶ</span> <span class='ocrx_word' id='word_1_470' title='bbox 3170 3050 3317 3107; x_wconf 72' lang='grc' dir='ltr'>αὒτοὶ</span> <span class='ocrx_word' id='word_1_471' title='bbox 3374 3052 3442 3107; x_wconf 75' lang='grc' dir='ltr'>τὰ</span> <span class='ocrx_word' id='word_1_472' title='bbox 3495 3048 3580 3106; x_wconf 78' lang='grc' dir='ltr'>διὰ</span> <span class='ocrx_word' id='word_1_473' title='bbox 3624 3049 3803 3105; x_wconf 78' lang='grc' dir='ltr'>θυσίαν</span> 
     </span>
    </p>
   </div>
   <div class='ocr_carea' id='block_1_66' title="bbox 2158 3136 3805 3219">
    <p class='ocr_par' dir='ltr' id='par_1_66' title="bbox 2158 3136 3805 3219">
     <span class='ocr_line' id='line_1_66' title="bbox 2158 3136 3805 3219; baseline -0.001 -24"><span class='ocrx_word' id='word_1_474' title='bbox 2158 3140 2558 3218; x_wconf 72' lang='grc' dir='ltr'>προσφερόμενα</span> <span class='ocrx_word' id='word_1_475' title='bbox 2637 3146 2747 3211; x_wconf 85' lang='grc' dir='ltr'>ζῶα</span> <span class='ocrx_word' id='word_1_476' title='bbox 2799 3138 3038 3196; x_wconf 81' lang='grc' dir='ltr'>ἐπώλουν</span> <span class='ocrx_word' id='word_1_477' title='bbox 3090 3141 3249 3219; x_wconf 86' lang='grc' dir='ltr'>χάριν</span> <span class='ocrx_word' id='word_1_478' title='bbox 3321 3136 3555 3217; x_wconf 77' lang='grc' dir='ltr'><strong>κέρδους,</strong></span> <span class='ocrx_word' id='word_1_479' title='bbox 3604 3136 3805 3214; x_wconf 77' lang='grc' dir='ltr'>λῃστὰς</span> 
     </span>
    </p>
   </div>
   <div class='ocr_carea' id='block_1_67' title="bbox 2157 3227 3809 3305">
    <p class='ocr_par' dir='ltr' id='par_1_67' title="bbox 2157 3227 3809 3305">
     <span class='ocr_line' id='line_1_67' title="bbox 2157 3227 3809 3305; baseline -0.001 -21"><span class='ocrx_word' id='word_1_480' title='bbox 2157 3229 2343 3291; x_wconf 79' lang='grc' dir='ltr'>αὐτοὺς</span> <span class='ocrx_word' id='word_1_481' title='bbox 2386 3230 2655 3305; x_wconf 88' lang='grc' dir='ltr'>ὠνόμασε.</span> <span class='ocrx_word' id='word_1_482' title='bbox 2703 3227 3055 3287; x_wconf 84' lang='grc' dir='ltr'>Κολλυϐισταὶ</span> <span class='ocrx_word' id='word_1_483' title='bbox 3114 3228 3169 3285; x_wconf 73' lang='grc' dir='ltr'>δὲ</span> <span class='ocrx_word' id='word_1_484' title='bbox 3229 3228 3366 3296; x_wconf 77' lang='grc' dir='ltr'>ἦσαν</span> <span class='ocrx_word' id='word_1_485' title='bbox 3424 3231 3472 3285; x_wconf 79' lang='grc' dir='ltr'><strong>οἱ</strong></span> <span class='ocrx_word' id='word_1_486' title='bbox 3531 3228 3598 3284; x_wconf 79' lang='grc' dir='ltr'><strong>τὰ</strong></span> <span class='ocrx_word' id='word_1_487' title='bbox 3655 3227 3809 3303; x_wconf 86' lang='grc' dir='ltr'>νομί-</span> 
     </span>
    </p>
   </div>
   <div class='ocr_carea' id='block_1_68' title="bbox 2156 3316 3811 3398">
    <p class='ocr_par' dir='ltr' id='par_1_68' title="bbox 2156 3316 3811 3398">
     <span class='ocr_line' id='line_1_68' title="bbox 2156 3316 3811 3398; baseline 0 -25"><span class='ocrx_word' id='word_1_488' title='bbox 2156 3339 2333 3392; x_wconf 88' lang='grc' dir='ltr'>σματα</span> <span class='ocrx_word' id='word_1_489' title='bbox 2390 3317 2770 3383; x_wconf 84' lang='grc' dir='ltr'>ἀλλάσσοντες,</span> <span class='ocrx_word' id='word_1_490' title='bbox 2805 3316 3074 3382; x_wconf 85' lang='grc' dir='ltr'>Κόλλυϐος</span> <span class='ocrx_word' id='word_1_491' title='bbox 3127 3319 3227 3398; x_wconf 79' lang='grc' dir='ltr'>γὰρ</span> <span class='ocrx_word' id='word_1_492' title='bbox 3284 3316 3433 3383; x_wconf 73' lang='grc' dir='ltr'>εἶδος</span> <span class='ocrx_word' id='word_1_493' title='bbox 3480 3317 3677 3375; x_wconf 76' lang='grc' dir='ltr'>λεπτοῦ</span> <span class='ocrx_word' id='word_1_494' title='bbox 3717 3339 3811 3373; x_wconf 91' lang='grc' dir='ltr'><strong>νο-</strong></span> 
     </span>
    </p>
   </div>
   <div class='ocr_carea' id='block_1_69' title="bbox 2156 3405 3813 3488">
    <p class='ocr_par' dir='ltr' id='par_1_69' title="bbox 2156 3405 3813 3488">
     <span class='ocr_line' id='line_1_69' title="bbox 2156 3405 3813 3488; baseline 0 -27"><span class='ocrx_word' id='word_1_495' title='bbox 2156 3407 2421 3483; x_wconf 82' lang='grc' dir='ltr'>μίσματος</span> <span class='ocrx_word' id='word_1_496' title='bbox 2480 3407 2711 3488; x_wconf 87' lang='grc' dir='ltr'>χαλκοῦ.</span> <span class='ocrx_word' id='word_1_497' title='bbox 2769 3405 2993 3486; x_wconf 77' lang='grc' dir='ltr'>Ἐφιστᾷ</span> <span class='ocrx_word' id='word_1_498' title='bbox 3048 3407 3104 3463; x_wconf 80' lang='grc' dir='ltr'>δὲ</span> <span class='ocrx_word' id='word_1_499' title='bbox 3148 3411 3332 3488; x_wconf 61' lang='grc' dir='ltr'>αῦτοτς</span> <span class='ocrx_word' id='word_1_500' title='bbox 3380 3408 3679 3485; x_wconf 83' lang='grc' dir='ltr'>κατήγορον</span> <span class='ocrx_word' id='word_1_501' title='bbox 3723 3408 3813 3466; x_wconf 80' lang='grc' dir='ltr'><strong>καὶ</strong></span> 
     </span>
    </p>
   </div>
   <div class='ocr_carea' id='block_1_70' title="bbox 2152 3486 3811 3578">
    <p class='ocr_par' dir='ltr' id='par_1_70' title="bbox 2152 3486 3811 3578">
     <span class='ocr_line' id='line_1_70' title="bbox 2152 3486 3811 3578; baseline 0 -27"><span class='ocrx_word' id='word_1_502' title='bbox 2152 3495 2243 3552; x_wconf 81' lang='grc' dir='ltr'><strong>τὸν</strong></span> <span class='ocrx_word' id='word_1_503' title='bbox 2287 3486 2566 3578; x_wconf 59' lang='grc' dir='ltr'>προφήτην</span> <span class='ocrx_word' id='word_1_504' title='bbox 2601 3488 2853 3577; x_wconf 63' lang='grc' dir='ltr'>Ἠσαῖαν,</span> <span class='ocrx_word' id='word_1_505' title='bbox 2888 3495 3115 3573; x_wconf 79' lang='grc' dir='ltr'>λέγοντα</span> <span class='ocrx_word' id='word_1_506' title='bbox 3146 3512 3161 3527; x_wconf 79' lang='grc'><strong><em>⁸</em></strong></span> <span class='ocrx_word' id='word_1_507' title='bbox 3198 3486 3256 3554; x_wconf 60' lang='grc'><strong>’0</strong></span> <span class='ocrx_word' id='word_1_508' title='bbox 3300 3497 3457 3560; x_wconf 80' lang='grc' dir='ltr'>οἶκός</span> <span class='ocrx_word' id='word_1_509' title='bbox 3500 3517 3625 3571; x_wconf 81' lang='grc' dir='ltr'>μου,</span> <span class='ocrx_word' id='word_1_510' title='bbox 3658 3495 3811 3559; x_wconf 77' lang='grc' dir='ltr'>οἶκος</span> 
     </span>
    </p>
   </div>
   <div class='ocr_carea' id='block_1_71' title="bbox 422 3584 2077 3666">
    <p class='ocr_par' dir='ltr' id='par_1_71' title="bbox 422 3584 2072 3666">
     <span class='ocr_line' id='line_1_71' title="bbox 422 3584 2072 3666; baseline -0.001 -20"><span class='ocrx_word' id='word_1_511' title='bbox 422 3594 482 3646; x_wconf 92' lang='lat' dir='ltr'><strong>et</strong></span> <span class='ocrx_word' id='word_1_512' title='bbox 512 3603 621 3646; x_wconf 92' lang='lat' dir='ltr'><strong>nos</strong></span> <span class='ocrx_word' id='word_1_513' title='bbox 651 3596 817 3647; x_wconf 83' lang='lat' dir='ltr'><strong>extra</strong></span> <span class='ocrx_word' id='word_1_514' title='bbox 861 3584 1143 3666; x_wconf 88' lang='lat' dir='ltr'><strong>templum</strong></span> <span class='ocrx_word' id='word_1_515' title='bbox 1178 3584 1489 3664; x_wconf 88' lang='lat' dir='ltr'><strong>ejiciamur</strong></span> <span class='ocrx_word' id='word_1_516' title='bbox 1519 3585 1687 3648; x_wconf 90' lang='lat' dir='ltr'><strong>Multi</strong></span> <span class='ocrx_word' id='word_1_517' title='bbox 1732 3586 1890 3647; x_wconf 89' lang='lat' dir='ltr'><strong>enim</strong></span> <span class='ocrx_word' id='word_1_518' title='bbox 1924 3594 1981 3646; x_wconf 90' lang='lat' dir='ltr'><strong>et</strong></span> <span class='ocrx_word' id='word_1_519' title='bbox 2010 3586 2072 3646; x_wconf 89' lang='lat' dir='ltr'><strong>in</strong></span> 
     </span>
    </p>
   </div>
   <div class='ocr_carea' id='block_1_72' title="bbox 2159 3584 3811 3666">
    <p class='ocr_par' dir='ltr' id='par_1_72' title="bbox 2159 3584 3811 3665">
     <span class='ocr_line' id='line_1_72' title="bbox 2159 3584 3811 3665; baseline 0 -24"><span class='ocrx_word' id='word_1_520' title='bbox 2159 3591 2465 3665; x_wconf 70' lang='grc' dir='ltr'>προσευχῆς</span> <span class='ocrx_word' id='word_1_521' title='bbox 2513 3584 2862 3656; x_wconf 70' lang='grc' dir='ltr'>κληθήσεται,</span> <span class='ocrx_word' id='word_1_522' title='bbox 2910 3584 3079 3641; x_wconf 79' lang='grc' dir='ltr'>Ἀλλὰ</span> <span class='ocrx_word' id='word_1_523' title='bbox 3134 3585 3212 3661; x_wconf 79' lang='grc' dir='ltr'>μὴ</span> <span class='ocrx_word' id='word_1_524' title='bbox 3270 3584 3478 3665; x_wconf 76' lang='grc' dir='ltr'>γένοιτο</span> <span class='ocrx_word' id='word_1_525' title='bbox 3536 3587 3624 3641; x_wconf 85' lang='grc' dir='ltr'><strong>καὶ</strong></span> <span class='ocrx_word' id='word_1_526' title='bbox 3666 3585 3811 3660; x_wconf 75' lang='grc' dir='ltr'>ἡμᾶς</span> 
     </span>
    </p>
   </div>
   <div class='ocr_carea' id='block_1_73' title="bbox 425 3672 2077 3755">
    <p class='ocr_par' dir='ltr' id='par_1_73' title="bbox 425 3673 2076 3755">
     <span class='ocr_line' id='line_1_73' title="bbox 425 3673 2076 3755; baseline -0.001 -19"><span class='ocrx_word' id='word_1_527' title='bbox 425 3684 692 3736; x_wconf 90' lang='lat' dir='ltr'><strong>nostrum</strong></span> <span class='ocrx_word' id='word_1_528' title='bbox 718 3673 1004 3754; x_wconf 89' lang='lat' dir='ltr'><strong>templum</strong></span> <span class='ocrx_word' id='word_1_529' title='bbox 1030 3673 1400 3752; x_wconf 91' lang='lat' dir='ltr'><strong>ingredimur</strong></span> <span class='ocrx_word' id='word_1_530' title='bbox 1421 3674 1744 3736; x_wconf 81' lang='lat' dir='ltr'><strong>vendrntes</strong></span> <span class='ocrx_word' id='word_1_531' title='bbox 1773 3675 1969 3755; x_wconf 90' lang='lat' dir='ltr'><strong>utilia,</strong></span> <span class='ocrx_word' id='word_1_532' title='bbox 2017 3684 2076 3736; x_wconf 85' lang='lat' dir='ltr'><strong>et</strong></span> 
     </span>
    </p>
   </div>
   <div class='ocr_carea' id='block_1_74' title="bbox 2159 3672 3816 3755">
    <p class='ocr_par' dir='ltr' id='par_1_74' title="bbox 2159 3672 3816 3753">
     <span class='ocr_line' id='line_1_74' title="bbox 2159 3672 3816 3753; baseline -0.001 -23"><span class='ocrx_word' id='word_1_533' title='bbox 2159 3672 2258 3739; x_wconf 70' lang='grc' dir='ltr'><strong>ἕξω</strong></span> <span class='ocrx_word' id='word_1_534' title='bbox 2299 3682 2393 3732; x_wconf 90' lang='grc' dir='ltr'>τοῦ</span> <span class='ocrx_word' id='word_1_535' title='bbox 2461 3677 2601 3752; x_wconf 78' lang='grc' dir='ltr'>ἱεροῦ</span> <span class='ocrx_word' id='word_1_536' title='bbox 2658 3673 3003 3743; x_wconf 79' lang='grc' dir='ltr'>ἐκϐληθῆναι.</span> <span class='ocrx_word' id='word_1_537' title='bbox 3075 3672 3269 3731; x_wconf 81' lang='grc' dir='ltr'>Πολλοὶ</span> <span class='ocrx_word' id='word_1_538' title='bbox 3323 3674 3424 3753; x_wconf 79' lang='grc' dir='ltr'><strong>γὰρ</strong></span> <span class='ocrx_word' id='word_1_539' title='bbox 3480 3674 3569 3729; x_wconf 82' lang='grc' dir='ltr'>καὶ</span> <span class='ocrx_word' id='word_1_540' title='bbox 3624 3672 3677 3730; x_wconf 80' lang='grc' dir='ltr'><strong>ἐν</strong></span> <span class='ocrx_word' id='word_1_541' title='bbox 3734 3678 3816 3747; x_wconf 82' lang='grc' dir='ltr'>τῷ</span> 
     </span>
    </p>
   </div>
   <div class='ocr_carea' id='block_1_75' title="bbox 425 3762 2077 3846">
    <p class='ocr_par' dir='ltr' id='par_1_75' title="bbox 425 3762 2075 3844">
     <span class='ocr_line' id='line_1_75' title="bbox 425 3762 2075 3844; baseline 0 -19"><span class='ocrx_word' id='word_1_542' title='bbox 425 3772 694 3826; x_wconf 90' lang='lat' dir='ltr'><strong>ementes</strong></span> <span class='ocrx_word' id='word_1_543' title='bbox 724 3762 1204 3824; x_wconf 80' lang='lat' dir='ltr'><strong>deterioraSunt</strong></span> <span class='ocrx_word' id='word_1_544' title='bbox 1225 3770 1423 3824; x_wconf 87' lang='lat' dir='ltr'><strong>autem</strong></span> <span class='ocrx_word' id='word_1_545' title='bbox 1458 3763 1558 3843; x_wconf 93' lang='lat' dir='ltr'><strong>qui</strong></span> <span class='ocrx_word' id='word_1_546' title='bbox 1592 3771 1647 3825; x_wconf 89' lang='lat' dir='ltr'><strong>et</strong></span> <span class='ocrx_word' id='word_1_547' title='bbox 1681 3764 1887 3844; x_wconf 87' lang='lat' dir='ltr'><strong>plenas</strong></span> <span class='ocrx_word' id='word_1_548' title='bbox 1912 3783 2075 3825; x_wconf 90' lang='lat' dir='ltr'><strong>men-</strong></span> 
     </span>
    </p>
   </div>
   <div class='ocr_carea' id='block_1_76' title="bbox 2159 3762 3813 3846">
    <p class='ocr_par' dir='ltr' id='par_1_76' title="bbox 2160 3762 3813 3846">
     <span class='ocr_line' id='line_1_76' title="bbox 2160 3762 3813 3846; baseline 0.001 -27"><span class='ocrx_word' id='word_1_549' title='bbox 2160 3765 2284 3840; x_wconf 85' lang='grc' dir='ltr'><strong>ἱερῷ</strong></span> <span class='ocrx_word' id='word_1_550' title='bbox 2332 3765 2411 3840; x_wconf 79' lang='grc' dir='ltr'>τῷ</span> <span class='ocrx_word' id='word_1_551' title='bbox 2444 3764 2692 3843; x_wconf 79' lang='grc' dir='ltr'><strong>ἡμετέρῳ</strong></span> <span class='ocrx_word' id='word_1_552' title='bbox 2749 3764 3121 3846; x_wconf 81' lang='grc' dir='ltr'>εἰσερχόμεθα,</span> <span class='ocrx_word' id='word_1_553' title='bbox 3169 3762 3473 3827; x_wconf 81' lang='grc' dir='ltr'>πωλοῦντες</span> <span class='ocrx_word' id='word_1_554' title='bbox 3536 3764 3603 3819; x_wconf 80' lang='grc' dir='ltr'>τὰ</span> <span class='ocrx_word' id='word_1_555' title='bbox 3658 3785 3813 3843; x_wconf 76' lang='grc' dir='ltr'>χρη-</span> 
     </span>
    </p>
   </div>
   <div class='ocr_carea' id='block_1_77' title="bbox 423 3850 2077 3934">
    <p class='ocr_par' dir='ltr' id='par_1_77' title="bbox 423 3850 2073 3934">
     <span class='ocr_line' id='line_1_77' title="bbox 423 3850 2073 3934; baseline 0.001 -20"><span class='ocrx_word' id='word_1_556' title='bbox 423 3871 519 3915; x_wconf 86' lang='lat' dir='ltr'><strong>sas</strong></span> <span class='ocrx_word' id='word_1_557' title='bbox 545 3870 924 3914; x_wconf 88' lang='lat' dir='ltr'><strong>nummorum</strong></span> <span class='ocrx_word' id='word_1_558' title='bbox 950 3850 1300 3931; x_wconf 87' lang='lat' dir='ltr'><strong>habent.qui</strong></span> <span class='ocrx_word' id='word_1_559' title='bbox 1317 3852 1732 3913; x_wconf 86' lang='lat' dir='ltr'><strong>administrant</strong></span> <span class='ocrx_word' id='word_1_560' title='bbox 1761 3860 1821 3915; x_wconf 93' lang='lat' dir='ltr'><strong>et</strong></span> <span class='ocrx_word' id='word_1_561' title='bbox 1838 3854 2073 3934; x_wconf 87' lang='lat' dir='ltr'><strong>dispen-</strong></span> 
     </span>
    </p>
   </div>
   <div class='ocr_carea' id='block_1_78' title="bbox 2159 3850 3812 3934">
    <p class='ocr_par' dir='ltr' id='par_1_78' title="bbox 2159 3851 3812 3933">
     <span class='ocr_line' id='line_1_78' title="bbox 2159 3851 3812 3933; baseline -0.001 -24"><span class='ocrx_word' id='word_1_562' title='bbox 2159 3854 2255 3909; x_wconf 81' lang='grc' dir='ltr'><strong>στὰ</strong></span> <span class='ocrx_word' id='word_1_563' title='bbox 2295 3854 2383 3910; x_wconf 86' lang='grc' dir='ltr'><strong>καὶ</strong></span> <span class='ocrx_word' id='word_1_564' title='bbox 2434 3854 2780 3933; x_wconf 82' lang='grc' dir='ltr'>ἁγοράζοντες</span> <span class='ocrx_word' id='word_1_565' title='bbox 2830 3855 2897 3911; x_wconf 80' lang='grc' dir='ltr'>τὰ</span> <span class='ocrx_word' id='word_1_566' title='bbox 2950 3853 3139 3933; x_wconf 90' lang='grc' dir='ltr'>χείρω.</span> <span class='ocrx_word' id='word_1_567' title='bbox 3186 3853 3297 3910; x_wconf 77' lang='grc' dir='ltr'>Εἰσὶ</span> <span class='ocrx_word' id='word_1_568' title='bbox 3353 3851 3408 3908; x_wconf 78' lang='grc' dir='ltr'>δὲ</span> <span class='ocrx_word' id='word_1_569' title='bbox 3450 3852 3540 3909; x_wconf 75' lang='grc' dir='ltr'><strong>καὶ</strong></span> <span class='ocrx_word' id='word_1_570' title='bbox 3571 3853 3624 3908; x_wconf 78' lang='grc' dir='ltr'><strong>οἳ</strong></span> <span class='ocrx_word' id='word_1_571' title='bbox 3677 3872 3812 3930; x_wconf 89' lang='grc' dir='ltr'>τρα-</span> 
     </span>
    </p>
   </div>
   <div class='ocr_carea' id='block_1_79' title="bbox 422 3940 2077 4023">
    <p class='ocr_par' dir='ltr' id='par_1_79' title="bbox 422 3940 2068 4022">
     <span class='ocr_line' id='line_1_79' title="bbox 422 3940 2068 4022; baseline 0.001 -19"><span class='ocrx_word' id='word_1_572' title='bbox 422 3952 552 4003; x_wconf 89' lang='lat' dir='ltr'><strong>sant</strong></span> <span class='ocrx_word' id='word_1_573' title='bbox 583 3941 1010 4014; x_wconf 87' lang='lat' dir='ltr'><strong>ecclesiastica,</strong></span> <span class='ocrx_word' id='word_1_574' title='bbox 1046 3940 1323 4003; x_wconf 91' lang='lat' dir='ltr'><strong>etomnia</strong></span> <span class='ocrx_word' id='word_1_575' title='bbox 1362 3949 1608 4022; x_wconf 84' lang='lat' dir='ltr'><strong>pr0pter</strong></span> <span class='ocrx_word' id='word_1_576' title='bbox 1638 3942 1944 4005; x_wconf 87' lang='lat' dir='ltr'><strong>avaritiam</strong></span> <span class='ocrx_word' id='word_1_577' title='bbox 1976 3942 2068 4004; x_wconf 68' lang='grc' dir='ltr'><strong>ια-</strong></span> 
     </span>
    </p>
   </div>
   <div class='ocr_carea' id='block_1_80' title="bbox 2159 3940 3799 4023">
    <p class='ocr_par' dir='ltr' id='par_1_80' title="bbox 2159 3941 3799 4023">
     <span class='ocr_line' id='line_1_80' title="bbox 2159 3941 3799 4023; baseline -0.001 -25"><span class='ocrx_word' id='word_1_578' title='bbox 2159 3941 2313 4013; x_wconf 80' lang='grc' dir='ltr'>πέζας</span> <span class='ocrx_word' id='word_1_579' title='bbox 2368 3941 2640 4000; x_wconf 79' lang='grc' dir='ltr'>κολλύϐων</span> <span class='ocrx_word' id='word_1_580' title='bbox 2700 3942 2921 4023; x_wconf 81' lang='grc' dir='ltr'>πλήρεις</span> <span class='ocrx_word' id='word_1_581' title='bbox 2998 3942 3237 4023; x_wconf 81' lang='grc' dir='ltr'>ἔχουσιν,</span> <span class='ocrx_word' id='word_1_582' title='bbox 3296 3944 3343 3999; x_wconf 76' lang='grc' dir='ltr'>οἱ</span> <span class='ocrx_word' id='word_1_583' title='bbox 3401 3943 3799 4018; x_wconf 77' lang='grc' dir='ltr'>οἰκονομοῦντες</span> 
     </span>
    </p>
   </div>
   <div class='ocr_carea' id='block_1_81' title="bbox 423 4029 2077 4112">
    <p class='ocr_par' dir='ltr' id='par_1_81' title="bbox 423 4029 2073 4104">
     <span class='ocr_line' id='line_1_81' title="bbox 423 4029 2073 4104; baseline -0.001 -11"><span class='ocrx_word' id='word_1_584' title='bbox 423 4032 609 4095; x_wconf 90' lang='lat' dir='ltr'><strong>ciunt.</strong></span> <span class='ocrx_word' id='word_1_585' title='bbox 644 4030 799 4104; x_wconf 91' lang='lat' dir='ltr'><strong>Quin</strong></span> <span class='ocrx_word' id='word_1_586' title='bbox 852 4036 914 4093; x_wconf 86' lang='lat' dir='ltr'><strong>et</strong></span> <span class='ocrx_word' id='word_1_587' title='bbox 959 4029 1121 4093; x_wconf 66' lang='lat' dir='ltr'><strong>sellae</strong></span> <span class='ocrx_word' id='word_1_588' title='bbox 1166 4030 1552 4093; x_wconf 82' lang='lat' dir='ltr'><strong>vendentium</strong></span> <span class='ocrx_word' id='word_1_589' title='bbox 1585 4030 1894 4093; x_wconf 85' lang='lat' dir='ltr'><strong>columbas</strong></span> <span class='ocrx_word' id='word_1_590' title='bbox 1933 4030 2073 4092; x_wconf 92' lang='lat' dir='ltr'><strong>sub-</strong></span> 
     </span>
    </p>
   </div>
   <div class='ocr_carea' id='block_1_82' title="bbox 2159 4029 3813 4112">
    <p class='ocr_par' dir='ltr' id='par_1_82' title="bbox 2159 4029 3813 4112">
     <span class='ocr_line' id='line_1_82' title="bbox 2159 4029 3813 4112; baseline 0 -25"><span class='ocrx_word' id='word_1_591' title='bbox 2159 4031 2251 4108; x_wconf 78' lang='grc' dir='ltr'>μὲν</span> <span class='ocrx_word' id='word_1_592' title='bbox 2302 4034 2390 4089; x_wconf 84' lang='grc' dir='ltr'><strong>καὶ</strong></span> <span class='ocrx_word' id='word_1_593' title='bbox 2447 4032 2765 4098; x_wconf 80' lang='grc' dir='ltr'>διοικοῦντες</span> <span class='ocrx_word' id='word_1_594' title='bbox 2827 4033 2895 4089; x_wconf 79' lang='grc' dir='ltr'><strong>τὰ</strong></span> <span class='ocrx_word' id='word_1_595' title='bbox 2941 4032 3381 4106; x_wconf 79' lang='grc' dir='ltr'>ἐκκλησιαστικὰ,</span> <span class='ocrx_word' id='word_1_596' title='bbox 3434 4029 3520 4088; x_wconf 81' lang='grc' dir='ltr'><strong>διὰ</strong></span> <span class='ocrx_word' id='word_1_597' title='bbox 3549 4029 3604 4087; x_wconf 81' lang='grc' dir='ltr'>δὲ</span> <span class='ocrx_word' id='word_1_598' title='bbox 3639 4033 3813 4112; x_wconf 72' lang='grc' dir='ltr'>φιλο-</span> 
     </span>
    </p>
   </div>
   <div class='ocr_carea' id='block_1_83' title="bbox 424 4118 2077 4201">
    <p class='ocr_par' dir='ltr' id='par_1_83' title="bbox 424 4119 2073 4201">
     <span class='ocr_line' id='line_1_83' title="bbox 424 4119 2073 4201; baseline 0.001 -21"><span class='ocrx_word' id='word_1_599' title='bbox 424 4128 697 4201; x_wconf 87' lang='lat' dir='ltr'><strong>vertunt,</strong></span> <span class='ocrx_word' id='word_1_600' title='bbox 762 4120 874 4181; x_wconf 91' lang='lat' dir='ltr'><strong>hoc</strong></span> <span class='ocrx_word' id='word_1_601' title='bbox 932 4129 1020 4180; x_wconf 85' lang='lat' dir='ltr'><strong>est</strong></span> <span class='ocrx_word' id='word_1_602' title='bbox 1092 4119 1403 4200; x_wconf 79' lang='lat' dir='ltr'><strong>pontifices</strong></span> <span class='ocrx_word' id='word_1_603' title='bbox 1471 4120 1800 4181; x_wconf 85' lang='lat' dir='ltr'><strong>vendentes</strong></span> <span class='ocrx_word' id='word_1_604' title='bbox 1886 4121 2073 4201; x_wconf 88' lang='lat' dir='ltr'><strong>spiri-</strong></span> 
     </span>
    </p>
   </div>
   <div class='ocr_carea' id='block_1_84' title="bbox 2159 4118 3811 4201">
    <p class='ocr_par' dir='ltr' id='par_1_84' title="bbox 2159 4118 3811 4201">
     <span class='ocr_line' id='line_1_84' title="bbox 2159 4118 3811 4201; baseline -0.003 -21"><span class='ocrx_word' id='word_1_605' title='bbox 2159 4122 2467 4201; x_wconf 85' lang='grc' dir='ltr'>χρηματίαν</span> <span class='ocrx_word' id='word_1_606' title='bbox 2510 4123 2681 4183; x_wconf 83' lang='grc' dir='ltr'>πάντα</span> <span class='ocrx_word' id='word_1_607' title='bbox 2738 4128 3036 4186; x_wconf 83' lang='grc' dir='ltr'>ποιοῦντες.</span> <span class='ocrx_word' id='word_1_608' title='bbox 3094 4119 3261 4179; x_wconf 74' lang='grc' dir='ltr'>Ἀλλὰ</span> <span class='ocrx_word' id='word_1_609' title='bbox 3312 4121 3401 4177; x_wconf 81' lang='grc' dir='ltr'>καὶ</span> <span class='ocrx_word' id='word_1_610' title='bbox 3459 4123 3511 4176; x_wconf 73' lang='grc' dir='ltr'>αἱ</span> <span class='ocrx_word' id='word_1_611' title='bbox 3566 4118 3811 4199; x_wconf 77' lang='grc' dir='ltr'>καθέδραι</span> 
     </span>
    </p>
   </div>
   <div class='ocr_carea' id='block_1_85' title="bbox 416 4208 2077 4290">
    <p class='ocr_par' dir='ltr' id='par_1_85' title="bbox 416 4208 2077 4289">
     <span class='ocr_line' id='line_1_85' title="bbox 416 4208 2077 4289; baseline 0 -18"><span class='ocrx_word' id='word_1_612' title='bbox 416 4211 598 4272; x_wconf 84' lang='lat' dir='ltr'><strong>tualia</strong></span> <span class='ocrx_word' id='word_1_613' title='bbox 650 4209 828 4272; x_wconf 89' lang='lat' dir='ltr'><strong>dona.</strong></span> <span class='ocrx_word' id='word_1_614' title='bbox 877 4208 1162 4273; x_wconf 83' lang='lat' dir='ltr'><strong>Columba</strong></span> <span class='ocrx_word' id='word_1_615' title='bbox 1212 4210 1353 4269; x_wconf 75' lang='lat'><strong>235</strong></span> <span class='ocrx_word' id='word_1_616' title='bbox 1408 4209 1566 4269; x_wconf 92' lang='lat' dir='ltr'><strong>enim</strong></span> <span class='ocrx_word' id='word_1_617' title='bbox 1612 4209 1946 4289; x_wconf 81' lang='lat' dir='ltr'><strong>symbolum</strong></span> <span class='ocrx_word' id='word_1_618' title='bbox 1986 4218 2077 4271; x_wconf 91' lang='lat' dir='ltr'><strong>est</strong></span> 
     </span>
    </p>
   </div>
   <div class='ocr_carea' id='block_1_86' title="bbox 2159 4208 3804 4290">
    <p class='ocr_par' dir='ltr' id='par_1_86' title="bbox 2159 4209 3804 4290">
     <span class='ocr_line' id='line_1_86' title="bbox 2159 4209 3804 4290; baseline -0.002 -22"><span class='ocrx_word' id='word_1_619' title='bbox 2159 4215 2263 4268; x_wconf 83' lang='grc' dir='ltr'><strong>τῶν</strong></span> <span class='ocrx_word' id='word_1_620' title='bbox 2345 4210 2667 4269; x_wconf 83' lang='grc' dir='ltr'>πωλούντων</span> <span class='ocrx_word' id='word_1_621' title='bbox 2748 4212 2844 4277; x_wconf 79' lang='grc' dir='ltr'><strong>τὰς</strong></span> <span class='ocrx_word' id='word_1_622' title='bbox 2928 4212 3237 4290; x_wconf 74' lang='grc' dir='ltr'>περιστερὰς</span> <span class='ocrx_word' id='word_1_623' title='bbox 3330 4209 3804 4290; x_wconf 73' lang='grc' dir='ltr'>καταστρέφονται,</span> 
     </span>
    </p>
   </div>
   <div class='ocr_carea' id='block_1_87' title="bbox 421 4296 2077 4382">
    <p class='ocr_par' dir='ltr' id='par_1_87' title="bbox 421 4296 2072 4379">
     <span class='ocr_line' id='line_1_87' title="bbox 421 4296 2072 4379; baseline -0.001 -19"><span class='ocrx_word' id='word_1_624' title='bbox 421 4297 678 4379; x_wconf 81' lang='lat' dir='ltr'><strong>Spiritus</strong></span> <span class='ocrx_word' id='word_1_625' title='bbox 728 4316 741 4361; x_wconf 92' lang='lat'><strong>:</strong></span> <span class='ocrx_word' id='word_1_626' title='bbox 802 4316 977 4379; x_wconf 88' lang='lat' dir='ltr'><strong>quem</strong></span> <span class='ocrx_word' id='word_1_627' title='bbox 1038 4296 1139 4377; x_wconf 93' lang='lat' dir='ltr'><strong>qui</strong></span> <span class='ocrx_word' id='word_1_628' title='bbox 1189 4297 1505 4379; x_wconf 87' lang='lat' dir='ltr'><strong>vendunt,</strong></span> <span class='ocrx_word' id='word_1_629' title='bbox 1589 4316 1699 4377; x_wconf 90' lang='lat' dir='ltr'><strong>per</strong></span> <span class='ocrx_word' id='word_1_630' title='bbox 1748 4298 2072 4361; x_wconf 91' lang='lat' dir='ltr'><strong>Dominum</strong></span> 
     </span>
    </p>
   </div>
   <div class='ocr_carea' id='block_1_88' title="bbox 2159 4296 3810 4382">
    <p class='ocr_par' dir='ltr' id='par_1_88' title="bbox 2159 4299 3810 4382">
     <span class='ocr_line' id='line_1_88' title="bbox 2159 4299 3810 4382; baseline -0.002 -24"><span class='ocrx_word' id='word_1_631' title='bbox 2159 4300 2320 4381; x_wconf 67' lang='grc' dir='ltr'>ἤγουν</span> <span class='ocrx_word' id='word_1_632' title='bbox 2390 4303 2512 4366; x_wconf 78' lang='grc' dir='ltr'>τοὺς</span> <span class='ocrx_word' id='word_1_633' title='bbox 2574 4302 2851 4382; x_wconf 76' lang='grc' dir='ltr'>ἀρχιερεῖς</span> <span class='ocrx_word' id='word_1_634' title='bbox 2906 4303 3031 4367; x_wconf 72' lang='grc' dir='ltr'>τοῖος</span> <span class='ocrx_word' id='word_1_635' title='bbox 3088 4299 3400 4364; x_wconf 81' lang='grc' dir='ltr'>πωλοῦντας</span> <span class='ocrx_word' id='word_1_636' title='bbox 3453 4301 3521 4360; x_wconf 81' lang='grc' dir='ltr'>τὰ</span> <span class='ocrx_word' id='word_1_637' title='bbox 3563 4320 3810 4375; x_wconf 85' lang='grc' dir='ltr'>πνευμα-</span> 
     </span>
    </p>
   </div>
   <div class='ocr_carea' id='block_1_89' title="bbox 418 4384 2077 4487">
    <p class='ocr_par' dir='ltr' id='par_1_89' title="bbox 418 4385 2072 4487">
     <span class='ocr_line' id='line_1_89' title="bbox 418 4385 2072 4487; baseline -0.001 -37"><span class='ocrx_word' id='word_1_638' title='bbox 418 4407 452 4450; x_wconf 86' lang='lat' dir='ltr'><strong>a</strong></span> <span class='ocrx_word' id='word_1_639' title='bbox 501 4387 832 4450; x_wconf 89' lang='lat' dir='ltr'><strong>sacerdotio</strong></span> <span class='ocrx_word' id='word_1_640' title='bbox 890 4387 1286 4487; x_wconf 71' lang='lat' dir='ltr'><strong>repelluntur.</strong></span> <span class='ocrx_word' id='word_1_641' title='bbox 1337 4385 1482 4487; x_wconf 65' lang='lat' dir='ltr'><strong>l‘iam</strong></span> <span class='ocrx_word' id='word_1_642' title='bbox 1535 4387 1634 4467; x_wconf 91' lang='lat' dir='ltr'><strong>qui</strong></span> <span class='ocrx_word' id='word_1_643' title='bbox 1691 4399 1931 4487; x_wconf 78' lang='lat' dir='ltr'><strong>propter</strong></span> <span class='ocrx_word' id='word_1_644' title='bbox 1961 4387 2072 4448; x_wconf 86' lang='lat' dir='ltr'><strong>da-</strong></span> 
     </span>
    </p>
   </div>
   <div class='ocr_carea' id='block_1_90' title="bbox 2159 4384 3812 4487">
    <p class='ocr_par' dir='ltr' id='par_1_90' title="bbox 2159 4384 3812 4487">
     <span class='ocr_line' id='line_1_90' title="bbox 2159 4384 3812 4487; baseline -0.002 -42"><span class='ocrx_word' id='word_1_645' title='bbox 2159 4391 2278 4446; x_wconf 79' lang='grc' dir='ltr'>τικὰ</span> <span class='ocrx_word' id='word_1_646' title='bbox 2332 4392 2640 4469; x_wconf 83' lang='grc' dir='ltr'>χαρίσματα</span> <span class='ocrx_word' id='word_1_647' title='bbox 2697 4393 2808 4468; x_wconf 91' lang='grc' dir='ltr'>(τοῦ</span> <span class='ocrx_word' id='word_1_648' title='bbox 2884 4392 2983 4468; x_wconf 79' lang='grc' dir='ltr'>γὰρ</span> <span class='ocrx_word' id='word_1_649' title='bbox 3068 4390 3390 4487; x_wconf 37' lang='grc' dir='ltr'>Πνεύματοςι</span> <span class='ocrx_word' id='word_1_650' title='bbox 3451 4384 3717 4463; x_wconf 80' lang='grc' dir='ltr'>σύμϐολον</span> <span class='ocrx_word' id='word_1_651' title='bbox 3772 4388 3812 4456; x_wconf 77' lang='grc' dir='ltr'><strong>ἡ</strong></span> 
     </span>
    </p>
   </div>
   <div class='ocr_carea' id='block_1_91' title="bbox 423 4475 2077 4559">
    <p class='ocr_par' dir='ltr' id='par_1_91' title="bbox 423 4475 2068 4558">
     <span class='ocr_line' id='line_1_91' title="bbox 423 4475 2068 4558; baseline 0 -20"><span class='ocrx_word' id='word_1_652' title='bbox 423 4486 542 4538; x_wconf 88' lang='lat' dir='ltr'><strong>tum</strong></span> <span class='ocrx_word' id='word_1_653' title='bbox 592 4496 798 4538; x_wconf 89' lang='lat' dir='ltr'><strong>aurum</strong></span> <span class='ocrx_word' id='word_1_654' title='bbox 859 4476 1110 4551; x_wconf 87' lang='lat' dir='ltr'><strong>ordinat,</strong></span> <span class='ocrx_word' id='word_1_655' title='bbox 1147 4475 1453 4557; x_wconf 90' lang='lat' dir='ltr'><strong>depositus</strong></span> <span class='ocrx_word' id='word_1_656' title='bbox 1502 4483 1611 4537; x_wconf 91' lang='lat' dir='ltr'><strong>est.</strong></span> <span class='ocrx_word' id='word_1_657' title='bbox 1667 4476 1784 4539; x_wconf 84' lang='lat' dir='ltr'><strong>Sed</strong></span> <span class='ocrx_word' id='word_1_658' title='bbox 1816 4486 1873 4537; x_wconf 91' lang='lat' dir='ltr'><strong>et</strong></span> <span class='ocrx_word' id='word_1_659' title='bbox 1904 4479 2068 4558; x_wconf 90' lang='lat' dir='ltr'><strong>quis-</strong></span> 
     </span>
    </p>
   </div>
   <div class='ocr_carea' id='block_1_92' title="bbox 2159 4475 3801 4559">
    <p class='ocr_par' dir='ltr' id='par_1_92' title="bbox 2159 4476 3801 4559">
     <span class='ocr_line' id='line_1_92' title="bbox 2159 4476 3801 4559; baseline -0.002 -23"><span class='ocrx_word' id='word_1_660' title='bbox 2159 4481 2464 4559; x_wconf 86' lang='grc' dir='ltr'>περιστερὰ)</span> <span class='ocrx_word' id='word_1_661' title='bbox 2508 4479 2692 4545; x_wconf 78' lang='grc' dir='ltr'>ἐξωθεῖ</span> <span class='ocrx_word' id='word_1_662' title='bbox 2768 4482 2797 4536; x_wconf 77' lang='grc' dir='ltr'><strong>δ</strong></span> <span class='ocrx_word' id='word_1_663' title='bbox 2866 4480 3059 4556; x_wconf 80' lang='grc' dir='ltr'>Κύριος</span> <span class='ocrx_word' id='word_1_664' title='bbox 3113 4479 3174 4535; x_wconf 77' lang='grc' dir='ltr'>ὲκ</span> <span class='ocrx_word' id='word_1_665' title='bbox 3239 4482 3340 4545; x_wconf 80' lang='grc' dir='ltr'>τῆς</span> <span class='ocrx_word' id='word_1_666' title='bbox 3371 4476 3801 4557; x_wconf 74' lang='grc' dir='ltr'>ἀρχιερωσύνης,</span> 
     </span>
    </p>
   </div>
   <div class='ocr_carea' id='block_1_93' title="bbox 420 4559 2077 4648">
    <p class='ocr_par' dir='ltr' id='par_1_93' title="bbox 420 4564 2070 4647">
     <span class='ocr_line' id='line_1_93' title="bbox 420 4564 2070 4647; baseline -0.001 -20"><span class='ocrx_word' id='word_1_667' title='bbox 420 4567 554 4646; x_wconf 91' lang='lat' dir='ltr'><strong>quis</strong></span> <span class='ocrx_word' id='word_1_668' title='bbox 589 4568 834 4643; x_wconf 86' lang='lat' dir='ltr'><strong>gratiam</strong></span> <span class='ocrx_word' id='word_1_669' title='bbox 870 4584 1001 4647; x_wconf 83' lang='lat' dir='ltr'><strong>quae</strong></span> <span class='ocrx_word' id='word_1_670' title='bbox 1032 4584 1102 4627; x_wconf 82' lang='lat' dir='ltr'><strong>ex</strong></span> <span class='ocrx_word' id='word_1_671' title='bbox 1150 4564 1504 4645; x_wconf 87' lang='lat' dir='ltr'><strong>baptismate</strong></span> <span class='ocrx_word' id='word_1_672' title='bbox 1546 4572 1657 4637; x_wconf 90' lang='lat' dir='ltr'><strong>est,</strong></span> <span class='ocrx_word' id='word_1_673' title='bbox 1711 4573 1768 4624; x_wconf 79' lang='lat' dir='ltr'><strong>et</strong></span> <span class='ocrx_word' id='word_1_674' title='bbox 1825 4566 2070 4626; x_wconf 89' lang='lat' dir='ltr'><strong>mundi-</strong></span> 
     </span>
    </p>
   </div>
   <div class='ocr_carea' id='block_1_94' title="bbox 2159 4559 3812 4648">
    <p class='ocr_par' dir='ltr' id='par_1_94' title="bbox 2160 4559 3812 4648">
     <span class='ocr_line' id='line_1_94' title="bbox 2160 4559 3812 4648; baseline -0.004 -22"><span class='ocrx_word' id='word_1_675' title='bbox 2160 4559 2217 4626; x_wconf 72' lang='grc' dir='ltr'><strong>ιΟ</strong></span> <span class='ocrx_word' id='word_1_676' title='bbox 2261 4569 2361 4648; x_wconf 80' lang='grc' dir='ltr'>γὰρ</span> <span class='ocrx_word' id='word_1_677' title='bbox 2417 4566 2502 4623; x_wconf 78' lang='grc' dir='ltr'><strong>διὰ</strong></span> <span class='ocrx_word' id='word_1_678' title='bbox 2558 4568 2777 4648; x_wconf 90' lang='grc' dir='ltr'>χρυσίου</span> <span class='ocrx_word' id='word_1_679' title='bbox 2824 4566 3022 4631; x_wconf 86' lang='grc' dir='ltr'>δόσεως</span> <span class='ocrx_word' id='word_1_680' title='bbox 3077 4571 3425 4647; x_wconf 80' lang='grc' dir='ltr'>χειροτονῶν,</span> <span class='ocrx_word' id='word_1_681' title='bbox 3491 4564 3812 4644; x_wconf 77' lang='grc' dir='ltr'>καθῃρημὲ-</span> 
     </span>
    </p>
   </div>
   <div class='ocr_carea' id='block_1_95' title="bbox 422 4652 2077 4736">
    <p class='ocr_par' dir='ltr' id='par_1_95' title="bbox 422 4652 2065 4736">
     <span class='ocr_line' id='line_1_95' title="bbox 422 4652 2065 4736; baseline 0.001 -21"><span class='ocrx_word' id='word_1_682' title='bbox 422 4658 564 4717; x_wconf 90' lang='lat' dir='ltr'><strong>tiam</strong></span> <span class='ocrx_word' id='word_1_683' title='bbox 598 4655 790 4736; x_wconf 89' lang='lat' dir='ltr'><strong>prodit</strong></span> <span class='ocrx_word' id='word_1_684' title='bbox 816 4655 1075 4725; x_wconf 85' lang='lat' dir='ltr'><strong>diabolo,</strong></span> <span class='ocrx_word' id='word_1_685' title='bbox 1111 4654 1207 4715; x_wconf 92' lang='lat' dir='ltr'><strong>hic</strong></span> <span class='ocrx_word' id='word_1_686' title='bbox 1238 4653 1444 4720; x_wconf 88' lang='lat' dir='ltr'><strong>vendit</strong></span> <span class='ocrx_word' id='word_1_687' title='bbox 1465 4652 1799 4715; x_wconf 89' lang='lat' dir='ltr'><strong>columbam</strong></span> <span class='ocrx_word' id='word_1_688' title='bbox 1848 4672 2013 4717; x_wconf 90' lang='lat' dir='ltr'><strong>suam</strong></span> <span class='ocrx_word' id='word_1_689' title='bbox 2052 4672 2065 4717; x_wconf 94' lang='lat'>:</span> 
     </span>
    </p>
   </div>
   <div class='ocr_carea' id='block_1_96' title="bbox 2159 4652 3812 4736">
    <p class='ocr_par' dir='ltr' id='par_1_96' title="bbox 2159 4655 3812 4733">
     <span class='ocr_line' id='line_1_96' title="bbox 2159 4655 3812 4733; baseline -0.002 -19"><span class='ocrx_word' id='word_1_690' title='bbox 2159 4678 2269 4723; x_wconf 87' lang='grc' dir='ltr'>νος,</span> <span class='ocrx_word' id='word_1_691' title='bbox 2315 4656 2485 4713; x_wconf 76' lang='grc' dir='ltr'>Ἀλλὰ</span> <span class='ocrx_word' id='word_1_692' title='bbox 2540 4658 2628 4712; x_wconf 86' lang='grc' dir='ltr'><strong>καὶ</strong></span> <span class='ocrx_word' id='word_1_693' title='bbox 2684 4655 2830 4720; x_wconf 75' lang='grc' dir='ltr'>ὅστις</span> <span class='ocrx_word' id='word_1_694' title='bbox 2881 4657 2979 4725; x_wconf 75' lang='grc' dir='ltr'>τὴν</span> <span class='ocrx_word' id='word_1_695' title='bbox 3039 4657 3099 4713; x_wconf 86' lang='grc' dir='ltr'>ἐκ</span> <span class='ocrx_word' id='word_1_696' title='bbox 3127 4665 3221 4714; x_wconf 89' lang='grc' dir='ltr'><strong>τοῦ</strong></span> <span class='ocrx_word' id='word_1_697' title='bbox 3251 4655 3618 4732; x_wconf 87' lang='grc' dir='ltr'>βαπτίσματος</span> <span class='ocrx_word' id='word_1_698' title='bbox 3650 4655 3812 4733; x_wconf 82' lang='grc' dir='ltr'>χάριν</span> 
     </span>
    </p>
   </div>
   <div class='ocr_carea' id='block_1_97' title="bbox 424 4741 2077 4826">
    <p class='ocr_par' dir='ltr' id='par_1_97' title="bbox 424 4743 1384 4826">
     <span class='ocr_line' id='line_1_97' title="bbox 424 4743 1384 4826; baseline -0.002 -21"><span class='ocrx_word' id='word_1_699' title='bbox 424 4752 745 4826; x_wconf 89' lang='lat' dir='ltr'><strong>propterea</strong></span> <span class='ocrx_word' id='word_1_700' title='bbox 774 4762 844 4805; x_wconf 82' lang='lat' dir='ltr'><strong>ex</strong></span> <span class='ocrx_word' id='word_1_701' title='bbox 876 4743 1095 4823; x_wconf 90' lang='lat' dir='ltr'><strong>templo</strong></span> <span class='ocrx_word' id='word_1_702' title='bbox 1127 4743 1384 4823; x_wconf 86' lang='lat' dir='ltr'><strong>ejicitur.</strong></span> 
     </span>
    </p>
   </div>
   <div class='ocr_carea' id='block_1_98' title="bbox 2159 4741 3814 4826">
    <p class='ocr_par' dir='ltr' id='par_1_98' title="bbox 2159 4741 3814 4826">
     <span class='ocr_line' id='line_1_98' title="bbox 2159 4741 3814 4826; baseline -0.003 -23"><span class='ocrx_word' id='word_1_703' title='bbox 2159 4747 2252 4803; x_wconf 68' lang='grc' dir='ltr'>καὶ</span> <span class='ocrx_word' id='word_1_704' title='bbox 2308 4747 2645 4826; x_wconf 83' lang='grc' dir='ltr'>καθαρότητα</span> <span class='ocrx_word' id='word_1_705' title='bbox 2686 4744 2946 4825; x_wconf 83' lang='grc' dir='ltr'>προδώσει</span> <span class='ocrx_word' id='word_1_706' title='bbox 2998 4746 3076 4821; x_wconf 79' lang='grc' dir='ltr'><strong>τῷ</strong></span> <span class='ocrx_word' id='word_1_707' title='bbox 3158 4741 3412 4824; x_wconf 80' lang='grc' dir='ltr'>διαϐόλῳ,</span> <span class='ocrx_word' id='word_1_708' title='bbox 3457 4742 3606 4807; x_wconf 77' lang='grc' dir='ltr'>οὗτος</span> <span class='ocrx_word' id='word_1_709' title='bbox 3659 4742 3814 4800; x_wconf 83' lang='grc' dir='ltr'>ἐπώ-</span> 
     </span>
    </p>
   </div>
   <div class='ocr_carea' id='block_1_99' title="bbox 2150 4830 3812 4915">
    <p class='ocr_par' dir='ltr' id='par_1_99' title="bbox 2150 4830 3812 4915">
     <span class='ocr_line' id='line_1_99' title="bbox 2150 4830 3812 4915; baseline -0.002 -24"><span class='ocrx_word' id='word_1_710' title='bbox 2150 4834 2284 4903; x_wconf 84' lang='grc' dir='ltr'>λησε</span> <span class='ocrx_word' id='word_1_711' title='bbox 2341 4836 2439 4903; x_wconf 80' lang='grc' dir='ltr'><strong>τὴν</strong></span> <span class='ocrx_word' id='word_1_712' title='bbox 2496 4836 2807 4915; x_wconf 72' lang='grc' dir='ltr'>περιστερὰν</span> <span class='ocrx_word' id='word_1_713' title='bbox 2841 4834 3024 4913; x_wconf 78' lang='grc' dir='ltr'>αῦτοῦ,</span> <span class='ocrx_word' id='word_1_714' title='bbox 3069 4832 3153 4891; x_wconf 79' lang='grc' dir='ltr'>διὰ</span> <span class='ocrx_word' id='word_1_715' title='bbox 3209 4839 3365 4890; x_wconf 88' lang='grc' dir='ltr'>τοῦτο</span> <span class='ocrx_word' id='word_1_716' title='bbox 3408 4832 3496 4889; x_wconf 86' lang='grc' dir='ltr'><strong>καὶ</strong></span> <span class='ocrx_word' id='word_1_717' title='bbox 3543 4830 3812 4889; x_wconf 62' lang='grc' dir='ltr'>ἐκϐάλλε-</span> 
     </span>
    </p>
   </div>
   <div class='ocr_carea' id='block_1_100' title="bbox 2147 4925 2637 5003">
    <p class='ocr_par' dir='ltr' id='par_1_100' title="bbox 2147 4925 2637 5003">
     <span class='ocr_line' id='line_1_100' title="bbox 2147 4925 2637 5003; baseline 0.002 -22"><span class='ocrx_word' id='word_1_718' title='bbox 2147 4946 2234 4981; x_wconf 91' lang='grc' dir='ltr'><strong>ται</strong></span> <span class='ocrx_word' id='word_1_719' title='bbox 2266 4925 2327 4981; x_wconf 88' lang='grc' dir='ltr'>ἐκ</span> <span class='ocrx_word' id='word_1_720' title='bbox 2354 4933 2447 4983; x_wconf 88' lang='grc' dir='ltr'>τοῦ</span> <span class='ocrx_word' id='word_1_721' title='bbox 2474 4925 2637 5003; x_wconf 78' lang='grc' dir='ltr'>ἱερου.</span> 
     </span>
    </p>
   </div>
   <div class='ocr_carea' id='block_1_101' title="bbox 500 5008 2077 5095">
    <p class='ocr_par' dir='ltr' id='par_1_101' title="bbox 500 5014 2062 5095">
     <span class='ocr_line' id='line_1_101' title="bbox 500 5014 2062 5095; baseline -0.003 -15"><span class='ocrx_word' id='word_1_722' title='bbox 500 5014 675 5080; x_wconf 78' lang='lat' dir='ltr'><strong>VERS.</strong></span> <span class='ocrx_word' id='word_1_723' title='bbox 716 5016 927 5080; x_wconf 79' lang='lat'><strong>19-23.</strong></span> <span class='ocrx_word' id='word_1_724' title='bbox 961 5016 1071 5079; x_wconf 74' lang='lat' dir='ltr'><strong>cEt</strong></span> <span class='ocrx_word' id='word_1_725' title='bbox 1099 5032 1233 5077; x_wconf 91' lang='lat' dir='ltr'><strong>cum</strong></span> <span class='ocrx_word' id='word_1_726' title='bbox 1251 5015 1375 5095; x_wconf 88' lang='lat' dir='ltr'><strong>jam</strong></span> <span class='ocrx_word' id='word_1_727' title='bbox 1394 5031 1641 5094; x_wconf 84' lang='lat' dir='ltr'><strong>vespera</strong></span> <span class='ocrx_word' id='word_1_728' title='bbox 1663 5019 2062 5093; x_wconf 87' lang='lat' dir='ltr'><strong>esset,egres-</strong></span> 
     </span>
    </p>
   </div>
   <div class='ocr_carea' id='block_1_102' title="bbox 2159 5008 3817 5095">
    <p class='ocr_par' dir='ltr' id='par_1_102' title="bbox 2233 5008 3817 5092">
     <span class='ocr_line' id='line_1_102' title="bbox 2233 5008 3817 5092; baseline -0.003 -20"><span class='ocrx_word' id='word_1_729' title='bbox 2233 5033 2264 5075; x_wconf 82' lang='grc'><strong>(</strong></span> <span class='ocrx_word' id='word_1_730' title='bbox 2310 5014 2409 5073; x_wconf 80' lang='grc' dir='ltr'><strong>Καὶ</strong></span> <span class='ocrx_word' id='word_1_731' title='bbox 2437 5014 2525 5070; x_wconf 77' lang='grc' dir='ltr'>ὅτε</span> <span class='ocrx_word' id='word_1_732' title='bbox 2567 5013 2669 5089; x_wconf 77' lang='grc' dir='ltr'><strong>ὀψὲ</strong></span> <span class='ocrx_word' id='word_1_733' title='bbox 2723 5011 2959 5092; x_wconf 81' lang='grc' dir='ltr'>ἐγένετο,</span> <span class='ocrx_word' id='word_1_734' title='bbox 3022 5011 3362 5092; x_wconf 79' lang='grc' dir='ltr'><strong>ἐξεπορεύετο</strong></span> <span class='ocrx_word' id='word_1_735' title='bbox 3419 5008 3520 5076; x_wconf 73' lang='grc' dir='ltr'><strong>ἔξω</strong></span> <span class='ocrx_word' id='word_1_736' title='bbox 3561 5010 3659 5079; x_wconf 73' lang='grc' dir='ltr'>τῆς</span> <span class='ocrx_word' id='word_1_737' title='bbox 3700 5011 3817 5067; x_wconf 88' lang='grc' dir='ltr'><strong>πό-</strong></span> 
     </span>
    </p>
   </div>
   <div class='ocr_carea' id='block_1_103' title="bbox 416 5097 2077 5184">
    <p class='ocr_par' dir='ltr' id='par_1_103' title="bbox 416 5103 2061 5184">
     <span class='ocr_line' id='line_1_103' title="bbox 416 5103 2061 5184; baseline -0.002 -15"><span class='ocrx_word' id='word_1_738' title='bbox 416 5125 517 5170; x_wconf 89' lang='lat' dir='ltr'><strong>sus</strong></span> <span class='ocrx_word' id='word_1_739' title='bbox 536 5105 810 5169; x_wconf 86' lang='lat' dir='ltr'><strong>estJesus</strong></span> <span class='ocrx_word' id='word_1_740' title='bbox 833 5123 866 5166; x_wconf 90' lang='lat' dir='ltr'><strong>e</strong></span> <span class='ocrx_word' id='word_1_741' title='bbox 892 5103 1226 5167; x_wconf 80' lang='lat' dir='ltr'><strong>civitateEt</strong></span> <span class='ocrx_word' id='word_1_742' title='bbox 1246 5122 1417 5165; x_wconf 91' lang='lat' dir='ltr'><strong>mane</strong></span> <span class='ocrx_word' id='word_1_743' title='bbox 1446 5110 1875 5184; x_wconf 64' lang='lat' dir='ltr'><strong>praetereuntes</strong></span> <span class='ocrx_word' id='word_1_744' title='bbox 1892 5103 2061 5166; x_wconf 89' lang='lat' dir='ltr'><strong>vide-</strong></span> 
     </span>
    </p>
   </div>
   <div class='ocr_carea' id='block_1_104' title="bbox 2159 5097 3816 5184">
    <p class='ocr_par' dir='ltr' id='par_1_104' title="bbox 2159 5097 3816 5181">
     <span class='ocr_line' id='line_1_104' title="bbox 2159 5097 3816 5181; baseline -0.003 -20"><span class='ocrx_word' id='word_1_745' title='bbox 2159 5106 2306 5169; x_wconf 65' lang='grc' dir='ltr'>λεως,</span> <span class='ocrx_word' id='word_1_746' title='bbox 2356 5104 2453 5161; x_wconf 83' lang='grc' dir='ltr'><strong>Καὶ</strong></span> <span class='ocrx_word' id='word_1_747' title='bbox 2521 5106 2670 5181; x_wconf 63' lang='grc' dir='ltr'>πρωῒ.</span> <span class='ocrx_word' id='word_1_748' title='bbox 2724 5102 3240 5181; x_wconf 83' lang='grc' dir='ltr'>παραπορευόμενοι,</span> <span class='ocrx_word' id='word_1_749' title='bbox 3297 5097 3445 5157; x_wconf 71' lang='grc' dir='ltr'>εἶδον</span> <span class='ocrx_word' id='word_1_750' title='bbox 3501 5099 3601 5167; x_wconf 75' lang='grc' dir='ltr'><strong>τὴν</strong></span> <span class='ocrx_word' id='word_1_751' title='bbox 3645 5104 3816 5167; x_wconf 77' lang='grc' dir='ltr'>συκῆν</span> 
     </span>
    </p>
   </div>
   <div class='ocr_carea' id='block_1_105' title="bbox 415 5188 2077 5274">
    <p class='ocr_par' dir='ltr' id='par_1_105' title="bbox 415 5192 2063 5267">
     <span class='ocr_line' id='line_1_105' title="bbox 415 5192 2063 5267; baseline -0.001 -9"><span class='ocrx_word' id='word_1_752' title='bbox 415 5203 554 5259; x_wconf 90' lang='lat' dir='ltr'><strong>runt</strong></span> <span class='ocrx_word' id='word_1_753' title='bbox 584 5195 757 5267; x_wconf 83' lang='lat' dir='ltr'><strong>ﬁcum</strong></span> <span class='ocrx_word' id='word_1_754' title='bbox 787 5194 1088 5257; x_wconf 75' lang='lat' dir='ltr'><strong>exaruisse</strong></span> <span class='ocrx_word' id='word_1_755' title='bbox 1118 5192 1406 5256; x_wconf 85' lang='lat' dir='ltr'><strong>radicitus</strong></span> <span class='ocrx_word' id='word_1_756' title='bbox 1441 5214 1454 5253; x_wconf 81' lang='grc' dir='ltr'><strong>τ</strong></span> <span class='ocrx_word' id='word_1_757' title='bbox 1491 5202 1549 5253; x_wconf 91' lang='lat' dir='ltr'><strong>et</strong></span> <span class='ocrx_word' id='word_1_758' title='bbox 1578 5194 1925 5255; x_wconf 87' lang='lat' dir='ltr'><strong>recordatus</strong></span> <span class='ocrx_word' id='word_1_759' title='bbox 1943 5195 2063 5256; x_wconf 91' lang='lat' dir='ltr'><strong>Pe-</strong></span> 
     </span>
    </p>
   </div>
   <div class='ocr_carea' id='block_1_106' title="bbox 2159 5188 3813 5274">
    <p class='ocr_par' dir='ltr' id='par_1_106' title="bbox 2159 5188 3813 5274">
     <span class='ocr_line' id='line_1_106' title="bbox 2159 5188 3813 5274; baseline -0.004 -24"><span class='ocrx_word' id='word_1_760' title='bbox 2159 5191 2527 5274; x_wconf 71' lang='grc' dir='ltr'>ἒξηρημμένην</span> <span class='ocrx_word' id='word_1_761' title='bbox 2599 5194 2662 5249; x_wconf 71' lang='grc' dir='ltr'>ἐκ</span> <span class='ocrx_word' id='word_1_762' title='bbox 2722 5192 2897 5270; x_wconf 80' lang='grc' dir='ltr'>ῥιζῶν.</span> <span class='ocrx_word' id='word_1_763' title='bbox 2943 5192 3044 5251; x_wconf 84' lang='grc' dir='ltr'>Καὶ</span> <span class='ocrx_word' id='word_1_764' title='bbox 3085 5190 3439 5268; x_wconf 80' lang='grc' dir='ltr'>ἀναμνησθεὶς</span> <span class='ocrx_word' id='word_1_765' title='bbox 3496 5190 3525 5245; x_wconf 81' lang='grc' dir='ltr'><strong>ὃ</strong></span> <span class='ocrx_word' id='word_1_766' title='bbox 3584 5188 3813 5269; x_wconf 82' lang='grc' dir='ltr'>Πέτρος,</span> 
     </span>
    </p>
   </div>
   <div class='ocr_carea' id='block_1_107' title="bbox 1487 5312 2718 5381">
    <p class='ocr_par' dir='ltr' id='par_1_107' title="bbox 1487 5312 2718 5381">
     <span class='ocr_line' id='line_1_107' title="bbox 1487 5312 2718 5381; baseline -0.001 -7"><span class='ocrx_word' id='word_1_767' title='bbox 1487 5312 1571 5374; x_wconf 78' lang='lat' dir='ltr'><strong>Ex</strong></span> <span class='ocrx_word' id='word_1_768' title='bbox 1603 5313 1928 5376; x_wconf 88' lang='lat' dir='ltr'><strong>collatione</strong></span> <span class='ocrx_word' id='word_1_769' title='bbox 1957 5314 2139 5381; x_wconf 89' lang='lat' dir='ltr'><strong>codd.</strong></span> <span class='ocrx_word' id='word_1_770' title='bbox 2169 5313 2384 5379; x_wconf 88' lang='lat' dir='ltr'><strong>Venet.</strong></span> <span class='ocrx_word' id='word_1_771' title='bbox 2418 5312 2483 5377; x_wconf 92' lang='lat' dir='ltr'><strong>S.</strong></span> <span class='ocrx_word' id='word_1_772' title='bbox 2514 5312 2718 5375; x_wconf 81' lang='lat' dir='ltr'><strong>Marci.</strong></span> 
     </span>
    </p>
   </div>
   <div class='ocr_carea' id='block_1_108' title="bbox 419 5422 3810 5518">
    <p class='ocr_par' dir='ltr' id='par_1_108' title="bbox 419 5422 3810 5518">
     <span class='ocr_line' id='line_1_108' title="bbox 419 5422 3810 5518; baseline -0.002 -20"><span class='ocrx_word' id='word_1_773' title='bbox 419 5436 578 5498; x_wconf 89' lang='lat' dir='ltr'><strong>circo</strong></span> <span class='ocrx_word' id='word_1_774' title='bbox 609 5434 1029 5518; x_wconf 76' lang='lat' dir='ltr'><strong>meledictione</strong></span> <span class='ocrx_word' id='word_1_775' title='bbox 1074 5434 1364 5518; x_wconf 68' lang='lat' dir='ltr'><strong>perculsa</strong></span> <span class='ocrx_word' id='word_1_776' title='bbox 1386 5432 1615 5514; x_wconf 81' lang='lat' dir='ltr'><strong>fuisset,</strong></span> <span class='ocrx_word' id='word_1_777' title='bbox 1643 5434 1782 5518; x_wconf 80' lang='lat' dir='ltr'><strong>quia</strong></span> <span class='ocrx_word' id='word_1_778' title='bbox 1810 5435 2064 5518; x_wconf 66' lang='lat' dir='ltr'><strong>fructum</strong></span> <span class='ocrx_word' id='word_1_779' title='bbox 2152 5434 2415 5518; x_wconf 81' lang='lat' dir='ltr'><strong>caverit;</strong></span> <span class='ocrx_word' id='word_1_780' title='bbox 2450 5435 2553 5498; x_wconf 90' lang='lat' dir='ltr'><strong>sed</strong></span> <span class='ocrx_word' id='word_1_781' title='bbox 2586 5434 3095 5518; x_wconf 85' lang='lat' dir='ltr'><strong>quemadmodum</strong></span> <span class='ocrx_word' id='word_1_782' title='bbox 3126 5422 3374 5518; x_wconf 72' lang='lat' dir='ltr'><strong>dictum,</strong></span> <span class='ocrx_word' id='word_1_783' title='bbox 3414 5437 3503 5494; x_wconf 87' lang='lat' dir='ltr'><strong>est</strong></span> <span class='ocrx_word' id='word_1_784' title='bbox 3525 5436 3590 5518; x_wconf 85' lang='lat' dir='ltr'><strong>ut</strong></span> <span class='ocrx_word' id='word_1_785' title='bbox 3614 5447 3810 5518; x_wconf 46' lang='lat' dir='ltr'><strong>aposg</strong></span> 
     </span>
    </p>
   </div>
   <div class='ocr_carea' id='block_1_109' title="bbox 418 5509 3813 5598">
    <p class='ocr_par' dir='ltr' id='par_1_109' title="bbox 418 5509 3813 5598">
     <span class='ocr_line' id='line_1_109' title="bbox 418 5509 3813 5598; baseline -0.002 -19"><span class='ocrx_word' id='word_1_786' title='bbox 418 5515 955 5598; x_wconf 19' lang='lat' dir='ltr'><strong>nullumha‘bebat.</strong></span> <span class='ocrx_word' id='word_1_787' title='bbox 981 5509 1109 5587; x_wconf 79' lang='lat' dir='ltr'><strong>Qua</strong></span> <span class='ocrx_word' id='word_1_788' title='bbox 1132 5515 1314 5593; x_wconf 85' lang='lat' dir='ltr'><strong>igitur</strong></span> <span class='ocrx_word' id='word_1_789' title='bbox 1331 5514 1406 5576; x_wconf 89' lang='lat' dir='ltr'><strong>de</strong></span> <span class='ocrx_word' id='word_1_790' title='bbox 1428 5509 1611 5576; x_wconf 84' lang='lat' dir='ltr'><strong>causa</strong></span> <span class='ocrx_word' id='word_1_791' title='bbox 1640 5509 1958 5598; x_wconf 82' lang='lat' dir='ltr'><strong>maledicta</strong></span> <span class='ocrx_word' id='word_1_792' title='bbox 1982 5526 2069 5580; x_wconf 91' lang='lat' dir='ltr'><strong>est</strong></span> <span class='ocrx_word' id='word_1_793' title='bbox 2153 5516 2256 5578; x_wconf 90' lang='lat' dir='ltr'><strong>toli</strong></span> <span class='ocrx_word' id='word_1_794' title='bbox 2288 5509 2780 5598; x_wconf 64' lang='lat' dir='ltr'><strong>discerent&#39;quod</strong></span> <span class='ocrx_word' id='word_1_795' title='bbox 2831 5516 3010 5578; x_wconf 90' lang='lat' dir='ltr'><strong>etiam</strong></span> <span class='ocrx_word' id='word_1_796' title='bbox 3069 5513 3287 5596; x_wconf 87' lang='lat' dir='ltr'><strong>punire</strong></span> <span class='ocrx_word' id='word_1_797' title='bbox 3346 5515 3568 5592; x_wconf 84' lang='lat' dir='ltr'><strong>posset.</strong></span> <span class='ocrx_word' id='word_1_798' title='bbox 3602 5509 3813 5576; x_wconf 73' lang='lat' dir='ltr'><strong>Habet</strong></span> 
     </span>
    </p>
   </div>
   <div class='ocr_carea' id='block_1_110' title="bbox 417 5593 3046 5680">
    <p class='ocr_par' dir='ltr' id='par_1_110' title="bbox 417 5593 3046 5680">
     <span class='ocr_line' id='line_1_110' title="bbox 417 5593 3046 5680; baseline -0.004 -17"><span class='ocrx_word' id='word_1_799' title='bbox 417 5596 598 5663; x_wconf 87' lang='lat' dir='ltr'><strong>arbor</strong></span> <span class='ocrx_word' id='word_1_800' title='bbox 626 5593 770 5656; x_wconf 79' lang='lat' dir='ltr'><strong>illa?</strong></span> <span class='ocrx_word' id='word_1_801' title='bbox 800 5595 1063 5669; x_wconf 90' lang='lat' dir='ltr'><strong>Scilicet,</strong></span> <span class='ocrx_word' id='word_1_802' title='bbox 1098 5614 1216 5658; x_wconf 89' lang='lat' dir='ltr'><strong>non</strong></span> <span class='ocrx_word' id='word_1_803' title='bbox 1240 5603 1555 5677; x_wconf 88' lang='lat' dir='ltr'><strong>propterea</strong></span> <span class='ocrx_word' id='word_1_804' title='bbox 1580 5596 1739 5676; x_wconf 87' lang='lat' dir='ltr'><strong>quod</strong></span> <span class='ocrx_word' id='word_1_805' title='bbox 1773 5596 1897 5677; x_wconf 82' lang='lat' dir='ltr'><strong>ipsa</strong></span> <span class='ocrx_word' id='word_1_806' title='bbox 1920 5616 2066 5678; x_wconf 92' lang='lat' dir='ltr'><strong>pec-</strong></span> <span class='ocrx_word' id='word_1_807' title='bbox 2154 5601 2303 5661; x_wconf 74' lang='lat' dir='ltr'><strong>item</strong></span> <span class='ocrx_word' id='word_1_808' title='bbox 2337 5605 2396 5659; x_wconf 85' lang='lat' dir='ltr'><strong>et</strong></span> <span class='ocrx_word' id='word_1_809' title='bbox 2418 5598 2566 5677; x_wconf 75' lang='lat' dir='ltr'><strong>ﬁcus</strong></span> <span class='ocrx_word' id='word_1_810' title='bbox 2596 5593 2831 5680; x_wconf 60' lang='lat' dir='ltr'><strong>typum,</strong></span> <span class='ocrx_word' id='word_1_811' title='bbox 2866 5604 2983 5660; x_wconf 90' lang='lat' dir='ltr'><strong>etc.</strong></span> <span class='ocrx_word' id='word_1_812' title='bbox 3017 5621 3046 5653; x_wconf 82' lang='grc'><strong>»</strong></span> 
     </span>
    </p>
   </div>
  </div>
