4154 6298
331 252 436 318 621

1068 246 1514 319 ENARRATIO
1560 252 1640 315 IN
1692 244 2198 316 EVANGELIUM
2246 244 2509 310 MARCI.
2547 278 2625 292 —
2667 243 2831 309 CAP.
2857 241 2995 307 XII.

3599 241 3719 309 622

333 364 581 456 Ἰωάννης
663 384 1019 464 ἐμαρτύρησε,
1103 381 1362 449 δέξασθαι.
1449 370 1596 439 Ἐπεὶ
1652 383 1705 439 δὲ
1760 385 2023 465 {indm-.4

2113 393 2263 456 eque
2298 394 2403 456 ego
2437 375 2570 438 dico
2620 375 2807 465 vobis,
2856 374 3242 465 inquit;_non
3274 372 3461 465 dixit,
3514 364 3737 456 Neque

339 498 432 533 σαν
480 476 677 533 ὶκεϊνοι
728 463 1237 548 ἒθελοκακήσαντες,
1283 470 1414 530 Οὐδὲ
1466 471 1593 550 ἐγὼ,
1652 478 1803 554 φησὶ,
1848 463 1989 556 λέγω

2113 485 2181 544 go
2209 465 2363 541 dico,
2402 467 2513 527 hoc
2548 474 2655 546 est,
2691 464 2840 537 Quia
2872 463 3145 526 malevoli
3176 464 3340 541 estis,
3374 483 3493 527 non
3515 464 3721 545 digna~

338 568 488 642 ὑμῖν.
533 566 641 624 Οὐκ
689 564 867 640 εἷπεν,
931 562 1011 619 ὅτι
1070 561 1185 620 οὐδὲ
1244 561 1351 641 ἰγὼ
1405 558 1530 620 οἶδα
1571 563 1621 619 τί
1663 553 1806 624 εἴπω
1834 553 1985 645 ὑμίν,

2114 573 2179 616 or
2209 574 2308 616 vos
2336 573 2645 635 responso.
3598 580 3607 589 '

344 654 489 736 ἀλλ’,
520 653 648 713 Οὐδὲ
692 654 801 733 ἐγὼ
845 654 1012 733 λέγω,
1044 652 1334 729 τουτέστιν,
1368 648 1587 721 Ἐπειδὴ
1617 672 1986 735 κακουργεϊτε,

345 745 438 800 οὒκ
467 743 675 811 ἀξιώσω
700 746 836 821 ὑμᾶς
868 743 1179 821 ἀπολογίας,

971 843 1222 898 ΚΕΦΑΛ.
1260 826 1367 899 IB'.

346 933 467 1011 Περὶ
515 939 609 988 τοῦ
698 931 1013 1011 ἀμπελῶνος
1024 978 1037 993 ,

418 1010 507 1069 τὸν
570 1013 752 1092 Κύριον
804 1010 889 1067 διὰ
945 1013 1036 1068 τὸν
1094 1010 1499 1092 κῆνσονηΠερὶ
1580 1010 1685 1069 τῶν
1757 1012 1994 1069 Σαδδου-

417 1095 604 1152 καίων.
646 1088 655 1092 ’
694 1095 816 1171 Περὶ
897 1100 991 1150 τοῦ
1071 1088 1450 1170 γραμματέως.
1540 1094 1662 1171 Περὶ
1744 1099 1843 1160 τῆς
1896 1100 1992 1150 τοῦ

426 1176 614 1250 Κυρίου
670 1171 1122 1253 ἐπερωτήσεωςη
1160 1171 1283 1253 Περὶ
1350 1176 1443 1227 τοῦ
1510 1172 1797 1253 προσέχειν
1871 1174 1992 1248 ,ἀπὸ

424 1259 531 1310 τῶν
556 1250 877 1332 ὑποκριτῶν.
908 1253 1032 1321 Περὶ
1062 1250 1156 1318 τῆς
1184 1252 1387 1330 χήρας.

438 1370 460 1403 ι
501 1348 599 1405 Καὶ
654 1343 846 1424 ἤρξατο
896 1344 1079 1408 αὐτοῖς
1125 1343 1179 1398 ἐν
1233 1340 1561 1422 παραϐολαῖς
1608 1343 1817 1402 λαλεῖν·
1854 1344 1994 1421 Ἀμ-

2677 825 2922 890 CAPUT
2972 826 3103 891 XlI.

1138 931 1261 1006 Περὶ
1350 930 1487 1011 τῶν,
1539 930 1991 1011 ἐπερωτησάντων

2113 918 2380 980 ’arabola
2402 920 2473 981 de
2496 921 2700 982 vinea.
2737 922 2829 1011 De
2850 920 3369 1011 {Interrogantique
3390 921 3720 1011 ροηιὶηιιῃι

2150 1008 2395 1078 propter
2427 1017 2689 1062 censum.
2730 999 2816 1060 De
2846 999 3223 1063 Sadduc'wz's.
3260 1001 3347 1063 De
3378 999 3616 1065 Scriba.
3644 1003 3725 1063 De

2158 1081 2630 1161 interrogatione
2665 1082 2931 1161 Domini.
2972 1080 3143 1155 Quod
3174 1082 3508 1143 cavendum
3535 1085 3613 1145 sit
3648 1082 3726 1145 ab

2157 1159 2503 1238 hypocritis.
2539 1159 2621 1221 De
2651 1161 2908 1222 muliere
2936 1162 3147 1223 vidua.

2159 1339 2343 1400 Vsus.
2381 1340 2515 1401 1-9.
2562 1366 2581 1391 ι
2622 1340 2693 1401 Et
2722 1341 2898 1422 coepit
2922 1341 3041 1404 illis
3075 1360 3182 1423 per
3201 1339 3508 1423 parabolas
3538 1342 3723 1425 loqui:

354 1436 568 1495 πελῶνα
612 1434 886 1513 ἐφύτευσεν
945 1431 1238 1512 ἅνθρωπος,
1302 1432 1390 1487 καὶ
1434 1432 1711 1510 περιέθηκε
1759 1438 2001 1514 φραγμὸν

2113 1429 2331 1489 lineam
2370 1428 2649 1509 plantavit
2680 1432 2881 1512 homo,
2918 1441 2975 1492 et
2995 1432 3473 1494 circumdederat
3493 1451 3723 1515 sepem,

355 1528 442 1583 καὶ
497 1523 687 1604 ὤρυξεν
733 1523 1047 1595 ὑπολήνιον,
1116 1522 1202 1577 καὶ
1261 1519 1572 1597 ᾠκοδομήσε
1625 1524 1843 1602 πύργον.
1907 1528 2002 1583 Καὶ

2113 1527 2142 1580 τί
2163 1519 2389 1580 foderat
2420 1520 2631 1597 lacum,
2676 1528 2735 1581 et
2765 1521 3153 1583 aediﬁcaverat
3181 1522 3414 1599 turrim,
3439 1530 3498 1584 et
3526 1523 3729 1586 eloca-

355 1613 558 1681 ἐξέδοτο
622 1615 778 1671 αὐτὸν
849 1624 1137 1690 γεωργοῖς,
1216 1611 1306 1666 καὶ
1356 1610 1694 1687 ἀπεδήμησε,
1754 1615 1841 1669 καὶ
1901 1614 2003 1669 ἀπ-

2113 1617 2245 1669 erat
2278 1627 2406 1669 eam
2462 1609 2760 1688 agricolis,
2818 1610 2961 1671 255
3017 1621 3075 1673 et
3133 1628 3387 1691 peregre
3433 1613 3733 1691 profectus

354 1703 555 1762 έστειλε
615 1703 745 1781 πρὸς
800 1702 921 1766 τοὺς
980 1701 1247 1779 γεωργοὺς
1305 1706 1383 1774 τῷ
1436 1706 1605 1776 καιρῷ
1658 1700 1863 1775 δοῦλον,
1910 1703 2003 1759 ἵνα

2086 1709 2177 1760 est
2212 1720 2223 1756 :
2260 1706 2317 1759 et
2343 1698 2502 1759 misit
2522 1699 2594 1760 ad
2617 1700 2926 1778 agricolas,
2952 1719 3085 1762 cum
3111 1701 3524 1781 tempestivum
3550 1710 3730 1783 esset,

353 1795 496 1873 παρὰ
550 1798 656 1849 τῶν
697 1797 948 1870 γεωργῶν
1004 1785 1142 1865 λάϐῃ
1213 1789 1318 1844 ἀπὸ
1375 1795 1467 1843 τοῦ
1510 1797 1713 1868 καρποῦ
1754 1801 1847 1850 τοῠ
1893 1792 2004 1867 ἀμ-

2113 1808 2346 1869 .ervum,
2382 1797 2442 1849 ut
2472 1788 2543 1850 ab
2565 1789 2839 1868 agricolis
2862 1789 3160 1870 acciperet
3190 1790 3264 1852 de
3294 1790 3487 1854 fructu
3521 1790 3729 1853 vineae.

356 1882 620 1946 πελῶνος,
679 1884 737 1938 0i
801 1879 881 1959 δὲ,
949 1876 1201 1941 λαϐόντες
1256 1879 1435 1953 αὐτὸν,
1495 1877 1693 1959 ἔδειραν
1751 1882 1838 1936 καὶ
1896 1881 2004 1937 ἀπ-

2090 1878 2164 1941 Αι
2193 1878 2276 1937 illi
2318 1886 2619 1957 arreptum
2659 1878 2826 1939 illum
2872 1879 3243 1954 ceciderunt,
3277 1898 3346 1941 ac
3376 1880 3735 1943 remiserunt

357 1971 595 2029 έστειλαν
664 1971 835 2029 κενόν.
896 1969 996 2026 Καὶ
1078 1966 1237 2023 πάλιν
1296 1966 1571 2023 ἀπέστειλε
1632 1969 1789 2047 πρὸς.
1823 1969 2009 2032 αὐτοὺς

2113 1986 2361 2028 racuum.
2398 1966 2464 2027 Et
2494 1986 2728 2028 rursum
2764 1968 2924 2029 misit
2966 1968 3039 2029 ad
3090 1967 3225 2029 illos
3254 1968 3434 2030 alium
3474 1987 3732 2046 servum,

360 2060 520 2121 ἄλλον
551 2058 753 2139 δοῦλον,
807 2060 1059 2115 κάκεῖνον
1111 2054 1553 2125 λιθοϐολήσαντες
1585 2044 2004 2139 ἐκειραλαίωσαν,

364 2153 449 2207 καὶ
505 2148 818 2206 ἀπέστειλαν
879 2146 1233 2222 ἠτιμημένον,
1311 2148 1409 2203 Καὶ
1464 2144 1623 2202 πάλιν
1680 2144 1839 2203 ἄλλον
1901 2148 2011 2203 ἃπ-

365 2238 585 2319 έστειλε,
636 2238 896 2296 ’κάκεῖνον
952 2235 1290 2309 ἀπέκτειναν,
1347 2237 1436 2291 καὶ
1494 2234 1725 2299 πολλοὺς
1797 2236 2009 2303 ἄλλους,

364 2330 483 2393 τοὺς
544 2328 641 2403 μὲν
700 2326 958 2406 δέροντες,
1005 2327 1126 2389 τοὺς
1173 2322 1227 2380 δὲ
1282 2324 1698 2388 ἀποκτείνοντες.
1739 2325 1869 2389 ’Έτι
1925 2326 2014 2382 οὖν

365 2418 455 2476 ἕνα
508 2419 620 2474 υἱὸν
669 2416 813 2497 ἔχων
870 2416 1149 2493 ἀγαπητὸν
1216 2414 1394 2487 αὐτοῦ,
1449 2414 1728 2471 ἀπέστειλε
1782 2417 1870 2472 καὶ
1914 2417 2013 2472 αὒ-

366 2509 454 2565 τὸν
495 2508 626 2583 πρὸς
669 2507 855 2568 αὐτοὺς
904 2503 1159 2584 ἔσχατον,
1215 2502 1412 2581 λέγων,
1446 2501 1527 2559 ὅτι
1561 2500 2013 2583 Ἐντραπήσονται

367 2598 473 2653 τὸν
510 2596 617 2653 υἱόν
688 2615 815 2671 μου.
875 2592 1110 2650 Ἐκεῖνοι
1164 2589 1219 2648 δὲ
1292 2594 1339 2648 οἱ
1397 2595 1622 2671 γεωργοὶ
1680 2594 1839 2650 εἶπον
1882 2594 2014 2672 πρὸς

371 2687 608 2760 ἑαυτοὺς,
654 2683 733 2740 ὅτι
792 2682 957 2746 Οὗτός
1006 2680 1146 2739 ἐστιν
1207 2684 1235 2737 6
1266 2679 1625 2760 κληρονόμος.
1677 2692 1834 2742 Δεῦτε
1877 2683 2019 2740 ἀπο-

370 2776 657 2851 κτείνωμεν
708 2774 887 2852 αὐτὸν,
934 2774 1024 2829 καὶ
1077 2773 1232 2847 ἡμῶν
1264 2769 1412 2827 ἔσται
1442 2773 1477 2839 ἡ
1510 2771 1863 2850 κληρονομία.
1922 2774 2020 2831 Καὶ

371 2862 620 2928 λαϐόντες
680 2863 861 2935 αὐτὸν,
919 2861 1233 2918 ἀπέκτειναν
1324 2860 1412 2917 καὶ
1469 2858 1713 2925 ἰξέϐαλον
1774 2861 1872 2929 ’ἐξω
1928 2868 2023 2919 τοῦ

2096 2067 2153 2117 et
2178 2056 2288 2126 illi,
2316 2057 2601 2135 conjectis
2624 2057 2683 2117 in
2712 2076 2845 2117 eum
2861 2058 3014 2119 saxis
3037 2059 3516 2120 comminuerunt
3535 2068 3733 2140 caput,

2094 2149 2157 2206 et
2198 2146 2555 2205 remiserunt
2613 2147 2984 2207 contumeliis
3025 2146 3322 2209 alfectum.
3381 2145 3453 2208 Et
3500 2166 3737 2209 rursum

2095 2234 2272 2295 alium
2310 2234 2484 2310 misit,
2512 2242 2567 2295 et
2599 2234 2763 2296 illum
2794 2234 3163 2310 occiderunt,
3187 2235 3525 2316 multosque
3554 2237 3737 2298 alios:

2096 2326 2205 2386 hos
2229 2326 2466 2406 quidem
2495 2327 2816 2398 caedentes,
2843 2328 2978 2388 illos
3001 2345 3141 2389 vero
3165 2327 3743 2411 occidentes.ltaque

2096 2437 2227 2479 cum
2262 2438 2445 2480 unum
2477 2420 2670 2480 adhuc
2703 2419 2948 2481 haberet
2999 2421 3180 2481 tilium
3213 2438 3383 2482 suum
3432 2422 3740 2497 dilectum,

2100 2508 2259 2569 misit
2292 2508 2465 2569 etiam
2500 2509 2665 2569 illum
2700 2510 2769 2569 ad
2804 2528 2908 2570 eos
2932 2516 3321 2590 postremum,
3345 2509 3550 2572 dicens
3585 2510 3746 2575 :Re—

2098 2597 2462 2658 verebuntur
2492 2598 2677 2658 ﬁlium
2712 2617 2930 2659 meum.
2967 2597 3056 2659 Illi
3102 2617 3241 2659 vero
3271 2600 3549 2676 agricola;
3577 2600 3747 2663 dice-

2103 2686 2241 2748 bant
2273 2688 2428 2747 iuter
2458 2706 2587 2748 sese
2616 2709 2628 2747 :
2665 2688 2770 2748 Hic
2801 2697 2889 2748 est
2932 2688 3145 2764 haeres,
3178 2689 3378 2751 venite
3410 2690 3751 2753 occidamus

2104 2794 2263 2847 eum,
2301 2785 2358 2836 et
2384 2786 2585 2838 nostra
2614 2778 2725 2837 erit
2773 2777 3110 2840 haereditas.
3149 2776 3223 2839 Et
3250 2789 3553 2860 arreptum
3583 2780 3752 2841 illum

2105 2865 2473 2939 occiderunt,
2509 2873 2566 2926 et
2596 2867 2900 2943 ejecerunt
2928 2884 2960 2927 e
2994 2866 3186 2927 vinea.
3222 2866 3374 2939 Quid
3407 2867 3589 2946 igitur
3625 2867 3750 2929 fac-

376 2953 711 3031 ἅμπελῶνος.
774 2952 833 3010 Τί
884 2953 972 3008 οὖν
1016 2951 1236 3021 ποιήσει
1294 2952 1322 3007 6
1377 2950 1553 3029 κύριος
1610 2957 1701 3008 τοῦ
1752 2950 2020 3035 ,ἀμπελῶ-

2113 2964 2279 3015 tuius
2310 2962 2399 3014 est
2427 2954 2704 3014 dominus
2726 2953 2956 3015 vinea}?
2988 2952 3222 3029 Veniet,
3255 2968 3309 3015 et
3346 2957 3556 3035 perdet
3594 2956 3753 3035 agri-

376 3066 512 3119 νοςς
578 3040 904 3115 Ἐλεύσεται,
962 3041 1050 3097 καὶ
1105 3037 1354 3096 ἀπολέσει
1408 3040 1532 3104 τοὺς
1586 3033 1878 3120 γεωργοὺς,
1936 3034 2022 3096 καὶ

2113 3043 2288 3115 colas,
2322 3052 2382 3104 et
2411 3042 2570 3102 dabit
2598 3044 2829 3105 vineam
2860 3043 3017 3107 aliis.
3056 3068 3083 3099 )›
3138 3025 3328 3105 Vinea
3346 3025 3614 3126 populus
3631 3025 3749 3126 est,

374 3132 529 3190 δώσει
584 3133 676 3187 τὸν
730 3129 1021 3206 ἀμπελῶνα
1052 3127 1261 3192 ἄλλοις.
1316 3151 1341 3187 ι
1375 3126 1684 3205 ’Λμπελὼν,
1718 3131 1747 3185 6
1776 3128 1930 3205 λαὸς,
1963 3130 2021 3184 ὃν

374 3222 648 3301 ἐφύτευσεν
712 3222 739 3277 6
800 3219 999 3297 κύριος.
1060 3241 1084 3275 ε
1150 3217 1470 3296 Κατάρτισαι
1530 3218 1655 3299 γὰρ,
1713 3220 1864 3298 φησὶ,
1920 3219 2018 3286 τὴν

375 3309 614 3387 ἄμπελον
666 3309 879 3382 ταύτην,
937 3307 1006 3375 ἢν
1080 3307 1361 3386 ἐφύτευσεν
1405 3309 1441 3375 ἡ
1498 3304 1639 3372 δεξιά
1676 3329 1809 3365 σου.
1846 3331 1874 3363 ι
1924 3309 2022 3365 Καὶ

375 3404 403 3455 ὁ
457 3400 684 3464 Μωϋσῆς
718 3416 736 3434 ο
802 3421 826 3452 ιι
894 3396 1202 3475 Εἷσαγαγὼν
1261 3395 1650 3476 καταιμῧτευσον
1695 3397 1891 3465 αὐτοὺς.
1948 3398 2020 3459 εἷς

374 3487 493 3562 ἔρος
544 3488 694 3566 ἅγιόν
739 3508 855 3548 σου.
909 3508 931 3542 ι
979 3485 1234 3564 Φραγμός
1279 3481 1333 3540 δὲ
1376 3487 1404 3541 6
1448 3484 1630 3560 νόμος,
1684 3486 1904 3542 κωλύων
1937 3486 2025 3542 αὒ-

375 3579 494 3641 τοὺς
540 3575 905 3653 έπιμίγνυσθαι
965 3587 1082 3638 τοῖς
1134 3572 1316 3639 ἄλλοις
1370 3572 1560 3637 ἔθνεσι,
1621 3574 1827 3653 Πύργος
1884 3572 1938 3630 δὲ
1996 3576 2023 3630 6

376 3668 524 3740 νιος,
583 3662 932 3744 περίϐλεπτος
992 3662 1088 3723 ὤν.
1139 3653 1457 3733 ⁹Υττολήνιον
1511 3662 1567 3719 δὲ
1621 3664 1684 3719 τὸ
1741 3664 2024 3733 ὼσιαστή-

378 3778 510 3836 ριον,
574 3753 694 3812 ἔνθα
748 3751 996 3833 ἒξεχεττο
1043 3753 1105 3809 τὸ
1159 3752 1323 3828 αἷμα,
1386 3750 1621 3818 Ἐξέδοτο
1662 3750 1717 3809 δὲ
1759 3755 1851 3809 τὸν
1901 3752 2028 3810 λαὸν

377 3856 664 3923 γεωργοῖς,
724 3856 842 3907 τοῖς
898 3842 1034 3899 κατὰ
1075 3843 1258 3920 καιρὸν
1317 3839 1650 3905 διδασκάλοις
1685 3844 1772 3899 καὶ
1801 3841 2027 3923 ἄρχουσι

379 3941 481 3991 τῶν
541 3929 829 3994 Ἰουδαίων,
893 3928 1201 3988 Ἀπέστειλε
1256 3927 1311 3987 δὲ
1362 3927 1545 3987 δοῦλον
1574 3928 1687 4001 ἕνα,
1729 3932 1876 4011 τάχα
1905 3932 2026 3995 τοὺς

380 4023 498 4101 περὶ
552 4023 645 4077 τὸν
703 4011 885 4079 Ἠλίαν
939 4021 1240 4099 προφήτας,
1329 4019 1451 4076 οἷον
1506 4021 1596 4077 τὸν
1654 4021 1915 4101 Μιχαίαν,
1971 4021 2030 4076 ὃν

382 4111 543 4187 ἔδειρε
598 4108 839 4173 Σεδεκίας
891 4111 919 4165 6
977 4106 1447 4189 ψευδοπροφήτης.
1496 4110 1745 4189 Δεύτερον
1801 4109 1856 4166 δὲ
1904 4107 2029 4167 δοῦ-

384 4201 501 4279 λον,
590 4200 647 4255 ὃν
732 4195 1170 4268 λιθοϐολῆσαντες
1259 4197 1677 4277 ἐκεφαλαίωσαν,
1768 4198 2031 4278 τουτέστι,

387 4286 726 4346 συνετέλεσαν
776 4289 899 4369 ,καὶ
952 4287 1290 4367 ἐκορύφωσαν
1362 4288 1464 4356 τὴν
1516 4285 1684 4369 ὕϐριν,
1738 4290 1861 4353 τοὺς
1916 4297 2037 4367 περὶ

387 4378 554 4445 ’ᾴὶσηὲ
611 4379 698 4433 καὶ
771 4368 1002 4435 Ἠσαίαν
1045 4346 1376 4457 ιπροφήτας,
1420 4346 1633 4453 ’Τρίτον
1668 4346 1753 4432 ’δὲ
1825 4346 2035 4457 έοῦλον,
2060 4346 2104 4395 D

388 4468 507 4531 τοὺς
564 4467 619 4523 ἐν
676 4472 746 4545 τῇ
795 4465 1164 4547 αἰχμαλωσίᾳ,
1215 4468 1337 4531 τοὺς
1368 4468 1485 4545 περὶ
1518 4464 1716 4534 Δανιὴλ
1758 4466 1846 4522 καὶ
1876 4464 2038 4537 Ἰεζε-

388 4556 537 4627 κιήλ.
596 4554 913 4614 Τελευταϊον
967 4553 1022 4612 δὲ
1068 4553 1377 4613 ἀπέστειλεν
1432 4558 1460 4612 6
1492 4557 1621 4619 Θεὸς
1654 4556 1744 4611 τὸν
1776 4557 1896 4611 Υἱὺν
1938 4554 2038 4612 αὒ-

387 4648 504 4720 τοῦ,
562 4644 619 4710 ὅς
693 4644 962 4723 ἅνθρωπος
1020 4644 1306 4721 ὠνομάσθη
1374 4642 1460 4701 διὰ
1515 4646 1577 4701 τὸ
1651 4644 2039 4724 φιλάνθρωπον,

389 4732 558 4810 λέγων
614 4729 695 4790 ὅτι
743 4731 1196 4812 Ἐντραπήσονται
1262 4736 1353 4790 τὸν
1412 4733 1519 4789 υἱόν
1591 4753 1717 4808 μου.
1778 4735 1893 4813 Οὐχ
1965 4735 2039 4797 ὡς

392 4822 597 4902 ἄγνυῶν
652 4821 706 4878 δί
762 4824 824 4879 τὸ
879 4820 1099 4898 μέλλον,
1145 4828 1299 4878 τοῦτο
1329 4822 1508 4896 εἶπεν,
1540 4820 1676 4877 ἀλλὰ
1717 4821 1778 4877 τὸ
1821 4821 2038 4902 ὀφεῖλον

391 4905 697 4990 πραχθῆναι
752 4911 840 4966 καὶ
893 4911 953 4966 τὸ
998 4910 1136 4974 εἰκὸς
1190 4907 1386 4988 λέγων,
1448 4912 1496 4967 οἱ
1524 4907 1579 4965 δὲ
1609 4911 1759 4966 κακοὶ
1789 4912 2035 4991 γεωργοὶ,

392 5000 645 5073 μαθόντες
703 4997 784 5054 ὅτι
842 4998 993 5063 οὗτός
1051 4998 1192 5056 ἐστιν
1244 5001 1271 5054 6
1329 4999 1449 5062 Υἱὸς
1479 5005 1571 5055 τοῦ
1606 5001 1759 5073 Θεοῦ,
1794 4996 2039 5064 ἱξέϐαλον

395 5088 549 5145 αὐτὸν
586 5087 704 5153 ἔξω
754 5095 848 5145 τοῦ
899 5087 1239 5165 ἀμπελῶνος,
1301 5087 1594 5168 τουτέστιν,
1654 5087 1753 5154 ἔξω
1803 5093 1903 5155 τῆς
1948 5088 2041 5145 ἰε-

397 5175 692 5252 ρουσαλὴμ,
722 5198 725 5203 ‘
752 5178 840 5233 καὶ
894 5177 1233 5240 ἀπέκτειναν.
1311 5166 1470 5244 ’Ἑξω
1528 5166 1627 5257 γὰρ
1675 5181 1774 5247 τῆς
1833 5176 2039 5241 πόλεως

394 5266 719 5345 ἒσταυρώθη.
795 5275 835 5323 0
878 5269 967 5323 οὗν
1020 5268 1196 5346 κύριος
1244 5273 1338 5323 τοῦ
1392 5265 1735 5347 ἀμπελῶνος,
1787 5270 1816 5324 6
1858 5273 2042 5348 Πατὴρ

396 5365 489 5413 τοῦ
558 5356 891 5435 φονευθέντος
949 5358 1090 5433 ficii,
1136 5353 1340 5432 μᾶλλον
1384 5352 1438 5410 δὲ
1497 5355 1653 5419 αὐτὸς
1707 5358 1736 5413 6
1778 5359 2042 5435 φονευθεὶς

476 5514 543 5566 95
570 5514 729 5582 Pal.
763 5533 966 5600 me,
997 5517 1091 5583 16.

2106 3150 2280 3213 quem
2316 3132 2597 3212 plantavit
2638 3131 2943 3194 Dominus.
3000 3157 3026 3187 α
3062 3132 3288 3195 Perﬁce
3320 3134 3504 3210 enim,
3537 3134 3750 3215 inquit,

2104 3221 2335 3281 vineam
2395 3221 2590 3300 istam,
2640 3240 2813 3301 quam
2868 3220 3148 3301 plantavit
3192 3222 3437 3284 dextera
3485 3224 3684 3286 tua93.
3725 3248 3749 3283 ι

2103 3308 2173 3371 Et
2220 3309 2450 3371 Moses:
2511 3335 2537 3365 ε(
2584 3310 2974 3372 lntroducens
3038 3311 3238 3390 planta
3286 3330 3387 3373 eos
3434 3313 3493 3373 in
3556 3322 3757 3376 monte

2105 3407 2308 3459 sancto
2344 3407 2464 3460 tuo.
2505 3419 2532 3457 ι
2558 3398 2743 3478 Sepes
2783 3412 3006 3475 autem,
3061 3399 3178 3474 lex,
3224 3419 3356 3481 qua;
3404 3401 3758 3481 prohibebat

2104 3486 2265 3566 ipsos
2295 3487 2674 3548 commisceri
2692 3486 2997 3567 gentibus.
3018 3486 3226 3550 Turris
3253 3508 3416 3566 vero,
3442 3492 3754 3572 templum;

2107 3594 2242 3637 nam
2276 3578 2662 3657 conspicuum
2698 3584 2843 3638 erat.
2900 3578 3084 3638 Porro
3127 3579 3406 3655 torcular,
3459 3580 3641 3642 altare
3697 3581 3757 3642 iu

2110 3685 2226 3746 quo
2251 3666 2665 3727 eﬂ‘undebatur
2680 3667 2943 3745 sanguis.
2970 3667 3241 3729 Elocarat
3256 3677 3450 3729 autem
3477 3669 3756 3751 populum

2110 3754 2402 3835 agricolis,
2440 3756 2551 3816 hoc
2583 3762 2670 3816 est
2701 3755 3063 3836 doctoribus,
3098 3757 3198 3836 qui
3231 3775 3339 3837 per
3367 3756 3427 3817 id
3475 3757 3760 3839 temporis

2112 3854 2303 3925 erant,
2330 3853 2400 3905 et.
2415 3844 2782 3925 principibus
2802 3844 3165 3907 Judaeorum.
3188 3846 3346 3909 Misit
3367 3864 3503 3907 vero
3520 3865 3755 3910 servum

2111 3952 2317 4009 unum,
2352 3936 2503 3996 forte
2526 3952 2593 3994 ex
2627 3933 2935 4013 prophetis
2951 3933 3166 4005 Eliam,
3199 3944 3257 3995 et
3280 3935 3381 4015 qui
3405 3943 3544 3996 tunc
3562 3941 3754 4009 erant,

2113 4031 2175 4084 ut
2233 4022 2561 4096 Michaaam,
2611 4040 2786 4102 quem
2841 4023 3053 4084 cecidit
3110 4021 3453 4099 Sedecbias,
3508 4024 3762 4105 pseudo-

2117 4112 2407 4194 propheta
2436 4111 2686 4172 scilicet.
2720 4112 3060 4172 Secundum
3093 4120 3286 4173 autem
3338 4132 3573 4175 servum
3606 4112 3760 4193 lapi-

2117 4202 2318 4262 datum
2348 4200 2714 4271 ceciderunt,
2754 4201 2866 4260 hoc
2897 4208 2984 4261 est
3032 4200 3398 4276 occiderunt,
3437 4212 3495 4263 et
3546 4211 3761 4264 contu-

2122 4282 2316 4343 meliis
2374 4281 2721 4351 affecerunt,
2779 4277 2930 4342 Osce
3002 4288 3059 4342 ot
3131 4280 3339 4342 Isaiam
3420 4284 3758 4363 prophetas.

2122 4370 2385 4433 Tertium
2420 4378 2617 4430 auti‘m
2651 4388 2905 4449 servum,
2939 4368 2999 4430 id
3034 4378 3142 4443 est,
3180 4388 3282 4431 eos
3310 4370 3409 4450 qui
3437 4371 3493 4431 in
3517 4373 3762 4452 captivi-

2123 4469 2241 4522 tate
2271 4460 2529 4541 fuerunt,
2565 4469 2625 4520 ut
2667 4458 2971 4522 Danielem
3007 4468 3065 4520 et
3094 4459 3491 4523 Ezechielem.
3543 4459 3762 4524 Ultimo

2121 4559 2317 4612 autem
2355 4549 2509 4612 misit
2548 4550 2756 4610 Filium
2789 4567 2965 4612 suum
3007 4550 3183 4624 Deus,
3222 4548 3326 4628 qui
3358 4550 3532 4611 homo
3567 4548 3763 4612 nomi-

2124 4648 2295 4700 natur
2329 4650 2573 4720 propter
2605 4639 3073 4699 misericordiam
3105 4647 3162 4698 et
3190 4656 3453 4700 amorem
3482 4639 3543 4700 in
3567 4639 3764 4700 homi-

2125 4747 2253 4804 nes,
2287 4729 2536 4791 diccns:
2590 4726 3047 4791 Reverebuntur
3095 4726 3311 4789 Filium
3369 4747 3591 4790 meum.
3638 4727 3766 4790 Non

2124 4827 2187 4878 ut
2235 4816 2518 4896 ignorans
2557 4819 2713 4897 quod
2764 4817 3026 4878 futurum
3075 4823 3222 4897 erat,
3287 4817 3399 4878 hoc
3443 4818 3606 4887 dixit,
3661 4818 3767 4879 sed

2125 4908 2277 4986 quod
2312 4906 2441 4968 ﬁeri
2484 4915 2805 4987 oporteret,
2857 4913 2920 4968 et
2964 4905 3282 4996 verisimile
3326 4915 3452 4968 erat
3480 4907 3766 4996 futurum,

2126 4996 2376 5058 dicens:
2447 4996 2583 5058 Mali
2633 5010 2827 5057 autem
2881 4994 3160 5072 agricolae
3216 5014 3349 5056 cum
3421 4994 3773 5059 didicissent

2126 5085 2284 5166 quod
2316 5085 2412 5146 hic
2455 5093 2614 5146 esset
2661 5084 2843 5145 Filius
2879 5083 3007 5157 Dei,
3059 5085 3371 5164 ejecerunt
3411 5085 3578 5146 illum
3609 5094 3773 5148 extra

2126 5173 2382 5247 vineam,
2418 5173 2475 5235 id
2509 5182 2598 5234 est
2627 5180 2789 5234 extra
2812 5171 3169 5245 Jerusalem,
3213 5182 3271 5236 et
3300 5174 3769 5249 interfecerunt;

2128 5272 2291 5325 extra
2332 5262 2491 5323 enim
2542 5260 2701 5321 illam
2754 5261 3069 5323 cruciﬁxus
3119 5271 3229 5324 est.
3273 5261 3562 5324 Dominus
3600 5262 3775 5341 igitur

2128 5355 2336 5426 vineae,
2392 5353 2565 5411 Pater
2618 5351 2795 5413 occisi
2856 5350 3013 5426 Filii,
3067 5352 3186 5413 imo
3244 5360 3301 5413 et
3360 5350 3488 5432 ipse
3543 5352 3776 5415 occisus
