4154 6298
438 450 555 516 627
1417 429 1961 523 THOPHYLACTI
2003 446 2413 511 BULGARLE
2456 449 2811 514 ARCHIEP.
3722 440 3849 505 ses

443 584 669 667 nuptiae
702 594 942 667 propter
965 588 1404 667 corruptionem
1432 587 1601 659 ﬁunt,
1628 595 1692 648 ut
1720 584 2095 665 successione

2182 581 2396 651 θήσεται
2429 597 2445 613 ⁶
2508 590 2596 641 νῦν
2639 584 2739 664 γὰρ
2800 586 2827 641 ὁ
2879 584 3052 662 γάμος
3109 582 3194 639 διὰ
3233 582 3333 649 τὴν
3378 580 3569 660 φθορὰν
3598 580 3819 657 γίνεται,

444 675 687 755 generis
726 676 1014 738 durantes
1062 676 1338 738 homines
1388 695 1507 737 non
1557 676 1900 737 intereant:
1956 685 2095 733 tunc

2182 669 2269 726 ἵνα
2324 678 2393 749 τῇ
2433 671 2672 754 διαδοχῇ
2714 680 2806 731 τοῦ
2848 673 3030 753 γένους
3086 672 3482 747 συνιστάμενοι,
3528 669 3606 746 μὴ
3650 667 3847 744 ἀφανι-

443 772 641 827 autem
676 764 831 826 sicut
860 765 1049 843 angeli
1082 764 1309 846 absque
1331 765 1583 846 nuptiali
1607 766 1990 826 successione
2013 760 2097 823 illi

442 853 560 934 ipsi
592 862 790 934 erunt,
823 862 880 916 et
909 873 1208 936 nunquam
1232 855 1511 917 deﬁcient
1539 875 1552 916 :
1589 854 1675 915 sic
1699 862 1754 915 et
1774 853 1875 935 qui
1904 870 2099 915 resur«

442 949 611 1023 gunt,
654 946 782 1005 sine
832 943 1059 1023 nuptiis
1108 952 1485 1025 permanent,
1536 961 1836 1024 nunquam
1892 941 2095 1003 immi-

446 1031 666 1093 nuendi
686 1033 773 1095 94.
806 1032 874 1094 Et
905 1033 1080 1095 aliter
1109 1052 1345 1114 quoque
1366 1042 1637 1094 taxantur
1669 1042 1731 1094 ut
1763 1032 2098 1093 nescientes

446 1120 872 1201 Scripturas.Si
896 1123 1054 1183 enim
1079 1122 1510 1185 intellexissent
1540 1121 2099 1200 illas,intelligerent

448 1210 627 1275 etiam
663 1211 961 1290 quomodo
987 1210 1273 1291 scriptum
1308 1213 1405 1272 sit.
1457 1210 1580 1290 Ego
1614 1230 1742 1272 sum
1795 1210 1895 1271 ille
1942 1212 2097 1271 Deus

445 1298 771 1379 Abraham,
804 1307 1007 1379 utpote
1045 1299 1356 1362 manifeste
1395 1300 1742 1361 viventium.
1779 1298 1906 1360 Non
1938 1298 2096 1358 enim

448 1386 622 1468 dixit,
654 1386 774 1467 Ego
826 1407 1012 1463 eram,
1066 1390 1193 1463 sed,
1233 1407 1386 1468 sum,
1441 1397 1644 1470 utpote
1695 1388 2094 1465 praesentium,

446 1476 588 1538 258
617 1485 793 1557 atque
822 1476 1062 1538 illorum
1096 1497 1214 1539 non
1252 1477 1643 1559 perditorum.
1674 1476 1803 1539 Jam
1837 1475 2100 1537 fortassis

448 1566 607 1629 dicet
637 1567 793 1646 quis,
823 1567 980 1647 quod
1007 1568 1119 1628 hoc
1148 1567 1222 1628 de
1252 1567 1377 1628 sola
1396 1567 1649 1629 Abrahae
1668 1567 1865 1628 anima
1888 1565 2101 1626 dixerit

448 1655 759 1727 Dominus,
797 1665 856 1719 et
888 1673 1004 1719 non
1036 1657 1176 1717 item
1213 1656 1287 1717 de
1322 1675 1596 1736 corpore,
1645 1664 1703 1717 et
1731 1656 1812 1715 ita
1849 1673 2095 1734 corpora

2179 762 2409 836 σθῶμεν.
2442 764 2572 820 Τότε
2603 762 2683 838 δὲ,
2729 763 2907 843 ὥσπερ
2955 765 3005 820 οἱ
3035 760 3255 839 ἄγγελοι
3288 759 3411 817 ἄνευ
3445 755 3704 836 διαδοχῆς
3737 776 3843 843 γα-

2180 856 2345 926 μικῆς
2402 854 2451 908 οἱ
2494 854 2637 910 αὐτοί
2696 855 2817 927 εἰσι,
2880 842 2970 909 καὶ
3048 850 3297 909 οὐδέποτε
3357 848 3609 926 λήγουσιν
3642 862 3657 876 '
3706 842 3846 900 οὕτω

2181 942 2270 996 καὶ
2312 943 2359 997 οἱ
2402 943 2741 1017 ἀνιστάμενοι
2795 941 2917 1000 ἄνευ
2989 942 3164 1019 γάμου
3223 936 3578 995 ἀνελάττωτοι
3648 931 3841 1007 διαμέ-

2181 1051 2347 1092 νουσι,
2403 1032 2501 1089 Καὶ
2542 1030 2718 1096 ἄλλως
2775 1029 2829 1087 δὲ
2871 1030 3186 1110 ἐλέγχονται
3231 1028 3309 1104 μὴ
3355 1025 3551 1088 εἰδότες
3577 1023 3670 1085 τὰς
3701 1027 3834 1099 Γρα-

2180 1117 2304 1197 φάς.
2339 1120 2397 1175 Εἰ
2425 1119 2524 1199 γὰρ
2555 1119 2733 1176 ἐνόουν
2774 1119 2993 1193 ταύτας,
3040 1118 3266 1185 ἐνόησαν
3317 1114 3378 1172 ἂν
3430 1114 3518 1171 καὶ
3569 1117 3684 1175 πῶς
3742 1110 3830 1199 εί-

2181 1228 2336 1283 ρηται
2380 1209 2464 1282 τὸ,
2500 1197 2669 1287 τἘγὼ
2727 1211 2833 1283 εἶμι
2892 1210 2920 1264 ὸ
2979 1210 3109 1272 Θεὸς
3169 1204 3438 1285 ’Λϐραὰμ,
3498 1205 3571 1268 ὡς
3625 1197 3829 1287 δηλᾳδῆ

2182 1280 2415 1366 ζώντων.
2446 1280 2517 1357 Οὐ
2545 1280 2644 1377 γάρ
2675 1280 2855 1379 εἶπεν,
2887 1296 2968 1353 ὅτι
3026 1298 3134 1377 ἐγὼ
3161 1280 3331 1372 ἥμην,
3370 1280 3516 1371 ἀλλ’,
3552 1292 3697 1379 ειμιτ
3735 1280 3828 1379 ξος

2182 1385 2483 1443 ἐνεστώτων
2540 1375 2850 1462 κάκείνων,⁷
2907 1388 2995 1443 καὶ
3068 1375 3145 1463 μὴ
3222 1382 3592 1458 ἀπολομένων.
3680 1375 3830 1436 Ἀλλ’

2180 1475 2317 1539 ’ίσως
2347 1475 2494 1534 εἴποι
2524 1500 2603 1539 τις
2634 1480 2708 1541 ὡς
2734 1477 2889 1534 τοῦτο
2939 1477 3057 1555 περὶ
3120 1477 3219 1542 τῆς
3254 1472 3439 1553 ψυχῆς
3469 1476 3560 1526 τοῦ
3591 1466 3833 1544 Ἀϐραὰμ

2182 1563 2369 1644 εἴρηκε
2416 1566 2587 1641 μόνης
2647 1570 2674 1623 ὁ
2728 1567 2939 1645 Κύριος,
2986 1566 3111 1645 οὐχὶ
3139 1565 3232 1620 καὶ
3272 1563 3392 1640 περὶ
3420 1566 3512 1617 τοῦ
3558 1559 3831 1633 σώματος,

2180 1655 2316 1712 ὥστε
2370 1656 2437 1712 τὰ
2478 1657 2701 1732 σώματα
2743 1659 2839 1713 οῦκ
2891 1656 3221 1716 ἀνίστανται.
3280 1652 3438 1730 Λέγω
3480 1650 3568 1707 οὖν
3623 1654 3832 1727 πρῶτον

448 1763 568 1806 non
596 1754 934 1825 resurgunt.
974 1746 1116 1807 Dico
1159 1745 1339 1821 igitur
1383 1746 1636 1827 primum
1670 1745 1909 1825 quidem
1941 1743 2095 1824 quod

2182 1746 2302 1824 μὲν,
2362 1743 2442 1801 ὅτι
2520 1743 2761 1824 Ἀϐραὰμ
2824 1748 2886 1802 τὸ
2943 1744 3341 1825 συναμφότερον
3384 1741 3620 1817 λέγεται,
3678 1736 3833 1815 ψυχὴ

447 1834 751 1897 Abraham
787 1838 1105 1914 utrumque
1146 1833 1404 1915 dicatur,
1441 1834 1637 1895 anima
1672 1842 1731 1895 et
1772 1853 2009 1913 corpus,
2040 1842 2095 1893 et

2182 1834 2267 1889 καὶ
2324 1839 2505 1915 σῶμα,
2562 1834 2699 1891 ὥστε
2748 1836 2843 1891 καὶ
2885 1841 2978 1892 τοῦ
3028 1832 3278 1908 σώματός
3309 1830 3419 1887 ἐστι
3453 1830 3607 1901 Θεὸς,
3637 1833 3831 1897 ζῶντος

449 1924 529 1986 ita
560 1924 738 1985 etiam
771 1923 927 1985 Deus
959 1932 1054 1985 est
1092 1914 1397 2005 corporis,
1419 1925 1576 2004 quod
1627 1932 1685 1985 et
1734 1924 1927 2003 ipsum
1963 1924 2095 1983 vivit

2183 1924 2269 1978 καὶ
2325 1914 2495 1982 αὐτοῦ
2525 1924 2667 2002 παρὰ
2708 1929 2785 1997 τῷ
2831 1928 2971 1997 Θεῴ,
3022 1924 3109 1979 καὶ
3159 1922 3237 1998 μὴ
3267 1921 3441 1986 πάντη
3471 1919 3543 1980 εἰς
3573 1917 3635 1972 τὸ
3665 1915 3742 1989 μὴ
3773 1914 3829 1969 ὃν

449 2012 607 2093 apud
640 2015 851 2088 Deum,
886 2022 944 2075 et
974 2033 1090 2075 non
1125 2002 1367 2075 omnino
1400 2002 1460 2074 in
1493 2002 2094 2091 nihilum’redigitur.

2182 2014 2554 2092 χωρήσαντος.
2619 2002 2858 2070 ’Ἐπειτα
2912 2012 2993 2068 ὃτι
3052 2012 3100 2068 οἱ
3149 2008 3493 2093 Σαδδουκαζοι
3551 2006 3667 2079 περὶ
3728 2007 3829 2069 τῆς

450 2087 703 2183 Insuper
732 2102 872 2184 quia
915 2102 1227 2165 Sadducaei
1257 2102 1331 2164 de
1361 2102 1629 2182 corporis
1661 2087 2095 2164 resurrectione

2182 2108 2288 2158 τῶν
2331 2104 2599 2180 σωμάτων
2624 2102 2963 2165 ἀναστάσεως
3008 2098 3366 2181 ἀμφέϐαλλον.
3428 2087 3606 2154 ’Ὠστε
3663 2093 3750 2149 καὶ
3805 2094 3832 2147 ὁ

454 2182 825 2266 dubitabant,
859 2200 1088 2253 certum
1128 2191 1286 2272 quod
1322 2192 1612 2254 Dominus
1642 2191 1718 2253 de
1752 2191 2095 2272 cerporibus

2184 2193 2372 2270 Κύριος
2430 2194 2546 2270 περὶ
2596 2197 2703 2247 τῶν
2747 2191 3009 2266 σωμάτων
3066 2193 3218 2245 εἶπεν
3265 2186 3352 2243 ὅτι
3408 2186 3538 2257 ζῶσι
3566 2182 3709 2260 παρά
3747 2184 3833 2272 ,τῷ

455 2282 669 2345 dixerit
707 2284 863 2364 quod
913 2283 1111 2344 vivant
1150 2282 1304 2363 apud
1336 2283 1546 2355 Deum,
1586 2302 1704 2344 non
1758 2282 1831 2344 de
1880 2284 2097 2343 anima.

453 2370 597 2434 Nam
628 2372 784 2434 istud
815 2374 939 2451 jam
975 2390 1049 2433 ex
1080 2372 1353 2434 confesso
1388 2381 1512 2433 erat
1545 2373 1720 2435 etiam
1772 2372 1930 2451 apud
1966 2391 2102 2434 car-

456 2463 623 2523 nales
646 2460 1038 2524 Saddncaaos.‘
1063 2460 1325 2525 Observa
1355 2468 1410 2522 et
1435 2461 1570 2523 hoc.
1609 2463 1988 2524 Resurrectio
2013 2469 2104 2524 est

456 2550 586 2630 ejus
615 2549 774 2630 quod
823 2549 1125 2610 ceciderat
1167 2549 1479 2611 surrectio.
1519 2551 1872 2612 Immortalis
1901 2558 2099 2611 autem

456 2639 653 2702 anima
684 2657 802 2699 non
849 2638 1092 2715 cecidit,
1151 2638 1256 2699 sed
1313 2657 1527 2718 corpus
1587 2640 1743 2715 hoc;
1799 2639 1995 2719 itaque
2046 2649 2102 2700 et

452 2736 725 2807 resurget
751 2729 994 2805 iterum,
1031 2727 1324 2807 conjugali
1349 2728 1561 2790 animm
1589 2728 2016 2809 complicitum.

535 2821 719 2880 Vens.
748 2817 964 2881 28-34.
1022 2842 1049 2872 α
1099 2818 1173 2879 Et
1221 2836 1356 2879 cum
1401 2818 1750 2879 accessisset
1797 2818 2031 2897 quidam
2067 2838 2098 2880 e

455 2907 705 2981 Scribis,
741 2915 799 2968 et
817 2905 1080 2968 audisset
1111 2924 1213 2967 eos
1248 2907 1421 2967 simul
1448 2908 2091 2987 disputantes,videret-

455 3016 571 3079 que
602 2996 759 3077 quod
786 2994 939 3056 bene
957 2995 1367 3075 respondisset
1389 2996 1886 3073 eis,interrogavit
1910 2998 2097 3058 illum:

2186 2268 2326 2360 Θεῶ,
2358 2268 2509 2361 οὐχὶ.
2538 2281 2657 2358 περὶ
2699 2286 2805 2337 τῶν
2866 2285 3084 2359 ψυχῶν.
3146 2284 3310 2336 Τοῦτο
3351 2276 3452 2355 γάρ
3495 2271 3597 2342 ἤδη
3628 2268 3836 2346 ὡμολό-

2184 2392 2321 2451 γητο
2372 2372 2462 2426 καὶ
2515 2371 2657 2448 παρὰ
2689 2370 2808 2434 τοῖς
2840 2382 3117 2448 σαρκικοῖς
3164 2365 3560 2429 Σαδδουκαίοις,
3590 2361 3837 2451 ’Ἔπειτα

2183 2448 2271 2517 καὶ
2312 2466 2467 2516 τοῦτο
2512 2459 2722 2527 σκόπει,
2772 2460 2805 2525 ἡ
2860 2458 3169 2531 ἀνάστασις,
3200 2466 3293 2515 τοῦ
3321 2452 3667 2515 πεπτωκότος
3698 2448 3835 2506 ἐστὶν

2184 2549 2496 2612 ἀνάστασις,
2553 2548 2774 2607 ’Ἔπεσε
2831 2545 2886 2603 δὲ
2948 2546 3054 2627 οὔχ
3095 2548 3131 2614 ἡ
3177 2545 3352 2625 ψυχὴ,
3400 2544 3656 2604 ἀθάνατος
3705 2539 3828 2627 γὰρ,

2185 2636 2321 2694 ἀλλά
2351 2640 2412 2694 τὸ
2456 2643 2612 2714 σῶμα
2648 2653 2661 2667 ⁸
2695 2646 2851 2696 τοῦτο
2877 2636 2977 2715 ἄρα
3018 2637 3105 2692 καὶ
3148 2635 3525 2709 ἀναστήσεται,
3555 2626 3829 2708 προσπλα·

2183 2728 2273 2784 κὲν
2302 2726 2461 2784 πάλιν
2489 2734 2559 2804 τῇ
2605 2726 2852 2803 ὀμοζύγῳ
2880 2730 3058 2805 ψυχῇ.

2270 2838 2294 2873 α
2342 2817 2442 2875 Καὶ
2492 2814 2792 2896 προσελθὼν
2845 2816 2916 2880 εἰς
2973 2821 3078 2871 τῶν
3149 2811 3526 2894 Γραμματέων,
3584 2805 3814 2896 ἀκοῦσας

2182 2905 2350 2964 αὒτῶν
2410 2893 2793 2979 συζητούντων,
2853 2902 3000 2969 εἰδὼς
3057 2903 3137 2960 ὅτι
3193 2893 3382 2963 καλῶς
3458 2898 3640 2959 αὐτοῖς
3697 2893 3808 2948 ἀπ’

2182 2997 2385 3075 εκρίθη,
2447 2995 2792 3074 ἐπηρώτησεν
2850 2996 3027 3065 αὒτὸν,
3066 2995 3193 3051 ποία
3247 2993 3353 3049 ἐστι
3394 2987 3579 3067 πρώτη
3628 2986 3813 3075 πασῶν

454 3072 745 3160 Quod'est
786 3084 1040 3164 primum
1065 3072 1339 3145 omnium
1386 3072 1816 3166 praeceptorum
1850 3085 1879 3145 ‘?
1928 3084 2095 3147 Jesus

2182 3072 2423 3164 ἒντολής
2490 3072 2564 3142 ’οἼ
2601 3083 2656 3138 δὲ
2715 3081 2923 3150 Ἰησοῦς
2983 3084 3237 3158 ἀπεκρίθη
3293 3084 3457 3153 αὐτῷ,
3500 3075 3579 3132 ὅτι
3636 3072 3824 3166 πρώτη

454 3183 650 3237 autem
681 3160 989 3253 respondit
1021 3172 1148 3234 illi:
1185 3160 1450 3234 Primum
1486 3160 1750 3235 omnium
1786 3184 2095 3255 przccepto-

2184 3180 2366 3229 πασῶν
2410 3160 2515 3231 τῶν
2573 3171 2831 3243 ἐντολῶν,
2876 3172 3089 3232 ’¹Ακουε
3135 3168 3372 3249 Ἰσραὴλ,
3428 3166 3614 3245 Κύριος
3644 3164 3672 3219 ὸ
3704 3160 3832 3221 Θεὸς

453 3284 585 3327 rum
641 3271 731 3325 est
779 3251 798 3326 ξ
851 3261 1008 3325 Audi
1066 3262 1276 3342 Israel,
1334 3263 1620 3325 Dominus
1668 3251 1825 3324 Deus
1873 3251 2095 3341 noster,

2186 3265 2365 3339 ἡμῶν,
2415 3263 2601 3342 Κύριος
2645 3262 2730 3325 εἷς
2805 3261 2939 3335 ἐστι,
2998 3264 3086 3319 καὶ
3147 3261 3446 3339 ἀγαπήσεις
3507 3255 3692 3333 Κύριον
3745 3251 3835 3305 τὸν

455 3354 749 3417 Dominus
763 3371 916 3414 unus
940 3358 1052 3414 est:
1078 3360 1135 3413 et
1157 3351 1371 3431 diliges
1393 3351 1707 3413 Dominum
1727 3352 1909 3414 Deum
1932 3361 2095 3414 tuum

2186 3354 2316 3408 Θεόν
2373 3374 2467 3408 σου
2525 3352 2577 3417 ἐξ
2636 3351 2767 3417 ὅλης
2808 3356 2904 3417 τῆς
2956 3350 3168 3430 καρδίας
3204 3373 3316 3425 σου,
3352 3348 3441 3405 καὶ
3468 3344 3521 3412 ἐξ
3548 3344 3680 3426 ὅλης

456 3463 524 3508 ex
560 3450 677 3505 toto
712 3441 892 3504 corde
923 3448 1045 3518 tuo,
1081 3449 1138 3501 et
1172 3459 1241 3501 ex
1272 3426 1397 3501 tota
1418 3441 1612 3502 anima
1646 3448 1765 3513 tua,
1802 3452 1861 3503 et
1891 3460 1955 3502 ex
1985 3451 2095 3503 tota

2184 3442 2369 3520 ψυχῆς
2426 3463 2543 3515 σου,
2606 3443 2691 3497 καὶ
2748 3440 2799 3507 ἒξ
2857 3440 2989 3508 ὅλης
3030 3426 3145 3508 ’τῆς
3201 3438 3430 3503 διανοίας
3490 3458 3603 3509 σου,
3650 3431 3738 3520 καί
3779 3426 3830 3493 ἐξ

459 3541 659 3595 mente
678 3539 797 3611 tua,
823 3538 882 3592 et
909 3549 980 3591 ex
1007 3530 1142 3591 totis
1162 3529 1385 3590 viribus
1419 3530 1552 3590 tuis.
1582 3532 1705 3592 Hoc
1733 3540 1819 3591 est
1846 3532 2095 3610 primum

2183 3528 2314 3595 ὅλης
2373 3532 2471 3595 τῆς
2502 3531 2687 3610 ἰσχύος
2735 3554 2849 3589 σου.
2900 3530 3041 3597 Αὕτη
3073 3531 3257 3608 πρώτη
3303 3525 3492 3595 ἐντολή
3529 3544 3541 3557 ⁸
3590 3523 3676 3579 καὶ
3709 3519 3825 3576 δευ-

457 3628 816 3704 praeceptum
844 3638 858 3682 :
892 3629 953 3680 et
981 3618 1309 3680 secundum
1343 3619 1538 3680 simile
1569 3619 1680 3679 hoc
1713 3628 1839 3681 est:
1876 3620 2098 3697 Diliges

456 3709 790 3792 proximum
864 3716 1027 3769 tuum
1085 3716 1151 3769 ut
1209 3708 1485 3787 teipsum.
1546 3710 1735 3788 Majus
1795 3710 1883 3768 his
1942 3711 2098 3770 aliud

457 3805 816 3883 praeceptum
850 3815 969 3859 non
1014 3804 1125 3860 est.
1167 3796 1237 3858 Et
1283 3797 1432 3860 dixit
1473 3798 1559 3858 illi
1603 3797 1809 3859 Scriba
1843 3817 1855 3860 :
1909 3799 2092 3871 Bene,

456 3896 811 3973 praeceptor,
828 3906 963 3949 cum
985 3886 1229 3949 veritate
1246 3886 1465 3961 dixisti,
1482 3889 1637 3969 quod
1665 3907 1814 3949 unus
1829 3890 1899 3948 sit
1920 3891 2093 3963 Deus,

456 3987 519 4042 et
562 3997 682 4040 non
712 3977 788 4039 sit
830 3976 981 4038 alius
1030 3982 1250 4057 praeter
1292 3976 1499 4038 illum:
1546 3980 1823 4059 quodque
1854 3979 2100 4057 diligere

454 4085 593 4132 eum
607 4086 678 4129 ex
698 4074 822 4130 toto
836 4065 1040 4137 corde,
1063 4073 1126 4127 et
1141 4083 1209 4127 ex
1231 4073 1352 4129 tota
1371 4066 1779 4148 intelligentia,
1808 4076 1868 4129 et
1889 4086 1957 4129 ex
1984 4075 2101 4131 tota

453 4156 675 4233 anima,
709 4162 766 4218 et
797 4175 875 4219 ex
923 4154 1060 4217 totis
1092 4154 1341 4229 viribus,
1375 4174 1443 4216 ac
1474 4155 1724 4235 diligere
1762 4158 2098 4237 proximum

453 4252 517 4309 ut
534 4245 826 4326 seipsum,
850 4243 982 4326 plus
1004 4245 1078 4305 sit
1101 4263 1275 4325 quam
1303 4243 1575 4306 universa
1601 4245 2103 4307 holocaustomata

453 4344 513 4399 et
543 4334 814 4398 victimae.
866 4333 941 4395 At
979 4334 1153 4395 Jesus
1198 4352 1330 4394 cum
1380 4334 1608 4396 videret
1656 4334 1812 4415 quod
1861 4336 2103 4397 cordate

451 4423 883 4505 respondisset,
916 4421 1060 4484 dixit
1092 4421 1173 4484 illi
1206 4442 1218 4481 :
1256 4420 1423 4483 Haud
1457 4422 1632 4501 longe
1664 4423 1807 4483 abes
1838 4442 1870 4484 a
1915 4442 2099 4500 regno

450 4512 581 4577 Dei.
615 4512 686 4575 Et
714 4529 892 4574 nemo
916 4517 1048 4593 post
1068 4510 1169 4573 illa
1190 4511 1445 4573 audebat
1472 4511 1637 4572 illum
1662 4511 2053 4591 interrogare.
2071 4537 2092 4570 ι

2180 3616 2306 3695 τέρα
2363 3620 2521 3694 ὁμοία
2580 3621 2713 3687 αὕτη
2748 3640 2762 3653 ⁸
2824 3620 3150 3696 Ἀγαπήσεις
3193 3620 3283 3676 τὸν
3326 3614 3553 3682 πλησίον
3603 3634 3697 3668 σου
3750 3611 3824 3670 ὼς

2180 3708 2422 3770 σεαυτόν.
2514 3709 2715 3780 Μείζων
2798 3710 2997 3765 τούτων
3073 3707 3211 3773 ἄλλη
3287 3704 3477 3772 ἐντολὴ
3533 3706 3629 3762 οὒκ
3684 3699 3819 3757 ἔστι.

2184 3801 2283 3856 Καὶ
2340 3800 2495 3855 εἶπεν
2554 3798 2697 3873 αὒτῷ
2746 3801 2774 3854 ὁ
2832 3798 3177 3876 Γραμματεός
3207 3815 3224 3833 ο
3272 3800 3484 3873 Καλῶς,
3519 3786 3818 3861 διδάσκαλε,

2181 3884 2266 3943 ἐπ’
2323 3888 2570 3954 ἀληθείας
2630 3888 2809 3960 εἶπες,
2873 3886 2954 3943 ὅτι
3013 3890 3095 3951 εἷς
3163 3887 3273 3942 ἐστι
3350 3885 3504 3962 Θεὸς,
3577 3882 3663 3937 καὶ
3731 3878 3827 3935 οὐκ

2186 3977 2327 4034 ἔστιν
2386 3975 2547 4041 ἄλλος
2613 3977 2751 4045 πλὴν
2810 3978 2990 4048 αὐτοῦ,
3043 3977 3131 4033 καὶ
3186 3977 3247 4032 τὸ
3302 3973 3510 4052 ἀγαπᾷν
3551 3971 3704 4051 αὐτὸν
3776 3966 3828 4030 ἐξ

2185 4064 2314 4133 ὅλης
2366 4071 2465 4133 τῆς
2523 4062 2759 4145 καρδίας,
2821 4066 2910 4122 καὶ
2954 4063 3005 4131 ἐξ
3061 4064 3193 4131 ὅλης
3241 4068 3341 4130 τῆς
3400 4059 3683 4137 συνέσεως,
3740 4054 3831 4112 καὶ

2185 4156 2236 4222 ἒξ
2279 4155 2412 4222 ὅλης
2472 4159 2568 4224 τῆς
2601 4160 2810 4234 ψυχῆς,
2842 4155 2929 4210 καὶ
2960 4152 3010 4219 ἐξ
3039 4152 3173 4220 ὅλης
3206 4158 3304 4220 τῆς
3355 4152 3568 4230 ἰσχύος,
3626 4146 3713 4203 καὶ
3767 4145 3830 4199 τὸ

2184 4246 2398 4323 ἀγαπᾷν
2454 4246 2543 4302 τὸν
2586 4243 2815 4311 πλησίον
2852 4247 2925 4306 ὡς
2989 4242 3195 4316 ἑαυτὸν,
3241 4241 3432 4298 πλεῖόν
3462 4239 3571 4295 ἐστι
3615 4236 3829 4292 πάντων

2184 4338 2289 4393 τῶν
2346 4336 2803 4412 ὁλοκαυτωμάτων
2859 4336 2946 4391 καὶ
2988 4335 3094 4391 τῶν
3135 4334 3348 4395 θυσιῶν,
3386 4332 3483 4389 Καὶ
3535 4331 3562 4385 ὁ
3617 4327 3823 4392 Ἰησοῦς

2182 4424 2329 4506 ἰδὼν,
2375 4424 2454 4482 ὅτι
2509 4431 2775 4505 νουνεχῶς
2833 4424 3114 4504 ἀπεκρίθη,
3160 4424 3316 4479 εἶπεν
3346 4425 3488 4494 αῦτῷ
3521 4436 3533 4450 ⁸
3579 4417 3650 4476 Οὔ
3710 4438 3819 4489 μει-

2181 4517 2313 4595 κρὰν
2355 4516 2410 4573 εἴ
2444 4515 2550 4571 ἀπὸ
2592 4520 2690 4581 τῆς
2746 4513 3016 4591 βασιλείας
3072 4520 3163 4569 τοῦ
3195 4519 3346 4574 Θεοῦ,
3382 4512 3477 4569 Καὶ
3502 4507 3665 4570 οῦδεὶς
3693 4508 3821 4563 οὒκ-

449 4601 757 4666 Matthaeus
788 4592 1030 4683 quidem
1063 4600 1253 4681 inquit
1281 4600 1435 4681 quod
1470 4610 1700 4663 tentans
1737 4605 2094 4665 accesserit:

2184 4592 2258 4663 έτι
2307 4602 2507 4681 ἐτόλμα
2552 4603 2709 4659 αὐτὸν
2778 4603 3132 4681 ἐπερωτῆσαι.
3186 4621 3216 4661 )
3279 4592 3337 4658 Ὀ
3394 4599 3491 4676 μὲν
3550 4595 3821 4658 Ματθαῖός

448 4693 683 4753 Marcus
726 4708 866 4753 vero
906 4690 1052 4753 dicit
1110 4690 1265 4770 quod
1328 4690 1651 4771 prudenter
1696 4693 2095 4771 responderit.

448 4779 728 4863 Nunquid
755 4798 896 4860 ergo
928 4779 1138 4842 dicunt
1169 4780 1492 4843 contraria?
1507 4780 1775 4843 Minime:
1805 4783 1905 4843 sed
1942 4784 2098 4844 veri-

446 4869 643 4933 simile
673 4876 763 4933 est
812 4868 1077 4952 primum
1140 4867 1381 4949 quidem
1434 4869 1626 4949 ipsum
1682 4879 1742 4931 ut
1774 4879 2098 4934 tentantem

445 4959 873 5040 interrogasse,
905 4956 1124 5022 deinde
1151 4976 1284 5019 cum
1319 4959 1638 5039 profuisset
1669 4959 1723 5021 ei
1746 4978 2097 5041 responsum

449 5048 695 5125 Christi,
724 5058 783 5111 et
811 5046 1050 5110 cordate
1078 5048 1503 5127 respondisset,
1539 5047 1610 5109 ab
1644 5048 1744 5109 illo
1769 5048 2094 5114 laudatum.

447 5136 598 5202 Vide
627 5147 826 5201 autem
858 5145 916 5200 et
944 5135 1203 5201 laudem.
1228 5135 1355 5199 Non
1380 5137 1575 5218 perfer
1590 5147 1709 5198 tum
1735 5138 1900 5200 illum
1927 5148 2098 5203 testa-

450 5236 567 5292 tur.
596 5226 726 5293 Non
750 5226 907 5291 enim
934 5226 1271 5307 dixit,lntra
1293 5246 1540 5307 regnum
1560 5228 1832 5290 caelerum
1859 5249 1942 5293 es:
1963 5232 2093 5305 sed,

447 5335 567 5379 non
630 5318 837 5398 procul
890 5335 979 5379 es.
1033 5314 1227 5388 Quare
1276 5326 1473 5378 autem
1526 5318 1677 5378 hanc
1727 5318 2096 5398 potissimum

446 5406 837 5487 quaestionem
886 5405 1270 5487 legisperitus
1319 5407 1418 5468 ille
1468 5407 1776 5487 proposuit
1818 5409 2097 5473 Christo?

452 5494 707 5558 Putabat
736 5495 1097 5578 reprehendi
1126 5514 1303 5575 posse
1328 5497 1656 5571 Christum,
1689 5496 1789 5577 qui
1819 5500 2099 5563 emenda-

441 5591 607 5648 turus
640 5594 797 5650 esset
827 5586 1044 5665 legem,
1081 5583 1240 5647 unde
1286 5586 1550 5647 accusari
1585 5594 1788 5665 posset
1818 5595 2093 5671 tanquam

507 5763 575 5817 οι
602 5764 795 5833 Exod.
830 5775 920 5829 tu.

2184 4717 2369 4774 φησιν,
2424 4692 2505 4751 ὅτι
2553 4693 2811 4773 πειράζων
2854 4690 3248 4774 προσῆλθεν,ῌὸ
3278 4689 3333 4746 δὲ
3363 4690 3575 4768 Μάρκος
3606 4687 3823 4744 ἐνταῦθα

2183 4769 2360 4864 λέγει,
2408 4782 2487 4839 δτι
2547 4769 2815 4861 νουνεχῶς
2859 4769 3315 4861 ἀπεκρίθη-Ἀρά
3363 4779 3451 4835 οῦδ
3496 4778 3823 4855 ὲναντιοφω-

2184 4884 2329 4932 νοῦσι
2364 4894 2381 4950 ς
2414 4873 2571 4953 Οὐχὶ,
2624 4868 2743 4927 ἀλλ’
2793 4873 2931 4935 εἰκὸς
2961 4877 3171 4950 πρῶτον
3201 4870 3297 4946 μὲν
3330 4868 3486 4925 αὐτὸν
3528 4868 3602 4930 ὡς
3632 4867 3824 4943 πειρά-

2182 4970 2337 5034 ζοντα
2389 4960 2675 5039 ἐρωτῆσαι,
2735 4960 2859 5016 εἶτα
2915 4958 3253 5039 ὠφεληθέντα
3308 4959 3413 5014 ἀπὸ
3469 4957 3569 5022 τῆς
3602 4955 3825 5033 ἀποκρί-

2182 5072 2318 5115 σεως
2374 5056 2465 5105 τοῦ
2519 5056 2766 5125 Χριστοῦ,
2813 5050 2900 5104 καὶ
2941 5055 3207 5128 νουνεχῶς
3251 5044 3621 5126 ἀποκριθέντα,
3667 5050 3820 5101 ἐπαι-

2182 5143 2415 5208 νεθῆναι,
2466 5129 2618 5217 ’Ὂρα
2665 5136 2720 5192 δὲ
2774 5138 2863 5193 καὶ
2917 5138 3006 5193 τὸν
3033 5135 3273 5214 ἔπαινον,
3314 5140 3429 5200 πῶς
3470 5134 3590 5213 οὐχὶ
3620 5130 3820 5189 τέλειον

2182 5230 2335 5286 αὐτὸν
2396 5227 2536 5283 εἶναι
2567 5238 2845 5306 μαρτυρεῖ.
2892 5228 2965 5284 Οὐ
2991 5226 3090 5305 γὰρ
3120 5226 3276 5282 εἶπεν
3304 5223 3382 5281 ὅτι
3426 5222 3607 5287 Ἐντὸς
3640 5222 3694 5277 εἶ
3724 5229 3820 5293 τῆς

2180 5315 2447 5396 βασιλείας
2507 5325 2597 5376 τοῦ
2666 5323 2818 5389 Θεοῦ,
2866 5313 2984 5371 ἀλλ’
3044 5319 3103 5374 οὗ
3149 5316 3356 5394 μακρὰν
3415 5316 3491 5374 εἶ.
3558 5316 3708 5381 Τίνος
3764 5314 3818 5371 δὲ

2179 5407 2355 5465 ἕνεκεν
2408 5403 2549 5470 ὅλως
2606 5404 2803 5472 ταύτην
2862 5405 2959 5471 τὴν
3032 5403 3291 5483 ἐρώτησιν
3331 5402 3688 5483 προεϐάλλετο
3739 5412 3817 5479 τῷ

2181 5505 2392 5577 Χριστῳ
2443 5496 2471 5551 ὁ
2528 5496 2744 5570 νομικὸς
2804 5495 3005 5571 οὗτος;
3050 5495 3295 5569 Νομίζων
3337 5493 3686 5571 ἐπιλήψεσθαι
3729 5494 3823 5552 τοῦ

2181 5593 2407 5667 Χριστοῦ
2448 5585 2520 5647 ὡς
2555 5581 3059 5664 ἒπιδιορθωσομένου
3088 5592 3178 5642 τὸν
3223 5586 3405 5665 νόμον,
3437 5588 3524 5642 καὶ
3553 5582 3637 5642 διὰ
3666 5590 3819 5643 τοῦτο
