4170 6282
412 291 520 358 631
1410 296 2007 363 THEOPHYLACTI
2053 296 2461 362 BULGARIE
2505 297 2861 364 ARCHIEP.
3022 348 3025 351 ν
3692 299 3827 364 632

414 445 546 489 esse
580 427 763 491 filium
796 429 1002 507 David,
1026 432 1130 494 sed
1164 451 1281 494 non
1313 431 1652 495 Dominum.
1687 431 2066 493 Demonstrat

2150 429 2361 504 ματέων
2416 429 2590 512 δόξαν,
2665 432 3151 508 ὑπολαμϐανόντων
3234 436 3321 490 τὸν
3381 439 3606 509 Χριστὸν
3661 433 3820 488 εἶναι

413 515 595 595 igitur
624 536 689 579 se
719 519 904 580 Deum
941 540 1009 581 ex
1041 521 1190 601 ipsis
1214 520 1396 582 David
1426 520 1620 582 verbis
1655 539 1668 583 :
1700 528 1756 581 et
1786 538 1903 580 non
1928 518 2066 579 sim-

2149 520 2256 575 υίὸν
2300 527 2391 577 τοὺ
2437 519 2617 602 Δαϐὶδ,
2664 520 2784 578 ἀλλ’
2828 523 2953 602 οὐχὶ
2999 524 3197 602 κύριον,
3232 521 3591 580 Ἀποδείκνυσι
3637 522 3819 578 τοίνυν

415 604 675 685 pliciter,
710 607 813 668 sed
853 608 1137 684 deterret,
1169 628 1239 670 eo
1270 610 1425 690 quod
1453 609 1616 688 dicit,
1658 635 1682 664 «
1720 608 1921 669 Donec
1955 626 2065 687 po-

2150 610 2337 668 ἐαυτὸν
2382 613 2535 685 Θεὸν,
2583 609 2635 676 ἐξ
2680 614 2849 669 αὐτῶν
2905 618 3009 668 τῶν
3056 620 3147 668 τού
3195 610 3354 669 Δαϐὶδ
3407 614 3685 689 ρηματων,
3723 603 3816 666 καὶ

414 711 590 756 suero
623 695 900 757 inimicos
936 705 1065 759 tuos
1097 698 1421 760 scabellum
1473 698 1683 778 pedum
1735 710 1996 758 tuorum.
2034 720 2060 749 ι)

2150 700 2254 777 οὐχ
2301 699 2505 772 ἁπλῶς,
2552 697 2672 756 ἀλλ’
2710 699 2948 781 ἐκφοϐῶν
2993 700 3078 757 διὰ
3119 707 3211 756 τοῦ
3242 700 3438 780 λέγειν,
3500 723 3522 756 ε
3562 691 3719 763 "Em;
3749 701 3817 754 ἂν

416 783 562 845 Nam
598 782 707 863 ipsi
743 786 985 846 omnino
1020 794 1188 848 erant
1219 786 1447 848 inimici
1496 786 1650 866 ejus,
1683 805 1831 866 quos
1876 784 2066 865 posuit

2149 791 2223 844 θῶ
2279 789 2401 851 τοὺς
2454 790 2678 869 ὶχθροὺς
2732 812 2825 847 σου
2880 789 3173 848 ὑποπόδιον
3232 792 3340 847 τῶν
3396 789 3572 848 ποδῶν
3616 811 3737 852 σου,
3784 812 3809 843 ο

415 870 570 934 Deus
603 872 777 936 Pater
806 876 1135 937 scabellum
1169 876 1386 957 pedum
1416 876 1653 938 Christi.
1688 875 1836 937 Vide
1865 879 2061 937 autem

416 968 475 1022 et
528 963 825 1043 quomodo
876 966 1223 1045 interroget.
1281 969 1411 1029 Non
1462 966 1621 1027 enim
1677 965 1860 1026 dixit:
1914 964 2061 1037 Quid

414 1050 581 1112 vobis
610 1053 847 1113 videtur
868 1054 944 1115 de
978 1074 1094 1129 me,
1135 1056 1264 1129 sed,
1310 1056 1385 1116 de
1428 1057 1707 1118 Christo?
1740 1060 1808 1119 Et
1845 1058 1918 1117 ita
1949 1073 2064 1115 non

417 1142 765 1219 perstringit
816 1161 941 1205 eos.
990 1143 1060 1204 Et
1108 1163 1301 1224 neque
1353 1146 1595 1225 potestis
1661 1145 1800 1206 mihi
1862 1145 2064 1207 dicere

416 1229 577 1309 quod
603 1230 828 1311 absque
849 1232 1069 1312 Spiritu
1096 1235 1204 1295 hoc
1223 1234 1435 1295 dixerit
1457 1234 1658 1313 David,
1686 1233 1789 1295 sed
1815 1233 2067 1313 Spiritus

415 1323 607 1384 sancti
635 1324 832 1385 atllatu
881 1326 1025 1387 dixit
1073 1345 1208 1389 eum
1262 1327 1600 1402 Dominum,
1635 1328 1690 1388 id
1745 1335 1834 1389 est
1877 1338 2066 1387 motus

414 1412 601 1489 gratia
630 1412 905 1493 Spiritus.
952 1415 1258 1487 Quomodo
1291 1434 1429 1496 ergo
1462 1416 1731 1479 Christus
1774 1416 1929 1477 ﬁlius
1972 1425 2062 1478 est

2150 878 2305 934 Λῦτοὶ
2347 875 2402 933 δὲ
2449 879 2658 943 πάντως
2712 881 2850 945 ἦσαν
2912 882 2958 936 οἱ
3014 880 3196 960 ἐχθροὶ
3258 880 3436 954 αὐτοῦ,
3483 879 3568 941 οὖς
3618 879 3817 945 ’έθηκεν

2150 967 2178 1021 ὁ
2233 969 2361 1030 Θεὸς
2412 970 2500 1024 καὶ
2556 969 2739 1045 Πατὴρ
2822 967 3107 1026 ὑποπόδιον
3165 975 3269 1025 τῶν
3324 968 3497 1026 ποδῶν
3544 981 3634 1030 τοῦ
3666 978 3815 1045 Χρι-

2150 1066 2296 1117 στοῦ.
2361 1050 2513 1132 ’Ὅρα
2542 1055 2596 1113 δὲ
2625 1059 2713 1114 γαὶ
2742 1060 2857 1121 πῶς
2902 1058 3094 1129 ἐρωτᾷ.
3140 1062 3213 1118 Οὐ
3242 1061 3340 1137 γὰρ
3395 1060 3542 1132 εἶπε,
3575 1060 3634 1118 Τί
3675 1062 3815 1132 ὗμῒν

2148 1148 2297 1204 δοκεῖ
2350 1148 2469 1224 περὶ
2528 1146 2678 1225 ἐμοῦ,
2734 1145 2893 1220 ἀλλὰ,
2941 1150 3186 1227 περὶτοῦ
3228 1156 3499 1227 Χριστοῦ;
3544 1149 3683 1205 ὥστε
3728 1149 3815 1223 μὴ

2148 1232 2349 1302 πλῆξαι
2383 1236 2589 1301 αὐτούς.
2622 1234 2771 1293 Ἀλλ’
2805 1235 2921 1293 οὒδέ
2967 1236 3125 1317 ἔχετέ
3168 1259 3257 1312 μοι
3308 1239 3481 1294 εἰπεῖν
3512 1236 3592 1295 ὅτι
3635 1239 3815 1318 χωρὶς

2149 1331 2242 1380 τοῦ
2274 1326 2579 1400 Πνεύματος
2608 1332 2762 1382 τοῦτο
2792 1325 2949 1382 εἶπεν
2992 1329 3019 1382 ὁ
3070 1324 3249 1400 Δαϐὶδ,
3308 1326 3424 1383 ἀλλ’
3458 1326 3512 1382 ὲν
3542 1328 3811 1401 Πνεύματι

2150 1412 2399 1470 ὶκάλεσεν
2458 1416 2613 1473 αὐτὸν
2676 1421 2886 1494 Κύριον,
2946 1414 3208 1495 τουτέστι,
3268 1422 3333 1492 τῇ
3363 1424 3455 1473 τοῦ
3497 1417 3809 1489 Πνεύματος

415 1498 621 1574 David,
648 1519 721 1561 an
749 1522 864 1563 non
900 1505 1184 1566 Dominus
1207 1508 1335 1585 ejus
1366 1515 1423 1567 et
1446 1506 1601 1568 Deus
1624 1507 1648 1566 ζ’
1672 1505 1871 1570 Turba
1889 1506 2063 1585 igitur

2149 1503 2451 1578 κινούμενος
2510 1504 2714 1582 χάριτι,
2800 1509 2922 1567 Πῶς
3000 1504 3086 1560 οὖν
3166 1506 3194 1560 ὁ
3251 1507 3473 1583 Χριστὸς
3521 1504 3630 1567 υἱός
3691 1505 3808 1561 ἐστι

415 1588 696 1650 audiebat
729 1609 862 1652 eum
896 1592 1177 1656 libenter.
1212 1597 1283 1655 Et
1312 1594 1547 1656 dicebat
1590 1595 1815 1656 turbae:
1854 1595 2063 1656 Cavete

2149 1598 2238 1648 τοῦ
2314 1590 2493 1664 Δαϐὶδ,
2547 1591 2669 1648 ἀλλ’
2729 1594 2851 1672 οὐχὶ
2900 1594 2989 1650 καὶ
3044 1593 3223 1670 κύριος
3294 1598 3447 1652 αὐτοῦ
3490 1596 3576 1650 καὶ
3619 1596 3805 1674 Bede;

416 1697 451 1739 a
481 1676 726 1753 Scribis,
762 1682 861 1761 qui
895 1683 1335 1762 splendidiores
1364 1684 1563 1745 ferunt
1594 1684 1793 1756 stolas,
1830 1692 1887 1743 et
1920 1703 2025 1763 pro
2051 1718 2064 1727 -

2151 1671 2209 1738 Ὀ
2262 1680 2350 1737 οὖν
2381 1680 2548 1760 ὄχλος
2590 1671 2966 1749 ἤκουενναύτοῦ
2994 1681 3188 1751 ἡδέως.
3244 1684 3337 1741 Καὶ
3370 1683 3549 1761 ὒεγεν
3594 1671 3803 1751 αυτοῖς,

419 1775 554 1847 pter
580 1767 713 1828 illas
745 1770 1007 1849 praeferri
1036 1773 1259 1854 volunt,
1287 1773 1788 1853 salutationesque
1822 1781 1879 1833 et
1910 1773 2065 1833 cele-

2149 1784 2265 1834 τοῖς
2328 1779 2417 1828 τοῦ
2459 1770 2628 1851 ὄχλου
2673 1774 2832 1851 φημὶ,
2865 1770 3192 1829 Φυλάττεσθε
3240 1773 3345 1828 ἀπὸ
3392 1774 3496 1829 τῶν
3541 1780 3805 1851 Γραμμα-

420 1856 666 1920 britates
707 1858 817 1920 fori
870 1860 1144 1939 probant,
1190 1871 1247 1924 et
1298 1863 1501 1942 gloriae
1548 1862 1823 1924 omnibus
1877 1863 2068 1923 modis

418 1946 661 2008 student
692 1964 706 2008 :
743 1949 839 2028 qui
872 1956 930 2010 et
960 1950 1171 2013 domus
1201 1953 1501 2013 viduarum
1552 1952 1892 2013 comedunt.
1927 1953 2066 2011 240

416 2034 578 2124 Clam
611 2037 766 2097 enim
798 2049 1094 2101 accedunt
1122 2041 1195 2101 ad
1247 2042 1529 2104 mulieres
1566 2041 1838 2121 prmsidio
1875 2041 2061 2103 desti-

418 2129 594 2198 tutas,
617 2126 781 2203 quasi
832 2127 1064 2188 illarum
1122 2130 1300 2190 futuri
1355 2138 1580 2191 tutores
1612 2138 1668 2190 et
1720 2130 1946 2209 patroni
2009 2144 2066 2190 et

421 2221 703 2301 praetextu
734 2214 923 2294 longae
944 2219 1225 2279 orationis
1246 2226 1303 2278 et
1328 2220 1558 2301 pietatis
1580 2220 1777 2279 colore
1808 2227 1865 2279 et
1886 2218 2065 2279 simu-

419 2300 638 2362 latione
661 2301 961 2381 decipiunt
1009 2300 1428 2386 simpliciores,
1477 2306 1825 2367 devorantes
1857 2307 2066 2368 domos

420 2388 689 2452 divitum.
728 2391 818 2453 [lli
848 2394 1023 2471 igitur
1047 2396 1376 2472 graviorem
1408 2396 1701 2476 accipient
1736 2396 2063 2457 damnatio-

421 2497 583 2553 nem,
616 2498 791 2559 quam
827 2483 927 2542 alii
959 2484 1146 2545 Judaei
1182 2494 1520 2565 peccantes.
1578 2489 1859 2548 Potentes
1904 2486 2061 2546 enim

423 2569 719 2648 potentius
750 2572 1073 2647 punientur
1090 2574 1174 2634 97.
1202 2572 1444 2635 Interim
1474 2582 1530 2634 et
1560 2574 1856 2652 apostolos
1888 2574 2065 2635 docet

423 2674 500 2718 ne
547 2658 715 2737 juxta
768 2660 1111 2723 Scribarum
1170 2682 1395 2724 morem
1446 2665 1665 2737 vivant,
1720 2662 1819 2724 sed
1874 2665 2061 2744 ipsum

422 2746 746 2809 imitentur.
790 2750 1074 2813 Doctores
1106 2754 1263 2814 enim
1311 2753 1444 2814 illos
1494 2753 1774 2813 ordinans
1805 2771 2063 2813 consen-

425 2848 664 2898 taneum
700 2845 845 2919 erat,
876 2847 940 2900 ut
970 2848 1026 2900 et
1060 2843 1197 2903 vitae
1226 2860 1347 2904 suze
1376 2842 1593 2904 faceret
1640 2841 1981 2903 imitatores.

2149 1860 2307 1939 τέων,
2367 1867 2472 1916 τῶν
2531 1859 2723 1923 στολὰς
2787 1862 3087 1941 φορούντων
3174 1863 3512 1940 σεμνοτέρας,
3586 1864 3674 1919 καὶ
3744 1863 3807 1919 ἐκ

2149 1948 2348 2005 τούτων
2423 1947 2682 2005 θελόντων
2790 1953 3161 2027 προτιμᾶσθαι,
3245 1953 3333 2007 καὶ
3420 1952 3537 2017 τοὺς
3621 1953 3803 2009 ἀσπα-

2148 2038 2313 2112 σμοὺς
2364 2035 2419 2093 δὲ
2488 2039 2577 2094 καὶ
2637 2038 2730 2103 τὰς
2800 2038 3059 2117 εὔφημίας
3121 2033 3537 2119 ἀποδεχομένων
3597 2040 3648 2096 ἐν
3677 2055 3801 2109 ταῖς

2149 2129 2395 2205 ἀγοραῖς,
2488 2129 2575 2183 καὶ
2649 2127 2746 2183 ὅσα
2806 2125 2941 2183 ἄλλα
3017 2130 3147 2206 πρὸς
3234 2127 3381 2194 δόξαν
3455 2129 3801 2196 ἐπιτηδευόν-

2147 2239 2278 2289 των,
2334 2217 2387 2271 οἳ
2442 2218 2530 2273 καὶ
2605 2218 2700 2280 τὰς
2773 2216 2937 2280 οἰκίας
2988 2221 3093 2272 τῶν
3174 2224 3362 2297 χηρῶν
3418 2221 3798 2281 κατεσθίουσιν,

2153 2296 2576 2385 ’Υπεισήρχοντο
2658 2306 2758 2383 γὰρ
2827 2306 2922 2367 τὰς
2990 2296 3443 2383 ἀπροστατεύτοος
3517 2322 3797 2387 γυναῖκας,

2147 2397 2219 2457 ὡς
2274 2392 2425 2463 δῆθεν
2497 2394 2784 2473 προστάται
2857 2395 3025 2449 αὖτῶν
3093 2392 3364 2471 ἐσόμενοι,
3411 2398 3497 2453 καὶ
3547 2399 3799 2477 προφάσει

2147 2490 2241 2539 τοῦ
2298 2484 2473 2559 μακρὰ
2532 2484 2942 2562 προσεὺχεσθαι,
3004 2484 3092 2538 καὶ
3149 2486 3500 2565 προσχήματι
3531 2484 3799 2548 εὐλαϐείας

2148 2572 2237 2628 καὶ
2343 2573 2611 2648 ὑποκρίσει
2738 2571 3045 2635 ἀπατῶντες
3156 2574 3280 2635 τοὺς
3403 2571 3797 2654 ἀφελεστέρους,

2148 2661 2432 2729 κατήσθιον
2489 2662 2582 2723 τὰς
2643 2659 2807 2723 οἰκίας
2859 2661 2967 2714 τῶν
3052 2658 3330 2722 πλουσίων,
3399 2664 3555 2717 Οὗτοι
3627 2662 3798 2718 τοίνυν

2150 2749 2518 2828 περισσότερον
2604 2749 3077 2826 κατακριθήσονται
3152 2754 3253 2804 τῶν
3308 2746 3483 2803 ἄλλων
3530 2746 3794 2804 Ἰουδαίων

2150 2841 2255 2896 τῶν
2317 2839 2748 2916 ἁμαρτανόντων.
2815 2839 3032 2893 Δυνατοὶ
3090 2839 3207 2916 γὰρ,
3280 2834 3507 2901 δυνατῶς
3559 2837 3786 2906 ἓτασθη-

422 2948 641 2985 σονται,
686 2918 844 3003 ΙἈμα
904 2928 956 2984 δὲ
1010 2928 1090 2986 διὰ
1146 2934 1346 2988 τούτων
1430 2934 1517 2987 καὶ
1595 2934 1716 2993 τοὺς
1788 2931 2119 2995 ἀπόστολους
2196 2926 2427 2984 διδάσκει
2508 2929 2585 3001 μὴ
2642 2928 2778 2983 κατὰ
2846 2927 2964 2987 τοὺς
3025 2933 3359 3005 Γραμματεϊς
3418 2924 3782 2981 πολιτεύεσθαι

421 3013 540 3072 ἀλλ’
595 3018 750 3073 αὐτὸν
807 3022 1109 3093 μιμεῖσθαι.

422 3108 641 3168 τίθεται.

506 3195 684 3256 Vens.
715 3194 937 3257 41-44.
967 3221 986 3251 ι
1017 3195 1239 3258 Etcum
1266 3199 1504 3259 sederet
1530 3200 1703 3259 .lesus
1725 3216 1794 3259 ex
1821 3198 2063 3258 adverso
2085 3206 2125 3255 c

422 3283 845 3365 gazophylacii,
894 3285 1203 3362 spectabat
1248 3287 1544 3366 quomodo
1592 3287 1762 3348 turba
1814 3287 2070 3347 mitteret

426 3390 506 3435 aes
540 3373 598 3432 in
621 3373 1133 3453 gazophylacium,
1178 3383 1236 3435 et
1288 3376 1457 3436 multi
1499 3376 1709 3437 divites
1760 3375 2070 3437 mittebant

427 3460 610 3522 multa
644 3480 657 3520 :
707 3469 767 3521 et
795 3462 954 3522 venit
1000 3463 1272 3543 quaedam
1306 3464 1479 3524 vidua
1510 3483 1755 3545 pauper,
1794 3464 2069 3544 misitque

428 3549 653 3610 minuta
680 3549 819 3625 duo,
857 3552 1011 3631 quod
1044 3559 1132 3612 est
1160 3552 1480 3631 quadrans.
1514 3552 1864 3633 Vocatisque
1900 3554 1971 3613 ad
2005 3573 2068 3614 se

428 3637 739 3717 discipulis
770 3639 893 3699 suis
924 3638 1069 3700 dicit
1092 3640 1208 3701 illis
1242 3657 1255 3703 :
1290 3642 1478 3703 Amen
1512 3642 1644 3703 dico
1689 3642 1872 3717 vobis,
1908 3643 2063 3722 quod

423 3726 599 3788 vidua
631 3728 754 3787 haec
800 3746 1027 3808 pauper
1071 3728 1200 3808 plus
1251 3730 1430 3801 misit,
1485 3750 1662 3812 quam
1714 3749 1920 3791 omnes
1970 3736 2063 3811 qui

427 3814 719 3879 miserunt
752 3817 809 3877 in
864 3819 1371 3898 gazophylacium.
1427 3818 1570 3881 Nam
1620 3839 1827 3880 omnes
1876 3839 1944 3880 ex
1998 3839 2067 3881 eo

425 3905 581 3986 quod
614 3905 763 3986 ipsis
789 3922 1120 3986 supererat,
1157 3910 1448 3970 miserunt
1474 3928 1487 3971 :
1518 3918 1574 3969 at
1605 3909 1731 3970 haec
1762 3927 1796 3969 e
1818 3911 2064 3989 penuria

422 4011 531 4055 sua
561 3994 761 4055 omnia
807 4013 1176 4077 quaecunque
1206 3996 1462 4058 habebat
1496 3997 1673 4073 misit,
1711 4003 1889 4058 totam
1920 3997 2059 4058 sub—

423 4083 695 4145 stantiam
726 4102 918 4147 suam.
974 4109 996 4143 ι)
1046 4085 1334 4147 Mirabilis
1376 4086 1641 4167 quaedam
1698 4085 2062 4147 consuetudo

422 4172 580 4252 apud
611 4170 847 4236 Judaaos
870 4182 1017 4236 erat.
1042 4173 1155 4247 Qui
1184 4175 1342 4237 enim
1376 4183 1645 4256 poterant
1679 4185 1735 4236 et
1761 4175 2054 4239 volebant.

424 4261 739 4324 mittebant
795 4268 856 4324 in
913 4264 1253 4325 thesaurum
1317 4266 1543 4346 templi,
1600 4266 1698 4346 qui
1751 4265 2067 4327 vocabatur

421 4352 927 4434 gazophylacium,
961 4372 993 4414 e
1023 4374 1136 4433 quo
1187 4354 1525 4417 sacerdotes
1562 4360 1623 4418 et
1673 4372 1963 4435 pauperes
2011 4365 2067 4416 et

420 4440 615 4504 viduae
662 4440 990 4503 alebantur.
1046 4442 1312 4524 Cumque
1364 4443 1421 4504 id
1474 4444 1637 4505 multi
1681 4446 1960 4505 tacerent.
2013 4454 2069 4504 et

1193 3019 1544 3082 Διδασκαλους
1618 3022 1716 3098 γὰρ
1804 3022 1990 3083 αὖτοὺς
2067 3022 2414 3098 χειροτονῶν.

2500 3018 2713 3081 εἰκότως
2773 3016 2863 3071 καὶ
2918 3017 3035 3091 περὶ
3090 3018 3185 3073 τοῦ
3239 3017 3351 3092 βίοι
3405 3016 3583 3077 αὒτοϊς
3656 3018 3789 3071 imo-

2238 3220 2261 3253 α
2304 3199 2401 3255 Καὶ
2456 3196 2669 3258 καθίσας
2730 3199 2755 3251 ὀ
2818 3196 3022 3262 Ἰησοὺς
3099 3194 3376 3250 κατέναντι
3431 3197 3524 3249 τοῦ
3578 3201 3799 3272 γαζοφυ-

2154 3286 2361 3361 λακίου,
2421 3284 2630 3361 ἐθεώρει
2689 3292 2802 3347 πῶς
2857 3289 2883 3341 ὁ
2944 3283 3111 3365 ὄχλος
3166 3281 3351 3359 βάλλει
3402 3281 3609 3361 χαλκὸν
3641 3283 3713 3345 εἰς
3744 3282 3802 3336 τὸ

2152 3373 2559 3455 γαζοφυλάκιον,
2624 3375 2722 3432 Καὶ
2777 3373 2965 3430 πολλοὶ
3023 3372 3264 3429 πλούσιοι
3328 3369 3549 3427 ἔϐαλλον
3606 3368 3797 3447 πολλὰ,

2154 3465 2239 3519 καὶ
2282 3462 2498 3519 ἐλθοῦσα
2542 3463 2635 3537 μία
2689 3463 2837 3542 χήρα
2892 3462 3090 3541 πτωχὴ
3147 3458 3334 3516 ἔϐαλλε
3384 3458 3550 3515 λεπτὰ
3605 3456 3717 3538 δύο,
3773 3459 3801 3513 ὃ

2152 3552 2261 3610 ἔστι
2306 3550 2621 3629 κοδράντης.
2686 3554 2781 3609 Καὶ
2837 3549 3333 3630 προσκαλεσάμενος
3405 3550 3526 3610 τοὺς
3563 3548 3801 3623 μαθητὰς

2152 3642 2331 3714 αύτοῠ,
2379 3640 2523 3720 λέγει
2568 3642 2751 3704 αὐτοῖς
2784 3658 2796 3671 ·
2863 3638 3037 3715 Ἀμὴν
3079 3638 3220 3717 λέγω
3260 3639 3389 3713 ὑμῖν
3446 3637 3524 3693 ὅτι
3581 3638 3616 3703 ἡ
3653 3638 3799 3715 χήρα

2152 3729 2283 3797 αὕτη
2342 3732 2375 3797 ἡ
2435 3730 2634 3809 πτωχὴ
2687 3727 2877 3785 πλεῖον
2936 3728 3148 3784 πάντων
3203 3724 3434 3803 βέελτικε
3465 3733 3571 3781 τῶν
3612 3724 3797 3802 βαλόν-

2150 3842 2257 3876 των
2301 3821 2373 3882 εἷς
2421 3821 2482 3874 τὸ
2539 3816 2949 3897 γαζοφυλάκιον,
3011 3818 3212 3881 Πάντες
3271 3817 3370 3894 γὰρ
3400 3815 3461 3870 ἐκ
3488 3822 3581 3871 τοῦ
3610 3835 3798 3893 περισ-

2151 3909 2393 3973 σεύοντος
2453 3909 2635 3970 αὐτοῖς
2682 3904 2889 3973 ἔϐαλον,
2952 3907 3085 3973 αὕτη
3115 3904 3194 3986 δὲ,
3240 3904 3300 3961 ἐκ
3340 3906 3444 3966 τὼς
3473 3906 3799 3982 ὑστερήσεως

2146 3998 2333 4077 αὐτῆς,
2388 3998 2561 4054 πάντα
2628 3994 2726 4053 ὅσα
2773 4000 2929 4076 εἶχεν
2984 3993 3193 4067 ἔϐαλεν,
3254 3993 3378 4051 ὅλον
3417 3995 3515 4049 τὸν
3563 3994 3674 4069 βίον
3708 3996 3798 4049 αὖ·

2144 4089 2266 4153 τῆς.
2309 4111 2330 4141 ι
2397 4086 2708 4162 Θαυμαστόν
2743 4107 2788 4140 τι
2822 4085 2932 4147 ἔθος
2989 4084 3129 4163 παρὰ
3177 4097 3293 4143 τοῖς
3327 4080 3593 4145 Ἰουδαίοις
3639 4080 3797 4157 ἐκρά-

2146 4197 2248 4252 τει,
2308 4175 2444 4233 ὥστε
2504 4176 2623 4237 τοὺς
2716 4173 2943 4253 ἔχοντας
3021 4175 3109 4229 καὶ
3166 4171 3517 4250 βουλομένους
3589 4168 3798 4247 βάλλειν

2150 4266 2221 4330 είς
2262 4266 2353 4320 τὸν
2412 4264 2467 4320 ἰν
2533 4269 2611 4337 τῷ
2666 4264 2787 4342 ἱερῷ
2836 4264 3097 4340 θησαυρὸν
3154 4264 3325 4334 (οὗτος
3398 4261 3498 4339 γὰρ
3557 4258 3801 4315 ἐκαλεῖτο

2149 4351 2587 4433 γαζοφυλάκιον),
2632 4353 2706 4415 ὡς
2741 4351 2803 4406 ἂν
2833 4353 2885 4408 ο¹ἰ
2916 4373 2973 4407 τε
3015 4354 3175 4429 ἱερεῖς
3203 4352 3290 4407 καὶ
3348 4354 3392 4405 οἱ
3436 4349 3659 4415 πένητες
3716 4345 3800 4402 καὶ

2150 4445 2201 4498 αἱ
2260 4442 2429 4522 χῆραι
2487 4440 2547 4498 ἔκ
2597 4442 2797 4497 τούτων
2868 4438 3244 4520 διατρέφοιντο.
3311 4437 3532 4496 Πολλῶν
3588 4436 3675 4493 οὖν
3740 4438 3798 4491 τὸ

418 4529 593 4591 vidua
623 4533 892 4603 accessit,
927 4550 1091 4593 suam
1121 4533 1480 4595 voluntatem
1513 4532 1822 4594 declarans
1857 4531 2066 4613 opibus

2150 4541 2356 4591 τοιοῦτο
2398 4531 2718 4610 ποιούντων,
2783 4531 2872 4585 καὶ
2929 4530 3077 4609 χήρα
3134 4529 3491 4605 προσελθοῦσα
3534 4531 3631 4593 τὴν
3675 4526 3797 4584 ἑαυ-

417 4617 934 4680 abundantiorem.
966 4620 1167 4683 Gloria
1198 4620 1324 4693 tibi,
1360 4621 1615 4694 Christe,
1661 4621 1763 4701 qui
1796 4629 1851 4682 et
1894 4640 2066 4702 parva

2149 4626 2247 4687 τῆς
2304 4621 2606 4698 προαίρεσιν
2662 4616 2959 4684 ἐπεδείξατο
3025 4619 3390 4697 εὐπορωτέραν
3471 4639 3571 4683 της
3644 4614 3797 4673 δονά-

415 4705 677 4785 gratiora
706 4725 863 4788 saepe
884 4709 1068 4771 habes
1088 4728 1261 4789 quam
1298 4727 1529 4786 magna.
1556 4708 1766 4781 Quaeso
1799 4719 1861 4771 ut
1884 4711 2060 4772 etiam

2149 4731 2316 4786 μεως.
2378 4708 2513 4774 Δόξα
2542 4730 2647 4779 σοι,
2700 4708 2915 4787 Χριστὲ,
2962 4708 3018 4770 ὃς
3062 4709 3149 4763 καὶ
3192 4708 3259 4762 τὰ
3303 4708 3463 4783 μικρὰ
3508 4705 3799 4784 eam-3.1;;

418 4812 553 4857 mea
579 4795 777 4857 anima
805 4796 979 4859 vidua
1000 4798 1138 4858 talis
1170 4800 1265 4872 sit,
1302 4817 1431 4879 quae
1471 4798 1713 4879 abjiciat
1761 4797 2056 4866 Satanam.

2149 4800 2211 4855 τὰ
2253 4798 2462 4877 μεγάλα
2508 4796 2794 4862 πολλάκις.
2858 4796 3069 4854 Γένοιτο
3138 4799 3224 4853 καὶ
3284 4798 3380 4865 τὴν
3437 4796 3574 4871 ἐμὴν
3622 4795 3801 4873 ψυχὴν

415 4884 513 4947 cui
541 4885 813 4961 adhaesit,
841 4894 900 4948 et
930 4886 1123 4948 mittat
1159 4887 1219 4947 in
1268 4888 1608 4948 thesaurum
1660 4907 1890 4949 sacrum
1945 4890 2062 4950 duo

2149 4888 2324 4968 χήραν
2356 4884 2618 4964 γενέσθαι,
2651 4882 3027 4953 ἆποϐαλοῦσαν
3085 4886 3177 4942 τὸν
3235 4890 3499 4963 Σατανᾶν,
3631 4902 3797 4959 προσο

418 4974 667 5048 minuta,
700 4992 939 5037 carnem
993 4986 1051 5039 et
1104 4983 1386 5045 mentem,
1435 4977 1682 5057 ipsaque
1726 4978 2059 5058 imminuat,

2149 4973 2437 5054 εκολλήθη,
2496 4967 2585 5031 καὶ
2640 4972 2830 5051 βαλεῖν
2892 4976 2965 5038 εἰς
3039 4974 3128 5031 τόν
3206 4976 3344 5052 ἱερὸν
3402 4972 3663 5049 θησαυρὸν
3715 4967 3801 5032 δύο

415 5064 783 5126 continentia
812 5064 1055 5145 quidem
1081 5084 1346 5146 carnem,
1376 5066 1708 5129 humilitate
1727 5085 1867 5128 vero
1900 5086 2062 5130 men-

2149 5064 2338 5143 λεπτὰ,
2396 5064 2496 5130 τὴν
2553 5063 2722 5141 σάρκα
2774 5065 2863 5119 καὶ
2914 5065 3005 5120 τὸν
3063 5070 3203 5137 νοῦν,
3279 5061 3605 5119 λεπτύνασαν
3650 5058 3795 5138 αὕτα,

414 5160 558 5234 tem,
591 5161 655 5215 ut
684 5163 739 5214 et
784 5170 891 5233 ego
937 5154 1169 5216 audiam
1218 5153 1375 5234 quod
1418 5162 1594 5215 totam
1645 5174 1834 5217 meam
1886 5159 2056 5217 vitam

2149 5152 2224 5209 5ιᾶ
2280 5157 2377 5219 τῆς
2422 5152 2725 5230 ἐγκρατείας
2781 5151 2880 5227 μὲν
2920 5152 3017 5219 τὴν
3071 5152 3264 5231 σάρκα,
3309 5150 3393 5206 διὰ
3452 5148 3507 5205 δὲ
3562 5154 3661 5214 τῆς
3702 5169 3799 5202 τα-

413 5241 815 5304 consecrarim
850 5244 995 5317 Deo,
1031 5262 1149 5305 non
1180 5242 1387 5304 relicta
1426 5243 1541 5304 ulla
1592 5245 1944 5323 cogitatione
1972 5247 2061 5308 vel

2149 5242 2471 5315 πεινώσεως,
2530 5243 2622 5297 τὸν
2678 5249 2820 5314 νοῦν,
2877 5241 2972 5296 ἵνα
3027 5242 3112 5297 καὶ
3162 5240 3271 5319 ἐγὼ
3317 5240 3528 5296 ἀκούσω
3555 5237 3635 5294 ὅτι
3681 5234 3798 5291 ὅλον

411 5330 731 5394 affectione
762 5332 903 5393 huic
937 5333 1185 5394 mundo.

2149 5354 2249 5409 μου
2276 5333 2368 5388 τὸν
2397 5332 2510 5407 βιον
2541 5332 2681 5411 ἱερὸν
2714 5330 3074 5407 ἐποιησάμην,
3131 5329 3275 5389 οὐδὲν
3304 5328 3597 5405 ὑπολείψας
3627 5325 3798 5400 νόημα

2149 5422 2185 5492 ἢ
2212 5420 2412 5496 κίιημα
2435 5427 2511 5494 τῷ
2554 5420 2762 5495 κόσμῳ,

485 5540 548 5589 97
573 5538 719 5620 Sap.
754 5556 836 5612 γι,
868 5541 930 5602 7.
