4154 6298
325 376 445 448 633

964 528 1215 584 ΚΕΦΑΛ.
1254 520 1341 584 n'.

334 610 457 686 Περὶ
524 614 622 677 τῆς
697 609 1017 674 συντελείας.
1082 610 1205 687 Περὶ
1256 614 1353 677 τῆς
1404 610 1606 689 ἡμέρας
1677 611 1763 667 καὶ
1810 610 1973 688 ὥρας.

421 720 449 754 α
497 702 597 758 Καὶ
626 699 1043 779 ἐκπορευομένου
1090 702 1247 759 αὐτοῦ
1314 699 1373 755 ἐκ
1441 707 1535 755 τοῦ
1591 699 1760 779 ἲέροῦ,
1834 697 1975 775 λέγει

336 791 477 862 αὐτῷ
530 789 617 851 εἷς
674 795 779 844 τῶν
811 792 1061 865 μαθητῶν
1105 790 1282 846 αὖτοῦο
1333 787 1645 864 Διδάσκαλε,
1691 785 1773 844 ’ίδε
1803 810 1976 845 ποτα-

335 881 424 936 ποὶ
494 878 648 960 λίθοι,
705 880 794 936 καὶ
849 881 1082 936 ποταπαὶ
1139 877 1431 954 οἰκοδομαί.
1517 880 1615 938 Καὶ
1694 881 1720 935 ὁ
1772 877 1975 945 ’ῐησοῦς

331 968 631 1047 ἀποκριθεὶς
704 969 860 1025 εἶπεν
902 968 1065 1042 αὒτῷ’
1103 968 1321 1034 Βλέπεις
1366 969 1557 1033 ταύτας
1598 969 1691 1031 τὰς
1737 965 1974 1045 μεγάλας

325 1054 604 1132 οἰκοδομάς
640 1072 657 1132 ;
688 1057 747 1113 οὗ
802 1058 881 1132 μὴ
935 1057 1102 1138 ἀφεθῇ
1144 1056 1284 1120 λίθος
1342 1057 1428 1113 ἐπὶ
1485 1056 1611 1129 λίθῳ
1675 1055 1733 1119 ὅς
1783 1057 1843 1112 οὗ
1899 1056 1976 1132 μὴ

324 1145 617 1223 καταλυθῇ.
681 1148 779 1205 Καὶ
852 1145 1152 1220 καθημένου
1226 1150 1381 1205 αὐτοῦ
1447 1148 1520 1211 εἰς
1591 1147 1651 1201 τὸ
1709 1144 1829 1222 ὅρος
1870 1150 1975 1201 τῶν

321 1232 574 1306 Ἐλαιῶν,
641 1234 917 1291 κατέναντι
976 1244 1066 1294 τοῦ
1121 1237 1281 1315 ἱεροῦ,
1315 1235 1601 1313 ἐπηρώτων
1657 1234 1811 1291 αὐτὸν
1854 1231 1972 1290 κατ’

324 1321 457 1380 ἰδίαν
516 1325 710 1403 Πέτρος
754 1325 841 1380 καὶ
902 1320 1150 1388 Ἰάκωϐος
1231 1325 1318 1379 καὶ
1380 1321 1628 1389 ἰωοίννης
1687 1324 1775 1378 καὶ
1844 1320 1972 1379 Ἀν-

329 1414 504 1493 δρέας·
585 1415 712 1472 Εἰπὲ
770 1415 907 1488 ἡμῖν
958 1414 1088 1470 πότε
1144 1423 1304 1473 ταῦτα
1332 1414 1481 1471 ἔσται
1522 1429 1537 1487 ;
1583 1416 1668 1470 καὶ
1710 1415 1759 1470 τί
1788 1414 1847 1469 τὸ
1880 1435 1971 1479 ση-

330 1517 487 1574 μεῖον
541 1505 665 1561 ὃταν
735 1502 907 1580 μέλλῃ
970 1503 1134 1560 ταῦτα
1231 1501 1401 1560 πάντα
1490 1502 1852 1562 συντελε“ισθαι
1887 1524 1902 1575 ;
1940 1526 1966 1556 »

328 1591 550 1660 Ἐπειδὴ
606 1593 781 1651 πολλὰ
836 1594 955 1673 περὶ
1010 1597 1108 1661 τῆς
1165 1594 1486 1671 ὶρτ,μώσεως
1556 1594 1655 1659 τῆς
1711 1584 1973 1669 Ἰερουσα-

330 1680 446 1757 λῆμ
496 1681 676 1759 ἔλεγεν
732 1681 766 1740 δ’
794 1684 1004 1763 Κύριος,
1051 1684 1153 1763 ὃτι,
1190 1681 1424 1762 Ἀφίεται
1456 1686 1484 1739 ὁ
1511 1697 1660 1747 οτκος
1686 1683 1833 1758 ὑμῶν
1856 1681 1975 1761 ἔρη-

328 1794 454 1851 μος,
561 1774 607 1829 οἱ
690 1774 921 1848 μαθηταὶ
1007 1776 1162 1831 αὖτοῦ
1244 1774 1619 1849 θαυμάζοντες,
1695 1772 1871 1851 ὥσπερ
1932 1773 1974 1827 εἷ

985 388 1432 487 ΕῌΑΒΒᾹΤΙΟ
1478 388 1560 451 IN
1607 384 1970 451 EVANGEL

2064 385 2112 444 M
2166 385 2423 446 MARCI.
2479 417 2542 428 —-
2592 385 2756 447 CAP.
2806 384 2973 446 XIII.

3592 374 3709 440 634

2666 516 2911 582 CAPUT
2958 513 3089 579 XIII

2255 604 2339 663 De
2385 608 2940 669 consummatione.
2986 604 3071 667 De
3109 604 3206 667 die
3249 611 3306 667 et
3350 601 3524 665 hora.

2142 694 2322 761 VERS.
2358 701 2485 761 1-4.
2523 722 2546 755 ‹‹
2584 699 2655 761 Ει
2688 719 2822 762 cum
2855 700 3044 762 exiret
3074 698 3148 761 de
3177 697 3422 779 tomplo,
3457 693 3600 756 dicit
3619 691 3703 753 illi

2060 784 2299 865 quidam
2328 805 2361 849 e
2383 787 2694 870 discipulis
2717 788 2874 850 illius
2906 810 2920 852 :
2955 792 3311 868 Praeceptor,
3341 784 3476 846 vide
3500 782 3708 863 quales

2060 873 2310 955 lapides,
2345 884 2403 937 et
2423 879 2628 957 quales
2645 877 3137 940 substructiones.
3172 878 3245 940 Et
3270 875 3443 938 Jesus
3462 891 3705 954 respon-

2058 964 2227 1033 dens.
2261 966 2341 1025 ait
2370 965 2457 1027 illi
2493 987 2505 1027 :
2534 965 2722 1029 Vides
2769 968 2873 1028 has
2922 984 3163 1044 magnas
3192 962 3706 1026 substructiones?

2060 1052 2190 1114 Non
2239 1053 2614 1134 relinquetur
2666 1056 2813 1136 lapis
2872 1073 3052 1137 super
3101 1055 3388 1137 lapidem,
3433 1052 3536 1132 qui
3585 1069 3702 1111 non

2059 1139 2352 1205 diruatur.
2390 1142 2622 1206 Etcum
2675 1144 2914 1208 sederet
2969 1148 3025 1207 in
3086 1150 3287 1206 monte
3333 1141 3620 1203 olivarum
3673 1158 3705 1200 e

2059 1231 2301 1309 regione
2334 1234 2536 1313 templi
2588 1232 3213 1313 interrogabantillum
3237 1239 3467 1293 socreto
3491 1232 3705 1291 Petrus

2059 1330 2117 1381 et
2146 1317 2425 1396 Iacobus,
2460 1330 2517 1383 et
2562 1324 2821 1385 Joannes
2868 1332 2925 1384 et
2980 1322 3297 1386 Andreas:
3350 1318 3456 1380 Dic
3508 1313 3699 1390 nobis,

2056 1408 2292 1487 quando
2324 1410 2451 1472 haec
2491 1411 2716 1473 erunt?
2745 1420 2804 1473 et
2843 1412 2999 1493 quod
3049 1411 3282 1489 signum
3337 1416 3428 1470 est
3469 1405 3702 1488 quando

2059 1497 2184 1559 hzec
2215 1499 2412 1560 omnia
2444 1501 2560 1563 sint
2587 1500 3100 1563 consummanda‘?
3134 1521 3164 1560 ι
3194 1499 3479 1573 Quoniam
3515 1495 3699 1556 multa

2058 1585 2133 1648 de
2190 1588 2561 1651 desolatione
2616 1589 2946 1652 Jerusalem
2997 1589 3232 1650 dicebat
3287 1589 3481 1661 Jesus,
3539 1584 3697 1666 quod

2056 1676 2499 1758 relinqueretur
2530 1679 2739 1741 domus
2762 1689 2955 1742 vestra
2984 1679 3243 1751 deserta,
3268 1675 3547 1757 discipuli
3570 1674 3697 1754 ejus

2056 1765 2441 1842 admirantes,
2520 1769 2675 1849 quod
2745 1777 2916 1830 tantae
2976 1766 3396 1848 magnitudinis
3460 1773 3698 1844 tamque

326 1869 557 1918 τοσαῦτα
640 1862 837 1940 μεγέθη
922 1864 1009 1918 καὶ
1079 1859 1253 1929 κάλλη
1310 1860 1749 1937 οἰκοδομημάτων
1792 1861 1970 1940 ἄφανιο

2060 1854 2307 1935 pulchra
2350 1857 2602 1918 aedilicia
2641 1857 2935 1919 abolenda
2983 1864 3202 1931 essent,
3252 1855 3573 1917 ostendunt
3612 1851 3697 1914 illi

327 1952 601 2024 σθήσεται,
675 1948 993 2009 δεικνύουσιν
1053 1952 1194 2026 αύτῷ
1269 1952 1366 2020 τὴν
1421 1958 1514 2007 τοῦ
1543 1957 1668 2007 ναοῦ
1713 1951 1970 2017 τοσαύτην

327 2039 662 2118 εὐπρέπειαν.
754 2032 811 2098 Ὀ
897 2039 951 2095 δὲ
1034 2038 1179 2096 οὐδὲν
1284 2042 1438 2107 ἦττον
1522 2037 1970 2109 ἀπολεσθήσεσθαι

328 2137 491 2187 ταῦτα
546 2142 944 2210 προαναφωνεϊ,
1005 2132 1092 2186 καὶ
1157 2138 1424 2210 τοσοῦτον,
1486 2129 1621 2187 ὥστε
1664 2126 1800 2196 μηδὲ
1831 2128 1970 2184 λίθον

329 2217 414 2275 ἰπὶ
471 2218 598 2292 λίθῳ
652 2232 857 2294 μεῖναι.
935 2220 1032 2276 Καὶ
1101 2220 1208 2300 μὴν
1272 2221 1397 2300 φασί
1464 2240 1603 2281 τινες
1655 2221 1727 2282 ὡς
1797 2215 1971 2275 πολλὰ

327 2307 615 2382 ἆπέμειναν
681 2307 902 2384 λείψανα
985 2310 1083 2375 τῆς
1149 2299 1496 2386 Ἰερουσαλὴμ
1564 2312 1663 2375 τῆς
1734 2306 1970 2371 πα)αιᾶς

330 2396 564 2472 πόλεως,
637 2397 773 2455 ὥστε
833 2406 1115 2475 πειρῶνται
1172 2397 1337 2462 δεῖξαι
1369 2395 1535 2473 ψευδῆ
1585 2399 1676 2453 τὸν
1725 2397 1968 2474 Χριστὸν,

328 2485 447 2543 ἀλλ’
504 2486 598 2543 οὒκ
628 2486 741 2543 ἔστι
813 2494 987 2557 τοῦτο,
1052 2489 1107 2544 Εἰ
1156 2488 1255 2565 γὰρ
1308 2488 1395 2543 καὶ
1425 2484 1809 2565 δπελείφθησάν
1858 2507 1971 2539 τινα

329 2573 572 2651 λείψανα,
624 2575 752 2656 ὅπερ
811 2578 905 2633 οὒκ
961 2578 1103 2632 ἐστιν
1166 2574 1378 2646 ἀληθὲς,
1432 2573 1551 2631 ἀλλ’
1579 2574 1668 2630 οὗν
1700 2570 1827 2654 ἄχρι
1872 2578 1970 2639 τῆς

328 2664 550 2722 καθόλου
608 2664 905 2730 συντελείας
976 2666 1034 2722 οὗ
1093 2666 1169 2741 μὴ
1242 2666 1398 2742 μείνῃ
1454 2664 1594 2728 λίθος
1682 2663 1767 2720 ἐπὶ
1820 2661 1966 2735 λίθῳ,

332 2752 476 2821 Πλὴν
530 2755 828 2834 ἱστόρηται,
901 2753 981 2811 ὅτι
1038 2756 1066 2811 'o
1099 2754 1284 2818 Αἴλιος
1347 2746 1617 2833 Ἀδριανὸς
1669 2752 1972 2827 κατέσκαψε

329 2844 424 2910 τὴν
482 2841 635 2901 πόλιν
696 2845 781 2899 καὶ
850 2845 911 2900 τὸ
945 2846 1084 2922 ἱερὸν
1131 2843 1191 2900 ἐκ
1259 2844 1463 2923 βάθρων
1495 2846 1686 2907 αὑτῶν,
1723 2841 1861 2898 ὥστε
1886 2842 1973 2897 καὶ

330 2940 482 2991 τοῦτο
539 2932 624 2989 ἐπ’
681 2938 838 2993 αὒτου
910 2932 1277 3013 πληρωθιὶναι,
1342 2934 1425 3004 τὸ,
1478 2929 1613 3008 μηδέ
1647 2931 1787 2987 λίθον
1837 2932 1971 2987 ὓπο-

332 3020 604 3101 λειφθῆναι
662 3023 747 3078 ἐπὶ
804 3020 951 3096 λίθῳ.
1028 3024 1337 3098 Καθημένου
1380 3020 1432 3077 δὲ
1466 3025 1622 3080 αὒτοῦ
1665 3021 1737 3083 εἱς
1765 3020 1826 3075 τὸ
1855 3019 1974 3097 ὃρος

333 3112 437 3168 τῶν
493 3111 740 3185 Ἐλαιῶν,
788 3110 1087 3190 προσῆλθον
1123 3113 1264 3186 αύτῷ
1293 3111 1616 3186 ἐρωτῶντες,
1649 3110 1780 3165 Πότε
1813 3114 1973 3165 ταῦτα

332 3202 524 3283 ἔσται,
584 3204 841 3274 τουτέστι,
911 3204 1038 3258 πότε
1113 3200 1576 3272 συντελεσθήσεται
1612 3201 1679 3268 τὴ
1709 3205 1807 3266 τῆς
1867 3198 1971 3256 ἰε-

332 3290 606 3370 ρουααλὴμ
640 3312 657 3372 ς
727 3291 785 3349 Ὀ
816 3289 893 3371 δὲ,
922 3293 1022 3371 πρὸ
1066 3299 1157 3348 τοῦ
1188 3292 1561 3371 ἀποκρίνασθαι
1610 3294 1795 3351 αὒτοτς
1859 3308 1973 3364 περι

325 3384 401 3435 ὧν
458 3382 763 3460 ἠρώτησαν,
823 3380 1163 3460 ἀσφαλίζεται
1223 3382 1317 3448 τὴν
1373 3379 1604 3436 διάνοιαν
1654 3379 1848 3450 «trav,
1879 3377 1971 3431 ἵνα

327 3470 402 3546 μὴ
454 3469 816 3538 πλανηθῶσιν,
882 3469 1030 3528 Ἐπεὶ
1091 3471 1190 3549 γὰρ
1302 3467 1604 3549 ἀρξαμένων
1660 3472 1768 3523 τῶν
1838 3466 1973 3521 κατὰ

325 3561 421 3626 τὴν
477 3558 729 3617 Ἰουδαίαν
787 3572 991 3632 νοσεῖν,
1063 3560 1429 3627 ἐπανέστησαν
1458 3578 1596 3619 τινες
1626 3554 1967 3633 διδασκάλους

328 3649 538 3711 ἑαυτοὺς
592 3646 861 3726 λέγοντες,
907 3651 1066 3727 φησὶν
1096 3651 1122 3705 ὃ
1155 3646 1367 3728 Κύριος
1430 3645 1658 3704 Βλέπετε
1703 3644 1782 3720 μὴ
1822 3642 1966 3700 πλα-

326 3740 545 3804 νηθῆτε.

412 3854 439 3885 ι
487 3829 547 3888 Ὀ
601 3829 656 3886 δὲ
702 3828 929 3904 Ἰησοῦς,
965 3829 1259 3910 ἀποκριθεὶς
1291 3830 1499 3909 αυτοῖς,
1544 3826 1739 3909 ἤρξατο
1767 3826 1963 3906 λέγειν,

326 3920 553 3977 Βλέπετε
586 3920 664 3996 μὴ
688 3942 767 3985 τις
797 3922 932 3996 ὑμᾶς
977 3919 1249 3998 πλανὴσῃ·
1307 3919 1495 3975 πολλοὶ
1522 3919 1620 3997 γὰρ
1663 3916 1968 3973 ἐλεύσονται

325 4010 409 4067 ἐπὶ
438 4016 514 4085 τῷ
544 4009 763 4085 ὀνόματί
791 4032 916 4089 μου,
949 4007 1192 4088 λέγοντες
1237 4008 1338 4075 ὅτι,
1391 4008 1534 4086 Ἐγὼ
1577 4009 1683 4081 εἰμι
1717 4006 1965 4083 Χριστὸς,

326 4099 412 4154 καὶ
454 4096 683 4162 πολλοὺς
713 4098 1090 4168 πλανήσουσιν
1139 4098 1263 4155 ὅταν
1313 4096 1365 4153 δὲ
1396 4097 1657 4163 ἀκούσητε
1700 4093 1968 4169 πολέμους

325 4190 412 4244 καὶ
480 4188 641 4251 ἀκοὰς
698 4184 969 4260 πολέμων,
1006 4189 1083 4263 μὴ
1122 4190 1381 4267 θροεῖσθε·
1426 4185 1508 4241 δεῖ
1559 4179 1830 4262 γενέσθαι,
1848 4178 1966 4237 ἀλλ’

329 4276 472 4335 οὔπω
541 4278 602 4333 τὸ
687 4274 860 4336 τέλος.
920 4277 1291 4355 Ἐγερθήσεται
1350 4277 1449 4353 γὰρ
1520 4274 1662 4336 ἔθνος
1685 4271 1769 4327 ἐπὶ
1798 4271 1966 4345 ἔθνος,

331 4367 414 4422 καὶ
484 4364 723 4442 βασιλεία
780 4364 868 4421 ἐπὶ
926 4364 1215 4441 βασιλείαν,
1310 4363 1416 4426 Καὶ
1481 4363 1689 4419 ἔσονται
1768 4360 1973 4436 σεισμοὶ

332 4456 463 4512 κατὰ
490 4455 707 4518 τόπους.
754 4451 875 4514 Καὶ
908 4453 1113 4510 ἔσονται
1158 4454 1308 4529 ὶιμοὶ
1343 4455 1430 4510 καὶ
1472 4448 1721 4529 ταραχαί.
1752 4448 1971 4529 ,Ἀρχαὶ

2057 1941 2336 2005 decorem
2401 1946 2629 2027 templi.
2692 1948 2763 2008 At
2830 1948 2930 2009 ille
2989 1945 3374 2007 nihilominus
3435 1941 3700 2024 prmdicit

2057 2034 2385 2115 perdenda,
2447 2044 2504 2096 et
2554 2036 2613 2096 in
2666 2044 2911 2112 tantum,
2965 2045 3029 2098 ut
3069 2054 3260 2117 neque
3318 2032 3467 2115 lapis
3520 2050 3699 2111 super

2056 2122 2313 2201 lapidem
2338 2133 2594 2186 maneat.
2627 2125 2757 2185 241
2792 2126 2961 2207 Αιᾳυί
2992 2126 3193 2185 dicunt
3217 2124 3458 2204 quidam
3490 2121 3699 2182 multas

2055 2212 2271 2272 veteris
2302 2211 2554 2273 civitatis
2580 2212 2913 2277 Jerusalem
2945 2214 3227 2296 reliquias
3257 2211 3698 2292 superstites,et

2055 2298 2137 2360 ita
2167 2298 2461 2363 Christum
2508 2304 2854 2367 mendacem
2912 2304 3231 2366 ostendere
3286 2310 3532 2381 tentant,
3591 2298 3695 2361 sed

2056 2389 2170 2450 hoc
2200 2390 2544 2472 neutiquam
2578 2410 2778 2456 verum
2810 2403 2920 2455 est.
2974 2396 3116 2455 Nam
3154 2391 3385 2455 etiamsi
3432 2390 3699 2469 reliquias

2056 2479 2325 2559 quaedam
2359 2481 2588 2543 relictae
2619 2493 2836 2557 essent,
2872 2484 3026 2564 quod
3058 2500 3259 2543 verum
3295 2499 3409 2541 non
3443 2487 3553 2559 est,
3575 2496 3691 2539 non

2058 2576 2255 2629 tamen
2314 2570 2686 2651 relinquetur
2743 2592 2928 2654 usque
2994 2573 3065 2632 ad
3124 2567 3691 2633 consummationem

2054 2660 2253 2721 saeculi
2287 2661 2433 2742 lapis
2464 2680 2645 2742 super
2675 2663 2956 2743 lapidem.
3006 2662 3158 2735 Quin
3192 2659 3450 2721 historiae
3482 2658 3700 2720 habent

2054 2749 2215 2829 quod
2274 2750 2461 2813 Elius
2514 2754 2807 2815 Adrianus
2864 2754 3148 2835 templum
3209 2760 3266 2811 et
3321 2751 3610 2811 civitatem
3666 2766 3700 2807 a

2058 2839 2460 2903 fundamentis
2492 2844 2789 2919 effoderit,
2821 2854 2878 2906 et
2920 2845 2997 2903 ita
3037 2843 3094 2903 in
3125 2841 3228 2902 illo
3269 2839 3577 2918 impletum
3608 2845 3697 2899 est

2057 2928 2214 3006 quod
2244 2948 2362 2991 non
2393 2932 2470 2992 sit
2496 2932 2742 2994 relictus
2772 2933 2921 3013 lapis
2953 2948 3136 3011 super
3182 2928 3460 3013 lapidem.
3514 2928 3696 2988 Porro

2059 3018 2306 3079 sedente
2337 3018 2439 3081 illo
2472 3021 2528 3081 in
2581 3030 2778 3083 monte
2828 3021 3139 3091 olivarum,
3200 3022 3579 3078 accesserunt
3623 3014 3694 3075 ad

2061 3122 2198 3166 eum
2230 3106 2663 3187 interrogantes
2694 3131 2707 3172 :
2756 3110 3001 3181 Quando
3032 3109 3157 3170 haec
3188 3113 3360 3167 erunt
3380 3105 3421 3166 ’ί
3444 3105 3556 3165 hoc
3583 3112 3695 3176 est,

2058 3195 2294 3275 quando
2336 3199 2844 3261 consummabitur
2874 3197 3252 3262 Jerusalem?
3292 3195 3364 3256 At
3394 3194 3520 3272 ipse
3560 3194 3694 3254 tan-

2058 3302 2231 3363 quam
2266 3287 2656 3366 responderet
2688 3288 2770 3349 eis
2802 3288 2875 3348 de
2910 3288 3005 3349 his
3049 3286 3125 3347 de
3169 3283 3387 3366 quibus
3434 3280 3695 3345 interro-

2056 3371 2273 3449 gabant
2304 3374 2493 3436 munit
2520 3376 2937 3455 cogitationem
2971 3377 3229 3441 illorum.
3265 3382 3327 3434 ut
3369 3390 3443 3433 ne
3472 3378 3689 3432 errent.

2057 3460 2205 3534 Quia
2230 3461 2657 3545 incipientibus
2684 3475 2881 3528 autem
2906 3466 3084 3529 rebus
3110 3462 3372 3528 Iudaicis
3393 3460 3697 3523 labescere

2052 3562 2437 3614 surrexerunt
2482 3555 2721 3636 quidam
2771 3555 2872 3636 qui
2921 3573 2986 3616 se
3028 3553 3306 3615 dicebant
3359 3547 3692 3628 magistros,

2052 3638 2198 3701 dicit
2230 3638 2518 3704 Dominus
2546 3665 2558 3707 :
2598 3644 2807 3708 Videte
2841 3664 2915 3707 ne
2946 3640 3346 3722 decipiamini.

2130 3818 2317 3883 Vens.
2362 3823 2535 3885 5-10.
2584 3848 2604 3878 ι
2660 3825 2731 3887 At
2762 3822 2936 3885 Jesus
2964 3820 3334 3902 respondens
3367 3816 3486 3879 illis
3516 3815 3697 3896 cmpit

2051 3908 2255 3972 dicere
2291 3932 2304 3971 :
2367 3910 2573 3973 Videte
2618 3931 2692 3974 ne
2736 3912 2867 3994 quis
2910 3930 3009 3973 vos
3053 3910 3258 3972 fallat:
3317 3906 3483 3968 multi
3533 3905 3693 3994 enim

2054 3999 2292 4061 venient
2320 4000 2380 4062 in
2415 4000 2657 4063 nomine
2690 3993 2823 4064 meo
2853 4001 3120 4065 dicentes
3148 4019 3160 4058 :
3210 3999 3330 4078 Ego
3358 4013 3487 4057 sum
3520 3993 3693 4057 Chri-

2052 4094 2196 4161 stus,
2230 4089 2563 4171 multosque
2593 4090 2913 4171 decipient.
2946 4089 3093 4152 Cum
3144 4095 3341 4147 autem
3387 4081 3696 4146 audieritis

2053 4175 2211 4237 bella
2241 4187 2299 4239 et
2326 4196 2599 4242 rumores
2632 4179 2947 4253 bellorum,
2975 4196 3049 4239 ne
3081 4173 3435 4238 turbemini:
3468 4179 3698 4253 oportet

2055 4266 2213 4326 enim
2245 4267 2397 4341 ﬁeri,
2433 4275 2491 4328 at
2531 4268 2791 4329 nondum
2838 4266 2993 4328 ﬁnis.
3031 4268 3298 4341 lnsurget
3345 4263 3503 4323 enim
3550 4276 3695 4338 gens

2053 4353 2338 4417 adversus
2366 4372 2628 4437 gentem,
2680 4366 2738 4417 et
2787 4374 3034 4434 regnum
3087 4353 3365 4416 adversus
3417 4365 3689 4428 regnum.

2055 4443 2124 4504 Et
2163 4454 2336 4507 erunt
2365 4456 2537 4508 terra;
2585 4455 2780 4507 motus
2828 4447 2886 4506 in
2919 4443 3170 4521 singulis
3211 4440 3379 4513 locis,
3416 4447 3475 4500 et
3522 4444 3697 4498 erunt

329 4542 526 4601 ὠδίνων
586 4549 772 4601 ταῦτα.
826 4540 1056 4599 Βλέπετε
1115 4543 1165 4598 δὲ
1237 4547 1392 4620 ὑμεῖς
1438 4541 1668 4605 ἑαυτούς.
1722 4535 1966 4617 παραδωο

2059 4534 2242 4597 fames
2300 4555 2369 4598 ac
2424 4537 2807 4599 turbationes.
2864 4535 3037 4597 Initia
3080 4532 3352 4595 dolorum
3400 4530 3547 4620 haec,
3588 4527 3693 4588 sed

329 4654 475 4690 σουσι
548 4632 647 4711 γὰρ
715 4633 851 4706 ὑμᾶς
911 4633 983 4693 εἰς
1058 4631 1316 4712 συνέδρια,
1398 4632 1485 4687 καὶ
1536 4630 1607 4692 εἰς
1660 4625 1972 4703 συναγωγὰς

326 4722 634 4801 δαρήσεσθε,
696 4721 785 4776 καὶ
842 4719 927 4776 ἒπί
982 4720 1264 4799 ἡγεμόνων
1321 4722 1406 4777 καὶ
1461 4716 1722 4796 βασιλέων
1770 4714 1973 4784 σταθή-

326 4814 473 4867 σεσθε
544 4810 722 4866 ἓνεκεν
799 4808 948 4884 ἐμοῦ,
1012 4812 1084 4872 εἷς
1143 4811 1421 4890 μαρτύριον
1490 4809 1691 4868 αὖτοῖς.
1743 4801 1845 4863 Καὶ
1898 4803 1970 4867 εἷς

326 4900 495 4957 πάντα
563 4900 627 4954 τὰ
675 4897 796 4964 ἔθνη
856 4896 939 4954 δεῖ
992 4906 1201 4977 πρῶτον
1273 4897 1607 4979 κηρυχθῆναι
1638 4896 1699 4951 τὸ
1736 4891 1969 4969 Εὒαγγέ-

326 4988 460 5051 λιον,
540 5010 567 5047 ι
632 4985 829 5044 Πολλοὶ
884 4986 1212 5063 ἐλεύσονται,
1287 4993 1401 5053 οἷος
1457 4988 1522 5054 ἦν
1574 4981 1794 5060 Ἰούδας,
1856 4985 1971 5042 οἷος

327 5076 539 5151 Θευδᾶς,
599 5075 653 5131 οἵ
713 5074 895 5154 ἔλεγον
956 5077 1169 5141 ἑαυτοὺς
1198 5080 1299 5134 ὑπὸ
1329 5084 1421 5135 τοῦ
1468 5080 1598 5132 Θεοῦ
1640 5071 1969 5149 πεμφθῆναι.

329 5165 597 5241 Πολέμους
655 5162 709 5219 δὲ
780 5164 1086 5239 ἀκούσεσθε,
1162 5169 1342 5246 φησὶν,
1405 5163 1491 5228 οὕς
1520 5163 1609 5221 καὶ
1638 5162 1664 5215 ὁ
1706 5156 1971 5223 Ἰώσηπος

325 5260 512 5327 ἱστορει
568 5254 881 5333 γεγενῆσθαι
956 5256 1057 5334 πρὸ
1109 5245 1204 5323 τῆς
1231 5255 1509 5317 ἁλώσεως.
1551 5248 1657 5312 Καὶ
1684 5247 1784 5326 γὰρ
1838 5245 1971 5334 ᾅντ-

324 5351 418 5426 ἦρε
478 5344 576 5419 μὲν
644 5332 705 5399 τὸ
774 5342 941 5417 ἔθνος,
1000 5332 1087 5401 iul
1118 5349 1212 5404 οὐκ
1242 5343 1406 5401 ἐδίδου
1434 5344 1554 5404 τοὺς
1614 5336 1803 5417 φόρους
1836 5332 1966 5391 Ῥω·

326 5436 551 5511 μαίοις..
611 5432 671 5490 Οἱ
729 5429 808 5511 δὲ,
869 5432 1217 5510 ὀργισθέντες,
1287 5432 1518 5500 ὶπῆλθον
1565 5428 1653 5486 καὶ
1724 5436 1971 5502 συνεχεῖς

320 5522 534 5605 ὶφόδους
577 5519 811 5593 ὶποίουν,
883 5518 1004 5577 ἀλλ’
1056 5523 1201 5580 οὔπω
1271 5522 1326 5579 8‘.
1382 5521 1533 5582 τέλος
1564 5523 1661 5583 τῆς
1714 5513 1972 5605 Ἰερουσα-

322 5602 457 5691 λημ.
525 5610 1074 5694 Ἐφιλανθρωπεύοντο
1126 5616 1224 5694 γὰρ
1254 5616 1299 5671 οἱ
1368 5613 1653 5687 Ῥωμαῖοι.
1690 5606 1761 5662 Οὔ
1807 5602 1967 5678 μόνον

2058 4633 2259 4687 cavete
2294 4643 2389 4687 vos
2409 4625 2598 4688 vobis.
2631 4625 2892 4689 Tradent
2920 4623 3080 4686 enim
3111 4640 3212 4682 vos
3240 4620 3301 4680 in
3330 4617 3603 4688 concilia,
3637 4624 3696 4676 et

2056 4712 2116 4773 in
2171 4715 2476 4795 synagogis
2533 4715 2869 4792 caademini,
2926 4722 2982 4777 et
3039 4710 3149 4773 sub
3207 4706 3583 4795 principibus,
3624 4711 3693 4766 ac

2056 4794 2297 4880 regibus
2345 4804 2647 4866 ducemini
2701 4812 2944 4886 propter
2999 4820 3114 4881 me,
3174 4800 3234 4860 in
3291 4794 3692 4886 testimonium

2055 4890 2195 4953 illis.
2229 4892 2296 4953 Et
2325 4893 2479 4973 apud
2502 4883 2717 4955 omnes
2731 4883 2937 4973 gentes
2958 4898 3191 4971 oportet
3213 4887 3375 4968 prius
3392 4883 3692 4973 praedicari

2058 4972 2458 5060 Evangelium.
2500 5008 2527 5039 ι
2560 4984 2716 5045 Multi
2744 4972 3027 5061 venient,
3074 4978 3265 5060 qualis
3308 4985 3434 5038 erant
3485 4972 3689 5045 Iudas,

2056 5070 2245 5150 qualis
2271 5070 2567 5145 Theudas,
2592 5073 2690 5152 qui
2721 5070 3075 5134 dicebantse
3096 5088 3130 5131 a
3157 5067 3279 5129 Deo
3304 5065 3515 5127 missos
3535 5080 3690 5124 esse.

2056 5159 2218 5221 Bella
2251 5168 2447 5223 autem
2481 5162 2673 5223 futura
2707 5161 2868 5237 dicit,
2906 5179 3037 5241 quae
3068 5168 3126 5220 et
3151 5157 3450 5236 Josephus
3494 5162 3695 5215 narrat

2055 5255 2192 5311 ante
2219 5248 2614 5329 captivitatem
2657 5250 2826 5314 facta.
2873 5249 3017 5312 Nam
3066 5245 3405 5326 insurgebat
3451 5243 3689 5326 quidem

2052 5357 2222 5417 gens,
2256 5348 2317 5400 et
2341 5357 2457 5400 non
2481 5338 2766 5402 reddebat
2796 5339 3033 5402 tributa.
3066 5335 3315 5400 Romani
3343 5334 3692 5396 autemirati

2054 5445 2159 5492 eos
2218 5427 2594 5505 infestarunt,
2647 5438 2706 5490 et
2762 5429 3059 5491 continuis
3121 5424 3570 5489 excursionibus
3625 5444 3693 5487 ac

2057 5515 2328 5577 cladibus
2357 5517 2708 5593 affecerunt,
2743 5518 2847 5580 sed
2877 5518 3137 5581 nondum
3171 5514 3303 5576 linis
3331 5515 3688 5579 Jerusalem.

2053 5605 2303 5668 Romani
2363 5608 2518 5669 enim
2582 5607 2998 5672 misericordes
3047 5613 3236 5670 erant.
3312 5609 3442 5671 Non
3499 5607 3689 5670 solum
