4154 6298
350 438 475 503 637

1044 447 1489 509 ΕΝΑΒΒΑΤΙΟ
1535 446 1613 510 ΙΝ
1660 441 2164 511 EVANGELIUM
2203 448 2464 511 MARCI.
2512 481 2589 493 -—
2633 450 2798 512 CAP.
2849 444 3010 511 XIII.

3611 434 3728 506 638

348 579 435 651 τὸ,
488 570 718 638 “Em!”
765 580 895 657 ἒμοῦ
963 581 1141 639 ἔσεσθε
1206 584 1542 659 μισούμενοι,
1590 585 1661 641 Τὸ
1693 583 1792 661 γὰρ
1817 564 1970 638 ἕνεκεν⁴

2075 587 2305 656 rentur,
2342 588 2401 643 et
2434 585 2767 664 periculum
2803 582 3034 644 facilius
3062 581 3291 645 ferant:
3326 578 3549 643 deinde
3579 595 3727 640 con-

347 667 511 725 αὐτοῦ
580 672 875 744 μισεῖσθαι,
927 670 1106 726 ἱκανόν
1156 673 1273 726 ἐστι
1328 671 1499 735 πάσας
1543 670 1872 750 ἐπικουφίσαι
1900 669 1966 725 τὰ

2078 669 2285 731 solatio
2310 674 2759 752 sequitur,quotl
2785 676 3036 750 Propter
3059 690 3153 731 me
3167 670 3303 732 odio
3327 669 3495 731 eritis
3516 664 3725 729 habiti.

345 757 642 835 συμφοράς.
730 756 897 815 Ἀλλὰ
985 760 1073 816 καὶ
1130 761 1193 816 τὸ
1278 761 1617 829 σωθήσεσθαυ
1705 761 1796 817 τὸν
1852 760 1991 816 ὑπο-

344 846 598 917 μείναντα
622 848 694 911 εἱς
736 845 913 924 τέλος,
945 850 1036 905 καὶ
1065 858 1221 908 τοῦτο
1252 848 1477 927 μεγίστη
1521 847 1879 927 παράκλησις.

432 1132 455 1166 ι
491 1100 669 1170 ’Ὅταν
712 1111 767 1170 δὲ
799 1113 953 1182 ἴδητε
997 1117 1057 1171 τὸ
1100 1113 1369 1194 βδέλυγμα
1418 1120 1517 1185 τῆς
1549 1116 1898 1195 ἐρημώσεως,
1930 1117 1990 1171 τὸ

306 1234 309 1235 ν
337 1200 494 1277 ῥηθὲν
540 1202 643 1258 ὑπὸ
707 1203 908 1271 Δανιὴλ
962 1211 1058 1261 τοῦ
1098 1206 1395 1285 προφήτου,
1430 1204 1596 1268 ἑστὼς
1628 1203 1758 1262 ὅπου
1790 1207 1850 1262 οὒ
1879 1202 1983 1271 δεῖ,

339 1291 367 1345 ὁ
441 1289 823 1370 ἀναγινώσκων
868 1294 1074 1374 νοείτω,
1134 1293 1256 1352 τότε
1287 1298 1332 1350 οἱ
1364 1293 1418 1350 ἐν
1448 1300 1516 1371 τῇ
1578 1292 1801 1367 ’[ουδαίᾳ
1856 1316 1985 1374 φευ-

337 1378 575 1457 γέτωσαν
635 1383 708 1444 εἰς
770 1382 836 1439 τὰ
892 1382 1013 1461 ὄρη,
1080 1380 1138 1441 Ὀ
1201 1380 1255 1439 δὲ
1325 1383 1412 1440 ἐπὶ
1469 1390 1561 1440 τοῦ
1590 1382 1853 1458 δώματος,
1908 1383 1985 1457 μὴ

335 1466 619 1526 καταϐάτω
698 1472 772 1535 εἷς
828 1472 929 1539 τὴν
976 1472 1164 1546 οὶκίαν,
1230 1471 1366 1548 μηδὲ
1436 1471 1712 1529 εἰσελθέτω
1761 1472 1879 1549 ἆραί
1936 1494 1983 1528 τι

336 1554 399 1612 ἐκ
440 1560 537 1623 τῆς
609 1558 773 1623 οἰκίας
832 1561 1011 1633 αἰτοῦ,
1072 1561 1159 1616 καὶ
1215 1562 1242 1616 6
1294 1562 1366 1623 εἰς
1426 1562 1514 1617 νὺν
1564 1560 1723 1639 ὰγρὸν
1752 1560 1849 1633 ὤν,
1910 1562 1986 1635 μὴ

333 1648 708 1725 ἐπιστρεψάτω
764 1650 837 1713 εἰς
894 1650 958 1705 τὰ
1011 1649 1202 1723 ὀπίσω,
1264 1649 1386 1727 ἆραι
1441 1652 1503 1706 τὸ
1535 1650 1744 1725 ἱμάτιον
1800 1652 1979 1710 αὐτοῦ.

334 1738 464 1794 Οὐαὶ
517 1734 571 1792 δὲ
627 1751 749 1801 ταῖς
807 1741 864 1795 ἒν
916 1740 1100 1818 γαστρὶ
1156 1738 1408 1818 ἐχούσαις
1436 1741 1525 1796 καὶ
1565 1753 1688 1803 ταῖς
1718 1738 1982 1810 θηλαζού-

332 1846 454 1890 σαις
510 1826 564 1883 ἐν
621 1827 840 1893 ἐκείναις
899 1841 1021 1893 ταῖς
1050 1828 1301 1905 ἡμέραις.
1339 1852 1362 1883 η
1412 1827 1689 1906 Βδέλυγμα
1730 1828 1828 1895 τῆς
1852 1832 1979 1908 ἐρη-

2076 755 2241 829 Quod
2277 761 2435 820 enim
2471 763 2922 842 propteripsum
2948 761 3187 823 fuerunt
3218 759 3354 821 odio
3373 755 3729 825 habiti,satis

2073 855 2202 907 erat
2231 849 2301 908 ad
2323 869 2531 911 omnes
2563 851 2926 912 calamitates
2951 849 3283 912 leniendas.
3308 846 3456 919 Quin
3489 854 3547 907 et
3565 844 3723 925 quod

2076 935 2345 998 salvandi
2378 950 2547 1000 erant
2574 940 3007 1020 perseveraturi
3032 956 3218 1018 usque
3248 937 3307 998 in
3340 933 3723 1015 ﬁnem,etiam

2074 1023 2268 1103 ipsum
2305 1027 2619 1089 maximam
2654 1028 2941 1090 afferebat
2964 1028 3457 1090 consolationem.

2160 1118 2311 1178 Vens
2376 1119 2617 1182 14-174
2641 1122 2825 1181 Porro
2850 1139 2981 1179 cum
3030 1117 3300 1179 videritis
3331 1114 3722 1178 abominatio-

2072 1223 2209 1266 nem
2242 1205 2625 1269 desolationis
2675 1209 2749 1270 de
2808 1228 2922 1289 qua
2981 1208 3207 1269 dictum
3255 1216 3345 1267 est
3395 1224 3429 1266 a
3480 1202 3723 1267 Daniele

2071 1294 2379 1373 propheta,
2432 1306 2684 1359 stantem
2742 1297 2839 1358 ubi
2887 1316 3002 1357 non
3051 1302 3308 1375 oportet,
3358 1292 3459 1374 qui
3513 1291 3722 1370 legerit

2070 1383 2379 1461 intelligat.
2430 1386 2597 1449 Tunc
2629 1388 2727 1468 qui
2761 1388 2979 1449 fuerint
3026 1387 3084 1447 in
3118 1384 3344 1452 Judaea,
3379 1383 3602 1461 fugiant
3646 1380 3715 1441 ad

2072 1481 2300 1532 montes
2338 1495 2351 1536 :
2386 1475 2484 1554 qui
2516 1494 2650 1535 vero
2682 1476 2861 1537 fuerit
2896 1477 2950 1536 in
2985 1483 3159 1547 tecto,
3199 1492 3272 1534 nc
3302 1470 3630 1533 descendat
3659 1469 3717 1528 in

2069 1558 2457 1641 domum,nec
2483 1564 2846 1640 ingrediatur
2876 1572 2933 1625 ut
2955 1564 3269 1644 quicquam
3304 1562 3467 1623 tollat
3488 1577 3519 1619 e
3541 1559 3716 1619 domo

2068 1666 2223 1710 sua:
2263 1661 2319 1711 et
2349 1653 2447 1732 qui
2480 1652 2653 1714 fuerit
2704 1654 2763 1715 in
2812 1672 2976 1732 agro,
3027 1672 3100 1713 ne
3134 1658 3465 1712 revertatur
3521 1648 3593 1709 ad
3649 1666 3718 1708 ea

2069 1757 2201 1817 qua:
2231 1740 2471 1820 reliquit
2500 1761 2532 1802 a
2567 1751 2750 1821 tergo,
2787 1744 2856 1803 ad
2892 1741 3215 1804 to'lendum
3251 1740 3493 1820 pallium
3517 1756 3711 1799 suum.

2067 1828 2167 1887 Vae
2196 1837 2389 1890 autem
2426 1832 2881 1910 praegnantibus.
2922 1840 2979 1893 et
3018 1831 3371 1892 lactantibus
3402 1830 3461 1889 in
3504 1826 3716 1888 diebus

333 1935 580 1990 μωσεως,
644 1918 673 1973 6
741 1914 948 1995 ἀνδριὰς
978 1923 1072 1974 τοῦ
1119 1917 1216 1985 τὴν
1246 1916 1404 1973 πόλιν
1437 1915 1672 1980 ἑλόντος.
1709 1915 1970 1994 Βδέλυγμα

2069 1915 2211 1977 illis.
2244 1943 2269 1972 ι)
2300 1918 2681 1982 Abominatio
2713 1920 3100 1983 desolationis
3127 1928 3318 1982 statua
3350 1927 3437 1980 est
3465 1919 3593 1997 ejus
3616 1918 3713 1991 qui

331 2002 433 2081 γὰρ
487 2010 591 2059 πᾶν
669 2003 893 2061 εἴδωλον
963 2003 1197 2082 λέγεται,
1258 2004 1619 2085 Ἐρημώσεως
1675 2004 1754 2086 δὲ,
1854 2004 1983 2062 διότι

331 2090 563 2160 ἁλούσης
623 2099 719 2161 τῆς
782 2092 1156 2174 Ἰερουσαλὴμ,
1205 2095 1291 2151 καὶ
1334 2094 1603 2174 ἐρὴμωσιν
1662 2096 1983 2173 πασχούσης

329 2180 562 2248 ἔστησαν
615 2184 740 2240 αὐτὸ
796 2182 901 2240 ἔσω
957 2190 1063 2240 τῶν
1120 2182 1320 2240 ἀδύτων
1347 2191 1441 2242 τοῦ
1478 2194 1622 2244 ναοῦ.
1688 2183 1854 2241 Ἀλλὰ
1895 2187 1983 2241 καὶ

329 2272 359 2327 6
419 2270 671 2346 Πιλάτος,
730 2272 825 2337 τὰς
882 2281 975 2329 τού
1033 2274 1292 2351 Καίσαρος
1324 2274 1527 2339 εἰκόνας
1573 2274 1774 2352 νύκτωρ
1805 2276 1877 2339 είς
1920 2276 1981 2330 τὸ

326 2360 468 2438 ἱερὸν
524 2360 762 2439 ἀγαγὼν,
825 2361 1026 2418 πολλου
1072 2360 1289 2440 θορύϐου
1362 2369 1439 2437 τῷ
1510 2361 1700 2433 πλήθει
1774 2362 1982 2441 ἐγένετο

328 2450 534 2512 αἰτιος.
581 2449 620 2476 ”
634 2458 826 2507 Εκτοτε
855 2450 1050 2524 ἤρξατο
1079 2452 1168 2507 καὶ
1197 2453 1225 2507 6
1254 2451 1489 2527 πόλεμος
1564 2454 1651 2509 καὶ
1679 2455 1713 2521 ἡ
1758 2452 1978 2531 ἐρήμω-

328 2559 411 2601 σις
475 2543 575 2606 τῆς
629 2536 999 2615 Ἰερουσαλὴμ.
1060 2539 1188 2598 Τότε
1247 2542 1417 2596 τοίνυν
1447 2543 1495 2597 οἱ
1525 2543 1579 2597 ἐν
1630 2548 1699 2617 τῇ
1758 2539 1981 2614 Ἰουδαίᾳ

328 2624 495 2701 ὄντες,
553 2627 886 2707 φευγέτωσαν
944 2629 1017 2693 εἰς
1049 2628 1114 2684 τὰ
1142 2628 1263 2707 ὃρη.
1314 2627 1503 2692 Καλῶς
1531 2628 1586 2685 δὲ
1617 2643 1794 2704 εἴπεν,
1827 2633 1875 2687 οἱ
1924 2630 1978 2686 ἐν

266 2768 271 2773 .
328 2722 399 2792 τῇ
458 2713 704 2789 Ἰουδαίᾳ.
758 2721 818 2775 Οἱ
889 2718 988 2796 γὰρ
1082 2716 1375 2775 ἀπόστολοι
1443 2718 1539 2775 οὒκ
1608 2723 1745 2787 ἦσαν
1799 2719 1853 2775 ἐν
1908 2726 1977 2797 τῇ

304 2803 573 2886 .’Ῑουδαίᾳ,
633 2803 778 2879 ἀλλ’,
811 2808 883 2870 ὡς
927 2805 1155 2886 ἔφημεν,
1187 2808 1287 2886 πρὸ
1318 2813 1411 2863 τοῦ
1439 2807 1678 2884 πολέμου
1715 2806 1975 2888 ἐδιώχθη-

327 2916 422 2950 σαν
481 2894 588 2951 ἆπὸ
659 2902 756 2963 τῆς
816 2893 1185 2971 Ἰερουσαλήμ·
1224 2895 1427 2971 μᾶλλον
1458 2894 1511 2953 δὲ
1556 2895 1771 2964 ἐξῆλθον
1802 2897 1967 2973 αὐτοὶ,

325 2983 446 3059 θείῳ
501 2985 797 3061 κινούμενοι
850 2986 1139 3060 Πνεύματι.
1197 2989 1256 3044 Οἱ
1312 2988 1435 3063 γοῦν
1495 2986 1786 3064 εὑρεθέντες
1818 2985 1871 3042 ἐν
1900 2994 1968 3063 τῇ

330 3071 572 3154 Ἰουδαίᾳ,
645 3074 1003 3155 φευγέτωσαν,
1062 3076 1148 3132 καὶ
1196 3077 1223 3131 6
1255 3073 1339 3131 ἐπὶ
1364 3081 1454 3131 τοῦ
1483 3066 1751 3155 δώματος,
1807 3075 1963 3150 μηδε.

329 3165 415 3226 νὸς
472 3170 575 3220 τῶν
647 3163 701 3219 ἐν
756 3170 823 3241 τῇ
890 3164 1026 3236 οἰκίᾳ
1081 3164 1483 3243 ἐπιστραφήτω,
1532 3162 1840 3242 Ἀγαπητὸν
1871 3165 1969 3243 γὰρ

327 3254 372 3307 εἰ
426 3253 515 3308 καὶ
567 3258 748 3331 γυμνῷ
805 3255 1012 3329 σώματι
1097 3250 1377 3319 διασωθείη
1462 3275 1571 3332 τις,
1664 3250 1801 3310 ἀλλά
1882 3255 1971 3308 καὶ

2070 2005 2363 2068 civitatem
2399 2008 2712 2071 destruxit.
2767 2010 3141 2074 Abominatio
3175 2011 3332 2070 enim
3376 2025 3551 2069 omne
3581 2006 3713 2067 ido-

2068 2094 2190 2155 lum
2220 2096 2442 2159 dicitur
2478 2116 2490 2160 :
2528 2098 2912 2160 desolationis
2941 2118 3080 2159 vero
3111 2118 3182 2161 eo
3227 2097 3408 2179 quod,
3441 2104 3607 2177 capta
3658 2102 3716 2156 et

2067 2184 2330 2247 desolata
2355 2186 2709 2265 Jerusalem,
2739 2189 2902 2250 illam
2937 2197 3265 2250 statuerunt
3294 2187 3447 2247 intra
3475 2184 3711 2266 adytum

2068 2275 2295 2353 templi.
2332 2276 2555 2339 Pilatus
2587 2297 2824 2358 quoque
2873 2277 3117 2342 Caesaris
3160 2276 3415 2354 imagine
3450 2285 3623 2335 noctu
3655 2275 3713 2334 in

2065 2364 2356 2444 templum
2393 2366 2575 2441 illata,
2613 2367 2808 2445 magni
2844 2367 3128 2428 tumultus
3158 2376 3366 2428 auctor
3390 2365 3498 2425 fuit
3530 2363 3710 2445 plebi.

2065 2450 2231 2515 Tunc
2257 2456 2413 2515 enim
2441 2456 2619 2535 ccepit
2652 2469 2709 2519 et
2732 2456 2954 2519 bellum
2979 2465 3034 2517 et
3053 2454 3339 2518 desolatio
3360 2454 3709 2517 Jerusalem.

2064 2539 2247 2620 Igitur
2279 2551 2416 2604 tunc
2446 2545 2503 2605 hi
2552 2546 2651 2626 qui
2704 2547 2763 2607 in
2813 2547 3011 2609 .ludaea
3065 2546 3311 2625 fuerint,
3371 2544 3594 2622 fugiant
3648 2542 3708 2603 in

2064 2640 2319 2696 montes.
2355 2632 2520 2694 Bene
2546 2647 2741 2696 autem
2775 2635 2945 2709 dixit,
2981 2636 3042 2697 hi
3080 2634 3179 2716 qui
3213 2634 3270 2703 in
3302 2633 3524 2695 Iudaea.
3561 2631 3704 2693 Nam

2060 2720 2311 2800 apostoli
2344 2740 2460 2783 non
2495 2724 2734 2785 fuerunt
2765 2724 2822 2784 in
2854 2723 3061 2786 Iudaea
3098 2742 3112 2787 :
3173 2724 3307 2800 sed,
3337 2727 3402 2786 ut
3428 2722 3706 2795 diximus,

2057 2819 2373 2891 antequam
2421 2810 2640 2873 bellum
2678 2814 2817 2873 245
2853 2824 3121 2875 exortum
3158 2823 3267 2888 est,
3323 2816 3383 2873 in
3425 2829 3710 2892 perscru-

2058 2900 2221 2960 tione
2252 2901 2442 2961 exacti
2474 2910 2609 2962 sunt
2640 2921 2671 2964 ε
2700 2904 3056 2982 Jerusalem,
3090 2902 3209 2963 imo
3254 2901 3367 2982 ipsi
3408 2901 3704 2973 exierunt,

2055 2988 2249 3049 divino
2284 2990 2462 3050 aﬂlati
2495 2991 2739 3070 Spiritu.
2776 2992 2887 3064 Qui
2919 2991 3099 3070 igitur
3138 2991 3360 3052 inventi
3394 2988 3615 3051 fuerint
3647 2989 3707 3049 in

2053 3078 2275 3153 Iudaea,
2312 3080 2583 3156 fugiant:
2635 3090 2690 3141 et
2722 3081 2772 3142 is
2820 3083 2918 3162 qui
2974 3100 3150 3162 supra
3196 3087 3440 3154 tectum,
3489 3078 3708 3140 nullius

2052 3169 2136 3228 rei
2170 3168 2355 3245 gratia
2385 3188 2515 3249 quae
2545 3170 2603 3229 in
2637 3170 2837 3241 domo,
2872 3177 3223 3232 revertatur.
3260 3168 3517 3249 Expedit
3546 3168 3701 3228 enim

2053 3264 2117 3317 ut.
2146 3257 2277 3336 quis
2304 3258 2393 3319 vel
2426 3259 2583 3319 nudo
2611 3277 2861 3338 corpore
2891 3259 3085 3321 salvus
3110 3259 3230 3320 fiat.
3274 3258 3525 3339 Insuper
3548 3276 3629 3317 va:
3650 3266 3709 3318 et

323 3354 443 3405 τοῖς
493 3340 743 3422 ἐχούσαις
801 3345 957 3400 τέκνα
1012 3344 1100 3399 καὶ
1141 3349 1264 3405 τᾶϊς
1312 3341 1544 3421 ἐγκύοις,
1598 3343 1732 3400 οὒαὶ.
1773 3342 1967 3416 Διατί;

2059 3347 2517 3429 praegnantibus,
2553 3356 2611 3409 et
2635 3348 2983 3410 lactantibus
3005 3367 3110 3411 vae.
3148 3347 3341 3420 Quare
3362 3354 3390 3410 ‘2
3420 3345 3567 3418 Quia
3588 3365 3706 3407 non

329 3432 473 3487 Διότι
522 3433 574 3487 αἱ
629 3432 727 3507 μὲν
793 3431 1011 3512 ἔχουσαι
1076 3432 1232 3488 τέκνα
1403 3432 1532 3509 πρὸς
1585 3430 1717 3488 αὐτὰ
1773 3436 1971 3509 στοργῇ

323 3520 707 3600 κατεχόμεναι,
772 3524 832 3578 οὔ
861 3520 1169 3591 δυνήσονται
1213 3520 1446 3600 φεύγειν,
1483 3522 1532 3575 αἱ
1589 3519 1643 3575 δὲ
1674 3521 1727 3575 ἐν
1786 3522 1971 3598 γαστρὶ

327 3609 568 3689 ἔχουσαι,
628 3608 712 3666 διὰ
740 3612 800 3667 τὸ
828 3616 926 3678 τῆς
957 3610 1234 3691 κυοφορίας
1289 3608 1479 3688 ἄχθος,
1512 3607 1628 3666 οὐδὲ
1660 3612 1811 3666 αὗται
1869 3608 1968 3688 ρᾳ-

324 3696 432 3754 δίαν
487 3700 586 3767 τὴν
641 3700 813 3779 φυγὴν
881 3699 1100 3766 ἕξουσιν.
1160 3700 1328 3773 Οἶμαι
1359 3697 1414 3755 δὲ
1462 3700 1551 3755 καὶ
1580 3699 1676 3765 τὴν
1705 3720 1969 3778 τεκνοφα-

325 3789 438 3865 γίαν
505 3791 721 3849 ἐνταῦθα
772 3790 1069 3864 σημαίνειν.
1108 3790 1193 3847 Ἐν
1226 3788 1326 3867 γὰρ
1355 3796 1431 3863 τῷ
1463 3787 1607 3865 λιμῷ
1654 3786 1971 3867 πολιορκού-

323 3899 494 3957 μενοι,
526 3880 612 3934 καὶ
640 3884 746 3934 τῶν
777 3878 971 3936 τέκνων
1008 3878 1244 3954 ἥψαντο,

407 3992 431 4022 ι
484 3968 845 4046 Προσεύχεσθε
915 3965 995 4049 δὲ,
1052 3968 1143 4024 ’ίνα
1173 3972 1251 4044 μὴ
1295 3968 1513 4047 γένητλι
1563 3966 1597 4033 ἡ
1644 3967 1785 4046 φυγὴ
1814 3968 1969 4041 ἡμῶν

322 4063 615 4137 χειμῶνος.
677 4049 938 4115 ’Ἔσονται
1009 4058 1108 4137 γὰρ
1159 4060 1211 4113 αἱ
1260 4057 1453 4136 ἡμέραι
1506 4053 1709 4112 ἐκεῖναι
1765 4054 1964 4130 θλίψις,

321 4144 409 4201 οἵα
468 4146 527 4203 οὔ
584 4147 771 4226 γέγονε
834 4148 1056 4213 τοιαύτη
1114 4146 1207 4202 ἀπ’
1266 4146 1441 4226 ἀρχῆς
1473 4146 1693 4208 κτίσεως
1722 4142 1790 4211 ἧς
1816 4142 1963 4199 ἔκτι-

320 4255 406 4290 σεν
463 4237 491 4291 6
548 4238 678 4301 Θεὸς
749 4235 848 4297 ἕως
879 4246 971 4294 τοῦ
1000 4242 1111 4309 νῦν,
1143 4237 1232 4292 καὶ⁵
1272 4239 1331 4294 οὐ
1360 4234 1438 4309 μή
1486 4234 1725 4312 γένηται.
1771 4234 1866 4291 Καὶ
1922 4235 1965 4289 εί

321 4324 395 4398 μὴ
468 4325 654 4403 Κύριος
712 4323 1010 4382 ἐκολόϐωσε
1067 4326 1160 4390 τὰς
1240 4323 1466 4404 ἡμέρας,
1522 4327 1615 4382 οὐκ
1684 4320 1746 4378 ἄν
1792 4322 1962 4389 ἐσώθη

321 4418 463 4470 πᾶσα
519 4414 667 4493 σὰρξ,
725 4414 863 4470 ἀλλὰ
892 4413 989 4469 διὰ
1044 4415 1164 4477 τοὺς
1237 4413 1513 4475 ἐκλεκτοὺς
1545 4410 1633 4475 οῧς
1666 4409 1958 4479 ἐξελέξατο,

321 4501 614 4560 ἐκολόϐωσε
669 4504 764 4568 τὰς
815 4504 1039 4583 ἢμέρας.
1106 4527 1133 4558 n
1170 4505 1228 4561 Εἰ
1286 4524 1557 4583 χειμωνος
1627 4502 1726 4579 γὰρ
1756 4499 1961 4576 γένοιτο

319 4595 353 4661 ἡ
410 4594 578 4672 φυγὴ,
633 4593 737 4650 ἀπὸ
791 4599 890 4661 τῆς
947 4601 1039 4651 τοῦ
1095 4598 1277 4671 καιροῦ
1331 4589 1600 4656 δυσκολίας
1643 4587 1958 4665 ἐμποδισθή-

320 4703 498 4738 σονται
556 4685 603 4740 οἱ
654 4683 861 4762 φεύγειν
918 4681 1183 4751 θέλοντες,
1256 4682 1343 4737 καὶ
1391 4678 1529 4742 ὅλως
1554 4677 1728 4753 θλίψις
1784 4676 1951 4748 ἔσται,

319 4776 419 4827 τῶν
490 4771 709 4829 πώποτε
768 4771 1067 4849 γενομένων
1098 4770 1133 4838 ἦ
1173 4768 1544 4848 γενησομένων
1587 4765 1959 4847 χαλεπωτέρα.

322 4861 415 4918 Καὶ
472 4861 515 4915 εἰ
575 4860 652 4935 μὴ
711 4858 1039 4917 ἐκολόϐωσεν
1112 4859 1140 4915 ὃ
1200 4861 1353 4931 Θεὸς,
1387 4856 1651 4937 τουτέστι,
1692 4857 1965 4931 συντόμως

321 4948 568 5005 κατέλυσε
638 4950 729 5006 τὸν
781 4949 1012 5024 πόλεμον
1072 4955 1176 5005 τῶν
1234 4947 1533 5023 Ῥωμαίων,
1567 4950 1661 5005 οὐκ
1690 4943 1750 5000 ἄν
1792 4945 1964 5014 ἐσώθη

320 5044 460 5095 πᾶσα
516 5038 671 5116 σάρξ,
718 5038 1009 5111 τουτέστιν,
1068 5035 1324 5102 Ἰουδαῖος
1383 5040 1476 5095 οὐκ
1544 5034 1606 5090 ἅν
1649 5033 1958 5115 ὑπελείφθη·

320 5126 451 5184 ἀλλὰ
521 5126 605 5184 διὰ
662 5129 783 5190 τοὺς
857 5127 1157 5190 ἐκλεκτούς.
1188 5126 1424 5183 τουτέστι
1453 5126 1574 5190 τοὺς
1620 5121 1671 5189 ἐξ
1705 5122 1963 5202 Ἐϐραίων

319 5218 722 5296 πιστεύσαντας,
773 5215 808 5283 ἧ
874 5218 962 5273 καὶ
1036 5216 1249 5294 ὕστερον
1314 5213 1605 5285 μέλλοντας
1672 5213 1957 5288 πιστεύειν,

320 5305 574 5373 κατελύθη
644 5306 918 5382 συντόμως
978 5308 1007 5362 6
1046 5304 1308 5380 πόλεμος.
1367 5303 1426 5362 ’0
1477 5304 1576 5382 γὰρ
1607 5304 1737 5365 Θεὸς
1777 5324 1963 5380 προγι-

322 5395 556 5475 νώσκων,
607 5395 687 5452 ὅτι
737 5394 788 5461 ἐξ
858 5393 1114 5477 Ἐϐραίων
1170 5392 1360 5451 πολλοὶ
1436 5392 1767 5465 πιστεύσουσι
1828 5392 1961 5466 μετὰ

317 5484 409 5551 τὴν
460 5483 680 5564 ἅλωσιν,
742 5485 929 5542 τούτου
975 5486 1134 5565 χάριν
1200 5485 1260 5540 ού
1310 5482 1651 5561 συνεχώρησε
1683 5479 1957 5543 παντελῶς

316 5572 658 5653 ἀφανισθῆναι
711 5575 771 5629 τὸ
840 5574 1019 5653 γένος,
1079 5572 1303 5629 Δύναται
1353 5568 1408 5626 δὲ
1476 5578 1638 5628 ταῦτα
1685 5570 1773 5626 καὶ
1820 5568 1955 5625 ἀνα-

314 5664 507 5741 χθῆναι
562 5662 904 5737 ἠθικώτερον,
969 5661 1245 5742 Βδέλυγμα
1305 5660 1397 5741 τῆς
1455 5659 1802 5740 ἐρημώσεως,
1822 5656 1957 5742 -Δέστὶ

312 5734 410 5808 πᾶν
468 5751 643 5829 νόημα
695 5734 998 5831 σατανικὸν,
1033 5734 1198 5815 ἑστώς
1254 5752 1310 5805 δν
1340 5734 1493 5824 τύπω
1533 5750 1688 5827 ἁγίῳ,
1723 5754 1800 5822 τῷ
1825 5734 1956 5822 ἧμι-

2054 3446 2305 3511 possunt
2335 3436 2850 3515 fugere;mulieres
2879 3436 3098 3517 quibus
3128 3447 3265 3498 sunt
3295 3436 3486 3517 pueri,
3520 3434 3703 3496 affec-

2057 3523 2217 3584 tione
2274 3544 2411 3604 erga
2469 3526 2601 3587 illos
2662 3527 2933 3589 detentze.
3018 3530 3399 3606 Praegnantes
3468 3542 3705 3605 quoque

2055 3622 2302 3694 propter
2332 3616 2484 3676 uteri
2518 3616 2807 3677 sarcinam
2861 3635 3055 3697 neque
3104 3617 3250 3696 ipsa:
3304 3614 3475 3677 facile
3510 3614 3702 3693 fugam

2055 3700 2389 3764 inveniunt.
2427 3704 2709 3766 Existimo
2740 3714 2940 3766 autem
2994 3704 3149 3784 quod
3214 3712 3271 3765 et
3326 3722 3544 3781 pueros
3593 3703 3705 3762 hoc

2058 3789 2187 3851 loco
2221 3793 2519 3872 signiticet
2549 3798 2868 3855 vorandos.
2902 3793 3081 3855 Fame
3126 3793 3283 3855 enim
3317 3792 3543 3854 obsessi
3593 3809 3704 3854 nec

2056 3882 2261 3961 pueris
2293 3891 2710 3961 pepercerunt.

2138 3960 2316 4022 Vens.
2362 3963 2573 4025 18-20.
2624 3987 2649 4016 α
2706 3960 2886 4023 Orate
2933 3970 3129 4022 autem
3176 3981 3249 4022 ne
3308 3960 3445 4040 fuga
3501 3968 3698 4023 vestra

2053 4050 2154 4110 fiat
2185 4051 2420 4129 hyeme.
2459 4052 2649 4112 Erunt
2698 4050 2855 4111 enim
2915 4050 3045 4111 dies
3101 4050 3186 4111 illi
3249 4049 3381 4112 talis
3428 4049 3696 4126 afflictio,

2050 4140 2239 4218 qualis
2270 4158 2388 4199 non
2420 4139 2531 4200 fuit
2569 4139 2643 4201 ab
2675 4139 2846 4200 initio
2893 4157 3092 4200 rerum
3129 4138 3523 4211 conditarum,
3556 4155 3701 4217 quas

2049 4228 2315 4288 condidit
2346 4230 2527 4298 Deus,
2564 4246 2752 4307 usque
2786 4229 2855 4289 ad
2905 4227 3017 4289 hoc
3063 4236 3317 4308 tempus,
3367 4244 3476 4287 nec
3507 4228 3702 4287 futura

2050 4329 2158 4378 est.
2196 4318 2269 4379 Et
2293 4316 2403 4376 nisi
2435 4316 2721 4378 Dominus
2743 4315 3299 4378 abbreviassetdies
3326 4314 3481 4395 illos,
3518 4313 3698 4383 haud-

2049 4423 2339 4484 quaquam
2372 4405 2528 4465 salva
2560 4404 2769 4464 fuisset
2801 4404 3074 4465 universa
3105 4421 3267 4465 caro.
3310 4402 3426 4466 Sed
3461 4409 3702 4483 propter

2046 4495 2270 4556 electos
2299 4512 2447 4575 quos
2480 4493 2679 4574 elegit,
2712 4494 3075 4554 abbreviavit
3105 4492 3255 4554 dies.
3297 4517 3319 4551 ι
3379 4493 3437 4555 Si
3487 4493 3699 4572 hyeme

2045 4584 2185 4661 fuga
2215 4585 2404 4663 fieret,
2432 4584 2717 4663 temporis
2743 4583 2959 4662 injuria
2990 4582 3413 4662 impedimenta
3438 4578 3697 4642 habituri

2050 4682 2250 4735 essent
2280 4673 2482 4752 fugere
2513 4672 2802 4753 volentes,
2837 4682 2894 4733 et
2923 4672 3169 4734 omnino
3211 4669 3452 4732 afﬂictio
3500 4669 3696 4731 futura

1987 4755 2140 4823 Dest
2172 4781 2406 4837 earum,
2439 4780 2569 4842 quae
2600 4761 2837 4823 fuerunt
2861 4763 2945 4823 vel
2973 4772 3147 4823 erunt
3178 4779 3434 4840 unquam
3467 4762 3694 4840 gravis-

2049 4850 2222 4927 sima,
2257 4859 2315 4911 et
2346 4851 2458 4911 nisi
2510 4850 2914 4913 abbreviasset
2964 4850 3146 4931 Deus,
3197 4851 3310 4911 hoc
3363 4858 3474 4923 est,
3523 4850 3695 4911 citius

2048 4938 2450 5001 Romanorum
2485 4938 2706 5001 bellum
2740 4940 3127 5016 dissolvisset,
3151 4958 3270 5000 non
3304 4942 3513 5001 luisset
3538 4942 3693 5000 salva

2047 5031 2321 5091 universa
2351 5031 2631 5105 caro,hoc
2656 5031 3015 5104 est,Judaaus
3043 5049 3160 5090 non
3192 5028 3396 5090 fuisset
3429 5029 3691 5091 relictus.

2046 5119 2163 5181 Sed
2199 5128 2439 5198 propter
2469 5120 2714 5194 electos,
2757 5120 2868 5180 hoc
2900 5128 3008 5196 est,
3067 5138 3169 5180 eos
3221 5118 3321 5199 qui
3378 5136 3450 5179 ex
3479 5117 3695 5181 Judaais

2046 5208 2455 5280 crediderunt,
2512 5208 2599 5267 vel
2658 5216 2864 5288 postea
2912 5208 3201 5269 credituri
3258 5215 3416 5282 sunt,
3470 5206 3691 5268 bellum

2044 5297 2213 5359 citius
2246 5296 2608 5376 diremptum
2639 5310 2746 5357 est.
2773 5296 2931 5359 Deus
2956 5301 3113 5358 enim
3137 5296 3273 5377 quia
3304 5297 3695 5377 praacognovit

2042 5405 2112 5448 ex
2144 5384 2413 5447 Hebraeis
2449 5386 2667 5446 multos
2718 5394 2851 5466 post
2902 5386 3299 5467 captivitatem
3332 5385 3687 5463 credituros,

2043 5495 2160 5537 non
2195 5475 2464 5554 permisit
2496 5483 2680 5535 totum
2720 5494 2907 5552 genus
2937 5476 3187 5538 aboleri.
3223 5478 3692 5539 Possuntautem

2042 5565 2166 5626 haec
2201 5564 2409 5625 morali
2441 5582 2619 5625 sensu
2654 5565 2737 5625 sic
2784 5566 3002 5643 εχροηί
3037 5584 3049 5628 :
3103 5564 3484 5628 Abominatio
3515 5565 3691 5627 deso-

2040 5653 2276 5717 lationis
2310 5663 2400 5714 est
2430 5653 2623 5714 omnis
2655 5652 2946 5717 diabolica
2990 5655 3292 5735 cogitatio,
3328 5674 3459 5736 quae
3488 5662 3603 5718 stat
3632 5656 3689 5723 in

2043 5745 2171 5805 loro
2202 5750 2431 5823 sancto,
2466 5742 2579 5804 hoc
2607 5750 2696 5805 est
2726 5750 2922 5805 nostra
2955 5744 3359 5807 mente.’l‘unc
3390 5742 3570 5823 igitur
3590 5748 3691 5825 qui
