4170 6282
228 329 351 397 641
971 332 1411 399 ENARRATIO
1457 337 1539 397 IN
1585 324 2091 396 EVANGELIUM
2126 327 2384 393 MARCI.
2417 364 2496 374 —
2524 333 2687 394 CAP.
2724 333 2888 395 XIII.
3514 328 3633 394 642

240 468 292 522 οἶ
362 466 607 545 λέγοντες
666 467 748 525 ὅτι
807 468 901 523 οὒκ
970 466 1112 522 ἔστιν
1140 466 1259 532 ἴσος
1289 474 1364 541 τῷ
1409 473 1523 539 Θεῷ
1561 467 1648 522 καὶ
1682 463 1841 541 Πατρί
1874 478 1889 533 ;

1992 472 2231 538 gregent
2261 461 2615 542 electos,qni
2649 470 2923 542 tanquam
2947 458 3005 521 in
3028 460 3215 522 nubes
3230 458 3626 541 rapti,occur.

237 555 586 614 Ἐλεύσονται
656 559 826 614 τοίνυν
891 559 936 613 οἱ
1025 553 1240 634 ἄγγελοι
1309 554 1709 633 ἐπισυνάγοντες
1766 552 1888 615 τοὺς

1992 556 2107 607 'ant
2132 550 2408 612 Domino.
2445 553 2494 613 A
2526 551 2781 612 ﬁculnea
2824 559 3019 613 autem
3054 550 3218 611 disce
3261 550 3419 631 quod
3463 550 3624 611 dico.

233 644 547 720 ἒκλεκτοὺς,
607 649 680 710 ὡς
739 646 801 702 ἄν
849 644 1170 724 ἁρπαγέντες
1230 644 1282 702 ἒν
1354 643 1617 725 νεφέλαις,
1646 643 1889 718 ὑπαντή-

1992 635 2480 708 luemadmodum
2537 641 2691 701 enim
2742 641 2853 702 ﬁcu
2904 639 3040 699 l‘olia
3090 639 3371 709 habente,
3414 639 3624 701 'statim

234 755 377 790 σωσι
436 737 515 808 τῷ
574 735 765 815 Κυρίῳ,
826 734 961 792 Ἀπὸ
1018 732 1071 789 δὲ
1148 735 1247 801 τῆς
1322 739 1486 801 συκῆς
1567 731 1791 807 μάνθανε
1864 732 1891 785 ὃ

1992 737 2146 787 eslas
2175 728 2461 794 adest.sic
2495 738 2552 790 et
2576 739 2705 809 post
2734 729 3114 790 afﬁictionem
3147 728 3493 791 Antichristi
3516 740 3627 790 sta-

234 822 408 901 λέγω·
481 822 660 903 ὥσπερ
715 826 802 880 καὶ
872 824 969 892 τῆς
1037 828 1200 890 συκῆς
1264 820 1435 901 φύλλα
1502 819 1606 889 ἤδη
1658 820 1892 900 ἐχούσης

1992 815 2081 875 .im
2106 817 2330 897 absque
2360 819 2482 878 ullo
2518 818 2842 879 mediatore
2872 818 3064 880 aderit
3087 819 3302 879 Christi
3316 819 3623 893 adventus,

238 911 391 976 εὒθῦς
455 911 517 968 τὸ
572 912 744 992 θέρος,
803 913 941 970 οὕτω
997 914 1084 970 καὶ
1132 911 1266 987 μετά
1324 912 1422 979 τὴν
1446 909 1622 986 θλίψιν
1647 919 1737 967 τοῦ
1770 912 1894 967 Ἀν-

1992 923 2108 983 quae
2138 923 2201 968 re
2223 924 2360 967 vera
2394 907 2573 985 justis
2601 915 2771 967 aestas
2803 907 3068 987 quzedam
3121 917 3210 968 est
3267 908 3339 968 ab
3392 908 3624 987 hyeme,

234 1001 520 1081 τιχρίστου
578 1001 724 1066 εὗθὺς
781 999 988 1063 οὖδενὸς
1044 998 1489 1075 μεσολαϐοῦντος,
1560 1002 1593 1068 ἡ
1637 1008 1729 1057 τοῦ
1759 1008 1892 1077 Χρι-

1992 995 2394 1070 peccatoribus
2423 1007 2621 1057 autem
2655 996 2858 1075 hyems
2887 996 2961 1056 ab
3002 1004 3226 1057 aestate.
3262 996 3457 1058 Amen
3491 996 3627 1057 dico

242 1098 376 1147 στοῦ
424 1090 702 1169 παρουσία,
771 1088 883 1156 ἥτις
911 1090 1056 1169 θέρος
1100 1097 1177 1165 τῷ
1232 1086 1340 1146 ὄντι
1385 1089 1493 1145 έστὶ
1523 1102 1639 1154 τοῖς
1671 1089 1893 1153 δικαίοις

1992 1082 2145 1141 vobis
2178 1085 2332 1163 quod
2353 1084 2655 1163 generatio
2670 1083 2794 1144 hac
2823 1083 3049 1163 (a),hoc
3070 1093 3158 1144 est
3178 1083 3632 1156 lidelium,Chri-

240 1179 354 1235 ἀπὸ
423 1185 715 1259 χειμῶνος,
771 1192 888 1242 τοῖς
943 1178 1119 1254 μέντοι
1174 1177 1515 1258 ἁμαρτωλοῖς
1549 1180 1759 1258 χειμὼν
1790 1179 1895 1235 ἀπὸ

1992 1169 2275 1233 Lianorum
2324 1172 2592 1254 inquam,
2642 1192 2759 1233 non
2807 1172 3076 1234 transibit
3103 1174 3294 1234 donec
3328 1175 3451 1235 haec
3494 1192 3627 1233 om-

239 1258 447 1346 θέρους.
508 1266 675 1335 Ἀκὴν
718 1268 863 1345 Λέγω
895 1268 1023 1343 ὑμῖν
1066 1265 1209 1335 ὅτιὴ
1253 1268 1409 1345 γεαμεΞι
1439 1266 1597 1340 αὕτη,
1657 1266 1891 1326 τουτέστι

1992 1258 2092 1334 iia,
2131 1260 2203 1321 de
2245 1260 2576 1323 Jerusalem
2622 1272 2677 1323 et
2725 1262 3074 1324 Antichristi
3118 1262 3404 1336 adventu,
3469 1265 3628 1325 ﬁant.

238 1362 354 1412 τῶν
404 1362 628 1436 πιστῶν,
684 1361 789 1413 τῶν
852 1362 1178 1437 Χριστιανῶν
1225 1355 1390 1436 λέγω,
1435 1360 1494 1415 οὐ
1522 1360 1601 1432 μὴ
1631 1356 1888 1435 παρέλθῃ,

1992 1349 2101 1408 don
2134 1350 2293 1410 enim
2319 1361 2480 1411 certe
2508 1350 2955 1429 generationem
2989 1351 3135 1412 dicit
3158 1370 3311 1432 eam,
3349 1370 3479 1431 qum
3525 1352 3635 1412 fuit

242 1445 349 1508 ἕως
419 1452 583 1501 ταῦτα
637 1445 833 1519 πάντα,
883 1446 949 1502 τά
1004 1467 1062 1501 τε
1094 1447 1212 1521 περὶ
1255 1450 1352 1512 τῆς
1406 1435 1773 1525 Ἰερουσαλὴμ,
1806 1448 1892 1503 καὶ

1992 1439 2403 1517 ιρυειυιονυιιις
2427 1441 2569 1520 quin
2588 1459 2704 1499 non
2739 1440 3012 1518 usquead
3047 1447 3629 1503 consummationem

242 1538 346 1601 τῆς
406 1539 498 1589 τοῦ
552 1534 922 1613 Ἀντιχρίστου
979 1533 1231 1598 ἐλεύσεως
1264 1534 1504 1612 γένηται,
1548 1536 1621 1592 Ού
1662 1536 1761 1612 γὰρ
1792 1533 1892 1605 δή-

1992 1526 2183 1586 mundi
2215 1527 2410 1588 vivent
2437 1528 2815 1608 apostolizqui
2837 1547 3031 1609 neque
3055 1548 3239 1609 usque
3257 1529 3329 1590 ad
3360 1546 3632 1591 consum-

246 1644 349 1678 που
421 1622 607 1702 γενεὰν
665 1621 810 1700 λέγει
882 1623 982 1690 τὴν
1055 1628 1161 1679 τῶν
1232 1620 1565 1685 ἀποστόλων,
1599 1623 1746 1680 Ἐπεὶ
1776 1622 1891 1681 οὐδὲ

1992 1615 2300 1676 nationem
2318 1618 2646 1677 Jerusalem
2678 1617 2854 1677 vitam
2891 1617 3158 1697 plerique
3190 1618 3624 1697 produxerunt.

243 1709 376 1790 ἄχρι
432 1716 530 1778 τῆς
562 1710 859 1775 συντελείας
914 1714 1009 1768 τοῦ
1057 1713 1258 1787 κόσμου
1286 1717 1445 1783 ζῶσιν
1485 1714 1535 1767 οἱ
1576 1712 1887 1793 ἀπόστολοι,

1992 1704 2435 1765 ἓεηθῐιεῐὶοηθτη
2468 1706 2669 1785 itaque
2708 1705 3180 1767 Christianorum
3208 1707 3462 1781 dicit,ita
3482 1728 3630 1770 con—

245 1799 371 1878 ο“ἷγε
426 1797 540 1856 οῦδὲ
600 1799 728 1881 ἄχρι
782 1801 882 1869 τῆς
943 1799 1239 1865 συντελείας
1292 1806 1391 1868 τῆς
1449 1793 1799 1878 Ἰερουσαλὴμ
1841 1806 1887 1859 οἱ

1992 1793 2168 1881 εοΙεηε
2194 1793 2598 1873 apostolos,ne
2611 1794 3147 1876 suspicenturquod
3166 1815 3296 1857 cum
3318 1806 3471 1859 tanta
3486 1799 3637 1860 mala

246 1886 487 1951 πλείονες
545 1880 771 1968 ’ἔφθασαν
839 1895 955 1966 ζῇν.
1023 1891 1211 1947 Γενεᾶν
1239 1898 1326 1948 οῦν
1362 1891 1460 1957 τὴν
1510 1889 1613 1945 τῶν
1647 1897 1894 1969 Χριστια.

1992 1880 2143 1958 ﬁant,
2181 1884 2327 1943 forte
2352 1882 2588 1943 deﬁciat
2618 1883 2786 1945 ﬁdes.
2825 1882 3000 1955 Quasi
3033 1885 3278 1960 diceret,
3314 1887 3630 1968 Conﬁdite,

249 1979 356 2035 νῶν
409 1976 580 2056 λέγει,
639 1980 1107 2055 παραμυθούμενος
1167 1982 1287 2045 τοὺς
1347 1978 1698 2044 ἀποστόλους,
1765 1973 1893 2040 ’Ἵνα

1992 1983 2033 2034 et
2071 1973 2230 2035 bono
2259 1975 2457 2035 animo
2490 1984 2675 2038 estote
2703 1994 2717 2038 :
2747 1995 2863 2036 non
2890 1976 3529 2057 prmteribitgeneratio
3554 1978 3631 2040 ﬁ-

250 2067 353 2145 γὰρ
416 2067 494 2141 μὴ
549 2064 884 2122 ὑπολάϐωσιν
926 2066 1038 2123 ὅττι
1066 2068 1329 2124 τοσούτων
1358 2073 1535 2123 κακῶν
1572 2066 1893 2152 γινομένων,

1992 2061 2263 2144 ldelium,
2317 2082 2510 2143 neque
2565 2064 2825 2126 deﬁciet.
2863 2063 3033 2126 Prius
3080 2066 3239 2126 enim
3294 2067 3634 2129 transibunt

253 2155 389 2218 ἴσως
448 2153 681 2231 ἐκλείψει
711 2158 746 2227 ἡ
778 2156 976 2229 πίστις,
1009 2158 1170 2235 φησὶν
1214 2156 1316 2229 ὃτι,
1352 2154 1625 2234 Θαρῤιῖτε,
1664 2160 1724 2213 οὗ
1752 2150 1894 2235 παρέ

1992 2150 2118 2211 Mli
2168 2151 2494 2212 immobilia
2544 2151 2669 2213 hzec
2704 2152 3022 2225 elementa,
3059 2153 3273 2214 caelum
3308 2162 3366 2215 et
3414 2164 3632 2218 terram

253 2242 524 2300 ελεύσεται
577 2246 611 2313 ἦ
663 2246 818 2323 γενεὰ
875 2248 981 2302 τῶν
1034 2251 1259 2321 πιστῶν,
1322 2242 1434 2302 οὐδὲ
1467 2244 1718 2320 ἐκλείψει.
1767 2247 1904 2327 Πρόα-

1992 2241 2324 2319 dico,quam
2359 2241 2476 2301 mei
2508 2259 2816 2302 sermones
2886 2243 2943 2301 in
2968 2241 3085 2302 ullo
3107 2240 3631 2308 intercidant.0m-

254 2355 404 2413 τερον
481 2334 579 2411 γὰρ
652 2332 713 2389 ἄν
764 2334 831 2393 τὰ
854 2333 1079 2401 ἀκίνητα
1112 2342 1277 2390 ταῦτα
1309 2346 1581 2413 στοιχεῖα,
1615 2335 1642 2389 ὃ
1685 2334 1901 2413 οὗρανός

1986 2328 2083 2389 nia
2112 2345 2483 2406 quaecunque
2512 2326 2655 2408 dixi,
2687 2327 3090 2408 perﬁcientur.

257 2444 400 2501 φημι
444 2423 718 2500 καὶήγῆ,
765 2421 1174 2502 παραλεύσεται,
1242 2422 1278 2491 ἢ
1336 2424 1378 2477 oi
1438 2422 1552 2495 ἐμοὶ
1609 2421 1758 2502 λόγοι
1816 2444 1953 2481 κατα
2008 2442 2054 2474 τι
2113 2416 2504 2478 ὃιαπεσοῦνται.
2585 2422 2759 2473 Παντα
2819 2419 2916 2495 γὰρ
2974 2418 3069 2473 ὅσα
3128 2420 3309 2500 εἷπον,
3369 2422 3624 2493 τελεσθή-

259 2530 439 2567 σονται
447 2554 462 2570 ο

346 2621 369 2655 ε
428 2600 550 2678 Περὶ
605 2597 659 2655 δὲ
714 2601 813 2669 τῆς
840 2601 1045 2680 ἡμέρας
1075 2600 1279 2668 ἐκείνης
1309 2602 1397 2657 καὶ
1444 2599 1537 2667 τῆς
1566 2601 1705 2679 ὥρας
1736 2600 1897 2663 οὐδεὶς

259 2688 428 2761 οἶδεν,
487 2686 603 2749 οὖδέ
661 2693 707 2745 οἱ
764 2688 981 2769 ἄγγελοι
1038 2692 1086 2746 οἱ
1139 2689 1194 2747 έν
1254 2690 1475 2768 οὒρανῷ,
1530 2687 1644 2746 οὐδὲ
1675 2693 1701 2746 ἱ.
1758 2692 1899 2759 Υἱὸς,

258 2781 302 2836 εἴ
349 2780 428 2851 μὴ
486 2781 512 2835 6
597 2780 803 2858 Πατήρ,
873 2778 1125 2853 Βλέπετε,
1187 2778 1504 2859 ἀγρυπνεῖτε
1557 2780 1643 2834 καὶ
1672 2780 1905 2859 προσεύ-

259 2870 442 2948 χεσθε,
493 2871 588 2926 οὒκ
643 2865 820 2924 οἲδατε
874 2868 973 2947 γὰρ
1004 2870 1134 2925 πότε
1191 2869 1219 2922 ὁ
1262 2867 1441 2946 καιρός
1471 2867 1634 2927 ἐστιν.
1685 2858 1776 2931 Ὠς
1805 2867 1902 2923 ἀν-

256 2960 466 3034 θρωπος
523 2953 827 3033 ἀπόδημος,
890 2957 1039 3037 ἀφεὶς
1094 2957 1192 3026 τὴν
1251 2956 1418 3013 οἰκίαν
1449 2955 1629 3033 αὐτοῦ,
1660 2958 1747 3013 καὶ
1787 2955 1902 3021 δοὺς

254 3058 374 3109 τοῖς
422 3044 622 3107 δούλοις
680 3045 836 3103 αὐτοῦ
915 3046 1016 3113 τὴν
1098 3043 1353 3124 ἐξουσίαν,
1411 3046 1498 3101 καὶ
1571 3046 1777 3121 ἑκάστῳ
1841 3047 1902 3102 τὸ

260 3133 413 3212 ἔργον
466 3137 646 3207 αὐτοῦ,
719 3136 805 3191 καὶ
862 3139 938 3207 τῷ
990 3138 1203 3213 θυρωρῷ
1268 3132 1585 3207 ἐνετείλατο,
1650 3134 1743 3190 ἵνα
1762 3156 1903 3213 γρη-

258 3226 417 3302 γορῇ,
476 3226 798 3300 Γρηγορεῖτε
869 3221 977 3279 οὖν’
1037 3223 1131 3279 οὐκ
1186 3218 1366 3278 οἴδατε
1421 3222 1521 3300 γὰρ
1550 3222 1678 3278 πότε
1710 3223 1737 3278 6
1792 3231 1961 3297 Ko-c

261 3333 373 3384 ριος
433 3316 531 3378 τῆς
602 3312 765 3377 οἰκίας
818 3310 1054 3393 ἔρχεται,
1129 3313 1254 3388 ὀψὲ,
1323 3310 1359 3378 ἥ
1429 3312 1793 3391 μεσονυκτίου,
1867 3311 1903 3379 ἢ

259 3398 738 3480 ἀλεκτοροφωνίας,
787 3399 823 3468 ἤ
874 3402 1053 3480 ,πρωί’
1114 3402 1193 3477 μὴ
1248 3399 1412 3457 ἐλθὼν
1470 3398 1713 3480 ἐξαίφνης
1780 3397 1903 3479 εὕρῃ

258 3490 396 3566 ὑμᾶς
440 3478 808 3554 καθεύδοντας.
842 3478 939 3547 "AV
957 3486 1012 3545 δὲ
1043 3490 1173 3565 ὑμῖν
1202 3487 1370 3568 λέγω,
1396 3493 1524 3545 πᾶσι
1553 3478 1723 3567 λέγω,
1757 3478 1903 3567 Γρη-

260 3590 493 3659 γορεῖτε.
562 3600 591 3633 ι
656 3576 833 3634 Θέλωθ
889 3580 918 3634 6
978 3578 1165 3656 Κύριος
1210 3576 1441 3636 κωλύσαι
1500 3579 1638 3655 τοὺς·
1664 3579 1903 3653 μαθητὰς

259 3668 369 3724 ἀπὸ
420 3672 512 3724 τοῦ
567 3666 764 3746 ἐρωτᾷν
822 3669 940 3745 περὶ
994 3671 1094 3734 τῆς
1150 3665 1354 3746 ἡμέρας
1411 3665 1616 3733 ἐκείνης
1662 3668 1750 3723 καὶ
1806 3672 1903 3734 τῆς

258 3755 425 3836 ὥρας,
493 3756 650 3834 φησὶν
737 3754 817 3811 ὅτι
876 3752 991 3812 οὐδὲ
1020 3757 1068 3812 οἱ
1098 3753 1340 3835 ἄγγελοι,
1375 3752 1492 3812 οὐδὲ
1523 3756 1551 3812 6
1583 3755 1701 3819 Υἱὸς
1732 3753 1902 3817 οἶδεν.

264 3846 320 3903 Εἰ
376 3846 474 3924 γὰρ
531 3844 688 3901 εἶπεν
758 3842 839 3900 ὅτι
869 3843 1008 3902 Οἶδα
1036 3844 1159 3920 μὲν,
1193 3846 1253 3901 οὐ
1280 3842 1417 3900 θέλω
1441 3841 1495 3899 δὲ
1524 3845 1653 3919 ὑμῖν
1702 3844 1904 3902 ἀποκα-

259 3934 453 4015 λύψαι,
506 3932 768 4001 ἐλύπησεν
820 3931 880 3991 ἄν
939 3933 1146 3997 αὐτούς.
1216 3938 1319 3991 Νῦν
1374 3930 1429 3989 δὲ
1460 3933 1757 4013 σοφώτερον
1800 3957 1902 4011 με·

260 4024 639 4102 ταχειρίζεται,
693 4024 781 4080 καὶ
836 4022 1073 4101 ἀπείργει
1131 4021 1315 4087 αὐτοὺς
1376 4020 1515 4086 ὅλως
1572 4028 1665 4079 τοῦ
1720 4029 1906 4094 ζητεῖν

263 4116 453 4189 μαθεῖν
504 4112 592 4169 καὶ
635 4110 883 4191 ὶνοχλεῖν
916 4115 1083 4187 αὐτῷ,
1129 4110 1185 4167 ἐν
1226 4117 1305 4186 τῷ
1334 4112 1529 4183 εἰπεῖν,
1561 4109 1667 4191 ὅτι,
1699 4109 1829 4168 Οὔτε
1860 4115 1906 4169 οἱ

262 4198 503 4279 άγγελοι,
564 4199 681 4257 οὔτε
739 4199 846 4279 ἐγὼ
911 4198 1057 4260 οἶδα.
1133 4197 1268 4256 Ἀπὸ
1318 4198 1403 4279 δὲ
1482 4196 1905 4277 παραδείγματός

2068 2594 2241 2658 Vens.
2280 2593 2495 2657 32-37.
2534 2618 2560 2649 α
2583 2596 2872 2656 Caeterum
2906 2595 2980 2656 de
3012 2596 3109 2656 die
3136 2596 3235 2656 illo
3266 2615 3335 2658 ac
3366 2609 3633 2678 tempore

1989 2702 2164 2745 nemo
2198 2682 2462 2751 novit,ne
2488 2681 2682 2760 angeli
2712 2683 2951 2762 quidem
2972 2683 3071 2764 qui
3103 2684 3159 2744 in
3184 2684 3331 2745 ccelo
3354 2696 3631 2766 sunt,nec

1988 2773 2114 2854 ipse
2141 2772 2459 2846 Filius,sed
2481 2772 2644 2832 solus
2672 2770 3345 2851 Pater.Cavete,vigilate
3369 2789 3427 2835 et
3444 2786 3626 2838 orate:

1992 2861 2233 2923 nescitis
2264 2860 2422 2922 enim
2452 2861 2687 2940 quando
2720 2871 2949 2941 tempus
2976 2861 3050 2922 sit
3082 2883 3095 2920 :
3150 2866 3303 2923 sicut
3333 2864 3508 2925 homo
3531 2867 3631 2946 qui

1992 2969 2237 3031 peregre
2269 2948 2387 3028 agit
2414 2948 2621 3010 relicta
2645 2948 2823 3010 domo
2856 2969 2981 3024 sua,
2999 2949 3285 3030 deditque
3305 2954 3491 3013 servis
3508 2954 3632 3015 suis

1988 3038 2377 3101 substantiam
2408 3056 2673 3112 suam,ac
2704 3056 2876 3099 suum
2897 3038 3108 3118 cuique
3132 3049 3377 3119 opus,et‘
3390 3042 3633 3120 janitori

1988 3127 2287 3190 mandavit
2316 3136 2376 3187 ut
2406 3126 2957 3206 vigilaret.Vigilate
2980 3126 3179 3203 igitur:
3208 3129 3449 3189 nescitis
3469 3130 3628 3191 enim

1985 3218 2222 3298 quando
2252 3215 2540 3277 Dominus
2569 3214 2745 3276 domo
2777 3225 3060 3278 venturus
3086 3215 3181 3293 sit,
3214 3235 3371 3293 sero,
3397 3236 3471 3279 an
3498 3238 3627 3281 me-

1986 3305 2082 3367 dio
2116 3305 2329 3384 noctis,
2358 3322 2433 3364 an
2464 3303 2523 3364 in
2554 3302 2880 3381 gallicinio,
2913 3322 2988 3364 an
3008 3304 3269 3366 diluculo
3302 3326 3317 3366 :
3346 3325 3421 3368 ne
3450 3309 3498 3368 si
3525 3327 3628 3369 ve-

1987 3396 2143 3455 nerit
2172 3400 2439 3474 repente,
2484 3392 2744 3453 olfendat
2780 3410 2881 3453 vos
2913 3392 3296 3459 dormientes.
3340 3394 3630 3458 Caeterum

1986 3502 2117 3562 quae
2160 3482 2292 3546 dico
2327 3481 2519 3555 vobis,
2555 3480 2836 3543 omnibus
2862 3480 3021 3558 ilico,
3051 3479 3325 3561 Vigilate.
3351 3510 3372 3537 υ
3414 3482 3632 3547 Volens

1986 3570 2274 3631 Dominus
2295 3568 2675 3650 discipulosa
2691 3568 2810 3629 diei
2840 3578 2897 3629 et
2927 3570 3088 3630 horae
3118 3569 3279 3632 illius
3309 3571 3633 3652 interroga-

1990 3659 2150 3722 tione
2163 3658 2618 3735 cohibere,dicit
2635 3658 2789 3739 quod
2808 3676 3001 3738 neque
3012 3659 3207 3739 angeli
3236 3676 3432 3741 neque
3448 3661 3632 3723 Filius

1988 3746 2267 3811 sciant.Si
2297 3748 2455 3808 enim
2477 3748 2880 3820 dixisset,Scio
2901 3746 3282 3828 quidem,sed
3315 3753 3448 3810 nolo
3469 3750 3633 3811 vobis

1988 3839 2274 3920 revelare,
2300 3857 2555 3900 maerore
2585 3838 2721 3899 illos
2747 3838 3063 3901 aﬁ'ecisset:
3092 3855 3248 3902 nunc
3275 3849 3470 3901 autem
3495 3858 3633 3921 pru-

1988 3930 2200 3991 denter
2228 3946 2354 3989 rem
2384 3928 2593 4007 agit,et
2620 3947 2723 3989 eos
2739 3927 2983 3989 omnino
3006 3927 3282 4008 prohibet
3304 3948 3379 3990 ne
3400 3930 3634 3992 discere

1988 4019 2265 4081 atlectent
2313 4035 2382 4078 ac
2428 4016 2659 4078 molesti
2718 4016 2860 4097 sint,
2894 4016 3141 4079 dicens:
3178 4018 3385 4099 Neque
3434 4019 3633 4098 angeli

1987 4107 2405 4187 sciunt,neque
2423 4124 2553 4186 ego.
2565 4106 2651 4169 Ab
2665 4105 2941 4185 exemplo
2955 4115 3151 4166 autem
3171 4106 3463 4186 intelligas
3474 4109 3632 4190 quod

1993 4195 2230 4256 dicitur.
2264 4199 2433 4276 Saepe
2492 4194 2735 4276 pueruli
2771 4192 2971 4255 vident
3019 4204 3217 4274 patres
3253 4213 3392 4257 suos
3426 4206 3633 4258 tenere

260 4276 401 4353 τινος
458 4290 667 4360 νοήσεις
713 4276 789 4346 το
831 4286 1143 4369 λεγόμενον,
1204 4276 1466 4352 Πολλάκις
1508 4285 1688 4344 παιδία
1720 4276 1906 4368 ίμικρᾶ

1995 4283 2276 4366 quiddam
2314 4285 2375 4345 in
2404 4282 2701 4357 manibus,
2736 4290 2794 4344 et
2822 4283 2935 4345 hoc
2985 4291 3216 4364 petunt,
3254 4283 3635 4366 patribusque

261 4378 512 4456 βλέπωσι
566 4381 688 4443 τοὺς
736 4377 970 4458 πατέρας
1021 4377 1195 4435 αὐτῶν
1257 4375 1575 4448 κρατοῦντας
1605 4398 1655 4433 τι
1705 4375 1759 4434 ἐι
1788 4390 1911 4442 ταῖς

262 4469 438 4548 χερσὶ,
508 4470 597 4525 καὶ
652 4473 869 4538 ζητοῦσι
927 4473 1108 4530 τοῦτο.
1167 4469 1227 4525 Οἱ
1257 4464 1566 4547 δὲ⁴πατέρες
1595 4470 1655 4524 οὗ
1684 4464 1908 4542 βούλον-

258 4579 346 4614 ται
398 4554 594 4619 δοῦναι.
655 4557 731 4614 Τὰ
790 4554 845 4612 δὲ
898 4556 1363 4634 κλαυθμυρίζονται
1407 4556 1481 4619 ὡς
1542 4554 1619 4629 μὴ
1691 4552 1907 4630 λαμϐά-

265 4668 443 4721 νοντα,
503 4644 809 4703 τιλευταῖον
879 4644 1057 4722 μέντοι
1156 4648 1203 4702 οἱ
1299 4643 1526 4725 πατέρες
1585 4643 1905 4723 κρύπτουσιν

265 4736 465 4807 έκεῖνο,
525 4733 559 4791 δ’
598 4740 872 4811 κρατοῦσι,
932 4737 1021 4791 καὶ
1097 4733 1474 4794 έπίδεικνὺντες
1532 4733 1629 4797 τὰς
1712 4747 1904 4814 χεῖρας

262 4824 417 4884 κενὰς
479 4835 597 4888 τοῖς
640 4821 886 4897 παιδίοις,
960 4827 1174 4881 ἱστῶσιν
1236 4823 1367 4881 αὐτὰ
1458 4828 1546 4878 τοῦ
1611 4820 1899 4898 κλαυθμοῦ.

263 4912 416 4971 Οὕτω
466 4914 554 4969 καὶ
604 4914 632 4969 6
704 4913 912 4993 Κύριος,
973 4915 1045 4979 ὡς
1100 4911 1327 4978 παιδίοις
1415 4925 1531 4976 τοῖς
1588 4910 1908 4977 ἀποστόλοις

261 5002 710 5083 προσφερόμενος,
763 5001 1033 5081 ἀπέκρυψε
1110 5005 1211 5072 τὴν
1268 5002 1493 5081 ἡμέραν.
1553 5001 1614 5058 Et
1669 5000 1768 5079 γὰρ
1818 5004 1909 5059 εἷ-

262 5113 387 5168 πεν,
418 5089 497 5147 ὅτι
528 5089 687 5164 Οῖδα,
718 5092 778 5148 οὗ
804 5090 949 5171 λέγω
972 5089 1052 5167 δὲ,
1082 5093 1411 5160 τηνιάσθησαν
1442 5089 1529 5172 ἄν,
1571 5090 1645 5153 ὣς
1679 5090 1756 5164 μὴ
1782 5088 1908 5170 παρ’

263 5184 421 5241 αὺτοῦ
481 5181 855 5258 μανθάνοντες.
930 5180 1055 5239 ’Ὅτι
1114 5179 1168 5238 δὲ
1224 5181 1475 5261 γινώσκει
1519 5181 1548 5236 6
1578 5178 1762 5258 Κύριος
1808 5180 1909 5247 τὴν

262 5269 465 5348 ἡμέραν
520 5273 608 5327 καὶ
675 5271 774 5339 τὴν
830 5267 995 5350 ὥραν,
1054 5269 1344 5352 πρόδηλον.
1404 5270 1569 5333 Αὐτὸς
1618 5268 1718 5346 γὰρ
1788 5269 1910 5333 τοὺς

262 5359 456 5425 αἰῶνας
510 5357 782 5427 ἐποίησεν·
851 5357 880 5415 ὅ
930 5359 1017 5415 οῦν
1069 5358 1312 5435 εποίησε,
1372 5364 1487 5423 πῶς
1519 5356 1578 5415 οὔ
1608 5352 1908 5439 γινώσκει,

266 5444 431 5505 Ἀλλά
486 5444 552 5516 δη
599 5449 687 5506 καὶ
744 5469 1117 5530 συμφεροντως
1175 5447 1474 5529 ἀπέκρυψεν
1532 5448 1560 5503 6
1608 5445 1737 5508 Θεὸς
1811 5447 1908 5515 τὴν

1994 4376 2136 4436 dare
2189 4372 2555 4448 nolentibus,
2620 4372 2854 4456 plorant
2910 4373 3068 4452 quod
3128 4391 3243 4432 non
3283 4373 3627 4454 accipiunt:

1993 4463 2249 4544 denique
2297 4470 2494 4543 patres
2553 4460 2851 4522 occultant
2899 4459 3044 4521 illud
3095 4460 3254 4540 quod
3310 4468 3535 4539 tenent,
3581 4473 3638 4525 et

1991 4551 2371 4631 ostendentes
2396 4568 2604 4611 manus
2635 4566 2846 4611 vacuas
2876 4547 3100 4629 pueris,
3137 4548 3337 4610 ﬂetum
3394 4549 3632 4612 illorum

1989 4641 2226 4704 sistunt.
2260 4637 2359 4701 Sic
2418 4648 2477 4702 et
2520 4637 2810 4700 Dominus
2865 4637 3034 4719 quasi
3092 4656 3310 4718 pueros
3338 4641 3636 4721 apostolos

1988 4727 2637 4811 alloquens,occultavit
2653 4726 2995 4791 diem.Nam
3012 4725 3063 4787 si
3080 4727 3636 4809 dixisset,Scio,non

1987 4820 2121 4880 dico
2148 4816 2770 4891 autem,indoluissent
2801 4816 2957 4895 quod
2969 4814 3043 4876 ab
3057 4814 3158 4877 illo
3175 4834 3291 4877 non
3308 4817 3631 4880 discerent.

1993 4907 2158 4981 Quod
2191 4916 2386 4969 autem
2440 4906 2729 4968 Dominus
2759 4904 2997 4967 sciverit
3028 4912 3087 4966 et
3135 4905 3293 4968 diem
3318 4917 3375 4969 et
3402 4908 3633 4981 horam,

1994 4995 2508 5073 manifestum,qui
2534 4994 2734 5056 saeculi
2764 4992 3048 5058 Conditor
3077 5004 3187 5057 est.
3217 4993 3289 5057 Et
3320 5014 3434 5077 quo
3466 5005 3637 5076 pacto

1993 5085 2148 5167 quod
2178 5084 2319 5146 fecit
2343 5083 2634 5146 nesciret?
2659 5082 2881 5145 Verum
2905 5083 3127 5147 utiliter
3153 5085 3461 5147 abscondit
3481 5084 3637 5147 Deus

1993 5172 2561 5237 consummationem
2596 5173 2747 5248 vitae,
2767 5173 2892 5236 sive
2923 5176 3191 5234 omnium
3222 5173 3280 5235 in
3304 5175 3632 5257 communi,

1993 5264 2116 5325 sive
2149 5262 2613 5343 uniuscujusque
2638 5261 2699 5322 in
2732 5261 3041 5342 singulari,
3075 5271 3139 5324 ut
3186 5262 3328 5325 dum
3372 5263 3639 5327 incertus

1994 5360 2084 5416 est
2105 5354 2507 5432 ﬁnis,semper
2535 5350 2771 5414 solliciti
2796 5352 2983 5415 simus
3010 5369 3078 5412 ac
3107 5353 3639 5434 anxii,exspectan-

1999 5452 2084 5505 tes
2114 5442 2367 5517 illum,et
2392 5440 2669 5503 timentes
2692 5459 2766 5503 ne
2786 5441 2863 5501 im
2873 5441 3214 5522 praeparatis
3236 5443 3634 5523 superveniat.

348 5588 787 5707 {0).Edit..Lut.
820 5592 979 5685 Quid
1001 5598 1288 5707 glerque
1320 5588 2365 5707 nemusque-nd,consummationem
2419 5602 2752 5663 Jerusalem
2815 5602 3095 5662 vixerunt
3132 5622 3149 5661 :
3182 5602 3471 5681 quomodo
3498 5622 3640 5684 ergo

265 5689 345 5749 ad
357 5680 958 5751 consummationem
990 5680 1205 5752 {nandi
1224 5680 1583 5771 ἶ)ήίἰῆᾕὸίό
1610 5680 1961 5751 άὶῠιτεηὶιιν
1980 5691 2008 5749 7
