4154 6298
506 262 625 325 643

1484 260 2084 326 THEOPHYLACTI
2130 250 2543 322 BULGARIE
2584 256 2934 321 ARCHIEP.

3776 260 3893 324 644

512 396 974 459 Consideremus
1006 404 1203 460 autem
1259 397 1457 461 verba.
1490 396 1684 459 Tarde
1741 396 1976 476 quidem
2022 404 2147 455 tunc

2242 389 2542 447 συντέλειαν
2594 401 2684 449 τοῦ
2748 391 2883 467 βίου,
2941 392 3052 448 εἴτε
3109 393 3208 459 τὴν
3262 392 3570 474 καθολικὴν,
3630 394 3743 450 εἴτε
3792 397 3892 463 τῆν

507 485 672 546 adest
695 486 852 560 linis,
876 487 1113 566 quando
1144 487 1277 568 quis
1320 487 1379 548 in
1432 487 1587 548 bona
1615 495 1856 547 senecta
1886 486 2156 545 moritur-

505 574 701 637 Media
715 583 913 636 autem
937 586 1272 650 nocte,cum
1301 577 1557 639 mediam
1577 584 1811 640 zetatem
1841 573 2156 655 peregerit.

506 660 568 723 In
590 662 889 740 gallicinio
910 665 1378 746 autemquando
1409 665 1469 726 in
1501 664 1671 726 nobis
1694 664 1844 725 ratio
1865 663 2160 743 completa

504 750 699 814 fuerit.
734 751 935 815 Gallus
965 754 1123 816 enim
1157 758 1309 815 ratio
1355 764 1465 823 est,
1511 772 1640 833 qua;
1697 772 1801 813 nos
1859 772 1893 813 a
1950 771 2155 812 somno

507 841 809 916 excitat,et
833 850 1134 923 stuporem
1165 841 1575 923 repellit.Cum
1597 842 1933 921 igiturpuer
1959 842 2162 920 incipit

498 930 665 1010 juxta
689 931 979 994 rationem
997 932 1196 994 vivere
1223 944 1278 994 et
1300 941 1682 1013 sapere,tunc
1697 931 1888 1009 gallus
1907 930 1961 991 ei
1979 931 2157 992 canit.

507 1020 840 1081 Diluculum
872 1028 1069 1083 autem
1094 1021 1337 1083 omnino
1358 1021 1604 1100 puerilis
1630 1030 1769 1081 tetas
1798 1028 1908 1081 est.
1935 1022 2159 1081 Omnes

504 1108 683 1185 igitur
714 1108 890 1168 ﬁnem
926 1110 985 1169 in
1022 1111 1308 1171 memoria
1342 1109 1566 1170 habere
1615 1117 1891 1187 oportet:
1928 1106 2158 1167 etiamsi

507 1196 639 1276 quis
671 1215 820 1276 puer
848 1197 1382 1278 sit,providendum
1417 1218 1490 1258 ne
1511 1197 1657 1258 forte
1689 1216 1805 1257 non
1831 1194 2158 1274 baptizatus

506 1286 811 1348 moriatur.
837 1284 1131 1348 Omnibus
1161 1298 1354 1349 autem
1390 1287 1514 1347 hzec
1544 1284 1816 1366 praecipit
1847 1282 2152 1364 Dominus,

504 1384 560 1437 et
591 1375 683 1435 his
715 1374 816 1455 qui
869 1376 928 1435 in
980 1375 1200 1437 mundo
1248 1375 1474 1448 vivunt,
1508 1384 1565 1435 et
1597 1376 1687 1436 bis
1738 1372 1837 1453 qui
1881 1391 2155 1435 secesse-

502 1462 971 1535 runt.Debemus
1001 1464 1181 1543 igitur
1204 1464 1442 1543 vigilare
1474 1472 1533 1525 et
1557 1460 2015 1543 orare.Utraque
2032 1464 2156 1524 haec

508 1553 848 1614 necessaria
878 1561 1033 1614 sunt.
1085 1553 1249 1614 Multi
1288 1554 1444 1614 enim
1492 1552 1745 1628 vigilant.
1784 1551 1885 1613 sed
1922 1560 2153 1614 noctem

503 1643 656 1703 male
681 1642 1179 1703 absumuntJ‘ide
1208 1651 1406 1703 autem
1440 1641 1738 1721 quomodo
1765 1660 1880 1702 non
1911 1640 2150 1704 dixerit:

2246 481 2359 544 ἑνὸς
2432 480 2677 557 ἑκάστου,
2747 480 2840 536 ἵνα
2899 482 2973 545 ὡς
3029 480 3226 553 ἀδήλου
3256 482 3406 547 ὄντος
3449 493 3541 542 τοῦ
3568 482 3779 561 τέλους,
3812 486 3891 540 ἀεὶ

2243 570 2645 649 ἀγωνιζώμεθα,
2741 569 3134 649 προσδοκῶντες
3223 571 3351 629 αὐτὸ
3416 574 3505 629 καὶ
3573 571 3892 655 φοϐ·ύμενοι

2243 660 2322 735 μὴ
2378 660 2676 736 ἀνετοίμοις
2736 658 2953 737 ἐπιστῇ.
3027 661 3143 738 (84)
3191 662 3563 739 Σκοπήσωμεν
3589 662 3644 719 δὲ
3679 665 3894 728 καὶτὰς

2242 747 2432 823 λέξεις,
2510 749 2621 824 Οψὲ
2646 750 2745 825 μὶν
2802 748 3072 829 ἐφίσταται
3103 751 3163 807 τὸ
3191 750 3369 825 τέλος,
3430 751 3556 810 ὅταν
3588 775 3671 818 τις
3715 754 3894 833 γηρά-

2244 859 2339 901 σας
2413 839 2675 915 ἀποθάνῃ.
2749 840 3100 897 Μεσονυκτίου
3142 839 3219 917 δὲ,
3280 840 3406 898 ὅταν
3436 864 3515 905 τις
3546 842 3721 917 μέσης
3761 841 3891 911 ἡλιο

2242 927 2358 990 κίας
2418 927 2533 994 εἴη.
2608 927 3088 1008 Ἀλεκτοροφωνίας
3133 927 3187 986 δί
3217 929 3345 987 ’ὃταν
3378 934 3405 987 6
3449 930 3606 1011 λόγος
3635 933 3693 988 ἓν
3756 934 3893 1008 ἡμῖν

2244 1016 2630 1097 συμπληρωθῇ.
2719 1016 2985 1098 Ἀλέκτωρ
3052 1020 3151 1098 γὰρ
3235 1021 3263 1076 6
3331 1019 3511 1099 λόγος,
3675 1021 3893 1101 ἐγείρων

2239 1107 2381 1181 ἡμᾶς
2455 1108 2561 1164 ἀπὸ
2615 1109 2735 1181 τοῦ-
2774 1107 2938 1168 ὕπνου
3005 1114 3105 1177 τῆς
3164 1111 3531 1178 ἀναισθησίας,
3571 1100 3747 1170 υΟταν
3792 1100 3894 1170 οὖν

2242 1193 2459 1273 ἄρξηται
2517 1197 2654 1253 κατά
2698 1195 2858 1275 λόγον
2918 1203 3013 1275 ζῇν
3070 1202 3097 1255 ὁ
3148 1212 3282 1265 παῖς
3325 1201 3412 1256 καὶ
3438 1214 3678 1279 φρονεῖν,
3707 1201 3829 1259 τότε
3858 1203 3887 1256 6

2240 1284 2478 1358 ἀλέκτωρ
2540 1286 2595 1342 ἐν
2652 1289 2794 1360 αὐτῷ
2846 1308 3030 1365 φωνει.
3112 1290 3298 1367 Πρωία
3371 1286 3450 1369 δὲ,
3524 1292 3559 1358 ἡ
3614 1288 3892 1355 παντελῶς

2240 1371 2461 1442 παιδικὴ
2490 1372 2694 1443 ἡλικία.
2732 1384 2830 1432 Δεῖ
2856 1375 2949 1431 οὖν
3001 1377 3204 1442 πάντας
3260 1381 3596 1457 προνοεῖσθαι
3651 1386 3747 1437 τοῦ
3797 1378 3891 1436 τέ-

2240 1464 2388 1527 λους.
2451 1462 2559 1522 Κᾶν
2611 1466 2711 1543 γάρ
2764 1463 2971 1523 παιδίον
3026 1464 3144 1542 εἴη,
3208 1468 3533 1547 προνοητέον
3562 1468 3651 1525 καὶ
3680 1470 3891 1545 τούτου,

2238 1553 2439 1626 μήπως
2466 1551 2791 1611 ἀϐάπτιστον
2832 1553 3074 1618 ἀπέλθοι.
3135 1562 3270 1612 Πᾶσι
3310 1555 3364 1612 δὲ
3394 1563 3557 1614 ταῦτα
3583 1557 3893 1637 παραγγέλ-

2237 1640 2318 1697 λει
2352 1643 2379 1697 6
2426 1642 2632 1721 Κύριος,
2668 1645 2757 1700 καὶ
2797 1657 2921 1712 τοῖς
2973 1644 3414 1726 κοσμικωτέροις,
3480 1647 3565 1703 καὶ
3594 1660 3713 1711 τοῖς
3755 1647 3891 1705 ἀνα-

500 1731 715 1795 Nescio
749 1731 905 1792 enim
929 1730 1161 1808 quando
1196 1741 1430 1811 tempus
1453 1739 1543 1792 est
1595 1729 2007 1805 sed,Nescitis.
2034 1733 2147 1794 Oc-

2239 1744 2545 1811 χωρηταῖς.
2614 1732 2928 1813 Ὀφείλομεν
2984 1734 3074 1795 οὖν
3159 1748 3449 1813 γρηγορεῖν
3519 1737 3604 1791 καὶ
3662 1739 3891 1816 προσεύ-

500 1820 740 1882 cultavit
769 1819 927 1881 enim
961 1821 1100 1880 246
1134 1830 1390 1881 nostram
1438 1820 1512 1880 ob
1548 1820 1883 1881 utilitatem.
1924 1817 2066 1880 Nam
2100 1819 2147 1880 si

2233 1825 2422 1900 χεσθαι
2506 1818 2669 1900 ἄμφω
2724 1830 2912 1886 ταῦτα.
2993 1822 3189 1882 Πολλοὶ
3257 1825 3357 1904 γὰρ
3426 1833 3742 1904 γρηγοροῦσι
3793 1827 3894 1902 μὲν

500 1909 680 1985 nunc,
711 1928 843 1969 cum
875 1917 963 1970 est
995 1910 1127 1970 ﬁnis
1170 1909 1377 1971 mundi
1412 1911 1698 1980 incertus,
1737 1907 1955 1968 mutuis
2004 1908 2147 1969 odiis

2236 1909 2355 1966 ἀλλ’
2413 1913 2487 1974 εἰς
2528 1912 2739 1989 πονηρά
2792 1912 2886 1977 τὰς
2951 1913 3141 1977 νύκτας
3213 1911 3611 1979 ἀναλίσκοντες,
3682 1924 3791 1993 Ορα
3836 1912 3890 1970 δί

502 1999 849 2073 insanimus,
876 1998 1014 2078 quid
1041 2018 1157 2059 non
1191 1998 1523 2059 faceremus
1554 2000 1814 2060 scientes
1848 1997 2058 2058 ﬁnem?
2090 1997 2147 2058 In

2239 2007 2354 2063 πῶς
2400 2000 2494 2057 οὒκ
2542 2004 2721 2083 εἶπεν,
2777 2000 2884 2082 ὅτι,
2946 2004 3051 2060 Οὐκ
3093 2000 3221 2061 οἶδα
3258 2003 3387 2061 πότε
3418 2006 3447 2059 6
3489 2004 3668 2084 καιρός
3723 2005 3889 2086 ἐστιν,

499 2097 819 2148 extremam
838 2106 981 2147 sane
998 2087 1273 2148 malitiam
1300 2088 1736 2148 insumeremus
1758 2095 1988 2167 tempus
2000 2086 2147 2168 quod

2241 2087 2360 2145 ἀλλ’
2420 2091 2526 2146 Οὑκ
2583 2089 2787 2149 οἴδατε.
2850 2093 2947 2149 Διὰ
3003 2092 3103 2170 γὰρ
3161 2093 3223 2147 τὸ
3279 2093 3433 2167 ἡμῶν
3485 2092 3750 2173 συμφέρον
3791 2094 3891 2151 ἀπ-

501 2176 631 2237 vitze
666 2177 842 2237 ﬁnem
878 2176 1265 2255 praecederet,
1298 2177 1515 2236 deinde
1557 2176 1762 2236 ultimo
1795 2177 1892 2236 die
1924 2195 2147 2238 summa

2241 2179 2490 2258 έκρυψεν.
2555 2182 2610 2237 Ei
2654 2181 2754 2259 γὰρ
2786 2182 2875 2237 καὶ
2932 2188 3019 2237 νῦν
3074 2179 3273 2252 ἀδήλου
3341 2191 3433 2241 τοῦ
3486 2181 3673 2248 τέλους
3712 2181 3885 2255 ὄντος,

498 2284 633 2327 cum
654 2266 885 2345 jactura
920 2265 1327 2345 paenitentiam
1351 2282 1687 2345 ageremus.

2235 2269 2354 2325 κατ’
2405 2268 2657 2339 ἀλλήλων
2714 2271 3034 2350 μαινόμεθα,
3109 2272 3159 2328 τί
3233 2273 3327 2328 οὑκ
3385 2271 3448 2328 ἂν
3501 2275 3783 2350 ἑποιοῦμεν
3837 2283 3881 2337 εἰ

498 2356 855 2433 ἐγινώσκομεν
903 2358 964 2411 τὸ
996 2355 1201 2435 τέλοςς
1260 2358 1342 2419 Εἰς
1396 2356 1640 2434 ἓσχάτην
1698 2357 1797 2433 γὰρ
1854 2358 2044 2412 κακίαν
2095 2358 2187 2412 τὸν
2230 2360 2331 2437 πρὸ
2362 2364 2460 2426 τῆς
2516 2357 2768 2426 τελευτῆς
2812 2362 2995 2439 καιρὸν
3047 2359 3402 2438 ἀνηλὶσκομεν
3446 2360 3529 2442 ἂν,
3588 2366 3706 2420 εἶτα
3779 2370 3877 2441 μιᾷ

497 2444 671 2522 ἡμέρᾳ
702 2445 980 2519 μετάνοιαν
1024 2443 1428 2519 ἐνδεικνύμενοι,
1464 2442 1831 2519 ἐϐλαπεόμεθα
1878 2445 1938 2500 ἂν
1970 2448 2032 2501 τὰ
2069 2448 2336 2525 χείριστα.

1140 2532 1379 2597 CAPUT
1420 2532 1572 2596 XIV.

2870 2545 3123 2601 ΚΕΦΛΔ.
3155 2539 3269 2602 IA’.

497 2626 586 2689 De
598 2628 880 2711 _muliere
905 2625 1161 2711 Domini
1188 2628 1689 2711 ρεᾴεεμηθεηιειτ
1729 2629 1813 2687 De
1834 2626 2146 2711 Easchate.

2233 2630 2508 2711 “Epiri;
2570 2629 2872 2706 ἀλειψάσης
2928 2633 3020 2687 τὸν
3093 2632 3279 2711 Κύριον
3336 2633 3505 2711 μύρῳ.
3600 2636 3724 2711 Περὶ
3795 2642 3889 2692 τοῦ

587 2706 678 2791 De
706 2707 1028 2791 traditione
1058 2708 1321 2791 Christi.
1364 2706 1450 2768 Dc
1480 2709 1800 2791 negatione
1830 2706 2023 2791 Petri.
2059 2708 2147 2769 De

2312 2709 2549 2791 Πάσχα,
2613 2713 2736 2790 Περὶ
2832 2711 2929 2779 τῆς
3026 2717 3119 2767 τοῦ
3169 2706 3464 2790 ’Χριστοῦί
3512 2706 3893 2791 παραδόσεως,

585 2787 885 2871 impositis
916 2786 1159 2849 Christo
1209 2805 1408 2850 comm
1459 2789 1739 2867 principe
1768 2787 2144 2849 sacerdotum

2313 2786 2588 2869 ΠερὶΠτῆς
2662 2786 2933 2871 ἀρνήσεως
3014 2793 3106 2847 τοῦ
3185 2786 3410 2870 Πέτρου.
3471 2786 3602 2871 Περῖ
3645 2798 3749 2851 τῶν
3807 2800 3886 2867 τῷ

582 2867 938 2929 calumniis.

2314 2867 2485 2951 Κυρίῳ
2513 2871 2656 2949 παρά
2682 2867 2762 2944 τῷ
2791 2870 3038 2951 ἀρχιερεῖ
3065 2867 3402 2929 ἐπιτεθεισῶν
3430 2867 3638 2934 αἰτιῶν,

576 2959 758 3023 Vens.
775 2959 1092 3023 l-5.«Erat
1113 2969 1308 3022 autem
1334 2962 1635 3031 l'aschaget
1660 2979 1995 3042 azymorum
2020 2960 2147 3022 dies

2314 2943 2411 3020 Ἠν
2461 2943 2525 3019 νδέ
2567 2943 2629 3020 τὸ
2671 2943 3000 3045 Πάσχξάνκάὶ
3055 2964 3122 3019 τὰ
3150 2960 3345 3039 ἄζυμα,
3376 2965 3511 3040 μετά
3536 2961 3626 3021 δύο
3654 2964 3878 3043 ἡμέρας.

497 3051 675 3112 futuri
710 3058 839 3130 post
870 3049 1112 3111 biduum
1145 3049 1215 3111 Et
1250 3050 1593 3131 quaerebant
1624 3053 1836 3113 summi
1869 3050 2150 3112 sacerdo-

493 3149 583 3204 tes
598 3158 666 3201 ac
685 3138 909 3202 Scriba:
929 3140 1226 3219 quomodo
1252 3158 1386 3201 eum
1412 3159 1519 3220 per
1540 3140 1739 3201 dolum
1762 3140 2153 3220 comprehen-

494 3248 627 3291 sum
659 3226 1321 3290 occiderent.Dicebant
1350 3238 1547 3290 autem
1577 3248 1590 3292 :
1618 3231 1746 3292 Non
1767 3229 1826 3290 in
1857 3230 1955 3291 die
1973 3229 2149 3309 festo,

504 3337 581 3380 ne
608 3316 893 3378 tumultus
917 3318 1018 3378 fiat
1050 3318 1275 3397 pepuli.
1310 3319 1381 3379 Et
1410 3336 1543 3378 cum
1576 3329 1731 3380 esset
1760 3318 2059 3379 Bethania;
2087 3318 2147 3379 in

503 3406 949 3469 domoSimonis
980 3405 1618 3485 leprosi,accumbente
1642 3425 1735 3481 eo,
1760 3407 1920 3468 venit
1940 3407 2151 3471 mulier

497 3495 725 3557 habens
744 3493 1097 3555 alabastrum
1116 3495 1399 3573 unguenti
1424 3495 1590 3555 nardi
1611 3496 1834 3575 pisticae
1853 3498 2145 3576 pretiosae;

496 3595 556 3647 et
603 3584 970 3646 comminuto
1000 3583 1295 3646 alabastro
1330 3585 1534 3645 eﬂ‘udit
1562 3584 1647 3645 illi
1672 3585 1726 3644 in
1758 3596 1950 3665 caput.
1972 3584 2152 3655 Erant

493 3680 689 3735 autem
746 3672 987 3752 quidam
1048 3672 1147 3753 qui
1197 3673 1653 3751 indignarentur
1699 3676 1850 3752 apud
1893 3692 2049 3754 sese,
2083 3693 2152 3735 ac

490 3762 779 3823 dicerent:
809 3762 901 3822 Ad
929 3762 1069 3841 quid
1104 3762 1357 3841 perditio
1392 3764 1515 3823 haec
1546 3762 1867 3839 unguenti?
1893 3782 2025 3824 nam
2052 3784 2149 3843 p0-

490 3860 643 3913 terat
675 3852 783 3910 hoc
815 3849 990 3910 vendi
1027 3851 1209 3929 pluris
1240 3869 1414 3931 quam
1453 3851 1734 3912 trecentis
1765 3850 2051 3924 denariis,
2080 3871 2148 3914 ac

487 3940 612 4001 dari
639 3938 1093 4019 pauperibusEt
1124 3939 1561 4000 infremuerunt
1593 3940 1875 4000 adversus
1896 3940 2082 4003 illam.
2120 3965 2141 3998 ο

487 4029 661 4091 Feria
685 4036 890 4108 quarta
923 4028 1239 4090 concilium
1262 4030 1626 4103 convenit,et
1644 4037 1963 4109 propterea
1980 4030 2143 4110 jeju-

491 4135 702 4179 namus
723 4116 898 4179 etiam
928 4135 1036 4177 nos
1057 4118 1285 4197 quartis
1313 4118 1500 4179 feriis.
1536 4118 1626 4179 llli
1650 4118 1888 4198 quidem
1914 4119 2145 4180 consul-

486 4204 1109 4269 tabantsolemnitatis
1138 4214 1374 4285 tempus
1406 4208 1886 4286 praetermittere,
1922 4216 1979 4267 at
2029 4227 2146 4268 non

487 4296 841 4379 permissum
876 4302 966 4355 est
995 4295 1111 4369 eis,
1146 4296 1250 4356 sed
1288 4296 1415 4375 ipse
1446 4295 1560 4355 sibi
1592 4294 1705 4375 ipsi
1743 4302 1978 4376 tempus
2009 4315 2145 4377 pas-

2237 3054 2335 3111 Καὶ
2391 3052 2607 3123 ἐζήτουν
2664 3055 2712 3111 οἱ
2755 3052 3029 3133 ἀρχιερεῖς
3079 3053 3175 3109 καὶ
3230 3055 3278 3111 οἱ
3344 3058 3712 3133 Γραμματεῖς,
3766 3059 3881 3117 πῶς

2234 3140 2390 3198 αὐτὸν
2446 3141 2501 3197 έν
2555 3140 2695 3217 δόλῳ
2747 3143 3109 3222 κρατήσαντες
3178 3141 3584 3207 ἀποκτείνωσιν,
3638 3140 3675 3170 ’¹
3688 3140 3884 3222 Ελεγον

2234 3228 2314 3313 δὲ,
2362 3232 2450 3300 Μὴ
2494 3230 2548 3289 ἐν
2578 3238 2645 3309 τῇ
2678 3232 2858 3310 ἑορτῇ,
2919 3233 3128 3306 μήποτε
3182 3229 3399 3311 θόρυϐος
3428 3230 3575 3289 ἔσται
3605 3238 3701 3289 τοῦ
3728 3231 3883 3295 λαοῦ,

2237 3322 2334 3379 Καὶ
2389 3319 2539 3386 ὄντος
2596 3323 2754 3378 αὐτοῦ
2822 3321 2876 3378 ἐν
2933 3321 3166 3393 Βηθανίᾳ
3207 3320 3262 3376 ἐν
3318 3322 3454 3395 οἰκίᾳ
3508 3322 3750 3397 Σίμωνος
3792 3328 3885 3378 τοῦ

2231 3408 2450 3490 λεπροῦ,
2484 3409 2868 3487 κατακειμένου
2926 3410 3107 3489 αὐτοῦ,
3152 3408 3279 3478 ἦλθε
3329 3411 3464 3491 γυνὴ
3514 3409 3719 3490 ἔχουσα
3747 3408 3884 3466 ἀλά-

2231 3496 2458 3578 ϐαστρον
2514 3500 2677 3578 μύρου
2746 3496 2932 3577 νάρδου
3012 3503 3290 3571 πιστικῆς,
3378 3498 3724 3565 πολυτελοῦς.
3788 3501 3884 3558 Καὶ

2232 3589 2666 3668 συντρίψασαμτὸ
2692 3585 3046 3666 ἀλάϐαστρον,
3079 3587 3337 3668 κατέχεεν
3384 3588 3544 3645 αὐτοῦ
3599 3590 3733 3646 κατά
3782 3593 3879 3657 τῆς

2235 3674 2499 3756 κεφαλῆς.
2562 3664 2729 3733 Ἠσαν
2786 3674 2841 3732 δέ
2901 3664 3041 3739 τινες
3096 3664 3515 3754 ἀγανακτοῦντες
3564 3679 3696 3756 πρὸς
3753 3678 3880 3736 δαυ-

2233 3766 2353 3830 τοὺς
2400 3766 2490 3821 καὶ
2547 3764 2820 3846 λέγοντες,
2883 3767 2971 3829 Εἰς
3026 3768 3077 3822 τί
3110 3768 3145 3835 ἡ
3175 3764 3416 3823 ἀπώλεια
3440 3764 3573 3835 αὕτη
3602 3773 3695 3824 τοῦ
3725 3767 3882 3846 μύρου

2231 3854 2498 3933 γέγονεν;
2556 3853 2782 3923 ἠδύνατο
2838 3856 2939 3934 γὰρ
2994 3862 3147 3912 τοῦτο
3202 3859 3463 3934 πραθῆναι
3508 3855 3686 3913 ἐπάνω
3732 3877 3881 3936 τρια.

2229 3945 2423 4000 κοσίων
2478 3942 2760 4023 δηναρίων,
2839 3946 2927 4000 καὶ
2984 3942 3199 4011 δοθῆναι
3244 3957 3363 4009 τοῖς
3423 3958 3698 4025 πτωχοῖς,
3788 3947 3884 4003 Καὶ

2230 4030 2580 4111 ἐνεϐριμῶντο
2612 4033 2769 4110 αὐτῇ.
2834 4051 2859 4090 ο
2892 4033 2970 4103 Ti}
3011 4029 3218 4110 τετράδι
3267 4035 3328 4089 τὸ
3381 4031 3698 4108 συμϐούλιον
3752 4055 3877 4090 συν-

2231 4121 2382 4189 έστη,
2446 4123 2544 4179 Καὶ
2600 4120 2685 4177 διά
2739 4128 2892 4179 τοῦτο
2950 4122 3271 4198 νηστεύομεν
3313 4123 3401 4179 καὶ
3454 4124 3618 4197 ἡμεῖς
3661 4123 3755 4187 τὰς
3785 4144 3878 4179 τε-

2229 4209 2445 4289 τράδας,
2512 4208 2745 4267 Ἐκεῖνοι
2813 4210 2913 4286 μὲν
2969 4211 3059 4267 οὖν
3088 4208 3379 4277 ἠϐούλοντο
3427 4213 3516 4268 τὸν
3559 4216 3659 4279 τῆς
3692 4213 3878 4287 ἑορτῆς

2227 4301 2408 4380 καιρὸν
2451 4298 2780 4380 ὑπερθέσθαι,
2857 4302 2916 4357 οὐ
2960 4302 3413 4380 συνεχωρήθησαν
3468 4298 3543 4373 δὲ,
3606 4298 3728 4356 ἀλλ’
3781 4304 3878 4358 αὖ·

488 4387 675 4449 sionis
696 4384 1048 4458 statuens,in
1081 4383 1302 4445 Pascha
1325 4383 1592 4462 cruciﬁgi
1623 4384 1803 4445 voluit
1834 4384 1963 4465 lpse
1985 4386 2143 4446 enim

2233 4393 2319 4455 τὸς
2378 4393 2548 4465 ἑαυτῷ
2604 4392 2695 4448 τὸν
2752 4394 2934 4471 καιρὸν
2991 4398 3083 4449 τοῦ
3138 4393 3335 4457 πάθους
3404 4394 3605 4473 τηρῶν,
3654 4394 3791 4451 κατὰ
3818 4395 3881 4450 τὸ

488 4485 615 4537 erat
649 4473 870 4536 Pascha
916 4490 1145 4535 verum.
1184 4473 1351 4535 Unde
1382 4474 1661 4534 virtutem
1699 4474 1828 4551 ejus
1859 4474 2146 4544 admirari

488 4567 645 4628 licet.
682 4565 823 4627 Nam
866 4583 999 4625 cum
1019 4564 1101 4625 illi
1133 4564 1349 4625 vellent
1375 4565 1563 4643 ipsum
1598 4565 2138 4647 comprehendere,

487 4676 605 4717 non
634 4662 950 4736 potuerunt
982 4674 995 4715 :
1042 4654 1278 4735 quando
1310 4665 1503 4715 autem
1536 4654 1627 4715 illi
1657 4657 1974 4716 noluerunt
1994 4676 2141 4737 pro-

2232 4481 2426 4561 Πάσχα
2483 4478 2734 4548 εὐδόκησε
2817 4484 3206 4559 σταυρωθῆναι.
3281 4481 3448 4545 Αὐτὸς
3530 4481 3631 4561 γάρ
3696 4482 3763 4549 ἧν
3818 4484 3880 4539 τὸ

2228 4572 2423 4651 Πάσχα
2478 4571 2541 4627 τὸ
2615 4568 2887 4651 ἀληθινόν,
2946 4564 3122 4628 ’Ὀθεν
3201 4570 3466 4646 θαυμάσαι
3517 4570 3738 4649 πάρεστι
3782 4572 3880 4639 τὴν

2226 4648 2387 4721 αὐτού
2433 4656 2669 4734 δύναμιν.
2722 4648 2861 4717 "Ou
2916 4658 3015 4735 μὲν
3072 4659 3171 4739 γάρ
3221 4659 3417 4716 ἐκεῖνοι
3475 4648 3765 4727 ἠϐούλοντο
3791 4684 3881 4718 κα·

1566 4775 1648 4838 Ex
1679 4776 1998 4839 collatione
2027 4778 2208 4841 codd.
2240 4777 2453 4842 Venet.
2487 4775 2553 4838 S.
2591 4773 2800 4838 Marci.

577 4901 671 4975 ‘84
702 4900 848 4965 Cod.
882 4900 958 4963 26
986 4900 1149 4962 addit
1184 4919 1197 4961 :
1256 4910 1387 4957 Εῖτα
1418 4898 1677 4976 λαμϐάνει
1722 4901 1809 4955 καὶ
1850 4899 2146 4976 ὑπόδειγμα

487 4986 606 5057 περὶ
659 4986 764 5039 τῶν
816 4989 1045 5057 πιστῶν,
1102 4983 1189 5038 καὶ
1246 4983 1362 5057 περὶ
1420 4980 1628 5053 ἑαυτοῦ,
1698 4981 1787 5035 καί
1829 5003 1990 5060 φησιν
2071 4990 2143 5042 Ως

486 5064 777 5141 ἄνθρωπως
845 5061 1143 5138 ἀποδημῶν
1227 5060 1394 5131 ἔσται,
1484 5060 1756 5139 ἄνθρωπον
1810 5062 1907 5135 μὲν
1963 5061 2147 5118 ἑαυτὸν

486 5138 791 5220 ὺποδηλῶν,
836 5146 908 5208 ὼς
968 5143 1020 5199 ἐν
1071 5140 1299 5205 πολλοῖς
1352 5138 1611 5220 εἴρηται
1684 5139 1990 5215 ἀποδημίαν
2064 5138 2143 5212 δὲ,

482 5226 578 5293 τῆν
638 5226 710 5286 εἷς
755 5219 973 5302 οὐρανὸν
1018 5221 1285 5297 ἀνάληψιν
1314 5241 1325 5253 ·
1381 5219 1545 5277 οἰκίαν
1579 5219 1632 5277 δὲ
1664 5223 1843 5301 αὐτοῦ,
1876 5223 1967 5277 τὸν
1995 5242 2135 5299 παρ-

483 5307 610 5362 όντα
651 5301 852 5380 κόσμον
889 5320 901 5333 ·
965 5301 1176 5369 δούλους
1230 5301 1283 5358 δὲ
1350 5301 1508 5358 αὒτοῦ
1566 5302 1689 5365 τοὺς
1744 5301 2084 5380 Χριστιανούς
2118 5315 2133 5331 ⁸

488 5386 709 5441 ἑκάστου
764 5382 819 5439 δὲ
863 5386 925 5440 τὸ
970 5383 1144 5461 ἔργον,
1192 5384 1290 5449 τὴν
1338 5380 1578 5461 φυλακὴν
1625 5388 1730 5438 τῶν
1760 5380 1989 5461 ἐντολῶν
2035 5382 2135 5437 αύ-

485 5470 599 5539 τοῦ,
656 5466 745 5520 καὶ
804 5460 1050 5543 ἐργασίαν
1090 5469 1234 5543 ,τῶν
1299 5460 1499 5541 ἀρετῶν
1533 5480 1544 5493 ·
1616 5464 1846 5540 θυρωρὸν
1903 5460 1981 5537 δὲ,
2045 5462 2137 5517 τὸν

485 5546 707 5601 ἑκάστου
737 5542 885 5616 νοῦν,
936 5546 1026 5598 τὸν
1084 5542 1463 5600 ἐπιστατοῦντα
1493 5554 1612 5604 τοῖς
1656 5543 1818 5621 θυρίσι
1872 5548 1968 5609 τῆς
2027 5545 2134 5617 ψυ-

484 5629 617 5702 χῆς,
652 5623 809 5702 ἤγουν
853 5624 948 5690 τῆς
982 5625 1294 5695 αἰσθήσεως,
1348 5620 1412 5676 δι’
1468 5623 1613 5702 ὧνῃρ
1659 5627 1847 5689 νοητὸς
1902 5620 2138 5689 κλέπτης

511 5699 745 5775 πιπηδᾷν
830 5704 998 5762 εἴωθε.
1088 5703 1456 5775 Σκοπήσωμεν
1541 5699 1592 5755 δὲ
1679 5704 1763 5757 καὶ
1852 5704 1943 5766 τὰς
2042 5701 2135 5758 λέ-

2230 4898 2355 4971 ξεις,
2386 4920 2444 4955 κ.
2471 4917 2525 4957 τ.
2558 4893 2611 4975 λ,
2646 4916 2670 4952 α
2697 4893 2849 4956 Dein
2866 4894 3039 4975 affert
3059 4893 3398 4975 exemplum
3420 4893 3497 4956 de
3519 4893 3883 4972 ﬁdelibus,et

2229 4978 2306 5067 de
2328 4977 2548 5067 seipse,
2576 4974 2785 5067 dicens
2814 4974 3002 5067 :Erit
3021 4974 3631 5067 sicut/myoperegfe
3644 4977 3879 5067 pro/fc—

2231 5054 2471 5121 tus.Pér
2487 5056 2789 5119 hominem
2806 5054 2893 5117 sei
2901 5072 3071 5136 psum
3094 5054 3409 5133 signiﬁcat“,
3431 5064 3495 5117 ut
3514 5054 3740 5136 pluries
3760 5054 3883 5118 dic-

2229 5146 2353 5200 tum
2372 5146 2463 5218 est
2486 5158 2500 5195 :
2538 5154 2645 5218 per
2653 5136 3220 5218 peregrinationem
3239 5138 3880 5212 autem,ascensionem

2224 5222 2282 5280 in
2307 5216 2553 5298 malum;
2571 5216 2678 5297 per
2695 5216 2951 5298 domum
2973 5232 3165 5298 suam,
3187 5224 3554 5298 praesentem
3591 5219 3879 5279 mundum

2222 5297 2515 5376 intelligit;
2533 5295 2647 5378 per
2674 5314 2873 5379 servos
2900 5295 3451 5379 ejus,CbriStianos;
3469 5314 3878 5379 persuumcu-

2220 5383 2437 5461 jusque
2458 5376 3548 5461 opus,_observautiam_mandatorum
3578 5377 3791 5458 ipsius,
3822 5386 3881 5440 et

2225 5456 2575 5522 exercitium
2609 5458 2915 5531 virtutum;
2951 5475 3058 5538 per
3094 5456 3417 5538 janitorem
3466 5456 3735 5535 demum,
3769 5477 3878 5522 cu-

2218 5540 2440 5622 jusque
2471 5546 2759 5612 mentem,
2793 5536 3237 5622 quaepragsidet
3256 5538 3486 5622 foribus
3527 5539 3879 5622 animaegel

2224 5616 2535 5699 sensuum,
2544 5636 2653 5702 per
2670 5616 2829 5702 quos
2853 5616 3143 5702 spiritalis
3169 5618 3265 5682 fur
3292 5618 3528 5683 insilire
3551 5616 3879 5685 solet.Con-

2221 5698 2564 5765 rideremus
2581 5698 2789 5775 autem
2809 5698 3024 5776 verba,
3060 5723 3088 5756 ι
3126 5706 3242 5762 etc.
3430 5740 3435 5741 κ
3746 5738 3753 5744 -
