4170 6282
238 293 377 357 645
480 328 505 337 κ
989 286 1429 355 ENARRATIO
1468 282 1545 351 IN
1588 274 2087 354 EVANGELIUM
2133 276 2391 342 MARCI.
2426 313 2498 324 —
2529 277 2692 343 CAP.
2743 274 2903 340 XIV.
3527 273 3646 339 646

238 438 486 506 τασχεϊν
560 426 735 505 αύτὺν,
813 426 907 481 οὐκ
960 422 1236 491 ἠδύναντο·
1296 421 1383 479 ὅτε
1453 421 1507 478 δὲ
1555 422 1749 477 ἐκεῖνοι
1807 422 1902 475 οὒκ

2001 415 2120 489 iter
2150 410 2359 473 festum
2402 412 2584 493 diem,
2620 421 2759 474 tunc
2810 409 3178 472 voluntarius
3210 409 3350 509 ipse
3379 408 3643 509 seipsum

240 494 546 583 ἠϐούλοντο
609 512 696 584 διτὶ
722 494 856 581 ’τὴν
905 513 1117 593 ἑορτὴν,
1163 513 1282 569 τότε
1328 514 1484 576 αὒτὸς
1526 512 1660 567 ἑκὼν
1726 510 1906 565 ἑαυτὸν

2001 499 2256 599 tradidit.
2283 501 2357 562 At
2388 520 2522 562 cum
2554 502 2681 600 ipse
2699 508 2857 600 esset
2880 500 2941 560 in
2973 496 3263 600 lietbania
3284 499 3341 559 in
3362 494 3647 600 domo'Si-

236 602 533 669 ἒξέδωκεν,
597 592 801 666 ’Ὃντος
857 601 911 658 δὲ
966 586 1124 659 αδτοῦ
1193 601 1247 657 ἐν
1280 604 1509 673 Βηθανίᾳ
1530 603 1585 657 ῐεν
1630 598 1766 669 οἰκίᾳ
1811 597 1907 652 Σί-

2001 588 2188 650 monis
2221 591 2464 670 leprosi,
2502 590 2657 652 venit
2704 590 2936 651 mulier.
2984 586 3053 648 Et
3095 597 3346 668 quatuor
3379 586 3635 646 mentio-

240 705 433 759 μωνος
493 691 586 740 τοῦ
642 681 860 759 λεπροῦ,
912 680 1041 748 ἦλθε
1113 683 1269 760 γυνή.
1362 683 1458 739 Καὶ
1554 683 1600 737 οἱ
1658 680 1906 753 τέσσαρες

240 773 642 848 μνημονεύουσι
716 779 808 828 τοῦ
883 773 1066 850 μύρου.
1131 772 1229 828 Καὶ
1276 768 1427 826 δοκεῖ
1470 770 1565 845 μὲν
1618 767 1760 846 παρά
1800 788 1905 821 τισι

241 861 351 936 μία
406 861 575 935 εῖναι,
624 860 719 918 οὒκ
748 858 860 917 ἔστι
904 858 984 934 δὲ,
1031 857 1119 917 δύο
1151 857 1205 915 δὲ
1257 861 1378 934 εἰσί,
1415 859 1517 914 Μία
1552 859 1673 937 μὲν,
1703 858 1737 924 ἡ
1769 854 1912 933 παρά

240 956 331 1007 τῶ
389 946 633 1027 Ἰωάννῃ,
706 952 742 1019 ἡ
792 972 878 1006 και
908 948 1001 1006 τοῦ
1030 949 1268 1027 Λαζάρου
1296 946 1496 1025 ἀδελφὴ
1544 946 1692 1003 οὖσα.
1729 937 1911 1023 Ἑτέρα

244 1038 335 1112 δὲ,
407 1040 442 1108 ἡ
507 1040 650 1118 παρᾶ
730 1052 848 1105 τοῖς
904 1039 1120 1103 λοιπο⁴ς
1150 1039 1306 1117 τρισί,
1344 1039 1488 1105 Πλὴν
1533 1038 1789 1115 πρόσεχε,
1826 1035 1912 1091 καὶ

248 1129 501 1209 εὑρήσεις
552 1129 745 1193 ταύτας
799 1142 947 1209 τρεῖς
973 1128 1156 1193 οὔσας,
1206 1128 1351 1207 Παρά
1408 1127 1504 1202 μὲν
1546 1133 1622 1201 τῷ
1664 1123 1908 1203 Ἰωάννῃ,

250 1218 405 1294 μίαν,
468 1218 609 1296 παρὰ
650 1214 705 1273 δὲ
734 1224 812 1292 τῷ
857 1222 1053 1291 Δουκᾷ,
1101 1215 1295 1291 ἃλλην,
1330 1217 1472 1296 παρὰ
1511 1214 1565 1270 δὲ
1597 1228 1714 1277 τοῖς
1745 1212 1908 1287 δυσῗν,

247 1305 441 1385 ἃτὲραν
496 1306 643 1379 μίαν.
708 1296 772 1362 Ἠ
830 1306 933 1384 γὰρ
961 1306 1104 1383 παρὰ
1133 1309 1210 1380 τῷ
1246 1310 1443 1385 Λουκᾷ,
1489 1306 1577 1361 καὶ
1619 1305 1790 1383 πόρνη
1820 1303 1908 1374 ἦν,

249 1395 347 1451 καὶ
404 1395 523 1473 περί
595 1394 660 1449 τὰ
718 1392 856 1469 μέσα
912 1400 1004 1450 τοῦ
1070 1396 1435 1473 κηρύγματος,
1468 1395 1503 1463 ἡ
1552 1391 1606 1449 δὲ
1654 1394 1794 1465 παρὰ
1836 1396 1914 1464 τῷ

253 1482 531 1559 Ματθαίῳ,
590 1482 721 1560 πρὸς
778 1486 857 1554 τῷ
912 1487 1080 1560 καιρῷ
1140 1488 1233 1537 τοῦ
1325 1482 1546 1546 πάθους.
1642 1482 1737 1539 Καὶ
1795 1477 1909 1536 οὐδὲ

250 1572 428 1644 πόρνη
485 1572 959 1648 ὁμολογουμένως·
1032 1568 1355 1651 ἀποδεχεται
1381 1569 1435 1627 δὲ
1472 1573 1636 1638 αὐτῆς
1667 1573 1694 1626 6
1729 1570 1908 1649 Κύριος

252 1661 360 1727 τὴν
414 1661 737 1739 προαίρεσιν,
794 1662 867 1723 ὡς
930 1667 1156 1717 τοσαῦτα
1231 1658 1581 1727 ἀναλωσάσης
1639 1660 1756 1736 περὶ
1803 1658 1910 1739 Δτὴν

256 1736 468 1818 νάρδον,
532 1736 787 1809 Πιστικὴν
845 1738 898 1796 δὲ
955 1738 1137 1818 νάρδον
1169 1740 1299 1820 νόει,
1332 1741 1451 1808 ἢτοι
1509 1738 1650 1802 εἶδος
1701 1736 1885 1816 νάρδου

258 1827 401 1885 οὔτω
468 1827 754 1907 λεγόμενον
812 1828 1056 1903 πιστικη,
1122 1828 1158 1895 ἤ
1212 1829 1313 1896 τὴν
1357 1827 1543 1908 ἄδολον
1576 1825 1785 1908 νάρδον,
1826 1828 1913 1882 καὶ

260 1917 401 1992 μετὰ
478 1918 705 1982 πίστεως
782 1920 1322 1978 κατασκευασθεῖσαν,
1412 1904 1578 1973 Ἠσαν
1662 1914 1716 1971 δὲ
1774 1936 1912 1976 τινες

260 2005 706 2083 ἀγανακτοῦντες.
769 1996 827 2063 Ὀ
895 2004 950 2061 δὲ
1024 2004 1302 2077 Ἰωάννης,
1358 2007 1448 2062 τὸν
1509 2003 1709 2063 Ἰούδαν
1756 2006 1914 2083 φησὶν

262 2094 657 2171 ἀγανακτῆσαι.
719 2096 871 2159 Εἰκὸς
914 2095 1004 2151 οὖν
1046 2097 1133 2152 καὶ
1162 2096 1283 2159 τοὺς
1314 2093 1503 2159 ἄλλους
1536 2095 1635 2170 μὲν
1678 2094 1912 2150 ἀποστό-

264 2182 392 2247 λους
450 2181 755 2258 μέμψασθαι
826 2184 926 2251 τὴν
997 2198 1248 2261 γυναῖκα,
1334 2187 1407 2250 ὡς
1448 2185 1773 2247 ἀκούσαντας
1825 2192 1915 2242 τοῦ

268 2278 499 2350 Χριστοῦ
572 2273 651 2328 ἀεὶ
733 2274 849 2351 περὶ
935 2271 1299 2349 ἐλεημοσύνης
1377 2272 1736 2347 διδάσκοντος,

268 2361 451 2437 μέντοι
512 2359 731 2441 Ἰούδαν,
790 2361 848 2418 οὔ
891 2368 968 2436 τῷ
998 2362 1142 2436 αὐτῷ
1184 2369 1368 2438 σκοπῷ
1409 2364 1545 2419 κατὰ
1586 2368 1684 2430 τῆς
1729 2385 1914 2440 γυναι-

268 2451 364 2513 κὸς
420 2449 804 2529 ἀγανακτῆσαι,
838 2450 976 2508 ἀλλὰ
1004 2453 1086 2507 ἐιὰ
1115 2454 1177 2509 τὸ
1206 2450 1523 2532 φιλάργυρον
1553 2456 1639 2508 καὶ
1690 2454 1918 2532 αἰσχρο-

270 2536 451 2617 κερδὶς
509 2539 685 2616 αὐτοῦ,
726 2541 823 2598 Διὰ
850 2547 1003 2597 τοῦτο
1034 2541 1121 2597 οὖν
1149 2543 1238 2598 καὶ
1282 2541 1533 2609 Ἰωάννης
1588 2542 1774 2599 τούτου
1811 2543 1914 2617 μό-

270 2650 363 2689 νου
415 2630 759 2705 μνημονεύει,
818 2628 889 2694 ὼξ
960 2628 1160 2709 δολερῷ
1203 2638 1386 2706 σκοπῷ
1418 2631 1771 2708 μεμψαμένου
1817 2635 1915 2700 τὴν

269 2729 520 2796 γυναῖκα.
584 2718 683 2776 Καὶ
740 2716 1092 2797 ἐνεϐριμῶντο
1145 2721 1298 2797 αὐτῇ,
1368 2720 1637 2778 τουτέστιν
1705 2720 1914 2798 ἠγανά-

266 2827 448 2887 κτουν,
480 2803 708 2887 ὕϐριζον,
738 2806 1072 2875 ἐπέπληκτον
1103 2814 1257 2887 αὐτῇ.

354 2921 383 2953 ι
420 2889 478 2956 Ὀ
508 2896 564 2954 δὲ
597 2894 801 2965 Ἰησοῦς
875 2912 1052 2962 εἶπεν,
1080 2890 1292 2982 ’Ἄφετε
1321 2902 1506 2969 αὒτὴν.
1551 2902 1611 2959 Τί
1640 2906 1774 2977 αὐτῇ
1808 2901 1913 2956 κό-

266 3009 396 3048 πους
447 2987 766 3067 παρέχετε;
829 2986 1004 3047 Καλὸν
1061 2988 1213 3069 ἔργον
1323 2990 1600 3070 εἰργάσατο
1670 2990 1724 3047 ἐν
1772 2989 1910 3066 ἐμοί.

1826 2274 1915 2328 τὶν

1894 1785 1975 1842 ἶΒ

1992 693 2127 735 nem
2162 676 2385 739 faciunt
2418 678 2726 756 unguenti,
2767 687 2827 740 et
2871 679 3108 738 videtur
3140 675 3493 755 quibusdam
3527 692 3642 734 una

1993 780 2124 824 esse
2161 786 2174 827 :
2210 785 2329 828 non
2364 777 2562 829 autem
2597 768 2677 829 ita
2708 777 2819 840 est,
2844 768 2952 829 sed
2982 766 3116 826 duae
3148 774 3307 827 sunt.
3342 762 3471 826 Una
3505 764 3643 844 qui-

1993 850 2152 927 dem,
2184 873 2313 934 quae
2343 857 2496 935 apud
2517 856 2973 935 Joannem,qua3
2999 866 3059 915 et
3090 853 3290 915 Lazari
3322 870 3496 913 soror
3524 867 3643 924 est,

1993 940 2177 1002 altera
2208 962 2387 1021 quina
2419 944 2666 1024 reliquis
2696 944 2892 1007 tribus
2926 953 3309 1004 memoratur.
3337 943 3645 1002 Verumta-

1997 1046 2131 1089 men
2192 1035 2435 1094 attende
2499 1044 2556 1094 et
2614 1033 2884 1093 invenies
2928 1031 3083 1112 quod
3148 1038 3265 1091 tres
3298 1030 3439 1094 sint.
3474 1029 3644 1107 Apud

1996 1117 2282 1180 Joannem
2338 1122 2575 1200 quidem
2611 1141 2750 1195 una,
2779 1121 2931 1201 apud
2968 1120 3183 1180 Lucam
3223 1119 3363 1191 alia,
3398 1126 3454 1179 et
3483 1118 3638 1198 apud

1995 1207 2143 1269 duos
2174 1208 2306 1270 illos
2331 1210 2526 1272 adhuc
2562 1230 2675 1272 una
2706 1212 2840 1272 alia.
2875 1209 3021 1270 Nam
3055 1209 3154 1269 illa
3183 1226 3316 1289 quae
3344 1208 3496 1287 apud
3522 1212 3641 1269 Lu-

1995 1314 2125 1356 cam
2161 1300 2439 1359 meretrix
2467 1312 2616 1374 erat,
2653 1300 2713 1360 in
2750 1299 2942 1360 medio
2976 1297 3415 1377 praedicationis
3438 1295 3643 1358 Chris-

1997 1383 2039 1443 ti
2070 1385 2141 1445 ad
2174 1384 2474 1449 Christum
2508 1388 2665 1449 venit
2700 1411 2713 1450 :
2749 1407 2877 1468 quae
2900 1388 3053 1467 apud
3091 1391 3453 1459 Mattlueum,
3492 1394 3640 1446 tem-

1997 1492 2141 1552 pore
2189 1477 2501 1554 passionis,
2559 1487 2616 1538 et
2666 1497 2785 1537 non
2817 1477 3037 1538 dicitur
3090 1475 3395 1536 meretrix.
3433 1474 3649 1536 Probat

1996 1570 2189 1621 autem
2225 1565 2493 1626 Christus
2526 1569 2651 1643 egus
2684 1568 3067 1645 voluntatem,
3112 1564 3270 1644 quod
3330 1573 3488 1623 tanta
3537 1582 3643 1624 ex-

2000 1651 2269 1728 penderit
2304 1672 2357 1712 in
2391 1654 2662 1716 nardum.
2698 1654 2779 1715 De
2825 1654 3008 1716 nardo
3044 1652 3251 1733 pistica
3285 1653 3437 1713 scias
3485 1654 3640 1733 quod

1998 1746 2087 1798 est
2119 1742 2347 1819 species
2374 1744 2641 1823 quaedam
2670 1744 2839 1805 nardi
2868 1760 2999 1823 quze
3030 1742 3234 1823 pistica
3267 1742 3521 1822 dicatur,
3553 1742 3643 1802 vel

1998 1828 2155 1905 quod
2188 1830 2424 1891 sincera
2455 1834 2551 1905 sit,
2588 1842 2643 1893 et
2674 1852 2791 1893 non
2832 1833 3191 1911 adulterata,
3223 1831 3310 1891 vel
3361 1849 3493 1891 cum
3526 1830 3644 1891 tide

1998 1920 2473 1983 conlectaErant
2503 1929 2702 1986 autem
2735 1922 2973 2002 quidam
3001 1939 3158 1999 aegre
3179 1921 3646 1984 ferentesJoanr

1999 2022 2107 2064 nes
2154 2016 2348 2068 autem
2410 2010 2551 2070 dicit
2586 2010 2797 2072 Judam
2852 2028 3005 2088 segre
3037 2009 3265 2070 tulisse.
3303 2009 3639 2070 Verisimile

1997 2094 2177 2171 igitur
2204 2107 2263 2156 et
2293 2098 2437 2161 alios
2468 2100 2707 2177 quidem
2741 2101 3036 2178 apostolos
3070 2098 3380 2158 mulierem
3427 2099 3635 2177 objur—

1998 2195 2397 2265 gasse,utpote
2429 2189 2525 2268 qui
2558 2189 2870 2249 audierant
2899 2187 3197 2248 Christum
3229 2204 3468 2267 semper
3490 2188 3607 2248 mul
3628 2221 3642 2233 ο

2000 2278 2057 2331 ta
2079 2272 2152 2332 de
2183 2273 2561 2355 eleemosyna
2591 2275 3024 2338 docereJudas
3055 2293 3200 2335 sane
3233 2293 3350 2334 non
3370 2276 3505 2335 247
3539 2293 3642 2337 eo-

1999 2358 2135 2419 dem
2168 2380 2347 2441 scopo
2377 2366 2660 2425 adversus
2691 2364 2999 2425 mulierem
3046 2362 3485 2441 indignabatur,
3537 2362 3644 2424 sed

2000 2459 2244 2528 propter
2272 2451 2577 2514 aiaritiam
2610 2463 2669 2514 et
2700 2464 2868 2534 turpe
2901 2453 3130 2513 lucrum
3154 2469 3349 2515 suum.
3387 2458 3642 2533 Propte-

1998 2554 2101 2599 rea
2132 2548 2189 2600 et
2214 2542 2474 2602 Joannes
2506 2543 2693 2622 ipsius
2722 2543 3001 2604 duntaxat
3030 2543 3327 2616 meminit,
3364 2550 3641 2622 tanquam

1997 2627 2202 2689 dolosa
2244 2631 2632 2694 mordacitate
2690 2633 3001 2693 mulierem
3060 2632 3538 2711 reprehenderit.
3576 2630 3645 2692 Et

1996 2715 2436 2781 infremuerunt
2465 2722 2523 2782 in
2555 2740 2709 2797 eam,
2735 2724 2847 2784 hoc
2877 2730 2987 2801 est,
3016 2719 3647 2799 indignabantur,con-

1994 2806 2370 2890 Vitiabantur,
2404 2811 2879 2890 perstringebant
2907 2828 3059 2872 eam.

2076 2884 2250 2948 Vsus.
2279 2884 2420 2952 6-9:
2453 2914 2481 2945 οι
2500 2890 2573 2952 At
2590 2884 2763 2952 Jesus
2780 2891 2930 2952 dixit
2956 2910 2970 2952 :
2995 2891 3184 2953 Sinite
3212 2889 3396 2963 illam,
3421 2908 3524 2951 cur
3553 2891 3641 2951 illi

1998 2975 2227 3037 molesti
2289 2978 2461 3041 estis?
2512 2980 2744 3041 Bonum
2778 2998 2928 3060 opus
2959 2987 3201 3060 operata
3230 2988 3320 3040 est
3348 2996 3488 3058 erga
3519 2998 3637 3043 me.

270 3076 501 3133 Πάντοτε
530 3064 538 3066 ⁷
725 3064 846 3139 τοὺς
930 3064 1185 3158 ﬁculni);
1220 3064 1381 3159 ἔχετε
1409 3064 1525 3155 μεθ’
1576 3064 1914 3153 ἑαυτῶν,ᾑκαῖ

2001 3064 2252 3159 semper
2278 3066 2438 3128 enim
2472 3086 2765 3148 pauperes
2795 3068 3025 3159 habetis
3039 3067 3643 3159 Avobiscum,etquan-

268 3162 395 3220 ὅταν
454 3151 669 3243 θέλητε,
725 3162 936 3221 δύνασθε
1022 3151 1207 3231 αίίτοὺς
1353 3151 1600 3248 ποιῆσαι,
1635 3168 1729 3245 ἐμὲ
1758 3151 1811 3223 δὲ
1857 3167 1914 3223 οὗ

2001 3151 2313 3236 docunque
2347 3156 2671 3239 volueritis,
2697 3156 2944 3237 potestis
2970 3156 3086 3248 illis
3108 3157 3512 3248 benefacere:
3547 3176 3643 3220 me

268 3252 493 3310 πάντοτε
547 3252 726 3333 ἔχετε.
786 3252 857 3311 "0
899 3252 1064 3335 ἔσχεν
1143 3254 1303 3333 αὕτη,
1359 3257 1603 3337 ἐποίησε,
1656 3253 1917 3331 προέλαϐε

270 3342 483 3421 μυρίσαι
538 3364 642 3417 μου
696 3343 758 3399 τὸ
805 3348 959 3419 σῶμα
1012 3345 1084 3408 εἰς
1139 3346 1232 3401 τὸν
1305 3344 1685 3423 ἐνταφιασμόν.
1742 3344 1916 3421 Ἀμὴν

268 3427 327 3487 δὲ
384 3428 530 3508 λέγω
586 3432 738 3507 δμῐν,
766 3429 898 3489 ὅπου
925 3430 990 3489 ἅν
1018 3437 1265 3515 κηρυχθῇ
1293 3436 1356 3491 τὸ
1403 3433 1721 3514 Εὖαγγὲλιον
1762 3441 1916 3492 τοῦτο

271 3520 345 3582 εἰς
374 3516 501 3576 ὅλον
551 3521 643 3576 τὸν
698 3520 898 3595 κόσμον
928 3566 947 3597 ,
1003 3524 1093 3579 καὶ
1147 3522 1181 3579 ὀ¹
1233 3524 1482 3591 ἐποίησιν
1512 3524 1643 3591 αὕτη
1669 3522 1913 3594 λαληθή-

272 3610 513 3675 σεταιεῖς
567 3609 910 3685 μνημόσυνον
966 3613 1159 3679 αὐτῆς.
1195 3634 1219 3671 ι
1301 3612 1576 3693 Μέμφεται
1649 3617 1677 3669 6
1732 3613 1917 3692 Κύριος

270 3713 392 3761 τοϊς
444 3697 793 3773 ἀποστόλοις,
849 3701 924 3765 ὡς
994 3700 1223 3774 ἀκαίρως
1267 3700 1596 3777 ἐμποδίζουσι
1624 3707 1694 3778 τῇ
1722 3704 1917 3781 προθυ-

274 3787 368 3863 μίᾳ
434 3792 534 3855 τῆς
578 3788 849 3866 γυναικός.
886 3790 945 3847 Τί
972 3790 1096 3870 γὰρ,
1142 3791 1325 3871 φησὶν,
1378 3791 1511 3867 αὐτῇ
1549 3791 1744 3854 κόπους
1777 3813 1917 3869 παρ-

274 3876 480 3957 ἐχττες
542 3874 659 3953 μεθ’
711 3876 739 3933 ὅ
799 3878 1086 3959 προσέφερε
1140 3881 1207 3960 τὸ.
1245 3878 1434 3959 δῶρον,
1500 3881 1916 3960 ἀποστρέφοντες

312 3965 327 3986 9
378 3965 392 3984 \
555 3966 568 3983 ἱ
729 3972 753 3984 υ
980 3958 985 3959 7
1059 3973 1081 3984 υ
1172 3958 1208 3979 θ’
1326 3958 1329 3959 ν
1405 3970 1421 3987 κ
1528 3970 1541 3989 \
1676 3958 1683 3959 ὲ
1746 3958 1755 3960 —
1861 3971 1875 3989 κ

274 3986 436 4033 αυτην
498 3963 582 4021 δια
663 3987 757 4023 τοο
788 3964 1085 4043 όντιδισμου
1117 3988 1135 4045 ;
1209 3978 1331 4044 Αμα
1374 3968 1428 4024 δε
1460 3990 1545 4025 και
1574 3968 1797 4040 πλήττει
1828 3991 1917 4026 τον

275 4051 562 4134 προδότην,
593 4052 649 4109 ἐν
678 4061 757 4129 τῷ
784 4053 984 4133 λέγειν,
1018 4055 1099 4112 ὅτι
1145 4058 1232 4122 Εἰς
1274 4058 1364 4115 τὸν
1422 4056 1775 4137 ἐνταφιασμόν
1819 4080 1920 4134 μου

275 4148 429 4199 τοῦτο
484 4141 720 4223 ἐποίησε,
780 4145 867 4200 καὶ
926 4146 1001 4209 ὡς
1046 4144 1382 4214 ἀσυνείδητον
1433 4144 1670 4227 ἐλέγχει.
1739 4153 1918 4204 Μονο-

277 4232 431 4310 νουχὶ
477 4240 634 4291 τοῦτο
692 4231 864 4311 λέγων
934 4234 1097 4311 αὐτῶ,
1131 4233 1217 4291 ὅτι
1250 4237 1322 4291 Σὺ
1352 4236 1447 4313 μὲν
1501 4238 1574 4301 εἰς
1601 4237 1822 4293 θάνατόν
1854 4257 1918 4312 με

276 4317 570 4399 προδιδοὺς,
643 4321 739 4377 οὐκ
796 4321 1043 4403 ἐλέγχεις
1093 4326 1333 4388 σεαυτόν,
1409 4325 1552 4395 Αὕτη
1609 4324 1663 4381 δὲ
1703 4327 1773 4391 εἷς
1828 4327 1920 4381 τὸν

275 4409 631 4497 ἐνταφιασμόν
686 4432 788 4485 μου
848 4414 935 4497 -τρ
1017 4412 1179 4497 μύρον
1250 4414 1501 4497 φέρουσα,
1578 4417 1767 4497 ὡσανεὶ
1820 4417 1922 4471 ὑπὸ

276 4494 406 4546 Θεοῦ
457 4492 761 4565 κινηθεῖσα,
839 4489 954 4557 ἀξία
1028 4489 1169 4550 ἐστὶν
1253 4489 1567 4577 ἐλέγχεσθαι
1623 4495 1724 4552 ὺπό
1780 4502 1916 4576 σούς

1999 3258 2137 3302 vero
2170 3262 2287 3304 non
2317 3263 2553 3326 semper
2591 3246 3016 3318 habetis.Quod
3049 3245 3241 3326 potuit
3269 3245 3415 3321 haec,
3450 3246 3590 3309 fecit
3623 3265 3636 3309 :

2001 3332 2281 3410 praevenit
2312 3342 2375 3394 ut
2407 3343 2660 3414 ungeret
2690 3353 2905 3415 corpus
2929 3352 3127 3396 meum
3150 3334 3223 3395 ad
3246 3334 3641 3415 sepulturam.

1999 3422 2187 3480 Amen
2222 3422 2353 3482 dico
2387 3423 2912 3504 vobis,ubicunque
2939 3423 3324 3503 praedicatum
3351 3422 3531 3486 fuerit
3558 3426 3643 3488 Ε-

1999 3510 2330 3586 vangelium
2365 3512 2475 3573 hoc
2507 3512 2566 3572 in
2593 3521 2776 3573 totum
2807 3518 3119 3592 mundum,
3141 3513 3318 3573 etiam
3343 3513 3456 3575 hoc
3481 3517 3641 3595 quod

2000 3595 2144 3659 fecit
2161 3598 2617 3673 haec,diceturin
2654 3602 3001 3663 memoriam
3033 3601 3263 3663 istius.»
3278 3603 3639 3683 Reprehen-

2000 3685 2088 3747 dit
2110 3686 2395 3749 Dominus
2421 3688 2759 3771 discipulos.
2790 3691 2946 3771 quod
2987 3692 3400 3770 intempestive
3435 3694 3643 3756 mulie-

2002 3773 2083 3835 ris
2103 3774 2389 3837 alacritati
2419 3778 2851 3842 obsistant.Cur
2879 3780 3039 3839 enim
3076 3778 3311 3859 (inquit)
3346 3779 3429 3839 illi
3464 3798 3638 3860 nego-

2001 3863 2144 3923 tium
2169 3865 2450 3941 facitis,et
2471 3868 2611 3928 estis
2633 3868 2896 3930 molesti?
2918 3871 3230 3948 Postquam
3255 3868 3477 3929 donum
3497 3880 3643 3931 attu-

2002 3952 2089 4027 lit,
2117 3955 2465 4015 aversamini
2492 3973 2618 4016 eam
2641 3975 2775 4017 cum
2797 3955 3427 4035 ignominia?[nterim
3445 3966 3641 4020 autem

2003 4042 2349 4121 perstringit
2377 4053 2435 4104 et
2466 4045 2829 4124 proditorem
2860 4046 3142 4120 dicendo,
3176 4043 3241 4106 In
3273 4046 3640 4125 sepulturam

2006 4147 2195 4190 meam
2230 4133 2341 4192 hoc
2373 4134 2532 4196 fecit.
2564 4134 2633 4195 Et
2681 4136 2857 4214 plane
2903 4134 3287 4196 conscientias
3334 4146 3640 4215 expertem

2001 4219 2213 4295 arguit,
2245 4221 2411 4299 quasi
2434 4222 2514 4282 ita
2540 4222 2769 4284 diceret
2795 4224 2849 4283 ei
2879 4244 2893 4282 :
2926 4222 3015 4283 Tu
3037 4223 3278 4303 quidem
3303 4224 3364 4284 in
3387 4234 3639 4286 mortem

2002 4324 2099 4368 me
2131 4309 2516 4390 tradidisti,et
2545 4330 2663 4371 non
2692 4312 3086 4392 reprehendis
3119 4313 3643 4393 temetipsumzista

2001 4404 2196 4458 autem
2224 4397 2284 4458 in
2314 4399 2676 4479 sepulturam
2712 4418 2903 4461 meam
2937 4408 3302 4477 unguentum
3353 4401 3643 4477 atferens,

2002 4492 2277 4565 tanquam
2310 4503 2343 4548 a
2376 4490 2497 4549 Deo
2517 4498 2676 4549 mota
2696 4489 2874 4568 digna
2902 4507 2999 4551 me
3020 4497 3268 4570 est,qua2
3296 4508 3330 4550 a
3356 4498 3413 4550 te
3433 4508 3649 4570 repre-

277 4579 602 4665 Προφητεύει
656 4578 711 4635 δὲ
769 4580 987 4641 ἐνταῦθα
1059 4584 1087 4639 6
1150 4584 1338 4662 Κύριος
1362 4574 1473 4642 δύο
1566 4574 1914 4665 προφητείας,

2001 4574 2679 4657 hendatur?Prophetam
2699 4591 2897 4639 autem
2912 4578 3161 4657 agithoc
3183 4580 3312 4640 loco
3333 4578 3642 4658 Dominus,

277 4664 357 4722 ὅτι
420 4687 478 4723 τε
556 4668 618 4723 τὸ
691 4668 1010 4749 Εὐαγγέλιον
1078 4675 1477 4754 κηρυχθήσεται
1552 4664 1615 4731 ἐν
1665 4664 1775 4748 ὅλῳ
1848 4676 1923 4749 τῷ

273 4756 484 4831 κόσμῳ,
536 4757 626 4814 καὶ
651 4754 732 4813 ὅτι
760 4760 822 4814 τὸ
879 4758 1030 4839 ἔργον
1077 4767 1175 4832 τῆς
1218 4765 1466 4841 γυναικὸς
1537 4765 1920 4843 συγκηρυχθή-

275 4863 447 4906 σεται.
506 4845 947 4925 Αἰσχυνέσθωσαν
1001 4850 1090 4907 οὖν
1159 4851 1393 4912 ἐντεῦθεν
1449 4856 1496 4912 οἱ
1577 4854 1698 4918 τοὺς
1767 4874 1921 4909 πτω-

276 4932 409 5013 χοὺς
463 4939 825 5013 προτιμῶντες
897 4945 990 4995 τοῦ
1048 4946 1300 5019 Χριστοῦ.
1335 4941 1595 5003 ’Ἤκουσα
1648 4943 1748 5021 γὰρ
1816 4941 1925 5020 ἐγὼ

276 5022 597 5113 χρυσοχᾷων
655 5024 941 5103 λεγόντων,
975 5026 1055 5085 ὅτι
1085 5027 1211 5089 Ἐὰν
1246 5033 1308 5089 τὸ
1365 5035 1503 5113 ἱερὸν
1532 5040 1716 5095 σκεῦος
1759 5052 1924 5088 κατα-

275 5109 459 5203 λύσας,
488 5110 563 5168 δῶ
651 5128 927 5196 πτωχοῖς,
958 5118 1047 5175 καὶ
1078 5117 1188 5197 ἐγὼ
1212 5122 1385 5203 ζήσω,
1414 5109 1527 5179 -οὒκ
1582 5120 1693 5179 ἔστι
1733 5122 1920 5200 κρίμα.

276 5197 639 5289 ’ᾼκουέτωσαν
713 5206 800 5262 οὖν
855 5206 971 5271 πῶς
1040 5210 1069 5264 6
1140 5197 1624 5290 Χριστὸςπροτιμᾷ
1651 5211 1749 5278 τὴν
1772 5197 1920 5267 ’ἑαυ-

168 5340 175 5345 .
275 5284 366 5346 τοῦ
433 5292 737 5370 θεραπείαν,
808 5299 915 5353 τῶν
975 5284 1237 5378 πτωχῶν,
1272 5284 1500 5380 Χριστοῦ
1571 5299 1627 5356 δὲ
1654 5305 1810 5375 σῶμα
1836 5320 1926 5354 κυ-

274 5379 424 5460 plus.
494 5383 557 5437 τὸ
599 5380 658 5437 ἦν
686 5388 762 5457 τῷ
802 5380 966 5459 δίσκῳ
995 5392 1074 5460 τῷ
1101 5394 1310 5467 χρυσῷ,
1326 5379 1424 5447 καὶ
1456 5389 1597 5467 αἷμα
1649 5392 1711 5447 τὸ
1755 5388 1809 5446 ἐν
1848 5394 1926 5464 τῷ

275 5469 540 5551 ποτηρίῳ.
616 5469 679 5526 '0
732 5474 857 5549 γοῦν
886 5473 1268 5558 ἀφαιρούμενος
1323 5482 1418 5537 τὸν
1475 5477 1651 5538 δίσκον
1695 5480 1788 5536 τὸν
1815 5499 1922 5535 πο-

2004 4665 2243 4744 duoque
2261 4666 2543 4747 praedicit,
2555 4675 2613 4729 et
2629 4668 2784 4749 quod
2799 4667 3181 4747 Evangelium
3200 4668 3643 4747 praedicandum

2005 4754 2077 4814 sit
2101 4756 2163 4814 in
2197 4763 2317 4817 toto
2345 4757 2653 4837 inundo,et
2673 4758 2829 4838 quod
2853 4776 3000 4838 opus
3024 4757 3290 4818 mulieris
3307 4758 3481 4820 simul
3503 4778 3651 4839 prae-

2006 4842 2350 4905 dicandum.
2392 4845 2841 4907 Confundantur
2897 4848 3009 4909 hoc
3059 4847 3187 4908 loco
3228 4851 3326 4929 qui
3359 4865 3651 4929 pauperes

2007 4931 2237 4995 Christo
2268 4933 2832 5014 prael'erunt.Audivi
2865 4934 3027 4996 enim
3058 4954 3164 5015 ego
3195 4937 3527 4998 aurifabros
3550 4939 3648 4999 di-

2006 5022 2399 5102 centes,quod
2429 5023 2476 5083 si
2503 5042 2613 5102 ego
2636 5025 2959 5087 dissectum
2984 5044 3218 5087 sacrum
3242 5046 3340 5089 vas
3356 5028 3491 5090 dem
3515 5046 3653 5109 pau-

2007 5111 2338 5193 peribus,et
2368 5129 2475 5190 ego
2507 5114 2839 5187 vivam,nec
2868 5116 3649 5197 condemner.Audiantigi-—

2009 5212 2104 5265 tur
2123 5202 2422 5282 quomodo
2449 5202 2715 5266 Christus
2732 5204 3009 5285 praeferat
3027 5205 3118 5267 sui
3140 5224 3350 5268 curam
3382 5208 3650 5289 pauperi-

2007 5292 2140 5355 bus.
2173 5290 2394 5354 Christi
2422 5300 2619 5353 autem
2666 5312 2886 5375 corpus
2942 5296 3181 5376 proprie
3232 5305 3343 5377 est,
3396 5298 3649 5378 quodin

2006 5384 2168 5445 disco
2198 5398 2403 5461 aureo,
2440 5389 2500 5442 et
2529 5382 2768 5462 sanguis
2800 5383 2903 5464 qui
2933 5386 2995 5445 in
3046 5386 3283 5465 poculo.
3327 5384 3443 5460 Qui
3472 5386 3657 5464 igitur

2004 5470 2316 5537 abstulerit
2367 5470 2599 5533 discum
2649 5473 3005 5556 pretiosum,
3038 5483 3097 5536 et
3144 5476 3305 5555 cogit
3347 5486 3408 5537 ut
3437 5496 3654 5559 corpus
