4154 6298
458 330 570 400 651
1443 339 2037 406 THEOPHYLACTI
2081 334 2487 398 BULGARl/E
2531 337 2888 400 ARCHIEP.
3725 334 3844 401 65')

459 477 518 530 et
546 487 786 531 carnem
817 470 1109 551 videntes,
1136 491 1254 533 non
1276 472 1589 553 ferremus,
1625 478 1731 536 sed
1763 475 2099 537 abhorrere

2216 469 2435 544 ιείμενον
2492 471 2577 526 καὶ
2660 470 2829 549 σάρκα
2907 471 3158 552 δρῶντες,
3234 471 3328 528 οὐκ
3415 471 3477 527 ἂν
3533 471 3856 550 ὖνὲγκαμεν,

460 577 595 620 mus
633 581 645 622 :
683 559 907 622 idcirco
941 560 1282 622 misericors
1323 564 1484 624 Deus
1522 571 1736 625 nostra;
1783 566 2100 628 infirmitati

2217 556 2313 614 ιλλ’
2345 558 2791 638 άπεναρκήσαμεν
2827 574 2840 589 ⁸
2901 557 2989 615 διὰ
3045 570 3202 619 τοῦτο
3245 561 3676 639 συγκαταϐαίνων
3722 565 3857 636 ἡμῖν

460 648 1238 730 condescendens,speciem
1253 651 1492 731 quidem
1509 655 1676 733 panis
1693 663 1748 714 et
1767 656 1878 715 vini
1893 663 2100 728 servat,

2211 670 2220 700 ι
2281 646 2674 727 φιλάνθρωπος,
2722 651 2782 705 τὸ
2827 650 2926 722 μὲν
2970 649 3114 714 εἶδος
3169 649 3327 730 ἄρτου
3357 653 3446 707 καὶ
3473 652 3624 706 οἴνου
3651 650 3851 729 φυλάτ-

459 738 515 798 in
551 737 820 798 virtutem
855 747 1053 800 autem
1111 742 1306 802 carnis
1357 750 1415 803 et
1456 745 1766 822 sanguinis
1815 746 2099 805 trausele-

2211 756 2268 791 :t-:t
2306 754 2319 766 '
2369 738 2443 798 εἷς
2494 737 2717 812 δύναμιν
2775 736 2829 792 δὲ
2889 740 3082 817 σάρκὸς
3143 742 3230 795 καὶ
3290 739 3524 815 αἵματος
3573 761 3851 815 μεταστοι-

459 837 701 890 mentat.
756 830 1106 906 Sanguinem
1170 848 1310 891 vero
1368 831 1506 892 Novi
1563 835 1898 895 testamenti
1932 834 2099 910 dixit,

2204 837 2366 902 (ειοῖ.
2423 825 2576 901 Αἷμα
2619 825 2674 881 δὲ
2723 830 2924 894 Καινῆς
2988 831 3261 898 Διαθήκης
3321 829 3467 899 εἷπε,
3518 833 3648 907 πρὸς
3695 829 3844 883 ἀντι-

457 918 814 997 opponendo
845 918 1072 982 Veteri.
1099 917 1366 981 Habebat
1389 923 1546 982 enim
1595 929 1655 985 et
1689 925 1867 984 Vetus
1893 923 2097 985 Testa-

2200 911 2479 981 διαστολὴν
2539 920 2638 982 τῆς
2697 914 2954 980 Παλαιᾶς.
3017 921 3113 973 Καὶ
3144 919 3243 994 γὰρ
3272 919 3306 984 ἡ
3338 917 3546 974 Παλαιὰ
3579 921 3840 992 Διαθήκη,

455 1014 720 1067 mentum
749 1007 1093 1085 sanguinem
1128 1027 1242 1087 quo
1267 1011 1729 1091 aspergebantur
1747 1027 1805 1074 et
1829 1014 2095 1094 populus,

2203 1003 2408 1070 ιάκείνη
2454 1006 2596 1080 αἷμα
2640 1006 2793 1085 εἶχε,
2832 1004 2896 1060 δι’
2942 1008 3001 1062 οὒ
3043 1005 3347 1083 ἒῤῥαντίσθη
3394 1009 3420 1063 ὃ
3478 1028 3534 1062 τε
3573 1006 3702 1069 λαὸς
3759 1012 3843 1064 καὶ

456 1096 698 1158 etliber
730 1096 874 1174 legis
904 1098 946 1154 ί.
996 1096 1118 1157 Non
1166 1108 1359 1160 autem
1413 1100 1608 1162 bibam
1662 1121 1730 1164 ex
1781 1091 2096 1175 hocivino,

2200 1093 2249 1147 τὸ
2307 1091 2514 1169 βιϐλίον
2557 1094 2649 1149 τοῦ
2693 1096 2882 1168 νόμου.
2945 1098 3017 1152 Οὔ
3062 1097 3140 1170 μὴ
3184 1096 3289 1150 πίω
3332 1095 3387 1151 δὲ
3433 1097 3491 1152 ἐκ
3532 1107 3625 1154 τοῦ
3673 1097 3840 1174 οἴνου,

453 1185 624 1258 dicit,
659 1204 847 1266 usque
870 1186 940 1245 ad
968 1188 1492 1251 resurrectionem.
1525 1190 1792 1270 Regnum
1816 1191 1974 1252 enim
2000 1211 2093 1254 re-

2206 1180 2356 1258 ιέγει,
2434 1182 2566 1262 ἒὶχρι
2620 1187 2718 1248 τῆς
2794 1185 3159 1246 ἀναστάσεως.
3246 1184 3521 1240 Βασιλείαν
3582 1187 3680 1264 γὰρ
3748 1188 3846 1253 τὴν

451 1275 883 1336 surrectionem
935 1285 1121 1358 vocat,
1179 1285 1452 1357 tanquam
1511 1269 1629 1340 rexi
1667 1280 1764 1360 qui
1825 1279 2091 1342 adversus

2203 1269 2477 1327 ὶνάστασιν
2550 1273 2822 1352 ὀνομάζει,
2895 1275 2968 1336 ὡς
3038 1272 3356 1348 βασιλεύσας
3399 1276 3519 1330 τότε
3565 1278 3701 1332 κατὰ
3754 1287 3843 1335 τοῦ

451 1372 700 1424 mortem
748 1365 1006 1434 certarit,
1042 1375 1099 1425 et
1130 1366 1521 1444 regnat.Sane
1556 1377 1688 1443 post
1719 1371 2091 1430 resurrectio-

2199 1360 2430 1423 lavitou.
2493 1363 2638 1416 Μετὰ
2681 1369 2806 1438 γοῦν
2849 1362 2946 1428 τὴν
2999 1363 3308 1441 ἀνάστασιν,
3368 1363 3528 1443 ἔφαγε
3587 1367 3670 1420 καὶ
3728 1365 3839 1420 ἔπιε

449 1470 585 1512 nem
621 1453 768 1513 bibit
798 1461 854 1514 et
884 1454 1139 1514 comedit
1168 1473 1301 1515 cum
1326 1455 1922 1536 discigulis,probans
1938 1460 2089 1536 quod

2197 1449 2319 1504 αετὰ
2370 1455 2477 1504 τῶν
2528 1453 2805 1530 μαθητῶν,
2849 1452 3215 1526 πιστούμενος,
3280 1451 3360 1507 ὅτι
3421 1456 3576 1517 αὐτὸς
3633 1453 3837 1518 ἐκεῖνός

446 1541 548 1602 ille
580 1544 705 1622 ipse
734 1552 892 1604 esset
911 1545 1007 1623 qui
1031 1562 1236 1624 passus
1257 1535 1712 1608 fuerat.Novum
1733 1556 1926 1608 autem
1951 1535 2086 1608 illud

2192 1536 2323 1592 ἐστιν
2378 1540 2406 1593 ὁ
2482 1539 2685 1597 παθών.
2772 1542 2962 1597 Καινὸν
3027 1539 3080 1595 δὲ
3143 1543 3279 1596 πίνει
3338 1544 3486 1622 αὐτὸ,
3543 1545 3832 1626 τουτέστιν,

449 1631 618 1705 bibit,
647 1633 758 1693 hoc
797 1637 889 1694 est
921 1651 1069 1692 novo
1096 1634 1355 1712 quodam
1391 1635 1566 1695 modo
1601 1643 1657 1696 et
1687 1635 1949 1717 insolito,
1979 1657 2089 1698 non

2189 1627 2359 1681 καινόν
2402 1649 2519 1683 τινα
2549 1628 2743 1706 τρόπον
2799 1631 2886 1684 καὶ
2937 1628 3104 1702 ξένον,
3167 1635 3256 1688 οὐκ
3288 1631 3366 1686 ἔτι
3393 1633 3495 1710 γὰρ
3525 1640 3679 1706 σῶμα
3722 1657 3829 1689 πα-

446 1722 602 1782 enim
639 1722 794 1783 ultra
817 1740 1031 1801 corpus
1069 1721 1326 1815 habebat
1350 1723 2086 1815 passibile,quod_ciboin-

2190 1717 2339 1781 ὶητὸν
2372 1717 2524 1796 εἶχε,
2559 1716 2810 1793 δεόμενον
2863 1720 3088 1815 τροφῆς,
3143 1717 3263 1775 ἀλλ’
3293 1719 3552 1800 ἄφθαρτον
3582 1725 3669 1778 καὶ
3699 1724 3830 1778 ἀθά-

445 1810 698 1887 digeret,
725 1811 827 1871 sed
861 1793 1194 1870 immortale
1227 1820 1282 1872 et
1314 1793 1785 1892 incorruptibile.
1827 1813 2085 1892 lntellige

2189 1826 2357 1864 νατον.
2412 1806 2534 1862 Νόει
2567 1804 2620 1861 δὲ
2652 1808 2739 1862 καὶ
2769 1805 2940 1872 αὕτως
2979 1824 2991 1837 ’
3031 1795 3342 1885 ”Αμπελος,
3377 1811 3405 1865 ὁ
3438 1812 3622 1887 Κύριος
3651 1813 3829 1883 αὖτὸς,

445 1911 639 1961 autem
676 1898 851 1960 etiam
883 1898 969 1959 sic
1003 1920 1016 1961 :
1051 1897 1202 1960 Vitis
1231 1899 1516 1961 Dominus
1547 1901 1677 1980 ipse
1709 1910 1818 1977 est,
1873 1902 2085 1964 fructus

2193 1893 2418 1971 γέννημα
2475 1894 2530 1950 δὲ
2600 1895 2865 1971 ἀμπέλου,
2927 1899 2991 1952 τὰ
3049 1899 3336 1977 μυστήρια,
3399 1901 3486 1954 καὶ
3533 1901 3568 1967 ἡ
3639 1907 3833 1976 γνῶσις

444 1997 638 2050 autem
665 1990 799 2049 vitis
823 1987 1109 2067 mysteria
1148 1997 1284 2050 sunt
1334 1999 1393 2050 et
1442 1990 1789 2051 abscondita
1819 1992 2084 2063 scientia,

2191 1984 2213 2050 ἣ
2269 1983 2599 2062 ἀπόκρυφος,
2659 1985 2722 2052 ἢν
2783 1988 2937 2048 αὐτὸς
2983 1991 3163 2063 γεννᾷ,
3237 1989 3264 2041 ὁ
3312 1984 3571 2043 διδάσκων
3628 1986 3831 2065 ἄνθρω-

442 2096 615 2159 quam
650 2078 776 2158 ipse
808 2079 1049 2157 profert,
1084 2079 1306 2139 docens
1337 2079 1638 2140 hominem
1674 2079 2082 2145 scientiamJu

2195 2093 2276 2128 τον
2333 2079 2552 2150 γνῶσιν.
2604 2075 2692 2130 Ἐν
2747 2075 2919 2130 τοίνυν
2975 2080 3041 2150 τῇ
3091 2075 3333 2150 βασιλείᾳ
3361 2084 3456 2132 τοὺ
3501 2085 3653 2157 Θεοῦ,
3685 2100 3835 2134 τουτ-

439 2186 623 2246 regno
648 2168 846 2246 itaque
869 2165 996 2240 Dei,
1031 2167 1142 2227 hoc
1166 2175 1276 2240 est,
1316 2167 1376 2227 in
1408 2176 1609 2230 octavo
1661 2170 1899 2244 swculo,
1932 2170 2079 2232 bibet

2192 2159 2340 2234 ἱστιν,
2375 2160 2430 2216 ἐν
2469 2169 2548 2236 τῷ
2577 2159 2748 2240 ὀγδόῳ
2792 2163 2964 2236 αἰῶνι,
3011 2165 3186 2219 πίεται
3231 2166 3366 2238 μετὰ
3421 2175 3528 2221 τῶν
3582 2169 3832 2236 μαθητῶν

443 2274 575 2318 cum
610 2255 918 2335 discipulis
947 2255 1255 2330 suis,250
1295 2258 1570 2336 mysteria
1627 2268 1678 2318 et
1740 2257 2083 2339 sapientiam

2185 2248 2355 2324 ιῦτοῦ,
2415 2252 2482 2306 τὰ
2540 2253 2808 2327 μυστήρια
2883 2254 2970 2308 καὶ
3047 2254 3148 2319 τὴν
3223 2255 3434 2334 σοφίαν,
3493 2257 3651 2310 καινά
3710 2277 3825 2312 τινα

440 2362 650 2406 novam
685 2343 999 2424 quamdam
1025 2343 1247 2406 docens
1274 2352 1469 2416 nos,et
1491 2346 1761 2407 revelans
1785 2336 1916 2427 quae
1933 2367 2080 2410 nunc

2059 2367 2090 2409 ε
2174 2336 2432 2396 διδάσκων
2461 2342 2631 2416 ἡμᾶς,
2661 2343 2750 2397 καὶ
2782 2340 3175 2398 ἀποκαλύπτων
3206 2341 3238 2399 ἂ
3270 2350 3358 2399 νῦν
3389 2345 3697 2422 κέκρυπται.

437 2434 784 2496 abscondita
813 2441 969 2493 sunt.

519 2522 706 2585 Vens.
731 2521 949 2585 96-31.
992 2546 1018 2576 α
1045 2521 1114 2582 Et
1144 2541 1275 2583 cum
1308 2524 1589 2604 hymnum
1621 2524 1928 2600 dixissent,
1954 2529 2080 2588 exi-

2253 2541 2280 2571 α
2317 2522 2414 2575 Καὶ
2495 2521 2851 2595 ὑμνὴσαντες,
2939 2519 3153 2589 ἱξῆλθον
3236 2524 3310 2586 εἱς
3385 2524 3448 2579 τὸ
3515 2522 3634 2603 ὅρος
3713 2531 3820 2579 τῶν

442 2621 618 2674 erunt
667 2613 726 2672 in
757 2620 1015 2672 montem
1041 2610 1334 2674 Olivarum
1371 2635 1384 2677 :
1424 2626 1480 2675 et
1509 2613 1654 2674 dicit
1699 2614 1818 2674 illis
1858 2616 2030 2677 Jesus
2066 2637 2079 2680 :

2175 2605 2421 2682 Ἐλαιῶν,
2481 2611 2567 2665 καὶ
2623 2609 2766 2687 λέγει
2850 2612 3034 2675 αὐτοῖς
3096 2613 3123 2667 ὁ
3183 2611 3414 2692 Ἰησοῦς,
3471 2612 3549 2668 ὅτι
3617 2618 3815 2676 Παντες

437 2701 659 2764 Omnes
673 2700 1095 2761 offendiculum
1110 2702 1411 2778 patiemini
1439 2721 1542 2783 per
1566 2703 1732 2776 mein
1756 2703 1865 2765 hac
1888 2715 2077 2777 nocte;

2176 2695 2683 2767 σκανδαλισθήσεσθε
2747 2698 2800 2755 έν
2859 2699 3002 2779 ἐμοὶ,
3062 2700 3118 2754 ἐν
3176 2707 3243 2777 τῇ
3302 2703 3442 2757 νυκτὶ
3499 2703 3686 2780 ταύτῃ,
3736 2702 3816 2756 ὅτι

441 2793 579 2872 quia
602 2791 885 2870 scriptum
906 2799 1023 2852 est:
1053 2792 1382 2852 Pcrcutiam
1419 2802 1738 2872 pastorem,
1774 2802 1832 2854 et
1851 2795 2081 2875 disper-

2176 2784 2508 2864 γέγραπται·
2593 2789 2818 2853 Πατάξω
2899 2791 2990 2844 τὸν
3042 2789 3292 2868 ποιμένα,
3364 2797 3450 2845 καὶ
3497 2787 3816 2868 διασκορπι-

432 2878 940 2961 genturoves.Sed
957 2887 1334 2960 posteaquam
1349 2874 2072 2961 resurrexero,przecedarr

2177 2877 2456 2942 σθήσονται
2514 2879 2580 2931 τὰ
2630 2874 2894 2955 πρόϐατα,
2974 2876 3139 2932 Ἀλλὰ
3215 2879 3348 2952 μετὰ
3431 2879 3491 2932 τὸ
3541 2877 3817 2955 ἐγερθῆναί

438 2958 538 3032 vos
570 2971 629 3030 in
658 2958 982 3033 Galilaeam.
1022 2958 1230 3030 Petrus
1262 2980 1456 3032 autem
1489 2971 1634 3032 dixit
1665 2958 1800 3035 illi:
1843 2973 2078 3035 Etiamsi

2175 2984 2258 3037 με,
2312 2964 2525 3042 προάξω
2583 2967 2718 3040 ὑμᾶς
2767 2968 2838 3031 εἰς
2895 2967 2992 3034 τὴν
3057 2965 3358 3029 Γαλιλαίαν,
3405 2958 3463 3024 Ὀ
3507 2964 3560 3021 δὲ
3617 2968 3815 3043 Πέτρος

436 3077 646 3122 omnes
688 3059 1111 3120 oﬂ‘endiculum
1148 3061 1309 3140 passi
1340 3061 1581 3136 fuerint,
1610 3071 1668 3121 at
1697 3081 1803 3140 ego
1837 3082 1980 3123 non.
2017 3063 2076 3123 Et

2181 3052 2270 3131 ἔφη
2327 3056 2490 3128 αὐτῷ,
2536 3056 2638 3114 Καὶ
2698 3058 2742 3110 εἰ
2797 3057 2996 3120 πάντες
3053 3054 3623 3135 σκανδαλισθήσονται,
3697 3055 3821 3111 ἀλλ’

433 3150 578 3211 dicit
603 3150 689 3210 illi
717 3151 889 3211 Jesus
926 3171 938 3212 :
969 3153 1160 3211 Amen
1197 3149 1329 3209 dico
1375 3149 1481 3210 libi
1513 3151 1668 3230 quod
1704 3159 1761 3210 tu
1797 3152 1974 3213 hodie
2021 3154 2073 3213 in

2182 3145 2259 3199 n’m
2313 3145 2441 3221 ἒγώ.
2498 3146 2594 3202 Καὶ
2652 3144 2798 3224 λέγει
2849 3147 2992 3220 αὐτῷ
3035 3147 3064 3202 ὁ
3118 3145 3328 3213 Ἰησοῦς
3362 3164 3379 3181 ⁶
3444 3145 3619 3220 Ἀμὴν
3678 3143 3822 3222 λέγω

433 3249 608 3301 nocte
639 3240 749 3299 hac
775 3239 1116 3318 priusquam
1143 3237 1232 3298 bis
1261 3239 1447 3318 gallus
1479 3239 1884 3318 cecinerit,ter
1905 3241 2073 3302 abne-

2177 3253 2272 3305 τοι,
2333 3231 2413 3287 ὅτι
2472 3235 2535 3288 σὺ
2591 3236 2822 3313 σήμερον
2874 3234 2929 3290 ἐν
2994 3240 3063 3310 τῇ
3107 3236 3252 3292 νυκτὶ
3293 3236 3479 3310 ταύτῃ,
3526 3235 3645 3310 πρὶν
3676 3234 3711 3302 ἢ
3743 3232 3817 3296 δὶς

431 3328 602 3407 gabis
633 3346 748 3388 me.
777 3317 859 3389 At
894 3317 990 3388 ille
1016 3317 1424 3388 vehementius
1456 3328 1727 3390 dicebat:
1763 3317 1886 3390 lino
1918 3331 1964 3390 si
1987 3349 2071 3393 me

2177 3318 2428 3399 Ξλέκτορα
2488 3328 2763 3403 φωνῆσαι,
2796 3325 2905 3401 τρὶς
2952 3323 3234 3401 ἀπαρνήσῃ
3279 3345 3371 3399 με.
3432 3317 3487 3382 Ὀ
3519 3322 3573 3380 δὲ
3617 3322 3676 3378 ἐκ
3715 3345 3817 3379 πε-

433 3417 764 3498 oportuerit
790 3417 1075 3476 commori
1106 3416 1232 3489 tibi,
1257 3436 1374 3476 non
1412 3426 1469 3478 te
1515 3416 1760 3496 negabo.
1798 3417 2073 3482 Similiter

2173 3417 2343 3489 ρισσοῦ
2396 3410 2547 3490 ἒλεγε
2575 3427 2589 3441 ⁸
2638 3411 2854 3469 Μᾶλλον
2904 3411 2993 3468 ἐάν
3040 3434 3106 3488 με
3147 3410 3241 3488 δέῃ
3270 3417 3655 3470 συναποθανεῖν
3709 3434 3813 3491 σοι,

431 3493 630 3568 autem
665 3513 723 3566 et
753 3524 962 3566 omnes
992 3505 1328 3566 dicebant.»
1365 3493 1869 3584 Gratiasvegerunt
1892 3522 1946 3568 et
1979 3527 2071 3569 an-

2178 3499 2224 3554 νδ
2282 3501 2358 3574 μή
2397 3521 2455 3556 σε
2507 3503 2921 3580 ἁπαρνήσωμαι,
2986 3493 3261 3565 Ὡσαύτως
3346 3500 3402 3557 δὲ
3458 3504 3545 3558 καὶ
3624 3503 3818 3561 πάντες

432 3605 672 3675 tequam
723 3593 1055 3656 bibissent:
1096 3601 1153 3653 et
1184 3603 1490 3674 postquam
1540 3594 1827 3656 bibissent
1869 3597 2072 3674 gratias

2184 3585 2373 3666 ελεγον.
2421 3609 2450 3648 ι
2514 3591 2923 3670 Εὐχαρίστησαν
2986 3593 3072 3648 καὶ
3129 3593 3230 3669 πρὸ
3286 3599 3377 3647 τοῦ
3447 3605 3617 3665 πιεῖν,
3665 3591 3824 3670 εὐχα-

433 3693 681 3764 egerunt
708 3704 719 3745 :
744 3691 806 3743 ut
837 3692 895 3743 et
925 3701 1032 3742 nos
1061 3681 1358 3743 discamus
1390 3685 1544 3763 quod
1577 3693 1840 3763 oporteat
1872 3687 2073 3764 gratias

2179 3679 2415 3744 >ίστησαν
2473 3681 2562 3734 καὶ
2617 3682 2754 3755 μετὰ
2796 3682 2856 3736 τὸ
2913 3694 3086 3760 πιεῖν,
3145 3681 3238 3735 ἵνα
3283 3683 3368 3737 καὶ
3410 3683 3575 3755 ἡμεῖς
3633 3683 3819 3755 μάθω-

435 3793 613 3854 agere
645 3773 883 3836 Christo
933 3781 988 3832 et
1025 3771 1217 3850 ipsum
1251 3773 1494 3834 laudare
1517 3783 1573 3835 et
1602 3783 1736 3834 ante
1768 3775 1991 3850 cibum,
2028 3783 2075 3836 et

2178 3787 2284 3842 LBV,
2344 3766 2425 3822 ὅτι
2483 3766 2954 3849 δεῖεῦχαριστεῖν
3005 3772 3094 3826 γαὶ
3148 3773 3361 3846 ὑμνεῖν,
3418 3772 3508 3826 καὶ
3560 3773 3662 3848 πρὸ
3720 3775 3818 3836 τῆς

434 3853 568 3945 post
598 3861 1128 3924 cibum.Pra‘:terea
1161 3864 1334 3922 etiam
1361 3863 1471 3923 hoc
1502 3862 1894 3943 iudicatquod
1918 3873 2074 3942 grata

2177 3861 2387 3936 τροφῆς,
2447 3859 2535 3912 καὶ
2590 3860 2724 3932 μετὰ
2773 3860 2869 3926 τὴν
2918 3862 3145 3938 τροφήν,
3193 3853 3362 3934 ’Ἅμα
3420 3857 3474 3914 δὲ
3529 3862 3616 3916 καὶ
3663 3867 3817 3916 τοῦτο

434 3941 510 4015 sit
541 3955 592 4013 ei
627 3970 788 4012 mors
822 3969 926 4031 pro
982 3950 1174 4022 nobis,
1225 3953 1504 4030 quoniam
1553 3952 1727 4012 etiam
1761 3941 1989 4014 iexiens
2020 3964 2074 4014 ut

2176 3941 2443 4021 δείκνυσιν,
2504 3946 2585 4002 ὅτι
2644 3948 2915 4013 ἀσπαστός
2978 3948 3120 4005 ἐστιν
3181 3949 3322 4023 αὒτῴ
3381 3951 3408 4006 ὁ
3477 3950 3606 4026 ὑπὲρ
3662 3952 3816 4023 ἡμῶν

444 4040 1013 4113 traderetur,laudat
1038 4040 1642 4104 Dominum.0mnino
1673 4050 1868 4104 autem
1898 4052 1955 4103 et
1976 4063 2083 4104 nos

2178 4034 2410 4110 iévatoc,
2468 4035 2526 4098 ὅς
2579 4059 2638 4115 γε
2720 4038 2806 4094 ἐπὶ
2883 4039 2958 4112 τῷ
3031 4037 3395 4117 παραδοθῆναι
3451 4038 3600 4103 ἐξιὼν
3658 4040 3818 4114 ὑμνεῖ

439 4137 632 4213 docet,
668 4131 718 4193 si
750 4129 985 4212 quando
1019 4129 1079 4189 in
1124 4131 1370 4191 adversa
1411 4149 1514 4210 pro
1550 4131 1865 4192 multorum
1895 4133 2079 4193 salute

2169 4123 2253 4179 τὸν
2285 4125 2440 4186 Θεόν.
2486 4127 2704 4188 Πάντως
2762 4124 2816 4181 δὲ
2873 4130 2963 4183 καὶ
3007 4130 3151 4204 ἡμᾶς
3180 4127 3435 4202 διδάσκει,
3469 4126 3593 4184 ὅταν
3622 4125 3809 4184 θλιϐε-

440 4222 934 4300 inciderimus,ne
965 4219 1169 4280 tristes
1191 4219 1510 4300 simus,sed
1540 4222 1823 4299 etgratias
1843 4241 2080 4298 agamus

2167 4214 2282 4289 ροῖς
2339 4216 2709 4292 περιπέσωμεν
2775 4218 2848 4281 εἷς
2909 4219 3177 4297 σωτηρίαν
3235 4217 3470 4292 πολλῶν,
3532 4218 3610 4290 μὴ
3680 4217 3807 4276 ἆθυο

435 4309 687 4390 Deo,qui
711 4318 971 4369 nostram
994 4307 1446 4368 afﬂictionemin
1481 4310 1799 4369 multorum
1832 4309 2075 4371 salutem

2171 4317 2314 4379 μεῖν,
2372 4303 2493 4359 ἀλλ’
2558 4307 2899 4384 εὐχαριστεῖν
2957 4314 3035 4382 τῷ
3093 4312 3231 4384 Θεῷ,
3274 4314 3351 4382 τῷ
3393 4307 3476 4364 διὰ
3519 4313 3614 4374 τῆς
3667 4310 3811 4383 ἡμε-

441 4409 740 4481 operatur.
777 4396 1087 4475 Egreditur
1133 4415 1268 4458 vero
1302 4397 1362 4458 in
1395 4408 1657 4458 montem
1689 4398 1988 4460 Olivarum
2023 4407 2081 4459 ut

2168 4394 2315 4470 τέρας
2392 4393 2621 4468 θλίψεως
2717 4395 3157 4474 κατεργαζομένῳ
3235 4401 3501 4474 σωτηρίαν
3571 4395 3808 4455 πολλῶν.

441 4490 763 4553 solitarium
823 4486 1220 4566 adorirentur,
1255 4496 1310 4546 et
1342 4487 1702 4549 detinerent.
1741 4506 1814 4546 ne
1847 4496 2072 4549 tantum

2176 4483 2470 4562 Εξέρχεται
2520 4481 2574 4538 δὲ
2606 4485 2677 4547 εἷς
2706 4487 2767 4540 τὸ
2799 4482 2934 4563 δρως
2965 4490 3072 4542 τῶν
3103 4485 3358 4567 Ἐλαιῶν,
3387 4486 3481 4542 ’ἕνα
3510 4487 3816 4562 καταμόνας

439 4579 758 4640 tumultum
797 4575 1033 4636 faciant.
1083 4573 1226 4635 Nam
1259 4575 1307 4635 si
1342 4575 1401 4635 in
1432 4575 1668 4637 civitate
1691 4575 1886 4656 ipsum
1910 4576 2078 4637 inva-

2174 4569 2272 4630 5’ντι
2333 4571 2641 4634 επελθόντες
2709 4574 2798 4628 καὶ
2847 4572 3238 4654 κατασχόντες,
3282 4576 3361 4650 μὴ
3419 4576 3668 4631 τοσοῦτον
3718 4575 3814 4630 θό-

441 4669 682 4738 sissent,
715 4664 986 4725 fortassis
1011 4663 1250 4725 suborta
1283 4663 1492 4726 fuisset
1536 4663 1727 4739 turba,
1763 4673 1820 4727 et
1849 4665 2079 4727 inimici

2169 4658 2315 4739 ρυόον
2373 4661 2699 4728 ποιήσωσιν,
2750 4663 2806 4718 Εἰ
2835 4663 2937 4741 γὰρ
2966 4661 3021 4718 ἓν
3076 4669 3146 4740 τῇ
3188 4663 3341 4720 πόλει
3400 4663 3512 4721 ὄντι
3559 4661 3809 4738 ἰπῆλθον,

439 4757 754 4820 occasione
785 4753 1223 4832 quapiam,quaa
1244 4754 1408 4832 justa
1437 4754 1621 4815 videri
1655 4754 2073 4834 potuisset,ap-

2170 4751 2326 4830 τυχὸν
2383 4747 2443 4805 ἂν
2506 4749 2780 4830 ἐταράχθη
2844 4752 2905 4807 τὸ
2961 4751 3164 4819 πλῆθος
3220 4751 3306 4809 ἐπ’
3362 4757 3526 4829 αὐτῷ’
3576 4755 3661 4810 καὶ
3690 4755 3810 4810 τότε

435 4847 751 4928 prehensa,
784 4842 896 4903 visi
929 4841 1178 4902 fuissent
1208 4842 1402 4922 ipsum
1429 4843 1590 4921 juste
1620 4854 1683 4906 ut
1727 4843 2072 4905 seditiosum

2169 4838 2546 4928 εὖλογοφανούς
2588 4841 2835 4928 ᾂφορμῇς
2893 4839 3204 4920 δραξάμενοι
3270 4845 3317 4900 οἱ
3369 4841 3573 4923 ἐχθροὶ,
3631 4841 3809 4909 ἔδοξαν

433 4927 1076 4998 ἱηῑενῆοετθῬνωοίοἱι
1105 4941 1299 4993 autem
1338 4931 1454 4992 illis
1485 4933 1640 5012 quod
1675 4939 1736 4995 et
1757 4932 2073 4993 offendicu-

2163 4927 2218 4984 ἂν
2273 4928 2430 4984 αὐτὸν
2491 4927 2703 4985 ἀνελεῖν
2757 4927 2972 4996 δικαίως
3026 4933 3100 4993 ὼς
3170 4935 3519 5003 στασιαστήν,
3581 4938 3803 5012 Προφη-

434 5025 554 5088 lum
588 5024 815 5106 passuri
849 5029 1066 5082 essent.
1105 5025 1311 5082 Postea
1341 5039 1415 5081 ne
1445 5021 1754 5083 videantur
1788 5022 1913 5082 hanc
1945 5040 2074 5083 esse

2163 5017 2296 5074 τεύει
2351 5015 2406 5072 δὲ
2460 5019 2643 5082 αὐτοῖς
2697 5018 2776 5074 ὄτι
2824 5021 2912 5075 καὶ
2941 5017 3513 5091 σκανδαλισθήσονται,
3540 5023 3679 5080 Εἶτα
3712 5021 3803 5078 ἵνα

431 5115 490 5175 in
547 5105 913 5176 manifestam
972 5109 1235 5170 omnium
1304 5111 1782 5187 accusationem,
1839 5110 2071 5172 adducit

2161 5106 2236 5182 μὴ
2313 5105 2437 5181 δόξῃ
2509 5109 2782 5185 προφανὴς
2857 5113 2997 5165 εἶναι
3079 5112 3374 5188 κατηγορία
3443 5113 3657 5168 πάντων
3742 5113 3801 5167 τὸ

431 5207 607 5265 etiam
645 5199 1046 5266 testimonium
1082 5218 1150 5260 cx
1177 5199 1462 5280 propheta
1492 5199 1770 5262 Zacharia
1791 5199 1947 5281 quod
1980 5199 2071 5258 di-

2165 5203 2418 5274 τοιοῦτον,
2488 5197 2712 5274 παράγει
2787 5198 2874 5252 καὶ
2951 5199 3240 5277 μαρτυρίαν
3284 5199 3343 5256 ὲκ
3385 5208 3478 5256 τοῦ
3531 5203 3805 5281 προφήτου

432 5291 752 5373 spergendi
805 5297 1028 5351 essent.
1063 5289 1334 5368 Denique
1365 5297 1420 5349 et
1450 5290 1914 5352 consolationem
1959 5288 2072 5353 illis

2161 5285 2448 5365 Ζαχαρίου,
2506 5284 2585 5341 ὅτι
2660 5285 3254 5366 διασκορπισθήσονται.
3334 5289 3653 5349 Τελευταῦον
3722 5288 3799 5365 δὲ,

427 5383 599 5444 affert
631 5381 835 5441 dicens
867 5399 878 5440 :
915 5376 1250 5438 Praecedam
1274 5395 1374 5437 vos
1396 5377 1456 5438 in
1487 5376 1929 5459 Galilaeam,hoc
1961 5385 2067 5450 est,

2162 5377 2247 5432 καὶ
2300 5376 2631 5453 παραμυθίαν
2708 5377 2893 5455 ἐπάγει
2966 5381 3171 5455 αὐτοῖς,
3262 5377 3340 5436 ὅτι
3401 5380 3617 5459 Προάξω
3668 5381 3802 5455 ὑμᾶς

425 5468 813 5552 ριίενθοίαω.
847 5472 921 5529 At
949 5470 1154 5529 Petrus
1179 5465 1408 5526 obsistit
1436 5487 1448 5528 :
1482 5467 1617 5530 ideo
1638 5477 1694 5530 et
1725 5470 1887 5530 audit
1915 5467 2065 5552 quod

2163 5468 2232 5530 εἷς
2285 5466 2382 5530 τὴν
2427 5461 2735 5540 Γαλιλαίαν,
2794 5466 3054 5528 τουτέστι.
3103 5467 3378 5547 προλάϐω,
3415 5467 3564 5525 ’Δλλ’
3609 5469 3637 5526 ὃ
3696 5469 3803 5524 Πέ-

502 5631 534 5683 ‘
561 5625 749 5696 Βασὰ.
780 5643 941 5702 xxxv,
973 5626 1034 5689 8.
