  <div class='ocr_page' id='page_1' title='image "/cluster/home/n/w/nwhite01/storage/ocr_20150623/123/mdp.39015009359079/334.png"; bbox 0 0 4170 6282; ppageno 0'>
   <div class='ocr_carea' id='block_1_1' title="bbox 342 372 460 438">
    <p class='ocr_par' dir='ltr' id='par_1_1' title="bbox 342 372 460 438">
     <span class='ocr_line' id='line_1_1' title="bbox 342 372 460 438; baseline 0.034 -4"><span class='ocrx_word' id='word_1_1' title='bbox 342 372 460 438; x_wconf 86' lang='grc'><strong>653</strong></span> 
     </span>
    </p>
   </div>
   <div class='ocr_carea' id='block_1_2' title="bbox 1049 373 3029 445">
    <p class='ocr_par' dir='ltr' id='par_1_2' title="bbox 1049 373 3029 445">
     <span class='ocr_line' id='line_1_2' title="bbox 1049 373 3029 445; baseline -0.003 0"><span class='ocrx_word' id='word_1_2' title='bbox 1049 381 1495 445; x_wconf 81' lang='lat' dir='ltr'><strong>ENARRATIO</strong></span> <span class='ocrx_word' id='word_1_3' title='bbox 1538 380 1621 442; x_wconf 89' lang='lat' dir='ltr'><strong>IN</strong></span> <span class='ocrx_word' id='word_1_4' title='bbox 1666 375 2171 442; x_wconf 83' lang='lat' dir='ltr'><strong>EVANGELIUM</strong></span> <span class='ocrx_word' id='word_1_5' title='bbox 2219 373 2483 438; x_wconf 84' lang='lat' dir='ltr'><strong>MARCI.</strong></span> <span class='ocrx_word' id='word_1_6' title='bbox 2530 406 2604 421; x_wconf 92' lang='grc'><strong><em>-</em></strong></span> <span class='ocrx_word' id='word_1_7' title='bbox 2653 378 2817 439; x_wconf 87' lang='lat' dir='ltr'><strong>CAP.</strong></span> <span class='ocrx_word' id='word_1_8' title='bbox 2868 377 3029 440; x_wconf 81' lang='lat' dir='ltr'>XIV.</span> 
     </span>
    </p>
   </div>
   <div class='ocr_carea' id='block_1_3' title="bbox 3611 377 3727 443">
    <p class='ocr_par' dir='ltr' id='par_1_3' title="bbox 3611 377 3727 443">
     <span class='ocr_line' id='line_1_3' title="bbox 3611 377 3727 443; baseline -0.017 0"><span class='ocrx_word' id='word_1_9' title='bbox 3611 377 3727 443; x_wconf 77' lang='grc'><strong>654</strong></span> 
     </span>
    </p>
   </div>
   <div class='ocr_carea' id='block_1_4' title="bbox 334 508 2007 594">
    <p class='ocr_par' dir='ltr' id='par_1_4' title="bbox 334 509 1998 592">
     <span class='ocr_line' id='line_1_4' title="bbox 334 509 1998 592; baseline 0.001 -28"><span class='ocrx_word' id='word_1_10' title='bbox 334 530 461 585; x_wconf 82' lang='grc' dir='ltr'>τρος</span> <span class='ocrx_word' id='word_1_11' title='bbox 517 510 807 589; x_wconf 68' lang='grc' dir='ltr'>ἐνίσταται,</span> <span class='ocrx_word' id='word_1_12' title='bbox 869 511 949 569; x_wconf 79' lang='grc' dir='ltr'>διὸ</span> <span class='ocrx_word' id='word_1_13' title='bbox 1008 514 1096 570; x_wconf 84' lang='grc' dir='ltr'><strong>καὶ</strong></span> <span class='ocrx_word' id='word_1_14' title='bbox 1153 513 1358 592; x_wconf 83' lang='grc' dir='ltr'>ἀκούει,</span> <span class='ocrx_word' id='word_1_15' title='bbox 1393 509 1473 567; x_wconf 73' lang='grc' dir='ltr'>ὅτι</span> <span class='ocrx_word' id='word_1_16' title='bbox 1521 510 1710 590; x_wconf 71' lang='grc' dir='ltr'>Πρὶνῆ</span> <span class='ocrx_word' id='word_1_17' title='bbox 1743 509 1998 590; x_wconf 76' lang='grc' dir='ltr'><strong>ἀλέκτορα</strong></span> 
     </span>
    </p>
   </div>
   <div class='ocr_carea' id='block_1_5' title="bbox 2091 508 3729 594">
    <p class='ocr_par' dir='ltr' id='par_1_5' title="bbox 2091 508 3729 594">
     <span class='ocr_line' id='line_1_5' title="bbox 2091 508 3729 594; baseline 0.003 -24"><span class='ocrx_word' id='word_1_18' title='bbox 2091 508 2411 589; x_wconf 76' lang='lat' dir='ltr'><strong>Antequam</strong></span> <span class='ocrx_word' id='word_1_19' title='bbox 2445 510 2633 590; x_wconf 83' lang='lat' dir='ltr'><strong>gallus</strong></span> <span class='ocrx_word' id='word_1_20' title='bbox 2666 511 2755 575; x_wconf 92' lang='lat' dir='ltr'><strong>bis</strong></span> <span class='ocrx_word' id='word_1_21' title='bbox 2787 520 2978 593; x_wconf 83' lang='lat' dir='ltr'><strong>canat,</strong></span> <span class='ocrx_word' id='word_1_22' title='bbox 3013 520 3103 573; x_wconf 83' lang='lat' dir='ltr'><strong>ter</strong></span> <span class='ocrx_word' id='word_1_23' title='bbox 3127 532 3221 575; x_wconf 92' lang='lat' dir='ltr'><strong>me</strong></span> <span class='ocrx_word' id='word_1_24' title='bbox 3250 513 3729 594; x_wconf 85' lang='lat' dir='ltr'><strong>abnegabis.Hoc</strong></span> 
     </span>
    </p>
   </div>
   <div class='ocr_carea' id='block_1_6' title="bbox 340 595 1999 681">
    <p class='ocr_par' dir='ltr' id='par_1_6' title="bbox 340 595 1999 681">
     <span class='ocr_line' id='line_1_6' title="bbox 340 595 1999 681; baseline 0.001 -28"><span class='ocrx_word' id='word_1_25' title='bbox 340 595 413 659; x_wconf 83' lang='grc' dir='ltr'><strong>δὶς</strong></span> <span class='ocrx_word' id='word_1_26' title='bbox 465 601 737 678; x_wconf 67' lang='grc' dir='ltr'>φωνῆσαι,</span> <span class='ocrx_word' id='word_1_27' title='bbox 794 604 905 681; x_wconf 82' lang='grc' dir='ltr'>τρὶς</span> <span class='ocrx_word' id='word_1_28' title='bbox 964 602 1251 681; x_wconf 77' lang='grc' dir='ltr'>ἆπαρνὴσῃ</span> <span class='ocrx_word' id='word_1_29' title='bbox 1311 623 1402 676; x_wconf 89' lang='grc' dir='ltr'>με.</span> <span class='ocrx_word' id='word_1_30' title='bbox 1462 602 1625 659; x_wconf 74' lang='grc' dir='ltr'>Τοῦτο</span> <span class='ocrx_word' id='word_1_31' title='bbox 1667 598 1721 655; x_wconf 77' lang='grc' dir='ltr'>δὲ</span> <span class='ocrx_word' id='word_1_32' title='bbox 1765 600 1999 656; x_wconf 58' lang='grc' dir='ltr'>τοιοῦτό)</span> 
     </span>
    </p>
   </div>
   <div class='ocr_carea' id='block_1_7' title="bbox 341 686 1999 768">
    <p class='ocr_par' dir='ltr' id='par_1_7' title="bbox 341 686 1999 768">
     <span class='ocr_line' id='line_1_7' title="bbox 341 686 1999 768; baseline 0.001 -27"><span class='ocrx_word' id='word_1_33' title='bbox 341 686 511 748; x_wconf 79' lang='grc' dir='ltr'>ἐστιν.</span> <span class='ocrx_word' id='word_1_34' title='bbox 568 688 871 768; x_wconf 81' lang='grc' dir='ltr'>Ἠρνήσατο</span> <span class='ocrx_word' id='word_1_35' title='bbox 946 689 1082 755; x_wconf 74' lang='grc' dir='ltr'>ἅπαξ</span> <span class='ocrx_word' id='word_1_36' title='bbox 1168 693 1195 746; x_wconf 98' lang='lat'><strong>6</strong></span> <span class='ocrx_word' id='word_1_37' title='bbox 1273 690 1509 768; x_wconf 79' lang='grc' dir='ltr'><strong>Πέτρος·</strong></span> <span class='ocrx_word' id='word_1_38' title='bbox 1592 693 1712 744; x_wconf 77' lang='grc' dir='ltr'>εἶτα</span> <span class='ocrx_word' id='word_1_39' title='bbox 1764 687 1999 765; x_wconf 80' lang='grc' dir='ltr'><strong>ἀλέκτωρ</strong></span> 
     </span>
    </p>
   </div>
   <div class='ocr_carea' id='block_1_8' title="bbox 343 774 1998 859">
    <p class='ocr_par' dir='ltr' id='par_1_8' title="bbox 343 774 1998 859">
     <span class='ocr_line' id='line_1_8' title="bbox 343 774 1998 859; baseline -0.001 -28"><span class='ocrx_word' id='word_1_40' title='bbox 343 775 641 856; x_wconf 73' lang='grc' dir='ltr'><strong>ἐφώνησεν,</strong></span> <span class='ocrx_word' id='word_1_41' title='bbox 703 778 1074 859; x_wconf 72' lang='grc' dir='ltr'><strong>ἀρνησαμένου</strong></span> <span class='ocrx_word' id='word_1_42' title='bbox 1130 778 1186 834; x_wconf 78' lang='grc' dir='ltr'>δὲ</span> <span class='ocrx_word' id='word_1_43' title='bbox 1246 779 1458 841; x_wconf 79' lang='grc' dir='ltr'>καὶτὰς</span> <span class='ocrx_word' id='word_1_44' title='bbox 1503 776 1666 840; x_wconf 71' lang='grc' dir='ltr'>ἄλλας</span> <span class='ocrx_word' id='word_1_45' title='bbox 1696 774 1785 832; x_wconf 88' lang='grc' dir='ltr'><strong>δύο</strong></span> <span class='ocrx_word' id='word_1_46' title='bbox 1829 777 1998 855; x_wconf 69' lang='grc' dir='ltr'>ἀρνή-</span> 
     </span>
    </p>
   </div>
   <div class='ocr_carea' id='block_1_9' title="bbox 340 864 1997 947">
    <p class='ocr_par' dir='ltr' id='par_1_9' title="bbox 340 864 1997 947">
     <span class='ocr_line' id='line_1_9' title="bbox 340 864 1997 947; baseline 0 -26"><span class='ocrx_word' id='word_1_47' title='bbox 340 886 478 932; x_wconf 79' lang='grc' dir='ltr'>σεις,</span> <span class='ocrx_word' id='word_1_48' title='bbox 537 866 655 923; x_wconf 83' lang='grc' dir='ltr'>τότε</span> <span class='ocrx_word' id='word_1_49' title='bbox 716 868 992 947; x_wconf 79' lang='grc' dir='ltr'><strong>ἐφώνησεν</strong></span> <span class='ocrx_word' id='word_1_50' title='bbox 1050 871 1077 924; x_wconf 96' lang='lat'><strong>6</strong></span> <span class='ocrx_word' id='word_1_51' title='bbox 1133 867 1394 936; x_wconf 79' lang='grc' dir='ltr'><strong>ἀλέκτωρ.</strong></span> <span class='ocrx_word' id='word_1_52' title='bbox 1448 873 1612 923; x_wconf 81' lang='grc' dir='ltr'>Τοῦτο</span> <span class='ocrx_word' id='word_1_53' title='bbox 1661 866 1749 922; x_wconf 62' lang='grc' dir='ltr'><strong>οὖν</strong></span> <span class='ocrx_word' id='word_1_54' title='bbox 1778 864 1997 921; x_wconf 80' lang='grc' dir='ltr'>ἒνταὺθα</span> 
     </span>
    </p>
   </div>
   <div class='ocr_carea' id='block_1_10' title="bbox 337 953 1994 1037">
    <p class='ocr_par' dir='ltr' id='par_1_10' title="bbox 337 953 1994 1037">
     <span class='ocr_line' id='line_1_10' title="bbox 337 953 1994 1037; baseline 0.016 -31"><span class='ocrx_word' id='word_1_55' title='bbox 337 953 488 1032; x_wconf 66' lang='grc' dir='ltr'>ὶέγει</span> <span class='ocrx_word' id='word_1_56' title='bbox 526 974 539 987; x_wconf 90' lang='grc'><strong>·</strong></span> <span class='ocrx_word' id='word_1_57' title='bbox 619 958 744 1035; x_wconf 83' lang='grc' dir='ltr'>Πρὶν</span> <span class='ocrx_word' id='word_1_58' title='bbox 803 957 1067 1037; x_wconf 73' lang='grc' dir='ltr'>ἀλέκτορα</span> <span class='ocrx_word' id='word_1_59' title='bbox 1124 957 1365 1037; x_wconf 67' lang='grc' dir='ltr'><strong>φωνῆσκι</strong></span> <span class='ocrx_word' id='word_1_60' title='bbox 1431 953 1531 1033; x_wconf 65' lang='grc' dir='ltr'><strong>δὶς,</strong></span> <span class='ocrx_word' id='word_1_61' title='bbox 1589 955 1871 1033; x_wconf 70' lang='grc' dir='ltr'>ἀπαρνὴσῃ</span> <span class='ocrx_word' id='word_1_62' title='bbox 1929 975 1994 1028; x_wconf 69' lang='grc' dir='ltr'><strong>με</strong></span> 
     </span>
    </p>
   </div>
   <div class='ocr_carea' id='block_1_11' title="bbox 331 1037 1997 1122">
    <p class='ocr_par' dir='ltr' id='par_1_11' title="bbox 331 1037 1997 1122">
     <span class='ocr_line' id='line_1_11' title="bbox 331 1037 1997 1122; baseline 0.005 -23"><span class='ocrx_word' id='word_1_63' title='bbox 331 1047 471 1122; x_wconf 76' lang='grc' dir='ltr'>τρίς.</span> <span class='ocrx_word' id='word_1_64' title='bbox 537 1037 764 1121; x_wconf 76' lang='grc' dir='ltr'>Ὀμοίως</span> <span class='ocrx_word' id='word_1_65' title='bbox 851 1046 907 1102; x_wconf 76' lang='grc' dir='ltr'><strong>δὲ</strong></span> <span class='ocrx_word' id='word_1_66' title='bbox 999 1049 1089 1103; x_wconf 86' lang='grc' dir='ltr'><strong>καὶ</strong></span> <span class='ocrx_word' id='word_1_67' title='bbox 1172 1047 1365 1109; x_wconf 78' lang='grc' dir='ltr'>πάντες</span> <span class='ocrx_word' id='word_1_68' title='bbox 1424 1046 1729 1119; x_wconf 72' lang='grc' dir='ltr'>θερμότητα</span> <span class='ocrx_word' id='word_1_69' title='bbox 1784 1044 1997 1122; x_wconf 69' lang='grc' dir='ltr'>ψυχρὰν</span> 
     </span>
    </p>
   </div>
   <div class='ocr_carea' id='block_1_12' title="bbox 330 1132 1998 1216">
    <p class='ocr_par' dir='ltr' id='par_1_12' title="bbox 330 1132 1998 1216">
     <span class='ocr_line' id='line_1_12' title="bbox 330 1132 1998 1216; baseline -0.001 -29"><span class='ocrx_word' id='word_1_70' title='bbox 330 1132 750 1216; x_wconf 75' lang='grc' dir='ltr'>ἐνδεικνύμενοι,</span> <span class='ocrx_word' id='word_1_71' title='bbox 808 1138 1168 1215; x_wconf 75' lang='grc' dir='ltr'>ὑπισχνοῦντο</span> <span class='ocrx_word' id='word_1_72' title='bbox 1208 1158 1219 1169; x_wconf 89' lang='grc'><strong>·</strong></span> <span class='ocrx_word' id='word_1_73' title='bbox 1271 1135 1367 1201; x_wconf 79' lang='grc' dir='ltr'><strong>τὴν</strong></span> <span class='ocrx_word' id='word_1_74' title='bbox 1425 1132 1807 1203; x_wconf 68' lang='grc' dir='ltr'>αὖτοαλήθειαν</span> <span class='ocrx_word' id='word_1_75' title='bbox 1864 1132 1998 1207; x_wconf 79' lang='grc' dir='ltr'>ψεύ-</span> 
     </span>
    </p>
   </div>
   <div class='ocr_carea' id='block_1_13' title="bbox 330 1221 2000 1302">
    <p class='ocr_par' dir='ltr' id='par_1_13' title="bbox 330 1221 2000 1302">
     <span class='ocr_line' id='line_1_13' title="bbox 330 1221 2000 1302; baseline 0.004 -24"><span class='ocrx_word' id='word_1_76' title='bbox 330 1221 511 1279; x_wconf 87' lang='grc' dir='ltr'>δεσθαι</span> <span class='ocrx_word' id='word_1_77' title='bbox 562 1232 856 1299; x_wconf 81' lang='grc' dir='ltr'>ποιοῦντες,</span> <span class='ocrx_word' id='word_1_78' title='bbox 905 1224 985 1280; x_wconf 77' lang='grc' dir='ltr'>διὸ</span> <span class='ocrx_word' id='word_1_79' title='bbox 1046 1226 1135 1281; x_wconf 86' lang='grc' dir='ltr'><strong>καὶ</strong></span> <span class='ocrx_word' id='word_1_80' title='bbox 1189 1237 1513 1302; x_wconf 77' lang='grc' dir='ltr'>παραχωρεῖ</span> <span class='ocrx_word' id='word_1_81' title='bbox 1570 1226 1596 1279; x_wconf 90' lang='lat'><strong>6</strong></span> <span class='ocrx_word' id='word_1_82' title='bbox 1652 1223 1864 1300; x_wconf 81' lang='grc' dir='ltr'>Κύριος,</span> <span class='ocrx_word' id='word_1_83' title='bbox 1911 1223 2000 1276; x_wconf 70' lang='grc' dir='ltr'>’καὶ</span> 
     </span>
    </p>
   </div>
   <div class='ocr_carea' id='block_1_14' title="bbox 334 1310 2001 1392">
    <p class='ocr_par' dir='ltr' id='par_1_14' title="bbox 334 1310 2001 1392">
     <span class='ocr_line' id='line_1_14' title="bbox 334 1310 2001 1392; baseline -0.001 -25"><span class='ocrx_word' id='word_1_84' title='bbox 334 1314 375 1379; x_wconf 78' lang='grc' dir='ltr'><strong>ἡ</strong></span> <span class='ocrx_word' id='word_1_85' title='bbox 423 1312 723 1389; x_wconf 62' lang='grc' dir='ltr'>ἆνθρωπῖνη</span> <span class='ocrx_word' id='word_1_86' title='bbox 781 1316 929 1392; x_wconf 80' lang='grc' dir='ltr'>φύσις</span> <span class='ocrx_word' id='word_1_87' title='bbox 976 1314 1043 1369; x_wconf 75' lang='grc' dir='ltr'>τὰ</span> <span class='ocrx_word' id='word_1_88' title='bbox 1101 1313 1291 1379; x_wconf 73' lang='grc' dir='ltr'>ἑαυτῆς</span> <span class='ocrx_word' id='word_1_89' title='bbox 1349 1310 1722 1372; x_wconf 75' lang='grc' dir='ltr'>ἐπιδείκνυται,</span> <span class='ocrx_word' id='word_1_90' title='bbox 1782 1311 2001 1372; x_wconf 76' lang='grc' dir='ltr'>Πάντως</span> 
     </span>
    </p>
   </div>
   <div class='ocr_carea' id='block_1_15' title="bbox 341 1399 2003 1481">
    <p class='ocr_par' dir='ltr' id='par_1_15' title="bbox 341 1399 2003 1481">
     <span class='ocr_line' id='line_1_15' title="bbox 341 1399 2003 1481; baseline -0.002 -25"><span class='ocrx_word' id='word_1_91' title='bbox 341 1402 448 1479; x_wconf 74' lang='grc' dir='ltr'><strong>γὰρ</strong></span> <span class='ocrx_word' id='word_1_92' title='bbox 492 1404 518 1457; x_wconf 81' lang='grc' dir='ltr'><strong>ὁ</strong></span> <span class='ocrx_word' id='word_1_93' title='bbox 567 1403 748 1477; x_wconf 82' lang='grc' dir='ltr'>Κύριος</span> <span class='ocrx_word' id='word_1_94' title='bbox 794 1402 1018 1469; x_wconf 78' lang='grc' dir='ltr'>ἠδύνατο</span> <span class='ocrx_word' id='word_1_95' title='bbox 1083 1408 1315 1481; x_wconf 76' lang='grc' dir='ltr'>τηρῆσαι</span> <span class='ocrx_word' id='word_1_96' title='bbox 1369 1403 1576 1473; x_wconf 69' lang='grc' dir='ltr'>αὖτοὺς,</span> <span class='ocrx_word' id='word_1_97' title='bbox 1628 1402 1716 1455; x_wconf 77' lang='grc' dir='ltr'><strong>καὶ</strong></span> <span class='ocrx_word' id='word_1_98' title='bbox 1769 1399 2003 1474; x_wconf 67' lang='grc' dir='ltr'>μάλιστα</span> 
     </span>
    </p>
   </div>
   <div class='ocr_carea' id='block_1_16' title="bbox 342 1486 2000 1570">
    <p class='ocr_par' dir='ltr' id='par_1_16' title="bbox 342 1486 2000 1570">
     <span class='ocr_line' id='line_1_16' title="bbox 342 1486 2000 1570; baseline -0.003 -23"><span class='ocrx_word' id='word_1_99' title='bbox 342 1492 438 1547; x_wconf 68' lang='grc' dir='ltr'>τὸν</span> <span class='ocrx_word' id='word_1_100' title='bbox 500 1490 693 1562; x_wconf 86' lang='grc' dir='ltr'>Πέτρον</span> <span class='ocrx_word' id='word_1_101' title='bbox 726 1509 741 1522; x_wconf 75' lang='grc' dir='ltr'><strong><em>ο</em></strong></span> <span class='ocrx_word' id='word_1_102' title='bbox 802 1490 922 1548; x_wconf 73' lang='grc' dir='ltr'>ἀλλ’</span> <span class='ocrx_word' id='word_1_103' title='bbox 962 1491 1110 1567; x_wconf 76' lang='grc' dir='ltr'>ὅμως</span> <span class='ocrx_word' id='word_1_104' title='bbox 1168 1491 1391 1570; x_wconf 70' lang='grc' dir='ltr'>ἀφῆκεν,</span> <span class='ocrx_word' id='word_1_105' title='bbox 1422 1490 1515 1545; x_wconf 66' lang='grc' dir='ltr'>’ἵνα</span> <span class='ocrx_word' id='word_1_106' title='bbox 1569 1490 1645 1563; x_wconf 81' lang='grc' dir='ltr'>μὴ</span> <span class='ocrx_word' id='word_1_107' title='bbox 1692 1486 2000 1549; x_wconf 85' lang='grc' dir='ltr'>πεποιθότες</span> 
     </span>
    </p>
   </div>
   <div class='ocr_carea' id='block_1_17' title="bbox 344 1575 2001 1658">
    <p class='ocr_par' dir='ltr' id='par_1_17' title="bbox 344 1575 2001 1658">
     <span class='ocr_line' id='line_1_17' title="bbox 344 1575 2001 1658; baseline -0.002 -25"><span class='ocrx_word' id='word_1_108' title='bbox 344 1580 492 1652; x_wconf 83' lang='grc' dir='ltr'>ὦμεν</span> <span class='ocrx_word' id='word_1_109' title='bbox 547 1578 629 1658; x_wconf 66' lang='grc' dir='ltr'><strong>ἔφ’</strong></span> <span class='ocrx_word' id='word_1_110' title='bbox 692 1581 930 1642; x_wconf 74' lang='grc' dir='ltr'>ἑαυτοῖς.</span> <span class='ocrx_word' id='word_1_111' title='bbox 989 1582 1061 1638; x_wconf 89' lang='lat' dir='ltr'>T6</span> <span class='ocrx_word' id='word_1_112' title='bbox 1119 1578 1195 1651; x_wconf 83' lang='grc' dir='ltr'><strong>δὲ,</strong></span> <span class='ocrx_word' id='word_1_113' title='bbox 1268 1578 1488 1643; x_wconf 81' lang='grc' dir='ltr'>Πατάξω</span> <span class='ocrx_word' id='word_1_114' title='bbox 1545 1580 1635 1633; x_wconf 67' lang='grc' dir='ltr'>τὰν</span> <span class='ocrx_word' id='word_1_115' title='bbox 1679 1575 1928 1655; x_wconf 87' lang='grc' dir='ltr'>ποιμένα,</span> <span class='ocrx_word' id='word_1_116' title='bbox 1974 1578 2001 1631; x_wconf 90' lang='lat'><strong>6</strong></span> 
     </span>
    </p>
   </div>
   <div class='ocr_carea' id='block_1_18' title="bbox 351 1668 1999 1747">
    <p class='ocr_par' dir='ltr' id='par_1_18' title="bbox 351 1668 1999 1747">
     <span class='ocr_line' id='line_1_18' title="bbox 351 1668 1999 1747; baseline -0.001 -26"><span class='ocrx_word' id='word_1_117' title='bbox 351 1668 536 1745; x_wconf 75' lang='grc' dir='ltr'>Πατὴρ</span> <span class='ocrx_word' id='word_1_118' title='bbox 593 1668 760 1745; x_wconf 85' lang='grc' dir='ltr'>λέγει.</span> <span class='ocrx_word' id='word_1_119' title='bbox 820 1668 969 1725; x_wconf 84' lang='grc' dir='ltr'>Ἐπεὶ</span> <span class='ocrx_word' id='word_1_120' title='bbox 1046 1671 1145 1746; x_wconf 78' lang='grc' dir='ltr'><strong>γὰρ</strong></span> <span class='ocrx_word' id='word_1_121' title='bbox 1214 1669 1573 1747; x_wconf 73' lang='grc' dir='ltr'>παρεχώρησε</span> <span class='ocrx_word' id='word_1_122' title='bbox 1633 1669 1999 1744; x_wconf 71' lang='grc' dir='ltr'>παταχθῆναι,</span> 
     </span>
    </p>
   </div>
   <div class='ocr_carea' id='block_1_19' title="bbox 344 1755 2005 1835">
    <p class='ocr_par' dir='ltr' id='par_1_19' title="bbox 344 1755 2005 1835">
     <span class='ocr_line' id='line_1_19' title="bbox 344 1755 2005 1835; baseline -0.002 -24"><span class='ocrx_word' id='word_1_123' title='bbox 344 1757 573 1821; x_wconf 77' lang='grc' dir='ltr'>πατάξαι</span> <span class='ocrx_word' id='word_1_124' title='bbox 633 1760 787 1821; x_wconf 71' lang='grc' dir='ltr'>αὒτὸς</span> <span class='ocrx_word' id='word_1_125' title='bbox 820 1756 1033 1832; x_wconf 85' lang='grc' dir='ltr'>λέγεται</span> <span class='ocrx_word' id='word_1_126' title='bbox 1092 1761 1183 1814; x_wconf 79' lang='grc' dir='ltr'>τὸν</span> <span class='ocrx_word' id='word_1_127' title='bbox 1234 1758 1370 1814; x_wconf 79' lang='grc' dir='ltr'>κατὰ</span> <span class='ocrx_word' id='word_1_128' title='bbox 1418 1755 1809 1835; x_wconf 83' lang='grc' dir='ltr'>παραχώρησιν</span> <span class='ocrx_word' id='word_1_129' title='bbox 1847 1755 2005 1809; x_wconf 75' lang='grc' dir='ltr'><strong>αὖτοῦ</strong></span> 
     </span>
    </p>
   </div>
   <div class='ocr_carea' id='block_1_20' title="bbox 2083 599 3728 682">
    <p class='ocr_par' dir='ltr' id='par_1_20' title="bbox 2083 599 3728 682">
     <span class='ocr_line' id='line_1_20' title="bbox 2083 599 3728 682; baseline 0.003 -23"><span class='ocrx_word' id='word_1_130' title='bbox 2083 613 2280 659; x_wconf 74' lang='lat' dir='ltr'><strong>autem</strong></span> <span class='ocrx_word' id='word_1_131' title='bbox 2317 599 2373 659; x_wconf 89' lang='lat' dir='ltr'><strong>in</strong></span> <span class='ocrx_word' id='word_1_132' title='bbox 2403 600 2558 661; x_wconf 86' lang='lat' dir='ltr'><strong>hunc</strong></span> <span class='ocrx_word' id='word_1_133' title='bbox 2594 603 2829 664; x_wconf 90' lang='lat' dir='ltr'><strong>modum</strong></span> <span class='ocrx_word' id='word_1_134' title='bbox 2866 621 2929 663; x_wconf 93' lang='lat' dir='ltr'><strong>se</strong></span> <span class='ocrx_word' id='word_1_135' title='bbox 2962 602 3173 665; x_wconf 90' lang='lat' dir='ltr'><strong>habet:</strong></span> <span class='ocrx_word' id='word_1_136' title='bbox 3209 603 3728 682; x_wconf 86' lang='lat' dir='ltr'><strong>Negaveratsemel</strong></span> 
     </span>
    </p>
   </div>
   <div class='ocr_carea' id='block_1_21' title="bbox 2082 684 3731 767">
    <p class='ocr_par' dir='ltr' id='par_1_21' title="bbox 2082 684 3731 767">
     <span class='ocr_line' id='line_1_21' title="bbox 2082 684 3731 767; baseline 0.004 -22"><span class='ocrx_word' id='word_1_137' title='bbox 2082 684 2311 758; x_wconf 81' lang='lat' dir='ltr'><strong>Petrus,</strong></span> <span class='ocrx_word' id='word_1_138' title='bbox 2350 688 2566 750; x_wconf 87' lang='lat' dir='ltr'><strong>deinde</strong></span> <span class='ocrx_word' id='word_1_139' title='bbox 2598 690 2784 767; x_wconf 81' lang='lat' dir='ltr'><strong>gallus</strong></span> <span class='ocrx_word' id='word_1_140' title='bbox 2814 691 3068 751; x_wconf 81' lang='lat' dir='ltr'><strong>cantavit</strong></span> <span class='ocrx_word' id='word_1_141' title='bbox 3104 713 3116 748; x_wconf 91' lang='lat'><strong>:</strong></span> <span class='ocrx_word' id='word_1_142' title='bbox 3153 701 3212 752; x_wconf 92' lang='lat' dir='ltr'><strong>et</strong></span> <span class='ocrx_word' id='word_1_143' title='bbox 3241 711 3377 754; x_wconf 90' lang='lat' dir='ltr'><strong>cum</strong></span> <span class='ocrx_word' id='word_1_144' title='bbox 3408 693 3551 754; x_wconf 85' lang='lat' dir='ltr'><strong>alias</strong></span> <span class='ocrx_word' id='word_1_145' title='bbox 3584 693 3731 754; x_wconf 90' lang='lat' dir='ltr'><strong>duas</strong></span> 
     </span>
    </p>
   </div>
   <div class='ocr_carea' id='block_1_22' title="bbox 2078 774 3726 861">
    <p class='ocr_par' dir='ltr' id='par_1_22' title="bbox 2078 774 3726 861">
     <span class='ocr_line' id='line_1_22' title="bbox 2078 774 3726 861; baseline 0.005 -27"><span class='ocrx_word' id='word_1_146' title='bbox 2078 774 2495 853; x_wconf 84' lang='lat' dir='ltr'><strong>abnegationes</strong></span> <span class='ocrx_word' id='word_1_147' title='bbox 2517 778 2779 852; x_wconf 85' lang='lat' dir='ltr'><strong>fecisset,</strong></span> <span class='ocrx_word' id='word_1_148' title='bbox 2806 788 2863 840; x_wconf 90' lang='lat' dir='ltr'><strong>et</strong></span> <span class='ocrx_word' id='word_1_149' title='bbox 2890 789 3028 840; x_wconf 92' lang='lat' dir='ltr'><strong>tunc</strong></span> <span class='ocrx_word' id='word_1_150' title='bbox 3060 799 3294 861; x_wconf 84' lang='lat' dir='ltr'><strong>quoque</strong></span> <span class='ocrx_word' id='word_1_151' title='bbox 3319 782 3571 842; x_wconf 77' lang='lat' dir='ltr'><strong>cantavit</strong></span> <span class='ocrx_word' id='word_1_152' title='bbox 3597 782 3726 860; x_wconf 85' lang='lat' dir='ltr'><strong>gal-</strong></span> 
     </span>
    </p>
   </div>
   <div class='ocr_carea' id='block_1_23' title="bbox 2079 863 3724 952">
    <p class='ocr_par' dir='ltr' id='par_1_23' title="bbox 2079 863 3724 952">
     <span class='ocr_line' id='line_1_23' title="bbox 2079 863 3724 952; baseline 0.004 -28"><span class='ocrx_word' id='word_1_153' title='bbox 2079 863 2190 925; x_wconf 90' lang='lat' dir='ltr'><strong>lus.</strong></span> <span class='ocrx_word' id='word_1_154' title='bbox 2229 867 2299 926; x_wconf 84' lang='lat' dir='ltr'><strong>Et</strong></span> <span class='ocrx_word' id='word_1_155' title='bbox 2333 867 2441 927; x_wconf 91' lang='lat' dir='ltr'><strong>hoc</strong></span> <span class='ocrx_word' id='word_1_156' title='bbox 2488 877 2575 927; x_wconf 89' lang='lat' dir='ltr'><strong>est</strong></span> <span class='ocrx_word' id='word_1_157' title='bbox 2627 869 2784 948; x_wconf 89' lang='lat' dir='ltr'><strong>quod</strong></span> <span class='ocrx_word' id='word_1_158' title='bbox 2836 869 2946 929; x_wconf 93' lang='lat' dir='ltr'><strong>hoc</strong></span> <span class='ocrx_word' id='word_1_159' title='bbox 2994 869 3120 929; x_wconf 92' lang='lat' dir='ltr'><strong>loco</strong></span> <span class='ocrx_word' id='word_1_160' title='bbox 3155 870 3342 933; x_wconf 87' lang='lat' dir='ltr'><strong>dicit:</strong></span> <span class='ocrx_word' id='word_1_161' title='bbox 3378 870 3724 952; x_wconf 87' lang='lat' dir='ltr'><strong>Priusquam</strong></span> 
     </span>
    </p>
   </div>
   <div class='ocr_carea' id='block_1_24' title="bbox 2077 952 3727 1034">
    <p class='ocr_par' dir='ltr' id='par_1_24' title="bbox 2077 952 3727 1034">
     <span class='ocr_line' id='line_1_24' title="bbox 2077 952 3727 1034; baseline 0.004 -23"><span class='ocrx_word' id='word_1_162' title='bbox 2077 952 2265 1030; x_wconf 82' lang='lat' dir='ltr'>gallus</span> <span class='ocrx_word' id='word_1_163' title='bbox 2300 953 2386 1014; x_wconf 86' lang='lat' dir='ltr'><strong>bis</strong></span> <span class='ocrx_word' id='word_1_164' title='bbox 2410 964 2625 1027; x_wconf 86' lang='lat' dir='ltr'><strong>cantet,</strong></span> <span class='ocrx_word' id='word_1_165' title='bbox 2664 966 2752 1015; x_wconf 88' lang='lat' dir='ltr'><strong>ter</strong></span> <span class='ocrx_word' id='word_1_166' title='bbox 2785 975 2877 1016; x_wconf 91' lang='lat' dir='ltr'><strong>me</strong></span> <span class='ocrx_word' id='word_1_167' title='bbox 2907 955 3253 1034; x_wconf 85' lang='lat' dir='ltr'><strong>abnegabis.</strong></span> <span class='ocrx_word' id='word_1_168' title='bbox 3290 957 3580 1020; x_wconf 89' lang='lat' dir='ltr'><strong>Similiter</strong></span> <span class='ocrx_word' id='word_1_169' title='bbox 3617 976 3727 1018; x_wconf 90' lang='lat' dir='ltr'><strong>au—</strong></span> 
     </span>
    </p>
   </div>
   <div class='ocr_carea' id='block_1_25' title="bbox 2077 1044 3730 1120">
    <p class='ocr_par' dir='ltr' id='par_1_25' title="bbox 2077 1044 3730 1120">
     <span class='ocr_line' id='line_1_25' title="bbox 2077 1044 3730 1120; baseline 0.005 -21"><span class='ocrx_word' id='word_1_170' title='bbox 2077 1049 2193 1100; x_wconf 93' lang='lat' dir='ltr'><strong>tem</strong></span> <span class='ocrx_word' id='word_1_171' title='bbox 2230 1049 2285 1101; x_wconf 90' lang='lat' dir='ltr'><strong>et</strong></span> <span class='ocrx_word' id='word_1_172' title='bbox 2315 1061 2523 1103; x_wconf 89' lang='lat' dir='ltr'><strong>omnes</strong></span> <span class='ocrx_word' id='word_1_173' title='bbox 2548 1044 2817 1120; x_wconf 84' lang='lat' dir='ltr'><strong>frigidam</strong></span> <span class='ocrx_word' id='word_1_174' title='bbox 2844 1044 3207 1105; x_wconf 86' lang='lat' dir='ltr'><strong>alacritatem</strong></span> <span class='ocrx_word' id='word_1_175' title='bbox 3241 1047 3730 1119; x_wconf 86' lang='lat' dir='ltr'><strong>ostendentes,et</strong></span> 
     </span>
    </p>
   </div>
   <div class='ocr_carea' id='block_1_26' title="bbox 2077 1129 3726 1216">
    <p class='ocr_par' dir='ltr' id='par_1_26' title="bbox 2077 1129 3726 1216">
     <span class='ocr_line' id='line_1_26' title="bbox 2077 1129 3726 1216; baseline 0.007 -28"><span class='ocrx_word' id='word_1_176' title='bbox 2077 1129 2262 1208; x_wconf 87' lang='lat' dir='ltr'><strong>ipsam</strong></span> <span class='ocrx_word' id='word_1_177' title='bbox 2302 1132 2596 1192; x_wconf 84' lang='lat' dir='ltr'><strong>veritatem</strong></span> <span class='ocrx_word' id='word_1_178' title='bbox 2630 1132 2979 1196; x_wconf 86' lang='lat' dir='ltr'><strong>mendacem</strong></span> <span class='ocrx_word' id='word_1_179' title='bbox 3014 1134 3319 1216; x_wconf 82' lang='lat' dir='ltr'><strong>facientes,</strong></span> <span class='ocrx_word' id='word_1_180' title='bbox 3349 1135 3726 1215; x_wconf 83' lang='lat' dir='ltr'><strong>pollicentur:</strong></span> 
     </span>
    </p>
   </div>
   <div class='ocr_carea' id='block_1_27' title="bbox 2079 1217 3728 1299">
    <p class='ocr_par' dir='ltr' id='par_1_27' title="bbox 2079 1217 3728 1299">
     <span class='ocr_line' id='line_1_27' title="bbox 2079 1217 3728 1299; baseline 0.005 -22"><span class='ocrx_word' id='word_1_181' title='bbox 2079 1217 2214 1279; x_wconf 89' lang='lat' dir='ltr'><strong>ideo</strong></span> <span class='ocrx_word' id='word_1_182' title='bbox 2248 1219 2529 1282; x_wconf 88' lang='lat' dir='ltr'><strong>Dominus</strong></span> <span class='ocrx_word' id='word_1_183' title='bbox 2559 1223 2845 1299; x_wconf 81' lang='lat' dir='ltr'><strong>permittit</strong></span> <span class='ocrx_word' id='word_1_184' title='bbox 2893 1231 2954 1282; x_wconf 91' lang='lat' dir='ltr'><strong>ut</strong></span> <span class='ocrx_word' id='word_1_185' title='bbox 2997 1224 3257 1283; x_wconf 88' lang='lat' dir='ltr'><strong>humana</strong></span> <span class='ocrx_word' id='word_1_186' title='bbox 3305 1232 3514 1286; x_wconf 90' lang='lat' dir='ltr'><strong>natura</strong></span> <span class='ocrx_word' id='word_1_187' title='bbox 3563 1243 3728 1286; x_wconf 90' lang='lat' dir='ltr'><strong>suam</strong></span> 
     </span>
    </p>
   </div>
   <div class='ocr_carea' id='block_1_28' title="bbox 2086 1309 3731 1393">
    <p class='ocr_par' dir='ltr' id='par_1_28' title="bbox 2086 1309 3731 1393">
     <span class='ocr_line' id='line_1_28' title="bbox 2086 1309 3731 1393; baseline 0.005 -27"><span class='ocrx_word' id='word_1_188' title='bbox 2086 1309 2293 1385; x_wconf 80' lang='lat' dir='ltr'><strong>prodat</strong></span> <span class='ocrx_word' id='word_1_189' title='bbox 2324 1309 3083 1374; x_wconf 82' lang='lat' dir='ltr'><strong>imberillitatem.0mnino</strong></span> <span class='ocrx_word' id='word_1_190' title='bbox 3108 1312 3268 1373; x_wconf 89' lang='lat' dir='ltr'><strong>enim</strong></span> <span class='ocrx_word' id='word_1_191' title='bbox 3291 1314 3731 1393; x_wconf 90' lang='lat' dir='ltr'><strong>potuissetillos</strong></span> 
     </span>
    </p>
   </div>
   <div class='ocr_carea' id='block_1_29' title="bbox 2084 1397 3732 1483">
    <p class='ocr_par' dir='ltr' id='par_1_29' title="bbox 2084 1397 3732 1483">
     <span class='ocr_line' id='line_1_29' title="bbox 2084 1397 3732 1483; baseline 0.004 -28"><span class='ocrx_word' id='word_1_192' title='bbox 2084 1397 2370 1458; x_wconf 87' lang='lat' dir='ltr'><strong>Dominus</strong></span> <span class='ocrx_word' id='word_1_193' title='bbox 2401 1417 2659 1462; x_wconf 77' lang='lat' dir='ltr'><strong>servare.</strong></span> <span class='ocrx_word' id='word_1_194' title='bbox 2697 1410 2753 1460; x_wconf 88' lang='lat' dir='ltr'><strong>et</strong></span> <span class='ocrx_word' id='word_1_195' title='bbox 2775 1404 3012 1463; x_wconf 90' lang='lat' dir='ltr'><strong>Petrum</strong></span> <span class='ocrx_word' id='word_1_196' title='bbox 3049 1400 3299 1462; x_wconf 84' lang='lat' dir='ltr'><strong>maxime</strong></span> <span class='ocrx_word' id='word_1_197' title='bbox 3334 1421 3356 1462; x_wconf 90' lang='lat'><strong><em>:</em></strong></span> <span class='ocrx_word' id='word_1_198' title='bbox 3378 1403 3482 1463; x_wconf 90' lang='lat' dir='ltr'><strong>sed</strong></span> <span class='ocrx_word' id='word_1_199' title='bbox 3514 1404 3732 1483; x_wconf 82' lang='lat' dir='ltr'><strong>permi-</strong></span> 
     </span>
    </p>
   </div>
   <div class='ocr_carea' id='block_1_30' title="bbox 2082 1486 3726 1568">
    <p class='ocr_par' dir='ltr' id='par_1_30' title="bbox 2082 1486 3726 1568">
     <span class='ocr_line' id='line_1_30' title="bbox 2082 1486 3726 1568; baseline 0.005 -24"><span class='ocrx_word' id='word_1_200' title='bbox 2082 1486 2182 1563; x_wconf 88' lang='lat' dir='ltr'><strong>sit,</strong></span> <span class='ocrx_word' id='word_1_201' title='bbox 2223 1494 2283 1544; x_wconf 93' lang='lat' dir='ltr'><strong>ut</strong></span> <span class='ocrx_word' id='word_1_202' title='bbox 2328 1505 2403 1547; x_wconf 91' lang='lat' dir='ltr'><strong>ne</strong></span> <span class='ocrx_word' id='word_1_203' title='bbox 2451 1486 2509 1547; x_wconf 91' lang='lat' dir='ltr'><strong>in</strong></span> <span class='ocrx_word' id='word_1_204' title='bbox 2558 1488 2876 1568; x_wconf 89' lang='lat' dir='ltr'><strong>nobisipsis</strong></span> <span class='ocrx_word' id='word_1_205' title='bbox 2907 1489 3366 1553; x_wconf 84' lang='lat' dir='ltr'><strong>confideremus.</strong></span> <span class='ocrx_word' id='word_1_206' title='bbox 3412 1489 3726 1564; x_wconf 65' lang='lat' dir='ltr'><strong>Craterum,</strong></span> 
     </span>
    </p>
   </div>
   <div class='ocr_carea' id='block_1_31' title="bbox 2084 1575 3729 1661">
    <p class='ocr_par' dir='ltr' id='par_1_31' title="bbox 2084 1575 3729 1661">
     <span class='ocr_line' id='line_1_31' title="bbox 2084 1575 3729 1661; baseline 0.005 -28"><span class='ocrx_word' id='word_1_207' title='bbox 2084 1575 2409 1635; x_wconf 84' lang='lat' dir='ltr'><strong>Percutiam</strong></span> <span class='ocrx_word' id='word_1_208' title='bbox 2454 1584 2773 1656; x_wconf 83' lang='lat' dir='ltr'><strong>pastorem,</strong></span> <span class='ocrx_word' id='word_1_209' title='bbox 2809 1597 2915 1639; x_wconf 83' lang='lat' dir='ltr'><strong>vox</strong></span> <span class='ocrx_word' id='word_1_210' title='bbox 2956 1587 3045 1639; x_wconf 89' lang='lat' dir='ltr'><strong>est</strong></span> <span class='ocrx_word' id='word_1_211' title='bbox 3077 1578 3264 1640; x_wconf 85' lang='lat' dir='ltr'><strong>Patris</strong></span> <span class='ocrx_word' id='word_1_212' title='bbox 3299 1599 3313 1638; x_wconf 93' lang='lat'><strong>:</strong></span> <span class='ocrx_word' id='word_1_213' title='bbox 3349 1580 3729 1661; x_wconf 89' lang='lat' dir='ltr'><strong>quandoqui-</strong></span> 
     </span>
    </p>
   </div>
   <div class='ocr_carea' id='block_1_32' title="bbox 2082 1662 3728 1747">
    <p class='ocr_par' dir='ltr' id='par_1_32' title="bbox 2082 1662 3728 1747">
     <span class='ocr_line' id='line_1_32' title="bbox 2082 1662 3728 1747; baseline 0.004 -25"><span class='ocrx_word' id='word_1_214' title='bbox 2082 1662 2217 1723; x_wconf 86' lang='lat' dir='ltr'><strong>dem</strong></span> <span class='ocrx_word' id='word_1_215' title='bbox 2253 1668 2474 1741; x_wconf 87' lang='lat' dir='ltr'><strong>percuti</strong></span> <span class='ocrx_word' id='word_1_216' title='bbox 2508 1667 3169 1747; x_wconf 88' lang='lat' dir='ltr'><strong>permisit,percussisse</strong></span> <span class='ocrx_word' id='word_1_217' title='bbox 3198 1667 3324 1747; x_wconf 90' lang='lat' dir='ltr'><strong>ipse</strong></span> <span class='ocrx_word' id='word_1_218' title='bbox 3356 1668 3573 1730; x_wconf 90' lang='lat' dir='ltr'><strong>dicitur</strong></span> <span class='ocrx_word' id='word_1_219' title='bbox 3592 1687 3728 1730; x_wconf 90' lang='lat' dir='ltr'><strong>eum</strong></span> 
     </span>
    </p>
   </div>
   <div class='ocr_carea' id='block_1_33' title="bbox 2085 1753 3729 1835">
    <p class='ocr_par' dir='ltr' id='par_1_33' title="bbox 2085 1753 3729 1835">
     <span class='ocr_line' id='line_1_33' title="bbox 2085 1753 3729 1835; baseline 0.005 -26"><span class='ocrx_word' id='word_1_220' title='bbox 2085 1753 2182 1831; x_wconf 90' lang='lat' dir='ltr'><strong>qui</strong></span> <span class='ocrx_word' id='word_1_221' title='bbox 2235 1754 2417 1832; x_wconf 79' lang='lat' dir='ltr'><strong>ipsms</strong></span> <span class='ocrx_word' id='word_1_222' title='bbox 2463 1754 2755 1833; x_wconf 88' lang='lat' dir='ltr'><strong>permissu</strong></span> <span class='ocrx_word' id='word_1_223' title='bbox 2802 1773 3122 1835; x_wconf 88' lang='lat' dir='ltr'><strong>percussus</strong></span> <span class='ocrx_word' id='word_1_224' title='bbox 3176 1768 3287 1816; x_wconf 86' lang='lat' dir='ltr'><strong>est.</strong></span> <span class='ocrx_word' id='word_1_225' title='bbox 3339 1760 3489 1817; x_wconf 83' lang='lat' dir='ltr'><strong>Oves</strong></span> <span class='ocrx_word' id='word_1_226' title='bbox 3527 1765 3729 1818; x_wconf 87' lang='lat' dir='ltr'><strong>autem</strong></span> 
     </span>
    </p>
   </div>
   <div class='ocr_carea' id='block_1_34' title="bbox 344 1841 2007 1925">
    <p class='ocr_par' dir='ltr' id='par_1_34' title="bbox 344 1841 2001 1925">
     <span class='ocr_line' id='line_1_34' title="bbox 344 1841 2001 1925; baseline -0.002 -26"><span class='ocrx_word' id='word_1_227' title='bbox 344 1844 709 1924; x_wconf 56' lang='lat' dir='ltr'><strong>ﬂZTIXOéVtI,</strong></span> <span class='ocrx_word' id='word_1_228' title='bbox 775 1845 1018 1925; x_wconf 74' lang='grc' dir='ltr'>Πρόὸατα</span> <span class='ocrx_word' id='word_1_229' title='bbox 1073 1845 1127 1901; x_wconf 73' lang='grc' dir='ltr'>δὲ</span> <span class='ocrx_word' id='word_1_230' title='bbox 1175 1846 1297 1909; x_wconf 79' lang='grc' dir='ltr'>τοὺς</span> <span class='ocrx_word' id='word_1_231' title='bbox 1352 1843 1706 1916; x_wconf 77' lang='grc' dir='ltr'>ἀποστόλους,</span> <span class='ocrx_word' id='word_1_232' title='bbox 1748 1845 1820 1904; x_wconf 85' lang='grc' dir='ltr'>ὡς</span> <span class='ocrx_word' id='word_1_233' title='bbox 1867 1841 2001 1898; x_wconf 69' lang='grc' dir='ltr'>ἀκοί-</span> 
     </span>
    </p>
   </div>
   <div class='ocr_carea' id='block_1_35' title="bbox 2091 1841 3202 1925">
    <p class='ocr_par' dir='ltr' id='par_1_35' title="bbox 2091 1841 3202 1921">
     <span class='ocr_line' id='line_1_35' title="bbox 2091 1841 3202 1921; baseline 0.005 -22"><span class='ocrx_word' id='word_1_234' title='bbox 2091 1841 2405 1921; x_wconf 88' lang='lat' dir='ltr'><strong>apostolos,</strong></span> <span class='ocrx_word' id='word_1_235' title='bbox 2442 1851 2505 1902; x_wconf 93' lang='lat' dir='ltr'><strong>ut</strong></span> <span class='ocrx_word' id='word_1_236' title='bbox 2540 1842 2888 1905; x_wconf 87' lang='lat' dir='ltr'><strong>innocentes</strong></span> <span class='ocrx_word' id='word_1_237' title='bbox 2921 1843 3202 1905; x_wconf 87' lang='lat' dir='ltr'><strong>nominat.</strong></span> 
     </span>
    </p>
   </div>
   <div class='ocr_carea' id='block_1_36' title="bbox 346 1933 801 2006">
    <p class='ocr_par' dir='ltr' id='par_1_36' title="bbox 346 1933 801 2006">
     <span class='ocr_line' id='line_1_36' title="bbox 346 1933 801 2006; baseline -0.002 -18"><span class='ocrx_word' id='word_1_238' title='bbox 346 1953 474 1996; x_wconf 87' lang='grc' dir='ltr'>κους</span> <span class='ocrx_word' id='word_1_239' title='bbox 503 1933 801 2006; x_wconf 79' lang='grc' dir='ltr'>ὠνόμασεν,</span> 
     </span>
    </p>
   </div>
   <div class='ocr_carea' id='block_1_37' title="bbox 437 2021 2004 2102">
    <p class='ocr_par' dir='ltr' id='par_1_37' title="bbox 437 2021 2004 2102">
     <span class='ocr_line' id='line_1_37' title="bbox 437 2021 2004 2102; baseline -0.001 -27"><span class='ocrx_word' id='word_1_240' title='bbox 437 2044 463 2075; x_wconf 70' lang='grc' dir='ltr'><strong>ε</strong></span> <span class='ocrx_word' id='word_1_241' title='bbox 497 2022 592 2078; x_wconf 79' lang='grc' dir='ltr'><strong>Καὶ</strong></span> <span class='ocrx_word' id='word_1_242' title='bbox 656 2022 906 2101; x_wconf 75' lang='grc' dir='ltr'>ἔρχονται</span> <span class='ocrx_word' id='word_1_243' title='bbox 966 2025 1038 2087; x_wconf 83' lang='grc' dir='ltr'>εἰς</span> <span class='ocrx_word' id='word_1_244' title='bbox 1072 2023 1273 2102; x_wconf 77' lang='grc' dir='ltr'>χωρίον</span> <span class='ocrx_word' id='word_1_245' title='bbox 1304 2022 1364 2076; x_wconf 76' lang='grc' dir='ltr'>οὗ</span> <span class='ocrx_word' id='word_1_246' title='bbox 1394 2023 1454 2076; x_wconf 84' lang='grc' dir='ltr'>τὸ</span> <span class='ocrx_word' id='word_1_247' title='bbox 1502 2021 1669 2096; x_wconf 73' lang='grc' dir='ltr'>ὄνομα</span> <span class='ocrx_word' id='word_1_248' title='bbox 1724 2023 2004 2093; x_wconf 85' lang='grc' dir='ltr'>Γηθσεμα-</span> 
     </span>
    </p>
   </div>
   <div class='ocr_carea' id='block_1_38' title="bbox 353 2106 2004 2189">
    <p class='ocr_par' dir='ltr' id='par_1_38' title="bbox 353 2106 2004 2189">
     <span class='ocr_line' id='line_1_38' title="bbox 353 2106 2004 2189; baseline -0.002 -23"><span class='ocrx_word' id='word_1_249' title='bbox 353 2116 447 2189; x_wconf 78' lang='grc' dir='ltr'><strong>νη,</strong></span> <span class='ocrx_word' id='word_1_250' title='bbox 474 2113 562 2166; x_wconf 82' lang='grc' dir='ltr'><strong>καὶ</strong></span> <span class='ocrx_word' id='word_1_251' title='bbox 588 2110 733 2188; x_wconf 82' lang='grc' dir='ltr'>λέγει</span> <span class='ocrx_word' id='word_1_252' title='bbox 766 2124 884 2173; x_wconf 81' lang='grc' dir='ltr'>τοῖς</span> <span class='ocrx_word' id='word_1_253' title='bbox 942 2115 1213 2186; x_wconf 78' lang='grc' dir='ltr'>μαθηταῖς</span> <span class='ocrx_word' id='word_1_254' title='bbox 1246 2110 1404 2166; x_wconf 75' lang='grc' dir='ltr'>αὒτοῦ</span> <span class='ocrx_word' id='word_1_255' title='bbox 1436 2131 1447 2143; x_wconf 84' lang='grc'><em>’</em></span> <span class='ocrx_word' id='word_1_256' title='bbox 1489 2112 1743 2166; x_wconf 81' lang='grc' dir='ltr'>Καθίσατε</span> <span class='ocrx_word' id='word_1_257' title='bbox 1773 2106 1874 2165; x_wconf 82' lang='grc' dir='ltr'>ὦδε</span> <span class='ocrx_word' id='word_1_258' title='bbox 1901 2106 2004 2170; x_wconf 78' lang='grc' dir='ltr'>ἵως</span> 
     </span>
    </p>
   </div>
   <div class='ocr_carea' id='block_1_39' title="bbox 354 2197 2008 2281">
    <p class='ocr_par' dir='ltr' id='par_1_39' title="bbox 354 2197 2008 2281">
     <span class='ocr_line' id='line_1_39' title="bbox 354 2197 2008 2281; baseline -0.002 -26"><span class='ocrx_word' id='word_1_259' title='bbox 354 2199 748 2277; x_wconf 80' lang='grc' dir='ltr'>προσεύξωμαι.</span> <span class='ocrx_word' id='word_1_260' title='bbox 833 2202 929 2259; x_wconf 81' lang='grc' dir='ltr'>Καὶ</span> <span class='ocrx_word' id='word_1_261' title='bbox 996 2197 1403 2281; x_wconf 75' lang='grc' dir='ltr'>παραλαμϐάνει</span> <span class='ocrx_word' id='word_1_262' title='bbox 1482 2201 1571 2255; x_wconf 84' lang='grc' dir='ltr'>τὸν</span> <span class='ocrx_word' id='word_1_263' title='bbox 1643 2198 1839 2274; x_wconf 86' lang='grc' dir='ltr'>Πέτρον</span> <span class='ocrx_word' id='word_1_264' title='bbox 1919 2199 2008 2253; x_wconf 80' lang='grc' dir='ltr'><strong>καὶ</strong></span> 
     </span>
    </p>
   </div>
   <div class='ocr_carea' id='block_1_40' title="bbox 359 2285 2010 2368">
    <p class='ocr_par' dir='ltr' id='par_1_40' title="bbox 359 2285 2010 2368">
     <span class='ocr_line' id='line_1_40' title="bbox 359 2285 2010 2368; baseline -0.002 -23"><span class='ocrx_word' id='word_1_265' title='bbox 359 2287 628 2364; x_wconf 52' lang='grc' dir='ltr'>Ἰάκωϐον,</span> <span class='ocrx_word' id='word_1_266' title='bbox 708 2292 795 2347; x_wconf 84' lang='grc' dir='ltr'><strong>καὶ</strong></span> <span class='ocrx_word' id='word_1_267' title='bbox 862 2291 1111 2357; x_wconf 58' lang='grc' dir='ltr'>Ἰωάννην</span> <span class='ocrx_word' id='word_1_268' title='bbox 1186 2289 1301 2365; x_wconf 86' lang='grc' dir='ltr'>μεθ’</span> <span class='ocrx_word' id='word_1_269' title='bbox 1376 2289 1583 2368; x_wconf 77' lang='grc' dir='ltr'>ἑαυτοῦ,</span> <span class='ocrx_word' id='word_1_270' title='bbox 1658 2288 1745 2343; x_wconf 82' lang='grc' dir='ltr'><strong>καὶ</strong></span> <span class='ocrx_word' id='word_1_271' title='bbox 1815 2285 2010 2365; x_wconf 72' lang='grc' dir='ltr'>ἤρξατο</span> 
     </span>
    </p>
   </div>
   <div class='ocr_carea' id='block_1_41' title="bbox 358 2374 2006 2456">
    <p class='ocr_par' dir='ltr' id='par_1_41' title="bbox 358 2374 2006 2456">
     <span class='ocr_line' id='line_1_41' title="bbox 358 2374 2006 2456; baseline -0.002 -23"><span class='ocrx_word' id='word_1_272' title='bbox 358 2374 735 2451; x_wconf 73' lang='grc' dir='ltr'>ἐκθαμϐεῖσθαι</span> <span class='ocrx_word' id='word_1_273' title='bbox 792 2381 886 2434; x_wconf 78' lang='grc' dir='ltr'><strong>καί</strong></span> <span class='ocrx_word' id='word_1_274' title='bbox 955 2379 1272 2454; x_wconf 82' lang='grc' dir='ltr'>ἀδημονεῖν,</span> <span class='ocrx_word' id='word_1_275' title='bbox 1309 2379 1407 2435; x_wconf 79' lang='grc' dir='ltr'><strong>Καὶ</strong></span> <span class='ocrx_word' id='word_1_276' title='bbox 1438 2376 1583 2456; x_wconf 85' lang='grc' dir='ltr'>λέγει</span> <span class='ocrx_word' id='word_1_277' title='bbox 1626 2379 1808 2440; x_wconf 70' lang='grc' dir='ltr'>αὐτοῖς</span> <span class='ocrx_word' id='word_1_278' title='bbox 1843 2394 1857 2408; x_wconf 86' lang='grc'>⁶</span> <span class='ocrx_word' id='word_1_279' title='bbox 1900 2382 2006 2431; x_wconf 89' lang='grc' dir='ltr'>Πε-</span> 
     </span>
    </p>
   </div>
   <div class='ocr_carea' id='block_1_42' title="bbox 358 2464 2013 2549">
    <p class='ocr_par' dir='ltr' id='par_1_42' title="bbox 358 2464 2013 2549">
     <span class='ocr_line' id='line_1_42' title="bbox 358 2464 2013 2549; baseline -0.002 -28"><span class='ocrx_word' id='word_1_280' title='bbox 358 2465 571 2545; x_wconf 82' lang='grc' dir='ltr'>ρίλυπός</span> <span class='ocrx_word' id='word_1_281' title='bbox 630 2465 770 2523; x_wconf 79' lang='grc' dir='ltr'>ἐστιν</span> <span class='ocrx_word' id='word_1_282' title='bbox 824 2470 861 2537; x_wconf 75' lang='grc' dir='ltr'><strong>ἡ</strong></span> <span class='ocrx_word' id='word_1_283' title='bbox 949 2470 1102 2549; x_wconf 77' lang='grc' dir='ltr'>ψυχὴ</span> <span class='ocrx_word' id='word_1_284' title='bbox 1175 2489 1278 2543; x_wconf 88' lang='grc' dir='ltr'><strong>μου</strong></span> <span class='ocrx_word' id='word_1_285' title='bbox 1344 2464 1446 2529; x_wconf 76' lang='grc' dir='ltr'>ἕως</span> <span class='ocrx_word' id='word_1_286' title='bbox 1497 2464 1739 2525; x_wconf 78' lang='grc' dir='ltr'>θανάτου.</span> <span class='ocrx_word' id='word_1_287' title='bbox 1791 2468 2013 2521; x_wconf 78' lang='grc' dir='ltr'>Μείνατε</span> 
     </span>
    </p>
   </div>
   <div class='ocr_carea' id='block_1_43' title="bbox 354 2553 2011 2637">
    <p class='ocr_par' dir='ltr' id='par_1_43' title="bbox 354 2553 2011 2637">
     <span class='ocr_line' id='line_1_43' title="bbox 354 2553 2011 2637; baseline -0.001 -27"><span class='ocrx_word' id='word_1_288' title='bbox 354 2553 478 2628; x_wconf 83' lang='grc' dir='ltr'>ὧδε,</span> <span class='ocrx_word' id='word_1_289' title='bbox 539 2557 627 2612; x_wconf 80' lang='grc' dir='ltr'><strong>καὶ</strong></span> <span class='ocrx_word' id='word_1_290' title='bbox 669 2571 1013 2637; x_wconf 83' lang='grc' dir='ltr'>γρηγορεῖτε.</span> <span class='ocrx_word' id='word_1_291' title='bbox 1064 2559 1162 2615; x_wconf 84' lang='grc' dir='ltr'>Καὶ</span> <span class='ocrx_word' id='word_1_292' title='bbox 1216 2554 1519 2635; x_wconf 86' lang='grc' dir='ltr'>προσελθὼν</span> <span class='ocrx_word' id='word_1_293' title='bbox 1566 2556 1779 2634; x_wconf 80' lang='grc' dir='ltr'>μικρὸν,</span> <span class='ocrx_word' id='word_1_294' title='bbox 1826 2553 2011 2610; x_wconf 76' lang='grc' dir='ltr'>ἔπεσεν</span> 
     </span>
    </p>
   </div>
   <div class='ocr_carea' id='block_1_44' title="bbox 359 2642 2007 2726">
    <p class='ocr_par' dir='ltr' id='par_1_44' title="bbox 359 2642 2007 2726">
     <span class='ocr_line' id='line_1_44' title="bbox 359 2642 2007 2726; baseline -0.001 -26"><span class='ocrx_word' id='word_1_295' title='bbox 359 2644 442 2701; x_wconf 71' lang='grc' dir='ltr'>ἐπὶ</span> <span class='ocrx_word' id='word_1_296' title='bbox 500 2650 600 2712; x_wconf 82' lang='grc' dir='ltr'>τῆς</span> <span class='ocrx_word' id='word_1_297' title='bbox 658 2646 784 2726; x_wconf 73' lang='grc' dir='ltr'>γῆς,</span> <span class='ocrx_word' id='word_1_298' title='bbox 830 2651 915 2703; x_wconf 83' lang='grc' dir='ltr'><strong>καὶ</strong></span> <span class='ocrx_word' id='word_1_299' title='bbox 973 2647 1316 2726; x_wconf 82' lang='grc' dir='ltr'>προσηύχετο</span> <span class='ocrx_word' id='word_1_300' title='bbox 1358 2644 1475 2723; x_wconf 72' lang='grc' dir='ltr'>ἵνα,</span> <span class='ocrx_word' id='word_1_301' title='bbox 1521 2646 1565 2699; x_wconf 75' lang='grc' dir='ltr'>εἰ</span> <span class='ocrx_word' id='word_1_302' title='bbox 1620 2642 1837 2700; x_wconf 87' lang='grc' dir='ltr'>δυνατόν</span> <span class='ocrx_word' id='word_1_303' title='bbox 1871 2642 2007 2718; x_wconf 80' lang='grc' dir='ltr'>ἐστι,</span> 
     </span>
    </p>
   </div>
   <div class='ocr_carea' id='block_1_45' title="bbox 357 2730 2010 2813">
    <p class='ocr_par' dir='ltr' id='par_1_45' title="bbox 357 2730 2010 2813">
     <span class='ocr_line' id='line_1_45' title="bbox 357 2730 2010 2813; baseline -0.002 -23"><span class='ocrx_word' id='word_1_304' title='bbox 357 2734 594 2813; x_wconf 81' lang='grc' dir='ltr'>παρέλθῃ</span> <span class='ocrx_word' id='word_1_305' title='bbox 669 2735 761 2792; x_wconf 84' lang='grc' dir='ltr'><strong>ἀπ’</strong></span> <span class='ocrx_word' id='word_1_306' title='bbox 836 2739 994 2793; x_wconf 75' lang='grc' dir='ltr'>αὒτοῦ</span> <span class='ocrx_word' id='word_1_307' title='bbox 1048 2738 1083 2805; x_wconf 74' lang='grc' dir='ltr'>ἡ</span> <span class='ocrx_word' id='word_1_308' title='bbox 1141 2736 1276 2813; x_wconf 82' lang='grc' dir='ltr'>ὥρα,</span> <span class='ocrx_word' id='word_1_309' title='bbox 1340 2736 1437 2792; x_wconf 77' lang='grc' dir='ltr'>Καὶ</span> <span class='ocrx_word' id='word_1_310' title='bbox 1479 2733 1661 2812; x_wconf 76' lang='grc' dir='ltr'>ἔλεγεν</span> <span class='ocrx_word' id='word_1_311' title='bbox 1695 2750 1709 2764; x_wconf 84' lang='grc'><strong>’</strong></span> <span class='ocrx_word' id='word_1_312' title='bbox 1760 2730 1928 2790; x_wconf 80' lang='grc' dir='ltr'>Ἀϐϐἆ</span> <span class='ocrx_word' id='word_1_313' title='bbox 1984 2734 2010 2787; x_wconf 90' lang='lat'><strong>6</strong></span> 
     </span>
    </p>
   </div>
   <div class='ocr_carea' id='block_1_46' title="bbox 362 2823 2009 2904">
    <p class='ocr_par' dir='ltr' id='par_1_46' title="bbox 362 2823 2009 2904">
     <span class='ocr_line' id='line_1_46' title="bbox 362 2823 2009 2904; baseline 0 -25"><span class='ocrx_word' id='word_1_314' title='bbox 362 2824 565 2902; x_wconf 75' lang='grc' dir='ltr'>Πατὴρ,</span> <span class='ocrx_word' id='word_1_315' title='bbox 640 2826 814 2881; x_wconf 76' lang='grc' dir='ltr'>πάντα</span> <span class='ocrx_word' id='word_1_316' title='bbox 876 2824 1066 2881; x_wconf 82' lang='grc' dir='ltr'>δυνατά</span> <span class='ocrx_word' id='word_1_317' title='bbox 1124 2847 1230 2904; x_wconf 90' lang='grc' dir='ltr'>σοι,</span> <span class='ocrx_word' id='word_1_318' title='bbox 1293 2823 1581 2900; x_wconf 76' lang='grc' dir='ltr'>παρένεγκε</span> <span class='ocrx_word' id='word_1_319' title='bbox 1637 2824 1699 2878; x_wconf 84' lang='grc' dir='ltr'>τὸ</span> <span class='ocrx_word' id='word_1_320' title='bbox 1754 2823 2009 2899; x_wconf 75' lang='grc' dir='ltr'>ποτήριον</span> 
     </span>
    </p>
   </div>
   <div class='ocr_carea' id='block_1_47' title="bbox 360 2909 2008 2991">
    <p class='ocr_par' dir='ltr' id='par_1_47' title="bbox 360 2909 2008 2991">
     <span class='ocr_line' id='line_1_47' title="bbox 360 2909 2008 2991; baseline 0 -23"><span class='ocrx_word' id='word_1_321' title='bbox 360 2911 453 2969; x_wconf 79' lang='grc' dir='ltr'><strong>ἀπ’</strong></span> <span class='ocrx_word' id='word_1_322' title='bbox 509 2915 640 2987; x_wconf 76' lang='grc' dir='ltr'>ἐμοῦ</span> <span class='ocrx_word' id='word_1_323' title='bbox 696 2921 871 2985; x_wconf 79' lang='grc' dir='ltr'>τοῦτο,</span> <span class='ocrx_word' id='word_1_324' title='bbox 922 2912 1041 2969; x_wconf 78' lang='grc' dir='ltr'>ἀλλ’</span> <span class='ocrx_word' id='word_1_325' title='bbox 1108 2915 1168 2969; x_wconf 68' lang='grc' dir='ltr'>οὗ</span> <span class='ocrx_word' id='word_1_326' title='bbox 1211 2914 1260 2968; x_wconf 84' lang='grc' dir='ltr'><strong>τί</strong></span> <span class='ocrx_word' id='word_1_327' title='bbox 1302 2912 1411 2990; x_wconf 82' lang='grc' dir='ltr'>ἐγὼ</span> <span class='ocrx_word' id='word_1_328' title='bbox 1452 2910 1612 2991; x_wconf 69' lang='grc' dir='ltr'>θέλω,</span> <span class='ocrx_word' id='word_1_329' title='bbox 1659 2909 1796 2967; x_wconf 75' lang='grc' dir='ltr'>ἄλλα</span> <span class='ocrx_word' id='word_1_330' title='bbox 1838 2914 1886 2965; x_wconf 79' lang='grc' dir='ltr'><strong>τί</strong></span> <span class='ocrx_word' id='word_1_331' title='bbox 1923 2910 2008 2969; x_wconf 88' lang='grc' dir='ltr'>σύ.</span> 
     </span>
    </p>
   </div>
   <div class='ocr_carea' id='block_1_48' title="bbox 369 2998 2012 3082">
    <p class='ocr_par' dir='ltr' id='par_1_48' title="bbox 369 2998 2012 3082">
     <span class='ocr_line' id='line_1_48' title="bbox 369 2998 2012 3082; baseline -0.002 -24"><span class='ocrx_word' id='word_1_332' title='bbox 369 3004 465 3058; x_wconf 83' lang='grc' dir='ltr'><strong>Καὶ</strong></span> <span class='ocrx_word' id='word_1_333' title='bbox 519 3002 765 3082; x_wconf 67' lang='grc' dir='ltr'>ἔρχεται,</span> <span class='ocrx_word' id='word_1_334' title='bbox 828 3005 916 3059; x_wconf 86' lang='grc' dir='ltr'><strong>καὶ</strong></span> <span class='ocrx_word' id='word_1_335' title='bbox 976 3005 1197 3082; x_wconf 75' lang='grc' dir='ltr'>εὑρίσκει</span> <span class='ocrx_word' id='word_1_336' title='bbox 1256 3003 1442 3065; x_wconf 67' lang='grc' dir='ltr'>αὐτοὺς</span> <span class='ocrx_word' id='word_1_337' title='bbox 1512 2998 1877 3073; x_wconf 76' lang='grc' dir='ltr'>καθεύδοντας,</span> <span class='ocrx_word' id='word_1_338' title='bbox 1924 3001 2012 3054; x_wconf 82' lang='grc' dir='ltr'><strong>καὶ</strong></span> 
     </span>
    </p>
   </div>
   <div class='ocr_carea' id='block_1_49' title="bbox 363 3088 2010 3169">
    <p class='ocr_par' dir='ltr' id='par_1_49' title="bbox 363 3088 2010 3169">
     <span class='ocr_line' id='line_1_49' title="bbox 363 3088 2010 3169; baseline -0.002 -23"><span class='ocrx_word' id='word_1_339' title='bbox 363 3089 504 3169; x_wconf 82' lang='grc' dir='ltr'>λέγει</span> <span class='ocrx_word' id='word_1_340' title='bbox 549 3100 625 3167; x_wconf 83' lang='grc' dir='ltr'>τῷ</span> <span class='ocrx_word' id='word_1_341' title='bbox 683 3093 866 3169; x_wconf 80' lang='grc' dir='ltr'>Πέτρῳ</span> <span class='ocrx_word' id='word_1_342' title='bbox 900 3112 912 3125; x_wconf 88' lang='grc'><strong>·</strong></span> <span class='ocrx_word' id='word_1_343' title='bbox 978 3093 1180 3167; x_wconf 80' lang='grc' dir='ltr'>Σίμων,</span> <span class='ocrx_word' id='word_1_344' title='bbox 1254 3089 1569 3163; x_wconf 78' lang='grc' dir='ltr'>καθεύδεις;</span> <span class='ocrx_word' id='word_1_345' title='bbox 1629 3090 1737 3146; x_wconf 71' lang='grc' dir='ltr'><strong>Οὔκ</strong></span> <span class='ocrx_word' id='word_1_346' title='bbox 1778 3088 2010 3168; x_wconf 71' lang='grc' dir='ltr'>ἴσχυσας</span> 
     </span>
    </p>
   </div>
   <div class='ocr_carea' id='block_1_50' title="bbox 2170 2019 3730 2102">
    <p class='ocr_par' dir='ltr' id='par_1_50' title="bbox 2170 2019 3730 2102">
     <span class='ocr_line' id='line_1_50' title="bbox 2170 2019 3730 2102; baseline 0.005 -25"><span class='ocrx_word' id='word_1_347' title='bbox 2170 2019 2347 2081; x_wconf 64' lang='lat' dir='ltr'><strong>Vrsas.</strong></span> <span class='ocrx_word' id='word_1_348' title='bbox 2373 2020 2586 2085; x_wconf 67' lang='lat'><strong>32-42.</strong></span> <span class='ocrx_word' id='word_1_349' title='bbox 2625 2022 2734 2083; x_wconf 70' lang='lat' dir='ltr'><strong>«Et</strong></span> <span class='ocrx_word' id='word_1_350' title='bbox 2762 2021 3004 2083; x_wconf 90' lang='lat' dir='ltr'><strong>veniunt</strong></span> <span class='ocrx_word' id='word_1_351' title='bbox 3024 2021 3084 2082; x_wconf 93' lang='lat' dir='ltr'><strong>in</strong></span> <span class='ocrx_word' id='word_1_352' title='bbox 3108 2021 3300 2084; x_wconf 87' lang='lat' dir='ltr'><strong>locum</strong></span> <span class='ocrx_word' id='word_1_353' title='bbox 3326 2023 3496 2102; x_wconf 79' lang='lat' dir='ltr'><strong>cujus</strong></span> <span class='ocrx_word' id='word_1_354' title='bbox 3513 2042 3730 2085; x_wconf 90' lang='lat' dir='ltr'><strong>nomen</strong></span> 
     </span>
    </p>
   </div>
   <div class='ocr_carea' id='block_1_51' title="bbox 2088 2108 3729 2191">
    <p class='ocr_par' dir='ltr' id='par_1_51' title="bbox 2088 2108 3729 2191">
     <span class='ocr_line' id='line_1_51' title="bbox 2088 2108 3729 2191; baseline 0.004 -23"><span class='ocrx_word' id='word_1_355' title='bbox 2088 2108 2492 2191; x_wconf 77' lang='lat' dir='ltr'><strong>Gctlisemani,</strong></span> <span class='ocrx_word' id='word_1_356' title='bbox 2526 2119 2583 2171; x_wconf 90' lang='lat' dir='ltr'><strong>et</strong></span> <span class='ocrx_word' id='word_1_357' title='bbox 2628 2110 2769 2171; x_wconf 90' lang='lat' dir='ltr'><strong>dicit</strong></span> <span class='ocrx_word' id='word_1_358' title='bbox 2812 2109 3119 2190; x_wconf 81' lang='lat' dir='ltr'><strong>discipulis</strong></span> <span class='ocrx_word' id='word_1_359' title='bbox 3162 2110 3284 2172; x_wconf 89' lang='lat' dir='ltr'><strong>suis</strong></span> <span class='ocrx_word' id='word_1_360' title='bbox 3318 2132 3332 2174; x_wconf 90' lang='lat'>:</span> <span class='ocrx_word' id='word_1_361' title='bbox 3369 2112 3582 2174; x_wconf 85' lang='lat' dir='ltr'><strong>Sedete</strong></span> <span class='ocrx_word' id='word_1_362' title='bbox 3612 2113 3729 2189; x_wconf 87' lang='lat' dir='ltr'><strong>hic,</strong></span> 
     </span>
    </p>
   </div>
   <div class='ocr_carea' id='block_1_52' title="bbox 2090 2196 3734 2276">
    <p class='ocr_par' dir='ltr' id='par_1_52' title="bbox 2090 2196 3734 2276">
     <span class='ocr_line' id='line_1_52' title="bbox 2090 2196 3734 2276; baseline 0.005 -21"><span class='ocrx_word' id='word_1_363' title='bbox 2090 2196 2280 2256; x_wconf 90' lang='lat' dir='ltr'><strong>donec</strong></span> <span class='ocrx_word' id='word_1_364' title='bbox 2311 2196 2610 2276; x_wconf 86' lang='lat' dir='ltr'><strong>digressus</strong></span> <span class='ocrx_word' id='word_1_365' title='bbox 2639 2199 2983 2260; x_wconf 86' lang='lat' dir='ltr'><strong>oravero.Et</strong></span> <span class='ocrx_word' id='word_1_366' title='bbox 3014 2199 3263 2260; x_wconf 88' lang='lat' dir='ltr'><strong>assumit</strong></span> <span class='ocrx_word' id='word_1_367' title='bbox 3292 2199 3538 2262; x_wconf 89' lang='lat' dir='ltr'><strong>Petrum</strong></span> <span class='ocrx_word' id='word_1_368' title='bbox 3571 2203 3734 2264; x_wconf 71' lang='lat' dir='ltr'><strong>etla-</strong></span> 
     </span>
    </p>
   </div>
   <div class='ocr_carea' id='block_1_53' title="bbox 2091 2284 3730 2371">
    <p class='ocr_par' dir='ltr' id='par_1_53' title="bbox 2091 2284 3730 2371">
     <span class='ocr_line' id='line_1_53' title="bbox 2091 2284 3730 2371; baseline 0.004 -26"><span class='ocrx_word' id='word_1_369' title='bbox 2091 2284 2303 2345; x_wconf 89' lang='lat' dir='ltr'><strong>cobum</strong></span> <span class='ocrx_word' id='word_1_370' title='bbox 2337 2294 2392 2346; x_wconf 85' lang='lat' dir='ltr'><strong>et</strong></span> <span class='ocrx_word' id='word_1_371' title='bbox 2423 2287 2706 2348; x_wconf 84' lang='lat' dir='ltr'><strong>Joannem</strong></span> <span class='ocrx_word' id='word_1_372' title='bbox 2740 2286 2873 2347; x_wconf 62' lang='grc' dir='ltr'><strong>εει</strong></span> <span class='ocrx_word' id='word_1_373' title='bbox 2935 2306 3135 2349; x_wconf 90' lang='lat' dir='ltr'><strong>secum</strong></span> <span class='ocrx_word' id='word_1_374' title='bbox 3166 2306 3179 2350; x_wconf 93' lang='lat'>:</span> <span class='ocrx_word' id='word_1_375' title='bbox 3222 2289 3517 2370; x_wconf 72' lang='lat' dir='ltr'><strong>cmpitque</strong></span> <span class='ocrx_word' id='word_1_376' title='bbox 3547 2308 3730 2371; x_wconf 81' lang='lat' dir='ltr'><strong>expa-</strong></span> 
     </span>
    </p>
   </div>
   <div class='ocr_carea' id='block_1_54' title="bbox 2093 2376 3736 2455">
    <p class='ocr_par' dir='ltr' id='par_1_54' title="bbox 2093 2376 3736 2455">
     <span class='ocr_line' id='line_1_54' title="bbox 2093 2376 3736 2455; baseline 0.005 -23"><span class='ocrx_word' id='word_1_377' title='bbox 2093 2390 2331 2435; x_wconf 83' lang='lat' dir='ltr'><strong>vescere</strong></span> <span class='ocrx_word' id='word_1_378' title='bbox 2362 2384 2419 2435; x_wconf 89' lang='lat' dir='ltr'><strong>et</strong></span> <span class='ocrx_word' id='word_1_379' title='bbox 2446 2376 2603 2455; x_wconf 83' lang='lat' dir='ltr'><strong>angi.</strong></span> <span class='ocrx_word' id='word_1_380' title='bbox 2640 2378 2710 2438; x_wconf 87' lang='lat' dir='ltr'><strong>Et</strong></span> <span class='ocrx_word' id='word_1_381' title='bbox 2740 2376 2884 2438; x_wconf 90' lang='lat' dir='ltr'><strong>dicit</strong></span> <span class='ocrx_word' id='word_1_382' title='bbox 2911 2376 3055 2438; x_wconf 90' lang='lat' dir='ltr'><strong>illis:</strong></span> <span class='ocrx_word' id='word_1_383' title='bbox 3090 2376 3305 2439; x_wconf 89' lang='lat' dir='ltr'><strong>Dolore</strong></span> <span class='ocrx_word' id='word_1_384' title='bbox 3326 2378 3587 2441; x_wconf 82' lang='lat' dir='ltr'><strong>afﬁcitur</strong></span> <span class='ocrx_word' id='word_1_385' title='bbox 3608 2378 3736 2440; x_wconf 88' lang='lat' dir='ltr'><strong>aui-</strong></span> 
     </span>
    </p>
   </div>
   <div class='ocr_carea' id='block_1_55' title="bbox 2094 2465 3730 2545">
    <p class='ocr_par' dir='ltr' id='par_1_55' title="bbox 2094 2465 3730 2545">
     <span class='ocr_line' id='line_1_55' title="bbox 2094 2465 3730 2545; baseline 0.006 -24"><span class='ocrx_word' id='word_1_386' title='bbox 2094 2480 2186 2521; x_wconf 90' lang='lat' dir='ltr'><strong>ma</strong></span> <span class='ocrx_word' id='word_1_387' title='bbox 2218 2481 2348 2524; x_wconf 82' lang='lat' dir='ltr'><strong>mea</strong></span> <span class='ocrx_word' id='word_1_388' title='bbox 2380 2483 2566 2545; x_wconf 89' lang='lat' dir='ltr'><strong>usque</strong></span> <span class='ocrx_word' id='word_1_389' title='bbox 2595 2465 2666 2525; x_wconf 92' lang='lat' dir='ltr'><strong>ad</strong></span> <span class='ocrx_word' id='word_1_390' title='bbox 2704 2468 3224 2527; x_wconf 85' lang='lat' dir='ltr'><strong>mortem.Manete</strong></span> <span class='ocrx_word' id='word_1_391' title='bbox 3252 2466 3435 2540; x_wconf 88' lang='lat' dir='ltr'><strong>hic,et</strong></span> <span class='ocrx_word' id='word_1_392' title='bbox 3468 2467 3730 2545; x_wconf 80' lang='lat' dir='ltr'><strong>vigilate.</strong></span> 
     </span>
    </p>
   </div>
   <div class='ocr_carea' id='block_1_56' title="bbox 2090 2549 3736 2634">
    <p class='ocr_par' dir='ltr' id='par_1_56' title="bbox 2090 2549 3736 2634">
     <span class='ocr_line' id='line_1_56' title="bbox 2090 2549 3736 2634; baseline 0.003 -23"><span class='ocrx_word' id='word_1_393' title='bbox 2090 2549 2160 2611; x_wconf 91' lang='lat' dir='ltr'><strong>Et</strong></span> <span class='ocrx_word' id='word_1_394' title='bbox 2190 2568 2541 2630; x_wconf 88' lang='lat' dir='ltr'><strong>progressus</strong></span> <span class='ocrx_word' id='word_1_395' title='bbox 2571 2553 2836 2634; x_wconf 91' lang='lat' dir='ltr'><strong>paulum,</strong></span> <span class='ocrx_word' id='word_1_396' title='bbox 2871 2562 3199 2633; x_wconf 87' lang='lat' dir='ltr'><strong>prostratus</strong></span> <span class='ocrx_word' id='word_1_397' title='bbox 3231 2563 3320 2615; x_wconf 88' lang='lat' dir='ltr'><strong>est</strong></span> <span class='ocrx_word' id='word_1_398' title='bbox 3340 2554 3401 2615; x_wconf 91' lang='lat' dir='ltr'><strong>in</strong></span> <span class='ocrx_word' id='word_1_399' title='bbox 3426 2562 3736 2632; x_wconf 89' lang='lat' dir='ltr'><strong>terram,et</strong></span> 
     </span>
    </p>
   </div>
   <div class='ocr_carea' id='block_1_57' title="bbox 2093 2640 3738 2722">
    <p class='ocr_par' dir='ltr' id='par_1_57' title="bbox 2093 2640 3738 2722">
     <span class='ocr_line' id='line_1_57' title="bbox 2093 2640 3738 2722; baseline 0.005 -23"><span class='ocrx_word' id='word_1_400' title='bbox 2093 2640 2277 2700; x_wconf 91' lang='lat' dir='ltr'><strong>oravit</strong></span> <span class='ocrx_word' id='word_1_401' title='bbox 2323 2650 2383 2701; x_wconf 93' lang='lat' dir='ltr'><strong>ut</strong></span> <span class='ocrx_word' id='word_1_402' title='bbox 2405 2641 2459 2701; x_wconf 84' lang='lat' dir='ltr'><strong>si</strong></span> <span class='ocrx_word' id='word_1_403' title='bbox 2478 2642 2759 2722; x_wconf 88' lang='lat' dir='ltr'><strong>possibile</strong></span> <span class='ocrx_word' id='word_1_404' title='bbox 2789 2651 2964 2716; x_wconf 87' lang='lat' dir='ltr'><strong>esset,</strong></span> <span class='ocrx_word' id='word_1_405' title='bbox 3001 2643 3282 2705; x_wconf 89' lang='lat' dir='ltr'><strong>transiret</strong></span> <span class='ocrx_word' id='word_1_406' title='bbox 3309 2660 3342 2704; x_wconf 93' lang='lat' dir='ltr'><strong>a</strong></span> <span class='ocrx_word' id='word_1_407' title='bbox 3371 2661 3435 2705; x_wconf 89' lang='lat' dir='ltr'><strong>se</strong></span> <span class='ocrx_word' id='word_1_408' title='bbox 3468 2644 3633 2706; x_wconf 79' lang='lat' dir='ltr'><strong>liora.</strong></span> <span class='ocrx_word' id='word_1_409' title='bbox 3668 2645 3738 2707; x_wconf 88' lang='lat' dir='ltr'><strong>Et</strong></span> 
     </span>
    </p>
   </div>
   <div class='ocr_carea' id='block_1_58' title="bbox 2092 2731 3732 2814">
    <p class='ocr_par' dir='ltr' id='par_1_58' title="bbox 2092 2731 3732 2814">
     <span class='ocr_line' id='line_1_58' title="bbox 2092 2731 3732 2814; baseline 0.005 -24"><span class='ocrx_word' id='word_1_410' title='bbox 2092 2731 2325 2791; x_wconf 86' lang='lat' dir='ltr'><strong>dicebat</strong></span> <span class='ocrx_word' id='word_1_411' title='bbox 2361 2750 2373 2793; x_wconf 91' lang='lat'><strong>:</strong></span> <span class='ocrx_word' id='word_1_412' title='bbox 2403 2732 2568 2795; x_wconf 83' lang='lat' dir='ltr'><strong>Abba</strong></span> <span class='ocrx_word' id='word_1_413' title='bbox 2616 2736 2812 2809; x_wconf 89' lang='lat' dir='ltr'><strong>Pater,</strong></span> <span class='ocrx_word' id='word_1_414' title='bbox 2843 2734 3043 2795; x_wconf 90' lang='lat' dir='ltr'><strong>omnia</strong></span> <span class='ocrx_word' id='word_1_415' title='bbox 3072 2734 3377 2814; x_wconf 86' lang='lat' dir='ltr'><strong>possibilia</strong></span> <span class='ocrx_word' id='word_1_416' title='bbox 3418 2744 3555 2795; x_wconf 91' lang='lat' dir='ltr'><strong>sunt</strong></span> <span class='ocrx_word' id='word_1_417' title='bbox 3587 2736 3692 2797; x_wconf 88' lang='lat' dir='ltr'><strong>tibi</strong></span> <span class='ocrx_word' id='word_1_418' title='bbox 3719 2757 3732 2799; x_wconf 94' lang='lat'>:</span> 
     </span>
    </p>
   </div>
   <div class='ocr_carea' id='block_1_59' title="bbox 2092 2820 3738 2905">
    <p class='ocr_par' dir='ltr' id='par_1_59' title="bbox 2092 2820 3738 2905">
     <span class='ocr_line' id='line_1_59' title="bbox 2092 2820 3738 2905; baseline 0.005 -27"><span class='ocrx_word' id='word_1_419' title='bbox 2092 2820 2256 2879; x_wconf 82' lang='lat' dir='ltr'><strong>aufer</strong></span> <span class='ocrx_word' id='word_1_420' title='bbox 2288 2822 2557 2898; x_wconf 53' lang='lat' dir='ltr'><strong>patulum</strong></span> <span class='ocrx_word' id='word_1_421' title='bbox 2591 2840 2624 2883; x_wconf 94' lang='lat' dir='ltr'><strong>a</strong></span> <span class='ocrx_word' id='word_1_422' title='bbox 2656 2841 2751 2883; x_wconf 90' lang='lat' dir='ltr'><strong>me</strong></span> <span class='ocrx_word' id='word_1_423' title='bbox 2797 2824 2909 2883; x_wconf 87' lang='lat' dir='ltr'><strong>hoc</strong></span> <span class='ocrx_word' id='word_1_424' title='bbox 2943 2842 2956 2884; x_wconf 91' lang='lat'>:</span> <span class='ocrx_word' id='word_1_425' title='bbox 2993 2832 3395 2883; x_wconf 88' lang='lat' dir='ltr'><strong>verumtamen</strong></span> <span class='ocrx_word' id='word_1_426' title='bbox 3447 2842 3563 2885; x_wconf 91' lang='lat' dir='ltr'><strong>non</strong></span> <span class='ocrx_word' id='word_1_427' title='bbox 3596 2825 3738 2905; x_wconf 89' lang='lat' dir='ltr'><strong>quid</strong></span> 
     </span>
    </p>
   </div>
   <div class='ocr_carea' id='block_1_60' title="bbox 2095 2910 3737 2990">
    <p class='ocr_par' dir='ltr' id='par_1_60' title="bbox 2095 2910 3737 2990">
     <span class='ocr_line' id='line_1_60' title="bbox 2095 2910 3737 2990; baseline 0.004 -23"><span class='ocrx_word' id='word_1_428' title='bbox 2095 2925 2201 2986; x_wconf 75' lang='lat' dir='ltr'><strong>ego</strong></span> <span class='ocrx_word' id='word_1_429' title='bbox 2235 2910 2432 2981; x_wconf 84' lang='lat' dir='ltr'><strong>velim,</strong></span> <span class='ocrx_word' id='word_1_430' title='bbox 2461 2911 2563 2970; x_wconf 90' lang='lat' dir='ltr'><strong>sed</strong></span> <span class='ocrx_word' id='word_1_431' title='bbox 2590 2912 2727 2990; x_wconf 78' lang='lat' dir='ltr'><strong>quid</strong></span> <span class='ocrx_word' id='word_1_432' title='bbox 2757 2912 2919 2973; x_wconf 87' lang='lat' dir='ltr'><strong>tu.Et</strong></span> <span class='ocrx_word' id='word_1_433' title='bbox 2942 2911 3100 2973; x_wconf 88' lang='lat' dir='ltr'><strong>venit</strong></span> <span class='ocrx_word' id='word_1_434' title='bbox 3122 2919 3178 2971; x_wconf 90' lang='lat' dir='ltr'><strong>et</strong></span> <span class='ocrx_word' id='word_1_435' title='bbox 3201 2911 3446 2973; x_wconf 80' lang='lat' dir='ltr'><strong>oﬂ‘enJit</strong></span> <span class='ocrx_word' id='word_1_436' title='bbox 3469 2930 3570 2972; x_wconf 89' lang='lat' dir='ltr'><strong>eos</strong></span> <span class='ocrx_word' id='word_1_437' title='bbox 3591 2916 3737 2975; x_wconf 89' lang='lat' dir='ltr'><strong>dor-</strong></span> 
     </span>
    </p>
   </div>
   <div class='ocr_carea' id='block_1_61' title="bbox 2094 2996 3738 3081">
    <p class='ocr_par' dir='ltr' id='par_1_61' title="bbox 2094 2996 3738 3081">
     <span class='ocr_line' id='line_1_61' title="bbox 2094 2996 3738 3081; baseline 0.004 -26"><span class='ocrx_word' id='word_1_438' title='bbox 2094 2996 2199 3056; x_wconf 47' lang='lat' dir='ltr'><strong>mit</strong></span> <span class='ocrx_word' id='word_1_439' title='bbox 2219 2998 2637 3079; x_wconf 77' lang='lat' dir='ltr'><strong>ntes:dicitque</strong></span> <span class='ocrx_word' id='word_1_440' title='bbox 2662 2998 3362 3079; x_wconf 85' lang='lat' dir='ltr'><strong>Petro:Simon,dormis?</strong></span> <span class='ocrx_word' id='word_1_441' title='bbox 3384 3019 3502 3061; x_wconf 89' lang='lat' dir='ltr'><strong>non</strong></span> <span class='ocrx_word' id='word_1_442' title='bbox 3522 3001 3738 3081; x_wconf 85' lang='lat' dir='ltr'><strong>potuis-</strong></span> 
     </span>
    </p>
   </div>
   <div class='ocr_carea' id='block_1_62' title="bbox 2096 3085 3737 3165">
    <p class='ocr_par' dir='ltr' id='par_1_62' title="bbox 2096 3085 3737 3165">
     <span class='ocr_line' id='line_1_62' title="bbox 2096 3085 3737 3165; baseline 0.004 -21"><span class='ocrx_word' id='word_1_443' title='bbox 2096 3087 2134 3145; x_wconf 91' lang='lat' dir='ltr'><strong>ti</strong></span> <span class='ocrx_word' id='word_1_444' title='bbox 2158 3104 2331 3146; x_wconf 90' lang='lat' dir='ltr'><strong>unam</strong></span> <span class='ocrx_word' id='word_1_445' title='bbox 2366 3087 2567 3145; x_wconf 66' lang='lat' dir='ltr'><strong>horam</strong></span> <span class='ocrx_word' id='word_1_446' title='bbox 2596 3085 3119 3165; x_wconf 83' lang='lat' dir='ltr'><strong>vigilare?Vigilate</strong></span> <span class='ocrx_word' id='word_1_447' title='bbox 3145 3095 3203 3148; x_wconf 92' lang='lat' dir='ltr'><strong>et</strong></span> <span class='ocrx_word' id='word_1_448' title='bbox 3234 3095 3396 3149; x_wconf 88' lang='lat' dir='ltr'><strong>orate</strong></span> <span class='ocrx_word' id='word_1_449' title='bbox 3426 3107 3500 3149; x_wconf 91' lang='lat' dir='ltr'><strong>ne</strong></span> <span class='ocrx_word' id='word_1_450' title='bbox 3533 3090 3737 3151; x_wconf 88' lang='lat' dir='ltr'><strong>venia-</strong></span> 
     </span>
    </p>
   </div>
   <div class='ocr_carea' id='block_1_63' title="bbox 362 3175 2007 3271">
    <p class='ocr_par' dir='ltr' id='par_1_63' title="bbox 362 3180 2007 3271">
     <span class='ocr_line' id='line_1_63' title="bbox 362 3180 2007 3271; baseline -0.002 -37"><span class='ocrx_word' id='word_1_451' title='bbox 362 3181 485 3254; x_wconf 81' lang='grc' dir='ltr'>μίαν</span> <span class='ocrx_word' id='word_1_452' title='bbox 519 3181 661 3253; x_wconf 83' lang='grc' dir='ltr'>ὥραν</span> <span class='ocrx_word' id='word_1_453' title='bbox 715 3187 1049 3263; x_wconf 78' lang='grc' dir='ltr'>γρηγορῆσαι</span> <span class='ocrx_word' id='word_1_454' title='bbox 1082 3200 1097 3257; x_wconf 85' lang='grc'>;</span> <span class='ocrx_word' id='word_1_455' title='bbox 1159 3187 1479 3259; x_wconf 78' lang='grc' dir='ltr'>Γρηγορεῖτε</span> <span class='ocrx_word' id='word_1_456' title='bbox 1508 3180 1597 3234; x_wconf 85' lang='grc' dir='ltr'><strong>καὶ</strong></span> <span class='ocrx_word' id='word_1_457' title='bbox 1626 3180 2007 3271; x_wconf 65' lang='grc' dir='ltr'>προσεύχεσθε,</span> 
     </span>
    </p>
   </div>
   <div class='ocr_carea' id='block_1_64' title="bbox 2091 3175 3738 3271">
    <p class='ocr_par' dir='ltr' id='par_1_64' title="bbox 2099 3175 3738 3259">
     <span class='ocr_line' id='line_1_64' title="bbox 2099 3175 3738 3259; baseline 0.003 -23"><span class='ocrx_word' id='word_1_458' title='bbox 2099 3175 2243 3236; x_wconf 89' lang='lat' dir='ltr'><strong>tisin</strong></span> <span class='ocrx_word' id='word_1_459' title='bbox 2263 3176 3170 3257; x_wconf 86' lang='lat' dir='ltr'><strong>tentationem,spirilusquidem</strong></span> <span class='ocrx_word' id='word_1_460' title='bbox 3196 3186 3738 3259; x_wconf 89' lang='lat' dir='ltr'><strong>promptus,atcaro</strong></span> 
     </span>
    </p>
   </div>
   <div class='ocr_carea' id='block_1_65' title="bbox 362 3258 2007 3348">
    <p class='ocr_par' dir='ltr' id='par_1_65' title="bbox 362 3264 2007 3348">
     <span class='ocr_line' id='line_1_65' title="bbox 362 3264 2007 3348; baseline -0.002 -25"><span class='ocrx_word' id='word_1_461' title='bbox 362 3267 456 3323; x_wconf 70' lang='grc' dir='ltr'>’ἕνα</span> <span class='ocrx_word' id='word_1_462' title='bbox 513 3271 590 3344; x_wconf 76' lang='grc' dir='ltr'>μὴ</span> <span class='ocrx_word' id='word_1_463' title='bbox 634 3270 903 3336; x_wconf 81' lang='grc' dir='ltr'>εἰσέλθητε</span> <span class='ocrx_word' id='word_1_464' title='bbox 984 3272 1056 3332; x_wconf 84' lang='grc' dir='ltr'>εἰς</span> <span class='ocrx_word' id='word_1_465' title='bbox 1112 3269 1407 3348; x_wconf 82' lang='grc' dir='ltr'>πειρασμόν</span> <span class='ocrx_word' id='word_1_466' title='bbox 1443 3287 1455 3299; x_wconf 89' lang='grc'><strong>·</strong></span> <span class='ocrx_word' id='word_1_467' title='bbox 1517 3269 1578 3322; x_wconf 87' lang='lat'><strong>16</strong></span> <span class='ocrx_word' id='word_1_468' title='bbox 1637 3268 1733 3342; x_wconf 80' lang='grc' dir='ltr'>μὲν</span> <span class='ocrx_word' id='word_1_469' title='bbox 1805 3264 2007 3339; x_wconf 76' lang='grc' dir='ltr'>πνεῦμα</span> 
     </span>
    </p>
   </div>
   <div class='ocr_carea' id='block_1_66' title="bbox 2091 3258 3738 3348">
    <p class='ocr_par' dir='ltr' id='par_1_66' title="bbox 2093 3258 3738 3346">
     <span class='ocr_line' id='line_1_66' title="bbox 2093 3258 3738 3346; baseline 0.004 -23"><span class='ocrx_word' id='word_1_470' title='bbox 2093 3263 2355 3325; x_wconf 80' lang='lat' dir='ltr'><strong>inﬁrma.</strong></span> <span class='ocrx_word' id='word_1_471' title='bbox 2387 3264 2459 3325; x_wconf 92' lang='lat' dir='ltr'><strong>Et</strong></span> <span class='ocrx_word' id='word_1_472' title='bbox 2488 3284 2721 3327; x_wconf 90' lang='lat' dir='ltr'><strong>rursum</strong></span> <span class='ocrx_word' id='word_1_473' title='bbox 2755 3266 3055 3345; x_wconf 87' lang='lat' dir='ltr'><strong>digressus</strong></span> <span class='ocrx_word' id='word_1_474' title='bbox 3097 3268 3324 3346; x_wconf 88' lang='lat' dir='ltr'><strong>orabat,</strong></span> <span class='ocrx_word' id='word_1_475' title='bbox 3360 3276 3418 3328; x_wconf 93' lang='lat' dir='ltr'><strong>et</strong></span> <span class='ocrx_word' id='word_1_476' title='bbox 3458 3258 3738 3329; x_wconf 87' lang='lat' dir='ltr'><strong>eumdem</strong></span> 
     </span>
    </p>
   </div>
   <div class='ocr_carea' id='block_1_67' title="bbox 363 3353 2007 3438">
    <p class='ocr_par' dir='ltr' id='par_1_67' title="bbox 363 3353 2007 3438">
     <span class='ocr_line' id='line_1_67' title="bbox 363 3353 2007 3438; baseline -0.002 -25"><span class='ocrx_word' id='word_1_477' title='bbox 363 3359 648 3438; x_wconf 84' lang='grc' dir='ltr'>πρόθυμον,</span> <span class='ocrx_word' id='word_1_478' title='bbox 706 3362 740 3427; x_wconf 74' lang='grc' dir='ltr'>ἡ</span> <span class='ocrx_word' id='word_1_479' title='bbox 795 3358 850 3415; x_wconf 76' lang='grc' dir='ltr'><strong>δὲ</strong></span> <span class='ocrx_word' id='word_1_480' title='bbox 905 3358 1030 3437; x_wconf 76' lang='grc' dir='ltr'>σὰρξ</span> <span class='ocrx_word' id='word_1_481' title='bbox 1094 3358 1340 3427; x_wconf 75' lang='grc' dir='ltr'>ἀσθενής.</span> <span class='ocrx_word' id='word_1_482' title='bbox 1412 3358 1508 3414; x_wconf 81' lang='grc' dir='ltr'><strong>Καὶ</strong></span> <span class='ocrx_word' id='word_1_483' title='bbox 1552 3355 1710 3416; x_wconf 82' lang='grc' dir='ltr'>πάλιν</span> <span class='ocrx_word' id='word_1_484' title='bbox 1768 3353 2007 3411; x_wconf 79' lang='grc' dir='ltr'>ἀπελθὼν</span> 
     </span>
    </p>
   </div>
   <div class='ocr_carea' id='block_1_68' title="bbox 2091 3353 3737 3438">
    <p class='ocr_par' dir='ltr' id='par_1_68' title="bbox 2093 3354 3737 3419">
     <span class='ocr_line' id='line_1_68' title="bbox 2093 3354 3737 3419; baseline 0.004 -7"><span class='ocrx_word' id='word_1_485' title='bbox 2093 3354 2238 3415; x_wconf 88' lang='lat' dir='ltr'><strong>dixit</strong></span> <span class='ocrx_word' id='word_1_486' title='bbox 2268 3372 2630 3415; x_wconf 81' lang='lat' dir='ltr'><strong>sermonem.</strong></span> <span class='ocrx_word' id='word_1_487' title='bbox 2668 3358 2737 3416; x_wconf 88' lang='lat' dir='ltr'><strong>Et</strong></span> <span class='ocrx_word' id='word_1_488' title='bbox 2757 3373 3030 3417; x_wconf 88' lang='lat' dir='ltr'><strong>reversus</strong></span> <span class='ocrx_word' id='word_1_489' title='bbox 3060 3355 3306 3416; x_wconf 78' lang='lat' dir='ltr'><strong>offendit</strong></span> <span class='ocrx_word' id='word_1_490' title='bbox 3338 3354 3472 3417; x_wconf 91' lang='lat' dir='ltr'><strong>illos</strong></span> <span class='ocrx_word' id='word_1_491' title='bbox 3500 3374 3737 3419; x_wconf 89' lang='lat' dir='ltr'><strong>rursum</strong></span> 
     </span>
    </p>
   </div>
   <div class='ocr_carea' id='block_1_69' title="bbox 364 3443 2007 3527">
    <p class='ocr_par' dir='ltr' id='par_1_69' title="bbox 364 3443 2007 3525">
     <span class='ocr_line' id='line_1_69' title="bbox 364 3443 2007 3525; baseline -0.002 -23"><span class='ocrx_word' id='word_1_492' title='bbox 364 3446 721 3525; x_wconf 72' lang='grc' dir='ltr'>προσηύξατο,</span> <span class='ocrx_word' id='word_1_493' title='bbox 781 3450 872 3504; x_wconf 83' lang='lat' dir='ltr'>16v</span> <span class='ocrx_word' id='word_1_494' title='bbox 930 3451 1083 3505; x_wconf 76' lang='grc' dir='ltr'>αὒτὸν</span> <span class='ocrx_word' id='word_1_495' title='bbox 1137 3446 1295 3525; x_wconf 89' lang='grc' dir='ltr'>λόγον</span> <span class='ocrx_word' id='word_1_496' title='bbox 1352 3446 1536 3508; x_wconf 81' lang='grc' dir='ltr'>εἰπών.</span> <span class='ocrx_word' id='word_1_497' title='bbox 1600 3447 1697 3503; x_wconf 87' lang='grc' dir='ltr'>Καὶ</span> <span class='ocrx_word' id='word_1_498' title='bbox 1747 3443 2007 3523; x_wconf 75' lang='grc' dir='ltr'>ὑποστρέ-</span> 
     </span>
    </p>
   </div>
   <div class='ocr_carea' id='block_1_70' title="bbox 2091 3443 3739 3527">
    <p class='ocr_par' dir='ltr' id='par_1_70' title="bbox 2095 3443 3739 3527">
     <span class='ocr_line' id='line_1_70' title="bbox 2095 3443 3739 3527; baseline 0.003 -24"><span class='ocrx_word' id='word_1_499' title='bbox 2095 3443 2659 3515; x_wconf 73' lang='lat' dir='ltr'><strong>dorinientcs,eraiit</strong></span> <span class='ocrx_word' id='word_1_500' title='bbox 2690 3444 2849 3505; x_wconf 90' lang='lat' dir='ltr'><strong>enim</strong></span> <span class='ocrx_word' id='word_1_501' title='bbox 2872 3445 3029 3505; x_wconf 92' lang='lat' dir='ltr'><strong>oculi</strong></span> <span class='ocrx_word' id='word_1_502' title='bbox 3062 3461 3269 3505; x_wconf 88' lang='lat' dir='ltr'><strong>eorum</strong></span> <span class='ocrx_word' id='word_1_503' title='bbox 3294 3445 3739 3527; x_wconf 87' lang='lat' dir='ltr'><strong>gravati,neque</strong></span> 
     </span>
    </p>
   </div>
   <div class='ocr_carea' id='block_1_71' title="bbox 363 3534 2012 3615">
    <p class='ocr_par' dir='ltr' id='par_1_71' title="bbox 363 3534 2012 3615">
     <span class='ocr_line' id='line_1_71' title="bbox 363 3534 2012 3615; baseline -0.001 -24"><span class='ocrx_word' id='word_1_504' title='bbox 363 3541 491 3612; x_wconf 76' lang='grc' dir='ltr'>ψας,</span> <span class='ocrx_word' id='word_1_505' title='bbox 554 3538 698 3615; x_wconf 77' lang='grc' dir='ltr'>εὗρεν</span> <span class='ocrx_word' id='word_1_506' title='bbox 745 3538 931 3602; x_wconf 68' lang='grc' dir='ltr'>αὐτοὺς</span> <span class='ocrx_word' id='word_1_507' title='bbox 976 3537 1136 3594; x_wconf 67' lang='grc' dir='ltr'>πάλιν</span> <span class='ocrx_word' id='word_1_508' title='bbox 1197 3534 1542 3594; x_wconf 80' lang='grc' dir='ltr'>καθεύδοντας</span> <span class='ocrx_word' id='word_1_509' title='bbox 1580 3555 1592 3569; x_wconf 79' lang='grc'>⁸</span> <span class='ocrx_word' id='word_1_510' title='bbox 1638 3535 1774 3602; x_wconf 74' lang='grc' dir='ltr'>ἦσαν</span> <span class='ocrx_word' id='word_1_511' title='bbox 1823 3536 1922 3612; x_wconf 83' lang='grc' dir='ltr'><strong>γὰρ</strong></span> <span class='ocrx_word' id='word_1_512' title='bbox 1965 3536 2012 3589; x_wconf 75' lang='grc' dir='ltr'>οἱ</span> 
     </span>
    </p>
   </div>
   <div class='ocr_carea' id='block_1_72' title="bbox 363 3622 2015 3705">
    <p class='ocr_par' dir='ltr' id='par_1_72' title="bbox 363 3622 2015 3705">
     <span class='ocr_line' id='line_1_72' title="bbox 363 3622 2015 3705; baseline -0.002 -24"><span class='ocrx_word' id='word_1_513' title='bbox 363 3625 622 3705; x_wconf 72' lang='grc' dir='ltr'>ὀφθαλμοὶ</span> <span class='ocrx_word' id='word_1_514' title='bbox 686 3626 856 3683; x_wconf 72' lang='grc' dir='ltr'>αὗτῶν</span> <span class='ocrx_word' id='word_1_515' title='bbox 941 3624 1319 3702; x_wconf 80' lang='grc' dir='ltr'>βεϐαρημένοι,</span> <span class='ocrx_word' id='word_1_516' title='bbox 1380 3625 1470 3681; x_wconf 86' lang='grc' dir='ltr'><strong>καὶ</strong></span> <span class='ocrx_word' id='word_1_517' title='bbox 1553 3624 1646 3679; x_wconf 75' lang='grc' dir='ltr'><strong>οὐκ</strong></span> <span class='ocrx_word' id='word_1_518' title='bbox 1704 3622 1915 3700; x_wconf 72' lang='grc' dir='ltr'>ᾔδεισαν</span> <span class='ocrx_word' id='word_1_519' title='bbox 1965 3622 2015 3677; x_wconf 80' lang='grc' dir='ltr'>τί</span> 
     </span>
    </p>
   </div>
   <div class='ocr_carea' id='block_1_73' title="bbox 362 3711 2013 3794">
    <p class='ocr_par' dir='ltr' id='par_1_73' title="bbox 362 3711 2013 3794">
     <span class='ocr_line' id='line_1_73' title="bbox 362 3711 2013 3794; baseline -0.001 -25"><span class='ocrx_word' id='word_1_520' title='bbox 362 3717 504 3790; x_wconf 72' lang='grc' dir='ltr'>αὐτῷ</span> <span class='ocrx_word' id='word_1_521' title='bbox 546 3716 893 3794; x_wconf 79' lang='grc' dir='ltr'>ἀποκριθῶσι.</span> <span class='ocrx_word' id='word_1_522' title='bbox 945 3717 1043 3773; x_wconf 79' lang='grc' dir='ltr'><strong>Καὶ</strong></span> <span class='ocrx_word' id='word_1_523' title='bbox 1097 3714 1315 3793; x_wconf 74' lang='grc' dir='ltr'>ἔρχεται</span> <span class='ocrx_word' id='word_1_524' title='bbox 1377 3715 1438 3769; x_wconf 89' lang='lat'><strong>16</strong></span> <span class='ocrx_word' id='word_1_525' title='bbox 1495 3714 1693 3793; x_wconf 84' lang='grc' dir='ltr'>τρίτον,</span> <span class='ocrx_word' id='word_1_526' title='bbox 1738 3714 1828 3767; x_wconf 78' lang='grc' dir='ltr'><strong>καὶ</strong></span> <span class='ocrx_word' id='word_1_527' title='bbox 1869 3711 2013 3790; x_wconf 89' lang='grc' dir='ltr'>λέγει</span> 
     </span>
    </p>
   </div>
   <div class='ocr_carea' id='block_1_74' title="bbox 361 3801 2011 3879">
    <p class='ocr_par' dir='ltr' id='par_1_74' title="bbox 361 3801 2011 3879">
     <span class='ocr_line' id='line_1_74' title="bbox 361 3801 2011 3879; baseline -0.003 -19"><span class='ocrx_word' id='word_1_528' title='bbox 361 3809 545 3870; x_wconf 70' lang='grc' dir='ltr'>αὐτοῖς</span> <span class='ocrx_word' id='word_1_529' title='bbox 579 3822 595 3836; x_wconf 77' lang='grc'><strong><em>⁸</em></strong></span> <span class='ocrx_word' id='word_1_530' title='bbox 694 3802 975 3862; x_wconf 85' lang='grc' dir='ltr'>Καθεύδετε</span> <span class='ocrx_word' id='word_1_531' title='bbox 1079 3805 1140 3859; x_wconf 83' lang='grc' dir='ltr'>τὸ</span> <span class='ocrx_word' id='word_1_532' title='bbox 1223 3801 1411 3858; x_wconf 85' lang='grc' dir='ltr'>λοιπὸν</span> <span class='ocrx_word' id='word_1_533' title='bbox 1492 3803 1580 3858; x_wconf 79' lang='grc' dir='ltr'>καὶ</span> <span class='ocrx_word' id='word_1_534' title='bbox 1663 3803 2011 3879; x_wconf 79' lang='grc' dir='ltr'>ὀναπαύεσθε,</span> 
     </span>
    </p>
   </div>
   <div class='ocr_carea' id='block_1_75' title="bbox 362 3883 2014 3974">
    <p class='ocr_par' dir='ltr' id='par_1_75' title="bbox 362 3883 2014 3974">
     <span class='ocr_line' id='line_1_75' title="bbox 362 3883 2014 3974; baseline -0.001 -26"><span class='ocrx_word' id='word_1_535' title='bbox 362 3894 579 3974; x_wconf 78' lang='grc' dir='ltr'>ἀπέχει.</span> <span class='ocrx_word' id='word_1_536' title='bbox 642 3883 831 3950; x_wconf 62' lang='grc' dir='ltr'><strong>⁴¹’Πλθεν</strong></span> <span class='ocrx_word' id='word_1_537' title='bbox 882 3896 915 3960; x_wconf 75' lang='grc' dir='ltr'>ἡ</span> <span class='ocrx_word' id='word_1_538' title='bbox 974 3892 1109 3972; x_wconf 72' lang='grc' dir='ltr'>ὥρα,</span> <span class='ocrx_word' id='word_1_539' title='bbox 1162 3890 1272 3947; x_wconf 80' lang='grc' dir='ltr'>ἰδοὺ</span> <span class='ocrx_word' id='word_1_540' title='bbox 1328 3889 1667 3971; x_wconf 80' lang='grc' dir='ltr'>παραδίδοται</span> <span class='ocrx_word' id='word_1_541' title='bbox 1699 3894 1726 3947; x_wconf 83' lang='lat'><strong>6</strong></span> <span class='ocrx_word' id='word_1_542' title='bbox 1770 3893 1890 3955; x_wconf 57' lang='grc' dir='ltr'><strong>Υἱὸς</strong></span> <span class='ocrx_word' id='word_1_543' title='bbox 1922 3894 2014 3947; x_wconf 73' lang='grc' dir='ltr'>τοῦ</span> 
     </span>
    </p>
   </div>
   <div class='ocr_carea' id='block_1_76' title="bbox 364 3978 2010 4061">
    <p class='ocr_par' dir='ltr' id='par_1_76' title="bbox 364 3978 2010 4061">
     <span class='ocr_line' id='line_1_76' title="bbox 364 3978 2010 4061; baseline -0.002 -23"><span class='ocrx_word' id='word_1_544' title='bbox 364 3984 639 4061; x_wconf 79' lang='grc' dir='ltr'>ἀνθρώπου</span> <span class='ocrx_word' id='word_1_545' title='bbox 694 3985 768 4046; x_wconf 83' lang='grc' dir='ltr'>εἷς</span> <span class='ocrx_word' id='word_1_546' title='bbox 831 3983 926 4046; x_wconf 82' lang='grc' dir='ltr'>τὰς</span> <span class='ocrx_word' id='word_1_547' title='bbox 984 3994 1179 4061; x_wconf 85' lang='grc' dir='ltr'>χεῖρας</span> <span class='ocrx_word' id='word_1_548' title='bbox 1258 3983 1363 4035; x_wconf 82' lang='grc' dir='ltr'>τῶν</span> <span class='ocrx_word' id='word_1_549' title='bbox 1422 3978 1775 4058; x_wconf 77' lang='grc' dir='ltr'>ἁμαρτωλῶν.</span> <span class='ocrx_word' id='word_1_550' title='bbox 1835 3978 2010 4058; x_wconf 76' lang='grc' dir='ltr'>Ἐγείο</span> 
     </span>
    </p>
   </div>
   <div class='ocr_carea' id='block_1_77' title="bbox 364 4067 2008 4151">
    <p class='ocr_par' dir='ltr' id='par_1_77' title="bbox 364 4067 2008 4151">
     <span class='ocr_line' id='line_1_77' title="bbox 364 4067 2008 4151; baseline -0.001 -23"><span class='ocrx_word' id='word_1_551' title='bbox 364 4076 535 4151; x_wconf 88' lang='grc' dir='ltr'>ρεσθε,</span> <span class='ocrx_word' id='word_1_552' title='bbox 596 4070 832 4150; x_wconf 77' lang='grc' dir='ltr'>ἄγωμεν,</span> <span class='ocrx_word' id='word_1_553' title='bbox 888 4069 997 4128; x_wconf 82' lang='grc' dir='ltr'>ἰδοὺ</span> <span class='ocrx_word' id='word_1_554' title='bbox 1054 4073 1082 4126; x_wconf 88' lang='lat'><strong>6</strong></span> <span class='ocrx_word' id='word_1_555' title='bbox 1156 4067 1468 4148; x_wconf 85' lang='grc' dir='ltr'>παραδιδούς</span> <span class='ocrx_word' id='word_1_556' title='bbox 1527 4091 1594 4145; x_wconf 87' lang='grc' dir='ltr'><strong>με</strong></span> <span class='ocrx_word' id='word_1_557' title='bbox 1657 4068 1901 4148; x_wconf 72' lang='grc' dir='ltr'>ἤγγικεν.</span> <span class='ocrx_word' id='word_1_558' title='bbox 1977 4089 2008 4127; x_wconf 67' lang='grc' dir='ltr'><strong>ι</strong></span> 
     </span>
    </p>
   </div>
   <div class='ocr_carea' id='block_1_78' title="bbox 370 4158 2015 4238">
    <p class='ocr_par' dir='ltr' id='par_1_78' title="bbox 370 4158 2015 4238">
     <span class='ocr_line' id='line_1_78' title="bbox 370 4158 2015 4238; baseline -0.004 -19"><span class='ocrx_word' id='word_1_559' title='bbox 370 4159 687 4237; x_wconf 79' lang='grc' dir='ltr'>Καταμόνας</span> <span class='ocrx_word' id='word_1_560' title='bbox 771 4160 958 4217; x_wconf 72' lang='grc' dir='ltr'>εἴωθεν</span> <span class='ocrx_word' id='word_1_561' title='bbox 1046 4160 1125 4216; x_wconf 79' lang='grc' dir='ltr'>ἀεὶ</span> <span class='ocrx_word' id='word_1_562' title='bbox 1208 4159 1620 4238; x_wconf 82' lang='grc' dir='ltr'>προσεύχεσθαι,</span> <span class='ocrx_word' id='word_1_563' title='bbox 1692 4158 1855 4215; x_wconf 89' lang='grc' dir='ltr'>τύπον</span> <span class='ocrx_word' id='word_1_564' title='bbox 1928 4159 2015 4213; x_wconf 69' lang='grc' dir='ltr'>οιαὶ</span> 
     </span>
    </p>
   </div>
   <div class='ocr_carea' id='block_1_79' title="bbox 365 4247 2011 4330">
    <p class='ocr_par' dir='ltr' id='par_1_79' title="bbox 365 4247 2011 4330">
     <span class='ocr_line' id='line_1_79' title="bbox 365 4247 2011 4330; baseline -0.002 -25"><span class='ocrx_word' id='word_1_565' title='bbox 365 4253 500 4327; x_wconf 73' lang='grc' dir='ltr'>ἡμῖν</span> <span class='ocrx_word' id='word_1_566' title='bbox 557 4248 751 4330; x_wconf 82' lang='grc' dir='ltr'>διδοὺς,</span> <span class='ocrx_word' id='word_1_567' title='bbox 809 4248 901 4306; x_wconf 69' lang='grc' dir='ltr'>ἵνα</span> <span class='ocrx_word' id='word_1_568' title='bbox 956 4249 1053 4317; x_wconf 73' lang='grc' dir='ltr'><strong>τὴν</strong></span> <span class='ocrx_word' id='word_1_569' title='bbox 1111 4247 1342 4327; x_wconf 77' lang='grc' dir='ltr'>ἡσυχίαν</span> <span class='ocrx_word' id='word_1_570' title='bbox 1394 4247 1729 4323; x_wconf 81' lang='grc' dir='ltr'>ἐπιζητῶμεν</span> <span class='ocrx_word' id='word_1_571' title='bbox 1778 4247 1832 4302; x_wconf 79' lang='grc' dir='ltr'>ἐν</span> <span class='ocrx_word' id='word_1_572' title='bbox 1888 4259 2011 4310; x_wconf 87' lang='grc' dir='ltr'>ταῖς</span> 
     </span>
    </p>
   </div>
   <div class='ocr_carea' id='block_1_80' title="bbox 368 4334 2008 4420">
    <p class='ocr_par' dir='ltr' id='par_1_80' title="bbox 368 4334 2008 4420">
     <span class='ocr_line' id='line_1_80' title="bbox 368 4334 2008 4420; baseline -0.003 -24"><span class='ocrx_word' id='word_1_573' title='bbox 368 4352 722 4420; x_wconf 85' lang='grc' dir='ltr'>προσευχαῖς.</span> <span class='ocrx_word' id='word_1_574' title='bbox 797 4334 1206 4417; x_wconf 79' lang='grc' dir='ltr'>Παραλαμϐάνει</span> <span class='ocrx_word' id='word_1_575' title='bbox 1288 4334 1345 4392; x_wconf 79' lang='grc' dir='ltr'>δὲ</span> <span class='ocrx_word' id='word_1_576' title='bbox 1415 4337 1537 4399; x_wconf 84' lang='grc' dir='ltr'>τοὺς</span> <span class='ocrx_word' id='word_1_577' title='bbox 1590 4348 1737 4415; x_wconf 82' lang='grc' dir='ltr'>τρεῖς</span> <span class='ocrx_word' id='word_1_578' title='bbox 1794 4337 2008 4412; x_wconf 84' lang='grc' dir='ltr'>μόνους,</span> 
     </span>
    </p>
   </div>
   <div class='ocr_carea' id='block_1_81' title="bbox 2095 3530 3739 3615">
    <p class='ocr_par' dir='ltr' id='par_1_81' title="bbox 2095 3530 3739 3615">
     <span class='ocr_line' id='line_1_81' title="bbox 2095 3530 3739 3615; baseline 0.003 -24"><span class='ocrx_word' id='word_1_579' title='bbox 2095 3530 2361 3592; x_wconf 87' lang='lat' dir='ltr'><strong>sciebant</strong></span> <span class='ocrx_word' id='word_1_580' title='bbox 2392 3533 2533 3612; x_wconf 83' lang='lat' dir='ltr'><strong>quid</strong></span> <span class='ocrx_word' id='word_1_581' title='bbox 2562 3534 2644 3594; x_wconf 91' lang='lat' dir='ltr'><strong>illi</strong></span> <span class='ocrx_word' id='word_1_582' title='bbox 2676 3534 3133 3615; x_wconf 85' lang='lat' dir='ltr'><strong>responderent.</strong></span> <span class='ocrx_word' id='word_1_583' title='bbox 3162 3533 3231 3595; x_wconf 91' lang='lat' dir='ltr'><strong>Et</strong></span> <span class='ocrx_word' id='word_1_584' title='bbox 3260 3535 3419 3595; x_wconf 88' lang='lat' dir='ltr'><strong>venit</strong></span> <span class='ocrx_word' id='word_1_585' title='bbox 3450 3536 3619 3596; x_wconf 89' lang='lat' dir='ltr'><strong>tertio</strong></span> <span class='ocrx_word' id='word_1_586' title='bbox 3638 3535 3739 3596; x_wconf 90' lang='lat' dir='ltr'><strong>di-</strong></span> 
     </span>
    </p>
   </div>
   <div class='ocr_carea' id='block_1_82' title="bbox 2099 3620 3740 3703">
    <p class='ocr_par' dir='ltr' id='par_1_82' title="bbox 2099 3620 3740 3703">
     <span class='ocr_line' id='line_1_82' title="bbox 2099 3620 3740 3703; baseline 0.002 -23"><span class='ocrx_word' id='word_1_587' title='bbox 2099 3622 2292 3699; x_wconf 88' lang='lat' dir='ltr'><strong>citque</strong></span> <span class='ocrx_word' id='word_1_588' title='bbox 2322 3620 2443 3682; x_wconf 91' lang='lat' dir='ltr'><strong>illis</strong></span> <span class='ocrx_word' id='word_1_589' title='bbox 2472 3643 2484 3683; x_wconf 93' lang='lat'>:</span> <span class='ocrx_word' id='word_1_590' title='bbox 2513 3622 2778 3684; x_wconf 90' lang='lat' dir='ltr'><strong>Dormite</strong></span> <span class='ocrx_word' id='word_1_591' title='bbox 2815 3623 3149 3702; x_wconf 80' lang='lat' dir='ltr'><strong>postliac,et</strong></span> <span class='ocrx_word' id='word_1_592' title='bbox 3178 3622 3740 3703; x_wconf 78' lang='lat' dir='ltr'><strong>requiescite,suﬂi-</strong></span> 
     </span>
    </p>
   </div>
   <div class='ocr_carea' id='block_1_83' title="bbox 2096 3708 3739 3783">
    <p class='ocr_par' dir='ltr' id='par_1_83' title="bbox 2096 3708 3739 3783">
     <span class='ocr_line' id='line_1_83' title="bbox 2096 3708 3739 3783; baseline 0.002 -14"><span class='ocrx_word' id='word_1_593' title='bbox 2096 3708 2382 3770; x_wconf 89' lang='lat' dir='ltr'><strong>cit.Venit</strong></span> <span class='ocrx_word' id='word_1_594' title='bbox 2413 3710 2728 3783; x_wconf 79' lang='lat' dir='ltr'><strong>hora,ecce</strong></span> <span class='ocrx_word' id='word_1_595' title='bbox 2762 3712 3011 3771; x_wconf 87' lang='lat' dir='ltr'><strong>traditur</strong></span> <span class='ocrx_word' id='word_1_596' title='bbox 3033 3710 3216 3772; x_wconf 90' lang='lat' dir='ltr'><strong>Filius</strong></span> <span class='ocrx_word' id='word_1_597' title='bbox 3248 3710 3509 3772; x_wconf 89' lang='lat' dir='ltr'><strong>hominis</strong></span> <span class='ocrx_word' id='word_1_598' title='bbox 3532 3712 3593 3774; x_wconf 92' lang='lat' dir='ltr'><strong>in</strong></span> <span class='ocrx_word' id='word_1_599' title='bbox 3620 3731 3739 3773; x_wconf 87' lang='lat' dir='ltr'><strong>ma-</strong></span> 
     </span>
    </p>
   </div>
   <div class='ocr_carea' id='block_1_84' title="bbox 2094 3799 3742 3882">
    <p class='ocr_par' dir='ltr' id='par_1_84' title="bbox 2094 3799 3742 3882">
     <span class='ocr_line' id='line_1_84' title="bbox 2094 3799 3742 3882; baseline 0.002 -23"><span class='ocrx_word' id='word_1_600' title='bbox 2094 3815 2205 3859; x_wconf 91' lang='lat' dir='ltr'><strong>nus</strong></span> <span class='ocrx_word' id='word_1_601' title='bbox 2231 3808 2628 3877; x_wconf 86' lang='lat' dir='ltr'><strong>peccatorum.</strong></span> <span class='ocrx_word' id='word_1_602' title='bbox 2665 3799 2924 3880; x_wconf 79' lang='lat' dir='ltr'><strong>Surgite,</strong></span> <span class='ocrx_word' id='word_1_603' title='bbox 2960 3818 3166 3861; x_wconf 89' lang='lat' dir='ltr'><strong>eamus</strong></span> <span class='ocrx_word' id='word_1_604' title='bbox 3198 3821 3209 3858; x_wconf 89' lang='lat'><strong>:</strong></span> <span class='ocrx_word' id='word_1_605' title='bbox 3244 3818 3386 3861; x_wconf 86' lang='lat' dir='ltr'><strong>ecce</strong></span> <span class='ocrx_word' id='word_1_606' title='bbox 3416 3801 3514 3882; x_wconf 88' lang='lat' dir='ltr'><strong>qui</strong></span> <span class='ocrx_word' id='word_1_607' title='bbox 3547 3802 3742 3881; x_wconf 86' lang='lat' dir='ltr'><strong>prodit</strong></span> 
     </span>
    </p>
   </div>
   <div class='ocr_carea' id='block_1_85' title="bbox 2096 3887 3739 3968">
    <p class='ocr_par' dir='ltr' id='par_1_85' title="bbox 2096 3887 3739 3968">
     <span class='ocr_line' id='line_1_85' title="bbox 2096 3887 3739 3968; baseline 0.004 -22"><span class='ocrx_word' id='word_1_608' title='bbox 2096 3904 2214 3962; x_wconf 85' lang='lat' dir='ltr'><strong>me,</strong></span> <span class='ocrx_word' id='word_1_609' title='bbox 2246 3888 2703 3968; x_wconf 83' lang='lat' dir='ltr'><strong>appropinquat.</strong></span> <span class='ocrx_word' id='word_1_610' title='bbox 2738 3910 2766 3948; x_wconf 80' lang='grc'><strong>»</strong></span> <span class='ocrx_word' id='word_1_611' title='bbox 2804 3887 3081 3949; x_wconf 88' lang='lat' dir='ltr'><strong>Seorsum</strong></span> <span class='ocrx_word' id='word_1_612' title='bbox 3114 3906 3352 3967; x_wconf 91' lang='lat' dir='ltr'><strong>semper</strong></span> <span class='ocrx_word' id='word_1_613' title='bbox 3380 3907 3559 3950; x_wconf 72' lang='lat' dir='ltr'><strong>orare</strong></span> <span class='ocrx_word' id='word_1_614' title='bbox 3590 3908 3739 3952; x_wconf 88' lang='lat' dir='ltr'><strong>con-</strong></span> 
     </span>
    </p>
   </div>
   <div class='ocr_carea' id='block_1_86' title="bbox 2095 3976 3739 4058">
    <p class='ocr_par' dir='ltr' id='par_1_86' title="bbox 2095 3976 3739 4058">
     <span class='ocr_line' id='line_1_86' title="bbox 2095 3976 3739 4058; baseline 0.002 -22"><span class='ocrx_word' id='word_1_615' title='bbox 2095 3976 2304 4056; x_wconf 90' lang='lat' dir='ltr'><strong>suevit,</strong></span> <span class='ocrx_word' id='word_1_616' title='bbox 2336 3976 2481 4037; x_wconf 88' lang='lat' dir='ltr'><strong>dans</strong></span> <span class='ocrx_word' id='word_1_617' title='bbox 2504 3979 2679 4038; x_wconf 85' lang='lat' dir='ltr'><strong>etiam</strong></span> <span class='ocrx_word' id='word_1_618' title='bbox 2714 3978 2884 4037; x_wconf 86' lang='lat' dir='ltr'><strong>nobis</strong></span> <span class='ocrx_word' id='word_1_619' title='bbox 2915 3978 3276 4054; x_wconf 85' lang='lat' dir='ltr'><strong>exemplum,</strong></span> <span class='ocrx_word' id='word_1_620' title='bbox 3312 3986 3373 4037; x_wconf 93' lang='lat' dir='ltr'><strong>ut</strong></span> <span class='ocrx_word' id='word_1_621' title='bbox 3402 3978 3739 4058; x_wconf 88' lang='lat' dir='ltr'><strong>quietemin</strong></span> 
     </span>
    </p>
   </div>
   <div class='ocr_carea' id='block_1_87' title="bbox 2096 4064 3740 4146">
    <p class='ocr_par' dir='ltr' id='par_1_87' title="bbox 2096 4064 3740 4146">
     <span class='ocr_line' id='line_1_87' title="bbox 2096 4064 3740 4146; baseline 0.003 -22"><span class='ocrx_word' id='word_1_622' title='bbox 2096 4064 2375 4145; x_wconf 88' lang='lat' dir='ltr'><strong>precibus</strong></span> <span class='ocrx_word' id='word_1_623' title='bbox 2432 4066 2820 4146; x_wconf 89' lang='lat' dir='ltr'><strong>inquiramus.</strong></span> <span class='ocrx_word' id='word_1_624' title='bbox 2874 4068 3140 4127; x_wconf 88' lang='lat' dir='ltr'><strong>Assumit</strong></span> <span class='ocrx_word' id='word_1_625' title='bbox 3168 4075 3364 4127; x_wconf 90' lang='lat' dir='ltr'><strong>autem</strong></span> <span class='ocrx_word' id='word_1_626' title='bbox 3398 4066 3587 4128; x_wconf 91' lang='lat' dir='ltr'><strong>solum</strong></span> <span class='ocrx_word' id='word_1_627' title='bbox 3622 4078 3740 4129; x_wconf 87' lang='lat' dir='ltr'><strong>tres</strong></span> 
     </span>
    </p>
   </div>
   <div class='ocr_carea' id='block_1_88' title="bbox 2097 4153 3737 4235">
    <p class='ocr_par' dir='ltr' id='par_1_88' title="bbox 2097 4153 3737 4235">
     <span class='ocr_line' id='line_1_88' title="bbox 2097 4153 3737 4235; baseline 0.002 -21"><span class='ocrx_word' id='word_1_628' title='bbox 2097 4153 2228 4222; x_wconf 84' lang='lat' dir='ltr'><strong>illos</strong></span> <span class='ocrx_word' id='word_1_629' title='bbox 2250 4154 2349 4233; x_wconf 91' lang='lat' dir='ltr'><strong>qui</strong></span> <span class='ocrx_word' id='word_1_630' title='bbox 2375 4173 2499 4215; x_wconf 62' lang='lat' dir='ltr'><strong>suae</strong></span> <span class='ocrx_word' id='word_1_631' title='bbox 2525 4156 2583 4214; x_wconf 91' lang='lat' dir='ltr'><strong>in</strong></span> <span class='ocrx_word' id='word_1_632' title='bbox 2606 4154 2847 4216; x_wconf 77' lang='lat' dir='ltr'><strong>Thabor</strong></span> <span class='ocrx_word' id='word_1_633' title='bbox 2865 4155 3075 4233; x_wconf 75' lang='lat' dir='ltr'><strong>gloriae</strong></span> <span class='ocrx_word' id='word_1_634' title='bbox 3095 4162 3462 4235; x_wconf 86' lang='lat' dir='ltr'><strong>spectatores</strong></span> <span class='ocrx_word' id='word_1_635' title='bbox 3484 4158 3737 4233; x_wconf 80' lang='lat' dir='ltr'><strong>fuerant,</strong></span> 
     </span>
    </p>
   </div>
   <div class='ocr_carea' id='block_1_89' title="bbox 2095 4242 3733 4324">
    <p class='ocr_par' dir='ltr' id='par_1_89' title="bbox 2095 4242 3733 4324">
     <span class='ocr_line' id='line_1_89' title="bbox 2095 4242 3733 4324; baseline 0.004 -21"><span class='ocrx_word' id='word_1_636' title='bbox 2095 4250 2160 4303; x_wconf 94' lang='lat' dir='ltr'><strong>ut</strong></span> <span class='ocrx_word' id='word_1_637' title='bbox 2180 4242 2264 4303; x_wconf 91' lang='lat' dir='ltr'><strong>illi</strong></span> <span class='ocrx_word' id='word_1_638' title='bbox 2295 4243 2406 4322; x_wconf 91' lang='lat' dir='ltr'><strong>ipsi</strong></span> <span class='ocrx_word' id='word_1_639' title='bbox 2437 4244 2538 4323; x_wconf 89' lang='lat' dir='ltr'><strong>qui</strong></span> <span class='ocrx_word' id='word_1_640' title='bbox 2562 4244 2815 4322; x_wconf 84' lang='lat' dir='ltr'><strong>gloriosa</strong></span> <span class='ocrx_word' id='word_1_641' title='bbox 2846 4244 3135 4324; x_wconf 89' lang='lat' dir='ltr'><strong>viderant,</strong></span> <span class='ocrx_word' id='word_1_642' title='bbox 3169 4244 3403 4305; x_wconf 88' lang='lat' dir='ltr'><strong>videant</strong></span> <span class='ocrx_word' id='word_1_643' title='bbox 3434 4253 3492 4304; x_wconf 92' lang='lat' dir='ltr'><strong>et</strong></span> <span class='ocrx_word' id='word_1_644' title='bbox 3522 4245 3733 4309; x_wconf 85' lang='lat' dir='ltr'><strong>tristia:</strong></span> 
     </span>
    </p>
   </div>
   <div class='ocr_carea' id='block_1_90' title="bbox 2096 4332 3742 4413">
    <p class='ocr_par' dir='ltr' id='par_1_90' title="bbox 2096 4332 3742 4413">
     <span class='ocr_line' id='line_1_90' title="bbox 2096 4332 3742 4413; baseline 0.003 -22"><span class='ocrx_word' id='word_1_645' title='bbox 2096 4332 2443 4411; x_wconf 91' lang='lat' dir='ltr'><strong>discantque</strong></span> <span class='ocrx_word' id='word_1_646' title='bbox 2473 4333 2626 4412; x_wconf 89' lang='lat' dir='ltr'><strong>quod</strong></span> <span class='ocrx_word' id='word_1_647' title='bbox 2660 4340 2717 4393; x_wconf 93' lang='lat' dir='ltr'><strong>et</strong></span> <span class='ocrx_word' id='word_1_648' title='bbox 2744 4333 2872 4413; x_wconf 85' lang='lat' dir='ltr'><strong>ipse</strong></span> <span class='ocrx_word' id='word_1_649' title='bbox 2895 4350 3032 4393; x_wconf 91' lang='lat' dir='ltr'><strong>vere</strong></span> <span class='ocrx_word' id='word_1_650' title='bbox 3060 4335 3237 4393; x_wconf 93' lang='lat' dir='ltr'><strong>homo</strong></span> <span class='ocrx_word' id='word_1_651' title='bbox 3268 4333 3365 4403; x_wconf 91' lang='lat' dir='ltr'><strong>sit,</strong></span> <span class='ocrx_word' id='word_1_652' title='bbox 3401 4342 3462 4394; x_wconf 92' lang='lat' dir='ltr'><strong>et</strong></span> <span class='ocrx_word' id='word_1_653' title='bbox 3492 4344 3742 4396; x_wconf 72' lang='lat' dir='ltr'><strong>mmreat</strong></span> 
     </span>
    </p>
   </div>
   <div class='ocr_carea' id='block_1_91' title="bbox 366 4419 2007 4506">
    <p class='ocr_par' dir='ltr' id='par_1_91' title="bbox 366 4419 2007 4503">
     <span class='ocr_line' id='line_1_91' title="bbox 366 4419 2007 4503; baseline -0.004 -17"><span class='ocrx_word' id='word_1_654' title='bbox 366 4431 489 4495; x_wconf 79' lang='grc' dir='ltr'>τοὺς</span> <span class='ocrx_word' id='word_1_655' title='bbox 538 4419 625 4485; x_wconf 83' lang='grc' dir='ltr'><strong>καὶ</strong></span> <span class='ocrx_word' id='word_1_656' title='bbox 677 4433 777 4495; x_wconf 82' lang='grc' dir='ltr'>τῆς</span> <span class='ocrx_word' id='word_1_657' title='bbox 831 4425 982 4493; x_wconf 83' lang='grc' dir='ltr'>δόξης</span> <span class='ocrx_word' id='word_1_658' title='bbox 1032 4424 1192 4482; x_wconf 74' lang='grc' dir='ltr'>αὐτοῦ</span> <span class='ocrx_word' id='word_1_659' title='bbox 1220 4423 1274 4480; x_wconf 80' lang='grc' dir='ltr'>ἐν</span> <span class='ocrx_word' id='word_1_660' title='bbox 1302 4431 1380 4499; x_wconf 81' lang='grc' dir='ltr'>τῷ</span> <span class='ocrx_word' id='word_1_661' title='bbox 1410 4422 1597 4503; x_wconf 86' lang='grc' dir='ltr'>Θαϐὼρ</span> <span class='ocrx_word' id='word_1_662' title='bbox 1622 4426 1810 4489; x_wconf 77' lang='grc' dir='ltr'>θεατὰς</span> <span class='ocrx_word' id='word_1_663' title='bbox 1854 4445 2007 4503; x_wconf 88' lang='grc' dir='ltr'>γενο-</span> 
     </span>
    </p>
   </div>
   <div class='ocr_carea' id='block_1_92' title="bbox 2091 4419 3742 4506">
    <p class='ocr_par' dir='ltr' id='par_1_92' title="bbox 2098 4419 3742 4501">
     <span class='ocr_line' id='line_1_92' title="bbox 2098 4419 3742 4501; baseline 0.003 -22"><span class='ocrx_word' id='word_1_664' title='bbox 2098 4428 2155 4480; x_wconf 93' lang='lat' dir='ltr'><strong>et</strong></span> <span class='ocrx_word' id='word_1_665' title='bbox 2174 4429 2421 4499; x_wconf 84' lang='lat' dir='ltr'><strong>angatur</strong></span> <span class='ocrx_word' id='word_1_666' title='bbox 2450 4420 2600 4481; x_wconf 84' lang='lat' dir='ltr'><strong>sicut</strong></span> <span class='ocrx_word' id='word_1_667' title='bbox 2639 4438 2770 4483; x_wconf 91' lang='lat' dir='ltr'><strong>nos.</strong></span> <span class='ocrx_word' id='word_1_668' title='bbox 2803 4419 2947 4481; x_wconf 90' lang='lat' dir='ltr'><strong>Nam</strong></span> <span class='ocrx_word' id='word_1_669' title='bbox 2981 4428 3041 4482; x_wconf 90' lang='lat' dir='ltr'><strong>et</strong></span> <span class='ocrx_word' id='word_1_670' title='bbox 3077 4420 3178 4501; x_wconf 89' lang='lat' dir='ltr'><strong>qui</strong></span> <span class='ocrx_word' id='word_1_671' title='bbox 3208 4430 3391 4482; x_wconf 88' lang='lat' dir='ltr'><strong>totum</strong></span> <span class='ocrx_word' id='word_1_672' title='bbox 3437 4423 3742 4485; x_wconf 88' lang='lat' dir='ltr'><strong>hominem</strong></span> 
     </span>
    </p>
   </div>
   <div class='ocr_carea' id='block_1_93' title="bbox 367 4512 2011 4595">
    <p class='ocr_par' dir='ltr' id='par_1_93' title="bbox 367 4512 2011 4595">
     <span class='ocr_line' id='line_1_93' title="bbox 367 4512 2011 4595; baseline -0.004 -21"><span class='ocrx_word' id='word_1_673' title='bbox 367 4518 583 4595; x_wconf 77' lang='grc' dir='ltr'>μένους,</span> <span class='ocrx_word' id='word_1_674' title='bbox 638 4517 731 4572; x_wconf 68' lang='grc' dir='ltr'>’ἕνα</span> <span class='ocrx_word' id='word_1_675' title='bbox 788 4518 835 4574; x_wconf 77' lang='grc' dir='ltr'>οἱ</span> <span class='ocrx_word' id='word_1_676' title='bbox 881 4513 1079 4580; x_wconf 79' lang='grc' dir='ltr'>ἰδόντες</span> <span class='ocrx_word' id='word_1_677' title='bbox 1124 4515 1190 4572; x_wconf 78' lang='grc' dir='ltr'>τὰ</span> <span class='ocrx_word' id='word_1_678' title='bbox 1231 4512 1433 4587; x_wconf 76' lang='grc' dir='ltr'>ἔνδοξα,</span> <span class='ocrx_word' id='word_1_679' title='bbox 1474 4512 1628 4569; x_wconf 82' lang='grc' dir='ltr'>ἴδωσι</span> <span class='ocrx_word' id='word_1_680' title='bbox 1678 4514 1767 4570; x_wconf 83' lang='grc' dir='ltr'><strong>καὶ</strong></span> <span class='ocrx_word' id='word_1_681' title='bbox 1792 4516 1858 4569; x_wconf 70' lang='grc' dir='ltr'>τά</span> <span class='ocrx_word' id='word_1_682' title='bbox 1886 4536 2011 4571; x_wconf 77' lang='lat' dir='ltr'><strong>cntu-</strong></span> 
     </span>
    </p>
   </div>
   <div class='ocr_carea' id='block_1_94' title="bbox 365 4600 2012 4686">
    <p class='ocr_par' dir='ltr' id='par_1_94' title="bbox 365 4600 2012 4686">
     <span class='ocr_line' id='line_1_94' title="bbox 365 4600 2012 4686; baseline -0.004 -23"><span class='ocrx_word' id='word_1_683' title='bbox 365 4607 570 4686; x_wconf 82' lang='grc' dir='ltr'>θρωπὰ,</span> <span class='ocrx_word' id='word_1_684' title='bbox 635 4607 722 4661; x_wconf 84' lang='grc' dir='ltr'><strong>καὶ</strong></span> <span class='ocrx_word' id='word_1_685' title='bbox 780 4605 1039 4684; x_wconf 81' lang='grc' dir='ltr'>μάθωσιν,</span> <span class='ocrx_word' id='word_1_686' title='bbox 1086 4600 1168 4658; x_wconf 83' lang='grc' dir='ltr'>ὅτι</span> <span class='ocrx_word' id='word_1_687' title='bbox 1207 4603 1296 4659; x_wconf 87' lang='grc' dir='ltr'><strong>καὶ</strong></span> <span class='ocrx_word' id='word_1_688' title='bbox 1339 4603 1496 4668; x_wconf 79' lang='grc' dir='ltr'>αὐτὸς</span> <span class='ocrx_word' id='word_1_689' title='bbox 1545 4601 1756 4669; x_wconf 82' lang='grc' dir='ltr'>ἀληθῶς</span> <span class='ocrx_word' id='word_1_690' title='bbox 1805 4601 2012 4681; x_wconf 76' lang='grc' dir='ltr'>ἄνθρω-</span> 
     </span>
    </p>
   </div>
   <div class='ocr_carea' id='block_1_95' title="bbox 365 4690 2012 4767">
    <p class='ocr_par' dir='ltr' id='par_1_95' title="bbox 365 4690 2012 4767">
     <span class='ocr_line' id='line_1_95' title="bbox 365 4690 2012 4767; baseline -0.005 -13"><span class='ocrx_word' id='word_1_691' title='bbox 365 4719 466 4760; x_wconf 89' lang='grc' dir='ltr'><strong>πος</strong></span> <span class='ocrx_word' id='word_1_692' title='bbox 522 4695 611 4767; x_wconf 75' lang='grc' dir='ltr'><strong>ἦν,</strong></span> <span class='ocrx_word' id='word_1_693' title='bbox 676 4695 763 4750; x_wconf 87' lang='grc' dir='ltr'><strong>καὶ</strong></span> <span class='ocrx_word' id='word_1_694' title='bbox 820 4693 1068 4753; x_wconf 83' lang='grc' dir='ltr'>λυπεῖται</span> <span class='ocrx_word' id='word_1_695' title='bbox 1122 4693 1211 4750; x_wconf 83' lang='grc' dir='ltr'><strong>καὶ</strong></span> <span class='ocrx_word' id='word_1_696' title='bbox 1288 4690 1549 4767; x_wconf 77' lang='grc' dir='ltr'>ἆδημονεῖ</span> <span class='ocrx_word' id='word_1_697' title='bbox 1607 4691 1796 4758; x_wconf 76' lang='grc' dir='ltr'>ἐπίσης</span> <span class='ocrx_word' id='word_1_698' title='bbox 1852 4693 2012 4766; x_wconf 81' lang='grc' dir='ltr'>ἡμῖν,</span> 
     </span>
    </p>
   </div>
   <div class='ocr_carea' id='block_1_96' title="bbox 366 4779 2014 4864">
    <p class='ocr_par' dir='ltr' id='par_1_96' title="bbox 366 4779 2014 4864">
     <span class='ocr_line' id='line_1_96' title="bbox 366 4779 2014 4864; baseline -0.004 -21"><span class='ocrx_word' id='word_1_699' title='bbox 366 4786 520 4843; x_wconf 78' lang='grc' dir='ltr'>Ἐπεὶ</span> <span class='ocrx_word' id='word_1_700' title='bbox 577 4786 677 4864; x_wconf 80' lang='grc' dir='ltr'><strong>γὰρ</strong></span> <span class='ocrx_word' id='word_1_701' title='bbox 731 4781 855 4838; x_wconf 77' lang='grc' dir='ltr'>ὅλον</span> <span class='ocrx_word' id='word_1_702' title='bbox 895 4784 987 4839; x_wconf 80' lang='grc' dir='ltr'>τὸν</span> <span class='ocrx_word' id='word_1_703' title='bbox 1040 4780 1310 4859; x_wconf 64' lang='grc' dir='ltr'>ἄνθρωπον</span> <span class='ocrx_word' id='word_1_704' title='bbox 1380 4779 1665 4837; x_wconf 79' lang='grc' dir='ltr'>ἁνελάϐετο</span> <span class='ocrx_word' id='word_1_705' title='bbox 1734 4782 1869 4857; x_wconf 77' lang='grc' dir='ltr'>μετὰ</span> <span class='ocrx_word' id='word_1_706' title='bbox 1910 4784 2014 4837; x_wconf 80' lang='grc' dir='ltr'><strong>τῶν</strong></span> 
     </span>
    </p>
   </div>
   <div class='ocr_carea' id='block_1_97' title="bbox 366 4869 2015 4954">
    <p class='ocr_par' dir='ltr' id='par_1_97' title="bbox 366 4869 2015 4954">
     <span class='ocr_line' id='line_1_97' title="bbox 366 4869 2015 4954; baseline -0.002 -24"><span class='ocrx_word' id='word_1_707' title='bbox 366 4876 601 4954; x_wconf 68' lang='grc' dir='ltr'>φυσικῶν</span> <span class='ocrx_word' id='word_1_708' title='bbox 673 4872 999 4947; x_wconf 76' lang='grc' dir='ltr'>ἰδιωμάτων,</span> <span class='ocrx_word' id='word_1_709' title='bbox 1081 4872 1294 4931; x_wconf 74' lang='grc' dir='ltr'>πάντως</span> <span class='ocrx_word' id='word_1_710' title='bbox 1354 4872 1444 4927; x_wconf 85' lang='grc' dir='ltr'><strong>καὶ</strong></span> <span class='ocrx_word' id='word_1_711' title='bbox 1511 4869 1873 4941; x_wconf 81' lang='grc' dir='ltr'>λυπηθήσεται</span> <span class='ocrx_word' id='word_1_712' title='bbox 1927 4879 2015 4933; x_wconf 90' lang='grc' dir='ltr'><strong>καὶ</strong></span> 
     </span>
    </p>
   </div>
   <div class='ocr_carea' id='block_1_98' title="bbox 367 4958 2013 5042">
    <p class='ocr_par' dir='ltr' id='par_1_98' title="bbox 367 4958 2013 5042">
     <span class='ocr_line' id='line_1_98' title="bbox 367 4958 2013 5042; baseline -0.002 -23"><span class='ocrx_word' id='word_1_713' title='bbox 367 4961 696 5038; x_wconf 77' lang='grc' dir='ltr'>ἀδημονήσει</span> <span class='ocrx_word' id='word_1_714' title='bbox 754 4961 1010 5042; x_wconf 68' lang='grc' dir='ltr'>φυσικῶς,</span> <span class='ocrx_word' id='word_1_715' title='bbox 1070 4962 1131 5017; x_wconf 82' lang='lat' dir='ltr'><strong>Ol</strong></span> <span class='ocrx_word' id='word_1_716' title='bbox 1186 4961 1286 5039; x_wconf 82' lang='grc' dir='ltr'><strong>γὰρ</strong></span> <span class='ocrx_word' id='word_1_717' title='bbox 1335 4958 1620 5039; x_wconf 71' lang='grc' dir='ltr'>ἄνθρωποι,</span> <span class='ocrx_word' id='word_1_718' title='bbox 1684 4959 1832 5040; x_wconf 74' lang='grc' dir='ltr'>φύσει</span> <span class='ocrx_word' id='word_1_719' title='bbox 1883 4961 2013 5039; x_wconf 78' lang='grc' dir='ltr'>πρὸς</span> 
     </span>
    </p>
   </div>
   <div class='ocr_carea' id='block_1_99' title="bbox 364 5048 2011 5124">
    <p class='ocr_par' dir='ltr' id='par_1_99' title="bbox 364 5048 2011 5124">
     <span class='ocr_line' id='line_1_99' title="bbox 364 5048 2011 5124; baseline -0.003 -16"><span class='ocrx_word' id='word_1_720' title='bbox 364 5054 454 5109; x_wconf 81' lang='grc' dir='ltr'><strong>τὸν</strong></span> <span class='ocrx_word' id='word_1_721' title='bbox 511 5052 731 5108; x_wconf 73' lang='grc' dir='ltr'>θάνατον</span> <span class='ocrx_word' id='word_1_722' title='bbox 789 5048 966 5117; x_wconf 77' lang='grc' dir='ltr'>ἀηδῶς</span> <span class='ocrx_word' id='word_1_723' title='bbox 1024 5048 1350 5124; x_wconf 84' lang='grc' dir='ltr'>διακείμεθα.</span> <span class='ocrx_word' id='word_1_724' title='bbox 1418 5056 1505 5123; x_wconf 84' lang='grc' dir='ltr'>Τῷ</span> <span class='ocrx_word' id='word_1_725' title='bbox 1548 5051 1645 5124; x_wconf 77' lang='grc' dir='ltr'><strong>μὲν</strong></span> <span class='ocrx_word' id='word_1_726' title='bbox 1689 5052 1776 5105; x_wconf 78' lang='grc' dir='ltr'><strong>οὖν</strong></span> <span class='ocrx_word' id='word_1_727' title='bbox 1819 5051 2011 5123; x_wconf 85' lang='grc' dir='ltr'>εἰπεῖν,</span> 
     </span>
    </p>
   </div>
   <div class='ocr_carea' id='block_1_100' title="bbox 366 5136 2016 5221">
    <p class='ocr_par' dir='ltr' id='par_1_100' title="bbox 366 5136 2016 5221">
     <span class='ocr_line' id='line_1_100' title="bbox 366 5136 2016 5221; baseline -0.002 -23"><span class='ocrx_word' id='word_1_728' title='bbox 366 5140 680 5221; x_wconf 84' lang='grc' dir='ltr'>Παρελθέτω</span> <span class='ocrx_word' id='word_1_729' title='bbox 761 5141 822 5195; x_wconf 85' lang='grc' dir='ltr'>τὸ</span> <span class='ocrx_word' id='word_1_730' title='bbox 895 5141 1171 5218; x_wconf 74' lang='grc' dir='ltr'>ποτήριον,</span> <span class='ocrx_word' id='word_1_731' title='bbox 1260 5136 1417 5203; x_wconf 78' lang='grc' dir='ltr'>ἔδειξε</span> <span class='ocrx_word' id='word_1_732' title='bbox 1491 5138 1822 5217; x_wconf 82' lang='grc' dir='ltr'>ἀνθρώπινον</span> <span class='ocrx_word' id='word_1_733' title='bbox 1864 5154 1877 5167; x_wconf 82' lang='lat'><strong>&#39;</strong></span> <span class='ocrx_word' id='word_1_734' title='bbox 1939 5140 2016 5212; x_wconf 74' lang='grc' dir='ltr'>τῷ</span> 
     </span>
    </p>
   </div>
   <div class='ocr_carea' id='block_1_101' title="bbox 369 5224 2014 5308">
    <p class='ocr_par' dir='ltr' id='par_1_101' title="bbox 369 5224 2014 5308">
     <span class='ocr_line' id='line_1_101' title="bbox 369 5224 2014 5308; baseline -0.003 -21"><span class='ocrx_word' id='word_1_735' title='bbox 369 5230 424 5287; x_wconf 82' lang='grc' dir='ltr'><strong>δὲ</strong></span> <span class='ocrx_word' id='word_1_736' title='bbox 466 5232 658 5304; x_wconf 78' lang='grc' dir='ltr'>εἰπεῖν,</span> <span class='ocrx_word' id='word_1_737' title='bbox 696 5228 812 5308; x_wconf 74' lang='grc' dir='ltr'>Ούχ</span> <span class='ocrx_word' id='word_1_738' title='bbox 843 5229 872 5283; x_wconf 82' lang='grc' dir='ltr'><em>ὃ</em></span> <span class='ocrx_word' id='word_1_739' title='bbox 914 5229 1021 5305; x_wconf 82' lang='grc' dir='ltr'><strong>ἐγὼ</strong></span> <span class='ocrx_word' id='word_1_740' title='bbox 1048 5227 1208 5296; x_wconf 76' lang='grc' dir='ltr'>θέλω,</span> <span class='ocrx_word' id='word_1_741' title='bbox 1241 5225 1361 5283; x_wconf 73' lang='grc' dir='ltr'>ἀλλ’</span> <span class='ocrx_word' id='word_1_742' title='bbox 1403 5228 1432 5283; x_wconf 84' lang='grc' dir='ltr'>ὃ</span> <span class='ocrx_word' id='word_1_743' title='bbox 1461 5227 1544 5302; x_wconf 86' lang='grc' dir='ltr'><strong>σὺ,</strong></span> <span class='ocrx_word' id='word_1_744' title='bbox 1591 5224 1819 5283; x_wconf 78' lang='grc' dir='ltr'>διδάσκει</span> <span class='ocrx_word' id='word_1_745' title='bbox 1848 5228 2014 5303; x_wconf 76' lang='grc' dir='ltr'>ἡμᾶς,</span> 
     </span>
    </p>
   </div>
   <div class='ocr_carea' id='block_1_102' title="bbox 364 5315 2021 5396">
    <p class='ocr_par' dir='ltr' id='par_1_102' title="bbox 364 5315 2021 5396">
     <span class='ocr_line' id='line_1_102' title="bbox 364 5315 2021 5396; baseline -0.002 -21"><span class='ocrx_word' id='word_1_746' title='bbox 364 5320 455 5376; x_wconf 68' lang='grc' dir='ltr'>ἵνα</span> <span class='ocrx_word' id='word_1_747' title='bbox 511 5321 598 5375; x_wconf 83' lang='grc' dir='ltr'><strong>καὶ</strong></span> <span class='ocrx_word' id='word_1_748' title='bbox 653 5318 749 5385; x_wconf 74' lang='grc' dir='ltr'>τῆς</span> <span class='ocrx_word' id='word_1_749' title='bbox 806 5317 1010 5396; x_wconf 73' lang='grc' dir='ltr'>φύσεως</span> <span class='ocrx_word' id='word_1_750' title='bbox 1082 5315 1403 5394; x_wconf 81' lang='grc' dir='ltr'>βιαζομένης</span> <span class='ocrx_word' id='word_1_751' title='bbox 1464 5316 1895 5395; x_wconf 72' lang='grc' dir='ltr'>ὑπερφρονῶμεν,</span> <span class='ocrx_word' id='word_1_752' title='bbox 1960 5332 2021 5388; x_wconf 71' lang='grc' dir='ltr'>τὸ</span> 
     </span>
    </p>
   </div>
   <div class='ocr_carea' id='block_1_103' title="bbox 2097 4510 3744 4591">
    <p class='ocr_par' dir='ltr' id='par_1_103' title="bbox 2097 4510 3744 4591">
     <span class='ocr_line' id='line_1_103' title="bbox 2097 4510 3744 4591; baseline 0.002 -20"><span class='ocrx_word' id='word_1_753' title='bbox 2097 4528 2229 4571; x_wconf 91' lang='lat' dir='ltr'><strong>cum</strong></span> <span class='ocrx_word' id='word_1_754' title='bbox 2264 4510 2627 4570; x_wconf 90' lang='lat' dir='ltr'><strong>naturalibus</strong></span> <span class='ocrx_word' id='word_1_755' title='bbox 2649 4510 3091 4571; x_wconf 89' lang='lat' dir='ltr'><strong>conditionibus</strong></span> <span class='ocrx_word' id='word_1_756' title='bbox 3108 4511 3389 4591; x_wconf 84' lang='lat' dir='ltr'><strong>suscepit,</strong></span> <span class='ocrx_word' id='word_1_757' title='bbox 3420 4512 3661 4574; x_wconf 87' lang='lat' dir='ltr'><strong>omnino</strong></span> <span class='ocrx_word' id='word_1_758' title='bbox 3685 4522 3744 4575; x_wconf 87' lang='lat' dir='ltr'><strong>et</strong></span> 
     </span>
    </p>
   </div>
   <div class='ocr_carea' id='block_1_104' title="bbox 2096 4598 3744 4676">
    <p class='ocr_par' dir='ltr' id='par_1_104' title="bbox 2096 4598 3744 4676">
     <span class='ocr_line' id='line_1_104' title="bbox 2096 4598 3744 4676; baseline 0.004 -17"><span class='ocrx_word' id='word_1_759' title='bbox 2096 4599 2387 4659; x_wconf 88' lang='lat' dir='ltr'><strong>tristitiam</strong></span> <span class='ocrx_word' id='word_1_760' title='bbox 2420 4609 2478 4660; x_wconf 93' lang='lat' dir='ltr'><strong>et</strong></span> <span class='ocrx_word' id='word_1_761' title='bbox 2499 4617 2780 4676; x_wconf 84' lang='lat' dir='ltr'><strong>angorem</strong></span> <span class='ocrx_word' id='word_1_762' title='bbox 2815 4599 3141 4662; x_wconf 89' lang='lat' dir='ltr'><strong>naturalem</strong></span> <span class='ocrx_word' id='word_1_763' title='bbox 3172 4598 3625 4664; x_wconf 90' lang='lat' dir='ltr'><strong>habuit.0mnes</strong></span> <span class='ocrx_word' id='word_1_764' title='bbox 3642 4620 3744 4664; x_wconf 84' lang='lat' dir='ltr'><strong>au-</strong></span> 
     </span>
    </p>
   </div>
   <div class='ocr_carea' id='block_1_105' title="bbox 2098 4687 3738 4767">
    <p class='ocr_par' dir='ltr' id='par_1_105' title="bbox 2098 4687 3738 4767">
     <span class='ocr_line' id='line_1_105' title="bbox 2098 4687 3738 4767; baseline 0.004 -18"><span class='ocrx_word' id='word_1_765' title='bbox 2098 4696 2214 4750; x_wconf 90' lang='lat' dir='ltr'><strong>tem</strong></span> <span class='ocrx_word' id='word_1_766' title='bbox 2241 4696 2450 4749; x_wconf 89' lang='lat' dir='ltr'><strong>natura</strong></span> <span class='ocrx_word' id='word_1_767' title='bbox 2485 4687 2802 4749; x_wconf 89' lang='lat' dir='ltr'><strong>insuaviter</strong></span> <span class='ocrx_word' id='word_1_768' title='bbox 2826 4705 2967 4767; x_wconf 87' lang='lat' dir='ltr'><strong>erga</strong></span> <span class='ocrx_word' id='word_1_769' title='bbox 2996 4696 3247 4749; x_wconf 89' lang='lat' dir='ltr'><strong>mortem</strong></span> <span class='ocrx_word' id='word_1_770' title='bbox 3281 4690 3476 4750; x_wconf 72' lang='lat' dir='ltr'><strong>affecti</strong></span> <span class='ocrx_word' id='word_1_771' title='bbox 3507 4710 3738 4756; x_wconf 91' lang='lat' dir='ltr'><strong>sumus.</strong></span> 
     </span>
    </p>
   </div>
   <div class='ocr_carea' id='block_1_106' title="bbox 2097 4777 3745 4853">
    <p class='ocr_par' dir='ltr' id='par_1_106' title="bbox 2097 4777 3745 4853">
     <span class='ocr_line' id='line_1_106' title="bbox 2097 4777 3745 4853; baseline 0.002 -14"><span class='ocrx_word' id='word_1_772' title='bbox 2097 4779 2388 4840; x_wconf 62' lang='lat' dir='ltr'><strong>Caeterum</strong></span> <span class='ocrx_word' id='word_1_773' title='bbox 2419 4777 2670 4838; x_wconf 89' lang='lat' dir='ltr'><strong>dicendo</strong></span> <span class='ocrx_word' id='word_1_774' title='bbox 2702 4797 2716 4839; x_wconf 87' lang='lat'>:</span> <span class='ocrx_word' id='word_1_775' title='bbox 2750 4778 3037 4839; x_wconf 88' lang='lat' dir='ltr'><strong>Transeat</strong></span> <span class='ocrx_word' id='word_1_776' title='bbox 3065 4778 3238 4853; x_wconf 85' lang='lat' dir='ltr'><strong>calix,</strong></span> <span class='ocrx_word' id='word_1_777' title='bbox 3269 4781 3616 4843; x_wconf 86' lang='lat' dir='ltr'><strong>monstravit</strong></span> <span class='ocrx_word' id='word_1_778' title='bbox 3639 4782 3745 4843; x_wconf 90' lang='lat' dir='ltr'><strong>hu-</strong></span> 
     </span>
    </p>
   </div>
   <div class='ocr_carea' id='block_1_107' title="bbox 2100 4865 3745 4947">
    <p class='ocr_par' dir='ltr' id='par_1_107' title="bbox 2100 4865 3745 4947">
     <span class='ocr_line' id='line_1_107' title="bbox 2100 4865 3745 4947; baseline 0.003 -20"><span class='ocrx_word' id='word_1_779' title='bbox 2100 4865 2739 4929; x_wconf 86' lang='lat' dir='ltr'><strong>mauitatem.Dicendo</strong></span> <span class='ocrx_word' id='word_1_780' title='bbox 2762 4875 2993 4929; x_wconf 89' lang='lat' dir='ltr'><strong>autem:</strong></span> <span class='ocrx_word' id='word_1_781' title='bbox 3016 4869 3150 4930; x_wconf 91' lang='lat' dir='ltr'><strong>Non</strong></span> <span class='ocrx_word' id='word_1_782' title='bbox 3168 4868 3324 4947; x_wconf 89' lang='lat' dir='ltr'><strong>quod</strong></span> <span class='ocrx_word' id='word_1_783' title='bbox 3349 4886 3456 4944; x_wconf 89' lang='lat' dir='ltr'><strong>ego</strong></span> <span class='ocrx_word' id='word_1_784' title='bbox 3479 4870 3745 4947; x_wconf 88' lang='lat' dir='ltr'><strong>volo,sed</strong></span> 
     </span>
    </p>
   </div>
   <div class='ocr_carea' id='block_1_108' title="bbox 2097 4954 3749 5037">
    <p class='ocr_par' dir='ltr' id='par_1_108' title="bbox 2097 4954 3749 5037">
     <span class='ocr_line' id='line_1_108' title="bbox 2097 4954 3749 5037; baseline 0 -21"><span class='ocrx_word' id='word_1_785' title='bbox 2097 4957 2252 5037; x_wconf 90' lang='lat' dir='ltr'><strong>quod</strong></span> <span class='ocrx_word' id='word_1_786' title='bbox 2284 4956 2548 5031; x_wconf 89' lang='lat' dir='ltr'><strong>tu,docet</strong></span> <span class='ocrx_word' id='word_1_787' title='bbox 2576 4974 2685 5017; x_wconf 90' lang='lat' dir='ltr'><strong>nos</strong></span> <span class='ocrx_word' id='word_1_788' title='bbox 2710 4962 2774 5015; x_wconf 88' lang='lat' dir='ltr'><strong>ut</strong></span> <span class='ocrx_word' id='word_1_789' title='bbox 2799 4954 3173 5016; x_wconf 89' lang='lat' dir='ltr'><strong>invadentem</strong></span> <span class='ocrx_word' id='word_1_790' title='bbox 3204 4974 3272 5016; x_wconf 91' lang='lat' dir='ltr'><strong>ac</strong></span> <span class='ocrx_word' id='word_1_791' title='bbox 3305 4966 3613 5035; x_wconf 85' lang='lat' dir='ltr'><strong>urgentem</strong></span> <span class='ocrx_word' id='word_1_792' title='bbox 3644 4978 3749 5021; x_wconf 89' lang='lat' dir='ltr'><strong>na-</strong></span> 
     </span>
    </p>
   </div>
   <div class='ocr_carea' id='block_1_109' title="bbox 2101 5043 3743 5127">
    <p class='ocr_par' dir='ltr' id='par_1_109' title="bbox 2101 5043 3743 5127">
     <span class='ocr_line' id='line_1_109' title="bbox 2101 5043 3743 5127; baseline 0.004 -22"><span class='ocrx_word' id='word_1_793' title='bbox 2101 5055 2287 5107; x_wconf 91' lang='lat' dir='ltr'><strong>turam</strong></span> <span class='ocrx_word' id='word_1_794' title='bbox 2312 5044 2946 5123; x_wconf 86' lang='lat' dir='ltr'><strong>contemnamus,quod</strong></span> <span class='ocrx_word' id='word_1_795' title='bbox 2960 5043 3081 5104; x_wconf 86' lang='lat' dir='ltr'><strong>Deo</strong></span> <span class='ocrx_word' id='word_1_796' title='bbox 3098 5053 3325 5122; x_wconf 87' lang='lat' dir='ltr'><strong>gratum</strong></span> <span class='ocrx_word' id='word_1_797' title='bbox 3350 5054 3439 5106; x_wconf 92' lang='lat' dir='ltr'><strong>est</strong></span> <span class='ocrx_word' id='word_1_798' title='bbox 3451 5056 3743 5127; x_wconf 88' lang='lat' dir='ltr'><strong>petentes.</strong></span> 
     </span>
    </p>
   </div>
   <div class='ocr_carea' id='block_1_110' title="bbox 2100 5133 3747 5214">
    <p class='ocr_par' dir='ltr' id='par_1_110' title="bbox 2100 5133 3747 5214">
     <span class='ocr_line' id='line_1_110' title="bbox 2100 5133 3747 5214; baseline 0.002 -19"><span class='ocrx_word' id='word_1_799' title='bbox 2100 5134 2418 5213; x_wconf 87' lang='lat' dir='ltr'><strong>Postquam</strong></span> <span class='ocrx_word' id='word_1_800' title='bbox 2440 5141 2635 5194; x_wconf 86' lang='lat' dir='ltr'><strong>autem</strong></span> <span class='ocrx_word' id='word_1_801' title='bbox 2662 5143 2791 5214; x_wconf 91' lang='lat' dir='ltr'><strong>post</strong></span> <span class='ocrx_word' id='word_1_802' title='bbox 2819 5150 3025 5212; x_wconf 91' lang='lat' dir='ltr'><strong>preces</strong></span> <span class='ocrx_word' id='word_1_803' title='bbox 3039 5133 3219 5214; x_wconf 82' lang='lat' dir='ltr'><strong>venit,</strong></span> <span class='ocrx_word' id='word_1_804' title='bbox 3244 5134 3595 5198; x_wconf 83' lang='lat' dir='ltr'><strong>invenittres</strong></span> <span class='ocrx_word' id='word_1_805' title='bbox 3613 5136 3747 5199; x_wconf 87' lang='lat' dir='ltr'><strong>dor-</strong></span> 
     </span>
    </p>
   </div>
   <div class='ocr_carea' id='block_1_111' title="bbox 2108 5221 3747 5305">
    <p class='ocr_par' dir='ltr' id='par_1_111' title="bbox 2108 5221 3747 5305">
     <span class='ocr_line' id='line_1_111' title="bbox 2108 5221 3747 5305; baseline 0.004 -22"><span class='ocrx_word' id='word_1_806' title='bbox 2108 5222 2445 5301; x_wconf 90' lang='lat' dir='ltr'><strong>mientes,et</strong></span> <span class='ocrx_word' id='word_1_807' title='bbox 2470 5221 2793 5301; x_wconf 87' lang='lat' dir='ltr'><strong>increpavit</strong></span> <span class='ocrx_word' id='word_1_808' title='bbox 2817 5224 3053 5283; x_wconf 79' lang='lat' dir='ltr'><strong>Petrum</strong></span> <span class='ocrx_word' id='word_1_809' title='bbox 3074 5221 3291 5303; x_wconf 90' lang='lat' dir='ltr'><strong>solum,</strong></span> <span class='ocrx_word' id='word_1_810' title='bbox 3324 5226 3492 5305; x_wconf 89' lang='lat' dir='ltr'><strong>quasi</strong></span> <span class='ocrx_word' id='word_1_811' title='bbox 3510 5226 3648 5287; x_wconf 83' lang='lat' dir='ltr'><strong>talia</strong></span> <span class='ocrx_word' id='word_1_812' title='bbox 3668 5226 3747 5289; x_wconf 88' lang='lat' dir='ltr'><strong>ad</strong></span> 
     </span>
    </p>
   </div>
   <div class='ocr_carea' id='block_1_112' title="bbox 2105 5309 3749 5393">
    <p class='ocr_par' dir='ltr' id='par_1_112' title="bbox 2105 5309 3749 5393">
     <span class='ocr_line' id='line_1_112' title="bbox 2105 5309 3749 5393; baseline 0.004 -21"><span class='ocrx_word' id='word_1_813' title='bbox 2105 5313 2296 5392; x_wconf 84' lang='lat' dir='ltr'><strong>ipsum</strong></span> <span class='ocrx_word' id='word_1_814' title='bbox 2353 5311 2597 5372; x_wconf 89' lang='lat' dir='ltr'><strong>dicens:</strong></span> <span class='ocrx_word' id='word_1_815' title='bbox 2631 5309 2800 5371; x_wconf 90' lang='lat' dir='ltr'><strong>Tune</strong></span> <span class='ocrx_word' id='word_1_816' title='bbox 2859 5309 2959 5371; x_wconf 92' lang='lat' dir='ltr'><strong>ille</strong></span> <span class='ocrx_word' id='word_1_817' title='bbox 2991 5328 3075 5385; x_wconf 88' lang='lat' dir='ltr'><strong>es,</strong></span> <span class='ocrx_word' id='word_1_818' title='bbox 3116 5311 3219 5391; x_wconf 91' lang='lat' dir='ltr'><strong>qui</strong></span> <span class='ocrx_word' id='word_1_819' title='bbox 3275 5313 3568 5393; x_wconf 83' lang='lat' dir='ltr'><strong>pollicitus</strong></span> <span class='ocrx_word' id='word_1_820' title='bbox 3598 5333 3661 5377; x_wconf 89' lang='lat' dir='ltr'><strong>es</strong></span> <span class='ocrx_word' id='word_1_821' title='bbox 3693 5323 3749 5378; x_wconf 84' lang='lat' dir='ltr'><strong>te</strong></span> 
     </span>
    </p>
   </div>
   <div class='ocr_carea' id='block_1_113' title="bbox 348 5395 2007 5488">
    <p class='ocr_par' dir='ltr' id='par_1_113' title="bbox 348 5395 2007 5488">
     <span class='ocr_line' id='line_1_113' title="bbox 348 5395 2007 5488; baseline -0.001 -24"><span class='ocrx_word' id='word_1_822' title='bbox 348 5409 586 5488; x_wconf 80' lang='grc' dir='ltr'>’ἀρεστὸν</span> <span class='ocrx_word' id='word_1_823' title='bbox 612 5414 688 5479; x_wconf 83' lang='grc' dir='ltr'>τῷ</span> <span class='ocrx_word' id='word_1_824' title='bbox 719 5395 835 5481; x_wconf 85' lang='grc' dir='ltr'><strong>Θεῷ</strong></span> <span class='ocrx_word' id='word_1_825' title='bbox 894 5406 1218 5483; x_wconf 81' lang='grc' dir='ltr'>αἰτούμενοι.</span> <span class='ocrx_word' id='word_1_826' title='bbox 1273 5398 1365 5469; x_wconf 65' lang='grc' dir='ltr'>Ὠς</span> <span class='ocrx_word' id='word_1_827' title='bbox 1414 5404 1468 5461; x_wconf 78' lang='grc' dir='ltr'>δὲ</span> <span class='ocrx_word' id='word_1_828' title='bbox 1525 5406 1660 5478; x_wconf 82' lang='grc' dir='ltr'>μετὰ</span> <span class='ocrx_word' id='word_1_829' title='bbox 1712 5404 1810 5471; x_wconf 79' lang='grc' dir='ltr'><strong>τὴν</strong></span> <span class='ocrx_word' id='word_1_830' title='bbox 1853 5407 2007 5486; x_wconf 57' lang='grc' dir='ltr'>εύχὴη</span> 
     </span>
    </p>
   </div>
   <div class='ocr_carea' id='block_1_114' title="bbox 2091 5395 3752 5488">
    <p class='ocr_par' dir='ltr' id='par_1_114' title="bbox 2108 5395 3752 5484">
     <span class='ocr_line' id='line_1_114' title="bbox 2108 5395 3752 5484; baseline 0.002 -22"><span class='ocrx_word' id='word_1_831' title='bbox 2108 5397 2794 5462; x_wconf 82' lang='lat' dir='ltr'><strong>mihicommoriturum?</strong></span> <span class='ocrx_word' id='word_1_832' title='bbox 2826 5395 3014 5461; x_wconf 89' lang='lat' dir='ltr'><strong>Unam</strong></span> <span class='ocrx_word' id='word_1_833' title='bbox 3075 5399 3282 5461; x_wconf 83' lang='lat' dir='ltr'><strong>horam</strong></span> <span class='ocrx_word' id='word_1_834' title='bbox 3332 5422 3450 5464; x_wconf 90' lang='lat' dir='ltr'><strong>non</strong></span> <span class='ocrx_word' id='word_1_835' title='bbox 3508 5403 3752 5484; x_wconf 83' lang='lat' dir='ltr'><strong>potuisti</strong></span> 
     </span>
    </p>
   </div>
   <div class='ocr_carea' id='block_1_115' title="bbox 365 5488 2007 5576">
    <p class='ocr_par' dir='ltr' id='par_1_115' title="bbox 365 5492 2007 5576">
     <span class='ocr_line' id='line_1_115' title="bbox 365 5492 2007 5576; baseline -0.002 -21"><span class='ocrx_word' id='word_1_836' title='bbox 365 5498 552 5572; x_wconf 80' lang='grc' dir='ltr'>ἐλθὼν,</span> <span class='ocrx_word' id='word_1_837' title='bbox 626 5500 739 5575; x_wconf 72' lang='grc' dir='ltr'>εὗρε</span> <span class='ocrx_word' id='word_1_838' title='bbox 814 5497 936 5561; x_wconf 80' lang='grc' dir='ltr'>τοὺς</span> <span class='ocrx_word' id='word_1_839' title='bbox 998 5509 1144 5576; x_wconf 89' lang='grc' dir='ltr'>τρεῖς</span> <span class='ocrx_word' id='word_1_840' title='bbox 1221 5492 1591 5569; x_wconf 83' lang='grc' dir='ltr'>καθεύδοντας,</span> <span class='ocrx_word' id='word_1_841' title='bbox 1649 5493 1871 5569; x_wconf 80' lang='grc' dir='ltr'>ἐπιτιμᾷ</span> <span class='ocrx_word' id='word_1_842' title='bbox 1938 5502 2007 5569; x_wconf 79' lang='grc' dir='ltr'>τῷ</span> 
     </span>
    </p>
   </div>
   <div class='ocr_carea' id='block_1_116' title="bbox 2091 5488 3753 5576">
    <p class='ocr_par' dir='ltr' id='par_1_116' title="bbox 2103 5488 3753 5571">
     <span class='ocr_line' id='line_1_116' title="bbox 2103 5488 3753 5571; baseline 0.004 -20"><span class='ocrx_word' id='word_1_843' title='bbox 2103 5488 2674 5570; x_wconf 86' lang='lat' dir='ltr'><strong>vigilare,quomodo</strong></span> <span class='ocrx_word' id='word_1_844' title='bbox 2698 5496 2945 5549; x_wconf 85' lang='lat' dir='ltr'><strong>mortem</strong></span> <span class='ocrx_word' id='word_1_845' title='bbox 2970 5488 3347 5553; x_wconf 86' lang='lat' dir='ltr'><strong>contemnes?</strong></span> <span class='ocrx_word' id='word_1_846' title='bbox 3369 5489 3487 5554; x_wconf 90' lang='lat' dir='ltr'><strong>Sed</strong></span> <span class='ocrx_word' id='word_1_847' title='bbox 3522 5491 3753 5571; x_wconf 89' lang='lat' dir='ltr'><strong>vigilate</strong></span> 
     </span>
    </p>
   </div>
   <div class='ocr_carea' id='block_1_117' title="bbox 368 5576 2007 5666">
    <p class='ocr_par' dir='ltr' id='par_1_117' title="bbox 368 5583 2007 5666">
     <span class='ocr_line' id='line_1_117' title="bbox 368 5583 2007 5666; baseline -0.002 -23"><span class='ocrx_word' id='word_1_848' title='bbox 368 5586 552 5665; x_wconf 88' lang='grc' dir='ltr'>Πέτρῳ</span> <span class='ocrx_word' id='word_1_849' title='bbox 606 5587 778 5665; x_wconf 85' lang='grc' dir='ltr'>μόνῳ,</span> <span class='ocrx_word' id='word_1_850' title='bbox 810 5587 1099 5666; x_wconf 78' lang='grc' dir='ltr'>μονονουχὶ</span> <span class='ocrx_word' id='word_1_851' title='bbox 1152 5592 1370 5643; x_wconf 81' lang='grc' dir='ltr'>τοιαῦτα</span> <span class='ocrx_word' id='word_1_852' title='bbox 1401 5583 1574 5662; x_wconf 87' lang='grc' dir='ltr'>λέγων</span> <span class='ocrx_word' id='word_1_853' title='bbox 1616 5584 1749 5661; x_wconf 83' lang='grc' dir='ltr'>πρὸς</span> <span class='ocrx_word' id='word_1_854' title='bbox 1806 5584 1960 5641; x_wconf 53' lang='grc' dir='ltr'>αὐτόν</span> <span class='ocrx_word' id='word_1_855' title='bbox 1998 5602 2007 5616; x_wconf 93' lang='grc'><strong>·</strong></span> 
     </span>
    </p>
   </div>
   <div class='ocr_carea' id='block_1_118' title="bbox 2091 5576 3752 5666">
    <p class='ocr_par' dir='ltr' id='par_1_118' title="bbox 2097 5576 3752 5666">
     <span class='ocr_line' id='line_1_118' title="bbox 2097 5576 3752 5666; baseline 0.001 -24"><span class='ocrx_word' id='word_1_856' title='bbox 2097 5589 2155 5642; x_wconf 89' lang='lat' dir='ltr'><strong>et</strong></span> <span class='ocrx_word' id='word_1_857' title='bbox 2184 5585 2384 5666; x_wconf 69' lang='lat' dir='ltr'><strong>orate,</strong></span> <span class='ocrx_word' id='word_1_858' title='bbox 2406 5590 2470 5639; x_wconf 91' lang='lat' dir='ltr'><strong>ut</strong></span> <span class='ocrx_word' id='word_1_859' title='bbox 2503 5596 2576 5638; x_wconf 89' lang='lat' dir='ltr'><strong>ne</strong></span> <span class='ocrx_word' id='word_1_860' title='bbox 2608 5576 2856 5666; x_wconf 85' lang='lat' dir='ltr'><strong>veniatis</strong></span> <span class='ocrx_word' id='word_1_861' title='bbox 2887 5576 2948 5637; x_wconf 90' lang='lat' dir='ltr'><strong>in</strong></span> <span class='ocrx_word' id='word_1_862' title='bbox 2979 5577 3363 5640; x_wconf 88' lang='lat' dir='ltr'><strong>tentationem</strong></span> <span class='ocrx_word' id='word_1_863' title='bbox 3418 5580 3752 5659; x_wconf 83' lang='lat' dir='ltr'><strong>abnegandi</strong></span> 
     </span>
    </p>
   </div>
   <div class='ocr_carea' id='block_1_119' title="bbox 369 5664 2007 5755">
    <p class='ocr_par' dir='ltr' id='par_1_119' title="bbox 369 5664 2007 5755">
     <span class='ocr_line' id='line_1_119' title="bbox 369 5664 2007 5755; baseline -0.004 -19"><span class='ocrx_word' id='word_1_864' title='bbox 369 5678 443 5736; x_wconf 73' lang='grc' dir='ltr'>Οὐ</span> <span class='ocrx_word' id='word_1_865' title='bbox 481 5664 561 5731; x_wconf 63' lang='grc' dir='ltr'>σῖ»</span> <span class='ocrx_word' id='word_1_866' title='bbox 608 5678 660 5732; x_wconf 83' lang='grc' dir='ltr'>εἷ</span> <span class='ocrx_word' id='word_1_867' title='bbox 706 5678 732 5731; x_wconf 86' lang='lat'><strong>6</strong></span> <span class='ocrx_word' id='word_1_868' title='bbox 763 5664 1163 5755; x_wconf 19' lang='lat'>761106161160:</span> <span class='ocrx_word' id='word_1_869' title='bbox 1209 5676 1299 5731; x_wconf 82' lang='grc' dir='ltr'><strong>σὺν</strong></span> <span class='ocrx_word' id='word_1_870' title='bbox 1346 5674 1464 5749; x_wconf 80' lang='grc' dir='ltr'>ἐμοὶ</span> <span class='ocrx_word' id='word_1_871' title='bbox 1514 5673 1802 5730; x_wconf 80' lang='grc' dir='ltr'>ἀποθανεῖν</span> <span class='ocrx_word' id='word_1_872' title='bbox 1836 5690 1854 5747; x_wconf 84' lang='grc'>;</span> <span class='ocrx_word' id='word_1_873' title='bbox 1885 5672 2007 5729; x_wconf 61' lang='grc' dir='ltr'>Μίαι</span> 
     </span>
    </p>
   </div>
   <div class='ocr_carea' id='block_1_120' title="bbox 2091 5664 3754 5755">
    <p class='ocr_par' dir='ltr' id='par_1_120' title="bbox 2104 5664 3754 5748">
     <span class='ocr_line' id='line_1_120' title="bbox 2104 5664 3754 5748; baseline 0.001 -18"><span class='ocrx_word' id='word_1_874' title='bbox 2104 5664 2490 5746; x_wconf 88' lang='lat' dir='ltr'><strong>me.Spiritus</strong></span> <span class='ocrx_word' id='word_1_875' title='bbox 2518 5665 2760 5747; x_wconf 86' lang='lat' dir='ltr'><strong>quidem</strong></span> <span class='ocrx_word' id='word_1_876' title='bbox 2793 5674 3103 5746; x_wconf 84' lang='lat' dir='ltr'><strong>promptus</strong></span> <span class='ocrx_word' id='word_1_877' title='bbox 3122 5674 3302 5748; x_wconf 86' lang='lat' dir='ltr'><strong>est,ut</strong></span> <span class='ocrx_word' id='word_1_878' title='bbox 3322 5690 3418 5736; x_wconf 88' lang='lat' dir='ltr'><strong>me</strong></span> <span class='ocrx_word' id='word_1_879' title='bbox 3435 5690 3554 5736; x_wconf 89' lang='lat' dir='ltr'><strong>non</strong></span> <span class='ocrx_word' id='word_1_880' title='bbox 3572 5671 3754 5745; x_wconf 83' lang='lat' dir='ltr'><strong>abne,</strong></span> 
     </span>
    </p>
   </div>
  </div>
