4170 6282
487 353 605 427 655
1352 364 1946 434 THEOPHYLACTI
1989 365 2399 430 BULGARIE
2472 359 2828 431 ARCHIEP.
3786 358 3914 434 656

485 507 605 576 get,
640 507 700 560 et
726 509 1040 582 propterea
1069 502 1246 565 etiam
1271 523 1371 564 vos
1403 504 1765 584 pollicemini
1795 505 1939 566 mihi
1973 506 2084 566 hoc
2124 524 2132 567 :

2263 523 2363 579 »ραν
2422 501 2514 557 οὐκ
2572 500 2804 582 ἴσχυσας
2864 504 3220 581 γρηγορῆσαι,
3282 503 3371 558 καὶ
3427 504 3683 559 θανάτου
3743 524 3910 558 κατα-

487 587 591 648 sed
627 607 764 650 caro
796 591 1031 653 inﬁrma
1075 599 1184 667 est,
1219 602 1276 654 et
1307 594 1386 655 ita
1417 595 1467 655 si
1498 613 1614 655 non
1649 613 1754 675 per
1809 595 2134 656 orationem

2271 591 2556 670 σονήσειςς
2622 589 2792 647 Ἀλλά
2847 593 2948 668 γὰρ
3006 593 3330 670 γρηγορεῖτε
3385 593 3478 648 καὶ
3512 591 3918 671 προσεύχεσθε,

488 677 761 738 virtutem
793 679 1026 743 dederit
1048 683 1206 744 Deus
1234 682 2135 763 carni,peric|itabimini.Elite-

2272 701 2312 734 να
2374 680 2451 754 μὴ
2512 679 2785 746 εἰσέλθητε
2831 682 2906 742 εἷς
2956 683 3048 735 τὸν
3092 683 3389 759 πειρασμὸν
3449 682 3557 736 τοῦ
3591 682 3919 759 ἀρνήσασθαί

485 785 616 827 rum
651 787 784 830 cum
809 769 1114 850 abivisset,
1149 771 1360 847 oravit,
1395 781 1453 833 et
1488 774 1762 834 eumdem
1800 791 2132 834 sermonem

2264 789 2310 829 ε.
2367 771 2437 826 Τὸ
2497 770 2592 842 μὲν
2664 769 2764 847 γὰρ
2822 777 3029 844 πνεῦμα
3086 771 3234 844 ὑμῶν
3300 771 3588 847 πρόθυμον
3653 769 3802 826 ἐστιν
3846 771 3911 831 εἰς

484 855 654 931 dixit,
695 865 757 918 ut
788 858 963 920 etiam
997 862 1258 922 secundo
1283 861 1505 922 orando
1534 862 1782 923 credere
1813 863 1984 922 faciat
2009 879 2131 936 eos,

2257 860 2278 913 ὁ
2349 858 2426 933 μὴ
2481 858 2804 934 ἀρνήσασθαί
2861 880 2926 934 με
2968 878 2978 890 “
3061 861 3150 915 καὶ
3233 857 3316 914 διά
3371 863 3538 915 τοῦτο
3603 862 3701 916 καὶ
3760 862 3904 933 ὓμεῖς

484 945 642 1028 quod
676 946 755 1008 sit
780 966 920 1009 vere
948 957 1006 1010 et
1036 947 1501 1012 substantialiter
1523 952 1723 1020 homo,
1751 960 1808 1013 et
1837 959 1898 1011 ut
1927 952 2131 1012 doceat

2253 948 2569 1027 πισχνεῒσθέ
2614 969 2704 1021 μοι
2763 955 2917 1003 τοῦτο
2955 964 2967 976 ·
3017 947 3138 1004 ἀλλ’
3183 949 3219 1015 ἡ
3281 948 3402 1028 σὰρξ
3435 950 3687 1018 ἀσθενής
3727 969 3738 981 ·
3774 949 3900 1005 ὥστε

485 1034 661 1096 etiam
693 1055 801 1098 nos
833 1056 990 1117 saepe
1021 1037 1284 1111 orare,'et
1316 1059 1432 1100 non
1466 1039 1665 1101 statim
1697 1049 1759 1101 ut
1780 1040 1965 1101 semel
1991 1040 2132 1119 peti-

2250 1039 2310 1093 ἀν
2367 1038 2446 1112 μὴ
2496 1035 2580 1092 διὰ
2621 1042 2721 1104 τῆς
2770 1043 3080 1117 προσευχῆς
3111 1037 3220 1111 δῲη
3254 1036 3475 1113 δύναμιν
3518 1039 3549 1094 ὃ
3602 1041 3797 1117 Κύριος
3838 1045 3897 1114 τῇ

483 1123 1115 1198 verimus,cessare.Et
1136 1147 1269 1188 cum
1292 1129 1616 1191 invenisset
1638 1149 1740 1190 eos
1765 1129 1982 1191 iterum
2005 1129 2130 1190 dor-

2243 1128 2391 1205 ἀρκὶ,
2467 1123 2854 1188 κινδυνεύσετε,
2940 1131 3036 1183 Καὶ
3115 1127 3276 1183 πάλιν
3335 1127 3600 1185 ἀπελθὼι
3658 1130 3890 1207 προσηύ-

484 1213 887 1288 mientes,non
904 1215 1076 1276 valde
1106 1216 1434 1297 increpavit
1470 1238 1594 1290 eos,
1622 1227 1788 1278 erant
1817 1219 1972 1279 enim
1998 1237 2131 1297 gra-

2247 1238 2363 1290 ατο,
2398 1217 2488 1272 τὸν
2532 1218 2688 1272 αὺτὸν
2749 1214 2908 1293 λόγον
2966 1217 3150 1289 εἰπὼν,
3184 1216 3275 1272 ἵνα
3319 1219 3404 1273 καὶ
3435 1215 3530 1272 διὰ
3560 1226 3662 1274 τοῦ
3717 1217 3890 1274 δεύτε-

481 1303 597 1365 vati
623 1303 1020 1380 somno;unde
1044 1305 1208 1367 disce
1239 1307 1558 1368 humanam
1579 1307 1874 1368 levitatem
1892 1317 1948 1367 et
1976 1309 2128 1367 infir-

2242 1327 2304 1360 κον
2378 1304 2783 1383 προσεύξασθαι,
2860 1307 3220 1379 πιστώσηται,
3296 1305 3374 1362 ὅτι
3467 1307 3753 1370 οὒσιωδῶς
3813 1308 3889 1362 καὶ

482 1393 768 1467 mitatem,
794 1393 1030 1474 quando
1050 1395 1292 1474 quidem
1315 1398 1416 1476 qui
1448 1416 1640 1476 neque
1675 1416 1883 1457 somno
1917 1415 2127 1476 possu-

2240 1393 2428 1461 εληθῶς
2458 1394 2731 1472 ἅνθρωπος
2763 1395 2828 1462 ἧν
2868 1411 2879 1423 ·
2915 1397 3002 1450 καὶ
3032 1395 3123 1450 ’ἵνα
3165 1393 3347 1471 διδάξῃ
3406 1398 3497 1450 καὶ
3533 1399 3711 1475 ἡμᾶς,
3762 1396 3887 1452 πολ-

481 1499 611 1543 mus
641 1481 1362 1562 obsistere,promittimus
1378 1504 1534 1564 saepe
1560 1505 1689 1564 quae
1721 1485 1889 1545 nobis
1911 1485 2128 1564 impos-

2233 1483 2364 1547 ,ακις
2421 1485 2839 1562 προσεύχεσθαι,
2929 1486 3016 1540 καὶ
3110 1485 3189 1559 μὴ
3259 1484 3393 1549 ἅπαξ
3477 1487 3744 1550 εἰπόντας
3816 1509 3880 1556 τι,

478 1569 676 1632 sibilia
693 1570 1215 1650 sunt.lgiturnunc
1235 1575 1402 1634 tertio
1424 1582 1974 1654 precatur,propter
1999 1574 2125 1635 illas

2229 1573 2660 1634 ιπαλλάττεσθαι,
2724 1574 2900 1651 Εὑρὼν
2944 1572 2997 1627 δὲ
3060 1574 3248 1637 αὖτοὺς
3308 1573 3470 1629 πάλιν
3504 1575 3876 1647 καθεύδοντας,

474 1660 634 1741 ipsas
665 1678 876 1721 causas
905 1679 1049 1741 quas
1080 1681 1258 1742 supra
1287 1663 1564 1726 diximus.
1602 1663 1670 1724 Et
1691 1664 1853 1724 venit
1884 1666 2121 1732 iterum.

2225 1665 2264 1717 ὡ
2311 1661 2547 1743 σφοδρῶς
2607 1661 2873 1738 ἐπιτιμᾷ·
2922 1663 3056 1730 ἦσαν
3125 1664 3223 1741 γὰρ
3280 1661 3650 1742 βεϐαρημένοι
3713 1665 3872 1737 ὕπνῳ.

473 1767 542 1811 ac
572 1749 722 1812 dicit
748 1749 1011 1812 illisznon
1032 1751 1156 1830 jam
1193 1753 1598 1831 perstringens
1626 1753 1833 1814 durius
1856 1755 2120 1834 quamvis

2222 1745 2384 1810 ’Ὅθεν
2417 1753 2645 1828 μάνθανε
2703 1753 2802 1818 τὴν
2833 1752 3169 1830 ἀνθρωπίνην
3211 1755 3520 1833 κουφότητα
3569 1757 3660 1811 καὶ
3720 1755 3869 1811 ἀσθέ-

476 1839 672 1901 meriti
692 1848 913 1916 essent,
946 1815 1085 1921 quia
1125 1815 1252 1922 po'st
1305 1815 1967 1923 252uincrepationem
2005 1863 2120 1904 non

2418 1815 2428 1828 ,
2760 1815 2770 1818 -
2929 1815 2939 1830 ,
3127 1815 3138 1819 -
3323 1815 3333 1833 ,
3435 1815 3445 1820 -

2216 1865 2368 1917 θειαν,
2433 1840 2578 1904 ὅπως
2639 1840 2775 1916 μηδὲ
2819 1844 2950 1919 πρὸς
3004 1841 3168 1898 ὕπνον
3218 1843 3505 1922 ἀντισχεῖν
3566 1843 3863 1920 δυνάμενοι,

473 1938 641 1990 erant
666 1925 794 1990 facti
830 1930 1237 2005 meliores,sed
1261 1950 1470 1994 somno
1494 1933 1963 1994 indulserant.Et
1981 1934 2118 2013 quid

2216 1930 2643 2010 ἱπαγγελλόμεθα
2697 1930 2956 1996 πολλάκις
3019 1933 3084 1986 τὰ
3171 1929 3395 1988 ἀδύνατα
3456 1935 3626 2008 ἡμῖν.
3708 1932 3863 1990 Πάλιν

473 2017 664 2082 dicit?
705 2015 974 2081 Dormite
1004 2039 1187 2102 nunc,
1219 2032 1276 2082 et
1301 2023 1681 2102 requiescite.
1717 2023 1832 2083 Per
1867 2022 2118 2083 ironiam

2212 2019 2290 2076 σύν
2346 2020 2407 2075 ἐκ
2464 2021 2638 2098 τρίτου
2708 2021 3086 2098 προσεύχεται,
3167 2018 3251 2075 διὰ
3308 2022 3405 2082 τὰς
3478 2023 3647 2085 αὐτᾶς
3701 2021 3859 2082 αἰτίας

470 2107 597 2168 haec
625 2107 742 2168 illis
772 2108 1054 2189 loquitur;
1087 2111 1224 2189 quia
1256 2111 1413 2172 enim
1436 2110 1663 2171 sciebat
1693 2111 1892 2174 venire
1924 2111 2117 2190 prodi-

2212 2108 2264 2172 ἲς
2322 2106 2546 2184 εἴπομεν
2607 2108 2735 2170 ἅνω,
2801 2109 2898 2165 Καὶ
2957 2107 3174 2187 ἔρχεται
3232 2107 3418 2189 πάλιν,
3477 2111 3570 2166 καὶ
3601 2109 3746 2188 λέγει
3778 2113 3859 2167 αὖ·

472 2203 685 2269 torem,
717 2196 950 2260 dicitad
987 2197 1151 2260 illos:
1183 2197 1350 2259 Nunc
1375 2207 1606 2276 tempus
1636 2204 1727 2258 est
1750 2195 2112 2269 dormiendi,

2208 2210 2318 2260 τοῖς
2366 2195 2634 2276 (86-87),
2697 2201 2790 2255 οὒκ
2847 2196 3196 2266 ἐπιπλήσσων
3232 2212 3245 2226 ⁶
3278 2199 3452 2255 καίτοι
3482 2197 3593 2254 ἔδει
3627 2196 3855 2264 ἐπιπλῆ-

467 2284 722 2347 dormite
745 2304 1070 2357 nunc,ecce
1095 2287 1373 2348 inimicus
1399 2286 1713 2349 venit.Hoc
1744 2293 1940 2347 autem
1963 2285 2114 2346 dixit

2200 2283 2302 2360 ξαι,
2365 2289 2438 2350 ὡς
2492 2284 2628 2361 μηδὲ
2688 2287 2822 2346 μετά
2894 2287 2990 2353 τὴν
3069 2285 3374 2361 ἐπιτίμησιν
3452 2286 3847 2363 βελτιωθέντας,

465 2374 722 2437 irridens
746 2393 953 2436 eorum
973 2375 1532 2437 somnolentiam.Et
1559 2375 1714 2456 quod
1740 2393 1844 2455 per
1862 2374 2112 2435 ironiam

2197 2373 2333 2431 ἀλλά
2375 2373 2764 2454 παραδοθέντας
2823 2381 2899 2450 τῷ
2941 2374 3088 2447 ὕπνῳ
3123 2391 3137 2404 ⁸
3200 2376 3247 2430 τί
3290 2377 3378 2430 οὖν
3421 2375 3613 2452 λέγει;
3655 2377 3842 2434 Καθεύ-

467 2462 841 2543 dixerit,audi
863 2463 1141 2543 quoniam
1169 2483 1300 2525 mox
1329 2464 1578 2525 subdat:
1613 2461 2108 2542 Surgite,eamus:

2195 2463 2310 2519 δετε
2355 2466 2415 2520 τὸ
2485 2462 2673 2520 λοιπὸν
2728 2466 2816 2530 καὶ
2900 2464 3248 2525 ἀναπαύεσθε.
3325 2467 3736 2543 Εἷρωνευόμενος
3788 2461 3837 2516 δὲ

466 2571 584 2613 non
616 2558 683 2616 ut
711 2551 936 2630 fugiant
978 2552 1088 2613 hoc
1131 2552 1356 2632 dicens,
1406 2553 1510 2614 sed
1568 2552 1753 2631 magis
1785 2560 1847 2612 ut
1877 2551 2108 2613 obviam

2194 2564 2348 2611 τοῦτο
2392 2554 2535 2632 λέγει
2591 2556 2721 2628 πρὸς
2754 2552 2944 2617 αὒτούς
2979 2569 2992 2583 ⁸
3032 2553 3147 2609 ἐπεὶ
3187 2554 3287 2632 γάρ
3345 2551 3461 2633 ᾔδει
3504 2554 3580 2612 ὅτι
3623 2555 3827 2632 ἔρχεται

465 2650 601 2703 eant
629 2641 907 2703 inimicis.
943 2639 1194 2713 Quidam
1220 2650 1414 2702 autem
1442 2642 1554 2704 hoc
1584 2640 1741 2721 quod
1774 2639 2109 2703 dicitzTris-

2193 2645 2219 2699 ὁ
2279 2641 2568 2722 προδότης,
2627 2644 2755 2721 ιρῆσὶ
2799 2645 2930 2722 πρὸς
2976 2643 3162 2706 αὐτούς
3215 2641 3294 2698 diu
3340 2652 3443 2701 Νῦν
3499 2642 3665 2722 κριρός
3719 2641 3822 2695 ἐστι

465 2731 537 2791 tis
561 2739 647 2791 est
667 2730 868 2792 anima
895 2748 1024 2792 mea
1042 2749 1228 2810 usque
1257 2730 1330 2790 ad
1375 2739 1651 2805 mortem,
1671 2731 1755 2791 sic
1789 2729 2106 2791 intellexe-

2189 2740 2282 2789 τοῦ
2338 2735 2644 2807 κοιμᾶσθαι,
2725 2730 2998 2787 καθεύδετε
3032 2750 3048 2766 ⁸
3111 2730 3218 2787 ἰδοὺ
3265 2734 3292 2787 ὁ
3350 2732 3532 2811 ἐχθρὸς
3582 2729 3804 2811 ἔρχεται.

461 2829 600 2881 runt
635 2843 647 2883 :
681 2821 891 2882 Tristis
923 2839 1076 2892 sum,
1116 2809 1232 2880 non
1265 2821 1399 2898 quia
1429 2819 1778 2892 moriturus,
1837 2818 1938 2879 sed
1973 2819 2108 2898 quia

2267 2828 2288 2837 υ
2403 2818 2445 2838 M
2897 2827 2922 2837 η.
3071 2824 3088 2833 -
3144 2819 3169 2840 η
3257 2827 3266 2834 ·
3380 2809 3471 2852 3;;
3587 2809 3618 2843 ‘I
3784 2815 3802 2856 ξ.

2191 2831 2356 2879 Τουτο
2399 2839 2452 2876 οε
2497 2820 2645 2892 εἶπε,
2698 2819 2959 2898 ἐπιγελων
3018 2843 3095 2895 τῳ
3143 2844 3292 2895 υπνῳ
3347 2844 3526 2878 αυιων.
3627 2827 3712 2874 Οτι
3754 2813 3803 2869 δ.

459 2909 746 2972 Israelita;
797 2909 1107 2970 domestici
1159 2908 1277 2970 mei
1331 2926 1424 2969 me
1468 2907 1806 2969 cruciﬁxuri
1857 2917 2011 2968 sunt.
2053 2916 2106 2968 et

2191 2909 2594 2983 εἰρωνευόμενος
2656 2916 2812 2965 τοῦτο
2871 2913 3046 2984 εἶπεν,
3108 2910 3263 2965 ἄκουε
3331 2915 3435 2971 πῶς
3491 2905 3805 2984 παρακατιὼν

459 3007 774 3080 propterea
803 3016 990 3080 regno
1024 2997 1127 3059 Dei
1159 2998 1491 3076 ejicientur.

2191 2998 2331 3076 λέγει
2363 3014 2377 3028 ’
2441 2996 2757 3076 Ἐγείρεσθε,
2819 2996 3053 3074 ἄγωμεν⁶
3102 3000 3206 3077 οὐχ
3253 2998 3346 3054 ἵνα
3375 2997 3428 3052 δὲ
3453 2998 3640 3077 φύγωσι
3669 3000 3815 3053 τοῦτο

457 3089 624 3167 λέγει,
684 3087 802 3146 ἀλλ’
871 3089 965 3144 ’ἕνα
1018 3087 1221 3164 μᾶλλον
1280 3090 1641 3158 συναντήσωσι
1713 3103 1829 3151 τοῖς
1883 3089 2124 3169 ἐχθροῖς,
2193 3089 2340 3149 Τινὲς
2397 3085 2450 3141 δὲ
2509 3088 2592 3160 τὸ,
2627 3085 2915 3164 Περίλυπός
2961 3086 3165 3155 ἐστινὴ
3197 3089 3350 3167 ψυχὴ
3385 3109 3485 3163 μου
3511 3085 3602 3148 ἕως
3652 3083 3806 3140 θανά-

455 3202 570 3254 του,
645 3181 808 3242 οῧτως
881 3180 1129 3254 ἐνόησαν,
1193 3178 1272 3235 ὅτι
1333 3185 1634 3253 Λυποῦμαι,
1708 3184 1767 3237 οὖ
1824 3177 1954 3235 διότι
2005 3179 2188 3254 μέλλω
2245 3177 2556 3250 ἀποθανεῖν,
2605 3175 2740 3234 αλλά
2786 3175 2915 3232 διότι
2947 3179 2993 3235 οἱ
3023 3175 3380 3256 Ἰσραηλῖται,
3418 3181 3464 3234 oi
3495 3175 3669 3233 οἰκεῖοί
3697 3194 3824 3250 μου,

455 3272 600 3326 αὖτοὶ
624 3272 923 3347 σταυρῶσαί
968 3293 1034 3343 με
1074 3267 1347 3342 μέλλουσι,
1381 3271 1469 3323 καὶ
1500 3267 1583 3323 διὰ
1627 3271 1777 3324 τοῦτο
1824 3267 2172 3348 ἆποῤῥιφῆναι
2202 3268 2301 3336 τῆς
2331 3268 2600 3342 βασιλείας
2630 3266 2724 3322 τού
2765 3273 2918 3324 Θεοῦ.

535 3357 716 3420 Vens.
756 3359 972 3421 43-49.
1007 3383 1031 3412 α
1063 3359 1132 3419 Et
1154 3357 1457 3431 continuo,
1490 3356 1682 3416 adhuc
1710 3375 1776 3417 eo
1803 3359 2103 3437 loquente,
2127 3369 2167 3418 C

2279 3358 2439 3412 «Καὶ
2498 3355 2708 3430 εὐθέως,
2763 3354 2840 3410 ἔτι
2916 3357 3075 3413 αὐτοῦ
3129 3353 3439 3427 λαλοῦντος,
3503 3353 3823 3434 παραγίνεται

454 3447 686 3508 accedit
712 3444 917 3526 Judas,
952 3446 1052 3526 qui
1087 3453 1212 3506 erat
1243 3463 1400 3505 unus
1432 3464 1462 3506 e
1495 3445 1840 3526 duodecim,
1877 3453 1936 3506 et
1966 3463 2101 3507 cum

2188 3444 2384 3508 Ἰούδας
2443 3445 2529 3508 εἷς
2586 3450 2689 3499 τῶν
2746 3441 2971 3518 δώδεκα,
3027 3445 3113 3498 καὶ
3147 3444 3262 3520 μετ’
3297 3449 3452 3502 αὐτοῦ
3481 3443 3643 3524 ὄχλος
3671 3441 3821 3502 πολὺς

454 3533 557 3594 illo
588 3533 759 3594 turba
790 3535 966 3594 multa
997 3553 1130 3594 cum
1161 3533 1368 3612 gladiis
1407 3542 1466 3594 et
1511 3533 1760 3595 fustibus
1791 3553 1823 3594 a
1857 3533 2101 3594 summis

2188 3537 2323 3611 μετά
2401 3541 2684 3612 μαχαιρῶν
2764 3535 2849 3589 καὶ
2920 3533 3105 3606 ξύλων,
3169 3535 3308 3610 παρά
3371 3541 3477 3590 τῶν
3549 3531 3819 3613 ἀρχιερέων

456 3623 863 3685 sacerdotibus
894 3637 952 3685 et
974 3622 1197 3685 Scribis
1240 3631 1295 3683 et
1325 3622 1680 3684 senioribus.
1712 3624 1964 3684 Dederat
1995 3643 2103 3683 au—

2187 3627 2273 3682 καὶ
2328 3631 2433 3680 τῶν
2491 3623 2851 3700 Γραμματέων
2929 3625 3016 3678 καὶ
3075 3629 3178 3678 τῶν
3233 3621 3619 3703 πρεσϐυτέρων.
3681 3619 3818 3677 Ἐδε-

460 3724 579 3773 tem
612 3713 659 3772 is
693 3712 792 3792 qui
827 3712 1112 3792 prodebat
1153 3731 1312 3792 eum,
1349 3731 1664 3772 commune
1699 3711 1930 3790 signum
1960 3712 2100 3786 illis,

2187 3714 2342 3770 δώκει
2401 3712 2454 3768 δὲ
2523 3715 2550 3768 ὁ
2609 3710 2918 3790 παραδιδοὺς
2971 3711 3125 3766 αὐτὸν
3187 3712 3458 3787 σύσσημον
3493 3713 3694 3784 αὐτοῖς,
3737 3708 3821 3764 λέ-

459 3801 668 3863 dicens
691 3785 1153 3880 {Quemcunque
1185 3785 1484 3861 oscnlatus
1513 3785 1896 3880 fuero,is'est,
1935 3785 2100 3862 com?

2187 3826 2296 3880 γων
2323 3821 2336 3836 ⁶
2386 3785 2506 3856 υΠν
2548 3799 2609 3855 ἂν
2654 3799 2886 3879 ιριλνξσω,
2936 3799 3091 3862 αὐτός
3135 3803 3244 3855 ἐστι
3281 3819 3295 3833 ⁸
3329 3803 3630 3874 κρατήσατε
3662 3800 3819 3866 αὐτὸν,

459 3888 810 3970 prehendite
840 3898 1066 3962 eum,et
1086 3889 1359 3950 abducite
1381 3898 1546 3950 caute
1579 3887 1798 3951 Etcum
1819 3889 2098 3951 venisset.

2187 3893 2275 3946 καὶ
2333 3891 2637 3967 ἀπαγάγετε
2681 3887 2954 3968 ἀσφαλῶς.
3029 3889 3125 3944 Καὶ
3188 3887 3372 3960 ἐλθών,
3437 3890 3626 3955 εὐθέως
3668 3907 3820 3966 προσ-

460 3968 727 4058 protinus
783 3978 1012 4040 accedit
1066 3979 1135 4039 ad
1193 3979 1380 4049 illum,
1435 3978 1694 4057 dicitque
1754 3980 1831 4057 ei,
1893 3978 2103 4058 Rabbi,

2190 3981 2353 4035 ελθὼν
2412 3981 2573 4054 αὒτῷ,
2608 3978 2752 4057 λέγει
2803 3979 2944 4050 αὖτῷ
2977 3993 2988 4005 ⁸
3058 3968 3254 4050 ’1)αϐὖὶ,
3320 3969 3515 4034 Ῥαϐὅί·
3568 3981 3655 4036 καὶ
3703 3997 3823 4032 κατ·

460 4067 654 4130 Rabbi
681 4086 695 4131 :
723 4086 789 4130 ac
812 4067 1190 4130 deosculatus
1213 4075 1300 4129 est
1329 4067 1585 4130 eum.Illi
1611 4086 1746 4128 vero
1770 4067 2107 4146 injecerunt

2192 4068 2441 4149 εφίλησεν
2494 4069 2670 4130 αὐτόν,
2733 4070 2791 4124 Οἱ
2878 4065 2931 4122 δὲ
3015 4064 3274 4123 ἐπέϐαλον
3356 4068 3440 4124 ἐπ’
3512 4071 3666 4126 αὐτὸν
3741 4066 3823 4126 τὰς

458 4157 519 4218 ἱη
550 4157 715 4219 illum
748 4175 956 4219 manus
1004 4175 1166 4238 suas,
1198 4165 1256 4218 et
1305 4157 1887 4238 comprehenderunt
1946 4177 2077 4217 eum

2191 4172 2409 4238 χεῖρας,
2468 4159 2555 4213 καὶ
2614 4157 2912 4236 ἐκράτησαν
2963 4157 3140 4217 αὐτόν,
3199 4157 3299 4220 Εἷς
3342 4155 3396 4212 δέ
3441 4180 3522 4221 τις
3566 4166 3670 4215 τῶν
3700 4177 3823 4232 παρ-

457 4245 620 4309 Unus
677 4256 872 4308 autem
916 4247 1206 4326 quispiam
1249 4247 1590 4315 astantium,
1626 4247 1839 4308 educto
1885 4247 2104 4328 gladio,

2191 4249 2518 4327 εστηκότων,
2578 4247 2916 4321 σπασάμενος
2969 4245 3268 4324 μάχαιραν,
3331 4245 3519 4303 ἔπαισε
3575 4251 3666 4304 τὸν
3720 4243 3818 4300 δοῦ-

460 4328 754 4416 percussit
781 4353 1014 4397 servum
1047 4337 1260 4395 summi
1294 4335 1642 4412 sacerdotis,
1679 4343 1736 4395 et
1783 4335 2107 4416 amputavit

2189 4335 2282 4392 λον
2335 4341 2427 4390 τοῦ
2484 4333 2799 4414 ἀρχιερέως,
2868 4334 2956 4389 καὶ
3030 4330 3249 4414 ἀφεῖλεν
3321 4336 3477 4393 αὐτοῦ
3538 4337 3597 4392 τὸ
3655 4333 3813 4392 ὠτίον.

459 4424 782 4485 auriculam
826 4425 979 4503 ejus.
1024 4423 1095 4484 Et
1137 4423 1507 4503 respondens
1535 4420 1735 4500 Jesns,
1768 4423 1913 4483 dixit
1944 4423 2060 4483 illis
2091 4443 2102 4484 :

2194 4426 2292 4482 Καὶ
2362 4424 2657 4500 ἀποκριθεὶς
2718 4425 2745 4478 ὁ
2802 4421 3010 4489 Ἰησοῦς
3081 4422 3236 4478 εἶπεν
3306 4425 3490 4486 αὐτοῖς
3525 4441 3540 4454 '
3607 4416 3695 4486 Ὠς
3744 4420 3817 4475 ἐπὶ

460 4505 762 4594 Tanquam
801 4514 873 4573 ad
924 4513 1210 4573 latronem
1247 4511 1448 4573 existis
1478 4531 1611 4573 cum
1636 4511 1846 4590 gladiis
1883 4530 1950 4572 ac
1981 4511 2105 4572 fus-

2191 4513 2397 4589 λῃστὴν
2441 4511 2684 4583 ἐξήλθετε
2743 4513 2876 4585 μετὰ
2935 4518 3218 4591 μαχαιρῶν
3275 4514 3365 4569 καὶ
3412 4512 3576 4578 ξύλων
3636 4510 3817 4572 συλλα-

461 4601 617 4662 tibus
667 4601 739 4662 ad
789 4601 1420 4681 comprehendendum
1471 4620 1610 4661 me:
1643 4600 1910 4680 quotidie
1944 4619 2106 4661 eram

2191 4601 2308 4659 ϐεῖν
2339 4620 2447 4676 με’
2507 4600 2624 4658 καθ’
2679 4599 2882 4677 ἡμέραν
2939 4597 3088 4675 ἥμην
3128 4602 3276 4679 ’πρὸς
3334 4602 3469 4676 ὑμᾶς
3529 4602 3583 4658 ἐν
3611 4609 3688 4677 τῷ
3713 4601 3820 4675 ἱερῷ

459 4689 760 4752 vobiscum
787 4691 842 4750 in
881 4690 1100 4769 templo
1132 4690 1444 4770 docens,et
1466 4709 1580 4750 non
1613 4689 2106 4768 comprehendis-

2188 4690 2475 4770 διδάσκων,
2521 4692 2610 4747 καὶ
2652 4691 2745 4746 οὒκ
2788 4688 3121 4766 ἐκρατήσατέ
3179 4710 3268 4766 με,
3320 4689 3440 4746 ἀλλ’
3471 4690 3565 4747 ἵνα
3611 4691 3819 4757 πληρω-

460 4780 533 4840 tis
566 4798 661 4840 me
693 4797 706 4841 :
735 4779 839 4841 sed
873 4778 982 4839 ista
1009 4779 1175 4853 ﬁunt,
1211 4786 1276 4838 ut
1309 4778 1666 4859 impleantur
1698 4776 2039 4856 Scriptura}.
2072 4800 2096 4838 ›

2186 4784 2342 4838 θῶσιν
2402 4782 2452 4836 αἱ
2509 4779 2728 4860 Γραφαί.
2767 4796 2796 4836 )
2852 4780 2947 4852 Τὸ,
2980 4779 3081 4843 Εἷς
3111 4783 3218 4833 τῶν
3260 4775 3487 4853 δώδεκα,
3551 4780 3610 4836 οὗ
3667 4779 3822 4855 μάτην

455 4867 585 4931 Non
615 4869 832 4932 frustra
851 4867 1147 4947 adjectum
1173 4865 1455 4930 estzUnus
1474 4885 1543 4929 ex
1562 4867 2013 4942 duodecim,sed
2042 4869 2102 4930 in

2185 4871 2524 4950 πρόσκειται,
2626 4865 2780 4923 Ἀλλ’
2861 4868 2936 4932 είς
3001 4867 3324 4945 κατηγορίαν
3393 4878 3488 4928 τοῦ
3558 4866 3817 4948 προδότου.

1521 4988 1603 5050 Ex
1635 4987 1954 5051 collatione
1982 4988 2160 5054 codd.
2194 4987 2411 5052 Venet.
2442 4989 2503 5052 S.
2540 4985 2744 5049 Marci.

532 5115 798 5195 (86-87).
833 5115 975 5178 Cod.
1030 5115 1109 5178 26
1156 5113 1370 5195 addit:
1437 5111 1716 5195 Καθεύδετε
1769 5111 1957 5195 λοιπὸν
2011 5113 2097 5195 καὶ
2177 5181 2179 5190 Α

2177 5109 2525 5195 ῃρειῖιωορέ
2551 5105 2928 5195 requiescite:
2951 5104 3373 5195 ειιίζὶεἰεωεηίί
3393 5108 3726 5195 hora.Quill
3741 5112 3819 5168 est

451 5185 821 5254 ἀναπαύεσθε·
879 5196 1096 5275 ἀπέχει,
1185 5194 1341 5262 ἦλθεν
1413 5195 1446 5260 ἡ
1523 5193 1656 5270 ὥρα,
1741 5193 1800 5249 Τί
1858 5190 1966 5275 ἐστὶ
2038 5193 2097 5246 τὸ

2177 5185 2355 5275 illud,
2385 5185 2640 5266 sufﬁcit?
2661 5185 3204 5275 Dixeriteguidem.
3224 5205 3551 5275 nonnemo,
3585 5192 3700 5253 hoc
3719 5205 3811 5270 pe-

450 5277 644 5357 ἆπέχει
681 5295 697 5351 ;
730 5275 930 5354 Εῗρηκε
989 5265 1096 5350 μέν’
1138 5297 1243 5347 τις,
1303 5273 1381 5328 ὅτι
1429 5265 1639 5329 "Elige
1668 5273 1766 5339 τὴν
1797 5270 1912 5328 κατ’
1971 5271 2097 5344 ἐμοῦ

2181 5265 2356 5357 rinde
2378 5265 2531 5341 esse,
2565 5265 3000 5357 ac,Accepit‘in
3032 5283 3126 5326 me
3148 5265 3420 5357 diabolus
3444 5265 3807 5357 potestatem.

448 5345 692 5422 ἐξούσίαν
737 5359 764 5411 ὁ
802 5345 1076 5419 ¹διάϐολος.
1111 5345 1266 5429 Ἐμοὶ
1295 5352 1347 5408 δὲ
1375 5354 1432 5409 οὺ
1461 5351 1633 5410 δοκεῖ·
1681 5351 1818 5407 ἀλλά
1864 5350 2095 5408 τοιοῦτόν

2183 5350 2324 5412 Mihi
2354 5358 2548 5430 autem
2581 5365 2698 5408 non
2731 5348 2812 5407 ita
2839 5345 3096 5426 videtur;
3130 5347 3236 5408 sed
3267 5347 3383 5409 tale
3427 5345 3566 5429 quid
3599 5348 3811 5430 signiﬁ-

446 5456 495 5491 τι
562 5434 746 5508 δηλοῖ,
807 5435 1025 5515 Ῥπέχει
1070 5436 1135 5489 τὰ
1176 5431 1294 5490 κατ’
1354 5433 1471 5506 ἐμὲ,
1528 5431 1711 5509 ἤγουν,
1761 5431 1922 5512 πέρας
1954 5431 2093 5510 ἔχει·

2184 5447 2321 5492 care
2344 5446 2360 5515 _:
2386 5429 2699 5515 Sufficiunt
2728 5444 2958 5515 eaquae
2989 5433 3195 5515 contra
3226 5445 3320 5488 me
3349 5439 3538 5515 sunt;
3557 5429 3809 5515 ‘hoc‘est,

446 5516 536 5571 καὶ
590 5516 690 5612 γὰρ
746 5517 887 5592 παρὰ
939 5504 1035 5571 τοῦ
1103 5520 1277 5569 Λουκᾶ
1336 5511 1576 5590 εἴρηται,
1665 5514 1739 5568 Τὰ
1791 5504 1908 5587 περὶ
1970 5515 2093 5585 ἐμοῦ

491 5593 526 5612 '\
649 5592 662 5612 Ι
852 5594 908 5612 ἠ
1060 5595 1069 5612 Ι
1287 5600 1310 5609 ν
1564 5591 1652 5612 \A‘
1825 5605 1848 5612 ..
1995 5595 2020 5612 Λ

2185 5510 2500 5612 terminum
2532 5504 2924 5612 habentg‘lam
2951 5514 3009 5612 et
3037 5523 3080 5612 al
3100 5506 3444 5612 Ιλιιρεινρῑχμ,
3473 5509 3810 5605 3ῖλ).(1ἱφίῐυι·.

444 5581 614 5658 τέλος.
649 5581 790 5688 ἔχει..
825 5581 947 5649 ’Ἕκ
989 5595 1163 5671 τρίτου
1218 5600 1342 5671 γοῦν
1394 5581 1699 5670 προσελθὼν
1762 5581 1876 5651 τοῖς
1919 5581 2091 5665 μαθη-

533 5687 538 5688 ,
633 5671 652 5688 ς
881 5672 894 5688 .
999 5673 1014 5688 .
1130 5671 1149 5688 κ
1183 5673 1195 5688 .
1640 5669 1659 5688 ς
1841 5671 1880 5688 τι
2026 5671 2066 5688 υ.

2189 5591 2338 5682 Quae
2358 5590 2566 5688 ἀσκηξρ
2589 5593 2742 5688 ,ςιιηιι
2760 5587 2942 5688 ﬁne?!
2974 5581 3232 5688 (tabent:
3256 5581 3454 5652 Tertio
3514 5581 3693 5682 igitur
3722 5606 3811 5649 ve—

444 5687 567 5739 ταῖς
632 5665 800 5755 λέγει,
848 5672 941 5729 οὐκ
997 5665 1366 5748 ἐπιπλήσσων,
1427 5665 1483 5729 κ.
1540 5694 1592 5733 τ.
1640 5669 1693 5729 λ.
1754 5694 1781 5725 ε
1828 5671 2091 5732 Dormite

2187 5671 2356 5732 niens
2385 5670 2456 5732 ad
2492 5667 2838 5748 discipulos,
2875 5665 3040 5747 dicit,
3067 5685 3198 5739 non.
3208 5667 3332 5747 jam
3365 5665 3807 5755 perstringens.
