4154 6298
377 467 496 531 65⁸1

1074 469 1520 534 ENARRATIO
1567 472 1647 532 IN
1694 471 2207 533 EVANGELIUM
2255 472 2514 534 MARCI.
2562 505 2639 516 —
2680 467 2846 534 CAP.
2896 473 3058 535 XIV.

3644 469 3763 536 658

381 583 417 628 "
425 612 516 659 Οτι
547 604 642 661 106
684 605 892 682 πρώτου
917 608 1083 686 χοροῦ
1111 607 1209 677 ὢν,
1244 605 1382 664 κατὰ
1423 607 1517 661 106
1561 605 1832 663 Δεσπότου
1877 604 2021 661 ἐλύτ-

2121 602 2436 683 proditoris
2465 603 3115 686 detestationem,quod
3142 623 3274 667 cum
3297 623 3367 666 ex
3391 606 3582 686 primo
3604 605 3766 668 ordi-

371 714 554 759 τησεν.
624 683 740 750 ’Ἴδε
798 691 852 750 δέ
921 683 1022 750 καὶ
1096 694 1196 762 τὴν
1269 694 1621 761 ἀναισθησίαν
1675 693 1854 774 αὐτοῦ,
1912 695 2027 764 πῶς

370 780 582 856 ἐνόμισε
615 781 798 839 λαθεῖν
837 784 932 840 τὸν
963 785 1151 863 Κύριον
1195 783 1256 840 ἐκ
1307 783 1404 840 106
1452 783 1774 864 φιλήματος,
1809 786 1882 848 ὡς
1927 783 2027 851 δῆ-

363 873 449 927 θεν
507 870 658 948 φίλος
700 873 1178 948 νομισθησόμενος.
1232 873 1330 934 Καὶ
1405 875 1448 928 εἰ
1515 873 1663 954 φίλος
1739 873 2025 954 ἐτύγχανε,

365 960 502 1022 τίνος
561 959 716 1017 ἕνεκα
766 961 902 1036 μετά
959 963 1066 1018 τῶν
1109 961 1318 1041 ἐχθρῶν
1360 952 1571 1038 ἦλθεν-ς
1609 952 1824 1026 υΟντως
1856 952 2028 1030 ἀνόηέ-

367 1069 458 1103 τον
509 1050 542 1117 ἡ
600 1051 848 1130 πονηρία.
910 1055 1009 1114 Εἷς
1067 1049 1126 1107 δέ
1183 1073 1260 1116 τις
1331 1057 1438 1107 τῶν
1489 1050 1928 1131 παρεστηκότων,
2001 1055 2028 1108 6

368 1137 560 1216 Πέτρος
615 1138 766 1203 οὗτος
813 1140 904 1215 ἦν,
965 1140 1252 1212 ἀποσιωπᾷ
1308 1138 1362 1196 δέ
1419 1141 1480 1196 τὸ
1540 1139 1709 1216 ὄνομα
1775 1141 1934 1200 αὐτοῦ
1999 1146 2028 1199 6

370 1225 602 1307 Μάρκος,
633 1230 725 1288 ἵνα
756 1231 832 1303 μὴ
861 1228 985 1305 δόξῃ
1049 1232 1292 1288 ἐπαινεῖν
1335 1232 1434 1303 ⁹τὸν
1495 1229 1815 1288 διδάσκαλον
1869 1231 2028 1288 αὒτοῦ

369 1315 586 1394 Πέτρον,
648 1319 722 1382 ὡς
789 1317 1107 1390 ζηλώσαντα
1164 1320 1294 1398 ὑπὲρ
1379 1319 1473 1375 106
1538 1327 1786 1398 Χριστοῦ.
1842 1319 2026 1385 Καλῶς

367 1405 422 1462 δὲ
478 1407 538 1462 τὸ
593 1406 750 1464 ὠτίον
799 1415 892 1463 106
938 1406 1125 1464 δούλου
1169 1415 1266 1466 τοῦ
1323 1407 1609 1487 ἀρχιερέπς
1653 1408 1891 1488 ἀφεῖλεν,
1929 1411 2024 1464 Αἰ-

368 1495 594 1549 νίττεται
669 1495 763 1573 γάρ
821 1494 900 1551 ὅτι
958 1497 1220 1574 παρήκοοι
1280 1497 1415 1564 ἦσαν
1472 1498 1559 1551 καὶ
1617 1496 1884 1571 ἀπειθεῖς,
1919 1501 2023 1552 τῶν

368 1583 586 1660 Γρανρῶν
669 1583 1114 1659 καταμελοῦντες.
1197 1587 1255 1643 Εἰ
1329 1586 1428 1664 γάρ
1487 1586 1647 1664 εἶχον
1710 1587 1844 1658 ὦτα,
1919 1586 2023 1640 τῶν

368 1678 583 1750 Γραφῶν
636 1674 1019 1743 κατακούοντα,
1069 1676 1161 1730 οὐκ
1205 1673 1264 1729 ἂν
1334 1675 1428 1729 τὸν
1480 1675 1668 1752 Κύριον
1711 1676 1808 1739 τῆς
1869 1672 2022 1740 δόξης

366 1761 717 1836 ἐσταύρωσαν.
782 1765 888 1820 Οὔκ
938 1761 1098 1819 ἄλλον
1143 1762 1196 1819 δὲ
1249 1761 1431 1820 δοῦλον
1462 1762 1675 1818 ἔπαισεν
1722 1766 1748 1818 6
1802 1763 2018 1841 Πέτρος,

366 1849 502 1906 ἀλλά
557 1853 648 1906 106
692 1851 1008 1932 ἀρχιερέως.
1059 1855 1118 1911 Οἱ
1173 1853 1272 1930 γάρ
1327 1853 1599 1930 ἀρχιερεῖς
1660 1859 1858 1931 πρῶτοι
1916 1854 2021 1908 τῶν

2114 711 2190 755 ne
2211 695 2476 767 esset,ita
2507 704 2712 756 contra
2741 695 3084 772 magistrum
3111 695 3656 757 insanaverit.Vide
3669 713 3769 758 au-

2111 790 2228 843 tem
2251 792 2559 863 stuporem
2593 784 3080 864 illius,quomodo
3111 785 3327 864 poterit
3357 803 3531 864 posse
3554 784 3764 846 Domi-

2112 889 2250 932 num
2274 873 2640 952 |atere,quod
2669 891 2770 952 pro
2789 873 2980 934 amico
3007 872 3318 934 habendus
3344 882 3500 934 esset
3524 882 3766 954 propter

2111 960 2399 1033 osculum;
2427 979 2562 1021 nam
2595 961 2642 1021 si
2666 960 2888 1022 amicus
2917 969 3064 1034 erat,
3113 980 3298 1040 quare
3329 981 3467 1023 cum
3500 962 3763 1024 inimicis

2108 1046 2418 1108 veniebat?
2448 1049 2682 1110 Revera
2711 1048 2932 1109 malitia
2965 1066 3205 1128 semper
3241 1049 3423 1109 stulta
3444 1057 3556 1110 est.
3592 1047 3761 1113 Unus

2109 1143 2304 1197 autem
2340 1136 2633 1217 quispiam
2653 1136 2988 1211 astantium,
3019 1140 3228 1198 Petrus
3258 1137 3352 1198 hic
3377 1137 3760 1212 erat,ohticet

2109 1234 2306 1286 autem
2332 1244 2549 1286 nomen
2571 1227 2702 1305 ejus
2737 1228 2982 1298 Marcus,
3017 1233 3080 1286 ut
3105 1245 3179 1285 ne
3212 1226 3487 1287 videatur
3515 1226 3758 1289 laudare

2112 1322 2539 1394 praeceptorem
2593 1334 2760 1376 suum
2813 1316 3052 1376 Petrum
3101 1314 3342 1395 majoris
3375 1333 3480 1396 pro
3515 1316 3756 1382 Christo

2108 1404 2216 1462 zeli
2251 1403 2429 1464 Recte
2457 1412 2650 1464 autem
2675 1404 3004 1465 auriculam
3037 1405 3191 1466 servi
3219 1403 3438 1465 summi
3471 1405 3753 1466 sacerdo-

2111 1495 2181 1553 tis
2203 1497 2543 1574 amputavit.
2575 1494 2771 1556 innuit
2805 1497 2964 1556 enim
2998 1495 3153 1574 quod
3187 1495 3394 1556 audire
3443 1497 3668 1557 nollent
3697 1505 3755 1557 et

2107 1585 2374 1651 credere.
2412 1593 2864 1645 contemnentes
2897 1584 3250 1662 Scripturas.
3288 1583 3350 1645 Si
3381 1584 3540 1646 enim
3583 1602 3755 1646 aures

2105 1672 2455 1732 habuissent
2487 1691 2615 1751 qua:
2638 1673 2976 1752 Scripturas
3006 1672 3749 1752 exaudirent,nequaquam

2109 1757 2419 1820 Dominum
2452 1761 2657 1838 gloria:
2689 1759 3144 1823 cruciﬁxissent.
3174 1758 3304 1820 Non
3341 1767 3534 1819 autem
3568 1757 3746 1819 alium

2106 1868 2278 1927 quam
2312 1850 2602 1927 pontiﬁcis
2631 1867 2867 1910 servum
2902 1849 3192 1928 percussit
3234 1851 3460 1909 Petrus.
3497 1847 3743 1910 Pontiﬁ-

369 1946 586 2018 Γραφῶν
655 1943 984 2020 παρήκουον,
1061 1941 1234 1999 δοῦλοι
1309 1943 1496 2020 φθόνου
1585 1943 1672 1996 καὶ
1749 1940 2020 2020 φιλαυτίας

2110 1957 2204 1996 res
2232 1939 2386 1998 enim
2425 1938 2597 2017 primi
2646 1937 2950 2017 Sripturas
2983 1937 3472 2016 aspernabantur,
3509 1937 3640 1997 facti
3667 1938 3753 1998 in-

369 2030 666 2104 γενόμενοι,
727 2031 867 2087 Εἶπε
927 2029 981 2086 δὲ
1063 2044 1180 2094 τοῖς
1239 2030 1426 2110 ὄχλοις
1464 2051 1477 2066 ·
1529 2023 1621 2093 (Ως
1680 2030 1764 2086 ἐπὶ
1815 2029 2020 2106 λῃστὴν

369 2117 610 2187 ἐξήλθετε
649 2139 660 2152 ·
696 2118 811 2175 καθ’
869 2120 1073 2198 ἡμέραν
1114 2119 1378 2178 ἐδίδασκον
1434 2120 1489 2176 ἐν
1544 2128 1621 2194 τῷ
1663 2122 1808 2196 ἱερῷ.
1856 2129 2020 2177 Τοῦτο

367 2206 422 2262 δὲ
473 2208 570 2274 τὴν
630 2210 855 2275 θεότητα
919 2212 1077 2268 αὐτοῦ
1134 2207 1412 2271 δείκνυσιν,
1476 2199 1622 2266 ’Ὅτε
1690 2209 1790 2286 γὰρ
1851 2208 1903 2263 ἐν
1946 2215 2021 2280 τῷ

367 2299 488 2375 ἱερῴ
572 2295 860 2374 ἐδίδασκεν,
935 2301 1028 2354 οὒκ
1104 2297 1438 2368 ἠδυνήθησαν
1518 2301 1670 2354 αὑτὸν
1769 2311 2014 2377 συσχεϊν,

366 2387 535 2441 καίτοι
565 2385 616 2441 ἐν
645 2389 827 2466 χερσὶν
854 2391 1024 2446 αὐτῶν
1069 2386 1214 2449 ὄντα,
1281 2387 1362 2443 ὅτι
1409 2389 1576 2462 μήπω
1630 2390 1658 2442 6
1715 2389 1897 2464 καιρὸς
1953 2387 2019 2454 ἦν

364 2483 454 2532 τοῦ
509 2478 726 2540 πάθους,
793 2468 938 2534 ’Ὅτε
995 2475 1048 2533 δέ
1097 2475 1347 2550 ἠθέλησε,
1395 2478 1515 2533 τότε
1573 2479 1755 2534 ἑαυτὸν
1788 2475 2020 2554 παρέδω-

364 2587 477 2638 κεν,
566 2565 658 2620 ἵνα
747 2565 1098 2635 πληρωθῶσιν
1159 2569 1208 2622 αἱ
1273 2570 1471 2645 Γραφαὶ
1529 2575 1631 2623 τῶν
1703 2574 1990 2648 προφητῶν

1998 2615 2014 2646 9

366 2653 444 2709 ὅτι
507 2645 598 2716 Ὠς
649 2653 910 2730 πρόϐατον
993 2655 1079 2711 ἐπὶ
1146 2657 1353 2736 σφαγὴν
1413 2655 1582 2736 ἤχθη,
1646 2645 1755 2713 οὒκ
1809 2645 2011 2735 ἐρίζων,

367 2741 480 2799 οὐδὲ
523 2744 853 2822 κραυγάζων,
884 2743 1004 2800 ἀλλ’
1035 2745 1294 2821 ἐπόμενος
1319 2746 1478 2806 ἑκών.

457 2944 474 2976 ι
519 2933 612 2981 Κοι
654 2921 872 3002 ἀφέντες
929 2923 1084 2980 αὐτὸν
1131 2924 1348 2998 πάντες,
1401 2923 1614 3003 ἔφυγον.
1651 2925 1748 2980 Καὶ
1805 2924 1892 2987 εἷς
1935 2946 2016 2988 τις

2104 2027 2272 2087 Villia}
2301 2035 2359 2086 et
2391 2029 2475 2088 sui
2510 2028 2771 2106 ipsorum
2823 2026 3045 2086 amoris
3075 2025 3394 2106 mancipia.
3423 2025 3580 2087 Dixit
3608 2026 3746 2086 item

2106 2113 2292 2174 turbis
2329 2137 2340 2176 :
2377 2114 2679 2194 Tanquam
2739 2114 2809 2175 ad
2859 2115 3145 2174 latronem
3199 2115 3272 2175 ad
3328 2133 3422 2175 me
3456 2113 3745 2188 exivistis,

2104 2205 2362 2284 quotidie
2394 2203 2677 2265 docebam
2711 2205 2768 2263 in
2802 2205 3044 2283 templo.
3088 2203 3211 2265 Hoc
3240 2214 3433 2266 autem
3469 2202 3745 2264 divinita-

2107 2305 2223 2356 tem
2259 2298 2388 2375 ejns
2410 2297 2793 2358 monstrabat.
2828 2295 3070 2367 Quando
3104 2295 3262 2356 cnim
3295 2295 3356 2356 in
3386 2297 3611 2375 templo
3642 2295 3750 2355 do-

2104 2384 2290 2447 cebat.
2326 2405 2439 2444 non
2465 2392 2776 2464 potuerunt
2807 2385 2970 2445 illum
3005 2384 3748 2465 comprehendere,quam-

2104 2473 2188 2534 vis
2221 2474 2278 2532 in
2316 2474 2550 2533 illorum
2589 2473 2858 2534 manibus
2891 2474 3212 2553 esset,quia
3234 2473 3496 2534 nondum
3521 2481 3750 2552 tempus

2103 2573 2224 2623 erat
2268 2562 2550 2642 patiendi;
2574 2563 2811 2642 quando
2843 2572 3038 2622 autem
3069 2562 3271 2622 voluit.
3311 2570 3450 2623 tunc
3481 2562 3744 2638 seipsum

2101 2651 2404 2727 obtulit,ut
2427 2651 2786 2731 impleantur
2807 2652 3128 2731 Scriptura;
3159 2651 3582 2731 prophetarum
3605 2647 3770 2710 255‘

2101 2741 2255 2820 quod
2279 2742 2446 2801 Sicut
2476 2741 2598 2801 ovis
2629 2742 2701 2801 ad
2737 2740 3093 2800 occisionem
3130 2741 3345 2802 ductus
3368 2741 3590 2814 sit,non
3609 2757 3750 2801 con-

2102 2831 2377 2912 tendens,
2412 2850 2602 2910 neque
2634 2832 2919 2904 clamans,
2955 2831 3059 2891 sed
3093 2849 3200 2891 sua
3227 2839 3434 2910 sponte
3461 2849 3742 2911 sequens.

2180 2919 2362 2981 VEns.
2401 2921 2613 2983 50-54.
2656 2945 2679 2975 (ι
2719 2922 2788 2979 Et
2812 2919 3018 2980 relicto
3054 2919 3154 2980 illo
3202 2938 3410 2979 omnes
3440 2919 3741 2998 fugerunt.

366 3013 632 3076 νεανίσκος
687 3011 960 3079 ἠκολούθει
1030 3013 1194 3087 αὑτῷ,
1275 3009 1727 3092 περιϐεϐλημένος
1803 3011 2014 3092 σινδόνα

2110 3008 2167 3068 Et
2199 3027 2348 3068 unus
2369 3008 2661 3087 quispiam
2685 3007 3166 3068 adolescentulus
3195 3007 3556 3087 sequebatur
3580 3005 3746 3068 illum

365 3099 449 3154 ἐπὶ
497 3110 718 3178 γυμνοῦ.
773 3101 868 3158 Καὶ
931 3107 1209 3178 κρατοῦσιν
1287 3091 1443 3158 αὺτὸν
1487 3103 1534 3157 οἱ
1592 3100 1876 3157 νεανίσκοι.
1954 3091 2012 3157 Ὀ

2110 3097 2573 3158 :ircumamictus
2594 3095 2842 3156 sindone
2887 3113 3065 3175 super
3096 3095 3344 3169 nudum,
3378 3103 3439 3157 et
3463 3113 3744 3175 compre-

362 3187 416 3243 δὲ
465 3186 771 3246 καταλιπὼν
823 3190 924 3257 τὴν
981 3187 1209 3264 σινδόνα,
1245 3191 1442 3268 γυμνὸς
1476 3189 1662 3270 ἔφυγεν
1691 3188 1785 3245 ἀπ’
1814 3189 2007 3254 αὐτῶν,

2110 3186 2366 3247 pendunt
2403 3186 2566 3247 illum
2597 3185 3048 3246 adolescentuli.
3081 3185 3186 3246 llle
3216 3203 3355 3246 vero
3386 3184 3591 3246 relicta
3615 3184 3746 3246 sin-

365 3279 464 3335 Καὶ
506 3277 787 3355 ἀπήγαγον
819 3280 912 3334 τὸν
941 3275 1114 3344 Ἰησῦν
1161 3280 1292 3358 πρὸς
1327 3281 1418 3334 τὸν
1471 3277 1746 3358 ἀρχιερέα,
1795 3280 1881 3334 καὶ
1912 3299 2010 3333 συ-

2110 3275 2251 3336 lone
2279 3273 2476 3336 nudus
2505 3274 2707 3353 eﬂ'ugit
2764 3274 2835 3334 ab
2884 3273 3019 3337 illis.
3049 3273 3120 3334 Et
3147 3273 3522 3334 adduxerunt
3540 3272 3742 3335 Jesum

361 3365 641 3446 νέρχονται
692 3371 835 3440 αὐτῷ
876 3368 1070 3431 πάντες
1115 3370 1161 3425 οἱ
1191 3368 1492 3449 ἀρχιερεῖς,
1523 3370 1612 3424 καὶ
1641 3371 1688 3424 οἱ
1717 3364 2003 3440 πρεσϐύτε-

2110 3364 2165 3424 td
2219 3382 2516 3424 summum
2567 3363 2959 3431 sacerdotem.
2996 3372 3053 3424 et
3089 3363 3450 3424 conveniunt
3479 3381 3612 3423 cum
3643 3362 3744 3422 illo

359 3477 439 3533 ροι
469 3456 556 3510 καὶ
601 3458 645 3511 οἱ
689 3461 1058 3535 Γραμματετς,
1109 3458 1207 3515 Καὶ
1263 3460 1290 3513 6
1350 3456 1544 3527 Πέτρος
1587 3457 1692 3513 ἀπὸ
1752 3456 2014 3534 μακρόθεν

2110 3470 2305 3513 omnes
2330 3453 2545 3513 summi
2572 3453 2914 3513 sacerdotes
2945 3459 3002 3513 et
3032 3451 3303 3514 seniores
3331 3459 3388 3512 et
3409 3449 3654 3513 Scribae.
3675 3449 3746 3512 Et

358 3543 716 3611 ἠκολούθησεν
766 3547 908 3620 αὖτῷ
959 3543 1059 3608 ἕως
1103 3544 1210 3602 ἔσω
1262 3548 1332 3613 εἷς
1363 3547 1461 3613 τὴν
1507 3545 1671 3614 αὕλῆν
1698 3554 1791 3602 τοί)
1818 3545 2014 3625 ἀρχιε-

361 3633 514 3713 ρέως,
578 3636 664 3690 καὶ
705 3638 773 3703 ἧν
837 3637 1237 3713 συγκαθήμενος
1283 3638 1417 3712 μετά
1470 3643 1574 3693 τῶν
1622 3638 1901 3715 ὑπηρετῶν
1931 3630 2018 3693 καὶ

361 3723 772 3800 θερμαινόμενος
831 3727 961 3802 πρὸς
1006 3727 1065 3780 τὸ
1110 3727 1245 3806 φῶς.
1285 3749 1310 3784 ν
1361 3716 1614 3804 ’Ἐφυγον
1659 3726 1705 3781 οἱ
1761 3725 2022 3799 μαθηταί-

365 3813 471 3869 Οὗκ
528 3811 594 3879 ἦν
639 3813 740 3892 γὰρ
799 3815 1088 3889 ψεύσασθαι
1139 3815 1237 3881 τὴν
1289 3813 1697 3889 αὖτοαλήθειαν,
1747 3813 1861 3871 οὖδέ
1905 3815 2026 3874 τοὺς

359 3903 666 3982 προφήτας,
731 3908 824 3968 Εἷς
877 3903 930 3960 δέ
974 3927 1052 3969 τις
1102 3905 1373 3970 νεανίσκος
1424 3904 1794 3973 ἠκολούθησεν
1851 3907 2022 3980 αὑτῴο

360 3992 522 4056 Οὗτος
581 3991 637 4048 δὲ
697 3996 725 4049 6
791 3994 1058 4058 νεανίσκος
1121 3996 1260 4060 εἱκὸς
1303 3994 1383 4052 ὅτι
1417 3995 1478 4051 ἐκ
1518 3995 1618 4062 τῆς
1651 3994 1820 4060 οἰκίας
1877 3997 2024 4051 ἐκεί⁶

357 4103 454 4147 νης
499 4083 587 4154 ἦν,
624 4082 679 4136 ἐν
707 4084 744 4159 ᾗ
788 4082 982 4163 ἔφαγον
1025 4087 1084 4140 τὸ
1137 4085 1350 4164 πάσχα,
1383 4083 1532 4146 Τινὲς
1565 4082 1620 4138 δέ
1649 4105 1776 4162 φασι
1809 4094 1997 4142 τοῦτον

359 4169 611 4228 Ἰάκωϐον
691 4176 830 4228 εἶναι
913 4175 1004 4228 τὸν
1075 4171 1410 4252 ἀδελφόθεον,
1496 4174 1589 4228 τὸν
1661 4170 2026 4239 ἐπικληθέντα

363 4261 605 4322 Δίκαιον.
659 4261 822 4325 Οὗτος
885 4263 984 4340 γάρ
1041 4261 1114 4318 ἐνὶ
1197 4261 1518 4341 περιϐολαίῳ
1592 4261 1863 4341 ἐκέχρητο
1914 4269 2024 4318 πᾶ-

360 4371 456 4405 σαν
513 4353 614 4417 την
656 4353 816 4407 αὖτοῡ
873 4353 1017 4421 ζωήν
1053 4368 1065 4381 ·
1100 4353 1158 4416 ὃς
1189 4354 1277 4408 καὶ
1319 4355 1412 4408 τὸν
1468 4350 1650 4429 θρόνον
1702 4357 1810 4407 τῶν
1858 4342 2026 4428 Ἰερο-

362 4437 608 4514 σολύμων
653 4441 793 4516 παρά
845 4447 951 4496 τῶν
1014 4440 1326 4498 ἀποστόλων
1371 4439 1524 4498 ἔλαϐε
1597 4441 1732 4516 μετά
1791 4440 1894 4507 τὴν
1937 4440 2028 4497 τοῦ

2099 3541 2311 3604 Petrus
2368 3541 2601 3603 eminus
2639 3541 2998 3621 sequebatur
3055 3541 3219 3602 illum
3263 3541 3420 3601 intro
3473 3558 3658 3621 usque
3686 3540 3746 3600 in

2110 3629 2319 3691 atrium
2348 3627 2562 3689 summi
2593 3629 2942 3705 sacerdotis,
2978 3639 3034 3690 et
3063 3637 3190 3690 erat
3217 3629 3434 3690 sedens
3457 3647 3574 3690 una
3611 3648 3748 3688 cum

2113 3718 2414 3792 ministris,
2445 3725 2504 3777 et
2535 3717 2844 3779 caleliebat
2873 3719 2944 3779 ad
2979 3719 3200 3779 lumen.
3234 3741 3256 3775 ι)
3289 3717 3592 3797 Fugerunt
3621 3718 3748 3780 dis-

2112 3808 2313 3887 cipuli,
2369 3825 2562 3888 neque
2615 3809 2772 3868 enim
2831 3807 3064 3869 mentiri
3099 3815 3324 3888 poterat
3352 3808 3564 3868 veritas
3593 3809 3745 3888 ipsa,

2113 3915 2304 3976 neque
2338 3899 2658 3976 prOphetaa.
2692 3896 3183 3959 Adulescentulus
3225 3907 3426 3959 autem
3455 3897 3748 3978 quispiam

2111 3985 2836 4066 sequebatur.Verisimile
2868 3997 2954 4048 est
2975 3989 3134 4068 quod
3159 3988 3256 4049 hic
3269 3987 3752 4050 adolescentulus

2111 4084 2236 4136 erat
2269 4076 2500 4154 quidam
2547 4093 2578 4135 e
2627 4075 2802 4136 domo
2832 4077 2892 4135 in
2925 4095 3040 4156 qua
3068 4077 3450 4139 comederant
3510 4077 3750 4157 pascha.

2112 4164 2360 4236 Quidam
2415 4175 2610 4226 autem
2663 4165 2865 4225 dicunt
2899 4165 3061 4226 illum
3093 4166 3275 4227 fuisse
3305 4165 3588 4228 Jacobum
3629 4167 3751 4226 l'ra-

2115 4264 2262 4314 trem
2333 4254 2594 4326 Domini,
2645 4253 2743 4332 qui
2803 4255 3325 4331 cognominabatur
3372 4258 3590 4318 Justus.
3643 4252 3754 4315 Hic

2109 4344 2267 4402 enim
2303 4362 2417 4403 una
2459 4352 2617 4402 veste
2651 4360 2790 4402 usus
2822 4353 2908 4402 est
2941 4361 3047 4422 per
3075 4363 3311 4405 omnem
3354 4346 3528 4404 vitam
3558 4361 3748 4423 suam,

2110 4432 2315 4512 qui,et
2343 4431 2544 4492 sedem
2577 4431 3166 4512 Hierosolymitanam
3215 4433 3288 4494 ab
3335 4433 3618 4514 apostolis
3647 4451 3749 4494 ac-

370 4529 556 4606 Κυρίου
602 4529 894 4605 ἀνάληψιν.
969 4533 1066 4589 Καὶ
1121 4534 1272 4594 οὗτος
1334 4535 1507 4587 τοίνυν
1565 4529 1874 4587 καταλιπὼν
1927 4531 2021 4597 τὴκ

2112 4523 2267 4602 cepit
2301 4529 2429 4601 post
2461 4521 2926 4600 assumptionem
2953 4523 3212 4584 Domini.
3232 4526 3304 4584 Et
3334 4523 3431 4584 hic
3452 4523 3629 4600 igitur
3657 4540 3752 4583 re-

368 4617 604 4697 σινδόνα,
659 4618 867 4698 ἔφυγεν.
930 4618 1090 4678 Οὐδὲν
1142 4619 1196 4676 δὲ
1255 4622 1434 4677 καινὸν
1485 4622 1529 4676 εἰ
1559 4627 1664 4676 τῶν
1728 4619 2026 4698 κορυφαίων

365 4707 661 4787 φυγόντων,
743 4711 829 4766 ναὶ
911 4713 1064 4773 οὗτος
1120 4710 1375 4766 κατέλιπε
1445 4712 1537 4766 τὸν
1592 4709 1806 4788 Κύριον.
1873 4706 2026 4766 Ἀλλ’

365 4793 456 4874 ὅγε
545 4797 741 4875 Πέτρος
815 4797 1121 4878 ἀκολουθεῖ,
1211 4800 1542 4879 θερμοτάτην
1602 4799 1817 4877 ἀγάπην
1895 4800 2026 4876 πρὸς

275 4892 284 4895 ’
362 4887 452 4940 τὸν
503 4884 829 4944 Διδάσκαλον
885 4886 1306 4964 ἐκδεικνύμενος.
1370 4895 1472 4946 T06
1527 4885 1581 4943 δὲ
1626 4889 1789 4963 νόμου
1833 4886 2022 4944 κελεύ-

366 4997 518 5038 οντος
575 4976 668 5032 ἕνα
749 4981 888 5034 εἶναι
969 4978 1222 5058 ἀρχιερέα
1290 4977 1373 5034 διὰ
1450 4979 1584 5056 βίου,
1646 4977 1832 5034 πολλοὶ
1906 4977 2025 5034 τότε

362 5065 523 5138 ἦσαν,
595 5064 941 5131 ἐξωνούμενοι
1041 5067 1158 5124 καθ’
1255 5067 1478 5123 ἕκαστον
1565 5066 1798 5122 ἐνιαυτὸν
1884 5067 2026 5144 παρά

373 5146 649 5229 Ῥωμαίων
708 5157 802 5220 τὰς
846 5157 1046 5237 ἀρχάς.
1097 5157 1400 5235 Ἀρχιερεϊς
1454 5155 1542 5212 οὖν
1572 5155 1738 5233 λέγει,
1771 5157 1892 5219 τοὺς
1921 5153 2023 5222 ἤδη

368 5243 796 5315 πεπληρωκότας
865 5248 956 5302 τὸν
1028 5245 1321 5324 ὡρισμένον
1393 5245 1574 5316 καιρόν
1651 5244 1858 5317 αὐτοῖς,
1938 5246 2025 5300 καὶ

369 5330 831 5408 ἀποϐαλλομένους
863 5335 963 5402 τὴν
992 5335 1416 5414 ἀρχιερωσύνην.

455 5443 478 5475 ιι
518 5425 578 5480 Οἱ
621 5421 675 5478 δὲ
734 5425 1010 5503 ἀρχιερεῖς
1075 5426 1163 5480 καὶ
1210 5422 1333 5480 ὅλον
1376 5425 1438 5480 τὸ
1491 5420 1752 5500 συνέδριον
1809 5421 2024 5492 ἐζήτουν

370 5514 505 5567 κατὰ
561 5513 652 5569 106
705 5511 882 5582 ἰησοῦ
927 5523 1211 5593 μαρτυρίαν
1256 5515 1326 5578 εἷς
1375 5515 1436 5570 τὸ
1485 5517 1783 5569 θανατῶσαι
1817 5515 1971 5569 αὐτον
2006 5527 2020 5541 ⁸

372 5602 458 5656 καὶ
509 5603 614 5681 οὐχ
672 5601 933 5682 εὕρισκον.
971 5602 1166 5660 Πολλοὶ
1226 5604 1327 5682 γὰρ
1385 5601 1865 5680 ἐψευδομαρτύρουν
1908 5599 2024 5658 κατ’

370 5690 549 5769 αἰτοῦ,
624 5693 711 5746 καὶ
759 5691 880 5747 ’ίσαι
944 5695 996 5748 αἱ
1055 5691 1330 5771 μαρτυρίαι
1385 5695 1477 5748 οὒκ
1520 5692 1680 5758 ἦσαν,
1742 5689 1847 5750 Καί
1890 5709 2027 5753 τινες

534 5738 549 5769 ἳ

369 5777 714 5853 ἀναστάντες,
777 5779 1262 5860 ἐψευδομαρτύρουν
1336 5781 1455 5837 κατ’
1519 5782 1698 5859 αὐτοῦ,
1756 5778 2028 5857 λέγοντες,

2111 4612 2248 4672 licta
2270 4611 2522 4671 sindone
2552 4611 2721 4688 fugit.
2755 4609 2912 4672 Nihil
2933 4619 3124 4671 autem
3157 4613 3288 4673 novi
3322 4613 3372 4673 si
3393 4613 3756 4691 fugientibus

2113 4701 2425 4781 praecipuis
2459 4699 2633 4760 etiam
2664 4699 2756 4760 liic
2787 4699 3099 4779 reliquerit
3155 4701 3499 4766 Dominum.
3547 4707 3754 4763 Petrus

2113 4809 2247 4850 vero
2279 4799 2516 4850 secutus
2548 4797 2654 4860 est,
2691 4789 3041 4868 ampliorem
3093 4809 3227 4870 erga
3277 4791 3591 4852 Dominum
3642 4789 3752 4850 de-

2110 4882 2342 4941 clarans
2415 4896 2704 4939 amorem.
2765 4876 2908 4940 Cum
2982 4889 3178 4942 autem
3239 4881 3328 4942 lex
3407 4880 3758 4962 praeciperet

2111 4988 2294 5031 unum
2356 4987 2486 5029 esse
2546 4967 2881 5048 pontiﬁcem
2942 4987 3049 5048 per
3111 4979 3284 5031 totam
3331 4971 3532 5046 vitam,
3587 4968 3754 5038 multi

2111 5071 2251 5120 tunc
2304 5067 2473 5121 erant
2519 5065 2786 5118 ementes
2835 5059 3150 5135 quotannis
3196 5077 3230 5119 a
3277 5058 3559 5120 Romanis
3599 5057 3758 5138 prin-

2111 5151 2360 5230 cipatus.
2427 5147 2742 5210 Pontiﬁces
2795 5146 2990 5227 itaque
3046 5147 3192 5208 dicit
3248 5167 3388 5224 eos,
3443 5147 3544 5228 qui
3599 5154 3755 5207 tem-

2115 5259 2222 5320 pus
2273 5258 2444 5300 suum
2483 5239 2604 5317 jam
2658 5245 2995 5318 exegerant,
3036 5246 3093 5298 et
3126 5237 3528 5318 pontiﬁcatum
3565 5238 3756 5318 depo-

2255 5336 2372 5388 aut.

2111 5348 2372 5390 suerant.

2197 5413 2374 5469 Vens.
2409 5409 2580 5470 55-61
2602 5433 2647 5471 ,ι
2664 5407 2979 5472 Pontiﬁces
3008 5425 3146 5470 vero
3171 5416 3229 5469 et
3246 5415 3428 5469 totum
3449 5405 3768 5468 consilium

2112 5498 2456 5580 quazrebant
2483 5499 2765 5561 adversus
2793 5497 2994 5562 Jesum
3031 5496 3430 5558 testimonium
3481 5503 3545 5556 ut
3586 5500 3764 5561 morti

2115 5590 2420 5650 traderent
2447 5607 2726 5658 eum,nec
2749 5585 3158 5648 inveniebant.
3184 5584 3328 5647 Nam
3356 5584 3525 5646 multi
3551 5583 3765 5645 falsum

2115 5677 2516 5738 testimonium
2565 5676 2834 5737 dixerant
2891 5675 3177 5736 adversus
3232 5673 3423 5754 illum,
3458 5690 3570 5733 nec
3600 5679 3770 5732 erant

2113 5768 2254 5828 satis
2286 5768 2499 5828 idonea
2529 5766 2889 5827 testimonia.
2920 5766 2994 5827 Et
3021 5765 3259 5846 quidam
3290 5760 3685 5848 assmgebant
3711 5776 3770 5836 οι
