4154 6298
388 459 509 526 659

1345 460 1940 529 THEOPHYLACTI
1985 455 2398 521 BULGARIE
2444 460 2802 523 ARCHIEP.

3667 450 3797 522 660

389 591 605 653 falsum
632 592 1042 656 testimonium
1076 594 1346 657 ferebant
1390 595 1669 657 adversus
1730 594 1921 671 illum,
1949 590 2043 653 di-

2139 588 2211 645 51t
2244 582 2436 668 Ἠμετς
2480 594 2786 668 ἠκούσαμεν
2830 594 2986 650 αὐτοῦ
3016 591 3291 673 λὲγοντος,
3341 592 3421 649 ὅτι
3453 593 3597 672 Ἐγὼ
3625 614 3789 649 κατα-

393 690 597 743 centes
618 703 630 741 :
659 685 778 745 Nos
795 683 1128 746 audivimus
1151 702 1285 745 eum
1307 685 1605 747 dicentem
1629 705 1646 744 :
1675 685 1796 762 Ego
1815 681 2045 744 diruam

395 770 681 851 templum
713 772 846 847 hoc,
881 773 1038 853 quod
1072 783 1161 834 est
1192 774 1467 836 manibus
1498 775 1739 847 factum,
1776 784 1833 833 et
1861 770 2049 832 tribus

395 858 606 922 diebus
639 860 793 922 aliud
828 863 956 924 sine
983 862 1260 925 manibus
1292 864 1506 925 factum
1540 860 1944 925 exstruam.Et
1974 877 2049 921 ne

397 948 484 1010 sic
505 948 746 1029 quidem
763 951 902 1011 satis
923 950 1205 1014 idoneum
1221 960 1346 1014 erat
1359 950 1757 1014 testimonium
1786 949 2045 1012 illorum.

402 1038 468 1100 Et
492 1056 740 1117 surgens
755 1059 1025 1103 summus
1044 1041 1323 1104 sacerdos
1351 1042 1411 1103 in
1445 1040 1702 1103 medium
1725 1040 2050 1116 interroga-

399 1127 498 1189 bat
518 1125 962 1201 Jesum,dicens
986 1153 997 1193 :
1024 1132 1153 1194 Non
1178 1130 1505 1210 respondes
1534 1126 1890 1210 quidquam?
1906 1125 2047 1208 quid

399 1216 493 1278 isti
511 1218 819 1278 adversum
858 1227 912 1280 te
944 1219 1148 1281 dicunt
1181 1218 1546 1281 testimonia?
1580 1220 1650 1280 At
1672 1218 1770 1278 ille
1795 1216 2043 1291 tacebat,

402 1324 596 1387 neque
610 1306 933 1387 quidquam
962 1308 1639 1391 respondebat.»Judicii
1656 1307 1901 1368 formam
1915 1323 2049 1366 ser-

402 1402 541 1456 vant
564 1395 649 1455 illi
679 1395 793 1474 ipsi
820 1398 1317 1459 condemnatione
1351 1397 1607 1476 dignimt
1631 1395 1942 1456 videantur
1971 1394 2048 1454 il-

403 1484 523 1545 lum
557 1485 934 1562 cumjudicio
967 1487 1266 1552 occidere.
1300 1485 1606 1559 Quomodo
1668 1485 1824 1545 enim
1879 1483 2049 1564 judi-

402 1574 557 1634 cium
578 1574 830 1652 justum,
853 1594 985 1636 cum
1019 1577 1167 1638 tales
1211 1577 1427 1638 adsunt
1477 1583 1680 1647 testes,
1720 1573 1865 1633 nihil
1897 1573 2045 1649 sani,

402 1662 506 1723 sed
542 1662 774 1724 turbata
802 1675 859 1726 et
890 1666 1206 1745 inaequalia
1234 1666 1501 1727 dicentes
1547 1662 1773 1724 omnia?
1814 1662 1882 1723 Et
1937 1661 2049 1741 ipsi

403 1770 637 1833 quoque
661 1752 762 1833 qui
793 1752 899 1815 visi
939 1764 1075 1815 sunt
1119 1755 1318 1817 dicere
1351 1753 1652 1827 quiddam,
1687 1751 2052 1812 mendaciter

402 1840 699 1903 dixerunt.
726 1842 854 1904 Non
885 1843 1029 1904 dixit
1052 1844 1239 1917 enim,
1272 1848 1389 1923 Ego
1427 1842 1723 1904 destruam
1761 1841 2047 1921 templum

2127 678 2271 736 λύσω
2328 683 2419 737 τὸν
2479 681 2602 737 ναόν
2668 687 2853 739 τοῦτον
2924 683 3017 738 τὸν
3074 682 3455 761 χειροποίητον
3481 702 3519 733 ο,
3553 684 3640 738 καὶ
3700 681 3786 737 διὰ

2127 776 2287 847 τριῶν
2328 772 2545 850 ἡμερῶν
2574 769 2735 828 ἄλλον
2792 771 3212 851 ἀχειροποίητον
3270 769 3629 845 οἰκοδομήσω.
3683 771 3789 834 Καὶ

2131 855 2246 913 οὐδὲ
2303 858 2466 925 οὕτως
2515 857 2616 926 ἴση
2674 861 2709 928 ἡ
2762 861 3019 939 μαρτυρία
3072 860 3266 923 αὐτῶν,
3318 858 3422 921 Καὶ
3478 861 3703 927 ἀναστὰς
3757 865 3786 918 6

2132 946 2412 1028 ἀρχιερεὺς
2443 950 2515 1014 εἷς
2562 949 2746 1026 μέσον,
2780 948 3098 1028 ἐπηρώτησε
3144 950 3237 1005 τὸν
3280 947 3509 1024 Ἰησοῦν,
3561 950 3731 1029 λέγων
3766 971 3781 987 ο

2133 1039 2239 1095 Οῦκ
2294 1036 2550 1118 ἀποκρίνῃ
2596 1036 2793 1113 οὺδένς
2852 1039 2912 1096 Τί
2981 1037 3124 1093 οὗτοί
3194 1060 3288 1094 σου
3347 1047 3781 1118 καταμαρτυροῦ-

2321 1118 2334 1137 ε
2998 1124 3021 1144 -ι
3676 1130 3698 1140 -

2131 1145 2267 1199 0w;
2338 1136 2377 1185 Ο
2432 1126 2487 1183 δὲ
2544 1126 2748 1184 ἐσιώπα
2790 1128 2878 1183 καὶ
2930 1127 3078 1185 οῦδὲν
3130 1125 3467 1207 ἀπεκρίνατο.
3519 1153 3546 1182 ι»
3582 1136 3786 1208 Σχημα

2131 1211 2285 1281 δῆθεν
2341 1218 2611 1295 κριτηρίου
2666 1219 2714 1273 οἱ
2784 1214 3221 1295 αὗτοκατάκριτοι
3291 1215 3635 1291 πλάττονται,
3692 1217 3786 1273 ἵνα

2133 1301 2325 1370 δόξωσι
2382 1307 2517 1382 μετὰ
2559 1306 2779 1385 κρίσεως
2836 1304 2992 1362 αῦτὸν
3052 1304 3283 1365 ἀνελεῖν.
3333 1312 3440 1365 Ποῦ
3488 1308 3587 1385 γὰρ
3638 1307 3788 1385 ὀρθὸν

2131 1395 2426 1473 κριτήριον,
2505 1393 2638 1453 ὅπου
2752 1394 3006 1473 μάρτυρες
3103 1397 3329 1451 τοιοῦτοι
3434 1396 3783 1474 παράγονται,

2133 1480 2277 1542 οῦδὲν
2317 1485 2460 1559 ὑγιὲς
2518 1483 2790 1561 λέγοντες,
2851 1481 2988 1539 ἀλλὰ
3060 1484 3229 1540 πάντα
3270 1485 3638 1563 τεταραγμένα
3697 1493 3786 1547 καὶ

2132 1572 2312 1648 ἄνισος
2358 1572 2463 1635 Καὶ
2492 1573 2638 1630 αῦτοὶ
2666 1570 2720 1628 δὲ
2748 1575 2791 1628 ος
2825 1570 3064 1638 δόξαντες
3125 1595 3175 1628 τι
3219 1572 3418 1652 λέγειν,
3474 1573 3639 1649 ψευδῆ
3694 1575 3788 1631 εἷ-

2132 1686 2255 1723 πον.
2321 1654 2378 1720 Ὀ
2420 1664 2520 1742 γὰρ
2576 1661 2766 1742 Κύριος
2817 1664 2910 1719 οὑκ
2967 1662 3118 1740 εἶπε,
3184 1661 3482 1723 Καταλύσω
3535 1663 3643 1742 ἐγὼ
3696 1666 3789 1719 τὸν

2132 1755 2281 1825 ναὸν,
2317 1750 2477 1827 ἀλλὰ,
2523 1750 2743 1809 Λύσατε.
2776 1749 2880 1812 Καὶ
2939 1750 3081 1823 οῦδὲ,
3141 1757 3544 1833 χειροποίητον,
3607 1758 3785 1829 εἶπεν,

2133 1840 2253 1898 ἀλλ’
2298 1840 2502 1921 ἀπλῶς,
2537 1842 2684 1900 ναόν.
2718 1833 2774 1899 ιΟ
2807 1839 2861 1897 δὲ
2891 1841 3168 1921 ἀρχιερεὺς
3199 1842 3427 1906 ἀναστὰς
3489 1842 3656 1917 ἐρωτᾷ
3698 1844 3788 1898 τὸν

402 1929 514 2000 hoc
544 1951 558 1993 :
594 1931 724 2007 sed,
753 1930 971 1994 Solvite
1006 1954 1018 1994 :
1047 1941 1107 1994 et
1141 1951 1257 1993 non
1290 1932 1458 2011 dixit,
1494 1929 1917 1991 manufactum:
1945 1928 2049 1990 sed

2139 1932 2367 2005 Ἰησοῦν,
2433 1930 2752 2008 βουλόμενος
2810 1931 2883 1994 εἰς
2972 1930 3262 2010 ἀπολογίαν
3335 1934 3490 1987 αὐτὸν
3548 1931 3790 2011 ἐλκύσαι,

404 2019 779 2100 simpliciter,
816 2022 1131 2102 templum.
1186 2021 1457 2084 Pontifex
1504 2028 1700 2080 autem
1754 2018 1964 2097 surgit,
2000 2026 2056 2080 et

2139 2020 2230 2078 ιἵνα
2275 2024 2334 2078 ἐκ
2366 2022 2461 2088 τῆς
2519 2019 2808 2098 ἀπολογίας
2852 2018 3099 2096 δράξηται
3144 2020 3321 2082 αὐτοῦ.
3374 2012 3430 2078 Ὀ
3475 2019 3530 2076 δὲ
3590 2029 3791 2094 σιωπᾷ,

404 2108 728 2189 interrogat
754 2110 982 2185 Jesum,
1024 2112 1226 2172 volens
1278 2111 1469 2191 ipsum
1519 2108 1587 2170 ad
1646 2107 2056 2169 defensionem

2139 2111 2414 2189 γινώσκων
2494 2110 2573 2168 ὅτι
2637 2112 2694 2166 οὕ
2769 2109 3079 2189 προσέξουσι
3158 2123 3280 2172 τοῖς
3352 2115 3509 2169 αὐτοῦ
3564 2110 3742 2187 λόγοις
3776 2127 3790 2140 ⁸

406 2199 667 2279 trahere,
704 2205 767 2259 ut
795 2200 891 2260 vel
925 2219 995 2261 ex
1027 2200 1377 2263 defensione
1427 2206 1484 2259 et
1541 2215 1825 2276 responso
1868 2198 2056 2277 ipsum

2140 2203 2167 2257 ὃ
2223 2202 2309 2257 καὶ
2361 2202 2389 2257 6
2445 2205 2649 2264 Λουκᾶς
2712 2198 2887 2278 λέγει,
2946 2197 3025 2255 ὅτι
3083 2199 3427 2277 ἐρωτώμενος
3487 2203 3515 2256 6
3573 2199 3796 2279 Κύριος,

404 2288 961 2369 comprehenderet.
999 2292 1073 2352 At
1101 2288 1275 2351 Jesus
1311 2296 1489 2362 tacet,
1544 2286 1741 2347 sciens
1775 2286 1908 2348 illos
1940 2307 2056 2349 non

2142 2290 2296 2346 εἶπεν
2331 2308 2346 2325 ·
2410 2280 2533 2347 Ἐὰν
2587 2287 2729 2345 εἵπιυ
2786 2290 2941 2367 ὑμῖν,
3002 2290 3061 2346 οὗ
3119 2288 3197 2363 μὴ
3241 2288 3583 2356 πιστεύσητε·
3620 2290 3709 2346 ἐὰν
3737 2288 3792 2345 δὲ

404 2383 735 2439 attenturos
776 2378 869 2440 his
902 2396 1030 2458 quae
1061 2376 1132 2438 ab
1158 2379 1283 2457 ipso
1316 2377 1680 2455 dicerentur,
1718 2375 1773 2436 id
1821 2377 1974 2455 quod
2003 2386 2056 2439 et

2142 2378 2418 2458 ἐρωτήσω,
2454 2377 2512 2434 οὒ
2554 2378 2633 2453 μὴ
2668 2379 3011 2455 ἀποκριθῆτε,

406 2465 593 2526 Lucas
627 2466 792 2541 dicit,
826 2468 967 2545 quia
992 2486 1123 2527 cum
1159 2467 1629 2543 interrogaretur
1671 2465 1812 2524 254
1848 2466 2156 2543 Dominus,
2190 2466 2336 2527 dixit
2369 2487 2382 2525 :
2416 2464 2479 2527 Si
2509 2464 2713 2527 dixero
2742 2464 2930 2541 vobis,
2965 2484 3085 2526 non
3116 2465 3374 2527 credetis
3410 2483 3423 2528 :
3458 2466 3551 2528 sin
3594 2466 3783 2529 inter-

407 2573 688 2634 rogavero
718 2576 843 2638 vos,
905 2577 1021 2617 non
1080 2556 1539 2637 respondebitis.

403 2653 407 2655 ’
489 2647 677 2707 Vsus.
705 2646 906 2710 61-65.
940 2647 1237 2708 «Rursum
1264 2663 1530 2705 summus
1563 2644 1840 2705 sacerdos
1869 2646 2056 2706 inter-

2227 2666 2255 2705 (
2290 2644 2454 2706 Πάλιν
2510 2649 2538 2703 6
2593 2645 2874 2725 ἀρχιερεὺς
2945 2645 3197 2724 ἐπηρώτα
3260 2647 3433 2726 αὑτὸν,
3499 2649 3583 2703 καὶ
3622 2647 3783 2726 ,λέγει

411 2733 636 2811 rogavit
667 2733 881 2813 ipsum.
920 2743 975 2795 et
1007 2733 1148 2795 dicit
1167 2732 1251 2794 illi
1286 2756 1298 2796 :
1326 2734 1411 2794 Tu
1445 2752 1505 2792 cs
1542 2734 1638 2794 ille
1659 2732 1922 2795 Christus
1953 2732 2056 2795 Fi-

2141 2738 2282 2810 αῦτῷ
2320 2750 2333 2765 ⁸
2383 2736 2456 2791 Σὺ
2487 2736 2542 2792 εἴ
2573 2737 2601 2792 ὁ
2630 2736 2852 2814 Χριστὸς
2883 2737 2912 2791 6
2944 2736 3062 2799 Υἱὸς
3093 2742 3184 2792 τοῦ
3231 2734 3512 2813 εὐλογητοῦ
3544 2752 3559 2809 ;
3612 2727 3666 2794 εΟ
3727 2734 3782 2791 δὲ

413 2821 527 2890 lius
550 2819 655 2883 Dei
680 2822 1009 2886 benedicti?
1055 2822 1227 2886 Jesus
1283 2831 1480 2884 autem
1513 2821 1698 2885 dixit:
1736 2821 1853 2900 Ego
1900 2841 2055 2898 sum,

2144 2824 2346 2892 Ἰησούς
2392 2839 2544 2881 εῐπεν
2578 2843 2590 2856 ·
2628 2822 2770 2903 Ἐγώ
2828 2826 2961 2901 εἰμι,
3018 2826 3103 2881 καὶ
3159 2823 3344 2899 ὄψεσθε
3400 2825 3486 2880 τὸν
3533 2825 3652 2879 re.»
3694 2826 3786 2879 105

413 2917 471 2971 et
515 2909 788 2972 videbitis
834 2911 1041 2973 Filium
1105 2910 1364 2972 hominis
1419 2910 1729 2972 sedentem
1774 2930 1808 2971 a
1838 2910 2056 2973 dextris

2144 2915 2415 2994 ἀνθρώπου
2465 2914 2526 2971 ἐκ
2593 2912 2773 2979 δεξιῶν
2830 2915 3139 2988 καθήμενον
3210 2918 3308 2979 τῆς
3364 2909 3661 2987 δυνάμεως,
3705 2913 3796 2968 καὶ

413 2998 664 3077 virtutis,
699 3009 757 3061 et
788 3000 1129 3062 venientem
1164 3001 1219 3060 in
1270 2998 1527 3060 nubibus
1575 3000 1730 3062 coeli.
1785 3001 2056 3061 Summus

2144 3007 2442 3085 ἐρχόμενον
2486 3006 2619 3079 μετὰ
2650 3010 2755 3061 τῶν
2786 3002 3019 3084 νεφελῶν
3052 3011 3143 3059 τοῦ
3198 3007 3432 3078 ούρανοῦ.
3469 2994 3527 3060 Ὀ
3583 3000 3639 3058 δὲ
3696 3003 3796 3079 ἀρ·-

410 3097 607 3149 autem
670 3089 945 3151 sacerdos
990 3088 1325 3151 dilaceratis
1378 3087 1640 3150 vestibus
1691 3088 1814 3149 suis
1864 3088 2056 3151 dixit:

2148 3095 2391 3174 χιερεὺς,
2425 3092 2702 3172 διαρρήξας
2753 3093 2875 3155 τοὺς
2934 3100 3171 3171 χιτῶνας
3230 3091 3410 3166 αὐτοῦ,
3472 3090 3618 3168 λέγει
3656 3111 3673 3129 °
3746 3095 3808 3149 Τί

414 3176 562 3250 Quid
603 3187 886 3258 praeterea
936 3197 1084 3259 Opus
1139 3177 1427 3239 habemus
1483 3177 1762 3241 testibus?
1805 3177 2056 3239 Audistis

2147 3183 2224 3239 ἔτι
2285 3184 2472 3263 χρείαν
2518 3182 2720 3263 ἔχομεν
2775 3182 3102 3260 μαρτύρων,
3150 3178 3442 3237 Ἠκούσατε
3489 3186 3587 3247 τῆς
3631 3180 3803 3257 βλασ-

415 3266 865 3347 blasphemiam,
900 3269 1041 3349 quid
1073 3268 1244 3328 vobis
1275 3267 1537 3329 videtur?
1566 3267 1657 3329 Illi
1688 3286 1824 3329 vero
1856 3286 2056 3329 omnes

2148 3272 2374 3352 φημίας,
2435 3272 2485 3328 τί
2540 3273 2669 3347 ὑμῖν
2741 3272 3028 3352 φαίνεται,
3102 3273 3160 3327 Οἱ
3207 3266 3263 3325 δὲ
3318 3270 3514 3333 πάντες
3550 3269 3800 3348 κατέκρι-

414 3356 959 3417 condemnaverunt
986 3374 1121 3417 eum
1154 3374 1286 3417 esse
1316 3375 1484 3417 reum
1523 3356 1829 3420 mortis.Et
1861 3375 2056 3437 cmpe-

2147 3383 2240 3417 ναν
2289 3363 2443 3417 αὑτὸν
2500 3361 2641 3417 εἷναι
2694 3361 2883 3440 ’ἐνοχυν
2939 3359 3161 3417 θανάτου
3191 3377 3205 3392 °
3251 3360 3338 3415 καὶ
3396 3356 3618 3437 ἤρξαντό
3660 3380 3798 3423 τινες

416 3451 557 3506 runt
587 3444 831 3522 quidam
858 3463 1190 3526 conspuere
1224 3445 1286 3506 in
1310 3454 1532 3525 eum,et
1556 3445 1828 3506 obvelarc
1851 3445 2056 3507 faciem

2146 3450 2396 3524 ἐμπτύειν
2475 3452 2639 3529 αὐτῷ,
2724 3450 2811 3505 καὶ
2897 3446 3299 3526 περικαλύπτειν
3383 3449 3446 3504 τὸ
3516 3447 3797 3523 πρόσωπον

417 3532 596 3606 illius,
624 3540 682 3594 et
711 3533 979 3615 colaphis
1004 3553 1139 3595 eum
1172 3534 1402 3595 cadere
1434 3544 1489 3595 et
1518 3533 1722 3596 dicere
1754 3534 1864 3615 illi,
1897 3534 2056 3595 Divi-

2145 3540 2326 3613 αὖτοῦ,
2385 3542 2472 3596 καὶ
2529 3538 2828 3620 κολαφίζειν
2878 3538 3056 3611 αὺτὸν,
3107 3538 3196 3593 καὶ
3224 3535 3400 3615 λέγειν
3430 3539 3592 3612 αὐτῷ,
3656 3544 3791 3613 Προ·

418 3641 493 3684 na
519 3642 536 3698 ;
567 3641 635 3683 ac
668 3621 920 3684 ministri
954 3623 1153 3703 alapas
1199 3622 1286 3683 illi
1335 3622 1759 3703 impingebant.
1793 3647 1820 3679 υ
1879 3625 2056 3702 Rogat

2145 3630 2403 3709 φήτευσον
2438 3644 2451 3658 ⁸
2501 3631 2587 3685 καὶ
2643 3630 2691 3684 οἱ
2746 3626 3002 3706 ὑπηρέται
3058 3627 3378 3704 ῥαπίσμασιν
3428 3626 3583 3682 αὺτὸν
3631 3623 3794 3681 ἔϐα).-

417 3712 614 3776 denuo
637 3712 918 3793 pontifex,
955 3731 1070 3773 non
1107 3712 1458 3773 utdiscatet
1488 3713 1687 3774 credat
1720 3731 1732 3775 :
1761 3713 1861 3774 sed
1886 3723 2062 3774 utca-

419 3809 540 3882 ptet
568 3809 773 3862 contra
804 3820 937 3863 eum
973 3803 1369 3864 occasionem.
1405 3801 1623 3881 Adjicit
1653 3809 1847 3862 autem
1873 3803 1941 3861 ad
1975 3801 2063 3864 is-

419 3889 520 3952 tud
557 3908 571 3952 :
605 3888 694 3951 Tu
721 3908 786 3953 es
814 3889 1107 3961 Christus,
1145 3891 1322 3952 etiam
1356 3891 1489 3962 hoc,
1526 3890 1704 3952 Filius
1739 3892 1841 3953 Dei
1877 3890 2065 3952 bene-

418 3978 580 4041 dicti.
616 3980 776 4041 Multi
808 3979 966 4041 enim
1000 3978 1239 4040 fuerunt
1274 3980 1503 4051 christi,
1531 3998 1705 4058 reges
1735 3979 1976 4059 inquam
2010 3988 2069 4042 et

420 4068 751 4149 pontifices,
808 4068 912 4130 sed
959 4068 1156 4130 nullus
1215 4068 1423 4130 horum
1457 4069 1561 4129 fuit
1591 4067 1771 4131 Filius
1805 4068 1928 4142 Dei,
1965 4070 2065 4149 qui

416 4164 508 4218 est
538 4175 775 4238 semper
805 4156 1254 4219 benedicendus
1285 4166 1338 4218 et
1368 4157 1725 4220 laudandus.
1759 4159 1929 4220 Jesns
1974 4157 2067 4218 di-

416 4246 499 4307 xit
532 4268 545 4304 :
572 4246 694 4325 Ego
722 4265 877 4310 sum.
906 4246 1142 4309 Sciebat
1174 4247 1415 4327 quidem
1448 4247 1605 4328 quod
1639 4266 1753 4307 non
1785 4246 2068 4308 credituri

417 4343 639 4409 essent,
664 4342 923 4397 attamen
956 4337 1267 4416 respondit
1297 4344 1558 4410 coactus,
1596 4343 1659 4395 ut
1710 4355 1782 4396 ne
1812 4335 2067 4397 habeant

418 4432 623 4503 postea
651 4424 805 4504 quod
848 4424 1041 4487 dicant
1068 4444 1082 4488 :
1111 4424 1172 4488 Si
1206 4424 1517 4487 manifeSte
1565 4425 1759 4504 ipsum
1804 4425 2065 4487 audivis-

416 4529 617 4574 semus
660 4514 773 4575 hoc
816 4513 1057 4595 dixisse,
1108 4514 1592 4589 credidissemus;
1655 4522 1708 4574 et
1756 4524 2069 4594 propterea

416 4600 836 4661 condemnatio
868 4619 1074 4663 eorum
1111 4604 1303 4682 major
1334 4602 1461 4677 fuit,
1498 4602 1634 4682 quia
1660 4612 1715 4663 et
1747 4603 1900 4663 hunc
1932 4622 2065 4663 cum

2144 3717 2260 3780 λον.
2326 3742 2352 3773 »
2415 3716 2620 3795 Ἐρωτᾷ
2674 3717 2832 3774 πάλιν
2889 3719 2916 3773 ὁ
2969 3718 3270 3795 ἀρχιερεὺς,
3330 3716 3435 3795 οὐχ
3476 3715 3570 3770 ἵνα
3616 3716 3793 3790 μαθὼν

2148 3808 2428 3887 πιστεύσῃ,
2461 3806 2581 3864 ἀλλ’
2637 3808 2730 3863 ἵνα
2786 3805 3035 3885 δραξηταί
3089 3826 3229 3869 τινος
3274 3806 3519 3885 ἀφορμῆς
3557 3822 3572 3836 ⁶
3628 3826 3795 3883 προσ-

2148 3899 2319 3965 τίθησι
2379 3896 2433 3952 δὲ
2486 3903 2584 3976 τῷ,
2660 3897 2732 3951 Σὺ
2786 3896 2840 3952 εἴ
2895 3898 2922 3952 6
2986 3897 3233 3973 Χριστὸς,
3292 3896 3374 3975 τὸ,
3434 3898 3461 3951 ὁ
3536 3896 3655 3957 Υἱὸς
3711 3896 3801 3949 105

2149 3985 2462 4064 εὔλογητοῦ.
2522 3984 2719 4043 Πολλοὶ
2788 3986 2887 4064 γὰρ
2942 3984 3077 4051 ἦσαν
3150 3984 3381 4063 χριστοὶ,
3447 3985 3492 4039 οἱ
3552 3981 3795 4060 βασιλεῖς

2147 4075 2289 4153 λέγω
2319 4076 2404 4131 καὶ
2462 4078 2509 4131 οἱ
2566 4075 2862 4154 ἀρχιερεῖς,
2924 4072 3042 4129 ἀλλ’
3094 4071 3256 4138 οὐδεὶς
3306 4074 3504 4129 τούτων
3562 4075 3680 4134 Υἱὸς
3735 4072 3798 4138 ἦν

2147 4175 2238 4223 τοῦ
2299 4166 2451 4243 Θεοῦ,
2514 4171 2606 4221 τοῦ
2664 4163 2743 4219 ἀεὶ
2802 4162 3161 4240 εῦλογημὲνου
3209 4165 3294 4218 καὶ
3341 4162 3685 4237 ὕμνουμένου.
3741 4153 3797 4218 ’0

2152 4253 2194 4273 M
2246 4253 2259 4276 υ
2397 4261 2418 4271 υ
2525 4257 2550 4271 ν
2742 4250 2767 4271 ν
2870 4251 2881 4272 ι
2915 4261 2929 4275 τ
2992 4252 3004 4272 l
3091 4253 3103 4267 ε
3229 4250 3266 4277 υ
3329 4250 3353 4269 ’κ
3476 4251 3490 4269 κ
3601 4251 3612 4265 ι
3721 4252 3734 4269 ο

2148 4272 2201 4311 οε
2266 4266 2450 4322 ιησους
2495 4274 2670 4326 ειπεν,
2733 4275 2813 4308 οτι
2896 4261 3016 4329 ιιγω
3064 4273 3194 4326 ειμι.
3278 4258 3400 4307 Ηοει
3433 4273 3530 4325 μεν
3559 4273 3657 4329 γαρ
3715 4271 3796 4306 οτι

2149 4348 2207 4402 οὗ
2259 4343 2627 4401 πιστεύσουσιν
2664 4362 2678 4377 ο
2749 4339 2895 4415 ὅμως
2953 4338 2999 4395 δ’
3063 4344 3149 4397 οὖν
3220 4341 3555 4414 ἀποκρίνεται
3607 4338 3795 4395 ἐκϐια-

2148 4435 2306 4507 σθεὶς,
2353 4432 2446 4490 ’ἕνα
2504 4432 2582 4507 μὴ
2632 4430 2834 4511 ἔχωσιν
2862 4430 3076 4509 ὕστερον
3118 4429 3316 4507 λέγειν,
3349 4429 3429 4486 ὅτι
3460 4428 3584 4486 Ἐὰν
3615 4434 3794 4507 σαφῶς

2149 4523 2387 4587 εἰπόντος
2440 4526 2599 4580 αὐτοῦ
2648 4521 2971 4594 ἠκούσαμεν,
3053 4519 3434 4595 ἐπιστεύσαμεν
3512 4518 3574 4573 ἂν
3609 4535 3624 4549 ·
3714 4516 3799 4572 διὰ

2148 4618 2302 4669 τοῦτο
2358 4613 2447 4667 καί
2504 4618 2685 4686 μεῖζον
2746 4611 2925 4674 αὺτοῖς
2968 4610 3029 4664 τὸ
3071 4608 3394 4686 κατάκριμα,
3459 4606 3538 4664 ὁτι
3596 4608 3682 4662 καὶ
3712 4609 3799 4661 νῦν

413 4688 785 4762 audiverunt,
822 4706 942 4751 non
969 4690 1374 4753 crediderunt.
1414 4689 1485 4751 Et
1516 4690 1811 4765 videbitis,
1851 4691 2056 4771 inquit,

2149 4702 2490 4773 ἀκούσαντες,
2539 4700 2633 4756 οὒκ
2675 4698 3007 4758 ἐπίστευσαν.
3067 4697 3171 4758 Καὶ
3224 4697 3414 4772 ὄψεσθὲ
3465 4718 3554 4771 με,
3615 4697 3798 4775 φησὶν,

417 4794 512 4838 me
543 4785 604 4837 ut
633 4775 845 4837 Filium
880 4778 1138 4840 hominis
1171 4780 1479 4840 sedentem
1512 4779 1582 4840 ad
1607 4780 1907 4841 dexteram
1945 4781 2064 4841 vir-

417 4865 580 4941 tutis,
617 4883 834 4946 nempe
866 4867 1051 4929 Patris
1087 4886 1100 4931 :
1135 4868 1410 4931 virtutem
1463 4870 1645 4948 enim,
1687 4868 1917 4931 Patrem
1955 4872 2065 4932 hoc

414 4952 546 5016 loco
578 4953 740 5017 dicit.
777 4954 905 5016 Non
937 4956 1097 5017 enim
1132 4957 1261 5019 sine
1286 4975 1539 5038 corpore
1577 4958 1909 5033 veniet,sed
1935 4959 2064 5021 talis

415 5043 513 5123 qui
540 5042 720 5104 videri
754 5044 938 5124 possit
968 5055 1027 5107 et
1057 5046 1293 5125 agnosci
1324 5046 1396 5106 ab
1433 5046 1523 5107 his
1554 5046 1652 5126 qui
1697 5066 1829 5108 eum
1863 5048 2060 5109 cruci-

413 5132 905 5213 ﬁxerunt.Itaqne
936 5135 1195 5213 pontifex
1232 5145 1458 5196 morem
1492 5133 1833 5197 Judaeorum
1861 5136 2062 5198 obser-

412 5219 779 5293 vat.Quando
811 5222 968 5282 enim
1001 5241 1175 5302 grave
1203 5232 1259 5284 et
1289 5232 1453 5284 atrox
1490 5225 1786 5305 quippiam
1819 5228 2060 5288 evenie-

414 5307 512 5397 bat
536 5311 646 5391 eis,
674 5311 1079 5375 dilacerabant
1106 5314 1354 5375 tunicas.
1392 5313 1474 5375 Ita
1504 5324 1561 5375 et
1595 5320 1701 5378 hoc
1730 5316 1858 5377 loco
1895 5315 2058 5397 quasi

413 5395 886 5479 blasphemasset
913 5400 1289 5483 Dominus,et
1322 5403 1659 5465 malefactor
1690 5395 1938 5483 magnus
1956 5426 2055 5467 es-

413 5487 817 5562 set,discindit
841 5499 1062 5552 vestem
1098 5491 1355 5571 pontifex
1386 5491 1567 5553 Recte
1598 5495 1729 5572 quis
1756 5494 1866 5555 hoc
1890 5495 2055 5559 Davi-

410 5573 503 5636 dis
532 5575 627 5637 hic
655 5574 942 5641 diceretza
971 5578 1213 5640 Discissi
1246 5587 1383 5643 sunt
1407 5580 1453 5655 ‘3,
1490 5588 1550 5643 et
1580 5599 1695 5642 non
1728 5592 1863 5643 sunt
1894 5605 2056 5646 com-

489 5718 517 5769 ί
547 5718 700 5785 t’sal.
733 5736 912 5783 xxxiv
937 5721 1033 5785 16.

2148 4794 2221 4855 ὡς
2286 4793 2405 4847 Υἱὸν
2462 4788 2759 4869 ἀνθρώπω,
2830 4789 3130 4863 καθήμενον
3185 4790 3246 4843 ἐκ
3308 4785 3487 4851 δεξιῶν
3552 4790 3651 4850 τῆς
3705 4783 3799 4842 δυ-

2147 4882 2356 4956 νάμεως
2434 4886 2527 4935 τοῦ
2608 4879 2811 4950 Πατρός
2854 4897 2865 4909 '
2939 4876 3156 4952 δύναμιν
3232 4876 3332 4955 γὰρ
3408 4875 3648 4948 ἐνταῦθα,
3708 4876 3798 4929 τὸν

2146 4969 2353 5048 Πατέρα
2414 4969 2572 5048 φησίν
2609 4987 2621 5000 ·
2684 4971 2742 5025 οῦ
2799 4967 2898 5045 γὰρ
2953 4967 3119 5045 χωρίς
3180 4966 3431 5039 σώματος
3499 4962 3792 5042 ἐλεύσεται,

2144 5057 2262 5114 ἀλλ’
2314 5058 2432 5120 οἶος
2466 5057 2713 5124 θεαθῆναι
2763 5057 2866 5119 ὑπὸ
2917 5059 3019 5111 τῶν
3059 5055 3498 5132 σταυρωσάντων,
3538 5055 3629 5108 καὶ·
3668 5051 3793 5107 ἐπι-

2143 5151 2467 5227 γνωσθῆναι.
2516 5138 2573 5204 Ὀ
2619 5155 2742 5224 γοῦν
2811 5144 3113 5225 ἀρχιερεὺς,
3157 5143 3269 5206 ἔθος
3319 5140 3613 5199 Ἰουδαϊκὸν
3643 5138 3792 5205 πλη-

2142 5225 2251 5314 ροῖ.
2310 5225 2486 5294 ΗΟταιν
2540 5236 2639 5314 γὰρ
2683 5232 2849 5292 δεινόν
2904 5256 2953 5290 τι
2994 5235 3082 5289 καὶ
3136 5231 3389 5311 δυσχερὲς
3449 5231 3659 5299 ἀπήντα
3706 5228 3794 5283 αὖ·

2139 5338 2279 5400 τοῖς,
2341 5322 2643 5403 διέῤῥησσον
2687 5324 2808 5386 τοὺς
2857 5323 3116 5401 χιτῶνας.
3169 5320 3447 5382 Κάνταῦθα
3478 5320 3673 5396 τοίνυν,
3719 5319 3793 5379 ὡς

2137 5413 2626 5493 βλασφημήσαντος
2705 5418 2797 5469 τοῦ
2861 5410 3075 5490 Κυρίου,
3167 5412 3255 5467 καὶ
3336 5406 3570 5485 μεγάλου
3628 5411 3796 5463 κακοῦ

2137 5503 2441 5581 γεγονότος,
2530 5500 2828 5579 διαῤῥήσσει
2909 5501 3031 5565 τοὺς
3102 5505 3337 5580 χιτῶνας
3397 5500 3424 5553 ὃ
3493 5495 3794 5577 ἀρχιερεύς,

2138 5591 2298 5649 Εἴποι
2328 5600 2452 5669 γοῦν
2482 5591 2544 5647 ἄν
2576 5612 2655 5654 τις
2702 5590 2786 5647 ἐπὶ
2817 5590 3021 5654 τούτοις
3053 5590 3303 5669 εὐκαίρως
3334 5588 3394 5644 τὸ
3435 5598 3526 5644 τοῦ
3588 5583 3745 5641 Δαόίδ
3778 5624 3797 5643 .
