4170 6282
314 484 470 550 661
1048 490 1494 556 ΕΝΑΒΒΑΤΙΟ
1537 491 1621 555 1N
1667 491 1980 556 EVANGE

2068 492 2178 555 UM
2226 491 2485 555 MARCI.
2523 524 2585 536 —
2638 491 2800 554 CAP.
2852 492 3013 555 XIV.
3621 484 3738 554 662

316 645 356 678 α
430 624 858 705 Διεσχίσθησαν,
929 627 1018 682 καὶ
1072 630 1133 685 οὗ
1203 626 1565 705 κατενύγησαν
1598 642 1613 657 ⁸
1663 649 1692 682 ι
1755 624 1980 702 σύμϐολα

2068 656 2075 681 ι
2102 626 2330 703 puncti.
2398 649 2424 681 ιο
2469 622 2689 687 Verum
2734 623 2967 703 signum
3016 622 3129 685 hoc
3161 631 3305 699 erat,
3364 624 3598 686 tametsi
3647 623 3735 687 illi

301 708 377 766 δὲ
436 715 536 769 καὶ
584 721 740 773 τοῦτο
767 716 855 796 ἦν,
888 715 986 771 κᾶν
1015 714 1222 780 ἐκεῖνος
1266 720 1327 776 οὗ
1356 717 1537 797 συνίει,
1570 715 1663 773 τοῦ
1691 716 1789 783 τὴν
1817 716 1974 796 ἀρχιε

2086 730 2203 773 non
2238 714 2654 793 intelligerent,
2688 711 3085 792 rumpentium
3118 720 3181 775 et
3207 711 3566 775 abolendum
3616 710 3729 776 Ju-

303 801 590 875 ρωσύνην
648 809 754 859 τῶν
832 801 1093 863 Ἰουδαίων
1149 803 1490 884 διαῤῥαγῆναι
1550 804 1639 862 καὶ
1695 803 1980 883 ἀφανισθῆ-

2084 801 2345 862 άεεοτυιη
2397 800 2816 863 sacerdotium.
2875 797 3075 880 Itaque
3134 801 3373 882 quando
3434 804 3732 864 communi

298 911 453 948 ναι.
506 889 657 950 Ἐπεὶ
700 894 871 950 τοίνυν
923 894 958 962 ἡ
1003 893 1155 961 κοινὴ
1184 896 1362 973 ψῆφος
1404 899 1512 950 τῶν
1553 891 1847 971 ἀρχιερέων
1876 913 1973 948 κατ

2084 892 2430 968 pontificum
2464 890 2739 967 suffragio
2770 889 3201 952 condemnatus
3235 899 3345 966 est,
3382 901 3518 952 tunc
3549 892 3731 953 mini-

301 976 550 1055 ἔκρινεν
605 982 787 1061 αὐτὸν,
861 981 983 1039 τότε
1066 983 1115 1038 οἱ
1194 980 1451 1059 ὑπηρέται
1520 981 1980 1058 περικαλύπτοντεε

2081 979 2186 1039 stri
2242 979 2665 1040 obvelaverunt
2692 978 2860 1039 illum
2895 986 2953 1040 et
2984 977 3363 1052 caeciderunt,
3408 979 3728 1041 dixerunt-

302 1068 525 1149 αὗτὸν,
580 1069 763 1128 ἔπαιον
802 1073 889 1129 καὶ
946 1070 1129 1150 ἔλεγον
1165 1086 1179 1101 ⁸
1228 1072 1619 1153 Προφήτευσον,
1664 1070 1741 1134 τίς
1784 1069 1927 1127 ἐστιν
1969 1072 1980 1125 ἑ

2080 1085 2195 1146 que
2228 1088 2243 1127 :
2280 1068 2656 1149 Prophetiza,
2704 1068 2836 1147 quis
2866 1076 2956 1128 est
2984 1067 3085 1148 qui
3116 1074 3173 1128 te
3207 1068 3545 1147 percussit?
3573 1069 3726 1141 Quid

302 1158 537 1223 παίσας
582 1180 641 1216 σε
675 1181 693 1231 ;
738 1159 883 1217 Πόσα
923 1161 1095 1217 τοίνυν
1122 1160 1377 1235 πάθοιμεν
1396 1159 1466 1218 ’ἂν
1504 1162 1689 1236 ἡμεῖς,
1724 1158 1817 1215 ἵνα
1845 1157 1980 1216 ἀντι·

2080 1154 2255 1233 igitur
2287 1157 2403 1236 pati
2435 1166 2492 1218 et
2521 1174 2629 1217 nos
2660 1155 2973 1237 debemus,
3008 1163 3069 1217 ut
3097 1155 3417 1218 reddamus
3460 1175 3565 1236 par
3598 1157 3724 1219 Do-

303 1243 563 1322 δοίημεν
632 1249 700 1306 τὰ
753 1248 849 1306 ’ίσα
927 1256 1003 1325 τῷ
1066 1252 1359 1326 Δεσπότης
1416 1248 1617 1326 Φρίκης
1676 1255 1837 1305 ταῦτα
1889 1270 1980 1324 με·

2080 1243 2272 1307 tnino?
2301 1243 2561 1308 Horrore
2595 1244 2769 1324 plena
2795 1252 2932 1305 sunt
2960 1245 3107 1306 haec.

301 1335 458 1398 στά,

412 1446 449 1479 α
503 1424 606 1483 Καὶ
666 1423 818 1490 ὄντος
849 1432 943 1503 τοῦ
1008 1426 1208 1506 Πέτρου
1236 1429 1293 1483 ὲν
1320 1434 1387 1503 τῇ
1431 1426 1566 1504 αὖλῇ
1622 1428 1793 1507 κάτω,
1824 1426 1985 1508 ἔρχε-

301 1534 412 1568 ται
452 1516 551 1588 μία
584 1520 690 1570 τῶν
720 1512 1012 1572 παιδισκῶν
1043 1523 1135 1572 τοῦ
1184 1516 1473 1595 ἀρχιερέως
1500 1535 1516 1550 θ
1550 1517 1638 1572 καὶ
1668 1514 1846 1573 ἰδοῦσα
1899 1518 1989 1573 τὸν

307 1600 539 1678 Πέτρον
574 1604 1010 1681 θερμαινόμενον,
1067 1602 1378 1681 ἐμϐλέψασα
1435 1608 1600 1680 αὐτῷ,
1632 1603 1775 1683 λέγει
1810 1624 1825 1641 °
1890 1601 1986 1663 Καὶ

305 1691 383 1746 σὺ
448 1692 587 1766 μετά
647 1701 741 1749 τοῦ
785 1700 1091 1771 Ναζαρηνοῦ
1152 1694 1330 1761 Ἰησοῦ
1393 1695 1553 1763 ἦσθα.
1603 1686 1660 1752 εΟ
1718 1693 1772 1750 δὲ
1814 1695 1985 1774 ἠρνή-

309 1800 491 1857 σατο,
522 1778 694 1858 λέγων
728 1798 743 1813 ⁸
784 1783 890 1839 Οὐκ
915 1780 1064 1861 οἶδα,
1111 1781 1227 1839 οὐδὲ
1258 1783 1546 1859 ἐπίσταμαι
1575 1784 1627 1841 τί
1657 1785 1718 1841 σὺ
1760 1782 1932 1863 λέγεις
1967 1801 1980 1816 ·

2068 1780 2226 1856 gavit
2252 1783 2493 1845 dicens:
2530 1781 2659 1842 Non
2692 1781 2849 1855 novi,
2885 1800 3079 1861 neque
3113 1780 3234 1840 scio
3267 1779 3407 1859 quid
3430 1779 3614 1844 dicas.
3651 1780 3721 1842 Et

310 1870 418 1924 καὶ
466 1868 677 1938 ἐξῆλθεν
724 1870 822 1936 ἔξω
866 1874 939 1935 εἰς
990 1872 1051 1927 τὸ
1094 1871 1400 1950 προαύλιον,
1434 1875 1530 1931 Καὶ
1561 1872 1798 1952 ἀλέκτωρ
1839 1873 1980 1953 ἐφώ-

2069 1869 2241 1930 exivit
2299 1870 2456 1932 foras
2504 1871 2562 1930 in
2618 1869 3000 1944 vestibulum,
3037 1878 3094 1931 et
3123 1868 3312 1948 gallus
3360 1868 3601 1931 cecinit.
3649 1870 3719 1931 Et

313 1978 489 2024 νησε.
538 1960 635 2017 Καὶ
687 1962 721 2028 ἡ
779 1959 1031 2029 παιδίσκη
1097 1959 1275 2020 ἰδοῦσα
1345 1964 1501 2019 αὐτὸν
1559 1963 1744 2036 πάλιν,
1792 1960 1980 2042 ἤρξατο

2068 1958 2280 2020 ancilla
2309 1979 2442 2021 cum
2478 1960 2721 2021 vidisset
2753 1978 2913 2040 eum,
2938 1976 3173 2020 rursum
3201 1956 3379 2037 cmpit
3404 1957 3606 2021 dicere
3628 1959 3717 2020 his

316 2045 514 2124 λέγειν
596 2062 715 2112 τοῖς
811 2053 1223 2129 παρεστηκόσιν,
1304 2050 1384 2107 ὅτι
1458 2053 1619 2115 Οὗτος
1696 2050 1748 2117 ἐξ
1814 2054 1980 2109 αὖτῶν

2068 2047 2167 2126 qui
2196 2048 2465 2110 astabant
2499 2066 2512 2111 :
2548 2048 2656 2111 Hic
2686 2068 2756 2110 ex
2790 2049 2905 2109 illis
2938 2047 3132 2110 est.At
3153 2047 3251 2108 ille
3278 2065 3512 2109 rursum
3541 2067 3719 2127 nega-

2158 1423 2564 1485 Vans.66—72.
2598 1422 2700 1484 «Et
2724 1440 2860 1483 cum
2892 1430 3050 1484 esset
3071 1420 3355 1493 Petrusin
3387 1423 3533 1484 atrio
3564 1422 3723 1486 infe-

2072 1511 2519 1591 rius,venituna
2549 1512 2895 1574 ancillarum
2921 1511 3139 1573 summi
3163 1510 3510 1584 sacerdotis,
3548 1532 3721 1573 cum-

2070 1618 2185 1678 que
2223 1601 2461 1662 vidisset
2486 1605 2718 1663 t‘etrnm
2755 1600 3201 1663 calefacientem
3234 1599 3719 1669 se,intuitaillum

2070 1687 2214 1749 dicit
2242 1712 2254 1748 :
2286 1691 2353 1750 Et
2383 1700 2443 1751 tu
2475 1707 2607 1752 cum
2638 1690 2779 1753 Jesu
2802 1688 3102 1751 Nazarene
3150 1687 3344 1750 fuisti?
3369 1689 3442 1749 At
3472 1689 3573 1751 ille
3604 1709 3717 1751 ne-

314 2137 479 2191 ὶστιν
512 2151 526 2165 ⁵
588 2137 616 2191 6
673 2135 727 2193 δὲ
784 2137 943 2195 πάλιν
985 2142 1223 2210 ἠρνεῖτο,
1292 2142 1389 2199 Καὶ
1448 2141 1584 2215 μετὰ
1640 2143 1828 2219 μικρὸν
1883 2142 1982 2198 πά-

317 2221 443 2302 λιν,
501 2227 548 2281 οἱ
611 2234 941 2305 παρεστῶτες
1025 2228 1207 2307 ἔλεγον
1289 2235 1366 2303 τῷ
1449 2228 1629 2307 Πέτρῳ
1661 2245 1677 2261 ⁹
1740 2226 1982 2301 Ἀληθῶς

318 2311 380 2377 ἐξ
434 2314 604 2369 αὐτῶν
647 2317 721 2395 εἶ,
780 2318 999 2395 καὶγὰρ
1051 2316 1329 2382 Γαλιλαίος
1374 2321 1452 2393 εἴ,
1495 2318 1582 2374 καὶ
1620 2318 1655 2385 ἡ
1699 2316 1858 2374 λαλιά
1889 2341 1984 2377 σου

318 2402 597 2474 ὁμοιάζει,
648 2394 703 2461 Ὀ
775 2402 830 2461 δὲ
896 2394 1086 2483 ἤρξατο
1143 2406 1533 2481 ἀναθεματίζειν
1601 2408 1688 2464 καὶ
1745 2407 1977 2487 ὀμνύει),

318 2488 420 2545 ὅτι
451 2492 558 2549 Οὐκ
585 2490 709 2549 οῖδα
737 2492 827 2550 τὸν
872 2493 1143 2572 ἄνθρωπον
1170 2495 1359 2553 τοῦτον
1414 2495 1472 2549 ὃν
1515 2493 1721 2562 λέγετε,
1780 2498 1877 2553 Καὶ
1929 2496 1989 2551 ἐκ

317 2577 570 2651 δευτέρου
626 2580 865 2661 ἀλέκτωρ
926 2583 1190 2663 ἐφώνησε,
1275 2585 1362 2640 καὶ
1417 2584 1720 2659 ἀνεμνήσθη
1793 2587 1821 2641 6
1882 2585 1984 2640 Πέ-

318 2690 450 2748 τρος
507 2678 600 2727 τοῦ
653 2671 917 2749 ῥήματος,
978 2672 1038 2729 οὗ
1091 2674 1250 2730 εἶπεν
1332 2676 1474 2748 αὖτῴ
1533 2677 1560 2730 6
1603 2673 1840 2755 Ἰησοῦς,
1903 2673 1983 2732 ὅτι

322 2760 455 2837 Πρὶν
509 2758 771 2840 ἀλέκτορα
820 2768 1063 2842 φωνῆσαι
1112 2761 1212 2837 δὶς,
1245 2763 1528 2841 ἀπαρνήσῃ
1572 2784 1639 2838 με
1678 2764 1787 2842 τρίς
1822 2782 1836 2799 ⁸
1896 2758 1985 2842 καξ

316 2844 620 2922 ἐπιϐαλὼν,
667 2839 898 2911 ἔκλαιεν.
963 2874 991 2906 ι
1052 2839 1369 2919 Ἠσθένησεν
1437 2853 1464 2907 6
1520 2839 1738 2931 Πέτρος,
1799 2854 1843 2907 εἰ
1896 2839 1985 2908 καὶ

314 2937 637 3017 θερμότερος
694 2939 785 3019 ἧν,
843 2940 931 2996 καὶ
974 2940 1212 3019 ἀρνεῖται
1295 2941 1386 2996 τὸν
1446 2940 1634 3017 Κύριον
1694 2940 1797 2996 ὑπὸ
1875 2943 1971 3008 τῆς

314 3024 520 3089 δειλίας
563 3025 934 3108 διαταραχθείς
964 3047 977 3060 ⁸
1024 3030 1113 3085 καὶ
1173 3036 1335 3085 ταῦτα
1390 3027 1673 3095 παιδίσκης
1733 3028 1961 3096 ἂκπτοη-

313 3114 491 3181 σέσης
536 3117 692 3174 αὐτόν
728 3134 742 3148 '
774 3124 931 3174 τοῦτο
987 3116 1042 3175 δὲ
1085 3116 1204 3175 κατ’
1252 3117 1555 3193 οἰκονομίαν
1598 3118 1971 3198 συνεχώρησεν

2069 2134 2203 2215 bat;
2237 2154 2305 2197 ac
2338 2137 2507 2216 paulo
2543 2145 2671 2216 post
2700 2137 2918 2198 iterum
2967 2137 3066 2216 qui
3111 2134 3403 2210 astabant,
3438 2135 3718 2197 dicebant

2071 2226 2242 2285 Petro
2270 2245 2282 2286 :
2320 2224 2472 2286 Vore
2498 2244 2569 2286 ex
2595 2225 2712 2286 illis
2743 2243 2807 2287 es
2841 2247 2854 2286 :
2885 2244 3024 2286 nam
3050 2232 3108 2285 et
3137 2223 3412 2288 Galilaaus
3442 2232 3597 2294 es,et
3620 2225 3713 2287 lo-

2069 2316 2241 2393 quela
2268 2323 2364 2375 tua
2395 2315 2691 2376 convenit.
2721 2318 2797 2377 At
2828 2315 2931 2377 ille
2962 2314 3143 2395 ccepit
3174 2313 3468 2375 exsecrari
3507 2332 3576 2374 ac
3601 2313 3713 2375 de-

2061 2405 2285 2481 jerare:
2322 2407 2454 2467 Non
2479 2404 2613 2464 novi
2635 2404 2936 2465 hominem
2970 2405 3147 2465 istum
3170 2404 3245 2464 de
3262 2420 3379 2482 quo
3399 2401 3620 2465 dicitis.
3640 2403 3718 2464 Et

2068 2490 2283 2552 iterum
2308 2492 2494 2571 gallus
2522 2493 2740 2555 cecinit
2766 2514 2779 2556 :
2805 2492 3264 2571 recordatusque
3299 2489 3440 2550 255
3470 2500 3562 2552 est
3598 2493 3712 2552 Pe-

2070 2587 2192 2640 trus
2222 2581 2381 2641 verbi
2404 2582 2560 2663 quod
2584 2580 2813 2643 dixerat
2844 2581 2927 2642 illi
2954 2578 3509 2659 JesuszPriusquam
3524 2579 3715 2658 gallus

2068 2668 2347 2730 cecinerit
2382 2668 2825 2748 bis,ahnegabis
2858 2689 2953 2731 me
2986 2678 3095 2732 ter.
3118 2667 3189 2730 Et
3215 2686 3349 2729 cum
3380 2667 3709 2749 injecisset,

2068 2761 2287 2822 flexit.-
2315 2761 2591 2823 Inftrmns
2622 2771 2750 2824 erat
2771 2761 3004 2843 Petrus,
3041 2764 3271 2823 tametsi
3296 2760 3496 2822 alacer
3526 2768 3708 2835 esset,

2069 2866 2119 2911 et
2149 2870 2267 2928 prae
2298 2855 2512 2913 timore
2559 2853 2824 2913 turbatus
2856 2853 3172 2913 Dominum
3219 2850 3496 2925 abnegat,
3533 2851 3714 2931 idque

2056 2940 2127 3000 ab
2153 2940 2369 3002 ancilla
2392 2941 2853 3021 obstupefactus.
2894 2941 3167 3003 Permisit
3198 2948 3395 3000 autem
3433 2938 3593 3000 Deus
3623 2939 3708 3000 is-

2057 3028 2154 3088 tud
2185 3030 2469 3104 singulari
2500 3030 2948 3109 dispensatione
2978 3030 3132 3102 ﬁeri,
3170 3036 3231 3089 ut
3262 3046 3336 3089 ne
3382 3027 3704 3089 extollere-

2055 3125 2235 3192 tur,et
2264 3119 2335 3178 ad
2368 3119 2573 3194 hoc,ut
2603 3127 3043 3199 compateretur
3070 3116 3427 3192 labentibus,
3453 3136 3485 3178 a
3509 3117 3709 3197 seipso

314 3204 479 3260 αὐτὸν
535 3206 563 3261 6
616 3207 744 3270 Θεὸς
801 3210 1011 3281 παθεῖν,
1071 3207 1165 3263 ’ίνα
1219 3207 1300 3284 μὴ
1358 3206 1664 3287 ἰπαίρηται,
1728 3209 1816 3265 καὶ
1858 3207 1971 3266 ἅμα

2068 3207 2318 3269 eruditus
2329 3217 2548 3288 quanta
2566 3209 2639 3269 sit
2654 3208 2918 3270 humana
2931 3206 3307 3269 imbecillitas
3320 3216 3379 3267 et
3394 3206 3703 3284 fragilitas.

314 3288 418 3349 ἵνα
465 3295 558 3350 καὶ
605 3308 719 3359 τοῖς
777 3297 1018 3353 πταίουσι
1089 3298 1369 3372 συμπαθὴς
1443 3296 1563 3368 εἴη,
1633 3296 1724 3377 ἀφ’
1782 3298 1967 3355 ἑαυτοῦ

2068 3297 2180 3359 Non
2210 3295 2395 3358 refert
2420 3298 2545 3358 sive
2577 3297 2844 3371 una,sive
2886 3297 3018 3359 duae
3045 3296 3275 3357 ancilla;
3305 3295 3524 3357 fuerint
3569 3313 3701 3376 quae

319 3380 616 3445 παιδευθεὶς
685 3387 747 3441 τὸ
832 3390 926 3452 τῆς

323 3468 640 3551 Ἀδιάφορον
698 3472 751 3530 δὲ
792 3473 905 3533 εἴτε
946 3478 980 3545 ἡ
1032 3477 1164 3545 αὑτὴ
1218 3474 1471 3543 παιδίσκη
1503 3476 1589 3550 ἦν,
1640 3475 1752 3534 εἴτε
1810 3476 1971 3552 ἄλλη,

323 3563 360 3628 ἡ
433 3560 688 3641 ἒλέγξασα
742 3565 834 3620 τὸν
889 3564 1106 3645 Πέτρον,
1159 3568 1433 3630 Ματθαῖος
1488 3565 1587 3640 μὲν
1645 3566 1744 3644 γὰρ
1807 3564 1976 3634 ἄλλην

323 3651 528 3718 ταύτην
578 3650 719 3729 λέγει
753 3672 768 3687 ⁸
832 3655 1043 3733 Μάρκος
1100 3652 1155 3710 δὲ
1196 3656 1294 3720 τὴν
1337 3653 1524 3725 αὖτήν,
1558 3652 1714 3715 Οὐδὲν
1743 3653 1797 3711 δὲ
1841 3656 1976 3723 ἡμῖν

318 3747 480 3797 τοῦτο
538 3739 787 3815 ἐμπόδιον
830 3745 961 3820 πρὸς
1017 3744 1117 3812 τήν
1159 3741 1410 3814 ἀλήθειαν
1451 3750 1544 3800 τοῦ
1600 3744 1918 3823 Εὗαγγελίου
1953 3762 1965 3775 ·

315 3830 396 3904 μὴ
456 3830 556 3907 γὰρ
612 3830 667 3888 ὲν
727 3831 948 3911 μεγάλῳ
989 3834 1090 3890 τινὶ
1118 3834 1205 3889 καὶ
1233 3837 1520 3907 συνεκτικῴ
1550 3832 1648 3901 τῆς
1706 3837 1969 3914 σωτηρίας

316 3920 474 3992 ἡμων
528 3917 842 3998 διαφωνοῦσι
880 3943 896 3992 ;
950 3922 1038 3990 Μὴ
1091 3924 1118 3978 6
1162 3922 1260 3997 μὲν
1292 3922 1470 4004 εἶπεν,
1526 3920 1607 3978 ὅτι
1666 3922 1969 4004 ἐσταυρώθη

312 4008 342 4062 ὁ
396 4005 605 4085 Κύριος,
668 4010 695 4065 6
753 4007 834 4086 δὲ,
895 4009 1008 4084 οῧ;
1066 4009 1260 4087 ἄπαγε.
1318 4000 1374 4068 Ὀ
1419 4000 1589 4066 τοίνυν
1632 4000 1837 4089 Πέτρος-
1870 4014 1970 4069 ὑπὸ

311 4101 418 4164 τῆς
476 4094 670 4163 δειλίας
712 4101 1103 4181 διαταραχθεὶς,
1165 4101 1253 4157 καὶ
1305 4098 1687 4175 ἐπιλαθόμενος
1720 4109 1816 4159 τοῦ
1872 4102 1970 4160 λόη

308 4193 413 4262 γοῦ
486 4185 545 4242 οὗ
604 4187 757 4244 εἶπεν
829 4190 857 4245 6
918 4188 1124 4268 Κύριος,
1186 4189 1267 4245 ὃτί
1322 4190 1451 4270 Τὸν,
1492 4189 1858 4267 ἀρνησάμενόν
1914 4217 1982 4267 με

312 4273 619 4351 ἀρνήσομαι
662 4275 814 4355 κάγὼ
899 4277 1123 4335 ἐνώπιον
1197 4285 1289 4335 τού
1347 4276 1551 4355 Πατρός
1616 4300 1742 4360 μου,
1802 4280 1982 4361 ἠρνή-

316 4383 475 4441 σατο,
536 4362 656 4420 ἀλλ’
710 4368 745 4434 ἡ
788 4366 1041 4440 μετάνοια
1070 4367 1232 4424 πάλιν
1262 4368 1420 4423 αὐτὸν
1449 4368 1688 4441 ᾠκεῖωσε
1733 4376 1810 4443 τῷ
1845 4378 1978 4449 Χρι-

315 4458 454 4525 στῷ,
527 4454 613 4509 καὶ
664 4455 729 4510 τὰ
777 4452 993 4532 δάκρυα.
1029 4453 1340 4513 Ἐπιϐαλὼν
1382 4455 1505 4533 γὰρ,
1538 4456 1724 4535 φησὶν,
1770 4455 1980 4533 ἔκλαιε,

316 4540 613 4616 τουνέστιν,
692 4543 1152 4620 ἐπικαλυψαμενος
1240 4546 1339 4612 τὴν
1425 4542 1667 4624 κεφαλήν
1700 4560 1714 4574 ⁹
1783 4545 1819 4613 ἢ
1871 4545 1984 4604 ἀντὶ

317 4636 437 4708 τοῦ,
496 4630 785 4709 ἀρξάμενος
844 4636 980 4709 μετά
1048 4633 1406 4714 σφοδρότητος
1449 4653 1464 4668 ·

318 4720 542 4798 ἀσαφῶς
597 4724 625 4777 6
667 4727 964 4797 Ματθαῖος,
1054 4723 1135 4780 ὅτι
1193 4724 1317 4802 Πρὶν
1377 4722 1638 4802 ἀλέκτορα
1709 4728 1981 4803 φωνῆσαι,

316 4809 653 4887 ἡρμήνευσεν
710 4814 738 4868 6
811 4813 1045 4894 Μάρκος,
1105 4811 1187 4870 ὅτι
1237 4813 1361 4891 Πρὶν
1405 4816 1649 4892 φωνῆσαι
1708 4811 1808 4876 δίς.
1844 4813 1985 4870 Εἰώ-

319 4902 441 4955 θασι
500 4900 599 4977 γὰρ
636 4903 683 4957 οἱ
740 4901 1044 4981 ἀλέκτορες,
1103 4903 1239 4959 κατά
1285 4902 1408 4977 μίαν
1438 4901 1663 4979 ἀγωγὴν
1723 4901 1982 4968 πολλάκις

321 5001 546 5067 φωνεῖν,
605 4994 725 5047 εἶτα
774 4992 897 5051 οἷον
951 4993 1265 5070 ὑπνώττειν,
1331 4992 1419 5047 καὶ
1474 4988 1636 5046 πάλιν
1684 4990 1823 5066 μετέ
1863 5015 1982 5049 τινα

324 5080 530 5155 καιρὸν,
568 5080 757 5160 ἐτάραν
799 5082 977 5163 ἀρχὴν
1034 5085 1299 5139 ποιεῖσθαι
1332 5083 1426 5138 τοῦ
1476 5093 1702 5159 φωνεῖν.
1765 5073 1843 5139 Ὀ
1898 5083 1985 5139 οὖν

324 5166 481 5224 εἶπεν
534 5170 562 5225 6
623 5174 920 5247 Ματθαϊος,
980 5172 1135 5230 τοῦτό
1187 5171 1352 5250 ἐστιν,
1408 5168 1486 5225 ὅτι
1545 5169 1672 5246 Πρὶν
1732 5168 1987 5250 ἀλέκτορι.

327 5263 593 5337 φωνῆσαι,
627 5261 890 5335 τουτέστι,
948 5261 1231 5342 πληρῶσαι
1276 5261 1370 5324 τὰς
1416 5258 1649 5337 κραυγὰς
1679 5264 1776 5326 τῆς
1833 5261 1977 5341 πρώ-

331 5369 424 5412 νης
485 5346 725 5427 ἀγωγῆς,
799 5351 1083 5431 ἀπαρνήσῃ
1136 5372 1203 5427 με
1259 5350 1389 5427 τρίς.
1457 5348 1894 5427 Αἰσχυνέσθωσαν
1936 5351 1990 5407 δὲ.

330 5434 377 5489 οἱ
421 5442 736 5495 Ναυατιανοὶ
783 5441 831 5497 o't
899 5441 1020 5506 τοὺς
1094 5441 1231 5517 μετά
1285 5441 1345 5494 τὸ
1424 5436 1702 5513 βάπτισμα
1756 5440 1844 5494 καὶ
1890 5441 1990 5506 τὴν

327 5522 628 5601 μετάληψιν
681 5534 786 5585 τῶν
848 5531 1154 5609 μυστηρίων
1201 5527 1636 5607 ἁμαρτήσαντας,
1698 5527 1777 5600 μὴ
1831 5525 1989 5608 δεχό-

326 5632 497 5685 tum.
561 5614 691 5691 Ἰδοὺ
750 5618 850 5697 γὰρ
921 5620 949 5675 6
1036 5619 1255 5698 Πέτρος,
1356 5615 1444 5671 καὶ
1517 5610 1832 5687 μεταλαϐὼν
1898 5618 1990 5674 τοῦ

326 5699 590 5780 ἀχράντου
646 5706 896 5781 σώματος
967 5710 1055 5765 καὶ
1124 5707 1382 5784 αἵματος,
1442 5703 1539 5763 καὶ
1594 5700 1986 5780 ἀρνησάμενος,

1012 3360 1363 3467 ἀνθρωπίνης
1420 3360 1694 3450 ἀσθενείας⁵
1770 3360 2025 3463 βίαιον.(Ξ

2054 3385 2358 3464 arguerint
2389 3384 2656 3450 Petrum.
2683 3386 2988 3448 Matthaaus
3018 3403 3161 3447 sane
3184 3385 3353 3446 istam
3387 3403 3504 3445 non
3537 3403 3700 3445 eam-

2056 3474 2189 3535 dem
2223 3474 2630 3546 dicit,Marcus
2660 3494 2799 3537 vero
2818 3474 3285 3537 eamdem.Nihil
3311 3481 3508 3535 autem
3534 3474 3709 3535 nobis

2056 3562 2115 3625 in
2149 3564 2261 3624 hoc
2290 3562 2579 3625 obstaculi
2608 3564 2681 3625 ad
2715 3565 3015 3644 Evangelii
3062 3564 3393 3625 veritatem.
3428 3564 3705 3643 Nunquid

2058 3652 2216 3713 enim
2243 3652 2301 3713 in
2338 3672 2547 3730 magno
2570 3654 2766 3735 aliquo
2791 3663 2847 3716 et
2869 3656 3123 3716 salutem
3156 3663 3415 3714 nostram
3449 3653 3708 3733 comple-

2054 3751 2251 3804 ctente
2281 3741 2662 3803 discordant?
2690 3741 2970 3824 Nunquid
3004 3743 3105 3804 ille
3135 3741 3283 3803 dixit
3315 3741 3470 3823 quod
3507 3742 3708 3803 cruci-

2054 3835 2202 3893 ﬁxus
2223 3832 2385 3910 sit,et
2410 3831 2559 3893 alius
2589 3835 2740 3894 non?
2760 3832 2936 3894 absit.
2957 3831 3138 3909 Igitur
3160 3832 3369 3893 Petrus
3401 3849 3521 3912 pra;
3548 3840 3708 3892 metu

2056 3920 2346 3997 turbatus,
2371 3930 2428 3981 et
2456 3921 2676 3984 oblitus
2708 3923 3003 3983 sermonis
3029 3940 3205 4002 quem
3238 3921 3468 3982 dixerat
3496 3921 3708 3983 Domi-

2057 4009 2351 4090 nus,quud
2368 4008 2512 4069 Eum
2537 4010 2637 4090 qui
2661 4027 2755 4070 me
2777 4008 3494 4089 abnegaverit,abnegabo
3516 4014 3574 4068 et
3593 4026 3708 4087 ego

2066 4117 2264 4160 coram
2297 4097 2464 4157 Patre
2489 4098 3021 4176 meo,negatvitzsed
3057 4097 3403 4178 pcenitentia
3432 4104 3490 4158 et
3514 4097 3709 4176 lacry-

2070 4205 2177 4247 inae
2205 4186 2370 4246 illum
2393 4185 2467 4245 ad
2490 4185 2786 4247 Christum
2821 4186 3207 4248 reduxerunt.
3264 4185 3335 4248 Et
3366 4204 3498 4247 cum
3550 4185 3710 4263 inje-

2067 4274 2433 4349 cisset,tlevit
2460 4294 2472 4336 :
2501 4274 2613 4335 hoc
2645 4280 2735 4334 est
2761 4294 2893 4335 cum
2927 4292 3102 4355 caput
3132 4275 3575 4345 obvelasset,vel
3603 4291 3710 4352 pro

2068 4383 2137 4425 eo
2163 4363 2321 4445 quod
2351 4363 2527 4442 coepit
2551 4381 2762 4438 magna
2793 4364 3190 4425 vehementia.
3210 4361 3336 4425 Jam
3361 4364 3521 4442 quod
3558 4365 3710 4423 Mat-

2070 4454 2253 4514 thzeus
2284 4452 2535 4514 obscure
2558 4452 2890 4532 dixit,quod
2916 4452 3257 4533 Priusquam
3281 4452 3468 4531 gallus
3490 4459 3709 4526 cantet,

2068 4545 2487 4622 interpretatus
2517 4550 2605 4602 est
2634 4544 2884 4622 Marcus,
2911 4541 3046 4621 quia
3082 4541 3433 4623 Priusquam
3470 4540 3557 4602 bis
3579 4559 3713 4601 can-

1523 4631 1653 4713 ὅπερ
1710 4632 1767 4690 δὲ
1828 4635 1980 4692 εἶπεν

2072 4643 2177 4694 tet.
2214 4632 2658 4695 Consuevernnt
2689 4630 2848 4690 enim
2902 4630 3040 4709 galli
3090 4651 3204 4691 uno
3255 4638 3521 4711 tempore
3554 4648 3712 4710 saepe

2068 4739 2303 4794 sonare,
2351 4729 2409 4781 et
2443 4727 2644 4799 postea
2684 4718 2966 4793 dormire,
3000 4729 3058 4781 et
3093 4728 3223 4799 post
3253 4731 3486 4799 tempus
3517 4719 3710 4800 quod-

2069 4810 2202 4871 dam
2255 4811 2471 4871 iterum
2522 4817 2757 4869 cantum
2818 4809 3103 4889 incipere.
3138 4808 3307 4882 Quod
3357 4808 3536 4886 igitur
3560 4809 3712 4869 Mat-

2068 4901 2230 4961 haaus
2261 4897 2425 4973 dixit,
2449 4897 2561 4958 hoc
2591 4906 2679 4958 es:
2705 4918 2717 4960 :
2755 4898 3104 4979 Priusquam
3132 4898 3320 4977 gallus
3351 4906 3568 4978 cantet,
3599 4898 3713 4959 hoc

2067 5001 2181 5062 est,
2215 4987 2459 5066 impleat
2496 4987 2815 5048 clamorem
2853 4989 3025 5068 primi
3056 4997 3284 5062 cantus,
3321 4986 3565 5066 negabis
3616 5004 3713 5049 me

2072 5089 2179 5140 ter.
2219 5076 2586 5138 Erubescant
2614 5075 3060 5157 Novatiani,qui
3090 5096 3193 5139 eos
3222 5076 3321 5159 qui
3356 5085 3487 5155 post
3517 5075 3714 5156 bapti-

2070 5184 2261 5227 smum
2295 5177 2355 5225 et
2384 5174 2896 5226 sacramentorum
2955 5167 3437 5227 communionem
3497 5182 3714 5244 pecca-

2072 5265 2231 5334 runt,
2258 5274 2373 5314 non
2405 5253 2753 5332 suscipiunt.
2779 5252 2932 5317 Ecce
2965 5265 3021 5317 et
3054 5257 3262 5317 Petrus
3291 5260 3567 5332 suscepto
3595 5252 3713 5312 im-

2078 5344 2366 5405 maculato
2386 5361 2634 5422 corpore
2664 5351 2720 5404 et
2739 5344 3048 5423 sanguine,
3080 5362 3213 5405 cum
3248 5348 3540 5422 negasset,
3578 5358 3717 5421 pro-

2076 5445 2206 5514 pter
2237 5431 2640 5513 paanitentiam
2673 5441 2948 5513 receptus
2984 5441 3093 5493 est.
3149 5436 3501 5494 Sanctorum
3557 5429 3717 5491 enim

2073 5523 2287 5585 delicta
2308 5521 2441 5582 ideo
2475 5520 2696 5600 scripta
2725 5534 2885 5600 sunt,
2918 5530 3065 5584 utet
3093 5540 3202 5583 nos
3232 5521 3283 5581 si
3306 5521 3542 5601 quando
3577 5520 3721 5600 lapsi

2072 5611 2356 5672 fuerimus
2385 5627 2505 5669 non
2539 5610 3391 5691 animadvertendo,possimus
3420 5608 3482 5669 in
3510 5626 3720 5671 exem-

2073 5700 2169 5781 pla
2191 5699 2422 5759 illorum
2455 5699 2784 5778 respicere,
2813 5718 2865 5762 ει
2897 5718 3002 5781 per
3034 5698 3439 5782 paenitentiam
3472 5694 3714 5774 corrigi.

328 5785 411 5845 διὰ
469 5797 570 5860 τῆς
626 5796 909 5870 μετανοίας
970 5796 1329 5878 προσεδέχθη.
1391 5793 1467 5852 Τά
1521 5792 1624 5870 γὰρ
1681 5790 2031 5871 ἑλαττώμαεα
2094 5797 2198 5849 τῶν
2230 5789 2419 5867 ἀγὶων
2480 5788 2571 5846 διὰ
2640 5803 2794 5851 τοῦτο
2851 5792 3244 5873 ἀνεγράφησαν,
3288 5789 3380 5845 ’ἕνα
3427 5789 3513 5843 καὶ
3534 5789 3721 5864 ἡμεῖς,
