4154 6298
363 435 488 504 665
1117 438 1564 508 ΕΝΑΒΒΑΤΙΟ
1607 440 1690 503 ΙΝ
1733 438 2006 504 EVANGI

2094 439 2242 502 ilUM
2285 435 2542 505 MARCI.
2583 473 2662 484 —
2705 438 2869 503 CAP.
2917 431 3042 500 xv.
3625 418 3742 500 666

362 572 797 644 ὑποκατακλιθεὶς
853 581 930 651 τῷ
992 571 1252 650 θελήματι
1318 572 1561 654 ἐκείνων,
1609 569 2006 654 ἐφραγγέλλωσὲ

2097 579 2449 652 putarentur
2475 573 2778 654 accepisse
2812 591 2917 652 pro
2949 568 3233 634 tribunali
3253 565 3740 654 condemnatum:

361 682 420 716 τε
489 663 584 718 τὸν
645 663 832 743 Κύριον
881 663 1174 738 τουτέστιν,
1202 661 1447 739 ἐμάστιξε
1491 661 1744 726 πλεκτοῖς
1796 659 2006 737 λώροις,

2097 650 2156 720 et
2183 659 2425 722 tradidit
2450 661 2570 724 illis
2593 650 2725 724 eum
2753 650 3561 740 ut—cruciﬁgereturNolebat
3581 650 3739 712 enim

360 749 454 808 ἵνα
510 749 726 818 δόξωσιν
782 753 863 808 ὅτι
921 753 1028 809 ἀπὸ
1077 751 1414 831 δικαστηρίω
1485 751 1638 808 αὐτὸν
1694 770 2006 826 κατακεκρι-

2097 748 2434 812 satisfacere
2464 751 2768 832 plebi,hoc
2801 758 2912 831 est,
2946 748 3264 830 gratiﬁcari
3294 751 3580 824 quantum
3613 759 3744 821 posL

363 840 522 914 μένον
579 839 903 922 παρέλαϐον’
957 843 1046 898 καὶ
1099 839 1402 919 παρέδωκεν
1471 839 1628 897 αὐτὸν
1677 843 1887 916 αὐτοῖς,
1918 835 2006 893 ’ίνα

2097 835 2295 914 sibile,
2331 858 2450 902 non
2479 849 2676 905 autem
2711 839 2867 921 quod
2899 851 3129 917 gratum
3163 843 3288 899 erat
3301 836 3461 915 justo.
3494 841 3552 894 et
3592 833 3738 922 Deo.

363 932 662 1006 σταυρωθῇ.
733 927 1022 988 Ἠϐοὺλετο
1078 931 1179 1009 γὰρ
1235 931 1298 987 τὸ
1367 928 1546 991 ἱκανὸν
1602 935 1680 1004 τῷ
1729 927 1883 1009 ὄχλῳ
1938 931 2184 1007 ποιῆσαι,
2231 928 2491 1004 τουτέστι,
2547 932 2608 986 τὸ
2657 931 2875 1008 ἀρεστὸν

358 1017 579 1096 ἀρεστὸν
611 1024 690 1093 τῷ
716 1016 903 1093 δικαίῳ
945 1020 1033 1076 καὶ
1074 1025 1149 1094 τῷ
1191 1025 1308 1094 Θεῷ

449 1127 473 1163 ι
538 1109 600 1167 Oi
657 1106 711 1163 δὲ
768 1115 1086 1190 στρατιῶται
1134 1109 1415 1188 ἀπήγαγον
1445 1109 1600 1165 αὐτὸν
1626 1107 1734 1166 ἔσω
1761 1112 1858 1174 τῆς
1911 1107 2012 1163 αὗ-

356 1195 482 1277 λῆς,
540 1195 576 1253 ὅ
638 1197 750 1260 ἐστι
804 1201 1146 1278 πραιτώριον,
1203 1201 1290 1255 καὶ
1334 1197 1686 1277 συγκαλοῦσιν
1730 1196 1863 1265 ὅλην
1913 1197 2010 1264 τὴν

355 1299 602 1363 σπεῖραν,
666 1289 755 1348 rei
811 1285 1068 1344 ἐνδύουσιν
1126 1290 1281 1347 αὐτὸν
1317 1288 1607 1368 πορφύραν,
1661 1289 1748 1343 καὶ
1800 1308 2010 1366 περιτι-

354 1376 530 1432 θέασιν
591 1380 734 1450 αὐτῷ
763 1374 1048 1442 πλέξαντες
1072 1377 1346 1433 ἀκάνθινον
1375 1377 1653 1458 στέφανον’
1699 1377 1786 1432 καὶ
1814 1373 2006 1450 ἤρξαν-

353 1487 416 1520 το
473 1464 794 1537 ἀσπάζεσθαι
853 1465 1027 1521 αὐτόν·
1067 1473 1255 1544 Χαῖρε,
1313 1465 1530 1543 βασιλεῦ
1585 1467 1690 1522 τῶν
1748 1462 2006 1521 Ἰουδαίων

357 1555 457 1612 Καὶ
485 1553 708 1610 ἔτυπτον
737 1555 837 1621 τὴν
867 1553 1106 1635 κεφαλὴν
1139 1560 1300 1612 αὑτοῦ
1341 1554 1592 1629 καλάμῳ,
1639 1556 1728 1610 καὶ
1757 1553 2006 1609 ἐνέπτυον

354 1645 521 1723 αὐτῷ,
575 1645 663 1702 καὶ
721 1643 949 1708 τιθέντες
1009 1645 1076 1699 τὰ
1161 1642 1381 1722 γόνατα,
1444 1643 1793 1722 προσεκύνουν
1837 1646 2000 1713 αὐτῷ.

359 1733 457 1790 Καὶ
512 1732 599 1788 ὅτε
658 1730 934 1798 ἐνέπαιξαν
994 1736 1154 1808 αὐτῷ,
1216 1730 1456 1798 ἐξέδυσαν
1481 1733 1638 1788 αὐτὸν
1666 1733 1766 1799 τὴν
1795 1732 2001 1810 πορφύ-

355 1843 470 1901 ραν,
503 1822 590 1876 καὶ
619 1819 861 1881 ἐνέδυσαν
895 1823 1049 1879 αὐτὸν
1079 1822 1146 1877 τὰ
1175 1821 1358 1897 ἱμάτια
1385 1823 1454 1876 τὰ
1485 1819 1617 1876 ἴδια’
1665 1823 1751 1877 καὶ
1783 1819 2008 1897 ἐξάγου-

2882 979 2898 1010 ,
2931 931 2992 985 τὸ
3059 927 3429 1007 ἐνδεχόμενον.
3507 923 3629 1002 οὒχὶ
3681 920 3742 975 τὸ

2175 1106 2339 1168 Vens
2392 1108 2610 1172 16-91.
2664 1132 2684 1163 σ
2725 1106 2936 1170 Milites
2966 1113 3163 1169 autem
3197 1103 3574 1167 abduxerunt
3604 1114 3740 1160 eum

2095 1193 2331 1256 introin
2361 1197 2602 1278 atrium,
2635 1196 2792 1278 quod
2825 1205 2914 1258 est
2947 1195 3316 1278 praetorium,
3337 1202 3396 1256 et
3419 1193 3746 1278 convocant

2095 1292 2272 1346 totam
2308 1276 2733 1362 cohortem,ﬁet
2765 1276 3020 1348 induunt
3050 1285 3218 1346 illum
3255 1276 3742 1364 purpura,etcir--

2093 1385 2460 1454 cumponunt
2490 1377 2544 1438 ei
2569 1385 2901 1437 contextam
2933 1395 2965 1437 e
2997 1374 3183 1455 spinis
3213 1375 3586 1436 coronam.et
3617 1383 3740 1427 ca:-

2095 1465 2586 1540 peruntsalutare
2618 1465 2787 1528 illum
2821 1487 2832 1528 :
2860 1466 3113 1544 Ave,rex
3143 1457 3743 1526 JudzeorumEtver-

2091 1551 2378 1615 berabant
2407 1555 2570 1618 illius
2593 1564 2768 1635 caput
2813 1556 3128 1634 arundine,
3161 1560 3218 1614 et
3272 1547 3627 1630 inspuebant
3677 1545 3737 1605 in

2088 1639 2278 1717 illum,
2315 1653 2370 1705 et
2411 1644 2612 1724 positis
2641 1643 2892 1724 genibus
2942 1642 3269 1704 adorabant
3302 1635 3573 1701 illum.Et
3603 1652 3738 1696 cum

2088 1731 2412 1794 illusissent
2447 1735 2522 1808 ei,
2549 1744 2992 1795 exuerunteum
3027 1749 3309 1811 purpura,
3341 1738 3396 1788 et
3416 1725 3740 1788 induerunt

2089 1820 2254 1880 illum
2292 1821 2554 1884 vestibus
2587 1821 2841 1902 propriis
2877 1844 2890 1884 :
2925 1821 3062 1881 2’57
3113 1829 3172 1881 et
3203 1819 3462 1879 educunt
3508 1831 3642 1874 eum
3675 1819 3738 1871 ut

355 1931 436 1965 σιν
493 1911 676 1985 αὐτὸν,
735 1908 828 1966 ἵνα
877 1911 1248 1986 σταυρώσωσιν
1295 1911 1473 1990 αὐτὸν,
1522 1911 1608 1966 καὶ
1658 1909 2006 1988 ἀγγαρεύουσι

2094 1911 2508 1990 cruciﬁgerent
2555 1931 2716 1973 eum.
2767 1911 2839 1972 Et
2902 1918 3226 1990 coegerunt
3282 1910 3735 2005 praatereuntem

355 1999 661 2077 παράγοντά
742 2021 860 2056 τινα
929 2000 1145 2076 Σίμωνα
1207 2010 1528 2076 Κυρηναῖον,
1584 1999 1879 2079 ἐρχόμενον
1913 1997 2006 2054 ἀπ’

354 2090 536 2168 ὀγροῦ,
609 2091 700 2145 τὸν
766 2089 969 2167 πατέρα
1029 2087 1371 2168 Ἀλεξάνδρου
1454 2091 1541 2146 καὶ
1613 2083 1853 2170 Ῥούφου,
1918 2089 2008 2144 ἵνα

354 2177 455 2255 ἄρῃ
514 2179 608 2234 τὸν
674 2178 896 2252 σταυρὸν
931 2181 1112 2241 αὐτοῦ,
1163 2201 1189 2232 ι
1227 2180 1298 2235 Τὸ
1322 2180 1700 2256 στρατιωτικὸν
1736 2177 1896 2257 φῦλον
1929 2177 2009 2234 ἀεὶ

353 2265 586 2332 ἀταξίαις
657 2280 858 2346 χαῖρον
917 2268 1006 2322 καὶ
1059 2264 1259 2345 ὕϐρεσι,
1323 2269 1388 2322 τὰ
1447 2268 1628 2324 οἰκεῖα
1650 2265 2003 2324 ἐπεδείκνυτο·

355 2358 420 2412 εἶ’
455 2358 552 2436 γὰρ
608 2357 654 2412 οἱ
724 2357 922 2436 μυρίων
980 2353 1331 2412 διδασκαλιῶν
1363 2356 1684 2419 ἀκοιίσαντες
1726 2355 2001 2436 Ἰουδαῖοι,

353 2454 574 2502 τοιαῦτα
627 2445 784 2502 αὐτὸν
835 2444 1084 2521 διέθεντο,
1147 2450 1191 2502 οἱ
1256 2444 1431 2502 πολλὰ
1460 2447 1550 2502 καὶ
1571 2444 1831 2510 πολλάκις
1864 2449 2005 2524 εὔερ-

355 2534 689 2611 γετηθέντες,
763 2535 813 2590 τί
866 2534 928 2589 ἄν
1000 2535 1221 2615 ἔχοιμεν
1253 2537 1428 2592 εἰπεῖν
1462 2537 1578 2614 περὶ
1609 2541 1712 2591 τῶν
1743 2535 1959 2592 ἐθνικῶν
1985 2554 2000 2614 ;

358 2621 715 2702 Συγκαλοῦσιν
773 2633 859 2683 οῦν
925 2623 1056 2692 ὃλην
1126 2625 1226 2692 τὴν
1283 2639 1534 2704 σπεῖραν,
1583 2626 1699 2681 ἀντὶ
1733 2633 1850 2698 τοῦ,
1883 2623 2004 2681 ὅλον

356 2714 416 2769 τὸ
482 2713 685 2792 τάγμα,
746 2715 833 2768 καὶ
889 2711 1151 2770 ἐνδύουσιν
1209 2716 1365 2772 αὐτὸν
1433 2717 1725 2795 πορφύραν,
1772 2716 1847 2776 ὡς
1901 2716 2006 2791 βα-

357 2802 510 2858 σιλέα
567 2802 866 2873 παίζοντες·
928 2805 1016 2858 καὶ
1067 2805 1157 2859 τὸν
1209 2802 1466 2882 στέφανον
1539 2804 1651 2860 ἀντὶ
1737 2801 2006 2879 διαδήμα-

2095 2001 2410 2081 quemdam
2446 2000 2749 2063 Simonem
2785 2003 3208 2079 Cyrenensem,
3242 1998 3339 2078 qui
3372 1994 3639 2056 veniebat
3667 2010 3733 2052 ex

2092 2109 2254 2168 agro,
2291 2104 2518 2170 patrem
2554 2091 2872 2152 Alexandri
2903 2099 2960 2151 et
2987 2089 3211 2162 Ruﬁ,ut
3234 2088 3466 2147 tolleret
3495 2100 3732 2142 crucem

2092 2182 2281 2260 ejus.»
2317 2179 2571 2240 Militare
2602 2199 2790 2258 genus
2819 2198 3058 2260 semper
3087 2176 3394 2248 conviciis,
3431 2176 3733 2260 gaudetac

2092 2259 2465 2343 tumultibus,
2503 2279 2563 2330 et
2589 2269 2917 2330 sibisimile
2949 2259 3211 2329 est.Nam
3245 2283 3378 2327 cum
3401 2261 3608 2336 Judzei,
3635 2259 3735 2340 qui

2089 2358 2377 2439 plurimas
2408 2358 2718 2420 audierant
2747 2357 3136 2429 doctrinas,et
3159 2357 3216 2417 in
3239 2373 3386 2436 quos
3416 2352 3598 2413 multa
3619 2349 3737 2411 col-

2087 2451 2207 2510 lata
2241 2455 2408 2509 erant
2443 2448 2754 2523 beneﬁcia,
2801 2447 2994 2508 taliter
3023 2446 3217 2507 affecti
3247 2450 3434 2510 erant,
3470 2440 3610 2522 quid
3661 2439 3735 2499 de

2089 2536 2410 2618 gentilibus
2425 2555 2739 2616 possumus
2759 2535 3330 2600 dicere?Convocaut
3348 2533 3542 2612 itaque
3561 2537 3738 2590 totam

2090 2626 2541 2700 cohortem,hoc
2563 2633 2866 2701 est,totum
2899 2625 3311 2694 exercitum,et
3329 2622 3580 2682 induunt
3603 2637 3735 2679 eum

2092 2723 2445 2798 purpura,ut
2475 2716 2598 2796 regi
2628 2717 2947 2778 illudentes
2977 2738 2990 2774 :
3020 2725 3075 2776 et
3099 2731 3378 2776 coronam
3402 2731 3510 2790 pro
3538 2707 3739 2798 diade-

2093 2797 2271 2880 mate,
2306 2813 2367 2866 et
2397 2805 2688 2867 calamum
2721 2825 2828 2888 pro
2860 2814 3100 2886 sceptro
3132 2809 3439 2865 assumunt
3471 2800 3583 2888 hoc
3608 2797 3738 2858 loco

355 2913 467 2967 τος,
527 2893 618 2947 καὶ
673 2893 765 2947 τὸν
823 2891 1063 2968 κάλαμον
1133 2891 1195 2949 δὰ
1265 2894 1380 2950 ἀντὶ
1413 2895 1681 2973 σκήπτρου
1719 2892 2006 2971 παραλαμ-

2094 2894 2468 2956 diabolorum
2504 2895 2672 2957 socii.
2705 2887 3032 2974 Angariant
3079 2899 3276 2956 autem
3327 2887 3642 2974 quemdam
3677 2893 3740 2945 ut

355 2979 602 3037 6dvoww
673 2980 891 3037 ἐνταῦθα
949 2983 994 3036 οἱ
1055 2988 1141 3038 τοῦ
1196 2979 1442 3040 διαϐολου
1507 2982 1778 3063 χορευταί’
1833 2982 2006 3060 ἀγγα-

2097 2985 2262 3046 tollat
2295 3002 2536 3044 crucem
2569 2985 2717 3062 ejus,
2743 2973 3007 3064 quamvis
3036 2983 3185 3044 alius
3212 2973 3742 3064 evangelistadicat

357 3070 563 3148 ρεύουσι
622 3067 677 3125 δὲ
721 3091 860 3136 τινα,
905 3069 1000 3124 ’ἕνα
1043 3068 1144 3150 ἄρῃ
1175 3073 1266 3127 τὸν
1297 3075 1520 3148 σταυρὸν
1549 3073 1732 3146 αὐτοῦ,
1777 3071 2006 3149 καίτοιγε

2096 3073 2250 3155 quod
2281 3072 2583 3152 bajulans3
2599 3063 2776 3136 Jesus’
2790 3091 3027 3135 crucem
3049 3066 3546 3155 exierit.Utraque
3562 3063 3740 3142 igitur

359 3157 520 3222 ἄλλος
592 3157 976 3238 εὖαγγελιστιής
1031 3181 1220 3240 φησιν,
1293 3159 1373 3217 ὅτι
1417 3161 1691 3237 βαστάζων
1721 3163 1748 3217 ὁ
1793 3160 2004 3227 Ἰησοῦς

2094 3152 2239 3226 facta
2267 3170 2421 3223 sunt.
2458 3161 2814 3244 Aliquandiu
2847 3162 3005 3224 enim
3040 3159 3289 3242 portavit
3316 3158 3442 3236 ipse
3487 3152 3734 3244 lignum,

361 3249 470 3304 τὸν.
519 3251 737 3326 σταυρὸν
788 3253 946 3308 αὐτοῦ
1001 3248 1236 3318 ἐξῆλθεν
1314 3250 1586 3330 ἀμφότερα
1645 3253 1732 3307 οὖν
1789 3249 2000 3328 γέγονε’

2094 3251 2310 3315 deinde
2343 3260 2536 3313 autem
2561 3243 2695 3314 eum
2719 3249 3086 3312 invenissent
3133 3249 3390 3329 aliquem
3411 3243 3512 3324 qui
3536 3247 3734 3330 porta-

362 3336 523 3417 μέχρι
578 3338 675 3412 μὲν
731 3339 830 3417 γὰρ
886 3360 1051 3413 τινος,
1125 3329 1415 3411 ἐϐάσταζεν
1465 3340 1622 3402 αὐτὸς
1686 3341 1744 3396 τὸ
1830 3338 2005 3404 ξύλον⁶

2094 3349 2178 3404 ret
2208 3349 2531 3419 coegerunt
2563 3341 2754 3421 illum,
2786 3348 2844 3402 et
2877 3347 3077 3421 postea
3122 3344 3345 3419 gestata
3405 3340 3493 3394 est
3534 3329 3607 3390 ab
3632 3329 3734 3389 illo

361 3426 475 3483 ἐπεὶ
526 3424 581 3482 δὲ
635 3429 782 3506 εὗρον
827 3428 919 3484 τὸν
976 3429 1334 3508 βαστάσοντα,
1389 3429 1722 3508 ἠγγάρευσαν
1771 3427 2002 3504 ἐκεῖνον,

2094 3449 2249 3492 crux.
2296 3428 2489 3502 Quare
2518 3437 2714 3490 autem
2741 3430 3166 3509 dixit,quorum
3198 3425 3374 3488 etiam
3413 3436 3733 3502 puerorum

430 3517 442 3538 \
502 3513 533 3572 λ
633 3517 676 3556 \‘
750 3513 806 3572 ’ϐ
925 3517 970 3554 ογ
1111 3518 1139 3572 ὑ
1186 3514 1200 3535 9
1314 3520 1326 3538 ν
1405 3525 1422 3533 δ
1739 3518 1749 3539 Ι

359 3538 446 3573 και
538 3537 693 3573 οιπορ
747 3537 770 3572 ε
809 3535 1062 3588 ασταςετο
1143 3539 1181 3573 π
1273 3539 1430 3574 αυτου
1479 3520 1507 3574 ὁ
1559 3539 1805 3598 σταυρος.
1857 3518 2005 3582 Τίνος

360 3603 414 3660 δὲ
495 3603 671 3662 ἕνεκεν
728 3605 876 3685 εἷπε,
952 3608 1042 3662 καὶ
1069 3606 1224 3662 τίνων
1256 3604 1458 3664 παίδων
1485 3607 1552 3675 ἧν
1583 3609 1760 3687 πατὴρ
1791 3626 1808 3681 ;
1872 3608 2007 3686 Πρὸς

361 3695 614 3751 πίστωσιν
674 3693 914 3752 πλείονα⁴
987 3696 1126 3758 είκὸς
1181 3696 1280 3776 γὰρ
1333 3703 1427 3773 ζῇν
1456 3697 1544 3753 τὸν
1594 3695 1865 3776 ἄνθρωπον
1906 3697 2008 3770 ἔτι,

360 3786 447 3840 καὶ
503 3782 746 3840 δύνασθαι
815 3785 881 3840 τὰ
941 3784 996 3840 ἐν
1052 3790 1129 3860 τῷ
1188 3793 1394 3864 σταυρῷ
1469 3787 1642 3843 πάντα
1714 3787 2004 3866 ἀφηγήσασ-

360 3877 475 3929 σθαι
512 3873 659 3952 (88).
715 3872 881 3929 Ἀλλὰ
947 3875 1048 3954 γὰρ
1104 3874 1409 3954 φορέσωμεν
1451 3878 1538 3933 καὶ
1590 3876 1762 3951 ἡμεῖς
1814 3877 2012 3956 πορφύ-

361 3983 478 4040 ραν,
543 3964 640 4030 τὴν
683 3962 966 4039 βασιλικὴν
998 3963 1216 4034 στολήν·
1254 3965 1371 4021 οἷόν
1420 3988 1470 4021 τι
1503 3963 1669 4044 λέγω·
1709 3957 1800 4030 Ὠς
1845 3967 2006 4042 βασι·
2031 3965 2041 3975 ”

361 4051 476 4115 λεῒς
539 4051 813 4131 ὀφείλομεν
866 4067 1198 4131 περιπατεῖν,
1269 4061 1556 4120 πατοῦντες
1607 4056 1784 4111 ἐπάνω
1835 4055 2003 4136 ὄφεων

360 4141 446 4196 καὶ
501 4143 788 4219 σκορπίων,
847 4145 932 4199 καὶ
1015 4152 1464 4222 κατακρατοῦντες
1548 4147 1647 4210 τῆς
1717 4145 1996 4222 ἁμαρτίας’

365 4230 661 4308 λριστιανοὶ
717 4231 816 4308 γὰρ
887 4229 1174 4308 λεγόμεθα,
1235 4233 1506 4311 τουτέστι,
1541 4233 1887 4313 κεχρισμένοι
1919 4235 2007 4290 καὶ

363 4319 528 4400 αὐτοὶ,
587 4319 766 4398 ὥσπερ
820 4322 941 4376 τότε
1017 4322 1064 4375 οἱ
1149 4320 1390 4396 βασιλεῖς
1463 4321 1712 4400 ἐλέγοντο
1767 4323 2002 4400 Χριστοί.

2091 3527 2247 3582 esset
2267 3525 2463 3599 pater?
2493 3518 2582 3581 Ad
2601 3520 2884 3600 majorem
2916 3519 3054 3580 ﬁdei
3080 3509 3739 3580 conﬁrmationem.Ve-

2089 3608 2341 3670 risimile
2375 3607 2534 3669 enim
2559 3614 2688 3671 erat
2718 3607 3018 3669 hominem
3051 3606 3245 3668 adhuc
3273 3603 3490 3674 vivere,
3524 3606 3582 3658 et
3605 3614 3738 3672 pos-

2092 3715 2156 3758 se
2188 3713 2472 3758 enarrare
2492 3697 2690 3758 omnia
2712 3716 2842 3778 qua:
2872 3696 2930 3757 in
2964 3713 3140 3757 cruce
3171 3695 3344 3756 facta.
3378 3693 3561 3778 Porro
3585 3687 3734 3749 fera-

2097 3804 2229 3848 mus
2256 3794 2315 3848 et
2348 3804 2455 3846 nos
2506 3777 2856 3866 purpuram,
2907 3785 3167 3864 regalem
3221 3790 3466 3850 vestem;
3511 3777 3624 3838 hoc
3649 3783 3740 3836 est

2095 3876 2249 3956 quod
2286 3876 2419 3938 dico
2453 3893 2468 3939 :
2504 3875 2667 3938 Sicut
2700 3895 2872 3956 reges
2901 3875 3210 3936 ambulare
3241 3870 3529 3933 debemus
3557 3883 3738 3956 super

2091 3953 2400 4045 serpentes
2430 3975 2487 4026 et
2509 3953 2940 4046 scorpiones,et
2969 3964 3264 4045 imperare
3289 3953 3735 4046 peccato.Cl_1ri-

2088 4043 2263 4114 stia'ni
2309 4054 2468 4115 enim
2522 4043 2806 4128 dicimur,
2838 4043 2950 4115 hoc
2981 4043 3092 4128 est,
3123 4051 3290 4112 uncti
3319 4055 3379 4109 et
3408 4045 3544 4128 ipsi,
3583 4043 3736 4103 sicut

2091 4153 2226 4211 tunc
2252 4160 2422 4223 reges
2455 4143 2806 4206 dicebantur
2835 4141 3172 4205 Christi.Sit
3193 4139 3371 4219 igitur
3401 4138 3513 4196 vita
3537 4140 3733 4223 nostra

2091 4250 2206 4293 non
2241 4221 2470 4294 servilis
2502 4242 2560 4294 et
2589 4234 2914 4306 illiberalis,
2949 4233 3052 4293 sed
3083 4230 3296 4309 regalis
3317 4247 3385 4289 ac
3414 4221 3737 4286 libera.Fe—

2090 4340 2292 4382 ramus
2321 4332 2517 4383 autem
2564 4331 2622 4384 et
2672 4341 2948 4384 coronam
2999 4319 3292 4402 spineam,
3329 4319 3441 4378 hoc
3470 4320 3734 4402 est,stii-

363 4391 441 4464 "E
512 4391 525 4398 '
642 4409 668 4446 γ’
739 4391 783 4464 ’ὁ
1042 4410 1054 4430 ε
1127 4391 1174 4446 ν..
1291 4411 1302 4427 \
1373 4409 1397 4428 ’ἱ
1552 4391 1578 4428 \'
1710 4412 1723 4430 ς
1817 4391 1826 4400 Ι
1921 4411 1934 4430 ‘

447 4430 555 4464 στω
612 4430 699 4464 ουν
866 4409 976 4484 βιος
1034 4431 1188 4483 ημωι
1241 4433 1316 4482 μη
1369 4409 1608 4475 οουλικος
1640 4433 1728 4466 και
1753 4410 2005 4490 ἆγεννης,

2094 4411 2344 4472 deamus
2389 4412 2660 4473 coronari
2715 4391 3048 4492 asperitate.
3091 4417 3148 4469 et
3195 4391 3560 4468 continentia
3581 4400 3734 4472 vitae,

364 4495 501 4552 ἀλλὰ
556 4495 834 4572 βασιλικὸς
907 4500 995 4554 καὶ
1079 4499 1373 4577 ἐλεύθερος·
1436 4499 1741 4579 φορέσωμεν
1799 4498 1853 4556 δὲ
1923 4503 2006 4557 καὶ

2098 4519 2215 4562 non
2247 4501 2614 4581 voluptuarie
2645 4519 2839 4582 neque
2869 4499 3144 4561 delicate.
3200 4496 3398 4558 Simus
3451 4499 3646 4553 autem
3681 4497 3738 4549 et

363 4584 637 4642 ἀκάνθινον
695 4588 973 4665 στέφανον,
1034 4586 1298 4668 τουτέστι,
1358 4585 1738 4662 σπουδάσωμεν
1813 4609 2006 4668 στεφα-

2099 4587 2328 4670 Simon,
2365 4570 2518 4669 quod
2547 4601 2640 4652 est
2668 4570 3006 4652 obedientia
3039 4607 3052 4651 τ
3087 4597 3143 4649 et
3169 4585 3443 4648 tollamus
3497 4597 3732 4642 crucem

363 4673 592 4742 νωθῆναι
651 4682 728 4750 τῷ
795 4691 995 4755 τραχεῖ
1025 4675 1122 4751 βίῳ
1171 4678 1258 4732 καὶ
1311 4676 1563 4754 ἐγκρατεῖ
1612 4678 1699 4733 καὶ
1751 4675 2006 4751 ἆνηδόνῳ,

2096 4678 2260 4758 Jesu,
2295 4697 2424 4760 qua:
2455 4679 2770 4742 mortiﬂcet
2824 4678 3092 4740 membra
3140 4684 3341 4738 nostra
3389 4689 3521 4753 quae
3557 4687 3738 4749 super

365 4763 442 4837 μὴ
499 4768 578 4836 τῷ
632 4763 884 4843 τρυφηλῷ
940 4767 1027 4820 καὶ
1071 4764 1197 4837 λείῳ
1224 4767 1312 4822 καὶ
1342 4765 1600 4840 ἐνηδόνῳ·
1661 4767 1933 4844 γενώμεθα
1961 4766 2006 4824 δέ

2101 4777 2320 4830 terram
2351 4777 2508 4832 sunt.

364 4853 452 4908 καὶ
484 4854 688 4933 Σίμων,
735 4853 764 4910 ὅ
796 4853 936 4910 ἐστιν
991 4855 1226 4928 ὑπακοὴ,
1261 4857 1348 4911 καὶ
1392 4854 1601 4934 ἄρωμεν
1632 4857 1722 4911 τὸν
1754 4859 1975 4936 σταυρὺν
1998 4865 2091 4916 τοῦ
2124 4859 2322 4930 Ἰησοῦ,
2386 4861 2742 4938 νεκρώσαντες
2779 4860 2838 4916 τὰ
2865 4858 3003 4935 μέλη
3038 4859 3178 4933 ἑμῶν
3210 4857 3275 4910 τὰ
3333 4855 3418 4909 ἐπὶ
3459 4857 3558 4918 τῆς
3607 4851 3729 4928 γῆς.

451 4963 479 4995 α
556 4943 652 4998 Καὶ
722 4942 962 5023 φέρουσιν
994 4945 1148 4999 αὕτὸν
1193 4942 1276 4999 ἐπὶ
1308 4942 1574 5016 Γολγοθᾶν
1602 4944 1788 5018 τόπον,
1833 4943 1860 5000 ὅ
1897 4945 2006 5002 ἐστι

2176 4946 2694 5010 νειιε.2Ξ-ἳ8.αΕι
2709 4949 2932 5010 ducunt
2953 4965 3089 5010 eum
3112 4944 3171 5007 in
3203 4941 3493 5022 Golgotha
3513 4939 3734 5010 locum.

366 5030 886 5109 μεθερμηνευόμενον
947 5039 1164 5111 Κρανίοτ
1247 5032 1434 5097 τόπος·
1493 5034 1581 5090 καὶ
1653 5031 1848 5089 ἐδίδουν
1909 5037 2004 5090 αὓ-

2094 5036 2248 5113 quod
2279 5045 2388 5109 est,
2415 5039 2463 5098 si
2495 5033 3213 5116 interpreteris,Calv:iri:e
3242 5031 3426 5094 locus.
3459 5029 3528 5091 Et
3548 5028 3736 5090 dede-

364 5123 442 5195 τῷ
487 5137 634 5178 πιεῖν
713 5120 1126 5199 ἐσμυρνισμένον
1183 5126 1353 5178 οἶνονο
1436 5124 1463 5178 ὁ
1536 5119 1591 5178 δὲ
1677 5124 1771 5180 οὐκ
1826 5121 2005 5184 ἔλαϐε.

2094 5132 2232 5186 runt
2261 5123 2350 5186 illi
2382 5124 2590 5188 bibere
2634 5127 3000 5206 myrrhatum
3047 5123 3271 5194 vinum,
3326 5119 3430 5182 sed
3485 5118 3583 5179 ille
3615 5135 3736 5179 non

369 5209 466 5266 Καὶ
516 5210 912 5283 σταυρώσαντες
1013 5213 1189 5283 αὐτὸν,
1269 5209 1655 5291 διαμερίζονται
1697 5213 1764 5268 τὰ
1823 5211 2006 5286 ἱμάτια

2094 5214 2369 5294 sumpsit.
2427 5217 2695 5296 Cumque
2725 5215 3157 5277 cruciﬁxissent
3189 5229 3350 5286 eum,
3379 5207 3577 5291 partiti
3601 5220 3740 5272 sunt

443 5316 678 5378 3‘Joan.
708 5307 844 5393 xix,
875 5316 970 5381 17.

1411 5435 1500 5498 Ex
1529 5433 1847 5497 collatione
1878 5437 2054 5502 codd.
2090 5439 2302 5502 Venet.
2334 5440 2399 5503 S.
2430 5440 2665 5520 Marci,

607 5559 757 5624 COd.
789 5557 869 5620 26
899 5557 1037 5640 hac
1057 5554 1317 5640 supplet,
1351 5559 1437 5612 καὶ
1486 5558 1608 5620 τοὺς
1663 5559 1801 5640 υἱοὺς
1830 5559 2006 5616 τούτοι

2101 5559 2297 5640 fuisse
2335 5559 2616 5640 apostolis
2648 5579 2661 5618 :
2697 5557 3176 5640 quandoquidem
3209 5555 3474 5640 nonnulli
3506 5555 3738 5640 dicunt,

364 5634 712 5715 γινώσκεσθαι
785 5660 904 5704 τοις
1017 5634 1363 5710 ἀποστόλοις,
1436 5639 1854 5720 πεπιστευκότας
1943 5641 2006 5702 εἷς

2103 5657 2203 5720 eos
2232 5634 2550 5702 adhaesisse
2579 5634 2860 5720 apostolis
2896 5634 2987 5719 (ti)
3023 5646 3082 5699 et
3112 5637 3172 5698 in
3203 5637 3502 5701 Christum
3535 5634 3736 5697 credi~

362 5725 610 5798 Χριστον.
668 5718 856 5794 Ἀελλὰ,
920 5739 974 5776 κ.
1029 5740 1082 5779 τ.
1141 5717 1195 5781 λ.
1259 5739 1282 5774 ιι
1351 5717 1610 5798 Ejusque
1642 5716 1794 5780 ﬁlios
1848 5724 2006 5779 notos

2100 5719 2282 5782 disse.
2317 5723 2518 5795 Porro,
2560 5744 2579 5776 ι
2617 5716 2731 5782 etc.

361 5903 427 5966 ut
444 5821 1328 5988 gbadgluutggoquidcm"
1345 5871 1386 5888 ..
1409 5823 1777 5904 apostolisin
1809 5821 2014 5890 Graeco
2025 5826 2406 5908 praetermisit
2435 5827 2830 5914 typographus
2846 5829 3129 5905 Venetus,
3154 5824 3226 5890 ab
3246 5822 3732 5906 homoeoteleuto,

441 5971 454 5986 υ
577 5983 580 5988 ,
686 5952 718 5988 ιι
813 5969 822 5976 -
843 5969 846 5972 -
995 5949 1013 5980 '-

441 5949 718 5997 .""l’4.l.“0.
740 5949 1013 5998 *ηε-ωψσε
