4154 6298
450 441 528 504 6⁵1
547 446 564 506 ι
1416 448 1518 512 ΤΗ
1533 449 2008 514 EOPHYLACTI
2054 441 2464 510 BULGARLE
2507 445 2860 508 ARCHI-BP.
3710 440 3830 505 672

448 568 695 651 deserti,
732 569 836 634 ille
857 591 1164 655 nunquam
1196 593 1229 636 a
1259 577 1436 639 Patre
1452 576 1774 641 derelictus
1803 577 2073 642 fuit.Aud

2180 573 2387 630 ἐκεῖνος·
2443 572 2499 629 δὲ
2541 575 2636 630 οὐκ
2666 572 3045 654 ἐγκατελείφθη
3089 573 3220 631 ποτέ
3263 564 3404 655 παρὰ
3445 583 3539 632 τοῦ
3594 573 3819 651 Πατρός.

447 657 603 720 enim
637 660 774 740 quid
811 661 968 724 dicat
1001 683 1014 722 :
1053 665 1184 726 Non
1218 685 1346 726 sum
1380 667 1564 742 solus,
1589 668 1800 750 inquit,
1837 668 1940 730 sed
1976 662 2074 729 Pa-

2173 662 2386 720 ’¹Ακουε
2458 665 2557 744 γὰρ
2616 664 2793 737 αὐτοῦ,
2856 675 2905 721 τί
2948 683 3130 744 φησιν·
3167 667 3274 724 Οὔκ
3304 666 3409 741 εἰμὶ
3439 664 3740 750 μὸνος,-ὅτι
3793 666 3821 720 6

447 755 536 808 ter
576 768 810 811 mecum
836 759 943 812 est.
973 751 1079 815 Vel
1104 756 1276 815 etiam
1334 774 1435 835 pro
1487 756 1936 832 Hebrteis‘dieit,
1963 767 2091 821 erat

445 836 602 897 enim
637 838 921 902 Hebraeus
946 852 1004 901 et
1036 843 1159 922 ipse
1193 845 1518 908 secundum
1544 864 1807 910 carnem.
1833 843 2088 923 Curme,

442 925 551 988 hoc
582 935 692 1000 est,
743 947 849 989 cur
907 928 1262 992 Hebraicum
1318 934 1597 1013 populum
1653 935 1992 1010 deseruisti,
2027 946 2094 1000 ut

442 1016 858 1093 cruciﬁgerent
883 1018 1099 1080 Filium
1134 1023 1328 1082 tuum?
1367 1021 1875 1094 Quemadmodum
1926 1024 2091 1086 enim

441 1105 857 1167 consuevimus
889 1107 1273 1183 dicere,Deus
1304 1111 1435 1172 tulit
1464 1131 1581 1184 me,
1615 1114 1727 1175 hoc
1757 1121 1844 1174 est
1883 1113 2088 1175 huma-

442 1211 572 1254 nam
605 1204 872 1256 naturam
904 1218 916 1259 :
951 1196 999 1257 si
1047 1207 1103 1259 et
1126 1200 1241 1260 hoc
1273 1200 1401 1262 loco
1421 1201 1801 1284 Dereliquisti
1829 1221 1944 1275 me,
1976 1205 2090 1265 hoc

437 1292 549 1363 est,
582 1285 669 1345 vel
706 1304 898 1346 meam
931 1287 1247 1349 humanam
1283 1298 1572 1367 naturam,
1605 1293 1695 1354 vel
1749 1311 1943 1354 meum
1970 1314 2080 1375 po-

438 1373 640 1452 pulum
665 1371 1006 1436 Judaicum.
1033 1379 1305 1440 Cucurrit
1326 1398 1462 1441 vero
1487 1401 1640 1442 unus
1669 1389 1734 1442 ut
1762 1371 1994 1444 acetum
2027 1383 2080 1444 ei

435 1464 756 1541 potandum
794 1466 1144 1545 porrigeret,
1185 1489 1298 1548 quo
1333 1470 1505 1531 citius
1536 1489 1668 1532 eum
1713 1471 1860 1533 aceti
1892 1474 2081 1534 conli-

434 1560 597 1613 ceret
628 1553 1132 1618 amaritudo.Cum
1161 1567 1356 1619 autem
1388 1559 1700 1622 clamasset
1733 1559 1907 1623 Jesus
1937 1580 2089 1623 voce

436 1660 670 1719 magna,
708 1643 1053 1722 exspiravit,
1091 1647 1260 1725 quasi
1295 1647 1537 1710 irritans
1571 1659 1819 1710 mortem
1852 1659 1910 1710 ut
1961 1651 2080 1712 Do-

436 1730 656 1810 minus,
690 1743 747 1792 et
781 1742 1065 1811 potestate
1097 1754 1200 1796 sua
1234 1738 1520 1800 moriens.
1550 1737 1690 1809 Qua:
1736 1747 1932 1800 autem
1978 1760 2083 1801 vox

2171 753 2354 832 Πατὴρ
2405 752 2520 829 μετ’
2597 753 2730 830 ἐμοῦ
2785 754 2952 817 ἐστιν.
3010 753 3098 812 ’Ἡ
3128 755 3217 810 καὶ
3246 755 3374 834 ὅπερ
3416 761 3523 812 τῶν
3564 745 3819 832 Ἑϐραίων

2170 843 2324 898 τουτό
2395 864 2579 922 φησιν,
2639 845 2712 908 ὡς
2773 834 3017 922 Ἐϐραῖος
3061 844 3148 899 καὶ
3178 844 3337 906 αὐτὸς
3380 845 3440 899 τὸ
3485 843 3622 898 κατὰ
3651 843 3818 921 σάρκα

2171 930 2265 986 ὤν’
2332 932 2417 994 Εἰς
2463 931 2513 988 τί
2545 931 2662 1008 ἐμὲ,
2699 931 2964 1011 τουτέστι,
3010 934 3099 990 τὸν
3133 923 3408 1012 Ἐϐραικὸν
3447 930 3601 1005 λαὸν,
3647 931 3816 1011 ἐγκα-

2171 1018 2405 1100 τέλιπες,
2463 1019 2556 1076 ’ίνα
2615 1021 2954 1097 σταυρώσωσι
3013 1023 3106 1078 τὸν
3177 1023 3298 1077 Υἱίιν
3328 1023 3416 1077 τὸν
3448 1019 3590 1098 σόν;
3637 1031 3815 1098 Ωσπερ

2171 1111 2270 1189 γὰρ
2326 1111 2579 1184 εἰώθαμεν
2611 1107 2807 1188 λέγέιν,
2861 1112 2941 1167 ὃτι
2975 1102 3033 1170 Ὀ
3083 1113 3212 1174 Θεὸς
3242 1110 3490 1191 ἐφόρεσεν
3533 1110 3653 1185 ἐμὲ,
3702 1110 3816 1167 ἀντὶ

2167 1202 2282 1280 τοῦ,
2357 1200 2457 1267 τὴν
2508 1199 2836 1277 ἀνθρωπίνην
2908 1203 3083 1281 φύσιν·
3160 1200 3299 1257 οὕτω
3329 1203 3416 1256 καὶ
3459 1200 3673 1256 ἐνταῦθα
3726 1202 3810 1274 τὸ,

2171 1285 2548 1368 Ἐγκατέλιπές
2606 1311 2695 1369 με,
2755 1291 2861 1346 νόει
2934 1291 3048 1347 ἀντί
3079 1299 3192 1360 τοῦ,
3224 1291 3324 1357 τὴν
3353 1290 3489 1364 ἐμὴν
3532 1290 3682 1368 φύσιν
3713 1290 3812 1357 τὴν

2164 1378 2517 1458 ἀνθρωτίνην,
2593 1377 2627 1446 ἥ
2697 1380 2786 1434 τὸν
2861 1378 2988 1455 ἐμὸν
3015 1380 3145 1437 λαὸν
3199 1380 3289 1436 τὸν
3319 1377 3632 1438 Ἰουδαϊκόν.
3671 1389 3812 1458 Δρα-

2165 1469 2279 1542 μὼν
2336 1465 2390 1522 δὲ
2444 1469 2553 1541 εἷς,
2629 1468 2742 1533 ὄξος
2800 1469 3036 1541 ἐπότιζεν
3066 1470 3246 1544 αὒτὸν,
3281 1467 3371 1524 ἵνα
3420 1467 3813 1546 συντομώτερον

2165 1558 2318 1614 αὐτὸν
2376 1557 2410 1624 ἡ
2466 1554 2718 1636 δριμύτης
2785 1565 2877 1614 τοῦ
2905 1557 3052 1624 ὄξους
3082 1557 3380 1634 θανατώσῃ.
3450 1557 3650 1635 Κράξας
3697 1555 3752 1612 δὲ
3783 1559 3811 1613 ὁ

2166 1643 2371 1712 Ἰησοῦς
2429 1653 2579 1724 φωνῇ
2636 1646 2872 1724 μεγάλῃ,
2935 1647 3257 1721 ἐξέπνευσεν,
3292 1648 3450 1703 οἱονεὶ
3479 1644 3814 1725 προσκαλού-

2165 1757 2323 1810 μενος
2383 1737 2474 1791 τῦν
2557 1737 2800 1810 θάνατον,
2854 1738 2927 1800 ὡς
2962 1738 3235 1802 Δεσπότης
3269 1736 3353 1791 καὶ
3401 1731 3518 1790 κατ’
3577 1733 3808 1800 ἐξουσίαν

433 1819 533 1882 illa
566 1820 762 1901 fuerit,
805 1827 988 1884 Lucas
1047 1825 1477 1889 manifestavit:
1518 1830 1709 1898 l‘ater,
1749 1830 1810 1888 in
1874 1849 2074 1892 manus

2165 1825 2536 1896 ἀποθνήσκων.
2605 1827 2691 1888 Τίς
2744 1823 2797 1881 δὲ
2826 1827 2894 1892 ἦν
2925 1828 2958 1893 ἡ
3006 1826 3182 1906 φωνὴ,
3209 1823 3474 1894 ἐδήλωσεν
3520 1826 3546 1879 6
3580 1830 3804 1887 Λουκᾶς·

434 1917 560 1969 tuas
607 1910 961 1972 commendo
1020 1914 1295 1992 spiritum
1347 1935 1565 1976 meum.
1618 1916 1850 1976 Etenim
1882 1926 1937 1976 et
1971 1918 2074 1980 hoc

2169 1915 2357 1994 Πάτερ,
2423 1917 2491 1980 εἷς
2566 1916 2760 1996 χεῖράς
2822 1937 2912 1971 σου
2984 1917 3307 1994 παρατίθημι
3358 1914 3418 1968 τὸ
3448 1912 3654 1987 πνεῦμά
3683 1934 3803 1986 μου.

433 1996 790 2060 beneﬁcium
828 2000 1046 2063 Christi
1079 2011 1189 2080 est,
1227 2005 1383 2084 quod
1416 2025 1570 2066 nunc
1597 2015 1934 2066 sanctorum
1957 2009 2074 2088 Spi-

2169 2006 2264 2059 Καὶ
2315 2007 2414 2082 γὰρ
2466 2007 2552 2061 καὶ
2613 2012 2765 2061 τοῦτο
2815 2005 3159 2083 κατώρθωσεν
3215 2005 3350 2078 ἡμῗν
3409 2003 3436 2057 6
3493 2003 3702 2078 Κύριος,
3747 2023 3808 2056 το

429 2088 577 2148 ritus
610 2089 669 2149 in
705 2109 912 2152 manus
944 2091 1128 2152 Patris
1158 2095 1506 2169 ascendunt,
1541 2095 1640 2174 qui
1674 2093 1810 2154 olim
1867 2096 1940 2157 ab
1981 2099 2074 2160 in-

2165 2091 2238 2152 εἷς
2295 2105 2486 2170 χεῖρας
2545 2099 2638 2148 τοῦ
2695 2100 2825 2148 Θεοῦ
2869 2090 3164 2148 ἀναϐαίνειν
3193 2093 3258 2147 τα
3287 2099 3393 2146 ττῦν
3439 2091 3601 2169 ἁγίων
3646 2090 3803 2145 πνεύ-

429 2176 596 2239 ferno
649 2179 1023 2251 tenebantur,
1059 2182 1250 2244 donec
1300 2185 1524 2245 veniret
1581 2185 1683 2264 qui
1745 2187 2074 2264 praedicavit

2485 2182 2496 2200 ι
2677 2183 2687 2194 η
2785 2185 2794 2202 ν
2895 2180 2955 2200 ns
3131 2181 3140 2198 ο
3576 2180 3589 2198 ς
3648 2178 3684 2210 ζ.

2163 2201 2328 2252 ματα·
2391 2203 2575 2253 πρωην
2635 2203 2733 2259 γαρ
2787 2203 2837 2236 εν
2893 2203 3015 2253 ᾳοου
3075 2203 3283 2236 παντων
3342 2181 3390 2236 αἱ
3423 2185 3593 2258 ψυχαι
3645 2200 3804 2258 εκρα-

431 2266 677 2346 captivis
711 2267 1152 2332 remissionem.

2167 2269 2373 2342 τοῦντο,
2433 2269 2534 2332 ἕως
2567 2272 2626 2325 οὗ
2680 2269 2836 2336 ἦλθεν
2868 2271 2894 2324 6
2926 2269 3151 2344 κηρύξας
3195 2266 3564 2347 αἰχμαλώτοις
3598 2266 3804 2346 ἄφεσιν.

2253 2378 2276 2410 α
2344 2359 2439 2414 Καὶ
2497 2360 2556 2412 τὸ
2615 2357 2996 2429 καταπέτασμα
3039 2365 3130 2413 τοῦ
3186 2365 3308 2413 ναοῦ
3339 2356 3560 2437 ἐσχίσθη
3593 2359 3664 2420 εἰς
3694 2353 3803 2432 δύο,

508 2446 695 2507 Vens.
731 2445 808 2506 38
839 2447 939 2507 41.
982 2471 1007 2500 ει
1044 2445 1110 2506 Et
1143 2447 1336 2508 velum
1374 2450 1574 2530 templi
1623 2451 1871 2513 scissum
1901 2464 1990 2514 est
2021 2455 2074 2515 in

2165 2444 2268 2499 ἀπὸ
2327 2445 2520 2501 ἂνωθεν
2578 2445 2674 2506 ἕως
2729 2448 2895 2507 κάτω.
2958 2443 3103 2502 Ἰδὼν
3156 2445 3210 2500 δὲ
3242 2449 3269 2500 6
3299 2447 3576 2524 κεντυρίων
3607 2450 3634 2502 6
3664 2468 3804 2525 παρ-ο

430 2533 580 2594 duas
612 2543 858 2613 partesa
890 2553 1123 2594 summo
1158 2555 1342 2616 usque
1375 2539 1442 2598 ad
1479 2540 1684 2600 imum.
1707 2543 1849 2602 Cum
1877 2551 2070 2603 autem

2163 2534 2402 2600 έστηκὼς
2460 2533 2510 2599 ἐξ
2568 2534 2802 2597 ἐναντίας
2862 2536 3017 2590 αὐτοῦ
3066 2535 3144 2590 ὅτι
3176 2532 3506 2611 οὖτωκραξας
3557 2533 3803 2599 ἐξέπνευ-

429 2623 669 2682 vidisset
700 2621 972 2684 centurio
1012 2625 1152 2684 260
1192 2626 1288 2704 qui
1322 2627 1546 2688 astabat
1579 2647 1646 2690 ex
1679 2630 1923 2692 adverso
1963 2632 2069 2705 illi,

2159 2643 2270 2695 σεν,
2332 2623 2508 2678 εἶπεν⁶
2572 2621 2814 2689 Ἀληθῶς
2838 2626 2865 2679 6
2896 2621 3163 2700 ἅνθρωπος
3197 2625 3346 2686 οὗτος
3384 2626 3498 2683 Υἱὸς
3531 2624 3596 2690 ἦν
3647 2631 3798 2684 Θεοῦ.

424 2711 582 2791 quod
615 2712 703 2773 sic
732 2712 946 2773 emisso
998 2701 1256 2774 clamore
1309 2717 1883 2796 eXspirasset,dixit:
1920 2723 2074 2782 Vere

2158 2701 2320 2769 Ἦσαν
2379 2713 2431 2770 δὲ
2491 2722 2578 2771 καί
2636 2729 2887 2791 γσναϊκες
2945 2715 3051 2770 ἀπὸ
3083 2715 3342 2792 μακρόθεν
3385 2717 3694 2791 θεωροῦσαι,
3746 2715 3800 2769 ἐν

425 2800 598 2861 homo
627 2801 723 2862 hie
757 2800 941 2863 Filius
973 2813 1099 2864 erat
1127 2803 1444 2866 Dei.Erant
1473 2815 1670 2868 autem
1706 2817 1762 2868 et
1792 2809 2074 2870 mulieres

2158 2807 2245 2868 αἷς
2303 2804 2365 2871 ἦν
2427 2805 2594 2882 Μαρία
2652 2805 2686 2871 ἡ
2744 2802 3094 2882 Μαγδαληνὴ,
3125 2805 3213 2858 καὶ
3247 2804 3414 2876 Μαρία
3461 2805 3494 2871 ἡ
3551 2799 3800 2858 Ἰακώϐου

424 2908 458 2950 e
517 2890 840 2972 longinquo
891 2902 1252 2970 spectantes,
1309 2896 1463 2956 inter
1516 2915 1666 2976 quas
1711 2906 1835 2959 erat
1891 2899 2074 2960 Maria

2158 2899 2248 2947 τοῦ
2290 2892 2500 2972 μικροῦ,
2568 2895 2653 2948 καὶ
2725 2892 2884 2961 Ἰωσῆ
2913 2894 3114 2970 μήτηρ,
3151 2892 3235 2947 καὶ
3269 2890 3529 2966 Σαλώμη.
3577 2890 3644 2947 Αἶ
3707 2894 3794 2946 καὶ

2158 2979 3156 2996 ην.-..«ς,.....
3331 2979 3758 2996 .-.η.

423 2978 786 3069 Magdalene,
823 2989 878 3042 et
907 2983 1092 3044 Maria
1130 2983 1337 3046 Jacobi
1384 2987 1567 3066 parvi,
1603 2996 1661 3047 et
1686 2986 1826 3049 Jose
1859 2996 2068 3069 mater,

2158 2979 2243 3036 ὅτε
2309 2979 2373 3048 ἦν
2444 2981 2498 3038 ἐν
2528 2987 2596 3058 τῇ
2626 2980 2902 3056 Γαλιλαίᾳ,
2933 2980 3251 3048 ἠκολούθουν
3293 2985 3454 3054 αὐτῷ,
3487 2982 3574 3035 καὶ
3607 2979 3798 3046 διηκό-

423 3078 479 3130 et
510 3067 744 3134 Salome
777 3089 791 3130 :
829 3089 960 3152 qua:
989 3074 1164 3134 etiam
1198 3093 1331 3134 eum
1381 3085 1541 3136 esset
1586 3075 1646 3136 in
1679 3076 1940 3148 Galilaea,
1972 3067 2071 3140 seé

2158 3089 2274 3126 νουν
2338 3074 2500 3145 αύτῷ.
2564 3073 2650 3126 καὶ
2704 3067 2858 3126 ἄλλαι
2918 3069 3131 3146 πολλαὶ,
3186 3071 3237 3125 αἱ
3283 3067 3631 3126 συναναϐᾶσαι
3663 3071 3801 3144 αὐτῷ

2181 3160 2195 3172 ⁸
2291 3151 2322 3176 ,-
2472 3157 2504 3176 I‘
2825 3157 2879 3176 ’.ς
2972 3160 2982 3176 1
3018 3163 3042 3176 Α
3173 3161 3186 3176 \
3451 3158 3460 3174 Ι
3703 3155 3726 3176 ’δ

423 3167 572 3222 ευιιο
608 3159 845 3222 fuerant
890 3160 1080 3243 illum,
1117 3172 1174 3223 et
1206 3164 1686 3226 ministraverant
1717 3165 1797 3242 ei,
1826 3166 2072 3248 aliaeque

2158 3160 2225 3222 εἰς
2291 3157 2649 3239 Ἰεροσόλυμα.
2733 3184 2756 3213 ιι
2825 3157 3084 3238 Ἐσχίσθη
3138 3161 3199 3214 τὸ
3259 3158 3666 3238 καταπέτασμα,
3698 3157 3800 3226 δη·-

2158 3245 2173 3264 K
2221 3254 2241 3263 υ
2505 3255 2523 3264 υ
2585 3255 2613 3264 Α
2685 3255 2706 3264 υ
2797 3248 2823 3264 0'
2941 3251 2950 3264 θ
3087 3247 3100 3264 Ι
3285 3253 3305 3264 ν
3351 3253 3394 3264 π
3471 3246 3481 3264 Ι
3699 3246 3712 3264 9

421 3249 762 3329 complures
784 3269 914 3332 qum
937 3251 1115 3314 simul
1137 3253 1673 3316 ascenderantcum
1701 3275 1770 3317 e0
1796 3245 2074 3318 Hierosua

2158 3245 2368 3312 λοῦντος
2439 3255 2528 3304 τοῦ
2579 3255 2733 3323 Θεοῦ,
2795 3248 2876 3304 ὅτι
2932 3251 2966 3314 ἡ
3026 3247 3186 3328 χάρις
3219 3253 3310 3302 τοῦ
3351 3246 3656 3321 Πνεύματος
3690 3246 3800 3302 ἆπ-

2169 3334 2176 3350 Ι
2351 3337 2364 3350 ς
2422 3339 2433 3350 ι
2574 3339 2596 3350 ν
2778 3345 2800 3350 .-
2959 3341 2967 3350 ι
3007 3335 3030 3350 η
3201 3336 3211 3350 1
3260 3326 3294 3350 ’1
3319 3345 3326 3350 .
3526 3335 3552 3345 ⁸
3651 3335 3662 3350 Ι
3715 3335 3726 3350 1

419 3337 696 3418 Ιιηιδιη.»
735 3337 994 3402 Scissum
1029 3349 1111 3402 est
1146 3343 1480 3423 velum,per
1510 3345 1622 3407 hoc
1655 3345 2072 3408 manifestanle

2158 3334 2283 3404 έστη
2342 3337 2446 3393 ἀπὸ
2505 3339 2598 3392 τοῦ
2680 3345 2826 3412 ναοῦ,
2886 3341 2974 3394 καὶ
3004 3335 3089 3392 ὅτι
3160 3336 3227 3393 τὰ
3260 3333 3438 3413 ἿΑγια
3484 3335 3588 3390 τῶν
3639 3335 3799 3414 ἁγίων

421 3425 540 3515 [leo
570 3446 685 3506 quo
716 3429 899 3506 gratia
949 3430 1204 3508 Spiritus
1235 3453 1266 3491 e
1300 3433 1518 3511 templo
1565 3433 1775 3514 evolet,
1811 3443 1868 3494 et
1914 3436 2069 3515 quod

421 3514 636 3577 Sancta
657 3526 994 3579 sanctorum
1029 3519 1306 3580 omnibus
1353 3522 1675 3601 conspicua
1727 3532 1784 3582 et
1834 3514 2072 3585 accessa

422 3605 606 3667 ﬁent:
643 3607 796 3686 quod
834 3616 889 3668 et
925 3608 1142 3670 factum
1198 3617 1307 3680 est,
1342 3611 1628 3672 Romanis
1678 3611 1987 3690 ingressis;
2024 3615 2082 3674 et

418 3693 573 3772 quod
635 3695 830 3773 lugeat
887 3697 1060 3757 etiam
1115 3698 1400 3777 templum
1438 3716 1450 3760 :
1484 3718 1617 3760 nam
1647 3701 1801 3780 quod
1836 3701 1895 3762 in
1931 3703 2082 3763 cala-

421 3782 935 3846 mitatibuslacere
968 3785 1162 3846 solent
1207 3786 1418 3856 Judaei,
1459 3807 1592 3848 cum
1629 3798 1818 3850 vestes
1848 3789 2076 3852 dilace-

417 3881 573 3952 rant,
611 3873 720 3933 hoc
743 3882 799 3933 et
831 3875 1114 3953 templum
1151 3877 1315 3956 quasi
1369 3877 1694 3938 animatum
1721 3889 1902 3951 esset,
1931 3879 2070 3940 fecit

417 3963 786 4042 eompaliens
819 3963 1120 4024 Conditori
1153 3984 1259 4025 suo
1294 3965 1564 4044 patienti,
1602 3976 1657 4027 et
1689 3977 1885 4028 vestes
1931 3989 2068 4030 suas

417 4049 818 4130 disrumpens:
851 4053 1085 4113 t'lﬂlllld
1117 4054 1393 4133 quiddam
1423 4055 1481 4116 in
1508 4056 1618 4116 hoc
1643 4058 2064 4118 manifestatur.

419 4140 566 4201 Caro
597 4139 724 4220 ipsa
759 4142 1159 4203 velamentum
1197 4154 1285 4205 est
1319 4145 1504 4205 nostri
1537 4147 1761 4224 templi,
1796 4146 1908 4207 hoc
1953 4158 2064 4227 est,

405 4228 656 4294 .mentis.
713 4231 918 4310 Itaque
946 4231 1132 4294 virtus
1162 4251 1339 4312 quam
1381 4234 1583 4295 habuit
1613 4254 1750 4295 caro
1789 4236 2071 4296 adversus

418 4318 715 4399 spiritum,
751 4320 1130 4398 passionibus
1162 4322 1380 4385 Christi
1407 4325 1692 4386 dissoluta
1725 4334 1831 4396 est,
1857 4344 1889 4386 a
1911 4345 2072 4386 sum-

422 4427 515 4466 mo
549 4427 739 4489 usque
766 4409 1066 4490 deorsum,
1105 4411 1215 4472 hoc
1249 4421 1356 4484 est,
1418 4413 1489 4474 ab
1547 4414 1731 4475 Adam
1782 4435 1966 4495 usque
1995 4415 2068 4476 ad

2154 3431 2283 3480 πᾶσι
2352 3427 2511 3484 θεατᾶ
2563 3427 2650 3483 καὶ
2704 3427 2906 3502 βάσιμα
2961 3425 3412 3495 καταστήσονται’
3486 3422 3514 3478 ὅ
3559 3425 3646 3480 καὶ
3702 3422 3800 3501 γέ·-

2166 3535 2310 3590 γονε,
2385 3517 2490 3570 τῶν
2551 3505 2822 3591 Ῥωμαίων
2877 3513 3236 3570 εἶσελθόντων’
3309 3515 3397 3569 καὶ
3475 3512 3559 3568 ὅτι
3619 3516 3801 3569 πενθεῖ

2163 3604 2250 3658 καὶ
2307 3606 2335 3660 6
2390 3605 2539 3668 ναός.
2611 3603 2780 3684 ’Ὅπερ
2851 3605 2949 3682 γὰρ
2979 3604 3219 3660 εἰώθασιν
3273 3600 3519 3668 Ἰουδαῖοι
3567 3601 3621 3657 ἐν
3677 3613 3799 3665 ταῖς

2163 3694 2461 3772 συμφοραῖς
2520 3709 2725 3765 ποιεῖν,
2786 3694 2875 3748 καὶ
2941 3690 3307 3770 διαῤῥηγνύναι
3363 3691 3484 3755 τοὺς
3535 3697 3795 3770 χιτῶνας,

2160 3788 2312 3837 τοῦτο
2369 3783 2453 3838 καὶ
2537 3785 2564 3838 6
2622 3785 2769 3854 ναὸς,
2830 3784 3021 3838 ὡσανεὶ
3069 3781 3333 3860 ἔμψυχος,
3379 3777 3662 3846 ἐνεδείξατο
3714 3780 3798 3835 ἐπι

2151 3876 2226 3943 τῷ
2294 3873 2488 3948 Κτίοτη
2540 3873 2826 3951 πάσχοντι,
2895 3874 2954 3928 τὸ
2998 3873 3183 3930 ἑαυτοῦ
3246 3871 3453 3946 ἱμάτιον
3499 3867 3790 3947 διαρῥήξας·

2151 3963 2238 4018 καὶ
2295 3961 2425 4017 ἄλλο
2481 3961 2534 4018 δὲ
2606 3986 2655 4020 τι
2713 3962 2774 4020 ἐκ
2827 3965 3012 4020 τούτου
3069 3961 3344 4029 δηλοῦται.
3402 3953 3463 4017 Ἠ
3497 3960 3621 4039 σὰρξ
3664 3960 3795 4026 αὕτη

2151 4051 2540 4127 καταπέτασμα
2603 4053 2714 4109 ἐστι
2787 4060 2878 4110 τοῦ
2930 4052 3187 4131 ἡμετέρου
3218 4059 3363 4132 ναοῦ,
3411 4050 3674 4124 τουτέστι,
3707 4057 3799 4105 τοῦ

2154 4142 2293 4203 νοός·
2358 4144 2388 4209 ἦ
2447 4152 2570 4219 γοῦν
2640 4143 2737 4210 τῆς
2798 4144 2986 4221 σαρκὸς
3017 4140 3255 4216 δύναμις,
3292 4141 3358 4208 ἣν
3384 4141 3512 4220 εἶχε
3542 4140 3677 4198 κατᾶ
3706 4145 3797 4196 τοῦ

2161 4236 2468 4306 πνευματος,
2543 4230 2786 4310 διερῤσίγη
2845 4231 2963 4294 τοῖς
3019 4233 3204 4288 πάθεσι
3259 4237 3351 4288 τοῦ
3399 4231 3643 4308 Χριστοῦ,
3691 4229 3796 4284 ἀπὸ

2155 4318 2348 4376 ἄνωθεν
2405 4321 2504 4384 ἕως
2576 4324 2742 4396 κάτω,
2803 4321 3091 4395 τουτέστιν,
3154 4321 3258 4378 ἀπὸ
3327 4317 3496 4394 Ἀδὰμ
3553 4319 3654 4383 ἓως
3710 4320 3798 4374 καὶ

2153 4416 2258 4464 τῶν
2315 4409 2628 4466 τελευταίων
2684 4411 2992 4488 ἀνθρώπων.
3073 4412 3169 4469 Καὶ
3198 4411 3297 4490 γὰρ
3367 4412 3395 4466 6
3427 4407 3597 4484 Ἀδὰμ
3632 4408 3792 4485 ἡγία-

421 4497 770 4558 ηονὶδδίητοε
823 4498 1126 4560 homines.
1187 4502 1419 4561 Etenim
1483 4503 1668 4564 Adam
1713 4494 2071 4564 sam-tiﬁcato

2158 4520 2275 4554 σται
2334 4513 2452 4562 τοῖς
2510 4502 2696 4556 πάθεσι
2749 4511 2838 4558 τοῦ
2896 4508 3140 4579 Χριστοῦ,
3201 4499 3414 4556 καὶοῦκ
3483 4498 3622 4565 ἓτιὴ
3673 4494 3796 4574 σὰρξ

418 4586 796 4665 passionibus
831 4589 1200 4662 Christi,non
1226 4591 1374 4652 ultra
1398 4609 1532 4653 caro
1570 4593 1728 4654 illius
1759 4593 2075 4654 maledicta

418 4675 754 4756 erit,neque
781 4679 1145 4756 corruptioni
1177 4679 1564 4754 ubnoxia,sed
1600 4681 2070 4762 incorrUpIibili-

418 4772 536 4825 tate
566 4765 837 4825 honorati
870 4784 1076 4827 sumus
1129 4787 1360 4832 omnes.
1399 4774 1581 4833 Porro
1626 4772 1923 4843 centurio,
1961 4772 2080 4832 hoc

417 4862 529 4934 est,
562 4855 660 4934 qui
700 4865 967 4916 sanctum
998 4867 1267 4936 praeerat,
1296 4860 1501 4921 videns
1533 4861 1688 4940 quod
1723 4871 1839 4922 tam
1866 4871 2072 4939 poten-

415 4951 611 5005 tenter
637 4957 690 5005 et
727 4943 879 5007 sicut
913 4943 1197 5006 Dominus
1233 4950 1436 5010 mortis
1462 4951 1843 5030 exs‘pirasset,
1876 4949 2068 5011 adrui-

417 5041 580 5095 ratus
611 5041 700 5094 est
728 5041 785 5094 et
817 5034 1148 5095 confessus.
1189 5034 1330 5100 Vide
1360 5047 1554 5100 autem
1601 5039 1872 5100 ordinem
1923 5058 2065 5101 con-

415 5141 672 5186 versum.
715 5121 903 5185 Judazi
960 5123 1348 5201 interﬁciunt,
1407 5129 1642 5206 gentilis
1701 5130 2063 5188 confitetur:

411 5212 688 5290 discipuli
739 5209 986 5290 iurgium,
1026 5214 1308 5276 mulieres
1358 5227 1618 5278 manent.
1667 5216 1846 5279 Erant
1878 5218 2060 5292 enim,

419 5301 626 5380 inquit,
662 5299 741 5362 ibi
773 5309 829 5362 et
863 5301 1165 5374 mulieres,
1199 5304 1356 5366 inter
1385 5326 1533 5386 quas
1587 5299 1770 5370 Maria
1821 5307 2064 5386 Magda-

419 5390 572 5462 lene,
608 5398 670 5451 et
695 5389 876 5450 Maria
919 5389 1125 5453 Jacobi
1189 5405 1246 5454 et
1299 5397 1437 5457 Jose
1471 5405 1680 5470 mater,
1704 5396 1776 5459 Et
1806 5397 1928 5458 haec
1959 5395 2064 5457 Dei

415 5477 676 5566 Genitrix
711 5487 856 5554 erat,
883 5498 1013 5559 quae
1043 5491 1339 5561 quatenus
1389 5482 1651 5566 Josepho
1709 5486 2066 5565 desponsata

416 5565 746 5638 fuit,mater
777 5576 905 5654 erat
938 5577 995 5629 et
1019 5571 1273 5632 filiorum
1301 5565 1726 5654 Joseph,eujus
1755 5575 1865 5637 ﬁlii
1899 5577 2065 5636 fuere

411 5654 666 5718 Jacobus
695 5663 751 5716 et
777 5653 970 5747 doses.
1025 5659 1250 5723 Dicitur
1299 5663 1511 5724 horum
1567 5653 1777 5747 mater,
1811 5667 1925 5728 hoc
1951 5676 2060 5737 est,

414 5761 706 5811 noverca:
741 5744 893 5806 sicut
929 5755 988 5808 et
1013 5749 1234 5829 Ioseph
1264 5769 1415 5812 uxor
1443 5744 1772 5826 dicebatur,
1809 5756 1922 5816 hoc
1949 5765 2060 5834 est,

2158 4588 2357 4644 ἐκείνου
2413 4589 2793 4667 ἐπικατάρατος
2863 4588 3028 4668 ἔσται,
3119 4587 3234 4646 οὖδέ
3316 4592 3478 4669 φθορᾷ
3576 4585 3792 4667 ἔνοχος,

2155 4676 2274 4732 ἀλλ’
2357 4679 2611 4758 ἀφθαρσίᾳ
2696 4677 3020 4753 ἐτιμῂθημεν
3116 4679 3364 4742 ἅπαντες.
3456 4675 3600 4734 Ἰδὼν
3657 4677 3711 4731 δὲ
3768 4679 3796 4731 6

2155 4769 2454 4846 κεντυρίων,
2520 4767 2810 4844 τουτέστιν,
2871 4769 2898 4823 6
2954 4768 3344 4848 ἑκατόνταρχος
3406 4765 3655 4846 (κέντουμ
3697 4767 3798 4844 γὰρ

2153 4855 2404 4935 λέγουσιν
2453 4860 2498 4913 οἱ
2560 4849 2816 4932 Ῥωμαῖοι
2885 4860 2946 4914 τὸ
3005 4859 3211 4930 ἑκατόν)
3255 4857 3334 4914 ὅτι
3410 4858 3548 4914 οὕτω
3598 4854 3796 4912 δεσπο-

2152 4954 2313 5010 τικώς
2373 4945 2693 5020 ἐξέπνευσεν,
2748 4945 3007 5023 ἐθαύμασε
3076 4948 3164 5004 καὶ
3221 4945 3596 5025 ὡμολόγησεν.
3653 4937 3796 5025 ’Ὀρα

2151 5035 2207 5091 δὲ
2277 5037 2365 5092 καὶ
2415 5038 2513 5103 τὴν
2565 5036 2706 5100 τάξιν
2757 5036 3221 5116 ἆντιστραιρεϊσαν·
3285 5039 3332 5093 οἱ
3364 5034 3608 5094 Ἰουδαῖοι
3631 5039 3796 5093 θανα-

2149 5132 2346 5204 τοῦσιν,
2402 5127 2429 5181 6
2496 5128 2699 5190 ἒθνικὸς
2728 5123 3009 5205 ὁμολογεῖ·
3049 5130 3096 5183 οἱ
3130 5127 3361 5202 μαθηταὶ
3407 5126 3710 5206 φεύγουσιν,
3747 5127 3797 5181 αἱ

2148 5229 2395 5292 γυναῖκες
2481 5217 2894 5296 παραμένωσιν,
2979 5225 3124 5274 Ησαν
3179 5219 3301 5295 γὰρ,
3349 5217 3502 5295 φησὶ,
3563 5217 3650 5270 καὶ
3703 5237 3798 5293 γυ-

2147 5319 2355 5380 ναῖκες,
2431 5309 2485 5362 ἐν
2543 5308 2636 5371 αἷς
2688 5308 2754 5376 ἧν
2787 5312 2958 5388 Μαρία
2998 5309 3032 5376 ἡ
3070 5303 3422 5384 Μαγδαληνὴ,
3483 5305 3572 5360 καὶ
3627 5305 3796 5382 Μαρία

2148 5396 2180 5461 ἡ
2231 5392 2508 5475 Ἰακώϐου,
2575 5399 2662 5454 καὶ
2706 5397 2862 5466 ἰωσῆ
2891 5397 3092 5476 μήτηρ·
3143 5397 3275 5462 αὕτη
3325 5393 3403 5468 δὲ,
3449 5396 3482 5463 ἡ
3539 5395 3798 5456 Θεοτόκος

2147 5484 2235 5554 ἢν,
2294 5483 2413 5550 ἥτις
2472 5486 2586 5542 καθ’
2667 5485 2693 5542 ὅ
2771 5487 3103 5563 ἐμνηστεύθη
3175 5493 3250 5560 τῷ
3332 5483 3556 5565 Ἰωσὴφ,
3617 5483 3798 5561 μὴτηρ

2149 5573 2321 5628 αύτῶν
2393 5574 2480 5641 ἦν·
2543 5583 2636 5631 τοῦ
2691 5573 2746 5632 δὲ
2778 5576 2978 5655 Ἰωσὴφ
3008 5573 3196 5638 παῖδες
3225 5574 3387 5650 ἦσαν,
3420 5569 3667 5636 Ἰάκωϐος
3711 5582 3802 5636 καὶ

2149 5657 2368 5726 Ἰωσῆς.
2421 5660 2642 5738 Λέγεται
2699 5664 2869 5720 τοίνυν
2959 5665 3140 5742 μήτηρ
3224 5662 3419 5735 αὐτῶν,
3492 5659 3610 5716 ἀντὶ
3680 5671 3795 5739 τοῦ,

2149 5749 2399 5828 μητρυιά⁸
2487 5750 2665 5825 ὥσπερ
2722 5755 2808 5809 καὶ
2866 5761 2955 5809 τοῦ
2998 5752 3197 5832 Ἰωσὴφ
3227 5752 3438 5830 ἐλέγετο
3468 5751 3626 5829 γυνὴ,
3687 5752 3800 5838 ᾄντὶ
