4154 6298
327 405 447 472 673

1084 403 1527 471 ENARRATIO
1572 406 1653 469 IN
1699 388 2211 467 EVANGELI‘UM
2253 397 2510 462 MARCI.
2564 435 2636 447 ——
2682 403 2846 465 CAP.
2894 394 3002 463 XV

3581 393 3695 462 674

323 548 438 618 τοῦ,
527 541 762 618 μνηστή,
823 531 885 596 Ἠ
936 536 1176 614 Σαλώμη
1202 535 1285 611 δὲ,
1312 535 1379 604 ἧν
1405 538 1438 604 ἡ
1473 537 1652 614 μήτηρ
1702 536 1808 591 τῶν
1841 535 1944 591 Υἱῶ

2035 548 2297 610 sponsa.
2333 531 2567 596 Salome
2597 543 2790 597 autem
2825 545 2952 597 erat
3001 543 3188 596 mater
3217 534 3472 596 ﬁliorum
3505 533 3696 596 Zebe-

324 627 618 692 Ζειτεδαίου.
659 631 755 688 Καὶ
808 627 968 698 ἄλλαι
1039 626 1094 684 δὲ
1155 625 1372 688 πολλαί.
1409 631 1525 684 Τῶν
1551 626 1649 704 γὰρ
1697 624 1968 700 ἐπισημο-

319 720 485 799 τέρων
511 721 763 795 ὀνομαστὶ
793 718 1211 796 ἐμνημόνευσεν.

408 833 435 864 σ
499 810 596 868 Καὶ
665 806 769 876 ἤδη
801 808 957 884 ὀψίας
1001 804 1318 885 γενομένης,
1368 803 1481 860 ἐπεὶ
1538 804 1602 872 ἧν
1631 802 1965 880 Παρασκευὴ,

317 899 347 956 ὅ
415 899 527 956 ἐστι
586 895 980 978 προσάϐϐατον,
1040 895 1199 965 ἦλθεν
1261 893 1460 972 Ἰωσὴφ
1515 894 1542 949 δ
1599 894 1704 949 ἀπὸ
1735 890 1965 966 Ἀριμα-

313 990 462 1063 θαίας
534 987 830 1068 εὖσχήμων
900 985 1206 1062 βουλευτὴς,
1283 986 1340 1046 ὃς
1397 985 1483 1039 καὶ
1512 981 1670 1044 αὐτὸς
1701 982 1766 1049 ἦν
1797 1003 1968 1059 προσ-

312 1075 608 1158 δεχόμενος
691 1078 790 1144 τὴν
868 1073 1139 1152 βασιλείαν
1243 1080 1336 1130 τοῦ
1453 1073 1605 1128 Θεοῦ·
1694 1069 1968 1146 τολμήσας

313 1165 522 1233 εἰσῆλθε
581 1168 712 1245 πρὸς
777 1164 1030 1237 Πιλάτον,
1094 1165 1178 1221 καὶ
1253 1164 1492 1239 ᾐτήσατο
1545 1162 1605 1216 τὸ
1666 1166 1821 1234 σῶμα
1877 1165 1968 1215 τοῦ

311 1254 509 1323 Ἰησοῦ.
575 1247 632 1312 Ὀ
697 1255 751 1310 δὲ
815 1252 1042 1319 Πιλάτος
1087 1253 1405 1328 ἐθαύμασεν,
1481 1252 1524 1305 εἰ
1582 1248 1687 1318 ἢδη
1719 1249 1959 1316 τέθνηκε·

309 1345 396 1400 καὶ
481 1343 978 1424 προσκαλεσάμενος
1098 1343 1189 1398 τὸν
1289 1362 1378 1396 κεν
1393 1339 1628 1418 ῖυρίωνα,
1747 1338 1963 1414 ἐπηρώο

307 1455 469 1500 τησεν
521 1435 700 1514 αὖτὸν,
759 1436 802 1489 εἰ
856 1431 1020 1489 πάλαι
1121 1431 1371 1495 ἀπέθανε·

306 1533 401 1583 τοῦ
459 1523 825 1602 κεντυρίωνος,
898 1519 1204 1599 ἐδωρήσατο
1275 1520 1338 1575 τὸ
1423 1522 1579 1594 σῶμα

305 1613 441 1690 σὴφ.
500 1612 595 1668 Καὶ
666 1611 931 1690 ἀγοράσας
983 1608 1194 1666 σινδόνα
1295 1610 1381 1665 καὶ
1455 1606 1694 1664 καθελὼν
1780 1609 1956 1678 αὖτὸν,

306 1699 541 1768 ἐνείλησε
599 1704 667 1774 τῇ
724 1697 946 1773 σινδόνι,
1006 1699 1093 1754 καὶ
1142 1696 1437 1764 κατέθηκεν
1509 1697 1665 1752 αὐτὸν
1711 1695 1764 1751 ἐν
1816 1719 1921 1762 μνη
1950 1727 1961 1739 .

1457 1432 1545 1486 καὶ
1631 1430 1784 1508 γνοὺς
1861 1429 1964 1484 ἀπὸ

1677 1525 1752 1592 τῷ
1836 1524 1960 1574 Ἰω-

2053 619 2186 682 daei.
2219 621 2303 681 Et
2332 621 2472 685 aliae
2503 643 2736 705 quoque
2767 625 2994 697 mut/aa,
3033 626 3274 687 nomina
3323 625 3482 686 enim
3533 627 3694 686 cele-

2053 707 2314 770 briorum
2345 720 2566 774 tantum
2594 714 3100 777 commemoravit.

2133 885 2309 951 Vsus.
2347 888 2548 952 42-47.
2589 916 2616 945 α
2651 889 2720 950 Ει
2778 910 2911 954 cum
2964 893 3088 971 jam
3138 894 3393 954 venisset
3426 912 3692 972 vespera,

2051 977 2330 1056 quoniam
2382 989 2505 1040 erat
2530 979 2848 1040 Parasceve
2876 999 3002 1060 qua:
3037 981 3314 1060 praecedit
3344 979 3689 1054 Sabbatum,

2051 1065 2207 1125 venit
2235 1065 2456 1147 Joseph
2477 1078 2640 1129 ortus
2665 1088 2731 1129 ex
2766 1070 3002 1132 civitate
3029 1070 3694 1142 Arimatluea,honestus

2051 1157 2418 1237 scnator,qui
2453 1168 2508 1218 et
2539 1159 2665 1239 ipse
2697 1168 2820 1218 erat
2853 1174 3206 1239 exspectans
3232 1177 3478 1238 regnum
3504 1159 3694 1233 lfeiget

2048 1253 2280 1324 sumpta
2303 1246 2547 1307 audacia
2590 1247 2893 1324 ingressus
2915 1258 3003 1314 est
3032 1248 3104 1309 ad
3139 1248 3408 1321 Pilatum,
3447 1256 3503 1308 et
3530 1247 3696 1328 petiit

2048 1351 2266 1412 corpus
2300 1337 2462 1396 Jesu.
2505 1337 2726 1398 Pilatus
2757 1347 2951 1398 autem
3005 1337 3330 1398 admiratus
3363 1346 3452 1396 est
3481 1337 3529 1397 si
3567 1337 3691 1417 jam

2049 1432 2316 1484 mort:.~us
2337 1425 2592 1485 esset.Et
2613 1427 2899 1486 accersito
2923 1426 2991 1487 ad
3028 1445 3095 1488 se
3127 1428 3474 1488 centurione
3504 1425 3695 1486 inter:

2045 1516 2264 1588 rogavit
2296 1514 2567 1585 illum,an
2593 1515 2942 1593 jamdudum
2982 1523 3245 1577 mortuus
3276 1515 3695 1578 fuisset.Etre-

2047 1601 2283 1678 cognita
2317 1623 2385 1663 ex
2407 1605 3026 1676 centurione,donavit
3060 1623 3276 1684 corpus
3307 1603 3416 1684 ipsi
3446 1604 3690 1685 Joseph.

2048 1690 2120 1750 Et
2151 1692 2198 1750 is
2231 1700 2528 1752 mercatus
2559 1693 2896 1766 sindonem,
2924 1693 3254 1770 depositum
3289 1711 3422 1754 eum
3457 1694 3694 1755 involvit

307 1791 463 1864 μείῳ,
535 1790 562 1844 ὃ
631 1785 696 1854 ἧν
768 1785 1208 1862 λελατομημένον
1279 1785 1340 1842 ἐκ
1389 1785 1608 1864 πέτραςο
1668 1787 1754 1841 καὶ
1786 1807 1947 1874 προσ-

2045 1778 2304 1852 sindoni,
2331 1780 2715 1861 reposuitque
2738 1781 2796 1841 in
2823 1791 3210 1842 monumento
3242 1783 3400 1862 quod
3433 1791 3559 1843 erat
3585 1801 3690 1843 ex-

307 1877 514 1934 εκύλισε
563 1875 706 1933 λίθον
759 1876 845 1933 ἐπὶ
903 1877 1002 1943 τὴν
1059 1877 1214 1954 θὺραν
1265 1885 1358 1934 τοῦ
1437 1874 1723 1950 μνημείου.
1786 1864 1848 1929 Ἠ
1898 1872 1951 1929 δὲ

306 1966 479 2044 Μαρία
625 1964 955 2044 Μαγδαληνὴ
1015 1967 1102 2034 καὶ
1159 1966 1332 2043 Μαρία
1401 1966 1436 2033 ἡ
1471 1961 1654 2037 Ἰωσῆ,
1702 1963 1952 2042 ἐθεώρουν

304 2054 408 2112 ποῦ
467 2056 680 2124 τίθεται.
740 2077 765 2112 ι)
832 2045 888 2112 Ὀ
943 2054 1200 2132 μακάριος
1259 2052 1484 2134 Ἰωσὴφ,
1541 2051 1618 2108 ἵτι
1679 2059 1757 2128 τῷ
1805 2052 1952 2126 νόμῳ

304 2141 585 2218 δουλεύων,
641 2145 729 2202 καὶ
784 2144 874 2202 τὸν
945 2143 1170 2223 Χριστὸν
1243 2144 1372 2199 Θεὸν
1432 2141 1662 2220 ἒπέγνω,
1725 2139 1805 2196 διὸ
1865 2143 1953 2197 καὶ

303 2232 478 2308 τολμᾷ
535 2231 740 2308 τόλμαν
809 2232 1114 2300 ἐπαινετὴνο
1177 2233 1282 2316 οὐχ
1308 2229 1661 2316 ὑπελογίσατο
1716 2231 1836 2309 γὰρ,
1870 2227 1951 2286 ὅτι

305 2321 566 2386 Πλούσιός
639 2324 772 2399 εἶμι,
825 2323 913 2392 καὶ
995 2313 1328 2398 ἒκπεσοῐιμαι
1403 2327 1497 2391 τοῦ
1553 2313 1802 2392 πλούτου,
1863 2319 1950 2376 ἐὰν

305 2412 608 2487 αἰτήσωμαι
665 2413 727 2468 τὸ
777 2413 934 2487 σῶμα
988 2418 1080 2469 τοῦ
1137 2410 1221 2466 ἐπὶ
1279 2407 1538 2489 τυραννίδι
1605 2407 1948 2487 κατακριθένι-

303 2522 421 2580 τος,
479 2502 566 2557 καὶ
621 2497 1044 2580 διαόλῗηθήσομαι
1098 2513 1218 2565 τοῖς
1280 2487 1568 2567 ἰουδαίοιςο
1619 2496 1766 2556 οὒδὶν
1822 2498 1950 2566 τού-

303 2579 413 2644 των
467 2594 590 2646 εἷπε
662 2579 782 2647 καθ’
825 2591 1032 2658 ἑαυτόν·
1106 2587 1244 2657 ἀλλὰ
1303 2587 1473 2644 πάντα
1517 2585 1732 2666 δεύτερα
1801 2587 1948 2664 ἡγη-

306 2678 552 2754 σάμενος,
613 2680 853 2755 ᾐτήσατο
919 2677 1014 2734 ἵνα
1059 2679 1205 2756 θάψῃ
1249 2679 1311 2733 τὸ
1363 2684 1444 2734 τοῦ
1501 2675 1949 2754 κατακεκριμένου

306 2774 484 2843 σῶμα.
561 2759 618 2825 c0
675 2764 729 2838 δὲ
786 2766 1012 2833 Πιλαίτος
1055 2765 1369 2842 ἐθαύμασεν,
1430 2767 1472 2821 εἷ
1521 2763 1626 2836 ἢδη
1672 2766 1944 2831 τέθνηκεν,

306 2855 510 2932 ἐνόμιζε
584 2858 684 2936 γὰρ
734 2860 888 2917 αὐτὸν
957 2857 1042 2913 ἐπὶ
1098 2855 1233 2913 πολὺ
1292 2853 1539 2935 ἀνθέξειν,
1625 2855 1802 2934 ὥσπερ
1859 2857 1948 2912 καὶ

303 2946 423 3011 τοὺς
483 2944 708 3022 λῃστάς,
775 2945 1126 3025 Ἐπηρώτησε
1196 2942 1249 3000 δὲ
1279 2946 1366 3000 καὶ
1409 2945 1500 3001 τὸν
1557 2944 1872 3022 κεντυρίωνα
1905 2945 1946 2999 εἷ

309 3033 468 3091 πάλαι
539 3035 786 3116 ἀπέθανε,
843 3035 1133 3108 τουτέστιν,
1197 3035 1239 3090 εἰ
1308 3036 1410 3115 πρὸ
1453 3034 1592 3113 ὥρας
1665 3031 1942 3092 ἀπέθανεν.

2042 1868 2227 1928 cisum
2259 1888 2290 1929 e
2324 1878 2485 1948 petra
2519 1888 2531 1932 :
2569 1870 2861 1932 etavolvit
2906 1870 3156 1951 lapidem
3206 1871 3275 1932 ad
3319 1872 3532 1932 ostium
3568 1891 3690 1934 mo-

2037 1959 2304 2020 numenti
2337 1958 2411 2019 At
2462 1961 2640 2021 Maria
2669 1959 3005 2039 Magdalene
3038 1967 3095 2021 et
3116 1961 3299 2023 Maria
3342 1961 3480 2023 Jose
3511 1980 3689 2042 spec-

2040 2045 2237 2106 labant
2271 2046 2369 2107 ubi
2405 2056 2746 2127 poneret-ur.
2788 2073 2813 2104 »
2850 2049 3065 2110 Beatus
3101 2047 3324 2131 Joseph
3357 2049 3552 2112 adhuc
3575 2051 3688 2129 legi

2034 2136 2162 2196 281
2207 2137 2500 2212 serviens,
2557 2137 2854 2200 Christum
2904 2137 3089 2199 Deum
3142 2139 3400 2220 agnovit,
3447 2138 3581 2200 ideo
3633 2154 3691 2206 et

2037 2223 2341 2284 laudatum
2371 2225 2551 2286 audet
2605 2225 2853 2286 facinus.
2890 2225 3092 2306 Neque
3143 2226 3436 2306 cogitabat
3475 2225 3691 2289 :Dives

2035 2331 2190 2392 sum,
2225 2321 2283 2374 et
2314 2314 2546 2375 divitias
2596 2315 2869 2376 amittere
2911 2334 3150 2395 possum
3184 2336 3196 2379 :
3231 2316 3280 2378 si
3315 2316 3686 2395 postulavero

2034 2419 2252 2481 corpus
2283 2402 2414 2480 ejus
2447 2403 2549 2484 qui
2583 2413 2824 2484 propter
2852 2405 3219 2484 tyrannidem
3251 2405 3522 2467 affectam
3547 2425 3687 2468 cou-

2034 2491 2348 2552 demnatus
2391 2501 2501 2566 est,
2534 2492 2858 2554 accusabor
2899 2512 2933 2555 a
2982 2494 3222 2556 Judaeis.
3257 2493 3413 2556 Nihil
3440 2496 3556 2557 tale
3583 2514 3684 2558 se-

2033 2579 2292 2660 dicebat,
2328 2582 2433 2642 sed
2466 2582 2666 2642 omnia
2699 2581 3059 2662 posthabens
3082 2591 3139 2644 et
3162 2583 3404 2646 minoris
3434 2583 3683 2661 faciens,

2035 2669 2236 2748 petivit
2262 2670 2621 2750 utsepelirel
2647 2671 3024 2732 condemnati
3057 2691 3297 2751 corpus.
3328 2672 3550 2735 Pilatus
3581 2693 3685 2735 ve-

2034 2777 2099 2818 ro
2153 2758 2474 2819 mirabatur
2518 2759 2675 2839 quod
2718 2760 2842 2838 jam
2904 2772 3169 2822 mortuus
3221 2772 3400 2822 esset.
3434 2763 3678 2826 Putabat

2031 2849 2188 2908 enim
2225 2848 2414 2928 ipsum
2447 2848 2549 2908 diu
2579 2849 2636 2908 in
2668 2867 2855 2926 agone
2889 2850 3265 2923 luctaturum,
3301 2851 3456 2911 sicut
3486 2861 3543 2911 et
3589 2853 3679 2913 la—

2033 2947 2254 2997 trones.
2313 2935 2640 3016 lnterrogat
2685 2956 2881 2998 aniem
2932 2947 2989 2998 et
3018 2940 3456 3014 centurionem,
3491 2941 3540 3001 si
3575 2942 3681 3002 du-

2030 3027 2169 3086 dum
2200 3031 2466 3087 mortuus
2501 3038 2682 3106 esset,
2718 3026 2829 3087 hoc
2873 3037 2964 3088 est
3018 3037 3154 3087 ante
3187 3027 3412 3088 horam.
3450 3027 3672 3110 Joseph

312 3113 368 3179 Ὀ
422 3122 602 3180 τοίνυν
633 3124 830 3202 Ἰωσὴφ
854 3120 1032 3180 λαϐὼν
1065 3125 1124 3180 τὸ
1157 3128 1334 3199 σῶμα,
1380 3123 1613 3204 ἠγόρασε
1642 3123 1737 3198 μὲν
1769 3123 1943 3179 σινδό-

2035 3115 2225 3195 itaque
2256 3122 2496 3194 accepto
2530 3133 2780 3193 corpore
2805 3125 3096 3176 mercatus
3128 3124 3218 3176 est
3247 3116 3587 3192 sindonem,
3618 3121 3679 3180 in

478 3222 493 3232 ν
569 3211 610 3246 με
638 3215 650 3232 κ
761 3211 806 3244 Ἀ),
911 3215 924 3233 9
971 3215 982 3229 ε
1171 3217 1212 3246 _v
1432 3219 1457 3228 -ν
1612 3212 1663 3233 Νι
1806 3214 1819 3230 ς
1905 3211 1917 3248 II

309 3233 390 3268 να.
457 3217 697 3269 ΚαθιΛων
756 3229 810 3268 οι
870 3236 1049 3286 αυτον,
1112 3211 1347 3279 ἐνειλησε
1395 3235 1463 3288 τῃ
1522 3233 1738 3286 σινοονι,
1772 3233 1832 3268 το
1862 3235 1946 3266 τ.-

308 3322 431 3374 μιον
499 3303 684 3376 τιμίως
745 3301 1090 3382 ἐνταφιάζων,
1151 3302 1406 3370 Μαθητὴς
1448 3303 1546 3381 γὰρ
1581 3304 1643 3368 ἢν
1674 3303 1760 3358 καὶ
1791 3301 1944 3362 αὒτός

304 3391 395 3444 τοῦ
463 3396 706 3468 Χριστοῦ,
775 3393 862 3447 καὶ
917 3390 1060 3453 ὅπως
1121 3389 1202 3447 δεῖ
1258 3398 1422 3466 τιμᾷν
1518 3394 1607 3448 τὸν
1670 3392 1944 3458 Δεσπότην

303 3475 476 3543 εἰδώς·
534 3481 618 3535 καὶ
695 3480 1008 3559 εὖσχήμων,
1097 3479 1333 3537 τουτέστι
1391 3481 1606 3556 σεμνὸς,
1692 3477 1940 3553 εὒλαϐὴς,

300 3566 598 3642 ἄμεμπτος.
665 3567 958 3636 Βουλευτὴς
1013 3567 1067 3624 δὲ
1118 3569 1322 3643 ἀξίωμά
1375 3592 1422 3625 τι
1479 3571 1570 3650 ἦν,
1627 3567 1831 3644 μᾶλλον
1889 3569 1943 3624 δὲ

300 3654 657 3735 λειτούργημα
715 3659 800 3713 καὶ
867 3661 1022 3738 βάρος
1095 3657 1394 3732 πολιτικὸν,
1484 3658 1508 3713 ὅ
1593 3661 1640 3714 οἱ
1722 3659 1940 3738 ἔχοντες

299 3745 660 3822 ἠναγκάζοντο
699 3748 766 3804 τὰ.
833 3749 930 3815 τῆς
985 3747 1177 3826 ἀγορᾶς
1261 3747 1592 3804 ἐπισκοπεῖν·
1655 3749 1744 3806 καὶ
1801 3747 1940 3804 πολ-

299 3833 415 3897 λοῖς
486 3834 742 3903 πολλάκις
797 3835 1027 3898 κίνδυνος
1085 3835 1307 3904 ἐπῆλθεν
1357 3836 1420 3900 ἐκ
1487 3838 1694 3911 τούτου,
1737 3835 1819 3893 διὰ
1848 3840 1944 3906 τὴν

297 3929 395 3991 τῆς
453 3924 648 4003 ἆγορᾶς
700 3926 1085 4005 κακοπραγίαν.
1167 3923 1530 3982 Ἀκουέτωσαν
1578 3929 1623 3983 οἱ
1675 3925 1940 3998 πλούσιοι,

296 4015 384 4068 καὶ
466 4011 744 4089 δημοσίοις
799 4013 1248 4094 ἐνασχολούμενοι
1306 4017 1636 4094 πράγμασιν,
1690 4013 1837 4078 ὅπως
1869 4024 1943 4091 τῷ

299 4102 496 4180 Ἰωσὴφ
553 4101 698 4157 οὗδὲν
745 4101 1016 4159 ὲνεπόδισε
1063 4105 1193 4182 πρὸς
1257 4103 1448 4182 ἀρετὴν
1492 4106 1552 4159 τὸ
1609 4103 1944 4180 βουλευτικὸν

297 4188 522 4266 ἀξίωμα,
579 4190 774 4272 Ἰωσὴφ
826 4189 880 4247 δὲ
976 4193 1342 4271 ἑρμηνεύεται,
1433 4193 1730 4272 πρόσθεσις’
1792 4193 1945 4273 Ἀρι-

297 4283 522 4352 μαθατος
577 4277 655 4354 δὲ,
715 4280 884 4361 αἴρων
944 4281 1145 4344 ἐκεῖνο,
1208 4281 1419 4337 Γένοιτο
1473 4287 1561 4338 οὖν
1645 4282 1733 4337 καὶ
1805 4283 1946 4355 ἡμᾶς

293 4369 430 4424 κατὰ
481 4369 572 4424 τὸν
647 4368 847 4450 Ἰωσὴφ
922 4369 1182 4448 γενέσθαι,
1268 4369 1349 4424 aet
1424 4373 1795 4449 προστιθέντας
1870 4376 1947 4443 τῷ

2027 3225 2141 3283 qua
2171 3203 2505 3282 depositum
2540 3203 2779 3263 involvit
2815 3225 2826 3265 :
2864 3213 2921 3265 et
2951 3205 3105 3284 quod
3150 3205 3376 3266 honore
3404 3206 3670 3284 dignum,

2029 3312 2163 3354 Cttm
2199 3295 2423 3353 honore
2456 3293 2744 3372 sepelivit.
2779 3295 2913 3355 Erat
2949 3293 3106 3354 enim
3154 3303 3211 3355 et
3253 3295 3376 3374 ipse
3409 3297 3674 3377 discipu-

2027 3383 2118 3443 lus
2139 3383 2504 3453 lesu,scieus
2523 3382 2761 3460 dignum
2793 3385 3016 3444 honore
3043 3382 3449 3461 Dominum;et
3467 3387 3678 3447 hones-

2032 3467 2143 3546 ιιῖε,
2181 3471 2290 3532 hoc
2323 3471 3171 3551 est,pius,irreprehensibilis;
3195 3481 3432 3533 senator
3453 3484 3673 3544 autem,

2028 3580 2157 3638 qum
2188 3560 2437 3637 dignitas
2463 3560 2730 3640 quaedam
2766 3571 2892 3621 erat
2921 3560 3001 3620 vel
3039 3562 3231 3639 potius
3279 3563 3671 3623 ministerium

2027 3663 2083 3709 et
2117 3669 2264 3707 unus
2295 3649 2467 3709 civile
2495 3667 2598 3728 per
2652 3650 2806 3729 quod
2860 3649 3220 3727 cogebantur
3249 3652 3562 3712 intendere
3588 3653 3676 3718 his

2025 3759 2155 3820 quae
2187 3741 2292 3800 lori
2327 3749 2515 3819 erant,
2547 3749 2603 3800 et
2636 3741 2818 3801 multa
2849 3760 3004 3820 saepe
3030 3741 3169 3800 inde.
3203 3742 3546 3804 oriebantur
3567 3763 3674 3823 pe-

2031 3829 2218 3890 ricula
2259 3842 2502 3909 propter
2539 3829 2651 3888 fori
2703 3831 3010 3894 malitiam.
3059 3829 3318 3891 Audiant
3364 3832 3592 3906 divites,
3621 3841 3676 3894 et

2032 3918 2280 3997 publicis
2318 3918 2667 3978 muneribus
2711 3919 3042 4001 fungentes,
3074 3921 3373 4000 quomodo
3414 3921 3673 4001 Josepho

2031 4006 2176 4068 nihil
2215 4006 2461 4066 obsistat
2493 4007 2562 4066 ad
2605 4008 2876 4069 virtutem
2917 4011 3210 4070 senatoria
3259 4010 3532 4088 dignitas.
3565 4011 3671 4072 J0-

2027 4097 2174 4175 seph
2215 4095 2589 4175 interpretari
2629 4116 2941 4175 possumus
2970 4107 3352 4176 augmentum
3381 4117 3399 4160 :
3434 4101 3672 4161 Arima—

2031 4185 2214 4245 lllEDUS
2234 4202 2396 4264 vero,
2435 4184 2646 4244 tollens
2678 4187 2808 4246 hoc.
2847 4188 3141 4249 Concedat
3173 4196 3364 4247 autvm
3398 4188 3578 4268 Deus,
3613 4200 3674 4249 ut

2028 4273 2204 4334 etiam
2236 4291 2343 4332 uos
2375 4275 2526 4332 sicut
2545 4273 2765 4353 Joseph
2796 4275 2895 4334 ille
2921 4276 3132 4335 ﬁamus
3154 4294 3394 4352 semper
3420 4277 3672 4356 aucti,et

2027 4361 2380 4441 adjicicntes
2418 4361 2475 4420 iu
2519 4381 2692 4421 cursu
2747 4363 3004 4444 virtutis,
3036 4381 3103 4424 ac
3137 4364 3412 4424 tollentes
3442 4365 3573 4437 hoc,
3611 4366 3666 4425 id

295 4454 472 4534 δρόμῳ
539 4463 642 4526 τῆς,
693 4457 916 4540 ἀρετῆς,
973 4460 1060 4515 καὶ
1116 4457 1366 4532 αἴροντας
1421 4457 1621 4534 ἐκεῖνρ,
1677 4457 1941 4532 τουτέστι,

2035 4462 2139 4516 est,
2191 4450 2248 4510 id
2284 4450 2442 4530 quod
2505 4459 2593 4513 est
2647 4469 2782 4512 vere
2835 4451 3056 4513 bonum
3093 4470 3106 4514 :
3142 4453 3500 4532 accipiamus
3533 4473 3668 4516 vero

295 4545 357 4618 τᾷ
426 4542 590 4616 ὅντως
641 4545 856 4624 ἀγαθόν·
889 4544 1076 4617 λαϐεῖν
1131 4543 1186 4603 δὲ
1227 4548 1406 4612 καὶτὸ
1436 4555 1591 4622 σῶμα
1619 4555 1711 4605 τοῦ
1761 4546 1936 4614 Ἰησοῦ

296 4631 378 4691 διὰ
438 4638 538 4706 τῆς
595 4624 896 4716 κοινωνίας,
931 4637 1020 4701 καὶ
1052 4636 1368 4703 καταθέσθαι
1412 4644 1566 4708 τοὺῈο
1607 4637 1660 4693 ἐν
1691 4638 1937 4714 μνημείῳ

298 4720 722 4808 λελατομημένῳ
778 4725 839 4784 ἐκ
907 4725 1129 4808 πέτρας,
1186 4725 1481 4797 τουτέστιν,
1544 4725 1599 4782 ἐν
1628 4732 1937 4810 μνημονικῇ

297 4816 452 4894 ψυχῇ
498 4805 596 4870 ’καὶ
648 4814 727 4889 μὴ
798 4805 1250 4890 ἐπιλανθανομὰνη
1321 4824 1413 4873 τοῦ
1471 4821 1624 4882 Θεοῦ,
1659 4805 1852 4881 "Esto;
1881 4813 1935 4871 δὲ

296 4899 469 4972 ἔκείνη
526 4903 560 4969 ἡ
619 4903 796 4987 ψυχὴ,
848 4903 907 4964 ἐκ
948 4902 1141 4982 πέτρας
1173 4902 1608 4982 λελατομημένη,
1641 4905 1936 4985 τσυτέστιν,

298 4991 401 5045 ἀπὸ
474 4998 721 5071 Χριστοῦ,
781 4991 836 5058 ὅς
879 4991 1020 5048 ἐστιν
1077 4993 1112 5060 ἡ
1168 4992 1332 5071 πέτρα
1385 4991 1586 5072 ἔχουσα
1613 4993 1710 5062 τὴν
1740 4996 1936 5051 σύστα-

298 5095 399 5135 σιν’
441 5079 712 5153 ἒνειλῆσαι
769 5078 825 5136 δὲ
879 5083 1004 5138 αὐτὸ
1058 5080 1112 5136 ἐν
1168 5079 1363 5137 σινδόνι
1391 5082 1682 5154 τουτέστιν,
1714 5086 1768 5139 iv
1825 5083 1938 5139 σώ-

297 5191 420 5243 ματι
478 5172 691 5250 καθαρῷ
746 5167 985 5235 δέξασθαι
1056 5169 1204 5226 αὐτό·
1268 5168 1456 5226 σινδὼν
1485 5171 1584 5249 γὰρ
1613 5176 1711 5238 τῆς
1752 5176 1936 5252 ψυχῆς

296 5257 382 5312 καὶ
441 5260 560 5312 οἷον
615 5257 845 5333 ἱμάτιον,
899 5260 962 5314 τὸ
1020 5265 1203 5334 σῶμα,
1275 5268 1368 5314 Δεῖ
1415 5257 1504 5316 οὖν
1561 5259 1638 5333 μὴ
1682 5259 1840 5335 μόνον
1883 5263 1938 5314 ἓν

296 5349 449 5426 ψυχῇ
520 5349 720 5425 καθαρᾷ
777 5345 1022 5427 δέχεσθαι
1082 5349 1142 5403 τὸ
1199 5351 1344 5404 θεῖον
1397 5347 1551 5422 σῶμα
1582 5355 1675 5405 τοῦ
1729 5348 1934 5426 Κυρίου,

294 5432 430 5490 ἀλλὰ
498 5436 586 5492 καὶ
645 5435 699 5490 ἐν
768 5436 976 5510 σώματι
1053 5439 1294 5508 τοιούτῳ’
1369 5433 1608 5492 ὲνειλεϊν.
1649 5434 1703 5492 δὲ
1760 5439 1937 5516 τοῦτο,

294 5523 554 5598 τουτέστι,
640 5524 945 5604 συστρέφειν
1039 5526 1127 5580 καὶ
1207 5522 1529 5599 συστέλλειν,
1632 5523 1768 5581 ἀλλὰ
1861 5527 1939 5601 μὴ

299 5609 574 5676 {imula-3w
631 5615 694 5668 τὸ
779 5614 880 5692 γὰρ
961 5614 1249 5691 μυστήριον
1327 5612 1746 5689 συνεσταλμένον
1831 5615 1940 5671 ἐστὶ

295 5702 381 5756 καὶ
411 5701 740 5783 ἀπόκρυφον,
775 5704 862 5759 καὶ
893 5703 987 5759 οὔκ
1013 5701 1414 5781 ἒξηπλωμένον.

2025 4557 2236 4619 corpus
2263 4537 2404 4600 Jesu
2432 4557 2536 4619 per
2557 4541 3068 4617 communionem,
3105 4551 3162 4602 et
3205 4541 3564 4604 collocemus
3607 4544 3669 4606 in

2021 4636 2408 4690 monumento
2440 4628 2636 4688 exciso
2658 4648 2727 4690 ex
2761 4639 2947 4711 petra,
2973 4631 3084 4691 hoc
3107 4631 3282 4706 est,in
3314 4631 3512 4691 anima
3538 4651 3666 4695 me-

2025 4719 2196 4793 mori,
2232 4735 2363 4798 quae
2393 4719 2581 4780 Deum
2617 4737 2732 4779 non
2762 4719 3160 4782 obliviscatur.
3193 4719 3278 4782 Sit
3300 4728 3494 4782 autem
3530 4722 3665 4782 ani-

2026 4826 2120 4868 ma
2143 4807 2241 4868 illa
2272 4824 2339 4869 ex
2373 4815 2538 4886 petra
2573 4808 2788 4882 excisa,
2823 4808 2932 4869 hoc
2964 4818 3072 4883 est,
3107 4809 3410 4885 aChristo,
3437 4811 3535 4890 qui
3583 4819 3671 4872 est

2025 4906 2191 4977 petra
2215 4897 2274 4956 in
2297 4913 2411 4975 qua
2438 4897 2762 4958 consistere
2789 4897 3137 4977 poterimus.
3173 4899 3501 4961 luvolvatur
3530 4918 3665 4960 vero

2023 4987 2082 5046 in
2108 4986 2380 5048 sindone.
2420 4989 2530 5049 hoc
2565 4989 2743 5064 est,in
2767 5008 3016 5070 corpore
3048 4992 3267 5051 mundo
3291 4991 3665 5072 suscipiatur.

2025 5074 2167 5137 Nam
2199 5077 2408 5136 sindon
2442 5077 2655 5138 animae
2687 5087 2774 5139 est
2804 5098 3019 5160 corpus
3045 5081 3211 5159 quasi
3244 5081 3441 5141 vestis.
3471 5082 3669 5162 Opor—

2025 5173 2107 5228 tet
2129 5165 2313 5246 igitur
2362 5185 2477 5226 uon
2513 5167 2701 5227 solum
2732 5168 2790 5228 in
2824 5169 3021 5229 anima
3064 5188 3210 5249 pura
3239 5174 3542 5250 suscipere
3571 5172 3666 5231 di-

2024 5255 2220 5315 vinum
2255 5274 2470 5334 corpus
2491 5255 2752 5331 Domini,
2788 5257 2890 5318 sed
2942 5260 2998 5318 in
3059 5277 3309 5338 corpore
3361 5278 3525 5338 puro.
3562 5259 3666 5321 In-

2023 5343 2372 5405 volvendum
2405 5353 2603 5406 autem
2641 5354 2729 5406 est
2783 5345 2920 5426 hoc,
2949 5345 3004 5407 id
3050 5355 3160 5417 est,
3195 5349 3665 5409 contrahendum

2025 5442 2082 5494 et
2129 5433 2554 5495 continendum
2583 5444 2640 5494 et
2672 5453 2788 5496 non
2823 5435 3282 5516 explanandum.
3325 5439 3664 5518 Mysterium

2024 5523 2181 5583 enim
2212 5523 2269 5582 in
2303 5531 2604 5585 contracto
2636 5532 2813 5586 estet
2861 5524 3182 5601 occultum,
3218 5534 3275 5587 et
3325 5547 3441 5589 non
3485 5528 3669 5592 cuivis

2023 5611 2440 5693 aperiendum.
