  <div class='ocr_page' id='page_1' title='image "/cluster/home/n/w/nwhite01/storage/ocr_20150623/123/mdp.39015009359079/348.png"; bbox 0 0 4154 6298; ppageno 0'>
   <div class='ocr_carea' id='block_1_1' title="bbox 307 329 415 392">
    <p class='ocr_par' dir='ltr' id='par_1_1' title="bbox 307 329 415 392">
     <span class='ocr_line' id='line_1_1' title="bbox 307 329 415 392; baseline 0 -1"><span class='ocrx_word' id='word_1_1' title='bbox 307 329 415 392; x_wconf 81' lang='grc'><strong>681</strong></span> 
     </span>
    </p>
   </div>
   <div class='ocr_carea' id='block_1_2' title="bbox 299 463 561 541">
    <p class='ocr_par' dir='ltr' id='par_1_2' title="bbox 299 463 561 541">
     <span class='ocr_line' id='line_1_2' title="bbox 299 463 561 541; baseline -0.008 -21"><span class='ocrx_word' id='word_1_2' title='bbox 299 463 514 541; x_wconf 82' lang='grc' dir='ltr'>βλαϐείς</span> <span class='ocrx_word' id='word_1_3' title='bbox 548 480 561 494; x_wconf 85' lang='grc'><strong>·</strong></span> 
     </span>
    </p>
   </div>
   <div class='ocr_carea' id='block_1_3' title="bbox 295 550 1948 634">
    <p class='ocr_par' dir='ltr' id='par_1_3' title="bbox 295 550 1948 634">
     <span class='ocr_line' id='line_1_3' title="bbox 295 550 1948 634; baseline 0.001 -25"><span class='ocrx_word' id='word_1_4' title='bbox 295 552 509 630; x_wconf 76' lang='grc' dir='ltr'>βλάψῃ.</span> <span class='ocrx_word' id='word_1_5' title='bbox 570 552 763 630; x_wconf 81' lang='grc' dir='ltr'><strong>Γέγονε</strong></span> <span class='ocrx_word' id='word_1_6' title='bbox 838 550 892 607; x_wconf 78' lang='grc' dir='ltr'><strong>δὲ</strong></span> <span class='ocrx_word' id='word_1_7' title='bbox 948 559 1161 610; x_wconf 83' lang='grc' dir='ltr'>τοιαῦτα</span> <span class='ocrx_word' id='word_1_8' title='bbox 1231 552 1444 618; x_wconf 83' lang='grc' dir='ltr'>πάντως</span> <span class='ocrx_word' id='word_1_9' title='bbox 1497 552 1696 634; x_wconf 81' lang='grc' dir='ltr'>πολλὰ,</span> <span class='ocrx_word' id='word_1_10' title='bbox 1758 556 1831 619; x_wconf 79' lang='grc' dir='ltr'><strong>ὡς</strong></span> <span class='ocrx_word' id='word_1_11' title='bbox 1895 556 1948 612; x_wconf 76' lang='grc' dir='ltr'>ἐν</span> 
     </span>
    </p>
   </div>
   <div class='ocr_carea' id='block_1_4' title="bbox 295 640 1948 724">
    <p class='ocr_par' dir='ltr' id='par_1_4' title="bbox 295 640 1948 724">
     <span class='ocr_line' id='line_1_4' title="bbox 295 640 1948 724; baseline 0 -25"><span class='ocrx_word' id='word_1_12' title='bbox 295 656 424 706; x_wconf 86' lang='grc' dir='ltr'>ταῖς</span> <span class='ocrx_word' id='word_1_13' title='bbox 466 642 721 720; x_wconf 75' lang='grc' dir='ltr'><strong>ἱστορίαις</strong></span> <span class='ocrx_word' id='word_1_14' title='bbox 782 641 1113 721; x_wconf 78' lang='grc' dir='ltr'>εὑρίσκομεν.</span> <span class='ocrx_word' id='word_1_15' title='bbox 1158 640 1356 698; x_wconf 79' lang='grc' dir='ltr'>Πολλοὶ</span> <span class='ocrx_word' id='word_1_16' title='bbox 1413 642 1514 721; x_wconf 78' lang='grc' dir='ltr'><strong>γὰρ</strong></span> <span class='ocrx_word' id='word_1_17' title='bbox 1567 644 1656 699; x_wconf 86' lang='grc' dir='ltr'><strong>καὶ</strong></span> <span class='ocrx_word' id='word_1_18' title='bbox 1697 644 1948 724; x_wconf 73' lang='grc' dir='ltr'>φάρμακα</span> 
     </span>
    </p>
   </div>
   <div class='ocr_carea' id='block_1_5' title="bbox 294 729 1950 809">
    <p class='ocr_par' dir='ltr' id='par_1_5' title="bbox 294 729 1950 809">
     <span class='ocr_line' id='line_1_5' title="bbox 294 729 1950 809; baseline 0 -21"><span class='ocrx_word' id='word_1_19' title='bbox 294 734 539 804; x_wconf 80' lang='grc' dir='ltr'><strong>πιόντες,</strong></span> <span class='ocrx_word' id='word_1_20' title='bbox 600 729 692 786; x_wconf 77' lang='grc' dir='ltr'><strong>διὰ</strong></span> <span class='ocrx_word' id='word_1_21' title='bbox 761 735 862 798; x_wconf 78' lang='grc' dir='ltr'>τῆς</span> <span class='ocrx_word' id='word_1_22' title='bbox 916 739 1011 787; x_wconf 89' lang='grc' dir='ltr'><strong>τοῦ</strong></span> <span class='ocrx_word' id='word_1_23' title='bbox 1073 739 1297 809; x_wconf 84' lang='grc' dir='ltr'>σταυροῦ</span> <span class='ocrx_word' id='word_1_24' title='bbox 1354 731 1644 809; x_wconf 74' lang='grc' dir='ltr'>σφραγῖδος</span> <span class='ocrx_word' id='word_1_25' title='bbox 1692 730 1950 796; x_wconf 77' lang='grc' dir='ltr'>ἀϐλαϐεῖς</span> 
     </span>
    </p>
   </div>
   <div class='ocr_carea' id='block_1_6' title="bbox 295 817 1955 901">
    <p class='ocr_par' dir='ltr' id='par_1_6' title="bbox 295 817 1955 901">
     <span class='ocr_line' id='line_1_6' title="bbox 295 817 1955 901; baseline 0.003 -26"><span class='ocrx_word' id='word_1_26' title='bbox 295 818 714 899; x_wconf 72' lang='grc' dir='ltr'>διετηρήθησαν,</span> <span class='ocrx_word' id='word_1_27' title='bbox 803 829 978 877; x_wconf 88' lang='grc' dir='ltr'>Ταῦτα</span> <span class='ocrx_word' id='word_1_28' title='bbox 1055 817 1109 874; x_wconf 79' lang='grc' dir='ltr'><strong>δὲ</strong></span> <span class='ocrx_word' id='word_1_29' title='bbox 1181 819 1446 894; x_wconf 75' lang='grc' dir='ltr'>λαλήσας,</span> <span class='ocrx_word' id='word_1_30' title='bbox 1508 819 1807 901; x_wconf 74' lang='grc' dir='ltr'><strong>ἀνελήφθη,</strong></span> <span class='ocrx_word' id='word_1_31' title='bbox 1864 829 1955 881; x_wconf 79' lang='grc' dir='ltr'><strong>καὶ</strong></span> 
     </span>
    </p>
   </div>
   <div class='ocr_carea' id='block_1_7' title="bbox 299 906 1956 988">
    <p class='ocr_par' dir='ltr' id='par_1_7' title="bbox 299 906 1956 988">
     <span class='ocr_line' id='line_1_7' title="bbox 299 906 1956 988; baseline 0.001 -23"><span class='ocrx_word' id='word_1_32' title='bbox 299 909 540 966; x_wconf 77' lang='grc' dir='ltr'>ἐκάθισεν</span> <span class='ocrx_word' id='word_1_33' title='bbox 597 909 659 964; x_wconf 73' lang='grc' dir='ltr'>ἐκ</span> <span class='ocrx_word' id='word_1_34' title='bbox 715 906 896 973; x_wconf 78' lang='grc' dir='ltr'>δεξιῶν</span> <span class='ocrx_word' id='word_1_35' title='bbox 945 909 1040 964; x_wconf 82' lang='grc' dir='ltr'><strong>τοῦ</strong></span> <span class='ocrx_word' id='word_1_36' title='bbox 1102 915 1233 965; x_wconf 87' lang='grc' dir='ltr'>Θεοῦ</span> <span class='ocrx_word' id='word_1_37' title='bbox 1281 906 1433 988; x_wconf 84' lang='grc'><strong>(95).</strong></span> <span class='ocrx_word' id='word_1_38' title='bbox 1465 909 1699 967; x_wconf 78' lang='grc' dir='ltr'><strong>Ἐκεῖνοι</strong></span> <span class='ocrx_word' id='word_1_39' title='bbox 1744 908 1797 967; x_wconf 80' lang='grc' dir='ltr'><strong>δὲ</strong></span> <span class='ocrx_word' id='word_1_40' title='bbox 1828 913 1956 980; x_wconf 61' lang='lat' dir='ltr'><strong>hu“-</strong></span> 
     </span>
    </p>
   </div>
   <div class='ocr_carea' id='block_1_8' title="bbox 301 995 1952 1079">
    <p class='ocr_par' dir='ltr' id='par_1_8' title="bbox 301 995 1952 1079">
     <span class='ocr_line' id='line_1_8' title="bbox 301 995 1952 1079; baseline 0.002 -25"><span class='ocrx_word' id='word_1_41' title='bbox 301 995 453 1076; x_wconf 80' lang='grc' dir='ltr'>ρυξαν</span> <span class='ocrx_word' id='word_1_42' title='bbox 505 1003 789 1078; x_wconf 81' lang='grc' dir='ltr'>πανταχοῦ</span> <span class='ocrx_word' id='word_1_43' title='bbox 871 1004 964 1053; x_wconf 87' lang='grc' dir='ltr'><strong>τοῦ</strong></span> <span class='ocrx_word' id='word_1_44' title='bbox 1034 998 1242 1078; x_wconf 78' lang='grc' dir='ltr'>Κυρίου,</span> <span class='ocrx_word' id='word_1_45' title='bbox 1336 1000 1519 1079; x_wconf 74' lang='grc' dir='ltr'>φησὶν,</span> <span class='ocrx_word' id='word_1_46' title='bbox 1579 1007 1952 1079; x_wconf 84' lang='grc' dir='ltr'>συνεργοῦντος</span> 
     </span>
    </p>
   </div>
   <div class='ocr_carea' id='block_1_9' title="bbox 298 1084 1952 1165">
    <p class='ocr_par' dir='ltr' id='par_1_9' title="bbox 298 1084 1952 1165">
     <span class='ocr_line' id='line_1_9' title="bbox 298 1084 1952 1165; baseline 0.001 -22"><span class='ocrx_word' id='word_1_47' title='bbox 298 1089 386 1144; x_wconf 78' lang='grc' dir='ltr'><strong>καὶ</strong></span> <span class='ocrx_word' id='word_1_48' title='bbox 442 1091 534 1143; x_wconf 85' lang='grc' dir='ltr'><strong>τὸν</strong></span> <span class='ocrx_word' id='word_1_49' title='bbox 591 1085 752 1165; x_wconf 90' lang='grc' dir='ltr'>λόγον</span> <span class='ocrx_word' id='word_1_50' title='bbox 797 1084 1136 1164; x_wconf 74' lang='grc' dir='ltr'>βεϐαιοῦντος</span> <span class='ocrx_word' id='word_1_51' title='bbox 1191 1085 1276 1143; x_wconf 76' lang='grc' dir='ltr'><strong>διὰ</strong></span> <span class='ocrx_word' id='word_1_52' title='bbox 1325 1092 1430 1143; x_wconf 80' lang='grc' dir='ltr'><strong>τῶν</strong></span> <span class='ocrx_word' id='word_1_53' title='bbox 1458 1086 1952 1145; x_wconf 74' lang='grc' dir='ltr'>ἐπακολουθούντων</span> 
     </span>
    </p>
   </div>
   <div class='ocr_carea' id='block_1_10' title="bbox 299 1169 1950 1256">
    <p class='ocr_par' dir='ltr' id='par_1_10' title="bbox 299 1169 1950 1256">
     <span class='ocr_line' id='line_1_10' title="bbox 299 1169 1950 1256; baseline 0.002 -25"><span class='ocrx_word' id='word_1_54' title='bbox 299 1178 562 1252; x_wconf 85' lang='grc' dir='ltr'>σημείων.</span> <span class='ocrx_word' id='word_1_55' title='bbox 612 1169 767 1255; x_wconf 78' lang='grc' dir='ltr'><strong>Ὀρᾶς</strong></span> <span class='ocrx_word' id='word_1_56' title='bbox 830 1184 1110 1256; x_wconf 81' lang='grc' dir='ltr'>πανταχοῦ</span> <span class='ocrx_word' id='word_1_57' title='bbox 1165 1179 1230 1232; x_wconf 75' lang='grc' dir='ltr'><strong>τα</strong></span> <span class='ocrx_word' id='word_1_58' title='bbox 1283 1177 1518 1253; x_wconf 80' lang='grc' dir='ltr'>ἡμέτερα</span> <span class='ocrx_word' id='word_1_59' title='bbox 1547 1179 1779 1254; x_wconf 78' lang='grc' dir='ltr'>πρῶτον,</span> <span class='ocrx_word' id='word_1_60' title='bbox 1828 1180 1950 1236; x_wconf 81' lang='grc' dir='ltr'>εἶτα</span> 
     </span>
    </p>
   </div>
   <div class='ocr_carea' id='block_1_11' title="bbox 297 1265 1951 1345">
    <p class='ocr_par' dir='ltr' id='par_1_11' title="bbox 297 1265 1951 1345">
     <span class='ocr_line' id='line_1_11' title="bbox 297 1265 1951 1345; baseline 0.001 -23"><span class='ocrx_word' id='word_1_61' title='bbox 297 1267 336 1334; x_wconf 79' lang='grc' dir='ltr'><strong>ἡ</strong></span> <span class='ocrx_word' id='word_1_62' title='bbox 404 1273 498 1322; x_wconf 92' lang='grc' dir='ltr'><strong>τοῦ</strong></span> <span class='ocrx_word' id='word_1_63' title='bbox 556 1274 688 1323; x_wconf 88' lang='grc' dir='ltr'>Θεοῦ</span> <span class='ocrx_word' id='word_1_64' title='bbox 745 1269 990 1344; x_wconf 78' lang='grc' dir='ltr'>συνεργία</span> <span class='ocrx_word' id='word_1_65' title='bbox 1027 1285 1040 1299; x_wconf 88' lang='grc'><strong>·</strong></span> <span class='ocrx_word' id='word_1_66' title='bbox 1089 1267 1245 1341; x_wconf 75' lang='grc' dir='ltr'>ἡμῶν</span> <span class='ocrx_word' id='word_1_67' title='bbox 1301 1268 1401 1345; x_wconf 75' lang='grc' dir='ltr'>γὰρ</span> <span class='ocrx_word' id='word_1_68' title='bbox 1459 1265 1808 1345; x_wconf 68' lang='grc' dir='ltr'>ἐνεργούντων</span> <span class='ocrx_word' id='word_1_69' title='bbox 1862 1269 1951 1324; x_wconf 76' lang='grc' dir='ltr'><strong>καὶ</strong></span> 
     </span>
    </p>
   </div>
   <div class='ocr_carea' id='block_1_12' title="bbox 297 1352 1947 1435">
    <p class='ocr_par' dir='ltr' id='par_1_12' title="bbox 297 1352 1947 1435">
     <span class='ocr_line' id='line_1_12' title="bbox 297 1352 1947 1435; baseline 0.002 -26"><span class='ocrx_word' id='word_1_70' title='bbox 297 1355 478 1434; x_wconf 76' lang='grc' dir='ltr'>ἀρχὴν</span> <span class='ocrx_word' id='word_1_71' title='bbox 521 1352 744 1434; x_wconf 80' lang='grc' dir='ltr'>δόντων,</span> <span class='ocrx_word' id='word_1_72' title='bbox 795 1357 822 1410; x_wconf 83' lang='grc' dir='ltr'>ὁ</span> <span class='ocrx_word' id='word_1_73' title='bbox 875 1355 1064 1433; x_wconf 82' lang='grc' dir='ltr'>Κύριος</span> <span class='ocrx_word' id='word_1_74' title='bbox 1125 1368 1371 1434; x_wconf 78' lang='grc' dir='ltr'>συνεργεῖ</span> <span class='ocrx_word' id='word_1_75' title='bbox 1405 1370 1419 1384; x_wconf 86' lang='grc'><strong><em>⁸</em></strong></span> <span class='ocrx_word' id='word_1_76' title='bbox 1481 1358 1553 1420; x_wconf 82' lang='grc' dir='ltr'>ὡς</span> <span class='ocrx_word' id='word_1_77' title='bbox 1589 1356 1677 1412; x_wconf 71' lang='grc' dir='ltr'>ἐείν</span> <span class='ocrx_word' id='word_1_78' title='bbox 1738 1379 1799 1435; x_wconf 92' lang='grc' dir='ltr'><strong>γε</strong></span> <span class='ocrx_word' id='word_1_79' title='bbox 1869 1359 1947 1433; x_wconf 77' lang='grc' dir='ltr'>μὴ</span> 
     </span>
    </p>
   </div>
   <div class='ocr_carea' id='block_1_13' title="bbox 295 1442 1948 1522">
    <p class='ocr_par' dir='ltr' id='par_1_13' title="bbox 295 1442 1948 1522">
     <span class='ocr_line' id='line_1_13' title="bbox 295 1442 1948 1522; baseline 0.002 -24"><span class='ocrx_word' id='word_1_80' title='bbox 295 1445 462 1518; x_wconf 77' lang='grc' dir='ltr'>ἡμεῖς</span> <span class='ocrx_word' id='word_1_81' title='bbox 505 1442 680 1519; x_wconf 83' lang='grc' dir='ltr'>δῶμεν</span> <span class='ocrx_word' id='word_1_82' title='bbox 747 1444 1018 1522; x_wconf 70' lang='grc' dir='ltr'>ἀφορμὴν,</span> <span class='ocrx_word' id='word_1_83' title='bbox 1083 1445 1143 1499; x_wconf 81' lang='grc' dir='ltr'>οὓ</span> <span class='ocrx_word' id='word_1_84' title='bbox 1183 1457 1452 1522; x_wconf 79' lang='grc' dir='ltr'>συνεργεῖ,</span> <span class='ocrx_word' id='word_1_85' title='bbox 1511 1443 1710 1500; x_wconf 80' lang='grc' dir='ltr'>Σκόπει</span> <span class='ocrx_word' id='word_1_86' title='bbox 1764 1445 1818 1501; x_wconf 74' lang='grc' dir='ltr'>δὲ</span> <span class='ocrx_word' id='word_1_87' title='bbox 1860 1447 1948 1502; x_wconf 84' lang='grc' dir='ltr'><strong>καὶ</strong></span> 
     </span>
    </p>
   </div>
   <div class='ocr_carea' id='block_1_14' title="bbox 297 1531 1949 1613">
    <p class='ocr_par' dir='ltr' id='par_1_14' title="bbox 297 1531 1949 1613">
     <span class='ocr_line' id='line_1_14' title="bbox 297 1531 1949 1613; baseline 0.001 -26"><span class='ocrx_word' id='word_1_88' title='bbox 297 1539 475 1610; x_wconf 80' lang='grc' dir='ltr'>τοῦτο,</span> <span class='ocrx_word' id='word_1_89' title='bbox 536 1532 617 1587; x_wconf 82' lang='grc' dir='ltr'>ὅτι</span> <span class='ocrx_word' id='word_1_90' title='bbox 678 1534 814 1605; x_wconf 81' lang='grc' dir='ltr'>μετὰ</span> <span class='ocrx_word' id='word_1_91' title='bbox 855 1533 949 1587; x_wconf 81' lang='grc' dir='ltr'><strong>τὸν</strong></span> <span class='ocrx_word' id='word_1_92' title='bbox 992 1531 1152 1611; x_wconf 87' lang='grc' dir='ltr'>λόγον</span> <span class='ocrx_word' id='word_1_93' title='bbox 1195 1534 1261 1588; x_wconf 78' lang='grc' dir='ltr'>τὰ</span> <span class='ocrx_word' id='word_1_94' title='bbox 1291 1532 1418 1611; x_wconf 81' lang='grc' dir='ltr'>ἔργα</span> <span class='ocrx_word' id='word_1_95' title='bbox 1445 1534 1533 1588; x_wconf 84' lang='grc' dir='ltr'><strong>γαὶ</strong></span> <span class='ocrx_word' id='word_1_96' title='bbox 1590 1536 1618 1589; x_wconf 83' lang='grc' dir='ltr'>ὁ</span> <span class='ocrx_word' id='word_1_97' title='bbox 1662 1532 1822 1613; x_wconf 82' lang='grc' dir='ltr'>λόγος</span> <span class='ocrx_word' id='word_1_98' title='bbox 1866 1533 1949 1590; x_wconf 78' lang='grc' dir='ltr'><strong>διὰ</strong></span> 
     </span>
    </p>
   </div>
   <div class='ocr_carea' id='block_1_15' title="bbox 295 1619 1948 1700">
    <p class='ocr_par' dir='ltr' id='par_1_15' title="bbox 295 1619 1948 1700">
     <span class='ocr_line' id='line_1_15' title="bbox 295 1619 1948 1700; baseline 0.003 -25"><span class='ocrx_word' id='word_1_99' title='bbox 295 1627 403 1676; x_wconf 80' lang='grc' dir='ltr'>τῶν</span> <span class='ocrx_word' id='word_1_100' title='bbox 452 1621 622 1699; x_wconf 61' lang='grc' dir='ltr'>ἔργων</span> <span class='ocrx_word' id='word_1_101' title='bbox 675 1619 976 1696; x_wconf 85' lang='grc' dir='ltr'>βεϐαιοῦται</span> <span class='ocrx_word' id='word_1_102' title='bbox 1012 1637 1026 1650; x_wconf 84' lang='grc'><strong>⁹</strong></span> <span class='ocrx_word' id='word_1_103' title='bbox 1091 1621 1269 1700; x_wconf 78' lang='grc' dir='ltr'>ὥσπερ</span> <span class='ocrx_word' id='word_1_104' title='bbox 1311 1624 1400 1678; x_wconf 83' lang='grc' dir='ltr'><strong>καὶ</strong></span> <span class='ocrx_word' id='word_1_105' title='bbox 1429 1621 1516 1679; x_wconf 70' lang='grc' dir='ltr'>ἰπὶ</span> <span class='ocrx_word' id='word_1_106' title='bbox 1564 1630 1670 1680; x_wconf 88' lang='grc' dir='ltr'>τῶν</span> <span class='ocrx_word' id='word_1_107' title='bbox 1712 1625 1948 1680; x_wconf 72' lang='grc' dir='ltr'>ἀποστό-</span> 
     </span>
    </p>
   </div>
   <div class='ocr_carea' id='block_1_16' title="bbox 297 1707 1953 1791">
    <p class='ocr_par' dir='ltr' id='par_1_16' title="bbox 297 1707 1953 1791">
     <span class='ocr_line' id='line_1_16' title="bbox 297 1707 1953 1791; baseline 0.001 -25"><span class='ocrx_word' id='word_1_108' title='bbox 297 1709 406 1766; x_wconf 88' lang='grc' dir='ltr'><strong>λων</strong></span> <span class='ocrx_word' id='word_1_109' title='bbox 469 1712 617 1781; x_wconf 85' lang='grc' dir='ltr'>τότε,</span> <span class='ocrx_word' id='word_1_110' title='bbox 670 1713 762 1765; x_wconf 80' lang='grc' dir='ltr'>τὸν</span> <span class='ocrx_word' id='word_1_111' title='bbox 816 1709 978 1786; x_wconf 82' lang='grc' dir='ltr'>λόγον</span> <span class='ocrx_word' id='word_1_112' title='bbox 1039 1707 1308 1767; x_wconf 70' lang='grc' dir='ltr'>ἐϐεϐαίουν</span> <span class='ocrx_word' id='word_1_113' title='bbox 1361 1712 1428 1766; x_wconf 80' lang='grc' dir='ltr'><strong>τα</strong></span> <span class='ocrx_word' id='word_1_114' title='bbox 1480 1711 1608 1791; x_wconf 76' lang='grc' dir='ltr'>ἔργα</span> <span class='ocrx_word' id='word_1_115' title='bbox 1664 1715 1728 1770; x_wconf 79' lang='grc' dir='ltr'>τὰ</span> <span class='ocrx_word' id='word_1_116' title='bbox 1759 1713 1953 1768; x_wconf 76' lang='grc' dir='ltr'>ἐπακο-</span> 
     </span>
    </p>
   </div>
   <div class='ocr_carea' id='block_1_17' title="bbox 300 1798 1947 1881">
    <p class='ocr_par' dir='ltr' id='par_1_17' title="bbox 300 1798 1947 1881">
     <span class='ocr_line' id='line_1_17' title="bbox 300 1798 1947 1881; baseline 0.002 -27"><span class='ocrx_word' id='word_1_117' title='bbox 300 1798 587 1856; x_wconf 88' lang='grc' dir='ltr'>λουθοῦντα</span> <span class='ocrx_word' id='word_1_118' title='bbox 644 1800 732 1855; x_wconf 82' lang='grc' dir='ltr'><strong>καὶ</strong></span> <span class='ocrx_word' id='word_1_119' title='bbox 771 1800 837 1854; x_wconf 79' lang='grc' dir='ltr'><strong>τὰ</strong></span> <span class='ocrx_word' id='word_1_120' title='bbox 879 1813 1108 1876; x_wconf 86' lang='grc' dir='ltr'>σημεῖα,</span> <span class='ocrx_word' id='word_1_121' title='bbox 1156 1801 1366 1857; x_wconf 82' lang='grc' dir='ltr'>Γὲνοιτο</span> <span class='ocrx_word' id='word_1_122' title='bbox 1412 1798 1489 1881; x_wconf 83' lang='grc' dir='ltr'>δὲ,</span> <span class='ocrx_word' id='word_1_123' title='bbox 1550 1802 1688 1879; x_wconf 86' lang='grc' dir='ltr'>Λόγε</span> <span class='ocrx_word' id='word_1_124' title='bbox 1734 1804 1947 1880; x_wconf 81' lang='grc' dir='ltr'>Χριστὲ,</span> 
     </span>
    </p>
   </div>
   <div class='ocr_carea' id='block_1_18' title="bbox 1012 323 2974 393">
    <p class='ocr_par' dir='ltr' id='par_1_18' title="bbox 1012 323 2974 393">
     <span class='ocr_line' id='line_1_18' title="bbox 1012 323 2974 393; baseline 0.001 -3"><span class='ocrx_word' id='word_1_125' title='bbox 1012 326 1453 390; x_wconf 77' lang='lat' dir='ltr'><strong>ENARRATIO</strong></span> <span class='ocrx_word' id='word_1_126' title='bbox 1494 326 1576 390; x_wconf 88' lang='lat' dir='ltr'><strong>IN</strong></span> <span class='ocrx_word' id='word_1_127' title='bbox 1623 326 2127 389; x_wconf 83' lang='lat' dir='ltr'><strong>EVANGELIUM</strong></span> <span class='ocrx_word' id='word_1_128' title='bbox 2181 323 2444 388; x_wconf 79' lang='lat' dir='ltr'><strong>MARCI.</strong></span> <span class='ocrx_word' id='word_1_129' title='bbox 2487 357 2552 368; x_wconf 52' lang='grc' dir='ltr'><strong>-κ</strong></span> <span class='ocrx_word' id='word_1_130' title='bbox 2603 324 2763 388; x_wconf 82' lang='lat' dir='ltr'><strong>CAP.</strong></span> <span class='ocrx_word' id='word_1_131' title='bbox 2813 328 2974 393; x_wconf 86' lang='lat' dir='ltr'><strong>XVI.</strong></span> 
     </span>
    </p>
   </div>
   <div class='ocr_carea' id='block_1_19' title="bbox 620 456 1947 540">
    <p class='ocr_par' dir='ltr' id='par_1_19' title="bbox 620 463 1947 540">
     <span class='ocr_line' id='line_1_19' title="bbox 620 463 1947 540; baseline 0.001 -20"><span class='ocrx_word' id='word_1_132' title='bbox 620 466 719 520; x_wconf 77' lang='grc' dir='ltr'>κᾶν</span> <span class='ocrx_word' id='word_1_133' title='bbox 786 463 1083 539; x_wconf 84' lang='grc' dir='ltr'>θανασιμόν</span> <span class='ocrx_word' id='word_1_134' title='bbox 1145 486 1196 519; x_wconf 88' lang='grc' dir='ltr'><strong>τι</strong></span> <span class='ocrx_word' id='word_1_135' title='bbox 1252 463 1467 536; x_wconf 80' lang='grc' dir='ltr'>πίωσιν,</span> <span class='ocrx_word' id='word_1_136' title='bbox 1541 463 1600 522; x_wconf 77' lang='grc' dir='ltr'>οὐ</span> <span class='ocrx_word' id='word_1_137' title='bbox 1643 466 1721 540; x_wconf 73' lang='grc' dir='ltr'><strong>μὴ</strong></span> <span class='ocrx_word' id='word_1_138' title='bbox 1767 465 1947 530; x_wconf 77' lang='grc' dir='ltr'>αὐτοὺς</span> 
     </span>
    </p>
   </div>
   <div class='ocr_carea' id='block_1_20' title="bbox 2032 456 3673 540">
    <p class='ocr_par' dir='ltr' id='par_1_20' title="bbox 2033 456 3673 530">
     <span class='ocr_line' id='line_1_20' title="bbox 2033 456 3673 530; baseline 0.007 -14"><span class='ocrx_word' id='word_1_139' title='bbox 2033 456 2292 530; x_wconf 76' lang='lat' dir='ltr'><strong>sustulit,</strong></span> <span class='ocrx_word' id='word_1_140' title='bbox 2347 457 2491 519; x_wconf 88' lang='lat' dir='ltr'><strong>nihil</strong></span> <span class='ocrx_word' id='word_1_141' title='bbox 2534 456 2608 527; x_wconf 87' lang='lat' dir='ltr'><strong>ab</strong></span> <span class='ocrx_word' id='word_1_142' title='bbox 2655 459 2756 520; x_wconf 90' lang='lat' dir='ltr'><strong>illa</strong></span> <span class='ocrx_word' id='word_1_143' title='bbox 2798 462 3083 524; x_wconf 80' lang='lat' dir='ltr'><strong>oﬂensus.</strong></span> <span class='ocrx_word' id='word_1_144' title='bbox 3125 464 3373 526; x_wconf 77' lang='lat' dir='ltr'><strong>Etiamsi</strong></span> <span class='ocrx_word' id='word_1_145' title='bbox 3425 467 3673 528; x_wconf 80' lang='lat' dir='ltr'><strong>mortale</strong></span> 
     </span>
    </p>
   </div>
   <div class='ocr_carea' id='block_1_21' title="bbox 3553 327 3673 392">
    <p class='ocr_par' dir='ltr' id='par_1_21' title="bbox 3553 327 3673 392">
     <span class='ocr_line' id='line_1_21' title="bbox 3553 327 3673 392; baseline -0.008 0"><span class='ocrx_word' id='word_1_146' title='bbox 3553 327 3673 392; x_wconf 66' lang='lat'><strong>082</strong></span> 
     </span>
    </p>
   </div>
   <div class='ocr_carea' id='block_1_22' title="bbox 2032 545 3670 636">
    <p class='ocr_par' dir='ltr' id='par_1_22' title="bbox 2032 545 3670 636">
     <span class='ocr_line' id='line_1_22' title="bbox 2032 545 3670 636; baseline 0.009 -33"><span class='ocrx_word' id='word_1_147' title='bbox 2032 545 2268 636; x_wconf 83' lang='lat' dir='ltr'><strong>quidam</strong></span> <span class='ocrx_word' id='word_1_148' title='bbox 2306 546 2588 622; x_wconf 85' lang='lat' dir='ltr'><strong>biberint,</strong></span> <span class='ocrx_word' id='word_1_149' title='bbox 2642 568 2759 609; x_wconf 90' lang='lat' dir='ltr'><strong>non</strong></span> <span class='ocrx_word' id='word_1_150' title='bbox 2807 549 3050 611; x_wconf 76' lang='lat' dir='ltr'><strong>nocebit</strong></span> <span class='ocrx_word' id='word_1_151' title='bbox 3098 553 3205 616; x_wconf 91' lang='lat' dir='ltr'><strong>eis.</strong></span> <span class='ocrx_word' id='word_1_152' title='bbox 3259 555 3426 636; x_wconf 65' lang='lat' dir='ltr'><strong>Saepe</strong></span> <span class='ocrx_word' id='word_1_153' title='bbox 3474 565 3670 617; x_wconf 91' lang='lat' dir='ltr'><strong>autem</strong></span> 
     </span>
    </p>
   </div>
   <div class='ocr_carea' id='block_1_23' title="bbox 2035 635 3670 717">
    <p class='ocr_par' dir='ltr' id='par_1_23' title="bbox 2035 635 3670 717">
     <span class='ocr_line' id='line_1_23' title="bbox 2035 635 3670 717; baseline 0.008 -23"><span class='ocrx_word' id='word_1_154' title='bbox 2035 635 2158 694; x_wconf 63' lang='lat' dir='ltr'><strong>haec</strong></span> <span class='ocrx_word' id='word_1_155' title='bbox 2191 637 2340 696; x_wconf 84' lang='lat' dir='ltr'><strong>facta</strong></span> <span class='ocrx_word' id='word_1_156' title='bbox 2375 648 2530 717; x_wconf 88' lang='lat' dir='ltr'><strong>sunt,</strong></span> <span class='ocrx_word' id='word_1_157' title='bbox 2566 645 2628 696; x_wconf 90' lang='lat' dir='ltr'><strong>ut</strong></span> <span class='ocrx_word' id='word_1_158' title='bbox 2666 637 2724 698; x_wconf 93' lang='lat' dir='ltr'><strong>in</strong></span> <span class='ocrx_word' id='word_1_159' title='bbox 2776 638 3038 700; x_wconf 86' lang='lat' dir='ltr'><strong>historiis</strong></span> <span class='ocrx_word' id='word_1_160' title='bbox 3088 635 3443 707; x_wconf 86' lang='lat' dir='ltr'><strong>invenimus.</strong></span> <span class='ocrx_word' id='word_1_161' title='bbox 3503 646 3670 707; x_wconf 79' lang='lat' dir='ltr'><strong>Multi</strong></span> 
     </span>
    </p>
   </div>
   <div class='ocr_carea' id='block_1_24' title="bbox 2035 723 3674 809">
    <p class='ocr_par' dir='ltr' id='par_1_24' title="bbox 2035 723 3674 809">
     <span class='ocr_line' id='line_1_24' title="bbox 2035 723 3674 809; baseline 0.009 -27"><span class='ocrx_word' id='word_1_162' title='bbox 2035 723 2192 783; x_wconf 90' lang='lat' dir='ltr'><strong>enim</strong></span> <span class='ocrx_word' id='word_1_163' title='bbox 2227 734 2283 785; x_wconf 93' lang='lat' dir='ltr'><strong>et</strong></span> <span class='ocrx_word' id='word_1_164' title='bbox 2317 743 2605 786; x_wconf 87' lang='lat' dir='ltr'><strong>venenum</strong></span> <span class='ocrx_word' id='word_1_165' title='bbox 2633 726 2930 807; x_wconf 83' lang='lat' dir='ltr'><strong>bibentes,</strong></span> <span class='ocrx_word' id='word_1_166' title='bbox 2961 748 3066 808; x_wconf 91' lang='lat' dir='ltr'><strong>per</strong></span> <span class='ocrx_word' id='word_1_167' title='bbox 3085 731 3456 809; x_wconf 75' lang='lat' dir='ltr'><strong>signaculum</strong></span> <span class='ocrx_word' id='word_1_168' title='bbox 3479 735 3674 796; x_wconf 81' lang='lat' dir='ltr'><strong>crucis</strong></span> 
     </span>
    </p>
   </div>
   <div class='ocr_carea' id='block_1_25' title="bbox 2034 812 3669 895">
    <p class='ocr_par' dir='ltr' id='par_1_25' title="bbox 2034 812 3669 895">
     <span class='ocr_line' id='line_1_25' title="bbox 2034 812 3669 895; baseline 0.007 -24"><span class='ocrx_word' id='word_1_169' title='bbox 2034 812 2202 872; x_wconf 77' lang='lat' dir='ltr'><strong>illaesi</strong></span> <span class='ocrx_word' id='word_1_170' title='bbox 2229 814 2559 875; x_wconf 80' lang='lat' dir='ltr'><strong>conservati</strong></span> <span class='ocrx_word' id='word_1_171' title='bbox 2590 825 2750 878; x_wconf 87' lang='lat' dir='ltr'><strong>sunt.</strong></span> <span class='ocrx_word' id='word_1_172' title='bbox 2795 814 2930 878; x_wconf 71' lang='lat' dir='ltr'><strong>Haec</strong></span> <span class='ocrx_word' id='word_1_173' title='bbox 2977 829 3172 880; x_wconf 90' lang='lat' dir='ltr'><strong>autem</strong></span> <span class='ocrx_word' id='word_1_174' title='bbox 3217 840 3351 881; x_wconf 89' lang='lat' dir='ltr'><strong>cum</strong></span> <span class='ocrx_word' id='word_1_175' title='bbox 3403 822 3669 895; x_wconf 81' lang='lat' dir='ltr'><strong>dixisset,</strong></span> 
     </span>
    </p>
   </div>
   <div class='ocr_carea' id='block_1_26' title="bbox 2036 905 3669 980">
    <p class='ocr_par' dir='ltr' id='par_1_26' title="bbox 2036 905 3669 980">
     <span class='ocr_line' id='line_1_26' title="bbox 2036 905 3669 980; baseline 0.006 -20"><span class='ocrx_word' id='word_1_176' title='bbox 2036 910 2372 980; x_wconf 80' lang='lat' dir='ltr'><strong>assumptus</strong></span> <span class='ocrx_word' id='word_1_177' title='bbox 2403 911 2510 976; x_wconf 85' lang='lat' dir='ltr'><strong>est,</strong></span> <span class='ocrx_word' id='word_1_178' title='bbox 2550 914 2608 963; x_wconf 85' lang='lat' dir='ltr'><strong>et</strong></span> <span class='ocrx_word' id='word_1_179' title='bbox 2637 905 2804 965; x_wconf 86' lang='lat' dir='ltr'><strong>sedet</strong></span> <span class='ocrx_word' id='word_1_180' title='bbox 2849 923 2883 966; x_wconf 90' lang='lat' dir='ltr'><strong>a</strong></span> <span class='ocrx_word' id='word_1_181' title='bbox 2913 905 3134 967; x_wconf 80' lang='lat' dir='ltr'><strong>dextris</strong></span> <span class='ocrx_word' id='word_1_182' title='bbox 3165 907 3291 971; x_wconf 89' lang='lat' dir='ltr'><strong>Dei.</strong></span> <span class='ocrx_word' id='word_1_183' title='bbox 3343 911 3427 972; x_wconf 88' lang='lat' dir='ltr'><strong>Illi</strong></span> <span class='ocrx_word' id='word_1_184' title='bbox 3476 920 3669 974; x_wconf 86' lang='lat' dir='ltr'><strong>autem</strong></span> 
     </span>
    </p>
   </div>
   <div class='ocr_carea' id='block_1_27' title="bbox 2041 990 3671 1079">
    <p class='ocr_par' dir='ltr' id='par_1_27' title="bbox 2041 990 3671 1079">
     <span class='ocr_line' id='line_1_27' title="bbox 2041 990 3671 1079; baseline 0.008 -32"><span class='ocrx_word' id='word_1_185' title='bbox 2041 990 2507 1067; x_wconf 45' lang='lat' dir='ltr'><strong>prasini-avertunt</strong></span> <span class='ocrx_word' id='word_1_186' title='bbox 2537 991 2758 1071; x_wconf 80' lang='lat' dir='ltr'><strong>ubique</strong></span> <span class='ocrx_word' id='word_1_187' title='bbox 2784 994 3671 1079; x_wconf 87' lang='lat' dir='ltr'><strong>Domino,inquit,cooperante,</strong></span> 
     </span>
    </p>
   </div>
   <div class='ocr_carea' id='block_1_28' title="bbox 2037 1082 3669 1166">
    <p class='ocr_par' dir='ltr' id='par_1_28' title="bbox 2037 1082 3669 1166">
     <span class='ocr_line' id='line_1_28' title="bbox 2037 1082 3669 1166; baseline 0.008 -29"><span class='ocrx_word' id='word_1_188' title='bbox 2037 1088 2091 1166; x_wconf 70' lang='lat' dir='ltr'><strong>et</strong></span> <span class='ocrx_word' id='word_1_189' title='bbox 2128 1097 2466 1140; x_wconf 87' lang='lat' dir='ltr'><strong>sermonem</strong></span> <span class='ocrx_word' id='word_1_190' title='bbox 2516 1082 2905 1142; x_wconf 83' lang='lat' dir='ltr'><strong>conﬁrmante</strong></span> <span class='ocrx_word' id='word_1_191' title='bbox 2965 1101 3070 1163; x_wconf 90' lang='lat' dir='ltr'><strong>per</strong></span> <span class='ocrx_word' id='word_1_192' title='bbox 3119 1087 3431 1165; x_wconf 84' lang='lat' dir='ltr'><strong>sequentia</strong></span> <span class='ocrx_word' id='word_1_193' title='bbox 3479 1089 3669 1166; x_wconf 79' lang='lat' dir='ltr'><strong>signa.</strong></span> 
     </span>
    </p>
   </div>
   <div class='ocr_carea' id='block_1_29' title="bbox 2037 1165 3673 1256">
    <p class='ocr_par' dir='ltr' id='par_1_29' title="bbox 2037 1165 3673 1256">
     <span class='ocr_line' id='line_1_29' title="bbox 2037 1165 3673 1256; baseline 0.007 -28"><span class='ocrx_word' id='word_1_194' title='bbox 2037 1165 2216 1256; x_wconf 80' lang='lat' dir='ltr'><strong>Vides</strong></span> <span class='ocrx_word' id='word_1_195' title='bbox 2247 1167 2468 1248; x_wconf 90' lang='lat' dir='ltr'><strong>ubique</strong></span> <span class='ocrx_word' id='word_1_196' title='bbox 2500 1179 2700 1231; x_wconf 86' lang='lat' dir='ltr'><strong>nostra</strong></span> <span class='ocrx_word' id='word_1_197' title='bbox 2732 1171 3012 1250; x_wconf 80' lang='lat' dir='ltr'><strong>primum,</strong></span> <span class='ocrx_word' id='word_1_198' title='bbox 3052 1173 3270 1236; x_wconf 91' lang='lat' dir='ltr'><strong>deinde</strong></span> <span class='ocrx_word' id='word_1_199' title='bbox 3299 1174 3404 1237; x_wconf 89' lang='lat' dir='ltr'><strong>Dei</strong></span> <span class='ocrx_word' id='word_1_200' title='bbox 3435 1165 3673 1256; x_wconf 82' lang='lat' dir='ltr'><strong>adjuto-</strong></span> 
     </span>
    </p>
   </div>
   <div class='ocr_carea' id='block_1_30' title="bbox 2033 1255 3671 1344">
    <p class='ocr_par' dir='ltr' id='par_1_30' title="bbox 2033 1255 3671 1344">
     <span class='ocr_line' id='line_1_30' title="bbox 2033 1255 3671 1344; baseline 0.007 -30"><span class='ocrx_word' id='word_1_201' title='bbox 2033 1255 2209 1318; x_wconf 89' lang='lat' dir='ltr'><strong>rium.</strong></span> <span class='ocrx_word' id='word_1_202' title='bbox 2259 1256 2402 1318; x_wconf 85' lang='lat' dir='ltr'><strong>Cum</strong></span> <span class='ocrx_word' id='word_1_203' title='bbox 2456 1259 2614 1319; x_wconf 90' lang='lat' dir='ltr'><strong>enim</strong></span> <span class='ocrx_word' id='word_1_204' title='bbox 2667 1277 2773 1319; x_wconf 89' lang='lat' dir='ltr'><strong>nos</strong></span> <span class='ocrx_word' id='word_1_205' title='bbox 2823 1278 3160 1339; x_wconf 89' lang='lat' dir='ltr'><strong>operamur,</strong></span> <span class='ocrx_word' id='word_1_206' title='bbox 3208 1273 3265 1323; x_wconf 90' lang='lat' dir='ltr'><strong>et</strong></span> <span class='ocrx_word' id='word_1_207' title='bbox 3315 1255 3671 1344; x_wconf 84' lang='lat' dir='ltr'><strong>principium</strong></span> 
     </span>
    </p>
   </div>
   <div class='ocr_carea' id='block_1_31' title="bbox 2033 1344 3674 1428">
    <p class='ocr_par' dir='ltr' id='par_1_31' title="bbox 2033 1344 3674 1428">
     <span class='ocr_line' id='line_1_31' title="bbox 2033 1344 3674 1428; baseline 0.007 -25"><span class='ocrx_word' id='word_1_208' title='bbox 2033 1344 2397 1426; x_wconf 84' lang='lat' dir='ltr'><strong>dederimus,</strong></span> <span class='ocrx_word' id='word_1_209' title='bbox 2460 1346 2743 1407; x_wconf 88' lang='lat' dir='ltr'><strong>Dominus</strong></span> <span class='ocrx_word' id='word_1_210' title='bbox 2790 1359 3164 1428; x_wconf 90' lang='lat' dir='ltr'><strong>cooperatur,</strong></span> <span class='ocrx_word' id='word_1_211' title='bbox 3198 1351 3277 1412; x_wconf 85' lang='lat' dir='ltr'><strong>ita</strong></span> <span class='ocrx_word' id='word_1_212' title='bbox 3323 1353 3370 1411; x_wconf 91' lang='lat' dir='ltr'><strong>si</strong></span> <span class='ocrx_word' id='word_1_213' title='bbox 3417 1371 3524 1413; x_wconf 91' lang='lat' dir='ltr'><strong>nos</strong></span> <span class='ocrx_word' id='word_1_214' title='bbox 3555 1373 3674 1415; x_wconf 91' lang='lat' dir='ltr'><strong>non</strong></span> 
     </span>
    </p>
   </div>
   <div class='ocr_carea' id='block_1_32' title="bbox 2030 1433 3676 1518">
    <p class='ocr_par' dir='ltr' id='par_1_32' title="bbox 2030 1433 3676 1518">
     <span class='ocr_line' id='line_1_32' title="bbox 2030 1433 3676 1518; baseline 0.008 -26"><span class='ocrx_word' id='word_1_215' title='bbox 2030 1433 2372 1494; x_wconf 87' lang='lat' dir='ltr'><strong>dederimus</strong></span> <span class='ocrx_word' id='word_1_216' title='bbox 2395 1436 2790 1506; x_wconf 81' lang='lat' dir='ltr'><strong>occasionem,</strong></span> <span class='ocrx_word' id='word_1_217' title='bbox 2810 1455 2927 1497; x_wconf 89' lang='lat' dir='ltr'><strong>non</strong></span> <span class='ocrx_word' id='word_1_218' title='bbox 2945 1449 3320 1518; x_wconf 88' lang='lat' dir='ltr'><strong>cooperatur.</strong></span> <span class='ocrx_word' id='word_1_219' title='bbox 3352 1443 3676 1504; x_wconf 77' lang='lat' dir='ltr'><strong>Considera</strong></span> 
     </span>
    </p>
   </div>
   <div class='ocr_carea' id='block_1_33' title="bbox 2031 1524 3672 1610">
    <p class='ocr_par' dir='ltr' id='par_1_33' title="bbox 2031 1524 3672 1610">
     <span class='ocr_line' id='line_1_33' title="bbox 2031 1524 3672 1610; baseline 0.006 -28"><span class='ocrx_word' id='word_1_220' title='bbox 2031 1532 2225 1582; x_wconf 89' lang='lat' dir='ltr'><strong>autem</strong></span> <span class='ocrx_word' id='word_1_221' title='bbox 2260 1533 2314 1583; x_wconf 89' lang='lat' dir='ltr'><strong>et</strong></span> <span class='ocrx_word' id='word_1_222' title='bbox 2342 1524 2475 1601; x_wconf 86' lang='lat' dir='ltr'><strong>hoc,</strong></span> <span class='ocrx_word' id='word_1_223' title='bbox 2496 1528 2632 1605; x_wconf 87' lang='lat' dir='ltr'><strong>quia</strong></span> <span class='ocrx_word' id='word_1_224' title='bbox 2654 1535 2784 1605; x_wconf 91' lang='lat' dir='ltr'><strong>post</strong></span> <span class='ocrx_word' id='word_1_225' title='bbox 2813 1544 3151 1587; x_wconf 84' lang='lat' dir='ltr'><strong>sermonem</strong></span> <span class='ocrx_word' id='word_1_226' title='bbox 3169 1547 3373 1610; x_wconf 85' lang='lat' dir='ltr'><strong>opera,</strong></span> <span class='ocrx_word' id='word_1_227' title='bbox 3393 1540 3453 1592; x_wconf 88' lang='lat' dir='ltr'><strong>et</strong></span> <span class='ocrx_word' id='word_1_228' title='bbox 3473 1547 3672 1592; x_wconf 88' lang='lat' dir='ltr'><strong>sermo</strong></span> 
     </span>
    </p>
   </div>
   <div class='ocr_carea' id='block_1_34' title="bbox 2034 1614 3673 1696">
    <p class='ocr_par' dir='ltr' id='par_1_34' title="bbox 2034 1614 3673 1696">
     <span class='ocr_line' id='line_1_34' title="bbox 2034 1614 3673 1696; baseline 0.004 -22"><span class='ocrx_word' id='word_1_229' title='bbox 2034 1633 2138 1693; x_wconf 82' lang='lat' dir='ltr'><strong>per</strong></span> <span class='ocrx_word' id='word_1_230' title='bbox 2162 1633 2339 1694; x_wconf 74' lang='lat' dir='ltr'><strong>Opera</strong></span> <span class='ocrx_word' id='word_1_231' title='bbox 2364 1614 2766 1694; x_wconf 82' lang='lat' dir='ltr'><strong>conﬁrmatur,</strong></span> <span class='ocrx_word' id='word_1_232' title='bbox 2799 1615 2952 1675; x_wconf 89' lang='lat' dir='ltr'><strong>sicut</strong></span> <span class='ocrx_word' id='word_1_233' title='bbox 2978 1625 3036 1676; x_wconf 90' lang='lat' dir='ltr'><strong>et</strong></span> <span class='ocrx_word' id='word_1_234' title='bbox 3066 1617 3127 1676; x_wconf 88' lang='lat' dir='ltr'><strong>in</strong></span> <span class='ocrx_word' id='word_1_235' title='bbox 3149 1618 3428 1696; x_wconf 80' lang='lat' dir='ltr'><strong>apostolis</strong></span> <span class='ocrx_word' id='word_1_236' title='bbox 3449 1637 3673 1681; x_wconf 81' lang='lat' dir='ltr'><strong>sermo-</strong></span> 
     </span>
    </p>
   </div>
   <div class='ocr_carea' id='block_1_35' title="bbox 2036 1703 3671 1786">
    <p class='ocr_par' dir='ltr' id='par_1_35' title="bbox 2036 1703 3671 1786">
     <span class='ocr_line' id='line_1_35' title="bbox 2036 1703 3671 1786; baseline 0.004 -23"><span class='ocrx_word' id='word_1_237' title='bbox 2036 1723 2170 1763; x_wconf 92' lang='lat' dir='ltr'><strong>nem</strong></span> <span class='ocrx_word' id='word_1_238' title='bbox 2203 1703 2636 1764; x_wconf 81' lang='lat' dir='ltr'><strong>conﬁrmabant</strong></span> <span class='ocrx_word' id='word_1_239' title='bbox 2663 1719 2843 1783; x_wconf 85' lang='lat' dir='ltr'><strong>opera</strong></span> <span class='ocrx_word' id='word_1_240' title='bbox 2876 1722 3008 1783; x_wconf 73' lang='lat' dir='ltr'><strong>quae</strong></span> <span class='ocrx_word' id='word_1_241' title='bbox 3043 1704 3563 1786; x_wconf 85' lang='lat' dir='ltr'><strong>subsequebantur</strong></span> <span class='ocrx_word' id='word_1_242' title='bbox 3604 1727 3671 1769; x_wconf 83' lang='lat' dir='ltr'><strong>ac</strong></span> 
     </span>
    </p>
   </div>
   <div class='ocr_carea' id='block_1_36' title="bbox 2036 1791 3671 1872">
    <p class='ocr_par' dir='ltr' id='par_1_36' title="bbox 2036 1791 3671 1872">
     <span class='ocr_line' id='line_1_36' title="bbox 2036 1791 3671 1872; baseline 0.004 -20"><span class='ocrx_word' id='word_1_243' title='bbox 2036 1795 2218 1872; x_wconf 76' lang='lat' dir='ltr'><strong>signa.</strong></span> <span class='ocrx_word' id='word_1_244' title='bbox 2258 1791 2404 1866; x_wconf 82' lang='lat' dir='ltr'><strong>Fiat,</strong></span> <span class='ocrx_word' id='word_1_245' title='bbox 2440 1814 2473 1852; x_wconf 84' lang='grc' dir='ltr'>υ</span> <span class='ocrx_word' id='word_1_246' title='bbox 2496 1794 2707 1854; x_wconf 89' lang='lat' dir='ltr'><strong>Sermo</strong></span> <span class='ocrx_word' id='word_1_247' title='bbox 2739 1791 2998 1866; x_wconf 86' lang='lat' dir='ltr'><strong>Christe,</strong></span> <span class='ocrx_word' id='word_1_248' title='bbox 3049 1803 3109 1854; x_wconf 90' lang='lat' dir='ltr'><strong>ut</strong></span> <span class='ocrx_word' id='word_1_249' title='bbox 3148 1812 3455 1857; x_wconf 86' lang='lat' dir='ltr'><strong>sermones</strong></span> <span class='ocrx_word' id='word_1_250' title='bbox 3485 1797 3671 1858; x_wconf 88' lang='lat' dir='ltr'><strong>nostri</strong></span> 
     </span>
    </p>
   </div>
   <div class='ocr_carea' id='block_1_37' title="bbox 301 1880 1947 1970">
    <p class='ocr_par' dir='ltr' id='par_1_37' title="bbox 301 1880 1947 1970">
     <span class='ocr_line' id='line_1_37' title="bbox 301 1880 1947 1970; baseline 0.002 -26"><span class='ocrx_word' id='word_1_251' title='bbox 301 1890 389 1944; x_wconf 85' lang='grc' dir='ltr'>καὶ</span> <span class='ocrx_word' id='word_1_252' title='bbox 445 1890 568 1950; x_wconf 75' lang='grc' dir='ltr'>τοὺς</span> <span class='ocrx_word' id='word_1_253' title='bbox 623 1887 912 1966; x_wconf 76' lang='grc' dir='ltr'>ἡμετέρους</span> <span class='ocrx_word' id='word_1_254' title='bbox 969 1887 1161 1967; x_wconf 87' lang='grc' dir='ltr'>λόγους</span> <span class='ocrx_word' id='word_1_255' title='bbox 1233 1892 1322 1954; x_wconf 78' lang='grc' dir='ltr'><strong>οῦς</strong></span> <span class='ocrx_word' id='word_1_256' title='bbox 1378 1880 1606 1967; x_wconf 80' lang='grc' dir='ltr'>λέγομεν</span> <span class='ocrx_word' id='word_1_257' title='bbox 1650 1893 1769 1970; x_wconf 77' lang='grc' dir='ltr'>περὶ</span> <span class='ocrx_word' id='word_1_258' title='bbox 1824 1893 1947 1969; x_wconf 83' lang='grc' dir='ltr'>ἀρε-</span> 
     </span>
    </p>
   </div>
   <div class='ocr_carea' id='block_1_38' title="bbox 2032 1880 3671 1970">
    <p class='ocr_par' dir='ltr' id='par_1_38' title="bbox 2037 1880 3671 1962">
     <span class='ocr_line' id='line_1_38' title="bbox 2037 1880 3671 1962; baseline 0.004 -21"><span class='ocrx_word' id='word_1_259' title='bbox 2037 1901 2182 1961; x_wconf 89' lang='lat' dir='ltr'><strong>quos</strong></span> <span class='ocrx_word' id='word_1_260' title='bbox 2213 1880 2286 1942; x_wconf 91' lang='lat' dir='ltr'><strong>de</strong></span> <span class='ocrx_word' id='word_1_261' title='bbox 2318 1880 2529 1942; x_wconf 88' lang='lat' dir='ltr'><strong>virtute</strong></span> <span class='ocrx_word' id='word_1_262' title='bbox 2559 1881 2810 1942; x_wconf 84' lang='lat' dir='ltr'><strong>dicimus</strong></span> <span class='ocrx_word' id='word_1_263' title='bbox 2843 1900 2949 1961; x_wconf 90' lang='lat' dir='ltr'><strong>per</strong></span> <span class='ocrx_word' id='word_1_264' title='bbox 2976 1900 3156 1962; x_wconf 88' lang='lat' dir='ltr'><strong>opera</strong></span> <span class='ocrx_word' id='word_1_265' title='bbox 3185 1892 3243 1944; x_wconf 88' lang='lat' dir='ltr'><strong>et</strong></span> <span class='ocrx_word' id='word_1_266' title='bbox 3268 1884 3418 1946; x_wconf 77' lang='lat' dir='ltr'><strong>facta</strong></span> <span class='ocrx_word' id='word_1_267' title='bbox 3448 1887 3671 1947; x_wconf 84' lang='lat' dir='ltr'><strong>conﬁr-</strong></span> 
     </span>
    </p>
   </div>
   <div class='ocr_carea' id='block_1_39' title="bbox 298 1976 1949 2058">
    <p class='ocr_par' dir='ltr' id='par_1_39' title="bbox 298 1976 1949 2058">
     <span class='ocr_line' id='line_1_39' title="bbox 298 1976 1949 2058; baseline 0.003 -27"><span class='ocrx_word' id='word_1_268' title='bbox 298 1978 422 2058; x_wconf 72' lang='grc' dir='ltr'>τῆς,</span> <span class='ocrx_word' id='word_1_269' title='bbox 480 1977 564 2032; x_wconf 76' lang='grc' dir='ltr'><strong>διὰ</strong></span> <span class='ocrx_word' id='word_1_270' title='bbox 622 1981 730 2032; x_wconf 82' lang='grc' dir='ltr'><strong>τῶν</strong></span> <span class='ocrx_word' id='word_1_271' title='bbox 774 1976 938 2055; x_wconf 79' lang='grc' dir='ltr'>ἔργων</span> <span class='ocrx_word' id='word_1_272' title='bbox 994 1976 1327 2054; x_wconf 85' lang='grc' dir='ltr'>βεϐαιοῦσθαι</span> <span class='ocrx_word' id='word_1_273' title='bbox 1384 1981 1472 2035; x_wconf 85' lang='grc' dir='ltr'><strong>καὶ</strong></span> <span class='ocrx_word' id='word_1_274' title='bbox 1526 1987 1631 2036; x_wconf 85' lang='grc' dir='ltr'><strong>τῶν</strong></span> <span class='ocrx_word' id='word_1_275' title='bbox 1688 1978 1949 2058; x_wconf 77' lang='grc' dir='ltr'>πράξεων,</span> 
     </span>
    </p>
   </div>
   <div class='ocr_carea' id='block_1_40' title="bbox 304 2057 1951 2148">
    <p class='ocr_par' dir='ltr' id='par_1_40' title="bbox 304 2057 1951 2148">
     <span class='ocr_line' id='line_1_40' title="bbox 304 2057 1951 2148; baseline 0.004 -28"><span class='ocrx_word' id='word_1_276' title='bbox 304 2057 397 2129; x_wconf 66' lang='grc' dir='ltr'>Ὠς</span> <span class='ocrx_word' id='word_1_277' title='bbox 457 2065 518 2120; x_wconf 76' lang='grc' dir='ltr'><strong>ἂν</strong></span> <span class='ocrx_word' id='word_1_278' title='bbox 575 2065 767 2122; x_wconf 83' lang='grc' dir='ltr'>τέλειοι</span> <span class='ocrx_word' id='word_1_279' title='bbox 825 2068 1230 2143; x_wconf 81' lang='grc' dir='ltr'>παρασταιημέν</span> <span class='ocrx_word' id='word_1_280' title='bbox 1281 2091 1388 2141; x_wconf 86' lang='grc' dir='ltr'>σοι,</span> <span class='ocrx_word' id='word_1_281' title='bbox 1434 2057 1770 2148; x_wconf 83' lang='grc' dir='ltr'>συνεργοῦντι</span> <span class='ocrx_word' id='word_1_282' title='bbox 1813 2071 1951 2145; x_wconf 79' lang='grc' dir='ltr'>ἡμῖν</span> 
     </span>
    </p>
   </div>
   <div class='ocr_carea' id='block_1_41' title="bbox 300 2154 1948 2236">
    <p class='ocr_par' dir='ltr' id='par_1_41' title="bbox 300 2154 1948 2236">
     <span class='ocr_line' id='line_1_41' title="bbox 300 2154 1948 2236; baseline 0.002 -26"><span class='ocrx_word' id='word_1_283' title='bbox 300 2154 357 2210; x_wconf 67' lang='grc' dir='ltr'>ἓν</span> <span class='ocrx_word' id='word_1_284' title='bbox 411 2161 574 2212; x_wconf 81' lang='grc' dir='ltr'>πᾶσιν</span> <span class='ocrx_word' id='word_1_285' title='bbox 631 2154 804 2233; x_wconf 78' lang='grc' dir='ltr'>ἔργοις</span> <span class='ocrx_word' id='word_1_286' title='bbox 875 2177 931 2211; x_wconf 89' lang='grc' dir='ltr'><strong>τε</strong></span> <span class='ocrx_word' id='word_1_287' title='bbox 989 2159 1078 2213; x_wconf 87' lang='grc' dir='ltr'><strong>καὶ</strong></span> <span class='ocrx_word' id='word_1_288' title='bbox 1135 2156 1316 2236; x_wconf 82' lang='grc' dir='ltr'>λόγοις</span> <span class='ocrx_word' id='word_1_289' title='bbox 1351 2173 1364 2186; x_wconf 86' lang='grc'><strong><em>⁸</em></strong></span> <span class='ocrx_word' id='word_1_290' title='bbox 1429 2157 1510 2214; x_wconf 80' lang='grc' dir='ltr'><strong>ὅτι</strong></span> <span class='ocrx_word' id='word_1_291' title='bbox 1555 2179 1637 2215; x_wconf 87' lang='grc' dir='ltr'><strong>σοι</strong></span> <span class='ocrx_word' id='word_1_292' title='bbox 1669 2157 1857 2236; x_wconf 81' lang='grc' dir='ltr'>πρέπει</span> <span class='ocrx_word' id='word_1_293' title='bbox 1913 2159 1948 2226; x_wconf 69' lang='grc' dir='ltr'>ἡ</span> 
     </span>
    </p>
   </div>
   <div class='ocr_carea' id='block_1_42' title="bbox 296 2242 1338 2322">
    <p class='ocr_par' dir='ltr' id='par_1_42' title="bbox 296 2242 1338 2322">
     <span class='ocr_line' id='line_1_42' title="bbox 296 2242 1338 2322; baseline 0.007 -24"><span class='ocrx_word' id='word_1_294' title='bbox 296 2242 380 2298; x_wconf 73' lang='grc' dir='ltr'><strong>διὰ</strong></span> <span class='ocrx_word' id='word_1_295' title='bbox 421 2242 594 2322; x_wconf 90' lang='grc' dir='ltr'>λόγων</span> <span class='ocrx_word' id='word_1_296' title='bbox 621 2247 706 2299; x_wconf 83' lang='grc' dir='ltr'><strong>καὶ</strong></span> <span class='ocrx_word' id='word_1_297' title='bbox 750 2243 919 2322; x_wconf 73' lang='grc' dir='ltr'>ἔργων</span> <span class='ocrx_word' id='word_1_298' title='bbox 963 2243 1107 2311; x_wconf 80' lang='grc' dir='ltr'>δόξα.</span> <span class='ocrx_word' id='word_1_299' title='bbox 1140 2245 1338 2322; x_wconf 77' lang='grc' dir='ltr'>Ἀμήν.</span> 
     </span>
    </p>
   </div>
   <div class='ocr_carea' id='block_1_43' title="bbox 296 2412 1947 2494">
    <p class='ocr_par' dir='ltr' id='par_1_43' title="bbox 296 2412 1947 2494">
     <span class='ocr_line' id='line_1_43' title="bbox 296 2412 1947 2494; baseline 0.001 -25"><span class='ocrx_word' id='word_1_300' title='bbox 296 2413 459 2476; x_wconf 82' lang='grc' dir='ltr'>Τέλος</span> <span class='ocrx_word' id='word_1_301' title='bbox 503 2412 598 2481; x_wconf 72' lang='grc' dir='ltr'><strong>τῆς</strong></span> <span class='ocrx_word' id='word_1_302' title='bbox 651 2415 724 2474; x_wconf 81' lang='grc' dir='ltr'>εἷς</span> <span class='ocrx_word' id='word_1_303' title='bbox 779 2415 839 2468; x_wconf 81' lang='grc' dir='ltr'>τὸ</span> <span class='ocrx_word' id='word_1_304' title='bbox 882 2415 1019 2470; x_wconf 81' lang='grc' dir='ltr'>κατὰ</span> <span class='ocrx_word' id='word_1_305' title='bbox 1050 2416 1263 2492; x_wconf 71' lang='grc' dir='ltr'>Μάρκον</span> <span class='ocrx_word' id='word_1_306' title='bbox 1293 2414 1621 2494; x_wconf 80' lang='grc' dir='ltr'>Εὗαγγὲλιον</span> <span class='ocrx_word' id='word_1_307' title='bbox 1665 2415 1947 2493; x_wconf 76' lang='grc' dir='ltr'>ἑρμηνείας</span> 
     </span>
    </p>
   </div>
   <div class='ocr_carea' id='block_1_44' title="bbox 478 2495 1369 2574">
    <p class='ocr_par' dir='ltr' id='par_1_44' title="bbox 478 2495 1369 2574">
     <span class='ocr_line' id='line_1_44' title="bbox 478 2495 1369 2574; baseline 0.015 -32"><span class='ocrx_word' id='word_1_308' title='bbox 478 2540 480 2542; x_wconf 83' lang='grc'><strong>,</strong></span> <span class='ocrx_word' id='word_1_309' title='bbox 857 2503 948 2552; x_wconf 82' lang='grc' dir='ltr'><strong>τοῦ</strong></span> <span class='ocrx_word' id='word_1_310' title='bbox 979 2495 1369 2574; x_wconf 71' lang='grc' dir='ltr'>Θεοφυλάκτου.</span> 
     </span>
    </p>
   </div>
   <div class='ocr_carea' id='block_1_45' title="bbox 2041 1970 3668 2054">
    <p class='ocr_par' dir='ltr' id='par_1_45' title="bbox 2041 1970 3668 2054">
     <span class='ocr_line' id='line_1_45' title="bbox 2041 1970 3668 2054; baseline 0.003 -24"><span class='ocrx_word' id='word_1_311' title='bbox 2041 1980 2296 2044; x_wconf 86' lang='lat' dir='ltr'><strong>mentur,</strong></span> <span class='ocrx_word' id='word_1_312' title='bbox 2330 1978 2393 2029; x_wconf 94' lang='lat' dir='ltr'><strong>ut</strong></span> <span class='ocrx_word' id='word_1_313' title='bbox 2423 1970 2668 2045; x_wconf 79' lang='lat' dir='ltr'><strong>perfecti</strong></span> <span class='ocrx_word' id='word_1_314' title='bbox 2699 1970 2978 2031; x_wconf 86' lang='lat' dir='ltr'><strong>sistamur</strong></span> <span class='ocrx_word' id='word_1_315' title='bbox 2995 1971 3150 2051; x_wconf 90' lang='lat' dir='ltr'><strong>apud</strong></span> <span class='ocrx_word' id='word_1_316' title='bbox 3183 1980 3263 2046; x_wconf 93' lang='lat' dir='ltr'><strong>te,</strong></span> <span class='ocrx_word' id='word_1_317' title='bbox 3307 1973 3409 2051; x_wconf 90' lang='lat' dir='ltr'><strong>qui</strong></span> <span class='ocrx_word' id='word_1_318' title='bbox 3448 1993 3668 2054; x_wconf 87' lang='lat' dir='ltr'><strong>coope-</strong></span> 
     </span>
    </p>
   </div>
   <div class='ocr_carea' id='block_1_46' title="bbox 2035 2058 3670 2142">
    <p class='ocr_par' dir='ltr' id='par_1_46' title="bbox 2035 2058 3670 2142">
     <span class='ocr_line' id='line_1_46' title="bbox 2035 2058 3670 2142; baseline 0.002 -22"><span class='ocrx_word' id='word_1_319' title='bbox 2035 2062 2186 2120; x_wconf 87' lang='lat' dir='ltr'><strong>raris</strong></span> <span class='ocrx_word' id='word_1_320' title='bbox 2229 2059 2400 2119; x_wconf 90' lang='lat' dir='ltr'><strong>nobis</strong></span> <span class='ocrx_word' id='word_1_321' title='bbox 2429 2060 2486 2119; x_wconf 92' lang='lat' dir='ltr'><strong>in</strong></span> <span class='ocrx_word' id='word_1_322' title='bbox 2534 2058 2911 2120; x_wconf 90' lang='lat' dir='ltr'><strong>sermonibus</strong></span> <span class='ocrx_word' id='word_1_323' title='bbox 2954 2068 3012 2120; x_wconf 90' lang='lat' dir='ltr'><strong>et</strong></span> <span class='ocrx_word' id='word_1_324' title='bbox 3055 2061 3359 2140; x_wconf 87' lang='lat' dir='ltr'><strong>operibus,</strong></span> <span class='ocrx_word' id='word_1_325' title='bbox 3393 2063 3670 2142; x_wconf 88' lang='lat' dir='ltr'><strong>quoniam</strong></span> 
     </span>
    </p>
   </div>
   <div class='ocr_carea' id='block_1_47' title="bbox 2035 2151 3666 2231">
    <p class='ocr_par' dir='ltr' id='par_1_47' title="bbox 2035 2151 3666 2231">
     <span class='ocr_line' id='line_1_47' title="bbox 2035 2151 3666 2231; baseline 0.001 -20"><span class='ocrx_word' id='word_1_326' title='bbox 2035 2160 2090 2211; x_wconf 91' lang='lat' dir='ltr'><strong>te</strong></span> <span class='ocrx_word' id='word_1_327' title='bbox 2135 2151 2306 2210; x_wconf 91' lang='lat' dir='ltr'><strong>decet</strong></span> <span class='ocrx_word' id='word_1_328' title='bbox 2355 2159 2412 2209; x_wconf 86' lang='lat' dir='ltr'><strong>et</strong></span> <span class='ocrx_word' id='word_1_329' title='bbox 2462 2167 2566 2228; x_wconf 89' lang='lat' dir='ltr'><strong>per</strong></span> <span class='ocrx_word' id='word_1_330' title='bbox 2611 2165 2919 2212; x_wconf 83' lang='lat' dir='ltr'><strong>sermones</strong></span> <span class='ocrx_word' id='word_1_331' title='bbox 2972 2157 3030 2211; x_wconf 84' lang='lat' dir='ltr'><strong>et</strong></span> <span class='ocrx_word' id='word_1_332' title='bbox 3074 2168 3179 2230; x_wconf 89' lang='lat' dir='ltr'><strong>per</strong></span> <span class='ocrx_word' id='word_1_333' title='bbox 3224 2169 3405 2231; x_wconf 89' lang='lat' dir='ltr'><strong>opera</strong></span> <span class='ocrx_word' id='word_1_334' title='bbox 3457 2153 3666 2230; x_wconf 76' lang='lat' dir='ltr'><strong>gloria.</strong></span> 
     </span>
    </p>
   </div>
   <div class='ocr_carea' id='block_1_48' title="bbox 2033 2241 2243 2301">
    <p class='ocr_par' dir='ltr' id='par_1_48' title="bbox 2033 2241 2243 2301">
     <span class='ocr_line' id='line_1_48' title="bbox 2033 2241 2243 2301; baseline -0.014 0"><span class='ocrx_word' id='word_1_335' title='bbox 2033 2241 2243 2301; x_wconf 78' lang='lat' dir='ltr'><strong>Amen.</strong></span> 
     </span>
    </p>
   </div>
   <div class='ocr_carea' id='block_1_49' title="bbox 2033 2408 3670 2567">
    <p class='ocr_par' dir='ltr' id='par_1_49' title="bbox 2033 2408 3670 2567">
     <span class='ocr_line' id='line_1_49' title="bbox 2033 2408 3670 2567; baseline 0.001 -101"><span class='ocrx_word' id='word_1_336' title='bbox 2033 2411 2622 2471; x_wconf 75' lang='lat' dir='ltr'><strong>(.‘ommmtart‘orum</strong></span> <span class='ocrx_word' id='word_1_337' title='bbox 2658 2408 3102 2567; x_wconf 46' lang='grc' dir='ltr'>ὗῆεορςῑῖνιροη</span> <span class='ocrx_word' id='word_1_338' title='bbox 3157 2411 3224 2471; x_wconf 73' lang='lat' dir='ltr'><strong>in</strong></span> <span class='ocrx_word' id='word_1_339' title='bbox 3272 2408 3670 2489; x_wconf 66' lang='lat' dir='ltr'><strong>Evangelia”:</strong></span> 
     </span>
     <span class='ocr_line' id='line_1_50' title="bbox 2721 2508 3038 2552; baseline 0.006 -3"><span class='ocrx_word' id='word_1_340' title='bbox 2721 2508 2848 2552; x_wconf 71' lang='lat' dir='ltr'><strong>arci</strong></span> <span class='ocrx_word' id='word_1_341' title='bbox 2921 2509 3038 2552; x_wconf 79' lang='lat' dir='ltr'><strong>ms.</strong></span> 
     </span>
    </p>
   </div>
   <div class='ocr_carea' id='block_1_50' title="bbox 2721 2508 3038 2552">
    <p class='ocr_par' dir='ltr' id='par_1_50' title="bbox 2721 2508 3038 2552">
     <span class='ocr_line' id='line_1_51' title="bbox 2721 2508 3038 2552; baseline 0.006 -3"><span class='ocrx_word' id='word_1_342' title='bbox 2721 2508 2848 2552; x_wconf 78' lang='lat' dir='ltr'><strong>am</strong></span> <span class='ocrx_word' id='word_1_343' title='bbox 2879 2508 3038 2552; x_wconf 78' lang='lat' dir='ltr'><strong>mus.</strong></span> 
     </span>
    </p>
   </div>
   <div class='ocr_carea' id='block_1_51' title="bbox 1380 2651 2610 2718">
    <p class='ocr_par' dir='ltr' id='par_1_51' title="bbox 1380 2651 2610 2718">
     <span class='ocr_line' id='line_1_52' title="bbox 1380 2651 2610 2718; baseline -0.002 -3"><span class='ocrx_word' id='word_1_344' title='bbox 1380 2652 1462 2715; x_wconf 82' lang='lat' dir='ltr'><strong>Ex</strong></span> <span class='ocrx_word' id='word_1_345' title='bbox 1493 2653 1811 2718; x_wconf 77' lang='lat' dir='ltr'><strong>collatione</strong></span> <span class='ocrx_word' id='word_1_346' title='bbox 1839 2653 2017 2718; x_wconf 87' lang='lat' dir='ltr'><strong>codd.</strong></span> <span class='ocrx_word' id='word_1_347' title='bbox 2058 2653 2264 2714; x_wconf 82' lang='lat' dir='ltr'><strong>Venet.</strong></span> <span class='ocrx_word' id='word_1_348' title='bbox 2301 2653 2361 2712; x_wconf 87' lang='lat' dir='ltr'><strong>S.</strong></span> <span class='ocrx_word' id='word_1_349' title='bbox 2401 2651 2610 2713; x_wconf 85' lang='lat' dir='ltr'><strong>Marci.</strong></span> 
     </span>
    </p>
   </div>
   <div class='ocr_carea' id='block_1_52' title="bbox 384 2813 1950 2893">
    <p class='ocr_par' dir='ltr' id='par_1_52' title="bbox 384 2813 1950 2893">
     <span class='ocr_line' id='line_1_53' title="bbox 384 2813 1950 2893; baseline -0.001 -20"><span class='ocrx_word' id='word_1_350' title='bbox 384 2814 511 2893; x_wconf 82' lang='grc'><strong>(95)</strong></span> <span class='ocrx_word' id='word_1_351' title='bbox 544 2813 688 2877; x_wconf 85' lang='lat' dir='ltr'><strong>Cod.</strong></span> <span class='ocrx_word' id='word_1_352' title='bbox 723 2815 801 2879; x_wconf 67' lang='grc'><strong>26</strong></span> <span class='ocrx_word' id='word_1_353' title='bbox 830 2816 955 2877; x_wconf 62' lang='lat' dir='ltr'><strong>hac</strong></span> <span class='ocrx_word' id='word_1_354' title='bbox 997 2813 1208 2876; x_wconf 88' lang='lat' dir='ltr'><strong>addit:</strong></span> <span class='ocrx_word' id='word_1_355' title='bbox 1267 2816 1362 2871; x_wconf 82' lang='grc' dir='ltr'>Καὶ</span> <span class='ocrx_word' id='word_1_356' title='bbox 1423 2815 1531 2890; x_wconf 73' lang='grc' dir='ltr'>μὴν</span> <span class='ocrx_word' id='word_1_357' title='bbox 1593 2819 1620 2872; x_wconf 81' lang='grc' dir='ltr'><strong>ὁ</strong></span> <span class='ocrx_word' id='word_1_358' title='bbox 1676 2819 1806 2880; x_wconf 79' lang='grc' dir='ltr'>Θεὸς</span> <span class='ocrx_word' id='word_1_359' title='bbox 1862 2819 1950 2872; x_wconf 86' lang='grc' dir='ltr'><strong>καὶ</strong></span> 
     </span>
    </p>
   </div>
   <div class='ocr_carea' id='block_1_53' title="bbox 304 2893 1944 2976">
    <p class='ocr_par' dir='ltr' id='par_1_53' title="bbox 304 2893 1944 2976">
     <span class='ocr_line' id='line_1_54' title="bbox 304 2893 1944 2976; baseline 0.001 -26"><span class='ocrx_word' id='word_1_360' title='bbox 304 2896 483 2971; x_wconf 76' lang='grc' dir='ltr'>Πατὴρ</span> <span class='ocrx_word' id='word_1_361' title='bbox 529 2896 708 2969; x_wconf 78' lang='grc' dir='ltr'>αὐτοῦ,</span> <span class='ocrx_word' id='word_1_362' title='bbox 738 2896 1022 2970; x_wconf 74' lang='grc' dir='ltr'>ἀσώματος</span> <span class='ocrx_word' id='word_1_363' title='bbox 1067 2895 1163 2974; x_wconf 84' lang='grc' dir='ltr'>ὢν,</span> <span class='ocrx_word' id='word_1_364' title='bbox 1213 2897 1305 2950; x_wconf 75' lang='grc' dir='ltr'>οὒκ</span> <span class='ocrx_word' id='word_1_365' title='bbox 1334 2893 1396 2949; x_wconf 76' lang='grc' dir='ltr'><strong>ἂν</strong></span> <span class='ocrx_word' id='word_1_366' title='bbox 1426 2895 1545 2975; x_wconf 71' lang='grc' dir='ltr'>ἔχοι</span> <span class='ocrx_word' id='word_1_367' title='bbox 1575 2894 1716 2961; x_wconf 79' lang='grc' dir='ltr'>δεξιᾶ</span> <span class='ocrx_word' id='word_1_368' title='bbox 1744 2897 1778 2965; x_wconf 70' lang='grc' dir='ltr'>ἢ</span> <span class='ocrx_word' id='word_1_369' title='bbox 1825 2896 1944 2976; x_wconf 70' lang='grc' dir='ltr'>ἄριο</span> 
     </span>
    </p>
   </div>
   <div class='ocr_carea' id='block_1_54' title="bbox 297 2975 1949 3055">
    <p class='ocr_par' dir='ltr' id='par_1_54' title="bbox 297 2975 1949 3055">
     <span class='ocr_line' id='line_1_55' title="bbox 297 2975 1949 3055; baseline 0.001 -25"><span class='ocrx_word' id='word_1_370' title='bbox 297 2975 456 3052; x_wconf 84' lang='grc' dir='ltr'>στερά</span> <span class='ocrx_word' id='word_1_371' title='bbox 489 2991 503 3004; x_wconf 78' lang='grc'><strong><em>⁸</em></strong></span> <span class='ocrx_word' id='word_1_372' title='bbox 577 2980 684 3029; x_wconf 82' lang='grc' dir='ltr'>τῶν</span> <span class='ocrx_word' id='word_1_373' title='bbox 742 2978 1005 3050; x_wconf 78' lang='grc' dir='ltr'>σωμάτων</span> <span class='ocrx_word' id='word_1_374' title='bbox 1060 2976 1158 3053; x_wconf 78' lang='grc' dir='ltr'><strong>γὰρ</strong></span> <span class='ocrx_word' id='word_1_375' title='bbox 1202 2981 1366 3031; x_wconf 87' lang='grc' dir='ltr'>ταῦτα</span> <span class='ocrx_word' id='word_1_376' title='bbox 1417 2978 1700 3055; x_wconf 76' lang='grc' dir='ltr'>σχήματα,</span> <span class='ocrx_word' id='word_1_377' title='bbox 1749 2975 1949 3032; x_wconf 84' lang='grc' dir='ltr'>Λοιπὸν</span> 
     </span>
    </p>
   </div>
   <div class='ocr_carea' id='block_1_55' title="bbox 298 3053 1946 3124">
    <p class='ocr_par' dir='ltr' id='par_1_55' title="bbox 298 3053 1946 3124">
     <span class='ocr_line' id='line_1_56' title="bbox 298 3053 1946 3124; baseline 0.001 -14"><span class='ocrx_word' id='word_1_378' title='bbox 298 3053 385 3110; x_wconf 73' lang='grc' dir='ltr'><strong>οὖν</strong></span> <span class='ocrx_word' id='word_1_379' title='bbox 427 3057 490 3110; x_wconf 80' lang='grc' dir='ltr'><strong>τὸ</strong></span> <span class='ocrx_word' id='word_1_380' title='bbox 530 3057 740 3112; x_wconf 77' lang='grc' dir='ltr'>καθίσαι</span> <span class='ocrx_word' id='word_1_381' title='bbox 811 3055 972 3124; x_wconf 72' lang='grc' dir='ltr'>δηλοῖ</span> <span class='ocrx_word' id='word_1_382' title='bbox 1026 3055 1320 3112; x_wconf 81' lang='grc' dir='ltr'>ἀνάπαυσιν</span> <span class='ocrx_word' id='word_1_383' title='bbox 1376 3053 1491 3111; x_wconf 66' lang='grc' dir='ltr'><strong>καὶ⁷</strong></span> <span class='ocrx_word' id='word_1_384' title='bbox 1523 3055 1817 3113; x_wconf 80' lang='grc' dir='ltr'>ἀπόλαυσιν</span> <span class='ocrx_word' id='word_1_385' title='bbox 1847 3062 1946 3124; x_wconf 79' lang='grc' dir='ltr'>τῆς</span> 
     </span>
    </p>
   </div>
   <div class='ocr_carea' id='block_1_56' title="bbox 294 3131 1942 3210">
    <p class='ocr_par' dir='ltr' id='par_1_56' title="bbox 294 3131 1942 3210">
     <span class='ocr_line' id='line_1_57' title="bbox 294 3131 1942 3210; baseline 0.002 -22"><span class='ocrx_word' id='word_1_386' title='bbox 294 3135 434 3198; x_wconf 85' lang='grc' dir='ltr'>θείας</span> <span class='ocrx_word' id='word_1_387' title='bbox 491 3133 802 3210; x_wconf 83' lang='grc' dir='ltr'>βασιλείας’</span> <span class='ocrx_word' id='word_1_388' title='bbox 861 3138 924 3192; x_wconf 80' lang='grc' dir='ltr'>τὸ</span> <span class='ocrx_word' id='word_1_389' title='bbox 982 3133 1035 3190; x_wconf 80' lang='grc' dir='ltr'><strong>δὲ</strong></span> <span class='ocrx_word' id='word_1_390' title='bbox 1095 3134 1156 3190; x_wconf 70' lang='grc' dir='ltr'>ἐκ</span> <span class='ocrx_word' id='word_1_391' title='bbox 1229 3131 1411 3199; x_wconf 78' lang='grc' dir='ltr'>δεξιῶν</span> <span class='ocrx_word' id='word_1_392' title='bbox 1479 3144 1571 3193; x_wconf 90' lang='grc' dir='ltr'><strong>τοῦ</strong></span> <span class='ocrx_word' id='word_1_393' title='bbox 1631 3139 1784 3210; x_wconf 78' lang='grc' dir='ltr'>Θεοῦ,</span> <span class='ocrx_word' id='word_1_394' title='bbox 1859 3140 1942 3192; x_wconf 79' lang='grc' dir='ltr'><strong>οἱ-</strong></span> 
     </span>
    </p>
   </div>
   <div class='ocr_carea' id='block_1_57' title="bbox 294 3213 1943 3294">
    <p class='ocr_par' dir='ltr' id='par_1_57' title="bbox 294 3213 1943 3294">
     <span class='ocr_line' id='line_1_58' title="bbox 294 3213 1943 3294; baseline 0.001 -26"><span class='ocrx_word' id='word_1_395' title='bbox 294 3213 506 3269; x_wconf 84' lang='grc' dir='ltr'>κείωσιν</span> <span class='ocrx_word' id='word_1_396' title='bbox 714 3217 995 3294; x_wconf 81' lang='grc' dir='ltr'>ὁμοτιμίαν</span> <span class='ocrx_word' id='word_1_397' title='bbox 1065 3217 1197 3289; x_wconf 81' lang='grc' dir='ltr'>πρὸς</span> <span class='ocrx_word' id='word_1_398' title='bbox 1253 3215 1343 3270; x_wconf 82' lang='grc' dir='ltr'>τὸν</span> <span class='ocrx_word' id='word_1_399' title='bbox 1387 3217 1617 3294; x_wconf 83' lang='grc' dir='ltr'>Πατέρα.</span> <span class='ocrx_word' id='word_1_400' title='bbox 1664 3217 1736 3274; x_wconf 71' lang='grc' dir='ltr'><strong>Οὒ</strong></span> <span class='ocrx_word' id='word_1_401' title='bbox 1779 3217 1943 3291; x_wconf 88' lang='grc' dir='ltr'>μόνον</span> 
     </span>
    </p>
   </div>
   <div class='ocr_carea' id='block_1_58' title="bbox 294 3293 1945 3374">
    <p class='ocr_par' dir='ltr' id='par_1_58' title="bbox 294 3293 1945 3374">
     <span class='ocr_line' id='line_1_59' title="bbox 294 3293 1945 3374; baseline 0.001 -24"><span class='ocrx_word' id='word_1_402' title='bbox 294 3295 557 3359; x_wconf 78' lang='grc' dir='ltr'>καθῆσθαι</span> <span class='ocrx_word' id='word_1_403' title='bbox 616 3293 670 3374; x_wconf 55' lang='grc' dir='ltr'>ἐν</span> <span class='ocrx_word' id='word_1_404' title='bbox 748 3293 886 3368; x_wconf 77' lang='grc' dir='ltr'>δεξιᾷ</span> <span class='ocrx_word' id='word_1_405' title='bbox 968 3302 1059 3353; x_wconf 85' lang='grc' dir='ltr'><strong>τοῦ</strong></span> <span class='ocrx_word' id='word_1_406' title='bbox 1115 3296 1320 3373; x_wconf 82' lang='grc' dir='ltr'>Πατρὸς</span> <span class='ocrx_word' id='word_1_407' title='bbox 1456 3293 1599 3374; x_wconf 68' lang='grc' dir='ltr'>Υἱὸς,</span> <span class='ocrx_word' id='word_1_408' title='bbox 1665 3294 1802 3352; x_wconf 77' lang='grc' dir='ltr'>ἀλλὰ</span> <span class='ocrx_word' id='word_1_409' title='bbox 1858 3298 1945 3352; x_wconf 83' lang='grc' dir='ltr'><strong>καὶ</strong></span> 
     </span>
    </p>
   </div>
   <div class='ocr_carea' id='block_1_59' title="bbox 293 3371 1946 3457">
    <p class='ocr_par' dir='ltr' id='par_1_59' title="bbox 293 3371 1946 3457">
     <span class='ocr_line' id='line_1_60' title="bbox 293 3371 1946 3457; baseline 0.001 -29"><span class='ocrx_word' id='word_1_410' title='bbox 293 3373 543 3457; x_wconf 73' lang='grc' dir='ltr'>ἵστασθαι</span> <span class='ocrx_word' id='word_1_411' title='bbox 615 3372 850 3457; x_wconf 58' lang='grc' dir='ltr'>λέγεται,</span> <span class='ocrx_word' id='word_1_412' title='bbox 905 3378 978 3442; x_wconf 82' lang='grc' dir='ltr'>ὡς</span> <span class='ocrx_word' id='word_1_413' title='bbox 1033 3377 1093 3457; x_wconf 17' lang='grc' dir='ltr'>ἓν,</span> <span class='ocrx_word' id='word_1_414' title='bbox 1302 3371 1475 3457; x_wconf 59' lang='grc' dir='ltr'>βίϐλιμ</span> <span class='ocrx_word' id='word_1_415' title='bbox 1534 3371 1647 3457; x_wconf 8' lang='grc' dir='ltr'>,τῶν</span> <span class='ocrx_word' id='word_1_416' title='bbox 1699 3373 1946 3455; x_wconf 79' lang='grc' dir='ltr'>Πράξεων</span> 
     </span>
    </p>
   </div>
   <div class='ocr_carea' id='block_1_60' title="bbox 299 3453 1944 3536">
    <p class='ocr_par' dir='ltr' id='par_1_60' title="bbox 299 3453 1944 3536">
     <span class='ocr_line' id='line_1_61' title="bbox 299 3453 1944 3536; baseline 0.002 -28"><span class='ocrx_word' id='word_1_417' title='bbox 299 3454 564 3536; x_wconf 73' lang='grc' dir='ltr'>Στέφανος</span> <span class='ocrx_word' id='word_1_418' title='bbox 624 3453 844 3536; x_wconf 51' lang='grc' dir='ltr'>εἴρηκε,</span> <span class='ocrx_word' id='word_1_419' title='bbox 892 3457 992 3536; x_wconf 62' lang='grc' dir='ltr'><strong>τοῦ</strong></span> <span class='ocrx_word' id='word_1_420' title='bbox 1041 3455 1139 3536; x_wconf 71' lang='grc' dir='ltr'>μὶν</span> <span class='ocrx_word' id='word_1_421' title='bbox 1195 3456 1256 3510; x_wconf 82' lang='grc' dir='ltr'>τὸ</span> <span class='ocrx_word' id='word_1_422' title='bbox 1333 3453 1665 3534; x_wconf 80' lang='grc' dir='ltr'>καθιδρύσθαι</span> <span class='ocrx_word' id='word_1_423' title='bbox 1737 3453 1944 3536; x_wconf 72' lang='grc' dir='ltr'>ἀμετα-</span> 
     </span>
    </p>
   </div>
   <div class='ocr_carea' id='block_1_61' title="bbox 298 3532 1947 3614">
    <p class='ocr_par' dir='ltr' id='par_1_61' title="bbox 298 3532 1947 3614">
     <span class='ocr_line' id='line_1_62' title="bbox 298 3532 1947 3614; baseline 0.002 -26"><span class='ocrx_word' id='word_1_424' title='bbox 298 3532 485 3614; x_wconf 80' lang='grc' dir='ltr'>θέτως,</span> <span class='ocrx_word' id='word_1_425' title='bbox 527 3536 620 3590; x_wconf 79' lang='grc' dir='ltr'><strong>τοῦ</strong></span> <span class='ocrx_word' id='word_1_426' title='bbox 661 3534 716 3590; x_wconf 75' lang='grc' dir='ltr'><strong>δὲ</strong></span> <span class='ocrx_word' id='word_1_427' title='bbox 785 3532 846 3592; x_wconf 71' lang='grc' dir='ltr'>τὸ</span> <span class='ocrx_word' id='word_1_428' title='bbox 901 3533 1183 3614; x_wconf 59' lang='grc' dir='ltr'>βεϐηκέναι</span> <span class='ocrx_word' id='word_1_429' title='bbox 1239 3536 1302 3590; x_wconf 79' lang='grc' dir='ltr'><strong>τὸ</strong></span> <span class='ocrx_word' id='word_1_430' title='bbox 1361 3532 1507 3591; x_wconf 83' lang='grc' dir='ltr'>θεῖον</span> <span class='ocrx_word' id='word_1_431' title='bbox 1563 3536 1619 3592; x_wconf 78' lang='grc' dir='ltr'>ἰν</span> <span class='ocrx_word' id='word_1_432' title='bbox 1660 3541 1738 3609; x_wconf 82' lang='grc' dir='ltr'>τῷ</span> <span class='ocrx_word' id='word_1_433' title='bbox 1767 3535 1947 3614; x_wconf 71' lang='grc' dir='ltr'>ἀγαθῷ</span> 
     </span>
    </p>
   </div>
   <div class='ocr_carea' id='block_1_62' title="bbox 303 3609 1944 3694">
    <p class='ocr_par' dir='ltr' id='par_1_62' title="bbox 303 3609 1944 3694">
     <span class='ocr_line' id='line_1_63' title="bbox 303 3609 1944 3694; baseline 0.002 -26"><span class='ocrx_word' id='word_1_434' title='bbox 303 3609 728 3694; x_wconf 76' lang='grc' dir='ltr'>δογματίζοντος,</span> <span class='ocrx_word' id='word_1_435' title='bbox 807 3609 911 3673; x_wconf 58' lang='grc' dir='ltr'><strong>καῖ</strong></span> <span class='ocrx_word' id='word_1_436' title='bbox 950 3613 1336 3694; x_wconf 15' lang='lat' dir='ltr'><strong>066Ev7ﬁ7113v</strong></span> <span class='ocrx_word' id='word_1_437' title='bbox 1399 3615 1653 3692; x_wconf 85' lang='grc' dir='ltr'>ῥημάτων</span> <span class='ocrx_word' id='word_1_438' title='bbox 1696 3609 1944 3694; x_wconf 74' lang='grc' dir='ltr'>ἑτερότης</span> 
     </span>
    </p>
   </div>
   <div class='ocr_carea' id='block_1_63' title="bbox 299 3683 1943 3776">
    <p class='ocr_par' dir='ltr' id='par_1_63' title="bbox 299 3683 1943 3776">
     <span class='ocr_line' id='line_1_64' title="bbox 299 3683 1943 3776; baseline 0.002 -28"><span class='ocrx_word' id='word_1_439' title='bbox 299 3683 417 3776; x_wconf 76' lang='grc' dir='ltr'>περῖ</span> <span class='ocrx_word' id='word_1_440' title='bbox 445 3683 548 3776; x_wconf 69' lang='grc' dir='ltr'><strong>τον</strong></span> <span class='ocrx_word' id='word_1_441' title='bbox 572 3702 692 3751; x_wconf 85' lang='grc' dir='ltr'>νοῦν</span> <span class='ocrx_word' id='word_1_442' title='bbox 715 3683 1066 3776; x_wconf 72' lang='grc' dir='ltr'>’διαφέρεται.</span> <span class='ocrx_word' id='word_1_443' title='bbox 1101 3683 1330 3759; x_wconf 58' lang='grc' dir='ltr'>’Ἄλλως</span> <span class='ocrx_word' id='word_1_444' title='bbox 1358 3683 1417 3751; x_wconf 80' lang='grc' dir='ltr'>τὲ</span> <span class='ocrx_word' id='word_1_445' title='bbox 1449 3683 1480 3752; x_wconf 64' lang='grc'><strong><em>8</em></strong></span> <span class='ocrx_word' id='word_1_446' title='bbox 1500 3697 1668 3776; x_wconf 75' lang='grc' dir='ltr'>εἰπὼν</span> <span class='ocrx_word' id='word_1_447' title='bbox 1697 3683 1943 3752; x_wconf 78' lang='grc' dir='ltr'>’ίστάσθαι</span> 
     </span>
    </p>
   </div>
   <div class='ocr_carea' id='block_1_64' title="bbox 297 3774 1944 3856">
    <p class='ocr_par' dir='ltr' id='par_1_64' title="bbox 297 3774 1944 3856">
     <span class='ocr_line' id='line_1_65' title="bbox 297 3774 1944 3856; baseline 0.002 -28"><span class='ocrx_word' id='word_1_448' title='bbox 297 3775 388 3828; x_wconf 88' lang='grc' dir='ltr'><strong>τὸν</strong></span> <span class='ocrx_word' id='word_1_449' title='bbox 419 3774 561 3848; x_wconf 79' lang='grc' dir='ltr'>Υἱὸν,</span> <span class='ocrx_word' id='word_1_450' title='bbox 617 3776 709 3831; x_wconf 79' lang='grc' dir='ltr'><strong>οὐκ</strong></span> <span class='ocrx_word' id='word_1_451' title='bbox 765 3774 907 3833; x_wconf 69' lang='grc' dir='ltr'>εἶπε</span> <span class='ocrx_word' id='word_1_452' title='bbox 947 3777 1206 3842; x_wconf 78' lang='grc' dir='ltr'>καθῆσθαι</span> <span class='ocrx_word' id='word_1_453' title='bbox 1247 3777 1340 3831; x_wconf 81' lang='grc' dir='ltr'><strong>τὸν</strong></span> <span class='ocrx_word' id='word_1_454' title='bbox 1369 3775 1600 3852; x_wconf 79' lang='grc' dir='ltr'>Πατέρα,</span> <span class='ocrx_word' id='word_1_455' title='bbox 1631 3776 1723 3832; x_wconf 75' lang='grc' dir='ltr'>’ίνα</span> <span class='ocrx_word' id='word_1_456' title='bbox 1753 3776 1944 3856; x_wconf 78' lang='grc' dir='ltr'>διαφο-</span> 
     </span>
    </p>
   </div>
   <div class='ocr_carea' id='block_1_65' title="bbox 297 3853 1943 3933">
    <p class='ocr_par' dir='ltr' id='par_1_65' title="bbox 297 3853 1943 3933">
     <span class='ocr_line' id='line_1_66' title="bbox 297 3853 1943 3933; baseline 0.002 -25"><span class='ocrx_word' id='word_1_457' title='bbox 297 3854 727 3933; x_wconf 26' lang='grc' dir='ltr'>ρὰνηνοήσωμεν</span> <span class='ocrx_word' id='word_1_458' title='bbox 785 3856 1086 3933; x_wconf 76' lang='grc' dir='ltr'>ἀξιώματος</span> <span class='ocrx_word' id='word_1_459' title='bbox 1117 3873 1138 3893; x_wconf 84' lang='grc'>⁶</span> <span class='ocrx_word' id='word_1_460' title='bbox 1194 3853 1382 3912; x_wconf 78' lang='grc' dir='ltr'>λοιπὸν</span> <span class='ocrx_word' id='word_1_461' title='bbox 1429 3857 1517 3933; x_wconf 73' lang='grc' dir='ltr'>οὖν</span> <span class='ocrx_word' id='word_1_462' title='bbox 1559 3857 1645 3911; x_wconf 84' lang='grc' dir='ltr'><strong>καὶ</strong></span> <span class='ocrx_word' id='word_1_463' title='bbox 1687 3853 1943 3922; x_wconf 79' lang='grc' dir='ltr'>καθῆσθαι</span> 
     </span>
    </p>
   </div>
   <div class='ocr_carea' id='block_1_66' title="bbox 296 3932 1945 4015">
    <p class='ocr_par' dir='ltr' id='par_1_66' title="bbox 296 3932 1945 4015">
     <span class='ocr_line' id='line_1_67' title="bbox 296 3932 1945 4015; baseline 0.005 -28"><span class='ocrx_word' id='word_1_464' title='bbox 296 3933 383 3988; x_wconf 84' lang='grc' dir='ltr'>καὶ</span> <span class='ocrx_word' id='word_1_465' title='bbox 411 3932 682 3996; x_wconf 76' lang='grc' dir='ltr'>ἵστασθαι,</span> <span class='ocrx_word' id='word_1_466' title='bbox 717 3932 949 3995; x_wconf 76' lang='grc' dir='ltr'>Ἐκεῖνοι</span> <span class='ocrx_word' id='word_1_467' title='bbox 1002 3935 1080 4015; x_wconf 68' lang='grc' dir='ltr'>δὲ,</span> <span class='ocrx_word' id='word_1_468' title='bbox 1132 3959 1187 3994; x_wconf 79' lang='grc' dir='ltr'>κ.</span> <span class='ocrx_word' id='word_1_469' title='bbox 1223 3957 1276 3994; x_wconf 87' lang='grc' dir='ltr'>τ.</span> <span class='ocrx_word' id='word_1_470' title='bbox 1309 3934 1359 3998; x_wconf 89' lang='grc' dir='ltr'>λ.</span> <span class='ocrx_word' id='word_1_471' title='bbox 1404 3958 1432 3990; x_wconf 72' lang='grc' dir='ltr'>ι</span> <span class='ocrx_word' id='word_1_472' title='bbox 1466 3932 1757 4014; x_wconf 77' lang='lat' dir='ltr'><strong>Equidem</strong></span> <span class='ocrx_word' id='word_1_473' title='bbox 1788 3933 1945 3997; x_wconf 87' lang='lat' dir='ltr'><strong>Deus</strong></span> 
     </span>
    </p>
   </div>
   <div class='ocr_carea' id='block_1_67' title="bbox 621 5611 1362 5699">
    <p class='ocr_par' dir='ltr' id='par_1_67' title="bbox 621 5611 1362 5699">
     <span class='ocr_line' id='line_1_68' title="bbox 621 5611 1362 5699; baseline -0.001 -2"><span class='ocrx_word' id='word_1_474' title='bbox 621 5611 884 5698; x_wconf 64' lang='lat' dir='ltr'><strong>emat.</strong></span> <span class='ocrx_word' id='word_1_475' title='bbox 929 5637 1044 5699; x_wconf 73' lang='lat' dir='ltr'><strong>Gn.</strong></span> <span class='ocrx_word' id='word_1_476' title='bbox 1091 5629 1362 5697; x_wconf 72' lang='lat' dir='ltr'><strong>cum.</strong></span> 
     </span>
    </p>
   </div>
   <div class='ocr_carea' id='block_1_68' title="bbox 2033 2811 3676 2894">
    <p class='ocr_par' dir='ltr' id='par_1_68' title="bbox 2033 2811 3676 2894">
     <span class='ocr_line' id='line_1_69' title="bbox 2033 2811 3676 2894; baseline -0.002 -19"><span class='ocrx_word' id='word_1_477' title='bbox 2033 2813 2227 2888; x_wconf 86' lang='lat' dir='ltr'><strong>Pater,</strong></span> <span class='ocrx_word' id='word_1_478' title='bbox 2257 2833 2389 2874; x_wconf 92' lang='lat' dir='ltr'><strong>cum</strong></span> <span class='ocrx_word' id='word_1_479' title='bbox 2418 2819 2492 2875; x_wconf 83' lang='lat' dir='ltr'><strong>sit</strong></span> <span class='ocrx_word' id='word_1_480' title='bbox 2512 2814 2921 2894; x_wconf 89' lang='lat' dir='ltr'><strong>incorporeus,</strong></span> <span class='ocrx_word' id='word_1_481' title='bbox 2947 2814 3466 2894; x_wconf 78' lang='lat' dir='ltr'><strong>nequedexteratn</strong></span> <span class='ocrx_word' id='word_1_482' title='bbox 3494 2811 3676 2873; x_wconf 87' lang='lat' dir='ltr'><strong>habet</strong></span> 
     </span>
    </p>
   </div>
   <div class='ocr_carea' id='block_1_69' title="bbox 2035 2892 3670 2973">
    <p class='ocr_par' dir='ltr' id='par_1_69' title="bbox 2035 2892 3670 2973">
     <span class='ocr_line' id='line_1_70' title="bbox 2035 2892 3670 2973; baseline 0.001 -20"><span class='ocrx_word' id='word_1_483' title='bbox 2035 2912 2225 2973; x_wconf 80' lang='lat' dir='ltr'><strong>neque</strong></span> <span class='ocrx_word' id='word_1_484' title='bbox 2255 2894 2548 2955; x_wconf 83' lang='lat' dir='ltr'><strong>sinistram</strong></span> <span class='ocrx_word' id='word_1_485' title='bbox 2585 2912 2623 2973; x_wconf 13' lang='grc' dir='ltr'>ἠγ</span> <span class='ocrx_word' id='word_1_486' title='bbox 2649 2892 2914 2973; x_wconf 88' lang='lat' dir='ltr'><strong>corporis</strong></span> <span class='ocrx_word' id='word_1_487' title='bbox 2944 2894 3102 2954; x_wconf 91' lang='lat' dir='ltr'><strong>enim</strong></span> <span class='ocrx_word' id='word_1_488' title='bbox 3139 2893 3229 2953; x_wconf 66' lang='lat' dir='ltr'><strong>hae</strong></span> <span class='ocrx_word' id='word_1_489' title='bbox 3258 2902 3395 2953; x_wconf 91' lang='lat' dir='ltr'><strong>sunt</strong></span> <span class='ocrx_word' id='word_1_490' title='bbox 3442 2892 3670 2973; x_wconf 67' lang='lat' dir='ltr'><strong>formae.</strong></span> 
     </span>
    </p>
   </div>
   <div class='ocr_carea' id='block_1_70' title="bbox 2030 2970 3674 3054">
    <p class='ocr_par' dir='ltr' id='par_1_70' title="bbox 2030 2970 3674 3054">
     <span class='ocr_line' id='line_1_71' title="bbox 2030 2970 3674 3054; baseline -0.002 -20"><span class='ocrx_word' id='word_1_491' title='bbox 2030 2970 2234 3054; x_wconf 78' lang='lat' dir='ltr'><strong>Restat</strong></span> <span class='ocrx_word' id='word_1_492' title='bbox 2259 2973 2435 3051; x_wconf 80' lang='lat' dir='ltr'><strong>igitur</strong></span> <span class='ocrx_word' id='word_1_493' title='bbox 2466 2983 2527 3034; x_wconf 92' lang='lat' dir='ltr'><strong>ut</strong></span> <span class='ocrx_word' id='word_1_494' title='bbox 2568 2972 2710 3054; x_wconf 86' lang='lat' dir='ltr'><strong>illud</strong></span> <span class='ocrx_word' id='word_1_495' title='bbox 2739 2970 2950 3054; x_wconf 53' lang='lat' dir='ltr'><strong>sedere</strong></span> <span class='ocrx_word' id='word_1_496' title='bbox 2983 2975 3242 3054; x_wconf 86' lang='lat' dir='ltr'><strong>quietem</strong></span> <span class='ocrx_word' id='word_1_497' title='bbox 3271 2982 3327 3032; x_wconf 91' lang='lat' dir='ltr'><strong>et</strong></span> <span class='ocrx_word' id='word_1_498' title='bbox 3357 2970 3541 3054; x_wconf 82' lang='lat' dir='ltr'><strong>divini</strong></span> <span class='ocrx_word' id='word_1_499' title='bbox 3569 2975 3674 3054; x_wconf 39' lang='lat' dir='ltr'><strong>im:</strong></span> 
     </span>
    </p>
   </div>
   <div class='ocr_carea' id='block_1_71' title="bbox 2031 3051 3669 3132">
    <p class='ocr_par' dir='ltr' id='par_1_71' title="bbox 2031 3051 3669 3132">
     <span class='ocr_line' id='line_1_72' title="bbox 2031 3051 3669 3132; baseline 0.001 -23"><span class='ocrx_word' id='word_1_500' title='bbox 2031 3054 2180 3132; x_wconf 73' lang='lat' dir='ltr'><strong>perii</strong></span> <span class='ocrx_word' id='word_1_501' title='bbox 2213 3053 2555 3116; x_wconf 85' lang='lat' dir='ltr'><strong>fruitionem</strong></span> <span class='ocrx_word' id='word_1_502' title='bbox 2599 3053 2932 3130; x_wconf 77' lang='lat' dir='ltr'><strong>significet;</strong></span> <span class='ocrx_word' id='word_1_503' title='bbox 2977 3051 3476 3132; x_wconf 82' lang='lat' dir='ltr'><strong>quemadmodum</strong></span> <span class='ocrx_word' id='word_1_504' title='bbox 3527 3051 3669 3111; x_wconf 88' lang='lat' dir='ltr'><strong>illud</strong></span> 
     </span>
    </p>
   </div>
   <div class='ocr_carea' id='block_1_72' title="bbox 2027 3132 3670 3212">
    <p class='ocr_par' dir='ltr' id='par_1_72' title="bbox 2027 3132 3670 3212">
     <span class='ocr_line' id='line_1_73' title="bbox 2027 3132 3670 3212; baseline 0 -22"><span class='ocrx_word' id='word_1_505' title='bbox 2027 3154 2062 3190; x_wconf 84' lang='grc' dir='ltr'>(ι</span> <span class='ocrx_word' id='word_1_506' title='bbox 2093 3134 2329 3194; x_wconf 69' lang='lat' dir='ltr'><strong>dextris</strong></span> <span class='ocrx_word' id='word_1_507' title='bbox 2372 3133 2486 3196; x_wconf 75' lang='lat' dir='ltr'><strong>Dei</strong></span> <span class='ocrx_word' id='word_1_508' title='bbox 2535 3135 2945 3208; x_wconf 75' lang='lat' dir='ltr'><strong>cugnationem</strong></span> <span class='ocrx_word' id='word_1_509' title='bbox 2993 3147 3051 3195; x_wconf 89' lang='lat' dir='ltr'><strong>et</strong></span> <span class='ocrx_word' id='word_1_510' title='bbox 3093 3132 3483 3212; x_wconf 66' lang='lat' dir='ltr'><strong>aequalitatem</strong></span> <span class='ocrx_word' id='word_1_511' title='bbox 3536 3148 3670 3192; x_wconf 91' lang='lat' dir='ltr'><strong>cum</strong></span> 
     </span>
    </p>
   </div>
   <div class='ocr_carea' id='block_1_73' title="bbox 2030 3211 3672 3275">
    <p class='ocr_par' dir='ltr' id='par_1_73' title="bbox 2030 3211 3672 3275">
     <span class='ocr_line' id='line_1_74' title="bbox 2030 3211 3672 3275; baseline 0.001 -3"><span class='ocrx_word' id='word_1_512' title='bbox 2030 3215 2216 3273; x_wconf 80' lang='lat' dir='ltr'><strong>Patre.</strong></span> <span class='ocrx_word' id='word_1_513' title='bbox 2265 3219 2343 3275; x_wconf 89' lang='lat' dir='ltr'><strong>At</strong></span> <span class='ocrx_word' id='word_1_514' title='bbox 2388 3233 2504 3274; x_wconf 88' lang='lat' dir='ltr'><strong>non</strong></span> <span class='ocrx_word' id='word_1_515' title='bbox 2555 3215 2742 3274; x_wconf 86' lang='lat' dir='ltr'><strong>solum</strong></span> <span class='ocrx_word' id='word_1_516' title='bbox 2797 3214 3011 3275; x_wconf 69' lang='lat' dir='ltr'><strong>sedere</strong></span> <span class='ocrx_word' id='word_1_517' title='bbox 3069 3213 3129 3272; x_wconf 92' lang='lat' dir='ltr'><strong>in</strong></span> <span class='ocrx_word' id='word_1_518' title='bbox 3167 3211 3428 3273; x_wconf 81' lang='lat' dir='ltr'><strong>dextera</strong></span> <span class='ocrx_word' id='word_1_519' title='bbox 3481 3213 3672 3274; x_wconf 70' lang='lat' dir='ltr'><strong>Patris</strong></span> 
     </span>
    </p>
   </div>
   <div class='ocr_carea' id='block_1_74' title="bbox 2026 3290 3672 3368">
    <p class='ocr_par' dir='ltr' id='par_1_74' title="bbox 2026 3290 3672 3368">
     <span class='ocr_line' id='line_1_75' title="bbox 2026 3290 3672 3368; baseline 0 -16"><span class='ocrx_word' id='word_1_520' title='bbox 2026 3291 2210 3353; x_wconf 90' lang='lat' dir='ltr'><strong>Filius</strong></span> <span class='ocrx_word' id='word_1_521' title='bbox 2242 3293 2483 3368; x_wconf 89' lang='lat' dir='ltr'><strong>dicitur,</strong></span> <span class='ocrx_word' id='word_1_522' title='bbox 2521 3295 2622 3354; x_wconf 86' lang='lat' dir='ltr'><strong>sed</strong></span> <span class='ocrx_word' id='word_1_523' title='bbox 2663 3292 2838 3353; x_wconf 90' lang='lat' dir='ltr'><strong>etiam</strong></span> <span class='ocrx_word' id='word_1_524' title='bbox 2870 3302 3025 3355; x_wconf 87' lang='lat' dir='ltr'><strong>stare</strong></span> <span class='ocrx_word' id='word_1_525' title='bbox 3057 3310 3072 3366; x_wconf 87' lang='lat'><strong>;</strong></span> <span class='ocrx_word' id='word_1_526' title='bbox 3125 3293 3274 3352; x_wconf 89' lang='lat' dir='ltr'><strong>sicut</strong></span> <span class='ocrx_word' id='word_1_527' title='bbox 3326 3294 3384 3354; x_wconf 90' lang='lat' dir='ltr'><strong>in</strong></span> <span class='ocrx_word' id='word_1_528' title='bbox 3429 3290 3672 3353; x_wconf 83' lang='lat' dir='ltr'><strong>Actibus</strong></span> 
     </span>
    </p>
   </div>
   <div class='ocr_carea' id='block_1_75' title="bbox 2026 3371 3668 3453">
    <p class='ocr_par' dir='ltr' id='par_1_75' title="bbox 2026 3371 3668 3453">
     <span class='ocr_line' id='line_1_76' title="bbox 2026 3371 3668 3453; baseline -0.001 -20"><span class='ocrx_word' id='word_1_529' title='bbox 2026 3374 2105 3433; x_wconf 91' lang='lat' dir='ltr'><strong>ait</strong></span> <span class='ocrx_word' id='word_1_530' title='bbox 2135 3375 2470 3452; x_wconf 89' lang='lat' dir='ltr'><strong>Stephanus</strong></span> <span class='ocrx_word' id='word_1_531' title='bbox 2505 3396 2517 3436; x_wconf 92' lang='lat'>:</span> <span class='ocrx_word' id='word_1_532' title='bbox 2555 3372 2781 3434; x_wconf 85' lang='lat' dir='ltr'><strong>scilicet</strong></span> <span class='ocrx_word' id='word_1_533' title='bbox 2811 3374 2936 3434; x_wconf 66' lang='lat' dir='ltr'><strong>haec</strong></span> <span class='ocrx_word' id='word_1_534' title='bbox 2965 3371 3200 3453; x_wconf 80' lang='lat' dir='ltr'><strong>phrasis</strong></span> <span class='ocrx_word' id='word_1_535' title='bbox 3229 3380 3417 3432; x_wconf 81' lang='lat' dir='ltr'><strong>status</strong></span> <span class='ocrx_word' id='word_1_536' title='bbox 3446 3372 3668 3432; x_wconf 84' lang='lat' dir='ltr'><strong>immu-</strong></span> 
     </span>
    </p>
   </div>
   <div class='ocr_carea' id='block_1_76' title="bbox 2028 3453 3671 3532">
    <p class='ocr_par' dir='ltr' id='par_1_76' title="bbox 2028 3453 3671 3532">
     <span class='ocr_line' id='line_1_77' title="bbox 2028 3453 3671 3532; baseline 0 -20"><span class='ocrx_word' id='word_1_537' title='bbox 2028 3453 2404 3527; x_wconf 85' lang='lat' dir='ltr'><strong>tabilitatem,</strong></span> <span class='ocrx_word' id='word_1_538' title='bbox 2463 3455 2560 3514; x_wconf 89' lang='lat' dir='ltr'><strong>illa</strong></span> <span class='ocrx_word' id='word_1_539' title='bbox 2613 3453 2954 3514; x_wconf 82' lang='lat' dir='ltr'><strong>felicitatem</strong></span> <span class='ocrx_word' id='word_1_540' title='bbox 3008 3471 3114 3512; x_wconf 91' lang='lat' dir='ltr'><strong>nos</strong></span> <span class='ocrx_word' id='word_1_541' title='bbox 3165 3454 3423 3532; x_wconf 82' lang='lat' dir='ltr'><strong>edocet:</strong></span> <span class='ocrx_word' id='word_1_542' title='bbox 3477 3469 3671 3532; x_wconf 88' lang='lat' dir='ltr'><strong>neque</strong></span> 
     </span>
    </p>
   </div>
   <div class='ocr_carea' id='block_1_77' title="bbox 2029 3531 3668 3607">
    <p class='ocr_par' dir='ltr' id='par_1_77' title="bbox 2029 3531 3668 3607">
     <span class='ocr_line' id='line_1_78' title="bbox 2029 3531 3668 3607; baseline -0.001 -15"><span class='ocrx_word' id='word_1_543' title='bbox 2029 3533 2138 3593; x_wconf 89' lang='lat' dir='ltr'><strong>ista</strong></span> <span class='ocrx_word' id='word_1_544' title='bbox 2196 3535 2510 3594; x_wconf 85' lang='lat' dir='ltr'><strong>locutionis</strong></span> <span class='ocrx_word' id='word_1_545' title='bbox 2567 3533 2878 3594; x_wconf 90' lang='lat' dir='ltr'><strong>diversitas</strong></span> <span class='ocrx_word' id='word_1_546' title='bbox 2934 3551 3148 3594; x_wconf 89' lang='lat' dir='ltr'><strong>sensus</strong></span> <span class='ocrx_word' id='word_1_547' title='bbox 3207 3531 3668 3607; x_wconf 84' lang='lat' dir='ltr'><strong>discrepantiam</strong></span> 
     </span>
    </p>
   </div>
   <div class='ocr_carea' id='block_1_78' title="bbox 2029 3611 3667 3693">
    <p class='ocr_par' dir='ltr' id='par_1_78' title="bbox 2029 3611 3667 3693">
     <span class='ocr_line' id='line_1_79' title="bbox 2029 3611 3667 3693; baseline -0.001 -21"><span class='ocrx_word' id='word_1_548' title='bbox 2029 3613 2324 3692; x_wconf 86' lang='lat' dir='ltr'><strong>importat.</strong></span> <span class='ocrx_word' id='word_1_549' title='bbox 2361 3614 2614 3675; x_wconf 83' lang='lat' dir='ltr'><strong>Aliunde</strong></span> <span class='ocrx_word' id='word_1_550' title='bbox 2659 3632 2818 3682; x_wconf 89' lang='lat' dir='ltr'><strong>vero,</strong></span> <span class='ocrx_word' id='word_1_551' title='bbox 2871 3615 2972 3693; x_wconf 91' lang='lat' dir='ltr'><strong>qui</strong></span> <span class='ocrx_word' id='word_1_552' title='bbox 3023 3612 3170 3673; x_wconf 84' lang='lat' dir='ltr'><strong>dixit</strong></span> <span class='ocrx_word' id='word_1_553' title='bbox 3215 3620 3377 3674; x_wconf 86' lang='lat' dir='ltr'><strong>stare</strong></span> <span class='ocrx_word' id='word_1_554' title='bbox 3426 3611 3667 3693; x_wconf 83' lang='lat' dir='ltr'><strong>Filium,</strong></span> 
     </span>
    </p>
   </div>
   <div class='ocr_carea' id='block_1_79' title="bbox 2031 3691 3672 3770">
    <p class='ocr_par' dir='ltr' id='par_1_79' title="bbox 2031 3691 3672 3770">
     <span class='ocr_line' id='line_1_80' title="bbox 2031 3691 3672 3770; baseline -0.002 -17"><span class='ocrx_word' id='word_1_555' title='bbox 2031 3691 2146 3753; x_wconf 85' lang='lat' dir='ltr'><strong>non</strong></span> <span class='ocrx_word' id='word_1_556' title='bbox 2177 3694 2320 3754; x_wconf 79' lang='lat' dir='ltr'><strong>dixit</strong></span> <span class='ocrx_word' id='word_1_557' title='bbox 2346 3697 2578 3755; x_wconf 84' lang='lat' dir='ltr'><strong>Patrem</strong></span> <span class='ocrx_word' id='word_1_558' title='bbox 2607 3693 2820 3756; x_wconf 90' lang='lat' dir='ltr'><strong>sodere</strong></span> <span class='ocrx_word' id='word_1_559' title='bbox 2850 3717 2864 3767; x_wconf 66' lang='grc' dir='ltr'><strong>ς</strong></span> <span class='ocrx_word' id='word_1_560' title='bbox 2891 3691 2952 3754; x_wconf 77' lang='lat' dir='ltr'><strong>ut</strong></span> <span class='ocrx_word' id='word_1_561' title='bbox 2983 3693 3199 3753; x_wconf 77' lang='lat' dir='ltr'><strong>exinde</strong></span> <span class='ocrx_word' id='word_1_562' title='bbox 3221 3693 3449 3753; x_wconf 91' lang='lat' dir='ltr'><strong>nullum</strong></span> <span class='ocrx_word' id='word_1_563' title='bbox 3481 3691 3672 3770; x_wconf 72' lang='lat' dir='ltr'><strong>digni-</strong></span> 
     </span>
    </p>
   </div>
   <div class='ocr_carea' id='block_1_80' title="bbox 2029 3772 3667 3854">
    <p class='ocr_par' dir='ltr' id='par_1_80' title="bbox 2029 3772 3667 3854">
     <span class='ocr_line' id='line_1_81' title="bbox 2029 3772 3667 3854; baseline -0.002 -21"><span class='ocrx_word' id='word_1_564' title='bbox 2029 3775 2161 3833; x_wconf 88' lang='lat' dir='ltr'><strong>tatis</strong></span> <span class='ocrx_word' id='word_1_565' title='bbox 2181 3775 2500 3836; x_wconf 87' lang='lat' dir='ltr'><strong>discrimen</strong></span> <span class='ocrx_word' id='word_1_566' title='bbox 2521 3775 2743 3835; x_wconf 85' lang='lat' dir='ltr'><strong>inl‘erre</strong></span> <span class='ocrx_word' id='word_1_567' title='bbox 2769 3777 3084 3854; x_wconf 88' lang='lat' dir='ltr'><strong>possimus.</strong></span> <span class='ocrx_word' id='word_1_568' title='bbox 3116 3772 3240 3835; x_wconf 88' lang='lat' dir='ltr'><strong>Dici</strong></span> <span class='ocrx_word' id='word_1_569' title='bbox 3262 3773 3437 3852; x_wconf 76' lang='lat' dir='ltr'><strong>igitur</strong></span> <span class='ocrx_word' id='word_1_570' title='bbox 3455 3780 3667 3852; x_wconf 85' lang='lat' dir='ltr'><strong>potest,</strong></span> 
     </span>
    </p>
   </div>
   <div class='ocr_carea' id='block_1_81' title="bbox 2028 3853 3399 3924">
    <p class='ocr_par' dir='ltr' id='par_1_81' title="bbox 2028 3853 3399 3924">
     <span class='ocr_line' id='line_1_82' title="bbox 2028 3853 3399 3924; baseline 0.003 -12"><span class='ocrx_word' id='word_1_571' title='bbox 2028 3872 2162 3912; x_wconf 85' lang='lat' dir='ltr'><strong>eum</strong></span> <span class='ocrx_word' id='word_1_572' title='bbox 2197 3864 2254 3912; x_wconf 82' lang='lat' dir='ltr'><strong>et</strong></span> <span class='ocrx_word' id='word_1_573' title='bbox 2283 3854 2495 3916; x_wconf 87' lang='lat' dir='ltr'><strong>sedere</strong></span> <span class='ocrx_word' id='word_1_574' title='bbox 2525 3864 2584 3914; x_wconf 92' lang='lat' dir='ltr'><strong>et</strong></span> <span class='ocrx_word' id='word_1_575' title='bbox 2614 3853 2790 3916; x_wconf 86' lang='lat' dir='ltr'><strong>stare.</strong></span> <span class='ocrx_word' id='word_1_576' title='bbox 2827 3853 2932 3914; x_wconf 75' lang='lat' dir='ltr'><strong>Illi</strong></span> <span class='ocrx_word' id='word_1_577' title='bbox 2961 3860 3183 3924; x_wconf 82' lang='lat' dir='ltr'><strong>autem,</strong></span> <span class='ocrx_word' id='word_1_578' title='bbox 3223 3878 3250 3908; x_wconf 73' lang='grc' dir='ltr'><strong><em>ι</em></strong></span> <span class='ocrx_word' id='word_1_579' title='bbox 3286 3862 3399 3916; x_wconf 92' lang='lat' dir='ltr'><strong>etc.</strong></span> 
     </span>
    </p>
   </div>
   <div class='ocr_carea' id='block_1_82' title="bbox 3249 5648 3351 5714">
    <p class='ocr_par' dir='ltr' id='par_1_82' title="bbox 3249 5648 3351 5714">
     <span class='ocr_line' id='line_1_83' title="bbox 3249 5648 3351 5714; baseline 0.02 -2"><span class='ocrx_word' id='word_1_580' title='bbox 3249 5648 3351 5714; x_wconf 68' lang='grc'><strong>22.</strong></span> 
     </span>
    </p>
   </div>
  </div>
