4154 6298
410 288 525 353 687
1382 291 1977 358 THEOPHYLACTI
2021 289 2427 354 BULGARIE
2464 284 2828 355 ‘ARCHIEP.
3669 288 3789 351 688

410 428 468 487 5.
511 424 604 488 Da
632 438 886 506 captura
920 430 1207 509 piscium.
1258 429 1345 492 De
1385 429 1639 510 leproso.
1694 428 1780 491 De
1804 426 2049 508 paraly—

2150 424 2213 489 ε’,
2262 429 2386 502 Περὶ
2441 427 2539 495 τῆς
2636 424 2801 507 ἄγρας
2867 432 2976 483 τῶν
3057 429 3282 507 ἰχθύων.
3369 429 3493 506 Περὶ
3544 432 3641 483 τοῦ
3695 421 3790 478 λε-

491 517 626 578 tico.
682 516 772 578 De
824 515 977 579 Levi
1031 516 1379 599 publicano.
1456 518 1546 580 De
1618 517 1854 579 Christo
1926 534 2057 577 eum

2221 523 2380 595 προῦ.
2466 517 2590 595 11:91
2669 521 2763 573 τοῦ
2846 514 3227 594 παραλυτικῶ.
3314 517 3441 572 Πεαὶ
3516 518 3647 572 Λευ³ι
3703 511 3798 567 τοῦ

490 604 842 681 publicanis
885 609 1248 669 comedente.
1304 608 1438 671 Cur
1483 608 1779 687 discipuli
1803 606 2061 668 Joannis

2224 603 2477 667 τελώνου,
2566 604 2691 675 Περὶ
2770 600 2866 661 τοῦ
2924 604 3142 672 νἸησοῦ
3234 604 3590 666 συνεσθίοντος
3674 612 3796 662 τοῖς

492 696 795 774 iejunant,
827 695 1118 775 discipuli
1160 715 1302 759 vero
1343 697 1570 759 Christi
1612 699 1783 758 non?

2220 691 2500 757 τελώναις.
2579 694 2678 748 Διὰ
2732 694 2783 749 τί
2835 694 2883 748 οἱ
2939 700 3032 750 τοῦ
3104 691 3350 750 Ἰωάννου
3398 692 3633 770 μαθηταὶ
3686 711 3790 754 νη·-

2222 782 2515 856 στεύουσιν,
2548 783 2595 839 οἱ
2622 779 2677 838 δέ
2705 788 2813 838 τοῦ.
2828 787 3057 861 Χριστοῦ
3082 783 3227 861 οὐχί,

411 870 472 932 6.
503 871 589 933 De
608 872 937 955 discipulis
961 877 1028 936 in
1059 875 1325 938 Subbato
1352 878 1547 955 spicas
1579 873 2050 935 vellentibus.l)e

2148 854 2231 945 τί
2293 872 2418 951 Περὶ
2473 854 2581 926 τῶν
2636 854 2891 946 μαθητῶν
2974 878 3067 927 τοῦ
3134 854 3360 953 ἶριστοῦ
3420 870 3475 926 ἐν
3526 866 3788 939 Σαϐϐάτῳ

492 976 559 1021 eo
587 954 701 1038 qui
731 962 971 1023 aridam
1017 962 1271 1025 habebat
1307 954 1579 1024 manum.
1635 961 1720 1023 De
1764 960 2051 1023 electione

2210 957 2501 1016 τιλλοντων
2608 959 2730 1023 τοὺς
2843 960 3108 1041 στάχυας.
3220 960 3345 1039 Περὶ
3453 959 3545 1015 τοῦ
3624 955 3787 1034 ξηρὰν

492 1051 925 1128 apostolorum.
949 1050 1039 1115 De
1064 1050 1565 1114 beatitudinibus.
1584 1051 1760 1129 Quod
1781 1057 2051 1131 oporteat

2212 1048 2436 1129 ἔχοντος
2493 1049 2591 1117 τὴν
2674 1062 2861 1130 χεῖρα.
2938 1052 3062 1129 Περὶ
3128 1054 3230 1117 τῆς
3304 1056 3413 1105 τῶν
3471 1045 3783 1106 ἀποστόλων

489 1139 766 1200 inimicos
815 1139 1090 1220 diligere.
1157 1143 1242 1201 De
1285 1159 1407 1202 non
1459 1140 1870 1202 contendendo
1911 1156 2047 1200 cum

2210 1138 2458 1217 ἐκλογῆς.
2518 1139 2643 1219 Περὶ
2685 1139 2794 1196 τῶν
2864 1148 3240 1218 μακαρισμῶν.
3333 1140 3453 1218 Περὶ
3524 1144 3617 1193 τοῦ
3687 1158 3781 1215 φι-

486 1228 789 1307 proximo.
823 1229 993 1303 Quod
1021 1236 1324 1292 neminem
1363 1230 1542 1293 liceat
1583 1231 1881 1308 iudicare.

2211 1227 2331 1285 λεῖν
2385 1228 2508 1292 τοὺς
2555 1229 2799 1308 ἐχθρούς.
2895 1229 3021 1295 Περὶ
3085 1238 3179 1287 τοῦ
3221 1230 3353 1307 πρὸς
3410 1229 3503 1284 τὸν
3561 1225 3788 1293 πλησίον

2217 1318 2295 1393 μὴ
2364 1315 2714 1396 φιλονεικεῖν,
2775 1318 2900 1397 Περὶ
2955 1324 3051 1376 τοῦ
3093 1318 3171 1394 μὴ
3231 1315 3346 1374 δεῖν
3401 1318 3492 1373 τὸν
3562 1314 3790 1383 πλησίον

2215 1407 2435 1470 κρίνειν,

410 1491 469 1553 7.
503 1489 597 1553 De
625 1495 993 1556 centurione.
1050 1496 1136 1557 De
1182 1497 1312 1575 filio
1339 1497 1581 1577 quiduis.
1635 1494 1721 1557 De
1770 1496 1975 1557 missis
2016 1513 2050 1553 (ι

2215 1430 2251 1464 κ
2287 1429 2435 1470 ινειν,

2147 1485 2206 1569 ζ’,
2253 1429 2420 1577 ρΠερὶ
2502 1503 2596 1554 τοῦ
2679 1497 3097 1576 ἑκατοντάρχου.
3174 1499 3297 1577 Περὶ
3366 1506 3460 1555 τοῦ
3524 1497 3635 1553 υἱοῦ
3689 1500 3787 1562 τῆς

484 1581 747 1647 Joanne.
2214 1588 2417 1667 χήρας,
2532 1587 2658 1665 Περὶ
2761 1592 2868 1642 τῶν
2972 1584 3269 1644 σταλέντων
3377 1586 3523 1665 παρᾶ
3603 1583 3789 1642 Ἰωάν-

2213 1696 2303 1734 νου
2311 1723 2326 1739 .

408 1758 465 1823 8.
498 1758 587 1822 De
631 1758 886 1822 muliere
927 1762 1257 1826 Dominum
1303 1772 1585 1843 ungente.
1632 1763 1937 1827 Parabola
1984 1763 2048 1825 de

2150 1753 2219 1832 η’.
2273 1767 2398 1846 Περὶ
2480 1769 2579 1832 τῆς
2656 1763 2956 1840 unum;
3010 1765 3103 1821 τὸν
3176 1765 3366 1843 Κύριον
3434 1764 3606 1844 μύρῳ.
3668 1764 3790 1841 Περὶ

487 1850 843 1911 seminante.
883 1847 970 1911 De
998 1858 1196 1914 matre
1233 1862 1288 1913 et
1335 1852 1632 1931 fratribus
1660 1852 1803 1917 Jesu
1846 1852 2054 1916 volen-

2219 1858 2318 1920 τῆς
2401 1852 2712 1932 παραϐολῆς
2794 1861 2887 1911 τοῦ
2977 1854 3313 1934 σπείραντος,
3396 1859 3519 1933 Περι
3587 1853 3787 1932 μητρὸς

490 1938 649 1999 tibus
676 1938 888 2000 videre
918 1956 1081 2005 eum.
1134 1940 1216 2002 De
1264 1944 1683 2022 increpatione
1731 1959 2054 2023 aquarum.

2220 1943 2309 2000 καὶ
2390 1941 2629 2023 ἀδελφῶν
2722 1948 2816 1998 τοῦ
2886 1940 3088 2019 Ἰησοῦ,
3160 1940 3423 1998 θελόντων
3496 1939 3629 1997 ἰδεῖν
3689 1944 3786 1999 αὒ-

490 2027 577 2088 De
606 2024 849 2106 legione
867 2028 1234 2094 damonum.
1267 2030 1349 2092 De
1373 2032 1504 2110 ﬁlia
1534 2035 1838 2113 principis
1867 2032 2059 2113 Syna-

2223 2033 2337 2096 τόν,
2416 2034 2539 2113 Περὶ
2595 2037 2694 2099 τῆς
2751 2032 3119 2108 ἐπιτιμήσεως
3188 2032 3293 2089 τῶν
3363 2031 3586 2094 ὑδάτων,
3670 2031 3789 2109 Περὶ

486 2132 674 2197 gogte.
714 2118 798 2177 De
825 2116 1328 2182 hoemorrhoissa.

2223 2128 2315 2178 τοῦ
2372 2120 2663 2201 λεγεῶνος.
2720 2122 2846 2200 Περὶ
2927 2127 3027 2189 τῆς
3111 2122 3369 2200 θυγατρὸς
3451 2130 3545 2179 τοῦ
3626 2121 3784 2200 ἁρχι-

2215 2210 2551 2289 συναγώγου,
2584 2211 2707 2285 Περὶ
2736 2214 2835 2277 τῆς
2867 2208 3280 2289 αἷμοῤῥοούσης,

406 2292 466 2354 9.
496 2290 589 2354 De
611 2297 901 2357 missione
916 2296 1227 2358 duodecim
1249 2298 1683 2377 apostolorum.
1709 2300 1791 2361 De
1808 2298 2046 2362 Herodi

2151 2298 2214 2359 δ’.
2272 2301 2397 2378 Περὶ
2454 2304 2553 2367 τῆς
2613 2297 2920 2366 ἀποστολῆς
2975 2305 3086 2355 τῶν
3142 2296 3370 2359 διῖἢεκα.
3432 2299 3556 2378 Περὶ
3621 2289 3791 2377 Ἠρώ-

489 2383 648 2461 quod
677 2385 753 2447 de
780 2383 1022 2447 Christo
1064 2387 1326 2449 audiuit.
1363 2387 1452 2448 De
1501 2390 1763 2467 quinque
1801 2390 2057 2469 panibus

2218 2385 2310 2448 δου
2363 2387 2444 2444 ὅτι
2528 2386 2721 2457 ἤκουσε
2805 2389 2924 2467 περὶ
3006 2386 3211 2455 Ἰησοῦ.
3289 2390 3411 2467 Περὶ
3466 2395 3573 2444 τῶν
3640 2388 3794 2444 πέντε

489 2478 545 2533 st
576 2473 813 2536 duobus
835 2474 1131 2554 piscibus.
1172 2474 1264 2537 De
1282 2478 1765 2560 interrogatione
1786 2479 2052 2541 Domini.

2218 2473 2389 2553 ἄρτων
2443 2478 2531 2535 καὶ
2585 2482 2690 2534 τῶν
2748 2476 2839 2534 δύο
2897 2478 3124 2557 ἰχθύων,
3201 2478 3325 2556 Περὶ
3378 2482 3477 2544 τῆς
3545 2483 3640 2533 τοῦ
3696 2486 3790 2533 Κυ-

488 2562 574 2624 De
602 2563 1143 2644 transﬁguratione
1191 2565 1441 2629 Christi.
1492 2568 1579 2629 De
1629 2567 1924 2630 lunalico.
1975 2568 2057 2629 De

2219 2568 2331 2645 ρίου
2416 2566 2826 2646 ἐπερωτήσεως,
2942 2569 3067 2644 Περὶ
3148 2571 3247 2632 τῆς
3329 2565 3791 2644 μεταμορφώσεως

488 2650 981 2731 disceptantibus,
1016 2653 1155 2732 quis
1186 2656 1408 2731 major.
1435 2656 1517 2717 De
1541 2673 1612 2718 eo
1642 2657 1748 2735 qui
1769 2654 1844 2718 ab
1873 2674 2053 2736 apos-

2213 2662 2306 2713 τοῦ
2402 2662 2653 2735 Χριστοῦ,
2740 2656 2865 2735 Περὶ
2956 2656 3048 2711 τοῦ
3124 2652 3587 2728 σεληνιαζομένου.
3662 2657 3787 2731 Περὶ

492 2739 635 2801 talis
655 2739 994 2820 prohibitus
1025 2749 1113 2804 est
1141 2744 1353 2822 ejicere
1371 2746 1700 2807 dtemoniu.
1733 2745 1904 2819 Quod
1931 2764 2049 2807 non

2214 2750 2322 2801 τῶν
2376 2742 2846 2822 διαλογιζομένων,
2906 2745 2981 2809 τίς
3054 2742 3266 2817 μείζων.
3339 2745 3463 2819 Περὶ
3520 2748 3613 2797 τοῦ
3668 2761 3778 2796 κω-

488 2830 693 2890 deceat
745 2830 1083 2893 vindictam
1159 2834 1320 2896 sumi
1368 2834 1441 2896 de
1496 2836 1579 2896 iis
1626 2836 1729 2914 qui
1783 2838 2055 2914 excipere

2217 2833 2477 2910 λυομένου
2531 2833 2779 2902 δαιμόνια
2865 2833 3098 2890 ἐλαύνειν
3171 2833 3273 2887 ὑπὸ
3349 2837 3456 2887 τῶν
3506 2834 3777 2906 μαθητῶν,

488 2916 748 2997 hospitio
790 2918 1034 2981 nolunt.
1075 2919 1161 2981 De
1186 2939 1304 2983 non
1342 2924 1664 2985 commissa
1695 2924 1934 3003 sequela

2220 2925 2346 2996 11:91
2403 2930 2497 2980 τοῦ
2554 2922 2633 2999 μὴ
2684 2924 2853 2980 αἰτεῖν
2909 2922 3168 3000 τιμωρίαν
3237 2921 3311 2985 εἷς
3364 2921 3487 2984 τοὺς
3534 2920 3612 2995 μὴ
3640 2918 3786 2985 δεξα-

2069 3043 2109 3091 C
2215 3011 2404 3089 μένους
2497 3012 2704 3075 ἇυτούς,
2787 3013 2912 3092 Περὶ
3010 3016 3103 3067 τοῦ
3203 3011 3284 3086 μὴ
3380 3008 3796 3088 ἐπιτρεπομίνου

2218 3100 2474 3159 ἆκολουθε
2480 3114 2534 3158 ῖν
2543 3149 2557 3163 ,

409 3187 510 3249 10.
547 3185 636 3248 De
663 3187 1056 3266 septuaginta
1086 3189 1422 3269 designatis
1457 3191 1801 3271 discipulis.
1835 3191 1914 3253 De
1954 3198 2049 3255 in-

2172 3180 2203 3251 ’.
2267 3192 2391 3269 Περὶ
2470 3195 2579 3246 τῶν
2681 3187 3100 3271 ἀναδειχθέντων
3198 3184 3589 3264 ἐϐδομήκοντα,
3675 3192 3798 3265 Περὶ

493 3280 895 3355 terrogatioue
950 3274 1301 3356 legisperiti.
1338 3280 1427 3339 De
1467 3298 1534 3340 eo
1582 3285 1687 3360 qui
1730 3282 1943 3342 incidit
1994 3285 2054 3342 in

2221 3279 2312 3336 τοῦ
2377 3279 2813 3359 ἐπερωτήσαντος
2898 3285 3142 3355 νομικοῦ.
3234 3278 3357 3356 Περὶ
3455 3283 3547 3334 τοῦ
3625 3274 3793 3352 ἐμπε-

492 3362 774 3427 latrones.
819 3364 904 3427 De
930 3366 1173 3427 Martha
1201 3374 1255 3428 et
1289 3368 1490 3429 Maria
1520 3386 1728 3431 sorore
1756 3372 1906 3450 ejus.

2219 3369 2404 3433 σόντος
2459 3369 2533 3432 εἷς
2600 3368 2725 3431 τοὺς
2773 3365 2999 3444 λῃστάς,
3062 3366 3185 3447 Περί
3243 3364 3457 3445 Μάρθας
3505 3366 3594 3423 καὶ
3671 3371 3789 3423 Μα-

2220 3459 2332 3537 ρίας
2359 3461 2458 3525 τῆς
2502 3453 2733 3537 ἀδελφῆς
2764 3455 2951 3524 αὖτῆς.

418 3546 510 3605 11.
554 3540 641 3603 De
665 3544 963 3604 oratione.
1008 3542 1098 3605 De
1137 3561 1207 3606 eo
1255 3551 1359 3624 qui
1405 3544 1664 3609 habebat
1698 3549 2058 3609 daemonium

2147 3545 2244 3606 ια’.
2302 3547 2431 3625 Περὶ
2499 3549 2834 3626 προσευχῆς.
2892 3546 3017 3624 Περὶ
3072 3550 3165 3602 τοῦ
3226 3543 3449 3624 ἐχοντος
3522 3540 3787 3619 δαιμόνιον

492 3632 767 3693 surdum.
832 3632 915 3692 De
983 3632 1244 3695 muliere
1296 3652 1431 3714 quos
1502 3652 1697 3696 votum
1751 3638 1826 3697 de
1881 3637 2058 3698 turba

2221 3637 2425 3716 κωφόν,
2483 3636 2607 3715 Περὶ
2652 3639 2751 3701 τῆς
2811 3632 2871 3689 ἐκ
2923 3641 3017 3691 τοῦ
3086 3631 3256 3714 ὄχλου
3326 3632 3604 3712 ἐπαράσης
3671 3654 3786 3713 φω-

496 3719 742 3783 εωιιιιίι.
781 3720 869 3781 De
908 3721 1252 3800 petentibus
1289 3726 1557 3802 signum.
1612 3724 1700 3786 De
1744 3727 2058 3789 Pharist

2222 3725 2342 3795 νήν,
2407 3725 2533 3802 Περὶ
2610 3729 2718 3780 τῶν
2816 3724 3097 3781 αἰτούντων
3182 3735 3435 3798 σημεῖον.
3510 3723 3633 3803 11:91
3698 3728 3788 3777 τοῦ

497 3809 942 3888 interpellante
969 3808 1202 3873 Jesum.
1247 3810 1337 3874 De
1381 3813 1632 3874 miseria
1675 3814 2058 3895 legisperitoo

2221 3815 2535 3894 Φαρισαίου,
2618 3819 2712 3870 τοῦ
2784 3811 3119 3884 καλήσαντος
3186 3813 3279 3869 τόν
3362 3809 3590 3880 Ἰησοῦν.
3669 3811 3789 3889 Περὶ

496 3918 653 3963 rum.
2222 3912 2314 3962 τοῦ
2338 3909 2665 3979 ταλανισμοῦ
2689 3908 2795 3959 τῶν
2824 3909 3081 3980 νομικῶν.

417 3990 558 4052 968
592 3989 689 4052 42.
731 3990 813 4052 De
843 3993 1132 4067 fermento
1178 3996 1200 4046 I
1226 3991 1647 4055 harisazorum.
1700 3993 1793 4057 De
1841 4012 1910 4057 eo
1958 3999 2057 4075 qui

2152 3991 2251 4070 ιβ’,
2310 3995 2437 4073 Περὶ
2492 3997 2593 4061 τῆς
2676 3992 2850 4068 ζύμης
2941 3999 3049 4050 τῶν
3128 3993 3450 4073 Χαρισαίων.
3509 3992 3635 4072 Περὶ
3700 3997 3792 4047 τοῦ

497 4078 728 4142 volebat
760 4080 1038 4141 dividere
1078 4077 1512 4143 hereditatem.
1560 4083 1644 4145 De
1672 4083 1862 4146 divite
1892 4088 2064 4164 cuius

2224 4078 2469 4145 θέλοντος
2582 4079 2891 4159 μερίσασθαι
2999 4081 3099 4150 ττὶν
3206 4079 3584 4161 κληρονομίαν,
3634 4080 3792 4158 11:91

500 4185 645 4249 ager
672 4169 1092 4248 fructificavit.
1143 4168 1228 4230 De
1266 4177 1608 4249 contemptu
1652 4175 2061 4235 terrestrium.

2227 4174 2287 4228 οὗ
2344 4172 2639 4252 εὺιρόρησεν
2707 4172 2743 4239 ἡ
2797 4171 2952 4251 χώρα
3017 4171 3290 4233 πλουσίου.
3350 4172 3475 4253 Περὶ
3537 4178 3633 4229 τοῦ
3683 4176 3790 4228 τῶν

502 4259 670 4332 Quod
697 4258 998 4337 fugienda
1044 4258 1124 4318 sit
1166 4259 1456 4320 avaritia.
1506 4260 1595 4321 De
1644 4261 1822 4341 vigili
1866 4280 2059 4323 servo.

2226 4262 2434 4339 γηίνων
2528 4273 2905 4341 καταφρονεῖν.
3010 4265 3135 4342 Περὶ
3228 4264 3323 4319 τοῦ
3401 4261 3611 4341 φεύγειν
3690 4260 3788 4329 τὴν

500 4346 675 4423 Quod
704 4365 823 4409 non
852 4353 1129 4429 oporteat
1162 4365 1299 4408 cum
1348 4350 1632 4427 proximo
1683 4353 2053 4415 contendere.
2083 4360 2122 4410 D

2219 4348 2584 4430 φιλαργυρίαν,
2668 4351 2794 4428 Περὶ
2876 4359 2969 4410 τοῦ
3042 4349 3310 4430 ἀγρυπνου
3382 4349 3588 4411 δούλου.
3666 4356 3792 4428 Περὶ

2218 4446 2312 4520 τοῦ
2352 4441 2482 4518 πρὸς
2509 4441 2601 4496 τὸν
2630 4438 2856 4508 πλησίον
2886 4439 2966 4517 μὴ
2996 4438 3348 4520 φιλονεικεῖν,

417 4525 518 4588 13.
561 4525 647 4588 De
678 4523 950 4588 Galilseis
978 4534 1035 4586 et
1066 4525 1146 4586 iis
1170 4528 1277 4606 qui
1296 4535 1472 4589 erant
1500 4528 1568 4588 in
1588 4527 1786 4591 Siloa.
1825 4531 1911 4590 De
1937 4530 2057 4609 ﬁcu

2145 4517 2243 4608 ιγ’,
2276 4517 2405 4609 11:91
2453 4533 2560 4584 τῶν
2617 4526 2937 4604 Γαλιλαίων,
3010 4517 3101 4587 καὶ
3159 4535 3267 4586 τῶν
3310 4528 3364 4586 ἐν
3411 4536 3486 4606 τῷ
3540 4529 3785 4609 Σιλωάμ.

498 4616 766 4694 fructum
797 4634 916 4676 non
937 4616 1191 4693 ferente.
1220 4617 1302 4678 De
1327 4619 1589 4679 muliere
1617 4619 1870 4697 spiritus
1894 4621 2050 4700 inﬁr-

2224 4619 2348 4698 Περὶ
2400 4619 2500 4684 τῆς
2595 4621 2761 4686 συκῆς
2838 4619 3042 4699 καρπὸν
3123 4619 3203 4694 μη
3259 4617 3599 4698 ἐνεγκούσης.
3669 4625 3792 4698 Περὶ

502 4708 603 4766 mi.
641 4703 939 4786 Patabola
990 4703 1061 4765 de
1106 4722 1301 4783 grano
1350 4706 1591 4785 sinapis
1641 4715 1699 4767 et
1740 4709 2059 4784 fermento.

2224 4713 2325 4775 τῆς
2434 4706 2668 4787 ἐχούσης
2775 4716 2985 4785 πνεῦμα
3093 4707 3385 4774 ἀσθενείας.
3478 4710 3604 4788 11:91
3700 4715 3793 4767 τοῦ

505 4794 593 4856 De
622 4796 1060 4871 interrogante,
1091 4811 1237 4854 num
1266 4798 1450 4874 pauci
1487 4797 1772 4857 salvandi
1801 4798 1945 4859 sint.
1979 4799 2063 4861 De

2225 4800 2422 4855 κὸκκου
2505 4796 2769 4861 σινάπεως
2852 4793 3158 4878 παραϐολὴ,
3236 4799 3325 4855 καὶ
3414 4797 3513 4867 τῆς
3595 4800 3789 4876 ζύμης,

498 4885 800 4947 nuntiatis
828 4884 971 4945 Jesu
1011 4880 1083 4943 ob
1114 4882 1432 4945 Herodem.

2225 4887 2351 4966 11:91
2400 4886 2525 4945 ’τοῦ
2605 4884 3066 4967 ἐπερωτήσαντος,
3126 4886 3171 4943 εί
3241 4885 3409 4965 ὀλίγοι
3493 4888 3539 4945 οἱ
3615 4889 3789 4960 σωζόρ

2223 4997 2398 5052 μενοι,
2456 4979 2579 5054 Περὶ
2634 4980 2740 5031 τῶν
2794 4976 3051 5035 εἰπόντων
3103 4980 3182 5051 τῷ
3235 4974 3416 5043 ἰησοῦ
3468 4973 3555 5035 διὰ
3612 4967 3787 5058 Ἡρώ-

2214 5064 2335 5122 δην.

2244 5087 2335 5135 ην.

409 5153 508 5215 14.
540 5153 627 5215 De
656 5151 1007 5233 hydropico.
1052 5148 1219 5223 Quod
1276 5168 1399 5212 non
1438 5150 1617 5214 liceat
1667 5153 2047 5234 ambitepri-

2146 5153 2205 5211 ιδ’
2217 5204 2232 5218 ,
2279 5156 2404 5234 Περὶ
2462 5159 2556 5212 τοῦ
2619 5151 2921 5235 ὑδροπικοῦ.
2970 5156 3096 5235 Περὶ
3135 5162 3229 5212 τοῦ
3290 5154 3370 5231 μὴ
3425 5154 3639 5235 ἀγαπᾷν
3691 5157 3786 5223 τὰς

491 5238 615 5305 mos
646 5242 983 5305 accubitus.
1039 5241 1214 5315 Quod
1259 5239 1459 5301 deceat
1505 5244 1694 5320 magis
1729 5260 1946 5329 vorare
1974 5244 2053 5305 ad

2213 5242 2623 5325 πρωτοκλισίας,
2722 5246 2845 5323 Περί
2932 5250 3026 5300 τοῦ
3103 5245 3360 5329 πτωχοὺς
3430 5242 3641 5329 ⁴μᾶλλον
3710 5246 3783 5307 είς

490 5350 719 5395 coenam
748 5348 1050 5412 pauperes
1092 5348 1275 5410 quam
1306 5332 1555 5392 amicos.
1594 5330 1683 5392 De
1711 5335 1935 5394 vocatis
1972 5334 2053 5394 ad

2215 5335 2277 5391 τὸ
2337 5330 2554 5390 δεῖπνον
2609 5331 2822 5406 καλεῖν,
2894 5330 2933 5401 ἤ
2986 5330 3185 5413 φίλους,
3246 5335 3370 5414 Περὶ
3421 5339 3529 5390 τῶν
3584 5334 3782 5411 καλου-

487 5437 739 5484 cantum.
773 5418 1077 5482 Parabola
1106 5419 1180 5481 de
1208 5418 1462 5498 adi/icio
1487 5420 1699 5481 turris.

2214 5422 2389 5499 μένων
2447 5422 2501 5478 ἐν
2586 5429 2665 5497 τῷ
2740 5419 2957 5498 δείπνῳ.
3045 5424 3169 5503 Περὶ
3233 5419 3519 5499 οἰκοδομῆς
3586 5425 3782 5504 πύργου

404 5597 519 5695 15ἒ
536 5596 846 5695 Parabola
974 5603 1211 5695 centum
1243 5593 1475 5695 cvibus.
1518 5597 1604 5658 De
1624 5614 2044 5695 peregrepro-

2212 5509 2513 5590 παραϐολή,

2144 5593 2219 5663 ιε’,
2282 5603 2405 5682 Περὶ
2442 5689 2461 5695 ᾳ
2491 5609 2596 5695 τῶν
2666 5602 2855 5695 ἐκατὸν
2936 5602 3217 5695 προϐάτων
3272 5602 3577 5695 παραϐολή,
3664 5608 3784 5685 Περὶ

479 5687 632 5769 festo
660 5685 730 5748 in
752 5690 1060 5765 regionem
1089 5683 1503 5764 longinquam.
1883 5683 1900 5695 '

1883 5683 1900 5695 ’
2206 5696 2300 5747 τοῦ
2328 5689 2776 5768 ἀποδημήσαντος
2805 5693 2877 5758 εἰς
2901 5693 3087 5771 χώραν
3116 5693 3343 5770 μακράν.
