4154 6298
463 472 570 555 691

1430 437 2022 549 TiiEOPHYLACTI
2066 484 2476 546 BULGARLE
2516 479 2871 545 ARCHIEP.

3730 484 3863 561 69-2

628 768 1559 902 EPMHNEIA
1661 770 1937 895 ΕΙΣ
2043 768 2103 893 ']

2188 765 2270 893 ο
2380 762 2851 894 ΚΑΤΑ
2956 762 3679 897 ΛΟΥΚΑΝ

1826 1036 2523 1124 ΕΥΑΓΓΕΛΙΟΝ

1044 1375 1773 1474 ENARRATlO
1842 1369 1953 1463 IN
2046 1368 2843 1516 E'VANGELIUM
2928 1371 3278 1472 LUCJE

980 1703 1122 1768 269
1169 1700 1597 1768 PREFATIO.

466 1822 473 1823 ί
550 1782 733 1849 Vens.
780 1785 912 1848 1-4.
966 1807 991 1839 α
1029 1784 1323 1857 Quoniam
1354 1782 1526 1844 multi
1574 1788 1939 1843 attentarunt
1967 1794 2117 1837 con-

471 1882 675 1937 texere
705 1873 1106 1936 uenationem
1153 1891 1356 1936 earum
1395 1890 1525 1954 qum
1557 1870 1713 1932 inter
1756 1886 1865 1930 nos
1916 1865 2119 1954 multis

467 1962 837 2042 argumentis
871 1962 1270 2043 comprobata:
1297 1953 1433 2024 sunt
1460 1979 1659 2024 rerum
1703 1956 1879 2020 sicuti
1928 1953 2116 2017 tradi-

467 2049 687 2113 derunt
710 2050 883 2114 nobis
913 2051 995 2125 hi,
1029 2052 1129 2133 qui
1160 2050 1234 2113 ab
1267 2050 1437 2113 initio
1466 2050 1592 2111 suis
1608 2047 1796 2110 oculis
1819 2044 2117 2121 viderunt,

470 2147 531 2202 et
559 2139 820 2203 ministri
848 2132 1092 2204 fuerunt
1112 2138 1429 2216 sermonis,
1449 2139 1639 2201 visum
1671 2144 1761 2199 est
1790 2143 1849 2198 et
1877 2132 2117 2207 mihi,ut

470 2238 683 2291 cuncta
710 2229 783 2292 ab
810 2230 978 2293 initio
1006 2230 1325 2309 diligenter
1354 2227 1757 2309 pervestigans
1777 2223 1986 2286 ordine
2010 2219 2114 2282 tibi

469 2317 753 2394 scribam,
786 2328 1029 2381 strenue
1058 2317 1414 2398 Theophile,
1447 2336 1561 2398 quo
1591 2331 1877 2396 agnoscas
1906 2329 2114 2373 eorum

470 2405 690 2485 quibus
718 2408 1040 2469 instructus
1057 2426 1121 2470 es
1150 2424 1495 2470 sermonum
1516 2402 2071 2466 communitionem.
2088 2423 2110 2459 ε

468 2494 583 2568 Qui
613 2495 857 2560 fuerunt
905 2496 1073 2558 muiti
1122 2496 1206 2557 illi
1254 2495 1354 2577 qui
1398 2490 1808 2557 attentarunt?
1852 2489 2119 2552 Pseudo-

469 2584 742 2665 apostoli.
756 2584 921 2646 Multi
941 2584 1101 2647 enim
1122 2594 1263 2648 tunc
1281 2583 1767 2664 conscripserunt
1780 2578 2116 2656 Evangelia,

471 2674 553 2735 uti
584 2683 675 2737 est
706 2674 863 2754 quod
900 2685 1111 2737 vocant
1148 2672 1529 2754 Evangelium
1566 2668 1891 2732 secundum
1931 2668 2115 2748 ZEgy-

475 2762 650 2843 ptios,
683 2771 742 2827 et
788 2764 945 2845 quod
978 2763 1322 2827 inscribitur
1364 2760 1744 2841 Evangelium
1790 2758 2117 2820 secundum

473 2850 811 2916 duodecim.
846 2852 1019 2916 Tales
1049 2852 1250 2935 itaque
1278 2846 1646 2915 attentarunt
1676 2848 1978 2928 duntaxat,
2012 2849 2119 2911 sed

473 2958 591 3002 non
625 2942 1025 3022 perfecerunt.
1060 2941 1207 3015 Quia
1237 2942 1395 3005 enim
1441 2940 1666 3021 absque
1706 2938 1903 3001 divina
1932 2939 2115 3019 gratia

2825 1700 3188 1759 ΠΡΟΟΙΜΙΟΝ
3201 1747 3214 1762 .

2289 1814 2314 1843 ι
2394 1788 2710 1869 Ἐπειδήπερ
2784 1789 2971 1848 πολλοὶ
3059 1792 3413 1873 ἐπεχείρησαν
3498 1792 3845 1856 ἀνατάξασθαι

2201 1874 2450 1955 διήγησιν
2507 1882 2624 1957 περὶ
2679 1879 2786 1936 τῶν
2842 1879 3406 1961 πεπληροφορημένων
3451 1882 3503 1938 ἐν
3551 1883 3688 1956 ἡμῖν
3716 1902 3845 1958 πρα-

2200 1968 2440 2043 γμάτων,
2496 1970 2671 2033 καθὼς
2740 1967 3033 2048 παρέδοσαν
3085 1973 3223 2046 ἡμῖν
3287 1974 3335 2027 οἱ
3378 1971 3471 2027 απ⁹
3520 1971 3698 2050 ἀρχῆς
3731 1971 3845 2024 αὺτ-

2199 2055 2358 2112 όπται
2445 2058 2533 2113 καὶ
2615 2058 2871 2135 ὑπηρέται
2958 2059 3232 2137 γενόμενοι
3293 2071 3384 2119 τοὺ
3452 2059 3636 2138 λόγου,
3708 2055 3841 2121 ἔδοξε

2198 2146 2358 2221 κάμοὶ
2455 2147 2951 2227 παρηκολουθηκότι
3051 2148 3246 2206 ἄνωθεν
3330 2158 3487 2207 πᾶσιν
3590 2145 3840 2229 ἀκριϐῶς,

2197 2234 2418 2303 καθεξῆς
2478 2258 2560 2294 σοι
2613 2239 2841 2318 γράψαι,
2887 2238 3134 2315 κράτιστε
3180 2239 3402 2321 Θεόφιλε
3435 2258 3449 2272 ·
3499 2240 3591 2295 ἵνα
3619 2239 3844 2315 ἐπιγνῷς

2198 2326 2313 2402 περὶ
2356 2327 2428 2382 ὧν
2493 2328 2813 2406 κατηχήθης
2895 2324 3071 2404 λόγων
3127 2328 3225 2395 τὴν
3268 2327 3579 2408 ἀσφάλειαν,
3620 2350 3644 2383 e
3702 2326 3844 2390 Τίνες

2202 2414 2338 2482 ἦσαν
2394 2416 2443 2471 οἱ
2498 2414 2687 2472 πολλοὶ
2730 2416 2872 2472 οὗτοι
2921 2417 2968 2472 οἱ
3022 2415 3514 2497 ἐπιχειρήσαντες-ς
3573 2418 3631 2474 Οἱ
3679 2414 3842 2490 ψευδ-

2203 2501 2490 2560 απόστολοι
2524 2521 2543 2540 ⁸
2574 2502 2760 2560 πολλοὶ
2808 2506 2906 2583 γὰρ
2950 2506 3284 2583 συνέγραψαδ
3338 2504 3630 2584 Εὒαγγέλια
3667 2504 3841 2577 δῆθεν,

2203 2594 2323 2649 οὒόν
2352 2593 2467 2650 ἐστι
2500 2595 2562 2650 τὸ
2589 2592 2710 2650 κατ’
2768 2595 3107 2675 Αἰγυπτίους,
3152 2597 3239 2650 καὶ
3294 2596 3353 2650 τὸ
3397 2594 3840 2672 ἐπιγραφόμενον,

2203 2687 2319 2740 Τῶν
2378 2679 2601 2744 δώδεκα.
2651 2684 2711 2741 Οἱ
2749 2690 2977 2740 τοιοῦτοι
3020 2682 3107 2739 οὖν
3160 2683 3511 2761 ἐπεχείρησαν
3565 2681 3743 2759 μόνον,
3780 2681 3839 2736 οὗ

2204 2771 2383 2845 μέντοι
2441 2773 2528 2828 καὶ
2585 2770 2896 2847 ἐτελείωσαν
2930 2788 2947 2807 ⁸
2980 2772 3215 2849 ὶπεὶγὰρ
3266 2772 3431 2849 χωρὶς
3476 2770 3612 2833 θείας
3668 2770 3831 2848 χάριο

2200 2882 2289 2922 τος
2348 2859 2595 2938 ἤρξαντο,
2641 2858 2724 2915 διὰ
2781 2868 2932 2917 τοῦτο
2990 2859 3101 2917 οὔδε
3131 2858 3458 2920 ἑτελείωσαν,
3508 2857 3690 2921 Καλῶς
3748 2857 3837 2913 οὖν

2199 2962 2350 3006 εἶπεν
2411 2950 2437 3005 ὁ
2468 2954 2697 3023 Λουκᾶς,
2745 2951 2825 3005 ὃτι
2854 2952 2899 3009 οἱ
2928 2948 3115 3005 πολλοὶ
3145 2948 3493 3027 ἐπεχείρησαν
3531 2964 3546 2981 ⁸
3581 2949 3629 3002 οἱ
3659 2946 3840 3021 μέντοι

471 3041 806 3112 coeperunt,
868 3040 1181 3113 propterea
1234 3049 1428 3113 neque
1483 3027 1886 3093 absolverunt.
1948 3028 2103 3092 Bene

2198 3036 2391 3116 ὀλίγοι,
2451 3039 2571 3095 οἷον
2608 3041 2634 3095 ὁ
2697 3042 2992 3109 Ματθαῖος,
3052 3041 3079 3094 ο
3131 3039 3366 3115 Μάρκος,
3416 3038 3511 3093 οὒκ
3539 3036 3844 3115 ἒπειχεέρη-

470 3121 652 3204 igitur
678 3123 821 3187 dixit
849 3123 1059 3196 Lucas,
1085 3124 1253 3187 multi
1283 3123 1481 3187 conati
1505 3129 1644 3184 sunt
1674 3140 1689 3181 :
1737 3128 1796 3182 at
1826 3121 2018 3201 pauci,
2052 3133 2103 3185 ut

2194 3148 2289 3182 σαν
2346 3126 2529 3206 μόνον,
2580 3127 2716 3183 ἀλλὰ
2756 3130 2841 3183 καὶ
2896 3126 3205 3184 ἐτελείωσαν
3242 3142 3254 3156 ’
3285 3127 3345 3182 τὸ
3377 3127 3476 3204 γὰρ
3503 3124 3766 3182 τελειοποι
3791 3148 3844 3206 g-

468 3212 777 3277 Matthaaus
822 3221 881 3275 et
926 3214 1183 3287 Marcus,
1218 3232 1335 3296 non
1380 3221 1603 3274 tantum
1652 3216 2103 3288 attentaverunt,

2191 3223 2399 3289 πνεῦμα
2457 3220 2641 3296 εἶχοι,
2708 3216 3277 3296 11επλτροφορημένων
3359 3212 3411 3270 δε
3495 3215 3620 3270 εἷπε
3708 3237 3845 3293 πρα-

471 3302 576 3365 sed
615 3311 673 3365 et
716 3301 1116 3384 perfecerunt.
1147 3305 1295 3367 Nam
1347 3300 1626 3382 Spiritum
1676 3300 1867 3361 sortiti
1912 3311 2103 3383 erant,

2189 3305 2405 3386 γιιάτων
2440 3323 2457 3340 ⁶
2488 3308 2547 3361 οὗ
2575 3307 2674 3384 γὰρ
2705 3305 2888 3367 ἁπλῶς
2945 3308 3079 3361 κατὰ
3130 3304 3295 3381 ψιλην
3343 3300 3626 3382 παράδοσιν
3655 3304 3751 3359 εἶσι
3782 3306 3845 3359 τα

470 3392 571 3472 qui
601 3392 862 3470 perfecta
888 3402 1185 3473 operatur.
1215 3391 1331 3455 Res
1352 3391 1550 3453 multis
1568 3391 1930 3469 argumentis
1950 3409 2093 3451 com-

2196 3401 2290 3449 τοῦ
2353 3394 2600 3475 Χριστοῦ,
2634 3394 2752 3450 ἀλλ’
2813 3395 2866 3452 ἐν
2928 3393 3144 3466 ἀληθείᾳ
3203 3395 3289 3450 καὶ
3319 3394 3491 3449 πίστει
3522 3390 3706 3468 βεϐαίᾳ
3760 3394 3843 3448 καὶ

470 3479 747 3561 probatas
776 3480 945 3545 dixit.
979 3482 1101 3545 Res
1134 3483 1290 3545 enim
1343 3480 1563 3544 Christi
1614 3498 1729 3540 non
1764 3478 2103 3558 simplicitel

2200 3484 2331 3556 μετὰ
2384 3483 2561 3548 πάσης
2620 3483 3005 3564 πληραφορὶας.
3062 3490 3181 3548 Πῶς
3234 3481 3289 3538 δέ
3346 3484 3445 3538 εἶσι
3502 3480 3843 3560 πεπληροφο-

471 3577 532 3632 et
558 3569 719 3632 nude
740 3570 969 3632 tradita;
1010 3576 1177 3646 sunt,
1219 3570 1325 3633 sed
1363 3587 1501 3631 vera
1550 3576 1608 3631 et
1645 3568 1838 3630 solida
1880 3569 2018 3641 ﬁde,
2056 3582 2103 3634 el

2201 3573 2406 3648 ρημένα
2462 3583 2647 3652 ταῦτα,
2710 3574 2845 3652 εἰπὲ,
2914 3575 2959 3629 ὦ
3021 3574 3240 3645 Λουκᾶ;
3304 3572 3485 3636 Καθὼς
3556 3570 3843 3649 παρέδοσαν

470 3656 789 3719 multorum
802 3667 1292 3737 argumentorum
1310 3657 1774 3720 certitudine.Et
1789 3659 2103 3738 quomodo,

2200 3662 2335 3734 ἡμῖν
2379 3663 2428 3715 οἱ
2470 3660 2562 3717 ἀπ’
2595 3662 2766 3740 ἀργῆς
2821 3662 3073 3720 αὐτόπται
3113 3663 3197 3718 καὶ
3229 3660 3483 3735 ὑπηρέται
3516 3668 3607 3716 τοῦ
3636 3656 3791 3738 λόγου
3824 3680 3839 3693 ⁵

472 3745 590 3824 dic,
624 3747 801 3828 Luca,
835 3747 1036 3809 multis
1079 3747 1443 3828 argumentis
1475 3745 1872 3825 comprobatae
1924 3749 2103 3812 sunt!

2200 3750 2261 3803 ὶκ
2317 3752 2497 3806 τούτου)
2539 3749 2723 3823 δήἈΟν,
2794 3749 2873 3805 ὅτι
2931 3753 3024 3807 οὐκ
3077 3752 3144 3817 ἦν
3199 3752 3226 3805 ὁ
3286 3755 3487 3812 Λουκᾶς
3532 3746 3626 3803 ἀπ’
3664 3749 3839 3828 ἀρχῆς

470 3830 638 3898 Sicut
657 3834 1028 3898 tradiderunt
1048 3837 1219 3899 nobis
1241 3837 1325 3913 hi,
1346 3836 1448 3917 qui
1478 3834 1551 3897 ab
1581 3835 1748 3896 initio
1780 3836 1904 3898 suis
1925 3838 2111 3899 oculis

472 3923 778 3999 viderunt,
805 3933 867 3987 et
895 3925 1151 3988 ministri
1181 3926 1420 3988 fuerunt
1446 3923 1759 3988 sermonis.
1792 3923 1943 3987 Hinc
1975 3946 2107 3990 ma-

466 4013 748 4076 nifestum
778 4022 868 4076 est
896 4016 1114 4078 Lucam
1146 4015 1221 4077 ab
1268 4015 1436 4077 initio
1474 4033 1593 4077 non
1624 4015 1806 4077 fuisse
1836 4015 2105 4097 discipu-

464 4102 614 4183 lum,
647 4102 749 4166 sed
784 4101 1212 4184 posterioribus
1241 4102 1629 4185 temporibus.
1684 4104 1793 4166 Alii
1844 4107 2003 4167 enim
2034 4106 2107 4169 ab

462 4188 633 4253 initio
661 4190 1018 4266 didicerant,
1056 4201 1120 4254 ut
1151 4194 1358 4256 Petrus
1380 4201 1439 4254 et
1468 4192 1574 4254 filii
1600 4191 1893 4268 Zebedaai,
1926 4194 2026 4275 qui
2051 4204 2111 4258 et

463 4279 833 4342 tradiderunt
849 4281 986 4344 huic
998 4299 1368 4363 quascunque
1384 4283 1513 4363 ipse
1526 4300 1644 4344 non
1660 4282 1749 4343 vid
1758 4291 2107 4365 erat,neque

2194 3839 2465 3918 μαθητὴς,
2527 3836 2646 3895 ἀλλ’
2675 3839 3057 3919 ὑστερόχρονος
3090 3856 3103 3869 ⁹
3142 3837 3295 3894 ἄλλοι
3349 3839 3448 3916 γὰρ
3478 3838 3616 3905 ἦσαν
3648 3840 3694 3893 οἱ
3746 3838 3839 3893 ἀπ’

2192 3925 2368 4007 ἀρχῆς
2399 3930 2808 3999 mammam:
2840 3948 2855 3963 ο
2916 3932 2963 3984 οἱ
3012 3931 3126 4007 περὶ
3174 3930 3368 4005 Πέτρον
3413 3928 3502 3983 καὶ
3556 3928 3678 3989 τοὺς
3737 3936 3830 3984 τοῦ

2192 4014 2463 4073 Ζεϐεδαίου
2500 4038 2513 4051 ⁸
2547 4020 2601 4073 οἳ
2658 4020 2745 4074 καὶ
2800 4015 3091 4097 παρέδοσαν
3130 4019 3271 4090 αὐτῷ
3300 4016 3397 4072 ὅσα
3442 4015 3537 4071 οὒκ
3564 4013 3709 4072 εἶδεν
3740 4019 3832 4074 αὖ·

2189 4106 2301 4176 τὸς,
2364 4105 2482 4162 οὔτε
2543 4108 2799 4175 αὐτήκοος
2860 4108 3089 4183 ἐγένετο.
3139 4104 3292 4163 Τίνδέ
3323 4105 3433 4162 ἐστι
3478 4106 3559 4171 τὸ,
3608 4104 3699 4159 ’ἕνα
3728 4106 3838 4160 επι-

2188 4201 2329 4271 γνῷς
2386 4196 2483 4263 τὴν
2513 4194 2803 4275 ἀσφάλειαν
2854 4199 2970 4282 περὶ
3024 4202 3097 4251 ὡν
3155 4198 3474 4275 κατηχήθης
3510 4216 3525 4264 ;
3563 4196 3723 4250 Διττὰ
3765 4196 3837 4258 εἷς

2189 4290 2343 4339 τοῦτο
2401 4283 2517 4364 ἔχω
2550 4286 2815 4360 νοήματα,
2856 4277 2963 4341 ’Ἐν
2997 4286 3119 4361 μὲν,
3166 4284 3245 4339 ὅτι
3273 4285 3524 4363 πρότερον
3553 4283 3651 4357 μὲν
3680 4282 3835 4360 ἀγρά-

458 4369 588 4449 ipse
628 4370 919 4435 audierat.
953 4369 1105 4444 Quid
1164 4380 1360 4433 autem
1419 4380 1512 4433 est
1561 4374 1720 4452 quod
1773 4372 1937 4448 dicit,
1988 4393 2103 4455 quo

2189 4393 2300 4449 φως
2358 4394 2417 4428 σε
2472 4376 2788 4453 κατ-τζχησα,
2835 4376 2880 4430 ὦ
2937 4373 3156 4453 Θεόφιλε
3191 4391 3209 4409 ο
3245 4381 3331 4428 νῦν
3360 4371 3413 4428 δὲ
3444 4372 3721 4451 ὶγγράφως
3752 4393 3833 4428 σοι

456 4474 743 4535 agnoscas
763 4477 994 4527 eorum.
1014 4460 1093 4521 de
1112 4461 1253 4521 970
1274 4458 1497 4541 quibus
1520 4460 1766 4523 edoctus
1787 4479 1855 4524 es
1878 4480 2102 4524 sermo-

456 4565 598 4610 num
628 4550 1153 4612 communitionem
1175 4556 1203 4612 ?
1232 4549 1389 4614 Duos
1419 4550 1481 4611 in
1516 4550 1630 4613 hoc
1651 4568 1861 4612 sensus
1886 4550 2074 4613 habeo

457 4633 619 4701 Unus
638 4637 879 4718 quidem
903 4639 1118 4703 esthic:
1152 4638 1325 4701 Prius
1346 4647 1403 4701 te
1424 4639 1555 4701 sine
1582 4638 1821 4720 scriptis
1844 4639 2095 4723 institui,

453 4745 489 4788 ο
510 4725 864 4808 Theophile,
884 4747 1044 4791 nunc
1064 4729 1349 4810 scriptum
1373 4728 1476 4791 tibi
1500 4728 1666 4791 trado
1690 4730 2092 4810 Evangelium:

450 4823 625 4898 atque
648 4817 730 4878 ita
761 4826 1020 4880 mentem
1054 4826 1214 4883 tuam
1249 4819 1476 4894 munio,
1514 4827 1574 4879 nt
1604 4836 1679 4880 ne
1720 4817 2099 4882 obliviscatur

450 4924 656 4968 eorum
680 4925 815 4986 quae
835 4906 967 4970 sine
1005 4908 1240 4988 scriptis
1262 4907 1475 4970 tradita
1506 4912 1661 4971 sunt.
1710 4907 1877 4970 Alter
1906 4926 2043 4971 vero
2078 4930 2092 4973 :

448 4994 724 5060 Solemus
754 5015 863 5059 nos
918 4996 1194 5059 homines
1245 5014 1404 5078 saepe
1460 4997 1694 5077 quando
1742 4996 1875 5078 quis
1923 4997 2117 5060 nobis

446 5084 577 5148 sine
602 5084 915 5166 scripturis
958 5085 1239 5167 loquitur,
1284 5085 1576 5167 suspicari
1622 5104 1696 5147 ne
1748 5086 1898 5149 forte
1950 5087 2089 5166 quid

445 5173 1068 5238 mendaciiadmistum
1086 5175 1181 5237 sit:
1208 5175 1446 5255 quando
1469 5183 1664 5237 autem
1684 5174 1860 5237 etiam
1883 5175 2088 5237 scribit

441 5282 574 5346 quae
604 5264 887 5346 loquitur,
916 5272 1055 5326 tunc
1074 5264 1375 5327 credimus
1402 5265 1557 5345 quod
1584 5284 1699 5326 non
1726 5263 2081 5345 scripsisset,

440 5353 556 5416 nisi
572 5372 711 5417 vera
726 5372 792 5417 se
808 5354 1013 5417 dicere
1032 5353 1385 5418 conﬁderet.
1408 5353 1636 5416 Idcirco
1655 5363 1715 5417 et
1728 5354 2087 5434 evangelista

436 5441 585 5504 dicit
618 5462 633 5504 :
678 5444 1004 5525 Propterea
1025 5443 1241 5524 scripsi
1272 5444 1377 5505 tibi
1403 5443 1812 5525 Evangelium,
1837 5453 1902 5505 ut
1921 5461 1992 5504 ea
2011 5444 2085 5506 de

437 5530 653 5613 quibus
684 5533 813 5594 sine
841 5532 1078 5613 scriptis
1127 5532 1392 5594 eruditus
1436 5553 1524 5613 es,
1557 5534 1615 5594 in
1664 5533 1875 5615 majori
1908 5551 2082 5594 secu-

437 5618 611 5683 ritate
628 5621 1265 5702 conserves,majorem
1292 5620 1431 5681 mihi
1450 5622 1628 5683 ﬁdem
1652 5641 1811 5685 nunc
1833 5620 2081 5697 habens,

435 5709 537 5793 qui
565 5710 716 5773 adeo
748 5709 823 5773 de
848 5708 943 5772 bis
972 5728 1104 5792 quae
1133 5728 1251 5771 non
1282 5710 1506 5792 scripto
1528 5710 1729 5773 docui.
1760 5709 2081 5788 conﬁdam,

2187 4459 2496 4538 παραδιδοὺς
2536 4462 2595 4517 τὰ
2658 4462 2997 4543 Εὐαγγέλιον,
3057 4462 3406 4543 ἀσφαλίζομαι
3451 4465 3541 4517 τὸν
3600 4463 3688 4529 σὸν
3733 4459 3830 4517 λο-

2184 4552 2398 4629 γισμὸν,
2452 4551 2543 4607 ἵνα
2596 4552 2674 4627 μὴ
2724 4550 3041 4618 ἐπιλάθηται
3072 4558 3178 4608 τῶν
3232 4552 3479 4630 ἀγράφως
3542 4548 3829 4627 παραδεδο-

2184 4639 2375 4713 μένων.
2414 4638 2656 4717 ’Ἕτερον
2686 4638 2741 4695 δὲ
2778 4649 3009 4698 τοιοῦτον
3043 4656 3058 4670 ⁸
3092 4643 3150 4697 Οἱ
3184 4641 3443 4717 ἅνθρωποι
3473 4637 3586 4701 ἔθος
3633 4637 3831 4718 ἔχομεν

2183 4726 2468 4801 πολλάκις,
2531 4728 2655 4784 ὅταν
2697 4750 2776 4793 τις
2834 4729 3084 4809 ἀγράφως
3145 4728 3277 4806 λέγῃ
3308 4730 3464 4803 ἡμῖν,
3518 4728 3830 4783 ὑποπτεύειν

2180 4824 2364 4874 τοῦτον
2415 4820 2487 4881 ὡς
2530 4820 2695 4897 τυχὸν
2755 4817 3077 4894 ψευδόμενον
3112 4840 3125 4853 ·
3187 4817 3310 4873 ὅτκν
3370 4814 3423 4871 δὲ
3468 4816 3553 4871 καὶ
3583 4816 3763 4893 γράψῃ
3799 4815 3831 4870 ἂ

2179 4904 2348 4987 λέγει,
2409 4906 2527 4963 τότε
2579 4907 2921 4982 πιστεύομεν,
2955 4910 3029 4969 ὡς
3074 4907 3163 4963 ἐὰν
3195 4907 3272 4979 μη
3305 4904 3528 4983 ἐθαρῥει,
3575 4904 3657 4960 ὅτι
3687 4904 3829 4970 ἀλη-

2176 4997 2241 5062 θῆ
2302 4994 2471 5072 λέγει,
2528 4994 2623 5051 οὒκ
2681 4994 2742 5050 ἂν
2804 4995 3020 5074 ἔγραφε.
3083 5007 3247 5054 Τοῦτο
3309 4994 3397 5049 οὖν
3454 4995 3540 5049 καὶ
3597 4996 3624 5049 ὁ
3666 4996 3828 5070 εὖαγ-

2175 5086 2429 5161 γελιστής
2461 5106 2645 5162 φησιν,
2678 5082 2780 5155 ὅτι,
2847 5085 2938 5139 Atia
3000 5084 3152 5141 τοῦτό
3188 5106 3267 5139 σοι
3300 5082 3505 5161 ἔγραψα
3547 5084 3608 5137 τὸ
3661 5084 3827 5158 Εὖαγ.

2174 5171 2376 5251 γέλιον,
2433 5172 2523 5227 ’ἕνα
2596 5171 2627 5227 ἂ
2711 5172 2961 5251 ἀγράφως
3038 5176 3385 5252 κατηχήθης,
3462 5171 3515 5227 ἒν
3573 5169 3829 5251 ἀσφαλείᾳ

2169 5259 2372 5317 πλείονι
2445 5259 2711 5340 κατέχης,
2779 5264 3068 5327 Πιστεύσας
3148 5284 3239 5336 μοι
3310 5259 3513 5335 μᾶλλον
3574 5283 3678 5325 νυν,
3751 5260 3827 5323 ὡς

2167 5357 2417 5406 τοσοῦτον
2461 5348 2731 5427 θαρροῦντι
2788 5349 2872 5406 ἐπὶ
2931 5364 3049 5413 τοῖς
3094 5351 3375 5431 ἀγράφοις,
3413 5348 3548 5406 ὥστε
3600 5350 3687 5405 καὶ
3742 5348 3829 5426 ἔγ.

2166 5441 2379 5519 γράφως
2420 5446 2583 5495 ταῦτα
2637 5442 2872 5497 ἒκθεῖναι
2987 5443 3080 5519 ὂρα
3127 5440 3297 5495 δὲκαὶ
3329 5440 3412 5517 τὸ,
3444 5440 3693 5516 ἐπιγνῷς.
3753 5440 3826 5495 Οὐ

2169 5530 2268 5607 γὰρ
2313 5528 2461 5606 εἶπε,
2496 5534 2659 5607 γνῷς,
2694 5526 2840 5609 ἀλλ’,
2872 5532 3125 5607 επιγνῴς,
3174 5528 3465 5602 τουτέστιν,
3498 5527 3559 5583 ἐκ
3586 5525 3824 5604 δευτέρον)

2167 5616 2385 5675 πλείονα
2440 5622 2634 5693 γνῶσιν
2689 5615 2884 5698 λάϐῃς,
2944 5621 3031 5674 καὶ
3059 5617 3240 5695 Οάῤῥος
3272 5618 3359 5673 καὶ
3401 5615 3691 5693 ἀσφαλειαν
3747 5618 3819 5677 ὡς

2167 5710 2224 5765 οὐ
2255 5702 2538 5782 ψεύδομαι.

427 5791 694 5864 utetiam
724 5799 1040 5881 scripturis
1072 5799 1328 5879 prodere
1360 5791 1480 5863 non
1514 5799 1910 5863 formidarim.
1970 5798 2226 5862 Attende
2255 5794 2396 5858 item
2428 5792 2589 5876 quod
2618 5791 2788 5868 dicit,
2831 5811 3147 5875 agnoscas,
3184 5812 3324 5865 non,
3355 5791 3531 5867 scias,
3567 5793 3674 5854 hoc
3705 5801 3816 5867 est,

424 5888 692 5953 secundo
726 5888 1014 5966 majorem
1060 5885 1322 5968 accipias
1348 5886 1659 5951 scientiam
1690 5896 1748 5949 et
1776 5887 2059 5951 ﬁduciam
2085 5905 2157 5950 ac
2183 5883 2567 5949 securitatem
2589 5881 2748 5963 quod
2781 5900 2903 5947 non
2928 5883 3202 5947 mentiar.
