4154 6298
396 425 512 491 693

1022 567 1274 621 ΚΕΦΑΛ.
1320 551 1428 634 Ακ,

389 652 513 732 Περὶ
568 659 673 709 τῶν
752 652 951 731 γονέων
999 650 1246 709 Ἰωάννου
1301 657 1394 709 τοῦ
1464 655 1789 719 Βαπτιστοῦ,
1823 647 2040 732 καὶιτῆς

463 724 621 792 αὒτοῦ
650 724 975 809 γεννήσεως.
1023 733 1148 809 Περὶ
1190 737 1284 788 τοῦ
1338 728 1622 804 ἀσπασμοῦ
1672 735 1785 809 τοῦ,
1813 724 2040 809 ἀγγέλου

466 814 597 891 πρὸς
630 807 869 889 Μαριάμ,
905 813 1027 891 Περὶ
1055 807 1150 868 τοῦ
1179 811 1462 886 ἀσπασμοῦ
1502 814 1602 875 τῆς
1651 808 1877 883 Μαρίας
1907 807 2037 883 πρὸς

458 892 557 959 την
582 890 597 912 ’
608 891 888 955 Ελισάϐετ,

470 1002 493 1035 ι
531 980 775 1059 Ἐγένετο
805 982 859 1038 ἐν
915 993 1039 1045 ταῖς
1096 979 1323 1058 ἡμέραις
1379 971 1613 1053 Ἡρώδου
1656 987 1750 1036 τοῦ
1776 972 2038 1053 βασιλέως

385 1075 483 1136 τῆς
532 1068 812 1145 Ἰουδαίας,
860 1070 1027 1143 ἱερεύς
1085 1091 1166 1131 τις
1229 1067 1449 1143 ὀνόματι
1495 1068 1782 1146 Ζαχαρίας,
1833 1062 1884 1128 ἐξ
1942 1060 2040 1140 ἐφ-

387 1158 613 1233 ημερέας
657 1156 832 1231 Ἀὅιᾶ,
889 1159 974 1214 καὶ
1029 1160 1064 1225 ἡ
1119 1158 1254 1236 γυνὴ
1303 1157 1462 1215 αὐτοῦ
1511 1155 1569 1211 ἐκ
1601 1162 1705 1212 τῶν
1746 1151 2041 1229 θυγατέρων

389 1247 596 1325 Ἀαρών
633 1267 645 1280 ·
709 1250 797 1304 καὶ
847 1249 909 1303 τὸ
952 1246 1124 1321 ὄνομα
1168 1246 1331 1313 αὐτῆς
1365 1242 1667 1306 Ἐλισάϐετ,
1701 1266 1723 1299 ι)
1763 1242 2038 1316 Μέμνηται

388 1340 483 1402 τῆς
543 1334 812 1412 βασιλείας
860 1326 1114 1408 Ἡρώδου,
1161 1334 1271 1409 ἅμα
1304 1332 1422 1409 μὲν,
1455 1334 1591 1389 κατά
1619 1335 1709 1388 τὸν
1740 1332 1903 1386 τύπον
1933 1332 2039 1383 τῶν

388 1430 671 1504 προφητῶν
700 1421 1051 1502 διηγούμενος
1081 1439 1096 1454 ⁸
1129 1423 1333 1479 ἒκεῖνοι
1384 1422 1484 1499 γὰρ
1514 1421 1681 1484 οὕτως
1726 1418 1982 1497 ἄρχονται
2018 1430 2031 1443 ⁸

385 1511 476 1569 Ἐν
518 1526 642 1576 ταῖς
674 1512 901 1591 ἡμέραις
929 1510 1163 1593 Ἰωάχαζ
1193 1512 1279 1567 καὶ
1308 1510 1565 1581 Ἐζεκίου,
1601 1511 1689 1565 καὶ
1718 1508 1809 1563 τοῦ
1838 1506 2037 1569 δεῖνος,

379 1600 587 1679 ὶγένετο
615 1599 737 1657 τάδε
773 1618 787 1631 ’
846 1601 955 1675 ἅμα
1011 1599 1067 1656 δὲ
1127 1600 1242 1656 ἐπεὶ
1294 1601 1412 1677 περὶ
1455 1606 1546 1655 τοῦ
1576 1600 1807 1672 Χριστοῦ
1853 1593 2039 1669 μέλλει

676 1690 689 1707 \
811 1696 832 1706 ο
1011 1688 1021 1707 Ι
1352 1696 1375 1706 ς.
1440 1679 1453 1697 ί
1560 1686 1612 1705 ’κ
1759 1685 1783 1705 φν
1900 1681 1923 1701 λ
1960 1684 1969 1705 ν

378 1691 574 1769 εἰπεῖν,
620 1687 702 1745 δια
746 1712 901 1747 τουτο
957 1710 1227 1765 μεμνηται
1288 1710 1378 1745 του
1460 1695 1697 1765 Ηρωοου,
1769 1706 1854 1739 ινα
1896 1682 2035 1758 οειξῃ

380 1776 459 1833 ὅτι
492 1766 703 1844 ἀληθῶς
730 1777 889 1845 ἦλθεν
919 1779 946 1833 6
997 1780 1221 1856 Χριστὸς
1262 1777 1347 1832 ἐπὶ
1383 1768 1637 1856 Ἡρώδου.
1672 1783 1835 1834 Οῦτος
1863 1773 1962 1850 γὰρ
2007 1766 2035 1820 δ

1132 426 1575 492 ΕΝΑΗΒΑΤΙΟ
1619 427 1702 488 IN
1746 420 2255 488 EVANGELIUM
2302 422 2539 485 LUC/E.
2597 457 2658 467 -ο
2710 426 2873 486 CAP.
2924 422 2971 484 Ι.

3656 395 3770 486 est

2793 552 3031 619 CAPUT
3064 556 3107 619 l.

2124 632 2210 693 De
2222 632 2589 715 parentibus
2610 636 2864 696 Joannis
2889 635 3178 715 Baptista:
3197 641 3256 697 et
3274 637 3403 715 ejus
3426 637 3769 715 nativitate.

2268 731 2297 771 e
2332 713 2695 776 salutatione
2731 716 2939 793 angeli
2963 713 3042 776 ad
3089 713 3368 778 Mariam.
3429 714 3514 776 De
3552 717 3774 778 visita-

2201 793 2364 854 tione
2394 796 2617 857 Mariae
2644 794 2723 857 ad
2754 792 3094 857 Elisabath.

2203 967 2378 1033 Vens.
2413 974 2471 1033 5.
2514 997 2536 1029 ι
2574 973 2713 1034 Erat
2743 974 2803 1034 in
2831 974 3044 1035 diebus
3064 973 3318 1035 Herodis
3343 975 3506 1054 regis
3526 975 3767 1053 .ludreae,

2128 1060 2408 1121 sacerdos
2437 1061 2678 1140 quidam
2712 1062 2954 1123 nomine
2984 1062 3316 1142 Zacharias,
3351 1063 3427 1125 de
3449 1063 3577 1124 vice
3594 1063 3768 1144 Abia,

2128 1154 2185 1207 et
2213 1166 2360 1209 uxor
2389 1149 2548 1210 illius
2588 1150 2663 1213 de
2710 1149 2943 1211 ﬁliabus
2992 1151 3209 1225 Aaron,
3264 1158 3323 1212 et
3379 1170 3597 1213 nomen
3643 1152 3771 1231 ejus

2124 1234 2443 1299 Elisabeth.
2461 1239 2865 1301 )Mentionem
2892 1240 3032 1300 facit
3062 1241 3228 1318 regni
3253 1240 3531 1320 Herodis,
3558 1248 3680 1301 tum
3706 1248 3771 1301 ut

2126 1326 2423 1386 narrando
2447 1327 2860 1406 prophetarum
2886 1328 3131 1389 formam
3152 1338 3368 1393 servet:
3392 1329 3475 1389 illi
3502 1329 3658 1389 enim
3683 1328 3770 1391 sic

2126 1412 2417 1493 incipiunt
2447 1437 2460 1473 :
2495 1414 2558 1475 In
2589 1415 2800 1477 diebus
2824 1416 3074 1478 Joachaz
3105 1426 3162 1478 et
3193 1418 3485 1496 Ezechiae,
3519 1425 3581 1479 et
3610 1416 3770 1477 illius

2125 1503 2479 1585 cujuspiam,
2512 1504 2661 1566 facta
2710 1513 2848 1566 sunt
2877 1507 3003 1568 haec
3038 1527 3051 1568 :
3105 1516 3223 1568 tum
3258 1507 3396 1588 quia
3425 1506 3500 1569 de
3530 1507 3767 1569 Christo

2123 1592 2389 1654 dicturus
2418 1600 2529 1673 est,
2564 1593 2699 1655 ideo
2746 1595 3016 1656 meminit
3061 1595 3338 1676 Herodis,
3386 1604 3448 1657 ut
3495 1595 3769 1659 ostendat

2121 1681 2277 1759 quod
2306 1683 2415 1741 sub
2446 1682 2682 1745 Herode
2708 1701 2845 1744 vere
2878 1684 3103 1745 venerit
3134 1685 3425 1747 Christus.
3462 1684 3570 1746 Hic
3603 1684 3763 1746 enim

2118 1766 2386 1831 Herodes
2415 1770 2524 1831 fuit
2554 1790 2686 1832 cum
2719 1772 3082 1834 defecissent
3107 1773 3261 1853 apud
3286 1772 3520 1836 Judzeos
3549 1774 3766 1852 princi-

386 1858 651 1944 Ἡρώδης.
711 1866 1036 1924 ἐκλιπόντων
1100 1866 1207 1922 τῶν
1276 1866 1417 1943 παρά
1478 1871 1583 1920 τῶν
1629 1862 1891 1921 Ἰουδαίων
1934 1862 2033 1939 ἀρ-

2128 1861 2460 1949 ρεελῂιαισ
2504 1860 2871 1940 prophetiam
2927 1861 3128 1923 Jacob.
3189 1861 3359 1924 Unde
3406 1870 3766 1924 monstratur

386 1977 619 2034 χοντων,
663 1954 898 2033 ἒγένετο,
959 1958 1031 2017 ὡς
1087 1956 1121 2023 ἡ
1165 1961 1257 2011 τοῦ
1318 1951 1510 2011 Ἰακὼϐ
1530 1954 1823 2031 προφητεία
1852 1949 2031 2016 δηλοῖ.

2122 1946 2277 2026 quod
2309 1946 2577 2011 Christus
2609 1949 2855 2011 venerit.
2897 1949 3007 2011 Sed
3042 1959 3104 2010 et
3145 1949 3205 2011 in
3238 1950 3351 2012 hoc
3400 1960 3559 2013 recte
3602 1951 3759 2027 facit,“

390 2036 564 2104 ’Ὅθεν
593 2044 850 2103 δείκνυται
898 2047 928 2101 6
982 2046 1205 2121 Χριστος
1260 2042 1445 2102 ἐλθὼν.
1518 2045 1616 2100 Καὶ
1672 2041 1848 2121 ἕτερον
1888 2039 1941 2096 δέ
1984 2056 2035 2097 τι

2128 2037 2273 2115 quod
2299 2037 2665 2099 ostendendo
2699 2046 2950 2118 tempus.
2980 2038 3198 2100 certius
3219 2039 3481 2100 ostendit
3508 2038 3765 2117 Evange-

387 2136 634 2211 κατορθοῖ
667 2152 682 2168 ·
754 2131 948 2199 ἀληθὲς
1018 2130 1241 2188 δείκνυσι
1314 2133 1376 2188 τὸ
1433 2129 1756 2207 Εὖαγγέλιον
1812 2128 1896 2184 διὰ
1944 2134 2034 2183 τοῦ

2128 2124 2286 2188 lium.
2321 2127 2561 2205 Copiam
2615 2126 2771 2187 enim
2824 2126 3150 2206 quaerendi,
3195 2128 3241 2187 si
3292 2128 3389 2208 qui
3434 2127 3659 2198 volent,
3706 2135 3766 2190 et

385 2220 559 2299 λέγειν
614 2224 705 2280 τὸν
748 2223 966 2301 χρόνον,
1012 2220 1283 2287 Ἐξουσίαν
1343 2220 1442 2297 γὰρ
1483 2217 1661 2275 δίδωσι
1691 2232 1807 2282 τοῖς
1839 2216 2031 2294 βουλο-

2128 2213 2699 2292 liscendiEvangelii
2724 2215 3028 2277 veritatem
3053 2235 3086 2277 a
3111 2225 3379 2297 tempore
3395 2216 3555 2279 facit.
3581 2216 3649 2279 Et
3674 2217 3763 2278 in-

384 2310 562 2385 μένοις
605 2311 860 2383 ἐξετάζειν
888 2310 1046 2391 (96),
1099 2313 1187 2366 καὶ
1242 2309 1346 2366 ἀπὸ
1403 2316 1494 2365 τοῦ
1528 2308 1723 2389 χρόνου
1753 2310 2033 2383 μανθάνειν

2128 2301 2259 2391 :ipit
2278 2320 2312 2363 a
2334 2302 2617 2366 Zacharia
2638 2311 2696 2365 et
2719 2304 3018 2365 nativitate
3044 2305 3325 2367 Joannis:
3359 2305 3541 2386 idque
3572 2305 3762 2371 meri-

382 2400 477 2467 τὴν
521 2405 613 2455 τοῦ
647 2397 969 2477 Εὗαγγελίου
998 2390 1249 2468 ἀλήθειαν
1281 2417 1296 2432 ⁸
1330 2396 1561 2477 ἄρχεταῖ
1592 2395 1647 2453 δὲ
1678 2397 1783 2453 ἀπὸ
1813 2418 1904 2453 του
1936 2403 2033 2451 Ζα-

2128 2401 2195 2453 to.
2230 2390 2475 2463 Quando
2507 2393 2745 2473 quidem
2782 2393 2941 2455 enim
2974 2394 3047 2455 de
3078 2393 3299 2456 Christi
3330 2394 3632 2455 nativitate
3662 2395 3761 2456 di-

381 2489 571 2568 χαρίου
640 2490 727 2544 καὶ
783 2488 883 2556 τῆς
940 2487 1034 2544 τοῦ
1108 2487 1354 2544 Ἰωάννου
1402 2487 1722 2563 γεννήσεως,
1788 2485 2027 2561 εἰκύτως²

2128 2487 2318 2540 cturus
2339 2482 2709 2555 erat,Christi
2734 2490 2929 2542 autem
2950 2501 3282 2562 praecursor
3303 2492 3462 2545 esset
3480 2486 3760 2547 Joannes:

379 2579 491 2633 ἐπεὶ
522 2579 621 2654 γὰρ
653 2579 770 2656 περὶ
799 2577 895 2645 τῆς
955 2586 1048 2636 τοῦ
1106 2576 1331 2655 Χριστοῦ
1373 2576 1676 2652 γεννήσεως
1721 2572 1902 2648 μέλλει
1956 2574 2034 2629 εἰ·

2128 2576 2521 2631 consentanee
2550 2579 2685 2631 ante
2716 2570 2937 2633 Christi
2968 2572 3600 2645 nativitatem,Joannis
3630 2590 3759 2632 nar.

383 2680 529 2740 πεῖν,
566 2666 864 2745 Πρόδρομος
922 2666 977 2721 δὲ
1039 2666 1130 2722 τοῦ
1185 2666 1412 2743 Χριστοῦ
1440 2666 1468 2719 6
1500 2664 1774 2743 Ἰωάννης,
1820 2664 2033 2736 εἰκότως

2128 2668 2205 2718 rat
2232 2658 2617 2734 nativitatem,
2647 2678 2901 2740 eamque
2926 2678 3042 2722 non
3061 2661 3192 2724 sine
3217 2661 3603 2723 miraculo.Et
3626 2661 3759 2741 quia

383 2757 483 2833 πρὸ
528 2759 624 2823 τῆς
676 2763 769 2813 τοῦ
826 2762 1051 2833 Χριστοῦ
1124 2756 1423 2832 γεννήσεως
1479 2754 1575 2820 τὴν
1627 2759 1720 2809 τοῦ
1792 2749 2036 2809 Ἰωάννου

2128 2748 2281 2827 virgo
2315 2748 2577 2827 paritura
2608 2758 2754 2823 erat,
2804 2749 3223 2829 praeordinavit
3265 2750 3423 2813 Deus
3467 2759 3529 2812 ut
3571 2750 3764 2812 vetula

383 2843 677 2923 διηγεῖται.
723 2842 851 2903 0εόδέ
910 2846 1099 2920 αὐτὴν,
1160 2843 1282 2899 ἄνευ
1338 2843 1606 2917 θαύματος
1652 2844 1834 2900 οὖσαν.
1887 2838 2038 2904 Ἐπεὶ

2128 2847 2378 2917 pareret,
2411 2856 2529 2897 non
2560 2838 2885 2899 secundum
2921 2838 3110 2917 legem
3146 2845 3394 2910 naturae,
3425 2842 3662 2901 tametsi
3695 2858 3766 2903 ex

387 2933 483 3009 γὰρ
535 2933 792 3011 Παρθένος
825 2930 1016 3008 ἔμελλε
1046 2945 1247 3010 τεκεῖν,
1303 2933 1755 3011 προῳκονομησεν
1799 2931 1833 2996 ἡ
1877 2929 2034 3008 χάρις

2128 2927 2265 2990 viro.
2298 2924 2448 2998 Quid
2478 2935 2673 2986 autem
2708 2935 2817 3001 est,
2872 2945 2940 2988 ex
2994 2928 3117 2988 vice
3166 2928 3374 2991 Abia?
3427 2928 3766 3006 Intelligunt

383 3021 473 3076 ἴνα
518 3028 677 3098 γραῦς
721 3020 849 3093 τέκα
904 3022 962 3077 οὺ
1017 3021 1155 3077 κατὰ
1196 3021 1360 3097 νόμον
1417 3021 1646 3099 φύσεως,
1693 3020 1736 3074 εἰ
1781 3020 1867 3073 καὶ
1902 3018 2036 3092 μετὰ

2128 3015 2359 3094 quidam
2385 3015 2492 3085 sic,
2519 3015 2675 3096 quod
2702 3016 2818 3075 duo
2860 3015 3081 3078 fuerint
3116 3017 3483 3089 sacerdotes,
3519 3035 3763 3078 succes-

387 3108 593 3182 ἀνδρός.
642 3112 702 3167 Τί
744 3107 799 3165 δέ
855 3110 965 3166 ἐστι
1029 3111 1112 3184 τὸ,
1173 3108 1224 3176 ἐξ
1282 3111 1569 3191 ἐφημερίας
1626 3106 1836 3182 Ἀὄιᾶς
1884 3107 2034 3171 Τινὲς

2128 3103 2287 3165 sione
2310 3102 2710 3165 ministerium
2732 3104 3129 3184 perﬁcientes,
3145 3123 3389 3185 quorum
3414 3124 3568 3167 unus
3589 3104 3759 3181 Abia,

385 3198 480 3266 μὲν
538 3198 671 3256 οὕτω
714 3206 951 3279 νοοῦσιν,
1000 3200 1081 3256 ὅτι
1125 3198 1213 3256 δύο
1254 3200 1393 3268 ἦσαν
1448 3203 1635 3277 ἱερεῖς,
1686 3196 1747 3253 ἐκ
1775 3194 2032 3275 διαδοχῆς

2128 3192 2268 3253 alter
2292 3200 2489 3254 autem
2521 3192 2855 3255 Zacharias.
2881 3192 3027 3265 Quia
3057 3194 3230 3271 igitur
3257 3195 3586 3256 sacerdotio
3624 3195 3761 3256 fun-

384 3288 482 3354 τὴν
540 3287 862 3366 λειτουργίαν
893 3288 1162 3352 τελοῦιτες
1198 3306 1214 3322 ⁸
1249 3292 1277 3344 6
1325 3288 1462 3345 οῦτω
1504 3286 1794 3365 λεγόμενος
1852 3282 2030 3357 Ἀϐιᾶ,

2128 3291 2246 3343 ctus
2277 3290 2404 3344 erat
2434 3281 2605 3355 Abia,
2644 3289 2772 3362 post
2805 3282 2965 3344 illius
2996 3282 3388 3345 ministerium
3414 3283 3764 3344 ministravit

379 3378 468 3431 καὶ
524 3376 551 3431 6
611 3378 902 3455 Ζαχαρίας.
958 3376 1107 3435 Ἐπεὶ
1154 3381 1242 3435 οῦν
1287 3379 1583 3455 ἱεράτευσεν
1614 3376 1668 3431 έν
1694 3382 1761 3451 τῇ
1790 3374 2033 3451 λειτουρ-

2128 3372 2291 3432 etiam
2326 3370 2662 3433 Zacharias.
2701 3370 3093 3433 Videtnr27l
3135 3380 3331 3433 autem
3360 3391 3477 3433 non
3500 3372 3585 3434 sic
3603 3390 3755 3434 esse.

378 3464 522 3541 γίᾳὸ
566 3462 744 3538 ’Λόιᾶ,
803 3468 938 3541 μετά
994 3468 1092 3534 τὴν
1145 3467 1345 3523 ἐκείνου
1398 3465 1691 3545 ἔφημερίαν
1762 3462 2027 3545 ἐλειτούρ-

379 3575 459 3632 γει
516 3556 543 3610 6
590 3556 859 3634 Ζαχαρίας
893 3571 906 3585 ⁸
954 3554 1104 3612 δοκεῖ
1146 3554 1201 3611 δὲ
1245 3557 1348 3635 οὔχ
1382 3542 1548 3619 οὕτως
1582 3542 1759 3633 ἔχειν,
1820 3542 1878 3608 Ὀ
1935 3551 2033 3626 γὰρ

382 3643 659 3718 Σολομὼν,
696 3645 788 3699 τὸν
845 3646 969 3700 ναὸν
1024 3644 1265 3717 τελέσας,
1328 3644 1622 3709 κατέστησε
1683 3642 1767 3697 καὶ
1822 3640 2017 3719 ἐφημε-

387 3733 519 3812 ρίας,
578 3734 607 3788 ὃ
664 3732 804 3789 ’ἐστιν
852 3732 1145 3808 ἑϐδομάδας
1182 3750 1196 3763 ’
1249 3736 1336 3790 καὶ
1392 3735 1447 3789 ἐν
1478 3734 1574 3808 μὲν
1605 3730 1731 3809 τῇδε
1756 3730 1923 3809 τυχὸν
1965 3734 2034 3805 τῇ

388 3820 633 3897 ἑϐδομάδι
691 3823 989 3889 κατέστησε
1047 3826 1168 3884 τοὺς
1226 3825 1366 3887 υἱοὺς
1428 3823 1587 3901 Κορὲ,
1646 3821 1700 3877 ἐν
1756 3818 1811 3876 δὲ
1881 3817 2031 3897 τῇδε,

385 3913 472 3966 τὸν
513 3909 705 3990 Ἀσάφ,
768 3911 820 3966 έν
848 3911 902 3967 δὲ
946 3911 1093 3988 τῇδε,
1150 3914 1239 3967 τὸν
1289 3909 1467 3990 Ἀϐιά,
1527 3911 1581 3966 ἐν
1624 3908 1679 3965 δὲ
1709 3908 1883 3986 ἑτέρᾳ,
1917 3906 2032 3963 ἔτε-

384 4022 495 4077 ρον,
556 3989 732 4076 ”οπερ
789 4001 879 4057 οῦν
934 3999 1078 4077 λέγει
1136 4000 1218 4056 ὅτι
1275 4000 1330 4056 ἐν
1358 3989 1625 4079 Ζαχαρίας
1660 3996 1711 4063 ἐξ
1742 3997 2034 4077 ἐφημερίας

382 4086 556 4162 Ἀϐιᾶ,
615 4088 755 4144 οῧτω
806 4087 890 4144 δεῖ
948 4102 1114 4160 νοεῖν,
1178 4088 1259 4144 ὅτι
1290 4088 1395 4144 ἀπὸ
1426 4097 1521 4159 τῆς
1550 4094 1644 4144 του
1680 4083 1834 4143 Ἀϐιᾶ
1880 4081 2034 4141 ἑϐδο-

380 4175 542 4249 μάδος
595 4176 685 4243 ἦν,
745 4180 861 4256 Οῦχ
919 4177 1000 4233 ὃτι
1059 4178 1195 4252 μετά
1254 4178 1348 4245 τὴν
1405 4184 1495 4233 τοῦ
1562 4173 1716 4231 Ἀϐιᾶ
1774 4169 2033 4247 ἑϐδομάδα

380 4263 781 4341 παρελάμϐανεν
843 4267 997 4330 αὐτὸς
1064 4267 1164 4332 τὴν
1208 4264 1530 4343 λειτουργίαν
1568 4280 1581 4295 ⁸
1635 4264 1761 4320 εἶπε
1818 4263 1917 4339 γὰρ
1973 4262 2035 4317 ἂν

383 4352 460 4407 ὅτι
516 4356 652 4427 μετᾶ
692 4354 791 4421 τὴν
850 4353 1139 4433 ἔφημερίαν
1186 4352 1341 4410 Ἀὅιᾶ
1375 4370 1388 4383 ⁸
1444 4361 1532 4410 νῦν
1561 4351 1614 4408 δὲ
1647 4351 1698 4417 ἐξ
1745 4350 2034 4431 ἒορημερῖας

2111 3461 2391 3525 Salomon
2413 3461 2573 3523 enim
2598 3478 2729 3521 cum
2753 3460 3099 3539 perfecisset
3130 3460 3438 3541 templum,
3458 3461 3765 3522 constituit

2119 3558 2176 3610 et
2196 3550 2376 3628 vices,
2403 3550 2515 3611 hoc
2546 3559 2635 3610 est
2668 3548 3106 3611 hebdomadas:
3142 3560 3202 3611 et
3231 3550 3290 3611 in
3313 3569 3432 3612 una
3455 3549 3763 3613 constituit

2118 3638 2271 3699 ﬁlios
2293 3636 2574 3717 Chore,in
2597 3638 2711 3698 alia
2724 3639 2946 3717 Asaph,
2962 3638 3021 3699 in
3040 3640 3155 3699 alia
3168 3638 3411 3710 Abia,in
3428 3639 3756 3703 aliaalium.

2118 3727 2300 3807 Igitur
2329 3726 2484 3806 quod
2518 3727 2661 3788 dicit
2696 3726 2878 3788 fuisse
2926 3727 3002 3789 de
3036 3727 3164 3790 vice
3195 3727 3365 3808 Abia,
3411 3727 3497 3789 sic
3528 3736 3762 3807 oportet

2120 3815 2472 3894 intelligere,
2502 3815 2663 3895 quod
2714 3815 2788 3876 de
2819 3814 3192 3878 hebdomade
3223 3816 3373 3879 Abia
3401 3816 3598 3879 fuerit.
3631 3815 3758 3878 Non

2120 3905 2273 3984 quod
2304 3904 3035 3983 posthebdomadamAbia
3054 3904 3288 3967 functus
3302 3904 3380 3967 sit
3406 3905 3756 3968 ministerio:

2120 3994 2366 4057 dixisset
2391 3994 2709 4072 enim,post
2731 3993 3164 4056 hebdomadam
3190 3994 3359 4057 Abia:
3395 4003 3767 4057 nuncautem-

2119 4102 2253 4144 cum
2284 4081 2451 4151 dixit,
2491 4082 2566 4144 de
2591 4083 2715 4143 vice
2745 4081 2916 4156 Abia,
2951 4084 3209 4146 ostendit
3256 4085 3411 4165 quod
3444 4101 3517 4146 ex
3546 4084 3761 4146 ordine

2120 4180 2176 4233 et
2205 4170 2752 4232 hebdomadeAbiae
2774 4171 3313 4234 fuerit.0stendere
3329 4182 3527 4234 autem
3561 4173 3760 4236 volens

2118 4259 2273 4340 quod
2307 4278 2374 4320 ex
2408 4267 2658 4339 utroque
2690 4269 2936 4339 parente
2968 4261 3227 4338 legitime
3255 4262 3431 4322 fuerit
3462 4280 3530 4323 ex
3557 4279 3759 4323 sacer-

2121 4348 2300 4410 dotali
2322 4367 2541 4427 genere
2560 4348 3016 4424 Joannes,dicit,
3041 4348 3111 4410 Et
3132 4369 3281 4411 uxor
3298 4352 3428 4429 ejus
3442 4350 3514 4411 de
3528 4349 3767 4412 ﬁliabus

386 4440 538 4497 Ἀϐιᾶ
607 4444 793 4519 εἰπὼν,
852 4445 1164 4520 παρίστησιν
1246 4442 1327 4498 ὅτι
1393 4445 1454 4499 ὲκ
1521 4445 1619 4510 τῆς
1688 4440 1885 4505 τάξεως
1946 4448 2037 4497 τοῦ

2128 4440 2338 4500 Aaron.
2364 4439 2495 4500 Non
2529 4438 2688 4499 enim
2722 4436 2937 4499 licebat
2964 4455 3037 4499 ex
3058 4439 3171 4499 alia
3192 4437 3349 4499 tribu
3373 4457 3617 4501 uxorem
3640 4438 3758 4500 du-

392 4529 544 4588 Ἀϐιᾶ
588 4534 674 4587 καὶ
730 4538 829 4598 τῆς
883 4530 1168 4607 ἑϐδομάδος
1227 4534 1333 4600 ἦν·
1396 4530 1561 4597 δεῖξαι
1614 4530 1667 4585 δὲ
1734 4530 1898 4586 θέλων
1957 4528 2037 4583 ὅτι

390 4620 706 4701 ἓκατέρωθεν
756 4622 994 4696 νομίμως
1049 4621 1116 4687 ἧν
1171 4624 1435 4699 ἱερατικοῦ
1466 4621 1649 4699 γένους
1682 4622 1709 4675 6
1755 4616 2035 4696 Ἰωάννης,

2121 4546 2280 4604 cere,
2317 4528 2420 4589 sed
2451 4545 2520 4588 ex
2550 4526 2780 4589 eadem.
2816 4526 3113 4588 Elisabeth
3146 4527 3625 4607 interpretamur,
3651 4527 3771 4597 Dei;

2122 4617 2374 4695 quietem
2398 4639 2410 4676 :
2445 4616 3005 4693 Zachariasjautem,
3029 4619 3385 4678 memoriam
3406 4617 3679 4678 Domini.

391 4713 540 4788 φησὶ,
576 4711 669 4768 Καὶ
777 4711 909 4786 γυνὴ
956 4711 1112 4766 αὐτοῦ
1142 4710 1203 4766 ἐκ
1230 4718 1333 4766 τῶν
1367 4710 1666 4789 θυγατέρων
1697 4708 1905 4785 Ἀαρών
1941 4723 1954 4735 ⁸
1992 4712 2052 4766 0-3
2080 4709 2179 4786 γὰρ
2212 4705 2332 4772 ἐξῆν
2364 4708 2455 4763 ἀπ’
2488 4705 2656 4772 ἄλλης
2698 4705 2864 4786 φυλῆς
2897 4706 3185 4784 ἀγαγέσθαι
3215 4708 3468 4786 γυναῖκα,
3503 4706 3621 4763 ἀλλ’
3656 4708 3762 4766 ἀπὸ

392 4801 486 4867 τῆς
514 4803 675 4866 αὒτῆς
712 4818 729 4835 ⁸
762 4798 1040 4857 Ἐλισάόετ
1072 4797 1122 4855 δὲ
1156 4800 1523 4879 ἑρμηνεύεται,
1558 4807 1689 4856 Θεοῦ
1718 4798 2012 4861 ἀνάπαυσις
2046 4812 2061 4829 ’
2098 4797 2365 4876 Ζαχαρίας
2412 4794 2490 4869 δὲ,
2525 4798 2714 4870 μνήμη
2748 4794 2964 4873 Κυρίου,

480 4912 503 4943 ι
551 4878 717 4945 Ἦσαν
746 4887 800 4944 δὲ
831 4888 1024 4946 δίκαιοι
1072 4890 1359 4969 ἀμφότεροι
1404 4888 1629 4945 ἐνώπιον
1672 4895 1763 4944 τοῦ
1817 4893 1971 4948 Θεοῦ.
2013 4908 2034 4941 ι

392 4974 652 5040 Πολλάκις
713 4976 851 5039 τινές
902 4980 999 5035 εἶσι
1056 4978 1270 5053 δίκαιοι,
1334 4976 1453 5033 ἀλλ’
1512 4976 1607 5033 οὔκ
1668 4976 1893 5032 ἐνώπιον
1951 4980 2043 5032 τοῦ

390 5072 541 5145 Θεοῦ,
601 5064 739 5122 ἀλλά
794 5067 932 5122 κατά
988 5068 1050 5122 τὸ
1106 5068 1450 5147 φαινόμενον,
1514 5067 1601 5122 καὶ
1656 5064 1881 5121 ἐνώπιον
1936 5070 2043 5120 τῶν

392 5155 677 5230 ἀνθρώπων
713 5171 726 5185 ⁸
777 5154 975 5211 ἐκεῖνοι
1037 5154 1091 5211 δέ
1168 5178 1228 5233 γε
1287 5157 1509 5213 ἐνώπιο-ν
1567 5163 1661 5211 τοῦ
1715 5163 1848 5211 Θεοῦ
1910 5154 2043 5220 ἦσαν

393 5254 640 5305 τοιοῦτοι.
678 5268 706 5299 n
770 5246 1121 5322 Πορευόμετοι
1179 5246 1231 5301 έν
1289 5247 1484 5307 πάσαις
1518 5258 1641 5307 ταῖς
1688 5242 1930 5306 ἐντολαῖς
1960 5242 2045 5296 καὶ

396 5331 715 5407 δικαιώμασι
746 5342 837 5391 τοῦ
858 5334 1065 5413 Κυρίου,
1101 5333 1400 5409 ἄμεμπτοι.
1436 5359 1462 5389 ι)
1501 5332 1744 5391 Ἐντολαὶ
1775 5331 1894 5410 μὲν,
1928 5330 2045 5387 οἷον

397 5424 479 5495 τὸ,
528 5423 600 5479 Οὺ
633 5424 964 5501 μοιχεύσεις,
1014 5423 1086 5480 0'3
1128 5422 1344 5498 κλέψεις
1377 5442 1389 5455 ’
1439 5422 1773 5491 δικαιώματα
1818 5420 1895 5492 δὲ,
1929 5420 2047 5476 οἷον

401 5512 484 5589 τὸ,
533 5501 588 5567 Ὀ
643 5509 953 5589 κακολογῶν
1001 5512 1204 5590 πατέρα
1258 5512 1294 5580 ἢ
1354 5512 1583 5587 μητέρα,
1630 5510 1838 5583 θανάτῳ
1864 5506 2049 5564 τελευ-

399 5599 540 5654 τάτω
576 5616 588 5629 °
637 5596 834 5656 δίκαιον
888 5601 987 5677 γὰρ
1045 5601 1221 5661 τοῦτο.
1290 5602 1519 5657 Γίνωσκε
1575 5599 1653 5673 δὲ,
1715 5598 1795 5656 ὅτι
1840 5595 2050 5653 δύναται

398 5688 481 5741 καὶ
538 5690 571 5753 ἡ
655 5686 843 5753 ἐντολὴ
932 5687 1194 5763 δικαὶωμα
1284 5692 1654 5765 ὀνομάζεσθαι,
1721 5691 1793 5749 ὡς
1854 5685 2051 5741 δίκαιον

2207 4886 2381 4946 Vens.
2420 4885 2480 4948 6.
2512 4910 2540 4941 α
2564 4883 2741 4946 Erant
2764 4896 2959 4945 autem
2985 4883 3324 4963 ambojusti
3345 4903 3543 4948 coram
3573 4884 3769 4946 Deo.»

2125 4972 2375 5045 Quidam
2402 4974 2547 5052 justi
2580 4992 2738 5054 saepe
2770 4980 2928 5049 sunt,
2972 4980 3031 5034 at
3074 4992 3194 5034 non
3243 4992 3444 5035 coram
3476 4976 3623 5049 Deo,
3656 4974 3763 5037 sed

2123 5060 2188 5123 in
2243 5062 2504 5143 speciem
2565 5070 2813 5134 tantum,
2876 5069 2934 5123 et
2981 5079 3186 5123 coram
3238 5061 3629 5125 hominibus:
3677 5061 3772 5124 illi

2126 5158 2321 5212 autem
2355 5151 2530 5212 etiam
2564 5168 2761 5211 coram
2788 5150 3072 5230 Deojusti
3093 5160 3281 5211 erant.
3318 5177 3343 5205 α
3380 5150 3767 5213 Ambulantes

2128 5240 2187 5299 in
2219 5240 2492 5300 omnibus
2525 5241 2835 5319 praeceptis
2875 5248 2933 5300 et
2968 5240 3492 5318 justiﬁcationibus
3533 5240 3769 5302 Domini

2132 5328 2707 5408 inreprehensibiles.
2749 5354 2774 5383 ι
2810 5329 3081 5391 Mandata
3111 5329 3349 5409 quidam
3389 5337 3547 5410 sunt,
3579 5335 3647 5392 ut
3693 5348 3771 5391 ne

2133 5416 2391 5492 occidas,
2424 5436 2498 5478 ue
2528 5416 2881 5478 adulterium
2914 5418 3246 5479 committas
3280 5438 3295 5479 :
3321 5417 3771 5497 justiﬁcationes

2133 5515 2354 5585 autem,
2389 5516 2453 5567 ut
2482 5506 2582 5585 qui
2613 5506 2984 5583 maledixerit
3019 5506 3190 5586 patri,
3226 5506 3317 5567 vel
3351 5509 3546 5581 matri,
3583 5515 3793 5569 morte.

2134 5595 2444 5657 moriatur.
2473 5596 2701 5658 Justum
2735 5596 2889 5656 enim
2924 5595 3055 5656 hoc.
3091 5594 3247 5658 Scito
3279 5605 3473 5658 autem
3508 5596 3663 5677 quod
3711 5604 3772 5659 et

2135 5682 2471 5745 mandatum
2526 5684 2873 5763 justiﬁcatio
2938 5684 3231 5747 nominari
3292 5694 3505 5764 potest,
3573 5692 3772 5763 utpote

1481 5838 1563 5900 Ex
1594 5834 1909 5898 collatione
1933 5828 2110 5894 codd.
2144 5828 2353 5898 Venet.
2383 5832 2445 5896 S.
2483 5833 2684 5896 Marci.

486 5962 611 6045 (96)
645 5962 792 6029 Cod.
827 5962 930 6043 32,
963 5962 1218 6041 ὶξιταζιιν
1260 5968 1503 6029 εἰκότως.
