4154 6298
418 355 538 420 695

1390 359 1979 425 THEOPHYLACTI
2021 358 2431 425 Βυιαλιιιιι
2474 365 2834 429 ARCHIEP.

3683 362 3811 429 696

415 490 642 577 justum
672 487 904 577 faciens
918 488 1258 577 hominem,
1307 489 1430 551 imo
1471 496 1530 577 et
1571 488 1678 553 Dei
1720 491 2059 571 justiﬁcatio

2146 500 2371 552 ποιοῦσαι
2426 496 2517 553 τόν
2559 495 2853 577 ἄνθρωπον,
2901 497 3104 574 μᾶλλον
3156 499 3209 555 δὲ
3266 501 3356 555 καὶ
3380 506 3474 555 τοῦ
3508 506 3643 554 Θεοῦ
3674 497 3812 554 οὖσα

365 650 373 659 δ
421 574 741 640 exsistens.
774 573 839 637 In
870 574 972 639 die
998 577 1158 639 enim
1191 574 1311 658 illa,
1343 576 1510 659 quasi
1549 578 1831 659 scriptam
1862 600 2063 664 quam-

420 665 559 730 dam
580 664 1070 755 jnstiﬁcationem
1112 665 1352 755 habens
1383 668 1545 730 Deus
1589 665 1717 748 ipsa
1766 673 2061 755 mandata,

417 755 780 824 condemnat
819 772 952 818 nos.
999 752 1125 817 Nisi
1174 756 1333 819 enim
1377 756 1698 838 venissem,
1744 760 1956 842 inquit,
2007 752 2065 824 et

418 846 653 909 locutus
682 861 874 908 essem
902 843 1013 924 eis,
1061 852 1369 925 peccatum
1419 863 1539 906 non
1586 845 1957 913 habuissent.
1992 850 2063 913 Et

418 935 678 998 iterum:
713 932 926 997 Sermo
973 950 1153 1013 quem
1202 932 1435 995 locutus
1473 952 1606 996 sum
1650 935 1761 1010 eis,
1814 936 1915 1001 ille
1961 958 2064 1002 eos

419 1021 864 1089 condemnabit.
902 1020 1101 1094 Quare
1126 1029 1322 1085 autem
1340 1041 1476 1085 cum
1503 1023 1669 1098 dixit,
1693 1024 2066 1091 ambulantes

417 1113 481 1178 iu
514 1110 791 1177 omnibus
822 1110 1139 1183 mandatis,
1159 1109 1448 1191 adjunxit,
1475 1112 2068 1193 irreprehensibiles?

418 1201 595 1266 Audi.
629 1199 794 1264 Multi
850 1198 1153 1261 ambulant
1206 1200 1267 1261 in
1321 1200 1453 1278 lege
1506 1201 1636 1281 Dei,
1703 1204 1809 1265 sed
1868 1207 2067 1270 omnia

416 1291 643 1355 faciunt
672 1299 739 1354 ut
774 1288 1089 1353 videantur
1131 1288 1208 1351 ab
1255 1289 1617 1353 hominibus.
1668 1291 1841 1355 Tales
1886 1295 2067 1375 igitur

419 1399 541 1444 non
570 1388 709 1442 sunt
735 1376 1322 1459 irreprehensibiles.
1346 1378 1462 1442 Sed
1490 1379 1801 1443 Zaeharias
1829 1391 1889 1445 et
1926 1385 2065 1447 fecit

418 1470 721 1543 mandata,
755 1474 815 1531 et
850 1466 1000 1529 citra
1051 1466 1584 1547 reprehensionem
1632 1469 1790 1537 fecit.
1839 1490 1958 1535 non
2000 1485 2062 1537 ut

417 1556 764 1622 hominibus
794 1555 1023 1638 placeat
1054 1556 1189 1619 talia
1218 1556 1465 1621 faciens.

493 1646 683 1712 Vsus.
719 1646 778 1708 'l.
815 1668 838 1703 ε
881 1644 1003 1708 Nec
1034 1653 1161 1708 erat
1206 1644 1329 1708 illis
1357 1646 1579 1729 proles,
1615 1667 1686 1711 eo
1728 1650 1885 1731 quod
1931 1654 2060 1718 Eli-

416 1737 624 1801 sabeth
662 1735 884 1834 sterilis
911 1742 1070 1797 esset
1112 1744 1172 1834 et
1196 1733 1691 1834 amboprovectae
1712 1738 1837 1818 jam
1872 1745 2061 1834 atatis
2084 1783 2122 1834 Β

416 1836 675 1891 «sent.»
694 1828 995 1888 Justorum
1022 1823 1306 1887 mulieres
1334 1832 1393 1887 et
1409 1824 1607 1908 justas,
1639 1844 1798 1909 saepe
1827 1832 2069 1895 steriles

411 1915 677 1997 fuerunt,
712 1922 774 1977 ut
802 1914 997 1976 discas
1030 1914 1223 1994 legem
1255 1931 1375 1976 non
1400 1917 1638 1993 exigere
1662 1920 2058 1998 corporalium

415 2004 672 2068 ﬁliorum
734 2002 1230 2084 procreationem,
1279 2001 1385 2079 sed
1433 2002 1861 2084 spiritualium.
1911 2010 2059 2073 Pro-

412 2102 599 2159 vecta
619 2101 819 2156 autem
839 2093 1027 2155 aetatis
1046 2090 1221 2153 ambo
1240 2100 1432 2174 erant,
1457 2100 1576 2155 tam
1591 2112 1866 2175 corpore,
1884 2116 2059 2177 quam

412 2184 634 2251 anima.
694 2180 933 2247 Etenim
984 2182 1151 2261 juxta
1216 2181 1473 2243 animam
1523 2182 1953 2264 profecerant5
2003 2196 2064 2250 et

414 2272 717 2355 progressi
745 2279 940 2344 erant,
985 2275 1275 2359 ponentes
1313 2271 1699 2336 ascensiones
1748 2274 1810 2336 in
1857 2278 2059 2359 corde,

412 2371 473 2425 et
499 2360 661 2427 diem
701 2359 1015 2432 habentes,
1048 2357 1153 2421 sed
1192 2377 1310 2421 non
1358 2369 1594 2424 noctem
1625 2363 1803 2426 vitam
1840 2388 1854 2424 :
1902 2375 1968 2429 ut
1998 2357 2058 2429 in

415 2451 549 2516 luce
577 2450 828 2513 honeste
854 2456 1121 2530 agentes.

492 2626 676 2690 Vens.
699 2625 865 2692 8-10.
904 2648 927 2683 ι
960 2623 1204 2689 Factum
1237 2632 1329 2691 est
1346 2633 1544 2689 autem
1568 2646 1699 2690 cum
1725 2633 2060 2700 sacerdmio

412 2716 765 2799 iungeretur
806 2714 1119 2779 Zacharias
1148 2714 1210 2776 in
1256 2715 1471 2778 ordine
1513 2718 1656 2779 vicis
1707 2739 1830 2783 suae
1860 2742 2058 2785 coram

412 2806 561 2881 Deo,
589 2805 919 2869 secundum
964 2803 1460 2868 consuetudinem
1504 2805 1827 2871 {unctionis
1857 2828 2060 2875 sacer-

411 2895 651 2976 dotalis,
696 2911 827 2956 sors
885 2892 973 2955 illi
1028 2892 1264 2955 obvenit
1319 2902 1382 2956 ut
1436 2895 1653 2959 odores
1710 2898 2061 2966 incenderet

410 2984 717 3066 ingressus
731 2983 795 3046 in
826 2983 1112 3066 templum
1143 2982 1404 3062 Domini,
1429 2993 1488 3047 et
1518 2987 1714 3050 omnis
1743 2990 2058 3056 multitudo

411 3073 615 3157 populi
660 3072 1013 3155 precabatur
1050 3072 1194 3135 foris
1243 3080 1511 3156 tempore
1560 3076 1977 3159 thymiamatis.
2026 3108 2051 3137 »

410 3166 622 3253 Coram
653 3161 775 3253 Deo
793 3161 1000 3225 mundi
1030 3160 1305 3253 soliiﬁgﬂ
1337 3164 1674 3253 sacerdotio
1704 3167 2050 3253 funguntur,
2074 3195 2114 3246 ο

410 3251 484 3317 ab
504 3251 757 3334 impuris
769 3258 964 3334 autem
983 3252 1192 3315 avertit
1213 3250 1370 3315 Deus
1382 3252 1591 3316 faciem
1606 3271 1771 3316 suam
1784 3250 2051 3330 .Ouando

409 3331 609 3406 autem
637 3331 775 3403 sors'
799 3339 889 3402 illi
917 3340 1158 3403 obvenit
1191 3349 1257 3404 ut
1284 3340 1633 3406 incenderet
1660 3343 1923 3407 odores?
1949 3344 2049 3411 Vel

409 3428 655 3494 omnino
679 3429 1008 3492 secundum
1051 3436 1287 3509 tempus
1316 3428 1777 3510 deprecationis,
1814 3438 2050 3515 quando

409 3519 573 3582 solus
601 3520 661 3580 in
688 3519 905 3581 Sancta
933 3526 1277 3580 sanctorum
1306 3519 1755 3598 ingrediebatur
1782 3541 2051 3588 summus

409 3605 690 3671 sacerdos
714 3626 728 3666 :
757 3615 821 3668 ut
848 3605 1148 3668 discamus
1170 3605 1328 3687 quod
1359 3607 1859 3685 quemadmodum
1885 3631 2052 3675 sum-

410 3714 543 3759 mus
571 3695 853 3759 sacerdos
882 3696 993 3759 iste
1021 3694 1326 3775 ingressus
1366 3696 1428 3757 in
1461 3695 1675 3759 Sancta
1713 3711 2052 3765 sanctorum

408 3786 667 3849 fructum
695 3784 950 3866 accepit,
982 3783 1069 3847 sic
1118 3793 1177 3847 et
1215 3782 1503 3847 Dominus
1529 3784 1703 3849 Jesus
1736 3789 1865 3868 ipse
1894 3792 2056 3854 solus

408 3882 469 3938 et
498 3892 707 3939 revera
748 3892 1017 3937 summus
1064 3872 1343 3936 sacerdos
1384 3875 1687 3952 ingressus
1723 3877 1783 3939 in
1840 3881 2054 3943 Sancta

406 3973 773 4037 sanctorum,
807 3965 919 4027 hac
943 3971 1036 4026 est
1067 3964 1126 4024 in
1153 3963 1367 4025 cmlum
1406 3982 1539 4026 cum
1572 3982 1775 4047 carne,
1802 3968 2052 4031 fructum

404 4053 638 4134 accepit
665 4071 951 4135 suaa,qua3
972 4052 1034 4114 in
1058 4070 1240 4115 carne
1263 4052 1769 4126 erat,visitationis
1793 4067 2053 4120 nostram

404 4141 653 4205 salutem
684 4151 743 4206 et
771 4142 830 4204 in
863 4141 1019 4204 ﬁlios
1048 4141 1454 4223 adoptionem.

485 4230 666 4296 Vens.
709 4234 801 4296 ll.
841 4252 869 4291 ε
890 4231 1179 4313 Apparuit
1205 4239 1402 4295 autem
1434 4231 1523 4294 illi
1550 4232 1795 4311 angelus
1823 4233 2059 4298 Domini

405 4328 569 4384 stans
595 4339 632 4385 a
652 4320 878 4384 dextris
897 4320 1100 4385 altaris
1130 4320 1753 4402 thymiamatis.)Non
1778 4324 2057 4387 omnibus

400 4419 651 4514 apparet
675 4411 947 4514 angelus,
994 4410 1109 4514 sed.
1150 4410 1391 4514 mundis
1435 4410 1642 4514 corde,
1694 4412 1886 4514 qualis
1928 4421 2121 4514 eratD

398 4499 736 4564 Zacharias.
769 4500 970 4562 Altare
1016 4507 1213 4562 autem
1266 4497 1665 4580 thymiamatis
1712 4499 1880 4577 dixit,
1915 4502 2055 4581 quia

400 4595 528 4651 erat
557 4594 617 4650 et
638 4589 894 4653 alterum
923 4588 1109 4651 altare
1138 4588 1647 4651 holocaustorum.

479 4762 664 4830 Vens.
704 4765 917 4830 ηιμ.
955 4789 983 4823 ι
1016 4766 1089 4829 Et
1130 4764 1400 4828 turbatus
1446 4773 1535 4827 est
1578 4763 1913 4844 Zacharias,
1947 4766 2050 4830 illo

396 4854 545 4931 viso,
578 4872 648 4917 ac
676 4854 859 4917 timor
886 4854 1057 4917 irruit
1108 4872 1290 4937 super
1326 4871 1492 4917 eum.
1541 4852 1700 4916 Dixit
1744 4862 1942 4918 autem
1974 4856 2047 4917 ad

398 4961 533 5007 eum
586 4944 836 5022 angelus
887 4962 901 5009 :
956 4943 1043 5008 Ne
1102 4944 1330 5015 timeas,
1392 4942 1700 5020 Zacharia,
1769 4943 2050 5025 quoniam

396 5032 671 5098 exaudita
716 5042 807 5097 est
843 5033 1191 5113 deprecatio
1237 5040 1370 5094 tua:
1410 5050 1683 5113 uxorque
1732 5039 1832 5095 tua
1860 5031 2048 5094 Elisa-

395 5120 538 5186 beth
587 5123 779 5205 pariet
826 5122 932 5185 tibi
984 5122 1198 5197 ﬁlium,
1243 5128 1305 5183 et
1354 5120 1592 5183 vocabis
1644 5139 1861 5184 nomen
1919 5121 2049 5201 ejus

389 5212 681 5277 Joannem
736 5235 750 5273 :
810 5221 870 5275 et
927 5211 1043 5274 erit
1086 5211 1366 5292 gaudium
1423 5211 1532 5273 tibi
1595 5219 1655 5272 et
1706 5209 2040 5282 exsultatio,

395 5300 681 5384 multique
710 5302 771 5364 in
803 5302 1101 5364 nativitate
1120 5301 1250 5381 ejus
1277 5300 1643 5381 gaudebunt.
1684 5324 1709 5355 υ
1746 5296 2045 5361 Turbatur

391 5389 637 5472 quidem
677 5389 1013 5455 Zacharias.
1046 5388 1307 5452 Insolitat
1350 5390 1510 5451 enim
1559 5387 1815 5451 visiones
1862 5388 2037 5450 etiam

385 5486 627 5543 sanctos
655 5479 917 5544 turbant.
950 5477 1173 5543 Verum
1206 5477 1436 5559 angelis
1465 5476 1775 5541 confestim
1826 5474 2033 5539 turba-

463 5611 955 5687 "meum,
992 5612 1052 5675 t.

2148 578 2437 657 δικαίωμα.
2485 581 2576 641 Ἐν
2623 586 2724 664 γὰρ
2772 592 2840 662 τῇ
2870 586 3045 665 ἡμέρα
3074 585 3248 663 εκείνη
3278 588 3459 665 ὥσπερ
3488 608 3538 641 τι
3580 584 3814 642 δικαίω-

2148 692 2223 743 μα
2273 670 2557 751 ἔγγραφον,
2625 672 2768 753 ἔχων
2830 677 2858 731 ὁ
2914 676 3045 739 Θεὸς
3077 677 3170 741 τας
3199 674 3443 755 ἑντολὰς,
3501 674 3814 752 κατακρίνει

2146 758 2316 833 ἡμᾶς.
2363 762 2422 818 Εἰ
2464 762 2544 836 μὴ
2586 760 2752 830 ἦλθον
2792 765 2918 843 γὰρ,
2965 765 3120 844 φησὶ,
3151 766 3239 820 καὶ
3300 762 3538 831 ἐλάλησα
3590 765 3811 841 αυτοῖς,

2146 848 2403 927 ἁμαρτίαν
2434 853 2529 907 οὐκ
2570 852 2732 932 εἶχον
2764 869 2780 885 ⁸
2830 855 2918 909 καὶ
2947 852 3129 933 πάλιν,
3170 846 3226 911 ’0
3271 852 3429 931 λόγος
3460 855 3522 909 ’ὃν
3563 852 3813 919 ἐλάλησα

2146 939 2356 1011 αὐτοῖς,
2414 937 2624 1003 ἐκεῖνος
2668 941 2856 1004 αὐτοὺς
2906 955 3104 1021 κρινεῖ,
3159 942 3308 1006 Τίνος
3340 940 3395 998 δὲ
3424 940 3599 997 ἕνεκεν
3632 940 3804 1018 πρόσ-

2146 1044 2316 1082 κειται
2390 1030 2489 1106 τῷ,
2549 1029 2897 1107 πορευόμενοι
2968 1030 3023 1087 ἐν
3097 1032 3293 1095 πάσαις
3351 1044 3475 1092 ταῖς
3525 1029 3806 1107 ἐντολαῖς,

2145 1114 2230 1186 τὸ,
2282 1112 2555 1190 ἄμεμπτοι
2590 1135 2608 1193 ;
2651 1115 2867 1177 ’¹Ακουε
2900 1134 2914 1149 '
2950 1118 3208 1184 πολλάκις
3237 1121 3375 1182 τινὲς
3408 1121 3717 1198 πορεύονται
3747 1119 3805 1174 ἑν

2147 1206 2224 1274 τῷ
2278 1203 2428 1278 νόμῳ
2478 1215 2571 1264 τοῦ
2628 1206 2781 1279 Θεοῦ,
2843 1206 2980 1264 ἀλλὰ
3038 1210 3211 1266 πάντα
3266 1218 3475 1268 ποιοῦσι
3546 1210 3677 1283 πρὸς
3741 1210 3806 1264 τὸ

2146 1291 2394 1357 θεαθῆναι
2437 1306 2555 1356 τοῖς
2611 1294 2906 1373 ἀνθρώποις
2942 1312 2957 1327 ’
3002 1295 3187 1354 οὔκουν
3240 1297 3513 1372 ἄμεμπτοι
3541 1298 3589 1352 οἱ
3619 1304 3801 1353 τοιοῦ-

2144 1398 2227 1436 τοι
2255 1392 2279 1415 ⁸
2343 1382 2371 1436 6
2422 1378 2477 1436 δὲ
2534 1386 2804 1463 Ζαχαρίας
2853 1407 2941 1441 και
2997 1387 3222 1465 ἔπραττε
3276 1388 3370 1449 τας
3425 1383 3664 1459 ἑντολας,
3712 1385 3799 1441 καὶ

2148 1467 2428 1543 άμέμπτος
2473 1468 2719 1549 ἔπραττε,
2782 1472 2861 1549 μὴ
2918 1471 3002 1529 διὰ
3062 1476 3122 1530 τὸ
3151 1474 3333 1553 ἀρέσαι
3362 1487 3480 1537 τοῖς
3506 1474 3794 1552 ἀνθρώποις

2144 1558 2338 1623 ταύτας
2367 1557 2560 1623 τελῶν,

2231 1666 2255 1701 ιι
2308 1649 2406 1704 Καὶ
2458 1649 2554 1705 οὐκ
2611 1649 2678 1717 ἦν
2734 1650 2917 1715 αυτοῖς
2948 1650 3154 1725 τέκνον,
3185 1648 3302 1709 καθ’
3333 1650 3413 1707 ὅτι
3454 1655 3485 1718 ἡ
3520 1648 3797 1708 Ἐλισάϐετ

2144 1737 2211 1802 ἦν
2260 1748 2446 1813 στεῖρα
2475 1750 2495 1769 ⁸
2566 1739 2652 1795 καὶ
2730 1737 3015 1819 ἂμιρότεροι
3083 1737 3471 1820 προϐεϐηκότες
3543 1740 3596 1796 ἰν
3670 1753 3793 1802 ταῖς

2143 1821 2365 1901 ἡμέραις
2410 1828 2581 1883 αὐτῶν
2627 1831 2779 1894 ἦσαν,
2828 1851 2854 1882 ι
2914 1830 2978 1884 Αἱ
3026 1835 3131 1884 τῶν
3159 1827 3375 1884 δικαίων
3401 1842 3675 1906 γυναῖκες,
3707 1832 3794 1884 καὶ

2144 1912 2194 1966 αἱ
2246 1909 2467 1987 δίκαιαι,
2501 1913 2762 1979 πολλάκις
2798 1915 3007 1974 ἄτεκνοι
3041 1936 3058 1954 ο
3089 1917 3182 1973 ἵνα
3212 1919 3272 1972 συ
3304 1921 3500 1993 μάθῃς,
3537 1917 3616 1972 ὅτι
3649 1919 3677 1973 6
3708 1919 3793 1973 νό-

2142 2021 2245 2075 μος
2300 2002 2393 2057 οὐκ
2449 2004 2669 2060 ἀπαιτεῖ
2698 2003 3043 2064 πολυτεκνίαν
3087 2006 3427 2080 σωματικὴν,
3456 2004 3594 2061 ἀλλα
3635 2029 3793 2063 πνευ-

2144 2092 2399 2164 ματικήν,
2484 2091 2879 2172 Προϐεϐηκότες
2961 2092 3017 2151 δὶ
3090 2095 3225 2162 ἦσαν
3315 2096 3627 2174 ἀμφότεροι,
3708 2104 3797 2156 καὶ

2143 2180 2280 2237 κατὰ
2309 2182 2369 2237 τὸ
2398 2181 2553 2256 σῶμα
2592 2185 2680 2239 καὶ
2734 2185 2871 2240 κατᾶ
2918 2186 2977 2240 τὸ
3003 2191 3210 2260 πνεῦμα
3245 2201 3258 2214 ·
3291 2186 3378 2241 καὶ
3407 2186 3507 2263 γὰρ
3538 2186 3621 2239 καὶ
3662 2188 3799 2241 κατὰ.

2144 2268 2328 2347 ψυχὴν
2398 2268 2722 2349 προέϐησαν,
2796 2272 3032 2330 τουτέστι
3106 2275 3431 2351 προέκοψαν,
3519 2272 3795 2338 ἀναϐάσεις

2143 2354 2197 2411 ἰν
2252 2364 2321 2433 τῇ
2362 2356 2545 2435 καρδὶα
2573 2361 2856 2436 τιθέμενοι,
2919 2364 3005 2417 καὶ
3060 2363 3265 2438 ἡμέραν
3294 2363 3538 2443 ἔχοντες,
3572 2361 3691 2418 ἀλλ’
3734 2365 3797 2419 οὒ

2142 2445 2299 2502 νύκτα
2328 2447 2418 2504 τὸν
2445 2448 2584 2524 βίον,
2628 2452 2703 2507 ὡς
2750 2450 2806 2507 ἑν
2856 2452 2989 2530 φωτὶ
3032 2456 3444 2531 περιπατοῦντες
3509 2454 3791 2531 εὐσχημό-

2142 2556 2268 2598 νως.

2229 2646 2254 2679 ιι
2291 2622 2537 2703 Ἐγένετο
2597 2625 2652 2683 δὲ
2701 2629 2756 2684 ὲν
2800 2635 2877 2702 τῷ
2931 2630 3209 2707 ἱερατεύειν
3266 2630 3419 2687 αὐτὸν
3450 2628 3507 2684 Et
3540 2635 3603 2704 τῇ
3647 2629 3791 2694 τάξει

2141 2711 2238 2778 τῆς
2287 2712 2575 2793 ἐφημερίας
2628 2718 2784 2774 αἱ)τοῦ
2848 2717 3017 2775 ἔναντι
3067 2724 3157 2774 τοῦ
3196 2723 3347 2787 Θεοῦ,
3396 2717 3532 2771 κατὰ
3580 2718 3642 2772 τὸ
3670 2714 3785 2781 ἔθος

2142 2802 2241 2867 τῆς
2292 2804 2573 2880 ἱερατείας,
2634 2804 2801 2885 ἔλαχε
2858 2816 2950 2866 τοῦ
2990 2806 3257 2882 equam,
3306 2801 3549 2860 εἰσελθὼν
3581 2804 3653 2867 εἷς
3691 2805 3783 2860 τὸν

2145 2891 2268 2944 ναὸν
2317 2903 2409 2949 τοῦ
2464 2893 2648 2971 Κυρίου
2680 2909 2693 2923 ⁸
2760 2897 2848 2951 καὶ
2897 2904 3001 2952 πᾶν
3059 2898 3119 2951 τὸ
3174 2893 3372 2960 πλῆθος
3415 2893 3480 2961 ἦν
3509 2895 3601 2950 τοῦ
3657 2901 3789 2951 λαοῦ

2140 2984 2576 3060 προσευχόμενον
2630 2981 2730 3049 ἔξω
2772 2990 2838 3061 τῇ
2866 2986 2977 3063 ὥρᾳ
3018 2993 3111 3041 τοὺ
3166 2983 3521 3059 θυμιάματος,
3554 3005 3581 3035 a
3639 2980 3788 3039 "Ev-

2142 3088 2257 3123 αντι
2314 3076 2447 3126 Θεοῦ
2490 3073 2537 3126 οἱ
2603 3075 2816 3151 καθαροὶ
2884 3075 3037 3150 μόνοι
3110 3071 3460 3150 ἱερατὲυουσιν
3499 3087 3512 3099 ⁸
3574 3072 3679 3125 ἀπὸ
3736 3070 3791 3125 δὲ

2140 3162 2243 3211 τῶν
2294 3160 2370 3233 μὴ
2429 3162 2670 3239 καθαρῶν
2720 3162 3035 3242 ἀποστρέφει
3088 3164 3115 3217 ὃ
3178 3162 3319 3242 Θεὸς·
3387 3163 3448 3217 τὸ
3503 3160 3803 3232 πρόσωπον.

2136 3245 2315 3308 αὐτοῦ,
2370 3247 2506 3303 Πότε
2536 3247 2589 3303 δὲ
2622 3248 2786 3329 ἔλαχε
2817 3257 2907 3306 του
2937 3251 3188 3326 θυμιάσαι
3224 3265 3241 3322 ;
3286 3234 3368 3304 ’Ἦ
3399 3248 3611 3309 πάντως
3655 3250 3788 3305 κατα

2134 3335 2222 3390 τὸν
2270 3338 2451 3413 καιρὸν
2503 3346 2595 3393 τοὺ
2623 3337 2873 3414 ἱλασμοῦ,
2932 3338 3017 3394 ὅτε
3077 3340 3236 3413 μόνος
3290 3338 3579 3415 εἰσήρχετο
3609 3337 3681 3400 είς
3721 3336 3787 3394 τὰ

2138 3421 2310 3501 ’Ἅγια
2366 3431 2473 3481 τῶν
2534 3427 2697 3504 ἁγίων
2756 3429 2783 3484 6
2852 3430 3129 3507 ἀρχιερεύς
3168 3442 3181 3457 ⁹
3255 3426 3347 3481 ’ἕνα
3414 3428 3665 3500 μάθωμεν
3706 3423 3786 3481 δτι

2136 3512 2315 3587 ὥσπερ
2374 3516 2400 3570 6
2432 3514 2705 3594 ἀρχιερεὺς
2758 3505 2955 3588 οὗτος,
2984 3505 3230 3572 εἰσελθὼν
3275 3516 3346 3579 εἷς
3380 3516 3445 3570 τὰ
3478 3505 3652 3591 ”Ᾱγια
3682 3519 3786 3570 ’τῶν

2138 3601 2302 3674 ἁγίων
2360 3601 2513 3658 ἔλαϐε
2571 3607 2795 3683 καρπὸν,
2859 3606 2998 3662 οὕτω
3038 3608 3125 3663 καὶ
3168 3607 3195 3661 6
3256 3605 3439 3681 Κύριος
3488 3600 3695 3669 ἰησοῦς
3759 3604 3788 3658 6

2138 3694 2296 3775 μόνος
2344 3694 2429 3747 καὶ
2457 3694 2629 3771 μέγας
2658 3700 2735 3767 τῷ
2790 3695 2899 3751 ὄντι
2947 3695 3249 3775 ἀρχιερεὺς,
3296 3690 3542 3748 εἰσελθὼν
3595 3693 3664 3752 εἰς
3721 3692 3788 3746 τὰ

2142 3770 2315 3856 ’Ἅγια
2358 3780 2464 3835 τῶν
2523 3782 2712 3859 ἁγίων,
2769 3784 3058 3863 τουτέστιν,
3104 3785 3177 3846 εἰς
3250 3784 3339 3837 τὸν
3394 3781 3609 3859 οὐρανὸν
3650 3783 3787 3854 μετα

2139 3870 2353 3945 σαρκὸς,
2399 3866 2555 3925 ἔλαϐε
2605 3871 2805 3946 καρπὸν
2849 3872 2942 3939 τῆς
2991 3871 3241 3951 ἰνσαρκου
3288 3871 3446 3927 αὐτοῦ
3474 3865 3781 3945 ἐπιδημίας,

2134 3959 2234 4025 την
2264 3957 2524 4035 ἡμετέραν
2566 3961 2821 4015 υξοθεσίαν
2851 3976 2937 4016 και
2968 3961 3256 4039 σωτηρίαν.

2225 4071 2252 4101 ιι
2288 4039 2479 4126 "deos
2507 4044 2560 4101 δὲ
2593 4052 2733 4122 αὐτῷ
2788 4048 3013 4127 ἅγγελος
3066 4048 3280 4128 Κυρίου,
3312 4049 3479 4108 ἑστὼς
3515 4047 3574 4101 ἐκ
3602 4044 3782 4112 δεξιῶν

2136 4144 2229 4192 τοὺ
2268 4137 2638 4214 θυσιαστηρίου
2692 4145 2784 4193 τοι)
2838 4140 3192 4214 θυμιάματος,
3249 4164 3272 4193 ο
3336 4136 3408 4194 06
3438 4142 3566 4192 πᾶσι
3596 4137 3782 4214 φαίνε-

2138 4248 2224 4282 ται
2255 4229 2282 4284 ὁ
2323 4223 2572 4305 ἄγγελος,
2604 4225 2741 4281 ἀλλὰ
2770 4240 2887 4290 τοῖς
2943 4231 3192 4306 καθαροῖς
3228 4233 3293 4303 τῇ
3323 4223 3529 4304 καρδία,
3563 4226 3684 4288 οἷος
3719 4226 3783 4291 ἦν

2140 4318 2167 4372 6
2211 4316 2502 4395 Ζαχαρίας.
2564 4317 2946 4393 Θυσιασττςριον
3004 4316 3055 4370 δὲ
3084 4323 3178 4373 τοῦ
3224 4316 3554 4391 θυμιάματος
3600 4315 3777 4385 εἶπεν,

2138 4404 2251 4460 ἐπεὶ
2289 4403 2357 4472 ἦα
2408 4404 2494 4459 καὶ
2536 4401 2709 4481 ἕτερον
2767 4407 3156 4483 θυσιαστήριον,
3217 4410 3274 4459 τὸ
3324 4413 3427 4459 των
3473 4402 3779 4458 ὁλοκαυτω-

2137 4494 2343 4568 μάτων.

2218 4781 2246 4814 α
2292 4756 2397 4820 Καὶ
2441 4758 2710 4838 ἐταράχθη
2742 4762 3012 4839 Ζαγαρίας
3071 4760 3214 4838 ἰδὼν,
3267 4761 3351 4814 καὶ
3398 4756 3557 4837 φόϐος
3590 4760 3780 4814 επετε-

2132 4868 2222 4904 σεν
2252 4848 2338 4904 ἐπ’
2397 4846 2576 4909 αὐτόν.
2626 4852 2763 4904 Εῑπε
2807 4848 2861 4904 δὲ
2906 4851 3037 4927 πρὸς
3085 4850 3235 4904 αὐτὸν
3280 4849 3307 4901 6
3356 4844 3585 4923 ἄγγελος
3622 4862 3634 4874 ·
3694 4847 3786 4912 Μὴ

2136 4934 2322 5016 φοϐοῦ,
2369 4936 2632 5016 Ζαχαρία,
2692 4934 2829 4993 διότι
2888 4938 3207 5004 εἰσηκούσθη
3252 4938 3286 5003 ἡ
3314 4933 3494 5001 δέησις
3526 4956 3617 4991 σου
3653 4954 3664 4966 ·
3704 4938 3791 4990 καὶ

2133 5027 2167 5093 ἠ
2220 5026 2350 5103 γυνή
2401 5045 2495 5081 σου
2553 5022 2829 5082 Ἐλισάϐετ
2883 5027 3129 5104 γεννήσει
3184 5026 3295 5079 υἱόν
3366 5044 3468 5101 σοι,
3545 5024 3632 5078 καὶ
3683 5045 3787 5079 κα-

2130 5113 2302 5177 λέσεις
2347 5115 2408 5169 τὸ
2436 5111 2603 5189 ὄνομα
2659 5114 2818 5172 αὑτοῦ
2855 5112 3105 5180 Ἰωάννην
3140 5129 3153 5145 ⁶
3217 5115 3304 5168 καὶ
3337 5112 3483 5166 ἔσται
3514 5113 3658 5191 χαρά
3704 5134 3784 5167 σοι

2129 5206 2216 5261 καὶ
2267 5201 2598 5283 ἂγγελίασις,
2660 5206 2745 5259 καὶ
2812 5202 3002 5261 πολλοὶ
3058 5203 3143 5260 ἐπὶ
3217 5207 3283 5277 τῇ
3339 5222 3584 5278 γεννησει
3628 5203 3785 5258 αὐτοῦ

2126 5294 2477 5373 χαρήσονται.
2527 5313 2551 5348 a
2630 5293 2953 5371 Ταράττεται
3000 5293 3097 5367 μὶν
3148 5294 3174 5348 ὁ
3245 5289 3538 5368 Ζαχαρίας.
3584 5288 3776 5345 Ἀσυνσι

2124 5386 2259 5453 ήθης
2303 5382 2400 5461 γαρ
2442 5381 2564 5455 ίεψις
2635 5384 2723 5437 καὶ
2786 5383 2909 5446 τοὺς
2961 5383 3139 5459 ἁγίους
3200 5381 3464 5458 ταράττει.
3539 5376 3691 5435 Ἀλλ’
3750 5379 3777 5433 6

2123 5469 2349 5551 ἅγγελος
2420 5468 2770 5526 καταστέλλει
2825 5473 2923 5538 τὴν
2972 5473 3216 5551 ταραχήν
3252 5486 3264 5498 '
3345 5470 3620 5546 πανταχοῦ
3681 5489 3777 5543 γαρ
