4170 6282
336 405 453 471 597
903 434 912 445 υ
1143 411 1246 472 EN
1249 407 1583 475 ABBATIO
1622 405 1698 472 ΙΝ
1738 403 1985 473 EVANG

2069 401 2239 462 LIUM
2287 400 2524 465 LUC/E.
2554 436 2627 448 —-
2658 401 2823 466 CAP.
2876 405 2920 466 Ι.
3602 390 3722 457 698

335 546 493 597 τοῦτο
535 539 665 621 ’ἔσχε
695 544 975 624 γνώρισμα
1014 541 1120 599 τῶν
1148 564 1200 598 τε
1233 542 1341 599 ἀπὸ
1395 548 1487 598 106
1518 549 1650 601 Θεοῦ
1698 541 1985 612 ὁπτασιῶν,

2078 530 2295 593 tionem
2324 533 2517 624 sedat.
2554 532 2790 615 Ubique
2817 534 2998 624 enim
3053 535 3165 596 hoc
3216 531 3438 624 indicio
3490 529 3720 624 discer—

336 630 427 685 καὶ
468 616 939 709 «κρῖν’ὲαιιμονὶκῶν
975 649 989 662 ·
1027 635 1071 688 εἱ
1126 632 1220 706 μὲν
1270 634 1370 712 γὰρ
1423 631 1527 687 ἀπὸ
1582 636 1828 711 ταραχῆς
1889 629 1985 708 ἅρ-

2069 634 2296 712 nuntur
2324 621 2583 684 visiones
2608 642 2791 712 quaea
2814 622 2958 694 Deo,
2994 634 3052 685 et
3084 641 3214 704 qum
3243 641 3277 712 ε
3302 616 3719 712 diabolum".

339 716 481 782 ξεται
512 720 541 776 6
570 705 853 799 λογισμὸς,
898 722 985 778 καὶ
1041 705 1353 779 τελευταῖον,
1396 705 1663 798 καταστῇ,
1714 705 1985 793 συντόμως

2071 706 2121 767 si
2156 727 2321 770 mens
2349 715 2606 789 primum
2640 710 2997 792 turbetur,et
3025 712 3222 773 statim
3243 705 3420 771 timor
3437 705 3720 799 solvatur!

340 805 597 881 λυομένου
652 815 745 867 106
786 809 974 891 φόϐου,
1034 807 1185 873 ὄντος
1255 809 1366 866 θεία
1422 811 1456 877 ἡ
1518 809 1767 871 ὀπτασία,
1819 809 1877 865 Ei
1933 805 1988 862 δὲ

340 895 654 955 ἰπιτείνεται
698 899 901 975 μᾶλλον
934 903 960 957 6
992 897 1150 980 φόϐος
1203 900 1292 954 καὶ
1318 901 1353 966 ἡ
1410 900 1647 978 ταραχὴ,
1683 900 1717 965 ἡ
1769 897 1991 954 ὀπτασία

340 983 717 1058 δαιμονιώδης.
776 990 925 1050 Τίνος
981 986 1036 1044 δὲ
1093 987 1269 1044 ἕνεκέν
1330 1009 1491 1068 φησιν
1543 990 1571 1042 6
1615 984 1839 1064 ἄγγελος
1911 983 1992 1040 ὅτι

347 1094 368 1127 ε
411 1074 741 1144 Εὶσηκούσθη
786 1080 819 1146 ἡ
864 1076 1039 1145 δέησίς
1073 1099 1188 1157 σου,
1221 1077 1309 1132 καὶ
1336 1078 1370 1145 ἡ
1402 1076 1534 1154 γυνή
1583 1096 1677 1130 σου
1708 1072 1993 1133 Ἐλισάϐετ

342 1165 585 1239 γεννήσει
641 1186 776 1246 om;
842 1190 866 1224 ε
932 1168 1017 1235 Μὴ
1078 1167 1176 1244 γὰρ
1231 1169 1258 1222 6
1319 1166 1588 1245 Ζαχαρίας
1646 1166 1761 1241 περὶ
1807 1162 1995 1220 παιδὸς

341 1249 593 1331 ηὔχετο;
655 1254 792 1313 ἀλλὰ
840 1258 958 1329 περὶ
1000 1262 1106 1311 τῶν
1149 1255 1421 1332 ἁμαρτιῶν
1466 1260 1560 1311 106
1603 1252 1782 1327 λαοῦ;
1827 1252 1991 1307 Φασὶν

341 1339 429 1396 οὖν
486 1364 625 1406 τινες
684 1344 789 1418 ὅτι,
850 1343 1032 1411 ἐπειδῆ
1076 1343 1203 1420 ὑπὲρ
1257 1343 1361 1400 τῶν
1419 1343 1691 1420 ἁμαρτιῶν
1740 1350 1832 1400 τοῦ
1861 1340 1991 1396 λαοῦ

340 1428 567 1510 ηὔχετο,
601 1432 794 1510 ἔμελλε
844 1434 897 1489 δὶ
928 1434 1123 1491 τίκτειν
1168 1435 1277 1489 υίὸν
1322 1434 1551 1509 βοῶντα.
1593 1429 1719 1489 ’Ἴδε
1749 1433 1776 1487 6
1825 1429 1987 1504 ἀμνὸς

338 1526 434 1576 τοῦ
489 1529 644 1593 Θεοῦ,
679 1526 706 1580 6
732 1525 901 1603 αἴρων
931 1525 1028 1591 τὴν
1060 1522 1316 1598 ἁμαρτίαν
1361 1529 1453 1578 106
1493 1523 1721 1596 κόσμου,
1773 1520 1988 1582 εἰκότως

340 1606 483 1685 λέγει
514 1613 645 1687 πρὸς
678 1616 833 1671 αὒτὸν
865 1616 892 1671 6
936 1612 1183 1691 ἅγγελος,
1242 1610 1321 1668 ὅτι
1373 1611 1701 1678 Εἶσηκοῦσθη
1744 1613 1779 1678 ἡ
1810 1608 1987 1676 δέησίς

340 1720 433 1754 σου
481 1700 611 1779 ὑπὲρ
664 1706 765 1770 τῆς
794 1702 1028 1781 ἀφέσεως
1058 1707 1164 1758 τῶν
1194 1700 1462 1776 ἁμαρτιῶν
1520 1707 1613 1755 106
1661 1698 1812 1761 λαοῦ,
1869 1702 1988 1756 Υἱὸν

340 1788 440 1864 γὰρ
496 1791 770 1866 γεννήσεις
828 1789 894 1847 δι’
968 1792 1026 1847 οὗ
1082 1789 1263 1870 ἄφεσις
1316 1790 1462 1846 ἔσται
1531 1793 1637 1844 τῶν
1692 1788 1982 1865 ἁμαρτιῶν.

2074 804 2132 857 et
2188 788 2405 859 iterum
2451 801 2737 880 quiescat,
2786 788 2995 862 revera
3044 801 3244 862 divina
3289 805 3378 859 ost
3433 795 3602 857 visio.
3658 788 3722 852 Si

2076 894 2270 946 autem
2304 887 2481 949 timor
2508 908 2575 950 ac
2623 889 2877 951 turbatio
2912 889 3097 967 magis
3140 899 3317 970 atque
3360 885 3543 965 magis
3582 898 3717 970 cre-

2077 986 2243 1035 scant
2270 975 2633 1040 dzemoniaca
2665 989 2756 1039 est
2794 980 2959 1041 visio.
3010 978 3203 1051 Quare
3227 969 3498 1055 angelus
3528 969 3714 1031 dicit:

2076 1060 2363 1124 Exaudita
2395 1073 2483 1125 est
2515 1065 2855 1145 deprecatio
2876 1073 3000 1147 tua,
3034 1077 3090 1128 et
3121 1085 3269 1127 uxor
3287 1062 3382 1127 tua
3408 1057 3713 1125 Elisabetb

2080 1152 2269 1231 pariet
2300 1151 2400 1212 tibi
2434 1154 2497 1213 n?
2528 1157 2675 1217 Nam
2701 1154 3013 1217 Zacharias
3030 1175 3145 1217 non
3166 1174 3268 1235 pro
3289 1153 3408 1215 ﬁlio
3445 1156 3716 1232 precatus

2079 1247 2189 1313 est,
2222 1241 2322 1302 sed
2359 1260 2460 1321 pro
2490 1245 2747 1323 peccatis
2780 1245 3001 1325 populi.
3043 1245 3255 1308 Dicunt
3286 1236 3713 1322 igiturquidam

2074 1329 2228 1408 quod
2262 1331 2539 1410 quoniam
2576 1352 2683 1412 pro
2709 1334 2965 1413 peccatis
2997 1333 3196 1414 pepuli
3225 1331 3716 1403 orabat,t'uturum

2072 1428 2268 1478 autem
2302 1420 2454 1499 quod
2489 1431 2800 1499 generaret
2846 1422 3034 1483 ﬁlium
3083 1423 3182 1502 qui
3226 1423 3529 1487 clamaret,
3565 1415 3718 1475 Ecce

2071 1524 2255 1582 agnus
2308 1509 2435 1581 Dei,
2486 1511 2584 1591 qui
2641 1509 2791 1572 tollit
2840 1522 3145 1592 peccatum
3201 1511 3453 1572 mundi:
3503 1503 3715 1566 merito

2070 1595 2214 1656 dicit
2257 1598 2329 1658 ad
2372 1598 2542 1659 illum
2604 1600 2899 1679 angelus:
2955 1601 3242 1674 Quoniam
3295 1595 3571 1661 exaudita
3626 1599 3717 1652 est

2072 1685 2410 1771 deprecatio
2445 1697 2540 1748 tua
2571 1709 2675 1767 pro
2697 1690 3050 1752 remissione
3074 1697 3450 1771 peccatorum
3486 1680 3708 1764 populi-

2071 1770 2286 1835 Filium
2323 1777 2477 1836 enim
2504 1778 2839 1859 generabis,
2897 1798 3003 1859 per
3054 1770 3228 1859 qurm
3277 1773 3551 1839 remissio
3600 1772 3714 1859 erit

341 1880 491 1942 Τινὲς
545 1876 599 1934 δὲ
651 1879 789 1937 οὕτω
836 1880 1061 1952 νοοῦσιν,
1096 1879 1201 1958 ὅτι,
1237 1879 1567 1946 Εἰσηκυύσθη
1597 1883 1632 1945 ἡ
1661 1876 1838 1945 δέησίς
1868 1900 1982 1949 σου,

2073 1871 2478 1958 peccatorum.
2514 1866 2630 1929 Alii
2662 1858 2855 1929 autem
2890 1858 2974 1930 sic
3003 1858 3341 1947 intelligunt
3376 1886 3389 1929 :
3422 1858 3709 1958 Quoniam

338 1967 385 2020 ὦ
440 1970 700 2046 Ζαχαρία,
770 1971 859 2026 καὶ
903 1950 1274 2047 συνεχώρησεν
1327 1970 1354 2024 6
1406 1969 1535 2032 Θεὸς
1592 1968 1685 2028 τὰς
1730 1966 1985 2043 ἁμαρτίας

2069 1950 2345 2047 exaudita
2374 1963 2459 2013 est
2493 1955 2829 2035 deprecatio
2874 1966 2990 2037 tua,
3040 1957 3439 2047 Zacharia,_et
3482 1950 3715 2047 remisit

338 2061 415 2128 τῷ
470 2053 585 2130 λαῷ
616 2073 631 2089 ⁸
692 2058 817 2114 εἶτα
874 2059 1052 2134 ὥσπερ
1094 2058 1331 2119 εἰπόντος
1380 2057 1561 2135 αὺτοῦ,
1612 2057 1773 2111 Πόθεν
1825 2052 1988 2122 δῆλον

339 2152 495 2202 τοῦτο
532 2161 548 2219 ;
608 2148 768 2225 φησὶν
819 2149 847 2203 6
906 2145 1154 2225 ἄγγελος,
1186 2144 1290 2218 ὅτι,
1324 2145 1489 2205 Τοῦτό
1524 2167 1607 2202 σοι
1637 2142 1822 2219 δίδωμι
1879 2166 1985 2210 ση-

341 2245 520 2306 μεῖον,
582 2232 662 2290 ὅτι
718 2237 963 2312 γεννήσει
1021 2257 1102 2291 σοι
1133 2237 1242 2291 υἱὸν
1286 2236 1320 2301 ἡ
1366 2231 1644 2291 Ἐλισάϐετ
1672 2249 1687 2264 ⁸
1716 2233 1852 2289 ὥστε
1884 2233 1987 2287 ἀπὸ

338 2328 433 2376 106
488 2330 740 2400 γεννῆσαι
806 2326 902 2393 τὴν
975 2323 1276 2399 Ἐλισάϐετ,
1338 2324 1738 2393 πιστευθήσεταί
1780 2343 1860 2378 σοι
1903 2320 1990 2377 καὶ

337 2411 399 2466 τὸ
430 2410 686 2492 ἀφεθῆναι
716 2414 811 2479 τὰς
841 2414 1095 2493 ἁμαρτίας
1124 2416 1200 2486 τῷ
1228 2412 1365 2487 λαῷ.

425 2520 449 2554 ι
486 2493 690 2558 ’Ἔσται
723 2504 823 2580 γὰρ
855 2503 1020 2578 μέγας
1067 2502 1292 2559 ἐνώπιον
1338 2508 1428 2558 106
1456 2499 1669 2579 Κυρίου,
1717 2506 1803 2560 καὶ
1838 2507 1985 2562 οἶνον

338 2590 426 2645 καὶ
468 2591 647 2668 σίκερα
679 2595 739 2650 οὗ
782 2592 859 2667 μὴ
888 2595 985 2669 πίῃ
1016 2610 1034 2627 ⁸
1089 2594 1177 2647 καὶ
1207 2589 1513 2665 Πνεόματος
1558 2592 1708 2669 ἁγίου
1735 2592 1985 2664 πλησθή-

341 2699 488 2738 σεται
519 2679 595 2735 ἔτι
639 2680 701 2737 ix
730 2679 934 2743 κοιλίας
967 2682 1170 2758 μητρὸς
1202 2680 1359 2737 αἶτοῦ
1392 2698 1410 2716 ⁸
1457 2680 1553 2737 καί
1597 2680 1824 2748 πολλοὺς
1879 2691 1984 2740 τῶν

336 2775 460 2827 υἱῶν
512 2768 731 2845 Ἰσραὴλ
775 2769 1080 2848 ἐπιστρέψει
1152 2768 1237 2824 ἐπὶ
1310 2769 1492 2847 Κυρίον
1562 2771 1653 2826 τὸν
1703 2773 1832 2827 Θεὸν
1887 2778 1984 2832 αὖ·

336 2866 440 2918 τῶν
476 2877 489 2891 ⁸
559 2860 647 2916 καὶ
722 2857 880 2922 αὒτὸς
964 2856 1337 2936 προελεύσεται
1423 2856 1647 2914 ἐνώπιον
1705 2859 1861 2917 αυτοῦ
1932 2863 1987 2917 ἐν

336 2950 594 3023 πνεύματι
690 2950 777 3004 καὶ
858 2947 1072 3022 Sumpsi
1122 2937 1334 3018 Ἠλιοῦ,
1397 2946 1707 3026 ἐπιστρέψαι
1776 2949 1986 3028 καρδίας

339 3037 581 3113 πατέρων
626 3036 711 3092 ἐπὶ
752 3035 934 3106 τέκνα,
984 3036 1073 3092 καὶ
1121 3035 1358 3096 ἀπειθεῖς
1392 3034 1446 3090 ἐν
1475 3038 1724 3113 φρονήσει
1751 3036 1988 3111 δικαίων,

341 3125 621 3199 ἑτοιμάσαι
678 3125 855 3203 Κυρίῳ
937 3123 1064 3180 λαὸν
1133 3124 1618 3197 κατεσκευασμένον
1714 3148 1738 3183 ι
1812 3127 1991 3204 Μέγαν

342 3212 546 3269 ἔσεσθαι
604 3214 696 3269 τὸν
752 3210 1005 3280 Ἰωάννην
1068 3210 1456 3290 ἐπαγγέλλεται
1510 3215 1537 3269 6
1581 3212 1827 3291 ἅγγελος,
1870 3212 1987 3273 ἀλλ’

341 3301 566 3356 ἐνώπιον
613 3309 706 3357 τοῦ
766 3302 952 3378 Κυρίου
988 3321 1002 3334 ·
1061 3298 1249 3357 πολλοὶ
1307 3300 1407 3379 γὰρ
1450 3300 1675 3375 μεγάλοι
1744 3300 1990 3378 λέγονται

339 3389 564 3447 ἐνώπιον
620 3393 726 3446 τῶν
770 3389 1076 3469 ἂνθρωπων,
1152 3390 1237 3445 καὶ
1296 3393 1355 3447 06
1410 3392 1505 3446 106
1547 3397 1676 3446 Θεοῦ
1711 3410 1723 3423 ⁸
1774 3391 1883 3447 οἶοι
1942 3401 1989 3454 0i,

336 3482 612 3559 ὑποκριταί
646 3497 661 3512 ⁸
718 3479 885 3557 μέγας
916 3479 969 3535 δὲ
1013 3483 1040 3537 6
1069 3481 1327 3546 Ἰωάννης
1356 3481 1494 3538 κατὰ
1523 3481 1708 3559 ψυχήν
1734 3500 1748 3514 ·
1809 3482 1987 3556 ὥοπερ

335 3572 422 3626 καὶ
465 3572 651 3649 μικρὸς
681 3570 816 3625 κατὰ
853 3570 1036 3648 ψυχὴν
1068 3575 1170 3633 πᾶς
1219 3570 1246 3624 6
1304 3566 1776 3642 σκανδαλιζόμενος
1812 3588 1825 3603 ⁸
1888 3572 1974 3626 οοίο

335 3656 439 3722 δεὶς
495 3660 595 3737 γὰρ
654 3657 822 3734 μέγας
894 3655 1316 3735 σκανδαλίζεται,
1393 3654 1514 3747 ᾇλΥ
1574 3660 1620 3714 οἱ
1676 3659 1853 3737 μικροὶ
1897 3667 1985 3719 καὶ

334 3735 683 3828 ὀλιγόψυχοι,
731 3749 869 3813 Φησὶ
896 3753 1020 3828 γουν
1052 3748 1079 3801 6
1127 3747 1310 3824 Κύριος
1351 3762 1364 3776 ⁶
1400 3735 1505 3808 "Oc
1551 3745 1613 3801 ἂν
1665 3735 1984 3823 σκανδαλίσῃ

334 3835 425 3890 ἕνα
480 3841 584 3891 τῶν
655 3840 880 3912 μικρῶν,
946 3823 1167 3910 ’Ὥσπερ
1223 3831 1276 3887 δὲ
1323 3836 1367 3887 οἱ
1399 3834 1640 3898 τεκόντες
1671 3837 1759 3890 τὸν
1792 3834 1983 3890 Ἰωάν-

334 3947 453 3991 νην,
485 3922 674 3979 δίκαιοι
704 3927 840 3990 ἦσαν
872 3923 1100 3978 ὶνώπιον
1130 3928 1221 3977 103
1271 3923 1426 3999 Θεοῦ,
1486 3920 1623 3978 οὕτω
1652 3924 1738 3978 καὶ
1769 3926 1795 3978 6
1852 3936 1983 3987 παῖς

332 4016 502 4071 αὐτῶν
560 4012 725 4089 μέγας
778 4011 1001 4068 ἐνώπιον
1057 4021 1148 4069 τοῦ
1182 4011 1365 4089 Κυρίου
1393 4027 1409 4043 ⁸
1482 4012 1660 4089 σίκερα
1715 4010 1769 4067 δὲ
1833 4012 1985 4091 λέγε·

333 4125 417 4159 ται
464 4106 568 4157 πᾶν
624 4102 686 4157 τὸ
729 4100 894 4176 μέθην
938 4100 1189 4174 ἐμποιεῖν
1229 4099 1536 4176 δυνάμενον,
1598 4104 1694 4159 οὐκ
1734 4102 1791 4156 ὃν
1820 4099 1873 4157 δὲ
1932 4102 1981 4170 ἐξ

332 4189 595 4266 ἀμπέλου,
628 4190 719 4247 Ἐν
769 4196 838 4266 τῇ
884 4188 1057 4262 κοιλίᾳ
1101 4188 1152 4243 δὲ
1184 4195 1284 4254 τῆς
1316 4191 1515 4268 μητρὸς
1544 4190 1618 4245 ὣν
1649 4189 1750 4265 ἕτι⁶⁹
1808 4189 1977 4261 ἐπλή-

330 4285 430 4348 σθη
484 4280 785 4353 Πνεύματος
844 4280 995 4355 ἁγίου
1031 4294 1044 4306 '
1094 4276 1182 4333 ὅτε
1229 4277 1384 4345 ἦλθεν
1430 4280 1463 4345 ἡ
1518 4280 1709 4356 Μήτηρ
1735 4287 1826 4336 106
1871 4290 1979 4337 Κυ-

331 4371 440 4445 ρίου
490 4372 621 4446 πρὸς
681 4368 777 4435 τὴν
845 4365 1144 4430 Ἐλισάόςτ,
1204 4368 1293 4421 καὶ
1346 4367 1623 4444 ἓσκίρτησε
1682 4366 1744 4423 τό
1793 4368 1980 4446 βρέφος

2069 2036 2225 2100 Deus
2257 2052 2498 2121 peccata
2542 2045 2783 2125 populo.
2832 2036 3059 2108 Deinde
3099 2046 3265 2127 quasi
3318 2043 3416 2103 ille
3464 2037 3714 2100 dixisset

2070 2131 2328 2208 an8°10:
2379 2134 2549 2195 Unde
2607 2135 2719 2196 huc
2774 2126 3199 2198 manifestum?
3244 2132 3386 2195 dicit
3415 2126 3707 2207 angelus:

2076 2218 2197 2278 Hoc
2229 2219 2333 2280 tibi
2364 2220 2594 2300 signum
2622 2223 2723 2296 do,
2757 2225 2911 2303 quod
2948 2226 3135 2305 pariet
3168 2224 3271 2285 tibi
3301 2222 3488 2283 ﬁlium
3522 2217 3711 2305 Elisa-

2074 2305 2236 2380 beth,
2269 2316 2327 2369 et
2368 2310 2447 2371 ita
2493 2330 2598 2392 per
2644 2304 3024 2393 puerperium
3072 2312 3374 2378 Elisabeth
3424 2304 3711 2370 credibile

2074 2393 2177 2456 tibi
2204 2397 2275 2456 sit
2306 2399 2556 2461 remissa
2590 2421 2721 2462 esse
2752 2412 2991 2482 peccata
3014 2403 3255 2483 populo.
3331 2454 3333 2456 .

2151 2483 2333 2547 Vens.
2359 2490 2558 2551 15-17.
2576 2514 2594 2544 ι
2617 2489 2739 2551 Erit
2758 2492 2915 2553 enim
2942 2511 3191 2572 magnus
3210 2507 3405 2553 coram
3433 2483 3710 2558 Domino,

2069 2592 2137 2635 ac
2163 2575 2360 2637 vinum
2389 2588 2445 2639 et
2477 2582 2730 2641 siceram
2774 2601 2891 2642 non
2930 2582 3131 2643 bibet:
3169 2589 3225 2642 et
3258 2578 3477 2659 Spiritu
3509 2580 3713 2636 sancto

2069 2663 2400 2743 replebitur
2409 2667 2534 2746 jam
2559 2668 2698 2731 inde
2711 2669 2783 2731 ab
2801 2679 2967 2732 utero
2987 2670 3189 2731 matris
3207 2687 3353 2747 suae,
3378 2664 3712 2742 multosque

2070 2769 2139 2812 ex
2170 2752 2305 2813 ﬁliis
2331 2753 2513 2816 Israel
2546 2769 2851 2821 convertet
2882 2759 2952 2820 ad
2984 2759 3298 2821 Dominum
3331 2755 3517 2816 Deum
3550 2750 3729 2829 ipsor

2069 2858 2201 2901 rum
2231 2859 2244 2904 :
2280 2852 2337 2903 et
2367 2844 2492 2923 ipse
2525 2847 2820 2924 praacedet
2866 2858 3000 2910 ante
3034 2848 3201 2909 illum
3236 2863 3370 2906 cum
3402 2840 3609 2921 spiritu
3643 2858 3712 2899 ac

2070 2929 2287 2991 virtute
2316 2930 2520 3004 Heliae,
2548 2943 2609 2994 ut
2637 2945 2937 2997 convertat
2967 2937 3147 2998 corda
3179 2941 3408 3014 patrum
3441 2932 3501 2991 in
3535 2928 3710 3008 ﬁlios,

2074 3017 2563 3083 etinobedientes
2585 3024 2655 3083 ad
2687 3025 3059 3104 prudentiam
3081 3025 3413 3103 justorum:
3451 3025 3511 3078 ut
3548 3026 3712 3096 paret

2074 3105 2326 3167 Domino
2350 3108 2580 3188 plebem
2615 3123 3018 3193 prmparatam.
3049 3116 3357 3190 sMagnum
3392 3110 3517 3169 fore
3540 3107 3713 3185 Joans-

2010 3186 2048 3237 (δ
2076 3214 2210 3257 nem
2247 3186 2515 3276 praedicit
2555 3186 2821 3279 angelus,
2860 3203 2964 3264 sed
3002 3186 3210 3265 coram
3231 3202 3372 3262 2Ὶῦ
3405 3193 3654 3260 Domino
3691 3213 3706 3256 :

2076 3284 2243 3347 multi
2276 3286 2434 3347 enim
2468 3290 2749 3352 dicuntur
2781 3296 2972 3368 magni
3023 3311 3221 3353 coram
3257 3284 3618 3356 hominibus,
3653 3292 3710 3343 δι

2075 3394 2191 3462 non
2224 3375 2358 3436 item
2392 3395 2590 3438 coram
2625 3379 2764 3453 Deo,
2802 3391 2861 3441 ut
2895 3381 3487 3462 liypocrithagnus
3507 3379 3706 3462 autem

2068 3461 2322 3526 Joanne~
2347 3468 2510 3544 juxta
2544 3470 2826 3550 animam,
2871 3459 3024 3533 sicut
3050 3479 3106 3531 et
3138 3485 3352 3549 parvus
3374 3467 3544 3544 juxta
3571 3459 3708 3550 ani-

2070 3570 2225 3613 mam
2259 3552 2475 3615 dicitur
2495 3558 2687 3616 rmuis
2710 3548 2819 3638 qui
2839 3548 3289 3621 scandalizatur.
3320 3553 3528 3616 Nullus
3549 3548 3707 3611 enim

2070 3659 2313 3720 magnus
2344 3645 2796 3726 scandalizatur,
2833 3649 2940 3709 sed
2968 3648 3151 3729 parvi,
3187 3655 3244 3707 et
3275 3639 3707 3725 pusillanimes.

2071 3730 2223 3792 Dicit
2251 3730 2431 3808 igitur
2461 3733 2746 3796 Dominus
2782 3758 2794 3799 :
2844 3737 2951 3808 Qui
3000 3731 3482 3798 scandalizaverit
3524 3746 3703 3789 unum

2069 3837 2137 3879 ex
2157 3821 2403 3900 parvisa.
2417 3822 2960 3895 .Quemadmodum
2975 3838 3167 3888 autem
3186 3826 3244 3886 hi
3258 3824 3360 3905 qui
3376 3825 3711 3901 genuerunt

2068 3907 2384 3981 Joannem,
2414 3913 2561 3991 justi
2612 3916 2851 3978 fuerunt
2893 3936 3089 3978 coram
3141 3916 3286 3988 Deo,
3337 3914 3422 3974 sic
3472 3918 3529 3972 et
3562 3923 3709 3988 puel‘

2069 3997 2334 4076 ipsorum
2370 4021 2615 4081 magnus
2631 4024 2825 4066 coram
2847 4005 3121 4070 Domino.
3155 4006 3359 4068 Sicera
3387 4009 3583 4063 autem
3618 3996 3701 4056 di-

2069 4086 2222 4175 citur
2251 4108 2429 4151 omne
2478 4093 2634 4172 quod
2675 4094 2974 4157 inebriare
3028 4105 3237 4175 potest,
3271 4101 3330 4155 et
3371 4110 3485 4151 non
3521 4096 3607 4148 est
3637 4103 3706 4145 ex

2075 4174 2215 4238 \ite.
2249 4175 2394 4239 Cum
2425 4192 2626 4241 autem
2663 4192 2819 4244 esset
2847 4174 3041 4246 adhuc
3080 4185 3138 4245 in
3172 4192 3342 4244 utero
3376 4177 3576 4239 matris
3604 4191 3705 4235 re-

2068 4264 2261 4344 pletus
2291 4274 2381 4327 est
2410 4265 2634 4345 Spiritu
2680 4280 2905 4345 sancto,
2958 4273 3192 4350 quando
3242 4273 3423 4331 Mater
3471 4261 3705 4328 Domini

2066 4354 2225 4413 venit
2255 4355 2326 4415 ad
2359 4354 2679 4429 Elisabeth,
2706 4367 2762 4419 et
2784 4362 3093 4422 exsultavit
3126 4379 3248 4439 pra:
3276 4356 3487 4437 gaudio
3513 4353 3705 4413 infans

328 4455 730 4535 ἆγαλλιώμενον
781 4454 864 4512 διὰ
920 4459 1017 4521 τὴν
1077 4454 1166 4510 τοῦ
1214 4456 1397 4530 Κυρίου
1470 4456 1778 4532 παρουσίαν.
1840 4463 1976 4513 Ἐπ-

2069 4450 2309 4521 propter
2335 4445 2646 4507 adventum
2681 4449 2941 4510 Domini.
2994 4453 3177 4513 Porro
3204 4445 3494 4511 convertit
3525 4440 3705 4503 corda

329 4532 550 4624 έστρεψε
604 4542 659 4599 δὲ
733 4541 942 4621 καρδίας
1036 4544 1275 4619 πατέρων
1342 4543 1426 4598 ἐπὶ
1489 4544 1668 4618 τέκνα,
1722 4544 1977 4627 τουτέστι,

2071 4540 2297 4610 patrum
2320 4532 2391 4627 ad
2416 4533 2585 4598 ﬁlios.
2616 4537 2726 4596 hoc
2750 4547 2859 4611 est,
2887 4539 3268 4601 Hebrworum
3294 4535 3364 4597 ad
3383 4532 3699 4627 apostolos.

329 4636 434 4689 τῶν
498 4624 752 4707 Ἐϐραίων
808 4631 894 4687 ἰπὶ
948 4633 1068 4692 τοὺς
1157 4629 1484 4693 ἀποστόλους
1515 4647 1527 4661 ⁸
1588 4631 1817 4711 πατέρας
1885 4634 1980 4708 μὲν

2069 4623 2271 4711 Patres
2287 4621 2445 4682 enim
2473 4623 2935 4699 fueruntludaei,
2964 4624 3199 4688 illorum
3228 4637 3422 4687 autem
3449 4622 3704 4702 iiiiapo-

330 4723 431 4801 γὰρ
486 4721 622 4788 ἦσαν
680 4723 727 4775 οἱ
784 4718 1033 4776 Ἰουδαῖοι
1074 4738 1085 4748 ·
1152 4720 1309 4775 τέκνα
1341 4718 1392 4774 δὲ
1423 4721 1621 4778 τούτων
1653 4724 1698 4776 οἱ
1742 4722 1981 4779 ἀπόστο-

2069 4710 2531 4801 stoli.Convertit
2554 4714 2730 4794 igitur
2752 4717 3266 4780 cordnludaeorum
3291 4716 3362 4777 ad
3381 4714 3701 4801 apostolos.

328 4800 441 4874 λοι.
472 4806 831 4889 Ἐπὲστρεψεν
888 4809 976 4865 οὖν
1020 4810 1110 4871 τας
1170 4802 1382 4885 καρδίας
1430 4816 1535 4865 τῶν
1583 4808 1843 4867 Ἰουδαίων
1898 4808 1983 4868 ἐπὶ

2069 4800 2291 4863 docens
2319 4811 2377 4863 et
2408 4803 2728 4865 testiﬁcans
2778 4805 2852 4867 de
2910 4806 3145 4869 Christo
3223 4805 3337 4879 Qui
3384 4811 3578 4864 autem
3631 4800 3705 4862 de

328 4900 449 4962 τοὺς
534 4895 890 4976 ἀποστόλους,
962 4896 1220 4952 διδάσκων
1307 4899 1424 4975 περὶ
1480 4904 1570 4955 τοῦ
1623 4906 1845 4977 Χριστοῦ
1896 4890 1983 4956 καὶ

2073 4891 2310 4952 Christo
2339 4900 2583 4953 testatur
2611 4895 2855 4956 omnino
2888 4895 3004 4957 ﬁde
3032 4896 3241 4975 dignos
3270 4894 3411 4955 facit
3440 4901 3498 4953 et
3526 4891 3708 4952 disci-

327 4987 607 5067 μαρτυρῶν
638 5002 651 5016 ⁶
713 4989 741 5043 6
781 4983 836 5042 δὲ
894 4990 1011 5065 περὶ
1068 4986 1157 5042 106
1216 4993 1440 5064 Χριστοῦ
1497 4995 1796 5066 μαρτυρῶν,
1844 4990 1985 5045 πάν-

2072 4979 2453 5061 pulosipsius
2512 4983 2640 5045 Non
2695 5002 2902 5045 omnes
2949 4986 3238 5046 convertit
3283 4982 3570 5056 Joannes,
3601 4980 3707 5042 sed

328 5097 434 5138 τως
493 5074 823 5140 ἀξιοπίστους
883 5088 1031 5130 ποιεῖ
1087 5075 1175 5129 καὶ
1218 5075 1340 5135 τοὺς
1398 5076 1639 5149 μαθητὰς
1670 5079 1829 5133 αὐτοῦ
1859 5092 1873 5107 ⁸
1929 5078 1986 5133 0'3

326 5165 527 5228 πάντας
576 5161 633 5219 δὲ
691 5162 1012 5241 ἐπέστρεψεν
1065 5165 1092 5217 6
1149 5161 1423 5228 Ἰωάννης,
1460 5161 1597 5218 ἀλλὰ
1641 5161 1889 5229 πολλούς’
1957 5168 1984 5221 6

326 5251 506 5326 μέντοι
561 5253 742 5331 Κύριος
803 5252 1007 5314 πάντας
1080 5250 1335 5330 ἐφώτισεν
1369 5266 1383 5279 ⁸
1475 5251 1528 5308 ἐν
1604 5254 1865 5327 Πνεύματι
1925 5252 1980 5309 δὲ

329 5334 510 5398 Ἠλιοῦ
555 5340 818 5420 προῶλθε,
878 5343 1006 5397 καθὸ
1057 5340 1237 5419 ὥσπερ
1322 5340 1393 5403 εἷς
1461 5332 1644 5397 Ἠλίαν
1716 5344 1751 5410 ἡ
1805 5341 1980 5422 ,χάρις

323 5431 644 5509 ἐνήργησεν,
705 5428 845 5486 οὕτω
896 5430 984 5485 καὶ
1048 5430 1122 5493 εἷς
1172 5426 1425 5495 Ἰωάννην
1455 5446 1470 5462 ⁸
1522 5429 1549 5484 ὅ
1580 5451 1637 5485 τε
1666 5431 1765 5509 γὰρ
1800 5420 1989 5494 Ἠλίας,

323 5518 423 5587 τῆς
478 5517 725 5598 δευτέρας
782 5518 1075 5595 παρουσίας
1133 5514 1451 5596 πρόδρομος,
1505 5521 1591 5574 καὶ
1643 5521 1667 5575 ὁ
1729 5517 1980 5588 Ἰωάννης

404 5649 438 5699 ϐ
464 5651 673 5715 Matth.
705 5665 871 5731 xvm,
911 5651 1003 5713 16.

2071 5069 2286 5130 multos
2318 5087 2331 5132 :
2381 5071 2645 5132 Christus
2674 5081 2866 5135 autem
2900 5092 3107 5135 omnes
3137 5071 3510 5135 illuminavit.
3545 5071 3624 5133 At
3645 5068 3705 5129 in

2066 5158 2276 5238 spiritu
2308 5158 2448 5220 Eliae
2478 5179 2615 5239 praat
2637 5162 2801 5222 essit.
2835 5160 3002 5224 Sicut
3028 5164 3189 5225 enim
3227 5165 3283 5224 in
3337 5160 3464 5223 Elia
3501 5157 3702 5222 eiﬁcax

2067 5247 2407 5329 fuitgratia,
2439 5248 2518 5309 ita
2547 5258 2605 5311 et
2628 5249 2687 5309 in
2717 5248 2968 5315 Joanne.
3004 5256 3074 5315 Et
3104 5253 3253 5313 sicut
3281 5251 3435 5313 Elias
3457 5248 3703 5312 secundi
3758 5288 3768 5298 .

2065 5339 2351 5402 adventus
2379 5357 2729 5419 prascursor,
2759 5340 2842 5402 ita
2870 5349 2930 5402 et
2957 5344 3216 5403 Joannes
3262 5338 3460 5421 primi.
3490 5338 3555 5401 In
3585 5340 3705 5399 vir-

2068 5436 2187 5489 tute
2216 5436 2411 5490 autem
2456 5427 2616 5501 Eliae,
2650 5447 2721 5490 eo
2752 5429 2910 5510 quod
2944 5428 3105 5492 idem
3150 5437 3397 5512 possunt
3424 5428 3709 5491 adventus

2064 5515 2399 5591 amborum;
2425 5514 2599 5577 ambo
2625 5516 2783 5579 enim
2803 5518 2874 5581 ad
2899 5515 3193 5580 Christum
3224 5524 3599 5597 congregant.
3637 5514 3709 5576 Et
