4154 6298
327 458 435 544 ‘70i

1090 486 1534 554 ENARRATIO
1577 490 1659 553 IN
1706 474 2211 551 EVANGELIUM
2262 454 2505 552 LUC.‘E.
2548 522 2623 533 -
2668 493 2831 554 CAP.
2884 496 2928 555 1.

3600 498 3713 562 70?

324 613 414 704 καὶ
482 612 583 680 ἕως
640 617 699 674 οὗ
740 600 1105 688 ἀτελέσθησαν
1156 624 1208 677 αἱ
1264 619 1462 700 ἦμέραι
1505 625 1603 687 τῆς
1639 618 1964 698 λειτουργίας

2049 635 2260 695 suam,
2338 619 2530 684 donec
2589 623 2825 704 impleti
2910 637 3111 689 essent
3190 629 3317 691 dies
3398 624 3712 693 ministerii

324 702 506 777 αὐτοῦ,
566 707 663 763 οὐκ
702 706 941 775 ἀπῆλθεν
971 710 1045 772 εἷς
1086 710 1180 766 τὸν
1208 709 1362 766 οἶκον
1405 711 1586 782 αὐτοῦ,
1641 705 1779 765 ἀλλά
1805 730 1977 787 προσ-

329 786 516 869 ήδρευε
568 801 644 868 τῷ
698 803 831 871 ναῷ’
894 797 1173 872 ἀπῴκιστο
1231 797 1328 874 μὲν
1386 798 1484 877 γάρ
1516 800 1550 867 ἡ
1595 798 1773 876 ὄρεινῆ
1831 795 1975 863 ἀλη-

298 878 302 882 ’
333 882 437 944 θῶς
467 883 555 938 καὶ
584 881 787 967 ἀπεῖχε
828 886 923 954 τῆς
956 877 1327 966 Ἰερουσαλήμ⁶
1376 887 1517 955 πλὴν
1548 885 1669 943 ἀλλ’
1702 888 1745 942 εἰ
1789 888 1877 943 καὶ
1924 885 1978 942 ἐν

336 973 519 1061 αὐτοῖς
560 992 680 1042 τοῖς
715 969 1103 1057 Ἰεροσολύμοις
1134 981 1264 1061 εἶχε
1293 981 1385 1038 τὸν
1415 984 1567 1039 οἷκον
1596 982 1624 1037 6
1664 978 1853 1058 ἱερεύς,
1884 978 1978 1036 οῦκ

334 1060 457 1130 δξῆν
527 1069 671 1142 αῦτῷ
740 1067 839 1135 ἔξω
908 1072 1005 1137 τῆς
1080 1060 1251 1139 αὖλῆς
1283 1080 1374 1130 τοῦ
1404 1077 1530 1128 ναοῦ
1558 1068 1814 1127 ἀπελθεῖν
1843 1070 1979 1126 κατά

333 1152 422 1208 τὸν
501 1158 685 1235 καιρὸν
740 1163 839 1226 τῆς
898 1159 1187 1239 ἐφημερίας
1244 1159 1424 1217 αὐτοῦ·
1485 1161 1652 1234 ἡμεῖς
1699 1157 1777 1234 δὲ,
1808 1158 1974 1238 νφεῦί

332 1242 443 1305 πῶς
514 1253 944 1326 καταφρονοῦμεν
1014 1253 1122 1304 τῶν
1177 1251 1329 1305 θείων
1383 1246 1737 1325 ὑπηρεσιῶνί
1796 1250 1868 1305 T6
1926 1244 1979 1303 δὲ

330 1330 406 1403 μὴ
464 1329 706 1391 δύνασθαι
753 1336 853 1412 μὲν
916 1334 1105 1394 λαλεῖν
1157 1340 1247 1394 τὸν
1291 1345 1586 1418 Ζαχαριαν,
1620 1335 1872 1394 διανεύειν
1922 1335 1975 1391 δὲ

321 1422 400 1491 τῷ
467 1418 605 1495 λαῷ,
651 1424 750 1491 τὴν
791 1431 898 1481 τῶν
948 1423 1209 1484 Ἰουδαίων
1254 1425 1452 1505 ἂλογον
1482 1425 1756 1483 πολιτείαν
1788 1423 1971 1492 δηλοῖ*

324 1506 733 1577 ἀποκτείναντες
802 1515 901 1593 γάρ
931 1516 1022 1572 τὸν
1051 1517 1246 1594 Λόγον,
1280 1519 1340 1575 οὗ
1368 1514 1611 1572 δύνανται
1641 1514 1800 1593 λόγον
1834 1514 1971 1571 ἀπο-

328 1594 505 1655 δοῦναι
562 1604 678 1680 περὶ
762 1604 835 1659 ὧν
907 1605 1223 1683 πράττουσιν
1282 1605 1316 1674 ἢ
1369 1604 1639 1684 λέγουσιν,
1712 1602 1850 1660 ἀλλά
1879 1604 1975 1661 κάν

2061 707 2175 783 sui,
2208 710 2543 792 asseditque
2578 714 2825 794 templo.
2859 715 3079 779 Aberat
3109 719 3265 781 enim
3302 737 3439 781 vere
3467 738 3500 780 a
3530 718 3707 781 Jeru-

2059 797 2243 859 salem
2281 802 2579 863 montania
2617 803 2809 881 regio.
2843 803 3120 877 Quamvis
3151 821 3348 870 autem
3405 818 3464 871 et
3492 808 3706 870 Hiero-

2060 886 2301 967 solymis
2332 888 2572 951 domum
2601 891 2930 973 habuisset,
2964 914 3083 955 non
3110 896 3374 957 licuisset
3427 904 3621 959 tamen
3652 898 3705 959 ei

2064 982 2227 1064 extra
2256 977 2542 1040 ambitum
2575 982 2777 1060 templi
2802 1001 2908 1061 per
2937 991 3170 1064 tempus
3200 984 3340 1046 vicis
3375 1003 3498 1047 suae
3517 986 3702 1049 exire.

2060 1061 2180 1124 Nos
2210 1073 2430 1140 autem,
2472 1069 2617 1147 proh
2644 1068 2866 1149 pudor!
2929 1061 3103 1150 quam
3150 1073 3588 1134 contemnimus
3608 1073 3704 1135 di-

2061 1151 2194 1214 vina
2228 1155 2521 1234 mysteria!
2558 1156 2845 1219 Caeterum
2880 1159 3036 1240 quod
3067 1160 3349 1223 Zacharia
3372 1179 3487 1221 non
3518 1169 3707 1239 potest

2060 1241 2244 1323 loqui,
2302 1243 2399 1304 sed
2440 1245 2633 1309 innuit
2684 1247 2900 1327 populo
2954 1247 3245 1328 signiﬁcat
3300 1249 3703 1312 irrationalem

2057 1332 2396 1393 Judaeorum
2442 1332 2614 1394 vitam
2666 1336 2853 1415 :quia
2896 1336 2995 1397 ubi
3044 1338 3396 1400 occiderunt
3423 1336 3703 1411 Verbum,

2060 1438 2177 1480 non
2210 1430 2457 1500 possunt
2486 1422 2776 1485 rationem
2805 1424 3057 1487 reddere
3088 1426 3163 1489 de
3194 1426 3285 1487 his
3316 1446 3445 1507 quae
3489 1426 3576 1487 vel
3608 1427 3698 1487 di-

2059 1516 2200 1568 cunt
2229 1510 2315 1570 vel
2344 1509 2587 1574 faciunt.
2624 1510 2690 1573 Et
2720 1514 2769 1573 si
2802 1513 2945 1594 quid
2993 1515 3403 1596 propheticum
3438 1516 3702 1577 interro-

2057 1597 2305 1675 gaveris,
2333 1597 2773 1675 obmutescunt,
2810 1612 2866 1663 et
2899 1622 3014 1664 non
3050 1614 3300 1683 possunt
3328 1603 3432 1664 tibi
3455 1603 3543 1665 vel
3573 1621 3701 1664 ser-

326 1689 654 1765 προιρητικόν
714 1713 763 1747 τι
808 1691 995 1758 αὖτοὺς
1026 1692 1249 1772 ἐρωτᾷς,
1286 1693 1743 1769 ἐπιστομίζονται,
1796 1693 1884 1748 καὶ
1918 1693 1964 1749 οἰ

2060 1704 2294 1747 monem
2327 1687 2416 1749 vel
2446 1706 2796 1770 responsum
2829 1691 2991 1753 dare.

330 1770 572 1832 δύνανταί
600 1799 679 1835 σοι
711 1778 869 1859 λόγον
899 1784 987 1838 καὶ
1016 1770 1295 1861 ἀπόκρισιν
1325 1779 1628 1839 ἀποδοῦναι.
2446 1810 2447 1813 ‘

416 1886 444 1917 α
505 1868 649 1924 Μετά
699 1868 754 1925 δὲ
824 1872 1018 1934 ταύτας
1052 1873 1143 1935 τάς
1176 1872 1379 1949 ἡμέρας
1423 1869 1706 1930 συνέλαϐεν
1751 1868 1964 1927 Ἐλισά-

2128 1861 2320 1959 δίεπε.
2358 1866 2452 1927 94.
2492 1867 2770 1959 25.aPost
2798 1869 2905 1959 hos
2924 1876 3119 1959 autem
3146 1870 3273 1931 dies
3295 1868 3568 1949 cencepit
3586 1868 3704 1931 Eli-

328 1950 421 2009 δεῖ
467 1955 501 2021 ἦ
570 1957 696 2032 γυνίη
762 1958 941 2039 αὐτοῦ,
1002 1963 1089 2017 καὶ
1146 1959 1476 2040 περιέκρυϐεν
1538 1960 1733 2026 ἑαυτὴν
1803 1959 1964 2035 μῆνας

2059 1952 2265 2014 sabeth
2294 1974 2441 2015 uxor
2475 1957 2623 2035 ejus,
2651 1965 2707 2016 et
2728 1958 3059 2019 occultabat
3089 1978 3153 2020 se
3185 1959 3490 2020 mensibus
3523 1959 3703 2038 quin-

327 2042 504 2117 πέντε,
576 2045 803 2124 λέγοτσα
833 2049 936 2123 ὅτι,
972 2050 1123 2109 Οῧτω
1166 2075 1257 2127 μοι
1289 2052 1580 2117 πεποίηκεν
1609 2054 1636 2107 6
1684 2051 1871 2128 Κύριος
1920 2049 1964 2105 ἐκ

2057 2061 2194 2122 que,
2235 2041 2479 2103 dicens:
2511 2045 2605 2107 Sic
2662 2045 2801 2107 fecit
2848 2046 2991 2107 mihi
3039 2046 3325 2108 Dominus
3375 2047 3436 2107 in
3489 2044 3702 2107 diebus

325 2131 549 2210 ἡμέραις
622 2137 715 2201 αἶς
774 2137 985 2196 ἐπεῖδεν
1038 2138 1260 2219 ἀφελεῖν
1318 2141 1379 2197 τὸ
1410 2138 1608 2203 ὄνειδός
1641 2162 1742 2215 μου
1786 2138 1840 2194 ἐν
1874 2139 1964 2192 ἀν-

2057 2130 2271 2219 quibus
2293 2150 2389 2193 me
2416 2133 2695 2210 respexit,
2742 2143 2803 2194 ut
2851 2134 3118 2197 auferret
3169 2135 3447 2216 probrum
3502 2152 3699 2196 meum

326 2224 581 2298 θρώποις.
646 2248 672 2281 ι
734 2227 963 2308 Ζώφρων
1022 2218 1151 2287 οὖσα
1216 2231 1251 2297 ἡ
1311 2227 1617 2303 Ἐλισέὅετ,
1650 2227 1859 2305 ᾐδεῖτο,
1889 2231 1964 2283 κατ

2056 2218 2212 2280 inter
2250 2219 2541 2283 homines.
2575 2247 2601 2277 ιο
2632 2222 2953 2299 Elisabetli,
3008 2226 3289 2306 quoniam
3331 2235 3491 2286 casta
3548 2232 3695 2302 erat,

326 2307 413 2366 διά
463 2320 622 2369 τοῦτο
680 2317 1055 2395 περιέκρυπτεν
1117 2319 1335 2389 ἑαυτὴν,
1371 2316 1456 2374 διὰ
1485 2319 1545 2375 τὸ
1588 2318 1643 2374 ἐν
1672 2320 1812 2396 γήρᾳ
1855 2316 1964 2373 συλ-

2057 2308 2466 2383 erubescebat,
2512 2319 2569 2372 et
2620 2320 2932 2391 propterea
2961 2314 3291 2376 occultabat
3321 2332 3405 2385 se,
3442 2332 3513 2374 eo
3541 2314 3698 2392 quod

329 2397 541 2456 λαϐεῖν·
614 2403 701 2460 ἐπὶ
766 2411 941 2479 μῆνας
989 2404 1042 2461 δὲ
1102 2406 1255 2463 πέντε
1330 2406 1704 2485 περιέκρυπτεν
1762 2407 1964 2481 ἑαυτὴν1

2058 2413 2239 2458 senex
2287 2400 2685 2478 concepisset.
2735 2401 3041 2465 Mensibus
3071 2410 3267 2464 autem
3299 2403 3564 2481 quinque
3593 2420 3700 2461 oc-

329 2488 431 2552 ἓως
487 2498 545 2549 οῦ
632 2495 719 2549 καὶ
774 2498 809 2565 ἡ
866 2496 1039 2570 Μαρία
1092 2494 1364 2555 συλλάϐοι·
1400 2496 1492 2577 ἀφ’
1521 2499 1582 2553 οὗ
1610 2494 1766 2551 δὲκαὶ
1798 2495 1964 2561 ἐκείνη

2058 2486 2308 2577 cultavit
2332 2505 2420 2577 se,
2454 2489 2644 2550 donec
2679 2492 2856 2552 Maria
2883 2492 3247 2573 conciperet.
3279 2492 3386 2553 Ubi
3418 2498 3615 2552 autem
3636 2490 3702 2552 il-

330 2577 602 2655 συνέλαϐε,
663 2584 750 2639 καὶ
819 2583 1097 2663 ἐσκίρτησε
1131 2587 1190 2641 τὸ
1239 2573 1510 2667 βρέφος-ἐν
1560 2591 1628 2661 τῇ
1667 2583 1842 2656 κοιλίᾳ
1873 2584 1964 2639 αὗ-

2057 2573 2111 2634 la
2136 2575 2431 2655 concepit,
2468 2585 2528 2639 et
2559 2579 2864 2639 exsultavit
2889 2579 3083 2641 infans
3112 2582 3172 2641 in
3204 2590 3527 2660 utei0,non
3552 2578 3703 2667 ultra

327 2667 446 2745 τῆς,
498 2669 592 2725 οὒκ
652 2670 726 2727 ἔτι
813 2672 1065 2750 ἔκρυπτεν
1110 2675 1325 2742 ἑαυτὴν,
1349 2665 1499 2733 ἀλλά
1527 2675 1614 2730 καὶ
1639 2672 1964 2752 ἐπαρρησια-

2058 2681 2120 2724 se
2172 2665 2505 2739 occultavit,
2540 2667 2643 2728 sed
2704 2667 2891 2729 libere
2941 2669 3063 2741 ivit,
3101 2678 3299 2749 utpote
3356 2666 3700 2748 tanti’pueri

328 2777 457 2813 σατο
514 2756 595 2831 ἀν,
629 2761 704 2823 ὡς
747 2763 984 2821 τοιούτου
1026 2762 1211 2825 παιδὸς
1255 2765 1462 2842 μήτηρ,
1509 2763 1597 2819 καὶ
1628 2765 1745 2835 πρὶν
1843 2784 1964 2840 γεν-

2056 2752 2155 2833 qui
2187 2753 2362 2814 etiam
2395 2762 2707 2836 antequam
2741 2768 3109 2837 nasceretur,
3147 2759 3568 2839 prophetarum
3599 2756 3695 2817 di-

332 2849 553 2914 νηθῆναι
584 2857 894 2929 ωροφητικῇ
925 2849 1041 2924 ἀξίᾳ
1071 2852 1449 2928 τετιμημένου.

2054 2843 2275 2921 gnitate
2304 2843 2409 2904 fuit
2440 2846 2785 2909 honoratus.

418 2958 444 2991 α
478 2935 570 2994 Ἐν
624 2937 679 2994 δὲ
737 2946 814 3014 τῷ
870 2942 998 3017 μηνὶ
1052 2948 1130 3015 τῷ
1185 2940 1322 3015 ἕκτῳ
1350 2942 1629 3008 ἀπεστάλη
1661 2945 1688 2999 6
1744 2940 1964 3020 ἄγγελος

2139 2932 2318 2994 Vsus.
2353 2933 2569 2998 26-30.
2608 2933 2705 2995 «In
2730 2953 2936 2997 mense
2962 2943 3158 2997 autem
3190 2941 3359 2999 sexto
3383 2934 3701 2996 missusest

334 3023 563 3102 Γαϐριὴλ
617 3027 720 3084 ὑπὸ
748 3031 841 3085 τοῦ
898 3037 1029 3088 Θεοῦ
1083 3033 1155 3095 εἰς
1202 3030 1356 3088 πόλιν
1412 3032 1509 3099 τῆς
1568 3030 1873 3109 Γαλιλαίας,
1936 3031 1964 3096 ἧ

2055 3020 2301 3109 angelus
2330 3022 2469 3081 275
2519 3023 2754 3086 Gabriel
2782 3044 2815 3085 a
2848 3024 2966 3086 Deo
3018 3024 3079 3085 in
3112 3025 3403 3085 civitatem
3444 3022 3699 3088 Galilaaaa

336 3112 500 3201 ὄνομα
570 3118 825 3197 Ναζαρὲτ,
888 3122 1018 3197 πρὸς
1078 3120 1331 3199 παρθένον
1362 3120 1833 3197 μεμνηστευμένην
1875 3120 1964 3175 ἀν-

2056 3108 2153 3169 cui
2171 3127 2385 3170 nomen
2414 3112 2802 3188 Nazaretli,ad
2828 3113 3111 3192 virginem
3136 3113 3551 3193 desponsatam
3574 3112 3700 3175 viro

340 3200 439 3281 δρὶ,
496 3208 541 3277 ᾧ
607 3204 774 3281 ὄνομα
838 3205 1056 3285 Ἰωσὴφ,
1107 3208 1157 3275 ἐξ
1188 3210 1340 3267 σάκον
1374 3208 1551 3271 Δαϐίδ.
1592 3212 1686 3267 Καὶ
1716 3211 1775 3265 τὸ
1807 3208 1964 3283 ὄνομα

2056 3197 2151 3258 cui
2171 3216 2388 3260 nomen
2412 3210 2536 3260 erat
2555 3202 2797 3280 Joseph,
2825 3202 2899 3264 de
2930 3202 3106 3262 domo
3144 3202 3345 3277 David,
3380 3220 3448 3262 ac
3479 3220 3698 3263 nomen

336 3292 433 3357 τῆς
504 3291 773 3371 παρθένου,
852 3298 1088 3376 Μαριάμ,
1166 3300 1261 3355 Καὶ
1328 3298 1572 3355 εἰσελθὼν
1656 3300 1682 3354 6
1748 3297 1964 3376 ἂγγελος

2055 3286 2297 3366 virginis
2327 3290 2525 3352 Maria.
2559 3289 2630 3350 Et
2660 3291 2959 3369 ingressus
2988 3292 3231 3370 angelus
3260 3292 3477 3353 adeam
3507 3290 3691 3353 dixit:

336 3382 466 3459 πρὸς
523 3384 706 3457 αὐτὴν,
767 3375 947 3441 εῖιιεῗ
989 3394 1179 3464 Χαῖρε,
1226 3388 1661 3469 κεχαριτωμένη,
1711 3389 1736 3443 6
1788 3388 1964 3463 Κύριος

2056 3375 2283 3451 Gaude,
2316 3379 2591 3459 gratiosa,
2628 3379 2915 3441 Dominus
2947 3389 3164 3454 tecum,
3192 3379 3508 3469 benedicta
3540 3392 3601 3441 tu
3635 3380 3691 3441 in

329 3470 465 3543 μετά
525 3482 640 3553 σοῦ,
700 3473 1035 3553 εὖλογημένη
1106 3477 1167 3531 σὺ
1206 3477 1258 3532 ἐν
1290 3464 1538 3554 γυναιξίν,
1577 3464 1721 3533 Ἠέδὶ
1772 3474 1964 3548 ἰδοῦσα,

2056 3464 2426 3529 mulieribus.
2454 3468 2557 3529 illa
2589 3487 2726 3529 vero
2758 3488 2891 3529 cum
2929 3468 3435 3544 vidisset,turb.ita
3464 3474 3557 3527 est
3588 3486 3693 3529 su-

327 3556 650 3642 διεταράχθη
717 3562 802 3620 ἐπὶ
857 3572 933 3638 τῷ
989 3564 1134 3642 λόγῳ
1167 3567 1346 3645 αὺτοῦ,
1391 3567 1479 3622 καὶ
1507 3563 1821 3643 διελογίζετο
1864 3586 1964 3620 πο-

2054 3571 2161 3632 per
2189 3572 2467 3617 sermone
2497 3559 2646 3637 ejus,
2668 3566 2725 3618 et
2749 3558 3040 3636 cogitabat
3069 3558 3259 3639 qualis
3289 3564 3447 3619 esset
3478 3556 3577 3617 illa
3601 3575 3693 3618 sa-

325 3651 491 3714 ταπὸς
537 3651 628 3717 εἴη
687 3652 715 3706 6
775 3652 1054 3729 ἀσπασμὸς
1113 3657 1282 3718 οὗτος·
1317 3656 1403 3711 καὶ
1460 3654 1615 3710 εἶπεν
1662 3656 1689 3710 6
1744 3652 1964 3731 ἄγγελος

2053 3642 2363 3705 lutatio.Et
2396 3645 2539 3706 dixit
2570 3647 2817 3725 angelus
2839 3648 2931 3709 ei:
2964 3644 3049 3708 Ne
3084 3645 3695 3728 timeas,Maria,iuve-

325 3737 481 3815 αάτῇ·
546 3742 633 3807 Μὴ
692 3738 877 3819 φοϐοῦ,
941 3744 1175 3821 Μαριὰμ¹
1218 3744 1361 3821 εὗρες
1396 3745 1495 3822 γὰρ
1528 3744 1687 3822 χάριν
1719 3744 1862 3820 παρά
1893 3749 1964 3815 τῷ

2054 3731 2188 3792 nisti
2221 3732 2377 3793 enim
2411 3736 2656 3813 gratiam
2687 3736 2841 3817 apud
2874 3735 3082 3798 Deum.
3113 3760 3135 3791 ιι
3168 3738 3429 3798 Mensem
3461 3742 3690 3797 sextum

326 3811 462 3902 Qui),
530 3853 558 3884 ι
599 3811 748 3897 Μῆνα
804 3811 956 3889 ἕκτον
1013 3811 1157 3910 λέγέι
1228 3811 1319 3889 τῦν
1362 3811 1619 3899 ἀὶτείτὲξξ
1653 3811 1964 3907 συλλήψεως

2052 3820 2198 3882 dicit
2226 3840 2260 3882 a
2282 3811 2548 3903 tempore
2577 3844 2694 3906 quo
2726 3811 3048 3904 conceptus
3097 3826 3203 3886 fuit
3229 3825 3511 3887 Joannes.
3546 3822 3698 3884 Dicit

324 3916 593 3980 Ἰωάινου.
651 3920 806 3998 Λέγει
857 3919 911 3976 δὲ
970 3926 1359 3997 μεμνηστεῦθαι
1392 3923 1490 3988 τὴν
1540 3920 1791 3999 παρθένον
1828 3919 1964 3999 ἀνδρῖ

2050 3918 2247 3973 autem
2272 3911 2684 3991 desponsatam
2716 3914 3008 3994 virginem
3035 3917 3156 3975 viro
3173 3914 3273 3995 qui
3292 3914 3500 3975 eratde
3519 3913 3696 3973 domo

323 4004 374 4071 ἐξ
431 4006 583 4064 οἿκου
646 4007 825 4078 Δαᾶδ,
887 4010 976 4066 ἴνα
1034 4010 1195 4089 δείξῃ,
1229 4011 1308 4067 ὅτι
1352 4012 1440 4067 καὶ
1470 4010 1601 4076 αὕτη
1633 4008 1691 4065 ἐκ
1736 4017 1826 4067 τοῦ
1875 4010 1964 4087 γέ-

2053 3997 2258 4072 David,
2287 4011 2349 4061 ut
2369 4004 2711 4065 ostenderet
2735 4014 2791 4066 et
2814 4004 3004 4085 ipsam
3038 4024 3109 4067 ex
3139 4022 3357 4082 genere
3393 4001 3571 4065 David
3592 4001 3695 4062 de-

323 4117 439 4159 νους
498 4107 589 4157 τοῦ
661 4097 819 4155 Δαᾶδ
871 4101 1159 4174 κατήγετο·
1195 4100 1255 4157 ὲκ
1284 4101 1383 4177 γάρ
1451 4107 1542 4157 τοῦ
1576 4102 1732 4156 αὐτοῦ
1778 4099 1959 4176 γένους

2051 4090 2357 4153 scendisse
2384 4112 2399 4160 ;
2427 4095 2594 4170 juxta
2623 4093 2812 4173 legem
2856 4094 3013 4153 enim
3049 4095 3333 4173 conjuch
3379 4111 3446 4153 ex
3480 4090 3693 4151 eodem

319 4187 403 4241 καὶ
463 4186 557 4253 τῆς
602 4188 765 4253 ανῦτῆς
797 4195 969 4266 σειρᾷς
1000 4191 1140 4244 εἶναι
1174 4190 1443 4269 ἀμφότερα
1474 4189 1540 4244 τά
1584 4187 1745 4265 μέρη,
1797 4190 1958 4261 νόμος

2049 4196 2265 4254 genere
2290 4188 2347 4240 et
2377 4181 2584 4242 eadem
2616 4180 2971 4260 cognitionis
2993 4190 3199 4243 catena
3220 4188 3533 4262 prognatos
3558 4197 3691 4269 esse

319 4274 405 4341 ἦν.
455 4273 673 4343 Ἐπειδὴ
717 4274 771 4331 δὲ
838 4284 904 4353 τῇ
980 4278 1080 4349 Εὕα
1109 4280 1136 4333 6
1173 4267 1355 4345 Κύριος
1413 4279 1594 4343 εἶπεν,
1624 4276 1711 4333 Ἐν
1770 4274 1958 4339 λύπαις

2049 4267 2533 4344 oportebat.Quia
2556 4278 2750 4329 autem
2786 4271 2921 4331 Eva;
2952 4271 3172 4331 dictum
3197 4278 3315 4331 erat
3349 4288 3377 4329 a
3414 4267 3683 4339 Domino,

317 4363 437 4440 τέξῃ
492 4365 673 4442 tim”
703 4364 811 4422 λύει
854 4370 951 4433 τὴν
996 4366 1165 4433 λύπην
1204 4368 1393 4433 ταύτην
1423 4368 1457 4434 ἡ
1490 4366 1659 4444 χαρὰ,
1691 4364 1756 4432 ἢν
1802 4366 1829 4420 ὁ
1858 4363 1955 4441 ἄγ-

2049 4365 2104 4415 ιιι
2128 4356 2186 4415 in
2221 4356 2471 4417 tristitiis
2502 4360 2688 4438 pariat
2716 4359 2949 4433 ﬁliosB',
2984 4360 3155 4420 solvit
3204 4359 3495 4419 tristitiam
3530 4356 3688 4416 illam

318 4452 473 4531 γελος
526 4455 805 4535 προσφέρει
863 4462 929 4531 τῇ
1007 4457 1269 4534 Παρθένῳ,
1328 4443 1525 4533 As.wa
1558 4462 1744 4532 Χαῖρε,
1782 4474 1950 4533 κεχα-

2049 4443 2102 4504 in
2135 4445 2436 4523 gaudium,
2471 4448 2625 4527 quod
2659 4448 2903 4525 angelus
2939 4448 3163 4525 Virgini
3198 4448 3451 4510 aﬂerens
3492 4444 3637 4507 dicit
3667 4465 3686 4505 :

317 4543 605 4618 ριτωμένη⁶
666 4546 780 4601 ὶπεὶ
852 4544 904 4601 δὲ
976 4548 1306 4622 κεατήρατο
1363 4547 1397 4613 ἡ
1449 4542 1575 4615 Εὕα,
1620 4542 1956 4620 εὖλογημένη

2049 4535 2268 4608 Gaude,
2300 4537 2556 4614 gratiosa
2611 4537 2674 4598 Ει
2726 4537 2866 4619 quia
2913 4538 3225 4599 maledicta
3256 4536 3361 4598 fuit
3392 4535 3529 4603 Eva,
3567 4536 3689 4596 tunc

321 4630 450 4699 αῦτη
506 4634 709 4692 ἀκούει·
782 4632 1101 4709 διελογῖζετο
1177 4633 1231 4690 δὲ
1315 4637 1427 4712 περέ
1506 4636 1597 4689 τοῦ
1680 4631 1960 4705 ἀσπασμοῦ

2049 4624 2257 4687 dicitur
2286 4624 2619 4689 benedicta.
2649 4624 3077 4688 Considerabat
3107 4636 3301 4689 autem
3352 4625 3424 4686 de.
3456 4626 3682 4686 saluta-

317 4724 551 4782 ποταπὸς
609 4723 700 4790 εἴη
760 4724 931 4801 οὗτος,
966 4727 1042 4795 μὴ
1077 4724 1174 4803 ἆρα
1214 4722 1405 4785 ἄτοπός
1448 4745 1525 4786 τις
1572 4722 1658 4777 καὶ
1682 4721 1952 4798 πορνικὸς,

312 4811 387 4875 ὡς
448 4810 497 4876 ἐξ
566 4810 748 4889 ἀνδρὸς
818 4815 945 4890 πρὸς
978 4816 1164 4889 κίρτιν,
1211 4811 1436 4879 ἧϐεός⁹
1468 4808 1661 4876 ἒπειόη
1691 4831 1778 4865 και
1827 4815 1956 4864 6355

312 4900 501 4975 μνήμη
532 4902 739 4957 σύνεστι
783 4906 857 4975 τῷ
887 4902 1176 4976 ἀσπασμῷ,
1214 4904 1297 4980 τὸ,
1333 4893 1390 4958 Ὅ
1427 4901 1615 4978 Κύριος
1662 4898 1796 4973 μετά
1837 4906 1949 4960 σοῦ,

314 4990 529 5063 Πρῶτον
579 4986 632 5044 δὲ
698 4988 1042 5045 καταστέλλει
1100 4990 1196 5056 τὴν
1255 4988 1465 5068 καρδίαν
1526 4988 1684 5053 αότῆς
1727 4986 1832 5042 ἀπὸ
1863 4994 1953 5042 τοῦ

308 5073 492 5155 φόϐου⁶
563 5080 635 5140 ὡς
694 5075 755 5133 ἄν
807 5081 862 5133 ἓν
920 5078 1168 5156 ἀταραξίᾳ
1225 5076 1512 5155 γενομένη,
1587 5074 1797 5141 δέξηται
1854 5075 1951 5141 τὴν

306 5166 447 5221 θείαν
504 5167 802 5246 ἀπόκρισιν
882 5170 941 5224 οὗ
997 5168 1096 5245 γὰρ
1194 5166 1467 5247 ἐνεδέχετο
1553 5162 1952 5243 ταραττομένην

308 5258 495 5333 αῦτήν,
570 5254 797 5334 ἀκριϐῶς
871 5256 1080 5311 ἀκούειν
1136 5257 1200 5311 τὰ
1260 5252 1663 5331 συμϐησόμενα⁹
1722 5251 1851 5330 ὅπερ
1896 5251 1949 5309 δὲ

306 5341 415 5399 ἅνω
472 5342 617 5419 εἴπε,
677 5345 1113 5424 κεχαριτωμένη,
1186 5344 1364 5421 ὥσπερ
1421 5343 1725 5421 ἑρμηνεύων
1764 5342 1945 5421 φησίνο

309 5430 465 5509 Εὗρες
525 5433 625 5511 γὰρ
695 5433 857 5512 χάριν
916 5433 1141 5490 ἐνώπιον
1211 5439 1303 5489 τοῦ
1337 5439 1488 5489 Θεοῦ·
1526 5439 1678 5488 τοῦτο
1707 5431 1809 5508 γὰρ
1838 5428 1949 5485 ἑστι

2041 4714 2223 4781 tione.
2259 4715 2589 4795 qualisnam
2616 4725 2793 4789 esset,
2834 4735 2969 4777 num
2996 4715 3253 4778 absurda
3277 4723 3334 4776 et
3366 4714 3682 4797 procatrix,

2039 4822 2105 4864 ac
2135 4804 2323 4883 qualis
2384 4805 2490 4865 viri
2548 4806 2617 4865 al
2674 4807 2952 4885 puellam,
2988 4825 3060 4867 an
3086 4805 3317 4865 divina:
3350 4806 3486 4885 quia
3509 4804 3687 4866 etliei

2039 4893 2261 4955 mentio
2294 4893 2446 4954 inter
2477 4894 2849 4956 salutandum
2881 4895 3193 4969 iacta,cum
3219 4894 3541 4966 diceretur,
3568 4895 3687 4956 Βο-

2039 4982 2731 5045 minustecumJ‘rimum
2747 4992 2941 5045 autem
2961 4984 3157 5045 timorc
3175 5000 3279 5046 ma
3299 4983 3477 5045 corde
3502 4982 3689 5062 ipsius

2036 5071 2291 5150 repellit.
2323 5082 2385 5131 ut
2429 5073 2483 5132 in
2513 5073 2713 5151 quiete
2743 5072 3066 5134 constituta
3117 5074 3381 5134 divinum
3435 5090 3687 5149 respon-

2034 5179 2163 5221 sum
2196 5161 2451 5240 accipiat
2509 5162 2714 5240 Neque
2759 5162 2919 5221 enim
2974 5162 3100 5223 ﬁeri
3148 5170 3337 5241 potest
3370 5170 3427 5222 ut
3462 5161 3689 5220 turbata

2033 5250 2349 5328 diligenter
2367 5250 2571 5310 audiat
2600 5270 2732 5330 quae
2758 5259 3037 5312 eventura
3060 5264 3197 5312 sum
3214 5250 3417 5312 .Porro
3453 5250 3507 5309 id
3533 5251 3687 5330 quod

2032 5357 2213 5419 supra
2240 5338 2869 5419 dixit,gr.itiosa,quasi
2898 5340 3297 5419 interpretans
3326 5339 3488 5401 dicit:
3514 5337 3684 5400 luve-

2040 5426 2174 5487 nisti
2207 5427 2367 5489 enim
2397 5428 2645 5507 gratiam
2680 5447 2877 5489 coram
2909 5428 3181 5489 Domino.
3231 5428 3353 5490 Hoc
3386 5428 3546 5489 enim
3598 5436 3687 5488 est
3722 5422 3729 5429 ’

302 5520 364 5575 τὸ
424 5524 842 5600 κεχαριτιῖηθαι,
900 5523 960 5577 τὸ
1038 5523 1209 5601 εὑρεῖν
1260 5522 1419 5601 χάριν
1475 5522 1609 5601 περά
1663 5528 1739 5593 τῷ
1810 5526 1949 5594 Θεῷ,

2049 5516 2357 5595 gratiosam
2380 5517 2632 5597 esse,vel
2657 5517 3230 5599 gratiﬁcatam,quod
3254 5517 3545 5580 invenerit
3563 5535 3689 5595 gra-

302 5607 591 5683 τουτέστιν,
664 5609 846 5687 ἀρέσαι
905 5611 1039 5684 eap-
1106 5608 1239 5666 ἀλλά
1272 5617 1425 5667 τοῦτο
1456 5609 1551 5682 μὲν
1581 5608 1756 5666 κοινόν
1814 5606 1954 5665 πολ-

2049 5606 2180 5666 tiam
2215 5605 2367 5685 apud
2427 5609 2637 5683 Deum,
2670 5608 2781 5668 hoc
2812 5615 2925 5682 est,
2960 5607 3245 5688 placuerit
3285 5607 3403 5669 Deo
3470 5604 3685 5667 Verum

332 5760 342 5766 '
379 5737 432 5786 6⁸
462 5741 612 5802 Gen.
654 5756 739 5816 ιιι,
776 5742 876 5805 16.
