  <div class='ocr_page' id='page_1' title='image "/cluster/home/n/w/nwhite01/storage/ocr_20150623/123/mdp.39015009359079/361.png"; bbox 0 0 4154 6298; ppageno 0'>
   <div class='ocr_carea' id='block_1_1' title="bbox 485 175 598 242">
    <p class='ocr_par' dir='ltr' id='par_1_1' title="bbox 485 175 598 242">
     <span class='ocr_line' id='line_1_1' title="bbox 485 175 598 242; baseline 0.053 -5"><span class='ocrx_word' id='word_1_1' title='bbox 485 175 598 242; x_wconf 84' lang='grc'><strong>707</strong></span> 
     </span>
    </p>
   </div>
   <div class='ocr_carea' id='block_1_2' title="bbox 1452 171 2901 245">
    <p class='ocr_par' dir='ltr' id='par_1_2' title="bbox 1452 171 2901 245">
     <span class='ocr_line' id='line_1_2' title="bbox 1452 171 2901 245; baseline -0.001 0"><span class='ocrx_word' id='word_1_2' title='bbox 1452 180 2049 245; x_wconf 85' lang='lat' dir='ltr'><strong>THEOPHYLACTI</strong></span> <span class='ocrx_word' id='word_1_3' title='bbox 2096 171 2509 240; x_wconf 73' lang='lat' dir='ltr'><strong>BULGARUE</strong></span> <span class='ocrx_word' id='word_1_4' title='bbox 2549 178 2901 244; x_wconf 83' lang='lat' dir='ltr'><strong>ARCHIEP.</strong></span> 
     </span>
    </p>
   </div>
   <div class='ocr_carea' id='block_1_3' title="bbox 3834 176 3950 241">
    <p class='ocr_par' dir='ltr' id='par_1_3' title="bbox 3834 176 3950 241">
     <span class='ocr_line' id='line_1_3' title="bbox 3834 176 3950 241; baseline -0.034 0"><span class='ocrx_word' id='word_1_5' title='bbox 3834 176 3950 241; x_wconf 83' lang='lat'><strong>708</strong></span> 
     </span>
    </p>
   </div>
   <div class='ocr_carea' id='block_1_4' title="bbox 487 307 2134 395">
    <p class='ocr_par' dir='ltr' id='par_1_4' title="bbox 487 313 2133 391">
     <span class='ocr_line' id='line_1_4' title="bbox 487 313 2133 391; baseline -0.002 -18"><span class='ocrx_word' id='word_1_6' title='bbox 487 332 656 389; x_wconf 84' lang='lat' dir='ltr'><strong>uxor,</strong></span> <span class='ocrx_word' id='word_1_7' title='bbox 706 314 1011 376; x_wconf 86' lang='lat' dir='ltr'><strong>Elisabeth</strong></span> <span class='ocrx_word' id='word_1_8' title='bbox 1062 313 1239 376; x_wconf 89' lang='lat' dir='ltr'><strong>etiam</strong></span> <span class='ocrx_word' id='word_1_9' title='bbox 1289 314 1588 375; x_wconf 64' lang='lat' dir='ltr'><strong>Zachariae</strong></span> <span class='ocrx_word' id='word_1_10' title='bbox 1629 331 1797 387; x_wconf 81' lang='lat' dir='ltr'><strong>uxor,</strong></span> <span class='ocrx_word' id='word_1_11' title='bbox 1862 322 2133 391; x_wconf 80' lang='lat' dir='ltr'><strong>tanquam</strong></span> 
     </span>
    </p>
   </div>
   <div class='ocr_carea' id='block_1_5' title="bbox 2221 307 3935 395">
    <p class='ocr_par' dir='ltr' id='par_1_5' title="bbox 2221 307 3935 395">
     <span class='ocr_line' id='line_1_5' title="bbox 2221 307 3935 395; baseline 0.003 -31"><span class='ocrx_word' id='word_1_12' title='bbox 2221 315 2311 365; x_wconf 76' lang='grc' dir='ltr'>τοῦ</span> <span class='ocrx_word' id='word_1_13' title='bbox 2382 307 2588 388; x_wconf 85' lang='grc' dir='ltr'>Ἀαρὼν</span> <span class='ocrx_word' id='word_1_14' title='bbox 2649 310 2800 389; x_wconf 74' lang='grc' dir='ltr'>γυνὴ,</span> <span class='ocrx_word' id='word_1_15' title='bbox 2863 312 2923 370; x_wconf 74' lang='grc' dir='ltr'>ἐκ</span> <span class='ocrx_word' id='word_1_16' title='bbox 2980 314 3077 383; x_wconf 75' lang='grc' dir='ltr'><strong>τῆς</strong></span> <span class='ocrx_word' id='word_1_17' title='bbox 3121 314 3291 373; x_wconf 82' lang='grc' dir='ltr'>Ἰούδα</span> <span class='ocrx_word' id='word_1_18' title='bbox 3348 318 3531 395; x_wconf 73' lang='grc' dir='ltr'>φυλῆς</span> <span class='ocrx_word' id='word_1_19' title='bbox 3570 320 3688 395; x_wconf 66' lang='grc' dir='ltr'>ἦν,</span> <span class='ocrx_word' id='word_1_20' title='bbox 3730 315 3935 371; x_wconf 81' lang='grc' dir='ltr'>Σκόπει</span> 
     </span>
    </p>
   </div>
   <div class='ocr_carea' id='block_1_6' title="bbox 487 401 2137 484">
    <p class='ocr_par' dir='ltr' id='par_1_6' title="bbox 487 401 2137 484">
     <span class='ocr_line' id='line_1_6' title="bbox 487 401 2137 484; baseline 0.001 -22"><span class='ocrx_word' id='word_1_21' title='bbox 487 418 555 462; x_wconf 81' lang='lat' dir='ltr'><strong>ex</strong></span> <span class='ocrx_word' id='word_1_22' title='bbox 588 401 687 463; x_wconf 94' lang='lat' dir='ltr'><strong>illa</strong></span> <span class='ocrx_word' id='word_1_23' title='bbox 714 401 1233 465; x_wconf 76' lang='lat' dir='ltr'><strong>descendens.Sed</strong></span> <span class='ocrx_word' id='word_1_24' title='bbox 1264 402 1569 465; x_wconf 85' lang='lat' dir='ltr'><strong>videamus</strong></span> <span class='ocrx_word' id='word_1_25' title='bbox 1590 403 1733 484; x_wconf 92' lang='lat' dir='ltr'><strong>quid</strong></span> <span class='ocrx_word' id='word_1_26' title='bbox 1756 402 1913 463; x_wconf 88' lang='lat' dir='ltr'><strong>dicat</strong></span> <span class='ocrx_word' id='word_1_27' title='bbox 1935 401 2137 479; x_wconf 85' lang='lat' dir='ltr'><strong>Virgo:</strong></span> 
     </span>
    </p>
   </div>
   <div class='ocr_carea' id='block_1_7' title="bbox 493 490 2135 570">
    <p class='ocr_par' dir='ltr' id='par_1_7' title="bbox 493 490 2135 570">
     <span class='ocr_line' id='line_1_7' title="bbox 493 490 2135 570; baseline -0.002 -17"><span class='ocrx_word' id='word_1_28' title='bbox 493 518 516 545; x_wconf 79' lang='grc' dir='ltr'><strong>ι</strong></span> <span class='ocrx_word' id='word_1_29' title='bbox 557 495 706 554; x_wconf 80' lang='lat' dir='ltr'><strong>Ecce</strong></span> <span class='ocrx_word' id='word_1_30' title='bbox 734 491 952 553; x_wconf 85' lang='lat' dir='ltr'><strong>ancilla</strong></span> <span class='ocrx_word' id='word_1_31' title='bbox 1008 490 1267 570; x_wconf 86' lang='lat' dir='ltr'><strong>Domini,</strong></span> <span class='ocrx_word' id='word_1_32' title='bbox 1304 493 1400 552; x_wconf 87' lang='lat' dir='ltr'><strong>ﬁat</strong></span> <span class='ocrx_word' id='word_1_33' title='bbox 1432 492 1573 552; x_wconf 91' lang='lat' dir='ltr'><strong>mihi</strong></span> <span class='ocrx_word' id='word_1_34' title='bbox 1617 491 1943 553; x_wconf 66' lang='lat' dir='ltr'><strong>Secundum</strong></span> <span class='ocrx_word' id='word_1_35' title='bbox 1995 507 2135 551; x_wconf 82' lang='lat' dir='ltr'><strong>ver—</strong></span> 
     </span>
    </p>
   </div>
   <div class='ocr_carea' id='block_1_8' title="bbox 486 578 2139 660">
    <p class='ocr_par' dir='ltr' id='par_1_8' title="bbox 486 578 2139 660">
     <span class='ocr_line' id='line_1_8' title="bbox 486 578 2139 660; baseline -0.002 -19"><span class='ocrx_word' id='word_1_36' title='bbox 486 580 623 641; x_wconf 87' lang='lat' dir='ltr'><strong>bum</strong></span> <span class='ocrx_word' id='word_1_37' title='bbox 658 591 841 640; x_wconf 91' lang='lat' dir='ltr'><strong>tuum.</strong></span> <span class='ocrx_word' id='word_1_38' title='bbox 884 605 910 636; x_wconf 79' lang='grc'><strong>»</strong></span> <span class='ocrx_word' id='word_1_39' title='bbox 949 579 1180 641; x_wconf 83' lang='lat' dir='ltr'><strong>Tabula</strong></span> <span class='ocrx_word' id='word_1_40' title='bbox 1211 597 1340 639; x_wconf 91' lang='lat' dir='ltr'><strong>sum</strong></span> <span class='ocrx_word' id='word_1_41' title='bbox 1397 580 1667 660; x_wconf 83' lang='lat' dir='ltr'><strong>pictoria,</strong></span> <span class='ocrx_word' id='word_1_42' title='bbox 1703 579 1902 660; x_wconf 79' lang='lat' dir='ltr'><strong>pingat</strong></span> <span class='ocrx_word' id='word_1_43' title='bbox 1949 578 2139 659; x_wconf 73' lang='lat' dir='ltr'><strong>pictor</strong></span> 
     </span>
    </p>
   </div>
   <div class='ocr_carea' id='block_1_9' title="bbox 484 667 2136 749">
    <p class='ocr_par' dir='ltr' id='par_1_9' title="bbox 484 667 2136 749">
     <span class='ocr_line' id='line_1_9' title="bbox 484 667 2136 749; baseline -0.001 -21"><span class='ocrx_word' id='word_1_44' title='bbox 484 669 639 749; x_wconf 87' lang='lat' dir='ltr'><strong>quod</strong></span> <span class='ocrx_word' id='word_1_45' title='bbox 672 669 941 748; x_wconf 85' lang='lat' dir='ltr'><strong>voluerit,</strong></span> <span class='ocrx_word' id='word_1_46' title='bbox 982 668 1157 728; x_wconf 60' lang='lat' dir='ltr'><strong>ficiat</strong></span> <span class='ocrx_word' id='word_1_47' title='bbox 1191 670 1345 729; x_wconf 86' lang='lat' dir='ltr'><strong>Deus</strong></span> <span class='ocrx_word' id='word_1_48' title='bbox 1376 669 1531 746; x_wconf 91' lang='lat' dir='ltr'><strong>quod</strong></span> <span class='ocrx_word' id='word_1_49' title='bbox 1568 669 1815 729; x_wconf 88' lang='lat' dir='ltr'><strong>voluerit</strong></span> <span class='ocrx_word' id='word_1_50' title='bbox 1846 670 2038 747; x_wconf 83' lang='lat' dir='ltr'><strong>Atque</strong></span> <span class='ocrx_word' id='word_1_51' title='bbox 2058 667 2136 727; x_wconf 92' lang='lat' dir='ltr'><strong>ita</strong></span> 
     </span>
    </p>
   </div>
   <div class='ocr_carea' id='block_1_10' title="bbox 486 758 2132 839">
    <p class='ocr_par' dir='ltr' id='par_1_10' title="bbox 486 758 2132 839">
     <span class='ocr_line' id='line_1_10' title="bbox 486 758 2132 839; baseline -0.001 -21"><span class='ocrx_word' id='word_1_52' title='bbox 486 759 841 838; x_wconf 86' lang='lat' dir='ltr'><strong>etiamquod</strong></span> <span class='ocrx_word' id='word_1_53' title='bbox 877 760 1036 839; x_wconf 87' lang='lat' dir='ltr'><strong>prius</strong></span> <span class='ocrx_word' id='word_1_54' title='bbox 1066 760 1293 818; x_wconf 75' lang='lat' dir='ltr'><strong>dixerat</strong></span> <span class='ocrx_word' id='word_1_55' title='bbox 1331 777 1345 821; x_wconf 90' lang='lat'>:</span> <span class='ocrx_word' id='word_1_56' title='bbox 1380 759 1689 830; x_wconf 85' lang='lat' dir='ltr'><strong>Quomodo</strong></span> <span class='ocrx_word' id='word_1_57' title='bbox 1716 758 1831 819; x_wconf 91' lang='lat' dir='ltr'><strong>erit</strong></span> <span class='ocrx_word' id='word_1_58' title='bbox 1856 758 2132 818; x_wconf 72' lang='lat' dir='ltr'><strong>liocYnou</strong></span> 
     </span>
    </p>
   </div>
   <div class='ocr_carea' id='block_1_11' title="bbox 489 844 2129 925">
    <p class='ocr_par' dir='ltr' id='par_1_11' title="bbox 489 844 2129 925">
     <span class='ocr_line' id='line_1_11' title="bbox 489 844 2129 925; baseline 0.001 -17"><span class='ocrx_word' id='word_1_59' title='bbox 489 847 592 908; x_wconf 81' lang='lat' dir='ltr'><strong>fuit</strong></span> <span class='ocrx_word' id='word_1_60' title='bbox 613 846 1173 925; x_wconf 70' lang='lat' dir='ltr'><strong>incredulitatis,svd</strong></span> <span class='ocrx_word' id='word_1_61' title='bbox 1199 845 1482 906; x_wconf 86' lang='lat' dir='ltr'><strong>desiderii</strong></span> <span class='ocrx_word' id='word_1_62' title='bbox 1499 845 1841 906; x_wconf 89' lang='lat' dir='ltr'><strong>addiscendi</strong></span> <span class='ocrx_word' id='word_1_63' title='bbox 1864 844 2129 909; x_wconf 89' lang='lat' dir='ltr'><strong>modum.</strong></span> 
     </span>
    </p>
   </div>
   <div class='ocr_carea' id='block_1_12' title="bbox 480 931 2132 1015">
    <p class='ocr_par' dir='ltr' id='par_1_12' title="bbox 480 931 2132 1015">
     <span class='ocr_line' id='line_1_12' title="bbox 480 931 2132 1015; baseline -0.002 -16"><span class='ocrx_word' id='word_1_64' title='bbox 480 938 627 999; x_wconf 88' lang='lat' dir='ltr'><strong>Nam</strong></span> <span class='ocrx_word' id='word_1_65' title='bbox 662 937 710 997; x_wconf 89' lang='lat' dir='ltr'><strong>si</strong></span> <span class='ocrx_word' id='word_1_66' title='bbox 739 935 1561 1015; x_wconf 82' lang='lat' dir='ltr'><strong>discredidisset,neutiquam</strong></span> <span class='ocrx_word' id='word_1_67' title='bbox 1596 935 1841 995; x_wconf 82' lang='lat' dir='ltr'><strong>dixisset</strong></span> <span class='ocrx_word' id='word_1_68' title='bbox 1871 954 1885 993; x_wconf 93' lang='lat'><strong>:</strong></span> <span class='ocrx_word' id='word_1_69' title='bbox 1925 955 1952 992; x_wconf 72' lang='grc' dir='ltr'><strong>ι</strong></span> <span class='ocrx_word' id='word_1_70' title='bbox 1981 931 2132 995; x_wconf 86' lang='lat' dir='ltr'><strong>Ecce</strong></span> 
     </span>
    </p>
   </div>
   <div class='ocr_carea' id='block_1_13' title="bbox 481 1023 2126 1099">
    <p class='ocr_par' dir='ltr' id='par_1_13' title="bbox 481 1023 2126 1099">
     <span class='ocr_line' id='line_1_13' title="bbox 481 1023 2126 1099; baseline -0.005 -11"><span class='ocrx_word' id='word_1_71' title='bbox 481 1026 695 1088; x_wconf 85' lang='lat' dir='ltr'><strong>ancilla</strong></span> <span class='ocrx_word' id='word_1_72' title='bbox 727 1024 1090 1099; x_wconf 88' lang='lat' dir='ltr'><strong>Domini,ﬁat</strong></span> <span class='ocrx_word' id='word_1_73' title='bbox 1116 1025 1259 1086; x_wconf 91' lang='lat' dir='ltr'><strong>mihi</strong></span> <span class='ocrx_word' id='word_1_74' title='bbox 1284 1024 1611 1086; x_wconf 87' lang='lat' dir='ltr'><strong>secundum</strong></span> <span class='ocrx_word' id='word_1_75' title='bbox 1633 1023 1876 1085; x_wconf 85' lang='lat' dir='ltr'><strong>verbum</strong></span> <span class='ocrx_word' id='word_1_76' title='bbox 1898 1032 2126 1087; x_wconf 68' lang='lat' dir='ltr'><strong>tuum.»</strong></span> 
     </span>
    </p>
   </div>
   <div class='ocr_carea' id='block_1_14' title="bbox 2224 394 3937 483">
    <p class='ocr_par' dir='ltr' id='par_1_14' title="bbox 2224 394 3937 483">
     <span class='ocr_line' id='line_1_14' title="bbox 2224 394 3937 483; baseline 0.004 -31"><span class='ocrx_word' id='word_1_77' title='bbox 2224 394 2279 452; x_wconf 79' lang='grc' dir='ltr'><strong>δὲ</strong></span> <span class='ocrx_word' id='word_1_78' title='bbox 2330 398 2418 453; x_wconf 84' lang='grc' dir='ltr'><strong>καὶ</strong></span> <span class='ocrx_word' id='word_1_79' title='bbox 2473 400 2533 455; x_wconf 78' lang='grc' dir='ltr'><strong>τὸ</strong></span> <span class='ocrx_word' id='word_1_80' title='bbox 2581 404 2679 467; x_wconf 80' lang='grc' dir='ltr'><strong>τῆς</strong></span> <span class='ocrx_word' id='word_1_81' title='bbox 2748 404 3055 481; x_wconf 79' lang='grc' dir='ltr'><strong>συγγενείας</strong></span> <span class='ocrx_word' id='word_1_82' title='bbox 3112 403 3623 483; x_wconf 76' lang='grc' dir='ltr'>παρακολούθημα·</span> <span class='ocrx_word' id='word_1_83' title='bbox 3670 394 3937 462; x_wconf 13' lang='grc' dir='ltr'><strong>νἘλισᾶ-</strong></span> 
     </span>
    </p>
   </div>
   <div class='ocr_carea' id='block_1_15' title="bbox 2221 483 3936 576">
    <p class='ocr_par' dir='ltr' id='par_1_15' title="bbox 2221 483 3936 576">
     <span class='ocr_line' id='line_1_15' title="bbox 2221 483 3936 576; baseline 0.003 -34"><span class='ocrx_word' id='word_1_84' title='bbox 2221 483 2348 576; x_wconf 78' lang='grc' dir='ltr'>ϐετ,</span> <span class='ocrx_word' id='word_1_85' title='bbox 2408 488 2443 555; x_wconf 83' lang='grc' dir='ltr'>ἡ</span> <span class='ocrx_word' id='word_1_86' title='bbox 2504 490 2597 544; x_wconf 82' lang='grc' dir='ltr'>τοῦ</span> <span class='ocrx_word' id='word_1_87' title='bbox 2652 485 2863 576; x_wconf 48' lang='grc' dir='ltr'>έΑαρὼν</span> <span class='ocrx_word' id='word_1_88' title='bbox 2933 493 3090 571; x_wconf 73' lang='grc' dir='ltr'>γυνὴο</span> <span class='ocrx_word' id='word_1_89' title='bbox 3155 491 3571 576; x_wconf 76' lang='grc' dir='ltr'>Ελισᾶεετ,καὶ</span> <span class='ocrx_word' id='word_1_90' title='bbox 3607 495 3652 562; x_wconf 77' lang='grc' dir='ltr'><strong>ἡ</strong></span> <span class='ocrx_word' id='word_1_91' title='bbox 3707 502 3812 551; x_wconf 80' lang='grc' dir='ltr'>τοῦ</span> <span class='ocrx_word' id='word_1_92' title='bbox 3840 498 3936 547; x_wconf 83' lang='grc' dir='ltr'><strong>Ζα-</strong></span> 
     </span>
    </p>
   </div>
   <div class='ocr_carea' id='block_1_16' title="bbox 2220 575 3932 661">
    <p class='ocr_par' dir='ltr' id='par_1_16' title="bbox 2220 575 3932 661">
     <span class='ocr_line' id='line_1_16' title="bbox 2220 575 3932 661; baseline -0.007 -14"><span class='ocrx_word' id='word_1_93' title='bbox 2220 575 2433 657; x_wconf 71' lang='grc' dir='ltr'>χαρίου,</span> <span class='ocrx_word' id='word_1_94' title='bbox 2494 578 2569 643; x_wconf 80' lang='grc' dir='ltr'><strong>ὡς</strong></span> <span class='ocrx_word' id='word_1_95' title='bbox 2628 575 2681 644; x_wconf 63' lang='lat' dir='ltr'>EE</span> <span class='ocrx_word' id='word_1_96' title='bbox 2738 578 2948 648; x_wconf 68' lang='grc' dir='ltr'>ἓκείνης</span> <span class='ocrx_word' id='word_1_97' title='bbox 3000 583 3368 661; x_wconf 83' lang='grc' dir='ltr'>καταγομένη,</span> <span class='ocrx_word' id='word_1_98' title='bbox 3404 575 3569 641; x_wconf 76' lang='grc' dir='ltr'>Ἀλλ’</span> <span class='ocrx_word' id='word_1_99' title='bbox 3628 579 3860 657; x_wconf 73' lang='grc' dir='ltr'>ἴδωμεν</span> <span class='ocrx_word' id='word_1_100' title='bbox 3887 582 3932 635; x_wconf 83' lang='grc' dir='ltr'><strong>τί</strong></span> 
     </span>
    </p>
   </div>
   <div class='ocr_carea' id='block_1_17' title="bbox 2218 667 3921 751">
    <p class='ocr_par' dir='ltr' id='par_1_17' title="bbox 2218 667 3921 751">
     <span class='ocr_line' id='line_1_17' title="bbox 2218 667 3921 751; baseline -0.004 -20"><span class='ocrx_word' id='word_1_101' title='bbox 2218 686 2379 742; x_wconf 77' lang='grc' dir='ltr'>φησιν</span> <span class='ocrx_word' id='word_1_102' title='bbox 2437 667 2472 734; x_wconf 77' lang='grc' dir='ltr'><strong>ἦ</strong></span> <span class='ocrx_word' id='word_1_103' title='bbox 2543 667 2825 747; x_wconf 64' lang='grc' dir='ltr'>Πϊρθένος⁶</span> <span class='ocrx_word' id='word_1_104' title='bbox 2902 690 2926 725; x_wconf 72' lang='grc' dir='ltr'><strong>α</strong></span> <span class='ocrx_word' id='word_1_105' title='bbox 2987 669 3118 728; x_wconf 83' lang='grc' dir='ltr'>Ἰδοὺ</span> <span class='ocrx_word' id='word_1_106' title='bbox 3149 674 3183 740; x_wconf 82' lang='grc' dir='ltr'><strong>ἡ</strong></span> <span class='ocrx_word' id='word_1_107' title='bbox 3213 669 3375 740; x_wconf 82' lang='grc' dir='ltr'>δούλη</span> <span class='ocrx_word' id='word_1_108' title='bbox 3411 673 3647 751; x_wconf 77' lang='grc' dir='ltr'>Κυρίου,</span> <span class='ocrx_word' id='word_1_109' title='bbox 3707 669 3921 751; x_wconf 80' lang='grc' dir='ltr'>γένοιτό</span> 
     </span>
    </p>
   </div>
   <div class='ocr_carea' id='block_1_18' title="bbox 2218 757 3920 842">
    <p class='ocr_par' dir='ltr' id='par_1_18' title="bbox 2218 757 3920 842">
     <span class='ocr_line' id='line_1_18' title="bbox 2218 757 3920 842; baseline 0.009 -34"><span class='ocrx_word' id='word_1_110' title='bbox 2218 776 2322 842; x_wconf 22' lang='grc' dir='ltr'>μοι,</span> <span class='ocrx_word' id='word_1_111' title='bbox 2365 757 2501 811; x_wconf 80' lang='grc' dir='ltr'>κατὰ</span> <span class='ocrx_word' id='word_1_112' title='bbox 2556 757 2615 813; x_wconf 87' lang='grc' dir='ltr'>τὸ</span> <span class='ocrx_word' id='word_1_113' title='bbox 2669 757 2817 835; x_wconf 80' lang='grc' dir='ltr'>ῥῆμά</span> <span class='ocrx_word' id='word_1_114' title='bbox 2874 780 2990 820; x_wconf 90' lang='grc' dir='ltr'>σου.</span> <span class='ocrx_word' id='word_1_115' title='bbox 3035 780 3059 818; x_wconf 76' lang='grc' dir='ltr'><strong>ε</strong></span> <span class='ocrx_word' id='word_1_116' title='bbox 3092 762 3250 827; x_wconf 78' lang='grc' dir='ltr'>Πίναξ</span> <span class='ocrx_word' id='word_1_117' title='bbox 3298 765 3405 839; x_wconf 84' lang='grc' dir='ltr'>εἰμὶ</span> <span class='ocrx_word' id='word_1_118' title='bbox 3455 758 3920 842; x_wconf 52' lang='grc' dir='ltr'>ζωγςκιφικότό</span> 
     </span>
    </p>
   </div>
   <div class='ocr_carea' id='block_1_19' title="bbox 2214 840 3912 929">
    <p class='ocr_par' dir='ltr' id='par_1_19' title="bbox 2214 840 3912 929">
     <span class='ocr_line' id='line_1_19' title="bbox 2214 840 3912 929; baseline 0.004 -31"><span class='ocrx_word' id='word_1_119' title='bbox 2214 840 2459 919; x_wconf 81' lang='grc' dir='ltr'>βούλεται</span> <span class='ocrx_word' id='word_1_120' title='bbox 2517 847 2545 901; x_wconf 87' lang='lat'><strong>6</strong></span> <span class='ocrx_word' id='word_1_121' title='bbox 2606 848 2864 927; x_wconf 76' lang='grc' dir='ltr'>γραφεὺς,</span> <span class='ocrx_word' id='word_1_122' title='bbox 2926 848 3196 929; x_wconf 60' lang='grc' dir='ltr'>γραφέτω</span> <span class='ocrx_word' id='word_1_123' title='bbox 3252 849 3280 907; x_wconf 75' lang='grc' dir='ltr'>ὅ</span> <span class='ocrx_word' id='word_1_124' title='bbox 3344 850 3509 929; x_wconf 79' lang='grc' dir='ltr'>θέλει,</span> <span class='ocrx_word' id='word_1_125' title='bbox 3554 840 3833 908; x_wconf 13' lang='grc' dir='ltr'>θλποιείτω</span> <span class='ocrx_word' id='word_1_126' title='bbox 3886 850 3912 905; x_wconf 79' lang='lat'><strong>6</strong></span> 
     </span>
    </p>
   </div>
   <div class='ocr_carea' id='block_1_20' title="bbox 2219 931 3911 1018">
    <p class='ocr_par' dir='ltr' id='par_1_20' title="bbox 2219 931 3911 1018">
     <span class='ocr_line' id='line_1_20' title="bbox 2219 931 3911 1018; baseline 0.003 -30"><span class='ocrx_word' id='word_1_127' title='bbox 2219 931 2429 1012; x_wconf 79' lang='grc' dir='ltr'>Κύριος⁶</span> <span class='ocrx_word' id='word_1_128' title='bbox 2488 933 2625 991; x_wconf 81' lang='grc' dir='ltr'>ὥστε</span> <span class='ocrx_word' id='word_1_129' title='bbox 2669 937 2757 992; x_wconf 86' lang='grc' dir='ltr'>καὶ</span> <span class='ocrx_word' id='word_1_130' title='bbox 2808 934 2837 991; x_wconf 77' lang='grc' dir='ltr'>ὅ</span> <span class='ocrx_word' id='word_1_131' title='bbox 2894 936 3020 995; x_wconf 76' lang='grc' dir='ltr'>εἷπε</span> <span class='ocrx_word' id='word_1_132' title='bbox 3069 939 3349 1018; x_wconf 83' lang='grc' dir='ltr'>πρότερον,</span> <span class='ocrx_word' id='word_1_133' title='bbox 3396 945 3522 1006; x_wconf 82' lang='grc' dir='ltr'>Πῶς</span> <span class='ocrx_word' id='word_1_134' title='bbox 3580 938 3759 997; x_wconf 70' lang='grc' dir='ltr'>ἔσται</span> <span class='ocrx_word' id='word_1_135' title='bbox 3825 958 3911 1013; x_wconf 87' lang='grc' dir='ltr'><strong>μοι</strong></span> 
     </span>
    </p>
   </div>
   <div class='ocr_carea' id='block_1_21' title="bbox 2214 1024 3907 1108">
    <p class='ocr_par' dir='ltr' id='par_1_21' title="bbox 2214 1024 3907 1108">
     <span class='ocr_line' id='line_1_21' title="bbox 2214 1024 3907 1108; baseline 0.004 -32"><span class='ocrx_word' id='word_1_136' title='bbox 2214 1028 2367 1078; x_wconf 85' lang='grc' dir='ltr'>τοῦτο</span> <span class='ocrx_word' id='word_1_137' title='bbox 2402 1044 2418 1098; x_wconf 87' lang='grc'>;</span> <span class='ocrx_word' id='word_1_138' title='bbox 2482 1026 2577 1083; x_wconf 75' lang='grc' dir='ltr'><strong>οὐκ</strong></span> <span class='ocrx_word' id='word_1_139' title='bbox 2633 1024 2880 1093; x_wconf 76' lang='grc' dir='ltr'><strong>ἀπιστίας</strong></span> <span class='ocrx_word' id='word_1_140' title='bbox 2955 1026 3043 1103; x_wconf 73' lang='grc' dir='ltr'><strong>ἧν,</strong></span> <span class='ocrx_word' id='word_1_141' title='bbox 3096 1027 3218 1085; x_wconf 84' lang='grc' dir='ltr'>ἀλλ’</span> <span class='ocrx_word' id='word_1_142' title='bbox 3246 1028 3524 1108; x_wconf 70' lang='grc' dir='ltr'><strong>ἐπιθυμίας</strong></span> <span class='ocrx_word' id='word_1_143' title='bbox 3554 1035 3671 1087; x_wconf 79' lang='grc' dir='ltr'><strong>τοῦ</strong></span> <span class='ocrx_word' id='word_1_144' title='bbox 3711 1030 3907 1105; x_wconf 77' lang='grc' dir='ltr'>μαθεῖν</span> 
     </span>
    </p>
   </div>
   <div class='ocr_carea' id='block_1_22' title="bbox 488 1112 2134 1199">
    <p class='ocr_par' dir='ltr' id='par_1_22' title="bbox 488 1113 2126 1194">
     <span class='ocr_line' id='line_1_22' title="bbox 488 1113 2126 1194; baseline -0.003 -16"><span class='ocrx_word' id='word_1_145' title='bbox 488 1118 656 1179; x_wconf 85' lang='lat' dir='ltr'><strong>Disce</strong></span> <span class='ocrx_word' id='word_1_146' title='bbox 705 1122 901 1176; x_wconf 91' lang='lat' dir='ltr'><strong>autem</strong></span> <span class='ocrx_word' id='word_1_147' title='bbox 959 1113 1114 1193; x_wconf 92' lang='lat' dir='ltr'><strong>quod</strong></span> <span class='ocrx_word' id='word_1_148' title='bbox 1166 1113 1426 1194; x_wconf 85' lang='lat' dir='ltr'><strong>Gabriel,</strong></span> <span class='ocrx_word' id='word_1_149' title='bbox 1463 1114 1646 1194; x_wconf 90' lang='lat' dir='ltr'><strong>siquis</strong></span> <span class='ocrx_word' id='word_1_150' title='bbox 1686 1114 2126 1193; x_wconf 84' lang='lat' dir='ltr'><strong>interpretatur,</strong></span> 
     </span>
    </p>
   </div>
   <div class='ocr_carea' id='block_1_23' title="bbox 2221 1112 3906 1199">
    <p class='ocr_par' dir='ltr' id='par_1_23' title="bbox 2221 1112 3906 1199">
     <span class='ocr_line' id='line_1_23' title="bbox 2221 1112 3906 1199; baseline 0.005 -33"><span class='ocrx_word' id='word_1_151' title='bbox 2221 1112 2304 1199; x_wconf 74' lang='grc' dir='ltr'><strong>τὸν</strong></span> <span class='ocrx_word' id='word_1_152' title='bbox 2368 1114 2589 1190; x_wconf 82' lang='grc' dir='ltr'>τρόπον’</span> <span class='ocrx_word' id='word_1_153' title='bbox 2649 1116 2694 1171; x_wconf 81' lang='grc' dir='ltr'><strong>εί</strong></span> <span class='ocrx_word' id='word_1_154' title='bbox 2753 1116 2853 1195; x_wconf 78' lang='grc' dir='ltr'><strong>γὰρ</strong></span> <span class='ocrx_word' id='word_1_155' title='bbox 2909 1116 3146 1199; x_wconf 77' lang='grc' dir='ltr'>ἠπίστει,</span> <span class='ocrx_word' id='word_1_156' title='bbox 3182 1119 3278 1175; x_wconf 74' lang='grc' dir='ltr'>οὒκ</span> <span class='ocrx_word' id='word_1_157' title='bbox 3310 1116 3372 1176; x_wconf 70' lang='grc' dir='ltr'><strong>ἄν</strong></span> <span class='ocrx_word' id='word_1_158' title='bbox 3403 1119 3591 1182; x_wconf 77' lang='grc' dir='ltr'>εἶπεν.</span> <span class='ocrx_word' id='word_1_159' title='bbox 3630 1139 3661 1173; x_wconf 78' lang='grc' dir='ltr'><strong>σ</strong></span> <span class='ocrx_word' id='word_1_160' title='bbox 3704 1115 3906 1182; x_wconf 50' lang='grc' dir='ltr'><strong>ἰδούνῆ</strong></span> 
     </span>
    </p>
   </div>
   <div class='ocr_carea' id='block_1_24' title="bbox 485 1202 2132 1284">
    <p class='ocr_par' dir='ltr' id='par_1_24' title="bbox 485 1202 2132 1284">
     <span class='ocr_line' id='line_1_24' title="bbox 485 1202 2132 1284; baseline 0 -19"><span class='ocrx_word' id='word_1_161' title='bbox 485 1206 642 1267; x_wconf 83' lang='lat' dir='ltr'><strong>idem</strong></span> <span class='ocrx_word' id='word_1_162' title='bbox 676 1213 765 1265; x_wconf 84' lang='lat' dir='ltr'><strong>est</strong></span> <span class='ocrx_word' id='word_1_163' title='bbox 791 1204 947 1284; x_wconf 80' lang='lat' dir='ltr'><strong>quod</strong></span> <span class='ocrx_word' id='word_1_164' title='bbox 981 1204 1157 1265; x_wconf 87' lang='lat' dir='ltr'><strong>homo</strong></span> <span class='ocrx_word' id='word_1_165' title='bbox 1204 1204 1385 1265; x_wconf 87' lang='lat' dir='ltr'><strong>Deus.</strong></span> <span class='ocrx_word' id='word_1_166' title='bbox 1444 1204 1625 1265; x_wconf 84' lang='lat' dir='ltr'><strong>Maria</strong></span> <span class='ocrx_word' id='word_1_167' title='bbox 1672 1222 1834 1276; x_wconf 85' lang='lat' dir='ltr'><strong>vero,</strong></span> <span class='ocrx_word' id='word_1_168' title='bbox 1869 1202 2132 1277; x_wconf 90' lang='lat' dir='ltr'><strong>domina,</strong></span> 
     </span>
    </p>
   </div>
   <div class='ocr_carea' id='block_1_25' title="bbox 484 1291 2138 1370">
    <p class='ocr_par' dir='ltr' id='par_1_25' title="bbox 484 1291 2138 1370">
     <span class='ocr_line' id='line_1_25' title="bbox 484 1291 2138 1370; baseline -0.002 -13"><span class='ocrx_word' id='word_1_169' title='bbox 484 1294 774 1356; x_wconf 85' lang='lat' dir='ltr'><strong>Nazareth</strong></span> <span class='ocrx_word' id='word_1_170' title='bbox 823 1302 1045 1364; x_wconf 86' lang='lat' dir='ltr'><strong>autem,</strong></span> <span class='ocrx_word' id='word_1_171' title='bbox 1082 1293 1501 1356; x_wconf 83' lang='lat' dir='ltr'><strong>sanctiﬁcatio.</strong></span> <span class='ocrx_word' id='word_1_172' title='bbox 1542 1294 1749 1355; x_wconf 82' lang='lat' dir='ltr'><strong>Merito</strong></span> <span class='ocrx_word' id='word_1_173' title='bbox 1800 1291 1979 1370; x_wconf 80' lang='lat' dir='ltr'><strong>igitur</strong></span> <span class='ocrx_word' id='word_1_174' title='bbox 2005 1311 2138 1353; x_wconf 89' lang='lat' dir='ltr'><strong>cum</strong></span> 
     </span>
    </p>
   </div>
   <div class='ocr_carea' id='block_1_26' title="bbox 486 1380 2140 1462">
    <p class='ocr_par' dir='ltr' id='par_1_26' title="bbox 486 1380 2140 1462">
     <span class='ocr_line' id='line_1_26' title="bbox 486 1380 2140 1462; baseline -0.001 -17"><span class='ocrx_word' id='word_1_175' title='bbox 486 1384 647 1448; x_wconf 90' lang='lat' dir='ltr'><strong>nasci</strong></span> <span class='ocrx_word' id='word_1_176' title='bbox 676 1382 858 1443; x_wconf 90' lang='lat' dir='ltr'><strong>voluit</strong></span> <span class='ocrx_word' id='word_1_177' title='bbox 886 1380 1044 1443; x_wconf 90' lang='lat' dir='ltr'><strong>Deus</strong></span> <span class='ocrx_word' id='word_1_178' title='bbox 1077 1383 1280 1455; x_wconf 89' lang='lat' dir='ltr'><strong>homo,</strong></span> <span class='ocrx_word' id='word_1_179' title='bbox 1331 1383 1546 1442; x_wconf 91' lang='lat' dir='ltr'><strong>missus</strong></span> <span class='ocrx_word' id='word_1_180' title='bbox 1595 1391 1683 1442; x_wconf 92' lang='lat' dir='ltr'><strong>est</strong></span> <span class='ocrx_word' id='word_1_181' title='bbox 1730 1381 1994 1462; x_wconf 86' lang='lat' dir='ltr'><strong>Gabriel,</strong></span> <span class='ocrx_word' id='word_1_182' title='bbox 2029 1382 2140 1444; x_wconf 93' lang='lat' dir='ltr'><strong>hoc</strong></span> 
     </span>
    </p>
   </div>
   <div class='ocr_carea' id='block_1_27' title="bbox 485 1470 2141 1546">
    <p class='ocr_par' dir='ltr' id='par_1_27' title="bbox 485 1470 2141 1546">
     <span class='ocr_line' id='line_1_27' title="bbox 485 1470 2141 1546; baseline 0.001 -12"><span class='ocrx_word' id='word_1_183' title='bbox 485 1483 570 1534; x_wconf 83' lang='lat' dir='ltr'><strong>est</strong></span> <span class='ocrx_word' id='word_1_184' title='bbox 602 1476 780 1533; x_wconf 82' lang='lat' dir='ltr'><strong>homo</strong></span> <span class='ocrx_word' id='word_1_185' title='bbox 812 1470 943 1534; x_wconf 90' lang='lat' dir='ltr'><strong>Dei.</strong></span> <span class='ocrx_word' id='word_1_186' title='bbox 972 1470 1084 1533; x_wconf 87' lang='lat' dir='ltr'><strong>Sed</strong></span> <span class='ocrx_word' id='word_1_187' title='bbox 1120 1472 1179 1532; x_wconf 90' lang='lat' dir='ltr'><strong>in</strong></span> <span class='ocrx_word' id='word_1_188' title='bbox 1203 1481 1406 1532; x_wconf 86' lang='lat' dir='ltr'><strong>sancto</strong></span> <span class='ocrx_word' id='word_1_189' title='bbox 1443 1472 1573 1533; x_wconf 87' lang='lat' dir='ltr'><strong>loco</strong></span> <span class='ocrx_word' id='word_1_190' title='bbox 1606 1472 1668 1531; x_wconf 88' lang='lat' dir='ltr'><strong>fit</strong></span> <span class='ocrx_word' id='word_1_191' title='bbox 1697 1472 1993 1546; x_wconf 90' lang='lat' dir='ltr'><strong>salutatio,</strong></span> <span class='ocrx_word' id='word_1_192' title='bbox 2024 1473 2141 1535; x_wconf 90' lang='lat' dir='ltr'><strong>hoc</strong></span> 
     </span>
    </p>
   </div>
   <div class='ocr_carea' id='block_1_28' title="bbox 2222 1198 3897 1287">
    <p class='ocr_par' dir='ltr' id='par_1_28' title="bbox 2222 1198 3897 1287">
     <span class='ocr_line' id='line_1_28' title="bbox 2222 1198 3897 1287; baseline 0.006 -31"><span class='ocrx_word' id='word_1_193' title='bbox 2222 1198 2386 1269; x_wconf 83' lang='grc' dir='ltr'><strong>δούλη</strong></span> <span class='ocrx_word' id='word_1_194' title='bbox 2448 1205 2657 1278; x_wconf 76' lang='grc' dir='ltr'>Κυρίου,</span> <span class='ocrx_word' id='word_1_195' title='bbox 2722 1207 2931 1284; x_wconf 83' lang='grc' dir='ltr'>γένοιτό</span> <span class='ocrx_word' id='word_1_196' title='bbox 2987 1231 3079 1283; x_wconf 89' lang='grc' dir='ltr'><strong>μοι</strong></span> <span class='ocrx_word' id='word_1_197' title='bbox 3131 1198 3287 1266; x_wconf 68' lang='grc' dir='ltr'>κατὰ</span> <span class='ocrx_word' id='word_1_198' title='bbox 3345 1210 3406 1268; x_wconf 77' lang='grc' dir='ltr'>τὸ</span> <span class='ocrx_word' id='word_1_199' title='bbox 3697 1229 3824 1265; x_wconf 85' lang='grc' dir='ltr'>σου.</span> <span class='ocrx_word' id='word_1_200' title='bbox 3874 1227 3897 1261; x_wconf 80' lang='grc' dir='ltr'><strong>Ι</strong></span> 
     </span>
    </p>
   </div>
   <div class='ocr_carea' id='block_1_29' title="bbox 2224 1290 3902 1378">
    <p class='ocr_par' dir='ltr' id='par_1_29' title="bbox 2224 1290 3902 1378">
     <span class='ocr_line' id='line_1_29' title="bbox 2224 1290 3902 1378; baseline 0.006 -32"><span class='ocrx_word' id='word_1_201' title='bbox 2224 1293 2463 1347; x_wconf 71' lang='grc' dir='ltr'>Μάνθανε</span> <span class='ocrx_word' id='word_1_202' title='bbox 2506 1290 2561 1348; x_wconf 75' lang='grc' dir='ltr'><strong>δὲ</strong></span> <span class='ocrx_word' id='word_1_203' title='bbox 2618 1292 2699 1349; x_wconf 82' lang='grc' dir='ltr'><strong>ὅτι</strong></span> <span class='ocrx_word' id='word_1_204' title='bbox 2774 1294 3008 1376; x_wconf 77' lang='grc' dir='ltr'>Γαϐριὴλ</span> <span class='ocrx_word' id='word_1_205' title='bbox 3058 1298 3155 1374; x_wconf 77' lang='grc' dir='ltr'>μὲν</span> <span class='ocrx_word' id='word_1_206' title='bbox 3187 1299 3560 1377; x_wconf 76' lang='grc' dir='ltr'>ἑρμηνεύεται,</span> <span class='ocrx_word' id='word_1_207' title='bbox 3606 1295 3902 1378; x_wconf 74' lang='grc' dir='ltr'>ἄνθρωπος</span> 
     </span>
    </p>
   </div>
   <div class='ocr_carea' id='block_1_30' title="bbox 2223 1380 3897 1469">
    <p class='ocr_par' dir='ltr' id='par_1_30' title="bbox 2223 1380 3897 1469">
     <span class='ocr_line' id='line_1_30' title="bbox 2223 1380 3897 1469; baseline 0.005 -34"><span class='ocrx_word' id='word_1_208' title='bbox 2223 1380 2377 1443; x_wconf 86' lang='grc' dir='ltr'>Θεός’</span> <span class='ocrx_word' id='word_1_209' title='bbox 2440 1383 2657 1458; x_wconf 77' lang='grc' dir='ltr'>Μαριὰμ</span> <span class='ocrx_word' id='word_1_210' title='bbox 2743 1383 2820 1465; x_wconf 70' lang='grc' dir='ltr'>δὲ,</span> <span class='ocrx_word' id='word_1_211' title='bbox 2923 1387 3096 1466; x_wconf 79' lang='grc' dir='ltr'>κυρία⁸</span> <span class='ocrx_word' id='word_1_212' title='bbox 3157 1389 3394 1466; x_wconf 75' lang='grc' dir='ltr'>Ναζαρὲτ</span> <span class='ocrx_word' id='word_1_213' title='bbox 3449 1387 3528 1469; x_wconf 76' lang='grc' dir='ltr'>δὲ,</span> <span class='ocrx_word' id='word_1_214' title='bbox 3586 1386 3897 1467; x_wconf 76' lang='grc' dir='ltr'>ἀγιασμός.</span> 
     </span>
    </p>
   </div>
   <div class='ocr_carea' id='block_1_31' title="bbox 2228 1469 3894 1556">
    <p class='ocr_par' dir='ltr' id='par_1_31' title="bbox 2228 1469 3894 1556">
     <span class='ocr_line' id='line_1_31' title="bbox 2228 1469 3894 1556; baseline 0.007 -29"><span class='ocrx_word' id='word_1_215' title='bbox 2228 1469 2461 1534; x_wconf 78' lang='grc' dir='ltr'><strong>Εἰκότως</strong></span> <span class='ocrx_word' id='word_1_216' title='bbox 2519 1470 2608 1527; x_wconf 81' lang='grc' dir='ltr'>οὖν</span> <span class='ocrx_word' id='word_1_217' title='bbox 2656 1471 2784 1541; x_wconf 79' lang='grc' dir='ltr'>ὅταν</span> <span class='ocrx_word' id='word_1_218' title='bbox 2846 1473 3038 1550; x_wconf 72' lang='grc' dir='ltr'>ἔμελλε</span> <span class='ocrx_word' id='word_1_219' title='bbox 3089 1477 3330 1555; x_wconf 80' lang='grc' dir='ltr'>γενέσθαι</span> <span class='ocrx_word' id='word_1_220' title='bbox 3360 1480 3389 1535; x_wconf 87' lang='lat'><strong>6</strong></span> <span class='ocrx_word' id='word_1_221' title='bbox 3418 1478 3548 1544; x_wconf 77' lang='grc' dir='ltr'>Θεὸς</span> <span class='ocrx_word' id='word_1_222' title='bbox 3577 1476 3894 1556; x_wconf 74' lang='grc' dir='ltr'>ἄνθρωπος,</span> 
     </span>
    </p>
   </div>
   <div class='ocr_carea' id='block_1_32' title="bbox 485 1557 2134 1647">
    <p class='ocr_par' dir='ltr' id='par_1_32' title="bbox 485 1558 2134 1643">
     <span class='ocr_line' id='line_1_32' title="bbox 485 1558 2134 1643; baseline 0 -20"><span class='ocrx_word' id='word_1_223' title='bbox 485 1571 574 1624; x_wconf 90' lang='lat' dir='ltr'><strong>est</strong></span> <span class='ocrx_word' id='word_1_224' title='bbox 607 1561 665 1622; x_wconf 92' lang='lat' dir='ltr'><strong>in</strong></span> <span class='ocrx_word' id='word_1_225' title='bbox 696 1559 1004 1623; x_wconf 79' lang='lat' dir='ltr'><strong>Nazareth.</strong></span> <span class='ocrx_word' id='word_1_226' title='bbox 1034 1558 1144 1623; x_wconf 92' lang='lat' dir='ltr'><strong>Ubi</strong></span> <span class='ocrx_word' id='word_1_227' title='bbox 1177 1560 1339 1623; x_wconf 90' lang='lat' dir='ltr'><strong>enim</strong></span> <span class='ocrx_word' id='word_1_228' title='bbox 1399 1559 1579 1633; x_wconf 90' lang='lat' dir='ltr'><strong>Deus,</strong></span> <span class='ocrx_word' id='word_1_229' title='bbox 1616 1560 1697 1621; x_wconf 91' lang='lat' dir='ltr'><strong>ibi</strong></span> <span class='ocrx_word' id='word_1_230' title='bbox 1758 1560 1903 1623; x_wconf 90' lang='lat' dir='ltr'><strong>nihil</strong></span> <span class='ocrx_word' id='word_1_231' title='bbox 1938 1562 2134 1643; x_wconf 90' lang='lat' dir='ltr'><strong>impu-</strong></span> 
     </span>
    </p>
   </div>
   <div class='ocr_carea' id='block_1_33' title="bbox 2221 1557 3895 1647">
    <p class='ocr_par' dir='ltr' id='par_1_33' title="bbox 2224 1557 3895 1647">
     <span class='ocr_line' id='line_1_33' title="bbox 2224 1557 3895 1647; baseline 0.008 -34"><span class='ocrx_word' id='word_1_232' title='bbox 2224 1557 2625 1617; x_wconf 68' lang='grc' dir='ltr'><strong>ἀποστέλλεται</strong></span> <span class='ocrx_word' id='word_1_233' title='bbox 2679 1564 2707 1621; x_wconf 89' lang='lat'><strong>6</strong></span> <span class='ocrx_word' id='word_1_234' title='bbox 2763 1560 3026 1644; x_wconf 78' lang='grc' dir='ltr'>Γαϐριήλ,</span> <span class='ocrx_word' id='word_1_235' title='bbox 3079 1564 3136 1630; x_wconf 71' lang='grc' dir='ltr'>ὃς</span> <span class='ocrx_word' id='word_1_236' title='bbox 3192 1565 3536 1647; x_wconf 72' lang='grc' dir='ltr'><strong>ἑρμηνεύεται</strong></span> <span class='ocrx_word' id='word_1_237' title='bbox 3608 1566 3895 1645; x_wconf 76' lang='grc' dir='ltr'>ἄνθρωπος</span> 
     </span>
    </p>
   </div>
   <div class='ocr_carea' id='block_1_34' title="bbox 485 1650 1299 1731">
    <p class='ocr_par' dir='ltr' id='par_1_34' title="bbox 485 1650 1299 1731">
     <span class='ocr_line' id='line_1_34' title="bbox 485 1650 1299 1731; baseline -0.001 -18"><span class='ocrx_word' id='word_1_238' title='bbox 485 1670 640 1731; x_wconf 85' lang='lat' dir='ltr'><strong>rum,</strong></span> <span class='ocrx_word' id='word_1_239' title='bbox 675 1650 822 1711; x_wconf 85' lang='lat' dir='ltr'><strong>nihil</strong></span> <span class='ocrx_word' id='word_1_240' title='bbox 854 1668 970 1711; x_wconf 79' lang='lat' dir='ltr'><strong>non</strong></span> <span class='ocrx_word' id='word_1_241' title='bbox 1002 1657 1299 1711; x_wconf 88' lang='lat' dir='ltr'><strong>sanctum.</strong></span> 
     </span>
    </p>
   </div>
   <div class='ocr_carea' id='block_1_35' title="bbox 570 1915 2143 1996">
    <p class='ocr_par' dir='ltr' id='par_1_35' title="bbox 570 1915 2143 1996">
     <span class='ocr_line' id='line_1_35' title="bbox 570 1915 2143 1996; baseline 0 -17"><span class='ocrx_word' id='word_1_242' title='bbox 570 1924 747 1983; x_wconf 79' lang='lat' dir='ltr'><strong>VERS.</strong></span> <span class='ocrx_word' id='word_1_243' title='bbox 772 1915 1378 1996; x_wconf 61' lang='lat' dir='ltr'><strong>39-49.:Exsurgens</strong></span> <span class='ocrx_word' id='word_1_244' title='bbox 1404 1926 1600 1979; x_wconf 91' lang='lat' dir='ltr'><strong>autem</strong></span> <span class='ocrx_word' id='word_1_245' title='bbox 1638 1919 1821 1979; x_wconf 83' lang='lat' dir='ltr'><strong>Maria</strong></span> <span class='ocrx_word' id='word_1_246' title='bbox 1848 1919 1907 1979; x_wconf 92' lang='lat' dir='ltr'><strong>in</strong></span> <span class='ocrx_word' id='word_1_247' title='bbox 1933 1918 2143 1979; x_wconf 89' lang='lat' dir='ltr'><strong>diebus</strong></span> 
     </span>
    </p>
   </div>
   <div class='ocr_carea' id='block_1_36' title="bbox 488 2006 2140 2086">
    <p class='ocr_par' dir='ltr' id='par_1_36' title="bbox 488 2006 2140 2086">
     <span class='ocr_line' id='line_1_36' title="bbox 488 2006 2140 2086; baseline -0.004 -12"><span class='ocrx_word' id='word_1_248' title='bbox 488 2014 599 2086; x_wconf 84' lang='lat' dir='ltr'><strong>his,</strong></span> <span class='ocrx_word' id='word_1_249' title='bbox 633 2010 777 2071; x_wconf 87' lang='lat' dir='ltr'><strong>abiit</strong></span> <span class='ocrx_word' id='word_1_250' title='bbox 803 2009 864 2069; x_wconf 92' lang='lat' dir='ltr'><strong>in</strong></span> <span class='ocrx_word' id='word_1_251' title='bbox 896 2016 1174 2069; x_wconf 85' lang='lat' dir='ltr'><strong>montana</strong></span> <span class='ocrx_word' id='word_1_252' title='bbox 1192 2025 1325 2067; x_wconf 92' lang='lat' dir='ltr'><strong>cum</strong></span> <span class='ocrx_word' id='word_1_253' title='bbox 1352 2006 1734 2068; x_wconf 80' lang='lat' dir='ltr'><strong>festinatione</strong></span> <span class='ocrx_word' id='word_1_254' title='bbox 1758 2008 1816 2067; x_wconf 86' lang='lat' dir='ltr'><strong>in</strong></span> <span class='ocrx_word' id='word_1_255' title='bbox 1839 2008 2140 2070; x_wconf 86' lang='lat' dir='ltr'><strong>civitatem</strong></span> 
     </span>
    </p>
   </div>
   <div class='ocr_carea' id='block_1_37' title="bbox 480 2096 2147 2178">
    <p class='ocr_par' dir='ltr' id='par_1_37' title="bbox 480 2096 2147 2178">
     <span class='ocr_line' id='line_1_37' title="bbox 480 2096 2147 2178; baseline -0.004 -14"><span class='ocrx_word' id='word_1_256' title='bbox 480 2099 653 2178; x_wconf 83' lang='lat' dir='ltr'><strong>Juda,</strong></span> <span class='ocrx_word' id='word_1_257' title='bbox 678 2106 737 2160; x_wconf 92' lang='lat' dir='ltr'><strong>et</strong></span> <span class='ocrx_word' id='word_1_258' title='bbox 765 2098 998 2158; x_wconf 83' lang='lat' dir='ltr'><strong>intravit</strong></span> <span class='ocrx_word' id='word_1_259' title='bbox 1020 2098 1076 2157; x_wconf 91' lang='lat' dir='ltr'><strong>in</strong></span> <span class='ocrx_word' id='word_1_260' title='bbox 1109 2096 1353 2157; x_wconf 91' lang='lat' dir='ltr'><strong>domum</strong></span> <span class='ocrx_word' id='word_1_261' title='bbox 1397 2096 1719 2176; x_wconf 66' lang='lat' dir='ltr'><strong>Zacharim,</strong></span> <span class='ocrx_word' id='word_1_262' title='bbox 1760 2115 1827 2157; x_wconf 91' lang='lat' dir='ltr'><strong>ac</strong></span> <span class='ocrx_word' id='word_1_263' title='bbox 1862 2097 2147 2159; x_wconf 90' lang='lat' dir='ltr'><strong>salutavit</strong></span> 
     </span>
    </p>
   </div>
   <div class='ocr_carea' id='block_1_38' title="bbox 484 2188 2142 2263">
    <p class='ocr_par' dir='ltr' id='par_1_38' title="bbox 484 2188 2142 2263">
     <span class='ocr_line' id='line_1_38' title="bbox 484 2188 2142 2263; baseline -0.002 -9"><span class='ocrx_word' id='word_1_264' title='bbox 484 2191 811 2254; x_wconf 90' lang='lat' dir='ltr'><strong>Elisabeth.</strong></span> <span class='ocrx_word' id='word_1_265' title='bbox 843 2190 983 2250; x_wconf 74' lang='lat'><strong>278</strong></span> <span class='ocrx_word' id='word_1_266' title='bbox 1026 2188 1095 2249; x_wconf 87' lang='lat' dir='ltr'><strong>Et</strong></span> <span class='ocrx_word' id='word_1_267' title='bbox 1148 2189 1362 2250; x_wconf 87' lang='lat' dir='ltr'><strong>factum</strong></span> <span class='ocrx_word' id='word_1_268' title='bbox 1416 2196 1524 2263; x_wconf 91' lang='lat' dir='ltr'><strong>est,</strong></span> <span class='ocrx_word' id='word_1_269' title='bbox 1565 2197 1626 2249; x_wconf 86' lang='lat' dir='ltr'><strong>ut</strong></span> <span class='ocrx_word' id='word_1_270' title='bbox 1654 2188 1877 2250; x_wconf 88' lang='lat' dir='ltr'><strong>audivit</strong></span> <span class='ocrx_word' id='word_1_271' title='bbox 1913 2189 2142 2250; x_wconf 87' lang='lat' dir='ltr'><strong>saluta-</strong></span> 
     </span>
    </p>
   </div>
   <div class='ocr_carea' id='block_1_39' title="bbox 486 2276 2141 2358">
    <p class='ocr_par' dir='ltr' id='par_1_39' title="bbox 486 2276 2141 2358">
     <span class='ocr_line' id='line_1_39' title="bbox 486 2276 2141 2358; baseline -0.003 -15"><span class='ocrx_word' id='word_1_272' title='bbox 486 2282 705 2343; x_wconf 91' lang='lat' dir='ltr'><strong>tionem</strong></span> <span class='ocrx_word' id='word_1_273' title='bbox 729 2279 932 2342; x_wconf 71' lang='lat' dir='ltr'><strong>Marize</strong></span> <span class='ocrx_word' id='word_1_274' title='bbox 961 2277 1449 2350; x_wconf 86' lang='lat' dir='ltr'><strong>Elisabeth,saliit</strong></span> <span class='ocrx_word' id='word_1_275' title='bbox 1480 2278 1675 2339; x_wconf 81' lang='lat' dir='ltr'><strong>infans</strong></span> <span class='ocrx_word' id='word_1_276' title='bbox 1703 2276 1762 2337; x_wconf 92' lang='lat' dir='ltr'><strong>in</strong></span> <span class='ocrx_word' id='word_1_277' title='bbox 1791 2288 1963 2338; x_wconf 90' lang='lat' dir='ltr'><strong>utero</strong></span> <span class='ocrx_word' id='word_1_278' title='bbox 1985 2278 2141 2358; x_wconf 90' lang='lat' dir='ltr'><strong>ejus,</strong></span> 
     </span>
    </p>
   </div>
   <div class='ocr_carea' id='block_1_40' title="bbox 486 2365 2142 2451">
    <p class='ocr_par' dir='ltr' id='par_1_40' title="bbox 486 2365 2142 2451">
     <span class='ocr_line' id='line_1_40' title="bbox 486 2365 2142 2451; baseline -0.003 -18"><span class='ocrx_word' id='word_1_279' title='bbox 486 2381 544 2433; x_wconf 91' lang='lat' dir='ltr'><strong>et</strong></span> <span class='ocrx_word' id='word_1_280' title='bbox 570 2369 797 2451; x_wconf 89' lang='lat' dir='ltr'><strong>repleta</strong></span> <span class='ocrx_word' id='word_1_281' title='bbox 827 2376 916 2429; x_wconf 89' lang='lat' dir='ltr'><strong>est</strong></span> <span class='ocrx_word' id='word_1_282' title='bbox 938 2367 1160 2448; x_wconf 90' lang='lat' dir='ltr'><strong>Spiritu</strong></span> <span class='ocrx_word' id='word_1_283' title='bbox 1192 2375 1398 2428; x_wconf 77' lang='lat' dir='ltr'><strong>sancto</strong></span> <span class='ocrx_word' id='word_1_284' title='bbox 1425 2365 2142 2429; x_wconf 80' lang='lat' dir='ltr'><strong>Elisabeth.exclamavit-</strong></span> 
     </span>
    </p>
   </div>
   <div class='ocr_carea' id='block_1_41' title="bbox 483 2455 2140 2541">
    <p class='ocr_par' dir='ltr' id='par_1_41' title="bbox 483 2455 2140 2541">
     <span class='ocr_line' id='line_1_41' title="bbox 483 2455 2140 2541; baseline -0.002 -22"><span class='ocrx_word' id='word_1_285' title='bbox 483 2479 598 2541; x_wconf 92' lang='lat' dir='ltr'><strong>que</strong></span> <span class='ocrx_word' id='word_1_286' title='bbox 625 2477 770 2521; x_wconf 92' lang='lat' dir='ltr'><strong>voce</strong></span> <span class='ocrx_word' id='word_1_287' title='bbox 798 2475 1026 2536; x_wconf 89' lang='lat' dir='ltr'><strong>magna,</strong></span> <span class='ocrx_word' id='word_1_288' title='bbox 1053 2466 1111 2516; x_wconf 93' lang='lat' dir='ltr'><strong>et</strong></span> <span class='ocrx_word' id='word_1_289' title='bbox 1141 2456 1287 2517; x_wconf 82' lang='lat' dir='ltr'><strong>dixit</strong></span> <span class='ocrx_word' id='word_1_290' title='bbox 1321 2474 1334 2517; x_wconf 91' lang='lat'>:</span> <span class='ocrx_word' id='word_1_291' title='bbox 1374 2455 1694 2518; x_wconf 85' lang='lat' dir='ltr'><strong>Benedicta</strong></span> <span class='ocrx_word' id='word_1_292' title='bbox 1718 2463 1777 2515; x_wconf 91' lang='lat' dir='ltr'><strong>tu</strong></span> <span class='ocrx_word' id='word_1_293' title='bbox 1811 2455 1968 2517; x_wconf 92' lang='lat' dir='ltr'><strong>inter</strong></span> <span class='ocrx_word' id='word_1_294' title='bbox 2003 2475 2140 2516; x_wconf 85' lang='lat' dir='ltr'><strong>mu-</strong></span> 
     </span>
    </p>
   </div>
   <div class='ocr_carea' id='block_1_42' title="bbox 484 2544 2134 2623">
    <p class='ocr_par' dir='ltr' id='par_1_42' title="bbox 484 2544 2134 2623">
     <span class='ocr_line' id='line_1_42' title="bbox 484 2544 2134 2623; baseline -0.003 -12"><span class='ocrx_word' id='word_1_295' title='bbox 484 2548 685 2623; x_wconf 90' lang='lat' dir='ltr'><strong>lieres,</strong></span> <span class='ocrx_word' id='word_1_296' title='bbox 712 2556 769 2608; x_wconf 93' lang='lat' dir='ltr'><strong>et</strong></span> <span class='ocrx_word' id='word_1_297' title='bbox 800 2545 1150 2608; x_wconf 90' lang='lat' dir='ltr'><strong>benedictus</strong></span> <span class='ocrx_word' id='word_1_298' title='bbox 1179 2545 1403 2606; x_wconf 87' lang='lat' dir='ltr'><strong>fructus</strong></span> <span class='ocrx_word' id='word_1_299' title='bbox 1430 2544 1656 2606; x_wconf 86' lang='lat' dir='ltr'><strong>ventris</strong></span> <span class='ocrx_word' id='word_1_300' title='bbox 1689 2544 1837 2607; x_wconf 63' lang='lat' dir='ltr'><strong>tui.)</strong></span> <span class='ocrx_word' id='word_1_301' title='bbox 1862 2544 2003 2606; x_wconf 85' lang='lat' dir='ltr'><strong>Cum</strong></span> <span class='ocrx_word' id='word_1_302' title='bbox 2025 2562 2134 2607; x_wconf 89' lang='lat' dir='ltr'><strong>au-</strong></span> 
     </span>
    </p>
   </div>
   <div class='ocr_carea' id='block_1_43' title="bbox 485 2632 2132 2714">
    <p class='ocr_par' dir='ltr' id='par_1_43' title="bbox 485 2632 2132 2714">
     <span class='ocr_line' id='line_1_43' title="bbox 485 2632 2132 2714; baseline -0.003 -15"><span class='ocrx_word' id='word_1_303' title='bbox 485 2638 670 2699; x_wconf 87' lang='lat' dir='ltr'><strong>disset</strong></span> <span class='ocrx_word' id='word_1_304' title='bbox 701 2635 881 2714; x_wconf 86' lang='lat' dir='ltr'><strong>Virgo</strong></span> <span class='ocrx_word' id='word_1_305' title='bbox 900 2634 1197 2713; x_wconf 85' lang='lat' dir='ltr'><strong>abangelo</strong></span> <span class='ocrx_word' id='word_1_306' title='bbox 1221 2632 1377 2714; x_wconf 91' lang='lat' dir='ltr'><strong>quod</strong></span> <span class='ocrx_word' id='word_1_307' title='bbox 1413 2632 1782 2713; x_wconf 90' lang='lat' dir='ltr'><strong>concepisset</strong></span> <span class='ocrx_word' id='word_1_308' title='bbox 1808 2632 2132 2709; x_wconf 89' lang='lat' dir='ltr'><strong>Elisabeth,</strong></span> 
     </span>
    </p>
   </div>
   <div class='ocr_carea' id='block_1_44' title="bbox 485 2722 2135 2802">
    <p class='ocr_par' dir='ltr' id='par_1_44' title="bbox 485 2722 2135 2802">
     <span class='ocr_line' id='line_1_44' title="bbox 485 2722 2135 2802; baseline -0.002 -14"><span class='ocrx_word' id='word_1_309' title='bbox 485 2727 678 2788; x_wconf 88' lang='lat' dir='ltr'><strong>statim</strong></span> <span class='ocrx_word' id='word_1_310' title='bbox 710 2723 854 2786; x_wconf 88' lang='lat' dir='ltr'><strong>abiit</strong></span> <span class='ocrx_word' id='word_1_311' title='bbox 881 2724 955 2785; x_wconf 90' lang='lat' dir='ltr'><strong>ad</strong></span> <span class='ocrx_word' id='word_1_312' title='bbox 987 2722 1171 2788; x_wconf 90' lang='lat' dir='ltr'><strong>illam.</strong></span> <span class='ocrx_word' id='word_1_313' title='bbox 1215 2732 1273 2784; x_wconf 88' lang='lat' dir='ltr'><strong>et</strong></span> <span class='ocrx_word' id='word_1_314' title='bbox 1303 2722 1568 2801; x_wconf 84' lang='lat' dir='ltr'><strong>gaudens</strong></span> <span class='ocrx_word' id='word_1_315' title='bbox 1601 2723 1675 2783; x_wconf 93' lang='lat' dir='ltr'><strong>de</strong></span> <span class='ocrx_word' id='word_1_316' title='bbox 1709 2723 1864 2783; x_wconf 81' lang='lat' dir='ltr'><strong>bono</strong></span> <span class='ocrx_word' id='word_1_317' title='bbox 1912 2741 2135 2802; x_wconf 84' lang='lat' dir='ltr'><strong>cogna-</strong></span> 
     </span>
    </p>
   </div>
   <div class='ocr_carea' id='block_1_45' title="bbox 486 2810 2138 2897">
    <p class='ocr_par' dir='ltr' id='par_1_45' title="bbox 486 2810 2138 2897">
     <span class='ocr_line' id='line_1_45' title="bbox 486 2810 2138 2897; baseline -0.002 -19"><span class='ocrx_word' id='word_1_318' title='bbox 486 2826 581 2897; x_wconf 63' lang='lat' dir='ltr'><strong>tae,</strong></span> <span class='ocrx_word' id='word_1_319' title='bbox 615 2824 673 2878; x_wconf 88' lang='lat' dir='ltr'><strong>et</strong></span> <span class='ocrx_word' id='word_1_320' title='bbox 699 2814 902 2875; x_wconf 89' lang='lat' dir='ltr'><strong>volens</strong></span> <span class='ocrx_word' id='word_1_321' title='bbox 933 2822 994 2874; x_wconf 92' lang='lat' dir='ltr'><strong>ut</strong></span> <span class='ocrx_word' id='word_1_322' title='bbox 1025 2812 1487 2892; x_wconf 89' lang='lat' dir='ltr'><strong>prudentissima</strong></span> <span class='ocrx_word' id='word_1_323' title='bbox 1516 2811 1742 2891; x_wconf 89' lang='lat' dir='ltr'><strong>majore</strong></span> <span class='ocrx_word' id='word_1_324' title='bbox 1777 2810 2138 2875; x_wconf 88' lang='lat' dir='ltr'><strong>certitudine</strong></span> 
     </span>
    </p>
   </div>
   <div class='ocr_carea' id='block_1_46' title="bbox 488 2901 2143 2984">
    <p class='ocr_par' dir='ltr' id='par_1_46' title="bbox 488 2901 2143 2984">
     <span class='ocr_line' id='line_1_46' title="bbox 488 2901 2143 2984; baseline -0.003 -17"><span class='ocrx_word' id='word_1_325' title='bbox 488 2906 704 2967; x_wconf 90' lang='lat' dir='ltr'><strong>certior</strong></span> <span class='ocrx_word' id='word_1_326' title='bbox 731 2904 904 2966; x_wconf 92' lang='lat' dir='ltr'><strong>reddi</strong></span> <span class='ocrx_word' id='word_1_327' title='bbox 936 2921 1075 2963; x_wconf 92' lang='lat' dir='ltr'><strong>num</strong></span> <span class='ocrx_word' id='word_1_328' title='bbox 1100 2919 1242 2965; x_wconf 87' lang='lat' dir='ltr'><strong>vera</strong></span> <span class='ocrx_word' id='word_1_329' title='bbox 1274 2901 1522 2962; x_wconf 80' lang='lat' dir='ltr'><strong>dixisset</strong></span> <span class='ocrx_word' id='word_1_330' title='bbox 1544 2901 1645 2981; x_wconf 92' lang='lat' dir='ltr'><strong>qui</strong></span> <span class='ocrx_word' id='word_1_331' title='bbox 1679 2910 2038 2981; x_wconf 79' lang='lat' dir='ltr'><strong>apparuerat</strong></span> <span class='ocrx_word' id='word_1_332' title='bbox 2067 2902 2143 2984; x_wconf 90' lang='lat' dir='ltr'><strong>ei,</strong></span> 
     </span>
    </p>
   </div>
   <div class='ocr_carea' id='block_1_47' title="bbox 2169 1640 3888 1735">
    <p class='ocr_par' dir='ltr' id='par_1_47' title="bbox 2169 1640 3888 1735">
     <span class='ocr_line' id='line_1_47' title="bbox 2169 1640 3888 1735; baseline 0.008 -32"><span class='ocrx_word' id='word_1_333' title='bbox 2169 1640 2385 1713; x_wconf 74' lang='grc' dir='ltr'><strong>ΒΘεόις·</strong></span> <span class='ocrx_word' id='word_1_334' title='bbox 2442 1648 2578 1707; x_wconf 78' lang='grc' dir='ltr'>ἀλλᾶ</span> <span class='ocrx_word' id='word_1_335' title='bbox 2635 1653 2722 1708; x_wconf 77' lang='grc' dir='ltr'>καὶ</span> <span class='ocrx_word' id='word_1_336' title='bbox 2777 1651 2833 1711; x_wconf 76' lang='grc' dir='ltr'>ἐν</span> <span class='ocrx_word' id='word_1_337' title='bbox 2878 1640 3022 1732; x_wconf 44' lang='grc' dir='ltr'>ἀγίῳ-</span> <span class='ocrx_word' id='word_1_338' title='bbox 3068 1640 3460 1735; x_wconf 38' lang='grc' dir='ltr'>ὥπερ-’γίνεται</span> <span class='ocrx_word' id='word_1_339' title='bbox 3491 1659 3521 1713; x_wconf 98' lang='lat'><strong>6</strong></span> <span class='ocrx_word' id='word_1_340' title='bbox 3562 1640 3888 1732; x_wconf 64' lang='grc' dir='ltr'>ἀσπασμὸς,</span> 
     </span>
    </p>
   </div>
   <div class='ocr_carea' id='block_1_48' title="bbox 2225 1737 3889 1825">
    <p class='ocr_par' dir='ltr' id='par_1_48' title="bbox 2225 1737 3889 1825">
     <span class='ocr_line' id='line_1_48' title="bbox 2225 1737 3889 1825; baseline 0.008 -32"><span class='ocrx_word' id='word_1_341' title='bbox 2225 1737 2514 1811; x_wconf 76' lang='grc' dir='ltr'>τουτέστιν,</span> <span class='ocrx_word' id='word_1_342' title='bbox 2567 1738 2623 1797; x_wconf 76' lang='grc' dir='ltr'><strong>έν</strong></span> <span class='ocrx_word' id='word_1_343' title='bbox 2693 1742 2954 1820; x_wconf 57' lang='grc' dir='ltr'>Ναζαρέτ·</span> <span class='ocrx_word' id='word_1_344' title='bbox 3016 1742 3150 1801; x_wconf 79' lang='grc' dir='ltr'>ὅπου</span> <span class='ocrx_word' id='word_1_345' title='bbox 3200 1746 3301 1825; x_wconf 78' lang='grc' dir='ltr'><strong>γὰρ</strong></span> <span class='ocrx_word' id='word_1_346' title='bbox 3344 1748 3496 1823; x_wconf 81' lang='grc' dir='ltr'>Θεὸς,</span> <span class='ocrx_word' id='word_1_347' title='bbox 3529 1744 3681 1803; x_wconf 70' lang='grc' dir='ltr'>οὐδὲν</span> <span class='ocrx_word' id='word_1_348' title='bbox 3713 1745 3889 1823; x_wconf 77' lang='grc' dir='ltr'>ἄναγ-</span> 
     </span>
    </p>
   </div>
   <div class='ocr_carea' id='block_1_49' title="bbox 2226 1848 2340 1887">
    <p class='ocr_par' dir='ltr' id='par_1_49' title="bbox 2226 1848 2340 1887">
     <span class='ocr_line' id='line_1_49' title="bbox 2226 1848 2340 1887; baseline 0.053 -6"><span class='ocrx_word' id='word_1_349' title='bbox 2226 1848 2340 1887; x_wconf 84' lang='grc' dir='ltr'>νον.</span> 
     </span>
    </p>
   </div>
   <div class='ocr_carea' id='block_1_50' title="bbox 2312 1904 3887 1992">
    <p class='ocr_par' dir='ltr' id='par_1_50' title="bbox 2312 1904 3887 1992">
     <span class='ocr_line' id='line_1_50' title="bbox 2312 1904 3887 1992; baseline 0.009 -30"><span class='ocrx_word' id='word_1_350' title='bbox 2312 1930 2340 1962; x_wconf 74' lang='grc' dir='ltr'><strong>α</strong></span> <span class='ocrx_word' id='word_1_351' title='bbox 2373 1904 2674 1966; x_wconf 79' lang='grc' dir='ltr'>Ἀναστᾶσα</span> <span class='ocrx_word' id='word_1_352' title='bbox 2736 1908 2791 1967; x_wconf 76' lang='grc' dir='ltr'><strong>δὲ</strong></span> <span class='ocrx_word' id='word_1_353' title='bbox 2843 1912 3062 1990; x_wconf 77' lang='grc' dir='ltr'>Μαριὰμ</span> <span class='ocrx_word' id='word_1_354' title='bbox 3115 1912 3171 1968; x_wconf 74' lang='grc' dir='ltr'>ὲν</span> <span class='ocrx_word' id='word_1_355' title='bbox 3200 1927 3322 1981; x_wconf 78' lang='grc' dir='ltr'>ταῖς</span> <span class='ocrx_word' id='word_1_356' title='bbox 3353 1914 3576 1992; x_wconf 77' lang='grc' dir='ltr'>ἡμέραις</span> <span class='ocrx_word' id='word_1_357' title='bbox 3637 1914 3887 1985; x_wconf 73' lang='grc' dir='ltr'>ταύταις,</span> 
     </span>
    </p>
   </div>
   <div class='ocr_carea' id='block_1_51' title="bbox 2227 1995 3889 2085">
    <p class='ocr_par' dir='ltr' id='par_1_51' title="bbox 2227 1995 3889 2085">
     <span class='ocr_line' id='line_1_51' title="bbox 2227 1995 3889 2085; baseline 0.002 -33"><span class='ocrx_word' id='word_1_358' title='bbox 2227 1995 2485 2085; x_wconf 71' lang='grc' dir='ltr'>έπορεύθη</span> <span class='ocrx_word' id='word_1_359' title='bbox 2544 1998 2619 2061; x_wconf 74' lang='grc' dir='ltr'><strong>εἰς</strong></span> <span class='ocrx_word' id='word_1_360' title='bbox 2672 1999 2774 2067; x_wconf 78' lang='grc' dir='ltr'><strong>τὴν</strong></span> <span class='ocrx_word' id='word_1_361' title='bbox 2832 2001 3043 2078; x_wconf 70' lang='grc' dir='ltr'>ὀρεινὴν</span> <span class='ocrx_word' id='word_1_362' title='bbox 3094 2004 3232 2077; x_wconf 81' lang='grc' dir='ltr'>μετὰ</span> <span class='ocrx_word' id='word_1_363' title='bbox 3282 2001 3537 2085; x_wconf 71' lang='grc' dir='ltr'>σπουδῆς,</span> <span class='ocrx_word' id='word_1_364' title='bbox 3595 2006 3671 2070; x_wconf 81' lang='grc' dir='ltr'>εἷς</span> <span class='ocrx_word' id='word_1_365' title='bbox 3728 2001 3889 2060; x_wconf 83' lang='grc' dir='ltr'>πόλιν</span> 
     </span>
    </p>
   </div>
   <div class='ocr_carea' id='block_1_52' title="bbox 2227 2083 3890 2174">
    <p class='ocr_par' dir='ltr' id='par_1_52' title="bbox 2227 2083 3890 2174">
     <span class='ocr_line' id='line_1_52' title="bbox 2227 2083 3890 2174; baseline 0.001 -31"><span class='ocrx_word' id='word_1_366' title='bbox 2227 2083 2422 2174; x_wconf 11' lang='grc' dir='ltr'>’γιούδαο</span> <span class='ocrx_word' id='word_1_367' title='bbox 2476 2087 2565 2146; x_wconf 77' lang='grc' dir='ltr'><strong>καὶ</strong></span> <span class='ocrx_word' id='word_1_368' title='bbox 2636 2088 2871 2157; x_wconf 74' lang='grc' dir='ltr'>εἰσῆλθεν</span> <span class='ocrx_word' id='word_1_369' title='bbox 2943 2092 3017 2154; x_wconf 78' lang='grc' dir='ltr'>εἰς</span> <span class='ocrx_word' id='word_1_370' title='bbox 3067 2092 3159 2162; x_wconf 68' lang='grc' dir='ltr'><strong>τὸν</strong></span> <span class='ocrx_word' id='word_1_371' title='bbox 3231 2093 3387 2150; x_wconf 72' lang='grc' dir='ltr'>οἶκον</span> <span class='ocrx_word' id='word_1_372' title='bbox 3445 2083 3736 2174; x_wconf 59' lang='grc' dir='ltr'>Ζαχαρίου,</span> <span class='ocrx_word' id='word_1_373' title='bbox 3802 2091 3890 2147; x_wconf 83' lang='grc' dir='ltr'><strong>καὶ</strong></span> 
     </span>
    </p>
   </div>
   <div class='ocr_carea' id='block_1_53' title="bbox 2228 2173 3884 2261">
    <p class='ocr_par' dir='ltr' id='par_1_53' title="bbox 2228 2173 3884 2261">
     <span class='ocr_line' id='line_1_53' title="bbox 2228 2173 3884 2261; baseline 0.002 -31"><span class='ocrx_word' id='word_1_374' title='bbox 2228 2173 2507 2241; x_wconf 76' lang='grc' dir='ltr'>ἠσπάσατο</span> <span class='ocrx_word' id='word_1_375' title='bbox 2563 2176 2662 2244; x_wconf 69' lang='grc' dir='ltr'><strong>τὴν</strong></span> <span class='ocrx_word' id='word_1_376' title='bbox 2726 2176 3025 2243; x_wconf 73' lang='grc' dir='ltr'>’κλισάόετ,</span> <span class='ocrx_word' id='word_1_377' title='bbox 3063 2182 3161 2245; x_wconf 69' lang='grc' dir='ltr'><strong>[αἱ</strong></span> <span class='ocrx_word' id='word_1_378' title='bbox 3189 2181 3425 2261; x_wconf 71' lang='grc' dir='ltr'>ἐγένετο,</span> <span class='ocrx_word' id='word_1_379' title='bbox 3470 2185 3544 2248; x_wconf 79' lang='grc' dir='ltr'>ὣς</span> <span class='ocrx_word' id='word_1_380' title='bbox 3588 2181 3824 2251; x_wconf 68' lang='grc' dir='ltr'>ἤκουσεν</span> <span class='ocrx_word' id='word_1_381' title='bbox 3853 2182 3884 2248; x_wconf 77' lang='grc' dir='ltr'><strong>ἡ</strong></span> 
     </span>
    </p>
   </div>
   <div class='ocr_carea' id='block_1_54' title="bbox 2227 2261 3883 2354">
    <p class='ocr_par' dir='ltr' id='par_1_54' title="bbox 2227 2261 3883 2354">
     <span class='ocr_line' id='line_1_54' title="bbox 2227 2261 3883 2354; baseline 0.007 -35"><span class='ocrx_word' id='word_1_382' title='bbox 2227 2261 2506 2354; x_wconf 72' lang='grc' dir='ltr'>Ἔλισάϐετ</span> <span class='ocrx_word' id='word_1_383' title='bbox 2569 2268 2660 2322; x_wconf 76' lang='grc' dir='ltr'><strong>τὸν</strong></span> <span class='ocrx_word' id='word_1_384' title='bbox 2721 2267 3002 2345; x_wconf 78' lang='grc' dir='ltr'>ἀσπασμὸν</span> <span class='ocrx_word' id='word_1_385' title='bbox 3061 2269 3159 2337; x_wconf 76' lang='grc' dir='ltr'><strong>τῆς</strong></span> <span class='ocrx_word' id='word_1_386' title='bbox 3219 2273 3446 2354; x_wconf 75' lang='grc' dir='ltr'>Μαρίας,</span> <span class='ocrx_word' id='word_1_387' title='bbox 3493 2272 3772 2352; x_wconf 69' lang='grc' dir='ltr'>ἐσκίρτησε</span> <span class='ocrx_word' id='word_1_388' title='bbox 3821 2270 3883 2324; x_wconf 73' lang='grc' dir='ltr'>τὸ</span> 
     </span>
    </p>
   </div>
   <div class='ocr_carea' id='block_1_55' title="bbox 2224 2353 3879 2438">
    <p class='ocr_par' dir='ltr' id='par_1_55' title="bbox 2224 2353 3879 2438">
     <span class='ocr_line' id='line_1_55' title="bbox 2224 2353 3879 2438; baseline 0.008 -29"><span class='ocrx_word' id='word_1_389' title='bbox 2224 2353 2413 2434; x_wconf 75' lang='grc' dir='ltr'>βρέφος</span> <span class='ocrx_word' id='word_1_390' title='bbox 2486 2354 2541 2409; x_wconf 77' lang='grc' dir='ltr'><strong>έν</strong></span> <span class='ocrx_word' id='word_1_391' title='bbox 2596 2354 2664 2431; x_wconf 69' lang='grc' dir='ltr'><strong>τῇ</strong></span> <span class='ocrx_word' id='word_1_392' title='bbox 2692 2354 2867 2431; x_wconf 77' lang='grc' dir='ltr'>κοιλίᾳ</span> <span class='ocrx_word' id='word_1_393' title='bbox 2898 2358 3085 2427; x_wconf 75' lang='grc' dir='ltr'>αὖτῆς⁶</span> <span class='ocrx_word' id='word_1_394' title='bbox 3142 2360 3236 2417; x_wconf 77' lang='grc' dir='ltr'><strong>καὶ</strong></span> <span class='ocrx_word' id='word_1_395' title='bbox 3273 2353 3514 2432; x_wconf 72' lang='grc' dir='ltr'>ἐπλήσθη</span> <span class='ocrx_word' id='word_1_396' title='bbox 3564 2362 3879 2438; x_wconf 81' lang='grc' dir='ltr'>Πνεύματος</span> 
     </span>
    </p>
   </div>
   <div class='ocr_carea' id='block_1_56' title="bbox 2226 2441 3874 2534">
    <p class='ocr_par' dir='ltr' id='par_1_56' title="bbox 2226 2441 3874 2534">
     <span class='ocr_line' id='line_1_56' title="bbox 2226 2441 3874 2534; baseline 0.005 -37"><span class='ocrx_word' id='word_1_397' title='bbox 2226 2443 2375 2521; x_wconf 80' lang='grc' dir='ltr'>ἁγίου</span> <span class='ocrx_word' id='word_1_398' title='bbox 2416 2444 2466 2534; x_wconf 8' lang='grc' dir='ltr'>,ἡ</span> <span class='ocrx_word' id='word_1_399' title='bbox 2519 2441 2822 2534; x_wconf 72' lang='grc' dir='ltr'>Ἐλισάϐετ,</span> <span class='ocrx_word' id='word_1_400' title='bbox 2898 2446 2987 2503; x_wconf 77' lang='grc' dir='ltr'><strong>καὶ</strong></span> <span class='ocrx_word' id='word_1_401' title='bbox 3064 2448 3376 2529; x_wconf 70' lang='grc' dir='ltr'>ἀνεφώνησε</span> <span class='ocrx_word' id='word_1_402' title='bbox 3457 2457 3609 2534; x_wconf 71' lang='grc' dir='ltr'>φωνῇ</span> <span class='ocrx_word' id='word_1_403' title='bbox 3660 2450 3874 2529; x_wconf 77' lang='grc' dir='ltr'>μεγάλῃ</span> 
     </span>
    </p>
   </div>
   <div class='ocr_carea' id='block_1_57' title="bbox 2222 2533 3866 2619">
    <p class='ocr_par' dir='ltr' id='par_1_57' title="bbox 2222 2533 3866 2619">
     <span class='ocr_line' id='line_1_57' title="bbox 2222 2533 3866 2619; baseline 0.004 -30"><span class='ocrx_word' id='word_1_404' title='bbox 2222 2535 2311 2589; x_wconf 81' lang='grc' dir='ltr'>καὶ</span> <span class='ocrx_word' id='word_1_405' title='bbox 2367 2533 2547 2590; x_wconf 58' lang='grc' dir='ltr'>εἶπεν</span> <span class='ocrx_word' id='word_1_406' title='bbox 2608 2533 2959 2613; x_wconf 68' lang='grc' dir='ltr'>Εὐλογημένη</span> <span class='ocrx_word' id='word_1_407' title='bbox 3016 2538 3078 2593; x_wconf 78' lang='grc' dir='ltr'>σὺ</span> <span class='ocrx_word' id='word_1_408' title='bbox 3145 2537 3199 2595; x_wconf 75' lang='grc' dir='ltr'>ἰν</span> <span class='ocrx_word' id='word_1_409' title='bbox 3241 2533 3581 2619; x_wconf 49' lang='grc' dir='ltr'>γυναιξὶριαὶ</span> <span class='ocrx_word' id='word_1_410' title='bbox 3631 2539 3866 2616; x_wconf 74' lang='grc' dir='ltr'>εὐλογη-</span> 
     </span>
    </p>
   </div>
   <div class='ocr_carea' id='block_1_58' title="bbox 2221 2620 3864 2708">
    <p class='ocr_par' dir='ltr' id='par_1_58' title="bbox 2221 2620 3864 2708">
     <span class='ocr_line' id='line_1_58' title="bbox 2221 2620 3864 2708; baseline 0.007 -30"><span class='ocrx_word' id='word_1_411' title='bbox 2221 2620 2378 2697; x_wconf 85' lang='grc' dir='ltr'>μένος</span> <span class='ocrx_word' id='word_1_412' title='bbox 2438 2625 2467 2679; x_wconf 91' lang='lat'><strong>6</strong></span> <span class='ocrx_word' id='word_1_413' title='bbox 2523 2626 2727 2704; x_wconf 79' lang='grc' dir='ltr'>καρπὸς</span> <span class='ocrx_word' id='word_1_414' title='bbox 2797 2630 2896 2693; x_wconf 74' lang='grc' dir='ltr'>τῆς</span> <span class='ocrx_word' id='word_1_415' title='bbox 2965 2625 3170 2693; x_wconf 87' lang='grc' dir='ltr'>κοιλίας</span> <span class='ocrx_word' id='word_1_416' title='bbox 3225 2650 3341 2689; x_wconf 92' lang='grc' dir='ltr'>σου.</span> <span class='ocrx_word' id='word_1_417' title='bbox 3406 2653 3435 2691; x_wconf 67' lang='grc' dir='ltr'>δ</span> <span class='ocrx_word' id='word_1_418' title='bbox 3482 2620 3545 2686; x_wconf 78' lang='grc' dir='ltr'><strong><em>Ἦ</em></strong></span> <span class='ocrx_word' id='word_1_419' title='bbox 3602 2628 3864 2708; x_wconf 83' lang='grc' dir='ltr'>Παρθένος</span> 
     </span>
    </p>
   </div>
   <div class='ocr_carea' id='block_1_59' title="bbox 2220 2712 3863 2797">
    <p class='ocr_par' dir='ltr' id='par_1_59' title="bbox 2220 2712 3863 2797">
     <span class='ocr_line' id='line_1_59' title="bbox 2220 2712 3863 2797; baseline 0.003 -30"><span class='ocrx_word' id='word_1_420' title='bbox 2220 2712 2488 2768; x_wconf 73' lang='grc' dir='ltr'>ἀκούσασα</span> <span class='ocrx_word' id='word_1_421' title='bbox 2539 2714 2681 2793; x_wconf 87' lang='grc' dir='ltr'><strong>παρά</strong></span> <span class='ocrx_word' id='word_1_422' title='bbox 2749 2720 2841 2771; x_wconf 80' lang='grc' dir='ltr'>τοῦ</span> <span class='ocrx_word' id='word_1_423' title='bbox 2895 2713 3148 2797; x_wconf 76' lang='grc' dir='ltr'>ἀγγέλου,</span> <span class='ocrx_word' id='word_1_424' title='bbox 3180 2716 3260 2774; x_wconf 78' lang='grc' dir='ltr'><strong>ὅτι</strong></span> <span class='ocrx_word' id='word_1_425' title='bbox 3327 2716 3605 2775; x_wconf 76' lang='grc' dir='ltr'>συνέλαϐεν</span> <span class='ocrx_word' id='word_1_426' title='bbox 3635 2719 3671 2785; x_wconf 81' lang='grc' dir='ltr'>ἡ</span> <span class='ocrx_word' id='word_1_427' title='bbox 3715 2714 3863 2775; x_wconf 86' lang='grc' dir='ltr'>Ἐλι-</span> 
     </span>
    </p>
   </div>
   <div class='ocr_carea' id='block_1_60' title="bbox 2222 2797 3861 2885">
    <p class='ocr_par' dir='ltr' id='par_1_60' title="bbox 2222 2797 3861 2885">
     <span class='ocr_line' id='line_1_60' title="bbox 2222 2797 3861 2885; baseline 0.002 -29"><span class='ocrx_word' id='word_1_428' title='bbox 2222 2797 2404 2877; x_wconf 73' lang='grc' dir='ltr'>σάϐετ,</span> <span class='ocrx_word' id='word_1_429' title='bbox 2451 2798 2643 2880; x_wconf 68' lang='grc' dir='ltr'>ἔδραμε</span> <span class='ocrx_word' id='word_1_430' title='bbox 2700 2806 2834 2884; x_wconf 81' lang='grc' dir='ltr'>πρὸς</span> <span class='ocrx_word' id='word_1_431' title='bbox 2878 2806 3111 2885; x_wconf 68' lang='grc' dir='ltr'>ὶκείνην,</span> <span class='ocrx_word' id='word_1_432' title='bbox 3169 2805 3276 2881; x_wconf 75' lang='grc' dir='ltr'>ἃμα</span> <span class='ocrx_word' id='word_1_433' title='bbox 3323 2806 3421 2882; x_wconf 75' lang='grc' dir='ltr'>μὲν</span> <span class='ocrx_word' id='word_1_434' title='bbox 3468 2827 3731 2885; x_wconf 81' lang='grc' dir='ltr'>χαιρουσα</span> <span class='ocrx_word' id='word_1_435' title='bbox 3770 2804 3861 2861; x_wconf 73' lang='grc' dir='ltr'><strong>ἐπὶ</strong></span> 
     </span>
    </p>
   </div>
   <div class='ocr_carea' id='block_1_61' title="bbox 2230 2890 3857 2974">
    <p class='ocr_par' dir='ltr' id='par_1_61' title="bbox 2230 2890 3857 2974">
     <span class='ocr_line' id='line_1_61' title="bbox 2230 2890 3857 2974; baseline 0.001 -28"><span class='ocrx_word' id='word_1_436' title='bbox 2230 2895 2309 2964; x_wconf 83' lang='grc' dir='ltr'>τῷ</span> <span class='ocrx_word' id='word_1_437' title='bbox 2379 2890 2562 2969; x_wconf 82' lang='grc' dir='ltr'>ἀγαθῷ</span> <span class='ocrx_word' id='word_1_438' title='bbox 2617 2892 2718 2959; x_wconf 78' lang='grc' dir='ltr'><strong>τῆς</strong></span> <span class='ocrx_word' id='word_1_439' title='bbox 2777 2900 3085 2974; x_wconf 75' lang='grc' dir='ltr'>συγγενοῦς,</span> <span class='ocrx_word' id='word_1_440' title='bbox 3144 2894 3254 2969; x_wconf 74' lang='grc' dir='ltr'>ἅμα</span> <span class='ocrx_word' id='word_1_441' title='bbox 3318 2892 3373 2950; x_wconf 62' lang='grc' dir='ltr'><strong>δὲ</strong></span> <span class='ocrx_word' id='word_1_442' title='bbox 3399 2896 3487 2952; x_wconf 81' lang='grc' dir='ltr'>καὶ</span> <span class='ocrx_word' id='word_1_443' title='bbox 3523 2896 3594 2957; x_wconf 72' lang='grc' dir='ltr'>ὡς</span> <span class='ocrx_word' id='word_1_444' title='bbox 3623 2912 3857 2950; x_wconf 76' lang='grc' dir='ltr'><strong>συνετω-⁵</strong></span> 
     </span>
    </p>
   </div>
   <div class='ocr_carea' id='block_1_62' title="bbox 483 2978 2134 3062">
    <p class='ocr_par' dir='ltr' id='par_1_62' title="bbox 483 2978 2134 3057">
     <span class='ocr_line' id='line_1_62' title="bbox 483 2978 2134 3057; baseline -0.002 -1"><span class='ocrx_word' id='word_1_445' title='bbox 483 3005 546 3057; x_wconf 92' lang='lat' dir='ltr'><strong>ut</strong></span> <span class='ocrx_word' id='word_1_446' title='bbox 571 3012 637 3056; x_wconf 84' lang='lat' dir='ltr'><strong>ex</strong></span> <span class='ocrx_word' id='word_1_447' title='bbox 672 2995 780 3054; x_wconf 90' lang='lat' dir='ltr'><strong>hoc</strong></span> <span class='ocrx_word' id='word_1_448' title='bbox 814 3013 921 3054; x_wconf 91' lang='lat' dir='ltr'><strong>nec</strong></span> <span class='ocrx_word' id='word_1_449' title='bbox 953 2991 1028 3053; x_wconf 81' lang='lat' dir='ltr'><strong>de</strong></span> <span class='ocrx_word' id='word_1_450' title='bbox 1059 3009 1165 3051; x_wconf 85' lang='lat' dir='ltr'><strong>suo</strong></span> <span class='ocrx_word' id='word_1_451' title='bbox 1197 2978 1806 3052; x_wconf 50' lang='lat' dir='ltr'><strong>dubitaretlirudens</strong></span> <span class='ocrx_word' id='word_1_452' title='bbox 1831 2989 1989 3049; x_wconf 89' lang='lat' dir='ltr'><strong>enim</strong></span> <span class='ocrx_word' id='word_1_453' title='bbox 2010 2978 2134 3052; x_wconf 82' lang='lat' dir='ltr'><strong>cum</strong></span> 
     </span>
    </p>
   </div>
   <div class='ocr_carea' id='block_1_63' title="bbox 2221 2978 3852 3062">
    <p class='ocr_par' dir='ltr' id='par_1_63' title="bbox 2230 2978 3852 3062">
     <span class='ocr_line' id='line_1_63' title="bbox 2230 2978 3852 3062; baseline 0.002 -26"><span class='ocrx_word' id='word_1_454' title='bbox 2230 2980 2391 3055; x_wconf 66' lang='grc' dir='ltr'>τάτη,</span> <span class='ocrx_word' id='word_1_455' title='bbox 2464 2978 2938 3062; x_wconf 62' lang='grc' dir='ltr'>πληροφορηθῆναι</span> <span class='ocrx_word' id='word_1_456' title='bbox 3013 2982 3235 3041; x_wconf 80' lang='grc' dir='ltr'>θέλουσα</span> <span class='ocrx_word' id='word_1_457' title='bbox 3286 2982 3524 3060; x_wconf 84' lang='grc' dir='ltr'>τελείως,</span> <span class='ocrx_word' id='word_1_458' title='bbox 3587 2983 3631 3043; x_wconf 73' lang='grc' dir='ltr'><strong>εὶ</strong></span> <span class='ocrx_word' id='word_1_459' title='bbox 3684 2980 3852 3049; x_wconf 77' lang='grc' dir='ltr'>ἀληθῆ</span> 
     </span>
    </p>
   </div>
   <div class='ocr_carea' id='block_1_64' title="bbox 484 3068 2134 3160">
    <p class='ocr_par' dir='ltr' id='par_1_64' title="bbox 484 3079 2134 3160">
     <span class='ocr_line' id='line_1_64' title="bbox 484 3079 2134 3160; baseline -0.002 -15"><span class='ocrx_word' id='word_1_460' title='bbox 484 3090 663 3157; x_wconf 87' lang='lat' dir='ltr'><strong>esset,</strong></span> <span class='ocrx_word' id='word_1_461' title='bbox 697 3082 943 3144; x_wconf 87' lang='lat' dir='ltr'><strong>timebat</strong></span> <span class='ocrx_word' id='word_1_462' title='bbox 974 3100 1047 3142; x_wconf 90' lang='lat' dir='ltr'><strong>ne</strong></span> <span class='ocrx_word' id='word_1_463' title='bbox 1064 3080 1216 3141; x_wconf 80' lang='lat' dir='ltr'><strong>forte</strong></span> <span class='ocrx_word' id='word_1_464' title='bbox 1240 3080 1839 3160; x_wconf 88' lang='lat' dir='ltr'><strong>deciperetur,etnon</strong></span> <span class='ocrx_word' id='word_1_465' title='bbox 1871 3079 2134 3141; x_wconf 90' lang='lat' dir='ltr'><strong>utincre-</strong></span> 
     </span>
    </p>
   </div>
   <div class='ocr_carea' id='block_1_65' title="bbox 2221 3068 3857 3160">
    <p class='ocr_par' dir='ltr' id='par_1_65' title="bbox 2231 3068 3857 3151">
     <span class='ocr_line' id='line_1_65' title="bbox 2231 3068 3857 3151; baseline 0.001 -27"><span class='ocrx_word' id='word_1_466' title='bbox 2231 3068 2385 3126; x_wconf 81' lang='grc' dir='ltr'>εἶπεν</span> <span class='ocrx_word' id='word_1_467' title='bbox 2433 3070 2461 3126; x_wconf 89' lang='lat'><strong>6</strong></span> <span class='ocrx_word' id='word_1_468' title='bbox 2521 3071 2699 3149; x_wconf 72' lang='grc' dir='ltr'>φανεὶς</span> <span class='ocrx_word' id='word_1_469' title='bbox 2759 3071 2918 3150; x_wconf 75' lang='grc' dir='ltr'>αὒτῇ,</span> <span class='ocrx_word' id='word_1_470' title='bbox 2967 3072 3059 3128; x_wconf 74' lang='grc' dir='ltr'><strong>ἵνα</strong></span> <span class='ocrx_word' id='word_1_471' title='bbox 3136 3072 3197 3129; x_wconf 80' lang='grc' dir='ltr'>ἐκ</span> <span class='ocrx_word' id='word_1_472' title='bbox 3252 3074 3434 3130; x_wconf 82' lang='grc' dir='ltr'>τούτου</span> <span class='ocrx_word' id='word_1_473' title='bbox 3485 3071 3717 3151; x_wconf 75' lang='grc' dir='ltr'>καὶπερὶ</span> <span class='ocrx_word' id='word_1_474' title='bbox 3766 3076 3857 3127; x_wconf 80' lang='grc' dir='ltr'><strong>τοῦ</strong></span> 
     </span>
    </p>
   </div>
   <div class='ocr_carea' id='block_1_66' title="bbox 485 3155 2134 3250">
    <p class='ocr_par' dir='ltr' id='par_1_66' title="bbox 485 3155 2132 3250">
     <span class='ocr_line' id='line_1_66' title="bbox 485 3155 2132 3250; baseline -0.003 -15"><span class='ocrx_word' id='word_1_475' title='bbox 485 3155 757 3247; x_wconf 88' lang='lat' dir='ltr'><strong>dula,sed</strong></span> <span class='ocrx_word' id='word_1_476' title='bbox 777 3180 838 3233; x_wconf 90' lang='lat' dir='ltr'><strong>ut</strong></span> <span class='ocrx_word' id='word_1_477' title='bbox 866 3170 1123 3250; x_wconf 86' lang='lat' dir='ltr'><strong>diligens</strong></span> <span class='ocrx_word' id='word_1_478' title='bbox 1153 3187 1280 3230; x_wconf 88' lang='lat' dir='ltr'><strong>rem</strong></span> <span class='ocrx_word' id='word_1_479' title='bbox 1315 3155 1631 3250; x_wconf 80' lang='lat' dir='ltr'><strong>explorare</strong></span> <span class='ocrx_word' id='word_1_480' title='bbox 1662 3167 1893 3229; x_wconf 88' lang='lat' dir='ltr'><strong>volebat</strong></span> <span class='ocrx_word' id='word_1_481' title='bbox 1924 3168 2132 3230; x_wconf 87' lang='lat' dir='ltr'><strong>Zacha-</strong></span> 
     </span>
    </p>
   </div>
   <div class='ocr_carea' id='block_1_67' title="bbox 2221 3155 3855 3250">
    <p class='ocr_par' dir='ltr' id='par_1_67' title="bbox 2227 3155 3855 3250">
     <span class='ocr_line' id='line_1_67' title="bbox 2227 3155 3855 3250; baseline 0.001 -37"><span class='ocrx_word' id='word_1_482' title='bbox 2227 3158 2420 3214; x_wconf 77' lang='grc' dir='ltr'>οἰκείου</span> <span class='ocrx_word' id='word_1_483' title='bbox 2480 3158 2558 3235; x_wconf 77' lang='grc' dir='ltr'>μὴ</span> <span class='ocrx_word' id='word_1_484' title='bbox 2628 3159 2960 3250; x_wconf 72' lang='grc' dir='ltr'>ἀμφιϐάλλη.</span> <span class='ocrx_word' id='word_1_485' title='bbox 3019 3158 3291 3242; x_wconf 68' lang='grc' dir='ltr'>Ἀσφαλὴς</span> <span class='ocrx_word' id='word_1_486' title='bbox 3331 3162 3432 3243; x_wconf 75' lang='grc' dir='ltr'><strong>γὰρ</strong></span> <span class='ocrx_word' id='word_1_487' title='bbox 3474 3163 3626 3242; x_wconf 80' lang='grc' dir='ltr'>οὖσα,</span> <span class='ocrx_word' id='word_1_488' title='bbox 3657 3155 3855 3250; x_wconf 41' lang='lat'><strong>{306:1-</strong></span> 
     </span>
    </p>
   </div>
   <div class='ocr_carea' id='block_1_68' title="bbox 483 3256 2137 3340">
    <p class='ocr_par' dir='ltr' id='par_1_68' title="bbox 483 3256 2137 3340">
     <span class='ocr_line' id='line_1_68' title="bbox 483 3256 2137 3340; baseline -0.001 -18"><span class='ocrx_word' id='word_1_489' title='bbox 483 3262 602 3322; x_wconf 88' lang='lat' dir='ltr'><strong>rias</strong></span> <span class='ocrx_word' id='word_1_490' title='bbox 639 3261 834 3340; x_wconf 86' lang='lat' dir='ltr'><strong>itaque</strong></span> <span class='ocrx_word' id='word_1_491' title='bbox 862 3259 919 3321; x_wconf 94' lang='lat' dir='ltr'><strong>in</strong></span> <span class='ocrx_word' id='word_1_492' title='bbox 949 3257 1244 3319; x_wconf 86' lang='lat' dir='ltr'><strong>montanis</strong></span> <span class='ocrx_word' id='word_1_493' title='bbox 1278 3257 1521 3331; x_wconf 91' lang='lat' dir='ltr'><strong>habitat,</strong></span> <span class='ocrx_word' id='word_1_494' title='bbox 1558 3264 1618 3318; x_wconf 92' lang='lat' dir='ltr'><strong>et</strong></span> <span class='ocrx_word' id='word_1_495' title='bbox 1651 3265 1965 3338; x_wconf 89' lang='lat' dir='ltr'><strong>propterea</strong></span> <span class='ocrx_word' id='word_1_496' title='bbox 1995 3256 2137 3320; x_wconf 86' lang='lat' dir='ltr'><strong>illuc</strong></span> 
     </span>
    </p>
   </div>
   <div class='ocr_carea' id='block_1_69' title="bbox 485 3345 2136 3427">
    <p class='ocr_par' dir='ltr' id='par_1_69' title="bbox 485 3345 2136 3427">
     <span class='ocr_line' id='line_1_69' title="bbox 485 3345 2136 3427; baseline -0.002 -17"><span class='ocrx_word' id='word_1_497' title='bbox 485 3350 730 3414; x_wconf 85' lang='lat' dir='ltr'><strong>abiit.At</strong></span> <span class='ocrx_word' id='word_1_498' title='bbox 758 3347 1019 3411; x_wconf 89' lang='lat' dir='ltr'><strong>Joannes</strong></span> <span class='ocrx_word' id='word_1_499' title='bbox 1050 3355 1325 3425; x_wconf 78' lang='lat' dir='ltr'><strong>suscepto</strong></span> <span class='ocrx_word' id='word_1_500' title='bbox 1358 3345 1642 3425; x_wconf 85' lang='lat' dir='ltr'><strong>singulari</strong></span> <span class='ocrx_word' id='word_1_501' title='bbox 1675 3364 1851 3425; x_wconf 88' lang='lat' dir='ltr'><strong>supra</strong></span> <span class='ocrx_word' id='word_1_502' title='bbox 1872 3345 2136 3427; x_wconf 84' lang='lat' dir='ltr'><strong>reliquos</strong></span> 
     </span>
    </p>
   </div>
   <div class='ocr_carea' id='block_1_70' title="bbox 484 3435 2131 3507">
    <p class='ocr_par' dir='ltr' id='par_1_70' title="bbox 484 3435 2131 3507">
     <span class='ocr_line' id='line_1_70' title="bbox 484 3435 2131 3507; baseline -0.001 -7"><span class='ocrx_word' id='word_1_503' title='bbox 484 3439 758 3501; x_wconf 88' lang='lat' dir='ltr'><strong>homines</strong></span> <span class='ocrx_word' id='word_1_504' title='bbox 788 3439 943 3499; x_wconf 92' lang='lat' dir='ltr'><strong>dono</strong></span> <span class='ocrx_word' id='word_1_505' title='bbox 963 3437 1051 3498; x_wconf 86' lang='lat' dir='ltr'><strong>vel</strong></span> <span class='ocrx_word' id='word_1_506' title='bbox 1077 3436 1685 3507; x_wconf 85' lang='lat' dir='ltr'><strong>muuere,exsultatin</strong></span> <span class='ocrx_word' id='word_1_507' title='bbox 1713 3444 1881 3496; x_wconf 86' lang='lat' dir='ltr'><strong>utero</strong></span> <span class='ocrx_word' id='word_1_508' title='bbox 1908 3435 2131 3498; x_wconf 91' lang='lat' dir='ltr'><strong>matris:</strong></span> 
     </span>
    </p>
   </div>
   <div class='ocr_carea' id='block_1_71' title="bbox 486 3526 2133 3608">
    <p class='ocr_par' dir='ltr' id='par_1_71' title="bbox 486 3526 2133 3608">
     <span class='ocr_line' id='line_1_71' title="bbox 486 3526 2133 3608; baseline -0.001 -18"><span class='ocrx_word' id='word_1_509' title='bbox 486 3530 645 3591; x_wconf 89' lang='lat' dir='ltr'><strong>unde</strong></span> <span class='ocrx_word' id='word_1_510' title='bbox 677 3538 735 3590; x_wconf 93' lang='lat' dir='ltr'><strong>et</strong></span> <span class='ocrx_word' id='word_1_511' title='bbox 766 3530 955 3608; x_wconf 88' lang='lat' dir='ltr'><strong>major</strong></span> <span class='ocrx_word' id='word_1_512' title='bbox 985 3537 1073 3589; x_wconf 85' lang='lat' dir='ltr'><strong>est</strong></span> <span class='ocrx_word' id='word_1_513' title='bbox 1098 3527 1578 3608; x_wconf 91' lang='lat' dir='ltr'><strong>prophetis.Nam</strong></span> <span class='ocrx_word' id='word_1_514' title='bbox 1602 3526 1700 3587; x_wconf 85' lang='lat' dir='ltr'><strong>alii</strong></span> <span class='ocrx_word' id='word_1_515' title='bbox 1724 3529 1965 3605; x_wconf 84' lang='lat' dir='ltr'><strong>quidem</strong></span> <span class='ocrx_word' id='word_1_516' title='bbox 1992 3545 2133 3605; x_wconf 59' lang='lat' dir='ltr'><strong>prm-</strong></span> 
     </span>
    </p>
   </div>
   <div class='ocr_carea' id='block_1_72' title="bbox 482 3614 2130 3695">
    <p class='ocr_par' dir='ltr' id='par_1_72' title="bbox 482 3614 2130 3695">
     <span class='ocr_line' id='line_1_72' title="bbox 482 3614 2130 3695; baseline -0.002 -16"><span class='ocrx_word' id='word_1_517' title='bbox 482 3619 758 3679; x_wconf 77' lang='lat' dir='ltr'><strong>dixerunt</strong></span> <span class='ocrx_word' id='word_1_518' title='bbox 812 3618 1005 3677; x_wconf 77' lang='lat' dir='ltr'><strong>futura</strong></span> <span class='ocrx_word' id='word_1_519' title='bbox 1060 3628 1367 3695; x_wconf 73' lang='lat' dir='ltr'><strong>postquam</strong></span> <span class='ocrx_word' id='word_1_520' title='bbox 1420 3615 1536 3675; x_wconf 84' lang='lat' dir='ltr'><strong>nati</strong></span> <span class='ocrx_word' id='word_1_521' title='bbox 1589 3628 1768 3676; x_wconf 86' lang='lat' dir='ltr'><strong>sunt:</strong></span> <span class='ocrx_word' id='word_1_522' title='bbox 1807 3614 1906 3676; x_wconf 93' lang='lat' dir='ltr'><strong>ille</strong></span> <span class='ocrx_word' id='word_1_523' title='bbox 1937 3624 2130 3676; x_wconf 88' lang='lat' dir='ltr'><strong>autem</strong></span> 
     </span>
    </p>
   </div>
   <div class='ocr_carea' id='block_1_73' title="bbox 485 3705 2135 3784">
    <p class='ocr_par' dir='ltr' id='par_1_73' title="bbox 485 3705 2135 3784">
     <span class='ocr_line' id='line_1_73' title="bbox 485 3705 2135 3784; baseline -0.002 -15"><span class='ocrx_word' id='word_1_524' title='bbox 485 3727 617 3769; x_wconf 88' lang='lat' dir='ltr'><strong>cum</strong></span> <span class='ocrx_word' id='word_1_525' title='bbox 651 3708 843 3768; x_wconf 85' lang='lat' dir='ltr'><strong>adhuc</strong></span> <span class='ocrx_word' id='word_1_526' title='bbox 867 3706 1101 3766; x_wconf 65' lang='lat' dir='ltr'><strong>essetin</strong></span> <span class='ocrx_word' id='word_1_527' title='bbox 1133 3716 1303 3766; x_wconf 83' lang='lat' dir='ltr'><strong>utero</strong></span> <span class='ocrx_word' id='word_1_528' title='bbox 1339 3717 1479 3766; x_wconf 72' lang='lat' dir='ltr'><strong>inata</strong></span> <span class='ocrx_word' id='word_1_529' title='bbox 1502 3706 1823 3784; x_wconf 77' lang='lat' dir='ltr'><strong>is,giatiam</strong></span> <span class='ocrx_word' id='word_1_530' title='bbox 1851 3705 2024 3765; x_wconf 89' lang='lat' dir='ltr'><strong>talem</strong></span> <span class='ocrx_word' id='word_1_531' title='bbox 2047 3724 2135 3765; x_wconf 76' lang='lat' dir='ltr'><strong>as~</strong></span> 
     </span>
    </p>
   </div>
   <div class='ocr_carea' id='block_1_74' title="bbox 486 3792 2129 3869">
    <p class='ocr_par' dir='ltr' id='par_1_74' title="bbox 486 3792 2129 3869">
     <span class='ocr_line' id='line_1_74' title="bbox 486 3792 2129 3869; baseline -0.001 -12"><span class='ocrx_word' id='word_1_532' title='bbox 486 3806 723 3858; x_wconf 86' lang='lat' dir='ltr'><strong>secutus</strong></span> <span class='ocrx_word' id='word_1_533' title='bbox 762 3795 889 3857; x_wconf 84' lang='lat' dir='ltr'><strong>fuit.</strong></span> <span class='ocrx_word' id='word_1_534' title='bbox 916 3793 1066 3857; x_wconf 75' lang='lat' dir='ltr'><strong>Vide</strong></span> <span class='ocrx_word' id='word_1_535' title='bbox 1098 3794 1255 3854; x_wconf 89' lang='lat' dir='ltr'><strong>enim</strong></span> <span class='ocrx_word' id='word_1_536' title='bbox 1286 3811 1299 3855; x_wconf 89' lang='lat'><strong>:</strong></span> <span class='ocrx_word' id='word_1_537' title='bbox 1347 3793 1615 3855; x_wconf 89' lang='lat' dir='ltr'><strong>salutavit</strong></span> <span class='ocrx_word' id='word_1_538' title='bbox 1647 3792 1825 3869; x_wconf 80' lang='lat' dir='ltr'><strong>Virgo</strong></span> <span class='ocrx_word' id='word_1_539' title='bbox 1863 3793 2129 3856; x_wconf 87' lang='lat' dir='ltr'><strong>Elisabe-</strong></span> 
     </span>
    </p>
   </div>
   <div class='ocr_carea' id='block_1_75' title="bbox 488 3880 2133 3963">
    <p class='ocr_par' dir='ltr' id='par_1_75' title="bbox 488 3880 2133 3963">
     <span class='ocr_line' id='line_1_75' title="bbox 488 3880 2133 3963; baseline -0.001 -17"><span class='ocrx_word' id='word_1_540' title='bbox 488 3886 669 3958; x_wconf 88' lang='lat' dir='ltr'><strong>tham,</strong></span> <span class='ocrx_word' id='word_1_541' title='bbox 707 3886 816 3946; x_wconf 90' lang='lat' dir='ltr'><strong>hoc</strong></span> <span class='ocrx_word' id='word_1_542' title='bbox 843 3892 952 3953; x_wconf 91' lang='lat' dir='ltr'><strong>est,</strong></span> <span class='ocrx_word' id='word_1_543' title='bbox 977 3883 1139 3963; x_wconf 92' lang='lat' dir='ltr'><strong>prior</strong></span> <span class='ocrx_word' id='word_1_544' title='bbox 1167 3882 1424 3943; x_wconf 83' lang='lat' dir='ltr'><strong>allocuta</strong></span> <span class='ocrx_word' id='word_1_545' title='bbox 1455 3880 1693 3944; x_wconf 83' lang='lat' dir='ltr'><strong>est.Vox</strong></span> <span class='ocrx_word' id='word_1_546' title='bbox 1716 3883 1913 3962; x_wconf 89' lang='lat' dir='ltr'><strong>itaque</strong></span> <span class='ocrx_word' id='word_1_547' title='bbox 1936 3882 2133 3961; x_wconf 83' lang='lat' dir='ltr'><strong>Virgi-</strong></span> 
     </span>
    </p>
   </div>
   <div class='ocr_carea' id='block_1_76' title="bbox 487 3970 2128 4046">
    <p class='ocr_par' dir='ltr' id='par_1_76' title="bbox 487 3970 2128 4046">
     <span class='ocr_line' id='line_1_76' title="bbox 487 3970 2128 4046; baseline -0.002 -10"><span class='ocrx_word' id='word_1_548' title='bbox 487 3976 578 4036; x_wconf 87' lang='lat' dir='ltr'><strong>nis</strong></span> <span class='ocrx_word' id='word_1_549' title='bbox 605 3992 712 4035; x_wconf 86' lang='lat' dir='ltr'><strong>vox</strong></span> <span class='ocrx_word' id='word_1_550' title='bbox 745 3981 872 4035; x_wconf 91' lang='lat' dir='ltr'><strong>erat</strong></span> <span class='ocrx_word' id='word_1_551' title='bbox 901 3972 1192 4034; x_wconf 86' lang='lat' dir='ltr'><strong>incarnati</strong></span> <span class='ocrx_word' id='word_1_552' title='bbox 1226 3971 1281 4031; x_wconf 90' lang='lat' dir='ltr'><strong>in</strong></span> <span class='ocrx_word' id='word_1_553' title='bbox 1318 3971 1416 4032; x_wconf 90' lang='lat' dir='ltr'><strong>illa</strong></span> <span class='ocrx_word' id='word_1_554' title='bbox 1448 3970 1579 4046; x_wconf 91' lang='lat' dir='ltr'><strong>Dei,</strong></span> <span class='ocrx_word' id='word_1_555' title='bbox 1606 3980 1665 4033; x_wconf 92' lang='lat' dir='ltr'><strong>et</strong></span> <span class='ocrx_word' id='word_1_556' title='bbox 1703 3971 1925 4033; x_wconf 84' lang='lat' dir='ltr'><strong>idcirco</strong></span> <span class='ocrx_word' id='word_1_557' title='bbox 1956 3973 2128 4033; x_wconf 91' lang='lat' dir='ltr'><strong>etiam</strong></span> 
     </span>
    </p>
   </div>
   <div class='ocr_carea' id='block_1_77' title="bbox 488 4061 2138 4141">
    <p class='ocr_par' dir='ltr' id='par_1_77' title="bbox 488 4061 2138 4141">
     <span class='ocr_line' id='line_1_77' title="bbox 488 4061 2138 4141; baseline -0.001 -15"><span class='ocrx_word' id='word_1_558' title='bbox 488 4066 925 4126; x_wconf 72' lang='lat' dir='ltr'><strong>Przecursorem</strong></span> <span class='ocrx_word' id='word_1_559' title='bbox 960 4062 1016 4122; x_wconf 92' lang='lat' dir='ltr'><strong>iu</strong></span> <span class='ocrx_word' id='word_1_560' title='bbox 1053 4070 1223 4122; x_wconf 90' lang='lat' dir='ltr'><strong>utero</strong></span> <span class='ocrx_word' id='word_1_561' title='bbox 1273 4061 1463 4139; x_wconf 77' lang='lat' dir='ltr'><strong>gratia</strong></span> <span class='ocrx_word' id='word_1_562' title='bbox 1526 4070 1878 4141; x_wconf 76' lang='lat' dir='ltr'><strong>prosecutus</strong></span> <span class='ocrx_word' id='word_1_563' title='bbox 1931 4070 2041 4136; x_wconf 91' lang='lat' dir='ltr'><strong>est,</strong></span> <span class='ocrx_word' id='word_1_564' title='bbox 2075 4072 2138 4125; x_wconf 82' lang='lat' dir='ltr'><strong>et</strong></span> 
     </span>
    </p>
   </div>
   <div class='ocr_carea' id='block_1_78' title="bbox 486 4149 2134 4233">
    <p class='ocr_par' dir='ltr' id='par_1_78' title="bbox 486 4149 2134 4233">
     <span class='ocr_line' id='line_1_78' title="bbox 486 4149 2134 4233; baseline -0.002 -19"><span class='ocrx_word' id='word_1_565' title='bbox 486 4153 836 4233; x_wconf 84' lang='lat' dir='ltr'><strong>prophetam</strong></span> <span class='ocrx_word' id='word_1_566' title='bbox 869 4152 1028 4212; x_wconf 86' lang='lat' dir='ltr'><strong>fecit.</strong></span> <span class='ocrx_word' id='word_1_567' title='bbox 1062 4150 1441 4231; x_wconf 68' lang='lat' dir='ltr'><strong>Qumcunque</strong></span> <span class='ocrx_word' id='word_1_568' title='bbox 1468 4152 1625 4212; x_wconf 90' lang='lat' dir='ltr'><strong>enim</strong></span> <span class='ocrx_word' id='word_1_569' title='bbox 1656 4150 1802 4211; x_wconf 83' lang='lat' dir='ltr'><strong>dixit</strong></span> <span class='ocrx_word' id='word_1_570' title='bbox 1832 4149 2134 4212; x_wconf 87' lang='lat' dir='ltr'><strong>Elisabeth</strong></span> 
     </span>
    </p>
   </div>
   <div class='ocr_carea' id='block_1_79' title="bbox 486 4238 2130 4322">
    <p class='ocr_par' dir='ltr' id='par_1_79' title="bbox 486 4238 2130 4322">
     <span class='ocr_line' id='line_1_79' title="bbox 486 4238 2130 4322; baseline -0.001 -22"><span class='ocrx_word' id='word_1_571' title='bbox 486 4241 833 4322; x_wconf 82' lang='lat' dir='ltr'><strong>proph&#39;etice</strong></span> <span class='ocrx_word' id='word_1_572' title='bbox 846 4241 918 4301; x_wconf 88' lang='lat' dir='ltr'><strong>ad</strong></span> <span class='ocrx_word' id='word_1_573' title='bbox 945 4242 1331 4312; x_wconf 63' lang='lat' dir='ltr'><strong>)lariam,nou</strong></span> <span class='ocrx_word' id='word_1_574' title='bbox 1356 4239 1534 4301; x_wconf 69' lang='lat' dir='ltr'><strong>verba</strong></span> <span class='ocrx_word' id='word_1_575' title='bbox 1551 4238 2130 4310; x_wconf 83' lang='lat' dir='ltr'><strong>fueruutElisabeth,</strong></span> 
     </span>
    </p>
   </div>
   <div class='ocr_carea' id='block_1_80' title="bbox 483 4327 2137 4391">
    <p class='ocr_par' dir='ltr' id='par_1_80' title="bbox 483 4327 2137 4391">
     <span class='ocr_line' id='line_1_80' title="bbox 483 4327 2137 4391; baseline -0.002 0"><span class='ocrx_word' id='word_1_576' title='bbox 483 4331 588 4391; x_wconf 91' lang='lat' dir='ltr'><strong>sed</strong></span> <span class='ocrx_word' id='word_1_577' title='bbox 623 4330 895 4391; x_wconf 82' lang='lat' dir='ltr'><strong>infantis:</strong></span> <span class='ocrx_word' id='word_1_578' title='bbox 932 4348 997 4390; x_wconf 90' lang='lat' dir='ltr'><strong>os</strong></span> <span class='ocrx_word' id='word_1_579' title='bbox 1026 4338 1219 4391; x_wconf 87' lang='lat' dir='ltr'><strong>autem</strong></span> <span class='ocrx_word' id='word_1_580' title='bbox 1256 4328 1554 4390; x_wconf 86' lang='lat' dir='ltr'><strong>Elisabeth</strong></span> <span class='ocrx_word' id='word_1_581' title='bbox 1579 4337 1802 4389; x_wconf 89' lang='lat' dir='ltr'><strong>tantum</strong></span> <span class='ocrx_word' id='word_1_582' title='bbox 1840 4327 2137 4389; x_wconf 86' lang='lat' dir='ltr'><strong>ministra-</strong></span> 
     </span>
    </p>
   </div>
   <div class='ocr_carea' id='block_1_81' title="bbox 484 4416 2135 4497">
    <p class='ocr_par' dir='ltr' id='par_1_81' title="bbox 484 4416 2135 4497">
     <span class='ocr_line' id='line_1_81' title="bbox 484 4416 2135 4497; baseline 0.001 -20"><span class='ocrx_word' id='word_1_583' title='bbox 484 4420 582 4483; x_wconf 87' lang='lat' dir='ltr'><strong>vit.</strong></span> <span class='ocrx_word' id='word_1_584' title='bbox 614 4419 768 4480; x_wconf 89' lang='lat' dir='ltr'><strong>sicut</strong></span> <span class='ocrx_word' id='word_1_585' title='bbox 801 4428 860 4479; x_wconf 90' lang='lat' dir='ltr'><strong>et</strong></span> <span class='ocrx_word' id='word_1_586' title='bbox 890 4438 955 4479; x_wconf 92' lang='lat' dir='ltr'><strong>os</strong></span> <span class='ocrx_word' id='word_1_587' title='bbox 987 4421 1185 4481; x_wconf 61' lang='lat' dir='ltr'><strong>Mariae</strong></span> <span class='ocrx_word' id='word_1_588' title='bbox 1213 4418 1569 4479; x_wconf 89' lang='lat' dir='ltr'><strong>ministravit</strong></span> <span class='ocrx_word' id='word_1_589' title='bbox 1623 4416 1772 4478; x_wconf 88' lang='lat' dir='ltr'><strong>Filio</strong></span> <span class='ocrx_word' id='word_1_590' title='bbox 1810 4416 1912 4478; x_wconf 88' lang='lat' dir='ltr'><strong>Dei</strong></span> <span class='ocrx_word' id='word_1_591' title='bbox 1945 4418 2043 4497; x_wconf 88' lang='lat' dir='ltr'><strong>qui</strong></span> <span class='ocrx_word' id='word_1_592' title='bbox 2076 4418 2135 4478; x_wconf 90' lang='lat' dir='ltr'><strong>in</strong></span> 
     </span>
    </p>
   </div>
   <div class='ocr_carea' id='block_1_82' title="bbox 2219 3247 3853 3333">
    <p class='ocr_par' dir='ltr' id='par_1_82' title="bbox 2219 3247 3853 3333">
     <span class='ocr_line' id='line_1_82' title="bbox 2219 3247 3853 3333; baseline 0.001 -29"><span class='ocrx_word' id='word_1_593' title='bbox 2219 3269 2281 3304; x_wconf 90' lang='grc' dir='ltr'><strong>το</strong></span> <span class='ocrx_word' id='word_1_594' title='bbox 2338 3249 2535 3323; x_wconf 80' lang='grc' dir='ltr'>μήπως</span> <span class='ocrx_word' id='word_1_595' title='bbox 2592 3247 2862 3327; x_wconf 74' lang='grc' dir='ltr'>πλανηθῇ·</span> <span class='ocrx_word' id='word_1_596' title='bbox 2916 3251 3002 3307; x_wconf 79' lang='grc' dir='ltr'><strong>καί</strong></span> <span class='ocrx_word' id='word_1_597' title='bbox 3048 3252 3149 3330; x_wconf 75' lang='grc' dir='ltr'>οὐχ</span> <span class='ocrx_word' id='word_1_598' title='bbox 3178 3253 3253 3316; x_wconf 81' lang='grc' dir='ltr'><strong>ὡς</strong></span> <span class='ocrx_word' id='word_1_599' title='bbox 3295 3252 3614 3333; x_wconf 79' lang='grc' dir='ltr'>ἀπιστοῦσα,</span> <span class='ocrx_word' id='word_1_600' title='bbox 3644 3248 3758 3306; x_wconf 81' lang='grc' dir='ltr'>ἀλλ’</span> <span class='ocrx_word' id='word_1_601' title='bbox 3784 3250 3853 3314; x_wconf 81' lang='grc' dir='ltr'>ὡς</span> 
     </span>
    </p>
   </div>
   <div class='ocr_carea' id='block_1_83' title="bbox 2220 3335 3851 3422">
    <p class='ocr_par' dir='ltr' id='par_1_83' title="bbox 2220 3335 3851 3422">
     <span class='ocr_line' id='line_1_83' title="bbox 2220 3335 3851 3422; baseline 0.002 -30"><span class='ocrx_word' id='word_1_602' title='bbox 2220 3335 2588 3416; x_wconf 81' lang='grc' dir='ltr'>ἀκριϐέστερον</span> <span class='ocrx_word' id='word_1_603' title='bbox 2643 3341 2835 3415; x_wconf 82' lang='grc' dir='ltr'>μαθεῖν</span> <span class='ocrx_word' id='word_1_604' title='bbox 2876 3339 3177 3417; x_wconf 81' lang='grc' dir='ltr'>βουλομένη</span> <span class='ocrx_word' id='word_1_605' title='bbox 3238 3343 3301 3397; x_wconf 79' lang='grc' dir='ltr'>τὸ</span> <span class='ocrx_word' id='word_1_606' title='bbox 3350 3348 3593 3422; x_wconf 84' lang='grc' dir='ltr'>πρᾶγμα.</span> <span class='ocrx_word' id='word_1_607' title='bbox 3656 3340 3740 3397; x_wconf 86' lang='grc' dir='ltr'>Ἐν</span> <span class='ocrx_word' id='word_1_608' title='bbox 3789 3344 3851 3416; x_wconf 78' lang='grc' dir='ltr'><strong>τῇ</strong></span> 
     </span>
    </p>
   </div>
   <div class='ocr_carea' id='block_1_84' title="bbox 2218 3425 3849 3510">
    <p class='ocr_par' dir='ltr' id='par_1_84' title="bbox 2218 3425 3849 3510">
     <span class='ocr_line' id='line_1_84' title="bbox 2218 3425 3849 3510; baseline 0 -27"><span class='ocrx_word' id='word_1_609' title='bbox 2218 3428 2394 3506; x_wconf 76' lang='grc' dir='ltr'>ὀρεινῇ</span> <span class='ocrx_word' id='word_1_610' title='bbox 2448 3429 2537 3483; x_wconf 78' lang='grc' dir='ltr'>οὖν</span> <span class='ocrx_word' id='word_1_611' title='bbox 2607 3425 2733 3500; x_wconf 75' lang='grc' dir='ltr'>ᾤκει</span> <span class='ocrx_word' id='word_1_612' title='bbox 2764 3431 2791 3485; x_wconf 90' lang='lat'><strong>6</strong></span> <span class='ocrx_word' id='word_1_613' title='bbox 2822 3430 3111 3510; x_wconf 81' lang='grc' dir='ltr'>Ζαχαρίας,</span> <span class='ocrx_word' id='word_1_614' title='bbox 3173 3431 3261 3487; x_wconf 86' lang='grc' dir='ltr'><strong>καὶ</strong></span> <span class='ocrx_word' id='word_1_615' title='bbox 3316 3430 3402 3487; x_wconf 81' lang='grc' dir='ltr'>διὰ</span> <span class='ocrx_word' id='word_1_616' title='bbox 3450 3440 3604 3490; x_wconf 80' lang='grc' dir='ltr'>τοῦτο</span> <span class='ocrx_word' id='word_1_617' title='bbox 3646 3428 3849 3508; x_wconf 75' lang='grc' dir='ltr'>ἔδραμεν</span> 
     </span>
    </p>
   </div>
   <div class='ocr_carea' id='block_1_85' title="bbox 2217 3514 3848 3600">
    <p class='ocr_par' dir='ltr' id='par_1_85' title="bbox 2217 3514 3848 3600">
     <span class='ocr_line' id='line_1_85' title="bbox 2217 3514 3848 3600; baseline 0.001 -28"><span class='ocrx_word' id='word_1_618' title='bbox 2217 3516 2353 3573; x_wconf 58' lang='lat' dir='ltr'><strong>iter“</strong></span> <span class='ocrx_word' id='word_1_619' title='bbox 2419 3518 2447 3573; x_wconf 89' lang='lat'><strong>6</strong></span> <span class='ocrx_word' id='word_1_620' title='bbox 2511 3514 2565 3572; x_wconf 81' lang='grc' dir='ltr'><strong>δὲ</strong></span> <span class='ocrx_word' id='word_1_621' title='bbox 2656 3516 2927 3592; x_wconf 71' lang='grc' dir='ltr'>Ἰωάννης,</span> <span class='ocrx_word' id='word_1_622' title='bbox 2994 3517 3252 3595; x_wconf 67' lang='grc' dir='ltr'>ἐξαίρετόν</span> <span class='ocrx_word' id='word_1_623' title='bbox 3307 3542 3358 3576; x_wconf 85' lang='grc' dir='ltr'><strong>τι</strong></span> <span class='ocrx_word' id='word_1_624' title='bbox 3433 3518 3671 3600; x_wconf 77' lang='grc' dir='ltr'>χάρισμα</span> <span class='ocrx_word' id='word_1_625' title='bbox 3714 3518 3848 3596; x_wconf 78' lang='grc' dir='ltr'><strong>παρά</strong></span> 
     </span>
    </p>
   </div>
   <div class='ocr_carea' id='block_1_86' title="bbox 2215 3603 3847 3688">
    <p class='ocr_par' dir='ltr' id='par_1_86' title="bbox 2215 3603 3847 3688">
     <span class='ocr_line' id='line_1_86' title="bbox 2215 3603 3847 3688; baseline 0.002 -28"><span class='ocrx_word' id='word_1_626' title='bbox 2215 3605 2337 3667; x_wconf 76' lang='grc' dir='ltr'>τοὺς</span> <span class='ocrx_word' id='word_1_627' title='bbox 2395 3603 2611 3669; x_wconf 77' lang='grc' dir='ltr'>λοιποὺς</span> <span class='ocrx_word' id='word_1_628' title='bbox 2669 3606 2969 3686; x_wconf 79' lang='grc' dir='ltr'>ἀνθρώπους</span> <span class='ocrx_word' id='word_1_629' title='bbox 3012 3606 3212 3688; x_wconf 79' lang='grc' dir='ltr'>λαϐὼν,</span> <span class='ocrx_word' id='word_1_630' title='bbox 3258 3613 3447 3688; x_wconf 82' lang='grc' dir='ltr'>σκιρτᾷ</span> <span class='ocrx_word' id='word_1_631' title='bbox 3476 3610 3529 3664; x_wconf 77' lang='grc' dir='ltr'>ἐν</span> <span class='ocrx_word' id='word_1_632' title='bbox 3688 3606 3847 3680; x_wconf 74' lang='grc' dir='ltr'>κοιλίᾳ</span> 
     </span>
    </p>
   </div>
   <div class='ocr_carea' id='block_1_87' title="bbox 2217 3695 3847 3779">
    <p class='ocr_par' dir='ltr' id='par_1_87' title="bbox 2217 3695 3847 3779">
     <span class='ocr_line' id='line_1_87' title="bbox 2217 3695 3847 3779; baseline 0.001 -29"><span class='ocrx_word' id='word_1_633' title='bbox 2217 3698 2316 3762; x_wconf 79' lang='grc' dir='ltr'>τῆς</span> <span class='ocrx_word' id='word_1_634' title='bbox 2381 3696 2606 3775; x_wconf 86' lang='grc' dir='ltr'>μητρὸς,</span> <span class='ocrx_word' id='word_1_635' title='bbox 2676 3695 2791 3752; x_wconf 67' lang='grc' dir='ltr'>ὅθεν</span> <span class='ocrx_word' id='word_1_636' title='bbox 2856 3698 2942 3753; x_wconf 82' lang='grc' dir='ltr'><strong>καὶ</strong></span> <span class='ocrx_word' id='word_1_637' title='bbox 3013 3699 3204 3772; x_wconf 84' lang='grc' dir='ltr'>μείζων</span> <span class='ocrx_word' id='word_1_638' title='bbox 3274 3706 3382 3753; x_wconf 81' lang='grc' dir='ltr'>τών</span> <span class='ocrx_word' id='word_1_639' title='bbox 3437 3703 3740 3779; x_wconf 71' lang='grc' dir='ltr'>προφητῶν,</span> <span class='ocrx_word' id='word_1_640' title='bbox 3792 3696 3847 3753; x_wconf 83' lang='lat' dir='ltr'><strong>Ol</strong></span> 
     </span>
    </p>
   </div>
   <div class='ocr_carea' id='block_1_88' title="bbox 2218 3782 3848 3867">
    <p class='ocr_par' dir='ltr' id='par_1_88' title="bbox 2218 3782 3848 3867">
     <span class='ocr_line' id='line_1_88' title="bbox 2218 3782 3848 3867; baseline 0.001 -29"><span class='ocrx_word' id='word_1_641' title='bbox 2218 3782 2316 3856; x_wconf 80' lang='grc' dir='ltr'>μὲν</span> <span class='ocrx_word' id='word_1_642' title='bbox 2376 3784 2498 3863; x_wconf 77' lang='grc' dir='ltr'>γὰρ,</span> <span class='ocrx_word' id='word_1_643' title='bbox 2571 3786 2707 3859; x_wconf 86' lang='grc' dir='ltr'><strong>μετά</strong></span> <span class='ocrx_word' id='word_1_644' title='bbox 2773 3786 2836 3841; x_wconf 80' lang='grc' dir='ltr'>τὸ</span> <span class='ocrx_word' id='word_1_645' title='bbox 2891 3789 3211 3863; x_wconf 81' lang='grc' dir='ltr'>γεννηθῆναι</span> <span class='ocrx_word' id='word_1_646' title='bbox 3271 3788 3694 3867; x_wconf 72' lang='grc' dir='ltr'>προεφήτευσαν,</span> <span class='ocrx_word' id='word_1_647' title='bbox 3726 3788 3752 3841; x_wconf 91' lang='lat'><strong>6</strong></span> <span class='ocrx_word' id='word_1_648' title='bbox 3798 3783 3848 3840; x_wconf 74' lang='grc' dir='ltr'><strong>δί</strong></span> 
     </span>
    </p>
   </div>
   <div class='ocr_carea' id='block_1_89' title="bbox 2217 3870 3847 3957">
    <p class='ocr_par' dir='ltr' id='par_1_89' title="bbox 2217 3870 3847 3957">
     <span class='ocr_line' id='line_1_89' title="bbox 2217 3870 3847 3957; baseline 0.003 -31"><span class='ocrx_word' id='word_1_649' title='bbox 2217 3870 2293 3927; x_wconf 83' lang='grc' dir='ltr'>ἔτι</span> <span class='ocrx_word' id='word_1_650' title='bbox 2367 3872 2419 3927; x_wconf 78' lang='grc' dir='ltr'><strong>έν</strong></span> <span class='ocrx_word' id='word_1_651' title='bbox 2489 3878 2557 3950; x_wconf 79' lang='grc' dir='ltr'><strong>τῇ</strong></span> <span class='ocrx_word' id='word_1_652' title='bbox 2583 3872 2757 3946; x_wconf 79' lang='grc' dir='ltr'>κοιλίᾳ</span> <span class='ocrx_word' id='word_1_653' title='bbox 2780 3878 2898 3957; x_wconf 63' lang='grc' dir='ltr'><strong>Δτῆς</strong></span> <span class='ocrx_word' id='word_1_654' title='bbox 2943 3878 3146 3956; x_wconf 79' lang='grc' dir='ltr'>μητρὸς</span> <span class='ocrx_word' id='word_1_655' title='bbox 3176 3876 3272 3957; x_wconf 82' lang='grc' dir='ltr'><strong>ὢν,</strong></span> <span class='ocrx_word' id='word_1_656' title='bbox 3321 3876 3523 3945; x_wconf 77' lang='grc' dir='ltr'>ἠξιώθη</span> <span class='ocrx_word' id='word_1_657' title='bbox 3554 3882 3646 3933; x_wconf 84' lang='grc' dir='ltr'>τοῦ</span> <span class='ocrx_word' id='word_1_658' title='bbox 3682 3874 3847 3932; x_wconf 86' lang='grc' dir='ltr'>τοιού-</span> 
     </span>
    </p>
   </div>
   <div class='ocr_carea' id='block_1_90' title="bbox 2215 3952 3846 4045">
    <p class='ocr_par' dir='ltr' id='par_1_90' title="bbox 2215 3952 3846 4045">
     <span class='ocr_line' id='line_1_90' title="bbox 2215 3952 3846 4045; baseline 0.006 -28"><span class='ocrx_word' id='word_1_659' title='bbox 2215 3982 2309 4018; x_wconf 89' lang='grc' dir='ltr'><strong>του</strong></span> <span class='ocrx_word' id='word_1_660' title='bbox 2361 3962 2715 4042; x_wconf 72' lang='grc' dir='ltr'>χαρίσματος.</span> <span class='ocrx_word' id='word_1_661' title='bbox 2780 3952 2927 4043; x_wconf 72' lang='grc' dir='ltr'>”Ορα</span> <span class='ocrx_word' id='word_1_662' title='bbox 2996 3952 3118 4044; x_wconf 66' lang='grc' dir='ltr'>γάρ·</span> <span class='ocrx_word' id='word_1_663' title='bbox 3178 3952 3458 4033; x_wconf 74' lang='grc' dir='ltr'>ἠσπάσατο</span> <span class='ocrx_word' id='word_1_664' title='bbox 3504 3969 3540 4035; x_wconf 82' lang='grc' dir='ltr'><strong>ἡ</strong></span> <span class='ocrx_word' id='word_1_665' title='bbox 3594 3964 3846 4045; x_wconf 38' lang='grc' dir='ltr'>,Παρθένος</span> 
     </span>
    </p>
   </div>
   <div class='ocr_carea' id='block_1_91' title="bbox 2217 4039 3842 4135">
    <p class='ocr_par' dir='ltr' id='par_1_91' title="bbox 2217 4039 3842 4135">
     <span class='ocr_line' id='line_1_91' title="bbox 2217 4039 3842 4135; baseline 0.001 -26"><span class='ocrx_word' id='word_1_666' title='bbox 2217 4053 2315 4119; x_wconf 78' lang='grc' dir='ltr'><strong>τὴν</strong></span> <span class='ocrx_word' id='word_1_667' title='bbox 2365 4039 2684 4123; x_wconf 52' lang='grc' dir='ltr'><strong>ἼὶΕλισάόετ,</strong></span> <span class='ocrx_word' id='word_1_668' title='bbox 2746 4039 2980 4111; x_wconf 73' lang='grc' dir='ltr'>τουτέστι</span> <span class='ocrx_word' id='word_1_669' title='bbox 3009 4039 3021 4044; x_wconf 36' lang='grc'>⁷</span> <span class='ocrx_word' id='word_1_670' title='bbox 3069 4039 3525 4135; x_wconf 74' lang='grc' dir='ltr'>προσηγόρευσεν.</span> <span class='ocrx_word' id='word_1_671' title='bbox 3594 4039 3654 4114; x_wconf 48' lang='grc' dir='ltr'>Ἠ</span> <span class='ocrx_word' id='word_1_672' title='bbox 3686 4039 3842 4134; x_wconf 42' lang='grc' dir='ltr'><strong>’φωνή</strong></span> 
     </span>
    </p>
   </div>
   <div class='ocr_carea' id='block_1_92' title="bbox 2219 4140 3844 4226">
    <p class='ocr_par' dir='ltr' id='par_1_92' title="bbox 2219 4140 3844 4226">
     <span class='ocr_line' id='line_1_92' title="bbox 2219 4140 3844 4226; baseline 0.002 -29"><span class='ocrx_word' id='word_1_673' title='bbox 2219 4140 2306 4198; x_wconf 83' lang='grc' dir='ltr'><strong>οὗν</strong></span> <span class='ocrx_word' id='word_1_674' title='bbox 2363 4147 2464 4210; x_wconf 81' lang='grc' dir='ltr'><strong>τῆς</strong></span> <span class='ocrx_word' id='word_1_675' title='bbox 2537 4143 2799 4223; x_wconf 85' lang='grc' dir='ltr'>Παρθένου</span> <span class='ocrx_word' id='word_1_676' title='bbox 2848 4151 2941 4201; x_wconf 81' lang='grc' dir='ltr'>τοῦ</span> <span class='ocrx_word' id='word_1_677' title='bbox 2995 4146 3050 4202; x_wconf 80' lang='grc' dir='ltr'>Ιεν</span> <span class='ocrx_word' id='word_1_678' title='bbox 3128 4146 3260 4223; x_wconf 71' lang='grc' dir='ltr'>αὐτῇ</span> <span class='ocrx_word' id='word_1_679' title='bbox 3329 4146 3681 4226; x_wconf 82' lang='grc' dir='ltr'>σαρκουμένου</span> <span class='ocrx_word' id='word_1_680' title='bbox 3725 4152 3844 4202; x_wconf 81' lang='grc' dir='ltr'>Θεοῦ</span> 
     </span>
    </p>
   </div>
   <div class='ocr_carea' id='block_1_93' title="bbox 2219 4230 3839 4317">
    <p class='ocr_par' dir='ltr' id='par_1_93' title="bbox 2219 4230 3839 4317">
     <span class='ocr_line' id='line_1_93' title="bbox 2219 4230 3839 4317; baseline 0.002 -31"><span class='ocrx_word' id='word_1_681' title='bbox 2219 4231 2369 4312; x_wconf 77' lang='grc' dir='ltr'>φωνὴ</span> <span class='ocrx_word' id='word_1_682' title='bbox 2426 4233 2516 4298; x_wconf 81' lang='grc' dir='ltr'><strong>ἦν·</strong></span> <span class='ocrx_word' id='word_1_683' title='bbox 2590 4235 2679 4289; x_wconf 80' lang='grc' dir='ltr'><strong>καὶ</strong></span> <span class='ocrx_word' id='word_1_684' title='bbox 2735 4230 2817 4289; x_wconf 72' lang='grc' dir='ltr'>διὰ</span> <span class='ocrx_word' id='word_1_685' title='bbox 2874 4242 3029 4293; x_wconf 82' lang='grc' dir='ltr'>τοῦτο</span> <span class='ocrx_word' id='word_1_686' title='bbox 3086 4236 3173 4291; x_wconf 81' lang='grc' dir='ltr'><strong>καὶ</strong></span> <span class='ocrx_word' id='word_1_687' title='bbox 3228 4236 3319 4292; x_wconf 82' lang='grc' dir='ltr'>τὸν</span> <span class='ocrx_word' id='word_1_688' title='bbox 3360 4233 3663 4317; x_wconf 79' lang='grc' dir='ltr'>Πρόδρομον</span> <span class='ocrx_word' id='word_1_689' title='bbox 3690 4234 3741 4291; x_wconf 79' lang='grc' dir='ltr'>ἰν</span> 
     </span>
    </p>
   </div>
   <div class='ocr_carea' id='block_1_94' title="bbox 2221 4320 3837 4405">
    <p class='ocr_par' dir='ltr' id='par_1_94' title="bbox 2221 4320 3837 4405">
     <span class='ocr_line' id='line_1_94' title="bbox 2221 4320 3837 4405; baseline 0.001 -28"><span class='ocrx_word' id='word_1_690' title='bbox 2221 4321 2394 4396; x_wconf 76' lang='grc' dir='ltr'>μὴτρᾳ</span> <span class='ocrx_word' id='word_1_691' title='bbox 2454 4320 2769 4401; x_wconf 77' lang='grc' dir='ltr'>έχαρίτωσε,</span> <span class='ocrx_word' id='word_1_692' title='bbox 2839 4323 2927 4379; x_wconf 74' lang='grc' dir='ltr'><strong>καί</strong></span> <span class='ocrx_word' id='word_1_693' title='bbox 3001 4322 3219 4392; x_wconf 74' lang='grc' dir='ltr'>ἰποίησε</span> <span class='ocrx_word' id='word_1_694' title='bbox 3304 4327 3686 4405; x_wconf 64' lang='grc' dir='ltr'>προφητεῦσαν</span> <span class='ocrx_word' id='word_1_695' title='bbox 3750 4321 3837 4379; x_wconf 78' lang='grc' dir='ltr'>ὅσα</span> 
     </span>
    </p>
   </div>
   <div class='ocr_carea' id='block_1_95' title="bbox 2220 4409 3836 4494">
    <p class='ocr_par' dir='ltr' id='par_1_95' title="bbox 2220 4409 3836 4494">
     <span class='ocr_line' id='line_1_95' title="bbox 2220 4409 3836 4494; baseline 0.001 -28"><span class='ocrx_word' id='word_1_696' title='bbox 2220 4411 2319 4489; x_wconf 77' lang='grc' dir='ltr'>γὰρ</span> <span class='ocrx_word' id='word_1_697' title='bbox 2378 4410 2534 4468; x_wconf 85' lang='grc' dir='ltr'>εἶπεν</span> <span class='ocrx_word' id='word_1_698' title='bbox 2576 4413 2612 4480; x_wconf 73' lang='grc' dir='ltr'><strong>ἡ</strong></span> <span class='ocrx_word' id='word_1_699' title='bbox 2643 4409 2925 4469; x_wconf 77' lang='grc' dir='ltr'>Ἐλισάϐετ</span> <span class='ocrx_word' id='word_1_700' title='bbox 2966 4420 3312 4494; x_wconf 76' lang='grc' dir='ltr'>προφητικῶς</span> <span class='ocrx_word' id='word_1_701' title='bbox 3344 4416 3474 4494; x_wconf 84' lang='grc' dir='ltr'>πρὸς</span> <span class='ocrx_word' id='word_1_702' title='bbox 3505 4414 3605 4482; x_wconf 79' lang='grc' dir='ltr'><strong>τὴν</strong></span> <span class='ocrx_word' id='word_1_703' title='bbox 3633 4412 3836 4492; x_wconf 71' lang='grc' dir='ltr'>Μαρίαν,</span> 
     </span>
    </p>
   </div>
   <div class='ocr_carea' id='block_1_96' title="bbox 484 4498 2134 4597">
    <p class='ocr_par' dir='ltr' id='par_1_96' title="bbox 484 4505 2134 4588">
     <span class='ocr_line' id='line_1_96' title="bbox 484 4505 2134 4588; baseline -0.002 -18"><span class='ocrx_word' id='word_1_704' title='bbox 484 4518 655 4570; x_wconf 87' lang='lat' dir='ltr'><strong>utero</strong></span> <span class='ocrx_word' id='word_1_705' title='bbox 685 4510 814 4588; x_wconf 90' lang='lat' dir='ltr'><strong>ejus</strong></span> <span class='ocrx_word' id='word_1_706' title='bbox 844 4518 992 4571; x_wconf 89' lang='lat' dir='ltr'><strong>erat.</strong></span> <span class='ocrx_word' id='word_1_707' title='bbox 1030 4507 1259 4588; x_wconf 84' lang='lat' dir='ltr'><strong>Quippe</strong></span> <span class='ocrx_word' id='word_1_708' title='bbox 1306 4526 1440 4569; x_wconf 91' lang='lat' dir='ltr'><strong>cum</strong></span> <span class='ocrx_word' id='word_1_709' title='bbox 1500 4505 1858 4569; x_wconf 87' lang='lat' dir='ltr'><strong>exsultasset</strong></span> <span class='ocrx_word' id='word_1_710' title='bbox 1890 4524 2038 4584; x_wconf 88' lang='lat' dir='ltr'><strong>puer</strong></span> <span class='ocrx_word' id='word_1_711' title='bbox 2074 4505 2134 4567; x_wconf 92' lang='lat' dir='ltr'><strong>in</strong></span> 
     </span>
    </p>
   </div>
   <div class='ocr_carea' id='block_1_97' title="bbox 2221 4498 3835 4597">
    <p class='ocr_par' dir='ltr' id='par_1_97' title="bbox 2223 4498 3835 4597">
     <span class='ocr_line' id='line_1_97' title="bbox 2223 4498 3835 4597; baseline -0.016 -40"><span class='ocrx_word' id='word_1_712' title='bbox 2223 4498 2283 4597; x_wconf 64' lang='grc' dir='ltr'><strong>ού</strong></span> <span class='ocrx_word' id='word_1_713' title='bbox 2338 4504 2439 4597; x_wconf 77' lang='grc' dir='ltr'>τῆς</span> <span class='ocrx_word' id='word_1_714' title='bbox 2493 4498 2773 4597; x_wconf 29' lang='grc' dir='ltr'>Ἐἑλισάϐετ</span> <span class='ocrx_word' id='word_1_715' title='bbox 2801 4499 2935 4569; x_wconf 72' lang='grc' dir='ltr'>ἦσαν</span> <span class='ocrx_word' id='word_1_716' title='bbox 2991 4502 3236 4597; x_wconf 55' lang='grc' dir='ltr'>ῥήματα,</span> <span class='ocrx_word' id='word_1_717' title='bbox 3286 4501 3423 4560; x_wconf 82' lang='grc' dir='ltr'>ἀλλὰ</span> <span class='ocrx_word' id='word_1_718' title='bbox 3477 4510 3571 4560; x_wconf 80' lang='grc' dir='ltr'>τοῦ</span> 
     </span>
    </p>
   </div>
   <div class='ocr_carea' id='block_1_98' title="bbox 480 4586 2134 4677">
    <p class='ocr_par' dir='ltr' id='par_1_98' title="bbox 480 4586 2134 4677">
     <span class='ocr_line' id='line_1_98' title="bbox 480 4586 2134 4677; baseline -0.002 -18"><span class='ocrx_word' id='word_1_719' title='bbox 480 4604 677 4669; x_wconf 83' lang='lat' dir='ltr'><strong>utero,</strong></span> <span class='ocrx_word' id='word_1_720' title='bbox 718 4586 868 4659; x_wconf 77' lang='lat' dir='ltr'><strong>tunc</strong></span> <span class='ocrx_word' id='word_1_721' title='bbox 910 4586 1159 4677; x_wconf 86' lang='lat' dir='ltr'><strong>impleta</strong></span> <span class='ocrx_word' id='word_1_722' title='bbox 1191 4586 1298 4657; x_wconf 43' lang='lat' dir='ltr'><strong>est</strong></span> <span class='ocrx_word' id='word_1_723' title='bbox 1354 4596 1578 4675; x_wconf 89' lang='lat' dir='ltr'><strong>Spiritu</strong></span> <span class='ocrx_word' id='word_1_724' title='bbox 1630 4594 1953 4656; x_wconf 87' lang='lat' dir='ltr'><strong>Elisabeth.</strong></span> <span class='ocrx_word' id='word_1_725' title='bbox 2008 4595 2134 4658; x_wconf 89' lang='lat' dir='ltr'><strong>Nisi</strong></span> 
     </span>
    </p>
   </div>
   <div class='ocr_carea' id='block_1_99' title="bbox 2221 4586 3840 4677">
    <p class='ocr_par' dir='ltr' id='par_1_99' title="bbox 2224 4586 3840 4673">
     <span class='ocr_line' id='line_1_99' title="bbox 2224 4586 3840 4673; baseline 0.001 -28"><span class='ocrx_word' id='word_1_726' title='bbox 2224 4591 2281 4645; x_wconf 87' lang='grc' dir='ltr'>τὸ</span> <span class='ocrx_word' id='word_1_727' title='bbox 2336 4589 2509 4666; x_wconf 71' lang='grc' dir='ltr'>στόμα</span> <span class='ocrx_word' id='word_1_728' title='bbox 2537 4586 2590 4645; x_wconf 79' lang='grc' dir='ltr'><strong>δὲ</strong></span> <span class='ocrx_word' id='word_1_729' title='bbox 2651 4588 2814 4666; x_wconf 86' lang='grc' dir='ltr'>μόνον</span> <span class='ocrx_word' id='word_1_730' title='bbox 2870 4595 2969 4658; x_wconf 79' lang='grc' dir='ltr'>τῆς</span> <span class='ocrx_word' id='word_1_731' title='bbox 3014 4587 3292 4648; x_wconf 76' lang='grc' dir='ltr'>Ἐλισάϐετ</span> <span class='ocrx_word' id='word_1_732' title='bbox 3344 4592 3611 4673; x_wconf 69' lang='grc' dir='ltr'>δπούργιι,</span> <span class='ocrx_word' id='word_1_733' title='bbox 3682 4589 3840 4669; x_wconf 79' lang='grc' dir='ltr'>ὥσπερ</span> 
     </span>
    </p>
   </div>
   <div class='ocr_carea' id='block_1_100' title="bbox 486 4683 2137 4768">
    <p class='ocr_par' dir='ltr' id='par_1_100' title="bbox 486 4683 2137 4768">
     <span class='ocr_line' id='line_1_100' title="bbox 486 4683 2137 4768; baseline -0.001 -20"><span class='ocrx_word' id='word_1_734' title='bbox 486 4688 645 4748; x_wconf 89' lang='lat' dir='ltr'><strong>enim</strong></span> <span class='ocrx_word' id='word_1_735' title='bbox 682 4706 828 4768; x_wconf 90' lang='lat' dir='ltr'><strong>puer</strong></span> <span class='ocrx_word' id='word_1_736' title='bbox 858 4688 1327 4755; x_wconf 75' lang='lat' dir='ltr'><strong>exoltasset,non</strong></span> <span class='ocrx_word' id='word_1_737' title='bbox 1364 4686 1778 4766; x_wconf 86' lang='lat' dir='ltr'><strong>prophetasset</strong></span> <span class='ocrx_word' id='word_1_738' title='bbox 1809 4683 2137 4767; x_wconf 86' lang='lat' dir='ltr'><strong>illa.ltaque</strong></span> 
     </span>
    </p>
   </div>
   <div class='ocr_carea' id='block_1_101' title="bbox 486 4773 2138 4857">
    <p class='ocr_par' dir='ltr' id='par_1_101' title="bbox 486 4773 2138 4857">
     <span class='ocr_line' id='line_1_101' title="bbox 486 4773 2138 4857; baseline -0.002 -19"><span class='ocrx_word' id='word_1_739' title='bbox 486 4776 639 4838; x_wconf 90' lang='lat' dir='ltr'><strong>sicut</strong></span> <span class='ocrx_word' id='word_1_740' title='bbox 660 4778 863 4838; x_wconf 91' lang='lat' dir='ltr'><strong>dicunt</strong></span> <span class='ocrx_word' id='word_1_741' title='bbox 893 4778 1212 4856; x_wconf 82' lang='lat' dir='ltr'><strong>prophetas</strong></span> <span class='ocrx_word' id='word_1_742' title='bbox 1245 4775 1503 4857; x_wconf 87' lang='lat' dir='ltr'><strong>primum</strong></span> <span class='ocrx_word' id='word_1_743' title='bbox 1538 4782 1740 4835; x_wconf 89' lang='lat' dir='ltr'><strong>mente</strong></span> <span class='ocrx_word' id='word_1_744' title='bbox 1763 4773 2054 4837; x_wconf 88' lang='lat' dir='ltr'><strong>excedere</strong></span> <span class='ocrx_word' id='word_1_745' title='bbox 2077 4781 2138 4835; x_wconf 88' lang='lat' dir='ltr'><strong>et</strong></span> 
     </span>
    </p>
   </div>
   <div class='ocr_carea' id='block_1_102' title="bbox 485 4861 2129 4947">
    <p class='ocr_par' dir='ltr' id='par_1_102' title="bbox 485 4861 2129 4947">
     <span class='ocr_line' id='line_1_102' title="bbox 485 4861 2129 4947; baseline -0.001 -21"><span class='ocrx_word' id='word_1_746' title='bbox 485 4865 748 4928; x_wconf 89' lang='lat' dir='ltr'><strong>divinum</strong></span> <span class='ocrx_word' id='word_1_747' title='bbox 775 4866 915 4947; x_wconf 91' lang='lat' dir='ltr'><strong>quid</strong></span> <span class='ocrx_word' id='word_1_748' title='bbox 948 4871 1086 4946; x_wconf 88' lang='lat' dir='ltr'><strong>pati,</strong></span> <span class='ocrx_word' id='word_1_749' title='bbox 1120 4884 1188 4927; x_wconf 92' lang='lat' dir='ltr'><strong>ac</strong></span> <span class='ocrx_word' id='word_1_750' title='bbox 1216 4874 1336 4925; x_wconf 91' lang='lat' dir='ltr'><strong>tum</strong></span> <span class='ocrx_word' id='word_1_751' title='bbox 1379 4864 1639 4943; x_wconf 90' lang='lat' dir='ltr'><strong>denique</strong></span> <span class='ocrx_word' id='word_1_752' title='bbox 1670 4861 2081 4943; x_wconf 84' lang='lat' dir='ltr'><strong>prophetizare</strong></span> <span class='ocrx_word' id='word_1_753' title='bbox 2116 4886 2129 4924; x_wconf 91' lang='lat'><strong>:</strong></span> 
     </span>
    </p>
   </div>
   <div class='ocr_carea' id='block_1_103' title="bbox 485 4950 2129 5036">
    <p class='ocr_par' dir='ltr' id='par_1_103' title="bbox 485 4950 2129 5036">
     <span class='ocr_line' id='line_1_103' title="bbox 485 4950 2129 5036; baseline -0.001 -20"><span class='ocrx_word' id='word_1_754' title='bbox 485 4957 565 5017; x_wconf 92' lang='lat' dir='ltr'><strong>ita</strong></span> <span class='ocrx_word' id='word_1_755' title='bbox 596 4965 652 5017; x_wconf 91' lang='lat' dir='ltr'><strong>et</strong></span> <span class='ocrx_word' id='word_1_756' title='bbox 678 4958 939 5018; x_wconf 83' lang='lat' dir='ltr'><strong>Joannes</strong></span> <span class='ocrx_word' id='word_1_757' title='bbox 968 4955 1116 5017; x_wconf 88' lang='lat' dir='ltr'><strong>forte</strong></span> <span class='ocrx_word' id='word_1_758' title='bbox 1147 4955 1311 5036; x_wconf 91' lang='lat' dir='ltr'><strong>prius</strong></span> <span class='ocrx_word' id='word_1_759' title='bbox 1340 4954 1569 5014; x_wconf 89' lang='lat' dir='ltr'><strong>saltavit</strong></span> <span class='ocrx_word' id='word_1_760' title='bbox 1594 4961 1654 5013; x_wconf 90' lang='lat' dir='ltr'><strong>ut</strong></span> <span class='ocrx_word' id='word_1_761' title='bbox 1677 4950 1942 5013; x_wconf 90' lang='lat' dir='ltr'><strong>divinum</strong></span> <span class='ocrx_word' id='word_1_762' title='bbox 1964 4952 2129 5033; x_wconf 91' lang='lat' dir='ltr'><strong>quid-</strong></span> 
     </span>
    </p>
   </div>
   <div class='ocr_carea' id='block_1_104' title="bbox 484 5041 2130 5126">
    <p class='ocr_par' dir='ltr' id='par_1_104' title="bbox 484 5041 2130 5126">
     <span class='ocr_line' id='line_1_104' title="bbox 484 5041 2130 5126; baseline -0.002 -19"><span class='ocrx_word' id='word_1_763' title='bbox 484 5045 618 5107; x_wconf 91' lang='lat' dir='ltr'><strong>dam</strong></span> <span class='ocrx_word' id='word_1_764' title='bbox 655 5046 908 5126; x_wconf 90' lang='lat' dir='ltr'><strong>patiens,</strong></span> <span class='ocrx_word' id='word_1_765' title='bbox 944 5052 1143 5125; x_wconf 86' lang='lat' dir='ltr'><strong>postea</strong></span> <span class='ocrx_word' id='word_1_766' title='bbox 1176 5062 1283 5124; x_wconf 89' lang='lat' dir='ltr'><strong>per</strong></span> <span class='ocrx_word' id='word_1_767' title='bbox 1323 5062 1389 5103; x_wconf 93' lang='lat' dir='ltr'><strong>os</strong></span> <span class='ocrx_word' id='word_1_768' title='bbox 1426 5041 1628 5102; x_wconf 89' lang='lat' dir='ltr'><strong>matris</strong></span> <span class='ocrx_word' id='word_1_769' title='bbox 1683 5041 2130 5121; x_wconf 90' lang='lat' dir='ltr'><strong>prophetizavit.</strong></span> 
     </span>
    </p>
   </div>
   <div class='ocr_carea' id='block_1_105' title="bbox 484 5130 2127 5214">
    <p class='ocr_par' dir='ltr' id='par_1_105' title="bbox 484 5130 2127 5214">
     <span class='ocr_line' id='line_1_105' title="bbox 484 5130 2127 5214; baseline -0.002 -19"><span class='ocrx_word' id='word_1_770' title='bbox 484 5133 637 5207; x_wconf 90' lang='lat' dir='ltr'><strong>Quid</strong></span> <span class='ocrx_word' id='word_1_771' title='bbox 667 5143 862 5197; x_wconf 89' lang='lat' dir='ltr'><strong>autem</strong></span> <span class='ocrx_word' id='word_1_772' title='bbox 900 5130 1712 5214; x_wconf 74' lang='lat' dir='ltr'><strong>prophetizaviL7cBenedicta</strong></span> <span class='ocrx_word' id='word_1_773' title='bbox 1743 5138 1801 5191; x_wconf 94' lang='lat' dir='ltr'><strong>tu</strong></span> <span class='ocrx_word' id='word_1_774' title='bbox 1834 5130 1890 5189; x_wconf 93' lang='lat' dir='ltr'><strong>in</strong></span> <span class='ocrx_word' id='word_1_775' title='bbox 1924 5130 2127 5192; x_wconf 91' lang='lat' dir='ltr'><strong>mulie-</strong></span> 
     </span>
    </p>
   </div>
   <div class='ocr_carea' id='block_1_106' title="bbox 485 5220 2132 5304">
    <p class='ocr_par' dir='ltr' id='par_1_106' title="bbox 485 5220 2132 5304">
     <span class='ocr_line' id='line_1_106' title="bbox 485 5220 2132 5304; baseline -0.002 -19"><span class='ocrx_word' id='word_1_776' title='bbox 485 5223 673 5289; x_wconf 88' lang='lat' dir='ltr'><strong>ribus.</strong></span> <span class='ocrx_word' id='word_1_777' title='bbox 709 5247 731 5277; x_wconf 76' lang='grc' dir='ltr'><strong>ι</strong></span> <span class='ocrx_word' id='word_1_778' title='bbox 770 5223 995 5286; x_wconf 88' lang='lat' dir='ltr'><strong>Deinde</strong></span> <span class='ocrx_word' id='word_1_779' title='bbox 1018 5222 1155 5304; x_wconf 88' lang='lat' dir='ltr'><strong>quia</strong></span> <span class='ocrx_word' id='word_1_780' title='bbox 1185 5224 1383 5284; x_wconf 65' lang='lat' dir='ltr'><strong>multae</strong></span> <span class='ocrx_word' id='word_1_781' title='bbox 1407 5228 1624 5283; x_wconf 65' lang='lat' dir='ltr'><strong>sancta;</strong></span> <span class='ocrx_word' id='word_1_782' title='bbox 1646 5220 1927 5281; x_wconf 88' lang='lat' dir='ltr'><strong>mulieres</strong></span> <span class='ocrx_word' id='word_1_783' title='bbox 1953 5238 2132 5301; x_wconf 85' lang='lat' dir='ltr'><strong>pepe-</strong></span> 
     </span>
    </p>
   </div>
   <div class='ocr_carea' id='block_1_107' title="bbox 485 5305 2132 5391">
    <p class='ocr_par' dir='ltr' id='par_1_107' title="bbox 485 5305 2132 5391">
     <span class='ocr_line' id='line_1_107' title="bbox 485 5305 2132 5391; baseline -0.002 -17"><span class='ocrx_word' id='word_1_784' title='bbox 485 5322 697 5375; x_wconf 86' lang='lat' dir='ltr'><strong>rerunt</strong></span> <span class='ocrx_word' id='word_1_785' title='bbox 724 5311 1057 5391; x_wconf 90' lang='lat' dir='ltr'><strong>improbos,</strong></span> <span class='ocrx_word' id='word_1_786' title='bbox 1090 5319 1154 5372; x_wconf 91' lang='lat' dir='ltr'><strong>ut</strong></span> <span class='ocrx_word' id='word_1_787' title='bbox 1183 5310 1455 5373; x_wconf 77' lang='lat' dir='ltr'><strong>Rebecca</strong></span> <span class='ocrx_word' id='word_1_788' title='bbox 1483 5311 1662 5383; x_wconf 85' lang='lat' dir='ltr'><strong>Esau,</strong></span> <span class='ocrx_word' id='word_1_789' title='bbox 1690 5307 1834 5370; x_wconf 92' lang='lat' dir='ltr'><strong>dicit</strong></span> <span class='ocrx_word' id='word_1_790' title='bbox 1863 5327 1879 5368; x_wconf 90' lang='lat'><strong>:</strong></span> <span class='ocrx_word' id='word_1_791' title='bbox 1924 5305 2040 5370; x_wconf 90' lang='lat' dir='ltr'><strong>Sed</strong></span> <span class='ocrx_word' id='word_1_792' title='bbox 2072 5316 2132 5371; x_wconf 89' lang='lat' dir='ltr'><strong>et</strong></span> 
     </span>
    </p>
   </div>
   <div class='ocr_carea' id='block_1_108' title="bbox 485 5396 2131 5479">
    <p class='ocr_par' dir='ltr' id='par_1_108' title="bbox 485 5396 2131 5479">
     <span class='ocr_line' id='line_1_108' title="bbox 485 5396 2131 5479; baseline -0.001 -18"><span class='ocrx_word' id='word_1_793' title='bbox 485 5400 712 5463; x_wconf 84' lang='lat' dir='ltr'><strong>fructus</strong></span> <span class='ocrx_word' id='word_1_794' title='bbox 740 5402 961 5463; x_wconf 90' lang='lat' dir='ltr'><strong>ventris</strong></span> <span class='ocrx_word' id='word_1_795' title='bbox 989 5401 1076 5463; x_wconf 90' lang='lat' dir='ltr'><strong>tui</strong></span> <span class='ocrx_word' id='word_1_796' title='bbox 1107 5399 1683 5463; x_wconf 81' lang='lat' dir='ltr'><strong>benedictus.Aliter</strong></span> <span class='ocrx_word' id='word_1_797' title='bbox 1706 5414 1942 5479; x_wconf 86' lang='lat' dir='ltr'><strong>quoque</strong></span> <span class='ocrx_word' id='word_1_798' title='bbox 1959 5396 2131 5462; x_wconf 87' lang='lat' dir='ltr'><strong>intel-</strong></span> 
     </span>
    </p>
   </div>
   <div class='ocr_carea' id='block_1_109' title="bbox 484 5485 2129 5571">
    <p class='ocr_par' dir='ltr' id='par_1_109' title="bbox 484 5485 2129 5571">
     <span class='ocr_line' id='line_1_109' title="bbox 484 5485 2129 5571; baseline -0.001 -20"><span class='ocrx_word' id='word_1_799' title='bbox 484 5489 589 5570; x_wconf 75' lang='lat' dir='ltr'><strong>ligi</strong></span> <span class='ocrx_word' id='word_1_800' title='bbox 618 5497 810 5571; x_wconf 80' lang='lat' dir='ltr'><strong>potest</strong></span> <span class='ocrx_word' id='word_1_801' title='bbox 838 5510 851 5551; x_wconf 94' lang='lat'>:</span> <span class='ocrx_word' id='word_1_802' title='bbox 880 5489 1198 5554; x_wconf 88' lang='lat' dir='ltr'><strong>Benedicta</strong></span> <span class='ocrx_word' id='word_1_803' title='bbox 1221 5499 1283 5549; x_wconf 92' lang='lat' dir='ltr'><strong>tu</strong></span> <span class='ocrx_word' id='word_1_804' title='bbox 1298 5489 1360 5551; x_wconf 90' lang='lat' dir='ltr'><strong>in</strong></span> <span class='ocrx_word' id='word_1_805' title='bbox 1392 5485 1990 5563; x_wconf 83' lang='lat' dir='ltr'><strong>mulieribus,deinde</strong></span> <span class='ocrx_word' id='word_1_806' title='bbox 2008 5487 2129 5549; x_wconf 76' lang='lat' dir='ltr'><strong>vel-</strong></span> 
     </span>
    </p>
   </div>
   <div class='ocr_carea' id='block_1_110' title="bbox 2222 4678 3841 4762">
    <p class='ocr_par' dir='ltr' id='par_1_110' title="bbox 2222 4678 3841 4762">
     <span class='ocr_line' id='line_1_110' title="bbox 2222 4678 3841 4762; baseline 0 -27"><span class='ocrx_word' id='word_1_807' title='bbox 2222 4679 2310 4735; x_wconf 83' lang='grc' dir='ltr'>καὶ</span> <span class='ocrx_word' id='word_1_808' title='bbox 2366 4680 2427 4734; x_wconf 87' lang='grc' dir='ltr'>τὸ</span> <span class='ocrx_word' id='word_1_809' title='bbox 2507 4678 2680 4753; x_wconf 88' lang='grc' dir='ltr'>στόμα</span> <span class='ocrx_word' id='word_1_810' title='bbox 2774 4684 2874 4747; x_wconf 83' lang='grc' dir='ltr'>τῆς</span> <span class='ocrx_word' id='word_1_811' title='bbox 2931 4680 3134 4759; x_wconf 77' lang='grc' dir='ltr'>Μαρίας</span> <span class='ocrx_word' id='word_1_812' title='bbox 3198 4681 3502 4762; x_wconf 79' lang='grc' dir='ltr'>ὒπούργησε</span> <span class='ocrx_word' id='word_1_813' title='bbox 3555 4687 3633 4757; x_wconf 87' lang='grc' dir='ltr'>τῷ</span> <span class='ocrx_word' id='word_1_814' title='bbox 3687 4678 3734 4735; x_wconf 76' lang='grc' dir='ltr'><strong>έν</strong></span> <span class='ocrx_word' id='word_1_815' title='bbox 3782 4684 3841 4755; x_wconf 78' lang='grc' dir='ltr'><strong>τῇ</strong></span> 
     </span>
    </p>
   </div>
   <div class='ocr_carea' id='block_1_111' title="bbox 2220 4766 3839 4851">
    <p class='ocr_par' dir='ltr' id='par_1_111' title="bbox 2220 4766 3839 4851">
     <span class='ocr_line' id='line_1_111' title="bbox 2220 4766 3839 4851; baseline 0.001 -27"><span class='ocrx_word' id='word_1_816' title='bbox 2220 4770 2397 4848; x_wconf 73' lang='grc' dir='ltr'>μήτρᾳ</span> <span class='ocrx_word' id='word_1_817' title='bbox 2452 4770 2618 4834; x_wconf 72' lang='grc' dir='ltr'>αὖτῆς</span> <span class='ocrx_word' id='word_1_818' title='bbox 2674 4766 2783 4825; x_wconf 76' lang='grc' dir='ltr'>ὄντι</span> <span class='ocrx_word' id='word_1_819' title='bbox 2842 4772 2948 4844; x_wconf 79' lang='grc' dir='ltr'><strong>Υἱῷ</strong></span> <span class='ocrx_word' id='word_1_820' title='bbox 3004 4776 3098 4827; x_wconf 81' lang='grc' dir='ltr'>τοῦ</span> <span class='ocrx_word' id='word_1_821' title='bbox 3155 4776 3309 4827; x_wconf 78' lang='grc' dir='ltr'>Θεοῦ’</span> <span class='ocrx_word' id='word_1_822' title='bbox 3343 4772 3717 4851; x_wconf 82' lang='grc' dir='ltr'>σκιρτήσαντος</span> <span class='ocrx_word' id='word_1_823' title='bbox 3753 4771 3839 4848; x_wconf 78' lang='grc' dir='ltr'><strong>γὰρ</strong></span> 
     </span>
    </p>
   </div>
   <div class='ocr_carea' id='block_1_112' title="bbox 2218 4856 3838 4938">
    <p class='ocr_par' dir='ltr' id='par_1_112' title="bbox 2218 4856 3838 4938">
     <span class='ocr_line' id='line_1_112' title="bbox 2218 4856 3838 4938; baseline -0.001 -23"><span class='ocrx_word' id='word_1_824' title='bbox 2218 4860 2326 4938; x_wconf 15' lang='grc' dir='ltr'>τοῦ,</span> <span class='ocrx_word' id='word_1_825' title='bbox 2366 4856 2589 4937; x_wconf 78' lang='grc' dir='ltr'>βρέφους</span> <span class='ocrx_word' id='word_1_826' title='bbox 2647 4856 2701 4914; x_wconf 79' lang='grc' dir='ltr'>ἐν</span> <span class='ocrx_word' id='word_1_827' title='bbox 2772 4861 2841 4934; x_wconf 78' lang='grc' dir='ltr'><strong>τῇ</strong></span> <span class='ocrx_word' id='word_1_828' title='bbox 2896 4860 3105 4938; x_wconf 81' lang='grc' dir='ltr'>γαστρὶ,</span> <span class='ocrx_word' id='word_1_829' title='bbox 3136 4860 3256 4916; x_wconf 82' lang='grc' dir='ltr'>τότε</span> <span class='ocrx_word' id='word_1_830' title='bbox 3285 4858 3529 4931; x_wconf 73' lang='grc' dir='ltr'>ἐπλήσθη</span> <span class='ocrx_word' id='word_1_831' title='bbox 3559 4859 3838 4935; x_wconf 77' lang='grc' dir='ltr'>Πνεύματος</span> 
     </span>
    </p>
   </div>
   <div class='ocr_carea' id='block_1_113' title="bbox 2216 4937 3835 5029">
    <p class='ocr_par' dir='ltr' id='par_1_113' title="bbox 2216 4937 3835 5029">
     <span class='ocr_line' id='line_1_113' title="bbox 2216 4937 3835 5029; baseline -0.001 -24"><span class='ocrx_word' id='word_1_832' title='bbox 2216 4950 2251 5016; x_wconf 77' lang='grc' dir='ltr'>ἡ</span> <span class='ocrx_word' id='word_1_833' title='bbox 2316 4937 2614 5008; x_wconf 77' lang='grc' dir='ltr'>Ἐλισάόετ.</span> <span class='ocrx_word' id='word_1_834' title='bbox 2680 4948 2736 5004; x_wconf 77' lang='lat' dir='ltr'><strong>El</strong></span> <span class='ocrx_word' id='word_1_835' title='bbox 2792 4947 2870 5023; x_wconf 78' lang='grc' dir='ltr'>μὴ</span> <span class='ocrx_word' id='word_1_836' title='bbox 3028 4949 3090 5004; x_wconf 75' lang='grc' dir='ltr'>τὸ</span> <span class='ocrx_word' id='word_1_837' title='bbox 3138 4947 3330 5028; x_wconf 69' lang='grc' dir='ltr'>βρὶφος</span> <span class='ocrx_word' id='word_1_838' title='bbox 3387 4947 3711 5029; x_wconf 71' lang='grc' dir='ltr'>έσκίρτησεν,</span> <span class='ocrx_word' id='word_1_839' title='bbox 3752 4949 3835 5005; x_wconf 78' lang='grc' dir='ltr'><strong>οὒκ</strong></span> 
     </span>
    </p>
   </div>
   <div class='ocr_carea' id='block_1_114' title="bbox 2220 5034 3832 5120">
    <p class='ocr_par' dir='ltr' id='par_1_114' title="bbox 2220 5034 3832 5120">
     <span class='ocr_line' id='line_1_114' title="bbox 2220 5034 3832 5120; baseline -0.001 -25"><span class='ocrx_word' id='word_1_840' title='bbox 2220 5037 2279 5095; x_wconf 72' lang='grc' dir='ltr'><strong>ἅν</strong></span> <span class='ocrx_word' id='word_1_841' title='bbox 2334 5038 2725 5117; x_wconf 74' lang='grc' dir='ltr'>προεφήτευσεν</span> <span class='ocrx_word' id='word_1_842' title='bbox 2781 5034 2938 5103; x_wconf 70' lang='grc' dir='ltr'>αῧτη’</span> <span class='ocrx_word' id='word_1_843' title='bbox 3000 5036 3179 5117; x_wconf 80' lang='grc' dir='ltr'>ὥσπερ</span> <span class='ocrx_word' id='word_1_844' title='bbox 3235 5037 3323 5095; x_wconf 79' lang='grc' dir='ltr'>οὖν</span> <span class='ocrx_word' id='word_1_845' title='bbox 3377 5060 3503 5120; x_wconf 76' lang='grc' dir='ltr'>φασι</span> <span class='ocrx_word' id='word_1_846' title='bbox 3545 5038 3665 5105; x_wconf 80' lang='grc' dir='ltr'>τούς</span> <span class='ocrx_word' id='word_1_847' title='bbox 3714 5059 3832 5115; x_wconf 78' lang='grc' dir='ltr'>προ·</span> 
     </span>
    </p>
   </div>
   <div class='ocr_carea' id='block_1_115' title="bbox 2218 5124 3833 5207">
    <p class='ocr_par' dir='ltr' id='par_1_115' title="bbox 2218 5124 3833 5207">
     <span class='ocr_line' id='line_1_115' title="bbox 2218 5124 3833 5207; baseline -0.001 -23"><span class='ocrx_word' id='word_1_848' title='bbox 2218 5128 2391 5207; x_wconf 76' lang='grc' dir='ltr'>φήτας</span> <span class='ocrx_word' id='word_1_849' title='bbox 2452 5127 2706 5206; x_wconf 82' lang='grc' dir='ltr'>πρότερον</span> <span class='ocrx_word' id='word_1_850' title='bbox 2757 5124 3126 5202; x_wconf 68' lang='grc' dir='ltr'>ἐξισταμένους</span> <span class='ocrx_word' id='word_1_851' title='bbox 3150 5126 3239 5183; x_wconf 86' lang='grc' dir='ltr'>καὶ</span> <span class='ocrx_word' id='word_1_852' title='bbox 3279 5126 3673 5207; x_wconf 79' lang='grc' dir='ltr'>ἐνθουσιῶντας,</span> <span class='ocrx_word' id='word_1_853' title='bbox 3727 5127 3833 5184; x_wconf 73' lang='grc' dir='ltr'>εἶτα</span> 
     </span>
    </p>
   </div>
   <div class='ocr_carea' id='block_1_116' title="bbox 2215 5205 3836 5297">
    <p class='ocr_par' dir='ltr' id='par_1_116' title="bbox 2215 5205 3836 5297">
     <span class='ocr_line' id='line_1_116' title="bbox 2215 5205 3836 5297; baseline -0.001 -23"><span class='ocrx_word' id='word_1_854' title='bbox 2215 5205 2625 5297; x_wconf 60' lang='grc' dir='ltr'>προφητεύειν,</span> <span class='ocrx_word' id='word_1_855' title='bbox 2666 5213 2804 5271; x_wconf 76' lang='grc' dir='ltr'>οὕτω</span> <span class='ocrx_word' id='word_1_856' title='bbox 2858 5215 3005 5295; x_wconf 81' lang='grc' dir='ltr'>τάχα</span> <span class='ocrx_word' id='word_1_857' title='bbox 3065 5215 3154 5274; x_wconf 83' lang='grc' dir='ltr'><strong>καὶ</strong></span> <span class='ocrx_word' id='word_1_858' title='bbox 3205 5217 3233 5272; x_wconf 90' lang='lat'><strong>6</strong></span> <span class='ocrx_word' id='word_1_859' title='bbox 3308 5205 3555 5288; x_wconf 80' lang='grc' dir='ltr'>Ἰωάννης</span> <span class='ocrx_word' id='word_1_860' title='bbox 3608 5217 3836 5295; x_wconf 78' lang='grc' dir='ltr'>πρότερον</span> 
     </span>
    </p>
   </div>
   <div class='ocr_carea' id='block_1_117' title="bbox 2213 5301 3835 5387">
    <p class='ocr_par' dir='ltr' id='par_1_117' title="bbox 2213 5301 3835 5387">
     <span class='ocr_line' id='line_1_117' title="bbox 2213 5301 3835 5387; baseline 0.001 -25"><span class='ocrx_word' id='word_1_861' title='bbox 2213 5306 2545 5387; x_wconf 73' lang='grc' dir='ltr'>ἐσκίρτησεν,</span> <span class='ocrx_word' id='word_1_862' title='bbox 2608 5305 2729 5361; x_wconf 72' lang='grc' dir='ltr'>οἷον</span> <span class='ocrx_word' id='word_1_863' title='bbox 2789 5302 3092 5384; x_wconf 74' lang='grc' dir='ltr'>ένθουσιῶν,</span> <span class='ocrx_word' id='word_1_864' title='bbox 3152 5304 3279 5362; x_wconf 73' lang='grc' dir='ltr'>εἶτα</span> <span class='ocrx_word' id='word_1_865' title='bbox 3332 5301 3417 5362; x_wconf 74' lang='grc' dir='ltr'>διὰ</span> <span class='ocrx_word' id='word_1_866' title='bbox 3460 5316 3553 5365; x_wconf 82' lang='grc' dir='ltr'><strong>τοῦ</strong></span> <span class='ocrx_word' id='word_1_867' title='bbox 3598 5305 3835 5382; x_wconf 79' lang='grc' dir='ltr'>στόματος</span> 
     </span>
    </p>
   </div>
   <div class='ocr_carea' id='block_1_118' title="bbox 2212 5390 3838 5477">
    <p class='ocr_par' dir='ltr' id='par_1_118' title="bbox 2212 5390 3838 5477">
     <span class='ocr_line' id='line_1_118' title="bbox 2212 5390 3838 5477; baseline -0.001 -24"><span class='ocrx_word' id='word_1_868' title='bbox 2212 5401 2313 5463; x_wconf 76' lang='grc' dir='ltr'>τῆς</span> <span class='ocrx_word' id='word_1_869' title='bbox 2398 5394 2603 5475; x_wconf 78' lang='grc' dir='ltr'>μητρὸς</span> <span class='ocrx_word' id='word_1_870' title='bbox 2697 5394 3086 5473; x_wconf 55' lang='grc' dir='ltr'>προεφήτευσε</span> <span class='ocrx_word' id='word_1_871' title='bbox 3146 5395 3198 5451; x_wconf 90' lang='grc' dir='ltr'><strong>τί</strong></span> <span class='ocrx_word' id='word_1_872' title='bbox 3293 5390 3348 5451; x_wconf 66' lang='grc' dir='ltr'>δε</span> <span class='ocrx_word' id='word_1_873' title='bbox 3426 5396 3838 5477; x_wconf 49' lang='lat' dir='ltr'><strong>«pore-dune&quot;;</strong></span> 
     </span>
    </p>
   </div>
   <div class='ocr_carea' id='block_1_119' title="bbox 2222 5481 3839 5566">
    <p class='ocr_par' dir='ltr' id='par_1_119' title="bbox 2222 5481 3839 5566">
     <span class='ocr_line' id='line_1_119' title="bbox 2222 5481 3839 5566; baseline -0.003 -20"><span class='ocrx_word' id='word_1_874' title='bbox 2222 5513 2247 5546; x_wconf 79' lang='lat' dir='ltr'><strong>tt</strong></span> <span class='ocrx_word' id='word_1_875' title='bbox 2282 5484 2633 5566; x_wconf 71' lang='grc' dir='ltr'>Εὐλογημένη</span> <span class='ocrx_word' id='word_1_876' title='bbox 2690 5484 2753 5540; x_wconf 78' lang='grc' dir='ltr'><strong>σὺ</strong></span> <span class='ocrx_word' id='word_1_877' title='bbox 2781 5481 2838 5538; x_wconf 69' lang='grc' dir='ltr'>ἕν</span> <span class='ocrx_word' id='word_1_878' title='bbox 2892 5481 3143 5564; x_wconf 77' lang='grc' dir='ltr'>γυναιξίν.</span> <span class='ocrx_word' id='word_1_879' title='bbox 3204 5505 3231 5543; x_wconf 73' lang='grc' dir='ltr'><strong>ο</strong></span> <span class='ocrx_word' id='word_1_880' title='bbox 3280 5486 3418 5544; x_wconf 75' lang='grc' dir='ltr'>Εἶτα</span> <span class='ocrx_word' id='word_1_881' title='bbox 3444 5482 3631 5553; x_wconf 68' lang='grc' dir='ltr'>έπειδὴ</span> <span class='ocrx_word' id='word_1_882' title='bbox 3671 5483 3839 5543; x_wconf 74' lang='grc' dir='ltr'>πολλαὶ</span> 
     </span>
    </p>
   </div>
  </div>
