4154 6298
477 296 582 364 711

1455 303 1997 368 THOPHYLACTI
2041 300 2449 364 BULGARI/E
2494 300 2846 362 ARCHIEP.

3759 300 3888 365 7t?

477 440 919 514 generationem
951 448 1150 502 autem
1190 448 1251 503 et
1279 437 1724 518 generationem
1758 436 1963 498 dicens
1987 454 2120 498 esse

2207 431 2503 493 ἱλεοῦνται.
2563 436 2650 500 El;
2716 436 2902 514 γενεὰν
2959 434 3015 493 δὲ
3072 439 3157 493 καὶ
3211 439 3398 516 γενεὰν
3454 440 3674 498 εἰποῦσα
3722 440 3880 495 εἶναι

481 527 949 591 misericordiam
982 529 1110 604 Dei,
1147 529 1403 590 ostendit
1434 527 1588 608 quod
1652 526 2119 588 misericordiam

478 628 865 698 assequentur
891 626 946 679 et
976 620 1035 679 in
1078 617 1356 697 praesenti
1410 617 1650 696 saeculo,
1685 623 1742 677 et
1790 614 1853 675 in
1899 617 2116 691 luturo,

478 707 1104 783 nempeaaterno.Nam
1123 708 1216 767 hic
1230 706 1570 786 centuplum
1597 704 1979 782 accipiunt,et
1999 705 2121 764 illic

430 864 435 877 ν
481 795 654 873 longe
682 797 1427 875 ampliusAttendeautem
1450 793 1605 875 quod
1626 792 1879 873 primum
1906 794 2124 871 magni-

480 886 611 944 ticat
635 885 833 946 anima
864 886 1200 958 Dominum,
1237 893 1296 944 et
1319 884 1537 944 deinde
1573 883 1817 961 spiritus
1847 886 2119 945 exsultat:

474 981 540 1033 ut
568 973 762 1034 simile
791 974 934 1054 quid
968 974 1185 1047 dicam,
1209 974 1543 1051 magnificat
1572 974 1784 1043 Deum,
1817 973 1914 1049 qui
1949 972 2125 1050 digne

470 1063 638 1140 juxta
672 1065 853 1123 Deum
885 1061 1170 1124 ambulat.
1204 1064 1457 1123 Vocatus
1490 1080 1553 1122 es
1578 1061 1970 1133 Christianus,
2006 1082 2123 1123 non

478 1161 793 1212 attenuans
824 1170 1039 1212 nomen
1087 1160 1144 1213 et
1199 1150 1545 1230 dignitatem
1598 1149 1812 1212 Christi
1852 1151 2123 1212 faciendo

479 1241 632 1318 quod
667 1260 784 1302 non
817 1249 1078 1319 oportet,
1114 1241 1217 1302 sed
1256 1240 1641 1319 magniﬁcans
1679 1242 1977 1318 operando
2004 1259 2127 1300 ma-

480 1348 613 1405 gna,
667 1331 1052 1410 caelestiaque
1096 1349 1301 1409 opera.
1353 1329 1421 1390 Et
1477 1338 1617 1390 tunc
1660 1330 1831 1390 etiam
1884 1330 2127 1410 spiritus

482 1429 614 1479 tuus
648 1419 985 1501 exsultabit,
1021 1422 1131 1482 hoc
1164 1429 1275 1497 cst,
1332 1418 1637 1499 spirituale
1689 1420 1907 1479 donum
1967 1418 2125 1499 quod

478 1509 755 1586 accepisti
782 1527 887 1587 per
915 1510 1154 1590 egregia
1184 1528 1388 1589 opera,
1413 1507 1726 1569 exsultabit
1752 1517 1807 1568 et
1830 1507 2120 1588 proﬁciet.

483 1597 551 1656 Et
582 1616 697 1657 non
716 1600 1124 1669 COtlll‘dhCllﬂ',
1159 1608 1239 1678 et,
1272 1608 1335 1659 ut
1362 1600 1436 1660 ita
1471 1599 1686 1658 dicam.
1734 1597 2122 1659 mortiﬁcabi-

481 1698 595 1747 tur.
623 1683 787 1747 Scias
818 1697 1106 1767 praaterea
1144 1687 1328 1749 videri
1361 1686 1726 1765 Scripturam
1772 1686 2125 1764 simpliciter

2203 523 2263 577 τὸ
2333 521 2481 587 ἕλεος
2529 529 2622 581 τοῦ
2691 530 2845 599 Θεοῦ,
2910 535 3068 585 τοῦτο
3131 523 3422 601 ιδήλωσεν,
3455 526 3538 584 ὅτι
3592 529 3683 584 καὶ
3714 527 3776 583 ἐν
3808 532 3878 603 τῇ

2204 617 2289 667 νῦν
2340 617 2497 690 γενεᾷ
2553 610 2845 689 ἐλεοῦνται,
2918 614 3157 672 τουτέστι
3213 621 3291 690 τῷ
3384 622 3473 674 νῦν
3529 618 3702 674 αἰῶνι’
3782 619 3874 675 καὶ

2206 698 2261 755 ’ἐν
2300 706 2371 777 τῇ
2426 700 2699 778 μελλοῦσῃ
2753 707 2934 781 γενεᾷ,
3020 710 3098 778 τῷ
3147 704 3428 782 ἇπεράντῳ
3482 704 3628 786 λέγω
3682 709 3871 763 αἰῶνι*

2206 789 2469 847 κάνταῦθα
2534 791 2635 871 γὰρ
2717 792 3235 851 ἑκατονταπλασίονα
3329 792 3683 875 λαμϐάνουσι,
3757 795 3869 851 κά-

2206 891 2356 935 κεῖσε
2426 878 2614 955 πολλῷ
2663 879 2905 944 πλείονα.
2954 884 3203 964 Πρόσχεσ
3256 880 3313 941 δὲ
3358 882 3441 940 δτι
3470 886 3726 965 πρότερον
3758 906 3863 951 με·

2206 965 2421 1045 γαλύνει
2476 970 2511 1037 ἡ
2574 970 2729 1050 ψυχὴ
2780 972 2871 1028 τὸν
2932 974 3143 1053 Κύριον,
3177 976 3297 1030 εἶτα
3324 973 3387 1031 τὸ
3414 980 3620 1050 πνεῦμα
3679 972 3865 1052 ἀγαλ-

2207 1054 2405 1113 λιᾶται·
2468 1060 2588 1115 οἷόν
2643 1081 2693 1116 τι
2750 1060 2915 1140 λέγω·
2977 1061 3275 1141 Μεγαλύνει
3332 1064 3425 1120 τὸν
3453 1065 3583 1121 Θεὸν
3615 1065 3648 1120 ό
3702 1062 3866 1129 ἀξίως

2206 1151 2300 1201 τοῦ
2384 1154 2515 1206 Θεοῦ
2600 1154 2980 1228 πορευόμενος.
3068 1152 3379 1233 Χριστιανὸς
3459 1151 3714 1229 ἐκλήθης,
3780 1155 3862 1229 μὴ

2210 1238 2502 1316 σμικρύνῃς
2566 1241 2629 1297 τὸ
2680 1238 2885 1317 ἀξίωμα
2943 1249 3037 1300 τοῦ
3111 1250 3334 1322 Χριστοῦ
3412 1245 3501 1300 καὶ
3544 1244 3607 1300 τὸ
3660 1241 3860 1319 ὄνομα,

2209 1322 2293 1381 διὰ
2344 1336 2436 1387 τοῦ
2490 1330 2739 1409 πράττειν
2792 1332 2859 1387 τὰ
2915 1333 2993 1406 μὴ
3048 1329 3253 1413 δέοντα,
3326 1331 3462 1390 ἆλλᾶ
3559 1330 3862 1411 μεγάλυνον

2207 1416 2358 1496 αὐτὸ,
2421 1417 2660 1496 μεγάλας
2718 1422 2807 1477 καὶ
2860 1421 3127 1501 οὐρανίους
3199 1420 3412 1501 πράξεις
3492 1423 3685 1480 τελῶν’
3773 1422 3862 1479 καὶ

2204 1502 2327 1561 τότε
2383 1508 2470 1563 καὶ
2515 1508 2579 1565 τὸ
2630 1510 2840 1587 πνεῦμά
2893 1531 2986 1567 σου
3041 1509 3446 1589 ἀγαλλιάσεται,
3502 1509 3737 1569 τουτέστι
3799 1512 3863 1566 τὸ

2205 1598 2560 1669 πνευματικὸν
2626 1599 2889 1678 χάρισμα,
2956 1598 2985 1655 ὅ
3055 1597 3241 1664 ἔλαϐες
3292 1598 3375 1657 διὰ
3438 1600 3544 1657 τῶν
3604 1598 3862 1680 μεγάλων

2204 1680 2465 1760 πράξεων,
2535 1688 2808 1766 σκιρτήσει
2876 1689 2966 1745 καὶ
3020 1689 3303 1767 προκόψει⁹
3360 1687 3481 1746 ἀλλ’
3536 1690 3599 1747 οῦ
3651 1708 3860 1744 συστα-

477 1773 633 1833 idem
657 1774 858 1836 dicere
881 1776 1149 1855 spiritum
1183 1785 1241 1837 et
1272 1775 1531 1837 animam
1561 1775 1614 1848 8,
1651 1774 1889 1855 proprie
1924 1784 2120 1837 tamen

2207 1767 2429 1858 λήσεται
2486 1775 2597 1854 καὶ,
2670 1779 2789 1834 οἷον
2845 1778 3040 1852 εἰπεῖν,
3128 1779 3539 1858 νεκρωθήσεται,
3621 1778 3860 1835 Γίνωσκε

476 1862 692 1925 dill'ert.
723 1866 1053 1927 Animalem
1092 1866 1249 1926 enim
1278 1874 1449 1925 τευ
1481 1866 1782 1925 hominem
1815 1864 1961 1927 dicit
1984 1884 2119 1927 eum

475 1952 573 2031 qui
595 1952 763 2031 juxta
796 1964 1060 2015 naturam
1097 1956 1251 2033 vivit,
1288 1965 1345 2015 et
1377 1954 1652 2015 humanis
1682 1953 2008 2015 rationibus
2030 1972 2121 2016 re—

476 2043 646 2116 gitur,
681 2043 970 2123 siquando
1002 2043 1274 2104 esuriens
1294 2043 1737 2115 comrdat,odio
1764 2041 1976 2104 haheat
1999 2043 2120 2104 ini-

478 2131 722 2205 micum,
758 2141 813 2193 et
846 2136 901 2193 in
936 2151 1186 2211 summa,
1222 2133 1271 2193 si
1306 2133 1451 2194 nihil
1484 2151 1661 2211 supra
1686 2130 1987 2193 hominem
2012 2150 2121 2212 ap-

478 2230 698 2298 pareat.
748 2221 1127 2301 Spiritualem
1174 2241 1335 2295 vero,
1382 2220 1483 2301 qui
1539 2220 1905 2282 transcendit
1962 2220 2124 2300 leges

476 2319 721 2384 natura},
764 2318 965 2371 etnon
1002 2311 1261 2371 humano
1308 2330 1472 2372 more
1524 2311 1693 2390 sapit.
1754 2312 1820 2371 Et
1866 2309 1994 2371 haec
2033 2320 2125 2372 est

479 2400 820 2464 differentia
848 2401 1060 2461 animae
1091 2410 1145 2461 et
1172 2400 1421 2480 spiritus
1454 2400 1511 2461 in
1539 2398 1870 2480 Scriptura.
1914 2401 2123 2462 Medici

478 2488 722 2551 forsitan
755 2490 878 2549 haec
907 2490 1077 2550 aliter
1106 2489 1477 2563 discernunt,
1511 2489 1614 2550 sed
1654 2488 1823 2551 nobis
1852 2487 2124 2570 Sciptura

478 2578 643 2638 cordi
671 2586 782 2652 est,
817 2579 1038 2640 medici
1068 2596 1205 2640 vero
1236 2579 1487 2641 valeant.

560 2845 741 2908 Vens.
776 2846 993 2908 51-56.
1027 2872 1047 2899 ε·
1075 2845 1240 2908 Fecit
1276 2845 1459 2907 robur
1491 2847 1546 2908 in
1580 2846 1823 2907 brachio
1860 2868 1986 2922 suo,
2021 2851 2119 2910 tli-

475 2935 694 3016 spersit
712 2933 1005 3017 superbos
1024 2935 1373 3014 cognatione
1394 2935 1593 2997 cordis
1624 2936 2122 3017 ipsorum.Detra~

478 3030 556 3088 xit
590 3034 861 3105 potentes
889 3025 963 3086 de
985 3025 1317 3099 sedibus,et
1348 3025 1620 3087 exaltavit
1648 3027 1928 3091 humiles.
1964 3030 2120 3091 Esu-

476 3117 702 3176 ricntes
741 3116 1003 3194 implevit
1047 3114 1241 3188 bonis,
1292 3124 1346 3175 et
1384 3115 1595 3176 divites
1629 3116 1852 3177 dimisit
1886 3114 2404 3183 inanes.c"5M¢<
2472 3110 2765 3194 ῐνέπλησεν

475 3203 747 3285 Suscepit
775 3203 953 3265 Israel
989 3224 1237 3284 puerum
1271 3224 1469 3278 suum,
1494 3215 1553 3265 ut
1587 3224 1815 3266 memor
1835 3218 1993 3269 esset
2018 3208 2123 3269 mi-

474 3293 835 3355 sericordiae.
873 3291 1035 3354 Sicut
1076 3293 1311 3353 locutus
1368 3304 1455 3355 est
1510 3297 1579 3353 ad
1635 3304 1831 3374 patres
1860 3307 2114 3371 nostros,

472 3382 793 3455 Abraham,
822 3391 877 3442 et
906 3382 1121 3442 semini
1147 3383 1297 3463 ejus,
1330 3382 1387 3442 in
1416 3383 1721 3445 smculmn.
1768 3385 1978 3446 Mansit
2005 3406 2114 3449 au-

473 3481 591 3533 tem
626 3472 804 3533 Maria
834 3491 965 3531 cum
998 3470 1093 3531 illa
1119 3471 1420 3532 mensibus
1447 3473 1685 3534 circiter
1716 3473 1991 3553 tribus,et
2016 3495 2112 3537 re-

470 3580 640 3620 versa
670 3569 759 3622 est
785 3560 841 3620 in
868 3560 1105 3619 domum
1140 3580 1328 3623 suam.
1362 3586 1386 3615 »
1425 3560 1741 3622 Brachium
1776 3562 1978 3641 patris,
2011 3565 2109 3625 Fi-

474 3651 610 3709 lius.
640 3648 805 3711 Fecit
846 3649 1023 3727 igitur
1052 3650 1232 3709 robur
1264 3658 1319 3709 et
1362 3649 1634 3712 virtutem
1677 3670 1742 3711 ac
1794 3653 2112 3722 potentia'n

2205 1856 2261 1914 δὲ
2323 1861 2403 1918 ὅτι
2474 1863 2507 1931 ἡ
2564 1866 2748 1946 Γραφὴ
2818 1864 3007 1930 ἁπλῶς
3062 1868 3161 1943 μὲν
3222 1856 3287 1925 τὸ
3317 1869 3442 1925 αὐτὸ
3499 1866 3649 1925 δοκεῖ
3676 1866 3858 1946 λέγειν

2207 1956 2413 2026 πνεῦμα
2480 1955 2567 2010 καὶ
2640 1956 2850 2035 ψυχὴν,
2885 1956 3087 2037 κυρίως
3142 1954 3197 2013 δί
3253 1954 3577 2015 διαστέλλει*
3620 1960 3859 2037 ψυχικὸν

2207 2048 2306 2129 μὲν
2358 2042 2457 2121 γὰρ
2529 2042 2801 2123 ἅνθραητον
2856 2044 3003 2125 λέγει
3036 2047 3126 2102 τὸν
3162 2046 3300 2103 κατὰ
3346 2048 3498 2128 φύσιν
3538 2053 3737 2129 ζῶντα,
3765 2050 3859 2104 καὶ

2207 2126 2545 2208 ἀνθρωπίνοις
2656 2133 2940 2214 λογισμοῖς
3020 2126 3405 2212 διοικούμενον,
3499 2137 3622 2194 οἷον
3720 2126 3860 2194 ῦταν

2205 2224 2381 2294 πεινᾷ,
2442 2220 2703 2299 ὶσθίοντα,
2762 2225 2855 2281 τὸν
2909 2223 3103 2304 ἐχθρὸν
3176 2231 3456 2300 μισοῦντα,
3491 2228 3577 2283 καὶ
3640 2224 3858 2301 ἁπλῶς,

2207 2306 2374 2382 μηδὲν
2432 2308 2561 2390 ὑπὲρ
2630 2311 2782 2391 φύσιν
2854 2314 3271 2392 φανταζόμενον·
3346 2316 3699 2391 πνευματικὸν
3768 2312 3852 2389 δὲ,

2203 2397 2307 2485 τὸν
2364 2397 2760 2475 ὑπεραναϐάντα
2828 2402 2956 2465 τοὺς
3039 2403 3138 2469 τῆς
3205 2403 3412 2483 φύσεως
3488 2403 3707 2485 νόμους,
3763 2407 3856 2461 καὶ

2205 2482 2373 2559 μηδὲν
2427 2487 2753 2565 ἀνθρώπινον
2808 2492 3118 2570 φρονοῦντα·
3198 2482 3288 2548 καὶ
3364 2490 3499 2560 αὕτη
3596 2482 3735 2551 εστίν
3816 2495 3854 2563 ἡ

2204 2572 2423 2663 διαφορᾶ
2484 2580 2670 2663 ψυχῆς
2728 2579 2816 2635 καὶ
2870 2580 3167 2655 πνεύματος
3199 2579 3255 2638 ἂν
3311 2586 3380 2657 τῇ
3443 2586 3651 2663 Γραφῇ·
3706 2580 3854 2661 τάχα

2203 2659 2257 2718 δὲ
2324 2664 2491 2744 ίατροὶ
2562 2662 2739 2731 ἄλλως
2806 2673 2972 2725 ταῦτα
3028 2665 3399 2747 διακρίνουσιν·
3429 2659 3721 2745 ἀλλ’-ημῖν
3750 2659 3854 2737 τῆς

2202 2755 2413 2832 Γραφῇ
2455 2752 2631 2829 μέλει’
2664 2756 2831 2835 ἰατροὶ
2864 2754 2918 2812 δὲ
2947 2755 3352 2836 ψειρέώωσαν,

2288 2862 2317 2895 ε
2377 2842 2629 2911 Ἐποίησε
2687 2846 2879 2924 κράτος
2952 2845 3007 2902 ἐν
3056 2848 3294 2927 βραχίονι
3350 2847 3527 2905 αὐτοῦ’
3587 2844 3846 2925 διεσκόρ-

2204 2950 2359 2986 πισεν
2425 2933 2790 3013 ὑπερηφάνους
2833 2932 3035 3007 διανοίᾳ
3089 2931 3296 3014 καρδίας
3363 2935 3551 2990 αἰτιῶν
3616 2934 3840 2990 καθεῖλε

2204 3015 2460 3085 δυνάστας
2514 3021 2619 3079 άπὸ
2677 3022 2897 3101 θρόνων,
2957 3025 3045 3079 καὶ
3117 3024 3297 3100 ὕψωσε
3338 3022 3638 3086 ταπεινούς·
3708 3042 3837 3078 πει-

2868 3113 3101 3193 ὰγαθῶν,
3175 3115 3264 3170 καὶ
3347 3110 3694 3176 πλουτοῦντας
3753 3110 3846 3176 ιε-

2205 3198 2482 3256 απέστειλε
2538 3190 2741 3265 κενούς·
2796 3190 3115 3259 ἀντελάϐετο
3174 3199 3386 3275 Ἰσραὴλ
3453 3198 3640 3265 παιδὸς
3663 3200 3844 3279 αὑτοῦ,

2202 3292 2500 3363 μνησθῆναι
2547 3289 2748 3364 ὶλέους,
2837 3293 3009 3358 καθὼς
3092 3291 3322 3359 ιλάλησε
3379 3292 3511 3370 πρὸς
3566 3292 3689 3355 τοὺς
3745 3312 3852 3346 πα-

2199 3376 2353 3454 τέρας
2409 3380 2564 3453 ἡμῶν
2619 3388 2697 3455 τῷ
2758 3378 3001 3459 Ἀϐραὰμ
3053 3383 3141 3438 καὶ
3200 3387 3278 3456 τῷ
3338 3380 3603 3461 σπέρματι
3660 3380 3843 3453 αὐτοῦ,

2198 3486 2269 3529 εις
2326 3468 2415 3523 τὸν
2462 3469 2650 3531 αίῶνα.
2710 3468 2947 3545 ’Ἔμεινε
2996 3469 3051 3526 δὲ
3098 3471 3316 3548 Μαριὰμ
3372 3470 3469 3527 σὺν
3524 3471 3660 3546 αῦτῇ
3723 3466 3849 3523 ὡσεὶ

2195 3558 2370 3627 μῆνας
2439 3570 2608 3635 τρεῖς.
2664 3559 2761 3615 Καὶ
2807 3558 3136 3639 ὑπέστρεψεν
3166 3560 3241 3639 εἰς
3266 3561 3362 3616 τον
3390 3558 3548 3615 οἶκον
3589 3558 3779 3624 αὐτῆς.
3817 3578 3841 3612 ε

2202 3646 2447 3724 Βραχίων
2501 3655 2591 3705 τοῦ
2646 3650 2868 3727 Πατρὸς,
2930 3636 2986 3703 ό’
3009 3647 3152 3712 Υἱός.
3215 3636 3500 3715 Ἐποίησεν
3522 3645 3614 3703 οῦν
3655 3646 3847 3724 κράτος

473 3749 677 3800 contra
705 3750 970 3799 naturam
1000 3742 1155 3800 Deus
1178 3737 1419 3799 etl’ater
1440 3740 1496 3798 in
1519 3739 1670 3802 Filio
1693 3743 2115 3803 suo.lncarna-

2207 3736 2287 3791 καὶ
2341 3733 2558 3811 δύναμιν
2629 3738 2764 3793 κατὰ
2836 3740 2934 3806 τῆς
2993 3740 3195 3817 φύσεως
3248 3737 3278 3792 ό
3336 3736 3468 3799 Θεὸς
3527 3736 3618 3792 καὶ
3664 3733 3849 3812 Πατὴρ

476 3840 531 3889 to
558 3828 715 3888 enim
738 3826 909 3900 Filio,
943 3828 1088 3887 victa
1138 3836 1230 3889 est
1278 3842 1507 3901 natura,
1546 3827 1790 3908 Virgine
1825 3831 2110 3910 pariente,

2207 3822 2254 3879 ἐν
2309 3830 2387 3898 τῷ
2445 3826 2550 3899 1*ῐῴ
2580 3826 2759 3889 αὑτοῦ,
2836 3826 3207 3904 Σαρκωθὲντος
3265 3826 3369 3903 γὰρ
3438 3825 3531 3881 τοῦ
3560 3823 3704 3903 Υἱοῦ,
3767 3822 3851 3877 ἆν-

474 3918 593 3980 Deo
618 3918 860 3979 homine
890 3916 1080 3979 facto:
1116 3916 1356 3979 homine
1378 3937 1516 3979 vero
1555 3918 1853 3980 deiﬁcato.
1888 3919 1956 3981 Et
1985 3922 2111 3982 dis-

2207 3914 2377 3982 ηκήθη
2434 3915 2469 3981 ἡ
2526 3914 2697 3994 φύσις,
2756 3915 3015 3996 παρθένου
3072 3916 3354 3988 τεκούσης,
3390 3920 3525 3971 Θεοῦ
3576 3911 3849 3991 ἀνθρωπι-

475 4009 656 4085 pcrsit
683 4005 966 4067 Dominus
996 4006 1286 4085 superbos
1317 4007 1643 4082 daemones,
1671 4009 1875 4087 ejectis
1898 4009 2016 4072 illis
2044 4030 2111 4073 ex

2207 4001 2431 4083 σθέντος,
2493 4002 2766 4083 ἀνθρώπου
2847 4005 3157 4068 θεωθέντοςο
3232 4004 3320 4061 καὶ
3401 4000 3763 4080 διεσκόρπισεν
3820 4002 3850 4057 ὁ

472 4098 745 4157 humanis
766 4094 1164 4169 animabus,et
1185 4096 1315 4156 aliis
1338 4096 1578 4176 quidem
1610 4097 1667 4157 in
1690 4097 1961 4178 abyssum
1978 4100 2118 4162 mis-

2207 4092 2387 4170 Κύριος
2454 4092 2575 4156 τοὺς
2638 4094 3003 4175 ὑπερηφάνους
3055 4091 3333 4173 δαίμονας,
3377 4088 3618 4149 ἐκϐαλὼν
3658 4089 3849 4152 αὖτοὺς

472 4186 713 4258 sis,aliis
728 4192 924 4245 autem
955 4186 1012 4244 in
1042 4202 1252 4265 porcos
1285 4187 1501 4246 Poterit
1523 4195 1716 4248 autem
1732 4190 1876 4249 etde
1899 4189 2116 4250 Judaais

2207 4180 2305 4237 ἀπὸ
2364 4186 2471 4238 τῶν
2534 4182 2870 4261 ἀνθρωπίνων
2936 4187 3151 4263 ψυχῶν·
3211 4183 3299 4239 καί
3354 4179 3443 4245 οῦς
3486 4180 3587 4256 μὶν
3630 4180 3706 4244 εἰς
3746 4178 3849 4247 τὴν

470 4273 744 4352 intelligi,
769 4292 917 4354 quos
962 4273 1244 4353 dispersit
1290 4273 1348 4334 in
1394 4294 1628 4336 omnem
1684 4276 2025 4353 regionem:
2057 4286 2115 4340 et

2207 4266 2425 4328 ἵϐυσσον
2473 4270 2717 4347 πέμψας,
2776 4271 2863 4337 οῦς
2913 4270 2969 4329 δὲ
3026 4274 3100 4337 είς
3156 4271 3278 4335 τοὺς
3322 4271 3561 4351 χοίρους.
3619 4269 3845 4326 Δύναται

471 4382 627 4424 nunc
640 4363 897 4444 dispersi
915 4361 1262 4423 sunt.Porro
1278 4363 1531 4425 detraxit
1552 4365 1727 4426 etiam
1759 4374 2029 4446 potentes
2042 4367 2116 4430 de

2207 4356 2252 4414 Βὲ
2322 4361 2410 4416 καὶ
2465 4362 2582 4439 περὶ
2640 4363 2745 4417 τῶν
2801 4359 3078 4419 Ἰουδαίων
3106 4364 3384 4434 νοηθῆναι,
3417 4359 3507 4424 ὥς
3537 4356 3844 4438 διεσκόρπι-

473 4452 737 4523 sedibus,
772 4452 1073 4512 daamones
1101 4451 1258 4525 dico,
1294 4452 1396 4532 qui
1429 4462 1634 4514 contra
1662 4453 1934 4516 homines
1958 4475 2110 4535 prae—

2207 4469 2286 4504 τεν
2342 4450 2414 4513 είς
2475 4455 2647 4507 πᾶσαν
2699 4450 2907 4531 χώραν,
2963 4452 3052 4509 καὶ
3144 4456 3231 4509 νῦν
3292 4447 3662 4525 διεσπαρμενοι
3723 4448 3841 4504 εἰσίο

472 4551 799 4613 valuerunt,
834 4549 887 4600 et
921 4541 1092 4601 sedes
1125 4541 1180 4601 in
1216 4541 1491 4602 humanis
1523 4543 1817 4605 habebant
1851 4547 2111 4624 pectori-

2207 4537 2411 4596 καθεῖλε
2482 4537 2537 4596 δὲ
2609 4542 2698 4597 καὶ
2754 4540 3009 4605 δυνάστας
3040 4541 3147 4598 ἀπὸ
3174 4540 3397 4621 θρόνων,
3426 4540 3551 4603 τοὺς
3592 4536 3844 4614 δαίμονας

474 4634 672 4711 lius,in
701 4630 821 4690 illis
842 4631 1305 4710 requiescentes.
1334 4631 1496 4693 Sicut
1518 4640 1579 4693 et
1598 4632 1879 4694 Pharisaei
1913 4643 2113 4711 poten-

2207 4627 2362 4706 λέγω,
2435 4626 2493 4683 οἴ
2560 4629 2998 4687 κατεδυνάστευον
3054 4636 3162 4687 τῶν
3232 4627 3546 4708 ἀνθρώπων,
3576 4628 3663 4684 καὶ
3717 4626 3842 4707 θρό-

474 4719 869 4800 tes,nimirum
894 4738 964 4779 ea
995 4738 1126 4799 quae
1144 4736 1495 4799 pauperum,
1527 4720 1985 4802 deripientes,et
2014 4743 2113 4786 ra-

2207 4738 2317 4781 νους
2374 4717 2537 4798 εἶχον
2590 4720 2682 4785 τὰς
2737 4719 3067 4799 ἀνθρωπίνας
3122 4720 3329 4800 ψυχὰς,
3360 4720 3417 4774 ἓν
3463 4722 3653 4782 αὐταῖς
3709 4716 3843 4779 ἂνα-

474 4810 712 4869 thedras
742 4806 965 4871 habent
996 4818 1059 4867 ut
1087 4808 1426 4883 doctores,a
1447 4808 1663 4889 quibus
1682 4809 1930 4889 depositi
1954 4821 2107 4873 sunt

2207 4807 2517 4883 παυόμενοι·
2564 4807 2702 4865 ἀλλὰ
2756 4810 2845 4865 καὶ
2901 4810 2949 4867 οί
2995 4815 3281 4888 Φαρισαῖοι
3351 4805 3628 4887 δύνᾶσται,
3655 4807 3729 4872 ὣς
3781 4808 3846 4863 τὰ

473 4898 539 4958 Et
571 4896 842 4959 exaltavit
871 4896 1428 4977 humiles,homines
1459 4917 1606 4978 quos
1624 4899 2113 4981 humilia-'atpec-

2207 4897 2305 4954 τῶν
2372 4902 2614 4977 πτωχῶν
2642 4899 3089 4978 καθαρπάζοντες,
3135 4897 3348 4977 θρόνους
3378 4894 3433 4952 δὲ
3467 4894 3717 4978 ἔχοντες,
3771 4897 3844 4959 ὣς

469 4988 783 5063 catum,vel
808 4985 1332 5065 gentes.Exaltavit
1362 4995 1557 5048 autem
1586 4988 1877 5069 adoptatis
1905 4989 2111 5052 illosin

2207 4983 2522 5062 διδάσκαλοι,
2581 4986 2673 5065 ἀφ’
2733 4987 2808 5044 ῶν
2860 4988 3248 5067 καθῃρέθησαν·
3317 4988 3407 5043 καὶ
3485 4987 3670 5062 ὒψωσε
3742 5006 3841 5043 τα-

471 5078 647 5139 ﬁlios.
681 5076 861 5156 Igitur
882 5075 1034 5138 sicut
1057 5084 1114 5136 et
1139 5075 1473 5138 esurientes
1491 5077 1692 5139 dicere
1717 5078 1849 5141 licet
1870 5082 2114 5143 eosdem

2207 5075 2411 5139 πεινοὺς
2466 5076 2586 5141 τοὺς
2642 5076 2967 5158 ἀνθρώπους,
3024 5074 3112 5143 οὕς
3182 5074 3530 5133 ἰταπείνωσεν
3573 5077 3609 5143 ἡ
3665 5076 3841 5155 ἁμαρ-

470 5167 957 5245 gentiles,utpote
991 5184 1105 5225 non
1134 5164 1426 5227 habentes
1449 5166 1535 5227 vel
1557 5167 2015 5247 Scripturas,vel
2038 5169 2118 5232 le-

2207 5166 2306 5244 ιία,
2365 5164 2402 5233 ἢ
2456 5165 2523 5223 τὰ
2757 5166 2939 5242 ὕψωσε
2964 5167 3063 5247 γὰρ
3091 5173 3278 5241 ταῦτα,
3308 5164 3567 5223 υἱοθεσίαν
3609 5165 3842 5245 χαρισά-

470 5273 626 5332 gem,
663 5259 748 5317 vel
777 5256 1069 5329 mandata,
1105 5273 1255 5334 quos
1282 5254 1545 5335 implevit
1578 5246 1749 5319 bonis
1780 5256 2111 5339 Scriptura-

2207 5274 2358 5329 μενος
2416 5256 2622 5319 αὐτοῖς.
2661 5246 2879 5335 υΩσπερ
2908 5246 2997 5314 οῦν
3024 5246 3112 5313 καὶ
3158 5262 3453 5319 πεινῶντας
3477 5255 3601 5318 τοὺς
3630 5254 3837 5329 αὖτοὺς,

470 5360 602 5403 rum
630 5345 708 5405 ita
729 5354 790 5406 et
819 5345 1054 5405 Judaeos
1087 5343 1295 5405 divites
1324 5351 1383 5404 et
1408 5345 1467 5404 in
1498 5345 1650 5426 lege,
1683 5364 1751 5407 ac
1781 5347 1840 5407 in
1874 5347 2116 5409 manda.

2207 5345 2315 5409 τοὺς
2361 5342 2414 5409 ΞΕ
2438 5342 2599 5401 ἐθνῶν
2628 5343 2794 5424 λέγωο
2828 5346 2888 5404 οὗ
2920 5345 3019 5425 γὰρ
3047 5345 3214 5425 εἶχον
3240 5345 3475 5424 Γραφὸς,
3520 5342 3556 5412 ἢ
3589 5343 3777 5425 νόμον,
3805 5343 3840 5411 ἢ

471 5430 569 5511 tis,
592 5451 742 5511 quos
774 5433 950 5494 etiam
987 5432 1185 5493 emisit
1217 5441 1380 5494 extra
1406 5440 1703 5497 terrenam
1724 5444 1784 5497 et
1807 5435 2112 5498 cmlestem

2207 5432 2437 5496 ἐντολάς·
2470 5431 2762 5500 ὖνέπλησεν
2833 5436 3045 5512 ἀγαθῶν
3100 5439 3205 5493 τῶν
3261 5434 3564 5513 Γραφικῶν,
3622 5434 3743 5498 τοὺς
3787 5431 3840 5489 εδ

549 5599 581 5648 ⁸
610 5601 634 5663 ι
662 5598 801 5659 Cor.
837 5617 905 5675 ιι,
939 5601 1036 5663 15.
