4170 6282
282 312 413 386 713
1096 314 1542 380 ENARBATIO
1584 318 1666 384 IN
1712 318 2224 385 EVANGELIUM
2269 317 2510 385 LUCE.
2560 355 2635 370 —
2685 324 2855 387 CAP.
2912 324 2938 386 Ι
3560 324 3681 389 714

289 444 656 513 πλουτοῦντας
699 445 1025 534 ’ίουδαίουςλ
1090 449 1146 506 ἔν
1212 474 1268 508 τε
1331 453 1477 529 νόμῳ
1532 454 1620 510 καὶ
1677 451 1944 534 ἐντολαῖς,

2044 454 2355 516 Ierusalem
2379 455 2588 534 quovis
2614 455 2771 516 bono
2804 458 3050 518 inanes:
3088 456 3237 520 nihil
3267 456 3425 519 enim
3460 456 3680 519 habent

292 534 662 600 ἐξαπέστειλεν
716 537 815 604 ἔξω
857 540 955 607 τῆς
1013 531 1378 620 Ἰερουσαλὴμ,
1424 543 1513 600 καὶ
1562 549 1661 611 τῆς
1714 542 1824 599 ἅνω
1864 531 1953 605 καὶ

2044 540 2242 615 Iudaei,
2279 531 2457 607 etiam
2508 544 2560 605 si
2592 544 2731 625 quid
2762 545 2984 608 habere
3038 546 3368 609 videantur.
3401 545 3680 626 Suscepit

294 630 396 692 τῆς
458 628 628 702 κάτω,
675 629 857 695 κενοὺς
911 630 1109 693 παντὸς
1158 630 1356 708 ἀγαθοῦ
1391 648 1405 663 ⁸
1443 630 1587 690 οῦδὲν
1618 633 1718 711 γὰρ
1766 631 1951 713 ἔχουσι

2044 627 2213 692 [srael
2246 651 2490 712 puerum
2525 651 2722 706 suum,
2755 633 2845 694 vel
2875 635 3143 696 carnales
3192 632 3482 696 lsraelitas
3511 636 3674 698 dicit.

297 724 387 773 νῦν
442 718 489 771 οἱ
548 714 822 797 Ἰουδαῖοι,
884 717 981 774 κᾶν
1025 716 1246 775 δοκῶσιν
1291 719 1437 800 ἔχειν
1470 736 1484 751 ⁸
1539 718 1853 778 ἀντελάϐετο
1896 718 1950 776 δὲ

296 801 517 882 Ἰσραὴλ
578 804 761 871 παιδὸς
816 806 996 883 αῦτοῦ,
1043 807 1079 875 ἢ
1126 811 1245 888 περὶ
1270 811 1376 867 τῶν
1421 811 1681 877 αἰσθητῶν
1731 807 1947 888 Ἰσραη-

293 891 458 949 λιτῶν
515 893 681 972 λέγει.
730 894 930 953 Πολλαὶ
972 898 1072 975 γὰρ
1126 899 1214 954 καὶ
1256 898 1317 954 ἐκ
1385 900 1581 956 τούτων
1640 898 1948 955 ἐπίστευσαν

294 982 570 1061 μυριάδες,
625 985 713 1040 καὶ
757 983 1040 1063 ἐπληρώθη
1084 989 1117 1054 ἡ
1162 989 1291 1067 πρὸς
1335 989 1426 1044 τὸν
1472 985 1716 1067 Ἀϐραὰμ
1768 990 1948 1065 ἔπαγ-

292 1071 469 1152 γελία,
525 1074 761 1137 εἰπόντος
834 1076 965 1153 πρὸς
1022 1077 1177 1133 αὐτὸν
1235 1084 1327 1134 τοῦ
1385 1084 1537 1152 Θεοῦ,
1584 1077 1665 1133 ὅτι
1721 1077 1812 1134 Ἐν
1871 1083 1949 1150 τῷ

289 1162 555 1247 σπέρματί
608 1185 701 1219 σου
778 1163 1227 1243 εὐλογηθήσονται
1289 1173 1454 1224 πᾶσαι
1518 1170 1572 1223 αἱ
1636 1166 1793 1246 ’ρυλαὶ
1850 1166 1947 1234 τῆς

294 1256 419 1329 γῆς.
487 1240 571 1307 ΓΗ
630 1253 717 1308 καὶ
771 1254 891 1331 περὶ
917 1240 1024 1310 ’τοῦ
1079 1263 1272 1321 νοητοῦ
1329 1256 1545 1335 Ἰσραὴλ
1602 1240 1745 1335 λέγει
1780 1272 1794 1286 ⁸
1844 1263 1948 1319 πᾶς

298 1340 401 1420 γάρ
445 1344 472 1397 6
515 1344 651 1421 ὁρῶν
696 1345 849 1420 Θεὸν,
898 1342 1114 1423 Ἰσραήλ
1157 1343 1393 1423 λέγεται,
1447 1346 1586 1403 οὕτω
1640 1348 1740 1425 γὰρ
1772 1347 1946 1426 ἑρμη-

304 1430 585 1504 νευόμενον
642 1431 702 1486 τὰ
751 1430 918 1508 ὄνομα
970 1431 1153 1513 δηλοῖ,
1207 1425 1370 1514 Ὀρῶν
1416 1436 1568 1494 Θεόν.
1606 1432 1949 1492 Ἀντελάϐετο

306 1520 396 1575 οῦν
450 1521 648 1576 τούτων
699 1528 804 1579 τῶν
888 1522 1131 1601 ὁρώντωι
1203 1526 1356 1597 Θεὸν,
1434 1525 1506 1589 εἷς
1562 1524 1661 1592 τὴν
1717 1523 1952 1603 οὒράνιον

302 1607 666 1688 κληρονομίαν
725 1611 1029 1689 ἀναγαγών,
1091 1608 1326 1687 ’Ἔμεινε
1382 1610 1439 1668 δὲ
1482 1614 1700 1692 Μαριὰμ
1752 1615 1843 1671 σὺν
1886 1619 1954 1690 τῇ

306 1696 585 1755 Ἐλισάϐετ
667 1701 793 1756 ὡσεὶ
875 1706 1050 1775 μῆνας
1135 1701 1310 1783 τρεῖς,
1394 1702 1517 1759 εἶτα
1605 1702 1948 1782 ὅπέστρεψεν.

2034 719 2209 781 Multo
2238 720 2395 782 enim
2430 720 2614 782 millia
2643 740 2713 784 ex
2743 722 2859 783 illis
2890 723 3297 795 crediderunt,
3344 734 3403 786 et
3433 724 3678 798 impleta

2033 818 2120 869 est
2144 810 2455 889 promiSsio
2477 810 2628 871 facta
2650 811 3002 891 Abrahagad
3031 831 3211 892 quem
3235 812 3465 874 dixerat
3492 812 3672 876 Deus:

2030 898 2096 958 In
2129 899 2356 962 semine
2390 908 2485 959 tuo
2517 899 2949 961 benedicentur
2978 919 3187 961 omnes
3218 901 3403 962 tribus
3429 911 3598 964 terra:
3619 904 3672 965 9.

2029 984 2137 1048 Vel
2186 987 2359 1048 etiam
2411 988 2485 1049 de
2532 988 2823 1067 spirituali
2873 987 3094 1051 Israel:
3131 990 3342 1052 Omnis
3371 992 3531 1052 enim
3574 992 3678 1072 qui

2027 1074 2187 1137 videt
2209 1074 2419 1149 Deum,
2442 1074 2626 1138 Israel
2650 1075 3059 1156 dicitur,juxta
3088 1076 3347 1139 nominis
3382 1079 3679 1160 interpre-

2031 1160 2619 1243 tationem.Suscepit
2647 1164 2845 1244 itaque
2876 1183 2981 1226 eos
3012 1166 3113 1246 qui
3144 1166 3343 1227 vident
3372 1166 3585 1247 Deum,
3618 1168 3678 1230 in

2032 1251 2333 1311 caelestem
2384 1252 2786 1313 haereditatem
2843 1255 3173 1316 adducens.
3231 1255 3446 1316 Mansit
3476 1265 3676 1317 autem

2031 1338 2214 1401 Maria
2260 1359 2392 1400 cum
2457 1339 2756 1402 Elisabeth
2805 1341 3046 1403 circiter
3100 1344 3403 1407 mensibus
3459 1343 3673 1424 tribus,

2034 1426 2256 1489 deinde
2288 1446 2526 1490 reversa
2557 1440 2667 1490 est.
2703 1428 2849 1501 Quia
2878 1430 3037 1491 enim
3098 1432 3359 1511 paritura
3388 1442 3515 1493 erat
3545 1432 3677 1495 Eli-

2034 1517 2267 1589 sabeth,
2302 1518 2568 1579 abscedit
2600 1517 2775 1597 Virgo
2827 1528 3070 1599 propter
3101 1520 3541 1583 multitudinem
3574 1522 3681 1602 qui

2034 1606 2106 1668 ad
2136 1615 2363 1686 partum
2388 1608 2734 1669 conventuri
2766 1618 2954 1671 erant.
2991 1609 3284 1671 lndecens
3312 1617 3509 1671 autem
3552 1612 3677 1672 vir-

2033 1695 2157 1775 gini
2186 1697 2246 1757 in
2278 1696 2493 1759 talibus
2528 1696 2764 1758 versari.
2800 1696 2967 1769 Quod
2998 1707 3194 1759 autem
3245 1717 3379 1758 cum
3413 1700 3680 1778 paritura
3751 1730 3763 1742 -

304 1786 528 1856 Ἐπειδὴ
581 1790 680 1867 γέιρ
738 1788 929 1862 ἔμελλε
988 1804 1167 1848 τεκεῖν
1228 1794 1260 1860 ἡ
1320 1788 1619 1865 Ἐλισάϐετ,
1670 1793 1949 1872 ὑποχωρεῖ

2044 1796 2189 1847 esset
2216 1787 2544 1860 Elisabeth,
2576 1803 2823 1848 reversa
2852 1787 2926 1847 sit
2951 1786 3675 1866 Virgo,manil‘estum28|

302 1879 337 1944 ἡ
399 1878 658 1957 Παρθένος
705 1876 789 1933 διὰ
844 1881 905 1935 τὸ
960 1878 1160 1947 πλῆθος
1226 1888 1331 1938 τῶν
1390 1879 1694 1957 μελλόντων
1724 1879 1947 1960 συνδρα-

308 1978 439 2040 μεῖν
490 1968 563 2029 εἷς
606 1968 696 2023 τὸν
736 1969 893 2024 τόκον
929 1983 945 1998 ⁸
1003 1968 1235 2047 ἀπρεπὲς
1293 1971 1392 2049 γὰρ
1447 1969 1684 2048 παρθένῳ
1732 1969 1786 2025 ἐν
1832 1984 1948 2035 τοῖς

308 2058 569 2118 τοιούτοις
613 2055 1020 2135 ἀναστρέφεσθαι
1055 2074 1068 2088 ⁸
1142 2057 1222 2114 ὅτι
1298 2057 1354 2114 δὲ
1407 2058 1706 2135 μελλούσης
1772 2072 1951 2116 τεκεῖν

306 2149 408 2210 τῆς
469 2144 745 2202 Ἐλισάϐετ
795 2146 1116 2225 ὑπέστρεψεν
1163 2151 1198 2216 ἡ
1243 2148 1517 2227 παρθένος,
1577 2147 1738 2215 δῆλον
1768 2148 1948 2206 ἐντεῦ-

2032 1875 2173 1938 hinc
2204 1884 2293 1937 est
2321 1877 2477 1956 quod
2513 1895 2716 1937 mense
2744 1886 2911 1939 sexto
2962 1880 3232 1956 concepti
3290 1880 3684 1941 l’raecursoris

2033 1966 2190 2027 venit
2222 1966 2465 2043 angelus
2499 1965 2573 2026 ad
2602 1964 2869 2040 Mariam,
2914 1974 2972 2027 et
3004 1967 3217 2027 mansit
3258 1966 3355 2027 illa
3383 1986 3517 2028 cum
3547 1970 3681 2031 Eli-

2034 2054 2244 2116 sabeth
2277 2054 2467 2116 tribus
2489 2053 2727 2115 circiter
2751 2054 3240 2152 mensibus.E5ce
3263 2056 3449 2117 ferme
3473 2076 3682 2120 novem

2035 2161 2293 2208 menses.

307 2237 417 2289 θεν⁸
480 2238 558 2309 τῷ
614 2239 742 2311 μηνὶ
800 2244 877 2311 τῷ
933 2238 1072 2312 ἒκτῳ
1142 2240 1240 2305 τῆς
1292 2237 1608 2314 συλλήψεως
1684 2240 1779 2297 τοῦ
1828 2237 2154 2318 Προδρόμου,
2217 2234 2370 2301 ἦλθεν
2428 2236 2455 2290 ὁ
2515 2233 2735 2311 ᾆιγ-ίελος
2792 2236 2918 2300 πρὸς
2970 2237 3208 2314 Μαριάμ⁸
3293 2235 3468 2311 ἔμεινε
3537 2235 3591 2293 δὲ
3651 2239 3685 2306 ἡ

315 2325 531 2402 Μαριὰμ
560 2327 697 2401 μετὰ
722 2332 821 2395 τῆς
868 2326 1168 2410 Ἐλισάϐετ,
1214 2331 1340 2387 ὡσεὶ
1370 2333 1542 2399 μῆνας
1572 2343 1744 2395 τρεῖς.
1780 2321 1908 2387 ’ἰδοὺ
1951 2326 2142 2410 σχεδὸν
2171 2324 2344 2386 ἒννὲα.

390 2437 418 2468 «ι
454 2419 532 2490 Τῇ
585 2413 639 2470 δὲ
694 2414 974 2473 Ἐλισάϐετ
1031 2416 1273 2489 ἐπλήσθη
1330 2420 1358 2474 6
1409 2418 1604 2498 χρόνος
1635 2429 1728 2478 τοῦ
1773 2419 1956 2476 τεκεῖν

311 2503 498 2571 αὐτὴν,
562 2506 649 2561 καὶ
698 2507 979 2584 ἐγέννησεν
1034 2508 1166 2570 υἱόν,
1232 2510 1331 2566 Καὶ
1385 2508 1620 2575 ἥκουσαν
1664 2512 1710 2566 οἱ
1751 2510 1947 2588 περίοι-

310 2615 394 2648 κίοι
453 2593 540 2649 καὶ
601 2596 648 2650 οἱ
707 2608 984 2673 συγγενεῖς
1028 2598 1191 2663 αὐτῆς
1235 2596 1316 2654 ὅτι
1346 2596 1634 2677 ἐμεγάλυνε
1668 2599 1852 2677 Κύριος
1896 2600 1958 2653 τὸ

313 2679 463 2744 ἕλεος
521 2683 679 2741 αὐτοῦ
734 2682 850 2757 μετ’
902 2689 1090 2763 αὐτῆς,
1149 2688 1238 2743 καὶ
1294 2687 1608 2768 συνέχαιρον
1652 2690 1806 2764 αὐτῇ.
1861 2688 1958 2745 Καὶ

315 2770 526 2849 ἐγένετο
582 2770 637 2825 ἐν
690 2777 759 2848 τῇ
816 2772 979 2852 ὀγδόη
1011 2774 1185 2853 ἡμέρᾳ
1225 2775 1386 2844 ἦλθον
1416 2790 1722 2853 περιτεμεῖν
1755 2778 1816 2832 τὸ
1843 2798 1966 2832 παι.

315 2857 446 2938 δίον,
502 2860 590 2915 καὶ
645 2859 867 2917 εκάλουν
928 2866 1069 2937 αὐτῷ
1109 2863 1196 2921 ἐπὶ
1222 2870 1301 2937 τῷ
1347 2865 1573 2939 ὀνόματι
1621 2875 1714 2923 τοῦ
1771 2865 1966 2941 πατρὸς

319 2948 498 3027 αὒτοῦ,
560 2949 851 3029 Ζαχαρίαν,
915 2954 1012 3009 Καὶ
1070 2953 1416 3032 ἀποκριθεῖσα
1461 2955 1497 3023 ἡ
1548 2955 1729 3033 μήτηρ
1784 2955 1962 3027 αὐτοῦ,

2121 2416 2307 2475 Vsus.
2341 2413 2559 2476 57-64.
2599 2436 2620 2466 α
2657 2410 3016 2474 Elisabethae
3066 2431 3201 2473 vero
3256 2413 3564 2495 impletum
3597 2425 3689 2477 est

2042 2510 2276 2580 tempus
2306 2501 2596 2582 pariendi,
2650 2509 2708 2562 et
2754 2501 2986 2582 peperit
3028 2501 3237 2563 lilium.
3274 2501 3345 2564 Et
3372 2504 3692 2566 audierunt

2040 2591 2215 2652 vicini
2249 2603 2307 2652 et
2337 2591 2575 2669 cognati
2624 2590 2777 2668 ejus,
2819 2592 2975 2670 quod
3034 2592 3348 2669 magniﬁce
3401 2592 3691 2656 Dominus

2053 2678 2464 2741 misericordia
2494 2696 2600 2739 sua
2628 2696 2773 2740 usus
2802 2682 2965 2739 esset
2992 2696 3130 2758 erga
3161 2678 3410 2759 illam,et
3438 2682 3693 2759 gratula-

2052 2767 2262 2829 bantur
2288 2767 2448 2830 ei.Et
2477 2767 2693 2828 factum
2726 2775 2820 2828 est
2840 2766 3032 2828 in'die
3053 2777 3282 2843 octavo,
3312 2770 3691 2832 veneruntad

2048 2857 2593 2919 circumcidendum
2624 2864 2964 2937 puerum,et
2988 2859 3277 2919 vocabant
3295 2876 3431 2919 eum
3455 2861 3697 2922 nomine

2049 2951 2231 3025 patris
2258 2947 2347 3006 sui
2382 2945 2742 3007 Zachariam.
2788 2946 2860 3007 Et
2915 2946 3288 3025 respondens
3349 2957 3535 3010 mater
3563 2950 3696 3029 ejus

323 3037 479 3093 εἶπεν
512 3053 526 3067 ⁸
588 3040 743 3117 Οὒχὶ,
791 3038 927 3096 ἀλλὰ
970 3040 1292 3112 κληθήσεται
1336 3043 1614 3110 Ἰωάννης.
1663 3044 1763 3101 Καὶ
1804 3042 1958 3098 εἷπον

2047 3034 2239 3097 dixit:
2286 3033 2688 3114 Nequaquam.
2746 3034 2851 3095 sed
2925 3034 3231 3095 vocabitur
3283 3038 3567 3099 Joannes.
3626 3038 3697 3100 Et

322 3127 452 3203 πρὸς
492 3126 679 3201 αὐτὴν,
711 3126 791 3184 ὅτι
822 3127 998 3193 Οὐδεὶς
1029 3129 1170 3187 ἐστιν
1213 3130 1269 3187 ἐν
1315 3138 1385 3209 τῇ
1421 3133 1696 3212 συγγενείᾳ
1754 3153 1848 3188 σου
1904 3132 1962 3195 ὃς

320 3212 567 3271 καλεῖται
611 3216 697 3272 ἐπὶ
750 3224 827 3292 τῷ
874 3218 1093 3295 ὀνόματι
1141 3220 1337 3296 τούτῳ.
1372 3219 1639 3280 Ἐνένευον
1667 3221 1723 3277 δὲ
1752 3226 1831 3294 τῷ
1860 3242 1965 3276 πα·-

320 3304 403 3382 τρὶ
456 3304 614 3359 αὑτοῦ
667 3306 752 3375 τὸ,
806 3307 855 3362 τί
897 3306 960 3362 ἂν
1004 3308 1142 3366 θέλοι
1173 3308 1451 3367 καλεῖσθαι
1483 3312 1660 3373 αὑτόν,
1698 3311 1796 3369 Καὶ
1815 3310 1964 3378 αἰτή-

319 3414 415 3457 σας
486 3391 797 3468 πινακίδιον,
866 3394 1088 3475 ἔγραψε,
1164 3397 1334 3479 λέγων
1367 3417 1386 3437 ⁶
1434 3399 1692 3467 Ἰωυίννης
1750 3398 1857 3454 ἐστὶ
1904 3399 1964 3453 τὸ

316 3481 489 3558 ὄνομα
547 3486 722 3542 αὐτοῦ.
784 3488 882 3544 Καὶ
929 3487 1224 3564 ἐθαύμασαν
1297 3490 1516 3553 πάντες.
1579 3489 1857 3568 Ἀνεῲχθη
1909 3486 1965 3543 δὲ

316 3573 377 3628 τὸ
433 3573 605 3629 στόμα
658 3575 812 3632 αὑτοῦ
852 3583 1213 3659 παραχρῆμα,
1276 3581 1365 3637 καὶ
1418 3582 1454 3648 ἡ
1508 3578 1727 3658 γλῶσσα
1781 3582 1960 3657 αὐτοῦ,

316 3663 405 3717 καὶ
461 3660 638 3720 ἐλάλει
689 3662 924 3743 εὐλογῶν
965 3668 1055 3723 τὸν
1099 3669 1252 3733 Θεόν,
1303 3691 1332 3724 ι
1381 3668 1612 3744 ’Ἔμεινε
1644 3668 1741 3743 μὲν
1766 3669 1801 3737 ἡ
1831 3673 1970 3746 Παρ-

316 3749 463 3815 θένος
518 3753 644 3808 ὡσεὶ
702 3759 877 3828 μῆνας
932 3769 1078 3832 τρεῖς
1137 3758 1272 3832 μετᾶ
1320 3758 1419 3826 τῆς
1479 3754 1777 3833 Ἐλισάϐετ,
1832 3757 1970 3819 ⁹ίσως

322 3836 409 3896 ἰπὶ
434 3842 496 3896 τὸ
525 3838 803 3919 παραδόξῳ
848 3842 1257 3922 ἒκπληττομένη
1291 3862 1306 3877 ⁸
1368 3848 1457 3904 καὶ
1512 3846 1738 3923 δεομένη
1794 3868 1971 3925 παρα-

322 3930 505 4001 μυθίας
561 3932 726 4005 τινὸς,
786 3932 856 3999 ἢν
910 3932 1132 4007 ἔμελλεν
1190 3936 1340 4015 ἔχειν
1395 3937 1501 3993 ἀπὸ
1575 3943 1668 3994 τοῦ
1739 3948 1972 3993 συνεῖναι

320 4022 394 4093 τῇ
436 4016 716 4103 Ἐλισᾶϐετ
747 4035 763 4050 ⁸
797 4020 912 4079 ἐπεὶ
956 4020 1013 4078 δέ
1048 4021 1363 4096 ἐπλησίαζεν
1408 4028 1436 4082 6
1464 4025 1647 4100 τόκος,
1679 4023 1975 4103 ὑπεχώρη-

322 4126 435 4163 σεν.
503 4095 594 4171 Ὠς
647 4106 705 4164 δὲ
760 4107 1005 4180 ἔπλήσθη
1077 4118 1144 4190 τῇ
1204 4095 1483 4171 Ἐλισάϐετ
1540 4116 1569 4170 6
1635 4095 1831 4193 χρόνος
1873 4095 1977 4170 ’τοῦ

324 4210 527 4274 τεκεῖν,
602 4199 1009 4277 παρατηρητέον
1050 4199 1131 4258 ὅτι
1188 4202 1275 4259 ἐπὶ
1343 4209 1451 4259 τῶν
1516 4200 1848 4282 ἁμαρτωλῶν
1918 4202 1977 4258 οῦ

326 4282 537 4363 λέγεται
567 4287 655 4361 τό,
700 4285 979 4359 Ἐπλήσθη
1028 4292 1057 4347 6
1102 4292 1298 4372 χρόνος
1338 4298 1434 4350 τοῦ
1476 4304 1681 4373 τεκεῖν,
1713 4290 1849 4347 ἀλλὰ
1878 4291 1978 4366 μὸ-

2047 3123 2322 3185 dixerunt
2344 3124 2419 3184 ad
2452 3124 2637 3185 illam:
2663 3121 2848 3183 Nemo
2881 3133 2971 3185 est
3004 3129 3062 3183 in
3094 3124 3449 3201 cogitatione
3479 3136 3576 3188 tua
3595 3128 3697 3209 qui

2046 3222 2283 3275 vocetur
2306 3213 2413 3273 i~to
2445 3212 2710 3274 nomine.
2756 3210 3087 3272 Innuebant
3138 3222 3333 3291 autem
3361 3215 3512 3294 patri
3537 3216 3696 3296 ejus,

2046 3300 2188 3382 quid
2222 3301 2400 3363 vellet
2429 3300 2621 3361 vocari
2650 3318 2808 3362 eum.
2848 3298 3044 3380 Isque,
3080 3301 3388 3382 postulatis
3432 3304 3692 3379 tabellis,

2046 3389 2284 3470 scripsit
2315 3390 2518 3451 dicens
2552 3406 2565 3451 :
2597 3389 2858 3451 Joannes
2888 3398 2977 3451 est
3007 3409 3223 3452 nomen
3254 3392 3484 3471 ejus.Et
3504 3394 3700 3458 mirati

2047 3490 2181 3541 sunt
2208 3480 2489 3543 universi.
2522 3482 2805 3558 Apertum
2832 3486 2921 3541 est
2950 3489 3145 3540 autem
3174 3498 3241 3541 os
3264 3482 3393 3560 ejus
3422 3482 3605 3557 illico,
3641 3491 3702 3545 et

2052 3568 2252 3647 lingua
2282 3570 2432 3649 ejus,
2470 3578 2527 3629 et
2554 3568 2905 3648 loquebatur
2936 3568 3185 3630 laudans
3218 3571 3427 3631 Deum.
3456 3598 3479 3628 υ
3519 3570 3698 3651 Virgo

2052 3658 2293 3739 quidem
2328 3657 2568 3719 circiter
2617 3656 2803 3717 tribus
2826 3655 3131 3717 mensibus
3155 3658 3370 3719 mansit
3410 3661 3563 3740 apud
3585 3656 3703 3722 Eli.

2052 3747 2284 3822 sabetb,
2317 3747 2585 3809 fortassis
2609 3753 2765 3807 tanto
2822 3744 3065 3806 attonita
3106 3746 3412 3821 miraculo,
3451 3757 3512 3808 et.
3538 3748 3700 3809 indi-

2053 3856 2201 3917 gens
2230 3837 2631 3899 consolatione
2663 3834 2911 3916 quadam
2958 3854 3136 3915 quam
3168 3855 3239 3896 ex
3269 3837 3701 3899 consuetudine

2056 3926 2358 3990 Elisabeth
2391 3925 2596 3987 habuit
2651 3923 2872 3987 Verum
2900 3924 3000 3985 ubi
3029 3924 3519 4006 appropinquavit
3558 3945 3701 4006 par-

2060 4023 2176 4097 tus,
2200 4015 2511 4077 abscessit.
2538 4012 2647 4077 Ubi
2668 4020 2863 4074 autem
2897 4012 3204 4093 impletum
3239 4022 3475 4095 tempus
3506 4014 3700 4078 Elisa-

2058 4104 2202 4167 beth
2233 4113 2295 4165 ut
2327 4113 2580 4184 pareret,
2612 4101 3045 4163 observandum
3073 4102 3228 4181 quod
3258 4102 3319 4163 in
3372 4105 3703 4183 peccatori-

2059 4194 2170 4256 bus
2201 4212 2319 4254 non
2350 4192 2568 4254 dicitur
2606 4213 2618 4254 :
2654 4189 2968 4270 lmpletum
3002 4199 3095 4252 est
3144 4200 3375 4272 tempus
3405 4194 3703 4273 pariendi;

2059 4284 2163 4345 sed
2194 4284 2307 4344 hoc
2336 4283 2619 4343 duntaxat
2647 4280 2917 4341 invenies
2950 4279 3054 4341 ubi
3084 4280 3160 4341 de
3197 4280 3500 4360 justorum
3536 4290 3705 4361 partu

324 4397 414 4431 vov
442 4373 575 4433 ὅπου
601 4374 800 4441 δίκαιος
829 4377 971 4436 ἐστιν
1000 4381 1030 4436 6
1081 4366 1418 4463 τικτόμενος,
1462 4382 1579 4439 ἐκεῖ
1606 4366 1815 4460 λέγεται
1849 4397 1864 4413 ⁸
1902 4382 1958 4436 ὧι

2061 4372 2316 4434 habetur
2349 4372 2592 4432 mentio.
2646 4366 2790 4430 Nam
2842 4376 2903 4429 ut
2936 4375 3205 4450 apparet,
3265 4370 3594 4474 imperfecti
3646 4381 3708 4433 et

324 4462 465 4521 ἔοικε
522 4465 621 4544 γὰρ
678 4463 948 4524 ἆτέλεστοι
1003 4470 1092 4527 καὶ
1147 4460 1454 4550 ἀπλήρωτοι
1501 4476 1608 4529 τῶν
1637 4469 1958 4548 ἁμαρτωλῶν

2059 4481 2177 4525 non
2227 4461 2458 4541 impleti
2508 4468 2884 4550 peccatorum
2936 4467 3071 4519 sunt
3117 4467 3340 4541 partus,
3375 4460 3707 4543 meliusque

325 4555 373 4609 οἱ
429 4554 577 4612 τόκοι
614 4569 629 4584 ⁸
686 4568 932 4634 κρεῖττον
987 4555 1043 4615 δὲ
1099 4546 1308 4624 αὐτοῖς-
1343 4562 1388 4617 εἰ
1440 4562 1532 4617 οὑκ
1584 4546 1958 4640 εγεννηθησαν.

2048 4551 2170 4625 illis
2188 4550 2238 4611 si
2262 4550 2383 4610 naui
2412 4568 2535 4613 non
2566 4546 3043 4617 fuissenLQuare
3063 4556 3260 4608 autem
3294 4558 3424 4629 post
3453 4549 3705 4612 circum-

330 4642 426 4698 Διὰ
480 4642 531 4698 τί
597 4641 653 4699 δὲ
712 4645 847 4719 μετὰ
901 4647 1000 4715 τὴν
1057 4649 1354 4727 περιτομὴν
1406 4649 1599 4706 ἐτίθετο
1626 4635 1701 4705 *τὸ
1748 4647 1958 4723 ἄνεμος

2049 4640 2333 4706 cisionem
2353 4635 3078 4721 imponiturnomen'lQuia
3089 4637 3250 4717 prius
3263 4638 3708 4720 suscipiendum

328 4731 477 4790 Διότι
535 4732 792 4814 πρότερον
848 4732 931 4792 δεῖ
978 4739 1074 4805 τὴν
1118 4741 1179 4794 εκ
1219 4745 1351 4795 Θεοῦ
1385 4736 1650 4819 σφραγῖδα
1702 4734 1958 4811 δέξασθαι,

2051 4740 2142 4795 est
2158 4730 2528 4811 signaculum
2553 4728 2684 4801 Dei,
2714 4735 2775 4819 et
2798 4736 2936 4819 tunc
2957 4727 3281 4819 humanum
3321 4747 3565 4819 nomen.
3600 4727 3708 4819 νει

324 4821 416 4879 καὶ
460 4821 582 4878 τότε
635 4825 698 4879 τὸ
728 4823 1053 4904 ἀνθρώπινον
1094 4825 1261 4903 ὄνομα
1296 4843 1312 4859 ⁸
1603 4849 1684 4903 τε,
1725 4829 1761 4895 ἡ
1810 4847 1958 4905 περι-

2051 4821 2245 4895 aliter,
2278 4816 2657 4881 circumcisio
2702 4814 2999 4905 signiﬁcat
3027 4817 3357 4905 carnalium
3413 4817 3712 4897 abjectio-

329 4911 474 4986 τομὴ
529 4918 685 4969 τοῦτο
742 4916 1014 4989 σημαίνει,
1069 4914 1344 4985 ἀποϐολὴν
1381 4925 1487 4974 τῶν
1538 4923 1826 4998 σαρκικῶν.
1871 4904 1958 4973 Οὑ-

2064 4929 2225 4974 nem.
2261 4907 2470 4970 Nullus
2499 4906 2677 4988 igitur
2706 4905 2821 4966 nisi
2854 4904 3017 4998 prius
3046 4904 3291 4998 abjiciat
3347 4915 3419 4998 et_
3447 4914 3715 4998 amputet

327 4999 432 5064 δεὶς
492 5002 581 5095 οῦν
638 5004 683 5060 εἶ
704 5005 818 5095 “pit
860 5006 1111 5087 πρότερον
1166 5006 1433 5087 ἆπορῤίψῃ
1485 5010 1574 5065 καὶ
1609 4993 1888 5087 ’περικόψῃ
1916 5007 1958 5061 τέ

2064 4998 2327 5062 carnalia
2348 4996 2561 5075 dignus
2612 5003 2702 5056 est
2730 5002 2793 5054 ut
2819 4993 3163 5055 nominetur
3194 4994 3365 5055 miles
3395 4994 3527 5095 llei,
3561 5003 3619 5055 et
3648 5002 3713 5059 ut

330 5094 579 5169 σαρκικὰ,
695 5091 837 5160 ἄξιός
901 5082 1080 5151 ’ἐστιν
1181 5082 1542 5174 ὀνομασθῆναι
1654 5082 1952 5176 στρατιώτη

2066 5089 2127 5151 in
2152 5088 2305 5150 libro
2335 5086 2625 5149 ccelorum
2658 5082 2951 5182 scribatur
2978 5100 3199 5182 nomen
3231 5085 3385 5182 ejus.
3408 5082 3713 5182 Elisabetb

328 5186 468 5244 θεοῦ
511 5180 658 5262 (9Ἱ),
718 5185 807 5240 καὶ
850 5190 905 5240 εν
946 5189 1017 5262 τῇ
1063 5182 1230 5262 βίϐλῳ
1258 5171 1365 5243 τῶν
1395 5187 1626 5265 οὑρανῶν
1663 5171 1958 5263 ἀπογραφῆ-

2070 5196 2211 5241 vero
2240 5185 2306 5238 ut
2335 5173 2710 5257 prophetissa
2737 5171 3019 5233 indicavit
3044 5190 3290 5265 uolumen,
3324 5174 3532 5265 dicens
3566 5194 3582 5235 :
3615 5174 3711 5234 di-

330 5292 415 5332 ναι
446 5261 707 5332 αὐτοῦτὸ
751 5272 941 5350 ὄνομα,
1008 5266 1069 5331 Ἠ
1128 5273 1183 5332 δὲ
1233 5261 1537 5356 Ἐλισάϐετ,
1592 5277 1665 5340 ὡς
1727 5261 1955 5353 προφῆτι

2070 5284 2251 5333 cens:
2283 5268 2543 5329 Joannes
2590 5270 2682 5325 est
2736 5278 2952 5322 nomen
3003 5261 3154 5340 ejus.
3192 5262 3484 5324 Fortassis
3513 5271 3713 5325 autem

410 5405 446 5455 9
472 5404 616 5471 Cen.
650 5423 794 5483 xxn,
830 5408 928 5471 38.

1406 5518 1487 5579 Ex
1520 5518 1838 5580 collatione
1867 5517 2018 5579 codd
2081 5515 2294 5576 Venet.
2330 5510 2391 5574 S.
2427 5511 2623 5573 Marci.

435 5620 559 5700 (97)
592 5619 739 5684 Cod.
774 5622 874 5705 32,
906 5627 1014 5689 οὓς
1036 5632 1194 5688 Θεοῦ.

706 5732 969 5796 Ρλτιιοι.
1014 5733 1130 5797 Gn.
1174 5734 1444 5799 CXXIII.

3284 5722 3389 5788 23.
