4154 6298
530 322 652 392 718
1491 334 2078 405 THEOPHYLACTI
2121 332 2535 403 BULGARIAL‘
2578 334 2937 405 ARCHIEP.
3802 339 3921 409 716

531 469 791 531 Joannes
848 468 1082 549 sibiipsi
1148 471 1366 534 indidit
1422 492 1667 555 nomen,
1718 476 2013 557 matrique
2061 493 2143 536 su:

2229 471 2495 541 ιέλάλησε
2549 476 2667 554 περὶ
2722 477 2812 532 τοὺ
2876 477 3165 554 ὀνόματος,
3242 478 3322 536 ὅτι
3383 479 3638 547 Ἰωάννης
3696 480 3809 538 ἐστὶ
3864 482 3922 537 τὸ

532 559 985 620 communicavit
1014 560 1233 621 donum
1269 563 1708 643 propheticum.
1739 566 1921 627 Porro
1953 565 2142 627 Zacba

2262 559 2429 637 ὄνομα
2488 567 2646 623 αὐτοῦ
2678 581 2693 594 ⁸
2749 565 2897 646 τάχα
2951 565 3005 623 δὲ
3063 570 3153 627 καὶ
3201 570 3229 624 6
3279 567 3531 635 Ἰωάννης
3562 571 3718 633 αὐτὸς
3749 571 3920 644 ἑαυτῷ

529 647 649 707 rias
674 666 808 708 cum
834 666 951 709 non
984 657 1183 728 posset.
1211 659 1356 727 nutu
1385 652 1761 715 manifestare
1793 673 2035 729 nomen,
2068 673 2139 735 pe

2260 651 2551 730 περιέθηκεῖ
2596 654 2657 709 τὸ
2710 653 2879 731 ὄνομα
2913 676 2926 689 ⁸
2981 662 3050 733 τῇ
3104 658 3206 737 γὰρ
3250 660 3413 737 μητρὶ
3457 660 3609 724 αύτὸς
3647 658 3914 735 μετέδωκε

532 735 600 796 tit
626 736 898 801 tabellas.
929 737 1001 799 Et
1032 737 1171 818 quia
1199 739 1549 819 astipulatus
1579 752 1668 803 est
1697 745 2007 805 sententiae
2039 764 2143 805 uxo

2257 747 2350 796 τοό
2406 752 2735 821 προφητικοῦ
2784 744 3140 823 χαρίσματος.
3180 735 3188 737 -
3223 748 3321 803 Διὰ
3367 735 3635 823 νεύματος
3705 745 3760 803 δὲ
3834 750 3911 822 μὴ

525 825 611 886 ris
640 826 699 885 in
746 826 988 888 nomine
1036 827 1227 907 pueri,
1280 829 1708 911 obstupescunt
1750 851 2003 894 omnes:
2056 852 2174 894 non

527 915 688 975 enim
710 924 837 976 erat
865 916 924 976 in
956 917 1306 995 cognatione
1335 937 1542 981 eorum
1578 921 1867 1002 quispiam
1900 924 2029 1002 ejus
2059 942 2173 984 no-

528 1005 727 1081 minis,
765 1012 828 1065 ut
856 1006 989 1085 quis
1011 1005 1213 1067 dicere
1241 1008 1425 1087 possit
1454 1010 1609 1089 quod
1639 1020 1776 1072 ante
1826 1021 2056 1091 tempus
2098 1012 2173 1073 de

2257 824 2543 905 δυνάμενος
2620 834 2648 888 6
2719 833 2988 912 Ζαχαρίας
3056 831 3291 901 δηλῶσαι
3376 837 3439 892 τὸ
3515 834 3706 916 ὄνομα,
3769 838 3911 894 αἰτεῖ

2255 917 2546 976 πινακίδιον
2581 939 2593 952 ⁸
2658 922 2745 976 καὶ
2803 919 2985 989 ἐπειδὴ
3039 922 3373 1002 ὠμοφώνησε
3431 930 3496 1001 τῇ
3540 927 3745 1003 γδναικὶ
3789 928 3907 1004 περὶ

2254 1006 2316 1060 τὸ
2373 1006 2542 1083 ὄνομα
2570 1016 2662 1066 τοῦ
2719 1006 2929 1086 παιδὸς,
2977 1009 3364 1081 ἐκπλήττονται
3406 1013 3597 1079 πάντες
3633 1033 3648 1048 ο
3702 1018 3760 1073 οὗ
3806 1018 3907 1093 γὰρ

2254 1093 2319 1161 ἧν
2371 1094 2423 1152 ἐν
2479 1102 2548 1173 τῇ
2605 1099 2877 1177 συγγενείᾳ
2936 1101 3130 1180 αὑτῶν,
3193 1100 3286 1157 ἵνα
3330 1124 3408 1165 τις
3443 1101 3549 1183 ἔχῃ
3594 1105 3790 1183 εἰπεῖν,
3826 1104 3905 1161 ὅτι

2256 1185 2356 1263 πρὸ
2415 1192 2600 1265 καιροῦ
2656 1195 2810 1245 τοῦτο
2840 1186 3106 1264 ἐμελέτων
3161 1188 3474 1269 ἀμφότεροι,
3537 1188 3790 1260 Ἰωάννης
3850 1192 3904 1249 δὲ

2254 1273 2601 1349 ἑρμηνεύεται
2647 1284 2779 1335 Θεοῦ
2837 1277 2999 1357 χάρις
3032 1297 3050 1314 ο
3109 1275 3190 1333 διὸ
3261 1281 3349 1338 καὶ
3405 1282 3435 1337 6
3506 1280 3681 1359 πατὴρ
3745 1284 3905 1339 αὐτοῦ

2253 1361 2441 1427 εὐθέως
2498 1366 2836 1444 χαριτωθεὶς,
2887 1367 3209 1445 προφητεύει
3265 1369 3385 1447 περί
3431 1390 3489 1425 τε
3540 1376 3633 1426 τοῦ
3674 1377 3903 1450 Χριστοῦ

2250 1450 2522 1531 πρότερον,
2555 1455 2644 1534 καὶ
2672 1455 2789 1531 περὶ
2811 1460 2909 1534 τοῦ
2936 1452 3122 1519 παιδὸς
3165 1455 3405 1534 ὕστερον,

599 1538 781 1601 VERS.
809 1539 1014 1603 65-75.
1057 1563 1079 1595 α
1115 1539 1183 1600 Et
1208 1539 1396 1603 factus
1430 1549 1521 1602 est
1567 1542 1744 1604 timor
1801 1562 1906 1622 per
1957 1565 2143 1608 omne:

2336 1552 2360 1587 ι
2398 1534 2496 1590 Καὶ
2553 1532 2762 1612 ἐγένετο
2804 1533 2890 1590 ἐπὶ
2939 1535 3139 1598 πάντας
3185 1532 3347 1617 φόβος
3390 1538 3512 1602 τοὺς
3559 1548 3896 1618 περιοικοῦν-

516 1626 740 1689 vicinos
769 1646 997 1702 eorum,
1025 1626 1163 1688 etin
1197 1636 1315 1688 tota
1349 1637 1626 1691 montana
1665 1621 1908 1711 regione
1949 1634 2143 1696 Judaaa

2247 1641 2342 1683 τας
2400 1621 2586 1686 αὐτούς
2620 1641 2637 1658 ⁸
2697 1625 2784 1680 καὶ
2841 1623 2896 1680 ἐν
2966 1624 3069 1701 ὅλῃ
3122 1631 3191 1702 τῇ
3253 1629 3435 1706 ὀρεινῇ
3491 1632 3588 1695 τῆς
3643 1628 3896 1695 Ἰουδαίας

514 1715 963 1796 divulgabantur
979 1716 1177 1777 omnia
1189 1717 1364 1778 verba
1382 1718 1595 1796 haec,et
1618 1706 1942 1799 posuerunt
1958 1741 2143 1784 omne:

2246 1706 2545 1767 διελαλεῖτο
2573 1715 2746 1769 πάντα
2787 1714 2854 1769 τὰ
2880 1713 3096 1790 ῥήματα
3126 1713 3291 1772 ταῦτα
3326 1734 3340 1747 ⁸
3386 1718 3475 1773 καὶ
3523 1714 3696 1775 ἔθεντο
3751 1721 3895 1776 πάν-

2432 1802 2444 1818 .
2512 1800 2524 1818 ,
2613 1802 2626 1818 ι
2871 1804 2882 1818 .
3020 1807 3045 1818 ..
3212 1800 3253 1818 ρ..
3383 1804 3398 1818 .
3451 1811 3478 1818 _
3592 1805 3647 1818 ι.

514 1807 613 1886 qui
630 1805 939 1868 audierant
958 1806 1018 1866 in
1041 1806 1221 1867 corde
1244 1807 1649 1882 suo,dicentes
1672 1828 1685 1872 :
1712 1809 1994 1882 Quisnam
2018 1832 2143 1893 puei

2244 1819 2331 1863 τες
2400 1802 2447 1855 οἱ
2501 1800 2817 1866 ἀκούσαντες
2871 1804 2926 1859 ἒν
2984 1807 3051 1879 τῇ
3106 1800 3289 1876 καρδίᾳ
3304 1804 3541 1882 Δκιίιτῶν,
3591 1805 3840 1886 λέγοντες
3873 1826 3890 1842 ⁸

511 1895 607 1957 hic
637 1896 779 1958 erit?
807 1894 878 1955 Et
911 1913 1117 1955 manus
1159 1893 1395 1957 Domini
1449 1906 1575 1959 erat
1610 1916 1743 1961 cum
1792 1899 1916 1965 illo.
1947 1888 2143 1965 Et'Za-

2245 1888 2305 1945 Τί
2354 1888 2455 1969 ἄρα
2497 1892 2559 1946 τὸ
2613 1888 2821 1948 παιδίον
2878 1900 3031 1950 τοῦτο
3082 1890 3226 1948 ἔσται
3263 1909 3279 1969 ;
3314 1894 3413 1952 Καὶ
3444 1897 3563 1975 χεὶρ
3596 1899 3783 1977 Κυρίου
3826 1899 3892 1967 ἦν

510 1986 742 2047 charias
778 1992 947 2065 pater
970 1984 1099 2063 ejus
1128 1985 1393 2064 repletus
1432 1995 1524 2047 est
1544 1987 1767 2068 Spiritu
1789 1999 2134 2068 sancto,pro

2245 1977 2360 2052 μετ’
2422 1982 2604 2038 αὐτοῦ.
2666 1980 2763 2037 Καὶ
2818 1981 3083 2060 Ζαχαρίας
3140 1984 3168 2037 6
3224 1983 3403 2063 πατὴρ
3445 1988 3605 2044 αὖτου
3648 1985 3893 2057 ἐπλήσθη

515 2075 897 2155 phetavitque
940 2073 1194 2151 dicens:
1235 2074 1597 2137 Benedictus
1660 2076 1949 2140 Dominus
2002 2080 2143 2143 Deus

2244 2068 2547 2143 Πνεύματος
2605 2069 2776 2147 ἁγίου,
2835 2071 2922 2125 καὶ
3000 2071 3382 2152 προεφήτευσε,
3440 2071 3613 2153 λέγων
3649 2098 3661 2110 ·
3725 2075 3890 2135 Εὔλαι-

508 2163 714 2238 Israel,
751 2164 851 2244 qui
882 2162 1131 2223 visitavit
1160 2169 1219 2223 et
1246 2161 1386 2223 fecit
1415 2164 1888 2245 redemptionem
1942 2171 2143 2248 popult

2242 2156 2408 2233 γητὸς
2451 2155 2646 2237 Κύριος
2695 2159 2723 2213 6
2787 2159 2918 2221 Θεὸς
2981 2164 3073 2214 τοῦ
3130 2156 3365 2240 Ἰσραὴλ,
3421 2160 3502 2218 ὅτι
3560 2163 3892 2240 ἐπεσκέψατο

505 2272 611 2314 suo
669 2252 740 2314 Et
769 2251 1041 2313 excitavit
1069 2268 1254 2311 cornu
1285 2251 1488 2313 salutis
1514 2244 1682 2315 nobis
1728 2256 1787 2316 in
1833 2244 2143 2320 domo-Da-

2240 2246 2327 2301 καὶ
2370 2244 2589 2313 ἐποίησε
2647 2245 2903 2326 λύτρωσιν
2958 2253 3034 2322 τῷ
3101 2245 3217 2320 λαῷ
3300 2248 3461 2307 αὐτοῦ
3490 2267 3505 2281 ⁸
3566 2254 3655 2309 καὶ
3712 2252 3888 2333 ἤγειρε

509 2342 604 2404 vid
637 2340 807 2422 pueri
840 2339 932 2401 sui
968 2359 981 2399 :
1012 2340 1165 2400 sicut
1192 2339 1329 2400 282
1362 2341 1596 2424 locutus
1629 2352 1717 2405 est
1767 2364 1873 2424 per
1901 2364 1966 2407 os
2011 2366 2143 2409 san-

2237 2332 2394 2413 κέρας
2453 2336 2717 2415 σωτηρίας
2773 2337 2908 2411 ἡμῖν
2968 2335 3022 2391 ἦν
3062 2341 3140 2409 τῷ
3178 2335 3319 2412 οἴκῳ
3366 2338 3527 2397 Δαϐὶδ
3555 2349 3649 2398 τοῦ
3703 2332 3889 2407 παιδος

503 2440 759 2511 ctorum,
794 2429 957 2510 quia
986 2428 1201 2489 saeculo
1234 2440 1372 2491 sunt
1419 2423 1841 2512 prophetarum
1876 2453 2143 2500 suorum.

2238 2424 2393 2482 αὑτοῦ
2428 2444 2440 2456 ·
2501 2426 2676 2488 καθὼς
2735 2423 2965 2491 ὲλάλησε
2997 2423 3082 2481 διὰ
3112 2426 3381 2502 στόματος
3424 2435 3532 2486 τῶν
3563 2432 3728 2510 ἁγίων
3780 2439 3885 2489 τῶν

501 2509 763 2582 Salutem
796 2509 864 2579 ex
896 2517 1153 2578 inimicis
1198 2509 1440 2599 nostris,
1474 2509 1636 2581 et'de
1667 2540 1846 2583 manu
1878 2525 2143 2587 omnium

2232 2509 2325 2567 ἀπ’
2385 2514 2576 2578 αἰῶνος
2634 2519 2922 2593 προφητῶν
2997 2517 3154 2573 αὒτοῦ
3189 2533 3203 2547 ⁸
3266 2520 3532 2597 σωτηρίαν
3575 2509 3627 2585 ἐξ
3673 2521 3876 2601 ἐχθρῶν

501 2611 603 2692 qui
633 2610 884 2671 oderunt
939 2624 1069 2668 nos.
1097 2604 1170 2669 Ut
1215 2606 1437 2669 faceret
1492 2609 1960 2672 misericordiam
2012 2633 2143 2675 cum

2229 2602 2408 2682 ἡμῶν,
2465 2605 2553 2659 καὶ
2586 2604 2649 2659 ἐκ
2703 2604 2888 2683 χειρὸς
2930 2603 3144 2660 πάντων
3187 2605 3292 2662 τῶν
3340 2609 3638 2682 μισούντων
3679 2614 3823 2686 ἡμᾶς
3853 2630 3869 2645 ⁸

500 2691 773 2782 patribus
803 2697 1036 2768 nostris,
1075 2705 1133 2757 et
1182 2714 1413 2757 memor
1469 2708 1626 2759 esset
1683 2702 2021 2763 testamenti
2054 2705 2143 2765 sui

2229 2692 2450 2757 ποιῆσαι
2523 2691 2669 2758 ἕλεος
2727 2693 2863 2768 μετὰ
2931 2692 3038 2751 τῶν
3094 2692 3335 2772 πατέρων
3390 2697 3565 2771 ἡμῶν,
3614 2700 3700 2755 καὶ
3730 2722 3875 2775 μνη-

496 2786 890 2851 sanctiJuxta
904 2784 1319 2864 jusjurandum
1336 2786 1493 2865 quod
1511 2787 1730 2867 juravit
1749 2790 1821 2850 ad
1843 2791 2142 2854 Abraham

495 2886 726 2959 patrem
755 2884 1051 2954 nostrum,
1076 2881 1137 2933 ut
1168 2873 1335 2935 daret
1366 2874 1637 2940 nobis.Ut
1666 2879 1809 2939 citra
1842 2880 2140 2958 timorem,

2229 2872 2357 2949 πρὸς
2418 2868 2658 2951 Ἀϐραὰμ
2710 2874 2801 2928 τὸν
2851 2870 3053 2947 πατέρα
3112 2873 3290 2950 ἡμῶν,
3346 2881 3435 2930 τοῦ
3501 2872 3675 2931 δοῦναι
3731 2879 3871 2951 ἡμῖν

492 2956 568 3029 de
599 2986 775 3028 manu
797 2964 1173 3025 inimicorum
1202 2970 1536 3026 nostrorum
1564 2965 1799 3029 liberati
1819 2956 2143 3033 serviamus

2229 2956 2464 3038 ἀφόϐως,
2521 2964 2583 3018 εκ
2639 2962 2824 3041 χειρὸς
2853 2962 2959 3017 τῶν
3011 2960 3219 3040 ἐχθρῶν
3245 2964 3391 3037 ἡμῶν
3417 2962 3711 3043 ῥυσθέντας,
3755 2963 3863 3019 λα-

491 3057 606 3139 ipsi
648 3057 711 3118 in
764 3053 1069 3117 sanctitate
1116 3060 1176 3113 et
1213 3052 1442 3131 justitia
1492 3073 1689 3117 coram
1725 3057 1879 3139 ipso,
1917 3062 2143 3122 cunctis

2229 3048 2428 3126 τρεύειν
2486 3049 2629 3125 αὐτῷ
2695 3052 2749 3107 ὲν
2806 3050 3045 3118 ὁσιότητι
3118 3052 3207 3108 καὶ
3283 3049 3574 3130 δικαιοσύνῃ
3641 3052 3865 3110 ἐνώπιον

489 3146 700 3210 diebus
735 3144 867 3205 vitae
896 3149 1135 3204 nostrae.
1177 3164 1198 3199 υ
1233 3140 1442 3203 Factus
1475 3153 1563 3205 est
1588 3145 1766 3206 timor
1796 3164 1976 3226 super
2009 3169 2143 3209 om-

2234 3139 2391 3195 αὖτου
2432 3139 2606 3204 πάσας
2637 3141 2732 3204 τὰς
2758 3140 2962 3218 ἡμέρας
3006 3145 3106 3208 τῆς
3152 3142 3293 3212 ζωῆς
3324 3143 3504 3217 ἡμῶν.
3536 3162 3565 3203 ι
3624 3142 3874 3221 Ἐγένετο

489 3256 617 3315 nes,
655 3243 895 3317 propter
927 3230 1271 3292 miraculum
1299 3230 1597 3312 loquentis
1619 3225 1936 3300 Zachariae.
1972 3236 2141 3300 Sicut

2232 3225 2318 3283 ἐπὶ
2374 3229 2575 3317 πάντας
2634 3228 2816 3310 φόϐος,
2864 3228 2948 3285 διὰ
2997 3230 3060 3286 τὸ
3088 3228 3382 3308 παράδοξον
3408 3237 3509 3300 τῆς
3551 3240 3645 3289 τοῦ
3684 3239 3873 3312 Ζαχα-

488 3328 649 3390 enim
684 3323 846 3404 prius
870 3341 1001 3382 cum
1027 3320 1764 3403 obmutuisset,stupuerat
1781 3327 2143 3406 populus,ita

2230 3317 2340 3406 ρίου
2370 3316 2738 3390 ἐκλαλήσεως.
2796 3318 3005 3399 ’Ὥσπερ
3059 3320 3159 3398 γὰρ
3214 3319 3301 3376 ἐπὶ
3354 3325 3425 3397 τῇ
3481 3327 3661 3399 σιωπῇ
3688 3320 3871 3389 ἐξέστη

493 3416 667 3478 etiam
686 3432 842 3474 nunc
862 3430 991 3471 cum
1015 3409 1254 3470 redditu
1275 3428 1301 3468 s
1330 3419 1417 3470 est
1448 3414 1498 3472 ei
1528 3405 2013 3496 sermo.Propter
2028 3417 2143 3479 duo

2232 3408 2259 3462 6
2317 3405 2472 3484 λαὸς,
2521 3408 2658 3467 οὕτω
2700 3410 2788 3466 καὶ
2832 3408 2917 3465 ἐπὶ
2971 3415 3048 3483 τῷ
3090 3406 3323 3496 λαλῆσαι
3378 3411 3559 3468 αὐτόν’
3592 3413 3666 3476 ὡς
3695 3413 3754 3469 ἂν
3786 3409 3869 3467 διὰ

493 3507 673 3583 igitur
704 3500 987 3563 miracula
1009 3499 1133 3559 haec
1164 3496 1500 3576 cogitabant
1529 3500 1604 3560 de
1638 3512 1774 3564 nato
1809 3495 1966 3584 quod
1988 3507 2143 3568 mul-

2229 3497 2332 3553 τῶν
2390 3496 2477 3554 δύο
2552 3499 2751 3555 τούτων
2807 3499 3109 3575 θαυμάτων,
3197 3495 3620 3577 συλλογίσωνται
3675 3501 3869 3564 πάντες

490 3604 582 3659 tos
615 3590 1004 3674 praecelleret.
1041 3588 1218 3649 Facta
1249 3595 1445 3647 autem
1472 3598 1611 3649 sunt
1632 3590 1758 3651 haec
1790 3594 1988 3654 omnia
2020 3596 2141 3655 sin-

2229 3587 2345 3663 περὶ
2414 3589 2507 3645 τοῦ
2559 3586 2868 3668 τεχθέντος,
2937 3589 3010 3651 ὡς
3066 3586 3197 3666 ὑπὲρ
3249 3588 3371 3651 τοὺς
3429 3586 3663 3653 πολλούς
3731 3589 3867 3653 ἐστι.

491 3684 626 3763 gula
650 3680 900 3763 quadam
936 3676 1395 3764 dispensatione,
1423 3687 1485 3740 ut
1518 3681 1615 3757 qui
1646 3686 1720 3740 de
1752 3681 1986 3743 Christo
2012 3702 2141 3764 pro.

2229 3682 2400 3731 Ταῦτα
2442 3674 2498 3730 δὲ
2535 3677 2709 3733 πάντα
2755 3678 2991 3755 ὶγίνοντο
3044 3676 3421 3764 οἰκονομικῶς,
3454 3676 3547 3734 ’ίνα
3574 3680 3603 3734 6
3632 3679 3871 3756 περὶτοῦ

525 1093 640 1154 hoc
670 1093 843 1154 ambo
874 1094 1202 1156 tractarint.
1246 1098 1503 1158 Joannes
1529 1100 1695 1177 juxta
1724 1100 2171 1181 interpretatio-

525 1200 663 1245 nem
695 1190 805 1262 est,
836 1182 941 1244 Dei
973 1184 1161 1261 gratia
1189 1206 1201 1246 :
1238 1184 1488 1264 proinde
1518 1196 1576 1247 et
1598 1197 1763 1266 pater
1792 1188 1949 1251 illius
1976 1189 2169 1251 statim

522 1282 833 1333 assecutus
863 1272 1139 1353 gratiam,
1171 1273 1427 1353 primum
1454 1275 1529 1336 de
1563 1274 1815 1352 Christo,
1848 1278 2068 1340 deinde
2096 1279 2171 1341 de

522 1380 706 1441 puero
733 1362 1117 1442 prophetizat.

2230 2782 2414 2847 σθῆναι
2486 2779 2745 2852 διαθήκης
2831 2781 2983 2861 ἁγίας
3072 2782 3252 2848 αὐτοῦ,
3312 2783 3507 2861 ’Ὃρκω
3575 2790 3634 2843 οὗ
3688 2789 3875 2863 ὤμοσε

490 3762 890 3854 phetiaaturus
922 3772 1096 3839 esset,
1124 3764 1239 3824 ﬁde
1257 3762 1470 3842 dignus
1498 3765 1910 3843 haberetur,et
1930 3762 2141 3835 omnes

494 3881 565 3923 ex
615 3862 740 3939 ipsa
799 3854 1101 3917 nativitale
1143 3854 1389 3914 Joannis
1421 3854 1712 3917 certiores
1743 3858 2141 3923 redderentur

494 3952 651 4033 quod
677 3946 875 4008 multis
895 3943 1084 4021 major
1107 3941 1603 4033 esset._Benedicit
1620 3951 1816 4008 autem
1834 3947 2140 4013 Zacharias

493 4030 704 4119 Deum,
739 4035 876 4117 quia
902 4033 1233 4093 visitaverat
1280 4030 1599 4096 Israelitas.
1634 4034 1703 4095 Et
1745 4038 2003 4117 profecto
2033 4059 2133 4101 ve-

498 4137 671 4191 uerat
691 4126 764 4187 ad
794 4141 931 4185 oves
961 4139 1090 4202 quae
1124 4120 1367 4200 perditae
1398 4129 1566 4183 erant
1594 4124 1667 4185 de
1699 4125 1874 4185 domo
1930 4124 2137 4197 Israel,

494 4219 598 4281 sed
633 4214 899 4298 plerique
915 4210 1272 4273 beneﬁcium
1307 4210 1435 4290 ejus
1463 4212 1771 4292 suscipere
1794 4213 2131 4295 noluerunt,

494 4309 656 4371 unde
679 4322 849 4367 veros
878 4299 1170 4363 Israelitas
1192 4299 1414 4362 invisit.
1450 4302 1521 4361 Et
1546 4303 1785 4381 quinam
1821 4311 1956 4364 sunt
2002 4306 2136 4370 illi?

2224 3770 2452 3843 Χριστοῦ
2520 3764 2733 3840 μέλλων
2783 3767 3160 3846 μαρτυρήσειν,
3223 3762 3531 3830 ἀξιόπιστος
3601 3766 3720 3846 εἴη,
3781 3768 3870 3823 καὶ

2223 3855 2417 3917 πάντες
2474 3853 2952 3935 πληροφορηθῶσιν
3007 3853 3059 3920 ἐξ
3122 3854 3287 3924 αὐτῆς
3347 3860 3449 3924 τῆς
3492 3866 3584 3917 τοῦ
3629 3854 3871 3917 Ἰωάννου

2223 3944 2548 4021 γεννήσεως,
2609 3944 2690 4000 ὅτι
2733 3945 2862 4020 ὑπὲρ
2906 3945 3028 4009 τοὺς
3059 3942 3288 4008 πολλούς
3333 3944 3497 4009 ἔστιν,
3558 3944 3786 4025 Εὐλογεϊ
3814 3945 3871 4002 δὲ

2222 4034 2249 4087 6
2307 4034 2576 4114 Ζαχαρίας
2630 4034 2723 4091 τὸν
2781 4035 2935 4110 Θεὸν,
2989 4035 3063 4098 ὡς
3115 4032 3540 4110 ἐπισκεψάμενον
3588 4036 3710 4099 τοὺς
3756 4033 3868 4092 Ἰσ-

2225 4121 2530 4199 ραηλίτας;
2590 4130 2666 4197 τῷ
2719 4122 2828 4179 ὄντι
2885 4124 2986 4202 γὰρ
3038 4126 3111 4187 είς
3174 4124 3239 4179 τὰ
3307 4121 3548 4202 πρόϐατα
3603 4122 3730 4193 ἦλθε
3798 4126 3868 4185 τὰ

2222 4210 2539 4269 ἀπολωλότα
2609 4211 2765 4268 οἴνου
2833 4209 3074 4291 Ἰσραὴλ,
3120 4208 3270 4267 κᾶλλ’
3329 4212 3423 4269 οὐκ
3491 4212 3757 4281 ἠθέλησαν
3818 4216 3868 4279 οἱ

2220 4299 2456 4364 πλείονες
2515 4302 2685 4358 αὐτῶν
2742 4298 2979 4366 δέξασθαι
3057 4300 3155 4369 τὴν
3198 4300 3357 4381 χάριν
3387 4317 3406 4338 ⁶
3455 4300 3536 4358 διὸ
3605 4304 3691 4360 καὶ
3745 4303 3868 4370 τούς

492 4398 563 4461 Hi
598 4398 694 4477 qui
726 4391 1127 4455 crediderunt.
1161 4388 1445 4450 Excitavit
1465 4397 1660 4451 autem
1685 4409 1871 4453 cornu
1902 4395 2128 4471 salutis,

2229 4390 2430 4457 ὶληθῶς
2490 4389 2821 4477 Ἰσραηλίτας
2909 4390 3267 4467 ἐπεσκέψατο,
3344 4391 3543 4456 οἵτινές
3623 4394 3756 4449 εἰσιν
3826 4416 3856 4450 ο

492 4488 608 4550 hoc
632 4492 745 4559 est,
769 4483 1046 4546 virtutem
1078 4485 1137 4540 et
1165 4497 1413 4557 regnum
1447 4479 1724 4542 salutare.
1756 4481 1951 4543 Cornu
1978 4484 2135 4545 enim

493 4576 583 4639 vel
607 4572 927 4657 potentiam
960 4568 1275 4657 significat,
1307 4579 1554 4630 cornuta
1601 4570 1757 4630 enim
1813 4571 2138 4635 animantia

496 4667 559 4726 in
596 4655 782 4726 cornu
818 4660 1001 4721 robur
1060 4655 1308 4729 habent,
1364 4657 1453 4718 vel
1503 4675 1793 4737 regnum:
1829 4677 1900 4720 ex
1948 4680 2132 4726 cornu

492 4758 651 4818 enim
683 4770 856 4831 reges
878 4745 1544 4826 inungebanturltaque
1561 4747 1831 4809 Christus
1848 4756 1906 4809 et
1928 4761 2134 4831 poten-

491 4846 573 4907 tia
604 4852 696 4906 est
720 4849 778 4903 et
806 4858 1052 4918 regnum
1086 4836 1297 4899 Patris.
1332 4835 1655 4897 Excitatem
1699 4838 1878 4916 igitur
1908 4849 1994 4901 est
2022 4861 2135 4903 no-

488 4934 581 4996 bis
625 4949 809 4994 cornu
862 4927 1091 5001 salutis,
1125 4924 1416 4987 Christus.
1448 4923 1775 4987 Videbatur
1803 4926 1961 4988 enim
1992 4927 2135 4991 dor-

488 5025 664 5097 mire,
699 5026 1090 5081 contemnens
1129 5015 1444 5075 multorum
1480 5024 1739 5094 peccata,
1774 5015 2133 5095 longanimi-

486 5120 665 5174 tatem
697 5110 755 5170 in
786 5106 1239 5169 simulacrorum
1263 5103 1472 5164 insano
1491 5102 1650 5165 cultu
1678 5121 1802 5182 prae
1823 5121 1888 5167 se
1908 5104 2129 5183 ferens,

482 5202 586 5264 sed
612 5201 671 5262 in
700 5196 1037 5260 novissimis
1081 5192 1447 5275 temporibus
1478 5194 1814 5255 incarnatus
1845 5194 2131 5260 excitatus

2219 4481 2617 4545 πιστεύσαντες.
2667 4472 2903 4559 ’Ἔγειρε
2963 4478 3017 4535 δὲ
3068 4480 3225 4558 κέρας
3271 4482 3563 4561 σωτηρίας,
3598 4481 3865 4560 τουτέστι,

2218 4566 2437 4645 δὺναμιν
2494 4570 2587 4627 καὶ
2652 4568 2928 4645 βασιλείαν
2988 4570 3251 4648 σωτήριον
3285 4585 3303 4603 ⁸
3364 4572 3426 4627 τὸ
3475 4571 3576 4650 γὰρ
3630 4571 3787 4650 κέρας
3832 4573 3869 4641 ἢ

2218 4656 2437 4733 δύναμιν
2493 4661 2740 4735 σημαίνει
2772 4674 2791 4694 ⁶
2862 4658 2929 4715 τὰ
2970 4659 3071 4737 γὰρ
3133 4659 3432 4740 κερασφόρα
3480 4666 3589 4732 ζῶα
3634 4660 3689 4717 έν
3746 4676 3867 4727 τοῖς

2220 4746 2401 4823 κέρασι
2428 4748 2546 4819 ,τὴν
2601 4746 2817 4824 δύναμιν
2874 4746 3114 4828 ἔχουσιν,
3267 4747 3537 4825 βασιλείαν
3570 4770 3583 4784 ⁸
3639 4758 3717 4827 τῷ
3766 4753 3868 4833 γὰρ

2221 4834 2399 4915 κέρατι
2471 4837 2713 4917 ἐχρίοντο
2769 4839 2816 4893 οἱ
2891 4827 3160 4913 βασιλεῖς.
3221 4827 3278 4895 Ὀ
3336 4840 3426 4895 οὗν
3482 4840 3706 4918 Χριστὸς
3776 4827 3869 4898 καὶ

2219 4923 2434 5001 δύναμίς
2506 4926 2617 4984 ἐστι
2685 4927 2774 4982 καὶ
2841 4924 3084 5003 βασιλεία
3153 4928 3245 4983 “co-3
3288 4928 3493 5007 [ἰατρὸς
3527 4943 3543 4957 ⁸

2218 5018 2306 5071 οὖν
2361 5018 2497 5089 ἡμῖν
2555 5014 2713 5095 κέρας
2784 5016 3049 5095 σωτηρίας
3101 5015 3130 5071 6
3186 5015 3437 5095 Χριστός,
3510 5014 3715 5074 Ἐδόκει
3760 5020 3863 5098 γὰρ

2216 5104 2527 5180 ὃπνώττειν,
2585 5101 3057 5184 παρεκελεπόμενος
3141 5104 3235 5169 τὰς
3310 5103 3515 5170 πολλὰς
3570 5107 3859 5187 ἁμαρτίας,

2214 5196 2299 5251 καὶ
2370 5197 2718 5275 μακροθυμῶν
2771 5194 2860 5249 ἰπὶ
2915 5199 2984 5271 τῇ
3026 5191 3373 5271 εἰδωλομανίᾳ
3403 5209 3419 5225 ⁸
3468 5193 3589 5253 ἀλλ’
3635 5196 3690 5254 ἒν
3736 5211 3860 5273 τοῖς

483 5301 595 5363 est,
632 5301 689 5352 et
719 5286 993 5349 contrivit
1027 5302 1233 5345 omnes
1255 5281 1353 5364 qui
1381 5283 1638 5344 oderunt
1660 5303 1768 5345 nos
1798 5282 2119 5361 daemones,

2229 5285 2459 5365 σχάτοις
2530 5283 2816 5364 σαρκωθεὶς
2859 5296 3089 5365 καιροῖς,
3142 5282 3400 5364 ἐξηγέρθη
3438 5286 3526 5343 καὶ
3577 5284 3857 5367 συνέτριψε

480 5399 598 5440 non
626 5379 748 5457 jam
782 5378 934 5438 ultra
967 5373 1323 5452 longanimis
1362 5380 1419 5433 et
1472 5373 1798 5434 dormiens.
1846 5371 2029 5436 Porro
2058 5376 2121 5438 in

2229 5375 2404 5438 πάντας
2450 5374 2569 5440 τοὺς
2629 5383 2914 5450 μισοῦντας
2948 5375 3093 5449 ἡμᾶς
3136 5373 3413 5450 δαίμονας,
3465 5375 3674 5445 Μηκέτι
3717 5376 3859 5433 ἀνα-

479 5468 657 5530 domo
690 5464 871 5528 David
906 5463 1192 5525 excitatus
1225 5481 1308 5538 es,
1340 5462 1451 5523 hoc
1505 5470 1614 5538 est,
1648 5461 1708 5522 in
1756 5462 2062 5526 Bethleem
2099 5487 2113 5529 :

2201 5465 2472 5543 σχόμενος
2530 5464 2723 5520 ὑπνοῦν
2775 5465 2863 5521 καὶ
2913 5466 3272 5543 μακροθυμεῖν
3302 5479 3319 5497 ⁸
3371 5463 3427 5521 ἐν
3483 5471 3562 5541 τῷ
3618 5464 3759 5539 οἴκῳ
3802 5466 3858 5524 δὲ

475 5556 599 5617 illic
631 5553 791 5616 enim
823 5560 995 5613 natus
1019 5559 1128 5613 est.
1162 5549 1470 5611 Bethleem
1503 5558 1694 5611 autem
1722 5552 1906 5631 patria
1934 5550 2111 5617 David

2229 5551 2363 5609 ιαϐὶδ
2422 5551 2704 5632 ἐξηγέρθη,
2762 5554 3054 5613 τουτέστιν
3137 5553 3193 5610 ἰν
3264 5553 3531 5632 Βηθλεέμ,
3592 5554 3711 5612 ἐκεῖ
3753 5557 3858 5635 γὰρ

477 5651 630 5721 erat,
669 5641 824 5705 sicut
854 5638 1037 5702 locuti
1066 5640 1300 5699 fuerunt
1329 5638 1650 5719 prophetae.
1682 5639 1902 5701 Omnes
1950 5643 2107 5705 enim

2229 5644 2454 5721 γεννήθη
2488 5659 2503 5674 ⁸
2552 5645 2587 5712 ἡ
2616 5640 2671 5699 δὲ
2703 5642 2969 5720 Βηθλεὶμ,
3019 5643 3229 5708 πάντως
3295 5642 3449 5710 πόλις
3500 5650 3592 5702 τοῦ
3666 5642 3853 5729 Δαϐἶδ,
