4154 6298
292 368 408 436 717
1088 373 1535 440 ENARRATIO
1580 378 1662 442 IN
1708 374 1938 443 EVANt

2025 377 2216 442 LIUM
2262 378 2498 445 ΒΗΘΔ.
2539 416 2618 428 -
2660 378 2826 447 CAP.
2874 380 2922 448 Ι.
3565 375 3687 448 718

294 510 466 570 καθὼς
500 507 768 577 ἐλάλησαν
811 513 856 567 οἱ
910 515 1207 594 προφῆται.
1272 511 1472 576 Πάντες
1522 513 1624 592 γὰρ
1669 514 1792 594 περὶ
1849 512 1938 579 τῆς

2034 507 2111 570 de
2142 508 2554 575 incarnatione
2576 513 2759 577 locuti
2789 524 2929 578 sunt
2949 516 3247 594 Michaaas,
3272 518 3448 581 etiam
3472 519 3687 584 domus

292 597 610 677 σαρκώσεως
668 603 845 661 εἶπον.
908 591 965 658 ’0
1021 599 1077 657 δὲ
1122 601 1383 680 Μιχαίας,
1415 604 1503 659 καὶ
1546 605 1639 660 τοῦ
1668 602 1826 661 οἴκου
1852 608 1938 659 τοῐ

2033 598 2240 681 David,
2275 603 2585 665 Bethleem
2634 604 2794 680 dico,
2862 591 3680 677 mentionemvt'acitdicens:

298 685 479 762 Δαϐὶό,
534 688 631 755 τῆς
685 687 927 776 Βηθλεέμ
975 687 1139 769 λέγω,
1193 690 1485 771 μέμνηται,
1519 690 1692 771 λέγων
1726 713 1743 731 ο
1783 715 1810 747 ε
1849 686 1938 750 Καῖ

2037 686 2141 749 «Et
2166 697 2222 750 tu
2246 690 2585 767 Bethleem,
2612 697 2957 776 neutiquam
2991 696 3236 759 minima
3257 715 3420 774 es,ex
3448 706 3507 760 te
3523 698 3682 761 enim

295 777 385 847 σὺ,
431 775 696 854 Βηθλεὲμ,
752 775 995 854 οιῈαμῶς
1053 777 1315 859 ἐλαχίστη
1378 780 1456 838 εἴ.
1526 780 1620 839 Ἐκ
1690 788 1784 837 τοῦ
1844 781 1938 859 γὰρ

2029 779 2367 856 egredietur
2419 782 2535 844 dux
2589 784 2666 843 ¹ο.
2702 809 2730 839 ι
2765 775 2932 847 Fecit
2978 795 3177 847 autem
3237 787 3682 850 misericodiam

298 864 621 931 ἐξελεύσεται
663 867 984 946 ἡγούμενος.
1024 890 1051 921 ι
1103 868 1353 936 Ἐποίησε
1383 867 1438 925 δὲ
1486 869 1659 946 ἔλεος,
1692 875 1753 929 ού
1805 870 1938 946 μετά

2027 884 2145 928 non
2168 870 2358 931 solum
2394 890 2527 933 cum
2560 872 2917 954 viventibus,
2955 875 3060 937 sed
3111 883 3170 937 et
3223 894 3358 937 cum
3415 877 3683 957 patribus

294 962 402 1012 τῶν
456 956 671 1027 ζώντων
730 955 913 1037 μόνον,
979 955 1117 1015 ἀλλά
1191 960 1278 1015 καὶ
1359 960 1497 1033 μετὰ
1552 965 1659 1017 τῶν
1713 958 1938 1036 πατέρω

2046 958 2285 1023 nostris.
2320 959 2534 1022 Christi
2568 961 2725 1023 enim
2750 962 2934 1041 gratia
2955 964 3215 1026 etiamin
3244 964 3376 1027 illos
3406 955 3507 1046 qui
3539 966 3682 1029 olim

296 1046 452 1121 ἡμῶν
481 1062 496 1079 ·
553 1053 644 1103 τοῦ
693 1046 792 1125 γὰρ
846 1054 1078 1126 Χριστοῦ
1134 1049 1168 1115 ἡ
1230 1047 1414 1128 χάρις,
1456 1050 1544 1105 καὶ
1588 1051 1660 1113 είς
1722 1049 1938 1108 ἐκείνους

2044 1047 2282 1117 mortui,
2321 1048 2621 1130 pertingit,
2675 1058 2739 1111 nt
2786 1051 2955 1112 verbi
3009 1053 3244 1130 gratia:
3288 1053 3463 1116 Dedit
3508 1055 3684 1117 nobis

298 1133 579 1215 ἀνέδραμε,
642 1136 762 1198 τοὺς
832 1134 935 1203 ἤδη
1004 1137 1324 1204 τεθνηκότας
1353 1157 1369 1173 ⁸
1438 1138 1556 1196 οἶόν
1616 1161 1665 1195 τι
1747 1137 1938 1217 λέγω¹

2033 1132 2366 1197 viventibus
2395 1156 2559 1218 spem
2590 1138 3131 1221 resurrectionis,et
3157 1158 3557 1220 resurgemus:
3576 1144 3684 1206 sed

297 1222 533 1280 Δέδωκεν
587 1225 723 1298 ἡμῖν
793 1238 911 1291 τοῖς
967 1232 1127 1297 ζῶσιν
1182 1226 1367 1285 ἐλπίδα
1428 1229 1792 1301 ἀναστάσεως,
1852 1250 1924 1286 κα

2042 1238 2160 1283 non
2192 1224 2305 1287 soli
2338 1243 2442 1289 nos
2469 1226 2620 1287 hanc
2649 1227 2898 1305 gratiam
2935 1246 3346 1309 assequemur,
3380 1231 3484 1292 sed
3504 1244 3564 1293 et
3584 1232 3684 1313 qui

292 1313 696 1390 ἀναπησόμεθα
729 1328 744 1343 ⁸
796 1313 918 1371 ἀλλ’
1001 1319 1060 1375 o6
1143 1316 1294 1390 μόνοι
1349 1320 1511 1393 ἡμεῖς
1578 1318 1794 1384 ταύτης
1852 1318 1938 1386 τῆι

2037 1319 2172 1374 ante
2206 1332 2312 1374 nos
2342 1314 2606 1377 defuncti
2636 1315 3107 1379 fuerant.0mnis
3127 1319 3285 1379 enim
3315 1329 3522 1381 natura
3545 1320 3681 1382 boni
3722 1394 3725 1399 ι

287 1404 513 1483 χάριτος
570 1402 990 1481 ἀξιωθησόμεθα,
1050 1404 1116 1462 ἀλ
1138 1405 1205 1463 λὰ
1263 1408 1351 1463 καὶ
1422 1409 1470 1464 οἱ
1526 1406 1938 1486 προτετελευτη-

2036 1401 2332 1483 particeps
2361 1403 2489 1468 fuit.
2527 1404 2630 1466 Vel
2651 1405 2823 1466 aliter
2862 1406 3002 1467 fecit
3042 1406 3510 1471 misericordiam
3544 1428 3679 1471 cum

299 1492 456 1555 κότες
492 1510 507 1526 ’
569 1498 717 1550 πᾶσα
768 1493 868 1573 γὰρ
921 1495 956 1562 ἦ
1016 1495 1168 1574 φύσις
1223 1494 1382 1577 ἔτυχε
1441 1504 1533 1554 τοῦ
1591 1495 1808 1575 ἀγαθοό·
1864 1499 1938 1551 κα“

2033 1490 2297 1569 patribus
2321 1510 2390 1553 eo
2419 1493 2574 1572 quod
2607 1513 2775 1573 spem
2807 1494 3044 1556 illorum
3076 1495 3682 1578 implevit.Adimple-

298 1580 478 1647 ἄλλως
536 1580 590 1638 δὲ
662 1582 910 1650 ἐποίησεν
968 1582 1305 1665 ἔλεοςγμετά
1358 1591 1466 1642 τῶν
1522 1587 1788 1662 πατὶρων,
1822 1586 1938 1641 καθὶ

2034 1586 2091 1639 ta
2119 1580 2277 1641 enim
2306 1580 2586 1643 viderunt
2612 1601 2982 1664 quaecunque
3014 1585 3090 1647 de
3119 1583 3349 1647 Christo
3380 1595 3680 1665 exspecta-

298 1672 396 1736 τὰς
461 1670 676 1736 ἐλπίδας
721 1671 1053 1752 ἐπλήρωσεν.
1108 1664 1259 1732 μΟσα
1302 1676 1401 1754 γὰρ
1459 1672 1816 1754 προσεδόκων,
1864 1671 1938 1730 in}

2031 1666 2305 1759 rant.Sed
2338 1677 2395 1730 et
2424 1670 2576 1732 lilios
2605 1689 2744 1734 suos
2786 1690 2922 1733 cum
2961 1672 3164 1735 vident
3206 1682 3403 1754 patres
3462 1664 3680 1738 talibus

298 1768 378 1836 τῷ
436 1766 668 1841 Χριστῷ,
700 1759 846 1818 εῖδον
877 1761 1221 1820 τελειωθέντα
1256 1781 1270 1795 ⁶
1307 1763 1444 1820 ἀλλά
1485 1762 1550 1831 δὴ
1580 1765 1668 1820 καὶ
1698 1764 1762 1819 τὰ
1788 1762 1938 1819 τέκνα

2031 1754 2203 1818 bonis
2236 1758 2368 1832 frui,
2403 1760 2661 1838 gaudent
2688 1766 2746 1823 et
2777 1761 3094 1842 participes
3115 1767 3262 1825 sunt
3288 1763 3531 1840 laztitiaa,
3569 1783 3679 1845 pe-

296 1852 494 1931 αὺτῶν,
556 1852 602 1908 οἱ
662 1851 884 1929 πατέρες
952 1850 1238 1928 βλέποντες
1298 1852 1634 1909 ἀπολαύοντα
1688 1858 1789 1910 τῶν
1846 1874 1943 1909 το-

296 1940 498 1997 σούτων
558 1939 788 2018 ἀγαθῶν,
852 1940 1123 2019 χαίρουσι,
1169 1942 1258 1998 καὶ
1315 1943 1558 1998 κοινωνοὶ
1601 1941 1699 2009 τῆς
1752 1945 1944 2021 εὖφρο-

295 2030 458 2097 σύνης
510 2050 804 2107 γινομενοι,
851 2031 923 2093 είς
974 2030 1188 2095 ἑαυτοὺς
1258 2032 1320 2087 τὸ
1361 2029 1512 2094 ἔλεος
1570 2028 1941 2109 ἀναδέχονται.

299 2118 465 2182 Ποίας
522 2116 575 2175 δὲ
637 2116 890 2188 διαθήκης
951 2117 1213 2199 ἐμνήσθλη,
1260 2122 1347 2176 καὶ
1401 2120 1555 2179 ποίου
1602 2118 1758 2198 ὅρκου
1812 2120 1942 2199 πρὸς

296 2209 391 2264 τὸν
449 2204 690 2287 Ἀϐραὰμ
746 2189 1079 2286 γενομένους
1142 2189 1211 2264 1Ἐί
1264 2209 1479 2273 πάντως
1538 2189 1652 2284 τοῦ,
1698 2229 1723 2266 ε
1773 2189 1948 2267 Εὐλο-

300 2302 411 2375 γῶν
456 2296 736 2376 εὐλογήσω
822 2319 907 2371 σε,
992 2299 1080 2353 καὶ
1131 2296 1412 2364 πληθύνων
1475 2296 1727 2366 πληθυνῶ
1782 2319 1864 2360 σε,
1916 2322 1943 2353 ι

298 2384 635 2454 Ἐπληθύνθη
661 2389 761 2466 γὰρ
811 2387 976 2451 ὅντως
1035 2393 1122 2442 νῦν
1153 2388 1181 2442 6
1225 2383 1492 2467 Ἀϐραὰμ,
1545 2388 1757 2448 πάντων
1788 2386 1951 2450 ἐθνῶν

298 2476 705 2544 υίοθετηθέντων
785 2477 929 2552 αύτῷ
1009 2475 1093 2533 διὰ
1161 2477 1262 2543 τῆς
1331 2478 1558 2542 πίστεως
1593 2494 1607 2509 ⁶
1695 2479 1769 2541 ὡς
1848 2477 1948 2557 γὰρ

296 2568 503 2631 ἐκεῖνος
538 2567 865 2639 ἐπίστευσεν,
926 2565 1065 2625 οὕτω
1120 2567 1209 2623 καὶ
1236 2569 1400 2623 ταῦτα
1448 2567 1533 2623 διὰ
1558 2572 1657 2634 τῆς
1714 2568 1947 2630 πίστεως

300 2658 645 2730 ῲκειώθησαν
678 2673 693 2687 ⁸
756 2654 1003 2734 ἐῤῥύσατο
1074 2653 1129 2713 δὲ
1205 2657 1349 2731 ἡμᾶς
1432 2657 1491 2713 ἐκ
1572 2662 1680 2712 τῶν
1736 2656 1941 2736 ἐχθρῶν

298 2743 508 2826 ἀφόϐως
537 2765 552 2781 ·
601 2744 862 2809 πολλάκις
906 2747 1007 2824 γὰρ
1063 2767 1205 2810 τινες
1249 2745 1452 2824 ῥύονται
1486 2747 1607 2822 μὲν,
1638 2745 1775 2802 ἀλλά
1807 2748 1943 2820 μετά

294 2832 459 2916 φόϐου
514 2836 600 2891 καὶ
654 2834 875 2913 ἀγώνων
933 2833 1147 2892 πολλῶν
1190 2836 1279 2893 καὶ
1324 2833 1561 2910 ποὶέμου
1594 2851 1608 2865 ⁵
1645 2837 1673 2891 6
1704 2833 1758 2891 δὲ
1809 2843 1940 2914 Χρι-

294 2927 441 2999 στὸς,
495 2922 663 3001 μηδὲν
712 2926 868 2999 ἡμῶν
927 2925 1321 2999 κοπιασάντων,
1380 2924 1510 3004 ὑπὲρ
1562 2926 1717 2999 ἡμῶν
1748 2923 1939 2981 ἐσταυ-

296 3013 438 3092 ρώθη
475 3031 490 3045 ⁸
538 3015 626 3070 καὶ
669 3012 917 3092 ἐρρύσατο
956 3012 1142 3070 λοιπὸν
1193 3014 1338 3088 ἡμᾶς
1388 3010 1624 3095 ἀφόϐως,
1668 3013 1940 3071 τουτέστιν

297 3100 603 3166 ἀκινδύνως.
655 3102 805 3159 Διατί
832 3101 887 3158 δὲ
934 3100 1184 3181 ἐρρύσατο
1242 3103 1408 3177 ἡμᾶς,
1442 3102 1542 3183 ἆρα
1585 3101 1668 3158 διὰ
1698 3103 1758 3158 τὰ
1810 3125 1938 3182 τρυ-

300 3197 450 3271 φᾷν;
511 3193 647 3271 Οὐχί
680 3211 695 3225 ⁶
752 3190 889 3249 ἀλλά
944 3199 1037 3248 τοῦ
1086 3190 1352 3270 λατρεύειν
1411 3195 1579 3272 αύτῷ,
1624 3194 1727 3273 οὑχ
1778 3191 1938 3273 ἅπαξ,

303 3278 418 3340 οὐδὲ
456 3278 543 3338 δύο
572 3280 799 3360 ἡμέρας,
847 3279 985 3337 ἀλλά
1015 3282 1188 3344 πάσας
1219 3280 1312 3345 τὰς
1362 3281 1565 3360 ἡμέρας
1600 3296 1616 3312 '
1677 3280 1947 3361 λατρεύειν

301 3368 380 3450 δὲ,
468 3370 527 3426 o6
589 3369 671 3427 διὰ
763 3370 1073 3448 σωματικῆς
1146 3371 1310 3446 μόνον
1389 3373 1798 3451 προσκυνήσεως
1859 3379 1947 3435 καὶ

294 3460 601 3541 ὑπουργίας,
663 3459 784 3516 ἀλλ’
814 3463 870 3516 ἐν
927 3459 1165 3528 ὁσιότητι
1225 3461 1314 3516 καὶ
1370 3458 1673 3527 δικαιοσύνη
1708 3478 1723 3494 ·
1780 3460 1947 3519 ’Ἔστι

291 3547 348 3605 δὲ
393 3550 608 3617 ὁσιότης
653 3551 773 3629 μὲν,
833 3551 895 3606 τὸ
952 3550 1083 3626 πρὸς
1141 3550 1271 3605 Θεὸν
1328 3547 1527 3607 δίκαιον
1564 3566 1577 3581 ⁸
1623 3548 1931 3618 δικαιοσύνη

291 3637 369 3720 δὲ,
430 3641 491 3695 τὸ
532 3641 665 3717 πρὸς
725 3638 1027 3718 ἀνθρώπους
1060 3656 1074 3672 ⁸
1124 3642 1267 3714 οἷον,
1302 3638 1392 3695 ἐάν
1419 3661 1500 3702 τις
1528 3639 1801 3719 ἀπέχηται
1834 3640 1930 3715 μὲν

289 3734 393 3785 τῶν
451 3731 629 3807 ἱερῶν,
669 3729 757 3785 καί
808 3730 903 3785 οὑκ
959 3728 1211 3807 ἐπιχειρῇ
1239 3740 1358 3791 τοῖς
1389 3730 1546 3791 θείοις
1577 3727 1765 3804 ἀθέως,
1796 3728 1933 3791 ἀλλὰ

289 3824 463 3876 πᾶσαν
516 3819 680 3895 τιμὴν
750 3818 1002 3895 ἀποσώζῃ
1058 3819 1191 3898 πρὸς
1238 3817 1305 3874 τὰ
1368 3819 1538 3895 τίμια,
1584 3820 1612 3874 6
1666 3826 1927 3900 τοιοῦτος,

295 3908 441 3972 ὅσιος
475 3926 494 3944 ⁸
552 3908 754 3985 ὁμοίως
810 3909 899 3966 καὶ
954 3910 983 3964 6
1040 3910 1162 3971 τούς
1192 3920 1373 3986 γονεῖς
1424 3904 1732 3983 σεϐόμενος,
1766 3907 1933 3972 ὅσιοςο

290 3999 377 4054 καὶ
438 3997 579 4054 οὗτοι
641 3998 741 4077 ⁸τὰρ
791 3998 899 4054 θεοὶ
955 3993 1289 4054 κατοικίδιον
1344 3996 1388 4052 εἱ
1421 3993 1475 4052 δέ
1520 4017 1603 4060 τις
1649 3998 1710 4053 o6
1739 3996 1935 4056 πλεον-

296 4087 457 4154 έκτης
501 4087 620 4168 εἴη,
683 4088 780 4144 ούκ
833 4084 1027 4167 ἅρπαξ,
1071 4088 1132 4144 o6
1182 4083 1441 4159 κλέπτης,
1496 4086 1556 4142 o6
1613 4087 1834 4166 μοιχὸς,
1879 4092 1939 4147 οὗ

293 4178 509 4257 πόρνος⁰
545 4178 574 4233 6
624 4183 887 4252 τοιοῦτος,
949 4173 1177 4239 δίκαιος,
1234 4172 1412 4238 Οὕτως
1438 4173 1526 4231 οὖν
1555 4172 1640 4231 δεῖ
1669 4173 1938 4253 λατρεύειν

292 4275 432 4343 Θεῷ,
480 4266 537 4323 ἐν
596 4266 863 4346 ὒσιότητι,
922 4271 991 4342 τῇ
1042 4266 1172 4344 πρὸς
1229 4265 1297 4323 τὰ
1337 4267 1457 4320 θεῖα
1486 4261 1629 4342 λέγω
1672 4262 1937 4337 εὐλαϐείᾳ,

287 4359 377 4416 καὶ
434 4355 763 4433 δικαιοσύνῃ,
848 4361 920 4433 τῇ
979 4355 1112 4435 πρὸς
1169 4354 1237 4412 τὰ
1317 4351 1615 4432 ἀνθρώπινα
1685 4351 1942 4430 ἐπαινετῇ

2030 1845 2201 1907 rinde
2220 1848 2359 1907 985
2377 1867 2445 1909 ac
2476 1848 2527 1909 si
2558 1849 2620 1910 in
2653 1868 2721 1912 se
2758 1850 2971 1916 collata
3005 1860 3226 1912 essent.
3260 1853 3441 1932 Cujus
3478 1860 3677 1917 autem

2033 1938 2371 1999 testamenti
2397 1946 2448 2000 et
2485 1939 2655 2017 cujus
2680 1939 3013 2017 jusjurandi
3045 1941 3201 2020 quod
3236 1940 3540 2003 Abraham
3561 1941 3681 2003 fac-

2034 2030 2181 2097 tum,
2215 2026 2523 2087 meminit?
2555 2027 2661 2089 Vel
2690 2028 2938 2090 omnino
2988 2029 3207 2108 hujus:
3241 2050 3263 2083 ιι
3301 2028 3681 2093 Benndicens

2030 2112 2376 2177 benedicam
2406 2121 2555 2191 te,et
2585 2116 2931 2198 multiplans
2960 2117 3365 2198 multiplicabo
3379 2121 3492 2182 te“
3512 2118 3681 2183 ..νε-

2032 2219 2098 2264 re
2130 2222 2285 2264 nunc
2319 2204 2735 2284 multiplicatus
2765 2206 3231 2278 Abraham,cu'n
3254 2206 3310 2268 ei
3335 2206 3528 2270 ﬁliiex
3560 2227 3681 2271 om-

2033 2290 2211 2353 nibus
2238 2293 2514 2371 gentibus
2542 2293 2803 2374 adaptati
2830 2305 2966 2356 sunt
2986 2312 3093 2375 per
3123 2294 3323 2356 iidem.
3355 2294 3501 2358 Nam
3533 2298 3681 2359 sicut

2031 2379 2132 2442 ille
2161 2381 2435 2457 credidit,
2470 2381 2551 2444 ita
2574 2382 2673 2444 isti
2705 2400 2813 2463 per
2838 2383 3013 2444 ﬁdem
3038 2384 3497 2464 appropriaruut
3526 2386 3583 2447 ei
3602 2386 3677 2452 η.

2031 2468 2327 2533 Liberavit
2350 2478 2547 2533 autem
2579 2489 2688 2533 nos
2711 2471 2786 2533 de
2816 2471 3077 2534 inimicis
3106 2474 3239 2535 sine
3269 2473 3681 2557 timore.S:epe

2030 2558 2285 2622 liberant
2323 2559 2586 2641 quidam,
2643 2560 2749 2622 sed
2808 2580 2929 2623 non
2985 2561 3115 2623 sine
3175 2571 3382 2625 nostro
3441 2564 3679 2640 timore,

2027 2665 2215 2728 agone
2245 2659 2305 2711 et
2336 2648 2659 2711 certamine
2692 2666 2705 2712 :
2734 2650 3004 2713 Christus
3031 2668 3196 2724 vero,
3243 2670 3376 2713 cum
3411 2671 3519 2714 nos
3562 2673 3681 2715 non

2028 2738 2602 2819 laborassemus,pro
2630 2737 2801 2801 nobis
2830 2740 3152 2802 cruciﬁxus
3177 2750 3290 2821 est,
3320 2749 3380 2804 et
3414 2740 3687 2805 liberavit

2025 2846 2135 2889 nos
2156 2828 2286 2889 sine
2318 2829 2552 2899 timore,
2588 2828 2699 2890 hoc
2740 2837 2855 2910 est,
2883 2828 3109 2909 absque
3168 2830 3458 2909 periculo.
3490 2830 3686 2904 Quare

2022 2925 2218 2978 autem
2250 2916 2526 2978 liberavit
2557 2924 2695 2981 nos?
2757 2919 2910 2981 Num
2971 2926 3219 2998 propter
3251 2918 3447 2980 cibum
3479 2928 3542 2984 et
3572 2940 3682 3001 po-

2025 3005 2182 3069 tum?
2207 3005 2336 3067 Non
2371 3025 2385 3066 :
2415 3006 2521 3068 sed
2557 3014 2620 3067 ut
2653 3006 2989 3068 serviamus
3032 3005 3138 3082 illi,
3174 3025 3292 3068 non
3323 3008 3531 3082 semel,
3568 3028 3680 3071 ne-

2023 3114 2140 3178 que
2171 3095 2402 3157 duobus
2442 3095 2674 3169 diebus,
2708 3095 2815 3158 sed
2846 3094 3129 3157 omnibus
3157 3095 3391 3177 diebus,
3439 3099 3681 3160 Servia-

2031 3203 2164 3247 mus
2186 3192 2380 3246 autem
2410 3204 2528 3246 non
2553 3186 2683 3246 sola
2707 3184 3003 3266 corporali
3040 3184 3387 3247 adoratione
3416 3195 3472 3248 ct
3500 3188 3681 3249 mini-

2031 3275 2212 3337 sterio
2245 3275 2349 3335 sed
2388 3274 2449 3335 in
2480 3275 2795 3337 sanctitate
2818 3283 2875 3335 et
2903 3273 3157 3353 justitia,
3184 3272 3285 3336 Est
3309 3284 3507 3337 autem
3538 3295 3683 3340 sanc

2033 3363 2417 3444 titas,justitia
2447 3382 2586 3442 erga
2617 3363 2830 3427 Deum:
2858 3363 3094 3444 justitia
3116 3382 3277 3439 vero,
3311 3383 3451 3444 erga
3479 3366 3679 3429 homi-

2032 3472 2173 3516 nes:
2200 3462 2263 3513 ut
2289 3452 2545 3533 exempli
2564 3453 2773 3532 gratia,
2794 3451 2845 3513 si
2875 3453 3006 3533 quis
3027 3451 3325 3515 abstineat
3353 3472 3387 3515 a
3410 3454 3593 3517 sacris
3624 3464 3683 3518 et

2015 3545 2087 3609 ad
2110 3543 2317 3606 divina
2339 3560 2457 3602 non
2480 3542 2714 3603 accedit
2740 3540 3058 3622 impie,sed
3082 3541 3518 3605 venerabiiibus
3542 3564 3676 3606 om-

2013 3653 2151 3698 nem
2184 3633 2472 3694 honorem
2504 3631 2774 3707 exhibet,
2806 3630 2857 3691 is
2884 3637 3125 3693 sanctus
3156 3639 3266 3694 est.
3301 3632 3595 3696 Similiter
3624 3644 3680 3696 et

2013 3727 2115 3810 qui
2130 3726 2383 3787 honorat
2404 3730 2936 3804 parentes,sanctus
2949 3729 3201 3784 estmam
3217 3722 3681 3788 etillidiidome-

2012 3816 2266 3887 stici.At
2293 3813 2342 3873 si
2377 3813 2512 3894 quis
2545 3832 2661 3873 non
2691 3813 2865 3873 fuerit
2900 3829 3132 3888 avarus,
3169 3830 3287 3875 non
3321 3830 3525 3894 rapax,
3557 3834 3672 3877 non

2022 3906 2143 3981 fur,
2169 3923 2289 3966 non
2313 3902 2567 3977 adulter,
2603 3921 2723 3962 non
2755 3909 3071 3981 scortator,
3116 3901 3166 3961 is
3188 3902 3388 3981 justus
3418 3902 3677 3968 dicetur.

2020 3999 2225 4075 Itaque
2254 4001 2485 4070 oportet
2532 3990 2755 4052 servire
2805 3988 2925 4051 Deo
2958 3989 3018 4050 in
3049 3989 3376 4066 sanctitate,
3418 3991 3530 4053 hoc
3561 4002 3674 4075 est,

2019 4082 2355 4147 reverentia
2380 4099 2518 4159 erga
2539 4079 2736 4141 divina
2770 4098 2784 4139 :
2820 4087 2879 4140 et
2909 4079 3165 4158 justitia,
3196 4079 3405 4152 hoc,es
3438 4080 3674 4143 laudata

2020 4173 2082 4234 in
2111 4172 2293 4236 rebus
2339 4168 2617 4231 humanis
2647 4169 2782 4230 vita.
2826 4167 3215 4230 Serviendum
3267 4168 3529 4249 denique
3581 4180 3674 4233 est

2022 4280 2221 4324 coram
2250 4261 2402 4340 ipso,
2438 4276 2556 4319 non
2587 4276 2786 4319 coram
2842 4256 3209 4333 hominibus,
3268 4257 3428 4320 sicut
3464 4258 3525 4319 hi
3581 4260 3675 4339 qui

2022 4349 2369 4414 hominibus
2399 4347 2639 4428 placere
2676 4346 2894 4421 volunt,
2918 4355 2983 4407 ut
3004 4345 3325 4426 hypocrita;
3346 4345 3590 4411 faciunt.

288 4445 547 4520 πολιτείᾳθ
602 4443 869 4525 λατρεύειν
926 4441 982 4500 δὲ
1037 4443 1262 4501 ἐνώπιον
1313 4444 1492 4518 αὐτοῦ,
1568 4441 1647 4517 μὴ
1730 4441 1954 4499 ἐνώπιον
2057 4448 2162 4498 τῶν
2261 4439 2571 4519 ἀνθρώπων,
2615 4439 2687 4500 ὡς
2753 4439 2799 4493 οἱ
2858 4436 3292 4515 ἀνθρωπάρεσκοι
3375 4438 3465 4493 καὶ
3537 4439 3674 4494 ὑπο-

293 4535 489 4616 κριταί,

300 4692 305 4703 νη
378 4647 403 4683 ε
441 4626 539 4684 Καὶ
595 4627 680 4706 σὺ,

290 4715 627 4794 προπορεύσῃ
683 4715 783 4794 γὰρ
839 4715 942 4794 πρὸ
1018 4716 1304 4794 προσώπω
1388 4710 1598 4791 Κυρίου,
1658 4711 1934 4788 ἑτοιμάσαι

293 4804 443 4869 ὁδοὺς
499 4808 680 4885 αὐτοῦ,
735 4811 829 4861 τοῦ
883 4802 1057 4861 δοῦναι
1112 4809 1307 4882 γνῶσιν
1360 4801 1628 4880 σωτηρίας
1690 4806 1767 4875 τῷ
1820 4798 1935 4875 λαῷ

290 4895 474 4968 αὐτοῦ,
535 4893 591 4949 iv
632 4893 813 4974 ἀφέσει
872 4893 1144 4972 ἁμαρτιῶν
1227 4892 1423 4953 αὐτῶν.
1493 4892 1590 4945 Διὰ
1647 4887 1936 4969 σπλάγχνα

287 4983 467 5049 ἐλέους
522 4991 653 5042 Θεου
721 4985 900 5060 ἡμῶν,
962 4981 1017 5039 ἐν
1088 4984 1172 5046 οἷς
1228 4978 1562 5056 ἐπεσκέψατο
1610 4978 1754 5053 ἡμᾶς
1798 4977 1932 5033 ἀνα-

286 5073 423 5142 τολὴ
481 5072 534 5140 ἐξ
588 5072 775 5149 ὕψους,
835 5072 1084 5154 ἐπιφᾶναι
1153 5082 1271 5134 τοῖς
1311 5071 1367 5126 ἐν
1447 5069 1624 5125 σκότει
1669 5067 1758 5124 καὶ
1814 5072 1937 5139 σκιᾷ

286 5163 513 5223 θανάτου
586 5162 928 5239 καθημένοις,
1003 5170 1098 5220 τοῦ
1166 5163 1474 5219 κατευθῦναι
1559 5156 1683 5219 τοὺς
1771 5155 1935 5220 πόδας

285 5255 445 5331 ἡμῶν
503 5254 576 5317 είς
636 5248 757 5310 ὁδὸν
810 5254 1048 5332 εἷρήνης.
1110 5253 1182 5310 Τὸ
1236 5250 1291 5309 δὲ
1350 5246 1557 5307 παιδίον
1616 5242 1805 5313 ηὔξανε
1848 5254 1937 5309 καὶ

734 4622 964 4701 παιδίον,
1010 4623 1290 4704 προφήτης
1344 4613 1594 4698 Ὑψίστου
1635 4619 1935 4699 κληθήσθῃ.

2103 4618 2284 4684 Vens.
2306 4617 2522 4681 76-80.
2537 4617 2645 4679 «Et
2675 4615 3238 4704 tu,puer,propheta
3267 4613 3555 4677 Altissimi
3572 4634 3673 4678 vo-

2018 4708 2275 4789 caberis,
2309 4706 2543 4789 praeibis
2575 4704 2737 4767 enim
2768 4713 2902 4767 ante
2933 4705 3147 4766 faciem
3179 4703 3417 4765 Domini
3454 4704 3526 4766 ad
3560 4723 3672 4786 pa-

2016 4798 2269 4862 randum
2296 4797 2420 4858 vias
2449 4796 2601 4875 ejus;
2651 4795 2725 4857 ad
2784 4793 3036 4854 dandam
3095 4792 3405 4854 scientiam
3461 4793 3672 4855 salutis

2018 4887 2236 4970 papulo
2267 4885 2481 4967 ipsius,
2512 4902 2620 4965 per
2638 4882 3059 4946 remissionem
3093 4890 3474 4962 peccatorum
3507 4883 3661 4962 ejus.

2019 4979 2134 5041 Per
2154 4976 2380 5037 viscera
2410 4971 2837 5036 misericordia:
2870 4971 2973 5035 Dei
3006 4970 3216 5045 nostri,
3246 4971 3309 5031 in
3346 4970 3566 5051 quibus
3589 4973 3667 5035 vi-

2018 5066 2212 5130 sitavit
2254 5083 2362 5126 nos
2411 5063 2612 5125 oriens
2643 5082 2715 5125 ex
2741 5062 2881 5125 alto.
2930 5059 3002 5123 Ut
3031 5060 3411 5122 illucesceret
3443 5060 3537 5122 his
3568 5063 3671 5142 qui

2018 5154 2368 5218 intenebris
2423 5162 2480 5213 et
2535 5150 2749 5213 umbra
2795 5149 3001 5212 mortis
3030 5150 3263 5223 sedent,
3297 5149 3369 5211 ad
3400 5148 3670 5229 dirigen-

2020 5245 2129 5308 dos
2153 5242 2337 5325 pedes
2364 5248 2598 5302 nostros
2619 5239 2682 5301 in
2711 5240 2861 5300 viam
2886 5236 3069 5319 pacis.
3106 5240 3263 5300 Puer
3292 5246 3490 5300 autem
3524 5256 3663 5301 creo

286 5327 627 5422 ἐκραταιοῦτο
682 5327 965 5420 πνεύματι,
1037 5343 1126 5399 καὶ
1165 5342 1232 5410 ἧν
1272 5340 1327 5397 ἐν
1376 5351 1491 5401 ταῖς
1548 5336 1767 5415 ἐρήμοις
1822 5332 1923 5397 ἕως

2024 5333 2304 5409 scebat,et
2333 5329 2828 5422 corroborahatur
2858 5327 3183 5422 spiritu,_et
3216 5328 3427 5422 eratin
3460 5327 3666 5422 desert

286 5416 491 5508 ἡμέρας
530 5416 837 5498 ἀναδείξεως
876 5435 1035 5492 αὐτοῦ
1076 5433 1209 5511 πρὸς
1249 5432 1341 5488 τὸν
1385 5425 1624 5508 Ἰσραήλ.
1684 5423 1926 5511 ’,Ξένον

2024 5427 2087 5488 tis
2115 5424 2312 5485 donec
2336 5419 2564 5511 veniret
2586 5417 2714 5480 dies
2747 5437 2862 5511 quo
2912 5416 3480 5511 ostendenduserat
3512 5417 3665 5511 apud

286 5504 522 5602 φαίνεται
554 5522 613 5577 τὸ
642 5520 815 5600 λέγειν
872 5522 962 5577 τὸν
1014 5504 1281 5601 Zur/:1.th
1337 5504 1475 5599 πρὸς.
1519 5517 1582 5572 τὸ
1619 5508 1844 5583 παιδίον,
1892 5514 1925 5569 ἃ

2024 5510 2330 5576 lsraelitas.
2362 5534 2390 5565 ι
2455 5507 2667 5569 Mirum
2727 5506 2959 5569 videtur
3005 5505 3161 5585 quod
3215 5504 3530 5569 Zacharias
3594 5506 3667 5568 ad

320 5746 333 5749 _
373 5682 433 5759 ’νο
463 5680 643 5745 Mich.
681 5698 740 5764 v,
772 5686 829 5741 2.
864 5683 911 5725 υ
947 5680 1097 5745 Gen.
1130 5697 1276 5762 xxn,
1317 5681 1405 5742 l7.
1438 5678 1491 5721 η
1518 5679 1693 5741 Rom.
1729 5690 1806 5754 1v,
1846 5677 1901 5735 1.
