4170 6282
476 382 591 451 719
1438 387 2035 454 THEOPHYLACTI
2080 382 2490 450 BULGARLﬁ
2534 384 2888 451 ARCHIEP.

478 535 723 595 puerum
740 515 999 597 loquitur
1015 516 1211 579 adhuc
1228 518 1593 579 insensatum
1617 538 1829 600 eaquae
1850 519 2133 601 loquitur.
2158 544 2199 579 Α
2221 519 2364 600 λέγει
2398 537 2413 552 ·

3743 378 3869 447 720

2472 522 2686 580 πάντως
2740 522 2841 602 γὰρ
2896 521 3198 595 ἀναισθήτῳ
3254 522 3366 578 δντι
3411 527 3488 595 τῷ
3530 516 3743 591 παιδίῳ,
3808 520 3870 575 06

472 604 997 684 Dicendumigitur
1009 606 1164 686 quod
1178 607 1329 668 sicut
1345 606 1639 669 insolitam
1656 609 2104 671 etadmirabilen

2219 609 2322 668 ἔδει
2379 610 2622 690 ὁμιλεῖν,
2672 612 2876 671 ’Ἒστιν
2942 614 3028 667 06v
3097 612 3268 667 εἰπεῖν
3323 610 3428 684 ὅτι,
3489 609 3668 686 ὥσπερ
3710 606 3866 674 ξένην

472 693 674 755 habuit
706 695 1084 758 nativitatum
1127 716 1297 778 puer,
1334 697 1432 777 qui
1467 698 1772 759 exsultavit
1796 708 1852 758 et
1882 700 2104 780 prophe

2217 704 2347 783 ἔσχε
2406 707 2505 770 την
2548 704 2795 783 γέννησιν
2837 703 2898 759 τὸ
2955 700 3177 774 παιδίον,
3232 706 3524 780 σκιρτῆσαν
3570 700 3656 755 καὶ
3718 721 3860 775 προ-

473 783 610 844 tavit
640 784 699 845 in
734 792 900 845 utero
947 784 1018 845 ad
1076 786 1397 847 adventum
1457 787 1659 848 Mariae
1694 806 1707 849 :
1743 787 1828 847 sic
1880 778 2010 848 non
2046 806 2104 849 es

2215 778 2479 871 φτίτεῦσαν
2539 778 2592 848 ὲν
2636 798 2704 869 τῇ
2760 794 2939 871 μήτρᾳ
2992 793 3078 847 επὶ
3142 792 3211 859 τῆ
3267 778 3524 863 παρουσίᾳ
3584 793 3681 854 τῆς
3746 794 3863 843 Μα-

472 874 683 934 mirum
719 874 768 934 si
799 872 977 934 etiam
1018 893 1088 935 ea
1138 894 1265 955 quae
1310 894 1342 935 a
1382 884 1550 955 patre
1599 875 1973 949 dicebantur,
2000 881 2132 955 post

470 962 829 1023 nativitatem
890 962 1277 1025 intellexerit.
1342 961 1587 1024 Praeibis
1641 974 1860 1041 autem,
1916 966 2125 1047 inquit,

466 1059 602 1111 ante
654 1050 971 1112 Dominum
1010 1070 1105 1112 me
1139 1053 1313 1131 paulo
1364 1061 1495 1132 post
1544 1053 1851 1113 derelicto.
1889 1052 2129 1115 Sciebat

467 1139 625 1200 enim
678 1139 990 1201 Zacharias
1046 1142 1202 1220 quod
1243 1160 1359 1201 non
1393 1141 1577 1201 multo
1633 1150 1761 1221 post
1811 1144 2128 1223 privandus

464 1237 620 1290 esset
648 1229 987 1309 eo,quando
1022 1229 1311 1308 fugiturus
1343 1239 1468 1291 erat
1497 1231 1557 1291 in
1595 1231 2127 1304 desertum.Quare

463 1326 660 1379 autem
696 1317 965 1399 praeibis?
994 1317 1068 1381 Ut
1103 1329 1389 1400 parentur
1437 1321 1542 1381 viae
1576 1320 1834 1382 Domini.
1865 1320 1992 1384 νίζε
2017 1341 2125 1381 au-

460 1416 575 1468 tem
612 1417 748 1469 sunt
778 1408 997 1468 animae
1026 1408 1087 1468 in
1119 1409 1333 1489 quibus
1381 1408 1604 1469 incedit
1634 1409 1944 1484 Dominus,
1974 1429 2123 1490 quas

463 1497 1174 1577 praeparavitPraacursor
1201 1508 1263 1558 ut
1287 1499 1345 1558 in
1370 1497 1455 1559 eis
1475 1497 1811 1559 ambularet
1830 1498 2118 1561 Christus.

460 1585 763 1658 Quomodo
786 1594 981 1647 autem
1011 1585 1145 1647 illas
1172 1586 1560 1669 przeparavit?
1579 1587 1783 1649 Dando
1814 1586 2123 1649 scientiam

461 1674 664 1735 salutis
694 1674 1113 1754 populo.Salus
1139 1675 1380 1755 quidem
1411 1684 1537 1736 erat
1556 1674 1847 1737 Doininus
1868 1678 2004 1736 284
2029 1679 2121 1739 Je-

460 1762 735 1825 sus.Data
759 1772 845 1823 est
872 1763 1050 1842 igitur
1066 1763 1314 1825 scientia
1338 1764 1565 1831 salutis.
1597 1766 1707 1825 hoc
1740 1775 1850 1845 est,
1879 1765 2118 1845 Christi,

2212 882 2363 961 ριὰμ,
2422 880 2587 946 οὕτως
2673 879 2821 937 οὖδὲν
2894 880 3116 937 ἄπιστον
3216 880 3302 936 καὶ
3372 879 3477 934 τῶν
3552 876 3861 954 λεγομένων

2210 971 2351 1048 παρά
2406 979 2498 1027 τοῦ
2556 972 2756 1049 πατρὸς
2830 970 3158 1026 αἰσθάνεσθαι
3224 969 3360 1037 μετὰ
3418 970 3546 1033 την·
3590 966 3856 1041 γέννησιν,

2210 1059 2552 1139 Προπορεύσῃ
2597 1056 2675 1137 δὲ,
2712 1060 2892 1137 φησὶν,
2954 1058 3245 1132 ἔμπροσθεν
3288 1062 3381 1112 106
3428 1056 3633 1133 Κυρίου,
3684 1075 3859 1109 κατα-

2208 1146 2379 1204 λιπὼν
2437 1148 2534 1222 ἒμὲ
2619 1148 2742 1206 ὅσον
2812 1148 2982 1205 οὕπω.
3057 1147 3350 1224 Ἐγίνωσκε
3434 1148 3534 1225 γὰρ
3592 1144 3861 1223 Ζαχαρίας

2209 1234 2289 1291 ὅτι
2336 1239 2717 1313 στερηθήσεται
2797 1234 2914 1313 μετ’
2993 1235 3172 1314 ὀλίγον
3216 1237 3398 1310 αὐτοῦ,
3445 1238 3517 1298 εἰς
3572 1234 3667 1296 τὰς
3725 1232 3858 1310 ipf,»

2208 1348 2337 1401 μους
2398 1324 2691 1400 μέλλοντος
2747 1340 2958 1407 φυγεῖν.
3008 1329 3156 1381 Διατί
3198 1323 3251 1380 δὲ
3314 1325 3697 1403 προπορεύσῃς
3758 1324 3857 1377 Διὰ

2203 1416 2265 1470 τὸ
2324 1413 2600 1489 ἕτοιμάσαι
2674 1416 2768 1480 τὰς
2846 1414 2993 1478 ὁδοὺς
3051 1414 3145 1471 106
3220 1414 3406 1493 Κυρίου
3438 1430 3453 1446 ⁸
3512 1410 3619 1469 ὁδοὶ
3661 1409 3740 1486 δὲ,
3804 1414 3858 1466 αἰ

2204 1504 2377 1582 ψυχαὶ
2434 1503 2515 1583 ἐφ’
2546 1507 2620 1559 ὧν
2666 1502 2837 1561 ὸδεύει
2885 1507 2912 1560 6
2959 1505 3144 1583 Κύριος
3177 1522 3190 1535 ⁸
3238 1504 3331 1567 τὰς
3361 1505 3449 1559 06v
3494 1502 3671 1581 ψυχὰς
3700 1501 3854 1568 ἡτοί-

2205 1614 2373 1666 μασεν
2430 1594 2457 1647 6
2517 1591 2845 1671 Πρόδρομος,
2901 1591 2996 1648 ’ίνα
3051 1591 3106 1647 ἐν
3182 1593 3372 1654 αὐταῖς
3429 1591 3768 1669 περιπατήσῃ
3825 1592 3854 1645 6

2205 1680 2456 1758 Χριστός.
2531 1682 2653 1745 Πῶς
2710 1681 2764 1737 δὲ
2843 1682 3036 1744 ταύτας
3092 1680 3408 1755 ἡτοίμασες
3470 1680 3601 1741 Δοὺς
3654 1686 3854 1756 γνῶσιν

2204 1770 2467 1847 σωτηρίας
2528 1777 2605 1844 τῷ
2660 1770 2776 1844 λαῷ
2812 1792 2827 1807 ο
2889 1771 3125 1849 σωτηρία
3169 1770 3269 1845 μὲν
3312 1769 3399 1825 06v
3433 1771 3460 1824 6
3509 1769 3700 1845 Κύριος
3730 1767 3851 1834 ἰη-

457 1852 686 1945 populo
724 1871 757 1945 a
786 1853 1035 1945 Joanne.
1084 1852 1347 1913 Joannes
1380 1853 1539 1914 enim
1576 1854 2008 1916 testificabatur
2038 1856 2104 1916 de

2202 1864 2324 1923 σοῦς
2363 1874 2375 1887 ⁸
2437 1856 2592 1926 ἐδόθη
2638 1857 2692 1915 δὲ
2750 1861 2785 1927 ἡ
2845 1865 3040 1935 γνῶσις
3096 1863 3196 1925 τῆς
3250 1857 3542 1936 σωτηρίας,
3588 1855 3849 1928 τουτέστι,

455 1940 619 2003 Jesu.
652 1939 914 2002 Scientia
946 1954 1142 2002 autem
1176 1951 1307 2005 erat
1338 1942 1396 2003 in
1427 1942 1783 2003 remissione
1825 1958 2104 2022 peccato-

2191 1954 2284 2003 106
2347 1951 2596 2024 Χριστοῦ,
2676 1956 2752 2024 τῷ
2810 1948 2925 2023 λαῷ
2985 1948 3126 2028 παρὰ
3182 1954 3276 2004 106
3334 1947 3583 2003 Ἰωάννου
3615 1960 3629 1975 ·
3683 1948 3711 2001 6
3754 1946 3856 2024 γὰρ

456 2048 611 2091 rum.
633 2031 763 2091 Non
787 2030 944 2089 enim
978 2029 1150 2090 aliter
1176 2030 1446 2093 Christus
1469 2031 1703 2110 agnitus
1737 2032 1945 2093 fuisset
1974 2050 2104 2094 esse

2191 2035 2444 2104 Ἰωάννης
2494 2037 2774 2117 ἐμαρτύρει
2835 2042 2952 2118 περὶ
3010 2046 3101 2095 τοῦ
3152 2037 3329 2104 ἰησοῦ
3366 2053 3378 2065 ⁹
3438 2038 3473 2102 ἡ
3531 2033 3585 2091 δὶ
3630 2042 3851 2113 γνῶσις,

458 2118 761 2192 Deus,nisi
782 2118 1104 2179 remisisset
1138 2128 1379 2199 peccata
1416 2121 1655 2201 populo.
1692 2120 1795 2181 Dei
1828 2122 1987 2182 enim
2014 2130 2104 2183 est

2189 2125 2243 2182 ἐν
2304 2126 2487 2206 ἀφέσει
2561 2129 2836 2205 ἁμαρτιῶν
2897 2128 3130 2205 ἐγένετο,
3192 2127 3299 2184 Οὐκ
3373 2124 3435 2180 ἂν
3519 2126 3617 2203 γὰρ
3674 2122 3850 2189 ἄλλως

453 2208 757 2269 remittere
792 2215 1057 2286 peccata.
1096 2208 1349 2270 Remisit
1378 2218 1573 2269 autem
1611 2209 1781 2271 nobis
1815 2209 2098 2292 ἰθυκρνο-

2190 2215 2499 2293 ἑπεγνώσθη
2561 2219 2691 2279 Θεὸς
2763 2218 2906 2273 εἶναι
2953 2220 2980 2271 6
3042 2216 3256 2295 Κύριος,
3318 2214 3479 2289 εἰμὴ
3537 2213 3708 2293 ἀφῆκε
3750 2214 3847 2276 τὰς

454 2306 585 2377 pter
638 2297 862 2357 viscera
924 2295 1369 2358 misericordiae.
1442 2300 1571 2361 Non
1624 2303 1781 2360 enim
1858 2308 2104 2380 propter

2189 2305 2443 2381 ἁμαρτίας
2502 2311 2580 2379 τῷ
2623 2304 2737 2379 λαῷ
2766 2323 2784 2342 ⁸
2858 2312 2988 2361 Θεοῦ
3048 2306 3147 2383 γὰρ
3190 2306 3251 2360 τὸ
3309 2303 3517 2380 ἀφιέναι
3561 2303 3841 2380 ἁμαρτίας.

452 2405 633 2467 opera
670 2394 889 2457 nostra,
926 2386 1073 2445 nihil
1126 2386 1285 2447 enim
1348 2388 1596 2449 fecimus
1635 2388 1772 2449 boni
1810 2406 1823 2449 :
1862 2389 1965 2449 sed
1999 2389 2101 2449 ille

2189 2394 2391 2471 Ἀφῆκε
2449 2393 2504 2448 δὲ
2555 2393 2686 2468 ἡμῖν
2728 2396 2944 2467 ταύτας,
3005 2391 3090 2448 διὰ
3148 2391 3440 2472 σπλάγχνα
3497 2391 3671 2459 ἐλέους
3706 2413 3720 2426 ⁸
3780 2395 3839 2449 οὖ

450 2475 700 2537 visitavit
732 2493 838 2535 nos
864 2493 931 2535 ex
956 2474 1094 2550 alto,
1129 2475 1230 2555 qui
1283 2476 1485 2539 oriens
1537 2478 1777 2540 dicitur.
1808 2479 1907 2539 Sol
1940 2479 2095 2538 enim

2189 2484 2283 2559 γὰρ
2334 2480 2418 2537 διὰ
2448 2483 2513 2537 τὰ
2543 2482 2671 2559 ἔργα
2702 2483 2856 2554 ἡμῶν
2896 2498 2911 2511 ⁸
2962 2484 3021 2538 ού
3072 2483 3172 2560 γὰρ
3216 2480 3545 2556 ἔποιήσαμὲν
3598 2505 3647 2538 τι
3705 2483 3838 2560 ἀγα-

444 2565 691 2646 justitiaa
723 2574 831 2641 est,
867 2573 925 2625 et
952 2564 1145 2627 illuxit
1200 2565 1371 2628 nobis
1423 2568 1521 2648 qui
1553 2569 1613 2628 in
1647 2567 1906 2629 tenebris
1960 2586 2096 2627 era-

2189 2571 2270 2625 θόν
2303 2589 2317 2604 ⁸
2407 2567 2529 2625 ἀλλ’
2612 2569 2851 2650 ἐκεῖνος,
2906 2569 3242 2644 επεσκέψατο
3317 2571 3462 2644 ἡμᾶς
3538 2571 3589 2636 ἒξ
3646 2572 3835 2650 ὕψους,

452 2673 607 2728 mus,
671 2655 781 2714 hoc
841 2663 951 2728 est,
1011 2664 1069 2715 et
1126 2654 1478 2736 ignorantia,
1511 2666 1566 2716 et
1618 2656 1828 2717 umbra
1864 2657 2094 2735 mortis,

454 2743 566 2803 hoc
590 2749 702 2815 est,
735 2741 1013 2821 peccatis,
1046 2742 1482 2804 sedentes.l)u0
1507 2744 1664 2804 enim
1698 2742 1851 2803 mala
1881 2742 2097 2802 huma-

453 2850 591 2891 num
647 2848 832 2907 genus
888 2829 1236 2892 invaserunt
1285 2851 1298 2891 :
1356 2832 1687 2910 ignorantia
1742 2830 1870 2906 Dei,
1923 2849 2097 2911 quam

452 2919 748 2981 habebant
776 2919 1067 2997 gentiles:
1119 2928 1177 2981 et
1207 2928 1541 3000 peccatum,
1589 2920 1743 3001 quod
1805 2919 2103 2982 habebant

452 3007 711 3089 Hebraei,
739 3008 879 3069 licet
913 3007 1097 3069 Deum
1127 3009 1873 3090 cognoscerent.Apparuit
1902 3009 2102 3089 itaque

444 3098 722 3160 humana:
756 3107 998 3170 naturze,
1034 3102 1101 3159 ut
1132 3106 1188 3158 et
1213 3117 1315 3159 eos
1348 3098 1447 3180 qui
1475 3099 1535 3160 in
1561 3099 1966 3179 tenebris,hoc
1989 3108 2101 3177 est,

2184 2656 2420 2725 ἅνατολὴ
2463 2656 2753 2735 λεγόμενος
2790 2677 2804 2692 ⁸
2841 2648 3047 2721 ’¹ΗΛιος
3077 2660 3177 2734 γὰρ
3207 2656 3545 2725 δικαιοσύνης
3576 2660 3709 2722 ἐστί.
3742 2648 3839 2717 Καί

2186 2747 2441 2826 ἐπέφανεν
2496 2748 2653 2821 ἡμῖν,
2702 2758 2820 2809 τοῖς
2865 2745 2919 2801 ἒν
2988 2746 3193 2826 σκότει,
3236 2744 3497 2824 τουτέστι,
3544 2754 3611 2823 τῇ
3653 2749 3835 2827 ἀγνω-

2185 2838 2309 2909 σίᾳ·
2372 2838 2461 2893 καὶ
2518 2842 2587 2912 τῇ
2642 2840 2766 2907 σκιᾷ
2818 2843 2912 2892 106
2965 2835 3213 2915 θανάτου,
3272 2840 3343 2909 τῇ
3388 2832 3641 2908 ἁμαρτίᾳ,
3702 2842 3834 2892 καθ-

2185 2926 2406 3000 ημένοις
2442 2944 2460 2963 ⁸
2522 2923 2611 2981 δύο
2667 2926 2767 3003 γὰρ
2824 2926 2963 2982 κακὰ
3000 2924 3205 3002 ἐκράτει
3262 2926 3359 2991 τῆς
3404 2928 3514 3003 *τῶν
3543 2922 3836 3002 ἀνθρώπων

2185 3016 2388 3095 φύσεως
2424 3030 2439 3045 ⁸
2496 3001 2749 3093 ἀγνωσία
2781 3014 3019 3095 Θεοῦᾼῆν
3066 3001 3238 3091 εἶχον
3282 3014 3329 3067 οἱ
3374 3001 3649 3078 ’Έλληνες
3680 3026 3693 3039 ⁸
3748 3014 3833 3067 καὶ

2186 3092 2437 3185 άμαρτία,
2486 3092 2553 3173 ἢν
2604 3104 2770 3183 εἶχον
2823 3106 2869 3160 οἱ
2930 3092 3194 3178 Ἐϐραϊοι,
3253 3101 3297 3156 εἰ
3350 3101 3438 3155 καὶ
3490 3101 3619 3155 Θεὸν
3650 3099 3834 3179 ἰπεγί-

457 3188 563 3250 Dei
593 3187 944 3267 ignorantia,
973 3194 1031 3246 et
1060 3186 1271 3248 umbra
1294 3190 1524 3263 mortis,
1553 3190 1664 3251 hoc
1694 3197 1806 3265 est,
1835 3198 2098 3270 peccato,

2189 3216 2412 3256 νωσκον,
2469 3192 2762 3272 Ἐπέφανιν
2844 3192 2933 3248 οὖν
3015 3196 3084 3266 τῇ
3158 3189 3458 3269 ἀνθρωπίνῃ
3515 3190 3686 3267 φύσει,
3740 3188 3835 3245 ἵνα

449 3285 538 3337 cst
563 3278 720 3337 enim
754 3282 1060 3356 peccatum
1096 3275 1306 3336 umbra
1339 3280 1567 3353 mortis,
1601 3287 1768 3339 erant
1800 3279 2100 3360 sedentes,

450 3367 801 3427 illustraret.
837 3363 976 3423 ldeo
1003 3375 1199 3425 autem
1234 3366 1501 3427 umbram
1539 3369 1747 3429 mortis
1769 3368 2109 3447 diciopinor

457 3464 785 3535 peccatum,
820 3452 973 3532 quod
1005 3454 1155 3513 sicut
1188 3453 1399 3515 umbra
1431 3456 1699 3535 sequitur
1749 3474 1987 3534 corpus,
2022 3456 2103 3515 ita

446 3545 542 3605 ubi
582 3561 763 3616 mors,
800 3542 922 3601 illic
973 3552 1026 3603 et
1089 3553 1415 3622 peccatum.
1474 3543 1641 3607 Unde
1673 3546 1808 3624 quia
1836 3553 2101 3605 mortuus

462 3642 549 3694 est
582 3632 1269 3704 Adam,conscntaneum
1306 3632 1387 3692 ibi
1421 3632 1597 3693 etiam
1632 3651 1765 3693 esse
1788 3642 2091 3711 peccatum

446 3722 516 3783 Et
549 3737 740 3800 neque
773 3716 987 3780 Christi
1025 3727 1274 3778 mortem
1329 3720 1459 3782 sine
1510 3728 1750 3800 peccato
1801 3722 2089 3785 invenies.

446 3815 709 3873 Mortuus
767 3814 856 3865 est
909 3805 1067 3865 enim
1100 3806 1391 3888 Christus,
1426 3810 1529 3870 sed
1585 3818 1827 3890 propter
1855 3819 2097 3891 peccata

448 3895 745 3961 nostra.Et
780 3896 855 3955 ita
890 3895 1097 3954 merito
1132 3909 1439 3975 peccatum
1474 3896 1692 3959 dicitur
1722 3918 1852 3960 esse
1884 3899 2097 3961 umbra

454 3986 683 4060 mortis,
716 3984 856 4065 quia
907 4002 1143 4062 semper
1199 3985 1516 4047 cvmitatur
1574 3988 1758 4068 ipsam
1818 4006 2093 4049 mortem.

448 4081 698 4142 Possent
722 4083 778 4135 et
803 4074 917 4133 alia
944 4074 1015 4133 ad
1048 4072 1159 4133 hoc
1192 4073 1332 4149 dici,
1368 4083 1423 4135 et
1454 4076 1666 4156 opinor
1687 4078 1906 4139 dictum
1937 4096 2099 4138 ano-

452 4170 542 4230 bis
573 4168 632 4230 in
664 4164 957 4226 Matthaeo.
992 4165 1145 4225 Num
1176 4164 1356 4241 igitur
1386 4165 1603 4226 sufficit
1630 4168 1818 4227 solum
1871 4166 2099 4228 illuxis—

2188 3286 2274 3339 καὶ
2329 3284 2451 3346 τοὺς
2512 3283 2567 3338 ἐν
2624 3288 2703 3357 τῷ
2760 3282 2964 3355 σκότει,
3016 3279 3279 3358 τουτέστι,
3353 3283 3421 3354 τῇ
3477 3276 3711 3355 ἀγνωσία
3745 3289 3835 3343 καὶ

2185 3372 2364 3453 ἆθεῖᾳ,
2409 3373 2499 3428 καὶ
2528 3372 2648 3433 τοὺς
2679 3371 2733 3427 ἒν
2762 3376 2831 3447 τῇ
2860 3376 2984 3443 σκιᾷ
3034 3375 3127 3424 τοῦ
3166 3368 3414 3447 θανάτου,
3462 3373 3532 3444 τῇ
3577 3366 3831 3447 ἁμαρτίᾳ,

2184 3461 2510 3537 καθημένους
2582 3461 2789 3540 φωτίσῃ
2818 3475 2831 3489 ⁸
2894 3461 2930 3527 ἡ
2976 3456 3031 3514 δὲ
3091 3457 3321 3538 ἁμαρτία
3366 3458 3494 3513 σκιὰ
3535 3463 3627 3513 τοῦ
3682 3459 3836 3513 θανα-

2181 3571 2272 3606 του
2331 3549 2441 3606 ἐστὶ
2472 3549 2608 3607 κατὰ
2637 3555 2846 3623 τοῦτον,
2909 3549 2984 3610 ὡς
3044 3546 3228 3621 οἶμαι,
3262 3546 3354 3602 τὸν
3386 3543 3547 3624 λόγον
3581 3560 3596 3575 ⁸
3657 3544 3835 3624 ὥσπερ

2180 3640 2215 3707 ἡ
2260 3639 2384 3695 σκιὰ
2438 3643 2516 3711 τῷ
2575 3637 2782 3712 σώματι
2842 3634 3049 3710 ἕπεται,
3096 3635 3239 3692 οὕτω
3284 3635 3374 3690 καὶ
3420 3633 3540 3691 ἔνθα
3588 3635 3833 3715 θάνατος,

2180 3728 2297 3785 ἐκεῖ
2366 3729 2452 3784 καὶ
2511 3726 2767 3806 ἁμαρτία.
2817 3726 2975 3801 Οἶον,
3036 3724 3295 3781 ἀπέθανεν
3354 3724 3382 3779 6
3453 3720 3647 3803 Ἀδὰμ,
3716 3723 3835 3779 ἐκεῖ

2179 3817 2367 3874 λοιπὸν
2409 3819 2499 3872 καὶ
2555 3814 2783 3894 ἁμαρτία
2810 3834 2823 3848 ⁸
2858 3816 2945 3871 καὶ
2976 3812 3092 3871 οὒδέ
3134 3815 3226 3869 τὸν
3257 3819 3351 3869 τοῦ
3400 3820 3627 3891 Χριστοῦ
3666 3816 3833 3869 θείνα-

2179 3930 2267 3964 τον
2312 3908 2551 3985 εὑρήσεις
2612 3906 2779 3986 χωρὶς
2823 3905 3081 3985 ἁμαρτίας
3117 3922 3135 3940 ⁸
3201 3902 3426 3959 ἀπέθανε
3485 3904 3585 3981 γὰρ
3628 3904 3655 3957 6
3698 3910 3828 3981 Χρι-

2182 3998 2329 4071 στὸς,
2385 3994 2523 4051 ἀλλὰ
2565 3992 2648 4050 διὰ
2706 3995 2798 4060 τὰς
2853 3992 2985 4070 ἐμὰς
3059 3992 3318 4071 ἁμαρτίας
3355 4010 3370 4025 ⁸
3416 3989 3551 4047 ὥστε
3612 3991 3830 4056 εἰκότως

2184 4084 2395 4163 λέγεται
2444 4084 2566 4140 σκιὰ
2622 4084 2764 4139 εἶναι
2825 4089 2917 4139 106
2972 4080 3195 4138 θανάτου
3247 4081 3281 4147 ἡ
3332 4079 3582 4157 ἁμαρτία,
3627 4082 3699 4144 ὼς
3749 4080 3833 4137 ἀεὶ

2188 4172 2536 4253 παρεπομένη
2595 4173 2737 4245 αὒτῷ
2767 4187 2784 4204 ⁸
2846 4172 2933 4227 καὶ
2988 4168 3125 4226 ἄλλα
3199 4167 3254 4224 δέ
3338 4166 3478 4224 ἔστιν
3530 4171 3699 4226 εἰπεῖν
3754 4170 3831 4233 εἰς

450 4284 514 4325 se
546 4256 987 4323 obtenebralis?
1022 4256 1271 4317 Minime
1305 4278 1318 4318 ;
1356 4258 1459 4319 sed
1509 4258 1685 4321 etiam
1746 4278 1892 4340 opus
1923 4268 2010 4320 est
2040 4265 2103 4320 ut

2189 4272 2359 4321 10610'
2393 4263 2481 4319 καὶ
2514 4262 2695 4338 οίμαι,
2744 4259 2972 4336 εἴπομεν
3016 4258 3365 4338 ἐξηγούμενοι
3394 4258 3487 4313 τὸν
3530 4262 3829 4321 Ματθαῐον.

448 4352 781 4430 dirigantur
839 4346 1020 4425 pedes
1079 4345 1265 4406 nostri
1311 4347 1370 4407 in
1426 4346 1575 4408 viam
1608 4348 1793 4429 pacis,
1822 4349 1939 4409 hoc
1983 4356 2096 4423 est,

2189 4343 2312 4432 Ἀρα
2356 4349 2410 4407 δὲ
2442 4351 2598 4430 ἀρκεῖ
2628 4352 2687 4405 τὸ
2716 4352 2967 4430 ὶπιφᾶναι
2997 4348 3161 4425 μόνον
3216 4362 3337 4412 τοῖς
3383 4346 3776 4425 ἓσκοτισμένοις
3813 4368 3832 4425 ;

443 4441 708 4520 justitize.
749 4434 914 4498 Sicut
935 4434 1095 4496 enim
1122 4443 1423 4514 pet-catum
1450 4436 1779 4497 inimicitiae
1803 4447 1938 4498 sunt
1960 4456 2095 4497 cum

2189 4441 2320 4521 Οὐχί
2353 4461 2370 4477 ⁸
2416 4440 2555 4497 ἀλλὰ
2609 4437 2692 4496 δεῖ
2737 4440 2823 4496 καὶ
2866 4441 3173 4496 καπυθῦναι
3226 4438 3347 4501 τοὺς
3377 4436 3545 4501 πόδας
3572 4440 3727 4513 ἡμῶν
3756 4441 3835 4502 εἰς

448 4512 595 4603 Deo,
626 4530 700 4588 ita
730 4524 975 4604 justitia,
998 4512 1244 4604 pax.'Via
1277 4524 1451 4604 igitur
1484 4525 1644 4606 pacis
1673 4526 1788 4586 vita
1821 4525 2099 4605 estjusti-

2189 4512 2302 4586 666v
2380 4531 2619 4606 εἰρήνης,
2698 4528 2961 4603 τουτέστι,
3035 4528 3135 4595 τῆς
3209 4524 3547 4595 δικαιοσύνης
3581 4512 3621 4562 ⁸ί
3655 4527 3836 4607 ὥσπερ

448 4617 644 4691 tiae,ad
678 4634 853 4695 quam
882 4613 1097 4673 direxit
1144 4613 1471 4674 animarum
1512 4624 1845 4676 nostrarum
1891 4615 2093 4695 pedes,

2189 4619 2279 4696 γὰρ
2308 4621 2342 4687 ἡ
2385 4618 2639 4697 ἁμαρτία,
2694 4616 2860 4697 ἔχθρα
2911 4619 2985 4683 εἰς
3032 4618 3186 4692 Θεὸν,
3237 4614 3402 4681 061mg
3430 4618 3465 4684 ὴ
3497 4615 3831 4695 δικαιοσύνη,

447 4708 546 4789 qui
579 4726 647 4767 ex
701 4722 935 4767 summo
968 4714 1132 4763 ortus
1162 4712 1249 4761 est
1279 4702 1569 4766 Christus.
1622 4706 1913 4765 Caeterum
1951 4722 2099 4783 puer

2189 4710 2391 4787 εἰρήνη,
2454 4698 2605 4772 Ὀδὸς
2664 4704 2752 4764 οὖν
2812 4708 3051 4785 εἰρήνης,
3113 4707 3148 4774 ἡ
3200 4710 3299 4772 τῆς
3355 4703 3831 4774 δικαιοσύνηςπο·

444 4795 752 4859 crescebat
776 4794 945 4871 juxta
975 4798 1253 4851 staturam
1286 4793 1680 4874 corporalem,
1705 4802 1762 4854 et
1804 4791 2092 4855 corrobo-

2189 4798 2371 4870 λιτεία,
2403 4798 2539 4858 παὸς
2589 4795 2655 4864 ἢν
2697 4796 2978 4852 κατεύθυνε
3034 4796 3157 4858 τοὺς
3197 4792 3364 4857 πόδας
3416 4800 3521 4851 τῶν
3551 4795 3830 4875 ἡμετέρων

442 4886 685 4948 rabatur
712 4882 956 4962 Spiritu.
994 4878 1136 4940 Cum
1170 4897 1421 4961 corpore
1455 4882 1629 4942 simul
1682 4882 1988 4944 creSCebat
2032 4891 2087 4943 et

442 4971 750 5056 spirituale
836 4969 1083 5029 donum.
1140 4969 1211 5031 Et
1266 4977 1481 5049 quanto
1541 4971 1726 5048 magis
1783 4970 2091 5032 crescebat

445 5082 614 5145 pner,
653 5069 809 5123 tanto
859 5056 1044 5136 magis
1099 5062 1160 5118 et
1212 5058 1488 5121 efficaciae
1521 5056 1773 5140 Spiritus
1805 5059 1863 5120 in
1894 5060 1992 5120 illo
2025 5077 2087 5119 se

440 5151 855 5224 ostendebant,
919 5166 1139 5225 organo
1188 5147 1418 5209 illarum
1475 5167 1692 5228 capace
1741 5150 2083 5211 exsistente.

439 5244 636 5317 Quare
666 5249 861 5303 autem
893 5245 1020 5298 erat
1063 5238 1117 5297 in
1154 5238 1438 5299 desertis?
1482 5237 1554 5301 Ut
1585 5257 1658 5299 ne
1690 5238 2088 5299 multitudinis

440 5332 677 5395 malitia:
707 5328 1003 5411 particeps
1034 5327 1223 5405 fieret,
1252 5335 1310 5388 et
1347 5336 1408 5387 ut
1438 5329 1739 5389 neminem
1792 5328 2083 5389 reveritus

2177 4890 2391 4965 ψυχῶν,
2426 4888 2452 4942 6
2485 4885 2537 4951 ἐξ
2588 4884 2750 4961 ὕψους
2807 4883 3085 4949 ἀνατείλας
3118 4884 3344 4962 Χριστός
3378 4899 3395 4917 ⁸
3430 4884 3620 4952 ηὔξανε
3666 4883 3721 4941 δὲ
3761 4888 3825 4942 τὸ

2172 4972 2378 5031 παιδίον
2436 4975 2571 5031 κατὰ
2653 4975 2751 5041 τὴν
2835 4974 3149 5049 σωματικὴν
3214 4971 3453 5049 ἠλικίαν,
3509 4975 3600 5031 καί
3654 4976 3822 5051 ἔκρα-

2170 5071 2382 5120 ταιοῡτο
2427 5064 2693 5138 Πνεύματι
2727 5079 2743 5095 ⁶
2805 5070 2882 5137 τῷ
2952 5064 3051 5143 γὰρ
3109 5064 3317 5139 σώματι
3373 5062 3821 5141 συναυξανόμενον

2170 5151 2236 5219 ἦν
2295 5153 2384 5209 καὶ
2439 5154 2500 5209 τὸ
2556 5154 2915 5227 πνευματικὸν
2963 5152 3209 5232 χάρισμα
3242 5171 3257 5188 ⁸
3319 5153 3407 5208 καὶ
3454 5150 3563 5225 ὅσῳ
3616 5151 3822 5228 μᾶλλον

2176 5238 2359 5304 ηύξετο
2417 5244 2444 5298 ὁ
2490 5254 2642 5317 παῖς,
2690 5242 2927 5316 τοσούτῳ
2968 5243 3056 5297 καὶ
3101 5243 3151 5296 αἱ
3186 5248 3277 5297 106
3321 5243 3624 5318 Πνεύματος
3668 5242 3824 5321 ἐνέρ-

2170 5351 2308 5408 γειαι
2364 5328 2706 5388 διεδείκνυντο
2737 5345 2757 5367 ⁸
2816 5338 2910 5388 106
2965 5331 3189 5409 ὀργάνου
3264 5330 3555 5413 δυναμένου
3615 5346 3825 5413 χωρεῖν

433 5424 622 5483 libere
672 5416 1162 5499 reprehenderet.
1205 5417 1349 5477 Nam
1404 5417 1449 5476 si
1499 5416 1704 5478 fuisset
1734 5418 1795 5478 in
1830 5417 2076 5492 mundo,

2195 5420 2378 5481 αύτας,
2448 5421 2547 5475 Διὰ
2602 5420 2651 5475 τί
2703 5418 2757 5475 δὲ
2819 5420 2884 5487 ἧν
2927 5419 2981 5476 έν
3026 5433 3149 5483 ταῖς
3205 5419 3478 5499 ἐρήμοις;
3540 5412 3664 5477 "Iv:
3720 5420 3822 5487 ἔξω

430 5510 697 5573 fortassis
718 5505 1146 5568 consUetudine
1177 5505 1500 5565 amicorum
1536 5514 1594 5566 et
1614 5505 1895 5568 societate
1915 5506 2074 5567 coin-

2189 5511 2250 5575 ἧς
2308 5513 2415 5563 τῶν
2474 5508 2689 5566 πολλῶν
2731 5510 2918 5574 κακίας
2962 5506 3146 5589 διάγῃ,
3198 5510 3286 5566 καί
3330 5508 3421 5567 ’ίνα
3475 5508 3676 5587 μηδένα
3724 5512 3812 5566 αἰ-

430 5603 709 5683 quinatus
738 5596 943 5656 fuisset
976 5614 989 5653 :
1028 5594 1131 5683 sed
1168 5603 1224 5655 et
1257 5593 1450 5654 utﬁde
1480 5594 1691 5672 dignus
1722 5595 2063 5669 haberetur,

2189 5597 2426 5673 >ύμενος,
2487 5597 2691 5678 ἐλέγχῃ
2761 5598 2907 5677 μετὰ,
2946 5597 3240 5676 παῤῥησίας
3270 5618 3283 5632 ⁸
3352 5601 3395 5657 εἰ
3467 5601 3566 5681 γὰρ
3620 5600 3685 5667 ἧν
3748 5600 3803 5657 έν

426 5681 523 5772 qui
556 5688 901 5772 praedicaret
929 5681 1252 5755 Christum,
1280 5691 1479 5760 utpote
1525 5683 1795 5758 eremita,
1825 5683 2060 5764 vitaque

2189 5694 2221 5761 ξ)
2292 5687 2504 5761 κόσμῳ,
2559 5689 2725 5767 τυχὸν
2783 5686 2846 5743 ἂν
2903 5684 3169 5761 ἕμολύνθη
3249 5688 3453 5767 φιλίαις
3510 5691 3597 5746 καί
3668 5710 3799 5746 συν-
