4154 6298
297 381 409 448 721

1026 382 1474 447 ΕΝΑΒΗΑΤΙΟ
1518 382 1601 447 IN
1646 379 1857 445 EVAN
1861 377 1935 441 Gl

2021 374 2156 438 [ΠΜ
2217 378 2463 443 ΙιΠΟᾸΕ.
2509 413 2587 423 -
2629 380 2795 445 CAP.
2844 378 2922 441 II.

3552 378 3672 442 722

290 519 497 583 ηθείαις
554 515 842 589 ἀνθρώπων
879 534 892 548 ’
948 516 1062 592 ἅμα
1110 513 1166 571 δὲ
1217 515 1306 571 καὶ
1347 513 1441 568 ’ίνα
1496 511 1800 578 ἀξιόπιστος
1858 510 1935 565 εἴτ

2034 507 2334 570 excellens
2364 508 2735 573 alios.Latuit
2758 521 2951 574 autem
2983 511 3044 573 in
3074 510 3349 586 desertis,
3383 512 3572 574 donec
3590 513 3679 571 vi-

294 603 511 678 μέλλων
567 605 685 681 περὶ
740 604 974 684 Χρεστού
1040 603 1342 683 κηρύττειν,
1415 604 1508 658 οἷα
1566 598 1632 668 δὴ
1688 599 1935 677 ἔρημίτης

2029 613 2158 658 sum
2190 597 2298 659 fuit
2328 598 2450 662 Deo
2469 598 2864 663 Israelitarum
2899 601 3114 682 populo
3153 601 3320 664 illum
3350 602 3675 664 ostenden-

290 695 381 749 καὶ
439 693 569 774 ὑπὲρ
629 694 749 757 τοὺς
826 691 1057 757 πολλοὺς
1134 692 1209 749 ὢν
1242 710 1258 726 ⁶
1306 689 1592 769 ἐκρύπτετο
1634 687 1687 745 δὲ
1725 689 1779 745 ἓν
1823 700 1945 751 ταῖς
2031 685 2170 747 dum
2202 705 2353 753 esse.

291 781 517 860 ἐρήμοις
567 782 730 864 ἄχρις
773 784 835 841 οὗ
875 780 1160 851 εὐδόκησεν
1202 783 1229 839 6
1273 781 1402 845 θεὸς
1471 777 1737 845 ἀναδεῖξαι
1789 779 1946 836 αὐτὸν

294 878 375 947 τῷ
408 869 714 951 Ἰσραηλίτῃ
744 872 881 948 λαῷ.

933 971 1187 1025 ΚΕΦΑΛ.
1221 963 1310 1028 B'.

296 1061 420 1138 Περὶ
475 1064 575 1126 τῆς
638 1060 976 1140 ἀπογραφῆς.
1064 1061 1197 1159 ΠερὶΙ
1268 1065 1361 1115 τοῦ
1426 1062 1547 1159 ’τῆς
1626 1057 1825 1159 {lapids
1852 1078 1980 1125 to-_

371 1136 589 1220 κετοιὶη
641 1136 769 1220 Περί
783 1136 793 1140 ⁷
848 1136 955 1197 τῶν
1038 1136 1332 1220 ποιμένων.
1426 1139 1552 1217 Περὶ
1599 1136 1935 1220 ,Συμεῶνοᾳ

370 1220 494 1298 Περὶ
552 1214 769 1289 ’Ἃννης
839 1224 939 1288 τῆς
1006 1214 1347 1298 προφήτιδος.
1418 1214 1542 1297 Περὶ
1599 1214 1777 1285 Ἰησοῦ
1843 1219 1936 1274 εύ-

364 1298 605 1379 ρεθέντος
641 1301 695 1359 ἐν
729 1299 880 1377 μέσῳ
908 1305 1014 1357 τῶν
1059 1298 1410 1361 διδασκάλων.

374 1413 400 1444 ι
462 1388 711 1468 Ἐγένετο
769 1388 824 1445 δὲ
885 1388 939 1446 ἓν
1007 1402 1131 1454 ταῖς
1186 1389 1412 1466 ἡμέραις
1471 1387 1717 1467 ἐκείναις,
1752 1384 1935 1455 ὶξῆλθε

283 1477 459 1557 δόγμα
546 1480 692 1558 παρὰ
776 1478 1036 1555 Καίσαρος
1150 1479 1450 1557 Αὐγούστου
1538 1476 1933 1556 ἀπογράφεσθαι

284 1575 461 1625 πᾶσαν
519 1568 617 1635 τὴν
681 1568 998 1643 οἰκουμένην
1033 1584 1048 1599 ·
1112 1569 1247 1636 αὕτη
1304 1570 1338 1637 ἡ
1383 1567 1689 1648 ἀπογραφὴ,
1748 1565 1935 1639 πρώτη

283 1656 495 1735 ὶγένετο
536 1656 953 1735 ἧγεμονεύοιιτος
1024 1662 1124 1726 τῆς
1203 1658 1393 1737 Συρίας
1485 1656 1741 1736 Κυρηνίου
1773 1670 1788 1685 ⁶
1848 1659 1936 1714 καί

284 1745 599 1824 ἐπορεύοντο
674 1748 868 1811 πάντες
961 1745 1358 1828 ἀπογράφεσθαι
1432 1744 1652 1811 ἕκαστος
1706 1746 1779 1809 εἱς
1835 1744 1934 1811 τὴν

2577 780 2719 842 285
2760 781 3005 846 CAPUT
3050 782 3123 845 II.

2029 871 2113 935 De
2141 875 2583 958 conscripiiope
2606 877 2794 958 orbis.
2832 876 2919 939 De
2954 882 3275 958 puerperio
3323 878 3561 958 Marica.
3601 878 3677 938 De

2104 954 2561 1038 pastoribusﬂe
2591 956 2908 1038 Symcone.
2942 954 3024 1019 De
3054 954 3234 1019 Anna
3263 957 3667 1038 prophetissa.

2106 1033 2188 1095 De
2213 1036 2355 1097 Jexu
2386 1043 2621 1115 reperto
2650 1038 2820 1099 inter
2846 1037 3132 1099 doctores.

2105 1123 2281 1189 Vens.
2296 1128 2413 1191 1-7.
2447 1126 2722 1189 «Factum
2744 1135 2831 1189 est
2857 1135 3052 1190 autem
3075 1128 3137 1189 in
3155 1126 3366 1189 diebus
3389 1126 3680 1197 illis,exiit

2022 1211 2331 1277 decretum
2363 1235 2397 1278 a
2427 1216 2661 1279 Caesare
2682 1223 2949 1296 Augusto
3008 1225 3070 1279 ut
3118 1223 3467 1279 censeretur
3514 1225 3672 1279 totus

2019 1301 2180 1363 orbis
2212 1302 2347 1365 Haec
2369 1303 2693 1385 descriptio
2719 1305 2910 1385 prima
2930 1304 3082 1367 facta
3099 1312 3189 1369 est
3216 1303 3465 1385 praeside
3492 1303 3674 1384 Syriae

2019 1388 2269 1471 Cyreno.
2316 1392 2388 1454 Et
2418 1393 2577 1455 ibam
2608 1412 2815 1455 omnes
2847 1403 2910 1456 ut
2936 1395 3378 1475 proﬁterentur,
3414 1392 3475 1454 in
3505 1404 3670 1455 suam

2017 1479 2267 1562 quisque
2310 1482 2622 1544 civitatem.
2676 1485 2960 1545 Ascendit
3012 1492 3207 1545 autem
3263 1491 3324 1545 et
3376 1480 3599 1562 Joseph
3634 1502 3669 1545 a

2019 1568 2253 1631 Galilwa
2285 1572 2359 1633 de
2386 1572 2616 1634 civitate
2648 1572 2932 1635 Nazareth
2964 1573 3025 1634 in
3057 1571 3418 1652 Juilaeam,in
3456 1572 3659 1634 civita-

2020 1666 2135 1721 tem
2173 1659 2377 1738 David,
2406 1681 2536 1743 qua;
2567 1672 2808 1724 vocatur
2850 1663 3183 1737 Bethleem,
3218 1680 3288 1724 eo
3317 1661 3473 1742 quod
3506 1671 3666 1723 esset

2019 1746 2094 1809 de
2119 1747 2294 1810 domo
2326 1760 2383 1812 et
2412 1751 2633 1813 familia
2654 1751 2858 1827 David,
2892 1760 2957 1814 ut
2978 1751 3358 1833 proﬁteretur
3381 1768 3514 1811 cum
3548 1754 3666 1810 Μει-

282 1834 416 1892 ίδίαν
466 1835 646 1898 πόλιν.
715 1833 909 1903 Ἀνόόη
959 1834 1013 1892 δὲ
1074 1838 1161 1893 καὶ
1212 1835 1412 1917 Ἰωσὴφ
1475 1836 1580 1894 ἀπὸ
1635 1835 1730 1903 τῆς
1773 1833 1933 1892 Γαλιο

2021 1836 2105 1897 ria
2137 1835 2495 1920 desponsata
2524 1841 2635 1902 sibi
2666 1860 3009 1922 uxore,quze
3041 1849 3165 1902 erat
3192 1858 3523 1920 praegnans.
3558 1840 3665 1901 Ac-

285 1924 438 1989 λαίας
495 1925 556 1981 ὲκ
612 1924 822 1989 πόλεως
878 1925 1136 2001 Ναζαρὲτ,
1198 1926 1271 1988 εἰς
1360 1926 1459 1992 τὴν
1533 1923 1804 2000 Ἰουδαίαν,
1864 1926 1935 1989 εἰς

283 2012 441 2071 πόλιν
501 2013 693 2089 Δαυ³ιδ,
754 2013 873 2082 ἥτις
933 2012 1183 2071 καλεῖται
1243 2013 1499 2091 Βεθλεὲμ,
1544 2012 1628 2071 διὰ
1669 2016 1732 2072 τὸ
1790 2014 1933 2071 εἶναι

281 2104 441 2161 αὐτὸν
498 2102 550 2169 ἐξ
596 2102 749 2161 οἴκου
806 2104 893 2160 καὶ
961 2110 1185 2183 πατριᾶς
1260 2103 1449 2178 Δαυῖδ,
1528 2102 1932 2183 ἀπογράψασθαι

276 2193 373 2249 σὺν
418 2194 639 2272 Μαριὰμ
681 2200 749 2270 τῇ
825 2193 1272 2270 μεμνηπευμὲνῃ
1327 2197 1470 2267 αὐτῷ
1509 2194 1737 2272 γυναικὶ,
1799 2192 1929 2269 οὔσῃ

281 2282 462 2359 ἐγκύῳ
489 2297 506 2313 ⁸
560 2281 770 2361 ἐγένετο
826 2281 881 2338 δὲ
924 2282 978 2338 ἐν
1020 2287 1097 2356 τῷ
1141 2283 1284 2339 εἶναι
1330 2283 1516 2340 αύτούς
1564 2284 1703 2358 ἐκεῖ,
1757 2281 1932 2352 ἐπλή-

278 2375 450 2438 θησαν
503 2372 553 2427 αί
608 2371 806 2450 ἡμέραι
869 2380 961 2430 τοῦ
1018 2385 1197 2428 τεκεῖν
1250 2373 1414 2442 αὑτήν
1449 2391 1465 2408 ⁸
1519 2373 1606 2429 καὶ
1652 2371 1798 2429 ἔτεκε
1839 2374 1931 2428 τὸν

284 2462 406 2517 Υίὸν
459 2460 622 2529 αὖτῆς
686 2462 778 2517 τὸν
821 2462 1184 2540 πρωτὸτοκον,
1246 2462 1334 2518 καὶ
1372 2460 1780 2541 ἓσπαργάνωσεν
1829 2462 1927 2518 αὖ·

281 2553 375 2606 τὸν
404 2551 491 2607 καὶ
523 2548 789 2607 ἀνέκλινεν
844 2552 1001 2611 αὐτὸν
1044 2550 1098 2607 ἒν
1155 2556 1224 2627 τῇ
1280 2552 1451 2632 φάτνῃ
1487 2570 1503 2587 ο
1554 2550 1685 2607 διότι
1727 2554 1822 2609 οὐκ
1862 2551 1929 2618 ἦν

286 2639 471 2704 αὐτοῖς
504 2641 668 2703 τόπος
730 2639 784 2696 ἑν
833 2647 911 2714 τῷ
953 2638 1307 2715 καταλύματι.
1342 2660 1372 2700 )
1429 2641 1525 2696 Διά
1561 2647 1706 2697 τοῦτο
1738 2639 1937 2711 γίνεται

281 2729 596 2808 ἀπογρατρὴ,
666 2728 759 2785 ἵνα
838 2729 1053 2785 πάντων
1123 2728 1382 2787 ἐλθόντων
1460 2731 1533 2793 εἷς
1590 2730 1686 2792 τὰς
1742 2729 1934 2792 οἰκείας

294 2816 567 2895 πατρίδας,
628 2816 821 2893 ἀνέλθῃ
862 2818 949 2875 καὶ
991 2819 1026 2886 ἡ
1086 2818 1342 2890 Παρθένος
1398 2820 1471 2883 εἷς
1522 2818 1617 2886 τὴν
1667 2817 1930 2893 Βηθλεὲμ,

293 2909 365 2971 ὡς
422 2907 616 2964 οἰκείαν
679 2906 923 2985 πατρίδα,
983 2909 1069 2964 καὶ
1126 2907 1263 2964 οὕτω
1336 2907 1507 2989 τέχθῇ
1560 2909 1589 2964 6
1631 2908 1818 2986 Κύριος
1877 2911 1933 2963 ὲν

290 2995 558 3076 Βηθλεὲμ,
602 2996 692 3052 καὶ
749 2995 1007 3073 πληρωθῇ
1048 2998 1083 3065 ἡ
1126 2997 1421 3077 προφητεία
1454 3016 1466 3030 ·
1536 2995 1641 3053 ἔδει
1694 2994 1749 3052 δὲ
1802 3003 1934 3054 Θεοῦ

287 3087 402 3148 ἰνὸς
461 3082 751 3159 μέλλοντος
802 3091 997 3142 παῦσαι
1063 3086 1161 3153 τὴν
1217 3084 1527 3166 πολυθείαν,
1576 3088 1662 3143 καὶ
1704 3084 1794 3142 ἕνα
1825 3087 1931 3163 βα-

287 3174 435 3230 σιλέα
510 3175 794 3253 κρατῆσαι,
885 3176 976 3230 τὸν
1066 3175 1299 3253 Καίσαρα
1335 3194 1350 3210 ·

286 3265 376 3318 καὶ
432 3266 460 3319 6
520 3266 740 3341 Χριστὸς
785 3264 919 3339 μετὰ
974 3263 1210 3345 πάντων,
1268 3262 1371 3322 ἔδει
1414 3266 1515 3344 γὰρ
1563 3266 1649 3322 καὶ
1690 3266 1781 3321 τόν
1818 3266 1920 3323 K6-

292 3374 431 3433 ριον,
491 3360 558 3430 τῇ
637 3352 919 3429 οἰκουμένῃ
1008 3355 1495 3436 συναπογραφῆναι,
1560 3354 1654 3411 ’ίνα
1730 3356 1929 3433 ἁγιάσῃ

285 3443 409 3505 τοὺς
452 3443 944 3522 ἀπογραφομένους,
1000 3445 1084 3498 κοὶ
1149 3444 1463 3522 καταργήσῃ
1506 3443 1605 3511 τὴν
1646 3442 1881 3501 δουλείαν
1910 3458 1927 3475 ·

287 3531 465 3609 ὥσπερ
520 3533 620 3609 γὰρ
676 3533 1042 3611 περιτμηθεὶς,
1091 3534 1399 3612 κατήργησε
1450 3534 1551 3601 τὴν
1608 3534 1927 3611 περιτομὴν,

287 3620 453 3685 οὕτως
510 3621 835 3700 ἀπογραφεὶς
900 3622 974 3683 ὡς
1038 3619 1247 3695 δοῦλος,
1306 3623 1614 3701 κατήργησε
1652 3623 1750 3690 τὴν
1807 3620 1931 3678 δου-

286 3709 430 3764 λείαν
472 3710 569 3777 τῆς
626 3710 829 3790 φύσεως
873 3711 1051 3785 ἡμῶν,
1104 3712 1209 3769 Οὔκ
1288 3710 1364 3766 ἔτι
1427 3712 1527 3790 γὰρ
1583 3710 1757 3769 δοῦλοί
1802 3713 1930 3769 εἰσιν

285 3798 596 3876 ἀνθρώπων,
648 3801 693 3854 οἱ
776 3804 853 3872 τῷ
918 3800 1087 3878 Κυρίῳ
1147 3797 1500 3873 δουλεύοντες,
1559 3801 1632 3865 ὡς
1677 3803 1704 3857 6
1756 3797 1928 3858 Ἀπό-

282 3885 472 3952 στολος
531 3885 674 3965 λέγει
710 3905 725 3921 ⁸
795 3907 818 3942 ε
897 3887 986 3954 Μὴ
1043 3888 1244 3967 γίνεσθε
1300 3886 1474 3946 δοῦλοι
1522 3889 1808 3970 ἀνθρώπων
1842 3908 1860 3928 ⁸
1899 3913 1923 3950 ι

281 3974 403 4032 ἀλλ’
455 3978 499 4032 εἰ
557 3978 645 4032 καὶ
715 3980 793 4047 τῷ
835 3974 1043 4050 σώματι
1101 3974 1299 4058 δοῦλοι,
1359 3976 1617 4057 ελείθεροι
1665 3987 1743 4055 τῷ
1771 3982 1933 4037 πνεύ-

288 4087 439 4142 ματι,
491 4066 568 4142 μὴ
610 4072 680 4142 τῇ
723 4061 936 4138 ἀσεϐείᾳ
992 4066 1099 4123 τῶν
1148 4065 1415 4124 δεσποτῶν
1482 4070 1932 4148 συναπαγόμενοι.

292 4156 637 4234 Πρωτότοκον
720 4152 776 4211 δὲ
862 4157 983 4211 ι’ἱὸν
1066 4156 1310 4232 ὠνόμασε
1392 4162 1490 4224 τῆς
1550 4156 1809 4236 Παρθένου
1845 4160 1935 4216 τὸν

294 4246 507 4326 Κύριον,
590 4247 761 4302 καίτοι
846 4246 924 4322 μὴ
1006 4244 1244 4326 δευτέρου
1286 4248 1426 4309 τινὸς
1456 4246 1763 4326 τεχθέντος,
1791 4248 1936 4305 εἰκό-

287 4354 395 4397 τως
430 4348 443 4362 '
534 4335 871 4413 πρωτότοκος
954 4336 1053 4414 γὰρ
1137 4334 1374 4414 λέγεται.
1409 4337 1437 4391 6
1488 4341 1698 4415 πρῶτος
1727 4337 1935 4416 τεχθεὶς

284 4421 385 4477 κᾶν
443 4422 521 4497 μὴ
571 4421 807 4503 δεύτερος
851 4424 1117 4504 ἐπετὲχθη
1148 4443 1163 4459 ⁸
1226 4424 1281 4481 ἐν
1337 4423 1507 4505 φάτνῆ
1563 4423 1617 4480 δὲ
1673 4424 1932 4482 κατακλί-

281 4533 452 4585 νεται,
500 4512 645 4592 τάχα
674 4512 773 4589 μὶν
829 4517 918 4570 καὶ
962 4513 1228 4570 εὐτέλειαν
1286 4515 1431 4588 ἡμᾶς
1486 4510 1539 4579 εξ
1588 4513 1765 4594 ἀρχῆς
1795 4537 1931 4571 παι-

284 4598 447 4656 δεύων
483 4648 497 4663 ,

283 4686 590 4764 ἐπεδήμησε
633 4696 712 4764 τῷ
764 4690 950 4766 κόσμῳ
1006 4691 1203 4765 τούτῳ,
1256 4692 1408 4764 τόπῳ
1476 4688 1587 4747 ὄντι
1642 4692 1797 4766 ὴμῶν
1828 4698 1933 4748 τῶν

284 4789 401 4840 τοῖς
461 4775 646 4856 ἀλόγοι
704 4780 952 4849 κτήνεσιν
1011 4779 1376 4856 ὁμοιωθέντων
1411 4795 1425 4811 '

284 4866 459 4946 φάτνῃ
490 4866 594 4922 τῶν
624 4865 836 4947 ἀλόγων
906 4869 1103 4934 οἰκεῖος
1153 4869 1337 4944 τόπος,
1371 4866 1510 4925 οὕτω
1538 4870 1626 4925 καὶ
1648 4869 1677 4925 ό
1732 4869 1935 4946 κόσμος

290 4958 444 5017 οὗτος
486 4957 646 5031 ἡμῶν
677 4971 692 4986 ·
755 4956 901 5013 ἔστιν
930 4959 1017 5014 οὗν
1067 4956 1104 5024 ἡ
1164 4957 1361 5038 φάτνῃ,
1396 4957 1424 5014 ὁ
1475 4958 1695 5030 κόσμος
1747 4960 1936 5040 ἡμεῖς,

287 5044 357 5100 τὰ
413 5042 583 5122 ἄλογα
615 5062 631 5078 ⁸
663 5044 756 5101 ἵνα
785 5043 839 5100 δὲ
881 5048 1024 5121 ἡμᾶς
1056 5044 1394 5126 λυτρώσηται
1425 5050 1523 5113 τῆς
1553 5045 1795 5125 ἀλογίας,
1856 5047 1940 5106 διὰ

284 5143 441 5192 τοῦτο
468 5139 684 5193 ενταῦθα
712 5138 1053 5216 παρεγένετο,

372 5248 396 5278 ιι
437 5226 533 5283 Καὶ
592 5226 842 5302 ποιμένες
891 5226 1027 5295 ἦσαν
1082 5226 1137 5283 ἓν
1195 5233 1263 5305 τῇ
1293 5229 1449 5307 χώρᾳ
1475 5232 1543 5303 τῇ
1571 5226 1705 5305 αὒτῇ
1734 5228 1935 5308 ἀγραυ-

286 5313 531 5393 λοῦντες,
590 5316 679 5371 καὶ
728 5313 1084 5395 φυλάσσοντες
1142 5316 1376 5397 φυλακὰς
1431 5321 1531 5383 τῆς
1598 5319 1785 5381 νυκτὸς
1852 5318 1938 5376 ἐπὶ

282 5403 386 5469 τὴν
443 5403 676 5479 ποίμνην
732 5406 928 5477 αὐτῶν,
989 5407 1078 5463 καὶ
1132 5405 1240 5463 ἰδοὺ
1298 5404 1527 5484 ἄγγελος
1584 5407 1770 5484 Κυρίου
1835 5408 1935 5465 ἐπ-

287 5490 419 5559 έστη
478 5495 662 5557 αὐτοῖς
696 5509 713 5527 ⁸
764 5496 851 5552 καὶ
906 5492 1028 5561 δόξα
1087 5496 1270 5575 Κυρίου
1308 5493 1668 5573 περιέλαμψεν
1699 5496 1885 5562 αύτούς
1920 5513 1935 5529 ⁹

373 5659 433 5710 ⁸³
464 5655 655 5725 lich.
685 5678 747 5738 v,
771 5660 834 5727 2.
918 5661 976 5715 ἰ
1002 5661 1192 5729 Galat.
1222 5682 1279 5742 ν,
1304 5664 1366 5728 3.
1449 5661 1513 5716 25
1538 5663 1721 5729 IGor.
1757 5679 1882 5747 vm,
1914 5667 2016 5731 23.

2016 1925 2159 1987 cidit
2180 1937 2540 2011 autem,cum
2575 1938 2773 1992 essent
2796 1929 3221 2009 ibi,complecti
3256 1936 3395 1991 sunt
3416 1928 3546 1990 dies
3567 1949 3669 2009 pa-

2010 2015 2298 2087 riendi;et
2322 2018 2550 2099 peperit
2569 2018 2778 2081 Filium
2803 2038 2973 2081 suum
3001 2017 3569 2099 primogenitum,ac
3590 2020 3666 2080 fa-

2014 2104 2150 2165 sciis
2163 2124 2295 2166 eum
2312 2106 2988 2189 involvitreclinavitque
3001 2127 3135 2169 eum
3150 2108 3210 2168 in
3231 2108 3661 2188 praesepi,quod

2014 2213 2131 2255 non
2157 2206 2315 2259 esset
2342 2198 2427 2257 eis
2449 2198 2611 2259 locus
2631 2198 2691 2258 in
2712 2198 3037 2260 diversorio
3072 2220 3094 2254 ν
3114 2199 3437 2277 Propterea
3460 2196 3525 2257 fit
3554 2196 3661 2258 de-

2015 2280 2517 2366 scriptio,ut,cum
2541 2305 2749 2350 omnes
2782 2288 2838 2349 in
2872 2305 3009 2347 suas
3041 2287 3256 2366 patrias
3281 2288 3665 2356 irent,ascen-

2014 2373 2185 2436 deret
2228 2383 2285 2436 et
2306 2373 2484 2454 Virgo
2518 2376 2576 2437 in
2610 2377 2943 2456 Bethleem,
2979 2395 3109 2457 qua1
3140 2376 3269 2455 ejus
3301 2375 3484 2455 patria
3513 2385 3660 2448 erat,

2013 2472 2475 2546 nascereturque
2535 2465 2620 2526 sic
2672 2465 2964 2527 Dominus
3028 2466 3090 2527 in
3154 2464 3462 2527 Bethleem
3494 2464 3665 2538 15,.ac

2012 2551 2363 2633 impleretur
2375 2554 3018 2634 prophetia.Decebant
3041 2561 3234 2614 autem
3262 2562 3487 2633 ut,cum
3510 2556 3665 2616 Deus

2022 2660 2173 2702 unus
2205 2643 2521 2704 multorum
2570 2645 2817 2706 deorum
2851 2644 3035 2705 cultui
3068 2644 3245 2705 finem
3282 2651 3441 2704 esset
3468 2641 3663 2722 impo~

2018 2730 2427 2812 siturus,unus
2459 2733 2631 2795 etiam
2663 2752 2791 2810 rex,
2818 2751 3032 2814 nempe
3065 2734 3280 2805 Caesar,
3316 2731 3661 2812 imperaret.

2022 2821 2200 2882 Porro
2234 2822 2498 2883 Christus
2530 2842 2663 2883 cum
2704 2823 2981 2884 omnibus
3003 2821 3380 2884 describitur.
3422 2820 3668 2899 Oportet

2016 2909 2175 2970 enim
2204 2909 2377 2971 etiam
2414 2911 2731 2974 Dominum
2764 2931 2897 2973 cum
2932 2921 3053 2973 toto
3094 2911 3241 2972 orbe
3292 2910 3548 2985 censeri,
3602 2922 3661 2971 ut

2015 2998 2408 3061 sanctiﬁcaret
2439 3019 2542 3061 eos
2594 3000 2694 3082 qui
2725 3010 3066 3080 censentur,
3120 2998 3504 3079 aboleretque
3533 3018 3664 3060 ser—

2014 3086 2252 3148 vitutem
2266 3089 2564 3167 :quoniam
2582 3090 2730 3152 sicut
2745 3090 3061 3152 circumcis
3075 3088 3658 3149 .zscircumcisionem

1442 3175 1801 3256 ἀπογράφεται
1873 3174 1928 3232 δὲ

2021 3177 2268 3239 abolevit
2289 3179 2367 3259 14,
2400 3180 2477 3242 ita
2500 3180 2837 3260 descriptus
2869 3181 3023 3240 sicut
3055 3195 3283 3252 servus,
3318 3177 3657 3238 servitutem

2012 3273 2235 3327 natura:
2259 3276 2473 3330 nostrae
2501 3268 2779 3330 abolevit.
2808 3271 2937 3331 Non
2970 3266 3133 3329 enim
3167 3266 3321 3328 ultra
3349 3274 3484 3328 sunt
3507 3268 3659 3328 servi

2012 3357 2346 3431 hominum,
2384 3357 2483 3439 qui
2533 3359 2782 3422 Domino
2828 3357 3114 3431 serviunt,
3146 3355 3299 3417 sicut
3341 3357 3659 3437 Apostolus

2013 3444 2422 3510 dicitcholite
2454 3446 2582 3510 ﬁeri
2600 3448 2758 3510 servi
2791 3447 3185 3509 hominum“:
3219 3472 3245 3501 υ
3276 3446 3388 3513 sed
3415 3447 3656 3509 tametsi

2014 3552 2263 3615 corpore
2292 3536 2478 3599 simus
2507 3539 2686 3613 servi,
2720 3536 2929 3618 spiritu
2980 3546 3179 3598 tamen
3211 3554 3416 3597 sumus
3457 3536 3656 3611 liberi,

2017 3643 2213 3704 neque
2243 3645 2374 3686 cum
2411 3626 2714 3708 impietate
2762 3626 3139 3689 dominorum
3200 3625 3374 3686 simul
3409 3624 3656 3688 abduci-

2018 3723 2176 3777 mur.
2208 3713 2671 3795 Primogenitum
2717 3735 2853 3778 vero
2900 3715 3109 3779 Filium
3173 3715 3498 3777 nominavit
3527 3715 3662 3778 Vir.

2016 3803 2169 3881 ginis
2217 3803 2558 3881 Dominum,
2593 3806 2859 3887 quamvis
2914 3805 3140 3867 nullum
3193 3804 3520 3867 secundum
3554 3826 3653 3886 pe-

2018 3893 2188 3971 perit.
2223 3893 2406 3975 quue
2465 3895 2696 3959 merito.
2731 3895 3165 3974 Primogenitus
3218 3894 3375 3955 enim
3418 3894 3657 3975 dicitur,

2017 3982 2117 4063 qui
2140 3983 2365 4063 primus
2390 3995 2561 4048 natus
2608 3985 2958 4059 est,etiamsi
2995 4003 3112 4045 non
3147 3992 3424 4045 nascatur
3455 3992 3661 4064 postea

2018 4072 2335 4135 secundus.
2360 4072 2423 4134 In
2457 4073 2812 4155 praisepium
2843 4081 3037 4134 autem
3071 4072 3576 4146 reclinatur,forte
3599 4082 3660 4134 ut

2020 4161 2216 4221 statim
2265 4162 2343 4223 ab
2392 4162 2558 4223 initio
2605 4163 2735 4223 vita;
2783 4163 3176 4241 frugalitatem
3233 4181 3338 4221 nos
3368 4162 3653 4223 doceret:

2021 4249 2170 4310 forte
2201 4250 2376 4311 etiam
2402 4250 2651 4332 quodam
2675 4252 2939 4331 symbolo
2970 4250 3287 4311 declaravit
3312 4251 3467 4329 quod
3496 4268 3662 4330 pere-

2019 4338 2282 4418 grinatus
2311 4339 2386 4400 sit
2418 4340 2476 4400 in
2512 4340 2622 4401 hoc
2649 4341 2891 4413 mundo,
2929 4341 3028 4420 qui
3087 4340 3251 4401 locus
3295 4346 3496 4400 noster
3544 4346 3657 4419 est,

2018 4431 2115 4508 qui
2164 4426 2352 4489 brutis
2402 4428 2803 4491 animantibus
2855 4428 3173 4506 comparati
3222 4446 3447 4489 sumus.
3496 4426 3662 4490 Sicut

2015 4515 2172 4577 enim
2211 4536 2476 4599 praesepe
2507 4518 2785 4599 proprius
2808 4518 3111 4579 brutorum
3147 4519 3310 4579 locus
3342 4516 3537 4590 est,ita
3562 4536 3665 4578 no-

565 4601 713 4681 τάχα
780 4599 835 4658 δὲ
900 4602 989 4658 καὶ
1039 4600 1403 4677 .συμ6ολικῶς
1490 4601 1760 4676 δεικνύων,
1850 4602 1931 4659 ὅτι

2021 4604 2109 4666 bis
2169 4604 2332 4667 locus
2376 4608 2651 4688 proprius
2707 4616 2796 4671 est
2854 4608 3134 4673 mundus;
3170 4606 3425 4667 mundus
3465 4607 3662 4686 itaque

2017 4711 2281 4775 praesepe
2307 4704 2418 4771 est,
2452 4715 2560 4757 nos
2593 4716 2731 4759 vero
2762 4696 2934 4759 bruta
2968 4714 2982 4759 :
3019 4709 3083 4757 ut
3111 4709 3314 4759 autem
3357 4714 3464 4756 uos
3496 4695 3657 4756 redi-

1503 4778 1681 4858 ὥσπερ
1738 4782 1838 4860 γὰρ
1894 4782 1929 4850 ἡ
1953 4790 2203 4845 Dmeret
2241 4784 2589 4848 abrutorum
2622 4805 2799 4848 sensu
2834 4796 2891 4848 et
2926 4784 3444 4857 irrationibilitate,
3472 4802 3657 4865 prop--

2020 4882 2224 4954 pterea
2251 4882 2310 4935 et
2336 4874 2463 4956 ipse
2492 4876 2591 4938 tali
2623 4877 2748 4938 loco
2784 4877 2891 4941 fuit
2922 4878 3263 4943 reclinatus.

2107 5232 2284 5295 Vens.
2321 5232 2495 5296 8-14.
2528 5231 2633 5294 «Et
2657 5240 2919 5314 pastores
2950 5245 3116 5297 erant
3136 5237 3197 5298 in
3228 5237 3432 5315 regine
3456 5238 3663 5302 eadem

2020 5322 2397 5394 rusticantes,
2433 5330 2490 5383 et
2518 5322 2879 5386 excubantes
2938 5325 3220 5388 excubias
3276 5337 3450 5390 nocte
3483 5348 3666 5409 super

2019 5427 2256 5501 gregem
2281 5429 2450 5471 suum
2487 5430 2501 5472 :
2536 5421 2750 5501 etecce
2780 5414 3023 5494 angelus
3057 5415 3292 5478 Domini
3322 5417 3661 5501 astititillis,

2022 5509 2080 5560 et
2109 5498 2345 5562 claritas
2372 5500 2615 5564 Domini
2645 5502 3037 5568 circumfulsit
3060 5505 3217 5582 illos,
3252 5513 3311 5569 et
3340 5498 3670 5573 timuerunt

2153 5720 2170 5751 τ
