4170 6282
453 419 572 482 728
1427 417 2026 482 THEOPHYLACTI
2067 417 2479 480 BULGARIE
2520 415 2883 480 ARCHIIP.
3713 415 3836 480 724

453 553 673 615 tlmore
702 550 1013 631 magno.Et
1032 551 1178 613 dixit
1207 551 1328 614 illis
1358 552 1602 631 angelus
1635 571 1648 610 :
1681 549 1766 611 Ne
1797 550 2054 612 timeatis
2091 571 2104 613 :

2192 553 2277 607 καὶ
2332 549 2668 630 εφοϐήθησαν
2728 548 2890 629 φόϐον
2933 550 3100 627 μέγαν
3136 566 3148 580 ⁶
3225 554 3312 608 καὶ
3381 553 3534 608 εἶπεν
3581 552 3764 616 αὐτοῖς
3809 554 3839 608 ὁ

456 659 597 705 ecce
635 641 793 703 enim
826 641 1116 702 annuntio
1138 641 1306 703 vobis
1331 641 1612 719 gaudium
1636 639 1775 699 286
1805 656 2108 720 magnum,

2195 639 2419 718 ἅγγελος
2456 659 2468 671 ·
2521 640 2608 707 Μὴ
2653 638 2896 718 φοϐεῖσθε
2931 655 2944 670 ⁸
2993 638 3098 696 ἰδοὺ
3142 641 3244 718 γὰρ
3277 640 3675 719 εῦαγγελίζομαι
3705 644 3842 716 ὑμῖν

459 730 610 811 quod
645 729 908 791 futurum
941 737 1032 791 est
1063 730 1166 792 toti
1191 731 1435 812 populo,
1465 730 1603 808 quia
1631 738 1802 791 natus
1837 739 1923 790 est
1947 727 2111 789 vobis

2194 730 2368 808 χαρὰν
2416 726 2678 810 μεγάλην,
2739 727 2856 795 ἥτις
2913 727 3058 785 ἔσται
3109 730 3263 786 παντί
3294 737 3370 801 τῷ
3397 729 3532 806 λαῷ,
3569 730 3654 786 ὅτι
3713 729 3838 786 ἐτέ-

455 818 635 881 hodie
661 817 963 892 Servator,
998 820 1099 899 qui
1131 829 1220 881 est
1245 819 1520 882 Christus
1543 819 1852 898 Dominus,
1888 819 1944 878 in
1969 817 2110 878 civi-

2194 821 2302 895 χθη
2347 820 2474 892 ὑμῖν
2527 819 2760 896 σήμερον
2804 817 3015 896 Σωτὴρ,
3065 819 3122 882 ὃς
3185 818 3293 874 ἐστι
3338 821 3561 890 Χριστὸς
3621 820 3836 898 Κύριος,

456 914 577 972 tate
603 907 806 969 David.
835 910 909 970 Et
938 909 1048 970 hoc
1071 910 1236 970 vobis
1263 909 1496 987 signum
1528 927 1541 970 :
1567 906 1884 971 Invenietis
1910 907 2107 967 infan-

2193 906 2246 961 ἐν
2275 906 2428 963 πόλει
2463 904 2622 963 Δαϐίδ
2657 922 2670 936 ⁶
2711 908 2797 962 καὶ
2828 907 2982 964 τοῦτο
3012 909 3141 982 ὑμῖν
3184 910 3243 964 τὸ
3273 922 3503 983 σημεῖον
3525 925 3537 938 ⁸
3574 911 3838 986 Εὑρήσετε

455 1005 573 1058 tem
624 997 826 1058 fasciis
874 998 1223 1070 involutum,
1283 996 1537 1076 positum
1588 998 1644 1056 in
1697 997 1970 1077 praesepi.
2037 999 2107 1058 Et

2192 995 2379 1074 βρέφος
2437 995 2935 1074 ἐσπαργανωμένον,
3014 997 3256 1070 κείμενον
3341 996 3395 1052 ἐν
3478 1005 3546 1074 τῇ
3615 999 3788 1076 φάτνῃ
3817 1015 3837 1033 ο

456 1084 651 1146 subito
685 1086 834 1145 facta
865 1095 954 1147 est
987 1105 1122 1148 cum
1154 1086 1366 1164 angelo
1393 1084 1709 1147 multitudo
1735 1085 1959 1146 militiae
1980 1102 2105 1146 cce-

2192 1086 2276 1141 καί
2327 1084 2569 1164 ἐξαίφνης
2615 1083 2824 1163 ἐγένετο
2882 1087 2973 1142 σὺν
3031 1093 3108 1160 τῷ
3165 1086 3378 1164 ἀγγέλῳ
3433 1085 3634 1153 πλῆθος
3668 1110 3837 1165 στρα-

461 1173 630 1235 lestis
651 1173 1018 1235 laudantium
1055 1174 1274 1244 Deum,
1306 1193 1372 1236 ac
1402 1174 1724 1236 dicentium
1757 1195 1770 1234 :
1805 1174 2009 1236 Gloria
2047 1173 2106 1234 in

458 1261 761 1322 altissimis
785 1263 932 1338 Deo,
967 1272 1021 1324 et
1053 1265 1112 1324 in
1149 1273 1306 1325 terra
1338 1283 1468 1344 pax,
1504 1264 1563 1323 in
1587 1262 1924 1325 hominibus
1955 1262 2110 1324 bena

457 1350 748 1412 voluntas.
771 1374 798 1411 ι
837 1356 1113 1416 Pastores
1145 1361 1316 1415 erant
1347 1352 1722 1425 rusticantes,
1759 1353 1869 1412 hoc
1905 1361 1993 1413 est
2017 1349 2110 1412 vel

460 1441 740 1502 rusticam
778 1450 1021 1521 agentes
1051 1442 1251 1517 vitam,
1285 1441 1371 1503 vel
1399 1441 1456 1501 in
1487 1461 1629 1520 agro
1662 1441 2027 1502 stabulantes
2051 1448 2109 1502 et

457 1540 766 1591 versantes
801 1549 814 1593 :
857 1530 1077 1611 quibus
1123 1543 1370 1611 apparet
1397 1530 1666 1610 angelus,
1702 1539 1942 1610 propter
1971 1528 2111 1590 sim-

460 1615 775 1697 plicitatem
796 1629 856 1682 et
879 1620 1280 1681 innocentiam
1309 1638 1538 1681 morum
1571 1619 2108 1699 etquodjustorum

2188 1179 2303 1236 τιᾶς
2361 1175 2623 1250 οὐρανίου,
2711 1173 2991 1230 αἰνούντων
3050 1176 3140 1230 τὸν
3213 1177 3341 1231 Θεὸν
3395 1177 3478 1231 καὶ
3520 1175 3783 1254 λεγόντων
3817 1192 3830 1203 ·

2195 1262 2328 1330 Δόξα
2379 1262 2431 1318 ἐν
2489 1263 2725 1337 ὑψίστοις
2772 1269 2886 1338 Θεῷ
2919 1281 2933 1295 ⁸
2995 1265 3082 1319 καὶ
3139 1262 3225 1320 ἰπὶ
3269 1266 3370 1342 γῆς
3403 1266 3607 1341 εἰρήνη,
3640 1268 3697 1320 ἓν
3739 1265 3841 1320 ἀν-

2197 1351 2424 1429 θρώποις
2496 1349 2724 1413 εὐδοκία,
2780 1375 2808 1406 n
2898 1351 3150 1427 Ποιμένες
3226 1354 3361 1422 ἦσαν
3433 1353 3832 1434 ἀγραυλοῦντες,

2195 1441 2486 1514 τουτέστιν,
2547 1440 2827 1519 ἀγροτικὸν
2918 1439 3217 1513 αῦλοῦντες,
3286 1442 3322 1510 ἢ
3380 1442 3432 1498 ἐν
3523 1451 3599 1518 τῷ
3691 1444 3842 1522 ἀγρῷ

2197 1529 2525 1605 αὖλιζόμενοι
2577 1530 2664 1585 καὶ
2732 1527 2998 1606 διάγοντες
3030 1545 3043 1559 ⁸
3118 1529 3442 1610 ἐπιφαίνεται
3508 1529 3560 1587 δὲ
3632 1533 3840 1595 τούτοις

2197 1622 2224 1676 ὁ
2259 1618 2506 1699 ἅγγελος,
2572 1616 2656 1674 διὰ
2698 1620 2758 1674 τὸ
2804 1617 3072 1677 ἄπλαστον
3129 1626 3221 1676 τοῦ
3278 1618 3432 1686 ἤθους
3478 1624 3563 1676 καὶ
3615 1618 3836 1681 ἄκακον.

456 1705 633 1767 vitam
664 1708 883 1769 imitari
909 1709 1248 1771 videantur.
1278 1707 1515 1769 Etenim
1551 1708 1728 1788 prisci
1757 1706 2108 1787 patriarchae

2192 1707 2341 1767 Ἐπεὶ
2396 1710 2480 1764 καὶ
2531 1708 2627 1775 τὴν
2683 1709 2789 1764 τῶν
2832 1705 3043 1764 δικαίων
3095 1706 3362 1765 πολιτείαν
3421 1710 3690 1787 φαίνονται
3739 1735 3838 1786 μι-

462 1803 724 1874 pastores
746 1806 934 1880 erant,
970 1807 1033 1859 ut
1067 1798 1249 1860 Jacob
1279 1797 1362 1877 i8,
1398 1798 1610 1879 Moses,
1667 1797 1871 1860 David.
1904 1795 2109 1877 Neque

2193 1800 2444 1875 μούμενοι
2473 1815 2490 1832 ⁶
2550 1798 2634 1854 καὶ
2675 1798 2774 1876 γάρ
2828 1799 2874 1852 οἱ
2934 1794 3174 1874 παλαιοὶ,
3236 1797 3505 1874 ποιμένες,
3553 1801 3599 1856 οἰ
3641 1823 3838 1879 πατρι-

459 1859 519 1946 in
549 1885 874 1948 Jerusalem
909 1859 1182 1967 apparuit
1228 1859 1544 1950 Pharisazis
1573 1859 1661 1947 vel
1715 1885 1959 1966 Scribis,
2006 1859 2108 1965 qui

2193 1859 2379 1969 ἀρχαι,
2413 1885 2626 1966 Ἰακὼϐ,
2661 1859 2881 1961 Βιίιόσῆς,
2932 1885 3115 1948 Δαϐίδ.
3155 1859 3249 1944 ’ού
3280 1859 3377 1964 γάρ
3408 1859 3840 1968 ἐν-ἶιερουσαλιὴμ

463 1974 658 2035 omnis
689 1977 929 2038 malitia:
982 1976 1364 2058 receptacula
1398 1985 1588 2038 erant.
1624 1975 1714 2037 llli
1743 1985 1937 2037 autem
1975 1994 2110 2036 cum

2194 1979 2430 2059 ἐπεφάνη
2486 1978 2793 2056 Φαρισαίοις
2876 1977 2911 2045 ἢ
2989 1983 3364 2056 Γραμματεῦσι
3401 1994 3414 2007 ⁶
3501 1981 3677 2046 πάσης
3737 1983 3838 2059 γὰρ

461 2063 764 2144 simplices
798 2075 1018 2140 essent,
1055 2067 1269 2126 divinis
1301 2065 1657 2144 spectaculis
1707 2064 1871 2144 potiti
1926 2072 2060 2124 sunt
2091 2084 2104 2124 :

2192 2068 2450 2146 πονηρίας
2510 2065 2705 2146 δοχετα
2776 2069 2974 2122 ἐκεῖνοι
3011 2083 3024 2096 ⁸
3087 2065 3227 2122 οὗτοι
3311 2064 3365 2122 δὲ
3431 2065 3608 2124 ἄδολοι
3663 2067 3834 2148 ὄντες,

463 2161 828 2216 monstrante
861 2155 1002 2228 Deo,
1034 2156 1192 2234 quod
1227 2154 1422 2214 statim
1453 2155 1526 2214 ab
1574 2153 1740 2215 initio
1775 2171 1876 2214 eos
1907 2171 2108 2230 agres-

2192 2157 2343 2212 θείων
2397 2157 2677 2231 θεαμάτων
2749 2154 3051 2221 ὖξιώθησαν
3087 2171 3100 2185 ⁸
3164 2153 3461 2222 δεικνύντος
3533 2165 3624 2214 τοῦ
3682 2166 3836 2238 Θεοῦ,

463 2240 644 2305 tiores
702 2263 822 2325 pra:
869 2245 1001 2306 aliis
1061 2245 1329 2322 elegerit,
1398 2260 1819 2321 praeconesque
1881 2242 2109 2302 fecerit.

2195 2243 2274 2300 ὅτι
2331 2245 2452 2308 τοὺς
2509 2244 2910 2322 ἀγροικοτέρους
2955 2251 3065 2299 τῶν
3123 2242 3323 2320 ἄλλων,
3380 2246 3523 2310 εὐθὺς
3575 2246 3628 2312 ἒξ
3657 2247 3838 2326 ἀρχῆς

461 2330 751 2394 Abierunt
781 2337 962 2405 enim,
998 2344 1053 2394 et
1101 2335 1175 2394 de
1206 2330 1487 2392 omnibus
1539 2331 1655 2390 illis
1689 2329 2107 2410 praedicarunt.

2192 2332 2459 2399 ἐξελέξατο
2522 2334 2611 2388 καὶ
2695 2333 2924 2410 κήρυκας
2986 2332 3232 2399 ἐποίησεν
3262 2352 3275 2367 ’
3351 2333 3664 2400 ἀπελθόντες
3738 2338 3838 2412 γὰρ

461 2418 722 2497 Angelus
785 2438 921 2480 vero
955 2438 1232 2498 magnum
1294 2418 1410 2477 illis
1462 2417 1741 2496 gaudium
1808 2417 2108 2492 evangeli-

2192 2420 2447 2499 ἐκήρυξαν
2500 2423 2618 2499 περὶ
2676 2422 2888 2477 πάντων
2944 2423 3142 2479 τούτων
3172 2442 3186 2456 ⁸
3249 2423 3630 2502 εὐηγγελίσατο
3698 2423 3751 2480 δὲ
3809 2428 3837 2481 ὁ

461 2507 638 2582 zavit,
672 2507 826 2588 quod
860 2510 994 2587 erit,
1028 2506 1239 2584 inquit,
1275 2505 1440 2565 omni
1465 2505 1704 2584 populo,
1743 2505 1841 2584 qui
1871 2506 2109 2584 proprie

2193 2508 2419 2587 ἄγγελος
2452 2510 2626 2589 χαρὰν
2685 2509 2952 2586 μεγάλην,
3013 2509 3129 2576 ἥτις
3179 2510 3348 2584 ἔσται,
3382 2515 3532 2590 φησὶ,
3565 2516 3720 2570 παντὶ
3761 2521 3838 2587 τῷ

465 2595 717 2675 populus
751 2594 1016 2683 Dei.Non
1048 2595 1204 2655 enim
1235 2612 1444 2654 omnes
1472 2592 1665 2683 Judaei
1693 2593 1944 2683 populus
1975 2591 2105 2683 D_ei.

2192 2596 2328 2671 λαῷ,
2389 2602 2466 2671 τῷ
2514 2597 2700 2675 κυρίως
2758 2597 2872 2672 λαῷ
2915 2605 3004 2655 τοῦ
3047 2607 3179 2654 Θεοῦ
3214 2615 3228 2628 ⁶
3294 2601 3351 2655 οῦ
3401 2602 3594 2668 πάντες
3648 2606 3746 2683 γὰρ
3789 2606 3837 2662 οἱ

461 2683 606 2744 Nam
640 2691 697 2743 et
727 2682 993 2743 omnium
1025 2683 1329 2743 hominum
1386 2683 1601 2762 populo
1655 2681 1978 2742 incarnatio
2002 2681 2109 2742 Dei

2192 2684 2466 2766 Ἰουδαῖοι,
2525 2684 2652 2749 λαὸς
2707 2694 2798 2742 τοῦ
2857 2694 3009 2746 Θεοῦ.
3079 2685 3244 2744 Ἀλλά
3285 2689 3371 2744 καὶ
3413 2694 3571 2747 παντὶ
3612 2681 3688 2767 τῷ
3729 2699 3835 2750 τῶν

461 2771 612 2833 facta
635 2782 726 2834 est
756 2771 1058 2849 gaudium.
1087 2770 1236 2843 Quid
1268 2780 1463 2833 autem
1491 2773 1740 2851 hymnus
1763 2770 2106 2849 angelorum

2193 2775 2476 2854 ἀνθρώπων
2522 2773 2636 2849 λαῴ
2692 2776 2836 2854 χαρὰ
2887 2775 3095 2853 ἐγένετο
3148 2778 3181 2842 ἡ
3227 2781 3486 2853 σαρκωσις
3531 2787 3623 2835 τοῦ
3677 2787 3831 2840 Θεοῦ.

461 2859 752 2923 declarat?
776 2859 883 2923 Vel
916 2860 1158 2921 omnino
1186 2861 1506 2940 gratiarum
1550 2862 1843 2920 actionem
1892 2879 2107 2940 super-

2243 2863 2325 2886 ,ω
2370 2863 2392 2882 ιι
2615 2865 2638 2882 τι
2849 2871 2869 2878 υ
2950 2864 2962 2882 ν
3059 2864 3069 2879 ο
3272 2854 3284 2874 9
3424 2865 3434 2879 ι
3640 2867 3652 2885 ,

2193 2876 2252 2923 Τι
2281 2883 2335 2919 οε
2367 2865 2525 2931 οηλοτ
2555 2866 2582 2919 ὁ
2614 2885 2773 2939 υμνος
2804 2887 2909 2920 των
2941 2863 3181 2942 αγγελων
3216 2887 3233 2937 ς
3289 2871 3330 2920 Η
3366 2887 3576 2929 παντως
3607 2888 3831 2945 ευχαρι-

461 2968 672 3011 norum
706 2949 1096 3021 exercituum,
1133 2958 1190 3010 et
1221 2948 1528 3028 gaudium,
1559 2967 1626 3009 eo
1683 2948 1838 3028 quod
1888 2948 2111 3010 terreni

2194 2955 2339 3010 στίαν
2369 2960 2473 3010 τῶν
2532 2952 2642 3008 ἀνω
2695 2955 2981 3030 ταγμάτων
3027 2955 3112 3008 καὶ
3170 2955 3367 3032 χαρὰν,
3427 2951 3561 3009 διότι
3606 2955 3830 3031 εὐηργε-

465 3039 759 3101 beneticia
801 3049 959 3100 tanta
1017 3056 1481 3119 consequamur.
1516 3037 1716 3100 Gloria
1750 3037 1907 3099 enim
1959 3038 2107 3113 Deo,

2192 3045 2429 3118 τήθημεν
2489 3045 2534 3098 οἰ
2590 3041 2674 3098 ἐπὶ
2744 3043 2838 3109 τῆς
2883 3045 3008 3120 γῆς.
3067 3042 3202 3107 Δόξα
3240 3044 3337 3122 γὰρ
3367 3050 3443 3116 τῷ
3472 3050 3612 3122 Θεῷ,
3656 3045 3832 3122 φασὶν,

463 3127 704 3191 dicunt:
740 3147 920 3209 super
949 3137 1164 3190 terram
1197 3137 1390 3188 autem
1425 3145 1534 3207 pax
1581 3144 1737 3188 nunc
1791 3127 1941 3188 facta
1973 3135 2103 3202 est;

2193 3129 2278 3185 imi
2322 3137 2423 3210 γῆς
2467 3132 2565 3210 γάρ
2609 3133 2790 3209 εἰρήνη
2850 3143 2935 3189 νῦν
2994 3132 3179 3209 γέγονε
3216 3149 3230 3165 ⁵
3276 3133 3460 3207 πρώην
3505 3134 3604 3207 μὲν
3665 3133 3762 3210 γὰρ
3801 3134 3836 3200 ἡ

463 3226 522 3280 et
551 3238 683 3284 cum
720 3218 881 3298 prius
912 3218 1169 3280 humana
1198 3226 1408 3278 natura
1456 3216 1700 3277 inimica
1747 3217 1919 3278 fuerit
1954 3216 2099 3291 Deo,

2192 3220 2491 3300 ἀνθρωπίνη
2551 3222 2699 3301 φύσις
2777 3220 2970 3299 ἔχθραν
3053 3221 3181 3299 εἶχε
3267 3221 3396 3298 πρὸς
3472 3221 3599 3276 Θεόν
3637 3236 3651 3250 ⁶

467 3327 622 3369 nunc
652 3308 733 3368 ita
764 3307 1075 3369 conciliata
1104 3315 1214 3380 est,
1248 3315 1311 3368 ut
1334 3313 1392 3367 et
1420 3303 1546 3367 Deo
1596 3305 1874 3384 adjuncta
1919 3307 2016 3379 sit,
2051 3314 2110 3367 et

2192 3307 2244 3363 δὲ
2333 3312 2581 3367 τοσοῦτον
2673 3308 3012 3389 κατηλλάγη,
3101 3308 3238 3365 ὥστε
3321 3311 3408 3364 καὶ
3493 3307 3838 3387 προσεπλάιιη

461 3398 765 3459 incarnato
799 3396 987 3458 unita.
1023 3395 1204 3458 Vides
1229 3396 1406 3473 igitur
1444 3413 1645 3472 pacem
1680 3393 1785 3454 Dei
1817 3414 1950 3456 cum
1993 3395 2106 3456 ho-

2192 3403 2268 3470 τῷ
2352 3406 2490 3473 Θεῷ,
2579 3401 2665 3454 καὶ
2769 3398 2948 3464 ᾑνώθη
3033 3397 3174 3471 αύτῷ
3256 3397 3597 3474 καρκωθέντι.
3687 3389 3838 3476 Ὀρᾷς

464 3484 655 3548 mine?
684 3484 755 3545 Et
803 3485 975 3546 aliter
1002 3501 1242 3564 quoque
1273 3481 1658 3558 intelligitur:
1690 3502 1796 3561 pax
1839 3494 1926 3544 est
1980 3483 2107 3563 ipse

2193 3491 2280 3544 οῦν
2353 3489 2567 3565 εἰρήνην
2633 3496 2726 3545 τοῦ
2781 3490 2912 3543 Θεοῦ
2980 3489 3109 3564 πρὸς
3175 3487 3264 3542 τὸν
3340 3483 3653 3565 ἄνθρωπον,
3737 3487 3837 3546 Καὶ

466 3574 649 3637 Filius
671 3572 800 3636 Dei.
834 3573 954 3652 Ego
983 3573 1167 3647 enim,
1201 3571 1417 3652 inquit,
1438 3575 1581 3634 Pax.
1616 3570 1732 3633 Ista
1762 3573 1939 3652 igitur
1971 3591 2105 3652 pax,

2192 3575 2365 3640 ἄλλως
2430 3577 2483 3631 δὲ
2540 3579 2856 3646 νοηθήσεται
2899 3591 2912 3605 ⁸
2993 3578 3188 3655 Εἰρήνη
3250 3576 3397 3632 εστίν
3443 3576 3599 3638 αὑτὸς
3649 3579 3675 3632 ὁ
3722 3579 3837 3641 ι’ἱὸς

462 3662 643 3726 Filius
676 3662 808 3735 Dei,
844 3663 1110 3742 inquam,
1135 3680 1314 3740 super
1347 3675 1563 3720 terram
1614 3661 1763 3721 facta
1813 3670 1923 3723 est.
1953 3662 2025 3723 Et:
2047 3662 2108 3723 in

2192 3674 2278 3725 τοῦ
2339 3673 2470 3724 Θεοῦ
2502 3681 2514 3694 ⁸
2568 3667 2712 3743 Ἐγὼ
2763 3668 2887 3744 γὰρ,
2944 3668 3126 3745 φησὶν,
3195 3667 3228 3732 ἡ
3295 3667 3477 3743 εἰρήνη
3515 3681 3528 3695 ⁶
3577 3665 3707 3732 αὕτη
3752 3670 3838 3722 οὗν

462 3749 809 3812 hominibus
861 3749 1016 3810 bona
1059 3749 1335 3813 voluntas
1367 3749 1470 3811 ‘7:
1526 3749 1637 3810 hoc
1684 3759 1796 3828 est,
1841 3749 1945 3810 Dei
2005 3767 2106 3812 re—

2192 3756 2223 3822 ἦ
2285 3755 2491 3833 εἰρήνη,
2549 3755 2576 3810 ὁ
2637 3757 2754 3818 Υἱὸς
2813 3763 2903 3809 τοῦ
2969 3754 3120 3828 Θεοῦ,
3189 3752 3273 3809 ἐπὶ
3334 3759 3435 3830 γῆς
3497 3755 3705 3832 γέγονε,
3751 3748 3839 3810 καὶ

462 3842 654 3924 quies.
686 3842 996 3923 Requievit
1022 3841 1178 3902 enim
1211 3840 1334 3902 sive
1363 3840 1721 3902 refocillatus
1753 3852 1840 3902 est
1863 3860 2020 3903 nunc
2053 3850 2111 3903 et

2192 3842 2243 3898 ἐν
2303 3855 2417 3906 τοῖς
2490 3843 2783 3922 ἀνθρώποις
2864 3841 3090 3914 εὐδοκία,
3151 3841 3425 3898 τουτέστιν
3483 3843 3837 3907 ἐπανάπαυσις

463 3932 618 3994 bene
657 3931 889 3993 habitus
945 3932 1005 3992 in
1054 3929 1436 3991 hominibus:
1469 3949 1604 3991 nam
1663 3930 1825 4010 prius
1870 3931 2109 4010 quidem

2195 3938 2285 3986 τοῦ
2346 3938 2500 4009 Θεοῦ,
2547 3931 2882 3997 ἐπανεπαύθη
2939 3931 3037 4008 γὰρ
3095 3932 3122 3986 ὁ
3199 3931 3326 3992 Θεὸς
3391 3937 3478 3985 νῦν
3519 3932 3604 3985 καὶ
3647 3930 3837 4007 εὒηρε-

460 4040 582 4086 non
612 4021 724 4083 sibi
755 4021 1252 4103 complacuit,nec
1281 4019 1501 4082 bonum
1526 4021 1794 4082 atl‘ectum
1825 4021 2029 4083 habuit
2051 4021 2111 4083 in

2199 4021 2366 4090 στήθη
2401 4020 2453 4076 ἐν
2499 4034 2614 4084 τοῖς
2648 4020 2961 4094 ἀνθρώποις,
3007 4021 3063 4082 ὃς
3094 4020 3279 4097 πρώην
3337 4040 3420 4097 γε,
3483 4021 3575 4076 οῦκ
3603 4019 3835 4100 ηῦδόκει,

3733 3213 3838 3275 νυνῖ

460 4111 825 4173 hominibus.

540 4199 723 4263 Vens.
767 4202 976 4264 15-20.
1025 4228 1043 4255 ιι
1084 4199 1156 4262 Et
1185 4202 1401 4262 factum
1436 4210 1550 4273 est,
1585 4207 1648 4261 ut
1708 4200 2114 4263 discesserunt

457 4289 532 4352 ab
560 4291 646 4352 eis
659 4291 855 4369 angeli
874 4290 934 4350 in
956 4289 1479 4363 ccelum,homines
1502 4297 1768 4369 pastores
1793 4289 2109 4369 loqueban-

459 4387 555 4442 tur
584 4379 741 4440 inter
762 4398 931 4441 sese:
963 4380 1362 4441 Transeamus
1383 4380 1505 4457 jam
1537 4377 1849 4440 Bethleem
1898 4397 2104 4460 usque,

459 4477 517 4531 et
545 4469 848 4530 videamus
878 4468 993 4530 hoc
1027 4466 1185 4548 qupd
1215 4467 1620 4547 accidit,quod
1645 4468 1931 4530 Dominus
1960 4486 2108 4548 ape-

455 4559 577 4620 ruit
603 4557 798 4621 nobis.
842 4557 912 4619 Et
943 4564 1234 4618 venerunt
1261 4556 1634 4636 festinantes,
1663 4565 1720 4617 et
1753 4555 2110 4655 invenerunt
2136 4607 2176 4655 ο

455 4647 702 4711 Mariam
727 4655 786 4710 et
814 4647 1123 4726 .loseph,et
1144 4645 1431 4708 infantem
1459 4645 1712 4726 positum
1747 4646 1804 4707 in
1835 4644 2106 4725 praesepi.

455 4737 603 4798 Cum
629 4736 914 4798 vidissent
933 4744 1152 4808 autem,
1183 4733 1631 4813 divulgaverunt
1653 4733 1728 4794 de
1752 4733 1929 4795 verbo
1954 4733 2110 4815 quod

456 4826 678 4888 dictum
715 4837 842 4889 erat
861 4825 1008 4906 ipsis
1037 4825 1111 4886 de
1147 4842 1330 4904 puero
1363 4825 1477 4886 hoc
1508 4843 1521 4887 :
1556 4834 1612 4886 et
1634 4844 1843 4887 omnes
1875 4826 1972 4906 qui
1995 4843 2107 4887 au-

455 4914 721 4995 dierunt,
753 4914 950 4976 mirati
983 4923 1123 4976 sunt
1153 4914 1228 4974 de
1253 4911 1346 4973 his
1376 4931 1508 4992 quae
1535 4911 1690 4973 dicta
1726 4917 1896 4975 erant
1916 4931 1949 4974 a
1973 4930 2108 4993 pas-

458 5004 692 5067 toribus
722 5005 794 5066 ad
837 5004 1019 5085 ipsos.
1055 5029 1076 5058 ο
1105 5001 1378 5064 Pastores
1403 5001 1486 5062 illi
1515 5003 1696 5081 ﬁgura
1741 5010 1876 5062 sunt
1923 5000 2107 5081 spiri-

453 5094 755 5158 ritualium
810 5102 1107 5174 pastorum
1169 5098 1227 5152 et
1281 5090 1623 5171 praesulum.
1658 5090 1904 5170 Oportet
1933 5090 2111 5169 igitur

452 5184 767 5265 episcopos
811 5180 1108 5244 custodire
1169 5197 1406 5259 gregem
1462 5199 1656 5254 suum,
1721 5188 1778 5240 et
1817 5179 2107 5259 ἀγραυλεῖν

451 5275 512 5336 in
561 5290 702 5352 agro
749 5288 992 5351 canere,
1039 5270 1152 5331 hoc
1199 5278 1308 5348 est,
1358 5286 1574 5329 canere
1614 5267 1989 5347 sipiritualia,
2051 5275 2110 5330 et

455 5362 675 5425 docere
707 5361 1014 5442 populum,
1053 5367 1112 5419 et
1141 5358 1225 5418 sic
1257 5357 1421 5435 digni
1471 5357 1608 5417 fient
1654 5362 1741 5435 (a)
1782 5356 2108 5420 visionibus

527 5523 595 5574 66
619 5522 774 5587 Gen.
809 5537 990 5595 xnvn,
1015 5521 1072 5581 3.
1160 5517 1222 5566 07
1255 5516 1397 5578 Luc.
1433 5533 1497 5591 ιι,
1535 5517 1632 5580 lli.

2196 4107 2311 4166 οὐδὲ
2340 4108 2592 4187 ἠρέσκετο
2621 4110 2675 4165 ὲν
2704 4123 2823 4174 τοῖς
2855 4109 3175 4186 ἀνθρώποις.

2283 4223 2307 4252 ιι
2348 4200 2442 4257 Καὶ
2505 4198 2714 4276 εγένετο
2771 4200 2842 4263 ὡς
2899 4197 3138 4265 ἀπῆλθον
3182 4197 3275 4255 ἀπ’
3319 4203 3490 4258 αὐτῶν
3546 4201 3592 4253 οἰ
3624 4197 3838 4277 ἄγγελοι

2195 4289 2264 4352 εἰς
2297 4291 2388 4344 τὸν
2430 4291 2669 4366 οῦρανὸψ,
2730 4291 2815 4343 καί
2870 4292 2915 4345 οἱ
2974 4288 3236 4366 ἄνθρωποι
3293 4292 3338 4345 οἰ
3398 4288 3647 4362 ποιμένες
3684 4288 3840 4342 εἶπον

2192 4379 2323 4456 πρὸς
2355 4375 2640 4447 ἀλλήλους.
2678 4376 2977 4454 Διέλθωμεν
3007 4375 3071 4443 δὴ
3101 4376 3201 4440 ἕως
3236 4376 3499 4456 Βηθλεὲμ,
3561 4379 3648 4433 καὶ
3703 4374 3838 4432 ἴδω-

2192 4488 2289 4542 μεν
2347 4469 2407 4522 τὸ
2449 4467 2597 4545 ῥῆμα
2639 4469 2793 4523 τοῦτο
2834 4469 2896 4524 τὸ
2948 4466 3189 4544 γεγονός,
3223 4469 3250 4523 ὃ
3281 4469 3307 4524 ὁ
3339 4468 3527 4546 Κύριος
3558 4467 3838 4544 ἐγνώρισεν

2193 4557 2329 4632 ἡμῖν
2365 4575 2376 4584 ·
2438 4558 2526 4612 καὶ
2583 4554 2744 4623 ἦλθον
2787 4555 3106 4621 σπεύσαντες
3141 4573 3153 4584 ’
3216 4557 3302 4610 καὶ
3359 4555 3573 4633 ἀνεῦρον
3628 4556 3726 4623 τήν
3782 4575 3840 4609 τε

2193 4644 2413 4722 Μαριὰμ
2470 4646 2557 4701 καὶ
2608 4646 2699 4701 τὸν
2757 4643 2980 4722 Ἰωσὴφ,
3065 4647 3151 4700 καὶ
3235 4646 3295 4700 τὸ
3353 4645 3543 4723 βρέφος
3599 4645 3840 4718 κείμενον

2194 4733 2247 4790 ἐν
2303 4739 2372 4810 τῇ
2415 4735 2586 4814 φάτνῃ
2623 4750 2634 4763 ·
2684 4732 2878 4798 ἰδόντες
2927 4731 2982 4788 δὲ
3038 4730 3376 4811 διεγνώρισαν
3436 4736 3551 4811 περί
3591 4739 3682 4788 τοῦ

2194 4845 2362 4898 ματος
2416 4833 2506 4881 τοῦ
2548 4821 2868 4889 λαληθέντος
2926 4823 3106 4887 αὐτοῖς
3151 4825 3267 4902 περί
3309 4831 3401 4879 τοῦ
3452 4821 3656 4878 παιδίου
3710 4822 3838 4878 τού-

2191 4933 2282 4970 του
2320 4930 2334 4946 ·
2370 4913 2455 4968 καὶ
2505 4913 2699 4974 πάντες
2747 4914 2793 4968 οἱ
2849 4911 3190 4991 ἀκούσαντες,
3241 4912 3539 4987 ἐθαύμασαν
3589 4912 3704 4988 περὶ
3734 4918 3839 4966 τῶν

2191 4998 2525 5068 λαληθέντων
2556 5002 2657 5056 ὑπὸ
2699 5001 2805 5056 τῶν
2834 4999 3102 5076 ποιμένων
3147 5003 3275 5078 πρὸς
3309 5001 3515 5063 αὐτούς.
3555 5024 3581 5054 n
3623 5001 3681 5057 Οἰ
3714 5022 3838 5056 ποι-

2191 5088 2347 5166 μένες
2407 5091 2549 5146 οὗτοι
2609 5086 2870 5164 σύμϐολόν
2951 5091 3049 5145 εἰσι
3101 5096 3204 5147 τῶν
3279 5095 3646 5164 πνευματικῶν
3713 5111 3838 5144 ποι-

2191 5179 2390 5256 μένων,
2448 5186 2554 5236 τῶν
2604 5179 2896 5259 ἀρχιερέων
2933 5199 2945 5212 °
2994 5177 3078 5236 δεῖ
3133 5181 3218 5237 εὖν
3265 5181 3385 5244 τοὺς
3433 5180 3704 5258 ἀρχιερεῖς
3736 5201 3838 5258 φυ-

2189 5269 2402 5327 λάσσειν
2446 5271 2545 5335 την
2586 5275 2814 5344 ποίμνην
2845 5271 3011 5326 αὐτῶν
3057 5271 3145 5325 καὶ
3203 5268 3508 5348 ἀγραυλεϊν,
3551 5268 3834 5346 τουτέστιν,

2188 5357 2330 5433 ᾅδειν
2382 5358 2711 5433 πνευματικά
2767 5380 2936 5433 τινα,
3036 5361 3125 5414 καὶ
3206 5356 3464 5415 διδάσκειν
3533 5359 3622 5414 τὸν
3683 5356 3836 5432 λαὸν,

443 5673 449 5682 ·
521 5657 614 5736 (α)
652 5654 816 5719 Edit.
849 5655 979 5715 Lut.
1017 5668 1134 5713 non
1166 5649 1446 5728 exprimit
1475 5649 1737 5725 Graecam
1770 5668 2005 5736 vocem,
2037 5654 2111 5722 ἀξι

2192 5658 2414 5727 ιήσονται
2426 5705 2437 5719 .
