4170 6282
297 385 427 453 725

1043 384 1491 451 ENARRATIO
1534 381 1617 446 IN
1663 377 2174 445 EVANGELIUM
2218 379 2458 446 LUCIE.
2507 417 2585 427 —
2624 379 2790 446 CAP.
2839 384 2919 445 II.

3564 379 3685 445 726

289 527 394 584 καὶ
487 524 655 590 οὕτως
764 526 1142 596 ἁξιωθήσονται
1253 525 1403 579 θείων
1509 519 1786 596 θεαμάτων
1866 509 1943 569 καῖ

2037 508 2278 591 divinis,
2310 522 2367 575 et
2397 513 2825 577 auditionibus.
2859 513 3166 578 Bethleem
3219 514 3686 593 interpretamur

287 616 675 691 ἀκουσμάτων.
749 613 993 691 Βηθλεὲμ
1054 611 1109 669 δὲ
1191 613 1531 691 ἑρμηνεύεται
1615 608 1770 672 οἶκος
1852 606 1944 662 106

278 703 453 783 ἄρτου
485 722 503 740 ο
563 704 642 767 τίς
700 701 755 760 δὲ
813 702 973 767 ἄλλος
1026 701 1164 759 ἔστὶν
1214 704 1242 758 6
1324 702 1478 765 οἶκος
1530 707 1624 758 τοῦ
1678 698 1859 778 ἄρτου,
1907 695 1942 762 ἢ

278 794 328 861 ἡ
381 790 701 867 Ἐκκλησία,
757 792 812 849 ἐν
873 793 909 861 ἦ
967 794 995 848 6
1051 790 1206 870 ἄρτος
1249 790 1529 847 ἀπόκειται
1564 809 1580 861 ;
1614 787 1827 866 ’Ἕγρον
1855 784 1942 842 οὖν

281 881 408 938 ἔστι
438 896 553 948 τοῖς
580 878 825 961 λογικοῖς
854 879 1101 956 ποιμέσιν
1130 878 1404 951 ἐπιζητεῖν
1456 876 1694 957 οὐράνιον
1733 875 1888 954 ἄρτον
1923 888 1936 901 ·

278 972 388 1028 καὶ
442 969 559 1037 μεθ’
638 971 668 1028 ’ὁ
726 968 881 1027 ἴδωσι
954 971 1047 1026 16v
1112 966 1292 1047 ἄρτον,
1374 966 1637 1049 ὀφείλουσι
1693 966 1780 1023 καὶ
1830 974 1947 1027 τοῖς

2027 599 2254 664 donum
2312 604 2506 683 panis.
2540 604 2681 677 Quae
2728 611 2925 667 autem
2977 604 3092 665 alia
3122 603 3454 666 estdomus
3488 605 3683 690 panis,

2025 708 2200 769 quam
2236 694 2527 769 Ecclesia,
2559 694 2617 754 in
2651 713 2765 773 qua
2798 694 2967 774 panis
3013 693 3151 753 287
3208 695 3503 774 repositus
3535 702 3680 757 est?

2024 777 2297 845 Ofﬁcium
2326 784 2524 865 itaque
2554 784 2952 864 spiritualium
2984 792 3279 864 pastorum
3314 784 3682 866 fuerit,quae-

2030 887 2172 932 rere
2209 891 2422 952 panem
2470 872 2803 947 caelestem,
2852 891 3027 952 quem
3087 891 3222 933 cum
3254 873 3529 954 viderint,
3566 874 3679 936 de-

2031 957 2178 1020 bent
2232 959 2401 1022 illum
2460 968 2518 1023 et
2569 961 2701 1023 aliis
2762 958 3090 1040 praedicare
3144 982 3157 1023 :
3219 960 3370 1022 sicut
3421 969 3478 1022 et
3536 981 3677 1041 pas-

293 1058 487 1126 ἔλλοις
516 1060 796 1141 κηρύττειν
826 1076 844 1093 ⁸
890 1058 1069 1137 ὥσπερ
1098 1058 1187 1115 καὶ
1238 1059 1284 1114 οἱ
1340 1056 1590 1134 ποιμένες
1645 1053 1840 1118 ἰδόντες
1888 1053 1943 1108 16

2033 1053 2190 1141 tores
2238 1050 2341 1130 qui
2380 1049 2659 1112 viderunt
2685 1049 2997 1124 infantem,
3033 1049 3216 1111 locuti
3246 1058 3383 1112 sunt
3412 1050 3487 1111 de
3519 1070 3589 1112 eo
3622 1060 3682 1113 et

296 1148 515 1228 βρέφος,
563 1147 883 1216 διελάλησαν
913 1149 1000 1205 καὶ
1029 1160 1147 1212 τοῖς
1178 1144 1379 1213 ἄλλοις,

391 1262 419 1294 ι
455 1229 516 1296 Ἠ
550 1236 605 1294 δὲ
636 1238 854 1317 Μαριὰμ
894 1238 1066 1294 πάντα
1124 1237 1394 1315 συνετήρει
1435 1234 1502 1292 τὰ
1529 1234 1740 1313 ῥήματα
1781 1240 1944 1291 ταῦτα

301 1325 678 1403 συμϐάλλουσα
733 1327 789 1382 ἐν
830 1332 899 1403 τῇ
952 1324 1136 1404 καρδίᾳ
1208 1329 1373 1393 αὐτῆς
1406 1345 1421 1361 ·
1481 1324 1570 1382 καὶ
1617 1322 1945 1401 δπέστρεψαν

295 1419 348 1474 οἱ
403 1417 678 1496 ποιμένες,
736 1414 1038 1488 δοξάζοντες
1094 1415 1182 1472 καὶ
1226 1417 1490 1479 αἰνοῦντες
1536 1414 1628 1470 τὸν
1673 1413 1802 1470 Θεὸν
1860 1410 1946 1467 ἐπὶ

292 1510 485 1585 πᾶσιν,
545 1505 635 1569 οἷς
692 1503 925 1572 ἤκουσαν
968 1504 1057 1561 καὶ
1100 1501 1266 1579 εἶδον,
1300 1504 1472 1567 καθὼς
1523 1500 1758 1571 ἐλαλήθη
1813 1500 1943 1578 πρὸς

288 1593 507 1659 αὗτούς.
544 1617 573 1650 ι
608 1600 749 1652 Ποῖα
794 1594 1009 1672 ῥήματα
1064 1594 1335 1673 συνετήρει
1384 1595 1418 1662 ἡ
1452 1591 1710 1672 Παρθένος
1746 1609 1761 1671 ;
1797 1589 1944 1651 Τινὲς

289 1683 395 1759 μέν
456 1681 699 1762 λέγουσιν
756 1682 838 1739 ὅτι
881 1682 982 1741 ὅσα
1038 1683 1234 1761 εἰρήκει
1291 1684 1424 1758 αὒτῇ
1479 1683 1506 1739 6
1552 1679 1801 1760 ἄγγελος,
1861 1680 1947 1734 καὶ

289 1770 397 1828 ὅσα
454 1774 500 1830 οἱ
536 1771 787 1849 ποιμένες
833 1773 1015 1852 εἶπον,
1062 1771 1307 1843 ἐπετήρει
1368 1772 1468 1851 γὰρ
1497 1776 1660 1827 ταῦτα
1686 1770 1774 1826 καὶ
1817 1789 1937 1825 συν-ε

2030 1134 2180 1196 aliis.

2108 1222 2292 1288 Vnus.
2331 1226 2423 1296 19,
2457 1225 2556 1290 90.
2598 1225 2810 1289 «Maria
2831 1235 3030 1290 autem
3063 1225 3449 1292 conservabat
3481 1231 3681 1290 omnia

2029 1312 2206 1375 verba
2236 1315 2710 1387 llaec,couferens
2738 1317 2802 1378 in
2833 1318 3015 1380 corde
3044 1338 3174 1381 suo.
3201 1317 3269 1379 Et
3293 1317 3520 1379 reversi
3542 1326 3678 1380 sunt

2029 1410 2296 1483 pastores
2349 1405 2751 1485 gloriﬁcantes
2801 1424 2868 1469 ac
2922 1406 3234 1470 laudantes
3276 1406 3463 1468 Deum
3501 1426 3681 1489 super

2029 1492 2309 1554 omnibus
2335 1513 2467 1574 quae
2494 1494 2812 1556 audierant
2860 1504 2919 1558 et
2950 1497 3219 1559 viderant
3246 1495 3330 1557 ita
3361 1505 3422 1556 ut
3452 1495 3676 1557 dictum

2029 1580 2221 1641 fuerat
2246 1580 2413 1661 ipsis.
2448 1608 2474 1638 ι»
2511 1581 2653 1655 Quae
2682 1582 2860 1645 verba
2891 1584 3283 1647 conservabat
3311 1583 3673 1661 Virgo?Qui-

2029 1670 2164 1732 dam
2196 1669 2402 1731 dicunt
2430 1672 2585 1753 quod
2612 1690 2680 1733 ea
2702 1690 2833 1753 quae
2855 1674 3100 1753 angelus
3124 1674 3179 1735 ei
3208 1672 3521 1746 dixerat,et
3544 1692 3676 1754 quae

2031 1763 2300 1839 pastores
2334 1769 2742 1837 narraverant,
2764 1765 3129 1825 conservarit
3160 1771 3217 1823 et
3240 1761 3563 1824 contulerit
3583 1779 3675 1823 se-

290 1859 513 1918 ἑϐαλλεν
570 1841 645 1918 ἐν.
701 1868 770 1939 τῇ
828 1841 1014 1941 καρδίᾳ
1071 1841 1258 1942 αὐτῆς,
1331 1841 1597 1934 τουτέστι,
1656 1857 1942 1936 συνέκρινε,

2033 1867 2187 1929 cum,
2226 1849 2641 1929 inveneritque
2672 1850 2736 1913 in
2768 1848 3045 1914 omnibus
3074 1850 3427 1913 sententiam
3465 1869 3672 1911 conso-

292 1952 386 2007 γαὶ
432 1950 667 2030 εὕρισκεν
734 1950 797 2007 ἐκ
851 1951 1064 2007 πάντων
1116 1950 1239 2025 μίαν
1268 1950 1547 2030 σύμφωνον
1576 1948 1822 2029 γνώμην,
1867 1945 1947 2003 ὅτι

2033 1955 2167 1998 nam
2200 1956 2401 2013 unam,
2436 1940 2598 2019 quod
2633 1938 2785 2001 Deus
2806 1941 2884 2002 sit
2912 1940 3097 2003 Filius
3122 1958 3286 2004 suus.
3315 1939 3450 2001 Mihi
3473 1947 3672 2001 autem

298 2039 432 2103 Θεός
491 2025 634 2097 ἐστιν
688 2041 716 2096 6
776 2041 897 2105 Υἱὸς
944 2039 1132 2108 αὐτῆς.
1193 2034 1344 2115 Ἐμοὶ
1389 2025 1473 2094 ῠδέ
1531 2025 1681 2095 δοκεῖ
1738 2025 1943 2115 ῥήματα

2033 2025 2307 2088 videntur
2333 2027 2513 2090 verba
2545 2029 2656 2090 hoc
2688 2028 2819 2095 loco
2868 2047 2964 2091 res
3019 2029 3111 2091 vel
3158 2038 3325 2108 gesta
3354 2027 3492 2103 dici,
3530 2036 3588 2090 et
3612 2027 3670 2088 id

296 2128 518 2186 ἐνταῦθα
568 2129 636 2186 τὰ
693 2129 982 2208 πράγματα
1013 2127 1257 2207 λέγεσθαι
1284 2143 1298 2159 ⁸
1347 2128 1485 2185 ὥστε
1528 2131 1668 2183 εἶναι
1696 2126 1756 2182 τὸ
1786 2125 1948 2204 λεγό-

294 2239 458 2292 μενον
514 2226 753 2278 τοιοῦτον
785 2236 801 2253 ο
847 2220 882 2286 ἡ
939 2216 994 2274 δὲ
1062 2218 1279 2298 Μαριὰμ
1339 2218 1607 2295 συνετήρει
1650 2216 1821 2273 πάντα
1878 2215 1944 2270 τὰ

289 2306 532 2387 ῥήματα,
578 2305 699 2374 ἤτοι
747 2307 815 2363 τὰ
873 2307 1162 2386 πράγματα
1206 2312 1393 2387 ταῦτα,
1440 2304 1473 2361 ἃ
1515 2309 1601 2363 νῦν
1634 2303 1743 2384 ἐγὼ
1801 2302 1944 2381 λέγω

292 2396 387 2451 καὶ
417 2402 557 2453 ποιῶ
586 2396 736 2452 εἶναι
776 2396 989 2473 ῥήματα
1023 2410 1038 2426 ⁸
1071 2397 1133 2452 16
1178 2396 1280 2474 γὰρ
1323 2401 1543 2475 πρᾶγμα
1590 2392 1714 2449 ὅταν
1744 2392 1942 2473 λεχθῇ,

291 2484 498 2560 γίνεται
552 2484 699 2562 ῥῆμα
731 2498 745 2514 ⁸
800 2484 1130 2564 ὑπέστρεψαν
1187 2482 1242 2540 δὲ
1319 2487 1366 2541 οἱ
1422 2482 1669 2559 ποιμένες
1716 2484 1941 2562 εὔχαρι-

292 2579 542 2637 στουντες
599 2580 677 2648 τῷ
720 2580 836 2648 Θεῷ
879 2573 965 2631 ἐπὶ
1022 2580 1181 2631 πᾶσιν
1214 2588 1228 2602 ⁸
1283 2575 1343 2631 οὖ
1389 2573 1488 2652 γὰρ
1518 2573 1653 2641 ἦσαν
1681 2572 1939 2652 φθονεροὶ,

296 2663 436 2718 κατὰ
463 2663 585 2729 τοὺς
617 2661 917 2726 Ἰουδαίους.

386 2773 409 2807 ε
462 2754 560 2811 Καὶ
617 2750 705 2809 ὅτε
774 2751 1118 2823 ἐπλήσθησαν
1189 2751 1383 2832 ἡμέραι
1458 2752 1599 2808 ὀκτὼ
1642 2750 1733 2808 τοῦ
1787 2771 1943 2829 περι-

300 2854 488 2917 τεμεῖν
517 2841 702 2915 αὗτὸν,
746 2843 835 2899 καὶ
883 2841 1083 2912 ἐκλήθη
1114 2843 1174 2898 τὸ
1203 2840 1373 2917 ὄνομα
1400 2842 1556 2899 αὖτοῦ
1597 2838 1826 2913 Ἰησοῦς,
1884 2840 1945 2895 16

294 2931 488 2998 κληθὲν
518 2933 621 2989 ὑπὸ
651 2938 742 2989 τοῦ
788 2932 1017 3011 ἀγγέλου
1075 2934 1176 3012 πρὸ
1232 2938 1323 2989 τοῦ
1371 2930 1731 3011 συλληφθῆναι
1789 2929 1943 2987 αὐτὸν

294 3022 350 3078 ἐν
393 3027 461 3098 τῇ
502 3020 676 3093 κοιλίᾳ
712 3039 724 3053 ⁸
756 3022 844 3079 καὶ
898 3020 986 3078 ὅτε
1017 3022 1360 3091 ἐπλήσθησαν
1392 3024 1445 3077 αἱ
1471 3020 1665 3095 ἡμέραι
1697 3026 1789 3076 τοῦ
1844 3040 1943 3074 κα-

298 3114 554 3190 θαρισμοῦ
609 3113 782 3169 αὐτῶν
825 3111 963 3167 κατὰ
1011 3112 1103 3168 τὸν
1140 3111 1303 3185 νόμον
1359 3109 1616 3189 Μωσέως,
1676 3108 1942 3187 ἆνήγογον

299 3200 457 3256 αὐτον
511 3201 584 3262 εἷς
633 3190 993 3277 Ἰεροσόλυμα,
1044 3204 1379 3278 παραστῆσαι
1409 3206 1485 3274 τῷ
1517 3196 1684 3276 Κυρίῳ
1719 3215 1735 3232 ⁸
1769 3196 1937 3261 καθὼς

2034 2132 2165 2177 esse
2195 2116 2352 2197 quod
2380 2116 2599 2178 dicitur
2633 2138 2647 2181 :
2679 2118 2864 2181 Maria
2894 2126 3094 2181 autem
3129 2116 3519 2180 conservabat
3548 2137 3675 2178 om-

2033 2203 2129 2265 nia
2157 2203 2336 2266 verba
2364 2205 2512 2283 haec,
2548 2206 2606 2268 id
2640 2216 2751 2287 est,
2806 2216 2971 2287 gesta
3023 2208 3150 2270 haec
3212 2226 3345 2290 quae
3376 2226 3533 2268 nunc
3563 2224 3670 2287 ego

2024 2293 2160 2355 dico
2192 2302 2251 2356 et
2276 2295 2428 2357 facio
2460 2314 2592 2357 esse
2623 2296 2827 2358 verba.
2858 2300 3038 2362 Gesta
3068 2297 3229 2359 enim
3263 2296 3501 2377 quando
3529 2315 3671 2357 nar-

2024 2393 2253 2469 rantur,
2304 2387 2586 2451 dicuntur
2638 2388 2840 2452 verba.
2894 2393 3080 2452 Porro
3134 2396 3401 2470 pastores
3440 2388 3673 2449 reversi

2024 2483 2162 2536 sunt
2190 2476 2403 2553 gratias
2432 2485 2676 2555 agentes
2708 2480 2829 2541 Deo
2861 2478 2923 2540 iu
2953 2477 3253 2541 omnibus.
3278 2475 3482 2557 Neque
3513 2477 3670 2538 enim

2027 2571 2197 2626 erant
2224 2564 2410 2627 invidi
2434 2575 2496 2626 ut
2526 2565 2734 2629 Judaei.

2107 2739 2287 2805 VERS.
2314 2742 2534 2806 22-24.
2575 2769 2603 2800 α
2631 2746 2704 2807 Et
2732 2753 3038 2827 postquam
3092 2744 3491 2808 consummati
3538 2754 3676 2807 sunt

2028 2830 2158 2892 dies
2188 2841 2322 2894 octo
2378 2841 2441 2895 ut
2488 2835 3022 2898 circumcideretur
3078 2854 3247 2915 puer,
3282 2842 3548 2896 vocatum
3582 2842 3673 2896 est

2032 2939 2250 2982 nomen
2282 2923 2413 3003 ejus
2442 2926 2632 2995 Jesus,
2670 2924 2828 3005 quod
2883 2932 3153 2986 vocatum
3202 2932 3326 2986 erat
3355 2922 3432 2985 ab
3463 2924 3671 3001 angelo

2030 3009 2372 3091 priusquam
2404 3012 2465 3073 in
2497 3022 2665 3076 utero
2699 3014 3138 3095 conciperetur.
3172 3014 3242 3075 Et
3270 3020 3471 3094 postea
3494 3031 3671 3093 quam

2027 3098 2305 3178 completi
2317 3100 2565 3163 fuissent
2589 3101 2717 3164 dies
2730 3103 3097 3184 purgationis
3119 3120 3325 3164 eorum
3340 3100 3670 3163 secundum

2024 3186 2213 3266 legem
2248 3190 2449 3271 Moysi,
2502 3190 2873 3255 adduxerunt
2903 3210 3038 3254 eum
3072 3191 3568 3272 Hierosolymam,
3605 3197 3671 3249 ut

297 3286 592 3366 γέγραπται
620 3287 672 3343 ἐν
723 3288 873 3364 νόμῳ
928 3277 1137 3368 Κυρίου,
1182 3288 1262 3345 ὅτι
1308 3294 1419 3343 Πᾶν
1461 3286 1615 3367 ἄρσεν
1667 3285 1935 3364 διανοῖγον

2033 3277 2301 3340 sisterent
2321 3299 2456 3368 eum
2489 3281 2761 3357 Domino,
2790 3284 2943 3345 sicut
2972 3283 3258 3363 scriptum
3298 3288 3387 3342 est
3437 3280 3500 3341 in
3534 3279 3666 3358 lege

294 3377 531 3455 μήτραν,
574 3376 725 3455 ἅγιον
775 3384 852 3452 τῷ
916 3379 1087 3457 Κυρίῳ
1133 3376 1485 3458 κληθήσεται,
1530 3376 1617 3433 καὶ
1642 3382 1735 3432 106
1762 3373 1937 3432 δοῦναι

291 3465 473 3522 θυσίαν
526 3466 661 3522 κατὰ
702 3468 762 3523 τὸ
805 3466 1082 3546 εἰρημένον
1137 3466 1193 3523 ἐν
1245 3466 1392 3542 νόμῳ
1468 3464 1676 3544 Κυρίου,
1762 3463 1945 3543 ζεῦγος

287 3554 580 3634 τρυγόνων,
636 3555 673 3623 ἣ
731 3555 821 3613 δύο
897 3556 1146 3619 νεοσσοὺς
1183 3561 1526 3633 περιστερῶν.
1565 3573 1595 3613 )
1645 3562 1748 3612 T06
1781 3552 1947 3629 νόμου

293 3643 476 3707 δόντος
508 3643 745 3724 ἐντολὰς,
781 3649 827 3702 οἱ
870 3642 1282 3724 παραϐαίνοντες
1331 3645 1524 3709 ταύτας
1566 3644 1667 3700 ὑπὸ
1716 3643 1946 3721 κατάραν

296 3733 457 3801 ἦσαν,
511 3723 568 3791 Ὀ
613 3733 783 3790 τοίνυν
838 3723 1025 3813 Κύριος
1078 3736 1469 3813 περιτέμνεται,
1515 3731 1609 3788 ἵνα
1651 3732 1748 3788 κάν
1778 3730 1948 3804 τούτῳ

293 3819 585 3897 πληρώσας
634 3821 725 3878 τὸν
783 3824 944 3898 νόμον
986 3824 1073 3879 καὶ
1133 3820 1302 3897 μηδὲν
1345 3820 1592 3897 ἐλλείψας
1633 3822 1710 3875 ὧν
1739 3819 1942 3883 ἐκεῖνος

295 3909 630 3992 ἐντέταλκεν,
705 3910 948 3981 ἐξέληται
1018 3912 1170 3989 ἡμῆς
1239 3918 1339 3981 τῆς
1415 3913 1649 3992 κατάρας
1684 3926 1698 3941 ⁸
1763 3909 1943 3988 ἐντρέ-

292 4022 498 4057 πωνται
552 3998 608 4057 δὲ
651 4000 884 4059 ἐντεῦθεν
922 4005 969 4059 οἱ
1025 4001 1295 4081 λέγοντες,
1352 4000 1433 4058 ὅτι
1492 4002 1629 4058 κατὰ
1657 4002 1944 4082 φαντασίαν

2030 3367 2268 3429 Domini
2302 3391 2315 3428 :
2349 3367 2539 3433 Omne
2589 3371 2983 3432 masculinum
3030 3370 3386 3448 adaperiens
3415 3368 3669 3441 vulvam,

2030 3463 2295 3518 sanctum
2320 3458 2572 3521 Domino
2598 3459 2898 3521 vocabitur
2932 3481 2945 3523 :
2983 3468 3042 3522 et
3083 3468 3146 3521 ut
3176 3461 3390 3520 darent
3420 3457 3670 3519 hostiam

2028 3547 2358 3609 secundum
2392 3548 2548 3628 quod
2575 3549 2798 3611 dictum
2817 3548 2981 3611 estin
3014 3550 3143 3628 lege
3159 3548 3537 3628 Domini,par
3557 3555 3673 3606 tur-

2032 3642 2249 3718 turum,
2278 3645 2379 3698 aut
2399 3638 2546 3700 duos
2573 3638 2766 3719 pullos
2791 3636 3384 3711 columbarum.»Qui
3402 3636 3677 3698 mandata

2028 3725 2177 3804 legis
2198 3726 2878 3807 praevaricabantur,sub
2904 3727 3330 3809 maledictione
3354 3727 3675 3788 erant.Do-

2031 3815 2228 3876 minus
2260 3817 2440 3895 igitur
2464 3818 3009 3893 circumciditur,ut
3044 3818 3219 3879 etiam
3252 3816 3310 3878 in
3345 3818 3458 3878 hoc
3489 3816 3678 3877 adim-

2029 3904 2421 3986 pletalege,et
2438 3906 2599 3968 nullo
2616 3907 3015 3988 praetermisso
3038 3906 3193 3988 quod
3210 3906 3309 3967 illa
3332 3904 3674 3987 mandabat,

2028 3993 2242 4074 eripiat
2272 4015 2382 4057 nos
2405 4015 2438 4058 a
2457 3997 2796 4059 maledicto.
2828 3999 3238 4061 Revereantur
3258 3996 3398 4058 hinc
3427 3995 3530 4077 qui
3578 3995 3674 4057 di-

291 4088 597 4168 ἐσαρκώθη.
654 4095 773 4153 Πῶς
818 4091 919 4171 γὰρ
973 4092 1415 4171 napze1pﬁﬂmei
1460 4090 1595 4148 κατὰ
1654 4090 1940 4170 φαντασίαν

2033 4091 2165 4145 cunt
2194 4084 2350 4164 quod
2379 4086 2648 4149 Christus
2678 4087 3018 4148 incarnatus
3049 4087 3125 4148 sit
3157 4093 3524 4168 apparenter
3555 4092 3681 4146 tan-

290 4177 571 4257 ἐσαρκώθη
606 4196 623 4260 ς
681 4180 968 4247 Ἀνόνητον
996 4178 1052 4236 δὲ
1081 4183 1170 4237 καὶ
1196 4182 1258 4237 τὸ
1301 4178 1556 4252 ἐξετάζειν
1597 4188 1699 4239 ποῦ
1741 4178 1853 4235 ἐστι
1874 4179 1937 4233 τὸ

2033 4177 2166 4233 tum.
2202 4172 2508 4245 Quomodo
2535 4177 2696 4237 enim
2719 4176 3113 4239 circumcisus
3136 4175 3372 4248 luisset,
3411 4174 3462 4236 si
3491 4192 3679 4254 appa-

290 4266 600 4342 ἀποτμηθὲν
656 4267 832 4327 ἐκεῖνο
890 4268 1081 4349 μόριον
1116 4285 1131 4302 ⁸
1197 4268 1231 4326 ἃ
1276 4270 1376 4348 γὰρ
1405 4270 1441 4336 ἡ
1484 4269 1665 4349 Γραφὴ
1695 4267 1935 4325 ἀπεσιώ-

2033 4270 2220 4324 renter
2247 4262 2585 4325 incarnatus
2618 4263 3156 4327 fuisset?lnutiliter
3183 4272 3377 4325 autem
3392 4264 3677 4344 quaeritur

294 4378 491 4432 πησεν,
521 4358 580 4414 οὗ
611 4356 696 4415 δεῖ
751 4356 1031 4433 ἐξετάζειν,
1077 4359 1166 4415 καὶ
1209 4365 1374 4416 ταῦτα
1416 4357 1500 4415 ἐπὶ
1529 4356 1764 4434 μηδεμιᾷ
1792 4356 1938 4435 ὠφε-

2033 4349 2127 4412 ubi
2162 4350 2239 4411 sit
2267 4350 2501 4413 absecta
2539 4354 2638 4416 illa
2672 4353 2981 4434 particula.
3018 4356 3166 4417 Nam
3199 4370 3330 4433 quae
3363 4352 3675 4432 Scriptura

297 4445 415 4517 λείᾳ
444 4462 459 4477 ⁸
495 4445 603 4504 ἔστι
645 4446 705 4504 δὲ
734 4449 927 4523 εἰπεῖν,
960 4447 1041 4504 ὅτι
1070 4448 1192 4505 τότε
1221 4448 1319 4525 μὶν
1364 4446 1451 4504 ὅτε
1495 4447 1801 4526 ἀπετμήθη,
1845 4450 1943 4512 τῆς

2033 4440 2309 4510 tacuit,ea
2336 4459 2602 4522 quaerere
2623 4462 2741 4505 non
2766 4443 3358 4525 oportet,przesertim
3386 4440 3487 4501 ubi
3512 4440 3675 4504 nulla

298 4541 402 4613 γῆς
433 4540 662 4618 ψαῦσαν,
717 4538 904 4616 ἡγίασε
959 4538 1182 4617 ταύτην,
1229 4539 1408 4617 ὥσπερ
1465 4538 1552 4595 καὶ
1600 4538 1661 4594 16
1692 4537 1834 4612 αἷμα
1864 4556 1943 4601 καῖ

2034 4530 2407 4593 utilitas.Dici
2440 4538 2636 4596 autem
2671 4541 2869 4614 posset
2893 4533 3049 4612 quod
3071 4530 3306 4612 quando
3338 4550 3405 4591 ea
3435 4530 3678 4592 absecta

301 4627 362 4681 16
418 4623 579 4707 ὕδωρ,
637 4625 671 4683 ἃ
728 4626 791 4683 ἐκ
846 4626 944 4694 τῆς
978 4625 1206 4706 πλεῦρας
1250 4628 1413 4685 αὐτοῦ
1443 4626 1685 4706 ἔῤῥευσαν
1721 4641 1734 4657 ⁸
1770 4626 1859 4690 οἷς
1902 4624 1943 4691 δὲ

2036 4630 2254 4683 terram
2282 4622 2656 4702 tetigit,illam
2680 4619 3485 4703 quoquesanctiﬁcarit,sicut
3501 4619 3677 4682 etiam

301 4712 416 4772 οἶδε
472 4714 676 4795 λόγοις,
722 4714 944 4797 ἐφύλαξε
999 4719 1156 4774 τοῦτο
1212 4719 1273 4774 16
1337 4717 1520 4794 μόριον
1578 4714 1826 4780 ἀϐλαϐές⁸
1871 4725 1943 4772 κα

2038 4710 2280 4789 sanguis
2302 4718 2359 4772 et
2379 4730 2527 4792 aqua
2544 4732 2677 4793 quae
2701 4732 2769 4773 ex
2797 4712 2988 4773 latere
3008 4711 3140 4790 ejus
3160 4711 3478 4773 ﬂuxerunt.
3502 4710 3577 4771 Et
3595 4709 3676 4771 vi-

301 4806 436 4883 μετὰ
483 4805 583 4863 τὴν
639 4806 929 4864 ἀνάστασιν
998 4806 1397 4885 ἆναλαϐόμενος
1478 4816 1657 4889 τοῦτο,
1729 4805 1943 4886 ἠγέρθη,

2040 4801 2214 4863 detur
2244 4800 2399 4882 quod
2430 4802 2676 4864 servarit
2708 4800 2994 4882 particula
3022 4800 3363 4879 illaesam,et
3390 4797 3450 4858 in
3479 4816 3675 4860 resur-

296 4896 391 4953 ’ἕνα
429 4898 515 4952 καὶ
577 4896 712 4952 κατὰ
767 4898 923 4954 τοῦτο
984 4895 1284 4963 ἆνελλιπῶς
1342 4896 1489 4978 ἔχων
1558 4871 1740 4977 εὑρεθῇ
1772 4912 1786 4927 ⁸
1841 4894 1943 4952 ἐπεῖ

2036 4871 2301 4954 rectione
2330 4891 2543 4954 iterum
2565 4871 2976 4972 resumpserit,
2999 4898 3063 4950 ut
3092 4889 3219 4950 haec
3245 4871 3529 4968 particula
3544 4906 3679 4978 non

297 4987 385 5043 καὶ
410 4986 575 5060 ἡμεῖς
605 4984 813 5041 τέλειον
843 4986 904 5042 16
936 4985 1197 5065 ἡμέτερον
1250 4975 1409 5063 σῶμα
1458 4986 1512 5043 ἐν
1557 4975 1628 5061 τῇ
1673 4986 1943 5042 ἀναστάσει

2037 4979 2369 5042 inveniatur
2400 4980 2635 5045 deesse.
2679 4981 2909 5061 Quippe
2940 4986 2996 5040 et
3017 4996 3124 5040 nos
3148 4978 3211 5038 in
3240 4975 3681 5039 resurrectione

298 5073 714 5150 ἀποληψόμεθα.
777 5075 1089 5150 Σημείωσαι
1137 5074 1192 5132 δὲ
1249 5075 1332 5132 ὅτι
1389 5079 1493 5156 οὔχ
1537 5076 1649 5153 ἅμα
1679 5082 1754 5151 τῷ
1784 5077 1943 5131 εἰπεῖι

2040 5071 2366 5151 perfectum
2393 5089 2608 5152 corpus
2632 5070 2994 5150 resumpturi
3028 5086 3234 5129 sumus
3271 5065 3538 5156 Observa
3566 5084 3677 5156 au-

299 5166 391 5221 τὸν
420 5162 668 5242 ἄγγελον,
706 5161 840 5221 Ἰδοὺ
883 5161 1139 5240 συλλήψη
1181 5166 1317 5241 υἱὸν,
1349 5154 1649 5245 συνελήφθη
1679 5166 1705 5221 6
1742 5164 1943 5244 Κύριοςε

2039 5167 2155 5222 tem
2188 5161 2343 5240 quod
2378 5179 2496 5222 non
2521 5161 2715 5222 statim
2749 5167 2814 5220 ut
2834 5158 2979 5220 dixit
3006 5155 3439 5245 angelus,Ecc_e
3468 5154 3679 5216 conci-

250 5272 259 5278 ‘
306 5252 444 5311 ἃλλὲι
486 5253 623 5329 μετὰ
663 5258 829 5309 ταῦτα
897 5250 986 5309 ὅτε
1037 5252 1295 5321 ἠθέλησεν
1332 5272 1347 5285 ⁸
1422 5254 1515 5334 ὅρα
1556 5243 1656 5334 γὰρ
1711 5254 1761 5310 τί
1810 5243 1943 5330 λέγει

2041 5249 2168 5329 pies
2201 5249 2435 5323 Filium,
2472 5256 2796 5330 conceptus
2836 5255 2923 5309 est
2963 5244 3277 5325 Dominus,
3312 5243 3415 5334 sed
3450 5247 3679 5334 postea,

305 5343 547 5415 ἐνταῦθα,
607 5341 679 5399 T6
731 5338 925 5407 κληθὲν
980 5342 1083 5399 ὑπὸ
1136 5349 1231 5401 τοῦ
1287 5332 1516 5424 ἀγγέλου
1562 5332 1664 5421 πρὸ
1692 5349 1783 5399 106
1815 5340 1943 5398 συλ-

2035 5337 2269 5418 quando
2300 5338 2660 5404 voluit.Vide
2680 5337 2837 5399 enim
2863 5335 3005 5417 quid
3034 5335 3192 5398 dicat
3211 5335 3323 5395 hoc
3349 5332 3683 5424 loco.Quod

303 5432 571 5512 ληφθῆναι
627 5429 783 5487 αὒτὸν
840 5429 893 5487 ἐν
926 5436 995 5508 τῇ
1039 5432 1214 5506 κοιλίᾳ
1248 5450 1263 5465 ⁸
1428 5432 1523 5490 ἀπ’
1558 5434 1720 5499 αὐτῆς
1751 5430 1805 5487 δὲ
1846 5436 1943 5498 τῆς

2033 5434 2300 5489 vocatum
2327 5438 2414 5489 est
2436 5428 2508 5488 ab
2541 5426 2751 5506 angelo
2791 5428 3132 5507 priusquam
3156 5424 3602 5512 conciperetur_
3620 5421 3685 5485 in

302 5510 520 5594 λέξεως,
577 5516 833 5575 δείκνυται
889 5526 1047 5579 τοῦτο
1081 5541 1096 5557 ⁸
1146 5524 1207 5581 06
1248 5524 1348 5602 γὰρ
1392 5523 1572 5598 εἴπεν,
1622 5518 1755 5580 ’ἰδοὺ
1814 5519 1943 5577 συλ-

2033 5516 2301 5579 utero.Et
2322 5517 2434 5579 hoc
2457 5517 2634 5579 verbo
2662 5514 2999 5579 ostenditur
3022 5513 3077 5575 id
3096 5513 3251 5595 quod
3270 5510 3686 5602 diximus.Non

303 5609 615 5686 λαμϐάνεις’
650 5604 795 5687 ἀλλ’,
835 5605 970 5667 Ἰδοὺ
999 5600 1271 5688 συλλήψῃζ
1306 5600 1491 5670 ’Ὥστε
1518 5612 1579 5669 ἐκ
1606 5611 1806 5668 τούτων
1837 5608 1943 5665 ἔστι

2033 5604 2191 5667 enim
2219 5605 2553 5683 dixit,Ecce
2583 5605 2875 5687 concipis,
2909 5603 3202 5680 sed,Ecce
3232 5600 3680 5681 concipies.At-

304 5699 736 5779 συλλογίσασθαι,
794 5694 876 5753 ὅτι
932 5704 1001 5777 τῇ
1043 5700 1154 5781 ὥρα
1205 5700 1304 5778 μέν
1360 5700 1536 5769 ἐκείνη
1587 5698 1943 5781 συνελήφθηὸ

2033 5712 2147 5775 quo
2158 5711 2228 5756 ex
2240 5694 2331 5757 his
2343 5693 3153 5775 animadverterelicet,quod
3172 5694 3316 5754 hora
3328 5690 3568 5773 quidem
3588 5691 3689 5754 illa
