4170 6282
465 351 584 416 727
1423 355 2017 420 THEOPHYLACTI
2061 355 2474 425 BULGARLE
2514 360 2874 428 ARCHIEP.
3727 366 3852 433 728

470 496 795 569 conceptus
825 489 1003 551 fuerit
1025 489 1458 552 Dominusznon
1470 497 1666 553 autem
1687 490 1790 553 illo
1814 496 2113 552 momento

2215 492 2408 571 idptoc,
2470 491 2529 549 οὔ
2578 493 2686 568 μὴν
2730 494 2863 563 αῦτῆ
2906 501 2973 571 τῇ
3020 502 3223 573 στιγμῇ
3256 496 3372 553 καθ’
3406 497 3470 563 ἢν
3502 500 3531 554 ὁ
3560 498 3601 526 "
3610 498 3853 577 Αγγελος

472 597 590 661 quo
616 579 862 658 angelus
882 578 1051 653 dixit;
1079 579 1185 640 sed
1207 579 1358 639 forte
1386 588 1775 660 posteaquam
1803 578 2124 660 complevit

2215 579 2411 660 ἔλεγεν,
2468 580 2605 642 ἀλλὰ
2659 584 2850 663 τυχὸν,
2930 584 3017 641 ὅτε
3091 584 3397 643 συνετέλεσε
3455 588 3578 652 τοὺς
3632 587 3851 665 λόγους.

474 668 942 729 sermones.288
960 668 1097 731 Haec
1109 677 1306 731 autem
1324 688 1442 731 non
1457 667 2119 731 dixerimusdeﬁnitive.

2215 677 2381 728 Γαῦτα
2436 669 2491 726 δὲ
2550 672 2608 728 οὑ
2659 670 2992 750 δογματικῶς
3048 671 3302 752 λέγομεν.
3367 674 3747 747 Ἐπλήσθησαν
3796 676 3855 733 δὲ

472 756 707 838 Impleti
731 766 930 819 autem
950 767 1090 819 sunt
1106 758 1238 821 dies
1262 759 1627 840 purgationis
1646 760 1884 820 illorum
1911 776 2124 821 secun-

2215 762 2258 817 αί
2330 760 2524 840 ἡμέραι
2581 768 2673 820 τοῦ
2727 766 3055 843 καθαρισμοῦ
3109 764 3281 820 αὐτῶν
3353 768 3489 822 κατά
3542 768 3633 823 τὸν
3686 768 3855 842 νόμον

475 845 616 907 dum
672 845 861 925 legem
922 848 1093 910 Mosi.
1144 850 1308 910 Bene
1358 848 1505 909 dixit
1545 848 1872 909 secundum
1929 848 2122 926 legem

2215 850 2465 914 Μωσέως.
2519 849 2707 916 Καλῶς
2738 852 2863 908 εἷπε
2898 853 3031 910 κατὰ
3056 854 3146 909 τὸν
3195 853 3356 925 νόμον
3402 854 3634 917 Μωσέως
3671 873 3683 885 ⁸
3720 856 3857 911 κατὰ

474 933 701 997 Μοείίϐε
725 955 861 997 nam
886 936 1213 999 secundum
1237 937 1544 999 veritatem
1572 937 1735 998 nulla
1767 936 2126 998 necessitate

2215 939 2307 1017 γὰρ
2358 939 2459 1006 τὴν
2514 937 2792 1012 ἀλήθειαν,
2852 942 2947 998 οὐκ
3004 941 3162 1021 εἶχεν
3218 942 3457 1022 ἀνάγκην
3513 945 3547 1012 ἡ
3592 944 3855 1023 Παρθένος

475 1022 657 1098 Virgo
689 1023 1128 1102 astringebatur
1156 1025 1652 1106 exspectaredies
1672 1024 2122 1104 puriﬁcationis,

2215 1028 2509 1107 περιμένειν
2565 1030 2661 1093 τὰς
2758 1029 2961 1108 ἡμέρας
3042 1037 3135 1087 τοῦ
3215 1035 3568 1109 καθαρισμοῦ,
3654 1022 3859 1098 αἵτινες

477 1111 587 1203 qui
610 1121 749 1173 sunt
780 1113 1189 1203 quadraginta,
1227 1123 1367 1175 nato
1388 1113 1816 1177 mare.Dictum
1846 1113 2005 1174 enim
2036 1132 2129 1192 est

2215 1118 2343 1185 ἦσαν
2396 1119 2809 1199 τεσσαράκοντα,
2882 1119 2969 1176 ἐπὶ
3025 1119 3200 1199 ἄρσενι
3270 1122 3541 1202 τεχθέντι,
3630 1122 3861 1203 Εἴρηται

480 1200 541 1261 in
574 1200 949 1280 lege,Mu|ier
978 1221 1107 1281 quae
1137 1210 1413 1283 suscepto
1445 1204 1679 1264 semine
1696 1203 2129 1283 conceperit,et

2215 1208 2310 1285 γὰρ
2353 1207 2407 1263 έν
2449 1214 2527 1281 τῷ
2582 1207 2732 1284 νόμῳ
2765 1224 2779 1238 ⁸
2844 1209 2981 1276 Γυνὴ
3039 1208 3157 1277 ἧτις
3203 1211 3292 1267 ἐὰν
3334 1200 3716 1291 σπερματισθῇ,
3770 1214 3863 1268 καὶ

480 1288 713 1379 peperit
762 1291 1114 1379 masculum.
1145 1290 1317 1370 Virgo
1350 1302 1549 1353 autem
1582 1310 1700 1352 non
1729 1294 2004 1371 concepit
2053 1292 2128 1351 de

2215 1295 2340 1372 τέκῃ
2392 1294 2546 1376 ἄρσεν
2579 1312 2593 1327 ⁸
2676 1301 2710 1367 ἡ
2788 1296 2844 1354 δὲ
2918 1299 3175 1379 Παρθένος
3258 1300 3354 1357 οὒκ
3436 1288 3860 1378 έσπερματίσθη,

478 1377 732 1470 semine,
767 1378 972 1470 sed-ex
1002 1379 1226 1470 Spiritu
1258 1389 1462 1470 sancto
1486 1385 1719 1462 peperit
1746 1399 1760 1443 :
1789 1380 1948 1441 unde
1968 1381 2129 1442 nulla

2215 1383 2331 1442 ἀλλ’
2406 1386 2466 1442 ὲκ
2516 1386 2821 1463 Πνεύματος
2876 1377 3029 1467 ἁγίου
3099 1386 3276 1444 ἔτεκεν
3304 1408 3318 1424 ⁸
3369 1389 3508 1447 ὥστε
3552 1377 3647 1447 οὐκ
3697 1391 3866 1470 εἶχεν

478 1464 643 1559 illam
660 1467 991 1559 necessitas
1011 1468 1283 1547 urgebat;
1298 1469 1402 1531 sed
1418 1474 1619 1531 volens
1636 1470 1889 1548 implere
1908 1470 2125 1549 legem,

2215 1474 2475 1553 ἀνάγκην,
2533 1474 2671 1533 ἀλλὰ
2714 1464 2993 1554 πληρῶσαι
3043 1478 3136 1534 τὸν
3163 1478 3326 1553 νόμον
3356 1480 3602 1559 θέλουσα,
3635 1464 3867 1546 ἀνῆλθεν

479 1554 641 1616 venit
665 1554 730 1648 in
753 1556 1267 1635 templum.Quare
1293 1568 1489 1620 autem
1519 1558 1579 1619 in
1612 1560 1874 1620 mascqu
1899 1568 2126 1639 septem

2215 1565 2286 1628 εἰς
2343 1569 2404 1621 τὸ
2459 1565 2619 1644 ἱερόν.
2657 1566 2755 1623 Διὰ
2780 1566 2832 1622 τί
2873 1565 2926 1622 δὲ
2955 1568 3042 1623 ἒπὶ
3085 1566 3183 1643 μὶν
3230 1566 3411 1647 ἄρσενι
3464 1554 3600 1625 ἑπτά
3637 1567 3861 1648 ἡμέραι,

481 1644 634 1724 dies,
661 1643 721 1704 in
757 1645 1007 1707 muliere
1038 1665 1173 1709 vero
1215 1645 1306 1708 bis
1354 1647 1599 1709 totidem
1626 1647 1657 1709 ?
1698 1648 1908 1710 Mulier
1942 1649 2125 1721 enim,

2215 1652 2298 1710 ἰπὶ
2326 1651 2380 1709 δὲ
2410 1643 2597 1728 θηλείᾳ
2625 1652 2813 1713 διπλαῖ
2845 1675 2861 1735 ς
2922 1655 3058 1723 Γυνὴ
3104 1657 3223 1735 γὰρ,
3260 1643 3443 1737 ιρησὶν,
3478 1657 3566 1714 ἐὰν
3608 1643 3863 1737 σπέρμα-ί

482 1732 751 1833 inqui_t,si
772 1745 1046 1833 suscepto
1071 1738 1301 1799 semine
1326 1738 1658 1801 masculum
1691 1737 2129 1818 pepererit.im.

2215 1747 2394 1833 τισθῇ,
2462 1746 2565 1833 ,καὶ
2598 1832 2607 1833 7
2637 1744 2771 1822 τέκῃ
2846 1732 3033 1822 ἀρσεν,
3111 1732 3247 1802 έπτᾶι
3274 1732 3497 1824 ’ἡμέρας
3566 1732 3866 1826 ἀκάθαρτος

481 1823 705 1913 munda
734 1823 847 1913 erit
876 1832 1103 1904 septem
1137 1826 1353 1889 diebus
1388 1848 1401 1889 :
1436 1829 1527 1888 sin
1568 1832 1794 1890 autem!
1821 1827 2128 1899 feminam,

2215 1831 2361 1890 ἔσται
2396 1848 2411 1863 ⁸
2458 1831 2546 1890 ἰὰν
2591 1832 2646 1889 δε
2673 1834 2831 1913 θῆλυ,
2881 1833 2956 1898 ἂς
2988 1835 3142 1894 ἑπτὰ.
3194 1823 3414 1903 Ἐπειδῆ
3444 1838 3479 1904 ἡ
3512 1836 3610 1906 μὲν
3637 1823 3867 1892 τεκοῦτα

481 1910 789 1974 immunda
811 1913 926 1975 erit
956 1915 1187 1977 duabus
1222 1915 1717 1978 hebdomadibus.
1754 1916 2038 1989 Quoniam
2064 1934 2129 1978 ea

2215 1923 2275 1978 τὸ
2333 1921 2510 2003 ἄρσεν,
2544 1921 2782 2003 δεύτερον
2825 1921 2995 2000 Ἀδὰμ
3037 1926 3111 1988 εἰς
3153 1925 3245 1982 τὸν
3291 1924 3493 2000 κόσμον
3524 1926 3807 2002 εἰσήγαγεν
3844 1945 3863 1960 ⁸

482 2019 614 2081 qua;
630 2003 933 2082 pepererit
953 2004 1111 2083 quod
1130 2006 1456 2067 masculum
1471 2005 1920 2081 est,secundum
1940 2005 2130 2067 Adam

482 2089 544 2151 in
574 2091 862 2152 mundum
888 2092 1292 2165 induxit.Quaa
1320 2113 1461 2156 vero
1502 2095 1655 2174 quod
1689 2094 2007 2167 muliebre,
2030 2113 2131 2155 se-

483 2178 741 2240 cundam
771 2178 947 2241 Evam
988 2183 1313 2261 pepererit,
1348 2201 1447 2243 vas
1479 2190 1649 2262 putre
1672 2190 1728 2245 et
1753 2182 1974 2255 debile,
1998 2201 2129 2241 am-

484 2268 732 2349 phoram
758 2269 1092 2332 contritam.
1134 2270 1406 2331 baculum
1441 2270 2131 2350 deceptionis,indnc!ri-

484 2377 616 2421 cem
674 2358 1114 2421 inobedientiaa.
1171 2360 1336 2433 Quod
1370 2370 1567 2423 autem
1607 2360 1771 2435 dicit,
1807 2360 1996 2423 Omne
2018 2363 2128 2421 ad-

484 2448 757 2527 aperiens
805 2448 1031 2509 vulvam
1083 2458 1355 2510 sanctum
1412 2449 1704 2511 Domino:
1768 2449 2004 2529 proprie
2055 2451 2127 2510 ad

487 2535 787 2599 Christum
806 2536 997 2596 solum
1020 2536 1449 2616 pertinet.lpse
1472 2537 1631 2597 enim
1657 2538 1885 2614 aperuit
1906 2536 2128 2597 vulvam

487 2623 770 2702 Virginis,
804 2642 937 2684 cum
970 2626 1101 2685 aliis
1132 2626 1217 2686 vir
1256 2626 1481 2707 aperiat
1527 2626 1781 2686 vulvam.
1834 2628 2129 2687 Caeterum

488 2730 596 2792 par
637 2719 935 2774 turturum
966 2714 1169 2775 offerri
1194 2714 1376 2794 jussit
1412 2715 1860 2787 lex,ostendens
1881 2714 2034 2797 quod
2060 2734 2130 2775 ex

487 2809 649 2862 casto
677 2803 953 2881 conjugiu
988 2813 1333 2873 procreatus
1363 2803 1462 2867 sit.
1499 2804 1713 2866 Dicunt
1746 2804 1904 2865 enim
1937 2813 2129 2865 turtu-

484 2911 609 2956 rem
635 2912 766 2957 esse
784 2905 1009 2957 castum
1033 2896 1277 2970 animal,
1313 2916 1568 2978 cumque
1598 2897 1910 2977 conjugem
1951 2897 2130 2956 amit-

484 2986 575 3057 tit,
611 3003 728 3045 non
758 2986 1022 3048 secundo
1053 3005 1117 3047 se
1147 2986 1410 3067 copulet.
1444 2986 1590 3048 Cum
1617 2996 1818 3047 autem
1871 3003 1989 3047 non
2025 2986 2134 3045 lia~

488 3076 701 3138 berent
727 3084 1012 3151 turtures,
1045 3078 1381 3140 offerebant
1409 3078 1560 3139 duos
1592 3078 1784 3158 pullos
1816 3076 2132 3139 columba-

484 3183 643 3243 rum,
677 3176 740 3227 ut
761 3167 1170 3248 multiplicatio
1196 3168 1379 3249 prolis
1408 3168 1578 3230 ﬁeret
1607 3168 1722 3229 vita
1754 3166 1922 3245 pueri
1948 3166 2128 3228 illius:

484 3254 807 3316 fecundum
839 3257 996 3317 enim
1027 3256 1246 3320 animal
1279 3257 1575 3320 columba.

568 3344 753 3408 Vsus.
777 3345 997 3410 25-32.
1029 3372 1054 3401 ε
1080 3347 1149 3408 Ει
1177 3365 1319 3408 ecce
1350 3348 1527 3408 homo
1550 3355 1677 3408 erat
1711 3346 2132 3425 Hierosolymis

485 3434 579 3495 cui
611 3452 827 3495 nomen
857 3435 1124 3514 Simeon,
1159 3443 1217 3496 et
1248 3436 1422 3496 homo
1459 3440 1567 3496 iste
1611 3436 1804 3514 justus
1853 3454 1923 3495 ac
1973 3435 2124 3514 pius,

486 3532 834 3602 exspectans
862 3524 1326 3585 consolationem
1359 3522 1565 3597 Israel,
1602 3533 1658 3583 et
1688 3522 1943 3602 Spiritus
1964 3542 2129 3582 sanc-

488 3626 578 3678 tus
592 3624 719 3677 erat
732 3633 913 3697 super
926 3626 1150 3678 eumzet
1163 3635 1513 3696 responsum
1539 3623 1849 3695 acceperat
1863 3634 1894 3675 a
1908 3614 2130 3692 Spiritu

484 3714 836 3782 sancto,nnn
869 3707 1128 3767 visurum
1160 3726 1225 3769 se
1262 3717 1530 3781 mortem,
1566 3706 1680 3767 nisi
1723 3707 1883 3786 prius
1910 3706 2130 3766 videret

485 3794 783 3859 Christum
839 3794 1097 3858 Domini.
1131 3795 1205 3856 Et
1234 3795 1397 3856 venit
1426 3814 1533 3875 per
1563 3795 1845 3875 Spiritum
1882 3793 1939 3852 in
1976 3809 2129 3852 tein—

485 3888 892 3970 plum.Etcum
911 3889 1263 3951 inducerent
1284 3907 1532 3968 puerum
1553 3888 1758 3950 Jesum
1784 3895 2050 3967 parentes
2071 3895 2133 3947 ut

482 3978 745 4040 facerent
764 3978 1087 4039 secundum
1105 3977 1597 4039 consuetudinem
1618 3976 1764 4056 legis
1779 3994 1881 4055 pro
1902 3975 2131 4053 eo.ipse

483 4086 725 4148 quoque
756 4068 982 4147 accepit
1026 4084 1160 4128 eum
1196 4067 1255 4127 in
1288 4066 1458 4127 ulnas
1507 4084 1668 4138 suas,
1717 4073 1774 4125 et
1824 4064 2133 4126 benedixit

2213 2013 2248 2079 ἡ
2308 2009 2363 2067 δὲ
2433 2012 2493 2069 τὸ
2555 2011 2712 2086 θῆλυ,
2774 2011 3014 2093 δευτέραν
3076 2013 3210 2071 Εὕαν
3285 2013 3484 2072 ἕτεκεν⁶
3542 2016 3604 2071 τὸ
3672 2016 3868 2093 σαθρὸν

2215 2111 2424 2179 σκεῦος,
2484 2107 2545 2162 τὸ
2601 2105 2815 2171 ἀσθενὲς
2865 2105 3109 2185 ἀγγεῖον,
3161 2108 3221 2162 τὸ
3279 2107 3717 2184 συντετριμμένον
3762 2128 3865 2162 κε-

2214 2194 2424 2272 ράμιον,
2484 2195 2580 2261 τὴν
2639 2195 2929 2274 βακτηρίαν
2971 2195 3070 2263 τῆς
3117 2195 3351 2268 ἀπάτης,
3394 2197 3491 2264 τὴν
3518 2197 3867 2277 χειραγωγὸν

2212 2287 2311 2349 τῆς
2371 2285 2673 2361 παρακοῆς.
2734 2291 2826 2339 τοῦ
2883 2282 2938 2339 δὲ
2981 2285 3145 2360 νόμου
3188 2285 3438 2363 λέγοντος
3472 2299 3486 2314 ⁸
3534 2292 3644 2340 Πᾶν
3668 2287 3729 2340 τὸ
3774 2283 3863 2339 δι-

2212 2383 2435 2447 ανοῖγον
2493 2372 2725 2451 μήτραν,
2769 2372 2921 2450 ἅγιον
2967 2381 3043 2446 τῷ
3094 2379 3285 2452 Κυρίῳ,
3321 2377 3394 2436 εἰς
3445 2375 3668 2447 Χριστὸν
3699 2373 3865 2448 μόνον

2212 2460 2403 2536 κυρίως
2454 2456 2608 2526 ὶξέόη
2640 2462 2793 2515 τοῦτο
2819 2476 2833 2490 ⁸
2902 2462 3057 2525 αὖτὸς
3106 2464 3207 2539 γὰρ
3253 2462 3483 2533 διήνοιξε
3511 2465 3611 2530 τὴν
3654 2466 3862 2540 μήτραν

2210 2551 2310 2613 τῆς
2370 2547 2651 2627 Παρθένου,
2706 2548 2817 2603 ἐπεὶ
2848 2562 2969 2614 ταῖς
3015 2571 3077 2628 γε
3126 2548 3311 2612 ἄλλαις
3346 2552 3633 2629 μητράσιν,
3669 2555 3695 2609 ὁ
3727 2552 3861 2628 ἀνὴρ

2212 2632 2460 2712 διανοίγει
2507 2635 2605 2702 τὴν
2684 2637 2913 2713 μήτραν,
2997 2645 3187 2715 Ζεῦγος
3258 2636 3312 2693 δὲ
3368 2640 3633 2716 τρυγόνων
3693 2662 3857 2719 προσ·

2213 2724 2388 2803 φέρειν
2418 2722 2689 2781 ἐκέλευσεν
2720 2727 2747 2781 ὁ
2804 2726 2988 2805 νόμος,
3038 2725 3287 2782 δεικνύων
3343 2726 3423 2782 ὅτι
3454 2729 3559 2782 ἀπὸ
3591 2729 3859 2807 σώφρονος

2215 2814 2454 2892 συζδγίας
2511 2816 2546 2882 ἡ
2602 2812 2908 2871 παιδοποιία
2944 2836 2957 2851 ·
3018 2816 3141 2895 φασὶ
3171 2816 3269 2893 γὰρ
3311 2836 3410 2882 την
3438 2816 3682 2892 τρυγόνα,
3743 2823 3859 2871 σῶ-

2214 2925 2341 2982 φρον
2394 2903 2537 2959 εἶναι
2567 2908 2723 2978 ζῶον,
2758 2903 2894 2959 ὥστε
2950 2906 3036 2961 καὶ
3078 2901 3446 2962 ἀποϐαλοῦσαν
3492 2904 3583 2958 τὸν
3612 2904 3852 2979 σύζυγον,

2217 2992 2294 3067 μὴ
2351 2990 2757 3072 δευτερογαμετν
2792 3012 2807 3029 ο
2870 2995 2915 3049 εἰ
2969 2992 3023 3048 δὲ
3077 2994 3154 3067 μὴ
3186 2993 3347 3071 εἶχον
3376 2991 3655 3071 τρυγόνας,
3681 3011 3853 3067 προσ-

2220 3080 2398 3161 έφερον
2446 3079 2535 3138 δύο
2590 3082 2834 3144 νεοσσοὺς
2879 3082 3223 3160 περιστερῶν,
3282 3080 3376 3136 ἵνα
3430 3079 3513 3136 ἐπὶ
3572 3078 3858 3150 πολυτοκίᾳ

2214 3170 2433 3246 γένηται
2481 3173 2516 3239 ἡ
2578 3175 2690 3241 ζωὴ
2732 3178 2823 3226 τοῦ
2853 3169 3035 3233 παιδὸς
3086 3170 3284 3225 ἐκείνου
3311 3190 3325 3205 ⁸
3369 3170 3404 3237 ἡ
3435 3170 3534 3247 γὰρ
3577 3167 3861 3245 περιστερὰ⁵

2214 3259 2509 3317 πολύτοκΟν
2541 3262 2674 3331 ζῶον
2685 3308 2698 3321 ,

2298 3375 2325 3405 α
2377 3353 2473 3409 Καὶ
2504 3350 2612 3407 ἰδοὺ
2640 3353 2705 3417 ἦν
2766 3349 3039 3429 ἄνθρωπος
3093 3351 3147 3407 ἐν
3209 3341 3577 3427 Ἰερουσαλὴμ,
3610 3350 3656 3420 ᾧ
3697 3345 3863 3421 ὄνομα

2214 3441 2433 3515 Συμεών
2459 3459 2473 3474 ⁸
2509 3442 2596 3496 καὶ
2651 3443 2678 3496 ὁ
2710 3439 2982 3513 ἅνθρωπος
3041 3442 3215 3519 οὗτος,
3252 3437 3446 3500 δίκαιος
3478 3439 3562 3494 καὶ
3608 3432 3859 3506 εὐλαϐὴς,

2212 3528 2643 3609 προσδεχόμενος
2701 3529 3034 3607 παράκλησιν
3082 3536 3175 3586 τοῦ
3226 3526 3439 3604 Ἰσραὴλ
3473 3541 3487 3556 ⁸
3523 3526 3608 3582 καὶ
3653 3532 3862 3598 Πνεῦμα

2212 3617 2363 3695 ἅγιον
2414 3619 2480 3686 ἦν
2541 3616 2628 3674 ἐπ’
2670 3620 2850 3697 αὐτὸν,
2901 3620 2986 3674 καὶ
3038 3618 3104 3685 ἧν
3166 3621 3308 3690 αὖτῷ
3361 3611 3863 3695 κεχρηματισμένον

2213 3708 2315 3761 ὑπὸ
2372 3728 2465 3763 το)
2525 3708 2828 3781 Πνεύματος
2888 3714 2980 3762 τοῦ
3061 3707 3236 3784 ἁγῖου,
3318 3707 3395 3780 μὴ
3451 3702 3583 3759 ἰδεῖν
3640 3703 3862 3759 θάνατον

2215 3797 2332 3873 πρὶν
2388 3795 2423 3863 ἢ
2486 3794 2578 3873 ἴδῃ
2639 3798 2727 3851 τὸν
2775 3798 2996 3874 Χριστὸν
3046 3797 3230 3874 Κυρίου
3264 3809 3277 3823 ⁸
3340 3795 3426 3849 καὶ
3472 3791 3631 3860 ἦλθεν
3673 3790 3726 3846 ἐν
3790 3797 3865 3863 τῴ

2214 3884 2479 3959 Πνεύματι
2534 3888 2607 3947 εἰς
2664 3888 2733 3941 τὸ
2776 3885 2964 3963 ἱερόνηο
3029 3886 3118 3940 καὶ
3168 3884 3222 3939 ἐν
3278 3888 3355 3956 τῷ
3411 3883 3715 3959 εἰσαγαγεῖν
3740 3878 3863 3939 τοὺς

2213 3987 2393 4051 γονεῖς
2425 3974 2483 4029 τὸ
2525 3972 2732 4031 παιδίον
2794 3972 3023 4049 Ἰησοῦν,
3083 3980 3176 4031 τοῦ
3230 3978 3451 4039 ποιῆσαι
3511 3970 3700 4033 αὐτοὺς
3728 3969 3864 4023 κατα

2214 4064 2274 4118 τὸ
2306 4063 2595 4138 εἰθισμένον
2625 4064 2715 4120 τοῦ
2772 4064 2933 4138 νόμου
2987 4065 3106 4140 περὶ
3137 4062 3316 4139 αὐτοῦ,
3350 4061 3437 4115 καὶ
3469 4060 3622 4123 αὐτὸς
3655 4056 3864 4122 ἐδέξατο

484 4159 702 4230 Deum,
734 4175 803 4219 ac
833 4156 981 4217 dixit
1016 4177 1029 4217 :
1060 4157 1230 4217 Nunc
1256 4156 1513 4217 absolvis
1533 4174 1767 4216 servum
1791 4164 1973 4221 tuum.
2001 4154 2124 4215 Do-

2215 4153 2334 4208 αὑτὸ
2378 4154 2451 4216 εἰς
2492 4154 2585 4215 τὰς
2621 4152 2857 4231 ἀγκάλας
2896 4154 3051 4209 αὒτοῦ
3085 4169 3097 4182 ⁸
3148 4153 3233 4206 καὶ
3263 4149 3520 4228 εὖλόγησε
3553 4149 3644 4203 τὸν
3704 4148 3859 4231 Θεὸν,

483 4249 668 4327 mine,
700 4245 1028 4309 secundum
1063 4243 1310 4307 verbum
1346 4245 1603 4325 qum,in
1636 4243 1949 4325 pacezquia
1970 4244 2128 4305 vide-

2215 4242 2295 4297 καὶ
2326 4241 2452 4297 εἷπε
2483 4257 2496 4272 ⁸
2559 4244 2660 4299 Νῦν
2716 4240 2966 4306 ἀπολύεις
3015 4243 3106 4298 τὸν
3165 4238 3346 4297 δοῦλόν
3411 4260 3528 4316 σου,
3594 4234 3857 4303 Δέσποτα,

480 4347 621 4400 runt
654 4323 811 4398 oculi
861 4334 978 4396 mei
1025 4334 1283 4397 salutare
1333 4323 1528 4406 tuum,
1557 4323 1712 4414 quod
1751 4333 1963 4413 parasti
1991 4342 2129 4396 ante

2215 4331 2345 4387 κατὰ
2401 4332 2463 4387 τὸ
2506 4332 2653 4409 ῥῆμά
2703 4354 2820 4406 σου,
2870 4331 2924 4387 ἐν
2957 4333 3143 4411 εἰρήνῃ
3178 4348 3193 4365 ⁸
3228 4329 3308 4384 ὅτι
3353 4326 3498 4385 εἶδον
3527 4329 3573 4381 οἱ
3604 4323 3863 4405 ὀφθαλμοί

480 4426 691 4488 faciem
715 4425 981 4487 omnium
996 4423 1374 4504 populorum:
1393 4422 1592 4484 lumen
1616 4423 1687 4482 ad
1707 4422 2126 4486 revelationem

2215 4442 2314 4495 μου
2365 4424 2428 4476 τὸ
2472 4422 2734 4500 σωτήριόν
2786 4442 2901 4496 σου,
2956 4422 2986 4477 ὃ
3034 4421 3329 4495 ἡτοίμασας
3384 4419 3521 4475 κατα
3578 4417 3863 4493 πρόσωπον

479 4514 775 4594 gentium,
808 4522 866 4575 et
914 4512 1165 4592 gloriam
1228 4511 1419 4592 plebis
1461 4521 1574 4572 tum
1602 4510 1805 4574 Israel.
1842 4514 1975 4575 Non
2008 4520 2133 4572 erat

478 4602 721 4667 Simeon
754 4600 1167 4677 sacerdos,sed
1195 4602 1372 4661 homo
1398 4602 1582 4661 Deum
1608 4610 1906 4672 amans,et
1928 4620 2133 4679 exspe.

478 4700 644 4754 etans
655 4691 895 4772 quando
908 4690 1385 4754 veniatChristns
1398 4689 1820 4751 consolaturus
1832 4689 2130 4771 Hebraeus,

476 4790 537 4843 et
565 4780 923 4842 liberaturus
957 4799 990 4841 a
1022 4779 1309 4841 servitute
1354 4777 1609 4858 peccati,
1642 4778 1793 4840 forte
1823 4790 1883 4839 et
1907 4797 1978 4841 ea
2016 4798 2133 4860 qua

475 4872 764 4934 Romanis
794 4878 852 4930 et
875 4868 1094 4931 Herodi
1140 4866 1498 4930 serviebant.
1550 4865 1697 4927 Nam
1747 4868 1847 4949 qui
1895 4868 2129 4929 Christo

475 4959 687 5029 credit.
724 4958 878 5021 liber
898 4968 988 5019 est
1019 4976 1252 5031 revera,
1288 4966 1345 5019 et
1394 4957 1715 5017 honoratur
1738 4975 1771 5018 a
1794 4957 2031 5036 regibus
2060 4976 2128 5019 ac

472 5048 816 5114 hominibus
842 5047 1143 5110 omnibus.
1177 5045 1326 5108 Vide
1371 5045 1694 5126 apostolos,
1736 5065 1854 5107 non
1890 5047 2130 5108 fuerunt

472 5137 627 5203 servi
652 5140 1091 5202 Romanorum?
1106 5136 1210 5197 sed
1233 5153 1391 5196 nunc
1415 5145 1769 5196 venerantur
1790 5154 1893 5197 eos
1916 5137 2130 5198 Roma.

473 5248 685 5293 norum
718 5247 914 5310 reges.
970 5227 1176 5308 Itaque
1222 5226 1330 5286 hos
1375 5243 1509 5285 cum
1568 5233 1769 5286 essent
1821 5224 2123 5301 Israelita,

469 5318 814 5382 consolatus
845 5326 936 5380 est
960 5316 1253 5380 Christus.
1290 5316 1475 5376 Porro
1510 5313 1604 5375 hic
1635 5312 1880 5376 Simeon
1904 5313 2127 5394 Spiritu

2214 4510 2427 4567 πάντων
2475 4516 2581 4566 τῶν
2639 4509 2783 4567 λαῶν
2818 4528 2833 4542 ⁸
2886 4515 2996 4591 φῶς
3042 4512 3116 4571 εἰς
3168 4507 3501 4582 ἀποκάλυψιν
3555 4506 3739 4578 ἐθνῶν,
3775 4512 3864 4566 καὶ

2213 4597 2364 4664 δόξαν
2424 4598 2555 4656 λαοῦ
2597 4621 2691 4656 σου
2742 4599 2979 4678 Ἰσραήλ.
3022 4623 3044 4656 ο
3084 4602 3191 4657 Οὐκ
3232 4603 3298 4666 ἦν
3348 4598 3514 4675 ἱερεὺς
3554 4598 3582 4652 ὁ
3616 4594 3861 4669 Συμεὼν,

2212 4687 2331 4746 ἀλλ’
2378 4688 2647 4768 ἄνθρωπος
2678 4689 2948 4770 θεοφιλὴς,
3008 4691 3097 4746 καὶ
3135 4684 3673 4770 προσδεχόμενος-ὁτι
3706 4681 3862 4738 ἐλεύ-

2212 4799 2361 4834 σεται
2406 4780 2434 4834 ὁ
2474 4766 2738 4857 Χριστὸς,
2782 4766 3317 4857 ’παραμυθησόμενος
3388 4777 3507 4838 τοὺς
3566 4766 3859 4850 Ἐϐραίους,

2212 4868 2300 4922 καὶ
2351 4864 2632 4923 ἀπολύσων
2687 4873 2786 4934 τῆς
2845 4865 3078 4931 δουλείας
3137 4869 3231 4935 τῆς
3290 4868 3391 4922 ὑπὸ
3432 4865 3533 4931 τὴν
3578 4862 3859 4939 ἁμαρτίαν,

2210 4957 2358 5035 τάχα
2390 4954 2444 5012 δὲ
2476 4958 2565 5013 καὶ
2593 4963 2690 5024 τῆς
2745 4958 2847 5013 ὑπό
2891 4959 3011 5020 τοὺς
3072 4949 3358 5033 Ῥωμαίους
3417 4955 3505 5011 καὶ
3558 4955 3650 5009 τὸν
3679 4944 3861 5029 Ἠρώ-

2210 5043 2306 5111 δην
2342 5060 2357 5076 ⁸
2416 5047 2445 5103 ὅ
2488 5047 2588 5125 γὰρ
2619 5054 2697 5122 τῷ
2748 5053 2964 5126 Χριστῷ
2994 5050 3299 5121 πιστεύσας,
3336 5045 3602 5123 ἐλεύθερος
3633 5047 3710 5114 τῷ
3752 5038 3861 5097 ὄντι

2213 5134 2375 5214 ἐστὶν,
2409 5137 2512 5192 ὑπὸ
2566 5136 2829 5213 βασιλέων
2872 5138 2960 5193 καὶ
3018 5137 3225 5194 πάντων
3284 5140 3391 5192 τῶν
3433 5134 3721 5211 ἀνθρώπων
3777 5153 3854 5186 τις

2211 5223 2479 5301 μώμενος.
2514 5222 2549 5251 ”
2564 5222 2639 5282 ιδε
2682 5226 2805 5291 τοὺς
2830 5223 3155 5287 ἀποστόλους
3192 5243 3203 5255 ⁸
3242 5228 3338 5282 οῦκ
3372 5225 3512 5290 ἦσαν
3554 5218 3729 5276 δοῦλοι
3754 5225 3860 5273 τῶν

2212 5304 2483 5389 Ῥωμαίων
2519 5332 2533 5346 ⁸
2594 5313 2727 5370 ὑλλὸι
2783 5317 2873 5370 νῦν
2930 5313 3129 5388 τιμῶσι
3185 5315 3273 5369 καὶ
3327 5320 3705 5391 προσκυνοῦσιν
3760 5307 3859 5363 αὖ·

468 5417 672 5471 sancto
709 5418 905 5471 motus
934 5403 1284 5468 ascenditin
1306 5402 1591 5482 templum
1618 5404 1854 5483 quando
1881 5393 2127 5464 adduxit

2215 5403 2328 5465 τοὺς
2386 5405 2434 5459 οἱ
2479 5393 2754 5478 Ῥωμαίων
2809 5402 3052 5480 βασιλεῖς
3088 5421 3102 5437 ⁸
3148 5400 3257 5458 ἰδοὺ
3310 5402 3398 5459 οὖν
3447 5401 3649 5464 τούτοις
3678 5398 3854 5474 παρά-

472 5497 790 5561 Dominum
815 5495 1020 5572 Mater,
1055 5503 1114 5557 et
1138 5499 1417 5572 suscepto
1450 5490 1575 5565 illo,
1601 5493 1787 5556 Deum
1817 5493 2125 5553 confessus

2215 5492 2398 5561 ιιλησις
2444 5492 2661 5573 γέγονεν
2708 5495 2736 5550 ὁ
2785 5494 3032 5573 Χριστὸς,
3097 5490 3449 5571 Ἰσραηλίταις
3479 5488 3623 5546 οὖσιν
3656 5505 3672 5521 ⁸
3707 5489 3859 5550 οὗτος

542 5631 607 5683 68
639 5629 821 5692 Levit.
850 5646 958 5711 xu,
989 5628 1052 5702 3,
1085 5628 1148 5691 4.
