4170 6282
341 379 489 446 729

1108 384 1553 447 ENARRATIO
1598 384 1677 447 IN
1724 380 2227 447 EVANGELIUM
2275 379 2517 445 LUCE.
2560 416 2637 427 -ρ
2680 384 2846 447 CAP.
2899 384 2974 445 ΙΙ.

3626 374 3742 441 730

331 518 441 572 οὖν
495 519 524 573 6
584 520 831 592 Συμεὼν,
881 519 1141 593 Πνεύματι
1203 520 1337 596 ἀγίῳ
1404 520 1738 594 κινούμενος,
1783 515 1982 585 ἀνῆλθε

2089 508 2421 573 esLDicere
2444 512 2583 573 989
2602 515 2965 595 enim,Nunc
2989 515 3245 577 absolvis
3276 532 3511 577 servum
3537 524 3729 585 tuum,

337 607 426 669 εἰς
477 607 538 663 τὸ
590 608 753 685 ἱερὸν,
789 606 875 662 ὅτε
908 607 1147 686 ἀνήγαγε
1195 610 1287 665 τὸν
1344 608 1536 688 Κύριον
1587 612 1619 676 ἡ
1653 611 1835 685 μήτηρ
1870 625 1883 639 ⁸
1916 608 2003 663 καὶ

343 694 637 771 δεξάμενος
687 698 864 765 αὑτὸν,
928 700 1058 755 Θεὸν
1117 699 1373 776 ὁμολογεῖ
1405 715 1420 731 ⁶
1481 701 1542 756 τὸ
1572 700 1671 777 γὰρ
1703 701 1874 755 εἰπεῖν
1918 704 2005 751 νῦν

342 784 603 851 ἀπολύεις
659 808 752 861 με,
821 786 1091 868 Δέσποτα,
1140 787 1528 865 ὁμολογοῦντός
1573 791 1737 867 ἔστιν,
1782 787 1863 844 ὅτι
1892 784 2007 847 Κύ-

346 895 461 950 ριος
505 874 660 937 αὐτός
712 873 823 930 ἐστι
879 881 1019 946 ζωῆς
1074 879 1159 932 καὶ
1198 878 1446 938 θανάτου.
1495 869 1649 956 ’Ὅρα
1691 876 1745 933 δὲ
1786 884 1900 941 πῶς
1959 872 2005 933 οἱ

347 963 521 1043 ἅγιοι,
580 961 774 1039 δεσμὸν
817 963 1115 1043 λογίζονται
1175 968 1236 1021 τὸ
1294 968 1450 1042 σῶμα
1486 987 1500 1003 ·
1564 965 1643 1023 διὸ
1701 967 1788 1023 καὶ
1830 965 1997 1041 λέγει·

352 1052 460 1109 Νῧν
485 1051 756 1128 ἀπολύεις,
814 1055 886 1115 ὡς
932 1055 1036 1110 ἀπὸ
1079 1053 1273 1128 δεσμοῦ
1310 1074 1322 1087 ⁸
1386 1056 1520 1112 κατά
1549 1057 1610 1111 τὸ
1637 1055 1782 1132 ῥῆμά
1810 1075 1904 1110 σου
1947 1053 1999 1109 δὲ

348 1141 501 1213 εἷπε,
535 1141 621 1196 διὰ
661 1144 752 1198 τὸν
783 1165 946 1222 χρησι
978 1145 1035 1198 ὸν
1066 1145 1123 1199 ὃν
1166 1141 1371 1217 ἔλαϐεν,
1422 1143 1501 1201 ὅτι
1534 1148 1593 1203 οὗ
1637 1145 1714 1220 μὴ
1761 1144 1997 1220 ἀποθάνῃ

342 1228 447 1294 ἕως
490 1232 550 1285 οὖ
599 1228 691 1296 ἴδη
751 1233 842 1287 τὸν
888 1233 1110 1309 Χριστόν
1142 1249 1155 1262 ³
1205 1235 1265 1288 τὸ
1295 1232 1373 1303 ὁὶ,
1402 1232 1455 1290 ἐν
1487 1235 1692 1313 εἰρήνῃ,
1727 1234 1839 1289 ἀντὶ
1879 1242 1991 1312 τοῦ,

342 1317 400 1373 ἐν
455 1318 797 1375 ἀναπαύσει·
854 1320 955 1386 ἕως
1013 1323 1110 1395 μὲν
1155 1323 1253 1399 γὰρ
1313 1329 1379 1398 ζῇ
1407 1325 1435 1378 ὁ
1468 1323 1760 1401 ἅνθρωπος,
1792 1324 1989 1399 ταράτ-

340 1428 511 1486 τεται,
560 1409 694 1465 καθά
722 1410 812 1466 καὶ
845 1409 1014 1466 Δαυῖδ
1040 1409 1182 1490 λέγει
1219 1431 1231 1444 ⁸
1284 1412 1561 1469 ἀποθατὼν
1590 1411 1669 1486 δὲ,
1715 1410 1986 1489 εἰρηνεύει·

344 1497 433 1552 καὶ
490 1495 665 1561 ἄλλως
709 1495 764 1553 δί
797 1501 858 1554 τὸ
890 1498 944 1554 ἐν
977 1500 1159 1577 εἰρὴνῃ
1205 1502 1439 1579 νοήσεις,
1470 1502 1761 1581 τουτέστιν,
1809 1501 1862 1557 ἐν
1920 1508 1987 1577 τῇ

342 1585 440 1651 τῆς
470 1582 679 1647 ξλπῖδος
740 1585 1033 1662 ἀπολήψει.
1080 1590 1205 1668 Πρὶν
1262 1589 1356 1663 μὲν
1399 1590 1499 1668 γὰρ
1529 1588 1650 1669 ἴδω,
1684 1591 1837 1668 φησὶ,
1895 1591 1988 1645 τὸν

349 1674 558 1753 Κύριον,
614 1677 708 1731 οὒκ
790 1676 1053 1753 εἶρήνευον
1129 1691 1245 1735 τοῖς
1315 1677 1623 1757 λογισμοῖς,
1683 1677 1985 1757 προσδοκῶν

345 1762 504 1819 αὐτὸν
560 1765 649 1819 καὶ
717 1764 799 1821 ἀεὶ
856 1768 1143 1844 φροντίζων
1214 1768 1343 1823 πότε
1404 1767 1672 1824 ἐλεύσεται
1703 1784 1719 1799 '
1792 1776 1878 1825 νῦν
1938 1766 1992 1823 δὲ

344 1852 418 1910 ἷκε
566 1859 579 1873 ι
626 1857 637 1871 ι
952 1859 966 1877 9
1114 1858 1125 1878 ρ
1356 1860 1370 1880 \
1829 1879 1843 1893 .
1977 1855 1992 1878 ν

362 1870 467 1910 οων
525 1877 679 1913 αυτον
751 1856 839 1911 καὶ
925 1879 1227 1935 ειρηνευσας
1285 1880 1373 1915 και
1439 1859 1844 1938 ἀπορροντίσας,
1916 1857 1974 1914 ἵν

341 1944 510 2008 οὕτως
544 1942 709 2017 εἴπω,
770 1944 1071 2021 ἀπολύομαι
1108 1966 1121 1980 ο

341 2054 508 2088 κωσιν
577 2040 668 2091 τοῦ
753 2041 1104 2113 Μονογενοὺς,
1164 2037 1229 2104 ἢν
1295 2037 1581 2110 ἡτοίμασεν
1641 2040 1667 2092 6
1714 2039 1844 2101 Θεὸς
1892 2039 1993 2116 πρὸ

340 2122 555 2179 πάντων
602 2130 708 2178 τῶν
750 2123 954 2179 αἰώνων
986 2141 1001 2156 ·
1041 2126 1176 2180 κατὰ
1219 2127 1503 2205 πρόσωπον
1534 2124 1586 2180 δὲ
1631 2127 1843 2181 πάντων
1886 2132 1991 2181 τῶν

340 2211 483 2266 λαῶν
539 2214 734 2279 ταύτην
778 2214 876 2279 τὴν
920 2213 1185 2290 σωτηρίαν
1216 2214 1505 2289 ἡτοίμασεν
1540 2218 1557 2245 ⁸
1587 2213 1679 2270 ἵνα
1711 2216 1811 2292 γὰρ
1842 2215 1990 2291 σώσῃ

337 2301 431 2355 τὸν
463 2299 691 2378 κόσμον,
733 2304 821 2358 καὶ
865 2301 957 2356 ἵνα
1014 2309 1173 2358 πᾶσιν
1226 2303 1528 2381 ἐμφανισθῇ
1582 2304 1610 2371 ἣ
1642 2303 1799 2360 αὐτοῦ
1855 2303 1985 2379 σάρ-

341 2410 530 2462 κωσις,
598 2392 782 2447 τούτου
867 2391 1043 2446 ἕνεκεν
1113 2391 1411 2468 ἐσαρκώθη.
1490 2394 1561 2449 Τὸ
1614 2390 1668 2447 δὲ
1728 2393 1990 2467 σωτήριον

340 2485 494 2535 τοῦτο
557 2485 667 2558 φῶς
730 2479 872 2536 ἐστιν
926 2482 1000 2542 εἰς
1058 2479 1394 2556 ἀποκάλυψιν
1456 2480 1637 2555 ἐθνῶν,
1698 2482 1987 2560 τουτέστιν,

340 2570 415 2632 εἰς
474 2570 747 2648 ιρωτισμόν
824 2574 929 2625 τῶν
1006 2570 1393 2644 ἐσκοτισμένων
1451 2573 1635 2642 ἐθνῶν,
1696 2572 1784 2627 καὶ
1841 2568 1991 2635 δόξαν

339 2660 445 2713 τῶν
508 2657 851 2736 Ἰσραηλιτῶν
885 2674 899 2688 ‘
965 2657 1086 2724 δόξα
1144 2661 1245 2737 γὰρ
1300 2662 1328 2715 6
1381 2662 1605 2739 Χριστὸς
1644 2668 1737 2716 τοῦ
1776 2659 1987 2726 ἀληθῶς

341 2745 475 2803 λαοῦ
514 2754 608 2804 τοῦ
661 2746 894 2824 Ἰσραὴλ,
955 2750 1083 2804 καθὸ
1136 2748 1188 2813 ἒξ
1247 2752 1416 2806 αὒτῶν
1475 2748 1795 2804 ἀνατέταλκε
1829 2766 1844 2780 ⁸
1900 2751 1986 2805 καὶ

343 2834 833 2912 ἐγκαλλωποῖζονται
892 2835 1062 2909 τούτῳ
1130 2840 1177 2893 οἱ
1233 2836 1395 2898 ὅντως
1430 2838 1757 2914 εὒγνώμονες
1814 2840 1985 2895 Ταῧτα

336 2927 362 2981 6
426 2925 667 3001 Συμεών.
722 2936 884 2982 Δοκεῖ
923 2924 977 2981 δέ
1019 2950 1109 3001 μοι
1155 2928 1241 2982 καὶ
1279 2928 1343 2982 τὰ
1384 2929 1477 2983 τοῦ
1511 2926 1679 2986 Δαυῖδ
1703 2927 1787 2983 ἐπὶ
1817 2928 1985 3000 τούτῴ

329 3015 582 3092 ἁρμόζειν
624 3015 702 3088 τῷ
732 3014 973 3090 Συμεῶνι
1009 3032 1024 3047 ⁸
1062 3015 1409 3094 Μακρότητος
1459 3018 1672 3095 ἡμερῶν
1722 3015 1985 3091 ἐμπλήσω

334 3105 511 3175 αὑτὸν,
547 3106 634 3160 καὶ
659 3102 810 3168 δείξω
836 3105 976 3177 αὖτῷ
1005 3106 1066 3160 τὸ
1094 3106 1361 3183 σωτήριόν
1384 3128 1510 3180 μου.

422 3215 445 3247 σ
487 3195 581 3251 Καὶ
609 3194 675 3260 ἦν
720 3191 917 3271 Ἰωσὴφ
962 3195 1048 3249 καὶ
1093 3196 1127 3261 ἡ
1175 3196 1356 3274 μήτηρ
1388 3194 1567 3267 ανῦτοῦ,
1624 3196 2039 3284 θαυμάζοντεςμ

334 3282 421 3337 επὶ
477 3294 595 3343 τοῖς
680 3279 1025 3355 λαλουμένοις
1103 3283 1220 3359 περὶ
1278 3285 1435 3341 αὖτοὺ
1471 3303 1481 3316 ·
1545 3285 1633 3339 καὶ
1694 3282 1979 3359 εύλόγησενι

338 3370 526 3431 αὖτοὺς
575 3371 815 3444 Συμεὼν,
872 3373 956 3426 καὶ
1014 3374 1135 3426 εἷπε
1195 3372 1324 3446 πρὸς
1386 3373 1598 3448 Μαριὰμ
1645 3372 1741 3438 τὴν
1777 3372 1980 3451 μητέρα

338 3462 496 3518 αὐτοῦ
528 3478 545 3497 ο
600 3458 731 3516 Ἰδοὺ
778 3468 929 3524 οὺτος
960 3474 1137 3516 κεῖται
1194 3463 1267 3523 εἷς
1322 3465 1524 3517 πτῶσιν
1567 3463 1654 3517 καὶ
1696 3462 1981 3517 ἀνάστασιν

328 3548 544 3605 πολλῶν
597 3547 651 3603 ἐν
682 3555 758 3621 τῷ
802 3546 1036 3627 Ἰσραὴλ,
1062 3551 1149 3605 καὶ
1181 3552 1253 3614 εἰς
1286 3564 1515 3624 σημεῖον
1547 3549 1975 3629 ἀντιλεγόμενον

323 3640 411 3694 καὶ
464 3645 558 3695 σοῦ
604 3636 659 3693 δὲ
718 3637 880 3703 αὐτῆς
942 3638 1041 3704 τὴν
1099 3639 1285 3718 ψυχὴν
1342 3638 1660 3695 διελεύσεται
1717 3641 1969 3720 ῥομφαία,

323 3726 472 3789 ὅπως
516 3725 578 3782 ἂν
636 3725 1077 3806 ἀποκαλυφθῶσιν
1123 3728 1182 3783 ἐκ
1248 3726 1462 3785 πολλῶν
1518 3727 1745 3807 καρδιῶν
1796 3727 1966 3787 διαλο-

316 3817 525 3892 γισμοί.
568 3838 591 3870 ιι
650 3813 923 3893 Εύλὸγησε
970 3816 1065 3890 μὲν
1124 3818 1452 3898 ἀμφοτέρους
1507 3820 1535 3873 6
1600 3818 1841 3893 Συμεών³
1876 3821 1965 3875 τὸν

313 3903 368 3960 δὲ
414 3904 757 3979 νομιζόμενον
810 3904 1010 3983 πατέρα
1049 3906 1222 3985 ἀφεὶς,
1276 3929 1405 3975 προς
1456 3910 1557 3963 τὴν
1602 3905 1813 3973 ἀληθῶς
1846 3931 1961 3982 μη-

1281 4004 1428 4061 ουτος
1473 3997 1652 4052 κεῖται
1702 3998 1775 4059 εἰς
1806 4004 1957 4053 πτῶ-

1326 4093 1400 4159 τῲ
1461 4083 1698 4164 Ἰσραήλ·

1261 4176 1547 4229 ἀνάστασιν
1591 4172 1666 4253 δὲ,
1726 4181 1829 4229 τῶν
1873 4198 1968 4231 πι-

1207 3954 1222 3986 ἳ

310 3994 438 4071 τέρα
486 3994 805 4072 ἐφθέγγετο*
854 3990 1007 4065 Ἰδοὺ,
1058 3998 1238 4074 φησὶν,

312 4107 395 4140 σιν
454 4084 542 4138 καὶ
600 4082 883 4138 ἀνάστασιν
940 4082 1150 4140 πολλῶν
1213 4084 1265 4141 ἐν
1326 4093 1400 4140 τώ
1461 4083 1698 4141 Ἰσραήλ·
1764 4093 1963 4141 πτῶσιν

316 4172 437 4250 μὲν,
498 4178 603 4227 τῶν
665 4171 742 4246 μὴ
801 4173 1153 4228 πιστευόντων
1191 4193 1203 4206 ⁸

315 4262 611 4317 στευόντων
646 4280 660 4295 ·
695 4260 732 4328 ἢ
763 4262 849 4316 καὶ
894 4259 1093 4339 ἄλλως,
1146 4265 1216 4325 εἰς

315 4357 424 4406 τῶν
476 4352 534 4405 tv
590 4362 713 4411 ταῖς
764 4354 971 4428 ψυχαῖς
1020 4357 1170 4425 ὴμῶν
1224 4359 1400 4407 κακῶν
1435 4366 1448 4381 ⁸

313 4444 422 4494 τῶν
481 4438 711 4515 ἀγαθῶν,
746 4441 932 4495 Πῖπτει
991 4442 1231 4516 πορνεία,
1284 4441 1559 4497 ἀνῗσταται
1616 4442 1928 4519 σωφροσύνη
1960 4451 1972 4464 '

311 4529 402 4582 καὶ
431 4525 608 4590 ἄλλως
652 4525 707 4582 δὲ
735 4524 944 4583 δύναται
978 4534 1232 4595 νοηθῆναι
1274 4547 1287 4560 ⁶
1322 4543 1501 4585 κεῖται
1547 4530 1648 4607 γὰρ
1693 4532 1720 4585 6
1754 4531 1974 4607 Χριστὸς

1258 4265 1461 4319 enim»
1493 4276 1668 4318 κεῖται
1700 4265 1727 4318 6
1763 4263 1969 4339 Κύριος,

1498 4353 1568 4411 εἰς
1606 4352 1895 4407 ἀνάστασιν
1924 4350 1976 4407 δέ

2084 597 2704 675 Domine,conﬁtentis
2732 604 3011 683 est,quod
3039 606 3168 683 ipse
3199 605 3273 665 sit
3306 601 3733 667 Dominusvitaa

2086 706 2152 747 ac
2186 690 2575 753 mortis.Vide
2598 701 2792 755 autem
2824 694 3121 773 quomodo
3152 694 3341 755 sancti
3363 711 3467 771 pro
3494 690 3733 752 vinculo

2086 792 2300 856 corpus
2326 779 2569 844 habent.
2604 780 2835 844 Idcirco
2865 782 3047 844 dicit:
3082 785 3251 846 Nunc
3282 778 3732 862 absolvis,quasi

2087 883 2118 925 a
2152 866 2385 928 vinculo
2423 889 2435 927 :
2471 870 2797 931 secundum
2831 870 3075 934 verbum
3112 886 3296 943 tuum,
3333 881 3573 951 propter
3601 888 3731 930 ora-

2087 954 2286 1015 culum
2320 957 2473 1037 quod
2506 968 2815 1039 acceperat
2846 962 2995 1040 quod
3029 980 3148 1022 non
3198 971 3355 1022 esset
3384 961 3725 1033 moriturus,

2084 1042 2277 1105 donec
2309 1044 2535 1107 videret
2569 1047 2891 1111 Christum.
2926 1048 2988 1110 In
3044 1068 3187 1129 pace
3217 1058 3437 1121 autem,
3472 1051 3586 1112 hoc
3615 1056 3726 1119 est,

2082 1133 2300 1211 quiete,
2329 1153 2463 1195 nam
2490 1136 2664 1197 homo
2695 1138 2885 1216 quoad
2919 1137 3055 1199 vivit
3076 1137 3346 1198 turbatur
3366 1138 3444 1210 *9,
3478 1137 3629 1199 sicut
3673 1147 3731 1198 et

2081 1221 2263 1283 David
2297 1222 2442 1284 dicit
2478 1246 2491 1287 :
2520 1234 2782 1286 mortuus
2817 1244 2950 1287 vero
2983 1246 3186 1306 pacem
3210 1226 3525 1289 babet.Vel
3552 1226 3730 1288 aliter

2075 1309 2387 1390 intellige:
2427 1311 2490 1373 In
2553 1326 2722 1393 pate,
2758 1315 2871 1376 hoc
2930 1324 3043 1396 est,
3086 1317 3215 1395 spei
3271 1316 3722 1377 consecutione.

2072 1397 2442 1480 Priusquam,
2471 1401 2967 1481 inquit,vidissem
2985 1405 3326 1485 Dominum,
3375 1425 3491 1465 non
3521 1412 3727 1485 pacata

2072 1497 2269 1549 mente
2299 1507 2483 1563 eram,
2506 1500 2851 1571 exspectans
2871 1491 3129 1565 illum,et
3158 1511 3399 1574 semper
3430 1494 3720 1577 sollicitus

2069 1577 2303 1657 quando
2332 1579 2746 1642 veniatznunc
2765 1590 2957 1643 autem
3013 1582 3141 1661 ipso
3188 1582 3334 1664 viso,
3380 1590 3438 1645 et
3493 1600 3719 1663 pacem,

2074 1676 2453 1749 consecutus,
2486 1678 2543 1730 et
2565 1670 2773 1730 sollici'
2791 1671 2971 1732 udine
3003 1672 3380 1745 liberatus,ut
3400 1671 3716 1744 sicdicam,

2074 1754 2649 1820 absolvor.Salutare
2672 1767 2891 1831 autem,
2924 1759 3256 1822 incarnatio
3283 1760 3580 1839 Unigeniti
3606 1768 3716 1834 est,

2075 1861 2251 1923 quam
2277 1854 2413 1907 ante
2444 1848 2660 1908 saecula
2681 1850 2881 1909 omnia
2936 1852 3094 1912 Deus
3140 1849 3509 1929 praeparavit.
3567 1852 3721 1912 Ante

1172 1949 1435 2026 σωτήριοι
1463 1946 1516 2003 δέ
1562 1949 1710 2021 εἷπε,
1740 1948 1839 2015 τὴν
1871 1949 1982 2027 σάρ-

2076 1932 2284 1994 faciem
2300 1953 2439 1995 vero
2459 1939 2722 1997 omnium
2750 1937 3286 2017 populorumistam
3305 1939 3554 2000 salutem
3576 1957 3719 2019 prae-

2079 2022 2392 2103 paravit,ut
2424 2024 2678 2085 salvaret
2716 2026 3092 2097 mundum,et
3116 2035 3175 2087 ut
3205 2026 3720 2107 omnibusliquida

2075 2110 2173 2173 ﬁat
2203 2113 2336 2191 ejus
2366 2113 2713 2194 incarnatio,
2748 2117 2914 2190 cujus
2943 2116 3127 2194 gratia
3150 2126 3208 2176 et
3238 2117 3578 2178 incarnatus
3602 2124 3715 2180 est.

2074 2197 2344 2262 Salutare
2371 2222 2606 2283 quoque
2640 2204 2776 2279 hoc,
2812 2205 3012 2266 lumen
3053 2215 3141 2265 est
3187 2206 3258 2266 ad
3295 2205 3714 2267 revelationezn

2073 2290 2358 2368 gentium,
2394 2292 2505 2352 hoc
2531 2302 2641 2372 est,
2671 2294 2741 2353 ad
2774 2292 3230 2355 illustrationetn
3264 2295 3530 2372 gentium
3555 2294 3719 2356 obte.

2072 2379 2543 2456 nebratarum,et
2562 2382 2807 2459 gloriam
2833 2383 3535 2447 lsraelitarum.Cbristus
3557 2384 3717 2445 enim

2074 2468 2261 2546 gloria
2292 2479 2379 2530 est
2412 2472 2607 2551 populi
2627 2472 2727 2552 qui
2752 2491 2888 2533 vere
2906 2472 3084 2534 Israel
3108 2473 3435 2534 sucuntlnm
3462 2472 3617 2553 quod
3644 2491 3714 2533 ex

2076 2557 2179 2617 illo
2212 2569 2379 2619 ortus
2412 2568 2587 2633 est,et
2618 2562 2676 2620 in
2711 2563 2820 2622 hoc
2853 2570 3140 2622 ornantur
3164 2560 3262 2639 qui
3286 2560 3520 2641 sapiunt
3543 2580 3608 2622 ac
3633 2562 3717 2623 in-

2077 2646 2512 2724 telliguntﬂzec
2534 2649 3104 2712 Simeon.Videntur
3120 2659 3313 2711 autem
3340 2648 3482 2710 mihi
3506 2657 3567 2711 et
3587 2668 3716 2729 quae

2071 2735 2226 2797 dicta
2256 2745 2393 2796 sunt
2422 2757 2456 2798 a
2490 2738 2698 2817 David,
2725 2742 3041 2800 convenire
3057 2738 3324 2801 Simeoni
3359 2760 3370 2798 :
3405 2738 3713 2817 uLongitu-

2069 2824 2210 2887 dine
2240 2824 2473 2887 diorum
2500 2827 2755 2907 implebo
2781 2837 3005 2902 eum,et
3031 2830 3333 2890 ostendam
3368 2827 3452 2888 illi
3484 2828 3712 2890 saluta-

2068 2930 2134 2974 re
2166 2933 2364 2975 meum
2393 2914 2469 2973 Ξ0.
2511 2940 2537 2970 ι)

2147 3178 2331 3243 Vens.
2360 3180 2575 3243 33-35).
2619 3182 2719 3243 uEt
2748 3194 2915 3244 erant
2946 3193 3109 3264 pater
3139 3194 3196 3245 et
3228 3192 3417 3245 mater
3447 3184 3577 3263 ejus
3603 3185 3707 3243 mi-

2064 3281 2263 3334 rantes
2294 3292 2472 3355 super
2503 3274 2591 3335 his
2622 3294 2753 3356 quaz
2783 3276 3133 3338 dicebantur
3164 3277 3238 3338 tle
3270 3278 3392 3339 illo.
3428 3276 3495 3338 Et
3518 3276 3707 3337 bene-

2064 3359 2210 3424 dixit
2243 3362 2357 3423 iltis
2389 3363 2721 3425 Simeonzet
2743 3364 2887 3426 dixit
2914 3366 2984 3425 ad
3010 3366 3252 3428 Mariam
3287 3374 3529 3427 matrem
3554 3365 3703 3445 ejus:

2061 3454 2213 3513 Ecce
2238 3453 2458 3532 positus
2494 3462 2578 3513 est
2613 3454 2707 3513 bic
2745 3455 2803 3515 in
2836 3456 3091 3536 ruinam,
3125 3464 3182 3516 et
3210 3455 3706 3516 resurrectionem

2064 3541 2385 3602 multorum
2420 3542 2475 3602 in
2500 3543 2771 3619 lsrael,et
2790 3544 2847 3603 in
2872 3544 3104 3623 signum
3130 3546 3220 3606 cui
3242 3542 3705 3606 contradicetnr.

2065 3628 2213 3699 Quin
2246 3639 2302 3691 et
2336 3641 2492 3691 tuam
2527 3632 2713 3710 ipsius
2749 3632 3006 3693 animam
3044 3632 3377 3714 penetrabit
3399 3632 3627 3710 gladius
3649 3648 3712 3700 ut

2052 3727 2395 3797 retegantur
2417 3738 2483 3779 ex
2518 3720 2720 3782 multis
2742 3721 3022 3782 Cordibus
3044 3722 3453 3800 cogitationes.
3470 3721 3706 3783 »Βοηθ-

2049 3807 2196 3868 dixit
2223 3806 2467 3889 quidem
2491 3808 2777 3871 ambobus
2795 3812 3056 3875 Simeon:
3082 3813 3510 3892 rejectoautem
3540 3819 3706 3890 patre

2048 3897 2343 3976 putativo,
2382 3899 2453 3959 ad
2497 3917 2696 3960 veram
2733 3913 2978 3961 matrem
3007 3901 3239 3962 locutus
3265 3909 3388 3961 est:
3423 3902 3578 3963 Ecce
3608 3899 3706 3962 hic

2048 3984 2276 4065 positus
2309 3996 2396 4047 est
2430 3987 2489 4047 in
2518 3987 2841 4069 ruinam,et
2862 3992 3355 4052 resurrectionem
3383 3991 3702 4052 multorum

2050 4083 2109 4145 in
2143 4074 2611 4137 lsrael.ltninam
2643 4077 2882 4158 quidem
2918 4079 3060 4142 dicit
3092 4100 3294 4143 eorum
3321 4081 3419 4161 qui
3439 4098 3555 4140 non
3578 4098 3704 4140 cre-

2053 4161 2355 4228 diderunt.
2393 4164 2495 4245 qui
2550 4184 2682 4226 vero
2734 4167 3140 4245 crediderunt,
3174 4168 3699 4230 resurrectionem.

2059 4251 2167 4313 Vel
2200 4254 2373 4314 etiam
2406 4254 2580 4315 aliter
2614 4276 2628 4315 :
2663 4254 2727 4316 ln
2759 4258 2993 4318 ruinam
3044 4259 3268 4339 positus
3299 4267 3386 4320 est
3418 4259 3706 4321 Dominus

2064 4342 2350 4403 malorum
2389 4362 2519 4422 quae,
2550 4345 2606 4404 in
2655 4344 2965 4408 animabus
3014 4347 3231 4409 nostris
3269 4369 3281 4411 :
3316 4348 3374 4408 in
3427 4366 3702 4409 resurre-

2058 4430 2315 4491 ctionem
2378 4450 2514 4492 vero
2564 4432 2880 4496 bonorum.
2911 4438 3082 4497 Cadit
3134 4437 3470 4512 fornicatio,
3516 4436 3701 4514 surgit

2058 4520 2443 4582 continentia.
2487 4522 2589 4583 Vel
2637 4522 2807 4585 aliter
2856 4544 3092 4607 quoque
3144 4526 3398 4605 intelligi
3458 4535 3693 4607 potest:

310 4617 385 4677 εἷς
426 4618 653 4689 πτῶσιν,
689 4616 801 4672 ἀντὶ
845 4640 935 4672 του
982 4619 1173 4673 Μέλλει
1231 4622 1422 4675 παθεῖν
1453 4621 1633 4691 αὐτὸς,
1665 4620 1754 4682 καὶ
1782 4635 1973 4674 πεσεῒν

2065 4609 2296 4673 l’ositus
2326 4619 2415 4671 est
2443 4611 2601 4673 enim
2630 4611 2913 4677 Dominus
2944 4615 3002 4676 in
3032 4616 3292 4690 ruinam,
3317 4617 3429 4677 boc
3452 4614 3701 4695 est,ipse

308 4707 383 4770 εἰς
412 4705 660 4785 θάνατον,
719 4707 806 4763 καὶ
864 4706 1153 4773 ἀναστῆναι
1202 4707 1454 4783 μέλλουσι
1518 4706 1732 4781 πολλοὶ,
1768 4708 1966 4764 πεσόν-

1108 4802 1206 4875 τῷ,
1235 4798 1307 4861 εἷς
1342 4803 1545 4853 πτῶσιν
1582 4816 1598 4833 ο
1631 4802 1750 4852 εἶτα
1794 4796 1965 4875 ἄρξαι,

1512 4890 1538 4942 ὸ
1607 4887 1854 4963 σταυρὸς,
1911 4888 1968 4950 ὃς

236 4802 241 4805 ’
306 4816 400 4855 10;
447 4796 628 4856 αὐτοῦ.
665 4793 845 4861 Στίξον
892 4806 978 4854 οὑν
1011 4797 1063 4849 ἐν

310 4884 397 4939 καὶ
451 4883 739 4944 ἀνάστασιν
797 4883 1009 4941 πολλῶν
1047 4902 1061 4916 '
1111 4900 1340 4959 σημεῗον
1385 4885 1463 4960 δὲ,

309 4972 473 5050 μέχρι
530 4981 621 5028 τοῦ
679 4980 766 5029 νῦν
828 4973 1183 5054 ἀντιλέγεται,
1216 4976 1484 5031 τουτέστιν
1518 4980 1577 5033 οὗ
1606 4972 1963 5053 παραδέχεται

307 5062 453 5138 παρά
502 5065 606 5119 τῶν
664 5061 925 5122 ἀπίστων.
988 5065 1214 5140 Λέγεται
1259 5062 1311 5119 δὲ
1361 5066 1595 5139 σημεῖον
1623 5066 1711 5121 καὶ
1740 5065 1774 5131 ἡ
1830 5065 1963 5143 σάρ-

307 5172 474 5214 κωσις
518 5161 610 5210 τοῦ
652 5148 844 5230 Κυρίου
876 5172 891 5186 ·
952 5153 1038 5207 καὶ
1098 5151 1238 5217 ξένον
1270 5167 1521 5226 σημεῖον,
1561 5154 1690 5218 Θεὸς
1722 5153 1820 5230 γὰρ
1864 5150 1962 5207 ἆν-

304 5242 517 5315 θρωπος
562 5241 747 5319 γέγονε
784 5257 798 5270 ⁸
835 5242 922 5297 καὶ
977 5243 1254 5319 παρθένος,
1290 5244 1472 5321 μήτηρ
1508 5258 1522 5273 ⁸
1554 5245 1616 5299 τὸ
1646 5241 1699 5300 δὲ
1731 5245 1963 5315 σημεῖον

302 5338 486 5403 τοῦτο,
518 5331 552 5397 ἡ
589 5330 854 5410 σαρκωσις
912 5328 1053 5407 λέγω
1119 5332 1211 5387 τοῦ
1268 5338 1516 5409 Χριστοῦ,
1579 5330 1905 5409 ἀντιλέγεται
1942 5344 1956 5360 ⁸

301 5419 348 5473 οἱ
402 5420 499 5495 μὲν
552 5421 675 5499 γὰρ,
741 5420 793 5487 ἐξ
853 5424 1072 5497 οὖρανοῦ
1126 5422 1185 5476 τὸ
1221 5420 1377 5496 σῶμά
1399 5444 1554 5501 φασιν
1588 5437 1601 5452 ⁶
1640 5426 1684 5479 οἱ
1715 5419 1793 5500 δὲ,
1828 5420 1964 5476 κατὰ

299 5508 613 5585 φαντασίανο
648 5512 696 5566 οἱ
724 5506 803 5591 δὲ,
834 5508 969 5566 ἄλλο
1013 5530 1062 5564 τι
1094 5508 1402 5589 φλυαροῦσι.
1442 5512 1539 5570 Καὶ
1570 5520 1662 5569 σοῦ
1691 5510 1744 5567 δὲ
1770 5509 1956 5580 αὐτῆς,

1111 4907 1250 4959 σημε
1260 4900 1340 4942 Ἴον
1385 4885 1437 4941 δὲ

374 5667 440 5725 σθ
468 5668 624 5734 Psal.
649 5684 893 5744 tum,
928 5669 988 5731 ’7.
1077 5666 1142 5721 ³ο
1171 5670 1335 5735 Psal.
1358 5685 1462 5750 ιι,
1494 5671 1589 5737 16.

2052 4717 2333 4779 passurus
2362 4709 2540 4775 est,et
2572 4720 2817 4764 casurus
2847 4714 2934 4765 est
2957 4705 3014 4765 in
3050 4717 3300 4767 mortem
3327 4726 3341 4765 :
3366 4714 3575 4766 etcum
3594 4723 3697 4764 ce-

2052 4787 2267 4850 ciderit
2300 4789 2771 4871 ipse,resurgent
2805 4794 3294 4856 mnlti.Punctum
3326 4804 3522 4857 autem
3548 4812 3700 4874 pone

2052 4897 2185 4938 rum
2220 4878 2467 4948 dixeris.
2496 4879 2555 4940 in
2587 4880 2821 4943 ruinam
2848 4900 2862 4945 :
2899 4883 3120 4946 deinde
3151 4885 3370 4965 incipe,
3402 4892 3460 4945 et
3496 4902 3697 4945 resur-

2053 4968 2379 5031 rectionem
2395 4970 2715 5032 multorum
2728 4973 2994 5050 .Signum
3009 4982 3204 5035 autem
3216 4974 3500 5048 ,crux.cui
3514 4991 3698 5053 usque

2048 5059 2107 5118 in
2128 5059 2239 5122 hoc
2262 5066 2495 5138 tempus
2527 5061 3103 5138 contradicitur,hoc
3126 5073 3234 5135 est,
3272 5083 3387 5125 non
3412 5063 3701 5142 recipitur

2047 5147 2119 5210 ab
2142 5148 2731 5212 incredulis.Dicitur
2754 5160 2810 5212 et
2833 5152 3162 5214 incarnatio
3177 5152 3415 5214 Domini
3436 5154 3695 5232 signum,

2047 5248 2103 5300 et
2129 5238 2401 5300 mirabile
2432 5239 2688 5317 signum.
2722 5240 2881 5303 Deus
2905 5242 3061 5303 enim
3095 5242 3272 5304 homo
3295 5243 3423 5325 fuit,
3446 5252 3507 5306 et
3538 5243 3697 5322 virgo

2048 5334 2256 5400 mater;
2290 5329 2429 5389 huic
2479 5336 2678 5390 autem
2738 5329 2931 5412 signo,
2983 5331 3394 5408 incarnationi,
3431 5332 3693 5414 inquam,

2043 5416 2261 5478 Christi
2288 5416 3001 5493 contradicitur.Quidam
3028 5423 3189 5483 enim
3222 5420 3429 5483 dicunt
3456 5440 3695 5484 carnem

2043 5524 2077 5568 e
2094 5505 2235 5567 290
2254 5504 2672 5593 ctelo,quidarn
2699 5526 2835 5573 vero
2856 5509 3482 5600 apparenter,quidam
3498 5520 3694 5584 autem
