4170 6282
289 374 434 455 733

1080 392 1522 459 ENARRATIO
1578 396 1661 459 IN
1707 387 2219 458 EVANGELIUM
2262 388 2501 451 LUC/E.
2550 418 2627 431 —
2670 389 2833 451 CAP.
2882 389 2964 451 II.

3577 380 3693 449 734

400 550 427 581 ι
460 525 564 589 Καὶ
624 528 936 607 ἐπορεύοντο
993 531 1039 586 οἳ
1090 542 1267 607 γονεῖς
1342 533 1500 590 αὐτοῦ
1555 528 1674 587 κατ⁹
1720 528 1838 593 ἶτος
1891 530 1941 584 εἰη

2046 515 2312 607 __Vt«:ns.
2346 516 2552 581 41-50.
2594 539 2621 577 ε
2644 517 2716 579 Ει
2738 518 2899 581 ibant
2931 527 3204 601 parentes
3226 519 3357 599 ejus
3379 514 3696 607 quotannis

298 607 667 696 Ἰερουσαλὴμ
736 625 804 695 τῇ
865 619 1022 696 ἑορτῇ
1078 618 1171 675 τοῦ
1245 620 1457 700 Πάσχα·
1517 622 1606 677 καὶ
1633 618 1724 700 ὅτε
1755 619 1963 696 ἐγένετο

302 706 448 763 ἑτῶν
519 704 741 783 δώδεκα,
803 706 1105 764 ἀναϐάντων
1191 710 1361 765 αὐτῶν
1438 711 1509 773 εἰς

304 796 455 852 κατά
509 797 573 853 τὸ
628 796 743 861 ἔθος
799 801 899 863 τῆς
970 797 1179 875 ἑορτῆς,
1260 798 1347 854 καὶ
1418 798 1811 854 τελειωσάντων
1869 799 1962 860 τὰς

312 883 547 964 ἡμέρας,
632 885 686 941 ἒν
761 886 838 961 τῷ
958 885 1304 967 ὑποστρέφειν
1388 887 1596 959 αὐτοὺς,

316 971 523 1041 ’ἰησοῦς
582 977 609 1032 ὁ
668 989 797 1041 παῖς
852 975 905 1032 ἐν
961 966 1333 1055 Ἰερουσαλὴμ,
1390 978 1477 1033 γαὶ
1528 978 1623 1033 οὐκ
1674 976 1811 1054 ἔγνω
1843 975 1963 1033 Ἰωο

316 1063 430 1144 et?
486 1066 573 1121 καὶ
631 1066 664 1133 ἡ
723 1066 904 1142 μήτηρ
935 1068 1112 1123 αὖτοῦ⁶
1149 1066 1457 1141 νομίσαντες
1487 1063 1541 1121 δὲ
1587 1066 1743 1125 αὐτὸν
1787 1064 1840 1120 ἐν
1895 1071 1961 1141 τῇ

315 1152 522 1228 συνοδίᾳ
580 1155 745 1235 εἶναι,
805 1153 966 1223 ἦλθον
1045 1155 1247 1232 ἡμέρας
1316 1153 1455 1211 ὁδόψ
1516 1157 1603 1211 καὶ
1680 1155 1959 1226 ἀνεζήτουν

309 1242 469 1299 αὖτὶν
538 1243 592 1300 ἰν
649 1256 767 1306 τοῖς
820 1243 1092 1321 συγγενέσι
1166 1245 1251 1300 καὶ
1304 1243 1358 1300 ἐν
1386 1257 1502 1308 τοῖς
1552 1257 1835 1323 γνωστοϊς⁶
1871 1248 1958 1303 καὶ

312 1332 393 1407 μὴ
451 1332 688 1412 εὑρόντες
761 1334 941 1406 αὒτὸν,
1012 1332 1345 1413 ὑπέστρεψαν
1375 1334 1446 1395 εἰς
1480 1325 1826 1412 Ἰερουσαλὴμ
1850 1340 1952 1404 ζη-

305 1427 519 1485 τοῦντες
588 1421 769 1495 αὐτὸν,
816 1422 904 1477 καὶ
948 1420 1180 1499 ἐγένετο,
1214 1421 1329 1497 μεθ’
1375 1421 1577 1498 ἡμέρας
1608 1436 1752 1502 τρεῖς
1804 1422 1952 1490 εὗρον

306 1512 467 1568 αὺτὸν
524 1508 579 1566 ἐν
634 1517 711 1583 τῷ
766 1511 911 1588 ἱερῷ,
974 1514 1319 1585 καθεζόμενον
1378 1510 1433 1566 ἒν
1491 1511 1638 1585 μέσῳ
1664 1519 1771 1568 τῶν
1801 1510 1951 1567 διδα-

308 1597 547 1673 σκάλων,
619 1600 708 1656 καὶ
776 1598 1034 1655 ἀκούοντα
1118 1599 1313 1680 ανῦτοῦν,
1346 1602 1432 1657 καὶ
1489 1600 1832 1679 ἐπερωτῶντα
1863 1605 1957 1661 αὖ·

304 1688 451 1751 τούς.
511 1686 810 1754 Ἐξίσταντο
867 1686 921 1743 δὲ
974 1688 1168 1752 πάντες
1201 1692 1248 1747 οἱ
1296 1690 1574 1755 ἀκούοντες
1632 1695 1812 1763 αὐτοῦ,
1870 1690 1954 1747 ἐπὶ

306 1783 378 1852 τῇ
435 1778 637 1835 συνέσει
691 1779 781 1835 καὶ
836 1791 957 1841 ταῒς
1032 1778 1371 1858 ἀποκρίσεσιν
1432 1779 1607 1836 αοότοῦ·
1642 1781 1728 1837 καὶ
1757 1779 1953 1844 ἰδόντες

308 1865 490 1946 αὐτὸν,

304 1957 456 2011 εἴπεο
530 1954 744 2025 Τέκνον,
801 1957 850 2011 τί
906 1955 1162 2023 ἐποίησας
1204 1959 1341 2032 ἡμῖν
1372 1958 1535 2021 οὕτως
1571 1978 1586 2034 ;
1625 1957 1756 2015 Ἰδοὺ
1788 1962 1815 2016 ὁ
1845 1982 1950 2016 πα-

303 2043 405 2123 τὴρ
464 2066 556 2101 σου
600 2044 774 2124 κάγὼ,
835 2043 1152 2120 ὀδυνώμενοι
1224 2047 1511 2122 ἒζητοῦμέν
1542 2069 1621 2105 σε.
1660 2049 1755 2106 Καὶ
1827 2053 1949 2105 εἷπε

300 2134 433 2211 πρὸς
492 2133 697 2197 αὐτούς’
769 2134 829 2192 Τί
884 2133 965 2189 ὅτι
996 2134 1238 2206 ἐζητεῖτέ
1269 2157 1335 2211 με
1372 2155 1388 2211 ;
1423 2136 1528 2194 Οὔκ
1556 2134 1739 2216 ᾔδειτε
1783 2137 1863 2194 ὅτι
1894 2138 1946 2193 ἐν

299 2235 419 2287 τοῖς
465 2232 557 2282 τοῦ
628 2222 829 2300 Πατρός
904 2246 1006 2297 μου
1062 2221 1146 2279 δεῖ
1202 2226 1340 2281 εἶναί
1368 2244 1486 2305 pe;
1543 2226 1640 2283 Καὶ
1697 2228 1842 2285 αὒτοὶ
1887 2228 1943 2285 οὗ

300 2315 536 2378 συνῆκαν
588 2312 647 2367 τὸ
696 2311 841 2388 ῥῆμα
885 2310 913 2367 ὅ
956 2309 1215 2379 ἐλάλησεν
1240 2312 1446 2376 αὖτοϊς,
1488 2338 1510 2367 υ
1571 2314 1940 2373 Συναναϐαίνει

301 2413 422 2463 τοῖς
476 2406 714 2478 γονεῦσιν
772 2402 844 2464 εἰς
906 2391 1276 2478 Ἰερουσαλὴμ,
1336 2402 1427 2458 ἴνα
1451 2401 1535 2458 διὰ
1561 2403 1774 2459 πάντων
1802 2403 1940 2481 δείξῃ

300 2488 386 2546 ὅτι
469 2489 565 2547 οὒκ
624 2488 765 2547 ἔστιν
822 2490 1075 2563 ἀντίθεος,
1110 2490 1216 2546 οὐδ’
1247 2491 1612 2548 ἀντιτάσσεται
1642 2506 1758 2558 τοῖς
1782 2516 1933 2551 νενο-

308 2578 717 2653 μοθετημέθοις⁶
801 2577 1195 2635 τελειωσάντων
1270 2578 1324 2635 δὲ
1381 2580 1476 2643 τάς
1556 2581 1776 2661 ἡμέρας,
1858 2585 1951 2647 τὰς

307 2668 443 2725 ἔπτά
492 2665 697 2735 δηλαδὴ
754 2677 843 2726 τοῦ
900 2668 1115 2748 Πάσχα,
1179 2669 1459 2745 ἀπέμεινεν
1491 2669 1543 2725 ἒν
1579 2661 1946 2750 Ἰερουσαλήμ·

303 2758 589 2827 Συνεζήτει
654 2754 709 2811 δὲ
762 2757 895 2829 μετὰ
951 2763 1056 2813 τῶν
1089 2757 1476 2835 Γραμματέων,
1520 2759 1626 2815 ἀπὸ
1668 2760 1759 2816 τοῧ
1790 2761 1951 2836 νόμου

296 2845 509 2913 ἐρωτῶν
567 2845 773 2908 αὒτούς·
836 2846 922 2901 καὶ
980 2845 1247 2911 ἐξίσταντο
1327 2848 1541 2911 πάντες,
1619 2840 1771 2927 Ὀρᾷς
1833 2857 1946 2912 πῶς

297 2934 625 3013 προέκοπτεν
699 2934 783 3011 ἐπὶ
841 2936 1019 3014 σοφίᾳ,
1078 2932 1162 2991 διά
1192 2943 1282 2991 τοῦ
1313 2937 1659 3014 γινώσκεσθαι
1720 2938 1945 3003 πολλοῖς

298 3024 385 3078 καὶ
442 3023 838 3097 θαυμάζεσθαις
910 3025 945 3091 ἡ
1023 3025 1118 3102 γὰρ
1188 3022 1435 3105 ἕγφανσις
1475 3026 1571 3093 τῆς
1632 3028 1815 3106 σοφίας
1846 3029 1944 3083 αὗ-

298 3118 416 3190 τοῦ,
501 3112 635 3179 αὕτη
708 3111 845 3168 ἐστὶν
903 3114 935 3180 ἡ
996 3114 1242 3187 προκοπή
1295 3115 1470 3173 αὖτοῦ.
1507 3114 1714 3194 Πατέρα
1744 3113 1798 3171 δὲ
1854 3117 1945 3171 τὸν

304 3197 501 3279 Ἰωσὴφ
570 3201 816 3277 ὀνομάζει
872 3203 906 3269 ἡ
968 3203 1249 3277 Θεοτὸκος,
1326 3202 1493 3259 εἰδυῖα
1537 3204 1637 3278 μὲν
1706 3206 1777 3268 ὡς
1851 3209 1943 3263 οὒκ

1627 699 1964 789 Ἰεροσόλυμα

1684 886 1965 961 ὰπέμεινεν

556 1865 941 1945 ἐξεπλάγησαν·
978 1869 1065 1924 καὶ
1118 1846 1248 1946 πρὸς
1311 1869 1463 1929 αὐτόν
1505 1869 1542 1936 ἦ
1587 1870 1767 1949 μήτηρ
1799 1870 1953 1928 αὐτοῦ
1978 1846 2015 1897 Β

2046 603 2509 687 Hierosolymam
2539 607 2598 668 in
2630 607 2729 670 die
2759 609 2911 671 festo
2942 610 3204 672 Paschae.
3239 609 3315 671 Et
3344 626 3478 669 cum
3508 606 3694 667 factus

2046 704 2201 756 esset
2231 705 2521 758 annorum
2555 696 2891 779 duodecim,
2926 697 3389 763 ascendentibus
3409 696 3528 757 illis
3546 693 3692 755 Hie-

2050 787 2403 868 rosolymam
2452 788 2781 851 secundum
2830 792 3322 854 consuetudinem
3371 789 3484 850 diei
3532 786 3689 867 festi,

2050 877 2592 958 consummatisque
2622 877 2832 940 diebus
2853 898 2987 940 cum
3021 879 3286 942 redirent
3316 878 3423 953 illi,
3459 893 3691 939 reman-

2046 963 2121 1025 sit
2154 983 2299 1044 puer
2326 964 2500 1027 Jesus
2542 966 2992 1049 Hierosolymis,
3033 978 3089 1029 et
3134 988 3251 1030 non
3296 972 3693 1046 cognoverunt

2048 1063 2323 1133 parentes
2356 1054 2804 1133 ejus.C:£terum
2828 1057 2933 1118 rati
2952 1057 3117 1118 illum
3151 1057 3361 1119 essein
3382 1055 3688 1127 comitatu,

2046 1149 2333 1204 venerunt
2363 1143 2576 1205 itinere
2622 1143 2765 1214 diei,
2812 1152 2871 1205 et
2909 1146 3295 1227 requirebant
3346 1164 3478 1207 cum
3534 1143 3690 1204 inter

2032 1240 2325 1313 cognatos
2356 1240 2415 1296 et
2447 1232 2604 1294 inter
2636 1242 2831 1297 notos.
2867 1236 2940 1297 Et
2971 1254 3106 1297 cum
3160 1255 3275 1297 non
3325 1232 3690 1296 invenissent

2037 1337 2199 1401 eum,
2232 1321 2453 1382 reversi
2485 1332 2620 1383 sunt
2650 1323 3136 1406 Hierosolymam,
3161 1332 3493 1407 quaerentes
3517 1340 3678 1385 eum.

2035 1407 2105 1469 Et
2133 1409 2351 1471 accidit
2382 1420 2511 1491 post
2538 1412 2826 1489 triduum,
2862 1414 3213 1477 invenerunt
3244 1414 3408 1475 illum
3443 1413 3504 1473 in
3534 1419 3679 1471 tem-

2037 1498 2133 1580 plo
2167 1498 2473 1563 sedentem
2496 1501 2558 1562 in
2577 1501 2774 1563 medio
2796 1503 3127 1579 doctorum,
3159 1504 3498 1567 audientem
3521 1500 3675 1573 illos,

2037 1599 2096 1652 et
2156 1591 2610 1670 interrogantem
2669 1611 2794 1655 eos.
2848 1593 3174 1675 Stupebant
3222 1603 3415 1657 autem
3471 1610 3680 1654 omnes

2038 1680 2135 1760 qui
2156 1698 2287 1740 eum
2321 1680 2661 1757 audiebant,
2679 1701 2860 1761 super
2886 1684 3272 1761 intelligentia
3292 1692 3349 1745 et
3377 1679 3679 1762 responsis

2038 1768 2189 1849 eius,
2218 1770 2409 1831 etviso
2434 1788 2529 1850 eo,
2553 1771 2825 1831 admirati
2859 1780 2997 1833 sunt
3055 1774 3127 1835 Et
3155 1773 3301 1835 dixit
3332 1780 3518 1833 mater
3546 1770 3677 1849 ejus

2037 1855 2111 1917 ad
2147 1857 2310 1918 illum
2344 1878 2358 1918 :
2391 1857 2524 1933 Fili,
2561 1878 2665 1920 cur
2710 1860 2904 1920 fecisti
2941 1860 3114 1923 nobis
3144 1862 3284 1923 sic?
3329 1861 3481 1924 Ecce
3514 1866 3677 1940 pater

2037 1954 2169 2006 tuus
2199 1956 2255 2008 et
2285 1967 2392 2024 ego
2439 1948 2707 2008 dolentes
2764 1950 3174 2029 quaerebamus
3224 1959 3305 2015 te.
3353 1951 3422 2012 Et
3470 1949 3552 2009 ait
3601 1946 3673 2008 ad

2035 2033 2168 2095 illos
2201 2056 2215 2098 :
2258 2034 2408 2109 Quid
2452 2044 2540 2098 est
2570 2038 2725 2117 quod
2758 2039 3114 2117 qum-rebatis
3152 2060 3246 2101 me
3270 2040 3300 2100 ?
3329 2040 3418 2101 An
3450 2035 3677 2099 nescie-

2033 2122 2182 2185 batis
2211 2126 2370 2206 quod
2404 2125 2466 2186 in
2497 2126 2590 2187 his
2617 2144 2747 2207 qua;
2778 2126 2963 2189 Patris
2988 2129 3103 2191 mei
3134 2139 3289 2204 sunt,
3320 2135 3550 2210 oportet
3578 2144 3674 2187 me

2030 2231 2161 2275 esse
2184 2221 2211 2277 ?
2240 2215 2316 2277 At
2363 2214 2451 2275 illi
2484 2234 2601 2277 non
2651 2215 3073 2279 intellexerunt
3103 2238 3465 2291 sermonem,
3495 2234 3672 2297 quem

2025 2302 2262 2363 locutus
2293 2314 2380 2364 est
2412 2303 2573 2383 ipsis.
2618 2328 2645 2359 ι
2706 2302 2897 2367 Simul
2947 2308 3105 2369 venit
3151 2328 3281 2373 cum
3334 2305 3674 2389 parentibus

2024 2398 2088 2459 in
2132 2390 2492 2467 Jerusalem,
2543 2401 2605 2454 ut
2639 2410 2744 2471 per
2776 2395 2974 2457 omnia
3013 2398 3282 2461 ostendat
3309 2416 3374 2459 se
3405 2416 3523 2459 non
3561 2394 3673 2456 ad-

2026 2480 2352 2541 versarium
2397 2479 2542 2555 Deo,
2626 2500 2819 2563 neque
2862 2494 3290 2564 repugnantem
3335 2486 3429 2549 his
3477 2504 3608 2567 qua:
3642 2501 3677 2544 a

2034 2569 2166 2648 lege
2201 2569 2389 2649 posita
2418 2570 2681 2632 fuerunt.
2730 2573 2873 2635 Cum
2910 2575 3298 2654 perfecissent
3327 2582 3525 2637 autem
3547 2573 3676 2635 dies

2033 2673 2287 2742 septem,
2349 2662 2595 2725 Pascha;
2644 2663 2897 2738 scilicet,
2951 2667 3166 2727 mansit
3209 2667 3271 2729 in
3316 2667 3673 2731 Jerusalem.

2032 2749 2383 2830 Disputabat
2405 2760 2601 2812 autem
2632 2771 2764 2812 cum
2798 2753 3044 2829 Scribis,
3071 2775 3283 2836 rogans
3300 2776 3402 2817 eos
3424 2756 3498 2816 de
3518 2756 3669 2831 lege:

2033 2848 2091 2901 et
2121 2839 2561 2919 obstupuerunt
2590 2840 3006 2904 omnes.Vides
3034 2846 3329 2925 quomodo
3362 2843 3676 2925 profecerit

2031 2929 2089 2989 in
2123 2930 2436 3008 sapientia,
2473 2948 2543 2990 eo
2574 2931 2727 3010 quod
2775 2944 3122 2996 nosceretur
3172 2954 3205 2996 a
3255 2936 3475 3007 multis,
3510 2943 3569 2994 et
3612 2936 3671 2994 in

2028 3017 2418 3079 admiratione
2446 3020 2652 3079 esset?
2690 3020 2967 3081 Emicatlo
2999 3022 3157 3083 enim
3193 3024 3499 3103 sapientia:
3519 3040 3667 3098 ejus,

2030 3107 2324 3187 profectus
2356 3106 2485 3188 ipse
2534 3116 2643 3168 (ει.
2701 3110 2885 3170 Porro
2934 3110 3130 3190 ipsum
3176 3113 3394 3192 Joseph
3443 3120 3667 3190 patrem

2029 3196 2297 3258 nominat
2344 3196 2450 3259 Dei
2496 3195 2784 3271 Geuitrix,
2832 3200 3027 3260 sciens
3076 3202 3315 3282 quidem
3376 3220 3492 3262 non
3536 3218 3667 3262 esse

301 3288 412 3344 ἔστι
461 3290 659 3366 πατὴρο
718 3288 858 3357 πλὴν
915 3288 998 3345 διὰ
1055 3292 1177 3354 τοὺς
1235 3290 1538 3364 Ἰουδαίους,
1590 3292 1682 3348 ’ίνα
1715 3294 1791 3368 μὴ
1846 3316 1940 3350 νο-

2028 3296 2255 3365 patrem
2290 3304 2304 3348 ;
2339 3293 2749 3348 verumtamen
2783 3298 3026 3369 propter
3052 3290 3311 3364 Judreos,
3350 3299 3412 3351 ut
3462 3307 3539 3350 ne
3570 3290 3663 3349 vi-

302 3380 465 3453 μισθῇ
519 3376 578 3432 ἒκ
660 3379 899 3457 πορνείας
970 3379 1142 3451 εἶναι,
1216 3380 1417 3459 πατέρα
1448 3380 1606 3437 αὐτοῦ
1636 3379 1779 3459 λέγει
1848 3385 1938 3439 τὸν

305 3465 527 3546 Ἰωσὴφ·
602 3464 778 3530 ἄλλως
836 3489 893 3523 τε
949 3470 1036 3524 καὶ
1102 3471 1299 3547 πατρὸς
1343 3469 1660 3546 κηδεμονίαν
1705 3470 1938 3537 ἐνδειξά-

294 3578 478 3631 μενον,
540 3557 629 3613 καὶ
687 3558 969 3635 ὒπουργίαν
1062 3557 1114 3612 ἐν
1196 3565 1263 3635 τῇ
1345 3559 1633 3640 ἀνατροφῇ,
1719 3562 1935 3624 εἰκότως

289 3645 563 3720 ὠνόμασεν
650 3647 807 3702 αὖτὸν
868 3646 1089 3720 πατέρα·
1123 3649 1314 3704 ὡσανεὶ
1356 3656 1617 3724 τιμῶντος
1661 3652 1817 3707 αὖτὸν
1844 3658 1937 3709 τοῦ

288 3734 438 3811 ἁγίου
494 3734 799 3810 Πνεύμανος
857 3741 1085 3817 τῇρτού
1155 3740 1352 3815 πατρὸς
1409 3740 1759 3817 προσηγορίᾳ.
1840 3742 1936 3796 Διά

284 3823 334 3878 τί
363 3820 416 3877 δὲ
448 3822 663 3893 ἐζήτουν
695 3821 850 3881 αὐτόν
881 3844 899 3895 ;
940 3812 1064 3902 Ἀρα
1118 3824 1390 3899 ὑπόληψιν
1421 3825 1639 3906 ἔχοντες
1698 3827 1779 3883 ὅτι
1823 3828 1930 3885 ἀπ-

278 3910 483 3969 όλωλεν
516 3911 551 3979 ἢ
583 3911 921 3979 πεπλάνηται
952 3915 1025 3975 ὡς
1058 3915 1193 3978 παῖς
1224 3936 1239 3987 ;
1272 3906 1523 3995 ”Απαγε.
1559 3916 1689 3975 Οὔτε
1717 3917 1816 3997 γὰρ
1838 3926 1933 3984 τῆς

275 4001 552 4081 πανσόφου
606 4001 808 4075 Μαρίας
852 4012 1006 4061 τοῦτο
1060 4003 1150 4078 ἦν,
1227 4005 1412 4084 μυρίας
1468 4003 1758 4081 δεξαμένης
1818 4009 1936 4086 περὶ

282 4092 442 4149 αὐτοῦ
511 4088 903 4167 ἀποκαλύψεις,
965 4090 1081 4148 οἷ’ντε
1139 4100 1233 4151 τοῦ
1291 4093 1516 4176 Ἰωσὴφ,
1548 4102 1639 4152 τοῦ
1661 4096 1749 4151 καὶ
1782 4099 1936 4153 αὐτοῦ

280 4177 738 4259 ἀποκαλυφθέντος
799 4179 879 4239 ὅτι
910 4183 973 4238 ὲκ
1003 4183 1313 4258 Πνεύματος
1345 4184 1494 4262 ἀγίον
1547 4183 1708 4242 ἐστίν.
1782 4183 1933 4241 Ἀλλ’

283 4269 502 4340 ἐζήτουν
574 4270 753 4343 αὐτὸν,
824 4273 1018 4346 μήπως
1093 4272 1299 4340 ἀπέστη
1341 4272 1434 4329 ἀπ’
1495 4273 1692 4344 αὒτῶν,
1738 4276 1933 4350 μήπως

284 4356 673 4415 καταλέλοιπεν
739 4360 947 4425 αὐτούς,
997 4359 1145 4417 Ἐπεὶ
1200 4360 1255 4418 δὲ
1340 4364 1488 4442 εὗρον
1561 4364 1739 4433 αὐτὸν,
1840 4365 1934 4439 ὃρα

284 4452 403 4509 πῶς
456 4447 638 4512 αὐτοῖς
694 4448 1055 4509 ἀποκρίνεται·
1128 4454 1226 4519 τῆς
1316 4454 1413 4532 γὰρ
1489 4452 1771 4530 Παρθένου,
1844 4454 1935 4508 τὸν

283 4535 484 4614 Ἰωσήφ
542 4537 741 4617 πατέρα
798 4540 1047 4605 εἰπούσης
1108 4543 1285 4615 αὖτοῦ,
1348 4541 1551 4605 ἐκεῖνός
1600 4559 1782 4621 φησιν*
1832 4542 1939 4597 Οὔκ

2024 3373 2233 3461 deatur
2245 3392 2318 3436 ex
2338 3375 2735 3437 fornicatione
2764 3386 3106 3456 prognatus,
3139 3388 3368 3461 patrem
3384 3382 3514 3460 ejus
3529 3378 3669 3440 dicit

2020 3460 2269 3543 Joseph.
2306 3462 2411 3525 Vel
2456 3463 2667 3524 aliter:
2706 3463 2994 3536 Quoniam
3044 3460 3200 3530 velut
3245 3480 3410 3551 pater
3465 3486 3664 3530 curam

2023 3553 2189 3632 pueri
2218 3551 2484 3631 gerebat,
2519 3560 2577 3613 et
2608 3551 2781 3613 simul
2832 3559 3243 3619 conversando
3278 3556 3665 3635 ministrabat,

2020 3639 2748 3728 meritonominavitillum
2767 3651 3015 3722 patrem,
3047 3655 3322 3728 tanquam
3339 3647 3667 3708 honoranto

2018 3727 2188 3788 illum
2224 3725 2445 3807 Spiritu
2476 3738 2681 3789 sancto
2708 3732 2888 3809 patris
2911 3725 3223 3797 vocabulo.
3253 3736 3445 3810 Quare
3466 3745 3662 3798 autem

2018 3816 2360 3908 quzerebant
2405 3817 2619 3908 illum?
2665 3818 2816 3880 Num
2862 3825 3319 3905 suspicabantur
3367 3828 3660 3908 perditum

2017 3906 2184 3998 illum
2214 3914 2322 3998 aut
2350 3908 2506 3998 quod
2532 3906 2867 3998 aberrasset
2897 3922 2956 3973 ut
2988 3934 3137 3995 puer
3158 3923 3185 3979 ?
3214 3906 3381 3978 Absit
3407 3919 3421 3980 !
3458 3916 3664 3998 Neque

2021 3995 2335 4089 enimbat;
2353 3996 2808 4077 sapientissimae
2837 4002 3036 4065 Maria;
3067 4005 3267 4083 fuerit,
3302 4025 3434 4089 qua:
3464 3995 3653 4088 pluri-

2018 4102 2149 4178 mas
2175 4082 2251 4178 de
2274 4083 2712 4178 illoacceperat
2743 4091 3155 4178 revelationes,
3186 4082 3379 4177 neqde
3412 4082 3658 4178 Ioseph,

2016 4171 2108 4251 cui
2140 4181 2197 4233 et
2227 4171 2338 4253 ipsi
2369 4171 2446 4235 de
2457 4173 2577 4266 _illo
2608 4176 2932 4240 revelatum
2967 4192 3096 4244 erat
3139 4171 3299 4265 quod
3350 4203 3384 4246 a
3434 4171 3656 4266 Spiritu

2016 4267 2221 4356 sancto
2248 4269 2427 4356 esset.
2457 4260 2677 4325 Verum
2696 4260 3245 4349 quarebantilluin,
3272 4292 3345 4335 ne
3362 4260 3659 4356 quo'pacto

2016 4349 2090 4412 ab
2121 4349 2208 4411 eis
2239 4348 2505 4444 abiisset,
2544 4370 2734 4433 neque
2778 4356 2925 4419 forte
2958 4360 3299 4444 reliquisset
3346 4348 3507 4424 illos:
3545 4362 3657 4427 Ubi

2020 4444 2219 4532 autem
2255 4440 2608 4532 iuvent-runt
2637 4460 2795 4520 eum,
2838 4447 2970 4510 vide
3012 4440 3310 4531 quomodo
3341 4451 3484 4532 ipsis
3524 4471 3655 4514 res-

2023 4527 2270 4622 pondet.
2316 4527 2675 4622 Dumhenim
2735 4535 2911 4616 Virgo
2969 4527 3187 4621 Joiseph
3247 4527 3472 4622 patrem
3531 4542 3660 4622 ejus

285 4625 441 4689 αὐτός
516 4625 656 4681 ἐστιν
722 4629 748 4683 ὁ
810 4627 1012 4697 ἀληθής
1077 4653 1179 4705 μου
1211 4631 1414 4709 Πατὴρ,
1473 4631 1508 4697 ἦ
1553 4617 1653 4707 γάρ
1686 4627 1747 4684 ἄν
1777 4628 1831 4685 ἐν
1862 4636 1936 4704 τῴ

2028 4617 2630 4709 dixisset,illedixit:
2663 4623 2794 4686 Non
2824 4627 2917 4688 hic
2950 4617 3126 4690 verus
3152 4617 3316 4709 pater
3348 4649 3513 4693 meus
3542 4617 3653 4705 est,

281 4713 420 4788 οἴκῳ
466 4714 623 4772 αὐτοῦ
652 4714 825 4791 ἤμην’
871 4716 991 4772 ἀλλ’
1036 4721 1062 4774 ὁ
1097 4720 1222 4785 Θεός
1275 4719 1385 4777 ἐστί
1429 4742 1529 4796 μου
1574 4721 1777 4797 Πατήρ.
1829 4716 1933 4779 Καὶ

278 4801 365 4859 διὰ
419 4812 575 4860 τοῦτο
655 4804 710 4860 ἐν
782 4814 856 4881 τῷ
913 4806 1050 4883 οἴκῳ
1084 4810 1238 4866 αὒτοῦ
1268 4811 1396 4884 εἰμι,
1454 4808 1721 4866 τουτέστιν
1750 4808 1804 4865 ὲν
1856 4816 1933 4883 τῷ

280 4897 392 4965 ναῷ
463 4892 643 4956 αὑτοῦ.
708 4891 858 4952 Ἀλλ’
910 4897 1055 4954 αὖτοί
1092 4900 1150 4954 οὗ
1203 4904 1434 4966 συνῆκαν
1466 4897 1494 4954 ὅ
1522 4896 1779 4964 ἐλάλησεν
1832 4898 1928 4954 αὖ·

278 4992 422 5043 τοτς’
473 4983 762 5060 μυστήριον
793 4985 891 5062 γὰρ
921 4984 1007 5050 ἧν,

364 5087 394 5128 (
460 5070 556 5127 Καὶ
613 5070 815 5138 κατέϐη
874 5073 993 5148 μετ’
1040 5072 1234 5147 αότῶν,
1265 5077 1352 5131 καὶ
1390 5073 1546 5143 ἦλθεν
1600 5076 1671 5139 εἰς
1760 5081 1928 5145 Ναζα-

280 5157 389 5236 ρέτ.
467 5159 564 5216 Καὶ
627 5161 691 5228 ἧν
767 5162 1194 5237 ὑποτασσόμενος
1253 5164 1460 5227 αὖτο“ς’
1520 5166 1607 5220 καὶ
1654 5165 1687 5230 ἡ
1745 5164 1929 5243 μήτηρ

279 5246 439 5302 αὗτοῦ
492 5244 720 5329 διετήρει
808 5252 979 5307 πάντα
1036 5250 1099 5307 τά
1154 5252 1369 5330 ῥήματα
1398 5261 1559 5310 ταῦτα
1593 5252 1647 5309 ἐν
1676 5259 1743 5329 τῇ
1790 5273 1925 5331 καρ-

277 5332 358 5407 δίᾳ
424 5336 611 5404 αὐτῆς.
686 5340 783 5395 Καὶ
813 5338 1020 5409 Ἰησοῦς
1062 5340 1360 5419 προέκοπτε
1393 5344 1546 5423 σοφίᾳ
1576 5343 1673 5423 ,καὶ
1719 5340 1920 5414 ἡλικίᾳ,

274 5424 365 5479 καὶ
421 5424 603 5503 χάριτι
659 5428 801 5507 παρὰ
855 5435 972 5503 Θεῷ
1013 5430 1099 5485 καὶ
1130 5429 1448 5508 ἀνθρώποις,
1488 5454 1511 5488 ι
1570 5422 1926 5487 ἰ’πετάσσετο

270 5525 388 5578 τοῖς
458 5520 693 5591 γονεῦσι,
753 5517 918 5575 τύπον
946 5515 1118 5583 διδούς
1148 5521 1235 5575 καὶ
1268 5520 1429 5596 ημῖν,
1460 5522 1533 5584 ὡς
1565 5520 1627 5577 ἄν
1655 5532 1772 5583 τοῖς
1809 5542 1922 5575 πι-

272 5602 459 5679 τράσιν
509 5604 942 5682 ὑποταττώμεθα’
1006 5608 1277 5687 συνετήρει
1334 5607 1389 5666 δὲ
1449 5609 1613 5667 ταῧτα
1673 5609 1844 5666 πάντα
1886 5610 1921 5679 ἡ

273 5690 558 5769 Παρθένος.
621 5702 754 5751 Θετα
824 5695 923 5775 γάρ
975 5696 1039 5764 ἧν
1112 5695 1178 5752 τά
1234 5719 1291 5755 τε
1358 5699 1697 5778 πραττόμενα
1728 5698 1815 5754 καὶ
1856 5699 1921 5756 τὰ

2017 4709 2238 4789 alioqui
2290 4708 2350 4768 in
2398 4708 2574 4771 domo
2620 4712 2749 4792 ejus
2793 4708 3193 4779 mansissem:
3247 4719 3350 4781 sed
3381 4718 3539 4781 Deus
3570 4729 3659 4780 est

2017 4798 2190 4860 Pater
2207 4807 2461 4871 meus,et
2486 4810 2796 4881 propterea
2809 4804 2868 4865 in
2886 4806 3063 4867 domo
3083 4806 3241 4869 illius
3254 4808 3527 4882 sum,boc
3542 4817 3652 4883 est,

2015 4888 2074 4947 in
2105 4885 2322 4977 templo
2355 4886 2766 4952 illius.Verum
2788 4892 2903 4974 ipsi
2926 4914 3042 4956 non
3075 4896 3495 4960 intellexerunt
3514 4899 3651 4977 quid

2011 4977 2244 5039 locutus
2266 4975 2406 5037 992
2431 4988 2587 5040 esset
2618 4980 2704 5043 eis
2732 5000 2745 5041 :
2782 4995 3219 5047 sacramentum
3244 4987 3400 5047 enim
3425 4975 3572 5049 erat.

2090 5065 2273 5129 Vens.
2309 5067 2410 5147 51,
2440 5069 2538 5130 52.
2574 5090 2595 5124 α
2634 5070 2706 5131 Et
2735 5071 3046 5135 descendit
3074 5094 3209 5138 cum
3245 5076 3351 5150 eis,
3381 5076 3658 5157 venitque

2008 5155 2344 5219 Nazaretb:
2398 5167 2641 5237 eratque
2687 5158 2959 5224 subditus
3003 5164 3141 5229 illis.
3190 5163 3261 5225 Et
3312 5174 3500 5227 mater
3528 5155 3657 5245 ejus

2011 5244 2399 5308 conservabat
2428 5247 2627 5308 omnia
2659 5248 2840 5309 verba
2872 5252 2997 5313 haec
3048 5254 3107 5315 in
3157 5253 3339 5316 corde
3399 5272 3531 5318 suo.
3566 5244 3656 5316 Et

2009 5336 2182 5398 Jesus
2214 5332 2559 5414 proficiebat
2587 5335 2881 5424 sopientia
2913 5350 2969 5402 et
2999 5349 3194 5423 mtate,
3225 5342 3481 5423 etgratia
3497 5343 3652 5424 apud

2008 5424 2195 5487 Deum
2227 5430 2405 5514 atque
2437 5423 2709 5514 homines
2774 5452 2795 5482 ο
2836 5428 3116 5493 Subditus
3146 5432 3255 5495 fuit
3281 5423 3650 5514 parentibus,

2009 5515 2146 5576 dato
2178 5510 2355 5575 etiam
2392 5510 2565 5573 nobis
2596 5516 2868 5601 exemplo
2906 5529 2965 5581 ut
2996 5519 3258 5601 patribus
3282 5510 3475 5583 _simus
3502 5510 3650 5584 ohe-

2006 5604 2260 5666 dientes.
2315 5600 2714 5691 Conservabat
2763 5613 2962 5670 autem
3000 5600 3145 5671 hac
3199 5610 3396 5672 omnia
3446 5609 3648 5691 Virgo.

2007 5692 2213 5758 Divina
2241 5689 2400 5753 enim
2434 5699 2601 5752 erant
2631 5709 2760 5774 qua:
2790 5694 3142 5762 dicebantur
3171 5705 3230 5762 et
3258 5689 3589 5779 agebantur
3616 5719 3651 5762 a
3710 5738 3713 5739 ν
