  <div class='ocr_page' id='page_1' title='image "/cluster/home/n/w/nwhite01/storage/ocr_20150623/123/mdp.39015009359079/377.png"; bbox 0 0 4154 6298; ppageno 0'>
   <div class='ocr_carea' id='block_1_1' title="bbox 540 326 3937 411">
    <p class='ocr_par' dir='ltr' id='par_1_1' title="bbox 540 326 3937 411">
     <span class='ocr_line' id='line_1_1' title="bbox 540 326 3937 411; baseline -0.001 -1"><span class='ocrx_word' id='word_1_1' title='bbox 540 344 658 411; x_wconf 87' lang='lat'><strong>739</strong></span> <span class='ocrx_word' id='word_1_2' title='bbox 1521 331 2115 410; x_wconf 81' lang='lat' dir='ltr'><strong>THEOPHYLACTI</strong></span> <span class='ocrx_word' id='word_1_3' title='bbox 2158 326 2564 400; x_wconf 70' lang='lat' dir='ltr'><strong>BULGARl/E</strong></span> <span class='ocrx_word' id='word_1_4' title='bbox 2608 338 2965 402; x_wconf 83' lang='lat' dir='ltr'><strong>ARCHIEP.</strong></span> <span class='ocrx_word' id='word_1_5' title='bbox 3808 341 3937 409; x_wconf 80' lang='grc'><strong>740</strong></span> 
     </span>
    </p>
   </div>
   <div class='ocr_carea' id='block_1_2' title="bbox 542 469 2142 562">
    <p class='ocr_par' dir='ltr' id='par_1_2' title="bbox 542 469 2142 562">
     <span class='ocr_line' id='line_1_2' title="bbox 542 469 2142 562; baseline -0.01 -17"><span class='ocrx_word' id='word_1_6' title='bbox 542 502 708 545; x_wconf 82' lang='lat' dir='ltr'><strong>cans.</strong></span> <span class='ocrx_word' id='word_1_7' title='bbox 766 482 896 548; x_wconf 90' lang='lat' dir='ltr'><strong>Nisi</strong></span> <span class='ocrx_word' id='word_1_8' title='bbox 955 483 1130 561; x_wconf 80' lang='lat' dir='ltr'><strong>igitur</strong></span> <span class='ocrx_word' id='word_1_9' title='bbox 1186 479 1587 562; x_wconf 76' lang='lat' dir='ltr'><strong>pmnitentiam</strong></span> <span class='ocrx_word' id='word_1_10' title='bbox 1645 473 1912 555; x_wconf 84' lang='lat' dir='ltr'><strong>egeritis,</strong></span> <span class='ocrx_word' id='word_1_11' title='bbox 1971 469 2142 551; x_wconf 81' lang='lat' dir='ltr'><strong>inqui</strong></span> 
     </span>
    </p>
   </div>
   <div class='ocr_carea' id='block_1_3' title="bbox 2226 469 3932 562">
    <p class='ocr_par' dir='ltr' id='par_1_3' title="bbox 2226 471 3932 554">
     <span class='ocr_line' id='line_1_3' title="bbox 2226 471 3932 554; baseline 0.007 -29"><span class='ocrx_word' id='word_1_12' title='bbox 2226 489 2248 525; x_wconf 71' lang='grc' dir='ltr'><strong>ι</strong></span> <span class='ocrx_word' id='word_1_13' title='bbox 2268 491 2468 526; x_wconf 81' lang='grc' dir='ltr'><strong>πτουσα</strong></span> <span class='ocrx_word' id='word_1_14' title='bbox 2511 472 2631 534; x_wconf 84' lang='grc' dir='ltr'><strong>τοὺς</strong></span> <span class='ocrx_word' id='word_1_15' title='bbox 2653 471 2890 538; x_wconf 79' lang='grc' dir='ltr'><strong>ἇναξίοτς</strong></span> <span class='ocrx_word' id='word_1_16' title='bbox 2921 473 2981 530; x_wconf 80' lang='grc' dir='ltr'><strong>ἐκ</strong></span> <span class='ocrx_word' id='word_1_17' title='bbox 3008 478 3106 540; x_wconf 75' lang='grc' dir='ltr'><strong>τῆς</strong></span> <span class='ocrx_word' id='word_1_18' title='bbox 3130 480 3296 545; x_wconf 78' lang='grc' dir='ltr'><strong>ζωῆς.</strong></span> <span class='ocrx_word' id='word_1_19' title='bbox 3335 477 3391 534; x_wconf 83' lang='grc' dir='ltr'><strong>Εἰ</strong></span> <span class='ocrx_word' id='word_1_20' title='bbox 3421 479 3499 552; x_wconf 79' lang='grc' dir='ltr'><strong>μὴ</strong></span> <span class='ocrx_word' id='word_1_21' title='bbox 3519 477 3610 535; x_wconf 78' lang='grc' dir='ltr'><strong>οὗν</strong></span> <span class='ocrx_word' id='word_1_22' title='bbox 3644 481 3932 554; x_wconf 75' lang='grc' dir='ltr'><strong>μετανοή-</strong></span> 
     </span>
    </p>
   </div>
   <div class='ocr_carea' id='block_1_4' title="bbox 541 561 2142 642">
    <p class='ocr_par' dir='ltr' id='par_1_4' title="bbox 541 561 2142 642">
     <span class='ocr_line' id='line_1_4' title="bbox 541 561 2142 642; baseline -0.009 -6"><span class='ocrx_word' id='word_1_23' title='bbox 541 573 903 636; x_wconf 84' lang='lat' dir='ltr'><strong>excidemini</strong></span> <span class='ocrx_word' id='word_1_24' title='bbox 950 572 1023 634; x_wconf 91' lang='lat' dir='ltr'><strong>ab</strong></span> <span class='ocrx_word' id='word_1_25' title='bbox 1054 575 1163 633; x_wconf 90' lang='lat' dir='ltr'><strong>hac</strong></span> <span class='ocrx_word' id='word_1_26' title='bbox 1190 561 1328 634; x_wconf 87' lang='lat' dir='ltr'><strong>vita.</strong></span> <span class='ocrx_word' id='word_1_27' title='bbox 1360 568 1604 630; x_wconf 81' lang='lat' dir='ltr'><strong>Securis</strong></span> <span class='ocrx_word' id='word_1_28' title='bbox 1652 565 1810 626; x_wconf 92' lang='lat' dir='ltr'><strong>enim</strong></span> <span class='ocrx_word' id='word_1_29' title='bbox 1866 562 2056 642; x_wconf 81' lang='lat' dir='ltr'><strong>posita</strong></span> <span class='ocrx_word' id='word_1_30' title='bbox 2095 579 2142 622; x_wconf 72' lang='lat' dir='ltr'><strong>ei</strong></span> 
     </span>
    </p>
   </div>
   <div class='ocr_carea' id='block_1_5' title="bbox 2226 561 3929 642">
    <p class='ocr_par' dir='ltr' id='par_1_5' title="bbox 2264 561 3929 640">
     <span class='ocr_line' id='line_1_5' title="bbox 2264 561 3929 640; baseline 0.007 -28"><span class='ocrx_word' id='word_1_31' title='bbox 2264 581 2415 633; x_wconf 87' lang='grc' dir='ltr'><strong>σητε,</strong></span> <span class='ocrx_word' id='word_1_32' title='bbox 2499 561 2679 640; x_wconf 74' lang='grc' dir='ltr'><strong>φησὶν,</strong></span> <span class='ocrx_word' id='word_1_33' title='bbox 2755 562 3115 634; x_wconf 73' lang='grc' dir='ltr'><strong>ἐκκοπήσεσθε</strong></span> <span class='ocrx_word' id='word_1_34' title='bbox 3145 565 3252 622; x_wconf 74' lang='grc' dir='ltr'><strong>ἀπὸ</strong></span> <span class='ocrx_word' id='word_1_35' title='bbox 3282 570 3381 633; x_wconf 78' lang='grc' dir='ltr'><strong>τῆς</strong></span> <span class='ocrx_word' id='word_1_36' title='bbox 3411 572 3577 638; x_wconf 79' lang='grc' dir='ltr'><strong>ζωῆς.</strong></span> <span class='ocrx_word' id='word_1_37' title='bbox 3612 565 3929 626; x_wconf 77' lang='grc' dir='ltr'><strong>Ἐπίκειται</strong></span> 
     </span>
    </p>
   </div>
   <div class='ocr_carea' id='block_1_6' title="bbox 539 649 2142 735">
    <p class='ocr_par' dir='ltr' id='par_1_6' title="bbox 539 650 2139 724">
     <span class='ocr_line' id='line_1_6' title="bbox 539 650 2139 724; baseline -0.01 0"><span class='ocrx_word' id='word_1_38' title='bbox 539 662 610 724; x_wconf 90' lang='lat' dir='ltr'><strong>ad</strong></span> <span class='ocrx_word' id='word_1_39' title='bbox 643 662 905 724; x_wconf 91' lang='lat' dir='ltr'><strong>radicem</strong></span> <span class='ocrx_word' id='word_1_40' title='bbox 943 674 1270 723; x_wconf 81' lang='lat' dir='ltr'><strong>vestrarum</strong></span> <span class='ocrx_word' id='word_1_41' title='bbox 1303 659 1610 720; x_wconf 87' lang='lat' dir='ltr'><strong>arborum.</strong></span> <span class='ocrx_word' id='word_1_42' title='bbox 1646 651 1899 716; x_wconf 85' lang='lat' dir='ltr'><strong>Proinde</strong></span> <span class='ocrx_word' id='word_1_43' title='bbox 1931 660 1994 711; x_wconf 94' lang='lat' dir='ltr'><strong>ut</strong></span> <span class='ocrx_word' id='word_1_44' title='bbox 2022 650 2139 711; x_wconf 83' lang='lat' dir='ltr'><strong>dixi</strong></span> 
     </span>
    </p>
   </div>
   <div class='ocr_carea' id='block_1_7' title="bbox 2226 649 3924 735">
    <p class='ocr_par' dir='ltr' id='par_1_7' title="bbox 2263 649 3924 735">
     <span class='ocr_line' id='line_1_7' title="bbox 2263 649 3924 735; baseline 0.019 -49"><span class='ocrx_word' id='word_1_45' title='bbox 2263 649 2363 727; x_wconf 58' lang='grc' dir='ltr'><strong>γὰρ</strong></span> <span class='ocrx_word' id='word_1_46' title='bbox 2417 650 2452 717; x_wconf 65' lang='grc' dir='ltr'><strong>ἡ</strong></span> <span class='ocrx_word' id='word_1_47' title='bbox 2508 649 2656 718; x_wconf 72' lang='grc' dir='ltr'><strong>ἀξίνη</strong></span> <span class='ocrx_word' id='word_1_48' title='bbox 2714 654 2845 731; x_wconf 80' lang='grc' dir='ltr'><strong>πρὸς</strong></span> <span class='ocrx_word' id='word_1_49' title='bbox 2899 653 2999 720; x_wconf 76' lang='grc' dir='ltr'><strong>τὴν</strong></span> <span class='ocrx_word' id='word_1_50' title='bbox 3055 653 3196 730; x_wconf 80' lang='grc' dir='ltr'>ῥίζαν</span> <span class='ocrx_word' id='word_1_51' title='bbox 3251 655 3399 731; x_wconf 71' lang='grc' dir='ltr'><strong>ὑμῶν</strong></span> <span class='ocrx_word' id='word_1_52' title='bbox 3459 657 3562 714; x_wconf 82' lang='grc' dir='ltr'><strong>τῶν</strong></span> <span class='ocrx_word' id='word_1_53' title='bbox 3661 657 3924 735; x_wconf 79' lang='grc' dir='ltr'><strong>δένδρων.</strong></span> 
     </span>
    </p>
   </div>
   <div class='ocr_carea' id='block_1_8' title="bbox 541 739 2142 832">
    <p class='ocr_par' dir='ltr' id='par_1_8' title="bbox 541 739 2142 832">
     <span class='ocr_line' id='line_1_8' title="bbox 541 739 2142 832; baseline -0.008 -19"><span class='ocrx_word' id='word_1_54' title='bbox 541 771 696 826; x_wconf 91' lang='lat' dir='ltr'><strong>mus,</strong></span> <span class='ocrx_word' id='word_1_55' title='bbox 739 770 842 832; x_wconf 89' lang='lat' dir='ltr'><strong>per</strong></span> <span class='ocrx_word' id='word_1_56' title='bbox 896 751 1185 823; x_wconf 89' lang='lat' dir='ltr'><strong>radicem,</strong></span> <span class='ocrx_word' id='word_1_57' title='bbox 1234 749 1351 810; x_wconf 84' lang='lat' dir='ltr'><strong>vita</strong></span> <span class='ocrx_word' id='word_1_58' title='bbox 1399 745 1768 823; x_wconf 74' lang='lat' dir='ltr'><strong>intelligitur.</strong></span> <span class='ocrx_word' id='word_1_59' title='bbox 1827 739 2142 832; x_wconf 79' lang='lat' dir='ltr'><strong>lntelligitu</strong></span> 
     </span>
    </p>
   </div>
   <div class='ocr_carea' id='block_1_9' title="bbox 2226 739 3927 832">
    <p class='ocr_par' dir='ltr' id='par_1_9' title="bbox 2263 739 3927 832">
     <span class='ocr_line' id='line_1_9' title="bbox 2263 739 3927 832; baseline 0.006 -40"><span class='ocrx_word' id='word_1_60' title='bbox 2263 746 2478 832; x_wconf 45' lang='lat' dir='ltr'><strong>III-catur</strong></span> <span class='ocrx_word' id='word_1_61' title='bbox 2535 739 2634 813; x_wconf 77' lang='grc' dir='ltr'><strong>μὲν</strong></span> <span class='ocrx_word' id='word_1_62' title='bbox 2686 742 2774 798; x_wconf 81' lang='grc' dir='ltr'><strong>οὖν</strong></span> <span class='ocrx_word' id='word_1_63' title='bbox 2829 743 2964 821; x_wconf 84' lang='grc' dir='ltr'><strong>ῥίζα,</strong></span> <span class='ocrx_word' id='word_1_64' title='bbox 3011 744 3046 811; x_wconf 78' lang='grc' dir='ltr'>ἡ</span> <span class='ocrx_word' id='word_1_65' title='bbox 3094 743 3228 816; x_wconf 79' lang='grc' dir='ltr'><strong>ζωὴ,</strong></span> <span class='ocrx_word' id='word_1_66' title='bbox 3264 745 3338 808; x_wconf 83' lang='grc' dir='ltr'><strong>ὡς</strong></span> <span class='ocrx_word' id='word_1_67' title='bbox 3393 744 3642 822; x_wconf 81' lang='grc' dir='ltr'><strong>εἴπομεν,</strong></span> <span class='ocrx_word' id='word_1_68' title='bbox 3679 749 3927 814; x_wconf 78' lang='grc' dir='ltr'><strong>Νοηθείη</strong></span> 
     </span>
    </p>
   </div>
   <div class='ocr_carea' id='block_1_10' title="bbox 537 822 2142 918">
    <p class='ocr_par' dir='ltr' id='par_1_10' title="bbox 537 822 2140 918">
     <span class='ocr_line' id='line_1_10' title="bbox 537 822 2140 918; baseline -0.009 -16"><span class='ocrx_word' id='word_1_69' title='bbox 537 822 825 902; x_wconf 47' lang='lat' dir='ltr'><strong>autern-et</strong></span> <span class='ocrx_word' id='word_1_70' title='bbox 857 859 965 918; x_wconf 86' lang='lat' dir='ltr'><strong>per</strong></span> <span class='ocrx_word' id='word_1_71' title='bbox 1009 822 1298 910; x_wconf 86' lang='lat' dir='ltr'><strong>radicem,</strong></span> <span class='ocrx_word' id='word_1_72' title='bbox 1331 822 1921 909; x_wconf 18' lang='lat' dir='ltr'><strong>Abrahmicognatio.</strong></span> <span class='ocrx_word' id='word_1_73' title='bbox 1976 828 2140 909; x_wconf 88' lang='lat' dir='ltr'><strong>ltaqu</strong></span> 
     </span>
    </p>
   </div>
   <div class='ocr_carea' id='block_1_11' title="bbox 2226 822 3925 918">
    <p class='ocr_par' dir='ltr' id='par_1_11' title="bbox 2260 822 3925 918">
     <span class='ocr_line' id='line_1_11' title="bbox 2260 822 3925 918; baseline 0.011 -39"><span class='ocrx_word' id='word_1_74' title='bbox 2260 822 2307 879; x_wconf 87' lang='grc' dir='ltr'><strong>δ’</strong></span> <span class='ocrx_word' id='word_1_75' title='bbox 2363 825 2424 880; x_wconf 76' lang='grc' dir='ltr'><strong>ἂν</strong></span> <span class='ocrx_word' id='word_1_76' title='bbox 2492 829 2593 918; x_wconf 13' lang='grc' dir='ltr'><strong>,καὶ</strong></span> <span class='ocrx_word' id='word_1_77' title='bbox 2649 829 2792 906; x_wconf 68' lang='grc' dir='ltr'><strong>ῥίζα,</strong></span> <span class='ocrx_word' id='word_1_78' title='bbox 2932 833 3026 888; x_wconf 82' lang='grc' dir='ltr'>τοῦ</span> <span class='ocrx_word' id='word_1_79' title='bbox 3065 829 3313 910; x_wconf 78' lang='grc' dir='ltr'><strong>Ἀϐραὰμ</strong></span> <span class='ocrx_word' id='word_1_80' title='bbox 3369 834 3668 913; x_wconf 78' lang='grc' dir='ltr'><strong>συγγένεια·</strong></span> <span class='ocrx_word' id='word_1_81' title='bbox 3704 832 3798 913; x_wconf 54' lang='grc' dir='ltr'><strong>εἴφ’</strong></span> <span class='ocrx_word' id='word_1_82' title='bbox 3854 839 3925 903; x_wconf 75' lang='grc' dir='ltr'>ἧς</span> 
     </span>
    </p>
   </div>
   <div class='ocr_carea' id='block_1_12' title="bbox 536 916 2142 1014">
    <p class='ocr_par' dir='ltr' id='par_1_12' title="bbox 536 916 2142 1014">
     <span class='ocr_line' id='line_1_12' title="bbox 536 916 2142 1014; baseline -0.009 -21"><span class='ocrx_word' id='word_1_83' title='bbox 536 931 684 993; x_wconf 89' lang='lat' dir='ltr'><strong>rami</strong></span> <span class='ocrx_word' id='word_1_84' title='bbox 717 931 816 991; x_wconf 82' lang='lat' dir='ltr'><strong>illo</strong></span> <span class='ocrx_word' id='word_1_85' title='bbox 849 916 1075 1008; x_wconf 82' lang='lat' dir='ltr'><strong>indigni</strong></span> <span class='ocrx_word' id='word_1_86' title='bbox 1125 927 1480 991; x_wconf 83' lang='lat' dir='ltr'><strong>exciduntur</strong></span> <span class='ocrx_word' id='word_1_87' title='bbox 1517 924 1589 1014; x_wconf 82' lang='lat' dir='ltr'><strong>ab</strong></span> <span class='ocrx_word' id='word_1_88' title='bbox 1642 923 1770 1001; x_wconf 84' lang='lat' dir='ltr'><strong>ejus</strong></span> <span class='ocrx_word' id='word_1_89' title='bbox 1800 919 2142 1014; x_wconf 71' lang='lat' dir='ltr'><strong>cognatione</strong></span> 
     </span>
    </p>
   </div>
   <div class='ocr_carea' id='block_1_13' title="bbox 2226 916 3922 1014">
    <p class='ocr_par' dir='ltr' id='par_1_13' title="bbox 2261 916 3922 1014">
     <span class='ocr_line' id='line_1_13' title="bbox 2261 916 3922 1014; baseline 0.007 -45"><span class='ocrx_word' id='word_1_90' title='bbox 2261 916 2562 1014; x_wconf 63' lang='grc' dir='ltr'><strong>συγγενείας</strong></span> <span class='ocrx_word' id='word_1_91' title='bbox 2619 924 2712 973; x_wconf 80' lang='grc' dir='ltr'><strong>τοῦ</strong></span> <span class='ocrx_word' id='word_1_92' title='bbox 2769 916 3018 995; x_wconf 70' lang='grc' dir='ltr'><strong>Ἀϐραὰμ</strong></span> <span class='ocrx_word' id='word_1_93' title='bbox 3067 919 3414 978; x_wconf 77' lang='grc' dir='ltr'><strong>ἒκκόπτονται</strong></span> <span class='ocrx_word' id='word_1_94' title='bbox 3485 925 3532 978; x_wconf 86' lang='grc' dir='ltr'><strong>οἱ</strong></span> <span class='ocrx_word' id='word_1_95' title='bbox 3605 923 3682 999; x_wconf 78' lang='grc' dir='ltr'><strong>μὴ</strong></span> <span class='ocrx_word' id='word_1_96' title='bbox 3759 924 3922 988; x_wconf 77' lang='grc' dir='ltr'><strong>ὄντες</strong></span> 
     </span>
    </p>
   </div>
   <div class='ocr_carea' id='block_1_14' title="bbox 530 999 2142 1101">
    <p class='ocr_par' dir='ltr' id='par_1_14' title="bbox 530 999 2142 1101">
     <span class='ocr_line' id='line_1_14' title="bbox 530 999 2142 1101; baseline -0.009 -20"><span class='ocrx_word' id='word_1_97' title='bbox 530 1021 696 1101; x_wconf 84' lang='lat' dir='ltr'><strong>juxta</strong></span> <span class='ocrx_word' id='word_1_98' title='bbox 719 999 1086 1098; x_wconf 71' lang='lat' dir='ltr'><strong>Apostolum.</strong></span> <span class='ocrx_word' id='word_1_99' title='bbox 1114 1018 1402 1080; x_wconf 69' lang='lat' dir='ltr'><strong>Caeterum</strong></span> <span class='ocrx_word' id='word_1_100' title='bbox 1435 1013 1652 1093; x_wconf 84' lang='lat' dir='ltr'><strong>duplex</strong></span> <span class='ocrx_word' id='word_1_101' title='bbox 1674 999 1760 1072; x_wconf 84' lang='lat' dir='ltr'><strong>est</strong></span> <span class='ocrx_word' id='word_1_102' title='bbox 1792 1007 2142 1101; x_wconf 80' lang='lat' dir='ltr'><strong>supplicium</strong></span> 
     </span>
    </p>
   </div>
   <div class='ocr_carea' id='block_1_15' title="bbox 2226 999 3923 1101">
    <p class='ocr_par' dir='ltr' id='par_1_15' title="bbox 2259 999 3923 1084">
     <span class='ocr_line' id='line_1_15' title="bbox 2259 999 3923 1084; baseline 0.009 -30"><span class='ocrx_word' id='word_1_103' title='bbox 2259 999 2390 1065; x_wconf 77' lang='grc' dir='ltr'><strong>ἄξιοι</strong></span> <span class='ocrx_word' id='word_1_104' title='bbox 2430 1001 2615 1060; x_wconf 80' lang='grc' dir='ltr'><strong>κλάδοι</strong></span> <span class='ocrx_word' id='word_1_105' title='bbox 2645 1006 2787 1062; x_wconf 73' lang='grc' dir='ltr'><strong>εἶναι</strong></span> <span class='ocrx_word' id='word_1_106' title='bbox 2832 1009 3011 1084; x_wconf 79' lang='grc' dir='ltr'><strong>αὐτοῦ,</strong></span> <span class='ocrx_word' id='word_1_107' title='bbox 3059 1009 3312 1066; x_wconf 72' lang='grc' dir='ltr'><strong>ιατάτὸν</strong></span> <span class='ocrx_word' id='word_1_108' title='bbox 3345 1008 3692 1073; x_wconf 81' lang='grc' dir='ltr'><strong>Ἀπόστολον.</strong></span> <span class='ocrx_word' id='word_1_109' title='bbox 3733 1011 3923 1080; x_wconf 75' lang='grc' dir='ltr'><strong>Διττλῆ</strong></span> 
     </span>
    </p>
   </div>
   <div class='ocr_carea' id='block_1_16' title="bbox 533 1088 2142 1180">
    <p class='ocr_par' dir='ltr' id='par_1_16' title="bbox 533 1088 2103 1170">
     <span class='ocr_line' id='line_1_16' title="bbox 533 1088 2103 1170; baseline -0.009 0"><span class='ocrx_word' id='word_1_110' title='bbox 533 1088 818 1170; x_wconf 67' lang='lat' dir='ltr'><strong>i’eccator</strong></span> <span class='ocrx_word' id='word_1_111' title='bbox 849 1108 1007 1169; x_wconf 90' lang='lat' dir='ltr'><strong>enim</strong></span> <span class='ocrx_word' id='word_1_112' title='bbox 1043 1114 1101 1168; x_wconf 90' lang='lat' dir='ltr'><strong>et</strong></span> <span class='ocrx_word' id='word_1_113' title='bbox 1131 1105 1350 1168; x_wconf 89' lang='lat' dir='ltr'><strong>sterilis</strong></span> <span class='ocrx_word' id='word_1_114' title='bbox 1397 1088 1535 1164; x_wconf 43' lang='lat' dir='ltr'><strong>non&#39;</strong></span> <span class='ocrx_word' id='word_1_115' title='bbox 1564 1101 1754 1162; x_wconf 85' lang='lat' dir='ltr'><strong>solum</strong></span> <span class='ocrx_word' id='word_1_116' title='bbox 1809 1096 2103 1158; x_wconf 87' lang='lat' dir='ltr'><strong>exciditur</strong></span> 
     </span>
    </p>
   </div>
   <div class='ocr_carea' id='block_1_17' title="bbox 2226 1088 3919 1180">
    <p class='ocr_par' dir='ltr' id='par_1_17' title="bbox 2259 1088 3919 1180">
     <span class='ocr_line' id='line_1_17' title="bbox 2259 1088 3919 1180; baseline 0.011 -36"><span class='ocrx_word' id='word_1_117' title='bbox 2259 1088 2312 1145; x_wconf 76' lang='grc' dir='ltr'><strong>δὲ</strong></span> <span class='ocrx_word' id='word_1_118' title='bbox 2369 1092 2404 1159; x_wconf 78' lang='grc' dir='ltr'><strong>ἡ</strong></span> <span class='ocrx_word' id='word_1_119' title='bbox 2443 1096 2708 1180; x_wconf 73' lang='grc' dir='ltr'><strong>τιμωρία,</strong></span> <span class='ocrx_word' id='word_1_120' title='bbox 2781 1099 2842 1154; x_wconf 77' lang='grc' dir='ltr'><strong>οὗ</strong></span> <span class='ocrx_word' id='word_1_121' title='bbox 2895 1097 3057 1172; x_wconf 90' lang='grc' dir='ltr'><strong>μόνον</strong></span> <span class='ocrx_word' id='word_1_122' title='bbox 3112 1099 3213 1178; x_wconf 75' lang='grc' dir='ltr'><strong>γὰρ</strong></span> <span class='ocrx_word' id='word_1_123' title='bbox 3283 1097 3594 1158; x_wconf 65' lang='grc' dir='ltr'><strong>διακόπτεται</strong></span> <span class='ocrx_word' id='word_1_124' title='bbox 3626 1106 3725 1168; x_wconf 80' lang='grc' dir='ltr'><strong>τῆς</strong></span> <span class='ocrx_word' id='word_1_125' title='bbox 3772 1105 3919 1180; x_wconf 79' lang='grc' dir='ltr'><strong>πρὸς</strong></span> 
     </span>
    </p>
   </div>
   <div class='ocr_carea' id='block_1_18' title="bbox 536 1179 2142 1277">
    <p class='ocr_par' dir='ltr' id='par_1_18' title="bbox 536 1187 2142 1277">
     <span class='ocr_line' id='line_1_18' title="bbox 536 1187 2142 1277; baseline -0.009 -18"><span class='ocrx_word' id='word_1_126' title='bbox 536 1198 884 1277; x_wconf 83' lang='lat' dir='ltr'><strong>cognatione</strong></span> <span class='ocrx_word' id='word_1_127' title='bbox 909 1197 1230 1274; x_wconf 90' lang='lat' dir='ltr'><strong>justorum,</strong></span> <span class='ocrx_word' id='word_1_128' title='bbox 1264 1192 1370 1254; x_wconf 90' lang='lat' dir='ltr'><strong>sed</strong></span> <span class='ocrx_word' id='word_1_129' title='bbox 1409 1199 1468 1253; x_wconf 88' lang='lat' dir='ltr'><strong>et</strong></span> <span class='ocrx_word' id='word_1_130' title='bbox 1509 1191 1567 1252; x_wconf 92' lang='lat' dir='ltr'><strong>in</strong></span> <span class='ocrx_word' id='word_1_131' title='bbox 1611 1192 1808 1267; x_wconf 83' lang='lat' dir='ltr'><strong>ignem</strong></span> <span class='ocrx_word' id='word_1_132' title='bbox 1841 1187 2142 1266; x_wconf 80' lang='lat' dir='ltr'><strong>conjicitur</strong></span> 
     </span>
    </p>
   </div>
   <div class='ocr_carea' id='block_1_19' title="bbox 2226 1179 3914 1277">
    <p class='ocr_par' dir='ltr' id='par_1_19' title="bbox 2257 1179 3914 1269">
     <span class='ocr_line' id='line_1_19' title="bbox 2257 1179 3914 1269; baseline 0.008 -35"><span class='ocrx_word' id='word_1_133' title='bbox 2257 1180 2378 1243; x_wconf 78' lang='grc' dir='ltr'><strong>τοὺς</strong></span> <span class='ocrx_word' id='word_1_134' title='bbox 2436 1179 2664 1248; x_wconf 82' lang='grc' dir='ltr'><strong>δικαίους</strong></span> <span class='ocrx_word' id='word_1_135' title='bbox 2735 1187 3040 1264; x_wconf 79' lang='grc' dir='ltr'><strong>συγγενείας</strong></span> <span class='ocrx_word' id='word_1_136' title='bbox 3098 1190 3126 1243; x_wconf 82' lang='grc' dir='ltr'>ὁ</span> <span class='ocrx_word' id='word_1_137' title='bbox 3177 1188 3502 1267; x_wconf 76' lang='grc' dir='ltr'><strong>ἁμαρτωλὸς</strong></span> <span class='ocrx_word' id='word_1_138' title='bbox 3521 1191 3610 1247; x_wconf 81' lang='grc' dir='ltr'><strong>καὶ</strong></span> <span class='ocrx_word' id='word_1_139' title='bbox 3638 1179 3914 1269; x_wconf 74' lang='grc' dir='ltr'><strong>ἄκαρπος,</strong></span> 
     </span>
    </p>
   </div>
   <div class='ocr_carea' id='block_1_20' title="bbox 2261 1269 3058 1354">
    <p class='ocr_par' dir='ltr' id='par_1_20' title="bbox 2261 1269 3058 1354">
     <span class='ocr_line' id='line_1_20' title="bbox 2261 1269 3058 1354; baseline 0.013 -31"><span class='ocrx_word' id='word_1_140' title='bbox 2261 1269 2396 1324; x_wconf 77' lang='grc' dir='ltr'><strong>ἀλλὰ</strong></span> <span class='ocrx_word' id='word_1_141' title='bbox 2423 1273 2513 1327; x_wconf 88' lang='grc' dir='ltr'><strong>καὶ</strong></span> <span class='ocrx_word' id='word_1_142' title='bbox 2542 1275 2615 1336; x_wconf 80' lang='grc' dir='ltr'><strong>εἷς</strong></span> <span class='ocrx_word' id='word_1_143' title='bbox 2640 1282 2740 1354; x_wconf 78' lang='grc' dir='ltr'><strong>πῦρ</strong></span> <span class='ocrx_word' id='word_1_144' title='bbox 2783 1274 3058 1351; x_wconf 82' lang='grc' dir='ltr'><strong>βάλλεται.</strong></span> 
     </span>
    </p>
   </div>
   <div class='ocr_carea' id='block_1_21' title="bbox 616 1357 2142 1450">
    <p class='ocr_par' dir='ltr' id='par_1_21' title="bbox 616 1366 2142 1450">
     <span class='ocr_line' id='line_1_21' title="bbox 616 1366 2142 1450; baseline -0.007 -14"><span class='ocrx_word' id='word_1_145' title='bbox 616 1374 1052 1438; x_wconf 73' lang='lat' dir='ltr'><strong>VERS.10-18.c</strong></span> <span class='ocrx_word' id='word_1_146' title='bbox 1074 1373 1144 1434; x_wconf 87' lang='lat' dir='ltr'><strong>Et</strong></span> <span class='ocrx_word' id='word_1_147' title='bbox 1165 1372 1383 1433; x_wconf 75' lang='lat' dir='ltr'><strong>iuterrc</strong></span> <span class='ocrx_word' id='word_1_148' title='bbox 1398 1369 1610 1450; x_wconf 88' lang='lat' dir='ltr'><strong>gabant</strong></span> <span class='ocrx_word' id='word_1_149' title='bbox 1627 1387 1761 1429; x_wconf 91' lang='lat' dir='ltr'><strong>eum</strong></span> <span class='ocrx_word' id='word_1_150' title='bbox 1780 1366 1965 1428; x_wconf 65' lang='lat' dir='ltr'><strong>turbae</strong></span> <span class='ocrx_word' id='word_1_151' title='bbox 1978 1366 2142 1428; x_wconf 91' lang='lat' dir='ltr'><strong>dicen</strong></span> 
     </span>
    </p>
   </div>
   <div class='ocr_carea' id='block_1_22' title="bbox 2226 1357 3909 1450">
    <p class='ocr_par' dir='ltr' id='par_1_22' title="bbox 2341 1357 3909 1447">
     <span class='ocr_line' id='line_1_22' title="bbox 2341 1357 3909 1447; baseline 0.004 -30"><span class='ocrx_word' id='word_1_152' title='bbox 2341 1379 2373 1417; x_wconf 81' lang='grc'>‹</span> <span class='ocrx_word' id='word_1_153' title='bbox 2402 1357 2506 1420; x_wconf 86' lang='grc' dir='ltr'><strong>Καὶ</strong></span> <span class='ocrx_word' id='word_1_154' title='bbox 2536 1361 2825 1442; x_wconf 76' lang='grc' dir='ltr'><strong>ἱπηρώτων</strong></span> <span class='ocrx_word' id='word_1_155' title='bbox 2883 1367 3039 1424; x_wconf 82' lang='grc' dir='ltr'><strong>αὐτὸν</strong></span> <span class='ocrx_word' id='word_1_156' title='bbox 3067 1369 3114 1422; x_wconf 82' lang='grc' dir='ltr'><strong>οἱ</strong></span> <span class='ocrx_word' id='word_1_157' title='bbox 3157 1366 3340 1446; x_wconf 79' lang='grc' dir='ltr'><strong>ὄχλοι,</strong></span> <span class='ocrx_word' id='word_1_158' title='bbox 3384 1367 3650 1447; x_wconf 83' lang='grc' dir='ltr'><strong>Αέγοντες,</strong></span> <span class='ocrx_word' id='word_1_159' title='bbox 3685 1373 3752 1428; x_wconf 79' lang='grc' dir='ltr'><strong>τί</strong></span> <span class='ocrx_word' id='word_1_160' title='bbox 3807 1370 3909 1433; x_wconf 61' lang='lat' dir='ltr'><strong>cf“</strong></span> 
     </span>
    </p>
   </div>
   <div class='ocr_carea' id='block_1_23' title="bbox 533 1451 2142 1541">
    <p class='ocr_par' dir='ltr' id='par_1_23' title="bbox 533 1455 2142 1541">
     <span class='ocr_line' id='line_1_23' title="bbox 533 1455 2142 1541; baseline -0.006 -15"><span class='ocrx_word' id='word_1_161' title='bbox 533 1475 654 1528; x_wconf 90' lang='lat' dir='ltr'><strong>tes:</strong></span> <span class='ocrx_word' id='word_1_162' title='bbox 691 1464 844 1538; x_wconf 87' lang='lat' dir='ltr'><strong>Quid</strong></span> <span class='ocrx_word' id='word_1_163' title='bbox 864 1483 1007 1541; x_wconf 69' lang='lat' dir='ltr'><strong>ergo</strong></span> <span class='ocrx_word' id='word_1_164' title='bbox 1036 1461 1356 1524; x_wconf 78' lang='lat' dir='ltr'><strong>faciemus?</strong></span> <span class='ocrx_word' id='word_1_165' title='bbox 1393 1457 1787 1538; x_wconf 71' lang='lat' dir='ltr'><strong>ltespondens</strong></span> <span class='ocrx_word' id='word_1_166' title='bbox 1808 1466 2007 1516; x_wconf 90' lang='lat' dir='ltr'><strong>autem</strong></span> <span class='ocrx_word' id='word_1_167' title='bbox 2033 1455 2142 1517; x_wconf 89' lang='lat' dir='ltr'><strong>dici</strong></span> 
     </span>
    </p>
   </div>
   <div class='ocr_carea' id='block_1_24' title="bbox 2226 1451 3917 1541">
    <p class='ocr_par' dir='ltr' id='par_1_24' title="bbox 2255 1451 3917 1541">
     <span class='ocr_line' id='line_1_24' title="bbox 2255 1451 3917 1541; baseline 0.008 -38"><span class='ocrx_word' id='word_1_168' title='bbox 2255 1451 2596 1541; x_wconf 69' lang='grc' dir='ltr'><strong>ποιήσομενς</strong></span> <span class='ocrx_word' id='word_1_169' title='bbox 2659 1453 2986 1531; x_wconf 78' lang='grc' dir='ltr'><strong>Ἀποκριθεὶς</strong></span> <span class='ocrx_word' id='word_1_170' title='bbox 3039 1453 3116 1532; x_wconf 72' lang='grc' dir='ltr'><strong>δὲ,</strong></span> <span class='ocrx_word' id='word_1_171' title='bbox 3181 1454 3324 1535; x_wconf 81' lang='grc' dir='ltr'><strong>λέγει</strong></span> <span class='ocrx_word' id='word_1_172' title='bbox 3384 1457 3588 1521; x_wconf 70' lang='grc' dir='ltr'><strong>αὐτοῖς’</strong></span> <span class='ocrx_word' id='word_1_173' title='bbox 3638 1452 3697 1516; x_wconf 65' lang='grc' dir='ltr'>Ὀ</span> <span class='ocrx_word' id='word_1_174' title='bbox 3755 1458 3917 1539; x_wconf 75' lang='grc' dir='ltr'><strong>’έχων</strong></span> 
     </span>
    </p>
   </div>
   <div class='ocr_carea' id='block_1_25' title="bbox 532 1535 2142 1628">
    <p class='ocr_par' dir='ltr' id='par_1_25' title="bbox 532 1535 2142 1627">
     <span class='ocr_line' id='line_1_25' title="bbox 532 1535 2142 1627; baseline -0.007 -11"><span class='ocrx_word' id='word_1_175' title='bbox 532 1535 787 1626; x_wconf 34' lang='lat' dir='ltr'><strong>illiszQ&#39;ui</strong></span> <span class='ocrx_word' id='word_1_176' title='bbox 810 1535 986 1614; x_wconf 74' lang='lat' dir='ltr'><strong>habet</strong></span> <span class='ocrx_word' id='word_1_177' title='bbox 1007 1554 1150 1614; x_wconf 91' lang='lat' dir='ltr'><strong>duas</strong></span> <span class='ocrx_word' id='word_1_178' title='bbox 1179 1535 1740 1627; x_wconf 44' lang='lat' dir='ltr'><strong>tunicas,im_pertiat</strong></span> <span class='ocrx_word' id='word_1_179' title='bbox 1762 1565 1879 1606; x_wconf 92' lang='lat' dir='ltr'><strong>non</strong></span> <span class='ocrx_word' id='word_1_180' title='bbox 1905 1544 2142 1605; x_wconf 88' lang='lat' dir='ltr'><strong>habenti</strong></span> 
     </span>
    </p>
   </div>
   <div class='ocr_carea' id='block_1_26' title="bbox 2226 1535 3910 1628">
    <p class='ocr_par' dir='ltr' id='par_1_26' title="bbox 2256 1535 3910 1628">
     <span class='ocr_line' id='line_1_26' title="bbox 2256 1535 3910 1628; baseline 0.007 -35"><span class='ocrx_word' id='word_1_181' title='bbox 2256 1535 2341 1594; x_wconf 83' lang='grc' dir='ltr'><strong>δύο</strong></span> <span class='ocrx_word' id='word_1_182' title='bbox 2423 1544 2674 1622; x_wconf 67' lang='grc' dir='ltr'><strong>χιτῶνας,</strong></span> <span class='ocrx_word' id='word_1_183' title='bbox 2735 1541 3011 1618; x_wconf 80' lang='grc' dir='ltr'><strong>μεταδότω</strong></span> <span class='ocrx_word' id='word_1_184' title='bbox 3081 1549 3187 1628; x_wconf 58' lang='grc' dir='ltr'><strong>τῷΔ</strong></span> <span class='ocrx_word' id='word_1_185' title='bbox 3212 1546 3290 1620; x_wconf 79' lang='grc' dir='ltr'><strong>μὴ</strong></span> <span class='ocrx_word' id='word_1_186' title='bbox 3339 1545 3540 1622; x_wconf 78' lang='grc' dir='ltr'>ἕψοντι·</span> <span class='ocrx_word' id='word_1_187' title='bbox 3575 1549 3664 1604; x_wconf 82' lang='grc' dir='ltr'><strong>καὶ</strong></span> <span class='ocrx_word' id='word_1_188' title='bbox 3693 1551 3723 1604; x_wconf 80' lang='lat'><strong>6</strong></span> <span class='ocrx_word' id='word_1_189' title='bbox 3754 1535 3910 1628; x_wconf 63' lang='lat' dir='ltr'><strong>’2&#39;in</strong></span> 
     </span>
    </p>
   </div>
   <div class='ocr_carea' id='block_1_27' title="bbox 532 1622 2142 1724">
    <p class='ocr_par' dir='ltr' id='par_1_27' title="bbox 532 1622 2142 1724">
     <span class='ocr_line' id='line_1_27' title="bbox 532 1622 2142 1724; baseline -0.007 -19"><span class='ocrx_word' id='word_1_190' title='bbox 532 1654 591 1705; x_wconf 89' lang='lat' dir='ltr'><strong>et</strong></span> <span class='ocrx_word' id='word_1_191' title='bbox 623 1622 720 1724; x_wconf 83' lang='lat' dir='ltr'><strong>qui</strong></span> <span class='ocrx_word' id='word_1_192' title='bbox 739 1641 914 1703; x_wconf 88' lang='lat' dir='ltr'><strong>habet</strong></span> <span class='ocrx_word' id='word_1_193' title='bbox 931 1659 1118 1721; x_wconf 85' lang='lat' dir='ltr'><strong>escas,</strong></span> <span class='ocrx_word' id='word_1_194' title='bbox 1147 1622 1427 1701; x_wconf 31' lang='lat' dir='ltr'><strong>similiter.</strong></span> <span class='ocrx_word' id='word_1_195' title='bbox 1442 1622 1954 1700; x_wconf 86' lang='lat' dir='ltr'><strong>faciat.Venerunt</strong></span> <span class='ocrx_word' id='word_1_196' title='bbox 1974 1642 2142 1695; x_wconf 90' lang='lat' dir='ltr'><strong>auten</strong></span> 
     </span>
    </p>
   </div>
   <div class='ocr_carea' id='block_1_28' title="bbox 2226 1622 3907 1724">
    <p class='ocr_par' dir='ltr' id='par_1_28' title="bbox 2254 1622 3907 1710">
     <span class='ocr_line' id='line_1_28' title="bbox 2254 1622 3907 1710; baseline 0.005 -25"><span class='ocrx_word' id='word_1_197' title='bbox 2254 1628 2531 1710; x_wconf 85' lang='grc' dir='ltr'><strong>βρώματα,</strong></span> <span class='ocrx_word' id='word_1_198' title='bbox 2591 1633 2788 1708; x_wconf 85' lang='grc' dir='ltr'><strong>ὁμοίως</strong></span> <span class='ocrx_word' id='word_1_199' title='bbox 2846 1634 3084 1698; x_wconf 49' lang='grc' dir='ltr'><strong>ποιείτω,</strong></span> <span class='ocrx_word' id='word_1_200' title='bbox 3157 1622 3349 1692; x_wconf 68' lang='grc' dir='ltr'><strong>Ἠλθον</strong></span> <span class='ocrx_word' id='word_1_201' title='bbox 3397 1634 3452 1691; x_wconf 80' lang='grc' dir='ltr'><strong>δὲ</strong></span> <span class='ocrx_word' id='word_1_202' title='bbox 3529 1639 3616 1693; x_wconf 85' lang='grc' dir='ltr'><strong>καὶ</strong></span> <span class='ocrx_word' id='word_1_203' title='bbox 3672 1622 3907 1694; x_wconf 42' lang='grc' dir='ltr'><strong>τελῶναι</strong></span> 
     </span>
    </p>
   </div>
   <div class='ocr_carea' id='block_1_29' title="bbox 530 1717 2142 1813">
    <p class='ocr_par' dir='ltr' id='par_1_29' title="bbox 530 1717 2139 1813">
     <span class='ocr_line' id='line_1_29' title="bbox 530 1717 2139 1813; baseline -0.007 -19"><span class='ocrx_word' id='word_1_204' title='bbox 530 1741 588 1794; x_wconf 91' lang='lat' dir='ltr'><strong>et</strong></span> <span class='ocrx_word' id='word_1_205' title='bbox 608 1717 909 1813; x_wconf 72' lang='lat' dir='ltr'><strong>publicani</strong></span> <span class='ocrx_word' id='word_1_206' title='bbox 942 1739 999 1791; x_wconf 94' lang='lat' dir='ltr'><strong>ut</strong></span> <span class='ocrx_word' id='word_1_207' title='bbox 1031 1717 1558 1809; x_wconf 40' lang='lat' dir='ltr'><strong>ba&#39;ptizarentur,et</strong></span> <span class='ocrx_word' id='word_1_208' title='bbox 1579 1726 1856 1787; x_wconf 87' lang='lat' dir='ltr'><strong>dixerunt</strong></span> <span class='ocrx_word' id='word_1_209' title='bbox 1877 1724 1948 1784; x_wconf 91' lang='lat' dir='ltr'><strong>ad</strong></span> <span class='ocrx_word' id='word_1_210' title='bbox 1974 1723 2139 1813; x_wconf 87' lang='lat' dir='ltr'><strong>illum</strong></span> 
     </span>
    </p>
   </div>
   <div class='ocr_carea' id='block_1_30' title="bbox 2226 1717 3910 1813">
    <p class='ocr_par' dir='ltr' id='par_1_30' title="bbox 2253 1717 3910 1813">
     <span class='ocr_line' id='line_1_30' title="bbox 2253 1717 3910 1813; baseline 0.006 -41"><span class='ocrx_word' id='word_1_211' title='bbox 2253 1717 2624 1796; x_wconf 77' lang='grc' dir='ltr'><strong>βαπτισθῆναι,</strong></span> <span class='ocrx_word' id='word_1_212' title='bbox 2679 1724 2772 1813; x_wconf 47' lang='grc' dir='ltr'><strong>,καὶ</strong></span> <span class='ocrx_word' id='word_1_213' title='bbox 2826 1722 2984 1778; x_wconf 74' lang='grc' dir='ltr'><strong>εἷπον</strong></span> <span class='ocrx_word' id='word_1_214' title='bbox 3040 1725 3171 1802; x_wconf 76' lang='grc' dir='ltr'><strong>πρὸς</strong></span> <span class='ocrx_word' id='word_1_215' title='bbox 3221 1726 3400 1783; x_wconf 73' lang='grc' dir='ltr'><strong>αὐτόν’</strong></span> <span class='ocrx_word' id='word_1_216' title='bbox 3463 1723 3786 1806; x_wconf 69' lang='grc' dir='ltr'><strong>Διδάσκαλε,</strong></span> <span class='ocrx_word' id='word_1_217' title='bbox 3855 1729 3910 1783; x_wconf 87' lang='grc' dir='ltr'><strong>τί</strong></span> 
     </span>
    </p>
   </div>
   <div class='ocr_carea' id='block_1_31' title="bbox 525 1797 2142 1902">
    <p class='ocr_par' dir='ltr' id='par_1_31' title="bbox 525 1797 2142 1902">
     <span class='ocr_line' id='line_1_31' title="bbox 525 1797 2142 1902; baseline -0.007 -16"><span class='ocrx_word' id='word_1_218' title='bbox 525 1797 820 1902; x_wconf 72' lang='lat' dir='ltr'><strong>Magister,</strong></span> <span class='ocrx_word' id='word_1_219' title='bbox 854 1820 994 1901; x_wconf 87' lang='lat' dir='ltr'><strong>quid</strong></span> <span class='ocrx_word' id='word_1_220' title='bbox 1027 1797 1352 1881; x_wconf 78' lang='lat' dir='ltr'><strong>faciemus?</strong></span> <span class='ocrx_word' id='word_1_221' title='bbox 1383 1817 1455 1876; x_wconf 87' lang='lat' dir='ltr'><strong>At</strong></span> <span class='ocrx_word' id='word_1_222' title='bbox 1476 1797 1586 1876; x_wconf 80' lang='lat' dir='ltr'><strong>ille</strong></span> <span class='ocrx_word' id='word_1_223' title='bbox 1612 1815 1758 1876; x_wconf 81' lang='lat' dir='ltr'><strong>dixit</strong></span> <span class='ocrx_word' id='word_1_224' title='bbox 1787 1814 1858 1875; x_wconf 89' lang='lat' dir='ltr'><strong>ad</strong></span> <span class='ocrx_word' id='word_1_225' title='bbox 1901 1831 2052 1876; x_wconf 88' lang='lat' dir='ltr'><strong>eos.:</strong></span> <span class='ocrx_word' id='word_1_226' title='bbox 2085 1812 2142 1874; x_wconf 72' lang='grc' dir='ltr'><strong>Ν.</strong></span> 
     </span>
    </p>
   </div>
   <div class='ocr_carea' id='block_1_32' title="bbox 2226 1797 3906 1902">
    <p class='ocr_par' dir='ltr' id='par_1_32' title="bbox 2226 1797 3906 1894">
     <span class='ocr_line' id='line_1_32' title="bbox 2226 1797 3906 1894; baseline 0.005 -32"><span class='ocrx_word' id='word_1_227' title='bbox 2226 1803 2615 1887; x_wconf 64' lang='grc' dir='ltr'><strong>ίποιήσωμενς</strong></span> <span class='ocrx_word' id='word_1_228' title='bbox 2679 1802 2736 1868; x_wconf 67' lang='grc' dir='ltr'>Ὀ</span> <span class='ocrx_word' id='word_1_229' title='bbox 2793 1809 2848 1866; x_wconf 78' lang='grc' dir='ltr'><strong>δὲ</strong></span> <span class='ocrx_word' id='word_1_230' title='bbox 2909 1812 3034 1869; x_wconf 78' lang='grc' dir='ltr'><strong>εἶπε</strong></span> <span class='ocrx_word' id='word_1_231' title='bbox 3083 1797 3225 1894; x_wconf 43' lang='grc' dir='ltr'><strong>’πρὸς</strong></span> <span class='ocrx_word' id='word_1_232' title='bbox 3283 1815 3488 1878; x_wconf 78' lang='grc' dir='ltr'><strong>αὐτούς·</strong></span> <span class='ocrx_word' id='word_1_233' title='bbox 3527 1813 3704 1883; x_wconf 81' lang='grc' dir='ltr'><strong>Μηδὲν</strong></span> <span class='ocrx_word' id='word_1_234' title='bbox 3733 1797 3906 1872; x_wconf 81' lang='grc' dir='ltr'><strong>πλέον</strong></span> 
     </span>
    </p>
   </div>
   <div class='ocr_carea' id='block_1_33' title="bbox 523 1897 2142 1994">
    <p class='ocr_par' dir='ltr' id='par_1_33' title="bbox 523 1897 2142 1994">
     <span class='ocr_line' id='line_1_33' title="bbox 523 1897 2142 1994; baseline -0.006 -20"><span class='ocrx_word' id='word_1_235' title='bbox 523 1897 666 1994; x_wconf 74' lang='lat' dir='ltr'><strong>quid</strong></span> <span class='ocrx_word' id='word_1_236' title='bbox 697 1897 949 1990; x_wconf 45' lang='lat' dir='ltr'><strong>ampli—us</strong></span> <span class='ocrx_word' id='word_1_237' title='bbox 979 1928 1156 1990; x_wconf 87' lang='lat' dir='ltr'><strong>quam</strong></span> <span class='ocrx_word' id='word_1_238' title='bbox 1203 1908 1358 1989; x_wconf 90' lang='lat' dir='ltr'><strong>quod</strong></span> <span class='ocrx_word' id='word_1_239' title='bbox 1415 1906 1811 1994; x_wconf 89' lang='lat' dir='ltr'><strong>constitutum</strong></span> <span class='ocrx_word' id='word_1_240' title='bbox 1836 1912 1924 1965; x_wconf 88' lang='lat' dir='ltr'><strong>est</strong></span> <span class='ocrx_word' id='word_1_241' title='bbox 1974 1904 2142 1994; x_wconf 90' lang='lat' dir='ltr'><strong>vobis</strong></span> 
     </span>
    </p>
   </div>
   <div class='ocr_carea' id='block_1_34' title="bbox 2226 1897 3905 1994">
    <p class='ocr_par' dir='ltr' id='par_1_34' title="bbox 2255 1897 3905 1994">
     <span class='ocr_line' id='line_1_34' title="bbox 2255 1897 3905 1994; baseline 0.007 -43"><span class='ocrx_word' id='word_1_242' title='bbox 2255 1897 2396 1994; x_wconf 56' lang='grc' dir='ltr'><strong>παρά</strong></span> <span class='ocrx_word' id='word_1_243' title='bbox 2454 1899 2512 1953; x_wconf 85' lang='grc' dir='ltr'><strong>τὸ</strong></span> <span class='ocrx_word' id='word_1_244' title='bbox 2568 1897 2975 1978; x_wconf 69' lang='grc' dir='ltr'><strong>διατεταγμένον</strong></span> <span class='ocrx_word' id='word_1_245' title='bbox 3043 1905 3173 1978; x_wconf 77' lang='grc' dir='ltr'><strong>ὑμῖν</strong></span> <span class='ocrx_word' id='word_1_246' title='bbox 3230 1905 3517 1983; x_wconf 76' lang='grc' dir='ltr'><strong>πράσσετεο</strong></span> <span class='ocrx_word' id='word_1_247' title='bbox 3569 1905 3905 1984; x_wconf 75' lang='grc' dir='ltr'><strong>Ἐπηρώτων</strong></span> 
     </span>
    </p>
   </div>
   <div class='ocr_carea' id='block_1_35' title="bbox 523 1983 2142 2080">
    <p class='ocr_par' dir='ltr' id='par_1_35' title="bbox 523 1983 2142 2080">
     <span class='ocr_line' id='line_1_35' title="bbox 523 1983 2142 2080; baseline -0.007 -16"><span class='ocrx_word' id='word_1_248' title='bbox 523 1983 1240 2080; x_wconf 59' lang='lat' dir='ltr'><strong>exigatisjnterrogabant</strong></span> <span class='ocrx_word' id='word_1_249' title='bbox 1261 2005 1456 2057; x_wconf 91' lang='lat' dir='ltr'><strong>autem</strong></span> <span class='ocrx_word' id='word_1_250' title='bbox 1485 2014 1618 2056; x_wconf 91' lang='lat' dir='ltr'><strong>eum</strong></span> <span class='ocrx_word' id='word_1_251' title='bbox 1636 2002 1692 2055; x_wconf 77' lang='lat' dir='ltr'><strong>et</strong></span> <span class='ocrx_word' id='word_1_252' title='bbox 1719 1993 2142 2067; x_wconf 91' lang='lat' dir='ltr'><strong>milites,diceu</strong></span> 
     </span>
    </p>
   </div>
   <div class='ocr_carea' id='block_1_36' title="bbox 2226 1983 3907 2080">
    <p class='ocr_par' dir='ltr' id='par_1_36' title="bbox 2252 1983 3907 2071">
     <span class='ocr_line' id='line_1_36' title="bbox 2252 1983 3907 2071; baseline 0.007 -32"><span class='ocrx_word' id='word_1_253' title='bbox 2252 1983 2306 2040; x_wconf 74' lang='grc' dir='ltr'><strong>δὲ</strong></span> <span class='ocrx_word' id='word_1_254' title='bbox 2363 1988 2518 2043; x_wconf 74' lang='grc' dir='ltr'><strong>αὐτὸν</strong></span> <span class='ocrx_word' id='word_1_255' title='bbox 2573 1991 2662 2046; x_wconf 84' lang='grc' dir='ltr'><strong>καὶ</strong></span> <span class='ocrx_word' id='word_1_256' title='bbox 2723 1993 3154 2071; x_wconf 70' lang='grc' dir='ltr'><strong>στρατευόμενοι,</strong></span> <span class='ocrx_word' id='word_1_257' title='bbox 3188 1992 3460 2071; x_wconf 84' lang='grc' dir='ltr'><strong>λέγοντες·</strong></span> <span class='ocrx_word' id='word_1_258' title='bbox 3493 1994 3598 2057; x_wconf 66' lang='grc' dir='ltr'><strong>Καὶ</strong></span> <span class='ocrx_word' id='word_1_259' title='bbox 3652 1983 3818 2071; x_wconf 75' lang='grc' dir='ltr'><strong>ἡμιϊς</strong></span> <span class='ocrx_word' id='word_1_260' title='bbox 3851 1997 3907 2050; x_wconf 91' lang='grc' dir='ltr'><strong>τί</strong></span> 
     </span>
    </p>
   </div>
   <div class='ocr_carea' id='block_1_37' title="bbox 523 2076 2142 2168">
    <p class='ocr_par' dir='ltr' id='par_1_37' title="bbox 523 2076 2142 2168">
     <span class='ocr_line' id='line_1_37' title="bbox 523 2076 2142 2168; baseline -0.006 -17"><span class='ocrx_word' id='word_1_261' title='bbox 523 2076 658 2153; x_wconf 32' lang='lat' dir='ltr'><strong>tesi:</strong></span> <span class='ocrx_word' id='word_1_262' title='bbox 694 2093 768 2152; x_wconf 89' lang='lat' dir='ltr'><strong>Et</strong></span> <span class='ocrx_word' id='word_1_263' title='bbox 800 2108 906 2150; x_wconf 90' lang='lat' dir='ltr'><strong>nos</strong></span> <span class='ocrx_word' id='word_1_264' title='bbox 940 2088 1080 2168; x_wconf 83' lang='lat' dir='ltr'><strong>quid</strong></span> <span class='ocrx_word' id='word_1_265' title='bbox 1114 2084 1451 2147; x_wconf 82' lang='lat' dir='ltr'><strong>faciemus?</strong></span> <span class='ocrx_word' id='word_1_266' title='bbox 1483 2084 1553 2146; x_wconf 89' lang='lat' dir='ltr'><strong>Et</strong></span> <span class='ocrx_word' id='word_1_267' title='bbox 1583 2084 1661 2144; x_wconf 89' lang='lat' dir='ltr'><strong>ait</strong></span> <span class='ocrx_word' id='word_1_268' title='bbox 1694 2083 1851 2145; x_wconf 90' lang='lat' dir='ltr'><strong>illis:</strong></span> <span class='ocrx_word' id='word_1_269' title='bbox 1886 2081 1972 2143; x_wconf 90' lang='lat' dir='ltr'><strong>Ne</strong></span> <span class='ocrx_word' id='word_1_270' title='bbox 1994 2100 2142 2162; x_wconf 90' lang='lat' dir='ltr'><strong>quen</strong></span> 
     </span>
    </p>
   </div>
   <div class='ocr_carea' id='block_1_38' title="bbox 2226 2076 3900 2168">
    <p class='ocr_par' dir='ltr' id='par_1_38' title="bbox 2252 2076 3900 2160">
     <span class='ocr_line' id='line_1_38' title="bbox 2252 2076 3900 2160; baseline 0.007 -30"><span class='ocrx_word' id='word_1_271' title='bbox 2252 2076 2597 2154; x_wconf 72' lang='grc' dir='ltr'><strong>ποιήσομενς</strong></span> <span class='ocrx_word' id='word_1_272' title='bbox 2658 2082 2755 2138; x_wconf 82' lang='grc' dir='ltr'><strong>Καὶ</strong></span> <span class='ocrx_word' id='word_1_273' title='bbox 2805 2081 2930 2137; x_wconf 79' lang='grc' dir='ltr'><strong>εἷπε</strong></span> <span class='ocrx_word' id='word_1_274' title='bbox 2995 2084 3126 2160; x_wconf 84' lang='grc' dir='ltr'><strong>πρὸς</strong></span> <span class='ocrx_word' id='word_1_275' title='bbox 3182 2085 3392 2147; x_wconf 73' lang='grc' dir='ltr'><strong>αὐτούς·</strong></span> <span class='ocrx_word' id='word_1_276' title='bbox 3450 2083 3663 2151; x_wconf 73' lang='grc' dir='ltr'><strong>Μηδένα</strong></span> <span class='ocrx_word' id='word_1_277' title='bbox 3691 2083 3900 2141; x_wconf 82' lang='grc' dir='ltr'><strong>διασεί-</strong></span> 
     </span>
    </p>
   </div>
   <div class='ocr_carea' id='block_1_39' title="bbox 524 2166 2142 2256">
    <p class='ocr_par' dir='ltr' id='par_1_39' title="bbox 524 2166 2142 2256">
     <span class='ocr_line' id='line_1_39' title="bbox 524 2166 2142 2256; baseline -0.006 -15"><span class='ocrx_word' id='word_1_278' title='bbox 524 2179 892 2252; x_wconf 89' lang='lat' dir='ltr'><strong>concutiatis,</strong></span> <span class='ocrx_word' id='word_1_279' title='bbox 918 2166 993 2239; x_wconf 79' lang='lat' dir='ltr'><strong>ne</strong></span> <span class='ocrx_word' id='word_1_280' title='bbox 1013 2195 1190 2256; x_wconf 88' lang='lat' dir='ltr'><strong>quem</strong></span> <span class='ocrx_word' id='word_1_281' title='bbox 1214 2172 1682 2246; x_wconf 90' lang='lat' dir='ltr'><strong>calumniemini,</strong></span> <span class='ocrx_word' id='word_1_282' title='bbox 1710 2181 1768 2236; x_wconf 91' lang='lat' dir='ltr'><strong>et</strong></span> <span class='ocrx_word' id='word_1_283' title='bbox 1790 2171 2049 2234; x_wconf 90' lang='lat' dir='ltr'><strong>contenti</strong></span> <span class='ocrx_word' id='word_1_284' title='bbox 2074 2190 2142 2232; x_wconf 88' lang='lat' dir='ltr'><strong>es</strong></span> 
     </span>
    </p>
   </div>
   <div class='ocr_carea' id='block_1_40' title="bbox 2226 2166 3898 2256">
    <p class='ocr_par' dir='ltr' id='par_1_40' title="bbox 2253 2166 3898 2253">
     <span class='ocr_line' id='line_1_40' title="bbox 2253 2166 3898 2253; baseline 0 -22"><span class='ocrx_word' id='word_1_285' title='bbox 2253 2186 2405 2240; x_wconf 82' lang='grc' dir='ltr'><strong>σητε,</strong></span> <span class='ocrx_word' id='word_1_286' title='bbox 2463 2166 2598 2243; x_wconf 80' lang='grc' dir='ltr'><strong>μηδὲ</strong></span> <span class='ocrx_word' id='word_1_287' title='bbox 2658 2172 3116 2250; x_wconf 66' lang='grc' dir='ltr'><strong>συκοφαντήσητε,</strong></span> <span class='ocrx_word' id='word_1_288' title='bbox 3169 2174 3258 2229; x_wconf 83' lang='grc' dir='ltr'><strong>καὶ</strong></span> <span class='ocrx_word' id='word_1_289' title='bbox 3321 2175 3564 2253; x_wconf 73' lang='grc' dir='ltr'><strong>ἀρκεῖσθε</strong></span> <span class='ocrx_word' id='word_1_290' title='bbox 3592 2187 3708 2238; x_wconf 79' lang='grc' dir='ltr'><strong>τοῖς</strong></span> <span class='ocrx_word' id='word_1_291' title='bbox 3743 2178 3898 2250; x_wconf 74' lang='grc' dir='ltr'><strong>ὀψω-</strong></span> 
     </span>
    </p>
   </div>
   <div class='ocr_carea' id='block_1_41' title="bbox 523 2256 2142 2349">
    <p class='ocr_par' dir='ltr' id='par_1_41' title="bbox 523 2266 2142 2349">
     <span class='ocr_line' id='line_1_41' title="bbox 523 2266 2142 2349; baseline -0.004 -15"><span class='ocrx_word' id='word_1_292' title='bbox 523 2282 642 2336; x_wconf 91' lang='lat' dir='ltr'><strong>tote</strong></span> <span class='ocrx_word' id='word_1_293' title='bbox 672 2271 936 2334; x_wconf 85' lang='lat' dir='ltr'><strong>obsoniis</strong></span> <span class='ocrx_word' id='word_1_294' title='bbox 962 2270 1194 2332; x_wconf 83' lang='lat' dir='ltr'><strong>vestris.</strong></span> <span class='ocrx_word' id='word_1_295' title='bbox 1217 2268 1614 2349; x_wconf 87' lang='lat' dir='ltr'><strong>Exspectante</strong></span> <span class='ocrx_word' id='word_1_296' title='bbox 1634 2274 1827 2328; x_wconf 89' lang='lat' dir='ltr'><strong>autem</strong></span> <span class='ocrx_word' id='word_1_297' title='bbox 1855 2266 2096 2346; x_wconf 89' lang='lat' dir='ltr'><strong>populo,</strong></span> <span class='ocrx_word' id='word_1_298' title='bbox 2115 2286 2142 2328; x_wconf 91' lang='lat' dir='ltr'><strong>e</strong></span> 
     </span>
    </p>
   </div>
   <div class='ocr_carea' id='block_1_42' title="bbox 2226 2256 3895 2349">
    <p class='ocr_par' dir='ltr' id='par_1_42' title="bbox 2253 2256 3895 2349">
     <span class='ocr_line' id='line_1_42' title="bbox 2253 2256 3895 2349; baseline 0.008 -40"><span class='ocrx_word' id='word_1_299' title='bbox 2253 2256 2380 2349; x_wconf 79' lang='grc' dir='ltr'><strong>-ιίοις</strong></span> <span class='ocrx_word' id='word_1_300' title='bbox 2435 2257 2606 2332; x_wconf 82' lang='grc' dir='ltr'><strong>ὑμῶν,</strong></span> <span class='ocrx_word' id='word_1_301' title='bbox 2691 2258 3090 2340; x_wconf 66' lang='grc' dir='ltr'><strong>Προσδοκῶντος</strong></span> <span class='ocrx_word' id='word_1_302' title='bbox 3116 2260 3170 2318; x_wconf 79' lang='grc' dir='ltr'><strong>δὲ</strong></span> <span class='ocrx_word' id='word_1_303' title='bbox 3203 2264 3298 2319; x_wconf 75' lang='grc' dir='ltr'><strong>τοῦ</strong></span> <span class='ocrx_word' id='word_1_304' title='bbox 3331 2269 3479 2344; x_wconf 77' lang='grc' dir='ltr'><strong>λαοῦ,</strong></span> <span class='ocrx_word' id='word_1_305' title='bbox 3523 2266 3611 2320; x_wconf 82' lang='grc' dir='ltr'><strong>καὶ</strong></span> <span class='ocrx_word' id='word_1_306' title='bbox 3653 2261 3895 2344; x_wconf 82' lang='grc' dir='ltr'><strong>διαλογι-</strong></span> 
     </span>
    </p>
   </div>
   <div class='ocr_carea' id='block_1_43' title="bbox 523 2345 2142 2439">
    <p class='ocr_par' dir='ltr' id='par_1_43' title="bbox 523 2345 2142 2439">
     <span class='ocr_line' id='line_1_43' title="bbox 523 2345 2142 2439; baseline -0.006 -15"><span class='ocrx_word' id='word_1_307' title='bbox 523 2360 914 2439; x_wconf 90' lang='lat' dir='ltr'><strong>cogitantibus</strong></span> <span class='ocrx_word' id='word_1_308' title='bbox 939 2357 1216 2419; x_wconf 91' lang='lat' dir='ltr'><strong>omnibus</strong></span> <span class='ocrx_word' id='word_1_309' title='bbox 1248 2358 1306 2417; x_wconf 91' lang='lat' dir='ltr'><strong>in</strong></span> <span class='ocrx_word' id='word_1_310' title='bbox 1338 2345 1515 2417; x_wconf 82' lang='lat' dir='ltr'><strong>corde</strong></span> <span class='ocrx_word' id='word_1_311' title='bbox 1546 2376 1650 2416; x_wconf 87' lang='lat' dir='ltr'><strong>suo</strong></span> <span class='ocrx_word' id='word_1_312' title='bbox 1674 2356 1745 2417; x_wconf 91' lang='lat' dir='ltr'><strong>de</strong></span> <span class='ocrx_word' id='word_1_313' title='bbox 1766 2345 2142 2427; x_wconf 80' lang='lat' dir='ltr'><strong>Joanne,nun</strong></span> 
     </span>
    </p>
   </div>
   <div class='ocr_carea' id='block_1_44' title="bbox 2226 2345 3898 2439">
    <p class='ocr_par' dir='ltr' id='par_1_44' title="bbox 2251 2345 3898 2431">
     <span class='ocr_line' id='line_1_44' title="bbox 2251 2345 3898 2431; baseline 0.008 -32"><span class='ocrx_word' id='word_1_314' title='bbox 2251 2345 2487 2419; x_wconf 85' lang='grc' dir='ltr'><strong>ζομένων</strong></span> <span class='ocrx_word' id='word_1_315' title='bbox 2543 2349 2756 2405; x_wconf 84' lang='grc' dir='ltr'><strong>πάντων</strong></span> <span class='ocrx_word' id='word_1_316' title='bbox 2812 2349 2867 2405; x_wconf 77' lang='grc' dir='ltr'><strong>ἒν</strong></span> <span class='ocrx_word' id='word_1_317' title='bbox 2921 2364 3044 2416; x_wconf 76' lang='grc' dir='ltr'><strong>ταῖς</strong></span> <span class='ocrx_word' id='word_1_318' title='bbox 3113 2349 3347 2430; x_wconf 81' lang='grc' dir='ltr'><strong>καρδίαις</strong></span> <span class='ocrx_word' id='word_1_319' title='bbox 3395 2355 3568 2410; x_wconf 69' lang='grc' dir='ltr'><strong>αὐτῶν</strong></span> <span class='ocrx_word' id='word_1_320' title='bbox 3623 2356 3742 2431; x_wconf 88' lang='grc' dir='ltr'><strong>περὶ</strong></span> <span class='ocrx_word' id='word_1_321' title='bbox 3801 2363 3898 2412; x_wconf 81' lang='grc' dir='ltr'><strong>τοῦ</strong></span> 
     </span>
    </p>
   </div>
   <div class='ocr_carea' id='block_1_45' title="bbox 521 2431 2142 2530">
    <p class='ocr_par' dir='ltr' id='par_1_45' title="bbox 521 2431 2141 2530">
     <span class='ocr_line' id='line_1_45' title="bbox 521 2431 2141 2530; baseline -0.005 -18"><span class='ocrx_word' id='word_1_322' title='bbox 521 2431 649 2530; x_wconf 66' lang='lat' dir='ltr'><strong>ipse</strong></span> <span class='ocrx_word' id='word_1_323' title='bbox 673 2447 1101 2512; x_wconf 76' lang='lat' dir='ltr'><strong>essetChristus</strong></span> <span class='ocrx_word' id='word_1_324' title='bbox 1125 2444 1821 2526; x_wconf 87' lang='lat' dir='ltr'><strong>ille,responditJoannes</strong></span> <span class='ocrx_word' id='word_1_325' title='bbox 1846 2443 2141 2504; x_wconf 84' lang='lat' dir='ltr'><strong>universis</strong></span> 
     </span>
    </p>
   </div>
   <div class='ocr_carea' id='block_1_46' title="bbox 2226 2431 3894 2530">
    <p class='ocr_par' dir='ltr' id='par_1_46' title="bbox 2249 2431 3894 2530">
     <span class='ocr_line' id='line_1_46' title="bbox 2249 2431 3894 2530; baseline 0.006 -41"><span class='ocrx_word' id='word_1_326' title='bbox 2249 2431 2517 2530; x_wconf 62' lang='lat' dir='ltr'><strong>:lwa&#39;vvou,</strong></span> <span class='ocrx_word' id='word_1_327' title='bbox 2590 2439 2798 2512; x_wconf 83' lang='grc' dir='ltr'><strong>μήποτε</strong></span> <span class='ocrx_word' id='word_1_328' title='bbox 2829 2439 2984 2502; x_wconf 76' lang='grc' dir='ltr'><strong>αὐτὸς</strong></span> <span class='ocrx_word' id='word_1_329' title='bbox 3015 2439 3106 2506; x_wconf 74' lang='grc' dir='ltr'><strong>εἴη</strong></span> <span class='ocrx_word' id='word_1_330' title='bbox 3151 2443 3178 2495; x_wconf 98' lang='lat'><strong>6</strong></span> <span class='ocrx_word' id='word_1_331' title='bbox 3223 2442 3470 2519; x_wconf 71' lang='grc' dir='ltr'><strong>Χριστὸς,</strong></span> <span class='ocrx_word' id='word_1_332' title='bbox 3516 2442 3834 2521; x_wconf 80' lang='grc' dir='ltr'><strong>ἀπεκρίνατο</strong></span> <span class='ocrx_word' id='word_1_333' title='bbox 3866 2445 3894 2498; x_wconf 80' lang='lat'><strong>6</strong></span> 
     </span>
    </p>
   </div>
   <div class='ocr_carea' id='block_1_47' title="bbox 520 2522 2142 2616">
    <p class='ocr_par' dir='ltr' id='par_1_47' title="bbox 520 2522 2141 2616">
     <span class='ocr_line' id='line_1_47' title="bbox 520 2522 2141 2616; baseline -0.004 -16"><span class='ocrx_word' id='word_1_334' title='bbox 520 2522 729 2601; x_wconf 75' lang='lat' dir='ltr'><strong>dicens</strong></span> <span class='ocrx_word' id='word_1_335' title='bbox 761 2559 774 2600; x_wconf 91' lang='lat'><strong>:</strong></span> <span class='ocrx_word' id='word_1_336' title='bbox 808 2537 926 2615; x_wconf 89' lang='lat' dir='ltr'><strong>Ego</strong></span> <span class='ocrx_word' id='word_1_337' title='bbox 959 2535 1199 2616; x_wconf 88' lang='lat' dir='ltr'><strong>quidem</strong></span> <span class='ocrx_word' id='word_1_338' title='bbox 1233 2522 1381 2615; x_wconf 82' lang='lat' dir='ltr'><strong>aqua</strong></span> <span class='ocrx_word' id='word_1_339' title='bbox 1412 2535 1642 2614; x_wconf 90' lang='lat' dir='ltr'><strong>baptizo</strong></span> <span class='ocrx_word' id='word_1_340' title='bbox 1674 2553 1798 2605; x_wconf 90' lang='lat' dir='ltr'><strong>vos,</strong></span> <span class='ocrx_word' id='word_1_341' title='bbox 1833 2533 1934 2594; x_wconf 90' lang='lat' dir='ltr'><strong>sed</strong></span> <span class='ocrx_word' id='word_1_342' title='bbox 1971 2533 2141 2593; x_wconf 88' lang='lat' dir='ltr'><strong>venie</strong></span> 
     </span>
    </p>
   </div>
   <div class='ocr_carea' id='block_1_48' title="bbox 2226 2522 3894 2616">
    <p class='ocr_par' dir='ltr' id='par_1_48' title="bbox 2249 2522 3894 2608">
     <span class='ocr_line' id='line_1_48' title="bbox 2249 2522 3894 2608; baseline 0.007 -30"><span class='ocrx_word' id='word_1_343' title='bbox 2249 2522 2501 2592; x_wconf 75' lang='grc' dir='ltr'><strong>Ἰωάννης</strong></span> <span class='ocrx_word' id='word_1_344' title='bbox 2571 2525 2759 2603; x_wconf 54' lang='grc' dir='ltr'><strong>ἅπασι,</strong></span> <span class='ocrx_word' id='word_1_345' title='bbox 2820 2526 3014 2606; x_wconf 77' lang='grc' dir='ltr'><strong>λέγων.</strong></span> <span class='ocrx_word' id='word_1_346' title='bbox 3078 2529 3220 2608; x_wconf 83' lang='grc' dir='ltr'>Ἐγὼ</span> <span class='ocrx_word' id='word_1_347' title='bbox 3289 2531 3388 2605; x_wconf 81' lang='grc' dir='ltr'><strong>μὶν</strong></span> <span class='ocrx_word' id='word_1_348' title='bbox 3450 2528 3597 2587; x_wconf 76' lang='grc' dir='ltr'><strong>ὕδατι</strong></span> <span class='ocrx_word' id='word_1_349' title='bbox 3655 2533 3894 2608; x_wconf 81' lang='grc' dir='ltr'><strong>βαπτίζω</strong></span> 
     </span>
    </p>
   </div>
   <div class='ocr_carea' id='block_1_49' title="bbox 520 2613 2142 2706">
    <p class='ocr_par' dir='ltr' id='par_1_49' title="bbox 520 2613 2142 2706">
     <span class='ocr_line' id='line_1_49' title="bbox 520 2613 2142 2706; baseline -0.004 -17"><span class='ocrx_word' id='word_1_350' title='bbox 520 2628 730 2690; x_wconf 77' lang='lat' dir='ltr'><strong>fortior</strong></span> <span class='ocrx_word' id='word_1_351' title='bbox 751 2613 1060 2706; x_wconf 44' lang='lat' dir='ltr'><strong>me,_cujus</strong></span> <span class='ocrx_word' id='word_1_352' title='bbox 1075 2645 1189 2686; x_wconf 91' lang='lat' dir='ltr'><strong>non</strong></span> <span class='ocrx_word' id='word_1_353' title='bbox 1215 2613 1345 2685; x_wconf 80' lang='lat' dir='ltr'><strong>sum</strong></span> <span class='ocrx_word' id='word_1_354' title='bbox 1369 2613 1581 2703; x_wconf 87' lang='lat' dir='ltr'><strong>dignus</strong></span> <span class='ocrx_word' id='word_1_355' title='bbox 1601 2623 1826 2684; x_wconf 89' lang='lat' dir='ltr'><strong>solvere</strong></span> <span class='ocrx_word' id='word_1_356' title='bbox 1851 2622 2142 2701; x_wconf 88' lang='lat' dir='ltr'><strong>corrigian</strong></span> 
     </span>
    </p>
   </div>
   <div class='ocr_carea' id='block_1_50' title="bbox 2226 2613 3892 2706">
    <p class='ocr_par' dir='ltr' id='par_1_50' title="bbox 2247 2613 3892 2698">
     <span class='ocr_line' id='line_1_50' title="bbox 2247 2613 3892 2698; baseline 0.007 -32"><span class='ocrx_word' id='word_1_357' title='bbox 2247 2613 2408 2686; x_wconf 79' lang='grc' dir='ltr'><strong>ὑμᾶς·</strong></span> <span class='ocrx_word' id='word_1_358' title='bbox 2468 2613 2686 2693; x_wconf 76' lang='grc' dir='ltr'><strong>ἔρχεται</strong></span> <span class='ocrx_word' id='word_1_359' title='bbox 2742 2614 2797 2671; x_wconf 82' lang='grc' dir='ltr'><strong>δὲ</strong></span> <span class='ocrx_word' id='word_1_360' title='bbox 2858 2619 2884 2672; x_wconf 87' lang='grc' dir='ltr'><strong>ὁ</strong></span> <span class='ocrx_word' id='word_1_361' title='bbox 2947 2619 3288 2698; x_wconf 73' lang='grc' dir='ltr'><strong>ἷσχορότερός</strong></span> <span class='ocrx_word' id='word_1_362' title='bbox 3345 2642 3470 2695; x_wconf 69' lang='grc' dir='ltr'><strong>μου,</strong></span> <span class='ocrx_word' id='word_1_363' title='bbox 3531 2620 3590 2676; x_wconf 81' lang='grc' dir='ltr'>οὗ</span> <span class='ocrx_word' id='word_1_364' title='bbox 3639 2625 3735 2680; x_wconf 73' lang='grc' dir='ltr'><strong>οὐκ</strong></span> <span class='ocrx_word' id='word_1_365' title='bbox 3784 2624 3892 2698; x_wconf 82' lang='grc' dir='ltr'><strong>εἰμὶ</strong></span> 
     </span>
    </p>
   </div>
   <div class='ocr_carea' id='block_1_51' title="bbox 524 2702 2142 2794">
    <p class='ocr_par' dir='ltr' id='par_1_51' title="bbox 524 2702 2142 2794">
     <span class='ocr_line' id='line_1_51' title="bbox 524 2702 2142 2794; baseline -0.005 -15"><span class='ocrx_word' id='word_1_366' title='bbox 524 2702 1088 2789; x_wconf 84' lang='lat' dir='ltr'><strong>calceamentorum,</strong></span> <span class='ocrx_word' id='word_1_367' title='bbox 1114 2715 1243 2794; x_wconf 82' lang='lat' dir='ltr'><strong>ipse</strong></span> <span class='ocrx_word' id='word_1_368' title='bbox 1272 2731 1365 2775; x_wconf 86' lang='lat' dir='ltr'><strong>vos</strong></span> <span class='ocrx_word' id='word_1_369' title='bbox 1382 2702 1696 2793; x_wconf 87' lang='lat' dir='ltr'><strong>baptizabit</strong></span> <span class='ocrx_word' id='word_1_370' title='bbox 1717 2713 1939 2793; x_wconf 83' lang='lat' dir='ltr'><strong>Spiritu</strong></span> <span class='ocrx_word' id='word_1_371' title='bbox 1963 2722 2142 2773; x_wconf 69' lang='lat' dir='ltr'><strong>sancti</strong></span> 
     </span>
    </p>
   </div>
   <div class='ocr_carea' id='block_1_52' title="bbox 2226 2702 3887 2794">
    <p class='ocr_par' dir='ltr' id='par_1_52' title="bbox 2247 2702 3887 2786">
     <span class='ocr_line' id='line_1_52' title="bbox 2247 2702 3887 2786; baseline 0.007 -29"><span class='ocrx_word' id='word_1_372' title='bbox 2247 2703 2424 2766; x_wconf 77' lang='grc' dir='ltr'><strong>ἱκανός</strong></span> <span class='ocrx_word' id='word_1_373' title='bbox 2475 2702 2628 2761; x_wconf 79' lang='grc' dir='ltr'><strong>λῦσαι</strong></span> <span class='ocrx_word' id='word_1_374' title='bbox 2684 2707 2776 2761; x_wconf 61' lang='grc' dir='ltr'><strong>τὸν</strong></span> <span class='ocrx_word' id='word_1_375' title='bbox 2845 2706 3038 2781; x_wconf 65' lang='grc' dir='ltr'><strong>ἱμάντα</strong></span> <span class='ocrx_word' id='word_1_376' title='bbox 3108 2715 3213 2764; x_wconf 88' lang='grc' dir='ltr'><strong>τῶν</strong></span> <span class='ocrx_word' id='word_1_377' title='bbox 3279 2707 3632 2784; x_wconf 77' lang='grc' dir='ltr'><strong>ὑποδημάτων</strong></span> <span class='ocrx_word' id='word_1_378' title='bbox 3705 2714 3887 2786; x_wconf 71' lang='grc' dir='ltr'><strong>αὐτοῦ,</strong></span> 
     </span>
    </p>
   </div>
   <div class='ocr_carea' id='block_1_53' title="bbox 522 2793 2142 2886">
    <p class='ocr_par' dir='ltr' id='par_1_53' title="bbox 522 2801 2142 2886">
     <span class='ocr_line' id='line_1_53' title="bbox 522 2801 2142 2886; baseline -0.004 -18"><span class='ocrx_word' id='word_1_379' title='bbox 522 2815 580 2869; x_wconf 87' lang='lat' dir='ltr'><strong>et</strong></span> <span class='ocrx_word' id='word_1_380' title='bbox 613 2803 936 2886; x_wconf 84' lang='lat' dir='ltr'><strong>igni,cujus</strong></span> <span class='ocrx_word' id='word_1_381' title='bbox 956 2802 1347 2865; x_wconf 89' lang='lat' dir='ltr'><strong>ventilabrum</strong></span> <span class='ocrx_word' id='word_1_382' title='bbox 1370 2803 1430 2862; x_wconf 91' lang='lat' dir='ltr'><strong>in</strong></span> <span class='ocrx_word' id='word_1_383' title='bbox 1455 2821 1634 2863; x_wconf 81' lang='lat' dir='ltr'><strong>manu</strong></span> <span class='ocrx_word' id='word_1_384' title='bbox 1654 2801 1926 2881; x_wconf 87' lang='lat' dir='ltr'><strong>ipsius,et</strong></span> <span class='ocrx_word' id='word_1_385' title='bbox 1950 2819 2142 2880; x_wconf 76' lang='lat' dir='ltr'><strong>purga</strong></span> 
     </span>
    </p>
   </div>
   <div class='ocr_carea' id='block_1_54' title="bbox 2226 2793 3891 2886">
    <p class='ocr_par' dir='ltr' id='par_1_54' title="bbox 2246 2793 3891 2877">
     <span class='ocr_line' id='line_1_54' title="bbox 2246 2793 3891 2877; baseline 0.006 -31"><span class='ocrx_word' id='word_1_386' title='bbox 2246 2793 2398 2857; x_wconf 72' lang='grc' dir='ltr'><strong>αὐτὸς</strong></span> <span class='ocrx_word' id='word_1_387' title='bbox 2448 2794 2584 2869; x_wconf 79' lang='grc' dir='ltr'><strong>ὑμᾶς</strong></span> <span class='ocrx_word' id='word_1_388' title='bbox 2653 2795 2894 2870; x_wconf 79' lang='grc' dir='ltr'><strong>βαπτίσει</strong></span> <span class='ocrx_word' id='word_1_389' title='bbox 2951 2795 3005 2851; x_wconf 68' lang='grc' dir='ltr'><strong>ἂν</strong></span> <span class='ocrx_word' id='word_1_390' title='bbox 3055 2798 3321 2873; x_wconf 88' lang='grc' dir='ltr'><strong>Πνεύματι</strong></span> <span class='ocrx_word' id='word_1_391' title='bbox 3350 2799 3481 2876; x_wconf 78' lang='grc' dir='ltr'><strong>ἁγίῳ</strong></span> <span class='ocrx_word' id='word_1_392' title='bbox 3509 2801 3591 2855; x_wconf 82' lang='grc' dir='ltr'><strong>καὶ</strong></span> <span class='ocrx_word' id='word_1_393' title='bbox 3644 2800 3791 2877; x_wconf 86' lang='grc' dir='ltr'><strong>πυρί·</strong></span> <span class='ocrx_word' id='word_1_394' title='bbox 3827 2801 3891 2857; x_wconf 83' lang='grc' dir='ltr'><strong>οὖ</strong></span> 
     </span>
    </p>
   </div>
   <div class='ocr_carea' id='block_1_55' title="bbox 520 2883 2142 2970">
    <p class='ocr_par' dir='ltr' id='par_1_55' title="bbox 520 2883 2142 2970">
     <span class='ocr_line' id='line_1_55' title="bbox 520 2883 2142 2970; baseline -0.006 -11"><span class='ocrx_word' id='word_1_395' title='bbox 520 2897 604 2959; x_wconf 87' lang='lat' dir='ltr'><strong>bit</strong></span> <span class='ocrx_word' id='word_1_396' title='bbox 623 2883 826 2958; x_wconf 79' lang='lat' dir='ltr'><strong>aream</strong></span> <span class='ocrx_word' id='word_1_397' title='bbox 850 2902 1106 2968; x_wconf 87' lang='lat' dir='ltr'><strong>suam,et</strong></span> <span class='ocrx_word' id='word_1_398' title='bbox 1127 2891 1778 2970; x_wconf 88' lang='lat' dir='ltr'><strong>congregabittriticum</strong></span> <span class='ocrx_word' id='word_1_399' title='bbox 1801 2889 1859 2949; x_wconf 89' lang='lat' dir='ltr'><strong>in</strong></span> <span class='ocrx_word' id='word_1_400' title='bbox 1880 2889 2142 2950; x_wconf 74' lang='lat' dir='ltr'><strong>horreum</strong></span> 
     </span>
    </p>
   </div>
   <div class='ocr_carea' id='block_1_56' title="bbox 2226 2883 3882 2970">
    <p class='ocr_par' dir='ltr' id='par_1_56' title="bbox 2244 2883 3882 2970">
     <span class='ocr_line' id='line_1_56' title="bbox 2244 2883 3882 2970; baseline 0.004 -31"><span class='ocrx_word' id='word_1_401' title='bbox 2244 2883 2304 2970; x_wconf 75' lang='grc' dir='ltr'><strong>τὸ</strong></span> <span class='ocrx_word' id='word_1_402' title='bbox 2376 2884 2535 2940; x_wconf 82' lang='grc' dir='ltr'><strong>πτύον</strong></span> <span class='ocrx_word' id='word_1_403' title='bbox 2594 2884 2647 2940; x_wconf 80' lang='grc' dir='ltr'><strong>ἒν</strong></span> <span class='ocrx_word' id='word_1_404' title='bbox 2705 2892 2772 2959; x_wconf 70' lang='grc' dir='ltr'><strong>τῇ</strong></span> <span class='ocrx_word' id='word_1_405' title='bbox 2831 2887 2971 2966; x_wconf 84' lang='grc' dir='ltr'><strong>χειρὶ</strong></span> <span class='ocrx_word' id='word_1_406' title='bbox 3026 2889 3205 2963; x_wconf 79' lang='grc' dir='ltr'><strong>αὐτοῦ,</strong></span> <span class='ocrx_word' id='word_1_407' title='bbox 3266 2889 3356 2944; x_wconf 84' lang='grc' dir='ltr'><strong>καὶ</strong></span> <span class='ocrx_word' id='word_1_408' title='bbox 3407 2886 3730 2967; x_wconf 79' lang='grc' dir='ltr'><strong>διακαθαριεῖ</strong></span> <span class='ocrx_word' id='word_1_409' title='bbox 3776 2891 3882 2956; x_wconf 82' lang='grc' dir='ltr'><strong>τὴν</strong></span> 
     </span>
    </p>
   </div>
   <div class='ocr_carea' id='block_1_57' title="bbox 516 2968 2142 3066">
    <p class='ocr_par' dir='ltr' id='par_1_57' title="bbox 516 2968 2142 3066">
     <span class='ocr_line' id='line_1_57' title="bbox 516 2968 2142 3066; baseline -0.006 -20"><span class='ocrx_word' id='word_1_410' title='bbox 516 3005 714 3066; x_wconf 91' lang='lat' dir='ltr'><strong>suum,</strong></span> <span class='ocrx_word' id='word_1_411' title='bbox 733 2985 928 3065; x_wconf 88' lang='lat' dir='ltr'><strong>paleas</strong></span> <span class='ocrx_word' id='word_1_412' title='bbox 948 2991 1142 3044; x_wconf 90' lang='lat' dir='ltr'><strong>autem</strong></span> <span class='ocrx_word' id='word_1_413' title='bbox 1177 2968 1488 3042; x_wconf 77' lang='lat' dir='ltr'><strong>coinburet</strong></span> <span class='ocrx_word' id='word_1_414' title='bbox 1517 2979 1638 3058; x_wconf 84' lang='lat' dir='ltr'><strong>igni</strong></span> <span class='ocrx_word' id='word_1_415' title='bbox 1661 2977 2142 3056; x_wconf 85' lang='lat' dir='ltr'><strong>inexstinguibili</strong></span> 
     </span>
    </p>
   </div>
   <div class='ocr_carea' id='block_1_58' title="bbox 2226 2968 3872 3066">
    <p class='ocr_par' dir='ltr' id='par_1_58' title="bbox 2243 2968 3872 3049">
     <span class='ocr_line' id='line_1_58' title="bbox 2243 2968 3872 3049; baseline 0.006 -24"><span class='ocrx_word' id='word_1_416' title='bbox 2243 2968 2421 3029; x_wconf 64' lang='grc' dir='ltr'><strong>ἅλωνα</strong></span> <span class='ocrx_word' id='word_1_417' title='bbox 2495 2976 2673 3049; x_wconf 69' lang='grc' dir='ltr'><strong>αὐτοῦ,</strong></span> <span class='ocrx_word' id='word_1_418' title='bbox 2730 2976 2817 3031; x_wconf 85' lang='grc' dir='ltr'><strong>καὶ</strong></span> <span class='ocrx_word' id='word_1_419' title='bbox 2875 2975 3076 3042; x_wconf 78' lang='grc' dir='ltr'><strong>συνάξει</strong></span> <span class='ocrx_word' id='word_1_420' title='bbox 3135 2979 3225 3034; x_wconf 85' lang='grc' dir='ltr'><strong>τὸν</strong></span> <span class='ocrx_word' id='word_1_421' title='bbox 3255 2991 3403 3035; x_wconf 82' lang='grc' dir='ltr'><strong>σῖτον</strong></span> <span class='ocrx_word' id='word_1_422' title='bbox 3431 2978 3500 3040; x_wconf 79' lang='grc' dir='ltr'><strong>εἷς</strong></span> <span class='ocrx_word' id='word_1_423' title='bbox 3537 2977 3632 3045; x_wconf 74' lang='grc' dir='ltr'><strong>τὴν</strong></span> <span class='ocrx_word' id='word_1_424' title='bbox 3667 2978 3872 3045; x_wconf 79' lang='grc' dir='ltr'><strong>ἀποθή-</strong></span> 
     </span>
    </p>
   </div>
   <div class='ocr_carea' id='block_1_59' title="bbox 517 3063 2142 3155">
    <p class='ocr_par' dir='ltr' id='par_1_59' title="bbox 517 3063 2142 3155">
     <span class='ocr_line' id='line_1_59' title="bbox 517 3063 2142 3155; baseline -0.006 -17"><span class='ocrx_word' id='word_1_425' title='bbox 517 3063 708 3138; x_wconf 63' lang='grc' dir='ltr'><strong>Μυιια</strong></span> <span class='ocrx_word' id='word_1_426' title='bbox 731 3063 970 3155; x_wconf 82' lang='lat' dir='ltr'><strong>quidem</strong></span> <span class='ocrx_word' id='word_1_427' title='bbox 998 3080 1054 3132; x_wconf 89' lang='lat' dir='ltr'><strong>et</strong></span> <span class='ocrx_word' id='word_1_428' title='bbox 1093 3070 1208 3132; x_wconf 86' lang='lat' dir='ltr'><strong>alia</strong></span> <span class='ocrx_word' id='word_1_429' title='bbox 1248 3071 1562 3131; x_wconf 85' lang='lat' dir='ltr'><strong>exhortans</strong></span> <span class='ocrx_word' id='word_1_430' title='bbox 1583 3066 2019 3146; x_wconf 81' lang='lat' dir='ltr'><strong>evangelizabat</strong></span> <span class='ocrx_word' id='word_1_431' title='bbox 2046 3087 2142 3148; x_wconf 91' lang='lat' dir='ltr'><strong>po-</strong></span> 
     </span>
    </p>
   </div>
   <div class='ocr_carea' id='block_1_60' title="bbox 2226 3063 3872 3155">
    <p class='ocr_par' dir='ltr' id='par_1_60' title="bbox 2241 3063 3872 3145">
     <span class='ocr_line' id='line_1_60' title="bbox 2241 3063 3872 3145; baseline 0.006 -28"><span class='ocrx_word' id='word_1_432' title='bbox 2241 3083 2342 3128; x_wconf 84' lang='grc' dir='ltr'><strong>κην</strong></span> <span class='ocrx_word' id='word_1_433' title='bbox 2387 3063 2562 3138; x_wconf 77' lang='grc' dir='ltr'><strong>αὑτοῦ,</strong></span> <span class='ocrx_word' id='word_1_434' title='bbox 2648 3066 2708 3120; x_wconf 83' lang='grc' dir='ltr'><strong>τὸ</strong></span> <span class='ocrx_word' id='word_1_435' title='bbox 2759 3063 2813 3120; x_wconf 76' lang='grc' dir='ltr'><strong>δὲ</strong></span> <span class='ocrx_word' id='word_1_436' title='bbox 2870 3065 3069 3145; x_wconf 77' lang='grc' dir='ltr'><strong>ἄχυρον</strong></span> <span class='ocrx_word' id='word_1_437' title='bbox 3125 3068 3442 3127; x_wconf 78' lang='grc' dir='ltr'><strong>κανακαύσει</strong></span> <span class='ocrx_word' id='word_1_438' title='bbox 3470 3067 3586 3144; x_wconf 79' lang='grc' dir='ltr'><strong>πυρὶ</strong></span> <span class='ocrx_word' id='word_1_439' title='bbox 3610 3064 3872 3140; x_wconf 74' lang='grc' dir='ltr'><strong>ἀσϐέστῳ.</strong></span> 
     </span>
    </p>
   </div>
   <div class='ocr_carea' id='block_1_61' title="bbox 517 3150 2142 3244">
    <p class='ocr_par' dir='ltr' id='par_1_61' title="bbox 517 3150 2142 3244">
     <span class='ocr_line' id='line_1_61' title="bbox 517 3150 2142 3244; baseline -0.007 -17"><span class='ocrx_word' id='word_1_440' title='bbox 517 3165 677 3244; x_wconf 89' lang='lat' dir='ltr'><strong>pulo.</strong></span> <span class='ocrx_word' id='word_1_441' title='bbox 711 3150 1065 3226; x_wconf 56' lang='lat' dir='ltr'><strong>{Admonet</strong></span> <span class='ocrx_word' id='word_1_442' title='bbox 1110 3169 1167 3222; x_wconf 90' lang='lat' dir='ltr'><strong>et</strong></span> <span class='ocrx_word' id='word_1_443' title='bbox 1198 3159 1542 3222; x_wconf 84' lang='lat' dir='ltr'><strong>exhortatur</strong></span> <span class='ocrx_word' id='word_1_444' title='bbox 1571 3167 1688 3221; x_wconf 90' lang='lat' dir='ltr'><strong>tres</strong></span> <span class='ocrx_word' id='word_1_445' title='bbox 1734 3158 1866 3220; x_wconf 91' lang='lat' dir='ltr'><strong>illos</strong></span> <span class='ocrx_word' id='word_1_446' title='bbox 1915 3157 2142 3218; x_wconf 74' lang='lat' dir='ltr'><strong>ordines</strong></span> 
     </span>
    </p>
   </div>
   <div class='ocr_carea' id='block_1_62' title="bbox 2226 3150 3881 3244">
    <p class='ocr_par' dir='ltr' id='par_1_62' title="bbox 2245 3150 3881 3236">
     <span class='ocr_line' id='line_1_62' title="bbox 2245 3150 3881 3236; baseline 0.004 -30"><span class='ocrx_word' id='word_1_447' title='bbox 2245 3150 2422 3207; x_wconf 89' lang='grc' dir='ltr'><strong>[Ιολλά</strong></span> <span class='ocrx_word' id='word_1_448' title='bbox 2481 3153 2578 3228; x_wconf 82' lang='grc' dir='ltr'><strong>μὲν</strong></span> <span class='ocrx_word' id='word_1_449' title='bbox 2638 3154 2726 3210; x_wconf 77' lang='grc' dir='ltr'><strong>οὗν</strong></span> <span class='ocrx_word' id='word_1_450' title='bbox 2807 3155 2894 3209; x_wconf 85' lang='grc' dir='ltr'><strong>καὶ</strong></span> <span class='ocrx_word' id='word_1_451' title='bbox 2923 3155 3073 3232; x_wconf 77' lang='grc' dir='ltr'><strong>ἕτερα</strong></span> <span class='ocrx_word' id='word_1_452' title='bbox 3121 3155 3464 3236; x_wconf 78' lang='grc' dir='ltr'><strong>παρακαλῶν,</strong></span> <span class='ocrx_word' id='word_1_453' title='bbox 3513 3153 3881 3234; x_wconf 72' lang='grc' dir='ltr'><strong>εὒηγγελίζετο</strong></span> 
     </span>
    </p>
   </div>
   <div class='ocr_carea' id='block_1_63' title="bbox 516 3239 2142 3335">
    <p class='ocr_par' dir='ltr' id='par_1_63' title="bbox 516 3239 2142 3335">
     <span class='ocr_line' id='line_1_63' title="bbox 516 3239 2142 3335; baseline -0.005 -22"><span class='ocrx_word' id='word_1_454' title='bbox 516 3239 616 3335; x_wconf 75' lang='lat' dir='ltr'><strong>qui</strong></span> <span class='ocrx_word' id='word_1_455' title='bbox 636 3252 708 3314; x_wconf 91' lang='lat' dir='ltr'><strong>ad</strong></span> <span class='ocrx_word' id='word_1_456' title='bbox 731 3251 1018 3315; x_wconf 86' lang='lat' dir='ltr'><strong>Joannem</strong></span> <span class='ocrx_word' id='word_1_457' title='bbox 1039 3257 1439 3322; x_wconf 84' lang='lat' dir='ltr'><strong>accesserant,</strong></span> <span class='ocrx_word' id='word_1_458' title='bbox 1467 3247 1688 3323; x_wconf 88' lang='lat' dir='ltr'><strong>turbas,</strong></span> <span class='ocrx_word' id='word_1_459' title='bbox 1715 3247 2142 3327; x_wconf 83' lang='lat' dir='ltr'><strong>publicanos,el</strong></span> 
     </span>
    </p>
   </div>
   <div class='ocr_carea' id='block_1_64' title="bbox 2226 3239 3883 3335">
    <p class='ocr_par' dir='ltr' id='par_1_64' title="bbox 2237 3239 3883 3335">
     <span class='ocr_line' id='line_1_64' title="bbox 2237 3239 3883 3335; baseline 0.002 -40"><span class='ocrx_word' id='word_1_460' title='bbox 2237 3239 2535 3335; x_wconf 36' lang='lat' dir='ltr'><strong>pinv-126v,</strong></span> <span class='ocrx_word' id='word_1_461' title='bbox 2611 3264 2641 3298; x_wconf 73' lang='grc' dir='ltr'><strong><em>ι</em></strong></span> <span class='ocrx_word' id='word_1_462' title='bbox 2699 3243 2823 3321; x_wconf 84' lang='grc' dir='ltr'><strong>Τρία</strong></span> <span class='ocrx_word' id='word_1_463' title='bbox 2895 3243 3140 3320; x_wconf 75' lang='grc' dir='ltr'><strong>τάγματα</strong></span> <span class='ocrx_word' id='word_1_464' title='bbox 3222 3243 3577 3324; x_wconf 86' lang='grc' dir='ltr'><strong>προσελθόντα</strong></span> <span class='ocrx_word' id='word_1_465' title='bbox 3630 3244 3793 3323; x_wconf 65' lang='grc' dir='ltr'><strong>αὐτῷ,</strong></span> <span class='ocrx_word' id='word_1_466' title='bbox 3855 3245 3883 3299; x_wconf 83' lang='lat'><strong>6</strong></span> 
     </span>
    </p>
   </div>
   <div class='ocr_carea' id='block_1_65' title="bbox 515 3326 2142 3420">
    <p class='ocr_par' dir='ltr' id='par_1_65' title="bbox 515 3326 2142 3420">
     <span class='ocr_line' id='line_1_65' title="bbox 515 3326 2142 3420; baseline -0.004 -16"><span class='ocrx_word' id='word_1_467' title='bbox 515 3326 760 3405; x_wconf 77' lang='lat' dir='ltr'><strong>milites.</strong></span> <span class='ocrx_word' id='word_1_468' title='bbox 786 3340 858 3402; x_wconf 90' lang='lat' dir='ltr'><strong>Et</strong></span> <span class='ocrx_word' id='word_1_469' title='bbox 878 3340 1080 3401; x_wconf 87' lang='lat' dir='ltr'><strong>turbas</strong></span> <span class='ocrx_word' id='word_1_470' title='bbox 1104 3338 1342 3420; x_wconf 90' lang='lat' dir='ltr'><strong>quidem</strong></span> <span class='ocrx_word' id='word_1_471' title='bbox 1366 3337 1644 3399; x_wconf 88' lang='lat' dir='ltr'><strong>admonet</strong></span> <span class='ocrx_word' id='word_1_472' title='bbox 1673 3326 1734 3398; x_wconf 89' lang='lat' dir='ltr'><strong>ut</strong></span> <span class='ocrx_word' id='word_1_473' title='bbox 1761 3336 2142 3417; x_wconf 75' lang='lat' dir='ltr'><strong>eleemosyna</strong></span> 
     </span>
    </p>
   </div>
   <div class='ocr_carea' id='block_1_66' title="bbox 2226 3326 3882 3420">
    <p class='ocr_par' dir='ltr' id='par_1_66' title="bbox 2239 3326 3882 3414">
     <span class='ocr_line' id='line_1_66' title="bbox 2239 3326 3882 3414; baseline 0.003 -30"><span class='ocrx_word' id='word_1_474' title='bbox 2239 3326 2491 3397; x_wconf 81' lang='grc' dir='ltr'><strong>Ἰωάννης</strong></span> <span class='ocrx_word' id='word_1_475' title='bbox 2563 3334 2820 3410; x_wconf 72' lang='grc' dir='ltr'><strong>νουθετεῖ,</strong></span> <span class='ocrx_word' id='word_1_476' title='bbox 2876 3333 3000 3396; x_wconf 84' lang='grc' dir='ltr'><strong>τοὺς</strong></span> <span class='ocrx_word' id='word_1_477' title='bbox 3063 3331 3286 3413; x_wconf 78' lang='grc' dir='ltr'><strong>ὃχλους,</strong></span> <span class='ocrx_word' id='word_1_478' title='bbox 3345 3335 3466 3398; x_wconf 75' lang='grc' dir='ltr'><strong>τοὺς</strong></span> <span class='ocrx_word' id='word_1_479' title='bbox 3504 3331 3763 3414; x_wconf 84' lang='grc' dir='ltr'><strong>τελώνας,</strong></span> <span class='ocrx_word' id='word_1_480' title='bbox 3795 3334 3882 3389; x_wconf 76' lang='grc' dir='ltr'><strong>καὶ</strong></span> 
     </span>
    </p>
   </div>
   <div class='ocr_carea' id='block_1_67' title="bbox 510 3427 2159 3511">
    <p class='ocr_par' dir='ltr' id='par_1_67' title="bbox 510 3427 2159 3511">
     <span class='ocr_line' id='line_1_67' title="bbox 510 3427 2159 3511; baseline -0.001 -21"><span class='ocrx_word' id='word_1_481' title='bbox 510 3429 1095 3511; x_wconf 71' lang='lat' dir='ltr'><strong>vacent,przecipiens</strong></span> <span class='ocrx_word' id='word_1_482' title='bbox 1118 3427 1518 3489; x_wconf 89' lang='lat' dir='ltr'><strong>habentiduas</strong></span> <span class='ocrx_word' id='word_1_483' title='bbox 1533 3427 2159 3496; x_wconf 86' lang='lat' dir='ltr'><strong>vestes,communica-</strong></span> 
     </span>
    </p>
   </div>
   <div class='ocr_carea' id='block_1_68' title="bbox 511 3515 2149 3600">
    <p class='ocr_par' dir='ltr' id='par_1_68' title="bbox 511 3515 2149 3600">
     <span class='ocr_line' id='line_1_68' title="bbox 511 3515 2149 3600; baseline -0.003 -18"><span class='ocrx_word' id='word_1_484' title='bbox 511 3539 577 3582; x_wconf 89' lang='lat' dir='ltr'><strong>re</strong></span> <span class='ocrx_word' id='word_1_485' title='bbox 604 3521 656 3581; x_wconf 90' lang='lat' dir='ltr'><strong>ei</strong></span> <span class='ocrx_word' id='word_1_486' title='bbox 689 3521 787 3600; x_wconf 88' lang='lat' dir='ltr'><strong>qui</strong></span> <span class='ocrx_word' id='word_1_487' title='bbox 812 3539 929 3580; x_wconf 92' lang='lat' dir='ltr'><strong>non</strong></span> <span class='ocrx_word' id='word_1_488' title='bbox 949 3516 1496 3579; x_wconf 82' lang='lat' dir='ltr'><strong>habet.Publicanis</strong></span> <span class='ocrx_word' id='word_1_489' title='bbox 1517 3534 1656 3578; x_wconf 84' lang='lat' dir='ltr'><strong>vero</strong></span> <span class='ocrx_word' id='word_1_490' title='bbox 1681 3534 1797 3576; x_wconf 89' lang='lat' dir='ltr'><strong>non</strong></span> <span class='ocrx_word' id='word_1_491' title='bbox 1821 3515 1951 3596; x_wconf 91' lang='lat' dir='ltr'><strong>plus</strong></span> <span class='ocrx_word' id='word_1_492' title='bbox 1973 3535 2149 3596; x_wconf 90' lang='lat' dir='ltr'><strong>quam</strong></span> 
     </span>
    </p>
   </div>
   <div class='ocr_carea' id='block_1_69' title="bbox 511 3605 2145 3687">
    <p class='ocr_par' dir='ltr' id='par_1_69' title="bbox 511 3605 2145 3687">
     <span class='ocr_line' id='line_1_69' title="bbox 511 3605 2145 3687; baseline -0.002 -16"><span class='ocrx_word' id='word_1_493' title='bbox 511 3611 896 3671; x_wconf 86' lang='lat' dir='ltr'><strong>constitutum</strong></span> <span class='ocrx_word' id='word_1_494' title='bbox 927 3617 1014 3668; x_wconf 90' lang='lat' dir='ltr'><strong>est</strong></span> <span class='ocrx_word' id='word_1_495' title='bbox 1046 3607 1190 3687; x_wconf 81' lang='lat' dir='ltr'><strong>ipsis</strong></span> <span class='ocrx_word' id='word_1_496' title='bbox 1220 3614 1593 3685; x_wconf 88' lang='lat' dir='ltr'><strong>extorquere,</strong></span> <span class='ocrx_word' id='word_1_497' title='bbox 1623 3605 1733 3665; x_wconf 92' lang='lat' dir='ltr'><strong>hoc</strong></span> <span class='ocrx_word' id='word_1_498' title='bbox 1758 3613 1848 3664; x_wconf 91' lang='lat' dir='ltr'><strong>est</strong></span> <span class='ocrx_word' id='word_1_499' title='bbox 1872 3607 2145 3685; x_wconf 82' lang='lat' dir='ltr'><strong>exigere:</strong></span> 
     </span>
    </p>
   </div>
   <div class='ocr_carea' id='block_1_70' title="bbox 512 3694 2153 3775">
    <p class='ocr_par' dir='ltr' id='par_1_70' title="bbox 512 3694 2153 3775">
     <span class='ocr_line' id='line_1_70' title="bbox 512 3694 2153 3775; baseline -0.001 -17"><span class='ocrx_word' id='word_1_500' title='bbox 512 3697 799 3759; x_wconf 84' lang='lat' dir='ltr'><strong>militibus</strong></span> <span class='ocrx_word' id='word_1_501' title='bbox 830 3705 1026 3757; x_wconf 90' lang='lat' dir='ltr'><strong>autem</strong></span> <span class='ocrx_word' id='word_1_502' title='bbox 1080 3715 1197 3756; x_wconf 90' lang='lat' dir='ltr'><strong>non</strong></span> <span class='ocrx_word' id='word_1_503' title='bbox 1235 3713 1468 3775; x_wconf 82' lang='lat' dir='ltr'><strong>rapere,</strong></span> <span class='ocrx_word' id='word_1_504' title='bbox 1520 3694 1622 3755; x_wconf 89' lang='lat' dir='ltr'><strong>sed</strong></span> <span class='ocrx_word' id='word_1_505' title='bbox 1674 3703 1986 3757; x_wconf 90' lang='lat' dir='ltr'><strong>contentos</strong></span> <span class='ocrx_word' id='word_1_506' title='bbox 2021 3713 2153 3757; x_wconf 87' lang='lat' dir='ltr'><strong>esse</strong></span> 
     </span>
    </p>
   </div>
   <div class='ocr_carea' id='block_1_71' title="bbox 511 3784 2149 3866">
    <p class='ocr_par' dir='ltr' id='par_1_71' title="bbox 511 3784 2149 3866">
     <span class='ocr_line' id='line_1_71' title="bbox 511 3784 2149 3866; baseline -0.003 -17"><span class='ocrx_word' id='word_1_507' title='bbox 511 3786 799 3866; x_wconf 85' lang='lat' dir='ltr'><strong>obsoniis,</strong></span> <span class='ocrx_word' id='word_1_508' title='bbox 824 3786 934 3846; x_wconf 88' lang='lat' dir='ltr'><strong>hoc</strong></span> <span class='ocrx_word' id='word_1_509' title='bbox 958 3794 1066 3861; x_wconf 89' lang='lat' dir='ltr'><strong>est,</strong></span> <span class='ocrx_word' id='word_1_510' title='bbox 1095 3785 1186 3845; x_wconf 91' lang='lat' dir='ltr'><strong>his</strong></span> <span class='ocrx_word' id='word_1_511' title='bbox 1217 3803 1346 3865; x_wconf 60' lang='lat' dir='ltr'><strong>quae</strong></span> <span class='ocrx_word' id='word_1_512' title='bbox 1377 3803 1408 3844; x_wconf 87' lang='lat' dir='ltr'><strong>a</strong></span> <span class='ocrx_word' id='word_1_513' title='bbox 1438 3801 1582 3864; x_wconf 88' lang='lat' dir='ltr'><strong>rege</strong></span> <span class='ocrx_word' id='word_1_514' title='bbox 1605 3784 1775 3863; x_wconf 85' lang='lat' dir='ltr'><strong>juxta</strong></span> <span class='ocrx_word' id='word_1_515' title='bbox 1805 3795 2149 3845; x_wconf 90' lang='lat' dir='ltr'><strong>consuetam</strong></span> 
     </span>
    </p>
   </div>
   <div class='ocr_carea' id='block_1_72' title="bbox 508 3873 2152 3954">
    <p class='ocr_par' dir='ltr' id='par_1_72' title="bbox 508 3873 2152 3954">
     <span class='ocr_line' id='line_1_72' title="bbox 508 3873 2152 3954; baseline -0.002 -17"><span class='ocrx_word' id='word_1_516' title='bbox 508 3876 922 3937; x_wconf 84' lang='lat' dir='ltr'><strong>liberalitatem</strong></span> <span class='ocrx_word' id='word_1_517' title='bbox 940 3873 1641 3953; x_wconf 89' lang='lat' dir='ltr'><strong>erogantur.Vidcautem</strong></span> <span class='ocrx_word' id='word_1_518' title='bbox 1657 3874 1950 3954; x_wconf 92' lang='lat' dir='ltr'><strong>quomodo</strong></span> <span class='ocrx_word' id='word_1_519' title='bbox 1968 3873 2152 3935; x_wconf 77' lang='lat' dir='ltr'><strong>turbis</strong></span> 
     </span>
    </p>
   </div>
   <div class='ocr_carea' id='block_1_73' title="bbox 508 3962 2150 4043">
    <p class='ocr_par' dir='ltr' id='par_1_73' title="bbox 508 3962 2150 4043">
     <span class='ocr_line' id='line_1_73' title="bbox 508 3962 2150 4043; baseline -0.003 -14"><span class='ocrx_word' id='word_1_520' title='bbox 508 3985 618 4028; x_wconf 89' lang='lat' dir='ltr'><strong>ceu</strong></span> <span class='ocrx_word' id='word_1_521' title='bbox 650 3963 1071 4026; x_wconf 81' lang='lat' dir='ltr'><strong>innocentibus</strong></span> <span class='ocrx_word' id='word_1_522' title='bbox 1102 3963 1269 4036; x_wconf 87' lang='lat' dir='ltr'><strong>dicit,</strong></span> <span class='ocrx_word' id='word_1_523' title='bbox 1295 3964 1608 4024; x_wconf 84' lang='lat' dir='ltr'><strong>exhortans</strong></span> <span class='ocrx_word' id='word_1_524' title='bbox 1631 3973 1693 4022; x_wconf 94' lang='lat' dir='ltr'><strong>ut</strong></span> <span class='ocrx_word' id='word_1_525' title='bbox 1723 3962 1941 4024; x_wconf 93' lang='lat' dir='ltr'><strong>bonum</strong></span> <span class='ocrx_word' id='word_1_526' title='bbox 1973 3963 2150 4043; x_wconf 86' lang='lat' dir='ltr'><strong>quid-</strong></span> 
     </span>
    </p>
   </div>
   <div class='ocr_carea' id='block_1_74' title="bbox 508 4052 2151 4133">
    <p class='ocr_par' dir='ltr' id='par_1_74' title="bbox 508 4052 2151 4133">
     <span class='ocr_line' id='line_1_74' title="bbox 508 4052 2151 4133; baseline -0.002 -16"><span class='ocrx_word' id='word_1_527' title='bbox 508 4055 641 4117; x_wconf 89' lang='lat' dir='ltr'><strong>dam</strong></span> <span class='ocrx_word' id='word_1_528' title='bbox 672 4053 906 4133; x_wconf 83' lang='lat' dir='ltr'><strong>faciant,</strong></span> <span class='ocrx_word' id='word_1_529' title='bbox 939 4053 1050 4114; x_wconf 89' lang='lat' dir='ltr'><strong>hoc</strong></span> <span class='ocrx_word' id='word_1_530' title='bbox 1085 4060 1196 4128; x_wconf 90' lang='lat' dir='ltr'><strong>est,</strong></span> <span class='ocrx_word' id='word_1_531' title='bbox 1230 4063 1289 4114; x_wconf 92' lang='lat' dir='ltr'><strong>ut</strong></span> <span class='ocrx_word' id='word_1_532' title='bbox 1321 4052 1784 4115; x_wconf 85' lang='lat' dir='ltr'><strong>communicent.</strong></span> <span class='ocrx_word' id='word_1_533' title='bbox 1813 4053 2151 4115; x_wconf 84' lang='lat' dir='ltr'><strong>Publicanis</strong></span> 
     </span>
    </p>
   </div>
   <div class='ocr_carea' id='block_1_75' title="bbox 509 4141 2144 4224">
    <p class='ocr_par' dir='ltr' id='par_1_75' title="bbox 509 4141 2144 4224">
     <span class='ocr_line' id='line_1_75' title="bbox 509 4141 2144 4224; baseline -0.001 -20"><span class='ocrx_word' id='word_1_534' title='bbox 509 4153 640 4206; x_wconf 87' lang='lat' dir='ltr'><strong>vero</strong></span> <span class='ocrx_word' id='word_1_535' title='bbox 667 4142 1098 4224; x_wconf 85' lang='lat' dir='ltr'><strong>mllitihusque,</strong></span> <span class='ocrx_word' id='word_1_536' title='bbox 1117 4152 1178 4202; x_wconf 92' lang='lat' dir='ltr'><strong>ut</strong></span> <span class='ocrx_word' id='word_1_537' title='bbox 1198 4142 1486 4204; x_wconf 88' lang='lat' dir='ltr'><strong>absistant</strong></span> <span class='ocrx_word' id='word_1_538' title='bbox 1506 4162 1538 4203; x_wconf 92' lang='lat' dir='ltr'><strong>a</strong></span> <span class='ocrx_word' id='word_1_539' title='bbox 1563 4141 1738 4204; x_wconf 90' lang='lat' dir='ltr'><strong>malo.</strong></span> <span class='ocrx_word' id='word_1_540' title='bbox 1764 4144 1969 4223; x_wconf 88' lang='lat' dir='ltr'><strong>Neque</strong></span> <span class='ocrx_word' id='word_1_541' title='bbox 1987 4142 2144 4204; x_wconf 92' lang='lat' dir='ltr'><strong>enim</strong></span> 
     </span>
    </p>
   </div>
   <div class='ocr_carea' id='block_1_76' title="bbox 2234 3419 3884 3503">
    <p class='ocr_par' dir='ltr' id='par_1_76' title="bbox 2234 3419 3884 3503">
     <span class='ocr_line' id='line_1_76' title="bbox 2234 3419 3884 3503; baseline 0.002 -29"><span class='ocrx_word' id='word_1_542' title='bbox 2234 3419 2357 3482; x_wconf 87' lang='grc' dir='ltr'><strong>τοὺς</strong></span> <span class='ocrx_word' id='word_1_543' title='bbox 2408 3421 2760 3498; x_wconf 68' lang='grc' dir='ltr'><strong>στρατιώταςς</strong></span> <span class='ocrx_word' id='word_1_544' title='bbox 2817 3423 2950 3485; x_wconf 85' lang='grc' dir='ltr'><strong>Τοῖς</strong></span> <span class='ocrx_word' id='word_1_545' title='bbox 3035 3422 3132 3498; x_wconf 81' lang='grc' dir='ltr'><strong>μὲν</strong></span> <span class='ocrx_word' id='word_1_546' title='bbox 3211 3431 3300 3480; x_wconf 84' lang='grc' dir='ltr'><strong>οὖν</strong></span> <span class='ocrx_word' id='word_1_547' title='bbox 3360 3422 3546 3503; x_wconf 77' lang='grc' dir='ltr'><strong>ὄχλοις</strong></span> <span class='ocrx_word' id='word_1_548' title='bbox 3632 3435 3884 3500; x_wconf 76' lang='grc' dir='ltr'><strong>παραινεῖ</strong></span> 
     </span>
    </p>
   </div>
   <div class='ocr_carea' id='block_1_77' title="bbox 2235 3509 3879 3593">
    <p class='ocr_par' dir='ltr' id='par_1_77' title="bbox 2235 3509 3879 3593">
     <span class='ocr_line' id='line_1_77' title="bbox 2235 3509 3879 3593; baseline 0.001 -30"><span class='ocrx_word' id='word_1_549' title='bbox 2235 3510 2521 3589; x_wconf 83' lang='grc' dir='ltr'><strong>προσέχειν</strong></span> <span class='ocrx_word' id='word_1_550' title='bbox 2578 3517 2646 3588; x_wconf 78' lang='grc' dir='ltr'><strong>τῇ</strong></span> <span class='ocrx_word' id='word_1_551' title='bbox 2699 3509 3062 3588; x_wconf 65' lang='grc' dir='ltr'><strong>ἕλεημοσύνῃ,</strong></span> <span class='ocrx_word' id='word_1_552' title='bbox 3125 3513 3216 3568; x_wconf 82' lang='grc' dir='ltr'><strong>τὸν</strong></span> <span class='ocrx_word' id='word_1_553' title='bbox 3275 3513 3476 3592; x_wconf 77' lang='grc' dir='ltr'><strong>ἔχοντα</strong></span> <span class='ocrx_word' id='word_1_554' title='bbox 3509 3511 3599 3570; x_wconf 88' lang='grc' dir='ltr'><strong>δύο</strong></span> <span class='ocrx_word' id='word_1_555' title='bbox 3641 3517 3879 3593; x_wconf 80' lang='grc' dir='ltr'><strong>χιτῶνας</strong></span> 
     </span>
    </p>
   </div>
   <div class='ocr_carea' id='block_1_78' title="bbox 2235 3597 3872 3681">
    <p class='ocr_par' dir='ltr' id='par_1_78' title="bbox 2235 3597 3872 3681">
     <span class='ocr_line' id='line_1_78' title="bbox 2235 3597 3872 3681; baseline 0.003 -29"><span class='ocrx_word' id='word_1_556' title='bbox 2235 3597 2462 3654; x_wconf 81' lang='grc' dir='ltr'><strong>κελεύων</strong></span> <span class='ocrx_word' id='word_1_557' title='bbox 2522 3597 2832 3674; x_wconf 81' lang='grc' dir='ltr'><strong>μεταδοῦναι</strong></span> <span class='ocrx_word' id='word_1_558' title='bbox 2863 3601 2940 3675; x_wconf 79' lang='grc' dir='ltr'><strong>τῷ</strong></span> <span class='ocrx_word' id='word_1_559' title='bbox 3004 3602 3081 3675; x_wconf 78' lang='grc' dir='ltr'><strong>μὴ</strong></span> <span class='ocrx_word' id='word_1_560' title='bbox 3112 3599 3320 3681; x_wconf 77' lang='grc' dir='ltr'><strong>ἕχοντιο</strong></span> <span class='ocrx_word' id='word_1_561' title='bbox 3352 3615 3468 3665; x_wconf 77' lang='grc' dir='ltr'><strong>τοῖς</strong></span> <span class='ocrx_word' id='word_1_562' title='bbox 3512 3601 3566 3658; x_wconf 82' lang='grc' dir='ltr'><strong>δὲ</strong></span> <span class='ocrx_word' id='word_1_563' title='bbox 3595 3601 3872 3676; x_wconf 75' lang='grc' dir='ltr'><strong>τελώναις,</strong></span> 
     </span>
    </p>
   </div>
   <div class='ocr_carea' id='block_1_79' title="bbox 2235 3686 3872 3769">
    <p class='ocr_par' dir='ltr' id='par_1_79' title="bbox 2235 3686 3872 3769">
     <span class='ocr_line' id='line_1_79' title="bbox 2235 3686 3872 3769; baseline 0.004 -28"><span class='ocrx_word' id='word_1_564' title='bbox 2235 3689 2294 3742; x_wconf 85' lang='grc' dir='ltr'><strong>τὸ</strong></span> <span class='ocrx_word' id='word_1_565' title='bbox 2356 3686 2522 3762; x_wconf 81' lang='grc' dir='ltr'><strong>μηδὲν</strong></span> <span class='ocrx_word' id='word_1_566' title='bbox 2591 3687 2753 3744; x_wconf 84' lang='grc' dir='ltr'><strong>πλέον</strong></span> <span class='ocrx_word' id='word_1_567' title='bbox 2799 3690 3153 3769; x_wconf 81' lang='grc' dir='ltr'><strong>εἷσπράσσειν,</strong></span> <span class='ocrx_word' id='word_1_568' title='bbox 3217 3691 3508 3766; x_wconf 82' lang='grc' dir='ltr'><strong>τουτέστιν,</strong></span> <span class='ocrx_word' id='word_1_569' title='bbox 3598 3692 3872 3747; x_wconf 57' lang='grc' dir='ltr'><strong>ἀπαιτεῖν</strong></span> 
     </span>
    </p>
   </div>
   <div class='ocr_carea' id='block_1_80' title="bbox 2235 3775 3874 3859">
    <p class='ocr_par' dir='ltr' id='par_1_80' title="bbox 2235 3775 3874 3859">
     <span class='ocr_line' id='line_1_80' title="bbox 2235 3775 3874 3859; baseline 0.002 -25"><span class='ocrx_word' id='word_1_570' title='bbox 2235 3789 2351 3840; x_wconf 79' lang='grc' dir='ltr'><strong>τοῖς</strong></span> <span class='ocrx_word' id='word_1_571' title='bbox 2409 3775 2466 3834; x_wconf 75' lang='grc' dir='ltr'><strong>δὲ</strong></span> <span class='ocrx_word' id='word_1_572' title='bbox 2517 3779 2889 3854; x_wconf 83' lang='grc' dir='ltr'><strong>στρατιώταις,</strong></span> <span class='ocrx_word' id='word_1_573' title='bbox 2958 3780 3020 3835; x_wconf 83' lang='grc' dir='ltr'><strong>τὸ</strong></span> <span class='ocrx_word' id='word_1_574' title='bbox 3075 3780 3153 3856; x_wconf 79' lang='grc' dir='ltr'><strong>μὴ</strong></span> <span class='ocrx_word' id='word_1_575' title='bbox 3224 3781 3496 3858; x_wconf 79' lang='grc' dir='ltr'><strong>ἁρπάζειν,</strong></span> <span class='ocrx_word' id='word_1_576' title='bbox 3531 3778 3651 3836; x_wconf 86' lang='grc' dir='ltr'><strong>ἀλλ’</strong></span> <span class='ocrx_word' id='word_1_577' title='bbox 3682 3780 3874 3859; x_wconf 73' lang='grc' dir='ltr'><strong>ἀρκεῖ-</strong></span> 
     </span>
    </p>
   </div>
   <div class='ocr_carea' id='block_1_81' title="bbox 2236 3868 3875 3949">
    <p class='ocr_par' dir='ltr' id='par_1_81' title="bbox 2236 3868 3875 3949">
     <span class='ocr_line' id='line_1_81' title="bbox 2236 3868 3875 3949; baseline 0.002 -26"><span class='ocrx_word' id='word_1_578' title='bbox 2236 3871 2352 3923; x_wconf 87' lang='grc' dir='ltr'><strong>σθαι</strong></span> <span class='ocrx_word' id='word_1_579' title='bbox 2437 3881 2554 3931; x_wconf 74' lang='grc' dir='ltr'><strong>τοῖς</strong></span> <span class='ocrx_word' id='word_1_580' title='bbox 2613 3868 2887 3948; x_wconf 79' lang='grc' dir='ltr'><strong>ὀψωνίοις,</strong></span> <span class='ocrx_word' id='word_1_581' title='bbox 2947 3873 3206 3941; x_wconf 74' lang='grc' dir='ltr'><strong>τουτέστι,</strong></span> <span class='ocrx_word' id='word_1_582' title='bbox 3240 3883 3364 3933; x_wconf 82' lang='grc' dir='ltr'><strong>ταῖς</strong></span> <span class='ocrx_word' id='word_1_583' title='bbox 3404 3869 3704 3946; x_wconf 78' lang='grc' dir='ltr'><strong>διδομέναις</strong></span> <span class='ocrx_word' id='word_1_584' title='bbox 3732 3871 3875 3949; x_wconf 84' lang='grc' dir='ltr'><strong>παρά</strong></span> 
     </span>
    </p>
   </div>
   <div class='ocr_carea' id='block_1_82' title="bbox 2233 3949 3872 4039">
    <p class='ocr_par' dir='ltr' id='par_1_82' title="bbox 2233 3949 3872 4039">
     <span class='ocr_line' id='line_1_82' title="bbox 2233 3949 3872 4039; baseline 0.001 -28"><span class='ocrx_word' id='word_1_585' title='bbox 2233 3959 2326 4012; x_wconf 76' lang='grc' dir='ltr'>τοῦ</span> <span class='ocrx_word' id='word_1_586' title='bbox 2374 3955 2635 4032; x_wconf 87' lang='grc' dir='ltr'><strong>βασιλέως</strong></span> <span class='ocrx_word' id='word_1_587' title='bbox 2697 3959 2832 4013; x_wconf 79' lang='grc' dir='ltr'><strong>κατὰ</strong></span> <span class='ocrx_word' id='word_1_588' title='bbox 2886 3959 3158 4027; x_wconf 76' lang='grc' dir='ltr'><strong>συνήθειαν</strong></span> <span class='ocrx_word' id='word_1_589' title='bbox 3216 3958 3561 4039; x_wconf 78' lang='grc' dir='ltr'><strong>φιλοτιμίαις,</strong></span> <span class='ocrx_word' id='word_1_590' title='bbox 3617 3949 3766 4037; x_wconf 76' lang='grc' dir='ltr'><strong>υΟρα</strong></span> <span class='ocrx_word' id='word_1_591' title='bbox 3820 3959 3872 4014; x_wconf 77' lang='grc' dir='ltr'><strong>δὲ</strong></span> 
     </span>
    </p>
   </div>
   <div class='ocr_carea' id='block_1_83' title="bbox 2231 4044 3871 4127">
    <p class='ocr_par' dir='ltr' id='par_1_83' title="bbox 2231 4044 3871 4127">
     <span class='ocr_line' id='line_1_83' title="bbox 2231 4044 3871 4127; baseline 0.002 -26"><span class='ocrx_word' id='word_1_592' title='bbox 2231 4051 2346 4109; x_wconf 87' lang='grc' dir='ltr'><strong>πῶς</strong></span> <span class='ocrx_word' id='word_1_593' title='bbox 2404 4059 2520 4109; x_wconf 75' lang='grc' dir='ltr'><strong>τοῖς</strong></span> <span class='ocrx_word' id='word_1_594' title='bbox 2571 4046 2667 4120; x_wconf 80' lang='grc' dir='ltr'><strong>μὲν</strong></span> <span class='ocrx_word' id='word_1_595' title='bbox 2711 4044 2899 4125; x_wconf 72' lang='grc' dir='ltr'><strong>ὄχλοις</strong></span> <span class='ocrx_word' id='word_1_596' title='bbox 2941 4049 3014 4111; x_wconf 83' lang='grc' dir='ltr'><strong>ὡς</strong></span> <span class='ocrx_word' id='word_1_597' title='bbox 3045 4047 3262 4112; x_wconf 65' lang='grc' dir='ltr'><strong>ἀκάκοις</strong></span> <span class='ocrx_word' id='word_1_598' title='bbox 3293 4048 3405 4104; x_wconf 77' lang='grc' dir='ltr'><strong>οὖσι</strong></span> <span class='ocrx_word' id='word_1_599' title='bbox 3438 4060 3688 4126; x_wconf 77' lang='grc' dir='ltr'><strong>παραινεῖ</strong></span> <span class='ocrx_word' id='word_1_600' title='bbox 3729 4054 3871 4127; x_wconf 76' lang='grc' dir='ltr'><strong>πρᾶ-</strong></span> 
     </span>
    </p>
   </div>
   <div class='ocr_carea' id='block_1_84' title="bbox 2232 4133 3872 4216">
    <p class='ocr_par' dir='ltr' id='par_1_84' title="bbox 2232 4133 3872 4216">
     <span class='ocr_line' id='line_1_84' title="bbox 2232 4133 3872 4216; baseline 0.002 -27"><span class='ocrx_word' id='word_1_601' title='bbox 2232 4133 2310 4199; x_wconf 78' lang='grc' dir='ltr'><strong>ξαί</strong></span> <span class='ocrx_word' id='word_1_602' title='bbox 2365 4157 2415 4190; x_wconf 91' lang='grc' dir='ltr'><strong>τι</strong></span> <span class='ocrx_word' id='word_1_603' title='bbox 2476 4135 2695 4215; x_wconf 81' lang='grc' dir='ltr'><strong>ἀγαθὸν,</strong></span> <span class='ocrx_word' id='word_1_604' title='bbox 2754 4136 3015 4216; x_wconf 87' lang='grc' dir='ltr'><strong>τουτέστι,</strong></span> <span class='ocrx_word' id='word_1_605' title='bbox 3070 4137 3129 4193; x_wconf 78' lang='grc' dir='ltr'><strong>τὸ</strong></span> <span class='ocrx_word' id='word_1_606' title='bbox 3172 4136 3508 4213; x_wconf 76' lang='grc' dir='ltr'><strong>μεταδοῧναι,</strong></span> <span class='ocrx_word' id='word_1_607' title='bbox 3543 4151 3660 4202; x_wconf 79' lang='grc' dir='ltr'><strong>τοῖς</strong></span> <span class='ocrx_word' id='word_1_608' title='bbox 3692 4135 3746 4193; x_wconf 78' lang='grc' dir='ltr'><strong>δὲ</strong></span> <span class='ocrx_word' id='word_1_609' title='bbox 3791 4159 3872 4193; x_wconf 84' lang='grc' dir='ltr'><strong>τε·</strong></span> 
     </span>
    </p>
   </div>
   <div class='ocr_carea' id='block_1_85' title="bbox 502 4222 2142 4315">
    <p class='ocr_par' dir='ltr' id='par_1_85' title="bbox 502 4222 2142 4315">
     <span class='ocr_line' id='line_1_85' title="bbox 502 4222 2142 4315; baseline -0.002 -19"><span class='ocrx_word' id='word_1_610' title='bbox 502 4252 749 4315; x_wconf 82' lang='lat' dir='ltr'><strong>capares</strong></span> <span class='ocrx_word' id='word_1_611' title='bbox 782 4233 864 4294; x_wconf 92' lang='lat' dir='ltr'><strong>illi</strong></span> <span class='ocrx_word' id='word_1_612' title='bbox 895 4222 1093 4311; x_wconf 78' lang='lat' dir='ltr'><strong>erant,</strong></span> <span class='ocrx_word' id='word_1_613' title='bbox 1120 4251 1311 4313; x_wconf 84' lang='lat' dir='ltr'><strong>neque</strong></span> <span class='ocrx_word' id='word_1_614' title='bbox 1344 4232 1564 4294; x_wconf 91' lang='lat' dir='ltr'><strong>bonum</strong></span> <span class='ocrx_word' id='word_1_615' title='bbox 1614 4222 1915 4311; x_wconf 82' lang='lat' dir='ltr'><strong>quidpiam</strong></span> <span class='ocrx_word' id='word_1_616' title='bbox 1951 4233 2142 4294; x_wconf 88' lang='lat' dir='ltr'><strong>facere</strong></span> 
     </span>
    </p>
   </div>
   <div class='ocr_carea' id='block_1_86' title="bbox 2226 4222 3864 4315">
    <p class='ocr_par' dir='ltr' id='par_1_86' title="bbox 2228 4222 3864 4307">
     <span class='ocr_line' id='line_1_86' title="bbox 2228 4222 3864 4307; baseline 0.002 -27"><span class='ocrx_word' id='word_1_617' title='bbox 2228 4222 2420 4289; x_wconf 85' lang='grc' dir='ltr'><strong>λώναις</strong></span> <span class='ocrx_word' id='word_1_618' title='bbox 2478 4227 2565 4280; x_wconf 87' lang='grc' dir='ltr'><strong>καὶ</strong></span> <span class='ocrx_word' id='word_1_619' title='bbox 2649 4225 3021 4303; x_wconf 83' lang='grc' dir='ltr'><strong>στρατιώταις,</strong></span> <span class='ocrx_word' id='word_1_620' title='bbox 3086 4227 3415 4307; x_wconf 78' lang='grc' dir='ltr'><strong>ἀποσχέσθαι</strong></span> <span class='ocrx_word' id='word_1_621' title='bbox 3515 4229 3608 4284; x_wconf 77' lang='grc' dir='ltr'>τοῦ</span> <span class='ocrx_word' id='word_1_622' title='bbox 3675 4234 3864 4284; x_wconf 81' lang='grc' dir='ltr'><strong>κακοῦ.</strong></span> 
     </span>
    </p>
   </div>
   <div class='ocr_carea' id='block_1_87' title="bbox 499 4311 2142 4401">
    <p class='ocr_par' dir='ltr' id='par_1_87' title="bbox 499 4311 2140 4401">
     <span class='ocr_line' id='line_1_87' title="bbox 499 4311 2140 4401; baseline 0.001 -19"><span class='ocrx_word' id='word_1_623' title='bbox 499 4311 791 4401; x_wconf 76' lang='lat' dir='ltr'><strong>poterant,</strong></span> <span class='ocrx_word' id='word_1_624' title='bbox 824 4321 927 4382; x_wconf 87' lang='lat' dir='ltr'><strong>sed</strong></span> <span class='ocrx_word' id='word_1_625' title='bbox 981 4311 1310 4382; x_wconf 86' lang='lat' dir='ltr'><strong>sufﬁciebat</strong></span> <span class='ocrx_word' id='word_1_626' title='bbox 1367 4321 1452 4381; x_wconf 88' lang='lat' dir='ltr'><strong>cis</strong></span> <span class='ocrx_word' id='word_1_627' title='bbox 1505 4340 1621 4381; x_wconf 87' lang='lat' dir='ltr'><strong>non</strong></span> <span class='ocrx_word' id='word_1_628' title='bbox 1662 4320 1861 4381; x_wconf 91' lang='lat' dir='ltr'><strong>facere</strong></span> <span class='ocrx_word' id='word_1_629' title='bbox 1894 4320 2140 4384; x_wconf 84' lang='lat' dir='ltr'><strong>malum.</strong></span> 
     </span>
    </p>
   </div>
   <div class='ocr_carea' id='block_1_88' title="bbox 2226 4311 3867 4401">
    <p class='ocr_par' dir='ltr' id='par_1_88' title="bbox 2229 4311 3867 4394">
     <span class='ocr_line' id='line_1_88' title="bbox 2229 4311 3867 4394; baseline 0.002 -25"><span class='ocrx_word' id='word_1_630' title='bbox 2229 4311 2376 4370; x_wconf 71' lang='grc' dir='ltr'><strong>ούπω</strong></span> <span class='ocrx_word' id='word_1_631' title='bbox 2431 4313 2530 4393; x_wconf 85' lang='grc' dir='ltr'><strong>γὰρ</strong></span> <span class='ocrx_word' id='word_1_632' title='bbox 2587 4313 2826 4394; x_wconf 78' lang='grc' dir='ltr'><strong>ἐχώρουν</strong></span> <span class='ocrx_word' id='word_1_633' title='bbox 2883 4318 3048 4392; x_wconf 82' lang='grc' dir='ltr'><strong>οὗτοι,</strong></span> <span class='ocrx_word' id='word_1_634' title='bbox 3105 4314 3221 4373; x_wconf 69' lang='grc' dir='ltr'><strong>οὐδὲ</strong></span> <span class='ocrx_word' id='word_1_635' title='bbox 3264 4314 3518 4383; x_wconf 81' lang='grc' dir='ltr'><strong>ἠδύναντο</strong></span> <span class='ocrx_word' id='word_1_636' title='bbox 3570 4317 3792 4385; x_wconf 74' lang='grc' dir='ltr'><strong>ποιῆσαί</strong></span> <span class='ocrx_word' id='word_1_637' title='bbox 3819 4340 3867 4373; x_wconf 87' lang='grc' dir='ltr'><strong>τι</strong></span> 
     </span>
    </p>
   </div>
   <div class='ocr_carea' id='block_1_89' title="bbox 503 4401 2142 4488">
    <p class='ocr_par' dir='ltr' id='par_1_89' title="bbox 503 4409 2142 4488">
     <span class='ocr_line' id='line_1_89' title="bbox 503 4409 2142 4488; baseline -0.002 -15"><span class='ocrx_word' id='word_1_638' title='bbox 503 4412 641 4473; x_wconf 73' lang='grc'><strong>29³5</strong></span> <span class='ocrx_word' id='word_1_639' title='bbox 673 4410 922 4483; x_wconf 87' lang='lat' dir='ltr'><strong>Quidam</strong></span> <span class='ocrx_word' id='word_1_640' title='bbox 956 4411 1300 4488; x_wconf 82' lang='lat' dir='ltr'><strong>anagogiam</strong></span> <span class='ocrx_word' id='word_1_641' title='bbox 1334 4410 1430 4470; x_wconf 93' lang='lat' dir='ltr'><strong>hic</strong></span> <span class='ocrx_word' id='word_1_642' title='bbox 1457 4409 1793 4482; x_wconf 91' lang='lat' dir='ltr'><strong>admittunt,</strong></span> <span class='ocrx_word' id='word_1_643' title='bbox 1831 4418 1889 4470; x_wconf 87' lang='lat' dir='ltr'><strong>et</strong></span> <span class='ocrx_word' id='word_1_644' title='bbox 1918 4409 2142 4471; x_wconf 91' lang='lat' dir='ltr'><strong>intelli-</strong></span> 
     </span>
    </p>
   </div>
   <div class='ocr_carea' id='block_1_90' title="bbox 2226 4401 3864 4488">
    <p class='ocr_par' dir='ltr' id='par_1_90' title="bbox 2226 4401 3864 4482">
     <span class='ocr_line' id='line_1_90' title="bbox 2226 4401 3864 4482; baseline 0.004 -24"><span class='ocrx_word' id='word_1_645' title='bbox 2226 4403 2443 4480; x_wconf 85' lang='grc' dir='ltr'><strong>ἀγαθὸν,</strong></span> <span class='ocrx_word' id='word_1_646' title='bbox 2494 4401 2614 4459; x_wconf 83' lang='grc' dir='ltr'><strong>ἀλλ’</strong></span> <span class='ocrx_word' id='word_1_647' title='bbox 2671 4403 2888 4482; x_wconf 83' lang='grc' dir='ltr'><strong>ἀρκετὸν</strong></span> <span class='ocrx_word' id='word_1_648' title='bbox 2941 4410 3124 4471; x_wconf 75' lang='grc' dir='ltr'><strong>αὐτοῖς</strong></span> <span class='ocrx_word' id='word_1_649' title='bbox 3193 4408 3254 4463; x_wconf 81' lang='grc' dir='ltr'><strong>τὸ</strong></span> <span class='ocrx_word' id='word_1_650' title='bbox 3309 4407 3386 4482; x_wconf 79' lang='grc' dir='ltr'><strong>μὴ</strong></span> <span class='ocrx_word' id='word_1_651' title='bbox 3445 4408 3581 4464; x_wconf 87' lang='grc' dir='ltr'><strong>κατά</strong></span> <span class='ocrx_word' id='word_1_652' title='bbox 3663 4420 3864 4471; x_wconf 82' lang='grc' dir='ltr'><strong>ποιεῖν,</strong></span> 
     </span>
    </p>
   </div>
   <div class='ocr_carea' id='block_1_91' title="bbox 503 4492 2142 4581">
    <p class='ocr_par' dir='ltr' id='par_1_91' title="bbox 503 4499 2140 4581">
     <span class='ocr_line' id='line_1_91' title="bbox 503 4499 2140 4581; baseline -0.001 -18"><span class='ocrx_word' id='word_1_653' title='bbox 503 4510 648 4580; x_wconf 91' lang='lat' dir='ltr'><strong>gunt</strong></span> <span class='ocrx_word' id='word_1_654' title='bbox 677 4501 831 4581; x_wconf 91' lang='lat' dir='ltr'><strong>quod</strong></span> <span class='ocrx_word' id='word_1_655' title='bbox 861 4499 1148 4561; x_wconf 88' lang='lat' dir='ltr'><strong>habentes</strong></span> <span class='ocrx_word' id='word_1_656' title='bbox 1170 4499 1315 4560; x_wconf 91' lang='lat' dir='ltr'><strong>duas</strong></span> <span class='ocrx_word' id='word_1_657' title='bbox 1334 4507 1522 4559; x_wconf 83' lang='lat' dir='ltr'><strong>vestes</strong></span> <span class='ocrx_word' id='word_1_658' title='bbox 1558 4499 2001 4560; x_wconf 89' lang='lat' dir='ltr'><strong>communicare</strong></span> <span class='ocrx_word' id='word_1_659' title='bbox 2031 4499 2140 4561; x_wconf 89' lang='lat' dir='ltr'><strong>de—</strong></span> 
     </span>
    </p>
   </div>
   <div class='ocr_carea' id='block_1_92' title="bbox 2226 4492 3866 4581">
    <p class='ocr_par' dir='ltr' id='par_1_92' title="bbox 2228 4492 3866 4577">
     <span class='ocr_line' id='line_1_92' title="bbox 2228 4492 3866 4577; baseline 0.002 -27"><span class='ocrx_word' id='word_1_660' title='bbox 2228 4494 2378 4557; x_wconf 80' lang='grc' dir='ltr'><strong>Τινὲς</strong></span> <span class='ocrx_word' id='word_1_661' title='bbox 2427 4492 2482 4548; x_wconf 83' lang='grc' dir='ltr'><strong>δὲ</strong></span> <span class='ocrx_word' id='word_1_662' title='bbox 2534 4494 2622 4550; x_wconf 79' lang='grc' dir='ltr'><strong>καὶ</strong></span> <span class='ocrx_word' id='word_1_663' title='bbox 2673 4496 2808 4550; x_wconf 89' lang='grc' dir='ltr'><strong>κατά</strong></span> <span class='ocrx_word' id='word_1_664' title='bbox 2860 4495 3146 4574; x_wconf 76' lang='grc' dir='ltr'><strong>ἀναγωγὴν</strong></span> <span class='ocrx_word' id='word_1_665' title='bbox 3199 4502 3374 4554; x_wconf 80' lang='grc' dir='ltr'><strong>νοοῦσι</strong></span> <span class='ocrx_word' id='word_1_666' title='bbox 3403 4499 3485 4571; x_wconf 80' lang='grc' dir='ltr'><strong>τὸ,</strong></span> <span class='ocrx_word' id='word_1_667' title='bbox 3533 4499 3623 4553; x_wconf 78' lang='grc' dir='ltr'><strong>τὸν</strong></span> <span class='ocrx_word' id='word_1_668' title='bbox 3672 4497 3866 4577; x_wconf 75' lang='grc' dir='ltr'><strong>ἔχοντα</strong></span> 
     </span>
    </p>
   </div>
   <div class='ocr_carea' id='block_1_93' title="bbox 502 4581 2142 4668">
    <p class='ocr_par' dir='ltr' id='par_1_93' title="bbox 502 4588 2140 4668">
     <span class='ocr_line' id='line_1_93' title="bbox 502 4588 2140 4668; baseline -0.002 -16"><span class='ocrx_word' id='word_1_669' title='bbox 502 4591 684 4653; x_wconf 86' lang='lat' dir='ltr'><strong>beant</strong></span> <span class='ocrx_word' id='word_1_670' title='bbox 714 4609 832 4651; x_wconf 91' lang='lat' dir='ltr'><strong>non</strong></span> <span class='ocrx_word' id='word_1_671' title='bbox 863 4588 1130 4658; x_wconf 88' lang='lat' dir='ltr'><strong>habenti,</strong></span> <span class='ocrx_word' id='word_1_672' title='bbox 1156 4589 1423 4649; x_wconf 85' lang='lat' dir='ltr'><strong>dicentes</strong></span> <span class='ocrx_word' id='word_1_673' title='bbox 1445 4593 1591 4649; x_wconf 82' lang='lat' dir='ltr'><strong>duas</strong></span> <span class='ocrx_word' id='word_1_674' title='bbox 1627 4597 1835 4662; x_wconf 86' lang='lat' dir='ltr'><strong>vestes,</strong></span> <span class='ocrx_word' id='word_1_675' title='bbox 1870 4589 2140 4668; x_wconf 87' lang='lat' dir='ltr'><strong>spiritum</strong></span> 
     </span>
    </p>
   </div>
   <div class='ocr_carea' id='block_1_94' title="bbox 2226 4581 3865 4668">
    <p class='ocr_par' dir='ltr' id='par_1_94' title="bbox 2226 4581 3865 4667">
     <span class='ocr_line' id='line_1_94' title="bbox 2226 4581 3865 4667; baseline 0.004 -29"><span class='ocrx_word' id='word_1_676' title='bbox 2226 4581 2312 4639; x_wconf 87' lang='grc' dir='ltr'><strong>δύο</strong></span> <span class='ocrx_word' id='word_1_677' title='bbox 2372 4590 2608 4664; x_wconf 85' lang='grc' dir='ltr'><strong>χιτῶνας</strong></span> <span class='ocrx_word' id='word_1_678' title='bbox 2667 4582 2978 4661; x_wconf 79' lang='grc' dir='ltr'><strong>μεταδοῦναι</strong></span> <span class='ocrx_word' id='word_1_679' title='bbox 3031 4593 3109 4661; x_wconf 80' lang='grc' dir='ltr'><strong>τῷ</strong></span> <span class='ocrx_word' id='word_1_680' title='bbox 3150 4587 3228 4662; x_wconf 82' lang='grc' dir='ltr'><strong>μὴ</strong></span> <span class='ocrx_word' id='word_1_681' title='bbox 3253 4586 3462 4667; x_wconf 75' lang='grc' dir='ltr'><strong>ἔχοντι·</strong></span> <span class='ocrx_word' id='word_1_682' title='bbox 3496 4588 3621 4667; x_wconf 75' lang='grc' dir='ltr'><strong>φασὶ</strong></span> <span class='ocrx_word' id='word_1_683' title='bbox 3647 4590 3748 4666; x_wconf 77' lang='grc' dir='ltr'><strong>γὰρ</strong></span> <span class='ocrx_word' id='word_1_684' title='bbox 3777 4585 3865 4645; x_wconf 88' lang='grc' dir='ltr'><strong>δύο</strong></span> 
     </span>
    </p>
   </div>
   <div class='ocr_carea' id='block_1_95' title="bbox 501 4674 2142 4760">
    <p class='ocr_par' dir='ltr' id='par_1_95' title="bbox 501 4677 2142 4760">
     <span class='ocr_line' id='line_1_95' title="bbox 501 4677 2142 4760; baseline -0.002 -19"><span class='ocrx_word' id='word_1_685' title='bbox 501 4677 844 4760; x_wconf 69' lang='lat' dir='ltr'><strong>Scriptum,</strong></span> <span class='ocrx_word' id='word_1_686' title='bbox 873 4687 929 4738; x_wconf 88' lang='lat' dir='ltr'><strong>et</strong></span> <span class='ocrx_word' id='word_1_687' title='bbox 959 4678 1237 4739; x_wconf 87' lang='lat' dir='ltr'><strong>litteram:</strong></span> <span class='ocrx_word' id='word_1_688' title='bbox 1273 4686 1329 4738; x_wconf 92' lang='lat' dir='ltr'><strong>et</strong></span> <span class='ocrx_word' id='word_1_689' title='bbox 1359 4679 1704 4739; x_wconf 78' lang='lat' dir='ltr'><strong>exhortatur</strong></span> <span class='ocrx_word' id='word_1_690' title='bbox 1723 4695 1855 4737; x_wconf 92' lang='lat' dir='ltr'><strong>eum</strong></span> <span class='ocrx_word' id='word_1_691' title='bbox 1877 4677 1976 4757; x_wconf 90' lang='lat' dir='ltr'><strong>qui</strong></span> <span class='ocrx_word' id='word_1_692' title='bbox 1998 4677 2142 4738; x_wconf 85' lang='lat' dir='ltr'><strong>duas</strong></span> 
     </span>
    </p>
   </div>
   <div class='ocr_carea' id='block_1_96' title="bbox 2226 4674 3864 4760">
    <p class='ocr_par' dir='ltr' id='par_1_96' title="bbox 2227 4674 3864 4758">
     <span class='ocr_line' id='line_1_96' title="bbox 2227 4674 3864 4758; baseline 0.003 -30"><span class='ocrx_word' id='word_1_693' title='bbox 2227 4675 2461 4753; x_wconf 73' lang='grc' dir='ltr'><strong>χιτῶνας</strong></span> <span class='ocrx_word' id='word_1_694' title='bbox 2523 4674 2690 4749; x_wconf 74' lang='grc' dir='ltr'><strong>εἶναι,</strong></span> <span class='ocrx_word' id='word_1_695' title='bbox 2747 4675 2809 4730; x_wconf 75' lang='grc' dir='ltr'><strong>τὸ</strong></span> <span class='ocrx_word' id='word_1_696' title='bbox 2865 4696 2923 4731; x_wconf 89' lang='grc' dir='ltr'><strong>τε</strong></span> <span class='ocrx_word' id='word_1_697' title='bbox 2977 4675 3186 4752; x_wconf 77' lang='grc' dir='ltr'><strong>πνεῦμα</strong></span> <span class='ocrx_word' id='word_1_698' title='bbox 3236 4682 3335 4744; x_wconf 80' lang='grc' dir='ltr'><strong>τῆς</strong></span> <span class='ocrx_word' id='word_1_699' title='bbox 3404 4677 3758 4758; x_wconf 70' lang='grc' dir='ltr'><strong>Γραφῆς,καὶ</strong></span> <span class='ocrx_word' id='word_1_700' title='bbox 3805 4678 3864 4733; x_wconf 76' lang='grc' dir='ltr'><strong>τὸ</strong></span> 
     </span>
    </p>
   </div>
   <div class='ocr_carea' id='block_1_97' title="bbox 500 4767 2138 4847">
    <p class='ocr_par' dir='ltr' id='par_1_97' title="bbox 500 4767 2138 4847">
     <span class='ocr_line' id='line_1_97' title="bbox 500 4767 2138 4847; baseline 0.001 -17"><span class='ocrx_word' id='word_1_701' title='bbox 500 4768 700 4844; x_wconf 88' lang='lat' dir='ltr'><strong>habet,</strong></span> <span class='ocrx_word' id='word_1_702' title='bbox 737 4778 795 4830; x_wconf 93' lang='lat' dir='ltr'><strong>ut</strong></span> <span class='ocrx_word' id='word_1_703' title='bbox 830 4768 1230 4830; x_wconf 90' lang='lat' dir='ltr'><strong>communicet</strong></span> <span class='ocrx_word' id='word_1_704' title='bbox 1260 4769 1315 4828; x_wconf 87' lang='lat' dir='ltr'><strong>ei</strong></span> <span class='ocrx_word' id='word_1_705' title='bbox 1347 4768 1446 4847; x_wconf 93' lang='lat' dir='ltr'><strong>qui</strong></span> <span class='ocrx_word' id='word_1_706' title='bbox 1497 4770 1740 4829; x_wconf 89' lang='lat' dir='ltr'><strong>omnino</strong></span> <span class='ocrx_word' id='word_1_707' title='bbox 1780 4767 1974 4828; x_wconf 87' lang='lat' dir='ltr'><strong>nudus</strong></span> <span class='ocrx_word' id='word_1_708' title='bbox 1999 4776 2088 4830; x_wconf 86' lang='lat' dir='ltr'><strong>est</strong></span> <span class='ocrx_word' id='word_1_709' title='bbox 2122 4788 2138 4832; x_wconf 91' lang='lat'>:</span> 
     </span>
    </p>
   </div>
   <div class='ocr_carea' id='block_1_98' title="bbox 497 4855 2142 4939">
    <p class='ocr_par' dir='ltr' id='par_1_98' title="bbox 497 4855 2142 4939">
     <span class='ocr_line' id='line_1_98' title="bbox 497 4855 2142 4939; baseline -0.002 -19"><span class='ocrx_word' id='word_1_710' title='bbox 497 4867 561 4920; x_wconf 87' lang='lat' dir='ltr'><strong>ut</strong></span> <span class='ocrx_word' id='word_1_711' title='bbox 591 4860 638 4920; x_wconf 94' lang='lat' dir='ltr'><strong>si</strong></span> <span class='ocrx_word' id='word_1_712' title='bbox 670 4859 802 4939; x_wconf 91' lang='lat' dir='ltr'><strong>quis</strong></span> <span class='ocrx_word' id='word_1_713' title='bbox 833 4858 904 4918; x_wconf 92' lang='lat' dir='ltr'><strong>sit</strong></span> <span class='ocrx_word' id='word_1_714' title='bbox 935 4858 1036 4937; x_wconf 93' lang='lat' dir='ltr'><strong>qui</strong></span> <span class='ocrx_word' id='word_1_715' title='bbox 1068 4857 1433 4938; x_wconf 85' lang='lat' dir='ltr'><strong>Scripturam</strong></span> <span class='ocrx_word' id='word_1_716' title='bbox 1467 4855 1736 4917; x_wconf 91' lang='lat' dir='ltr'><strong>bifariam</strong></span> <span class='ocrx_word' id='word_1_717' title='bbox 1772 4857 2142 4936; x_wconf 85' lang='lat' dir='ltr'><strong>intelligat,et</strong></span> 
     </span>
    </p>
   </div>
   <div class='ocr_carea' id='block_1_99' title="bbox 495 4945 2139 5028">
    <p class='ocr_par' dir='ltr' id='par_1_99' title="bbox 495 4945 2139 5028">
     <span class='ocr_line' id='line_1_99' title="bbox 495 4945 2139 5028; baseline -0.001 -19"><span class='ocrx_word' id='word_1_718' title='bbox 495 4949 822 5010; x_wconf 90' lang='lat' dir='ltr'><strong>secundum</strong></span> <span class='ocrx_word' id='word_1_719' title='bbox 856 4947 1153 5028; x_wconf 89' lang='lat' dir='ltr'><strong>spiritum,</strong></span> <span class='ocrx_word' id='word_1_720' title='bbox 1190 4955 1247 5008; x_wconf 88' lang='lat' dir='ltr'><strong>et</strong></span> <span class='ocrx_word' id='word_1_721' title='bbox 1289 4946 1617 5009; x_wconf 88' lang='lat' dir='ltr'><strong>secundum</strong></span> <span class='ocrx_word' id='word_1_722' title='bbox 1652 4945 1933 5022; x_wconf 88' lang='lat' dir='ltr'><strong>litteram,</strong></span> <span class='ocrx_word' id='word_1_723' title='bbox 1969 4965 2139 5008; x_wconf 89' lang='lat' dir='ltr'><strong>com-</strong></span> 
     </span>
    </p>
   </div>
   <div class='ocr_carea' id='block_1_100' title="bbox 495 5036 2141 5119">
    <p class='ocr_par' dir='ltr' id='par_1_100' title="bbox 495 5036 2141 5119">
     <span class='ocr_line' id='line_1_100' title="bbox 495 5036 2141 5119; baseline 0.001 -21"><span class='ocrx_word' id='word_1_724' title='bbox 495 5038 759 5099; x_wconf 90' lang='lat' dir='ltr'><strong>municet</strong></span> <span class='ocrx_word' id='word_1_725' title='bbox 787 5038 838 5099; x_wconf 90' lang='lat' dir='ltr'><strong>ei</strong></span> <span class='ocrx_word' id='word_1_726' title='bbox 863 5037 963 5119; x_wconf 88' lang='lat' dir='ltr'><strong>qui</strong></span> <span class='ocrx_word' id='word_1_727' title='bbox 997 5056 1112 5098; x_wconf 90' lang='lat' dir='ltr'><strong>non</strong></span> <span class='ocrx_word' id='word_1_728' title='bbox 1138 5036 1340 5110; x_wconf 86' lang='lat' dir='ltr'><strong>habet,</strong></span> <span class='ocrx_word' id='word_1_729' title='bbox 1365 5038 1476 5099; x_wconf 90' lang='lat' dir='ltr'><strong>hoc</strong></span> <span class='ocrx_word' id='word_1_730' title='bbox 1501 5046 1614 5117; x_wconf 83' lang='lat' dir='ltr'><strong>est,</strong></span> <span class='ocrx_word' id='word_1_731' title='bbox 1640 5037 1844 5098; x_wconf 89' lang='lat' dir='ltr'><strong>doceat</strong></span> <span class='ocrx_word' id='word_1_732' title='bbox 1869 5036 2141 5115; x_wconf 85' lang='lat' dir='ltr'><strong>ignoran-</strong></span> 
     </span>
    </p>
   </div>
   <div class='ocr_carea' id='block_1_101' title="bbox 497 5126 2140 5208">
    <p class='ocr_par' dir='ltr' id='par_1_101' title="bbox 497 5126 2140 5208">
     <span class='ocr_line' id='line_1_101' title="bbox 497 5126 2140 5208; baseline 0.003 -22"><span class='ocrx_word' id='word_1_733' title='bbox 497 5135 642 5208; x_wconf 89' lang='lat' dir='ltr'><strong>tem,</strong></span> <span class='ocrx_word' id='word_1_734' title='bbox 670 5135 728 5189; x_wconf 90' lang='lat' dir='ltr'><strong>et</strong></span> <span class='ocrx_word' id='word_1_735' title='bbox 750 5128 850 5190; x_wconf 86' lang='lat' dir='ltr'><strong>det</strong></span> <span class='ocrx_word' id='word_1_736' title='bbox 871 5129 925 5190; x_wconf 89' lang='lat' dir='ltr'><strong>ei</strong></span> <span class='ocrx_word' id='word_1_737' title='bbox 949 5129 1035 5187; x_wconf 92' lang='lat' dir='ltr'><strong>vel</strong></span> <span class='ocrx_word' id='word_1_738' title='bbox 1056 5126 1530 5189; x_wconf 90' lang='lat' dir='ltr'><strong>Iitteram.Tanta</strong></span> <span class='ocrx_word' id='word_1_739' title='bbox 1546 5135 1741 5188; x_wconf 89' lang='lat' dir='ltr'><strong>autem</strong></span> <span class='ocrx_word' id='word_1_740' title='bbox 1766 5127 1874 5188; x_wconf 89' lang='lat' dir='ltr'><strong>fuit</strong></span> <span class='ocrx_word' id='word_1_741' title='bbox 1895 5126 2140 5191; x_wconf 83' lang='lat' dir='ltr'><strong>Joannis</strong></span> 
     </span>
    </p>
   </div>
   <div class='ocr_carea' id='block_1_102' title="bbox 491 5215 2134 5298">
    <p class='ocr_par' dir='ltr' id='par_1_102' title="bbox 491 5215 2134 5298">
     <span class='ocr_line' id='line_1_102' title="bbox 491 5215 2134 5298; baseline 0.002 -22"><span class='ocrx_word' id='word_1_742' title='bbox 491 5217 705 5292; x_wconf 88' lang='lat' dir='ltr'><strong>virtus,</strong></span> <span class='ocrx_word' id='word_1_743' title='bbox 739 5225 800 5277; x_wconf 91' lang='lat' dir='ltr'><strong>ut</strong></span> <span class='ocrx_word' id='word_1_744' title='bbox 830 5235 1038 5278; x_wconf 91' lang='lat' dir='ltr'><strong>omnes</strong></span> <span class='ocrx_word' id='word_1_745' title='bbox 1082 5215 1409 5296; x_wconf 83' lang='lat' dir='ltr'><strong>cogitarent</strong></span> <span class='ocrx_word' id='word_1_746' title='bbox 1437 5224 1590 5296; x_wconf 85' lang='lat' dir='ltr'><strong>apud</strong></span> <span class='ocrx_word' id='word_1_747' title='bbox 1623 5234 1687 5277; x_wconf 89' lang='lat' dir='ltr'><strong>se</strong></span> <span class='ocrx_word' id='word_1_748' title='bbox 1717 5215 1790 5278; x_wconf 90' lang='lat' dir='ltr'><strong>de</strong></span> <span class='ocrx_word' id='word_1_749' title='bbox 1834 5217 1935 5278; x_wconf 94' lang='lat' dir='ltr'><strong>illo</strong></span> <span class='ocrx_word' id='word_1_750' title='bbox 1976 5218 2134 5298; x_wconf 92' lang='lat' dir='ltr'><strong>quod</strong></span> 
     </span>
    </p>
   </div>
   <div class='ocr_carea' id='block_1_103' title="bbox 495 5304 2131 5388">
    <p class='ocr_par' dir='ltr' id='par_1_103' title="bbox 495 5304 2131 5388">
     <span class='ocr_line' id='line_1_103' title="bbox 495 5304 2131 5388; baseline 0 -20"><span class='ocrx_word' id='word_1_751' title='bbox 495 5305 1155 5368; x_wconf 75' lang='lat' dir='ltr'><strong>essetChristus.Talem</strong></span> <span class='ocrx_word' id='word_1_752' title='bbox 1180 5307 1374 5386; x_wconf 85' lang='lat' dir='ltr'><strong>itaque</strong></span> <span class='ocrx_word' id='word_1_753' title='bbox 1397 5304 1796 5386; x_wconf 90' lang='lat' dir='ltr'><strong>suspicionem</strong></span> <span class='ocrx_word' id='word_1_754' title='bbox 1811 5307 2131 5388; x_wconf 88' lang='lat' dir='ltr'><strong>repellens,</strong></span> 
     </span>
    </p>
   </div>
   <div class='ocr_carea' id='block_1_104' title="bbox 491 5394 2137 5475">
    <p class='ocr_par' dir='ltr' id='par_1_104' title="bbox 491 5394 2137 5475">
     <span class='ocr_line' id='line_1_104' title="bbox 491 5394 2137 5475; baseline 0 -19"><span class='ocrx_word' id='word_1_755' title='bbox 491 5396 684 5475; x_wconf 83' lang='lat' dir='ltr'><strong>inquit</strong></span> <span class='ocrx_word' id='word_1_756' title='bbox 718 5413 731 5457; x_wconf 93' lang='lat'>:</span> <span class='ocrx_word' id='word_1_757' title='bbox 787 5394 1039 5460; x_wconf 79' lang='lat' dir='ltr'><strong>Tantum</strong></span> <span class='ocrx_word' id='word_1_758' title='bbox 1065 5395 1223 5456; x_wconf 90' lang='lat' dir='ltr'><strong>inter</strong></span> <span class='ocrx_word' id='word_1_759' title='bbox 1247 5413 1340 5454; x_wconf 93' lang='lat' dir='ltr'><strong>me</strong></span> <span class='ocrx_word' id='word_1_760' title='bbox 1366 5404 1424 5454; x_wconf 90' lang='lat' dir='ltr'><strong>et</strong></span> <span class='ocrx_word' id='word_1_761' title='bbox 1449 5394 1744 5456; x_wconf 88' lang='lat' dir='ltr'><strong>Christum</strong></span> <span class='ocrx_word' id='word_1_762' title='bbox 1770 5394 2038 5472; x_wconf 89' lang='lat' dir='ltr'><strong>interest,</strong></span> <span class='ocrx_word' id='word_1_763' title='bbox 2073 5404 2137 5456; x_wconf 89' lang='lat' dir='ltr'><strong>ut</strong></span> 
     </span>
    </p>
   </div>
   <div class='ocr_carea' id='block_1_105' title="bbox 493 5483 2134 5564">
    <p class='ocr_par' dir='ltr' id='par_1_105' title="bbox 493 5483 2134 5564">
     <span class='ocr_line' id='line_1_105' title="bbox 493 5483 2134 5564; baseline -0.001 -19"><span class='ocrx_word' id='word_1_764' title='bbox 493 5504 601 5561; x_wconf 86' lang='lat' dir='ltr'><strong>ego</strong></span> <span class='ocrx_word' id='word_1_765' title='bbox 657 5483 896 5564; x_wconf 90' lang='lat' dir='ltr'><strong>quidem</strong></span> <span class='ocrx_word' id='word_1_766' title='bbox 957 5483 1016 5543; x_wconf 91' lang='lat' dir='ltr'><strong>in</strong></span> <span class='ocrx_word' id='word_1_767' title='bbox 1075 5503 1227 5564; x_wconf 90' lang='lat' dir='ltr'><strong>aqua</strong></span> <span class='ocrx_word' id='word_1_768' title='bbox 1275 5483 1600 5564; x_wconf 83' lang='lat' dir='ltr'><strong>baptizem,</strong></span> <span class='ocrx_word' id='word_1_769' title='bbox 1655 5483 1753 5543; x_wconf 89' lang='lat' dir='ltr'><strong>ille</strong></span> <span class='ocrx_word' id='word_1_770' title='bbox 1803 5493 2002 5546; x_wconf 90' lang='lat' dir='ltr'><strong>autem</strong></span> <span class='ocrx_word' id='word_1_771' title='bbox 2073 5484 2134 5545; x_wconf 89' lang='lat' dir='ltr'><strong>in</strong></span> 
     </span>
    </p>
   </div>
   <div class='ocr_carea' id='block_1_106' title="bbox 493 5571 2136 5654">
    <p class='ocr_par' dir='ltr' id='par_1_106' title="bbox 493 5571 2136 5654">
     <span class='ocr_line' id='line_1_106' title="bbox 493 5571 2136 5654; baseline 0.001 -20"><span class='ocrx_word' id='word_1_772' title='bbox 493 5572 715 5654; x_wconf 87' lang='lat' dir='ltr'><strong>Spiritu</strong></span> <span class='ocrx_word' id='word_1_773' title='bbox 747 5581 804 5634; x_wconf 89' lang='lat' dir='ltr'><strong>et</strong></span> <span class='ocrx_word' id='word_1_774' title='bbox 834 5571 956 5652; x_wconf 80' lang='lat' dir='ltr'><strong>igni</strong></span> <span class='ocrx_word' id='word_1_775' title='bbox 992 5595 1006 5632; x_wconf 86' lang='lat'><strong>:</strong></span> <span class='ocrx_word' id='word_1_776' title='bbox 1040 5582 1098 5633; x_wconf 91' lang='lat' dir='ltr'><strong>et</strong></span> <span class='ocrx_word' id='word_1_777' title='bbox 1117 5591 1309 5653; x_wconf 90' lang='lat' dir='ltr'><strong>neque</strong></span> <span class='ocrx_word' id='word_1_778' title='bbox 1331 5591 1438 5648; x_wconf 75' lang='lat' dir='ltr'><strong>ego</strong></span> <span class='ocrx_word' id='word_1_779' title='bbox 1469 5572 1684 5651; x_wconf 82' lang='lat' dir='ltr'><strong>dignus</strong></span> <span class='ocrx_word' id='word_1_780' title='bbox 1714 5590 1844 5633; x_wconf 91' lang='lat' dir='ltr'><strong>sum</strong></span> <span class='ocrx_word' id='word_1_781' title='bbox 1875 5573 1976 5654; x_wconf 89' lang='lat' dir='ltr'><strong>qui</strong></span> <span class='ocrx_word' id='word_1_782' title='bbox 2007 5591 2136 5635; x_wconf 92' lang='lat' dir='ltr'><strong>cor-</strong></span> 
     </span>
    </p>
   </div>
   <div class='ocr_carea' id='block_1_107' title="bbox 488 5661 2134 5747">
    <p class='ocr_par' dir='ltr' id='par_1_107' title="bbox 488 5661 2134 5747">
     <span class='ocr_line' id='line_1_107' title="bbox 488 5661 2134 5747; baseline -0.001 -18"><span class='ocrx_word' id='word_1_783' title='bbox 488 5661 706 5747; x_wconf 69' lang='lat' dir='ltr'><strong>rigiam</strong></span> <span class='ocrx_word' id='word_1_784' title='bbox 741 5661 1278 5725; x_wconf 80' lang='lat' dir='ltr'><strong>calceamentorum</strong></span> <span class='ocrx_word' id='word_1_785' title='bbox 1327 5661 1488 5723; x_wconf 76' lang='lat' dir='ltr'><strong>illius</strong></span> <span class='ocrx_word' id='word_1_786' title='bbox 1529 5662 1774 5724; x_wconf 83' lang='lat' dir='ltr'><strong>solvam.</strong></span> <span class='ocrx_word' id='word_1_787' title='bbox 1830 5662 1980 5736; x_wconf 87' lang='lat' dir='ltr'><strong>Quid</strong></span> <span class='ocrx_word' id='word_1_788' title='bbox 2022 5683 2134 5727; x_wconf 90' lang='lat' dir='ltr'><strong>au-</strong></span> 
     </span>
    </p>
   </div>
   <div class='ocr_carea' id='block_1_108' title="bbox 2225 4762 3864 4844">
    <p class='ocr_par' dir='ltr' id='par_1_108' title="bbox 2225 4762 3864 4844">
     <span class='ocr_line' id='line_1_108' title="bbox 2225 4762 3864 4844; baseline 0.002 -26"><span class='ocrx_word' id='word_1_789' title='bbox 2225 4763 2468 4840; x_wconf 84' lang='grc' dir='ltr'><strong>γράμμα.</strong></span> <span class='ocrx_word' id='word_1_790' title='bbox 2535 4764 2637 4821; x_wconf 68' lang='grc' dir='ltr'><strong>Τὶν</strong></span> <span class='ocrx_word' id='word_1_791' title='bbox 2694 4762 2894 4843; x_wconf 78' lang='grc' dir='ltr'><strong>ἕχσντα</strong></span> <span class='ocrx_word' id='word_1_792' title='bbox 2939 4763 3027 4822; x_wconf 79' lang='grc' dir='ltr'><strong>οὖν</strong></span> <span class='ocrx_word' id='word_1_793' title='bbox 3087 4766 3153 4822; x_wconf 82' lang='grc' dir='ltr'><strong>τὰ</strong></span> <span class='ocrx_word' id='word_1_794' title='bbox 3226 4763 3334 4840; x_wconf 85' lang='grc' dir='ltr'><strong>δύο⁷</strong></span> <span class='ocrx_word' id='word_1_795' title='bbox 3429 4766 3779 4844; x_wconf 82' lang='grc' dir='ltr'><strong>προτρὲπεται</strong></span> <span class='ocrx_word' id='word_1_796' title='bbox 3838 4770 3864 4822; x_wconf 87' lang='lat'><strong>6</strong></span> 
     </span>
    </p>
   </div>
   <div class='ocr_carea' id='block_1_109' title="bbox 2225 4850 3860 4934">
    <p class='ocr_par' dir='ltr' id='par_1_109' title="bbox 2225 4850 3860 4934">
     <span class='ocr_line' id='line_1_109' title="bbox 2225 4850 3860 4934; baseline 0.002 -24"><span class='ocrx_word' id='word_1_797' title='bbox 2225 4852 2477 4918; x_wconf 85' lang='grc' dir='ltr'><strong>Ἰωάννης</strong></span> <span class='ocrx_word' id='word_1_798' title='bbox 2535 4850 2846 4929; x_wconf 77' lang='grc' dir='ltr'><strong>μεταδοῦναι</strong></span> <span class='ocrx_word' id='word_1_799' title='bbox 2904 4860 2980 4930; x_wconf 84' lang='grc' dir='ltr'><strong>τῷ</strong></span> <span class='ocrx_word' id='word_1_800' title='bbox 3067 4853 3343 4919; x_wconf 88' lang='grc' dir='ltr'><strong>παντελῶς</strong></span> <span class='ocrx_word' id='word_1_801' title='bbox 3429 4861 3637 4934; x_wconf 80' lang='grc' dir='ltr'><strong>γυμνῷ·</strong></span> <span class='ocrx_word' id='word_1_802' title='bbox 3723 4859 3860 4930; x_wconf 78' lang='grc' dir='ltr'><strong>οἷον,</strong></span> 
     </span>
    </p>
   </div>
   <div class='ocr_carea' id='block_1_110' title="bbox 2222 4941 3865 5025">
    <p class='ocr_par' dir='ltr' id='par_1_110' title="bbox 2222 4941 3865 5025">
     <span class='ocr_line' id='line_1_110' title="bbox 2222 4941 3865 5025; baseline 0.001 -26"><span class='ocrx_word' id='word_1_803' title='bbox 2222 4941 2332 4999; x_wconf 67' lang='grc' dir='ltr'><strong>ἔστι</strong></span> <span class='ocrx_word' id='word_1_804' title='bbox 2389 4965 2468 5006; x_wconf 89' lang='grc' dir='ltr'><strong>τις</strong></span> <span class='ocrx_word' id='word_1_805' title='bbox 2521 4945 2619 5010; x_wconf 76' lang='grc' dir='ltr'><strong>τὴν</strong></span> <span class='ocrx_word' id='word_1_806' title='bbox 2670 4945 2880 5024; x_wconf 71' lang='grc' dir='ltr'><strong>Γραφὴν</strong></span> <span class='ocrx_word' id='word_1_807' title='bbox 2934 4945 3068 5000; x_wconf 83' lang='grc' dir='ltr'><strong>νοῶν</strong></span> <span class='ocrx_word' id='word_1_808' title='bbox 3095 4941 3305 5025; x_wconf 85' lang='grc' dir='ltr'><strong>διττῶς,</strong></span> <span class='ocrx_word' id='word_1_809' title='bbox 3339 4947 3477 5002; x_wconf 85' lang='grc' dir='ltr'><strong>κατά</strong></span> <span class='ocrx_word' id='word_1_810' title='bbox 3507 4967 3562 5004; x_wconf 84' lang='grc' dir='ltr'><strong>τε</strong></span> <span class='ocrx_word' id='word_1_811' title='bbox 3604 4947 3666 5002; x_wconf 79' lang='grc' dir='ltr'><strong>τὸ</strong></span> <span class='ocrx_word' id='word_1_812' title='bbox 3696 4946 3865 5025; x_wconf 79' lang='grc' dir='ltr'><strong>γράμ-</strong></span> 
     </span>
    </p>
   </div>
   <div class='ocr_carea' id='block_1_111' title="bbox 2223 5032 3858 5115">
    <p class='ocr_par' dir='ltr' id='par_1_111' title="bbox 2223 5032 3858 5115">
     <span class='ocr_line' id='line_1_111' title="bbox 2223 5032 3858 5115; baseline 0.001 -27"><span class='ocrx_word' id='word_1_813' title='bbox 2223 5055 2296 5108; x_wconf 86' lang='grc' dir='ltr'><strong>μα</strong></span> <span class='ocrx_word' id='word_1_814' title='bbox 2352 5035 2439 5090; x_wconf 86' lang='grc' dir='ltr'><strong>καὶ</strong></span> <span class='ocrx_word' id='word_1_815' title='bbox 2481 5033 2617 5090; x_wconf 87' lang='grc' dir='ltr'><strong>κατά</strong></span> <span class='ocrx_word' id='word_1_816' title='bbox 2644 5035 2705 5089; x_wconf 72' lang='grc' dir='ltr'><strong>τὸ</strong></span> <span class='ocrx_word' id='word_1_817' title='bbox 2733 5043 2963 5109; x_wconf 79' lang='grc' dir='ltr'><strong>πνεῦμα,</strong></span> <span class='ocrx_word' id='word_1_818' title='bbox 2997 5032 3271 5110; x_wconf 84' lang='grc' dir='ltr'><strong>μεταδότω</strong></span> <span class='ocrx_word' id='word_1_819' title='bbox 3314 5035 3403 5091; x_wconf 79' lang='grc' dir='ltr'><strong>οὖν</strong></span> <span class='ocrx_word' id='word_1_820' title='bbox 3431 5042 3508 5110; x_wconf 79' lang='grc' dir='ltr'><strong>τῷ</strong></span> <span class='ocrx_word' id='word_1_821' title='bbox 3546 5037 3624 5112; x_wconf 77' lang='grc' dir='ltr'><strong>μὴ</strong></span> <span class='ocrx_word' id='word_1_822' title='bbox 3653 5034 3858 5115; x_wconf 71' lang='grc' dir='ltr'><strong>ἔχοντι,</strong></span> 
     </span>
    </p>
   </div>
   <div class='ocr_carea' id='block_1_112' title="bbox 2221 5120 3860 5202">
    <p class='ocr_par' dir='ltr' id='par_1_112' title="bbox 2221 5120 3860 5202">
     <span class='ocr_line' id='line_1_112' title="bbox 2221 5120 3860 5202; baseline 0.002 -25"><span class='ocrx_word' id='word_1_823' title='bbox 2221 5120 2476 5188; x_wconf 80' lang='grc' dir='ltr'><strong>διδαξάτω</strong></span> <span class='ocrx_word' id='word_1_824' title='bbox 2543 5123 2633 5178; x_wconf 84' lang='grc' dir='ltr'><strong>τὸν</strong></span> <span class='ocrx_word' id='word_1_825' title='bbox 2689 5122 3000 5202; x_wconf 77' lang='grc' dir='ltr'><strong>ἀγνοοῦντα,</strong></span> <span class='ocrx_word' id='word_1_826' title='bbox 3057 5125 3144 5180; x_wconf 87' lang='grc' dir='ltr'><strong>καὶ</strong></span> <span class='ocrx_word' id='word_1_827' title='bbox 3202 5121 3337 5180; x_wconf 86' lang='grc' dir='ltr'><strong>δότω</strong></span> <span class='ocrx_word' id='word_1_828' title='bbox 3410 5124 3551 5200; x_wconf 73' lang='grc' dir='ltr'><strong>αὒτῷ</strong></span> <span class='ocrx_word' id='word_1_829' title='bbox 3633 5125 3733 5180; x_wconf 66' lang='grc' dir='ltr'><strong>κᾶν</strong></span> <span class='ocrx_word' id='word_1_830' title='bbox 3801 5127 3860 5181; x_wconf 78' lang='grc' dir='ltr'><strong>τὸ</strong></span> 
     </span>
    </p>
   </div>
   <div class='ocr_carea' id='block_1_113' title="bbox 2221 5210 3860 5292">
    <p class='ocr_par' dir='ltr' id='par_1_113' title="bbox 2221 5210 3860 5292">
     <span class='ocr_line' id='line_1_113' title="bbox 2221 5210 3860 5292; baseline 0.002 -26"><span class='ocrx_word' id='word_1_831' title='bbox 2221 5211 2462 5289; x_wconf 84' lang='grc' dir='ltr'><strong>γράμμα.</strong></span> <span class='ocrx_word' id='word_1_832' title='bbox 2525 5212 2765 5278; x_wconf 82' lang='grc' dir='ltr'><strong>Τοσαύτη</strong></span> <span class='ocrx_word' id='word_1_833' title='bbox 2837 5210 2890 5268; x_wconf 80' lang='grc' dir='ltr'><strong>δὲ</strong></span> <span class='ocrx_word' id='word_1_834' title='bbox 2935 5213 3002 5281; x_wconf 80' lang='grc' dir='ltr'><strong>ἧν</strong></span> <span class='ocrx_word' id='word_1_835' title='bbox 3028 5214 3061 5281; x_wconf 74' lang='grc' dir='ltr'>ἡ</span> <span class='ocrx_word' id='word_1_836' title='bbox 3092 5222 3186 5272; x_wconf 83' lang='grc' dir='ltr'><strong>τοῦ</strong></span> <span class='ocrx_word' id='word_1_837' title='bbox 3236 5213 3479 5270; x_wconf 81' lang='grc' dir='ltr'><strong>Ἰωάννου</strong></span> <span class='ocrx_word' id='word_1_838' title='bbox 3511 5214 3692 5292; x_wconf 69' lang='grc' dir='ltr'><strong>ἀρετὴ,</strong></span> <span class='ocrx_word' id='word_1_839' title='bbox 3727 5214 3860 5270; x_wconf 70' lang='grc' dir='ltr'><strong>ὥστε</strong></span> 
     </span>
    </p>
   </div>
   <div class='ocr_carea' id='block_1_114' title="bbox 2217 5299 3860 5383">
    <p class='ocr_par' dir='ltr' id='par_1_114' title="bbox 2217 5299 3860 5383">
     <span class='ocr_line' id='line_1_114' title="bbox 2217 5299 3860 5383; baseline 0.001 -25"><span class='ocrx_word' id='word_1_840' title='bbox 2217 5301 2419 5364; x_wconf 77' lang='grc' dir='ltr'><strong>πάντας</strong></span> <span class='ocrx_word' id='word_1_841' title='bbox 2489 5299 2885 5380; x_wconf 75' lang='grc' dir='ltr'><strong>ὑπολογίζεσθαι</strong></span> <span class='ocrx_word' id='word_1_842' title='bbox 2934 5303 3052 5381; x_wconf 82' lang='grc' dir='ltr'><strong>περὶ</strong></span> <span class='ocrx_word' id='word_1_843' title='bbox 3107 5306 3285 5383; x_wconf 74' lang='grc' dir='ltr'><strong>αὐτοῦ,</strong></span> <span class='ocrx_word' id='word_1_844' title='bbox 3344 5305 3556 5378; x_wconf 79' lang='grc' dir='ltr'><strong>μήποτε</strong></span> <span class='ocrx_word' id='word_1_845' title='bbox 3619 5303 3718 5382; x_wconf 77' lang='grc' dir='ltr'><strong>ἄρα</strong></span> <span class='ocrx_word' id='word_1_846' title='bbox 3761 5305 3860 5359; x_wconf 71' lang='grc' dir='ltr'><strong>αὗ-</strong></span> 
     </span>
    </p>
   </div>
   <div class='ocr_carea' id='block_1_115' title="bbox 2217 5392 3859 5469">
    <p class='ocr_par' dir='ltr' id='par_1_115' title="bbox 2217 5392 3859 5469">
     <span class='ocr_line' id='line_1_115' title="bbox 2217 5392 3859 5469; baseline 0 -20"><span class='ocrx_word' id='word_1_847' title='bbox 2217 5393 2308 5456; x_wconf 89' lang='grc' dir='ltr'><strong>τός</strong></span> <span class='ocrx_word' id='word_1_848' title='bbox 2353 5392 2490 5449; x_wconf 70' lang='grc' dir='ltr'><strong>ὃστιν</strong></span> <span class='ocrx_word' id='word_1_849' title='bbox 2536 5393 2564 5447; x_wconf 83' lang='grc' dir='ltr'>ὁ</span> <span class='ocrx_word' id='word_1_850' title='bbox 2612 5393 2860 5469; x_wconf 77' lang='grc' dir='ltr'><strong>Χριστός.</strong></span> <span class='ocrx_word' id='word_1_851' title='bbox 2896 5392 3002 5459; x_wconf 77' lang='grc' dir='ltr'><strong>Τὴν</strong></span> <span class='ocrx_word' id='word_1_852' title='bbox 3033 5392 3282 5459; x_wconf 84' lang='grc' dir='ltr'><strong>τοιαύτην</strong></span> <span class='ocrx_word' id='word_1_853' title='bbox 3326 5392 3415 5448; x_wconf 80' lang='grc' dir='ltr'><strong>οὗν</strong></span> <span class='ocrx_word' id='word_1_854' title='bbox 3441 5392 3688 5450; x_wconf 78' lang='grc' dir='ltr'><strong>ὑπόνοιαν</strong></span> <span class='ocrx_word' id='word_1_855' title='bbox 3721 5392 3859 5449; x_wconf 86' lang='grc' dir='ltr'><strong>ἀπο-</strong></span> 
     </span>
    </p>
   </div>
   <div class='ocr_carea' id='block_1_116' title="bbox 2218 5481 3858 5560">
    <p class='ocr_par' dir='ltr' id='par_1_116' title="bbox 2218 5481 3858 5560">
     <span class='ocr_line' id='line_1_116' title="bbox 2218 5481 3858 5560; baseline 0.001 -24"><span class='ocrx_word' id='word_1_856' title='bbox 2218 5481 2559 5560; x_wconf 86' lang='grc' dir='ltr'><strong>κρουόμενος,</strong></span> <span class='ocrx_word' id='word_1_857' title='bbox 2630 5481 2816 5559; x_wconf 80' lang='grc' dir='ltr'><strong>φησὶν,</strong></span> <span class='ocrx_word' id='word_1_858' title='bbox 2879 5482 2978 5537; x_wconf 82' lang='grc' dir='ltr'><strong>Καὶ</strong></span> <span class='ocrx_word' id='word_1_859' title='bbox 3033 5487 3280 5538; x_wconf 81' lang='grc' dir='ltr'><strong>τοσοῦτον</strong></span> <span class='ocrx_word' id='word_1_860' title='bbox 3326 5484 3456 5557; x_wconf 67' lang='grc' dir='ltr'><strong>ὶμοῦ</strong></span> <span class='ocrx_word' id='word_1_861' title='bbox 3520 5488 3747 5558; x_wconf 78' lang='grc' dir='ltr'><strong>Χριστοῦ</strong></span> <span class='ocrx_word' id='word_1_862' title='bbox 3799 5484 3858 5537; x_wconf 79' lang='grc' dir='ltr'><strong>τὸ</strong></span> 
     </span>
    </p>
   </div>
   <div class='ocr_carea' id='block_1_117' title="bbox 2217 5569 3857 5650">
    <p class='ocr_par' dir='ltr' id='par_1_117' title="bbox 2217 5569 3857 5650">
     <span class='ocr_line' id='line_1_117' title="bbox 2217 5569 3857 5650; baseline -0.001 -22"><span class='ocrx_word' id='word_1_863' title='bbox 2217 5571 2490 5650; x_wconf 79' lang='grc' dir='ltr'><strong>διάφορον,</strong></span> <span class='ocrx_word' id='word_1_864' title='bbox 2541 5569 2678 5626; x_wconf 83' lang='grc' dir='ltr'><strong>ὥστε</strong></span> <span class='ocrx_word' id='word_1_865' title='bbox 2738 5570 2846 5649; x_wconf 73' lang='grc' dir='ltr'><strong>ἐγὼ</strong></span> <span class='ocrx_word' id='word_1_866' title='bbox 2891 5570 3011 5650; x_wconf 79' lang='grc' dir='ltr'><strong>μὲν,</strong></span> <span class='ocrx_word' id='word_1_867' title='bbox 3043 5569 3098 5626; x_wconf 75' lang='grc' dir='ltr'><strong>ἐν</strong></span> <span class='ocrx_word' id='word_1_868' title='bbox 3151 5569 3298 5628; x_wconf 77' lang='grc' dir='ltr'><strong>ὕδατι</strong></span> <span class='ocrx_word' id='word_1_869' title='bbox 3342 5572 3603 5647; x_wconf 83' lang='grc' dir='ltr'><strong>βαπτίζω,</strong></span> <span class='ocrx_word' id='word_1_870' title='bbox 3650 5573 3857 5634; x_wconf 55' lang='lat' dir='ltr'><strong>hervoq</strong></span> 
     </span>
    </p>
   </div>
   <div class='ocr_carea' id='block_1_118' title="bbox 2218 5659 3855 5740">
    <p class='ocr_par' dir='ltr' id='par_1_118' title="bbox 2218 5659 3855 5740">
     <span class='ocr_line' id='line_1_118' title="bbox 2218 5659 3855 5740; baseline -0.001 -20"><span class='ocrx_word' id='word_1_871' title='bbox 2218 5669 2272 5726; x_wconf 74' lang='grc' dir='ltr'><strong>δὲ</strong></span> <span class='ocrx_word' id='word_1_872' title='bbox 2339 5665 2398 5720; x_wconf 62' lang='grc' dir='ltr'><strong>ἀν</strong></span> <span class='ocrx_word' id='word_1_873' title='bbox 2447 5661 2708 5738; x_wconf 79' lang='grc' dir='ltr'><strong>Πνιύματι</strong></span> <span class='ocrx_word' id='word_1_874' title='bbox 2766 5661 2856 5718; x_wconf 75' lang='grc' dir='ltr'><strong>καὶ</strong></span> <span class='ocrx_word' id='word_1_875' title='bbox 2905 5661 3047 5739; x_wconf 88' lang='grc' dir='ltr'><strong>πυρί·</strong></span> <span class='ocrx_word' id='word_1_876' title='bbox 3111 5661 3196 5718; x_wconf 78' lang='grc' dir='ltr'><strong>καὶ</strong></span> <span class='ocrx_word' id='word_1_877' title='bbox 3269 5659 3423 5740; x_wconf 68' lang='grc' dir='ltr'><strong>ἄλλο,</strong></span> <span class='ocrx_word' id='word_1_878' title='bbox 3496 5660 3576 5717; x_wconf 80' lang='grc' dir='ltr'><strong>ὅτι</strong></span> <span class='ocrx_word' id='word_1_879' title='bbox 3625 5660 3737 5718; x_wconf 68' lang='lat' dir='ltr'>066E</span> <span class='ocrx_word' id='word_1_880' title='bbox 3770 5664 3855 5718; x_wconf 80' lang='grc' dir='ltr'><strong>τὸν</strong></span> 
     </span>
    </p>
   </div>
  </div>
