4154 6298
269 344 409 419 741

1013 347 1458 420 ENARRATIO
1505 353 1587 420 ΙΝ
1635 336 2144 417 EVANGELIUM
2195 338 2434 410 LUGE.
2469 368 2546 394 -ί-
2589 344 2752 412 CAP.
2806 341 2916 412 III.

3570 337 3689 410 742

289 490 500 564 ἱμάντα
574 489 681 545 τῶν
749 488 1105 566 ὑποδημάτων
1175 491 1330 548 αὐτοῦ
1377 489 1552 552 ἱκανός
1618 488 1724 563 εἰμι
1782 483 1932 541 λῦσαι

2021 528 2022 531 η
2039 481 2165 566 tem
2198 475 2323 536 haec
2346 475 2458 537 sibi
2485 475 2727 538 volunt?
2775 475 3095 556 Baptizavit
3147 494 3246 537 vos
3276 475 3338 537 in
3378 476 3602 558 Spiritu
3632 487 3692 539 et

289 578 365 634 Τί
396 575 449 632 δὲ
490 583 656 634 ταῦτα
685 576 941 657 δηλοῦσι;
977 580 1048 636 Τὸ
1079 579 1200 658 μὲν,
1235 578 1486 634 Βαπτίσει
1529 578 1664 652 ὑμᾶς
1697 576 1751 631 ἒν
1783 574 1950 630 Πνεῦ-

278 687 428 739 ματι
496 668 586 723 καὶ
646 669 791 745 πυρὶ,
866 665 1134 746 πρόδηλον
1190 667 1426 730 πάντως·
1491 668 1580 722 καὶ
1666 665 1765 743 γὰρ
1833 677 1951 727 τοῖς

282 753 622 819 ἀποστόλοις
681 754 892 831 ἔπεμψε
948 757 1009 813 τὸ
1062 766 1292 831 πνεῦμα,
1350 757 1436 812 καὶ
1463 756 1671 832 πύριναι
1715 751 1950 832 γλῶσσαι

279 842 552 924 ὤφθησαν
610 845 948 921 μεριζόμεναι
1010 847 1216 909 αὐτοῖς.
1291 846 1361 903 Τὸ
1390 842 1444 900 δὲ
1479 844 1556 920 μὴ
1587 843 1729 899 εἶναι
1771 843 1950 898 ἰκανὸν

281 931 448 991 λῦσαι
504 935 598 990 τὸν
661 933 855 1009 ἱμάντα
913 941 1019 990 τῶν
1073 933 1431 1009 ὑποδημάτων
1461 933 1642 1006 αὺτοῦ,
1687 931 1823 988 κατὰ
1852 931 1950 1004 μὲν

279 1022 397 1089 τὴν
466 1028 712 1103 προφανῆ
743 1022 972 1104 ἔννοιαν,
1019 1021 1098 1079 ὅτι
1133 1022 1262 1082 οὐδὲ
1294 1023 1525 1102 ἔσχατος
1557 1019 1740 1083 δοῦλος
1793 1020 1950 1075 αὐτοῦ

315 1112 333 1134 9
474 1111 498 1130 ν
721 1113 732 1130 Ι
1058 1122 1070 1136 ν
1157 1113 1169 1130 \
1268 1112 1281 1128 \
1619 1111 1629 1133 ρ
1865 1108 1913 1129 \I

283 1132 404 1186 ειμι
467 1110 608 1177 αξιος
672 1117 972 1176 ταττεσθαι.
1038 1123 1185 1170 Ιιατα
1236 1111 1290 1168 δε
1349 1113 1409 1168 τὸ
1441 1132 1814 1192 κρυτριωτερον,
1861 1121 1949 1166 ουο

283 1198 615 1275 ὑποδήματά
673 1203 771 1258 εἰσι
830 1204 923 1258 τοῦ
983 1202 1198 1281 Κυρίου,
1258 1200 1294 1267 ἥ
1348 1222 1406 1256 τε
1463 1199 1514 1266 ἐξ
1594 1202 1808 1278 οὐρανοῦ
1866 1198 1950 1255 ἐπὶ

281 1287 393 1354 τὴν
450 1289 549 1366 γῆν
609 1289 889 1370 ἐπιδημία,
948 1292 1036 1347 καὶ
1065 1293 1100 1359 ἡ
1144 1290 1204 1346 ἐκ
1237 1292 1338 1368 γῆς
1383 1290 1468 1347 ἐπὶ
1508 1291 1588 1344 εὸν
1619 1289 1771 1361 ᾃδην·
1820 1289 1947 1345 τού-

280 1396 400 1432 των
454 1377 539 1434 οὖν
596 1382 702 1434 τῶν
759 1377 849 1436 δύο
893 1378 1192 1456 ἐπιδημιῶν
1221 1380 1342 1442 τοὺς
1368 1379 1618 1458 τρόπους,
1651 1381 1709 1435 οὗ
1739 1374 1954 1434 δύναταί

279 1485 373 1528 τις
432 1464 606 1542 λῦσαι,
668 1467 782 1527 οὐδὲ
839 1470 883 1524 εἰ
942 1470 1078 1525 κατὰ
1138 1466 1387 1535 ἰωάνιην
1421 1469 1552 1529 ἐστί,
1587 1467 1673 1530 Τίς
1721 1469 1820 1545 γὰρ
1851 1465 1944 1523 δὺ-

279 1575 449 1610 ναται
501 1557 694 1638 εἰπεῖν,
755 1557 790 1624 ἢ
848 1563 963 1621 πῶς
997 1557 1293 1637 ἐσαρκώθη,
1331 1558 1367 1626 ἢ
1423 1562 1537 1620 πῶς
1582 1555 1840 1625 κατῆλθεν
1871 1559 1943 1620 εἷς

277 1640 424 1714 ᾅδην
470 1663 486 1718 ;
560 1648 631 1704 Τὸ
688 1645 760 1703 δὲ.
805 1647 878 1705 Οὗ
918 1649 981 1704 τὸ
1010 1649 1172 1704 πτύον
1203 1647 1255 1703 ἒν
1301 1653 1370 1722 τῇ
1397 1648 1538 1726 χειρὶ
1580 1648 1757 1722 αὐτοῦ,
1790 1654 1943 1703 τοῦτο

276 1735 563 1805 σημαίνει,
639 1735 745 1816 ὅτι,
801 1738 860 1794 Εἰ
916 1738 1003 1792 καὶ
1077 1738 1318 1813 βαπτίσει
1367 1737 1527 1811 ὑμᾶς,
1577 1735 1655 1810 μὴ
1707 1735 1940 1810 νομίζετε

275 1821 367 1876 ὃτι
427 1821 530 1890 ἢδη
597 1824 757 1881 άθῶοί
795 1825 937 1883 iure“
971 1823 1091 1882 ἀλλ’
1152 1827 1195 1882 εἰ
1225 1825 1303 1901 μη
1329 1826 1420 1881 τὸν
1452 1825 1587 1897 μετὰ
1636 1830 1800 1880 ταῦτα
1830 1825 1941 1900 βίον

2034 563 2153 641 igni
2166 615 2178 637 ,
2191 566 2568 626 manifestum
2585 567 2848 627 omnino.
2862 567 3093 628 Etenim
3111 568 3392 646 apostolis
3403 567 3686 648 Spiritum

2035 652 2225 726 misit,
2254 663 2310 714 et
2333 655 2520 732 igneae
2551 655 2769 733 linguae
2787 655 3685 735 apparueruntdispertitaeillis.

2034 739 2161 802 Non
2179 751 2378 804 autem
2398 743 2642 821 dignum
2667 763 2803 804 esse
2825 753 2888 804 ut
2918 744 3102 805 solvat
3125 746 3438 822 corrigiam
3457 746 3690 808 calcea-

2039 833 2571 907 mentorum,clara
2590 833 2887 893 sententia
2917 835 3192 913 est,quod
3228 854 3344 894 non
3376 835 3450 894 sit
3479 835 3691 915 dignus

2034 919 2135 999 qui
2160 921 2315 981 inter
2337 931 2635 982 extremos
2658 939 2859 982 servos
2877 921 3281 984 ordinetur.ln
3298 942 3476 984 sensu
3491 936 3686 987 autem

2033 1010 2511 1080 occultiore,duo
2535 1010 2935 1070 cali-eanienta
2957 1010 3688 1092 Doniini,suntperfectio-

2033 1116 2141 1160 nes
2175 1099 2304 1178 ejus
2338 1099 2490 1173 duze,
2518 1117 2633 1159 una
2665 1117 2696 1159 e
2735 1098 2901 1159 caelis
2929 1099 2987 1158 in
3023 1100 3687 1180 terram,alteraeterra

2031 1193 2094 1254 in
2125 1187 2424 1249 infernum
2464 1209 2476 1245 :
2514 1187 2722 1248 harum
2779 1187 2938 1247 enim
2974 1186 3225 1248 duarum
3263 1189 3685 1268 profectionum

2033 1277 2277 1337 modum
2314 1296 2432 1337 non
2463 1284 2654 1356 potest
2686 1276 2982 1356 quispiam
3015 1277 3272 1348 solvere,
3301 1296 3375 1338 ne
3399 1279 3446 1338 si
3472 1277 3689 1347 Joanni

2030 1365 2270 1445 quidem
2294 1365 2506 1425 similis
2527 1365 2733 1427 fuerit.
2763 1365 2906 1437 Quis
2937 1365 3096 1425 enim
3132 1365 3425 1446 explicare
3448 1369 3684 1447 poterit,

2029 1464 2130 1514 aut
2161 1455 2464 1534 quomodo
2499 1455 2840 1515 incarnatus
2872 1455 3080 1534 sit,aut
3101 1457 3474 1534 quomodoin
3500 1459 3683 1519 infer-

2026 1559 2168 1603 num
2195 1543 2576 1605 descenderit
2600 1543 2768 1604 ?Jam
2805 1542 3203 1603 vemilabrum
3237 1544 3295 1605 in
3321 1563 3497 1607 manu
3530 1548 3680 1628 ejus,

2026 1630 2140 1692 hoc
2164 1632 2377 1712 signat,
2413 1633 2569 1712 quod
2625 1631 2791 1693 Licet
2827 1632 3143 1713 baptizavit
3192 1651 3314 1714 vos,
3349 1653 3424 1696 ne
3469 1639 3686 1717 putetis

2026 1720 2183 1800 quod
2208 1723 2332 1800 jam
2390 1722 2662 1782 insontes
2722 1720 2851 1783 sitis
2887 1739 2901 1784 :
2939 1720 3044 1782 sed
3083 1721 3199 1782 nisi
3232 1724 3475 1802 posthac
3507 1725 3682 1787 vitam

2025 1810 2273 1888 egeritis
2304 1811 2983 1887 immaculatam,exuret
3008 1830 3106 1872 vos
3147 1812 3268 1891 igni
3298 1813 3682 1894 inexstingui-

275 1907 516 1986 ἄμωμον
577 1913 878 1996 ἐνδείξεσθε,
951 1917 1270 1972 κατακαύσει
1330 1916 1464 1990 ὑμᾶς
1525 1914 1645 1992 πυρὶ
1676 1911 1935 1987 ἀσϐέστῳ·

2026 1897 2154 1961 bili.
2182 1900 2358 1961 Palea
2381 1900 2542 1960 enim
2566 1908 2657 1961 est
2681 1901 2780 1981 qui
2800 1900 3177 1962 infecundam
3203 1912 3461 1964 mentem
3476 1905 3680 1983 habet,

274 1995 489 2077 ἄχυρον
545 2002 646 2080 γὰρ
720 2004 888 2065 ἐστιν.
949 2007 977 2060 ὁ
1008 2003 1243 2082 ἂκαρπον
1274 2003 1421 2083 ἔχων
1451 2010 1592 2075 νοῦν,
1649 2003 1735 2058 καὶ
1780 2003 1940 2078 μόνον

273 2090 541 2168 συρφετὸν
598 2091 764 2149 πολὺν
822 2094 1088 2170 βιωτικῶν
1146 2093 1476 2172 πραγμάτων
1536 2092 1938 2171 ὲπιφερόμενος,

280 2201 307 2230 α
394 2177 574 2239 Πολλὰ
644 2180 697 2238 δὶ
755 2183 841 2240 καὶ
867 2182 1023 2262 ἕτερα
1071 2182 1420 2262 παρακαλῶν,
1454 2183 1822 2260 εὐηγγελίζετο
1851 2183 1941 2239 τὸν

272 2264 434 2326 λαόν.
501 2292 530 2324 ι
589 2270 928 2350 Παράκλησις
999 2273 1100 2351 γὰρ
1160 2271 1326 2336 ὅντως
1354 2273 1494 2328 ἐστὶν
1523 2274 1556 2339 ἡ
1589 2271 1761 2349 ἀγαθὴ
1793 2270 1944 2329 διδα-

270 2355 496 2414 σκαλία·
533 2361 620 2416 καὶ
653 2361 959 2441 εὐαγγέλιον
1001 2361 1056 2417 δὲ
1101 2360 1316 2424 εἰκότως
1345 2361 1406 2419 ἂν
1436 2360 1680 2441 λεχθείη.

367 2471 393 2502 ιι
465 2438 525 2506 l0
587 2447 640 2504 δὲ
702 2438 941 2530 Ἠ-ρῶδης
995 2455 1024 2507 '0
1083 2451 1394 2531 Τετράρχης
1438 2438 1800 2529 ἐλενχόμενος
1850 2453 1941 2507 ὑπ’

272 2537 442 2592 αὐτοῦ
503 2540 626 2619 περὶ
731 2531 1050 2620 Ἡρωδιάδος
1095 2546 1193 2609 τῆς
1263 2542 1511 2619 γυναικὸς
1570 2548 1661 2597 τοῦ
1717 2538 1940 2619 ἀδελφοῦ

270 2625 467 2709 αὐτοῦ,
528 2630 616 2684 καὶ
673 2633 791 2709 περὶ
838 2632 1052 2688 πάντων
1119 2635 1192 2687 ὧν
1278 2629 1495 2697 ἐποίησε
1580 2637 1825 2708 πονηρῶν
1909 2633 1936 2686 ὁ

277 2704 554 2792 Ἡρώδης,
617 2719 910 2797 προσέθηκε
981 2722 1065 2776 κοὶ
1133 2730 1287 2780 τοῦτο
1357 2719 1443 2776 ἐπὶ
1486 2726 1641 2793 πᾶσι,
1682 2721 1769 2775 καὶ
1797 2741 1934 2776 κατ-

274 2803 487 2861 ἐκὶεισε
546 2808 639 2863 τὸν
700 2808 955 2877 ἰωάννην
1015 2809 1068 2865 ἐν
1116 2816 1184 2886 τῇ
1241 2807 1473 2889 φυλακῇ.
1523 2809 1770 2886 Ἐγένετο
1798 2807 1851 2864 δὲ
1883 2807 1935 2865 ἐν

274 2899 358 2967 τῷ
413 2896 767 2971 βαπτισθῆναι
840 2899 1049 2956 ἅπαντα
1107 2901 1197 2956 τὸν
1229 2898 1381 2970 λαὸν,
1414 2899 1500 2954 καὶ
1530 2896 1707 2965 Ἰησοῦ
1736 2899 1934 2973 βαπτι-

273 2983 489 3048 σθέντος
548 2989 637 3043 καὶ
706 2989 1164 3069 προσευχομένου,
1209 2988 1547 3066 ἀνεῳχθηναι
1577 2987 1667 3042 τὸν
1721 2987 1936 3066 οὐρανὸν

274 3074 368 3128 καὶ
440 3073 735 3143 καταϐῆναι
805 3079 868 3134 τὸ
932 3085 1142 3152 Πνεῦμα
1184 3079 1246 3133 τὸ
1299 3076 1446 3155 ἅγιον
1482 3079 1772 3152 σωματικῷ
1801 3073 1933 3131 εἴδει

276 3161 403 3216 ὡσεὶ
458 3167 765 3244 περιστερὰν
819 3167 905 3224 ἐπ’
967 3169 1145 3247 αὐτὸν,
1198 3170 1284 3223 καὶ
1377 3167 1551 3246 φωιην
1603 3164 1656 3230 ἐξ
1713 3165 1934 3243 οὗρανοῦ

277 3249 541 3328 γενέσθαι,
572 3253 850 3333 Αέγουσαν·
925 3257 997 3311 Σὺ
1032 3257 1087 3313 εἶ
1121 3259 1147 3313 ὸ
1184 3256 1300 3318 Υἱός
1333 3277 1434 3330 μου
1463 3257 1492 3311 ὁ
1534 3253 1839 3332 ἀγαπητὸς,
1874 3253 1927 3310 ἐν

2026 1999 2086 2048 et
2121 1991 2529 2051 tantummodo
2559 2009 2831 2069 magnam
2864 2008 3065 2053 rerum
3125 1993 3539 2072 temporalium
3571 2014 3679 2056 cu-

2024 2093 2149 2137 ram
2183 2079 2360 2155 gerit.
2397 2104 2422 2134 α
2462 2079 2646 2141 Multa
2676 2090 2873 2141 autem
2907 2089 2963 2140 et
3005 2080 3119 2140 alia
3148 2081 3466 2143 exhortans
3497 2101 3679 2144 evan-

2025 2167 2314 2244 gelizabat
2371 2169 2615 2248 populo.
2661 2194 2686 2224 lo
2745 2169 3088 2230 Consolatio
3120 2169 3279 2230 enim
3315 2179 3372 2231 et
3401 2173 3678 2235 exhorta—

2026 2255 2130 2330 tio,
2166 2275 2374 2318 revera
2396 2267 2484 2319 est
2515 2258 2794 2320 doctrina
2817 2257 3059 2336 bona,et
3082 2260 3220 2337 jure
3252 2259 3470 2324 dicitur
3502 2283 3680 2328 evan-

1938 2380 1940 2383 τ
2025 2344 2248 2423 gelium

2103 2432 2286 2496 Vens.
2331 2436 2539 2498 19-22.
2582 2460 2607 2491 ε
2645 2436 2916 2498 Herodes
2949 2445 3144 2498 autem
3183 2437 3507 2504 Tetrarcba
3537 2459 3675 2505 cum

2022 2523 2428 2603 corriperetur
2449 2525 2521 2585 ab
2547 2524 2650 2585 illo
2677 2525 2752 2586 de
2772 2527 3111 2588 Herodiade
3143 2547 3324 2589 uxore
3340 2529 3536 2592 fratris
3557 2533 3671 2609 sui,

2019 2610 2213 2692 deque
2239 2614 2518 2675 omnibus
2548 2614 2720 2675 malis
2749 2634 2881 2696 quae
2902 2616 3153 2678 faciebat
3178 2616 3467 2696 Herodes,
3503 2623 3671 2700 adje-

2019 2700 2099 2762 cit
2131 2709 2190 2765 et
2219 2702 2333 2763 hoc
2365 2722 2548 2784 super
2570 2704 3113 2785 omnia,etinclusit
3140 2705 3433 2770 Joannem
3456 2709 3516 2770 in
3541 2729 3669 2771 car-

2018 2808 2242 2853 cerem.
2282 2794 2521 2854 Factum
2548 2802 2635 2854 est
2657 2802 2849 2856 autem
2875 2814 3008 2855 cum
3053 2795 3451 2875 baptizeretur
3480 2801 3671 2860 omnis

2023 2881 2376 2961 populus,ut
2408 2892 2464 2942 et
2491 2882 2632 2944 Jesu
2666 2882 2957 2964 baptizato
2990 2892 3048 2944 et
3073 2893 3279 2946 orante
3300 2895 3572 2966 apertum
3597 2890 3671 2950 sit

2019 2970 2262 3044 coelum,
2297 2990 2365 3032 ac
2422 2971 2730 3033 descendit
2785 2971 3038 3052 Spiritus
3087 2985 3325 3035 sanctus
3377 2977 3671 3057 corporali

2017 3060 2218 3139 specie
2243 3062 2414 3140 quasi
2437 3060 2712 3122 columba
2733 3064 2789 3123 in
2814 3062 3101 3142 ipsum,et
3122 3082 3226 3124 vox
3247 3064 3321 3124 de
3353 3066 3500 3126 cmlo
3517 3067 3670 3130 facta

2015 3157 2259 3227 estquae
2294 3149 2523 3210 diceret
2558 3168 2574 3209 :
2603 3149 2689 3210 Tu
2719 3169 2778 3210 es
2800 3150 2986 3211 Filius
3007 3150 3107 3211 ille
3138 3170 3308 3213 mens
3323 3153 3666 3236 dilectus,in

2017 3246 2074 3299 te
2094 3238 2510 3319 complacitum
2534 3246 2624 3301 est
2643 3238 3060 3301 mihi.»Merito
3078 3240 3381 3302 interserit
3401 3243 3512 3304 hoc
3534 3245 3664 3308 loco

275 3326 362 3395 eoi
410 3326 701 3411 ηὐδόκησα,
743 3367 764 3400 ι
842 3344 1075 3432 βῖκότως
1103 3326 1457 3424 παρενέϐαλεν
1487 3346 1515 3399 ὃ
1544 3326 1929 3422 εῦαγγελιστὴς

2021 3328 2372 3406 evangelista
2389 3328 2461 3389 de
2476 3326 2898 3409 Herode.quasi
2917 3328 2976 3390 iu
2993 3329 3152 3391 hunc
3171 3331 3412 3392 modum
3431 3333 3659 3399 dicens:

274 3426 496 3487 ἕνταῦθα
543 3433 609 3490 τὰ
667 3435 783 3513 περὶ
845 3425 1099 3512 Ἡρώδου,
1160 3413 1449 3511 μονονουχὶ
1496 3413 1701 3492 τοιάδε.
1730 3431 1927 3511 λέγων·

2021 3413 2218 3478 Turba
2242 3419 2482 3498 quidem
2515 3419 2651 3513 talia
2680 3419 2754 3481 de
2783 3418 3020 3513 Joanne
3040 3419 3354 3513 sentiebat,
3398 3421 3665 3488 Herodes

276 3516 339 3576 Ὀ
373 3520 469 3595 μὲν
515 3520 705 3603 ὄχλος,
736 3507 953 3581 τοιαῦτα
993 3524 1112 3603 περὶ
1146 3507 1776 3602 Ἰωάννου-διελογίζετο,
1806 3507 1850 3578 τὸ
1882 3521 1935 3578 δὲ

2021 3517 2225 3568 autem
2252 3527 2383 3568 cum
2407 3509 2646 3588 reprehi
2667 3516 2951 3569 nderetur
2969 3507 3042 3570 ab
3067 3510 3343 3584 eo,etiam
3365 3513 3438 3573 ad
3463 3515 3665 3577 omnia

279 3605 520 3688 Ἡρώδης
548 3595 940 3692 ήέλείχόμενος
1006 3595 1095 3670 ὑπ’
1177 3614 1355 3688 αὐτοῦ,
1456 3595 1773 3690 προσέθηκε,
1845 3613 1935 3668 καὶ

2021 3595 2132 3656 alia
2150 3598 2410 3658 facinora
2431 3599 2645 3677 adjecit
2669 3607 2736 3692 ut
2753 3598 3084 3692 includeret
3112 3598 3280 3661 illum
3311 3599 3372 3662 in
3399 3621 3659 3670 carcere.

271 3705 432 3756 τοῦτο
502 3700 587 3757 ἰπὶ
640 3709 794 3783 πᾶσι,
839 3704 899 3760 τὸ
930 3701 1282 3760 κατακλεῖσαι
1313 3702 1466 3759 αὐτὸν
1499 3702 1552 3758 ἰν
1583 3707 1651 3778 τῇ
1693 3700 1926 3781 φυλακῇ⁶

2021 3686 2227 3749 Narrat
2259 3691 2454 3766 itaque
2485 3688 2610 3749 haec
2660 3687 2942 3749 miserum
2975 3688 3142 3749 illum
3175 3700 3231 3751 et
3260 3709 3660 3756 aerumnosum

269 3789 464 3845 ὡσανεὶ
533 3792 620 3846 οὗν
682 3774 1040 3873 σχετλιάζων,
1092 3798 1256 3849 ταῦτα
1316 3789 1583 3868 διηγεῖται
1613 3774 1717 3847 καὶ.
1749 3774 1926 3847 δεινο-

2021 3774 2304 3853 indicans,
2339 3777 2826 3873 quandoquidem
2864 3778 2998 3873 talia
3028 3797 3204 3840 ausus
3224 3781 3453 3873 fuerat,
3491 3784 3662 3845 turba

269 3880 476 3951 παθῶν,
547 3878 660 3958 εἴγε
719 3860 823 3938 ’τοῦ
881 3860 1051 3962 dilati:
1108 3881 1362 3948 τοιαύτην
1419 3860 1804 3955 ῦπὸληῴινέπὶ
1848 3886 1927 3951 τῷ

2021 3874 2252 3962 tantam,
2275 3865 2617 3962 opinionem
2658 3867 2913 3929 habente
2943 3868 3017 3929 de
3046 3869 3187 3931 296
3213 3869 3464 3962 Joanne.
3496 3873 3658 3955 Ape-

271 3963 498 4044 Ἰωάννῃ
551 3954 800 4051 ἔχοντος,
873 3954 954 4028 ὁ.-
990 3962 1226 4050 Ἠρώδης
1313 3976 1530 4027 τοιαῦτα
1601 3954 1919 4034 ἐπεδείξατο,

2021 3954 2161 4018 ritur
2180 3965 2376 4018 autem
2413 3957 2651 4030 coelum,
2684 3965 2749 4018 ut
2774 3966 3146 4020 monstretur
3177 3959 3347 4023 nobis
3375 3965 3531 4043 quod
3550 3954 3658 4027 ba-

273 4044 655 4134 'Avolyt11t'3E
688 4062 716 4115 ὸ
745 4044 992 4139 οῦρανὸς,
1026 4044 1115 4117 ἳνα
1135 4059 1324 4138 δειχθῇ
1367 4059 1503 4134 ίημτν
1534 4057 1616 4113 ὅτι
1644 4059 1706 4113 τὸ
1735 4057 1926 4133 βάπτι-

2021 4044 2490 4139 ptisma_aperiat_
2504 4045 2786 4139 omnibus
2817 4046 3056 4139 coelum,
3081 4049 3461 4139 quod_Adam
3491 4054 3657 4116 elau-

271 4164 386 4220 σμα
441 4145 640 4226 ἀνοίγει
710 4155 840 4207 πᾶσι
923 4151 1014 4208 τὸν
1047 4151 1291 4229 οὐρανὸν,
1338 4147 1395 4204 ὅν
1424 4150 1453 4204 ὃ
1485 4145 1653 4222 Ἀδὰμ
1695 4145 1924 4210 ἔκλεισε,

276 4233 494 4290 Κάτεισί
564 4259 621 4293 τε
677 4240 738 4294 τὸ
797 4245 1012 4315 Πνεῦμα
1085 4239 1168 4296 ἐπὶ
1196 4240 1287 4295 τὸν
1332 4235 1561 4312 Ἰησοῦν,
1592 4236 1698 4292 ’ἵνα
1746 4237 1834 4293 καὶ
1867 4236 1927 4293 ἐκ

272 4323 464 4380 τούτου
535 4327 786 4404 μάθωμεν
842 4329 922 4385 ὃτι
993 4329 1081 4384 καὶ
1135 4330 1271 4403 ἡμῖν
1312 4324 1720 4403 βαπτιζομένοις
1753 4323 1922 4382 ἔπεισι

271 4412 336 4468 τὸ
391 4419 628 4491 Πνεῦμαο
701 4421 761 4477 οὐ
813 4418 913 4497 γὰρ
943 4415 1008 4485 δὴ
1041 4420 1068 4473 ὂ
1097 4415 1288 4496 Κύριος
1342 4413 1518 4472 ἒδὲετο
1538 4414 1633 4470 τοῦ
1675 4415 1921 4490 Πνεῦμα-

271 4522 386 4566 τος.
463 4503 630 4563 Ἀλλὰ
662 4507 831 4563 πάντα
874 4505 940 4563 δι’
971 4509 1113 4582 ἡμᾶς
1158 4518 1328 4583 ποιεῖ,
1381 4506 1469 4560 καὶ
1511 4504 1734 4584 ἀπαρχὴ
1766 4506 1922 4570 αὒτὸς

273 4592 475 4668 γίνεται
530 4595 766 4672 πάντων,
839 4597 914 4654 ὧν
995 4596 1291 4673 ἔμέλλομεν
1385 4597 1548 4671 ἡμεῖς
1635 4592 1923 4670 λαμϐάνειν

2010 4141 2188 4206 serat,
2223 4133 2545 4195 Descendit
2591 4143 2789 4196 autem
2825 4137 3086 4216 Spiritus
3125 4139 3186 4198 in
3228 4136 3460 4215 Jesum,
3494 4155 3558 4205 ut
3589 4164 3656 4207 ex

2009 4221 2122 4283 hoc
2153 4223 2455 4285 discamus
2503 4223 2658 4303 quod
2716 4231 2774 4284 et
2805 4223 2865 4284 in
2918 4244 3046 4299 nos,
3083 4245 3217 4287 cum
3261 4227 3650 4310 baptizamur,

2008 4310 2333 4373 descendat
2360 4312 2632 4392 Spiritus.
2683 4310 2886 4393 Neque
2922 4313 3080 4375 enim
3114 4315 3338 4396 Spiritu
3370 4323 3653 4383 Dominus

2005 4419 2154 4482 opus
2185 4400 2460 4482 habebat,
2494 4401 2598 4463 sed
2631 4402 2832 4463 omnia
2851 4412 3096 4484 propter
3118 4423 3225 4466 nos
3253 4407 3413 4484 facit,
3448 4417 3506 4471 et
3535 4411 3655 4490 pri-

2006 4491 2184 4553 mitiae
2217 4492 2345 4572 ipse
2389 4491 2454 4552 fit
2482 4491 2745 4554 omnium
2797 4510 2928 4573 quae
2984 4511 3093 4554 nos
3123 4497 3416 4575 sumpturi
3447 4515 3652 4561 sumus

2007 4582 2274 4662 posthac,
2309 4589 2372 4642 ut
2401 4581 2500 4642 fiat
2536 4580 2969 4661 primogenitus
2999 4581 3058 4643 in
3096 4583 3295 4644 multis
3345 4584 3647 4653 fratribus.

271 4666 512 4763 ῦστεροθ,
575 4686 645 4751 ὡς
703 4666 764 4742 ἄν
812 4666 1151 4766 πρωτότοκος
1196 4666 1259 4744 ’ἐν
1289 4666 1515 4749 πολλοῖς
1545 4666 1797 4764 ἀδελφοῖς
1824 4683 1922 4762 γέ-

2021 4672 2072 4734 [n
2102 4671 2302 4752 specie
2330 4679 2527 4733 autem
2560 4670 2850 4732 columba
2880 4670 3212 4748 descendit,
3265 4681 3326 4734 ut
3354 4675 3652 4740 discamus

275 4790 458 4838 νηται·
528 4775 602 4837 ὡς
659 4777 941 4855 περιστερὰ
998 4775 1079 4857 δὲ,
1133 4776 1226 4832 ἵνα
1281 4775 1532 4851 μάθωμεν
1588 4772 1668 4828 ὅτι
1725 4774 1922 4852 πράους

273 4862 425 4936 ἡμᾶς
485 4875 623 4919 εἶναι
666 4862 749 4922 δεῖ
790 4867 878 4922 καὶ
914 4865 1213 4945 καθαρούς·
1246 4866 1334 4922 καὶ
1377 4865 1458 4920 ὃτι
1507 4861 1687 4941 ὥσπερ
1716 4860 1802 4918 ἐπὶ
1831 4868 1922 4919 τοῦ

274 4956 420 5030 Νῶε,
477 4955 759 5031 περιστερὰ
837 4956 1067 5030 εμήνυσε
1123 4959 1223 5023 τὴν
1293 4952 1624 5010 κατάπαυσιν
1672 4950 1771 5018 τῆς
1829 4958 1923 5009 τοῦ

275 5046 409 5096 θεοῦ
471 5042 658 5119 ὀργῆς,
719 5042 859 5101 οὕτω
927 5045 1014 5101 καὶ
1057 5045 1297 5118 ἐνταῦθα,
1331 5044 1394 5099 τὸ
1437 5046 1650 5116 Πνεῦμα
1686 5041 1741 5096 τὸ
1769 5038 1920 5118 ἅγιον

272 5127 604 5199 κατήλλαξεν
675 5133 814 5208 ἣμᾶς
871 5139 949 5208 τῷ
1000 5141 1140 5210 Θεῷ,
1199 5129 1570 5206 κατακλυσμὸν
1592 5133 1692 5196 τῆς
1740 5128 1918 5208 ἀμαρ-

274 5219 389 5281 τίας
455 5221 846 5296 ποιησάμενον·
919 5224 1007 5280 καὶ
1078 5224 1198 5287 Υἱὸς
1252 5220 1309 5277 δὲ
1366 5220 1566 5293 ἀκούει,
1627 5218 1770 5297 παρὰ
1831 5221 1922 5274 τοῦ

275 5308 482 5385 Πατρὸς
537 5307 844 5389 ἐνεχθείσης
927 5313 1026 5380 τῆς
1057 5317 1265 5392 φωνῆς,
1297 5309 1497 5372 δεικνὺς
1531 5307 1612 5364 ὅτι
1641 5308 1731 5364 καὶ
1784 5307 1922 5384 ἡμῖν

273 5396 706 5479 βαπτιζομένους,
776 5401 874 5468 τὴν
927 5402 1182 5461 υἱοθεσίαν
1235 5399 1522 5481 ἐχαρίσατο
1583 5397 1672 5454 Ἐν
1730 5397 1810 5454 σοὶ
1865 5395 1919 5452 δὲ

275 5485 559 5568 εὐδόκησα,
605 5487 718 5546 ἀντὶ
742 5497 862 5570 τοῦ,
904 5490 1293 5560 ἰπανεπαύθην.

355 5643 413 5698 1'
442 5644 594 5710 Gen.
624 5647 878 5724 V111,“.

2005 4763 2162 4844 quod
2195 4772 2541 4825 mansuetos
2590 4780 2700 4823 nos
2755 4779 2888 4822 esse
2940 4771 3236 4842 oporteat,
3271 4783 3340 4827 ac
3371 4768 3646 4832 mundos.

2004 4849 2077 4913 Et
2102 4851 2253 4914 sicut
2287 4859 2552 4932 tempore
2580 4849 2705 4912 Noe
2762 4850 3042 4914 columba
3096 4851 3445 4932 signiﬁcavit
3473 4857 3649 4936 quie-

2002 4940 2155 5004 visse
2173 4941 2323 5002 iram
2356 4942 2461 5004 Dei
2506 4939 2583 5016 εί,
2615 4941 2698 5002 sic
2731 4948 2790 5002 et
2818 4940 2929 5002 hoc
2961 4940 3092 5010 loco
3121 4941 3378 5022 Spiritus
3415 4954 3650 5007 sanctus

1999 5029 2333 5092 conciliavit
2368 5049 2478 5092 nos
2508 5032 2655 5105 Deo,
2717 5029 2871 5090 facto
2902 5031 3131 5111 peccati
3164 5031 3412 5096 diluvio.
3445 5033 3516 5096 Et
3546 5037 3645 5098 Fi-

2000 5119 2118 5182 lius
2145 5121 2370 5183 audita
2402 5123 2570 5183 Patre
2601 5139 2801 5180 vocem
2831 5119 3090 5197 allatam,
3123 5130 3461 5185 monstrans
3488 5125 3648 5206 quod

2004 5218 2062 5272 et
2091 5209 2264 5271 nobis
2293 5208 2392 5290 qui
2419 5208 2805 5290 baptizamur,
2838 5209 3218 5288 adoptionem
3248 5210 3508 5274 filiorum
3541 5214 3650 5277 Dei

2005 5300 2251 5380 largitus
2301 5300 2396 5364 sit.
2461 5303 2527 5363 In
2581 5309 2635 5362 te
2684 5299 2838 5362 bene
2873 5299 3152 5382 placitum
3211 5309 3301 5362 est
3332 5302 3499 5382 mihi,
3536 5305 3648 5367 hoc

2004 5399 2115 5469 est,
2153 5390 2216 5452 in
2248 5399 2304 5452 te
2335 5388 2596 5471 quietem
2626 5391 2851 5472 accepi.
