4154 6298
534 331 654 400 ’747

1504 335 2096 404 THEOPHYLACTI
2140 339 2549 406 BULGARIA‘.
2593 342 2949 408 ARCHIEP.

3811 340 3936 408 748

538 477 616 537 ita
645 473 993 554 nugabatur,
1027 476 1076 536 si
1121 473 1386 536 fortassis
1428 475 1766 538 adulatione
1797 475 2079 555 deceptus
2111 495 2162 537 se

2259 479 2448 540 ταύτας
2484 495 2498 510 ⁸
2558 479 2700 546 πλὴν
2761 478 2879 536 ἀλλ’
2914 485 2974 539 οὗ
3003 482 3137 537 κατὰ
3189 480 3421 538 διάνοιαν
3465 483 3647 557 οἶμαι,
3681 479 3811 536 ἀλλ’
3849 483 3928 536 αἷ-

535 563 749 626 Filium
781 564 887 626 Dei
920 572 1218 625 ostentare
1239 565 1395 639 velit,
1429 565 1767 644 dejiciendo
1793 584 1856 626 se
1879 566 2182 640 deorsum,

535 663 927 732 cognosceret
974 654 1242 733 quisnam
1303 662 1479 715 esset.
1536 655 1610 715 At
1668 655 1956 717 Dominus
2013 655 2180 715 illum

533 741 856 824 Scripturis
887 743 1127 824 repellit
1157 764 1169 805 :
1225 768 1247 798 α
1284 746 1415 806 Νοη
1449 743 1724 814 tentabis,
1761 743 2153 824 inquit,Domi

534 851 673 896 num
701 835 888 895 Deum
915 841 1102 896 tuum.
1146 857 1166 889 ι
1204 832 1408 913 Neque
1440 833 1596 895 enim
1632 836 1764 913 quis
1801 852 1865 894 se
1896 833 1955 893 in
1988 834 2181 894 mani-

531 922 772 984 festaria
801 922 1070 1003 pericula
1116 921 1293 983 debet
1343 921 1626 1000 objicere,
1681 921 1986 1002 probando
2039 941 2178 984 num

522 1011 694 1091 juvet
726 1032 791 1074 se
839 1013 1018 1074 Deus.
1068 1011 1494 1074 Animadverte
1546 1011 1781 1071 interim
1842 1020 2057 1091 quanta
2100 1013 2179 1073 slt

534 1103 757 1165 utilitas
780 1102 932 1165 scire
961 1102 1317 1182 Scripturas.
1354 1101 1676 1181 Scripturis
1701 1101 1857 1161 enim
1890 1100 2178 1163 Dominus

531 1194 808 1254 Satanam
838 1193 1077 1271 repulit.
1111 1191 1240 1254 Hoe
1288 1191 1472 1252 enim.
1517 1190 1642 1251 Non
1687 1190 1812 1250 solo
1861 1209 2010 1267 pane
2041 1190 2179 1250 vivit

531 1281 736 1357 homo,
762 1281 1084 1343 Mosaicum
1105 1288 1195 1341 est
1224 1279 1299 1340 de
1332 1281 1541 1340 Manna
1567 1280 1787 1340 dictum
1823 1300 1835 1341 :
1872 1297 2004 1339 nam
2039 1279 2177 1339 licet

532 1388 652 1430 non
685 1379 840 1430 esset
870 1369 1036 1449 panis
1057 1369 1365 1442 Manna,eo
1396 1376 1588 1428 tamen
1607 1367 1873 1428 alebatur
1899 1367 2171 1446 populus.

529 1455 823 1521 Similiter
850 1466 908 1519 et
937 1459 1036 1519 illa
1066 1477 1100 1519 a
1129 1457 1284 1518 Mose
1307 1458 1655 1536 deprompta
1677 1465 1835 1531 sunt,
1857 1457 2172 1519 Dominum

527 1556 723 1609 autem
755 1546 945 1608 Deum
980 1555 1139 1608 tuum
1173 1545 1471 1626 adorabis,
1505 1554 1563 1606 et
1595 1565 1607 1608 :
1657 1545 1784 1606 Non
1813 1545 2092 1606 tentabis.

527 1637 620 1701 λος
676 1641 738 1694 τὸ
783 1636 968 1694 εἰδέναι
1013 1640 1105 1702 τὰς
1138 1638 1344 1717 Γρανράς
1384 1656 1395 1668 ⁸

576 1726 633 1759 για
840 1727 977 1759 χΔ-ι.ι
1034 1751 1064 1759 ι·
1079 1727 1152 1759 λιι.
1168 1750 1180 1759 \
1297 1747 1435 1759 -.-~l
1500 1725 1736 1759 z-aAA‘.\-'.
1747 1749 1765 1759 Δ
1853 1727 2124 1759 λ..1.-η“ιὐιζιι
2204 1725 2308 1759 ἐκ.
2397 1728 2511 1759 ,1-Λέ
2584 1735 2673 1759 ’ΛΠ
2807 1729 2928 1759 Διιιι..
2991 1729 3045 1759 ι..

528 1726 637 1783 Ούκ
696 1730 783 1784 ἐπ’
838 1727 978 1805 ἄρτῳ
1034 1727 1182 1801 μόνῳ
1225 1728 1440 1796 ζήσεται
1499 1725 1792 1804 ἅνθρωπος,
1849 1727 2124 1781 Μοσαϊκόν
2203 1723 2337 1804 ἐστι,
2397 1728 2514 1804 περὶ
2584 1735 2674 1784 τοῦ
2752 1729 2930 1783 Μάννα
2987 1729 3141 1803 ῥηθὲν
3175 1748 3190 1766 ο

2265 571 2468 634 σθητῶς
2513 570 2706 633 ταύτας
2763 571 2905 644 αύτῴ
2961 569 3248 645 ὑπέδειξεν,
3284 572 3339 627 ἐν
3369 574 3630 650 φαντασίᾳ
3687 572 3930 638 ποιήσας

2264 665 2515 735 φανῆναι,
2548 666 2642 714 τοῦ
2701 661 2886 735 Κυρίου
2946 661 3023 734 μὴ
3076 661 3508 738 φανταζομένου’
3564 664 3741 736 τρίτον

2261 744 2607 826 προσϐλλλει,
2655 747 2760 803 ἀπὸ
2813 753 2913 812 τῆς
2968 747 3285 827 φιλοδοξίαςο
3335 753 3391 806 Εἰ
3441 751 3549 813 υἱὸς
3582 751 3708 827 γὰρ,
3738 750 3927 827 φησὶν,

2264 834 2318 890 εἴ
2359 843 2453 890 τοῦ
2505 838 2657 911 Θεοῦ,
2706 835 2835 911 βάλε
2880 840 3101 894 σεαυτὸν
3154 839 3301 894 κάτω
3333 855 3346 868 ⁸
3397 838 3704 895 κολακεύων
3736 835 3794 891 δὲ
3830 837 3926 890 αὖ·

2262 925 2373 1002 τὸν,
2434 925 2498 979 τὰ
2555 933 2771 980 τοιαῦτα
2816 924 3019 1003 ἐλήρει,
3081 925 3134 982 εἴ
3190 951 3305 991 πως
3356 929 3461 984 ἀπὸ
3505 933 3603 994 τῆς
3634 925 3924 986 κολακείας

2263 1012 2576 1092 ἀπατηθεὶς,
2635 1015 2722 1069 καὶ
2766 1014 2932 1070 θέλων
2977 1013 3142 1080 δεῖξαι
3177 1017 3359 1072 ἑαυτὸν
3403 1019 3523 1071 Υἱὸν
3575 1023 3730 1087 Θεοῦ,
3781 1014 3925 1090 βάλῃ

2264 1102 2447 1157 ἑαυτὸν
2506 1102 2676 1178 κάτω,
2735 1105 2822 1159 καὶ
2867 1104 3004 1160 οὕτω
3047 1103 3348 1182 διαγνωσθῇ
3403 1107 3566 1178 αὐτῷ,
3610 1106 3687 1169 τίς
3750 1104 3920 1161 ἐστιν.

2264 1183 2320 1246 Ὀ
2379 1189 2432 1246 δὲ
2496 1194 2679 1270 Κύριος
2741 1192 2835 1271 ὅρα
2879 1197 2994 1256 πῶς
3056 1195 3405 1272 ἀποκρούεται
3455 1195 3611 1250 αὐτὸν
3665 1195 3773 1249 ἀπὸ
3822 1199 3920 1258 τῆς

2260 1285 2470 1360 Γραφῆς
2507 1298 2520 1311 ⁸
2586 1303 2608 1336 ι
2661 1286 2767 1340 Οὔκ
2823 1284 3152 1361 ἐκπειράσεις
3209 1285 3333 1363 γὰρ,
3395 1285 3545 1363 φησὶ,
3605 1285 3797 1360 Κύριον
3831 1287 3917 1338 τὸν

2259 1369 2387 1425 Θεόν
2450 1391 2564 1429 σου.
2621 1395 2648 1425 ι
2714 1371 2785 1428 Οὔ
2856 1373 2957 1451 γὰρ
3013 1370 3096 1428 δεῖ
3169 1375 3241 1434 εἰς
3298 1387 3594 1452 προφανεῖς
3645 1370 3920 1436 κινδύνους

2257 1455 2544 1532 ἐμϐάλλειν
2618 1462 2736 1516 τινὰ
2810 1463 3018 1540 ἑαυτὸν,
3101 1461 3454 1537 δοκιμάζοντα
3526 1464 3569 1518 εἰ
3654 1463 3914 1538 βοηθήσει

2257 1551 2399 1621 αύτῷ
2429 1550 2456 1602 6
2489 1549 2640 1611 Θεός,
2677 1550 2985 1624 Σημείωσαι
3041 1550 3095 1606 δὲ
3138 1554 3226 1606 καὶ
3255 1559 3435 1625 τοῦτο,
3463 1550 3544 1606 ὅτι
3576 1553 3715 1629 μέγα
3780 1552 3913 1629 ὅφι-

1446 1639 1532 1692 καὶ
1562 1638 1776 1715 γὰρκαὶ
1807 1640 1834 1692 6
1870 1639 2052 1715 Κύριυς
2103 1639 2192 1692 τὸν
2235 1642 2473 1693 Σατανᾶν
2523 1639 2629 1693 ἀπὸ
2685 1646 2788 1695 τῶν
2841 1639 3059 1718 Γραφῶν
3109 1640 3469 1719 ἀπεκρούσατο
3505 1661 3516 1672 ·
3551 1643 3610 1696 τό
3662 1663 3720 1696 τε
3783 1645 3910 1718 γὰρ.

3256 1731 3317 1784 τὸ
3361 1730 3461 1806 γὰρ
3521 1730 3702 1786 Μάννα
3755 1729 3911 1807 ἄρτος

527 1817 603 1891 μὴ
659 1818 743 1895 ὃν,
800 1816 945 1892 ὅμως
974 1815 1157 1893 ἔθρεψε
1187 1818 1276 1871 τὸν
1308 1815 1435 1872 λαόν
1470 1831 1482 1844 ·
1516 1818 1603 1871 καὶ
1633 1817 1715 1894 τὸ,
1753 1815 1938 1892 Κύριον
1969 1812 2023 1870 δὲ
2068 1817 2156 1870 τὸν
2203 1815 2332 1870 Θεόν
2378 1837 2470 1872 σου
2525 1813 2936 1897 προσκυνήσεις,
2999 1820 3085 1874 καὶ
3127 1820 3213 1892 τὸ,
3267 1820 3374 1875 Οὐιι
3414 1819 3774 1898 ἐκπειράσεις,
3823 1821 3912 1874 καὶ

523 1912 687 1961 ταῦτα
719 1907 1002 1968 Μωσαϊκά,

609 1995 790 2057 Vens.
829 1995 906 2054 13
935 1996 1034 2058 l5.
1064 2019 1090 2049 α
1125 1993 1194 2054 Et
1225 2001 1632 2056 consummata
1656 1994 1818 2055 omni
1849 1992 2173 2056 tentatione
2197 2003 2234 2052 Β

524 2083 796 2145 diabolus
825 2084 1074 2145 recessit
1104 2085 1175 2145 ab
1221 2083 1320 2144 illo
1352 2103 1538 2164 usque
1569 2083 1640 2143 ad
1672 2090 1930 2162 tempus.
1962 2082 2035 2143 Et
2064 2101 2164 2144 re-

524 2191 729 2234 versus
762 2182 851 2234 est
876 2171 1052 2234 Jesus
1083 2173 1142 2233 in
1174 2173 1382 2234 virtute
1413 2173 1657 2252 spiritus
1687 2173 1746 2232 in
1776 2171 2168 2243 Galilzeam,et

522 2262 676 2324 fama
700 2263 842 2323 exiit
872 2281 978 2342 per
1009 2262 1346 2322 universam
1377 2261 1680 2339 regionem
1715 2263 1788 2321 de
1809 2261 2017 2323 illo.Et
2037 2261 2165 2340 ipse

522 2351 779 2433 docebat
821 2352 882 2412 in
914 2352 1228 2430 synagogis
1252 2369 1482 2430 eurum,
1517 2358 1576 2412 et
1620 2351 2060 2429 gloriﬁcabatur
2085 2349 2160 2412 ab

522 2440 825 2504 omnibus.
864 2468 889 2496 ι
923 2443 1178 2502 Omnem
1210 2439 1595 2501 tentationem
1629 2440 1772 2500 dicit
1804 2443 1999 2501 Lucas
2029 2457 2166 2500 con-

520 2548 850 2592 summasse
872 2531 1218 2610 Dominum,
1243 2529 1508 2610 quamvis
1528 2529 1714 2589 tribus
1734 2529 2017 2591 duntaxat
2040 2537 2163 2590 ten-

521 2619 844 2681 tationibus
862 2629 1143 2681 tentatum
1175 2641 1186 2681 :
1221 2637 1288 2680 eo
1312 2617 1466 2698 quod
1488 2618 1874 2680 tentationum
1898 2619 2164 2679 omnium

519 2708 639 2769 sint
688 2709 879 2789 capita
907 2710 1042 2789 tria,
1092 2708 1358 2788 avaritia,
1407 2708 1562 2786 gula,
1609 2717 1667 2768 et
1709 2708 1904 2769 inanis
1951 2708 2162 2787 gloria.

525 2796 709 2859 Porro
745 2799 897 2876 gula:
931 2799 1316 2860 tentationem
1365 2799 1601 2878 repulit,
1635 2798 1841 2859 dicens
1875 2818 1888 2858 :
1940 2800 2072 2860 Non
2104 2797 2165 2858 in

520 2888 647 2949 solo
672 2907 823 2970 pane
844 2889 991 2950 vivet
1021 2890 1221 2951 homo.
1238 2891 1357 2951 Hac
1374 2891 1531 2950 enim
1559 2889 1746 2968 primo
1772 2888 1985 2949 invasit
2003 2906 2160 2960 eum,

515 2978 668 3038 sicut
697 2987 754 3039 et
785 2979 1094 3040 Adamum.
1114 2979 1302 3041 Adam
1318 2981 1474 3040 enim
1499 2997 1615 3039 non
1641 2977 1827 3057 potuit
1847 2997 1950 3057 per
1970 2977 2163 3038 avari-

517 3068 656 3130 tiam
675 3069 1187 3150 supplantariznon
1205 3071 1362 3130 enim
1381 3075 1611 3150 poterat
1625 3068 2158 3149 pluraillecupere,

517 3156 574 3218 id
609 3158 748 3220 299
778 3159 934 3237 quod
967 3158 1223 3219 avaritiae
1269 3167 1379 3230 est,
1415 3158 1572 3218 solus
1610 3156 1920 3220 exsistens.
1956 3155 2160 3237 Neque

517 3265 624 3325 per
656 3247 805 3307 iram
833 3268 848 3308 :
885 3247 976 3308 cui
997 3247 1155 3307 enim
1181 3246 1652 3307 succensuisset‘?
1667 3244 1874 3325 Neque
1893 3264 1999 3324 per
2022 3247 2160 3306 invi-

515 3337 698 3399 diam.
733 3336 986 3396 Proinde
1037 3355 1143 3415 per
1173 3336 1365 3414 gulam
1416 3335 1831 3414 supplantavit.
1867 3336 2157 3397 Cmterum

515 3426 787 3487 avaritia:
816 3425 1200 3488 tentationem
1239 3427 1454 3503 repulit
1496 3444 1612 3485 non
1665 3423 1979 3503 procidens
2025 3433 2159 3484 ante

515 3514 844 3585 diabolum,
881 3532 1078 3593 neque
1111 3532 1249 3574 eum
1281 3513 1558 3573 adorans.
1591 3512 1735 3573 Nam
1759 3532 1891 3574 cum
1916 3513 2160 3573 demon-

513 3613 759 3666 strasset
783 3602 982 3663 omnia
1001 3621 1184 3680 regna
1206 3600 1570 3664 sensibiliter
1587 3603 1713 3680 ejus
1733 3602 2154 3679 imaginationi,

513 3713 630 3755 non
657 3693 728 3755 ad
771 3710 840 3753 ea
876 3693 1172 3771 reSpexit:
1210 3693 1439 3751 tametsi
1485 3691 1751 3750 nonnulli
1799 3691 1912 3750 hoc
1942 3710 2059 3752 non
2085 3691 2160 3752 de

511 3781 894 3843 sensibilibus
914 3780 1135 3859 regnis,
1163 3779 1264 3839 sed
1290 3778 1649 3840 mentalibus
1667 3778 2158 3854 intellexerint,ut

512 3873 668 3952 quod
703 3868 1122 3931 monstraverit
1150 3868 1482 3947 ei_regnum
1517 3869 1749 3931 invidiae
1778 3887 2028 3947 regnum
2060 3870 2156 3930 in-

511 3960 892 4023 continentiae
938 3967 995 4020 et
1056 3958 1116 4017 in
1166 3976 1396 4018 summa
1445 3959 1707 4019 omnium
1777 3965 2153 4039 peccatorum

512 4069 732 4128 regna:
771 4057 829 4110 et
860 4047 1023 4128 quasi
1062 4046 1199 4108 talia
1241 4047 1296 4108 ei
1347 4047 1613 4109 diceret:
1661 4046 1720 4109 Si
1774 4050 1854 4109 vis
1902 4066 2154 4125 regnare

509 4139 917 4202 affectionibus
936 4137 1216 4216 illis,etin
1240 4136 1348 4198 hoc
1368 4137 1664 4212 venisti,ut
1685 4155 1786 4198 eos
1806 4137 1906 4217 qui
1925 4137 2033 4198 sub
2058 4155 2150 4197 me

518 4237 658 4289 sunt
679 4227 1153 4308 rapias,procide
1177 4235 1233 4287 et
1256 4226 1434 4287 adora
1461 4245 1556 4288 me
1582 4247 1594 4288 :
1629 4236 1686 4286 et
1715 4229 1918 4306 accipe
1946 4245 2152 4288 omnes

510 4318 612 4399 qui
654 4336 688 4380 a
720 4336 811 4376 me
844 4315 1271 4393 gubernantur.
1322 4315 1608 4379 Dominus
1655 4325 1850 4376 autem
1901 4333 2151 4392 regnare

510 4407 750 4488 quidem
773 4406 920 4479 vult,
947 4413 1005 4465 et
1039 4405 1110 4466 ad
1153 4405 1264 4466 hoc
1304 4405 1483 4467 venit:
1513 4423 1760 4483 regnare
1798 4414 1993 4466 autem
2031 4424 2148 4465 non

510 4515 643 4557 cum
679 4502 941 4575 peccato,
975 4512 1166 4573 neque
1192 4500 1317 4554 sine
1332 4495 1680 4574 certamine,
1713 4495 1816 4554 sed
1841 4503 2075 4554 certans
2093 4503 2152 4554 et

507 4585 772 4647 vincens.
802 4581 899 4645 Sic
919 4583 1158 4662 quidam
1184 4582 1640 4644 intellexerunt:
1675 4600 1850 4662 quem
1877 4601 2144 4653 sensum,

2343 2016 2370 2047 α
2421 1996 2519 2053 Καὶ
2565 1995 2880 2060 συντελέσας
2937 1998 3108 2052 πάντα
3163 1999 3460 2072 πειρασμὸν
3531 2000 3559 2054 ὁ
3637 1996 3905 2072 διάϐολος,

2251 2081 2458 2150 ἀπέστη
2513 2084 2607 2141 ἀπ’
2670 2085 2830 2144 αύτοῦ
2886 2085 3013 2165 ἄχρι
3070 2085 3254 2164 καιροῦ
3286 2105 3301 2120 ⁸
3367 2089 3453 2142 καὶ
3495 2087 3821 2167 ὑπέστρεψεν
3881 2094 3907 2144 6

2250 2169 2454 2238 Ἰησοῦς
2511 2173 2564 2229 ἐν
2623 2181 2690 2250 τῇ
2745 2173 2958 2249 δυνάμει
3013 2183 3105 2231 τοῦ
3155 2176 3452 2249 πνεύματος
3507 2178 3580 2238 εἰς
3611 2179 3710 2245 τὴν
3741 2179 3906 2233 Γαλι-

2247 2258 2397 2318 λαίαν
2430 2284 2442 2297 ·
2505 2265 2590 2319 καὶ
2640 2265 2797 2343 φήμη
2851 2263 3033 2332 ἐξῆλθε
3090 2265 3206 2320 καθ’
3256 2262 3388 2330 ὅλης
3447 2270 3546 2331 τῆς
3598 2268 3907 2346 περιχώρου

2247 2351 2364 2426 περὶ
2425 2353 2581 2409 αὐτοῦ
2614 2372 2627 2386 ’
2679 2355 2764 2410 καὶ
2842 2357 2996 2418 αὐτὸς
3052 2352 3314 2409 ἐδίδασκεν
3374 2352 3427 2408 ἐν
3484 2368 3604 2420 ταῖς
3657 2378 3905 2435 συναγω-

2248 2450 2375 2513 γαῖς
2437 2441 2612 2495 αὐτῶν
2671 2440 3017 2517 δοξαζόμενος
3073 2443 3174 2498 ὑπὸ
3231 2443 3470 2505 πάντων,
3513 2463 3540 2501 )
3575 2445 3755 2502 Πάντα
3779 2468 3904 2502 πει-

2249 2529 2452 2603 ρασμόν
2524 2552 2685 2608 φησιν
2743 2533 2770 2586 6
2854 2537 3057 2594 Λουκᾶς
3130 2529 3437 2589 συντελέσαι
3522 2536 3613 2588 τὸν
3689 2543 3901 2611 Κύριον,

2249 2617 2420 2672 καίτοι
2469 2632 2617 2695 τρεῖς
2675 2621 3001 2698 πειρασμοὺς
3058 2620 3431 2698 πειρασθέντα,
3466 2619 3607 2678 δνότι
3638 2624 3900 2703 κεφάλαια

2247 2711 2354 2759 τῶν
2411 2714 2718 2785 πειρασμῶν
2779 2711 2991 2765 πάντων
3032 2712 3078 2765 οἱ
3121 2721 3266 2786 τρεῖς
3310 2709 3454 2765 οὗτοί
3503 2713 3655 2787 εἰσιν,
3715 2716 3743 2768 ὁ
3800 2719 3898 2780 τῆς

2247 2792 2702 2874 φιλοχρηματίας,
2763 2800 2790 2853 6
2845 2798 2941 2864 τῆς
2997 2798 3444 2876 γαστριμαργίας,
3494 2802 3519 2855 ὁ
3576 2803 3674 2866 τῆς
3732 2802 3894 2880 φιλο-

2203 2881 2438 2946 -δοξίας,
2487 2887 2588 2941 Τὸν
2643 2887 2740 2961 μὲν
2809 2887 2897 2942 οὖν
2940 2891 3038 2956 τῆς
3083 2890 3498 2966 γαστριμαργίας
3547 2892 3886 2966 ἀπεκρούσα-

2246 2993 2305 3027 το
2337 2969 2420 3027 διὰ
2469 2981 2561 3029 τοῦ
2625 2975 2824 3048 εἰπεῖν,
2871 2975 2951 3032 ὅτι
2997 2978 3104 3033 Ούκ
3161 2975 3247 3032 ἐπ’
3297 2975 3441 3055 ἄρτῳ
3486 2978 3621 3052 μόνῳ
3660 2979 3877 3048 ζήσεται

2245 3059 2517 3139 ἅνθρωπος
2553 3081 2565 3093 ·
2667 3071 2879 3143 πρῶτον
2964 3067 3064 3144 γὰρ
3162 3067 3252 3121 τὸν
3328 3069 3619 3145 πειρασμὸν
3700 3075 3884 3124 τοῦτον

2244 3152 2584 3230 προσήγαγεν
2635 3156 2795 3227 αὐτῷ,
2829 3157 2901 3218 ὡς
2935 3157 3023 3211 καὶ
3065 3162 3142 3229 τῷ
3173 3153 3343 3230 Ἀδάμ
3377 3171 3392 3186 ·
3441 3158 3531 3213 τὸν
3584 3158 3682 3235 γὰρ
3719 3155 3894 3232 Ἀδὰμ

2244 3239 2361 3294 οὕτε
2419 3239 2524 3296 ἀπὸ
2579 3241 2882 3308 πλεονεξίας
2963 3242 3186 3310 ἠδύνατο
3239 3243 3606 3324 ὑποσκελίσαι,
3670 3247 3729 3302 οὒ
3801 3249 3897 3324 γὰρ

2243 3328 2371 3406 εἶχε
2429 3339 2518 3386 τὸν
2590 3330 3102 3414 πλεονεκτούμενον,
3174 3333 3338 3408 μόνος
3367 3333 3465 3396 ὤν,
3506 3335 3639 3392 Οῧτε
3671 3335 3779 3391 ἀπὸ
3803 3339 3894 3412 ὁρ-

2239 3421 2341 3493 γῆς
2376 3433 2388 3446 ⁸
2437 3421 2498 3475 οὗ
2539 3421 2638 3498 γὰρ
2681 3425 2838 3500 εἶχεν
2881 3425 2927 3496 ᾧ
2957 3422 3201 3500 ὀργισθῇ,
3232 3425 3364 3479 Οὒτε
3391 3423 3496 3479 ἀπὸ
3525 3424 3716 3504 φθόνου
3743 3443 3758 3459 ⁶
3793 3426 3896 3480 ἀπὸ

2240 3511 2339 3572 τῆς
2396 3506 2602 3572 κοιλίας
2634 3509 2722 3566 οὖν
2774 3510 3115 3567 ὑπεσκέλισεν
3169 3511 3348 3571 αὐτόν.
3385 3515 3485 3569 Τὸν
3515 3514 3574 3568 δὲ
3605 3519 3707 3580 τῆς
3739 3513 3893 3594 φιλο-

2240 3601 2548 3673 χρηματίας
2620 3598 3005 3677 ἀπεκρούσατο,
3064 3599 3148 3658 διὰ
3224 3600 3318 3658 τοῦ
3363 3603 3441 3677 μὴ
3496 3616 3709 3676 πεσεῖν,
3759 3604 3892 3678 μηδὲ

2239 3691 2598 3762 προσκυνῆσαι
2665 3692 2829 3762 αὐτῷ,
2896 3681 3250 3755 ιΥποδείξαντι
3300 3691 3400 3768 γὰρ
3469 3693 3563 3756 τὰς
3621 3693 3895 3768 βασιλείας

2241 3774 2414 3838 πάσας
2472 3777 2734 3843 αἰσθητῶς
2819 3781 2957 3836 κατὰ
3026 3779 3339 3859 φαντασίαν,
3420 3780 3526 3860 οὐχ
3607 3782 3843 3857 ὒπέκυψε
3875 3799 3890 3812 ⁸

2240 3863 2408 3920 καίτοι
2453 3864 2515 3943 γέ
2571 3888 2710 3931 τινες
2766 3872 2826 3926 οὐ
2876 3871 2996 3946 περὶ
3071 3870 3335 3935 αἰσθητῶν
3392 3868 3680 3944 βασιλειῶν
3735 3883 3894 3930 τοῦτο

2239 3949 2488 4028 ἐνοησαν,
2532 3953 2666 4010 ἀλλὰ
2733 3958 2850 4036 περὶ
2891 3957 3191 4033 νοουμένων
3224 3973 3239 3989 ·
3276 3958 3421 4031 οἷον,
3455 3957 3720 4025 ὑπέδειξεν
3750 3965 3895 4035 αὐτῷ

2237 4041 2336 4107 τὴν
2391 4041 2661 4117 βασιλείαν
2721 4045 2818 4113 τῆς
2895 4046 3211 4126 ἀκολασίας,
3292 4047 3392 4114 τὴν
3455 4047 3730 4123 βασιλείαν
3797 4059 3893 4107 τοῦ

2235 4130 2448 4216 φθόνου,
2505 4135 2593 4189 καὶ
2662 4133 2845 4199 ἁπλῶς
2895 4142 3081 4192 πασῶν
3135 4137 3242 4192 τῶν
3299 4136 3572 4216 ἁμαρτιῶν
3596 4140 3692 4204 τὰς
3722 4140 3888 4215 βασι-

2233 4215 2378 4282 λείας
2415 4237 2429 4249 ·
2493 4224 2578 4277 καὶ
2631 4224 2822 4280 ὡσανεὶ
2878 4233 3096 4282 τοιαῦτα
3143 4224 3324 4304 ἔλεγεν
3379 4215 3523 4300 αὖτῷ
3557 4244 3572 4257 ’
3614 4229 3673 4283 Εἰ
3714 4228 3889 4292 θέλε.ς

2232 4305 2537 4381 βασιλεῦσαι
2598 4314 2796 4368 τούτων
2837 4320 2943 4369 τῶν
2974 4317 3179 4388 παθῶν,
3231 4316 3319 4370 καὶ
3372 4314 3456 4370 ἐπὶ
3485 4316 3655 4389 τούτῳ
3683 4316 3892 4387 ὲλήλυ-

2234 4397 2350 4475 θας,
2413 4397 2504 4454 ἵνα
2562 4401 2683 4464 τοὺς
2744 4401 2833 4456 ὑπ’
2891 4402 3022 4478 ἐμοῦ
3078 4402 3476 4482 κατεχομένους
3535 4405 3888 4485 ἀφαρπάσῃς,

2231 4486 2408 4541 πεσὼν
2463 4489 2824 4566 προνκύνησόν
2870 4513 2984 4565 μοι,
3033 4493 3120 4546 καὶ
3169 4489 3442 4570 παράλαϐε
3512 4495 3718 4556 πάντας
3763 4497 3892 4560 τοὺς

2230 4573 2318 4629 ὑπ’
2378 4575 2508 4650 ἐμοῦ
2563 4578 3031 4655 βασιλευομένους.
3094 4571 3149 4638 Ὀ
3209 4579 3263 4636 δὲ
3322 4578 3515 4657 Κύριος
3577 4583 3892 4658 βασιλεῦσαι

506 4674 553 4734 si
586 4673 680 4733 cui
711 4659 1237 4753 placetJrecipiat.
1273 4673 1458 4731 Porro
1513 4680 1569 4731 et
1609 4659 1845 4731 inanem
1899 4671 2144 4747 gloriam

2248 4660 2330 4715 ιὲν
2384 4662 2549 4739 θέλει,
2611 4669 2698 4723 καὶ
2755 4670 2830 4730 εἷς
2888 4676 3044 4726 τοῦτο
3085 4667 3331 4744 ἐλήλυθε,
3376 4669 3691 4746 βασιλεῦσαι
3743 4671 3801 4729 δὲ
3831 4678 3896 4731 οὐ

503 4762 724 4841 repulit
739 4759 1639 4839 verboScriptuerripeigitur
1651 4769 1709 4820 et
1730 4759 2141 4834 nos,l)omine,

2233 4751 2366 4824 μετὰ
2421 4752 2701 4830 ἁμαρτίας,
2762 4756 2868 4814 οὐδ’
2927 4756 3049 4812 ἄνευ
3127 4758 3357 4838 ἀγῶνος,
3417 4757 3553 4814 ἀλλὰ
3613 4760 3892 4826 παλαίσας

503 4868 536 4930 a
558 4840 745 4911 tribus
762 4849 878 4930 illis
897 4847 1186 4930 capitibus
1203 4847 1500 4930 draconis.
1525 4847 1816 4930 Reversus
1837 4856 1927 4930 est
1947 4863 2143 4930 autem

2248 4840 2315 4895 ιαὶ
2375 4843 2620 4912 νικήσας,
2681 4847 2853 4902 Ταῦτά
2915 4867 3055 4910 τινες
3113 4844 3340 4912 ἑνοησαν
3371 4862 3386 4879 ⁶
3433 4846 3540 4920 ὅτῳ
3597 4847 3652 4904 δὲ
3701 4850 3887 4930 φίλον,

499 4928 674 4992 Jesus
699 4931 758 4990 in
783 4927 992 4989 virtute
1015 4928 1275 5007 spiritus.
1306 4927 1553 4989 Videtur
1582 4929 1726 4988 mihi
1753 4928 1910 5008 quod
1943 4929 2144 4990 divino

2248 4927 2612 5010 ταραδεχέσθω
2665 4941 2851 5004 ταῦτα,
2899 4933 3069 4993 Ἀλλὰ
3109 4936 3198 4990 καὶ
3269 4937 3360 4991 τὸν
3423 4937 3521 5004 τῆς
3585 4927 3889 5017 φιλοδοξίας

503 5019 759 5098 quodam
789 5017 990 5078 afﬂatu
1038 5025 1345 5095 correptus
1379 5017 1661 5079 redierit:
1715 5018 1824 5078 hoc
1857 5018 2016 5078 enim
2058 5031 2147 5084 est

2248 5021 2612 5101 ὶπεκρούσατο,
2675 5021 2757 5078 διὰ
2831 5034 2924 5082 τοῦ
2993 5026 3055 5080 τὸ
3120 5026 3377 5103 γραφικὸν
3442 5028 3614 5083 εἰπεῖν
3693 5029 3885 5105 ῥητόν,

500 5109 658 5188 quod
678 5105 1613 5198 ait,invirtutespiritus.Attende
1635 5125 1870 5187 quoque
1882 5105 2142 5198 Scriptu-

2250 5106 2441 5173 Εξελοῦ
2483 5110 2570 5166 οὖν
2603 5112 2691 5167 καὶ
2719 5113 2888 5187 ἡμᾶς,
2922 5113 3098 5190 Κύριε,
3149 5114 3349 5169 τούτων
3379 5118 3485 5170 τῶν
3517 5119 3678 5195 τριῶν
3708 5140 3881 5198 κεφα-

498 5215 651 5273 ram,
677 5197 833 5278 quod
853 5205 1162 5277 postquam
1188 5195 1328 5256 vicit
1347 5203 1692 5270 tentantem,
1719 5205 1776 5256 et
1794 5197 2139 5258 monstravit

2270 5203 2287 5210 -
2452 5205 2475 5213 ,ρ
2539 5196 2561 5216 ο.
2611 5200 2621 5217 ρ
2916 5191 2929 5209 ο
3030 5201 3039 5218 ρ
3303 5199 3325 5218 σι
3550 5191 3560 5195 ’
3791 5191 3803 5198 ’

2248 5219 2328 5253 ,ων
2385 5218 2480 5254 του
2533 5211 2838 5277 ορακοντος.
2935 5205 3239 5279 Υπεστρεψε
3298 5203 3352 5258 δὲ
3398 5205 3424 5258 ὁ
3472 5201 3680 5272 ἰησοῦς
3729 5206 3787 5262 ἰν
3818 5216 3889 5279 τῇ

498 5271 770 5348 virtutem
802 5271 1169 5359 sdamItunc
1213 5284 1358 5345 illud
1388 5285 1672 5365 scriptum
1707 5284 1802 5359 sit,
1837 5285 1894 5345 in
1925 5287 2134 5348 virtute

2248 5287 2432 5362 υνάμει
2487 5295 2578 5343 τοῦ
2618 5290 2916 5366 πνεύματος
2953 5306 2966 5319 ”
3016 5289 3166 5347 δοκεῖ
3219 5314 3310 5366 μοι
3372 5291 3452 5348 ὅτι
3507 5294 3796 5352 ἐνθουσιῶν
3859 5302 3886 5354 6

498 5374 764 5454 spiritus.
799 5372 1066 5462 Recessit
1093 5383 1299 5462 autem,
1317 5371 1388 5462 ab
1422 5373 1522 5433 illo
1555 5393 1742 5454 usque
1773 5375 1846 5434 ad
1880 5384 2132 5455 tempus,

2248 5383 2430 5442 ιησούς
2480 5377 2804 5456 ὑπέστρεψεν
2829 5397 2843 5409 ’
2905 5380 3058 5436 τοῦτο
3101 5379 3202 5458 γάρ
3236 5381 3347 5437 ἐστι
3395 5384 3478 5462 τὸ,
3513 5383 3568 5438 ἐν
3598 5391 3666 5461 τῇ
3720 5383 3884 5442 δυνά-

497 5462 920 5554 buncsensum
947 5461 1152 5524 habet:
1180 5461 1458 5554 Diabolus
1475 5462 1887 5554 aﬂ‘ectiouibus
1910 5463 2137 5554 duabus

2248 5472 2434 5554 tit-105
2488 5467 2786 5541 πνεύματος
2821 5486 2836 5500 '
2903 5469 3049 5548 τάχα
3079 5466 3131 5523 δὲ
3161 5489 3400 5549 προσχες
3528 5477 3734 5554 Γραφῇ,
3800 5476 3883 5532 ὅτι

497 5551 818 5616 Dominum
830 5551 1072 5611 adortus
1089 5550 1526 5629 est,voluptatis
1539 5551 1845 5612 scilicetac
1859 5552 2133 5630 tristitiae;

2248 5550 2331 5608 μεθ’
2364 5554 2391 5608 ὁ
2441 5554 2650 5622 ἐνίκησε
2696 5557 2785 5614 τὸν
2811 5558 3148 5636 πειράζοντα,
3234 5560 3320 5614 καὶ
3375 5558 3534 5626 ἔδειξε
3571 5550 3691 5630 την
3718 5550 3884 5631 δύνα-

498 5647 558 5707 et
583 5639 833 5702 accessit
877 5641 953 5700 ad
984 5638 1301 5701 Dominum
1343 5640 1417 5700 de
1462 5639 1755 5720 voluptate
1801 5649 2033 5704 tentans
2076 5645 2136 5704 in

2248 5665 2310 5698 ,ιν
2363 5643 2549 5719 αὐτοῦ,
2604 5645 2722 5702 τότε
2785 5647 3082 5726 γέγραπται
3129 5648 3214 5720 τὸ,
3268 5646 3321 5702 ἐν
3373 5656 3440 5728 τῇ
3497 5649 3713 5729 δυνάμει
3789 5662 3884 5712 τοῦ
