4170 6282
510 336 620 410 751
1473 343 2068 414 THEOPHYLACTI
2113 345 2523 410 BULGARI/E
2565 346 2925 411 ARCHIEP.
3781 346 3917 415 75?

512 482 757 562 impleta
789 489 878 543 est
907 479 1203 561 scriptura
1232 482 1356 542 hac
1403 482 1460 542 in
1497 483 1738 544 auribus
1765 483 1997 564 vestris,
2035 501 2147 544 rna-

2238 481 2348 538 ἕστι
2406 481 2459 538 δὲ
2503 484 2589 539 καὶ
2648 487 2674 538 ὸ
2727 483 2823 551 τῆς
2887 483 2974 540 τοῦ
3030 484 3218 561 Κυρίου
3279 485 3334 541 έν
3388 488 3538 561 σαρκὶ
3611 485 3910 562 ἐπιδημίας

514 570 723 632 nifeste
754 589 819 632 se
846 569 1227 632 audientibus
1274 572 1718 648 commendans,
1767 574 1902 653 quia
1931 574 2060 653 ipse
2089 573 2147 633 sil

2247 574 2428 650 καιρὸς
2502 572 2738 636 ἐνιαυτὸς
2798 571 2982 636 δεκτός
3016 589 3030 604 ⁸
3081 576 3206 651 Περὶ
3269 585 3330 634 οῦ
3383 578 3411 631 ὁ
3454 575 3657 641 Παῦλος
3703 576 3864 656 λέγει
3899 600 3913 614 ·

515 659 590 721 de
620 678 737 740 quo
769 661 896 721 haec
926 659 1145 739 scripta
1173 660 1412 722 fuerint.

2251 684 2275 718 ε
2329 672 2430 720 Νῦν
2486 663 2665 740 καιρὸς
2698 661 3081 741 εὐπρόσδεκτος
3117 680 3130 693 ⁸
3180 672 3269 720 νῦν
3311 665 3485 744 ίημέρα
3531 668 3829 743 σωτηρίας.
3884 693 3907 724 ι

514 748 795 826 Ἀναγνοὺς
824 747 877 804 δὲ
905 749 1090 823 ταῦτα,
1132 749 1281 828 εἷπε,
1316 750 1557 825 Σήμερον
1589 751 1933 821 πεπλήρωται
1962 753 1995 818 ἡ
2027 753 2208 830 Γραφὴ
2239 749 2371 816 αὕτη
2401 752 2456 805 ἐν
2486 762 2600 816 τοῖς
2624 751 2750 808 ὠσὶν
2779 753 2952 827 ὑμῶν,
2987 759 3227 833 φανερῶς
3263 754 3448 810 ἑαυτὸν
3469 758 3740 832 παριστῶν
3771 770 3901 819 τοῖς

512 839 810 917 ἀκούουσιν,
842 837 920 893 ὅτι
952 839 1106 901 αὖτός
1151 838 1261 894 ἐστι
1290 840 1406 916 περὶ
1437 840 1497 894 οὗ
1525 847 1688 895 ταῦτα
1732 842 2056 919 γέγραπται.

593 925 778 989 Vens.
803 925 1056 987 92-304
1085 924 1154 985 Et
1179 944 1390 986 omnes
1410 927 1815 989 testimonium
1839 928 1924 988 illi
1947 927 2147 988 dabant

2327 951 2355 982 α
2418 932 2515 987 Καὶ
2557 930 2751 993 πάντες
2807 932 3128 1010 ἐμαρτύρουν
3200 934 3361 1008 αύτῷ.
3443 931 3545 993 Καὶ
3602 934 3903 1008 ἐθαύμαζον

510 1033 579 1078 ac
611 1014 978 1076 mirabantur
1007 1032 1189 1093 super
1228 1016 1410 1092 gratia
1439 1034 1778 1077 sermonum
1813 1018 1913 1097 qui
1947 1036 2147 1097 proce-

2241 1016 2325 1073 ἐπὶ
2368 1032 2487 1082 τοῖς
2520 1018 2697 1097 λόγοις
2727 1020 2828 1084 τῆς
2883 1021 3106 1098 χάριτος
3164 1035 3284 1085 τοῖς
3340 1022 3773 1100 ἐκπορευομένοις
3840 1028 3904 1079 ἐκ

511 1104 731 1166 debant
761 1123 829 1165 ex
863 1121 966 1164 ore
998 1103 1210 1182 ipsius,
1241 1103 1632 1184 dicebantque
1658 1125 1669 1164 :
1708 1104 1914 1166 Nonne
1945 1106 2038 1166 hic
2069 1113 2147 1168 est

2238 1111 2331 1160 τοῦ
2386 1107 2650 1181 στόματος
2705 1109 2888 1182 αὐτοῦ,
2933 1109 3020 1163 καὶ
3065 1107 3250 1188 ἔλεγον
3286 1131 3298 1142 ·
3350 1111 3466 1190 Ούχ
3507 1112 3657 1174 οὗτός
3687 1111 3838 1167 ἐστιν
3873 1115 3901 1168 ὁ

509 1193 666 1255 ﬁlius
686 1192 938 1272 Joseph?
962 1192 1032 1253 Et
1054 1191 1131 1252 ait
1151 1191 1298 1252 illis:
1326 1191 1582 1254 Omnino
1606 1193 1815 1255 dicetis
1840 1194 1985 1255 mihi
2008 1196 2159 1256 hanc

510 1281 989 1355 similitudinem,
1018 1280 1274 1361 Modice,
1304 1300 1448 1342 cura
1470 1282 1744 1360 teipsum.
1781 1283 2154 1363 Quaecunque

506 1372 839 1434 audivimus
868 1371 1019 1431 facta
1048 1369 1108 1430 in
1142 1370 1637 1449 Capernaum,fac
1670 1380 1729 1432 et
1761 1371 1856 1432 hic
1888 1373 1947 1433 in
1967 1373 2156 1452 patria

507 1470 632 1523 tua.
667 1462 763 1524 Ait
792 1467 987 1521 autem
1025 1477 1038 1522 :
1077 1460 1267 1520 Amen
1301 1460 1432 1521 dico
1456 1460 1642 1541 vobis,
1670 1481 1843 1522 nemo
1870 1463 2156 1542 propheta

2239 1195 2347 1256 υἱὸς
2406 1205 2496 1254 τοῦ
2551 1195 2798 1276 ’[ωσὴφ;
2863 1198 2960 1254 Καὶ
3021 1197 3152 1252 οῖπε
3209 1201 3342 1276 πρὸς
3401 1201 3609 1279 αὐτοὺς,
3670 1202 3902 1265 Πάντως

2237 1283 2408 1361 ἐρεῖτέ
2453 1307 2543 1359 μοι
2602 1288 2699 1352 τήν
2743 1283 3054 1364 παραϐολὴν
3110 1288 3335 1362 ταύτην,
3409 1290 3598 1363 Ἰατρέ,
3631 1290 3901 1366 θεράπευ-

2236 1393 2327 1426 σον
2371 1374 2590 1429 σεαυτόν
2618 1391 2634 1405 ο
2669 1373 2767 1429 ὅσα
2817 1373 3121 1450 ἠκούσαμεν
3169 1377 3429 1454 γενόμενα
3469 1377 3522 1432 ἐν
3553 1383 3620 1453 τῇ
3673 1387 3861 1457 Καπερ
3885 1411 3902 1425 -

2237 1462 2426 1537 ναοὺμ,
2473 1463 2699 1530 ποίησον
2761 1464 2845 1518 καὶ
2881 1463 2981 1518 ὧδε
3012 1464 3066 1520 ἐι
3108 1472 3178 1540 τῇ
3204 1464 3413 1545 πατρίδι
3444 1489 3560 1528 σου.
3618 1467 3756 1523 Εἶπε
3810 1466 3897 1524 δέ’

505 1561 784 1632 acceptus
807 1557 896 1612 est
924 1551 984 1610 in
1018 1549 1206 1630 patria
1237 1567 1364 1612 sua.
1396 1547 1512 1611 Sed
1547 1549 1606 1611 in
1638 1552 1883 1613 veritate
1903 1552 2037 1613 dico
2055 1573 2147 1614 vo-

2239 1547 2412 1624 Ἀμὴν
2468 1549 2611 1630 λέγω
2664 1553 2815 1628 ὑμῖν,
2867 1549 2947 1608 ὅτι
3000 1551 3164 1616 οὐδεὶς
3223 1557 3506 1633 προφήτης
3537 1553 3716 1618 δεκτός
3749 1555 3901 1612 ἐστιν

503 1639 596 1702 bis
636 1662 648 1703 :
703 1639 902 1701 multa;
932 1639 1125 1700 viduae
1157 1646 1325 1699 erant
1368 1641 1426 1700 in
1477 1639 1687 1701 diebus
1717 1640 1858 1702 Elia:
1887 1642 1946 1702 in
1974 1641 2147 1703 Israel

2237 1638 2291 1694 ἐν
2321 1640 2390 1708 τῆ
2447 1639 2652 1719 πατρίδι
2709 1645 2889 1701 αὑτοῦ.
2951 1640 3070 1698 Ἐπ’
3129 1641 3378 1710 ἀληθείας
3430 1642 3483 1700 δὲ
3543 1643 3687 1722 λέγω
3733 1647 3895 1721 ὑμῖν,

504 1730 738 1812 quando
761 1729 1022 1791 clausum
1044 1736 1133 1789 est
1163 1727 1384 1789 caelum
1428 1731 1597 1790 annis
1638 1729 1823 1791 tribus
1847 1739 1902 1791 et
1926 1732 2147 1792 mensi-

2237 1727 2429 1786 πολλαὶ
2487 1735 2656 1810 χῆραι
2713 1735 2849 1798 ἦσαν
2907 1731 2961 1786 ἐν
3020 1745 3144 1795 ταῖς
3190 1733 3413 1811 ἆμέραις
3473 1731 3656 1791 Ἠλιοὺ
3700 1735 3755 1790 ἐν
3810 1744 3900 1811 τῷ

503 1819 616 1882 bus
648 1837 777 1900 sex,
814 1836 946 1879 cum
980 1816 1319 1894 facta.esset
1342 1815 1527 1879 fames
1547 1837 1756 1898 magna
1787 1838 1893 1899 per
1915 1839 2152 1882 omnem

503 1918 722 1972 terram
750 1926 763 1970 :
801 1915 858 1968 et
886 1906 959 1968 ad
987 1905 1207 1967 nullam
1243 1905 1476 1967 illarum
1510 1909 1727 1969 missus
1756 1907 2020 1970 estElias
2043 1911 2154 1984 nisi

501 1998 564 2059 in
588 1997 918 2078 Sarepbtha
934 1995 1177 2056 Sidonis
1201 1994 1270 2056 ad
1289 1996 1600 2056 mulierem
1623 1997 1961 2059 viduam.Et
1983 2000 2152 2067 multi

500 2087 730 2168 leprosi
750 2094 916 2148 erant
936 2085 993 2144 in
1009 2084 1192 2146 Israel
1219 2083 1328 2144 sub
1347 2085 1558 2146 Elisaeo
1583 2087 1958 2166 propheta,et
1979 2107 2154 2149 nemo

502 2195 705 2238 eorum
739 2174 1059 2235 mundatus
1081 2181 1170 2233 est
1191 2173 1306 2234 nisi
1327 2171 1585 2235 Naaman
1618 2173 1819 2254 Syrus.
1847 2175 1916 2236 Et
1943 2178 2154 2258 repleti

500 2274 637 2328 sunt
685 2282 893 2326 omnes
941 2265 999 2324 in
1053 2263 1357 2342 Synagoga
1396 2265 1503 2343 ira,
1551 2264 1674 2325 haec
1711 2267 2048 2327 audientes.
2081 2269 2156 2329 Et

499 2357 978 2432 insurrexerunt,
1030 2352 1456 2432 ejeceruntque
1503 2353 1668 2414 illum
1716 2373 1747 2416 e
1793 2355 2047 2438 civitate,
2097 2368 2154 2419 et

499 2446 796 2506 duxerunt
825 2442 991 2502 illum
1023 2458 1210 2518 usque
1234 2439 1304 2500 ad
1321 2441 1704 2520 supercilium
1728 2446 2154 2526 montis,super

497 2551 672 2613 quem
709 2531 909 2592 civitas
939 2528 1179 2588 illorum
1212 2537 1338 2588 erat
1367 2529 1678 2606 aedificata,
1711 2540 1774 2591 ut
1814 2534 2150 2614 praecipita-

496 2631 632 2684 rent
647 2623 950 2698 eum.Ipse
970 2625 1167 2678 autem
1195 2619 1495 2679 transiens
1514 2638 1621 2700 per
1637 2622 1898 2682 medium
1914 2622 2146 2684 illorum

498 2711 645 2773 ibat.
683 2733 709 2770 ι
750 2710 894 2773 Cum
951 2706 1226 2769 audirent
1282 2707 1467 2768 turba;
1523 2728 1655 2789 quae
1709 2711 2060 2774 dicebantur
2115 2732 2148 2773 a

494 2801 768 2874 Christo,
832 2795 1278 2860 admirabantur
1333 2815 1516 2877 super
1573 2801 1948 2862 sermonibus
2009 2803 2136 2862 ’501

494 2890 815 2972 gratiarum
832 2886 1232 2949 .Admirantes
1250 2893 1447 2946 autem
1461 2887 1750 2956 ,dicteriis
1772 2889 2150 2954 incessebant

493 2999 628 3042 eum
648 2981 951 3041 dicentes:
982 2975 1189 3036 Nonne
1213 2975 1306 3034 hic
1333 2984 1421 3036 est
1461 2976 1611 3038 fabri
1635 2979 1841 3042 ﬁlius?
1871 2977 2150 3051 Quamvis

493 3069 634 3151 quid
660 3064 1211 3150 prohiberetipsum
1233 3063 1775 3129 diciadmirabilem
1802 3077 1859 3129 et
1880 3069 2141 3130 adorabi-

2236 1815 2473 1896 Ἰσραὴλ,
2536 1819 2625 1875 ὅτε
2695 1819 2937 1887 ἐκλείσθη
2990 1824 3017 1877 ὁ
3080 1823 3297 1901 οὒρανὸς
3353 1825 3438 1878 ἐπὶ
3492 1823 3585 1891 ἔτη
3627 1825 3743 1904 τρία
3800 1831 3900 1882 καὶ

2238 1912 2413 1981 μῆνας
2465 1907 2539 1982 ἐξ,
2595 1910 2668 1972 ὡς
2723 1908 2932 1986 ἐγένετο
2989 1908 3146 1985 λιμὸς
3201 1910 3370 1988 μέγας
3409 1911 3495 1968 ἐπὶ
3559 1919 3732 1968 πᾶσαν
3787 1914 3897 1981 τὴν

2238 2001 2366 2077 γῆν,
2412 1999 2500 2054 καὶ
2554 2000 2684 2076 πρὸς
2742 1995 2984 2072 οὐδεμίαν
3048 1999 3218 2054 αύτῶν
3278 1998 3522 2079 ἐπέμφθη
3585 2001 3788 2078 Ἠλίας,
3848 2011 3899 2066 εἰ

2239 2085 2317 2159 μὴ
2366 2087 2439 2149 εἷς
2486 2087 2737 2164 Σαραφθὰ
2784 2091 2884 2152 τῆς
2943 2084 3174 2150 Σιδῶνος
3211 2089 3341 2166 πρὸς
3393 2103 3623 2167 γυναῖκα
3681 2092 3892 2168 χήραν·

2237 2177 2324 2231 καὶ
2379 2173 2568 2232 πολλοὶ
2612 2174 2799 2251 λεπροί
2860 2174 2995 2241 ἦσαν
3051 2175 3136 2232 ἐπὶ
3182 2175 3485 2233 Ἐλισσαίου
3533 2188 3629 2237 τοῦ
3677 2180 3901 2258 προφή-

2235 2285 2326 2319 του
2381 2261 2434 2318 ἐν
2477 2268 2555 2335 τῷ
2585 2261 2827 2341 Ἰσραὴλ,
2887 2262 2974 2318 καὶ
3026 2261 3190 2326 οὒδεὶς
3251 2266 3422 2322 αὐτῶν
3479 2265 3791 2344 ἐκαθαρίσθη
3851 2268 3900 2321 εἰ

2236 2353 2314 2427 μὴ
2369 2352 2578 2425 Νεεμὰν
2610 2354 2636 2406 ὃ
2674 2352 2864 2428 Σύρος.
2929 2353 3024 2408 Καὶ
3085 2351 3427 2422 ἐπλήσθησαν
3479 2356 3674 2418 πάντες
3727 2358 3900 2419 θυμοῦ

2237 2440 2290 2496 ἐν
2330 2445 2398 2515 τῇ
2441 2446 2740 2517 Συναγωγῇ
2794 2441 3117 2507 ἀκούσαντες
3160 2450 3346 2504 ταῦτα.
3412 2446 3508 2501 Καὶ
3541 2444 3892 2518 ἀναστάντες,

2234 2526 2479 2594 ἐξέϐαλον
2531 2530 2688 2586 αὐτὸν
2745 2527 2845 2593 ἔξω
2903 2535 3002 2596 τῆς
3047 2530 3252 2596 πόλεως
3287 2553 3302 2568 ο
3357 2534 3445 2588 καὶ
3494 2531 3698 2611 ἤγαγον
3728 2535 3893 2589 αὑτὸν

2233 2620 2334 2682 ἕως
2377 2625 2475 2686 τῆς
2537 2620 2724 2698 ὀφρύος
2755 2622 2848 2675 τοῦ
2879 2620 3054 2699 ὄρους,
3090 2611 3175 2700 ἐφ’
3204 2628 3261 2677 οὗ
3293 2623 3325 2688 ἡ
3357 2621 3513 2685 πόλις
3544 2628 3718 2681 αὖτῶν
3749 2625 3892 2698 ᾠκο-

2231 2706 2458 2783 δόμητο,
2494 2709 2566 2772 εἷς
2597 2710 2658 2763 τὸ
2687 2709 3111 2786 κατακρημνίσαι
3146 2709 3301 2765 αὐτόν
3335 2728 3349 2743 ·
3383 2709 3541 2773 αὐτὸς
3573 2709 3629 2765 δέ
3661 2709 3880 2769 διελθὼν

2231 2794 2314 2851 διὰ
2371 2796 2535 2870 μέσου
2593 2801 2788 2876 αὐτῶν,
2837 2795 3134 2874 ἐπορεύετο,
3189 2819 3216 2850 ι
3280 2795 3592 2861 ’Λκούοντες
3648 2801 3716 2855 τὰ
3775 2801 3878 2856 ὑπαὶ

2233 2893 2457 2952 Χριστοῦ
2514 2885 2775 2964 λεγόμενα
2804 2887 2849 2941 0i
2890 2883 3072 2965 ὄχλοι,
3107 2885 3394 2960 ἐθαύμαζον
3423 2885 3508 2941 ἐπὶ
3539 2900 3659 2948 τοῖς
3689 2886 3878 2965 λόγοις

2230 2981 2328 3043 τῆς
2387 2977 2633 3055 χάριτος.
2721 2975 3082 3050 Θαυμάζοντες
3137 2972 3190 3029 δὲ
3260 2972 3626 3049 διεκωμῴδουν
3683 2975 3866 3044 αὐτὸν,

2234 3065 2477 3143 λέγοντες
2502 3081 2517 3096 ⁸
2570 3068 2686 3144 Οὐχ
2741 3067 2890 3129 οὗτός
2935 3063 3073 3119 ἐστιν
3102 3065 3130 3119 ὁ
3158 3072 3250 3122 τοῦ
3290 3063 3532 3129 τέκτονος
3558 3065 3710 3139 υἱός;
3745 3063 3876 3121 Καί-

494 3142 802 3221 ΙεωίῖΝοη
825 3155 989 3215 vides
1012 3142 1228 3234 quanta
1256 3152 1418 3214 facit?
1441 3153 1567 3216 Non
1591 3157 1756 3218 audis
1777 3177 2147 3240 quaacunque

2231 3177 2311 3212 τοι
2366 3156 2416 3211 τί
2457 3157 2518 3210 τὸ
2546 3153 2752 3211 κωλύον
2783 3156 2926 3211 εἶναι
2971 3155 3129 3210 αὐτὸν
3169 3155 3464 3229 θαυμαστὸν
3522 3155 3609 3211 καὶ
3637 3175 3882 3232 προσκυ-

497 3249 667 3310 dicit?
695 3245 922 3308 Deinde
955 3242 1237 3304 conviciis
1266 3251 1490 3322 patrem
1525 3245 1686 3307 illius
1711 3247 1996 3308 lacessis?
2030 3248 2146 3310 Re-

501 3355 644 3399 vera
676 3338 750 3397 de
779 3335 898 3395 illis
927 3332 1127 3394 dicere
1158 3331 1333 3392 licet:
1365 3331 1518 3393 Ecce
1560 3337 1812 3414 populus
1846 3337 2062 3398 stultus
2093 3348 2150 3399 et

495 3426 722 3506 absque
746 3424 948 3496 corde;
972 3421 1127 3482 oculi
1151 3419 1385 3480 illorum
1408 3440 1523 3481 non
1541 3424 1948 3503 vident,aures
1967 3426 2144 3487 etiam

495 3535 612 3576 non
637 3514 885 3575 audiunt
905 3512 985 3570 25.
1008 3508 1293 3570 Dominus
1325 3509 1502 3588 igitur
1525 3513 1662 3591 quid
1690 3513 1862 3574 dicit?
1885 3515 2144 3577 Omnino

497 3604 708 3664 dicetis
735 3602 901 3671 mihi,
938 3603 1052 3661 Fac
1080 3607 1137 3659 et
1170 3599 1229 3658 in
1264 3598 1450 3677 patria
1482 3608 1578 3661 tua
1612 3602 1906 3664 mirabilia
1931 3624 2060 3684 qua:
2085 3607 2144 3666 in

497 3693 866 3772 Capernaum
892 3687 1237 3750 fecisti.Hoc
1258 3689 1412 3748 enim
1431 3698 1516 3749 est
1536 3691 1690 3769 quod
1712 3693 2141 3769 dicitzMedice,

499 3800 642 3844 cura
663 3782 936 3860 teipsum.
975 3777 1359 3840 Proverbium
1387 3779 1542 3838 enim
1574 3789 1702 3840 erat
1732 3783 1886 3860 apud
1912 3783 2146 3845 Judaaos

500 3875 655 3956 quod
682 3872 1100 3952 aegrotantibus
1125 3869 1373 3930 medicis
1404 3872 1738 3935 dicebatur.
1774 3877 1847 3936 At
1878 3895 1987 3953 ego
2011 3878 2145 3939 dico

501 3964 669 4025 vobis
700 3963 856 4044 quod
892 3960 1164 4021 fecissem
1211 3960 1394 4020 multa
1419 3961 1590 4040 signa
1617 3963 1796 4025 etiam
1832 3966 1984 4045 apud
2017 3985 2139 4042 vos,

503 4055 782 4134 patriotas
809 4069 1010 4113 meos:
1049 4047 1149 4109 sed
1174 4049 1295 4108 scio
1321 4069 1694 4112 communem
1723 4055 1988 4115 omnium
2011 4058 2147 4117 affe-

504 4153 691 4219 ctum,
727 4143 878 4222 quod
912 4148 1372 4201 contemnantur
1397 4140 1572 4200 etiam
1597 4159 1694 4202 res
1718 4143 2007 4226 maximae,
2033 4145 2145 4206 nisi

504 4252 637 4293 cum
667 4251 814 4293 rarae
841 4230 1077 4301 iuerint,
1116 4227 1162 4287 si
1194 4228 1439 4305 vulgatae
1469 4231 1586 4290 sint
1610 4232 2058 4310 etquotidianae,
2090 4245 2148 4296 et

505 4323 591 4383 eis
622 4339 828 4382 omnes
874 4319 1110 4398 copiose
1141 4315 1428 4376 fruantur.
1480 4321 1732 4399 Semper
1763 4323 1922 4381 enim
1955 4325 2148 4385 solent

503 4411 778 4471 homines
807 4426 941 4469 rara
970 4415 1026 4467 et
1053 4405 1423 4466 admirabilia
1456 4426 1685 4482 curare,
1721 4409 2027 4490 despicere
2047 4433 2146 4475 au-

506 4511 624 4562 tem
654 4497 991 4560 communia
1014 4503 1070 4555 et
1097 4493 1425 4554 familiaria.
1456 4497 1528 4555 Et
1555 4496 1779 4558 idcirco
1801 4500 1998 4561 nullus
2018 4521 2146 4581 pro-

2232 3245 2393 3312 νητόν
2429 3263 2445 3320 ;
2479 3247 2594 3324 Οὒχ
2625 3246 2746 3322 ὁρᾷς
2793 3244 2891 3299 ὅσα
2921 3257 3069 3300 ποιεῖ
3105 3263 3121 3324 ς
3167 3243 3273 3301 Οὔκ
3306 3243 3513 3324 ἀκούεις
3552 3241 3650 3298 ὅσα
3679 3240 3824 3320 λέγει
3861 3261 3880 3322 ς

2232 3335 2369 3391 Εἶτα
2427 3323 2708 3409 κωμιρδεϊς
2763 3335 2856 3389 τὸν
2907 3323 3113 3411 πατέρα
3170 3335 3368 3405 car-1106;
3425 3323 3646 3395 ’Ὄντως
3690 3329 3885 3399 ἀληθὲς

2230 3422 2316 3479 ἐπ’
2377 3424 2561 3488 αὐτοῖς
2621 3424 2793 3479 εἰπεῖν
2827 3437 2840 3451 ·
2889 3419 3020 3478 Ἰδοὺ
3073 3421 3203 3484 λαὸς
3262 3422 3440 3500 μωρὸς
3493 3422 3582 3477 καὶ
3603 3417 3880 3499 ἀκάρδιος·

2229 3511 2486 3592 ὀφθαλμοὶ
2547 3511 2758 3586 αύτοτς,
2812 3513 2900 3568 καὶ
2955 3515 3016 3570 οὗ
3081 3509 3366 3587 βλέπουσιν
3399 3527 3415 3542 ⁶
3461 3513 3596 3585 ὦτα,
3650 3513 3738 3566 καὶ
3784 3509 3880 3566 οὐκ

2229 3603 2530 3664 ἆκούουσίν,
2582 3593 2638 3658 Ὀ
2699 3602 2885 3680 Κύριος
2933 3607 3021 3656 οὖν
3077 3599 3133 3656 τί
3177 3621 3340 3679 φησιν
3377 3598 3613 3671 αύτοτς;
3660 3600 3878 3664 Πάντως

2229 3691 2400 3769 ἐρεῖτέ
2456 3714 2577 3767 μοι,
2625 3689 2704 3746 ὅτι
2736 3690 2790 3746 ἐν
2821 3695 2888 3766 τῇ
2916 3688 3120 3768 πατρίδι
3182 3710 3275 3744 σου
3333 3688 3558 3755 ποίησον
3612 3689 3878 3763 θαυμάσια

2229 3780 2326 3834 ὅσα
2357 3783 2445 3836 καὶ
2475 3778 2526 3836 ἐν
2558 3777 2942 3856 Καπερναούμ.
3006 3787 3168 3835 Τοῦτο
3210 3777 3310 3854 γάρ
3364 3777 3476 3833 ἐστι
3533 3782 3617 3855 τὸ,
3681 3775 3876 3855 Ἰατρέ,

2228 3869 2548 3947 θεράπευσον
2587 3869 2805 3924 σεαυτόν
2843 3885 2857 3898 ’
2911 3867 3087 3932 κοινὸς
3132 3867 3232 3943 γὰρ
3260 3864 3326 3932 ἦν
3354 3863 3516 3943 λόγος
3563 3866 3707 3944 παρὰ
3761 3879 3881 3929 τοῖς

2230 3955 2502 4022 Ἰουδαίοις
2546 3968 2720 4036 οὗτος,
2784 3969 2901 4019 τοϊς
2959 3955 3312 4034 ἆῤῥωστοῦσιν
3369 3958 3575 4034 ἰατροῖς
3625 3953 3882 4032 ἐπιλεγό-

2230 4069 2410 4122 μενος.
2473 4045 2622 4103 Ἀλλ’
2667 4047 2776 4124 ἐγὼ
2830 4044 2970 4122 λέγω
3027 4046 3181 4121 ὑμῖν,
3230 4042 3310 4099 ὅτι
3361 4043 3590 4109 ἐποίησα
3614 4042 3678 4098 ἂν
3706 4043 3880 4102 πολλὰ

2231 4150 2437 4212 σημεῖα
2467 4138 2554 4193 καὶ
2599 4135 2724 4215 παρ’
2771 4137 2898 4210 ὑμῖν
2955 4147 3072 4197 τοῖς
3128 4133 3283 4207 ἐμοῖς
3339 4132 3702 4212 πατριώταις”
3757 4131 3880 4188 ἀλλ’

2230 4223 2352 4282 οῖδα
2403 4228 2464 4280 τὸ
2512 4227 2688 4282 κοινὸν
2745 4226 2832 4280 καὶ
2861 4223 3026 4279 ἅπασι
3057 4219 3348 4298 συμϐαῖνον
3377 4222 3568 4300 πάθος,
3603 4220 3683 4276 ὅτι
3713 4243 3882 4278 κατα-

2230 4322 2539 4394 φρονοῦνται
2597 4316 2682 4370 καὶ
2737 4315 2802 4370 τὰ
2845 4311 3079 4391 ἐξαίρετα
3135 4317 3240 4369 τῶν
3319 4312 3668 4390 πραγμάτων,
3752 4310 3881 4367 ὅταν

2229 4407 2306 4480 μὴ
2366 4426 2562 4460 σπάνια
2617 4405 2677 4477 ἦ,
2737 4402 2873 4459 ἀλλὰ
2944 4402 3097 4459 κοινὰ
3151 4403 3238 4458 καὶ
3281 4401 3507 4480 συνήθη,
3551 4401 3639 4456 καὶ
3682 4401 3880 4465 πάντες

2229 4493 2313 4550 ἐπ’
2358 4492 2532 4556 ἀδείας
2577 4493 2782 4572 ἔχωσιν
2811 4491 3098 4548 ἀπολαύειν
3131 4493 3302 4547 αὐτῶν
3337 4506 3350 4519 ⁸
3411 4491 3491 4545 ἀεὶ
3525 4491 3626 4568 γὰρ
3684 4491 3876 4546 εἰώθα-

504 4591 682 4670 pheta
703 4588 764 4648 in
784 4586 970 4667 patria
993 4600 1095 4644 sua
1118 4583 1434 4662 pretiosus:
1462 4585 1562 4645 sed
1589 4585 1638 4646 si
1662 4586 1902 4647 aliunde
1925 4578 2139 4664 veniat,

2231 4604 2311 4639 σιν
2368 4584 2415 4636 οἱ
2495 4579 2756 4657 ἅνθρωποι
2831 4585 2938 4636 τῶν
2994 4579 3092 4655 μὲν
3148 4578 3306 4644 ξένων
3374 4579 3460 4634 καὶ
3503 4583 3738 4635 σπανίων
3794 4581 3884 4635 καὶ

505 4667 877 4739 admirantur
906 4673 1094 4735 illum.
1133 4670 1231 4733 Sic
1263 4679 1320 4732 et
1363 4671 1547 4732 Eliam
1581 4671 1925 4736 Judzeorum
1958 4679 2147 4740 vidua;

2231 4673 2519 4751 φοοντίζειν
2571 4673 2660 4726 καὶ
2715 4670 3023 4744 θαυμάζειν,
3054 4674 3161 4725 τῶν
3211 4667 3265 4724 δὲ
3313 4675 3505 4724 κοινῶν
3566 4669 3655 4724 καὶ
3710 4671 3883 4738 συνή-

506 4784 625 4827 non
650 4769 1037 4843 susceperunt
1063 4782 1074 4823 :
1113 4761 1524 4840 Sarepbthana
1553 4771 1746 4823 autem
1771 4767 2053 4846 suscepit.
2079 4767 2148 4828 Et

503 4855 752 4918 Elisazus
785 4851 1173 4934 alienigenam
1216 4851 1512 4929 leprosum
1549 4852 1902 4931 puriﬁcavit,
1939 4855 2056 4916 fide
2087 4859 2146 4918 in

504 4946 669 5006 illum
701 4943 1014 5006 declarata.
1055 4943 1200 5003 Nam
1234 4938 1550 4999 familiares
1582 4941 1728 5019 ejus,
1753 4943 1851 5022 qui
1876 4945 2143 5022 ejusdem

505 5045 679 5096 erant
711 5032 935 5113 patriae,
974 5031 1025 5092 ei
1053 5049 1167 5090 non
1191 5029 1571 5097 crediderunt
1602 5039 1661 5091 et
1685 5041 1994 5111 pr0pterea
2027 5053 2142 5096 non

502 5132 641 5185 sunt
669 5120 982 5204 puriﬁcati.
1014 5118 1303 5181 Similiter
1330 5125 1517 5197 etego
1551 5118 1719 5179 vobis
1744 5121 2007 5201 patriotis
2024 5142 2142 5186 non

501 5213 708 5275 videor
731 5209 1120 5283 admirabilis,
1142 5208 1242 5268 sed
1265 5215 1641 5286 contemptus
1672 5229 1683 5269 ε
1720 5215 1779 5271 et
1797 5210 2018 5272 idcirco
2043 5231 2138 5273 ne-

2227 4766 2331 4817 θων
2375 4773 2728 4839 καταφρονεῖν
2761 4773 2775 4789 ⁸
2826 4757 2910 4814 διὰ
2951 4778 3106 4813 τουτο
3163 4755 3330 4819 ούδεὶς
3380 4757 3660 4835 προφήτης
3705 4759 3885 4833 τίμιός

2229 4852 2369 4906 ἐστιν
2430 4849 2484 4904 ἐν
2539 4856 2607 4925 τῇ
2665 4845 2870 4923 πατρίδι
2917 4849 3074 4904 αὐτοῦ
3110 4864 3125 4878 ⁶
3186 4844 3306 4901 ἀλλ’
3353 4846 3441 4902 ἐὰν
3473 4844 3694 4903 ἄλλοθέν
3721 4851 3883 4905 ποθεν

2227 4938 2375 5016 ἔλθῃ,
2436 4939 2785 5014 θαυμάζουσιν
2831 4936 2988 4992 αὐτόν
3020 4949 3034 4965 ⁹
3093 4933 3230 4990 οὕτω
3279 4936 3369 4991 καὶ
3425 4937 3516 4990 τὸν
3587 4932 3772 4992 Ἠλίαν
3829 4939 3882 4993 αἱ

2228 5030 2326 5105 μὲν
2383 5035 2482 5096 τῆς
2541 5026 2790 5091 ἰουδαίας
2837 5030 3006 5104 χῆραι
3063 5027 3158 5082 οὒκ
3201 5023 3459 5099 ἐδέξαντο,
3519 5027 3554 5092 ἡ
3610 5021 3664 5080 δὲ
3698 5031 3881 5105 Σαρα-

2225 5119 2344 5197 φθία
2402 5115 2646 5182 ἐδέξατο·
2704 5116 2792 5172 καὶ
2869 5115 2898 5170 ὁ
2959 5105 3267 5176 Ἐλισσαῖος
3324 5114 3416 5168 τὸν
3472 5111 3615 5177 ξένον
3681 5112 3879 5192 λεπρδν

2225 5207 2519 5285 ἐκαθάρισε,
2581 5205 2756 5260 πίστιν
2843 5205 2916 5266 εἷς
2970 5202 3126 5258 αύτὸν
3203 5200 3562 5277 ἐνδειξάμενον
3592 5218 3608 5234 ⁶
3669 5204 3716 5258 οἱ
3773 5205 3876 5281 γὰρ

501 5322 615 5383 que
637 5301 804 5380 signa
824 5300 995 5362 facio.
1026 5297 1130 5359 His
1155 5316 1297 5358 sane
1320 5296 1418 5376 qui
1442 5297 1497 5356 in
1521 5296 1913 5377 Capernaum,
1942 5301 2145 5363 videor

2231 5298 2465 5366 συνήθεις
2557 5295 2646 5351 καὶ
2718 5298 3120 5370 συμπατριῶται
3203 5293 3362 5349 αὺτοῦ
3438 5292 3532 5346 οὐκ
3602 5289 3875 5349 ἐπίστευον

507 5390 899 5466 admirabilis,
934 5399 991 5452 et
1031 5387 1195 5465 signa
1227 5386 1402 5458 facio,
1439 5393 1496 5445 et
1539 5396 1819 5467 accoptus
1866 5389 1954 5450 eis
1984 5409 2137 5454 snm.

499 5481 824 5544 Audientes
853 5487 1048 5540 autem
1084 5477 1206 5536 haec
1258 5475 1317 5536 hi
1367 5473 1466 5554 qui
1515 5475 1572 5534 in
1603 5473 1906 5556 Synagoga
1950 5488 2138 5555 erant,

573 5643 639 5696 98
668 5642 887 5705 Jerem.
923 5657 980 5718 v,
1013 5637 1113 5702 21.

2227 5389 2387 5460 αὐτῷ,
2450 5385 2537 5440 καὶ
2616 5383 2698 5439 διὰ
2776 5382 2932 5438 τοῦτο
3002 5385 3094 5440 οὐκ
3145 5380 3579 5458 ἐκαθαρίσθησαν.
3645 5370 3874 5457 Ὀμοίως

2227 5485 2315 5535 οὖν
2371 5474 2525 5552 κάγὼ
2564 5476 2690 5550 ὑμῖν
2736 5473 2835 5548 μὲν
2900 5483 3021 5535 τοῖς
3078 5470 3401 5550 πατριώταις
3452 5469 3512 5525 ὠ
3561 5466 3699 5528 δοκῶ
3740 5475 3873 5530 θαυ-
