4170 6282
336 384 459 459 753

1066 396 1514 461 ENARBATIO
1557 397 1640 460 IN
1684 394 1980 460 EVANGF

2065 395 2191 458 [UM
2239 396 2479 460 [ιυϐιΕ.
2534 431 2599 441 -
2646 398 2813 462 CAP.
2863 401 2970 463 IV.

3616 400 3733 467 764

327 532 563 610 μαστὸς,
611 531 753 589 ἀλλά
811 539 1240 614 καταφρονοῦμαι
1275 546 1289 563 ⁶
1342 530 1423 588 διὸ
1451 530 1568 603 οὐδὲ
1598 542 1804 607 σημεῖα
1828 526 1980 586 ποιῶ·

2078 524 2478 614 implebantur
2507 528 2896 610 furore,quod
2920 538 3153 611 oportet
3181 532 3553 612 admirari,et
3575 551 3721 613 prte-

330 632 455 682 τοῖς
497 618 548 675 δ’
573 619 628 677 ἐν
663 623 1016 700 Καπερναοὺμ
1074 620 1245 678 δοκῶν
1304 621 1627 696 θαυμαστὸς,
1664 620 1752 675 καὶ
1786 628 1993 693 σημεῖα

333 714 479 766 ποιῶ
507 710 595 766 καὶ
625 708 808 775 δεκτὸς
865 708 1056 775 αὐτοῖς
1106 712 1240 785 εἰμι,
1294 707 1607 773 Ἀκούοντες
1636 706 1885 765 δὲταῦτα
1938 704 1992 761 ὲν

335 803 409 873 τῇ
464 804 775 876 συναγωγῇ,
861 798 1187 879 ἐπληροῦντο
1267 798 1450 874 θυμοῦ,
1512 797 1628 855 δέον
1682 795 1991 869 θαυμάζειν,

334 888 429 943 καὶ
491 890 781 965 ὶπειρῶντο
862 888 1286 967 κατακρημνίσαι
1369 889 1548 948 αὐτόν.
1635 882 1785 942 Ἀλλ’
1836 883 1990 946 αὐτὸς

335 972 555 1032 διελθὼν
612 974 697 1031 διὰ
754 975 919 1051 μέσου
975 977 1173 1051 αὐτῶν,
1234 976 1492 1055 ἐπορεύθη
1528 995 1543 1012 ο
1593 979 1653 1033 ού
1695 974 1755 1029 τὸ
1801 976 1990 1030 παθεῖν

334 1065 571 1142 φεύγων,
630 1063 767 1121 ἀλλὰ
823 1067 912 1122 τὸν
958 1067 1141 1134 καιρὸν
1170 1064 1471 1140 ἀναμένων,
1520 1065 1606 1129 Εἷς
1634 1064 1734 1140 γὰρ
1774 1062 1837 1118 τὸ
1862 1060 1991 1139 ὑπὲρ

331 1156 493 1228 ἡμῶν
548 1157 739 1210 παθεῖν
770 1154 1023 1225 έλήλυθεν
1058 1170 1073 1185 ⁸
1136 1153 1275 1211 ἀλλᾶ
1305 1161 1392 1211 νῦν
1422 1153 1601 1233 ἀρχὴν
1630 1151 1855 1232 ἔχοντος
1896 1157 1989 1207 τοῦ

328 1244 699 1321 κηρύγματος,
763 1249 857 1303 οὐκ
910 1242 1018 1299 ἔδει
1080 1244 1265 1300 ἑαυτὸν
1309 1240 1574 1300 ἐπιδοῦναι
1624 1248 1700 1315 τῷ
1752 1241 1984 1315 θανάτῳ,

324 1331 452 1388 ἀλλ’
502 1334 697 1394 ἱκανῶς
776 1330 1075 1413 διδαξαντα,
1160 1332 1299 1390 οὕτω
1379 1331 1724 1396 τελειωθῆναι
1759 1346 1772 1359 '
1847 1329 1982 1385 ὥστε

2076 613 2319 693 cipitare
2351 616 2740 681 conabantur.
2774 619 2845 680 At
2884 618 3012 699 ipse
3042 638 3149 700 per
3174 621 3437 683 medium
3484 621 3717 684 illorum

2076 702 2202 777 ivit,
2238 723 2354 765 non
2400 707 2639 786 quidem
2687 710 3021 788 passionem
3062 709 3317 788 fugiens,
3352 710 3457 771 sad
3490 718 3722 792 tempus

2074 794 2627 873 exspectans.Venit
2659 796 2816 857 enim
2849 807 2910 858 ut
2942 816 3046 877 pro
3079 798 3253 859 nobis
3280 806 3581 879 pateretur
3612 799 3719 862 sed

2075 900 2229 942 nunc
2244 881 2302 942 in
2320 884 2756 961 praedicationis
2773 887 3014 947 exordio
3041 905 3158 947 non
3182 887 3437 950 debebat
3457 907 3521 949 se
3540 888 3726 950 morti

2074 986 2395 1049 exponere:
2422 972 2522 1033 sed
2539 980 2675 1033 tunc
2700 975 2872 1047 mori,
2900 994 3033 1036 cum
3059 976 3483 1038 suiﬁcientibus
3506 977 3721 1039 doctri-

2072 1058 2161 1123 nis
2182 1077 2287 1119 nos
2302 1059 2707 1121 docuisset.Et
2727 1061 2806 1122 ita
2820 1082 2888 1123 ex
2914 1062 3025 1123 hoc
3052 1063 3427 1125 manifestum
3451 1073 3542 1127 est
3562 1065 3718 1146 quod

2072 1164 2263 1225 neque
2286 1166 2418 1208 cum
2443 1150 3151 1229 cruciﬁgeretur,invitus
3173 1150 3248 1212 sit
3268 1152 3718 1232 cruciﬁxus,sed

2067 1244 2276 1314 Sponte
2296 1244 2544 1297 mortem
2570 1237 2803 1299 obierit.
2830 1237 2992 1300 Scias
3007 1248 3204 1301 autem
3223 1242 3377 1318 quod
3405 1242 3719 1321 propheta-

2068 1342 2197 1384 rttm
2233 1324 2442 1405 patria.
2483 1328 2788 1405 Synagnga
2815 1326 3159 1389 Judzuorum
3194 1336 3308 1408 est,
3344 1330 3403 1389 in
3435 1348 3550 1409 qua
3581 1348 3719 1410 pro-

320 1420 387 1476 ἐκ
437 1420 629 1477 τούτου
685 1419 874 1495 δῆλον,
948 1420 1033 1477 ὅτι
1064 1412 1152 1480 οὗ
1194 1419 1243 1477 δ’
1288 1419 1415 1477 ὅταν
1478 1418 1807 1498 ἔσταυρώθη,
1841 1415 1980 1472 ἄκων

2068 1412 2259 1491 pheta;
2290 1413 2690 1493 despicabiles
2720 1424 2879 1489 sunt,
2914 1423 2973 1476 et
3006 1435 3124 1477 non
3148 1417 3571 1497 suscipiuntur:
3608 1436 3717 1480 nos

326 1509 659 1589 ἐσταυρώθη,
722 1508 842 1567 ἀλλ’
895 1511 1033 1566 ὶκὼν
1106 1511 1291 1567 ἑαυτὸν
1346 1507 1565 1575 ἒξέδωκε
1621 1514 1696 1582 τῷ
1747 1507 1978 1579 θανάτῳ,

2065 1509 2258 1561 autem
2290 1502 2641 1581 alienigenae
2689 1506 3060 1585 suscepimus
3108 1505 3264 1568 illos.
3314 1505 3505 1569 Vidua
3555 1508 3713 1569 enim

330 1598 485 1657 ’Ίσθι
533 1597 588 1655 δὲ
629 1598 710 1656 ὅτι
756 1602 943 1679 πατρὶς
985 1606 1092 1657 τῶν
1148 1605 1436 1680 προφητῶν
1477 1600 1511 1666 ἡ
1541 1595 1805 1656 Ἰουδαίων
1836 1602 1976 1654 Συν-

2067 1591 2350 1657 Ecclesia,
2386 1591 2650 1671 inquam,
2685 1612 2814 1673 quae
2837 1611 2904 1654 ex
2927 1593 3205 1671 gentibus
3227 1595 3495 1669 collecta,
3518 1614 3717 1658 susce-

332 1689 551 1767 αγωγή,
597 1689 652 1744 ἐν
708 1691 744 1766 ᾖ
799 1678 1143 1764 ἀτιμάζονται
1193 1678 1277 1745 ήοὶή
1319 1692 1587 1767 προφῆται
1622 1702 1636 1716 ’
1714 1683 1830 1742 οὐδὲ
1881 1684 1980 1763 γὰρ

2065 1678 2149 1759 pit
2162 1678 2344 1741 Eliam
2358 1731 2365 1744 .
2380 1680 2488 1740 hoc
2503 1687 2591 1740 est
2608 1681 3016 1760 propheticum
3036 1700 3539 1763 sermonem,cum
3555 1690 3715 1744 esset

330 1776 508 1834 δεκτοί
546 1779 676 1835 εἰσιν
709 1797 729 1817 ο
769 1781 935 1855 ἡμεῖς
984 1777 1039 1834 δὲ
1081 1781 1129 1834 οἱ
1203 1775 1470 1853 ἀλλότριοι
1521 1774 1799 1851 ἐδεξάμεθα
1848 1773 1978 1829 τού-

2078 1767 2262 1828 fames
2286 1768 2608 1846 spiritualis
2642 1769 2791 1830 facta
2821 1770 2880 1831 in
2910 1769 3153 1843 Judaaa;
3188 1771 3401 1847 fames,
3436 1771 3712 1853 inquam,

331 1886 455 1928 τους
490 1881 504 1896 '
554 1866 589 1933 ἡ
620 1868 720 1945 γὰρ
749 1867 919 1947 χήρα,
967 1867 1002 1934 ἡ
1044 1865 1097 1932 RE
1148 1865 1309 1923 ἐθνῶν
1360 1863 1653 1931 Ἐκκλησία
1682 1861 1848 1939 λέγω,
1875 1858 1980 1917 ἰδέ-

2065 1857 2340 1919 audiendi
2361 1877 2697 1919 sermonem
2716 1858 2935 1923 Dei.De
2958 1860 3066 1921 hac
3090 1879 3231 1921 sane
3254 1861 3426 1923 vidua
3455 1861 3708 1942 prophe—

326 1953 454 2019 ξατο
506 1956 597 2011 τὸν
653 1945 860 2034 Ἠλίαν,
914 1954 1176 2028 τουτέστι,
1237 1956 1331 2011 τὸν
1403 1954 1734 2031 προφητικὸν
1769 1949 1976 2029 .λόγον,

2065 1953 2116 2006 ta
2148 1945 2468 2034 dicitquod
2502 1947 2702 2027 plures
2739 1957 2876 2009 sunt
2912 1948 3018 2009 ﬁlii
3048 1948 3535 2031 desertae,'quam
3580 1953 3711 2029 ejus

323 2043 483 2120 λιμοῦ
535 2033 853 2122 γενομένου
886 2043 1080 2112 νοητού
1150 2043 1203 2101 ἐν
1246 2049 1315 2120 τῇ
1366 2039 1608 2114 Ἰουδαίᾳ,
1664 2040 1823 2116 λιμοῦ
1881 2044 1976 2095 τοῦ

2065 2053 2187 2114 qua:
2227 2033 2403 2095 habet
2435 2034 2651 2098 virum.
2696 2034 2763 2096 Et
2803 2054 3041 2097 rursum
3064 2036 3202 2116 quia
3233 2038 3454 2099 sterilis
3478 2036 3712 2117 peperit

322 2134 546 2190 ἀκοῦσαι
603 2133 763 2213 λόγον
817 2139 950 2190 Θεοῦ
983 2149 997 2162 ⁸
1046 2133 1166 2212 περὶ
1206 2132 1403 2199 ταύτης
1458 2129 1513 2186 δὲ
1562 2136 1660 2197 τῆς
1718 2130 1897 2209 χήρας
1942 2129 1969 2184 ὁ

2065 2131 2305 2203 septem:
2329 2135 2389 2183 et
2409 2142 2539 2204 quae
2562 2124 2777 2187 multos
2792 2124 3055 2186 habebat
3080 2124 3252 2201 ﬁlias,
3278 2126 3572 2187 inﬁrmata
3593 2133 3704 2187 est.

332 2224 618 2302 προφήτης
649 2224 831 2302 φησιν,
870 2219 951 2279 ὅτι
982 2220 1156 2278 πολλὰ
1180 2222 1246 2277 τὰ
1274 2220 1433 2276 τέχνα
1461 2220 1559 2287 τῆς
1594 2221 1795 2300 ὶρήμου
1838 2214 2042 2294 μᾶλλον
2099 2214 2134 2281 ἢ
2165 2218 2261 2281 τῆς
2310 2215 2544 2292 ἐχούσης
2576 2215 2663 2269 τὸν
2697 2213 2852 2293 ἄνδρα
2887 2235 2899 2248 ’
2946 2217 3035 2272 καὶ
3060 2215 3220 2272 πάλιν
3250 2215 3494 2296 ὄτστετρα
3534 2218 3709 2273 ἔτεκεν

322 2313 480 2387 ἑπτὰ,
513 2312 599 2368 καὶ
620 2313 653 2380 ἡ
678 2311 856 2379 πολλὴ
887 2311 943 2367 έν
972 2311 1179 2377 τέκνοις
1209 2309 1529 2377 ἠσθένησεν.

414 2420 443 2458 ι
482 2400 580 2459 Καὶ
637 2398 899 2468 κατῆλθεν
956 2401 1029 2462 εἰς
1089 2398 1463 2477 Καπερναοὺμ,
1524 2396 1678 2454 πόλιν
1722 2400 1821 2463 τῆς
1866 2400 1977 2450 Γα-

330 2485 538 2553 λιλαίας
571 2502 587 2515 ⁸
651 2488 739 2544 καὶ
793 2487 858 2555 ἦν
901 2485 1158 2543 διδάσκων
1199 2486 1387 2550 αὐτοὺς
1427 2489 1484 2542 ἰν
1539 2499 1659 2549 τοῖς
1716 2480 1975 2540 Σάϐϐασι·

328 2577 417 2632 καὶ
472 2575 859 2646 ἐξεπλήσσοντο
902 2576 987 2632 ἐπὶ
1015 2581 1085 2652 τῇ
1125 2573 1322 2655 διδαχῇ
1374 2577 1554 2648 αὐτοῦ,
1613 2572 1694 2629 ὅτι
1719 2576 1776 2629 ἒν
1821 2570 1973 2638 ἰξου-

326 2665 416 2737 σίᾳ
471 2666 539 2731 ἦν
594 2665 622 2720 ὁ
667 2662 824 2743 λόγος
864 2667 1021 2722 αὐτοῦ
1052 2681 1069 2698 ⁹
1130 2665 1219 2719 καὶ
1268 2663 1324 2719 έν
1366 2662 1434 2731 τῆ
1468 2668 1763 2740 Συναγωγῇ
1792 2661 1858 2728 ἦν
1887 2658 1969 2716 ἅν-

324 2757 555 2831 θρωπος,
620 2753 767 2834 ἔχων
853 2760 1061 2827 πνεῦμα
1137 2750 1425 2834 δαιμονίου-
1483 2748 1778 2827 ἀκαθάρτου
1811 2764 1826 2779 ’
1886 2750 1975 2805 καὶ

325 2830 577 2921 ἀνέκραξε
839 2840 1072 2920 μεγάλῃ,
1133 2840 1349 2920 λέγων’
1412 2830 1552 2919 Ἐα,
1611 2839 1662 2895 τί
1706 2839 1842 2913 ἡμῖν
1885 2839 1975 2893 καὶ

322 2933 431 3012 σοὶ,
485 2932 665 2998 Ἰησοῦ
724 2931 1019 3012 Ναζαρηνέ,
1070 2928 1227 2998 ἦλθες
1283 2928 1545 2986 ἀπολέσαι
1597 2928 1784 3007 ὴμᾶςς
1835 2924 1972 2985 Οἶδά

320 3043 379 3077 σε
419 3011 515 3084 τίς
570 3022 626 3077 εἷ
655 3039 670 3055 ο
743 3011 800 3078 Ὀ
830 3019 981 3099 ἅγιος
1021 3026 1115 3076 τού
1144 3026 1301 3082 Πεοῦ.
1336 3020 1435 3077 Καὶ
1482 3018 1803 3092 ἆπετίμησεν
1834 3018 1973 3090 αύτῷ

327 3114 355 3165 ὁ
406 3107 634 3188 Ἰησοῦς,
693 3107 867 3187 λέγων
900 3124 914 3138 ’
974 3109 1253 3183 Φιμώθητι
1293 3109 1382 3164 καὶ
1426 3106 1596 3173 ἔξελθε
1654 3104 1705 3172 ἐξ
1761 3105 1920 3163 αύτοῦ
1951 3118 1967 3135 ⁸

2147 2392 2326 2453 Vens.
2362 2389 2425 2453 3|
2447 2382 2577 2455 -3'7.
2620 2414 2642 2447 ι
2680 2389 2749 2451 Et
2780 2390 3095 2453 descendit
3125 2392 3185 2452 in
3215 2394 3585 2473 Capernaum
3616 2392 3707 2455 ci-

2063 2479 2301 2540 vitatem
2335 2477 2609 2551 Galilaeae,
2640 2478 2841 2560 ibique
2865 2479 3120 2542 docebat
3151 2480 3285 2541 illos
3316 2479 3613 2543 Sabbatis.
3638 2480 3708 2542 Et

2060 2569 2377 2648 stupebant
2398 2587 2579 2646 super
2610 2568 2877 2630 doctrina
2906 2570 3055 2649 ejus,
3090 2570 3225 2651 quia
3252 2588 3382 2631 cum
3417 2575 3709 2649 potestate

2061 2660 2407 2735 conjunctus
2438 2668 2562 2718 crat
2604 2677 2801 2741 sermo
2837 2658 3035 2738 ipsius.
3070 2662 3140 2721 Et
3163 2661 3219 2719 in
3242 2659 3381 2719 509.
3404 2661 3710 2739 Synagoga

2057 2755 2183 2808 erat
2218 2748 2392 2807 homo
2424 2746 2653 2807 habens
2681 2747 2953 2825 spiritum
2990 2747 3612 2823 dzemonisimmundi,
3645 2754 3708 2812 et

2058 2835 2408 2896 exclamavit
2437 2854 2579 2897 voce
2609 2854 2816 2911 magna
2858 2836 3106 2898 dicens:
3142 2836 3242 2897 Eia
3268 2837 3409 2917 quid
3446 2836 3551 2898 tibi
3594 2856 3708 2900 no-

2058 2922 2290 2984 blSCUﬂ]
2314 2933 2419 3000 est,
2446 2926 2582 2986 Jesu
2609 2926 2901 2985 Nazarene
2927 2924 2957 2983 ‘2
2988 2924 3205 2985 venisti
3232 2926 3303 2985 ad
3336 2925 3708 3005 perdendum

2060 3031 2166 3073 nos
2184 3021 2211 3074 ’ἐ
2242 3011 2376 3075 Scio
2412 3020 2470 3074 te
2501 3012 2600 3093 qui
2631 3013 2750 3075 sis:
2784 3015 3035 3075 Sanctus
3066 3013 3167 3075 ille
3204 3014 3331 3076 Dei.
3387 3014 3459 3075 Et
3504 3016 3706 3078 incre-

2058 3101 2212 3180 pavit
2237 3102 2402 3163 illum
2430 3101 2640 3165 Jesus:
2675 3100 3060 3182 Obmutesce,
3087 3110 3146 3164 et
3168 3103 3352 3165 exiab
3375 3122 3467 3166 eo.
3487 3102 3705 3165 Etcum

328 3200 416 3255 καὶ
471 3200 626 3276 ῥίψαν
670 3200 828 3258 αὐτὸν
885 3199 945 3254 τὸ
1001 3196 1273 3273 δαιμόνιον
1331 3199 1405 3262 είς
1442 3199 1504 3255 τὸ
1534 3196 1721 3290 μέσον,
1755 3194 1973 3290 ἐξῆλθεν

2065 3191 2410 3270 projecisset
2443 3192 2611 3252 illum
2655 3191 3011 3252 daemonium
3050 3192 3108 3252 in
3144 3192 3429 3274 medium,
3462 3192 3603 3254 exiit
3632 3192 3706 3255 ab

330 3287 423 3344 ἀπ’
482 3286 661 3366 αὐτοῦ,
717 3285 885 3361 μηδὲν
940 3284 1151 3364 βλάψεν
1182 3286 1364 3348 αὖτόν.
1412 3288 1510 3345 Καὶ
1538 3284 1747 3363 ἐγένετο
1773 3280 1975 3359 θάμϐος

330 3377 417 3433 ἐπὶ
461 3377 659 3438 πάντας
690 3392 708 3411 ⁸
770 3377 859 3432 καὶ
916 3374 1234 3434 συνελάλουν
1289 3376 1419 3455 πρὸς
1474 3373 1765 3454 ἀλλήλους,
1798 3371 1981 3451 λέγον-

330 3488 418 3529 τες
456 3484 471 3501 ⁶
528 3465 615 3527 Τίς
645 3466 674 3521 ὁ
702 3462 863 3542 λόγος
912 3474 1086 3543 οὗτος,
1148 3463 1229 3521 ὅτι
1274 3463 1329 3520 έν
1398 3463 1601 3536 ἐξουσίᾳ
1647 3464 1735 3520 καὶ
1764 3460 1975 3537 δυνάμει

326 3554 600 3611 ἓπιτάσσει
659 3567 779 3616 τοῖς
836 3553 1151 3632 ἀκαθάρτοις
1232 3553 1518 3628 πνεύμασι,
1578 3553 1666 3608 καὶ
1725 3548 1978 3631 ὶξέρχον-

326 3661 466 3711 ταις
530 3644 627 3700 Καὶ
682 3642 1017 3709 ἐξεπορεύετο
1072 3644 1216 3722 ἦχος
1288 3643 1407 3719 περὶ
1464 3642 1622 3700 αύτοῦ
1678 3643 1749 3707 εἰς
1807 3638 1980 3697 πάντα

323 3733 492 3788 τόπον
540 3737 641 3798 τῆς
698 3730 1029 3811 περιχώρου.
1066 3755 1093 3786 ι
1159 3729 1379 3798 Ἐπειδὴ
1429 3731 1550 3796 τοὺς
1580 3730 1831 3792 ἀπίστους
1861 3728 1980 3786 οὔτε

319 3819 628 3878 διδασκαλία
687 3818 974 3901 ἐφέλκεται
1031 3822 1162 3899 πρὸς
1190 3822 1392 3900 πίστιν,
1435 3818 1519 3877 διὰ
1549 3828 1703 3878 τοῦτο
1731 3821 1759 3876 ὁ
1790 3817 1980 3898 Κύριος

322 3912 418 3974 τὰς
459 3910 888 3990 θαυματουργίας
940 3910 1219 3988 προσάγει,
1279 3911 1400 3967 οἶόν
1453 3932 1504 3966 τι
1562 3909 1982 3988 δραστικώτατον

330 4001 612 4080 φάρμακον
646 4015 660 4029 ·
694 4003 1089 4078 θαυματουργεῐ
1144 4006 1233 4056 οὖν
1278 3999 1332 4055 ὲν
1391 3999 1739 4077 Καπερναούμ
1772 4017 1786 4030 ·
1848 3998 1980 4054 ἀπι-

331 4090 577 4146 στότατοι
634 4089 736 4169 γὰρ
766 4098 910 4149 οὗτοι
940 4090 1028 4145 καὶ
1082 4086 1298 4144 πολλῶν
1347 4086 1588 4164 δεόμενοι
1617 4088 1749 4166 πρὸς
1780 4087 1978 4143 πίστιν”

331 4179 447 4235 ἰπεὶ
501 4178 673 4235 τοίνυν
725 4175 949 4243 ἐδίδαξεν
1000 4179 1219 4251 ἱκανῶς,
1278 4178 1367 4233 καὶ
1421 4184 1576 4234 τοῦτο
1636 4178 1708 4239 ὡς
1751 4174 1986 4241 ἂξουσίαν

331 4268 478 4347 ἔχων
530 4266 628 4346 (ού
684 4268 785 4345 γὰρ
837 4266 1010 4345 ἔλεγε,
1068 4264 1202 4323 τάδε’
1248 4265 1391 4345 λέγει
1456 4266 1667 4345 Κύριος,
1716 4262 1834 4321 ἀλλ’
1880 4264 1989 4342 ἐγὼ

2060 3279 2163 3340 illo
2195 3279 2462 3361 nihilque
2490 3281 2571 3343 illi
2608 3281 2828 3341 nocuit.
2866 3279 2935 3341 Et
2963 3281 3154 3342 factus
3185 3290 3274 3343 est
3316 3300 3495 3361 pavor
3523 3299 3705 3362 super

2061 3388 2289 3433 omnes.
2344 3380 2400 3432 et
2444 3370 2941 3452 colloquebantur
2992 3372 3149 3433 inter
3189 3390 3346 3454 sese,
3383 3373 3652 3435 dicentes
3688 3395 3701 3435 :

2061 3458 2204 3531 Quis
2232 3478 2429 3523 sermo
2464 3462 2560 3523 hic
2596 3470 2707 3536 est,
2739 3460 2876 3541 quia
2919 3480 3052 3522 cum
3102 3462 3451 3525 auctoritate
3494 3472 3552 3523 et
3583 3482 3692 3542 po-

2063 3555 2273 3611 testate
2312 3550 2564 3630 imperat
2607 3550 2932 3612 immundis
2974 3551 3304 3631 spiritibus,
3340 3560 3399 3613 et
3446 3550 3709 3614 exeunt?

2061 3638 2135 3701 Et
2168 3638 2576 3718 divulgabatur
2622 3639 2774 3700 fama
2824 3640 2897 3701 de
2948 3639 3049 3701 illo
3098 3641 3156 3701 in
3215 3660 3453 3701 omnem
3513 3641 3709 3703 locum

2065 3727 2326 3808 undique
2352 3727 2615 3790 ﬁnitimae
2638 3728 2961 3807 regionis.»
3002 3731 3316 3809 Postquam
3342 3747 3536 3810 neque
3556 3729 3710 3792 ratio

2064 3835 2257 3897 neque
2290 3816 2561 3879 doctrina
2588 3818 2659 3879 ad
2694 3817 2871 3879 ﬁdem
2904 3817 3099 3898 rapuit
3130 3817 3709 3893 incredulos,Domi-

2065 3925 2177 3967 nus
2208 3905 2277 3966 ad
2316 3907 2737 3969 miraculorum
2771 3907 3174 3987 operationem
3198 3925 3262 3968 se
3284 3909 3712 3982 Convertit,ceu

2066 3996 2485 4057 efﬁcassimum
2510 3997 2921 4076 pliarmacum.
2944 3994 3419 4074 Miraculaigitur
3437 4005 3716 4076 operatur

2068 4084 2127 4144 in
2174 4083 2565 4164 Capernaum.
2622 4085 2804 4145 Valde
2852 4084 3011 4144 enim
3072 4084 3366 4146 increduli
3419 4096 3607 4160 erant,
3656 4094 3716 4148 et

2072 4172 2274 4232 multis
2331 4173 2401 4233 ad
2454 4173 2630 4235 ﬁdem
2694 4173 3080 4252 indigebant:
3136 4172 3357 4235 idcirco
3405 4181 3712 4255 postquam

2072 4260 2217 4321 satis
2248 4260 2535 4340 docuit,et
2556 4261 2612 4323 id
2641 4269 2913 4340 tanquam
2950 4267 3236 4340 potestate
3268 4263 3546 4340 praeditus
3570 4263 3715 4342 (non

330 4354 477 4433 λέγω
531 4356 684 4430 ὑμῖν,
720 4355 801 4411 ὅτι
832 4354 969 4429 μηδὲ
1010 4356 1083 4418 ὡς
1142 4355 1228 4421 εἷς
1282 4361 1389 4411 τῶν
1419 4360 1706 4435 προφητῶν
1737 4356 1831 4427 ἦν,
1864 4351 1980 4409 ἁλλ¹

2073 4349 2229 4410 enim
2264 4349 2521 4423 dicebat,
2556 4349 2691 4411 Haac
2722 4350 2865 4411 dicit
2908 4348 3216 4423 Dominus,
3250 4352 3379 4423 sed,
3414 4350 3534 4430 Ego
3579 4351 3715 4411 dico

332 4444 538 4512 ἀληθὴς
602 4445 719 4510 Υἱὸς
770 4451 862 4502 τοῦ
919 4442 1104 4522 Θεοῦ),
1156 4445 1293 4519 μετὰ
1342 4450 1507 4501 ταῦτα
1557 4443 1746 4522 ὶπάγει
1789 4443 1877 4498 καὶ
1927 4442 1980 4499 τὸ

2073 4438 2275 4500 vobis:
2311 4440 2447 4519 quia
2476 4458 2591 4500 non
2625 4457 2775 4499 unus
2808 4457 2877 4499 ex
2922 4439 3224 4519 prophetis
3254 4446 3399 4513 erat,
3437 4438 3542 4501 sed
3572 4457 3718 4502 vero

334 4537 530 4607 θαῦμα,
593 4535 686 4589 καὶ
752 4533 1025 4612 θεραπεύει
1122 4534 1212 4589 τὸν
1283 4531 1741 4607 δαιμονιζομένον.
1818 4522 1875 4589 ’0
1931 4528 1980 4586 δὲ

2074 4527 2179 4589 Dei
2229 4526 2462 4609 Filius),
2526 4528 2723 4589 subdit
2783 4527 2956 4588 etiam
3011 4526 3385 4600 miraculum,
3440 4542 3496 4591 et
3550 4536 3720 4591 sanat

331 4592 532 4697 δαίμων
588 4592 844 4701 πρότερον
900 4620 1162 4700 ὁμολογεῖ
1216 4622 1315 4690 τὴν
1371 4592 1591 4702 ἐχθρέιᾷ,
1630 4592 1797 4691 *ίναήὴ
1843 4642 1980 4697 μαρ-

2072 4615 2365 4677 daemonio
2385 4592 2688 4697 agitatum.
2726 4619 2803 4679 At
2832 4615 3063 4676 daamon
3096 4615 3437 4677 inimicitias
3459 4616 3716 4696 primum

332 4712 481 4789 τυρία
538 4709 844 4776 ἀξιόπιστος
888 4712 981 4778 ε’ίη
1018 4726 1032 4741 ⁶
1090 4711 1217 4768 εἶτα
1257 4712 1446 4790 ἒπάγει
1498 4710 1598 4778 τὴν
1650 4710 1980 4790 μαρτυρίαν·

2070 4704 2305 4779 fatetur,
2362 4726 2479 4786 quo
2527 4705 2933 4767 testimonium
2986 4704 3115 4783 ejus
3159 4704 3275 4765 ﬁde
3324 4705 3559 4785 dignius
3590 4704 3713 4770 sit:

336 4798 536 4857 Οἶδάσε
564 4801 643 4862 τίς
674 4800 752 4856 εἷ.
784 4790 842 4857 Ὀ
870 4800 1022 4877 ἆίγιος
1052 4809 1147 4859 τοῦ
1176 4808 1330 4862 Θεοῦ.
1362 4800 1626 4879 Πρὸτερον
1650 4805 1738 4855 οὖν
1770 4796 1980 4877 ἐγκαλεῖ

2073 4793 2209 4855 dein
2231 4794 2469 4875 subjicit
2491 4796 2892 4855 testimonium
2924 4814 2937 4853 :
2967 4795 3105 4854 Scio
3132 4806 3211 4870 te,
3239 4795 3338 4874 qui
3357 4796 3723 4866 sis,Sanctus

343 4893 485 4961 αύτῷ
517 4906 534 4924 ο
570 4890 630 4946 Τί
660 4888 818 4955 ἦλθες
848 4887 950 4945 ὧδε
987 4887 1246 4947 ἀπολέσαι
1276 4890 1421 4963 ἡμᾶς
1457 4904 1474 4961 ;
1507 4888 1648 4946 Εἶτα
1686 4886 1980 4963 κολακεύει,

2075 4884 2171 4946 ille
2196 4884 2325 4946 Dei.
2378 4884 2543 4945 Prius
2576 4885 2754 4963 igitur
2785 4884 3052 4962 increpat
3084 4883 3247 4943 illum
3282 4904 3294 4946 :
3351 4885 3473 4946 Cur
3505 4885 3720 4946 venisti

337 4975 506 5034 δοκῶν
564 4980 654 5033 τὸν
688 4979 875 5057 Κύριον
933 4978 1036 5035 ὑπὸ
1089 4978 1191 5046 τῆς
1247 4977 1531 5042 κολακείας
1577 4974 1980 5053 μαλακισθέντα,

2075 4975 2189 5034 huc
2240 4973 2489 5052 perdere
2543 4974 2707 5034 nos?
2760 4978 2963 5033 Postea
3026 4971 3322 5046 adulatur,
3375 4972 3722 5036 existimans

339 5068 513 5123 ἐάσειν
586 5066 744 5123 αὐτόν
781 5082 796 5097 ⁸
863 5067 1028 5132 οὕτως
1085 5066 1313 5133 ἀνόητον
1368 5068 1403 5135 ἡ
1462 5066 1688 5146 πονηρία
1724 5084 1738 5099 ⁸
1800 5063 1920 5121 ἀλλ’
1964 5068 1980 5123 ί

2075 5062 2390 5125 Dominum
2426 5062 2766 5125 adulatione
2807 5062 3055 5123 fractum
3102 5061 3300 5121 sinere
3330 5061 3499 5123 illum
3534 5080 3549 5124 :
3603 5070 3719 5124 tam

341 5156 553 5235 Κύριος,
629 5153 889 5213 διδάσκων
947 5158 1119 5236 ἡμᾶς,
1166 5155 1260 5212 ἳνα
1289 5156 1369 5231 μη
1400 5156 1693 5236 χρῄζωμεν
1740 5155 1841 5222 τῆς
1888 5154 1980 5211 ἀπέ

2078 5151 2253 5211 stulta
2284 5170 2380 5213 res
2411 5161 2498 5211 est
2529 5152 2748 5213 malitia
2776 5171 2792 5228 ;
2826 5149 2929 5211 sed
2967 5149 3255 5211 Dominus
3270 5150 3494 5211 docens
3514 5169 3624 5213 nos
3647 5170 3724 5213 ne

337 5251 442 5302 τῶν
538 5242 804 5321 δαιμόνων
889 5266 1175 5324 μαρτυριας
1244 5246 1333 5301 καὶ
1418 5244 1744 5317 συστάσεως,
1810 5244 1980 5325 φησί⁴

2081 5249 2311 5302 utamur
2341 5241 2677 5302 daamonum
2713 5238 3071 5301 testimoniis
3100 5248 3158 5300 et
3190 5239 3501 5301 sententiis
3531 5259 3545 5300 :
3594 5238 3724 5304 Ob-

334 5333 642 5408 Φιμώθητι,
696 5335 786 5390 καὶ
858 5332 1030 5400 ἔξελθε
1079 5331 1133 5398 ἒξ
1190 5332 1370 5393 αὒτοῦ.
1450 5340 1741 5412 Συγχωρεϊ
1805 5330 1859 5388 δὲ
1916 5338 1980 5406 τιῙ

2080 5342 2365 5406 mutesce,
2426 5332 2637 5412 inquit,
2692 5342 2749 5394 et
2797 5329 3084 5410 egredere
3138 5348 3204 5390 ex
3256 5332 3356 5391 illo
3437 5329 3728 5392 Permittit

336 5421 547 5499 δαίμονι
604 5423 753 5501 ῥίψαι
812 5425 903 5480 τὸν
966 5420 1261 5503 ἄνθρωπον,
1330 5424 1423 5478 ’ίνα
1483 5422 1718 5498 μάθωσιν
1775 5423 1820 5479 οἱ
1851 5444 1980 5502 παρ-

2078 5430 2272 5481 autem
2307 5420 2559 5482 daemoni
2589 5433 2647 5481 ut
2681 5421 2949 5502 projiniat
2974 5418 3305 5493 hominem,
3337 5429 3397 5480 ut
3426 5420 3732 5482 discerent
3806 5496 3809 5499 ν

335 5519 591 5591 εστῶτες,
654 5513 737 5568 ὅτι
784 5512 951 5576 ὄντως
993 5510 1267 5588 δαιμόνιον
1322 5514 1476 5593 εἶχε.
1532 5511 1783 5570 Κάκείνου
1815 5512 1880 5579 ἦν
1933 5512 1980 5568 τε

2081 5510 2535 5571 circumstantes
2589 5511 2753 5571 illiilli
2813 5528 2950 5570 vere
3008 5507 3286 5570 habuisse
3338 5508 3726 5583 damonium,

338 5603 578 5681 ῥήματα,
639 5603 685 5658 εί
744 5604 833 5658 καὶ
889 5604 923 5671 ἡ
968 5601 1185 5680 γλῶσσα
1230 5610 1324 5660 τοῦ
1364 5601 1639 5681 ἀνθρώπου
1697 5601 1946 5679 ὑπούργει

2084 5600 2253 5677 cujus
2285 5610 2448 5659 erant
2488 5599 2687 5672 verba,
2722 5598 2961 5660 tametsi
3006 5597 3206 5677 lingua
3247 5598 3507 5660 hominis
3557 5599 3734 5660 mini—

343 5691 432 5747 καὶ
488 5687 553 5756 δὴ
611 5690 931 5747 συνελάλουν
975 5692 1105 5770 πρὸς
1163 5690 1429 5763 ἀλλήλους
1481 5689 1739 5764 ἅπαντες,
1788 5689 1980 5765 θαυμά-

2088 5689 2654 5770 straret.Propterea
2674 5688 3168 5769 colloquebantur
3188 5687 3344 5751 inter
3365 5705 3496 5751 sese
3517 5705 3731 5750 omnes
