4170 6282
290 385 423 453 757

952 532 1207 586 sema.
1252 513 1336 587 ιε’.

309 619 434 695 Περὶ
491 625 590 686 τῆς
662 619 827 698 ἄγρας
886 620 1014 699 ,τῶν
1095 618 1319 699 ἰχθύων.
1397 619 1520 697 Περὶ
1588 624 1681 674 τοῦ
1747 615 1962 699 λεπροῦ.

396 701 518 778 Περὶ
574 708 667 757 τοῦ
714 696 1121 779 παραλυτικου.
1145 696 1156 699 ⁷
1197 701 1320 778 Περὶ
1378 696 1509 755 Λευῖ
1568 704 1659 755 τοῦ
1713 696 1965 779 τελώνου.

393 775 516 876 Περὶ
598 787 691 837 τοῦ
778 775 954 848 Ίῖησοῦ
1037 775 1391 843 συνεσθίοὲηος
1484 790 1603 841 τοῖς
1685 775 1967 876 τελώναις,

394 857 494 916 Διᾶ
551 861 602 916 τί
671 862 717 916 οἱ
780 869 873 919 τοῦ
927 859 1172 917 Ἰωάννου
1226 860 1465 935 μαθηταὶ
1518 857 1872 932 νεστεύουσιν,
1917 858 1969 912 οἱ

390 936 443 994 δὲ
473 948 566 997 τοῦ
611 943 836 1019 Χριστοῦ
865 942 989 1019 οὐχί
1022 961 1039 1016 ς

400 1052 423 1085 ε
489 1030 734 1109 Ἐγένετο
791 1030 845 1087 δὲ
903 1030 958 1087 ἒν
1009 1038 1086 1105 τῷ
1140 1031 1231 1087 τὸν
1261 1028 1430 1110 ὄχλον
1460 1028 1756 1093 ἐπικεῖσθαι
1801 1028 1963 1101 αύτῷ,

308 1124 407 1177 106
463 1121 674 1178 ἀκούειν
717 1123 809 1177 τὸν
839 1119 997 1199 λόγον
1041 1120 1133 1177 τοῦ
1192 1122 1346 1195 Θεοῦ,
1379 1120 1467 1175 καὶ
1508 1117 1664 1180 αὐτὸς
1693 1117 1758 1185 ἧν
1800 1117 1966 1180 ἑστὼς

304 1210 454 1288 παρᾶ
509 1209 608 1278 τὴν
667 1209 861 1286 λίμνην
914 1208 1280 1284 Γεννησαρέτ,
1331 1208 1428 1266 Καὶ
1494 1205 1606 1264 εἶδε
1658 1203 1746 1263 δύο
1796 1204 1966 1263 πλοῖα

308 1298 522 1356 ἑστῶτα
574 1300 719 1378 παρὰ
772 1300 872 1366 τὴν
914 1298 1108 1374 λίμνην
1142 1312 1158 1330 ⁸
1205 1299 1252 1355 οἱ
1297 1295 1351 1352 δὲ
1414 1295 1616 1367 ἁλιεῖς,
1673 1293 1965 1357 ἀποϐάντες

304 1388 406 1444 ἀπ’
469 1390 662 1468 αὐτῶν,
708 1386 1009 1445 άπέπλυνον
1052 1387 1119 1444 τὰ
1174 1384 1354 1443 δίκτυα
1388 1404 1399 1416 ⁸
1453 1383 1619 1462 ἐμϐὰς
1678 1383 1732 1440 δὲ
1775 1386 1847 1449 εἷς
1910 1384 1964 1441 ἓν

303 1480 415 1534 τῶν
473 1476 671 1534 πλοίων
720 1478 748 1533 ὃ
806 1477 871 1544 ἧν
924 1486 1014 1536 τοῦ
1043 1476 1307 1555 Σίμωνος,
1352 1475 1633 1554 ἠρώτησεν
1676 1475 1832 1530 αὐτὸν
1861 1472 1967 1529 ἀπὸ

306 1568 409 1633 τῆς
459 1571 561 1644 γῆς
624 1566 987 1645 ἐπαναγαγεῖν
1032 1564 1207 1642 ὀλίγον
1241 1584 1256 1599 ⁶
1302 1565 1391 1621 καὶ
1427 1564 1669 1638 καθίσας,
1707 1560 1968 1619 ἐδίδασκεν

306 1654 371 1711 ἐκ
428 1664 520 1714 τοῦ
561 1653 744 1712 πλοίου
795 1644 916 1719 τοῦς
961 1652 1187 1734 ὄχλους.
1242 1644 1333 1717 Ὠς
1383 1650 1437 1709 δὲ
1465 1652 1734 1709 επαύσατο
1765 1650 1965 1734 λαλῶν,

1044 386 1487 456 ENARRATIO
1531 389 1615 455 IN
1660 386 2167 452 EVANGELIUM
2211 390 2452 453 LUC/E.
2499 420 2577 433 -—
2618 391 2783 454 CAP.
2831 391 2906 455 V.

3586 373 3701 445 758

2675 522 2925 588 GAPUT
2971 524 3042 586 V.

2054 608 2428 697 De_captur_a
2456 613 2740 697 piscium.
2773 612 2861 697 D_e
2903 612 3159 697 leproso.
3207 616 3294 678 De
3320 615 3690 697 paralytico.

2132 689 2217 752 De
2245 689 2394 777 levi
2416 689 2776 777 pitbligano._
2801 694 2887 777 De
2913 689 3158 777 Christo
3187 689 3336 757 σαγή
3345 689 3696 777 publicanis

2131 772 2487 858 consedeute.
2562 773 2692 858 Cu_r_
2737 774 3049 858 dissipati,
3081 772 3362 838 Joannis
3385 779 3694 858 jejunum,

2131 850 2421 931 discipuli
2448 869 2587 913 vero
2619 852 2848 916 Christi
2886 850 3007 916 pou
3026 856 3059 915 9

2129 1018 2314 1080 Vsus.
2342 1020 2514 1081 1-11.
2544 1044 2570 1075 α
2606 1019 2852 1083 Factum
2884 1029 2973 1084 est
3006 1032 3199 1087 autem
3222 1018 3356 1087 cum
3382 1025 3691 1089 turbaim-

2053 1105 2302 1169 mineret
2328 1108 2385 1170 ei
2416 1116 2477 1169 ut
2524 1107 2757 1170 audiret
2798 1110 3044 1173 verbum
3078 1113 3208 1189 Dei,
3242 1123 3301 1175 et
3349 1116 3475 1193 ipse
3505 1115 3699 1177 stabat

2042 1194 2210 1272 juxta
2253 1203 2521 1275 stagnum
2569 1199 2962 1261 Genezareth.
3018 1201 3086 1261 Et
3134 1202 3280 1263 vidit
3325 1202 3469 1263 duas
3519 1221 3698 1267 naves

2047 1292 2277 1346 stantes
2301 1286 2373 1346 ad
2406 1295 2673 1366 stagnum
2707 1310 2719 1347 :
2760 1288 3082 1367 piscatores
3124 1303 3323 1353 autem
3354 1292 3692 1356 descende-

2047 1381 2181 1432 rant
2209 1393 2279 1435 ex
2311 1374 2453 1455 illis,
2488 1385 2545 1437 et
2576 1376 2899 1438 abluebunt
2927 1380 3096 1440 retia.
3144 1379 3451 1460 Ingressus
3497 1391 3696 1445 autem

2049 1461 2109 1522 in
2140 1481 2318 1524 unam
2351 1464 2543 1525 navim
2571 1485 2701 1546 quae
2732 1475 2859 1528 erat
2898 1470 3180 1545 Simonis,
3219 1471 3442 1549 rogavit
3464 1480 3698 1554 eumut

2053 1568 2085 1609 a
2117 1560 2272 1613 terra
2302 1552 2629 1615 abduceret
2660 1556 2961 1633 pusillum,
2999 1567 3055 1619 et
3083 1560 3300 1621 sedens
3331 1560 3585 1624 docebat
3614 1552 3697 1624 Vde

2053 1640 2181 1698 navi
2212 1642 2433 1703 turbas.
2469 1641 2541 1704 Ut
2580 1645 2830 1706 cessavit
2858 1654 3056 1707 autem
3088 1648 3272 1730 loqui,
3306 1649 3453 1711 dixit
3480 1650 3552 1712 ad
3595 1652 3693 1714 Si-

308 1745 436 1800 εἶπε
479 1746 609 1823 πρὸς
642 1745 733 1800 τὸν
764 1743 963 1820 Σίμονα
995 1724 1034 1775 ί-
1075 1741 1417 1820 Ἐπανάγαγε
1447 1743 1519 1804 εἰς
1551 1743 1609 1798 τὸ
1640 1737 1820 1820 βάθος,
1884 1724 1963 1798 καἶ

2054 1745 2289 1791 monem
2320 1749 2334 1790 :
2369 1730 2495 1793 Duc
2536 1732 2596 1793 in
2629 1733 2832 1810 altum,
2870 1743 2929 1796 et
2972 1724 3186 1799 laxate
3214 1724 3364 1800 retia
3393 1754 3590 1802 veStra
3632 1741 3693 1802 in

307 1808 588 1913 χαλάσατε
640 1834 706 1891 τὰ
762 1831 941 1889 δίκτυα
996 1834 1143 1907 ὑμῶν
1203 1833 1275 1895 εἷς
1337 1830 1499 1910 ἄγραν
1536 1853 1547 1863 ·
1596 1833 1685 1887 καὶ
1740 1831 1963 1908 ἀποκρι-

2051 1826 2376 1896 capturam.
2416 1820 2485 1882 Et
2507 1808 2881 1901 respondens
2911 1825 3141 1900 Simon,
3178 1827 3324 1889 dixit
3365 1828 3490 1890 illi:
3532 1833 3691 1893 Pras-

311 1924 418 1986 θεὶς
449 1924 477 1979 ὂ
521 1923 729 1998 Σίμων,
789 1923 946 1977 εἶπεν
1004 1924 1146 1994 αῦτῴ
1180 1934 1199 1949 ⁸
1241 1916 1558 1991 Ἐπιστάτα,
1615 1916 1680 1974 δι’
1715 1916 1844 2012 ὅλζης
1869 1917 1963 1985 τῆς

2049 1914 2272 2007 ceptor,
2327 1929 2432 1990 per
2465 1919 2646 1972 totam
2694 1920 2930 2012 noctem
2979 1915 3316 2012 laborantes
3361 1919 3499 1979 304
3543 1920 3691 2012 nihil

310 2013 499 2073 νυκτὸς
587 2010 964 2085 κοπιάσαντες,
1051 2008 1196 2065 οὐδὲν
1271 2006 1551 2087 ἐλάϐομεν,
1626 2007 1711 2064 ἐπὶ
1766 2004 1821 2063 δὲ
1889 2013 1963 2081 τῷ

2049 2003 2336 2077 cepimus,
2367 2006 2560 2060 tamen
2596 2008 2695 2060 tuo
2719 2003 2892 2080 jussu
2915 2003 3119 2066 laxabo
3143 2016 3293 2069 rete.
3322 2009 3396 2069 Et
3418 2027 3551 2069 cum
3579 2010 3692 2071 hoc

310 2101 510 2179 ῥήματί
565 2122 658 2157 σου
700 2099 931 2180 χαλάσω
985 2100 1047 2154 τὸ
1106 2096 1336 2157 δίκτυον.
1374 2101 1471 2156 Καὶ
1502 2099 1653 2154 τοῦτο
1696 2098 1963 2166 ποιήσαν-

312 2212 425 2269 τες,
476 2188 814 2246 συνέκλεισαν
868 2186 1071 2254 πλῆθος
1129 2187 1329 2268 ἰχθύων
1391 2185 1550 2249 πολύ,
1613 2184 1963 2264 Διερρήγνυτο

311 2277 367 2334 δὲ
424 2279 483 2336 τὸ
534 2276 736 2336 δίκτυον
787 2278 958 2333 αὒτῶν
991 2291 1006 2306 ⁹
1069 2275 1157 2334 καί
1211 2274 1529 2335 κατένευσαν
1553 2289 1668 2340 τοῖς
1702 2274 1962 2354 μετόχοις

312 2382 429 2431 τοῖς
489 2367 544 2423 ἐν
600 2373 679 2441 τῷ
722 2365 884 2445 ἑτέρῳ
943 2364 1136 2439 πλοίῳ,
1183 2371 1274 2422 τοῦ
1315 2362 1560 2427 ἐλθόντας
1618 2360 1964 2421 συλλαϐέσθαι

312 2459 496 2522 αὐτοῖς
532 2474 550 2493 ο
612 2457 699 2512 καὶ
747 2450 906 2523 ἦλθον
948 2457 1035 2511 καὶ
1066 2452 1305 2522 ἔπλησαν
1347 2452 1617 2533 ἀμφότερα
1657 2452 1722 2507 τὰ
1772 2450 1961 2527 πλοῖα,

314 2546 454 2602 ὥστε
510 2546 802 2622 βυθίζεσθαι
836 2544 992 2605 αὐτά.
1025 2543 1171 2601 Ἰδὼν
1228 2541 1283 2599 δὲ
1326 2544 1505 2617 Σίμων
1537 2541 1757 2621 Πέτρος,
1790 2563 1964 2614 προσ-

315 2635 473 2693 έπεσε
517 2648 633 2699 τοῖς
687 2634 871 2713 γόνασι
931 2642 1022 2690 του
1082 2632 1278 2705 Ἰησοῦ,
1338 2631 1511 2711 λέγων
1544 2647 1559 2662 ⁸
1614 2623 1841 2697 ’Ἔξελθε
1871 2625 1966 2687 ἀπ’

313 2724 467 2797 ἐμοῦ,
515 2724 596 2780 ὃτι
638 2724 773 2802 ἀνὴρ
815 2720 1135 2800 ἁμαρτωλός
1184 2724 1314 2795 εἰμι,
1352 2723 1503 2800 Κύριε
1533 2740 1545 2754 ·
1607 2718 1806 2796 θάμϐος
1865 2721 1964 2799 γὰρ

314 2814 598 2893 περιέσχεν
658 2815 815 2872 αὐτὸν
859 2814 948 2869 καὶ
992 2812 1194 2875 πάντας
1240 2812 1363 2893 τοὺς
1406 2812 1499 2867 σὺν
1546 2811 1709 2886 αὐτῷ,
1757 2810 1965 2893 ἐπὶ-τῇ

314 2884 451 2982 ἄγρᾳ
624 2902 848 2982 ἰχθύων,
908 2905 946 2979 ᾗ
995 2898 1299 2958 συνέλαϐον,
1351 2890 1577 2976 Ὀμοίως
1608 2884 1669 2955 δέ
1693 2884 1806 2955 νκαὶ
1865 2884 1963 2957 ’14".

312 2991 507 3064 κωὸον,
567 2994 654 3051 καὶ
706 2990 961 3057 Ἰωάννην
1016 2992 1155 3054 υἱοὺς
1198 2986 1492 3062 Ζεϐεδαίου,
1546 2990 1599 3045 οἱ
1652 2989 1788 3056 ἦσαν
1841 3010 1961 3044 κοι-

314 3083 470 3138 νωνοὶ
520 3086 597 3154 τῷ
656 3081 856 3155 Σίμωνι
892 3097 905 3113 ⁶
940 3081 1027 3136 καὶ
1082 3079 1208 3135 εἶπε
1251 3079 1383 3157 πρὸς
1412 3079 1503 3133 τὸν
1536 3078 1751 3153 Σίμωνα
1783 3079 1809 3132 ὁ
1844 3075 1960 3143 Ἰη-

2045 2083 2344 2161 fecissent,
2381 2090 2803 2151 concluserunt
2831 2090 3081 2170 piscium
3112 2094 3550 2158 multitudinem
3583 2116 3690 2159 co-

2047 2172 2295 2252 piosam.
2325 2176 2733 2257 Rumpebatur
2761 2187 2958 2241 autem
2982 2189 3108 2243 rete
3137 2202 3367 2249 eorum.
3402 2187 3477 2249 Et
3505 2206 3693 2250 annu-

2048 2264 2414 2325 eruntsociis
2445 2265 2546 2346 qui
2571 2275 2738 2328 erant
2758 2267 2816 2328 in
2840 2270 3025 2331 altera
3055 2272 3209 2346 navi,
3237 2282 3301 2334 ut
3333 2276 3604 2339 venirent
3634 2288 3694 2340 et

2048 2350 2393 2445 adjuvarent
2434 2355 2616 2445 ipsos.
2651 2354 2719 2417 Et
2746 2367 3055 2434 venerunt,
3089 2369 3262 2441 atque
3294 2362 3693 2445 impleverunt

2048 2440 2253 2502 anbas
2272 2461 2469 2518 naves,
2495 2443 2575 2504 ita
2608 2452 2671 2506 ut
2692 2457 3124 2525 mergerentur.
3161 2449 3329 2523 Quod
3351 2440 3485 2514 cum
3515 2445 3691 2517 vide-

2048 2540 2139 2593 ret
2171 2531 2376 2593 Simon
2411 2535 2642 2608 Petrus,
2683 2535 2898 2599 accidit
2922 2537 2993 2598 ad
3024 2557 3215 2615 genua
3235 2540 3400 2617 Jesu,
3437 2543 3644 2606 dicens
3673 2568 3687 2609 :

2052 2616 2302 2681 Discede
2332 2641 2364 2683 a
2398 2642 2513 2703 me,
2552 2625 2826 2705 Domine,
2863 2627 3003 2707 quia
3034 2629 3212 2689 homo
3242 2616 3515 2709 peccator
3534 2653 3689 2697 sum.

2047 2708 2266 2789 Stupor
2297 2711 2457 2772 enim
2506 2713 2981 2775 circumdederat
3032 2735 3190 2798 eum,
3227 2708 3285 2779 et
3336 2739 3546 2785 omnes
3589 2726 3692 2803 qui

2048 2816 2178 2859 cum
2213 2799 2310 2860 illo
2344 2801 2597 2882 fuerant,
2631 2821 2813 2883 super
2842 2814 3088 2892 captura
3113 2808 3361 2886 piscium
3388 2831 3564 2892 quam
3597 2799 3689 2876 fe-

2046 2898 2249 2947 cerant
2274 2908 2287 2949 :
2320 2888 2602 2953 similiter
2617 2905 2817 2953 autem
2838 2890 3123 2954 Jacobum
3149 2903 3206 2957 et
3232 2888 3517 2960 Joannem
3537 2901 3694 2964 ﬁlios

2046 2973 2337 3044 Zebedazi.
2370 2978 2470 3057 qui
2494 2988 2660 3039 erant
2683 2980 2830 3042 socii
2853 2981 3357 3047 Simoni.Etaitad
3384 2985 3688 3051 Simonem

2042 3063 2261 3155 Jesus:
2310 3065 2393 3128 Ne
2446 3077 2697 3144 metuas,
2734 3071 2972 3148 posthac
3016 3071 3291 3135 homines
3340 3076 3561 3155 capies.
3615 3080 3695 3141 Et

318 3173 437 3232 σοῦς
474 3189 487 3203 ·
526 3152 612 3236 Mi;
656 3152 842 3248 φοϐοῦ,
877 3167 981 3225 ἀπὸ
1012 3176 1103 3225 τοῦ
1133 3178 1218 3227 νῦν
1249 3152 1551 3245 ἀνθρώπους
1595 3152 1691 3243 ’ἐσῃ
1722 3171 1963 3243 ζωγρῶνο

2049 3152 2355 3215 subductis
2386 3155 2444 3216 in
2480 3164 2692 3217 terram
2729 3158 2995 3235 navibus,
3034 3160 3259 3224 relictis
3285 3152 3562 3227 omnibus
3586 3186 3688 3229 se-

318 3260 406 3315 καῖ
464 3257 850 3335 καταγαγόντες
906 3259 972 3313 τὰ
1053 3255 1222 3314 πλοῖα
1291 3258 1379 3312 ἐπὶ
1435 3256 1532 3323 τὴν
1574 3256 1697 3334 γῆν,
1746 3254 1962 3335 ἀφέντες

319 3348 553 3421 ἅπαντα,
599 3346 961 3416 ἠκολουθήσαν
1018 3348 1183 3420 αύτῷ.
1222 3365 1252 3405 )
1310 3346 1501 3424 Φεύγει
1547 3345 1644 3420 μὲν
1691 3346 1718 3401 ὁ
1779 3345 1962 3423 Κύριος

317 3437 418 3503 τὴν
475 3434 651 3514 δοξαν,
694 3437 728 3503 ἡ
779 3433 833 3490 δὲ
877 3435 1019 3508 τόσῳ
1066 3433 1269 3510 μᾶλλον
1299 3433 1613 3492 καταδιώκει
1647 3432 1823 3492 αὒτόν.
1862 3441 1963 3491 Τοῦ

314 3534 439 3604 γοῦν
495 3524 663 3605 ὄχλου
692 3523 1051 3600 ἐπικειμένου,
1092 3526 1164 3589 εἰς
1191 3527 1251 3581 τὸ
1282 3523 1476 3582 πλοῖον
1508 3524 1804 3604 εἰσέρχεται
1841 3539 1855 3554 ⁸
1889 3527 1963 3589 ὡς

312 3616 374 3671 ἂν
420 3616 524 3672 ἀπὸ
554 3621 647 3672 τοῦ
678 3614 883 3690 πλοίου,
945 3612 1161 3691 διδάσκῃ
1214 3618 1335 3679 τοὺς
1365 3614 1418 3669 ἐν
1447 3620 1524 3688 τῷ
1554 3612 1778 3692 αἰγιαλῷ
1805 3615 1961 3671 ἱστα-

313 3704 530 3781 μένους,
585 3703 800 3763 πάντων
858 3704 994 3759 κατὰ
1076 3702 1360 3783 πρόσωπον
1418 3705 1575 3761 αὐτοῦ
1627 3701 1812 3776 ὄντων,
1873 3699 1961 3759 καὶ

313 3795 542 3870 μηδενὸς
599 3793 840 3857 ἐλθόντος
873 3793 1008 3850 κατὰ
1037 3794 1225 3854 νώτου.
1258 3792 1407 3850 Ἐπεὶ
1436 3793 1489 3848 δὲ
1521 3794 1610 3849 τὸν
1654 3791 1821 3872 ὄχλον
1851 3791 1960 3848 ἐδί-

316 3882 465 3951 δαξεν
525 3884 584 3939 ἐκ
624 3890 718 3940 τοῦ
760 3882 967 3951 πλοίου,
1029 3882 1122 3939 οὒκ
1177 3880 1396 3958 ἄμισθον
1472 3881 1655 3961 ἀφίησι
1710 3884 1802 3939 τὸν
1870 3888 1962 3938 τοῦ

315 3970 501 4028 πλοίου
531 3969 820 4051 δεσπότην,
880 3969 1017 4027 ἀλλὰ
1073 3968 1271 4035 διπλῶς
1322 3970 1476 4026 αὐτὸν
1505 3970 1773 4049 εὐεργετεῖ
1808 3989 1822 4005 ⁸
1873 3968 1960 4025 ὅτι

311 4082 368 4117 τε
422 4060 623 4140 ἰχθύων
680 4058 882 4126 πλῆθος
940 4061 1082 4135 αὐτῷ
1135 4059 1445 4139 ἐχαρίσατο,
1480 4060 1566 4114 καὶ
1608 4058 1687 4114 ὅτι
1718 4059 1963 4133 μαθητὴν

311 4150 471 4207 αἰτοῦ
524 4149 841 4219 ἐποιήσατο.
904 4150 1182 4225 Θαύμασον
1231 4147 1283 4205 δέ
1331 4157 1424 4208 τοῦ
1473 4150 1658 4226 Κυρίου
1686 4148 1783 4215 τὴν
1814 4150 1960 4205 οἶκο-

309 4239 523 4314 νομίαν,
585 4246 702 4303 πῶς
733 4237 972 4296 ἕκαστων
1001 4237 1086 4294 διὰ
1116 4242 1218 4295 τῶν
1251 4239 1456 4296 οἰκείων
1516 4238 1605 4294 καὶ
1666 4237 1964 4314 συντρόφων

310 4327 592 4408 ἐφέλκεται
627 4344 640 4359 ⁸
701 4331 774 4392 ὡς
828 4321 928 4407 γὰρ
983 4330 1107 4394 τοὺς
1163 4328 1361 4406 μάγους
1419 4326 1502 4383 διὰ
1558 4325 1650 4427 106
1718 4325 1961 4427 ἀστέρος,

316 4418 456 4474 οὕτω
501 4420 589 4476 καὶ
644 4419 765 4481 τοὺς
825 4418 999 4483 ἁλιεῖς
1052 4416 1137 4474 διὰ
1178 4420 1282 4473 τῶν
1318 4417 1537 4497 ἰχθύων.
1596 4414 1745 4494 "Op:
1788 4414 1843 4471 δὲ
1874 4424 1967 4474 τοῦ

315 4516 540 4585 Χριστυῦ
596 4509 696 4576 τὴν
755 4507 1062 4581 ἐπιείκειαν,
1120 4512 1235 4571 πῶς
1282 4505 1583 4586 παρακαλεῖ
1624 4506 1716 4561 τὸν
1768 4504 1964 4584 Πέτρον

309 4597 415 4653 ἀπὸ
460 4603 559 4664 τῆς
614 4603 715 4675 γῆς
760 4596 1125 4674 ἐπαναγαγεῖν
1156 4614 1171 4629 ο

314 4693 428 4763 τοὺ,
482 4685 813 4766 παρεκάλεσε
873 4685 981 4742 νόει
1013 4700 1030 4717 ⁸
1090 4684 1226 4741 ἀλλὰ
1276 4707 1363 4741 και
1415 4686 1442 4741 ὁ
1485 4682 1706 4762 Πέτρος,
1752 4689 1867 4747 πῶς
1899 4688 1965 4752 ἦν

312 4775 584 4849 εὗπειθὴς,
641 4775 780 4832 ὥστε
835 4774 1128 4854 ἄνθρωπον,
1192 4775 1251 4830 ὃν
1322 4775 1414 4831 οὒκ
1454 4771 1594 4850 ᾔδει,
1626 4770 1965 4838 ὑποδέξασθαι

315 4886 372 4921 τε
408 4867 479 4931 εἷς
536 4868 597 4922 τὸ
654 4864 846 4922 πλοτον
901 4868 1082 4939 αὒτοῦ,
1129 4864 1217 4920 καὶ
1250 4863 1420 4920 πάντα
1450 4862 1605 4919 αὐτοῦ
1631 4862 1911 4919 ὑπακούειν
1946 4880 1961 4898 ο

312 4955 387 5015 ὡς
446 4953 546 5031 γὰρ
607 4957 760 5009 εἶπεν
818 4956 959 5026 αὖτῷ
1017 4951 1375 5031 ἐπαναγαγεῖν
1423 4952 1496 5014 εἷς
1525 4952 1586 5007 τὸ
1643 4951 1823 5029 βάθος,
1872 4955 1964 5010 οὐκ

312 5040 768 5119 ἀπεδυσπέτησεν,
830 5039 938 5099 οὐδ’
991 5041 1139 5116 εἶπε,
1191 5040 1273 5097 Δι’
1315 5040 1447 5108 ὅλης
1502 5046 1600 5109 τῆς
1651 5041 1833 5105 νυκτὸς
1862 5063 1963 5100 κο-

311 5132 505 5195 πιάσας
565 5133 651 5191 καὶ
708 5129 875 5207 μηδὲν
958 5129 1233 5211 κερδάνας,
1302 5138 1390 5188 νῦν
1445 5131 1525 5186 σοὶ
1581 5131 1960 5207 πεισθήσομαι,

312 5223 402 5277 καὶ
454 5218 715 5301 δευτέροις
770 5222 951 5286 πόνοις
1007 5221 1234 5296 ὶμαυτὸν
1286 5218 1579 5300 ἐπιδώσω,
1622 5217 1779 5277 Οὐδὲν
1835 5220 1962 5276 τού-

316 5333 423 5367 των
457 5312 638 5383 εἶπεεσ,
687 5311 823 5368 ἀλλὰ
867 5309 1089 5387 μᾶλλον,
1128 5300 1245 5367 Ἐπὶ
1274 5317 1349 5385 τῷ
1387 5310 1584 5389 ῥήματί
1613 5332 1706 5367 σου
1738 5307 1963 5389 χαλαίσω

311 5403 372 5457 τὸ
457 5400 661 5461 δίκτυον
695 5418 709 5433 ⁶
765 5401 931 5465 οὕτως
975 5400 1040 5467 ἧν
1095 5401 1193 5468 τὴν
1250 5401 1423 5456 πίστιν
1482 5401 1670 5479 θερμὸς
1720 5400 1808 5455 καὶ
1865 5400 1964 5477 πρὸ

313 5492 409 5558 τῆς
469 5492 697 5555 πίστεως
733 5506 747 5521 ⁸
798 5489 915 5546 ὅθεν
982 5490 1070 5545 καὶ
1126 5490 1406 5552 τοσούτους
1433 5489 1618 5566 ἰχθύας
1650 5486 1962 5562 συλλαμϐά-

314 5602 418 5654 νει,
482 5578 618 5636 ὥστε
663 5581 741 5648 μὴ
799 5578 1081 5653 δυνάμενος
1140 5580 1353 5641 τούτους
1410 5577 1648 5653 ἑλκύσαι,
1710 5578 1797 5633 καὶ
1850 5592 1963 5641 τοῖς

317 5670 582 5748 μετόχοις
615 5671 775 5743 νεύει,
843 5665 1105 5742 τουτέστι,
1160 5681 1277 5733 τοῖς
1336 5681 1616 5731 κοινωνοῖς
1644 5679 1760 5729 τοῖς
1806 5665 1860 5722 ἂν
1890 5672 1967 5739 τῷ

2046 3241 2163 3302 cuti
2196 3254 2329 3305 sunt
2361 3262 2558 3307 eumn
2585 3244 2757 3323 Fugit
2784 3250 3071 3309 Dominus
3099 3251 3367 3329 gloriam,
3391 3274 3521 3335 quas
3551 3274 3687 3318 eum

2047 3331 2121 3392 oh
2156 3332 2268 3394 hoc
2301 3334 2485 3411 magis
2515 3336 2894 3416 sequebatur.
2941 3340 3124 3418 Igitur
3150 3331 3596 3420 urgente—turba
3628 3347 3692 3409 in

2046 3421 2237 3482 navim
2271 3422 2623 3507 ingreditur,
2663 3435 2722 3486 ut
2752 3427 2839 3488 vel
2890 3447 2922 3489 a
2967 3449 3111 3491 nave
3142 3430 3353 3493 doceat
3402 3433 3463 3494 in
3495 3434 3693 3498 littore

2045 3517 2292 3592 stantes,
2319 3513 2591 3575 omnibus
2612 3533 2644 3576 e
2666 3517 2904 3595 regione
2929 3538 3055 3579 com
3065 3521 3498 3599 parentibus,et
3523 3527 3691 3586 nullo

2045 3619 2078 3662 a
2112 3608 2272 3679 tergo
2307 3603 2599 3664 veniente.
2636 3603 2952 3686 Postquam
2983 3617 3179 3669 autem
3232 3610 3461 3672 turbam
3493 3633 3526 3675 a
3555 3616 3690 3678 navi

2043 3690 2577 3763 docuit,d0minum
2597 3693 2758 3754 navis
2790 3714 2905 3756 non
2919 3696 3687 3781 reliquitirremuneratum,

2044 3779 2146 3839 sed
2179 3779 2443 3841 bifariam
2497 3783 2549 3843 ei
2604 3781 2922 3859 benefecit,
2963 3788 3101 3865 quia
3144 3796 3201 3848 et
3246 3779 3688 3858 multitudinem

2047 3868 2298 3948 piscium
2333 3870 2387 3930 ei
2422 3871 2682 3952 donavit,
2708 3880 2767 3934 et
2796 3873 3154 3954 discipulum
3187 3897 3359 3939 suum
3386 3879 3546 3941 fecit.
3573 3881 3691 3943 Ad-

2047 3960 2262 4019 mirare
2312 3969 2508 4021 autem
2555 3961 2788 4022 Domini
2827 3963 3358 4044 dispensationem,
3394 3972 3688 4049 quomodo

2047 4066 2155 4129 per
2184 4050 2421 4129 propria
2473 4059 2533 4112 et
2572 4051 2883 4113 familiaria
2924 4072 3029 4115 sua
3074 4075 3371 4137 quemque
3399 4060 3678 4121 attrahit:

2048 4138 2201 4199 sicut
2233 4156 2434 4230 magos
2484 4140 2896 4230 perqstellam,
2951 4143 3031 4204 ita
3088 4154 3144 4205 et
3202 4146 3526 4224 piscatores
3583 4168 3692 4230 per

2049 4227 2259 4307 pisces.
2284 4229 2465 4288 Porro
2494 4228 2707 4291 Christi
2741 4233 3259 4295 mansuetudinem
3290 4227 3691 4318 vide,quomo-

2049 4316 2428 4406 dvobsecret
2472 4319 2711 4379 Petrum
2747 4327 2808 4379 ut
2849 4340 2883 4381 a
2932 4330 3087 4383 terra
3117 4323 3409 4387 abducat:
3466 4316 3694 4406 rogavit

2047 4404 2231 4495 enim,
2266 4407 2425 4467 idem
2460 4417 2548 4468 est
2579 4407 2733 4488 quod
2766 4408 3135 4474 obsecravit:
3167 4412 3271 4473 sed
3306 4421 3364 4474 et
3392 4404 3689 4495 quomodo

2046 4494 2253 4557 Petrus
2283 4497 2615 4573 morigerus
2637 4497 2924 4573 fu'erit,ita
2942 4508 3006 4560 ut
3034 4500 3337 4562 hominem
3364 4494 3543 4583 quem
3570 4525 3690 4568 non

1231 4597 1292 4652 τὸ
1337 4596 1457 4673 γὰρ,
1508 4594 1811 4673 ἠρώτησεν,
1845 4594 1961 4651 ἀντὶ

2049 4586 2292 4655 viderat,
2317 4586 2374 4646 in
2394 4586 2586 4648 navim
2611 4606 2772 4648 suam
2798 4589 3147 4668 susceperit,
3171 4597 3229 4650 et
3250 4591 3305 4651 ei
3329 4590 3388 4652 in
3415 4594 3692 4657 omnibus

2048 4674 2361 4764 obedierit.
2392 4678 2545 4740 Nam
2578 4684 2640 4736 ut
2667 4675 2814 4737 dixit
2835 4678 2889 4738 ei
2915 4678 3069 4758 quod
3102 4677 3422 4742 abduceret
3452 4682 3513 4744 in
3546 4702 3691 4764 pro-

2047 4763 2444 4839 fundum,non
2463 4764 2892 4847 abuuit,neque
2911 4767 3203 4830 dixit.Per
3237 4777 3412 4830 totam
3453 4763 3687 4835 noctem

2048 4853 2331 4933 laboravi,
2366 4864 2427 4916 et
2459 4853 2604 4914 nihil
2641 4864 2996 4917 consecutus
3028 4874 3199 4939 sum;
3239 4876 3397 4919 nunc
3430 4860 3538 4921 tibi
3582 4881 3689 4943 pa—

2045 4961 2273 5019 rerem,
2308 4954 2364 5005 et
2395 4942 2530 5005 aliis
2562 4943 2897 5021 fatigandus
2919 4944 3221 5008 laboribus
3252 4942 3694 5015 incumberem?

2049 5036 2151 5097 sed
2187 5035 2291 5108 ait,
2327 5039 2389 5099 In
2426 5034 2601 5096 verbo
2638 5044 2735 5097 tuo
2784 5036 2989 5099 laxabo
3039 5048 3191 5103 rete.
3230 5041 3399 5103 Adeo
3430 5042 3696 5108 fervebat

2051 5125 2166 5187 ﬁde
2198 5127 2372 5188 etiam
2405 5134 2541 5187 ante
2572 5126 2748 5187 ﬁdem
2780 5148 2792 5190 :
2830 5128 2987 5189 unde
3012 5136 3068 5189 ct
3091 5137 3280 5191 tantos
3310 5131 3503 5211 pisces
3521 5152 3693 5194 com-

2050 5216 2390 5296 prehendit,
2433 5221 2494 5275 ut
2524 5214 2656 5276 illos
2690 5235 2807 5276 non
2842 5217 3095 5296 potuerit
3125 5218 3384 5294 trahere,
3410 5229 3466 5282 et
3494 5240 3693 5285 annu-

2051 5305 2163 5366 erit
2192 5304 2394 5379 sociis,
2428 5305 2541 5367 hoc
2575 5314 2663 5365 est
2695 5305 3083 5386 participibus
3113 5306 3175 5368 in
3206 5307 3325 5369 alia
3352 5309 3506 5371 navi.
3532 5312 3694 5375 Nutu

2049 5403 2245 5456 autem
2276 5396 2409 5455 illos
2438 5402 2627 5474 vocat,
2655 5395 2790 5474 quia
2813 5405 3051 5476 propter
3080 5404 3383 5474 stuporem
3410 5418 3692 5480 magnum

2049 5484 2210 5564 loqui
2262 5483 2566 5564 nequibat.
2619 5483 2800 5544 Porro
2861 5485 3042 5546 multa
3098 5487 3429 5549 reverentia
3490 5493 3696 5553 Petrus

2047 5582 2212 5652 rogat
2241 5570 2443 5634 Jesum
2474 5584 2538 5636 ut
2571 5575 2697 5636 navi
2731 5573 2997 5649 excedat,
3026 5582 3396 5655 peccatorem
3428 5577 3695 5659 seipsum

2048 5663 2349 5738 dicens,et
2369 5662 2670 5743 indignum
2690 5662 2849 5725 illius
2872 5663 3493 5731 conversationeﬂaec
3515 5669 3694 5733 etiam
