4154 6298
487 402 607 468 759

1452 397 2041 466 THEOPHYLACTI
2090 394 2497 458 B‘ULGAR'l/E
2539 392 2894 457 ARCH‘IE‘P.

3754 395 3879 461 760

489 556 598 619 per
617 540 959 620 anagogiam
978 538 1026 601 si
1044 537 1135 600 vis
1156 535 1661 616 intelligasNavis
1683 540 1771 595 est
1789 529 2125 620 Iudaeorum

2250 528 2374 606 τέρῳ
2416 525 2586 585 πλοίὼ
2620 547 2633 561 ο
2669 526 2753 584 διά
2782 529 3040 603 νεύματος
3089 527 3145 585 δὲ
3202 530 3383 593 αὖτοὺς
3429 530 3826 611 προσκαλεῖται
3860 536 3873 549 ⁸

495 618 825 708 Synagoga,
859 628 923 692 et'
962 630 1171 691 Petrus
1198 628 1349 705 gerit
1398 634 1593 705 typum
1628 621 1935 683 doctorum
1962 618 2138 697 legis.

493 706 931 781 Labdraverunt
959 726 1156 779 autem
1208 734 1314 797 per
1356 721 1533 775 totam
1586 720 1821 773 noctem
1871 709 2145 797 doctores

492 807 590 886 qui
640 815 775 868 ante
824 808 1123 869 Christum
1182 805 1447 866 fuerunt.
1500 801 1760 879 Tempus
1809 796 1966 886 enim
2010 804 2147 856 ante

494 884 624 971 ejus
653 895 966 956 adventum
988 913 1101 957 nox
1121 912 1172 954 ei
1190 900 1337 962 at.et
1360 890 1505 951 nihil
1531 884 2141 968 comprehenderunt:

495 992 805 1065 postquam
839 993 1034 1044 autem
1062 982 1221 1044 venit
1247 978 1800 1058 Christus,diesque
1821 977 2010 1065 factus
2031 981 2140 1065 est,

492 1063 747 1152 apostoli
808 1074 863 1133 in
924 1072 1120 1133 locum
1163 1070 1311 1148 legis
1361 1068 1669 1129 doctorum
1726 1063 2037 1142 surrogati,
2086 1063 2146 1122 in

494 1160 674 1222 verbo
706 1162 858 1239 ejus,
892 1162 1003 1222 hoc
1035 1169 1125 1221 cst
1161 1160 1219 1220 in
1266 1165 1563 1238 praecepto
1610 1156 1761 1232 ejus.
1800 1154 1993 1214 laxant
2024 1160 2149 1212 rete

497 1247 822 1328 Evangelii,
858 1258 916 1311 et
972 1249 1413 1310 multitudinem
1469 1243 1774 1306 hominum
1836 1248 2146 1328 venantur.

496 1338 618 1401 Soli
651 1327 847 1400 autem
879 1338 1124 1418 apostoli
1175 1353 1289 1398 non
1340 1341 1586 1416 possunt
1631 1332 1865 1392 trahere
1898 1339 2023 1390 rete
2057 1327 2151 1408 pi-

500 1428 712 1497 scium.
748 1435 1137 1505 annuuntque
1180 1425 1360 1487 sociis
1399 1424 1544 1493 suis,
1581 1430 1635 1482 et
1686 1418 2149 1490 communicant,

498 1527 557 1579 et
587 1535 719 1586 cum
755 1517 841 1589 eis
874 1518 1134 1577 trahunt.
1180 1514 1249 1576 Hi
1296 1522 1491 1573 autem
1545 1510 1684 1569 305
1715 1519 1851 1569 sunt
1890 1518 2154 1588 pastores

500 1617 555 1666 et
604 1605 879 1667 doctores
932 1603 1328 1665 Ecclesiarum
1382 1603 1438 1661 in
1489 1599 1741 1677 singulis
1787 1596 2153 1676 temporibus

499 1694 597 1773 qui
629 1694 1097 1773 interpretantur
1119 1701 1175 1754 et
1194 1692 1409 1751 docent
1432 1686 2153 1769 apostolica,trahuntque

500 1802 634 1847 cum
668 1783 976 1863 apostolis,
1003 1792 1066 1842 ut
1099 1782 1401 1859 piscentur
1428 1775 2151 1840 homines.Animadvcrte

2221 614 2407 684 ἒπειδὴ
2452 615 2538 673 διά
2579 617 2679 683 τὴν
2707 618 2793 673 ἑπὶ
2854 623 2919 693 τῇ
2968 616 3105 697 ἄγρα
3162 616 3429 693 ἔκυληξιν,
3473 617 3591 676 οῦδὲ
3647 618 3877 687 λαλῆσαι

2224 703 2448 773 ἠδύνατο
2481 724 2497 740 ⁸
2544 705 2650 762 ἀπὸ
2705 704 2911 774 πολλῆς
2970 704 3025 762 δὲ
3066 705 3337 772 εὐλαϐείας
3382 711 3410 765 6
3455 709 3648 787 Πέτρος
3680 731 3876 787 παραιο

2226 795 2400 851 τεῖται
2431 796 2521 850 τὸν
2554 792 2763 862 Ἰησοῦν
2801 802 2893 852 τοῦ
2921 796 2998 872 μή
3032 795 3175 852 εἶναι
3220 795 3274 852 ἰν
3304 803 3379 871 τῷ
3409 798 3600 872 πλοίῳ,
3632 798 3877 877 ἀμαρτω-

2228 885 2319 939 λὸν
2373 884 2556 939 ἑαυτὸν
2602 881 2800 964 λέγων,
2851 885 2937 941 καὶ
2986 884 3083 942 οὒκ
3112 883 3253 950 ἄξιον
3286 893 3378 943 τοῦ
3408 886 3591 960 ἐκείνῳ
3620 901 3876 947 συνεῖναι.

2230 972 2439 1039 Νόησον
2483 970 2537 1027 δὲ
2596 979 2761 1029 ταῦτα
2819 974 2907 1029 καὶ
2961 974 3098 1031 κατὰ
3140 975 3449 1055 ἀναγωγὴν,
3497 976 3539 1031 εἰ
3566 974 3761 1039 θέλεις.
3810 978 3879 1034 T6

2230 1060 2422 1118 πλοῖόν
2465 1064 2608 1117 εστιν
2660 1063 2694 1129 ἡ
2739 1065 2845 1118 τῶν
2913 1060 3179 1121 Ἰουδαίων
3225 1066 3519 1142 Συναγωγή
3553 1080 3567 1093 ⁸
3606 1067 3634 1121 ὁ
3686 1064 3880 1143 Πέτρος

2231 1150 2397 1207 τύπον
2457 1149 2646 1230 ἐπέχει
2688 1157 2793 1207 τῶν
2839 1150 2893 1207 ἐν
2937 1158 3014 1226 τῷ
3041 1166 3191 1227 νόμῳ
3232 1150 3559 1209 διδασκάλων
3594 1169 3609 1185 ⁶
3657 1153 3880 1210 ἐκοπία-

2234 1261 2330 1295 σαν
2388 1238 2478 1294 οὖν
2535 1238 2602 1294 δι’
2660 1238 2790 1306 ὅλης
2849 1245 2947 1307 τῆς
3006 1242 3190 1303 νυκτὸς
3246 1243 3294 1297 οἱ
3353 1243 3454 1320 πρὸ
3512 1251 3605 1300 τοῦ
3661 1250 3881 1320 Χριστοῦ

2235 1326 2542 1385 διδάσκαλοι
2596 1328 2705 1409 (νὺξ
2768 1330 2867 1407 γάρ
2914 1332 2964 1385 νὸ
3025 1336 3126 1409 πρὸ
3165 1334 3261 1399 τῆς
3322 1338 3547 1409 Χριστοῦ
3598 1330 3881 1405 ἐπιδημίας

2235 1418 2455 1494 καιρὸς),
2505 1419 2592 1473 καὶ
2649 1415 2795 1474 οῦδὲν
2838 1416 3052 1477 ἔλαϐον.
3110 1417 3390 1482 Ἐλθόντος
3421 1418 3475 1475 δὲ
3504 1428 3598 1478 τοῦ
3632 1427 3881 1503 Χριστοῦ,

2233 1510 2323 1562 καὶ
2363 1507 2570 1585 ἡμέρας
2618 1508 2933 1585 γινομένης,
2968 1511 3040 1573 εἰς
3069 1508 3159 1565 τὸν
3214 1511 3375 1566 τόπον
3431 1516 3537 1566 τῶν
3596 1508 3884 1584 νομοδιδα-

2234 1594 2445 1656 σκᾶλων
2505 1595 2742 1662 τεθέντες
2789 1600 2833 1654 οἱ
2876 1594 3190 1673 ἀπόστολοι,
3242 1597 3325 1655 ἐπὶ
3354 1604 3432 1672 τῷ
3458 1600 3656 1676 ῥήματι
3700 1601 3881 1667 αὐτοῦ,

2235 1685 2501 1741 τουτέστιν
2587 1684 2672 1742 ἐπὶ
2749 1693 2818 1763 τῇ
2883 1686 3185 1765 προστάξει,
3271 1687 3482 1768 χαλῶσι
3567 1690 3628 1745 τὸ
3676 1687 3885 1745 δίκτυον

2233 1781 2322 1831 τοῦ
2375 1775 2721 1853 Εῦαγγελιου,
2807 1778 2895 1833 καὶ
2980 1775 3181 1843 πλῆθος
3238 1776 3524 1856 ἀνθρώπων
3597 1781 3883 1855 ζωγροῦσι.

498 1872 639 1933 item
675 1861 733 1932 et
777 1870 1114 1937 dictionem,
1140 1871 1360 1932 Lazare
1394 1877 1544 1929 rete.
1580 1865 1960 1945 Evangelium
1990 1865 2150 1924 enim

2236 1863 2398 1919 Μόνοι
2458 1861 2511 1918 δὲ
2570 1865 2616 1920 οἱ
2684 1864 2970 1922 ἀπόστολοι
3054 1866 3113 1922 οὒ
3196 1864 3438 1923 δύνανται
3520 1868 3738 1924 ὶλκύσαι
3823 1870 3887 1924 τὸ

500 1968 590 2021 est
615 1962 1104 2031 rete,orationem
1138 1957 1363 2019 habens
1388 1955 1674 2017 humilem
1700 1963 1758 2015 et
1788 1952 2145 2033 pedestrem,

502 2056 562 2110 et
590 2047 661 2131 ad
693 2048 1027 2110 auditorum
1076 2046 1479 2107 inﬁrmitatem
1515 2062 1579 2106 se
1608 2051 2095 2124 attemperanteni
2132 2061 2147 2102 :

501 2146 562 2200 et
589 2136 812 2198 idcirco
845 2137 1063 2199 dicitur
1097 2135 1303 2199 laxari.
1329 2134 1389 2197 Si
1423 2134 1516 2196 cui
1544 2140 1744 2196 autem
1777 2140 1835 2194 et
1866 2150 2150 2192 sen~uum

504 2224 872 2309 profunditas
934 2223 1256 2303 signiﬁcari
1316 2224 1586 2285 videatur
1641 2240 1746 2302 per
1795 2222 2152 2282 laxationem

501 2313 672 2388 retis,
708 2333 899 2397 neque
927 2314 1119 2394 ipsum
1154 2333 1185 2373 a
1219 2331 1355 2375 vero
1386 2312 1633 2374 abludit.
1666 2310 1954 2390 Impletur
1993 2309 2152 2369 enim

504 2410 565 2466 et
592 2404 704 2464 hoc
734 2403 1036 2485 prophetae
1069 2402 1166 2481 qui
1197 2400 1343 2463 dicit
1369 2420 1419 2463 :«
1454 2399 1608 2461 Ecce
1641 2418 1747 2477 ego
1780 2397 1942 2459 mitto
1969 2399 2157 2478 pisca-

507 2500 668 2554 tores
687 2491 1463 2565 multos,dicitDominus,et
1478 2498 1676 2570 postea
1696 2489 1921 2549 mittam
1937 2486 2153 2547 multos

503 2590 842 2655 venatores,
901 2588 959 2641 et
1007 2579 1389 2641 venabuntur
1446 2580 1578 2640 illos
1599 2580 1696 2640 ετξ
1753 2602 1776 2634 ι
1827 2576 2153 2657 pi~catures

507 2668 752 2749 quidem
784 2678 1019 2729 sanctos
1039 2669 1341 2747 apostolos
1359 2688 1596 2733 vocans,
1636 2676 1941 2727 urnatores
1956 2674 2151 2726 autem

508 2776 611 2819 eos
643 2757 743 2837 qui
777 2756 1147 2838 temporibus
1167 2757 1561 2834 sequentibus
1585 2756 1766 2819 habiti
1790 2764 1923 2815 sunt
1946 2754 2152 2815 docto-

506 2863 604 2908 res
628 2844 1030 2908 Ecclesiarum
1064 2854 1123 2907 et
1155 2847 1434 2927 praefecti.

507 2934 775 3018 χαλᾶσθαι
837 2939 897 2991 τὸ
928 2934 1156 3009 δὲκτυον,
1219 2935 1333 2992 οὐδὲ
1385 2940 1540 2993 τοῦτο
1590 2936 1807 2998 ἀπεικός
1844 2952 1856 2963 '

2233 1949 2437 2009 δίκτυον
2492 1959 2598 2009 τῶν
2654 1954 2872 2034 ἰχθύων,
2938 1956 3027 2012 καὶ
3084 1956 3288 2012 νεύουσι
3318 1957 3567 2020 καὶτοῖς
3625 1961 3887 2038 μετόχοις

2234 2040 2405 2098 αὐτῶν
2461 2042 2547 2097 καὶ
2601 2056 2908 2114 κοινωνοῖς,
2954 2045 3042 2100 καὶ
3085 2045 3409 2123 συναῐρονται
3461 2050 3665 2110 αὐτοῖς.
3730 2049 3887 2105 Οὗτοι

2235 2126 2290 2185 δέ
2339 2130 2467 2186 εἰσιν
2522 2132 2568 2187 οἱ
2621 2131 2739 2188 καθ’
2799 2133 3050 2197 ἑκάστους
3109 2135 3320 2213 καιροὺς
3379 2137 3625 2211 ποιμένες
3670 2137 3757 2191 καὶ
3797 2134 3886 2191 διο

2237 2215 2487 2275 δάσκαλοι
2531 2226 2636 2276 τῶν
2681 2218 3040 2295 Ἐκκλησιῶν,
3085 2225 3139 2281 οἳ
3184 2225 3251 2279 τά
3323 2223 3650 2281 ἀποστολικά
3708 2227 3885 2303 ἑρμη-

2236 2309 2470 2371 νεύοντες
2525 2310 2613 2365 καὶ
2654 2306 3006 2385 διδάσκοντες,
3072 2312 3398 2391 συναίρονται
3470 2328 3585 2378 τοῖς
3630 2314 3880 2371 ἀποστό-

2234 2394 2345 2461 λοις
2405 2398 2535 2477 πρὸς
2563 2399 2622 2454 τὸ
2653 2405 2925 2480 ζωγρῆσαι
2977 2402 3281 2481 ἀνθρώπους
3320 2417 3333 2431 ⁸
3370 2404 3560 2460 σκόπει
3591 2402 3644 2459 δὲ
3674 2407 3761 2460 καὶ
3787 2405 3887 2471 τὴν

2234 2485 2373 2553 λέξιν
2415 2493 2529 2559 τοῦ,
2562 2486 2773 2545 Χαλῶσι
2804 2492 2865 2546 τὸ
2920 2487 3145 2551 δικτυον.
3189 2492 3261 2548 T6
3307 2494 3403 2548 μὲν
3563 2492 3887 2571 Εὗαγγελιόν

2239 2577 2349 2633 ἐστι
2404 2578 2466 2633 τὸ
2507 2575 2751 2634 δίκτυον·
2812 2577 2950 2643 λέξιν
2994 2578 3049 2635 δὲ
3101 2579 3233 2662 ἕχον
3291 2582 3547 2648 ταπεινὴν
3577 2584 3662 2638 καὶ
3690 2583 3883 2656 πεζὴν,

2239 2668 2327 2722 καὶ
2380 2665 2842 2743 συγκαταϐατικῆν
2895 2670 3025 2747 πρὸς
3082 2672 3183 2735 την
3238 2667 3496 2725 tamam
3557 2672 3659 2725 τῶν
3716 2669 3887 2725 ἀκου-

2240 2756 2431 2826 όντων,
2490 2752 2575 2810 διά
2629 2766 2783 2816 τοῦτο
2826 2755 3037 2836 λέγεται
3083 2756 3437 2837 χαλασθῆναι,
3488 2759 3545 2814 Εἰ
3590 2756 3644 2814 δέ
3672 2780 3752 2823 τις
3795 2761 3889 2814 καὶ

2240 2844 2301 2900 τό
2356 2844 2513 2920 βάθος
2590 2851 2695 2899 τῶν
2771 2846 3055 2922 νοημάτων
3126 2845 3399 2912 δηλοῦσθαι
3458 2848 3586 2925 φαίη
3646 2845 3729 2902 διά
3789 2860 3887 2908 τοῦ

1919 2934 2267 3013 πεπλήρωται
2318 2940 2442 3013 γοῦν
2499 2935 2587 2989 καὶ
2641 2936 2701 2991 τὸ
2737 2946 2830 2995 τοῦ
2880 2937 3168 3015 προφήτου,
3202 2935 3429 2997 εἶκόντος
3465 2955 3478 2968 ·
3520 2959 3547 2989 α
3594 2932 3722 2993 Ἰδοὺ
3766 2935 3885 3013 ἐγὼ

514 3023 798 3081 ἀποστελῶ
831 3024 1002 3090 ἀλιεϊς
1048 3023 1300 3099 πολλοὺς,
1333 3025 1476 3105 λέγει
1512 3027 1695 3105 Κύριος
1716 3043 1727 3054 ·
1763 3027 1849 3080 καὶ
1896 3027 2031 3099 μετά
2062 3046 2222 3080 ταυτα
2251 3021 2531 3080 ἀποστελῶ
2561 3023 2789 3087 πολλοὺς
2820 3026 3100 3106 θηρευτὰς,
3126 3026 3213 3081 καὶ
3236 3025 3572 3098 θηρεύσουσιν
3600 3026 3802 3090 αὺτούς
3844 3049 3873 3078 ιι

505 3115 627 3180 τοὺς
673 3116 770 3190 μὲν
818 3115 1014 3190 ἀλιεϊς,
1047 3116 1166 3177 τοὺς
1213 3117 1391 3193 ἁγίους
1436 3115 1764 3179 ἀποστόλους
1796 3114 1968 3193 λέγων
2006 3131 2017 3143 ·

506 3206 592 3262 καὶ
619 3202 957 3269 διδασκάλους
970 3254 983 3267 .

588 3286 775 3355 Vsns.
817 3294 1008 3357 12-16.
1044 3318 1066 3350 α
1105 3293 1176 3355 Et
1203 3293 1420 3355 factum
1450 3302 1560 3369 est,
1586 3313 1717 3354 cum
1753 3301 1911 3355 οθερι
1933 3291 1991 3353 in
2018 3302 2214 3370 qua-C

507 3379 648 3442 dam
697 3380 955 3457 civitate,
1019 3390 1078 3444 et
1113 3401 1253 3443 ecce
1284 3385 1372 3443 vir
1412 3384 1621 3462 plenus
1664 3384 1851 3462 lepra,
1898 3399 2154 3461 cumque

511 3469 757 3532 vidisset
783 3470 1013 3547 Jesum,
1051 3481 1376 3552 prostratus
1407 3472 1466 3533 in
1500 3472 1712 3533 faciem
1745 3472 1969 3548 rogavit
1995 3491 2156 3548 eum,

508 3557 760 3620 dicens:
799 3558 1073 3633 Domine,
1110 3558 1159 3620 si
1207 3561 1315 3633 vis,
1363 3570 1531 3641 poles
1584 3580 1677 3622 me
1726 3562 2035 3621 mundare.
2096 3559 2161 3622 Et

508 3654 790 3729 protensa
821 3666 996 3708 manu
1031 3648 1219 3726 tetigit
1241 3668 1401 3729 eum,
1434 3650 1676 3711 dicens:
1719 3649 2157 3729 \‘olo,muiulus

509 3744 668 3798 esto.
696 3733 769 3795 Et
796 3735 1104 3796 confestim
1140 3736 1304 3817 lepra
1352 3736 1624 3798 discessit
1657 3736 1731 3797 ab
1771 3737 1892 3797 illo.
1927 3738 1997 3798 Et
2030 3736 2158 3815 ipse

510 3824 792 3904 praecepit
825 3824 909 3884 illi
934 3843 1007 3886 ne
1029 3825 1303 3906 cuiquam
1334 3826 1598 3889 diceret:
1633 3827 1734 3887 sed
1769 3825 2152 3906 vade,inquit,

510 3916 758 3978 ostende
819 3917 1073 3997 teipsum
1131 3918 1446 3992 sacerdoti,
1500 3928 1553 3981 et
1607 3920 1754 3981 οσον
1807 3937 2019 3978 munus
2051 3937 2155 3998 pro

511 4005 938 4068 emundahone
970 4008 1073 4082 tui,
1104 4008 1607 4087 quemadmodum
1658 4007 1936 4089 praecepit
1966 4010 2156 4068 Moses

509 4092 570 4154 in
608 4095 1009 4156 testimonium
1058 4097 1200 4158 illis.
1256 4097 1690 4177 Pervagabatur
1733 4109 1927 4158 autem
1974 4096 2157 4175 magis

507 4201 715 4245 rumor
744 4185 819 4247 de
869 4184 994 4260 iho,
1032 4195 1090 4247 et
1128 4186 1563 4249 conveniebant
1615 4186 1807 4249 turbae
1853 4186 2051 4247 multa).
2096 4199 2156 4245 ut

505 4272 804 4346 audirent,
832 4282 891 4334 et
921 4285 1274 4337 sanarentur
1298 4276 1371 4337 ab
1398 4275 1842 4337 inﬁrmitatibus
1872 4275 2158 4352 suislpse

502 4369 701 4424 autem
733 4361 945 4438 agebat
978 4363 1037 4423 in
1068 4383 1308 4426 secessu
1356 4364 1416 4425 in
1470 4365 1724 4426 desertis
1773 4373 1831 4424 et
1858 4365 2087 4426 orabat.
2126 4394 2148 4423 υ

509 4449 923 4513 Admiratione
945 4452 1160 4531 dignus
1177 4463 1265 4514 est
1297 4454 1567 4533 leprosus
1598 4454 1720 4525 ille.
1754 4453 1892 4535 quia
1920 4455 2155 4532 dignam

504 4541 627 4603 Deo
658 4539 732 4602 de
766 4539 999 4602 Christo
1028 4544 1371 4622 opinionem
1398 4542 1602 4604 habuit
1632 4552 1692 4604 et
1721 4542 1867 4603 dixit
1904 4565 1917 4606 :
1952 4544 2010 4605 Si
2046 4544 2153 4621 vis,

505 4635 674 4708 potes
706 4648 800 4691 me
832 4630 1144 4695 mundare.
1179 4628 1305 4693 Hoc
1349 4631 1508 4693 enim
1540 4630 1759 4692 indicat
1792 4631 1983 4711 ipsum
2012 4654 2155 4693 seu-

2080 3113 2333 3194 θηρευτάς
2364 3111 2440 3195 δὲ,
2488 3115 2609 3179 τοὺς
2638 3116 2777 3171 κατὰ
2805 3118 3015 3194 καιροὺς
3059 3122 3167 3171 τῶν
3199 3111 3527 3180 Ἐκκλησιὼν
3556 3113 3883 3193 ἡγουμένους

2326 3314 2347 3347 ι
2389 3295 2485 3350 Καὶ
2544 3295 2752 3373 ἐγένετο
2808 3294 2861 3351 ἐν
2920 3302 2996 3370 τῷ
3039 3296 3183 3351 εἶναι
3229 3294 3387 3350 αὐτὸν
3419 3292 3473 3351 ἐν
3519 3301 3613 3368 μιᾷ
3641 3301 3745 3349 τῶν
3777 3295 3887 3351 πό-

2237 3380 2397 3458 λεων,
2448 3386 2536 3441 καὶ
2574 3384 2681 3444 ἰδοῦ
2725 3386 2859 3465 ἀνὴρ
2926 3384 3139 3464 πλήρης
3210 3383 3430 3462 λέπρας,
3495 3385 3583 3440 καὶ
3624 3382 3743 3440 ἰδὼν
3798 3388 3891 3442 τὸν

2238 3471 2468 3554 Ἰησοῦν,
2530 3476 2707 3531 πεσὼν
2775 3475 2861 3531 ἐπὶ
2918 3476 3227 3553 πρόσωπον,
3304 3471 3494 3544 ἐδεήθη
3550 3475 3728 3552 αὐτοῦ,
3789 3472 3887 3529 λέ-

2242 3583 2352 3637 γων
2384 3578 2400 3594 ⁶
2438 3563 2617 3643 Κύριε,
2678 3564 2768 3623 ἐὰν
2827 3564 3006 3639 θέλης,
3068 3563 3281 3619 δύνασαί
3336 3584 3403 3638 με
3435 3567 3731 3641 καθαρίσαι.
3782 3560 3891 3624 Καὶ

2242 3651 2475 3715 ἐκτείνας
2530 3653 2629 3719 τῆν
2686 3666 2871 3732 χεῖρα,
2950 3652 3129 3729 ἥψατο
3206 3656 3385 3723 αὐτοῦ,
3464 3653 3648 3730 εἰπὼν,
3713 3650 3887 3732 Θέλω,

2242 3741 2581 3815 καθαρίσθητι
2620 3757 2635 3772 ⁸
2710 3744 2799 3798 καὶ
2884 3743 3071 3805 εὐθέως
3137 3744 3171 3810 ἡ
3247 3740 3415 3820 λέπρα
3488 3740 3722 3808 ἀπῆλθεν
3794 3738 3891 3795 ἀπ’

2242 3829 2420 3888 αὗτοῦ.
2473 3832 2567 3887 Καὶ
2612 3833 2767 3893 αὐτὸς
2812 3830 3167 3910 παρήγγειλεν
3216 3833 3357 3904 αῦτῴ
3421 3829 3605 3906 μηδενὶ
3663 3832 3833 3886 εἰπεῖν
3870 3845 3890 3865 ⁸

2239 3915 2377 3974 ἀλλά
2435 3918 2702 3999 ἀπελθὼν,
2749 3919 2918 3987 δεῖξον
2982 3922 3203 3977 σεαυτὸν
3254 3928 3331 3995 τῷ
3387 3923 3542 3998 ἱερεῖ,
3587 3922 3674 3977 καὶ
3719 3941 3894 3997 προσ-

2240 4006 2421 4085 ένεγκε
2477 4011 2594 4089 περὶ
2668 4021 2761 4070 τοῦ
2833 4014 3158 4089 καθαρισμου
3213 4032 3306 4067 σου
3372 4011 3543 4075 καθὼς
3602 4007 3891 4088 προσέταξε

2243 4098 2461 4174 Μωσῆς,
2509 4101 2580 4163 εἰς
2626 4102 2906 4179 μαρτύριον
2965 4101 3171 4163 αῦτοῒς,
3222 4101 3489 4179 Διήρχετο
3528 4097 3815 4171 δὲμᾶλλον
3861 4102 3891 4155 6

2237 4184 2397 4265 λόγος
2457 4190 2572 4268 περὶ
2622 4191 2800 4248 αὐτοῦ.
2874 4192 2970 4249 Καὶ
3041 4193 3372 4271 συνήρχοντο
3458 4187 3614 4269 ὄχλοι
3669 4187 3886 4263 πολλοὶ,

2239 4278 2447 4333 ἀκούειν
2504 4280 2589 4335 καὶ
2630 4280 3000 4357 θεραπεύεσθαι
3058 4282 3148 4338 ὑπ’
3192 4282 3349 4339 αὐτοῦ
3405 4280 3511 4336 ἀπὸ
3566 4280 3673 4335 τῶν
3722 4279 3887 4335 ἀσθε-

2237 4373 2391 4421 νειῶν
2444 4372 2635 4431 αὐτῶν,
2672 4371 2837 4435 Αὐτὸς
2869 4367 2922 4425 δὲ
2955 4372 3022 4436 ῆν
3050 4373 3347 4452 ὑποχωρῶν
3379 4371 3431 4426 ἐν
3472 4383 3595 4433 ταῖς
3639 4369 3885 4446 ἐρήμοις,

2240 4457 2326 4513 καὶ
2371 4458 2825 4539 προσευχόμενος.
2889 4482 2916 4515 ε
2983 4457 3422 4534 Ἀξιοθαύμαστος
3456 4463 3484 4517 6
3528 4459 3745 4536 λεπρὸς,
3803 4457 3889 4514 ὅτι

2237 4550 2506 4624 θεοπρεπῆ
2537 4547 2737 4605 ἔννοιαν
2786 4552 2903 4627 περὶ
2959 4553 3052 4606 τοῦ
3111 4552 3294 4629 Κυρίου
3326 4550 3496 4630 ἔχων,
3528 4550 3711 4629 φησὶν,
3758 4547 3891 4604 Ἐἀν

2238 4634 2423 4710 θέλης,
2481 4635 2693 4693 δύνασαί
2752 4661 2817 4714 με
2872 4639 3176 4719 καθαρίσαι.
3259 4650 3420 4697 Τοῦτο
3478 4640 3577 4717 γὰρ
3632 4635 3889 4692 δείκνυσιν

502 4701 746 4778 tientem
786 4719 861 4779 de
905 4719 1147 4782 Christo
1178 4729 1237 4781 ut
1270 4720 1344 4781 de
1396 4721 1541 4783 Deo.
1594 4718 1719 4781 Non
1775 4701 1932 4781 enim
1987 4730 2048 4782 ut
2082 4722 2151 4783 ad

2356 4701 2365 4703 ε
2406 4701 2421 4710 .
2752 4701 2762 4714 .
3012 4701 3021 4719 .
3493 4701 3503 4716 .
3550 4701 3560 4717 .

2239 4727 2395 4781 αὑτὸν
2452 4725 2728 4783 ἐννοοῦντα
2782 4729 2900 4804 περὶ
2932 4736 3025 4785 τοῦ
3056 4732 3305 4799 Χριστοῦ,
3340 4730 3411 4791 ὡς
3445 4728 3561 4803 περὶ
3593 4732 3723 4781 Θεοῦ
3760 4742 3774 4754 ’
3824 4727 3891 4781 οῦ

501 4804 803 4867 medicum
836 4817 1194 4878 accesserat,
1229 4827 1423 4890 neque
1457 4808 1617 4869 enim
1651 4809 1813 4887 lepra
1845 4829 1877 4870 a
1909 4811 2151 4872 medicis

2238 4815 2338 4894 γάρ
2394 4816 2467 4879 ὡς
2534 4816 2697 4894 ἱατρῷ
2755 4819 3097 4897 προσήρχετο
3175 4817 3230 4897 (ἡ
3297 4818 3395 4895 γὰρ
3471 4815 3636 4893 λέπρα
3692 4815 3889 4891 ἰατρῶν

500 4893 696 4956 curari
737 4904 951 4984 potest,
985 4897 1089 4957 sed
1123 4906 1185 4958 ut
1224 4899 1295 4959 ad
1352 4897 1565 4961 Deum.
1624 4899 1796 4977 cujus
1849 4898 2034 4960 solius
2066 4908 2151 4961 est

2238 4893 2420 4984 χερσὶν
2466 4893 3075 4984 ἀνεπιχείρητος),’ἀλλ’
3121 4893 3193 4970 ὡς
3249 4893 3410 4980 Θεῷ-⁸
3446 4904 3629 4960 τούτου
3660 4904 3758 4980 γάρ
3788 4902 3888 4977 μό-

498 5000 710 5044 sanare
741 4982 799 5044 id
832 5003 1021 5063 genus
1044 4985 1413 5049 morborum.
1449 4986 1718 5049 AtJesus
1750 4988 1930 5065 tangit
1960 4988 2149 5067 illum,

497 5089 609 5134 nec
627 5071 757 5134 sine
790 5074 1102 5153 causa,sed
1131 5076 1412 5155 quoniam
1449 5076 1791 5137 immundus
1824 5076 2150 5139 habebatur

489 5160 659 5241 juxta
688 5160 905 5239 legem,
939 5164 1039 5243 qui
1073 5162 1372 5242 leprosum
1400 5163 1699 5247 tangebat,
1729 5165 1930 5226 volens
1959 5177 2148 5228 osten-

495 5248 639 5311 dere
669 5250 824 5331 quod
861 5270 977 5313 non
1026 5262 1305 5314 teneatnr
1348 5254 1419 5313 ad
1465 5254 1754 5314 servanda
1787 5263 1900 5314 tam
1935 5259 2146 5334 exigua

494 5336 642 5418 legis
675 5339 924 5414 dicta,et
951 5343 1107 5422 quod
1140 5342 1270 5422 ipse
1301 5342 1378 5402 sit
1410 5342 1699 5405 Dou'inus
1727 5342 1960 5422 legis,et
1986 5346 2142 5424 quod

493 5428 753 5489 mundus
810 5448 927 5491 non
987 5430 1406 5511 coinquinetur
1465 5451 1533 5492 ex
1596 5450 1664 5492 eo
1710 5430 1865 5511 quod
1912 5432 2142 5495 videtur

492 5513 891 5599 immundnm,
925 5519 1033 5581 sed
1081 5520 1417 5583 animorum
1469 5520 1632 5601 lepra
1681 5521 1758 5581 sit
1807 5540 1939 5601 quae
1970 5524 2138 5584 coin-

569 5681 630 5736 η
652 5684 876 5747 larem.
913 5704 1035 5769 xvr,
1074 5687 1173 5751 163

2236 5015 2328 5049 νου
2369 4994 2430 5049 τὸ
2487 4992 2553 5048 τά
2596 5003 2814 5052 τοιαῦτα
2845 4995 3040 5051 ἰᾶσθαι.
3081 4984 3138 5052 Ὀ
3181 4992 3234 5050 δὲ
3270 4995 3453 5069 Κύριος
3500 4992 3721 5048 ἅπτεται
3783 4991 3883 5045 αῦ-

2234 5089 2349 5161 τοῦ,
2411 5082 2505 5138 οῦκ
2568 5080 2804 5161 ἀλόγως,
2856 5081 2979 5138 ἀλλ’
3037 5082 3220 5151 ἐπειδὴ
3278 5083 3417 5139 κατά
3472 5083 3562 5137 τὸν
3606 5082 3790 5155 νόμον.
3858 5082 3888 5136 ὁ

2234 5170 2529 5247 ἀπτόμενος
2612 5170 2807 5250 λεπροῦ
2888 5170 3057 5229 ἐδόκει
3109 5169 3429 5251 ’ἀκάθαρτος
3485 5172 3651 5243 εἶναι,
3713 5167 3887 5225 θέλων

2230 5258 2422 5333 δεῖξαι,
2481 5258 2560 5317 ὅτι
2605 5261 2699 5324 τάς
2756 5260 3006 5325 τοιαύτας
3063 5261 3403 5341 μικρολογίας
3433 5267 3529 5318 τοῦ
3572 5261 3735 5335 νόμου
3787 5257 3887 5315 οῦκ

2229 5349 2467 5427 ἀνάγκην
2526 5349 2641 5429 ἕχει
2686 5348 2988 5430 ιρυλάττειν,
3040 5349 3160 5407 ἀλλ’
3214 5353 3369 5415 αὒτός
3404 5350 3546 5406 ἐστιν
3578 5352 3606 5405 6
3643 5355 3731 5405 τοῦ
3784 5348 3881 5403 νό-

2227 5461 2329 5511 μου
2392 5439 2598 5517 Κύριος,
2644 5440 2731 5494 καὶ
2784 5437 2863 5494 ὅτι
2908 5438 3055 5495 οὐδὲν
3104 5441 3132 5497 ό
3188 5442 3415 5520 καθαρὸς
3489 5438 3775 5516 μολύνεται
3821 5436 3887 5494 ἐκ

2226 5534 2315 5585 τοῦ
2356 5525 2631 5591 δοκοῦντος
2664 5527 2986 5606 ἀκαθάρτου,
3025 5528 3145 5585 ἀλλ’
3195 5530 3230 5598 ἡ
3274 5537 3381 5587 τῶν
3436 5534 3630 5609 ψυχῶν
3680 5526 3882 5607 λέπρα,
