4154 6298
342 368 451 432 ’ἴθι

342 504 522 570 ἐκείνη
572 502 712 559 ἐστὶν
766 504 801 571 ἡ
861 500 1161 577 μολύνουσα
1194 515 1209 532 ⁸

344 592 459 668 ἅμα
511 589 592 671 δὲ,
644 612 736 668 και
762 591 857 648 ἵνα
888 589 1032 667 δείξῃ
1090 587 1171 647 ὅτι
1214 591 1248 658 ἡ
1298 590 1423 667 ἁγία
1470 588 1630 647 αἶ)τοῦ
1686 588 1812 670 σὰρξ
1869 591 2010 647 θείαν

348 682 469 763 ἔχει
510 680 757 757 δύναμιν,
826 681 917 739 καί
972 684 1266 759 καθαρτικη
1342 680 1472 739 οὖσα
1521 681 1612 737 καὶ
1676 686 2008 758 ζωογνοῦσα,

351 773 424 837 ὣς
474 777 567 829 τοῦ
625 768 755 827 Θεοῦ
798 769 971 848 Λόγου
1031 771 1160 825 οὖσα
1208 766 1355 847 σὰρξ.
1414 766 1781 849 Παραγγέλλει
1828 767 1882 825 δὲ
1932 770 2010 844 τῷ

352 860 536 940 λιπρῷ
589 860 685 915 ἵνα
727 857 914 935 μηδενὶ
943 859 1100 935 εἴπῃ,
1134 856 1393 915 διδάσκων
1421 860 1567 934 ἡμᾶς
1599 858 1678 930 μὴ
1707 864 1895 930 ζητεῖν
1923 858 2010 915 εὖ·

355 950 562 1031 φημίας
590 949 733 1028 παρά
789 955 898 1006 τῶν
954 947 1433 1029 εὐεργετουμένων.
1468 945 1743 1005 Ἀπελθὼν
1770 946 1824 1005 δὲ
1857 949 2010 1029 φησὶ,

350 1038 525 1106 δεῖξον
569 1040 789 1097 σεαυτὸν
818 1039 896 1113 τῷ
936 1041 1093 1118 ἱερεῖ,
1140 1038 1229 1095 καὶ
1289 1036 1611 1117 προσένεγκε
1654 1038 1715 1094 τὸ
1744 1035 1910 1117 δῶρον
1939 1039 2012 1103 εἷς

1097 367 1541 431 ENARRATIO
1583 367 1665 429 IN
1710 359 2215 427 EVANGELIUM
2278 366 2519 427 LUC/143.
2566 398 2642 410 —-
2684 368 2843 431 CAP.
2897 370 2971 430 V.

1299 500 1484 557 τούτου
1546 497 1723 555 ἕνεκεν
1763 496 1996 557 ἀπτεται¹

2094 496 2323 578 quinat,
2355 509 2415 562 et
2444 501 2578 564 ideo
2610 502 2800 585 tangit
2842 525 2857 568 :
2907 506 3146 570 interim
3207 515 3266 569 et
3314 507 3428 572 hoc
3471 508 3742 572 indicans

3627 367 3745 434 762

2093 589 2248 667 quod
2282 598 2483 652 sancta
2515 591 2645 671 ejus
2670 612 2808 656 caro
2826 594 3085 660 divinam
3113 597 3331 663 habeat
3358 599 3659 675 virtutem,
3684 607 3744 662 et

2095 678 2365 770 puriﬁcet
2404 699 2471 742 ac
2524 682 2797 765 viviﬁcet,
2834 694 3037 767 utpote
3071 708 3203 770 quae
3250 690 3329 752 sit
3374 707 3512 752 caro
3558 689 3739 752 Verbi

2094 766 2225 856 Dei.
2262 770 2553 851 Praecepit
2602 780 2795 836 autem
2831 766 3064 856 leproso
3089 766 3185 840 'ne
3229 780 3324 840 cui
3353 779 3600 854 diceret,
3632 798 3741 841 nos

2096 855 2322 918 docens
2366 866 2428 919 ut
2459 859 2530 920 ab
2562 859 2679 942 bis,
2712 855 2926 943 quibus
2968 865 3467 950 benefecerimus,
3501 869 3737 931 laudem

2098 962 2215 1037 non
2278 965 2635 1027 quaeramus.
2688 951 2806 1013 Abi
2855 962 3073 1029 autem,
3127 956 3339 1037 inquit,
3391 967 3449 1019 et
3490 958 3739 1020 ostende

2099 1032 2351 1113 teipsum
2386 1037 2701 1113 sacerdoti,
2739 1049 2795 1101 et
2825 1043 2975 1103 otTer
3002 1032 3225 1107 munus
3244 1046 3304 1107 in
3333 1047 3738 1109 testimonium

348 1128 632 1209 μαρτύριον
664 1129 849 1190 αὐτοῖς
883 1143 900 1160 ⁸
935 1128 1097 1203 νόμος
1143 1127 1257 1216 γὰρ
1291 1126 1382 1201 ἧν,
1414 1127 1507 1182 τὸν
1537 1124 1678 1216 ίερὲα
1706 1123 1996 1216 δοκιμάζειι

2096 1121 2238 1216 illis.
2270 1124 2389 1216 Lex
2423 1126 2668 1189 cavebat
2696 1146 2729 1189 a
2751 1130 3061 1196 sacerdote
3086 1132 3426 1213 probandos
3446 1135 3737 1216 leprosos,

340 1218 469 1283 τοὺς
540 1216 930 1305 λεπρωθέντας,
1018 1217 1106 1273 καὶ
1176 1215 1369 1295 κρίνειν
1424 1216 1469 1305 εἰ
1539 1215 1996 1305 ἐκαθαρίσθησαν·

2092 1214 2190 1305 qui
2216 1212 2516 1305 judicaret
2560 1235 2633 1278 an
2676 1218 2969 1297 puriﬁcati
3003 1212 3225 1285 esSent.
3276 1224 3351 1287 Et
3395 1225 3442 1285 si
3492 1212 3731 1305 quidem

342 1307 437 1363 καὶ
482 1305 572 1363 ἐὰν
629 1306 730 1380 μὲν
812 1303 881 1361 δι’
940 1305 1074 1393 ἑπτά
1147 1306 1363 1383 ἡμερῶν
1421 1304 1765 1393 ἐκαθαρίσθη,
1822 1303 1996 1379 ἔμειει

2091 1300 2247 1393 intra
2273 1302 2399 1365 dies
2416 1312 2642 1384 septem
2668 1306 3094 1387 puriﬁcabatur
3120 1300 3557 1393 quis,manebat
3579 1313 3732 1375 intra

340 1394 453 1452 ἴσω
507 1395 610 1463 τῆς
667 1394 876 1457 πόλεως
935 1397 964 1451 6
1027 1392 1222 1484 λεπρός
1255 1409 1269 1424 ⁸
1332 1395 1395 1484 είΔ
1434 1392 1488 1450 δὲ
1522 1392 1996 1484 μὴ,-ἐξεόάλλετο.

2090 1388 2855 1484 civitatemz‘sinminus,
2908 1388 3280 1479 ejiciebatur.
3332 1402 3404 1464 Et
3450 1404 3562 1465 hoc
3618 1410 3730 1484 est,

342 1491 514 1542 Τοῦτο
554 1485 725 1541 τοίνυν
766 1486 924 1565 φησὶν
965 1485 993 1540 6
1025 1483 1236 1562 Κύριος,
1298 1506 1320 1538 α
1362 1475 1604 1561 "Furys,
1639 1482 1811 1549 δεῖξον
1842 1505 1996 1540 σεαυ-

2089 1479 2249 1557 quod
2283 1478 2427 1541 dicit
2454 1480 2786 1549 Dominus:
2851 1512 2872 1542 ι
2916 1475 3099 1563 Vade,
3144 1488 3391 1553 ostende
3432 1500 3489 1553 te
3529 1475 3732 1554 sacer;

342 1575 441 1629 τὸν
492 1578 570 1646 τῷ
610 1576 763 1652 ἱερεῖ,
824 1575 914 1630 καὶ
970 1570 1292 1651 προσένεγκε
1350 1574 1412 1630 τὸ
1462 1569 1652 1652 δῶρον.
1691 1596 1715 1631 ι
1753 1574 1814 1630 Τί
1842 1571 1898 1628 δὲ
1939 1573 1996 1641 ἧι

2091 1568 2233 1641 doti,
2270 1576 2328 1629 et
2357 1571 2504 1631 oﬂ'er
2533 1591 2766 1636 munus.
2804 1598 2833 1632 ο
2870 1575 3036 1648 Quod
3078 1587 3273 1641 autem
3308 1587 3432 1642 erat
3474 1580 3731 1642 munus?

343 1664 411 1718 τὸ
452 1660 665 1742 δῶρονς
719 1663 819 1719 Δύο
850 1662 1047 1739 ὀρνίθια
1082 1682 1094 1695 ⁸
1143 1662 1194 1719 τί
1234 1660 1289 1718 δέ
1338 1662 1457 1719 ἐστι
1499 1663 1585 1736 τὸ,
1619 1663 1693 1726 εἷς
1723 1663 1996 1742 μαρτύριοι

2090 1659 2233 1719 Duae
2262 1677 2420 1722 aves.
2456 1659 2570 1722 Sed
2601 1663 2741 1742 quid
2764 1666 2903 1725 506
2934 1674 3043 1742 est,
3066 1667 3126 1729 in
3153 1669 3555 1732 testimonium
3581 1670 3730 1731 illis?

348 1755 533 1815 αὐτοῖς
570 1770 587 1825 ;
631 1750 930 1822 Τουτέστιν,
979 1753 1053 1816 εἰς
1103 1750 1333 1831 ἔλεγχον
1404 1757 1575 1808 αὐτῶν
1618 1752 1707 1807 καὶ
1763 1773 1996 1829 κατηγο-

2091 1744 2214 1845 ῌοο
2246 1757 2355 1821 est,
2392 1749 2452 1809 in
2486 1752 3013 1845 reprehensionem
3066 1764 3123 1819 et
3169 1758 3726 1820 condemnationem

344 1840 488 1918 ρίαν,
531 1838 607 1896 ἶν’
655 1839 782 1897 ὅταν
834 1840 1173 1920 κατηγορῶσί
1224 1862 1325 1917 μου
1356 1842 1430 1905 ὡς
1460 1837 1874 1920 παραϐαίνοντος
1916 1844 2006 1901 τὸν

343 1930 537 2011 νόμον,
581 1929 643 1986 ἐκ
695 1929 883 1986 τούτου
935 1929 1270 2010 ἐλέγχωνται
1321 1928 1401 1986 ὅτι
1455 1931 1516 1986 οὐ
1555 1926 1887 2007 παραϐαίνω,
1946 1928 2008 1987 ἐκ

342 2023 451 2075 τοῦ
494 2016 781 2092 προστάξαι
830 2039 914 2075 σοι
968 2031 1344 2097 προσενεγκεῖν
1396 2018 1458 2074 τὸ
1513 2016 1704 2096 δῶρον,
1756 2017 1786 2073 ὃ
1836 2040 2007 2098 προσ-

342 2105 499 2174 έταξε
552 2112 753 2174 Μωσῆς
787 2126 803 2143 ⁸
843 2114 961 2173 Πῶς
993 2105 1047 2163 δὲ
1090 2108 1156 2164 τὰ
1199 2105 1287 2163 δύο
1344 2108 1541 2176 ὀρνίθια
1598 2105 1779 2163 ἐκεῖνα
1834 2130 2005 2187 προσ-

330 2198 550 2274 Δἤγοντο
604 2203 683 2270 τῷ
730 2204 869 2271 Θεῷ,
930 2198 1023 2253 οὒκ
1081 2196 1300 2273 ἄκαιρον
1345 2198 1541 2253 εἰπεῖν·
1575 2193 1827 2275 ἐσφάζετο
1852 2199 1913 2253 τὸ
1945 2199 1999 2255 ἓν

340 2286 594 2364 ὀρνίθιον.
653 2284 759 2347 Καὶ
815 2283 1142 2366 ὑπεδέχοντο
1183 2287 1246 2343 τὸ
1290 2285 1432 2361 α’ίμα
1463 2284 1643 2361 αὐτοῦ,
1704 2284 1759 2341 ἐν
1802 2286 2001 2365 ἀγγείῳ

344 2375 637 2453 ὀστρακίνῳ
666 2382 834 2450 καινῷ
864 2391 880 2408 ⁸
917 2376 1042 2432 εἶτα
1095 2382 1187 2432 τοῦ
1246 2374 1674 2455 ἐτέρουόρνιθίου
1730 2375 2003 2456 ἀμφότερα

345 2466 414 2523 τὰ
466 2465 631 2535 πτερά
674 2462 965 2522 ἐϐάπτοντο
1024 2464 1081 2521 ἐν
1132 2472 1211 2539 τῷ
1269 2464 1489 2540 α’ίματι,
1535 2465 1623 2520 καὶ
1667 2463 1833 2531 οὕτως
1890 2466 2001 2522 ἀπ-

348 2555 532 2612 ελύετο
574 2556 635 2612 τὸ
678 2555 898 2634 ὀρνίθιον
927 2560 1054 2627 ζῶν,
1102 2554 1375 2625 Εἶκόνιζον
1436 2554 1527 2610 οὗν
1554 2553 1719 2611 ταῦτα
1748 2556 1814 2611 τὰ
1869 2556 2004 2612 κατά

347 2646 440 2703 τὸν
501 2644 725 2723 Χριστόν
758 2660 775 2676 ⁸
833 2645 901 2703 τὰ
965 2642 1054 2700 δύο
1091 2643 1192 2722 γάρ
1241 2644 1458 2721 ὀρνίθια,
1493 2646 1546 2699 αἱ
1588 2640 1677 2700 δύο
1705 2645 1883 2724 φύσεις
1914 2652 2005 2701 τοῦ

348 2742 596 2814 Χριστοῦ,
655 2734 692 2800 ἦ
739 2756 798 2790 τε
840 2734 953 2791 θεία
997 2734 1085 2791 καὶ
1126 2735 1161 2802 ἡ
1212 2733 1540 2813 ἀνθρωπίνη,
1574 2736 1648 2790 ὧν
1676 2736 1739 2790 τὸ
1797 2734 1895 2810 μὲν
1949 2734 2005 2791 ἓν

341 2820 572 2903 ἐσφάγη,
623 2821 891 2903 τουτέστιν
942 2824 976 2891 ἡ
1038 2822 1340 2902 ἀνθρωπίνη
1376 2842 1391 2858 ·
1440 2823 1503 2878 τὸ
1553 2820 1610 2879 δὲ
1671 2823 1848 2903 ἕτερον
1893 2824 2003 2880 ἁπ-

336 2901 498 2979 ελύθη
558 2918 686 2984 ζῶν.
743 2901 807 2969 Ἠ
850 2912 952 2993 γὰρ
993 2912 1109 2969 θεία
1136 2901 1307 2992 φύσις
1340 2911 1550 2980 ἀπαθὴς
1580 2901 1834 2993 διέμεινε,
1867 2936 2001 2993 χρι-

334 3009 524 3063 σθεῖσα
566 3010 644 3078 τῷ
688 3004 884 3081 α’ίματι
928 3006 1028 3071 τῆς
1059 3005 1333 3071 παθούσης
1365 3005 1596 3083 φύσεως,
1623 3007 1715 3062 καὶ
1736 3007 1810 3069 είς
1872 3007 1999 3066 ἐαυ-

334 3094 438 3162 τὴν
490 3096 553 3152 τὸ
596 3094 760 3157 πάθος
820 3092 1181 3170 ἀναδεξαμὲνη
1216 3108 1231 3123 ⁸
1293 3095 1355 3152 τὸ
1410 3091 1464 3149 δὲ
1512 3094 1656 3168 αἷμα
1684 3102 1777 3151 τοῦ
1804 3093 2000 3173 Κυρίου

2092 1834 2354 1911 illorum,
2385 1846 2448 1898 ut
2477 1840 2712 1920 quando
2738 1843 3167 1908 comdemnant
3198 1865 3291 1909 me
3319 1866 3429 1910 ceu
3458 1848 3729 1927 praevari-

2092 1931 2347 2017 catorem
2383 1927 2552 2017 legis,
2587 1946 2658 1991 ex
2684 1932 2797 1991 hoc
2824 1943 3144 2012 arguantur
3174 1954 3269 1997 me
3298 1955 3413 1999 non
3447 1938 3726 2017 praevari-

2091 2012 2211 2073 cari
2242 2014 2398 2095 quod
2434 2017 2761 2080 mandarim
2795 2029 2859 2081 ut
2886 2020 3002 2084 illis
3024 2024 3305 2086 oﬂ'eratur
3332 2012 3552 2087 donum
3575 2025 3730 2087 sicut

2090 2103 2369 2183 praecepit
2416 2103 2625 2170 Moses.
2666 2107 2973 2181 Quomodo
3003 2122 3200 2175 autem
3254 2114 3386 2176 dum
3430 2132 3566 2177 aves
3611 2116 3728 2178 illae

2088 2192 2492 2284 oil‘erebantur
2520 2194 2795 2278 Domino,
2845 2218 2960 2261 non
3013 2201 3493 2284 intempestivum
3551 2204 3731 2266 fuerit

2082 2279 2328 2373 dixisse.
2382 2284 2785 2348 Occidebatur
2839 2307 2957 2350 una
3013 2291 3157 2373 avis,
3202 2279 3277 2354 et
3325 2293 3729 2373 suscipiebant

2081 2370 2432 2449 sanguinem
2485 2373 2614 2451 ejus
2668 2374 2727 2436 in
2777 2394 2903 2439 vase
2950 2370 3208 2442 testaceo
3238 2401 3388 2445 novo
3435 2403 3449 2446 :
3490 2370 3731 2445 deinde

2085 2457 2334 2550 alte-rius-
2355 2460 2480 2550 avis
2510 2470 2773 2550 utraeque
2798 2465 2909 2527 alae
2931 2468 3306 2547 tingebantur
3326 2470 3388 2532 in
3409 2472 3723 2550 sanguine,

2086 2547 2247 2638 etsic
2278 2547 2684 2612 dimittebatur
2711 2553 2832 2615 avis
2865 2557 3011 2617 viva.
3048 2557 3507 2638 Praeﬁgurabant
3527 2547 3725 2623 autem

2087 2634 2214 2698 hac
2248 2656 2343 2698 res
2376 2639 2617 2705 Christi.
2650 2640 2792 2704 Duae
2823 2646 2980 2706 enim
3019 2664 3157 2709 aves
3185 2634 3315 2710 duae
3342 2657 3566 2712 naturae
3594 2658 3733 2713 sunt

2087 2725 2559 2820 Christi,-divina
2591 2738 2649 2791 et
2680 2731 3226 2816 humana,quarum
3251 2757 3370 2800 una
3401 2738 3601 2801 occisa
3616 2750 3727 2820 est,

2085 2832 2302 2895 nempe
2331 2816 2607 2898 humana,
2642 2820 2827 2882 altera
2876 2841 3013 2885 vero
3047 2825 3290 2888 dimissa
3335 2830 3485 2891 viva.
3520 2816 3728 2891 Divina

2084 2905 2241 2996 enim
2275 2904 2353 2964 im
2362 2906 2663 2984 passibilis
2682 2914 3028 2989 permansit,
3047 2924 3223 2977 uncta
3241 2917 3527 2994 sanguine
3545 2918 3729 2996 passi-

2084 2990 2219 3086 bilis
2252 3002 2480 3055 naturae
2511 3006 2572 3057 et
2603 2996 2666 3086 in
2696 3016 2762 3059 se
2804 3000 3143 3079 passionem
3188 2990 3726 3086 suscipiensISan-

2081 3080 2320 3160 guinem
2381 3091 2574 3174 autem
2636 3084 2870 3149 Domini
2936 3108 3035 3153 vas
3105 3080 3367 3174 suscepit
3421 3095 3722 3174 ﬁgulinum

340 3182 550 3251 ἐδέξατο
602 3185 824 3263 ἀγγεῖον
879 3185 1196 3264 όστρόκινον
1238 3184 1421 3240 καινόν
1457 3202 1473 3218 ⁸
1535 3186 1563 3241 6
1593 3183 1745 3260 λαὸς,
1778 3188 1937 3266 φημὶ,
1972 3188 1996 3243 6

2084 3189 2324 3266 novum,
2360 3173 2639 3266 populus,
2662 3175 2929 3257 inquam,
2954 3199 3139 3244 novus
3170 3202 3239 3245 ex
3269 3173 3724 3261 gentibus,Novi

341 3277 524 3341 καινὸς
569 3276 598 3332 6
628 3258 893 3349 ἐξ-ἐθνῶν,
925 3276 954 3331 6
980 3258 1093 3341 ⁷τῆς
1149 3279 1347 3341 Καινῆς
1404 3276 1675 3344 Διαθήκης
1730 3258 1995 3339 δεκτικός,

2084 3258 2447 3355 Testamenti
2478 3283 2683 3345 capax.
2724 3267 2874 3329 Vide
2916 3279 3109 3332 autem
3159 3258 3317 3353 quod
3365 3272 3466 3334 ubi
3510 3273 3725 3355 aliquis

348 3355 499 3443 υΟριιι
554 3363 610 3421 δέ
666 3362 746 3420 ὅτι
805 3360 921 3439 μεθ’
975 3360 1010 3419 ὅ
1052 3384 1132 3429 τις
1161 3366 1450 3443 καθαρισθῇ
1494 3368 1593 3429 τῆς
1623 3362 1844 3445 λέπρας,
1874 3364 1995 3421 τότε

346 3451 491 3519 ἄξιός
533 3452 644 3511 ἐστι
686 3452 1001 3533 προσφέρειν
1024 3454 1085 3509 τὸ
1114 3452 1287 3531 δῶρον
1313 3460 1494 3533 τοῦτο,
1548 3454 1811 3534 τουτέστι,
1858 3455 1996 3511 θύειν

344 3543 571 3621 Χριστὸν
630 3543 718 3599 καὶ
758 3544 1052 3621 ἱερουργεῖν
1086 3557 1100 3573 ⁸
1163 3540 1356 3622 λεπρὸς
1406 3544 1507 3623 γάρ
1536 3545 1613 3599 ὣν
1641 3544 1729 3599 καὶ
1758 3543 1994 3623 ἀκάθαρ-

338 3653 436 3695 τος
479 3632 577 3699 τὴν
606 3631 817 3712 ψυχὴν,
850 3633 944 3688 οὐκ
983 3630 1045 3687 ἂν
1088 3630 1330 3699 ἀξιωθείη
1373 3643 1591 3692 τοιαῦτα
1641 3631 1782 3711 δῶρα
1824 3654 1993 3713 προσ-

332 3719 544 3800 φέρειν,
603 3719 722 3788 ἤτοι
793 3720 1165 3797 προσκομίζειν
1209 3722 1273 3778 τὸ
1327 3728 1483 3795 σῶμα
1534 3724 1620 3779 καὶ
1671 3723 1817 3798 αἷμα
1900 3732 1995 3783 τοῦ

334 3808 550 3889 Κυρίου,
609 3811 671 3866 τὸ
726 3816 794 3887 τῇ
846 3810 957 3883 θείᾳ
1013 3812 1165 3889 φύσει
1226 3811 1442 3873 ἑνωθὲν.
1502 3815 1751 3893 Πρόσχες
1804 3811 1857 3868 δὲ
1907 3808 1996 3868 καὶ

327 3907 508 3974 τοῦτο,
565 3905 682 3963 πῶς
739 3899 1011 3975 ἀμύθητον
1067 3899 1185 3979 ἔχει
1236 3902 1331 3969 τὴν
1394 3902 1672 3981 ὑπεροχὴν
1729 3903 1756 3957 6
1802 3902 1990 3980 Κύριος

329 3990 463 4068 πρὸς
512 3990 607 4046 τὸν
663 3994 889 4059 Μωσῆν.
937 3995 1136 4055 Μωσῆς
1180 3989 1277 4064 μὲν
1322 3990 1422 4067 γὰρ
1471 3990 1838 4069 λεπρωθεῖσαν
1888 3991 1987 4057 τὴν

329 4077 564 4160 ἀδελφὴν
621 4078 803 4153 αὖτοῦ,
848 4080 1021 4135 καίτοι
1078 4078 1255 4136 πολλά
1332 4076 1560 4159 δεηθεὶς,
1619 4081 1713 4137 οὐκ
1755 4079 1990 4151 ἠδυνήθη

330 4172 649 4248 θεραπευσαι
677 4173 693 4199 ‘
728 4171 756 4225 6
788 4166 845 4224 δὲ
889 4170 1080 4248 Κύριος
1112 4167 1257 4246 λόγῳ
1286 4169 1433 4244 μόνῳ
1479 4172 1573 4226 τὸν
1616 4168 1810 4249 λεπρὸν
1855 4170 1990 4226 ἐκα-

330 4258 573 4337 θάρισεν.
630 4256 832 4316 Ἐννόει
876 4255 932 4313 δὲ
994 4259 1081 4313 καὶ
1128 4258 1229 4315 τὴν
1287 4258 1600 4315 ταπείνωσιν
1643 4268 1735 4318 τοῦ
1780 4261 1985 4338 Κυρίου,

333 4353 450 4411 πῶς
505 4355 598 4405 τοῦ
640 4346 811 4426 ὄχλου
866 4347 1241 4423 ἐπιθυμοῦντος
1295 4347 1546 4403 ἅπτεσθαι
1596 4348 1780 4423 αὐτοῦ,
1834 4350 1988 4414 αὐτὸς

332 4434 391 4490 ἐν
432 4447 554 4500 ταῖς
584 4436 806 4515 ἐρήμοις
838 4434 1041 4508 μᾶλλον
1072 4432 1323 4514 διέτριϐεν
1374 4436 1645 4512 ἀσμένως,
1689 4440 1777 4494 καὶ
1818 4458 1986 4515 προσ-

2080 3350 2257 3443 fuerit
2285 3370 2317 3412 a
2333 3350 2512 3443 lepra
2538 3355 2901 3433 puriﬁcatus,
2940 3367 3079 3421 tunc
3108 3350 3366 3443 denique
3398 3350 3725 3441 dignus'est

2080 3440 2296 3531 oﬂ'erre
2329 3440 2581 3503 Domino
2614 3444 2838 3505 donum
2884 3447 3063 3527 istud,
3117 3450 3227 3512 hoc
3258 3440 3367 3531 est,
3412 3440 3722 3514 immolare

2080 3530 2376 3620 Christum
2411 3540 2471 3594 et
2497 3532 2850 3596 sacrificare.
2885 3535 3028 3598 Nam
3081 3540 3179 3620 qui
3220 3530 3486 3620 leprosus
3526 3547 3616 3602 est
3663 3545 3725 3605 et.

2078 3618 2425 3682 immundus
2453 3621 2675 3698 anima,
2708 3624 2864 3685 haud
2896 3618 3116 3707 dignus
3135 3618 3315 3692 fuerit
3341 3630 3557 3692 offerre
3588 3629 3723 3691 talia

2081 3710 2262 3785 dona,
2298 3709 2409 3771 hoc
2441 3722 2553 3786 est,
2591 3713 2809 3774 offerre
2839 3733 3055 3796 corpus
3104 3726 3162 3779 et
3210 3718 3555 3798 sanguinem
3598 3717 3720 3780 Do-

2079 3798 2248 3873 mini,
2278 3798 2433 3881 quod
2460 3800 2672 3862 divinae
2704 3811 2927 3866 naturae
2952 3806 3179 3869 unitum
3213 3817 3326 3870 est.
3354 3806 3501 3871 Vide
3521 3817 3716 3870 autem

2081 3897 2138 3949 et
2194 3890 2307 3979 hoc
2370 3891 2669 3970 quomodo
2740 3893 3024 3955 ineﬂ‘abili
3082 3898 3435 3960 excellentia
3478 3900 3719 3979 Moysen

2075 3978 2374 4059 praecellat
2403 3980 2712 4042 Dominus.
2747 3984 2977 4064 Moyses
3018 3987 3175 4047 enim
3232 4005 3499 4050 sororem
3553 3978 3719 4051 suam

2077 4070 2244 4150 lepra
2271 4067 2665 4149 laborantem,
2724 4073 2993 4151 quamvis
3048 4076 3292 4137 multum
3342 4084 3559 4152 oraret,
3600 4096 3716 4138 non

2077 4158 2264 4238 potuit
2309 4176 2520 4220 sanare
2560 4158 2665 4221 38:
2716 4161 3005 4223 Dominus
3057 4183 3195 4225 vero
3252 4184 3532 4228 sermone
3589 4165 3717 4227 solo

2075 4247 2380 4309 mundavit
2411 4248 2735 4328 leprosum.
2771 4248 3030 4313 Observa
3063 4252 3203 4315 item
3238 4263 3295 4315 et
3322 4253 3715 4316 humilitatem

2073 4337 2332 4409 Domini,
2366 4337 2665 4417 quomodo
2690 4336 2861 4400 turba
2878 4338 3255 4405 desiderante
3286 4351 3349 4405 ut
3382 4343 3546 4403 illum
3582 4353 3716 4403 tan-

2069 4433 2257 4505 geret,
2288 4425 2349 4486 in
2380 4425 2801 4488 solitudinibus
2835 4429 3025 4508 magis
3055 4433 3396 4493 versabatur
3426 4430 3711 4512 placidus,

330 4522 538 4603 ηύχετο
573 4542 589 4558 ⁸
618 4514 795 4587 οῧνως
839 4522 938 4604 ἄρα
994 4526 1187 4590 τύππυς
1241 4526 1380 4600 ἡμῖν
1412 4525 1466 4581 ἐν
1498 4533 1662 4583 πᾶσιν
1703 4514 1867 4583 ἐδίδου
1898 4535 1990 4585 τοῦ

2082 4534 2137 4577 ιο
2167 4516 2412 4578 orabat:
2451 4522 2513 4576 ut
2538 4514 2715 4604 nobis
2760 4514 2819 4576 in
2864 4517 3140 4580 omnibus
3189 4520 3525 4601 exemplum
3561 4537 3716 4600 pra:-

333 4602 539 4669 tet/731'
600 4612 727 4670 ἰδίαν
778 4602 1196 4695 προσεύχεσθαι,
1257 4616 1345 4671 καὶ
1390 4624 1482 4673 τοῦ
1536 4616 1630 4684 τὴν
1699 4613 1850 4682 δόξαν
1893 4614 1985 4672 ἐκ·

2082 4602 2240 4665 beret
2268 4608 2330 4668 et
2359 4603 2611 4667 seorsim
2644 4604 2878 4681 orandi,
2909 4616 2966 4668 et
2987 4608 3233 4686 gloriam
3266 4608 3630 4672 declinandi.

329 4700 549 4766 κλίνειν,

416 4815 445 4847 α
476 4790 581 4854 Κάῖ
610 4792 823 4872 ἐγένετο
852 4793 905 4849 ἐν
938 4800 1035 4869 μιᾷ
1062 4800 1169 4852 τῶν
1191 4794 1427 4873 ἡμερῶν,
1456 4796 1543 4850 καὶ
1570 4796 1729 4858 αὐτὸς
1757 4796 1820 4863 ἧν
1850 4793 1989 4853 διδά-

327 4903 473 4939 σκων
500 4896 515 4912 ⁸
549 4884 639 4940 καὶ
669 4884 807 4952 ἦσαν
853 4885 1145 4959 καθήμενοι
1175 4891 1463 4962 Φαρισαῖοι
1493 4885 1582 4940 καὶ
1610 4882 1991 4957 νομοδιδάσκα-

329 4967 498 5044 λοι,ο’ἰ
530 4970 665 5038 ἦσαν
694 4970 1007 5057 ἐληλυθότες
1040 4972 1101 5028 ἐκ
1120 4971 1297 5039 πάσης
1329 4971 1521 5047 κώμης
1550 4980 1647 5042 τῆς
1678 4972 1983 5057 Γαλιλαίας,

326 5061 415 5116 καὶ
475 5057 754 5136 Ἰουδαίας,
815 5064 902 5118 καὶ
938 5052 1285 5138 Ἰερουσαλήμ
1318 5076 1333 5092 ⁸
1369 5064 1457 5119 καὶ
1486 5065 1520 5131 ἡ
1551 5062 1768 5140 δύναμις
1800 5052 1986 5144 Κυρίου

324 5147 395 5216 ἧν
445 5150 519 5212 εἷς
565 5151 627 5206 τὸ
681 5152 853 5207 ἰᾶσθαι
912 5150 1123 5215 αὐτούς.
1190 5152 1289 5208 Καὶ
1354 5150 1462 5208 ἰδοὺ
1505 5151 1685 5233 ἄνδρες
1743 5152 1984 5234 φέροντες

327 5236 415 5293 ἐπὶ
472 5236 661 5306 κλίνης
708 5237 983 5320 ἄνθρωπον
1039 5240 1097 5303 ὃς
1128 5240 1192 5307 ἧν
1237 5238 1690 5317 παραλελυμένος,
1724 5244 1811 5299 καὶ
1852 5242 1981 5314 ἐζή-

322 5347 448 5384 τουν
490 5327 646 5384 αὐτὸν
705 5330 1030 5409 εἰσενεγκεῖν
1061 5329 1152 5386 καὶ
1181 5332 1353 5386 θεῖναι
1383 5329 1611 5387 ἐνώπιον
1644 5333 1798 5387 αὑτοῦ
1834 5348 1848 5362 ⁸
1894 5335 1981 5390 καὶ

324 5415 405 5490 μὴ
461 5416 699 5496 εὑρόντες
745 5416 830 5475 διὰ
896 5420 1051 5483 ποίας
1106 5419 1474 5497 εἰσενέγκωσιν
1526 5421 1683 5477 αὑτὸν
1738 5418 1822 5477 διὰ
1888 5424 1981 5479 τὸν

319 5501 515 5585 ὄχλον,
575 5505 863 5573 ἀναϐάντες
926 5507 1012 5565 ἐπὶ
1072 5509 1134 5565 τὸ
1194 5506 1364 5585 δῶμα,
1431 5505 1515 5566 διὰ
1569 5515 1675 5567 τῶν
1736 5510 1979 5591 κεράμων

402 5679 464 5732 ⁸8
487 5678 664 5746 Num.
701 5699 805 5761 xu,
836 5683 937 5751 15.

2152 4786 2332 4849 Vsus.
2375 4784 2584 4850 17-26.
2628 4806 2652 4842 ι
2707 4786 2780 4845 Et
2826 4784 3046 4849 factum
3097 4795 3185 4848 est
3215 4788 3469 4869 quodam
3502 4787 3623 4866 die,
3655 4796 3716 4848 et

2070 4874 2199 4953 ipse
2228 4874 2498 4944 docebat,
2529 4882 2816 4954 erantque
2842 4876 3127 4938 Pharisaei
3148 4879 3451 4958 sedentes,
3477 4894 3544 4938 ac
3566 4875 3714 4956 legis

2067 4964 2366 5039 doctores,
2392 4963 2494 5046 qui
2517 4976 2801 5025 venerant
2830 4982 2898 5025 ex
2922 4966 3085 5028 omni
3113 4967 3352 5029 castello
3373 4966 3717 5037 Galilaam,et

2065 5054 2310 5129 Judaeaa,
2348 5061 2406 5115 et
2432 5051 2787 5129 Jerusalem,
2824 5063 2882 5114 et
2932 5055 3112 5117 virtus
3142 5054 3378 5117 Domini
3409 5055 3613 5117 aderat
3640 5053 3712 5115 ad

2066 5147 2390 5206 sanandum
2420 5162 2543 5204 eos.
2573 5142 2639 5203 Et
2655 5160 2794 5205 ecce
2810 5140 2919 5203 viri
2939 5153 3247 5224 portantes
3266 5144 3325 5205 in
3349 5145 3500 5207 lecto
3519 5142 3716 5205 homi-

2066 5253 2201 5297 nem
2234 5236 2332 5314 qui
2366 5241 2494 5295 erat
2536 5232 2913 5312 paralyticus,
2950 5241 3007 5294 et
3037 5236 3381 5315 quaerebant
3428 5250 3563 5295 eum
3617 5232 3714 5293 in-

2062 5325 2220 5385 ferre
2244 5336 2305 5385 et
2328 5341 2552 5404 ponere
2575 5332 2712 5384 ante
2745 5322 2936 5384 illum.
2972 5323 3043 5386 Et
3069 5344 3182 5385 non
3208 5325 3574 5385 invenientes
3596 5340 3714 5403 qua

2063 5422 2233 5494 parte
2257 5411 2423 5474 illum
2451 5412 2741 5474 inferrent
2766 5432 2884 5493 prae
2908 5413 3506 5490 turba,ascenderunt
3528 5429 3714 5492 supra

2069 5512 2310 5577 tectum,
2334 5520 2404 5562 ac
2427 5519 2531 5583 per
2544 5501 2769 5580 tegulas
2785 5502 3149 5568 demiserunt
3175 5523 3308 5567 eum
3337 5520 3469 5566 cum
3494 5500 3713 5565 lectule
