4154 6298
282 387 411 452 765

1036 389 1484 451 ΕΝΑΒΒΑΤΙΟ
1529 388 1609 450 ΙΝ
1658 388 1947 451 EVANGI

2034 388 2162 452 [ΗΜ
2213 391 2452 456 LUGIE.
2500 428 2576 437 —
2621 394 2785 455 CAP.
2835 393 2906 455 Υ.

3555 386 3672 453 766

283 528 537 580 τελωνῶν
616 520 806 596 πολὺς,
880 524 968 579 καὶ
1026 520 1227 598 ἄλλων,
1291 522 1346 580 οἵ
1402 522 1538 591 ἦσαν
1585 521 1704 599 μετ’
1774 525 1945 581 αὐτῶν

2034 539 2161 583 rum
2186 530 2247 585 et
2275 524 2525 587 aliorum
2546 525 2646 607 qui
2664 544 2797 588 cum
2831 524 2947 588 illis
2961 522 3493 589 accumbebant.Et
3514 540 3673 587 mur-

285 610 686 687 κατακείμενοι.
751 611 849 670 Καὶ
921 610 1210 689 ὲτόγγυζον
1266 614 1311 669 οἱ
1370 618 1716 689 Γραμματετς
1773 610 1944 667 αὒτῶν

287 704 380 759 καὶ
430 703 479 760 οἱ
538 708 821 781 Φαρισαῖοι
854 702 986 779 πρὸς
1017 702 1138 765 τοὺς
1171 701 1412 778 μαθητὰς
1461 704 1639 782 αὒτοῦ,
1672 700 1939 781 λέγοντες³

294 792 396 850 Διὰ
428 792 503 847 ’τί
556 791 690 867 μετᾶ
751 789 999 847 τελωνῶν
1053 792 1141 847 καὶ
1226 789 1555 871 ἁμαρτωλῶν
1608 791 1800 848 ὶσθίετε
1857 792 1944 848 καὶ

289 882 469 939 πίνετε
505 902 521 956 ;
577 880 678 939 Καὶ
720 880 1017 953 ἀποκριθεὶς
1047 882 1075 937 6
1116 878 1344 961 Ἰησοῦς,
1393 881 1519 937 ε’ίπε
1562 881 1693 959 πρὸς
1728 881 1936 944 αύτούς·

290 971 368 1030 Οὖ
422 970 609 1051 χρείαν
678 966 894 1050 ἕχουοιν
939 972 985 1026 οἱ
1016 970 1331 1047 δγιαίνοντες
1372 971 1574 1049 ίατροῦ,
1606 968 1724 1026 ἀλλ’
1765 971 1812 1026 οἱ
1838 991 1942 1026 κα-

288 1062 402 1125 κώς
460 1062 704 1140 ἔχοντες.
764 1058 871 1117 Οὔκ
927 1056 1154 1126 έλὴλυθα
1232 1057 1451 1140 καλέσαι
1507 1056 1759 1133 δικαίους,
1808 1057 1946 1115 ἀλλὰ

291 1138 641 1231 ἁμαρτωλοὺς
717 1150 790 1213 εἰς
883 1144 1191 1224 μετάνοιαν.
1271 1172 1294 1207 ι
1383 1138 1442 1206 Ὀ
1503 1149 1601 1224 μὲν
1672 1152 1944 1211 Ματθατος

290 1238 757 1319 ἀπαρακαλύπτως
828 1239 888 1294 τὸ
950 1237 1136 1294 ἕαυτοῦ
1189 1234 1358 1313 ὄνομα
1415 1236 1786 1316 ἂνακηρύττει,
1848 1236 1943 1294 λέ-

292 1348 429 1408 γων’
493 1350 516 1385 α
583 1326 711 1387 Εῖδε
768 1330 1040 1384 Ματθαϊον
1082 1329 1172 1384 τὸν
1204 1326 1442 1393 τελώνην
1478 1329 1505 1383 6
1543 1326 1750 1394 Ἰησοὺς
1780 1328 1945 1398 καθήο

294 1441 459 1496 μενον
514 1418 601 1475 ἐπὶ
654 1418 716 1474 τὸ
770 1415 1042 1479 τελώνιον,
1107 1434 1131 1474 ε
1191 1408 1247 1473 Ὀ
1276 1414 1330 1471 δὲ
1366 1421 1570 1481 Λουκᾶς
1600 1418 1686 1474 καὶ
1718 1419 1745 1473 6
1788 1417 1941 1495 Μάρ-

294 1532 413 1582 κος,
474 1514 733 1583 τιμῶντες
791 1506 883 1562 τὸν
969 1504 1372 1586 εὖαγγελιστὴν,
1434 1507 1495 1562 τὸ
1552 1504 1727 1585 ἕτερον
1785 1506 1942 1564 αὗτοῦ

2032 613 2342 675 murabant
2366 614 2585 678 Scribm
2615 622 2675 678 et
2726 615 3003 677 Pbarisaai
3035 614 3319 678 adversus
3345 612 3671 694 discipulos

2027 700 2185 779 ejus,
2216 700 2524 767 dicentes:
2562 704 2755 776 Quare
2783 723 2916 766 cum
2951 704 3282 785 publicanis
3312 710 3370 766 et
3393 709 3669 781 peccato-

2027 787 2192 851 ribus
2224 791 2402 855 editis
2427 801 2486 853 et
2518 792 2719 855 bibitis
2739 796 2769 856 Ἰ
2799 793 3193 875 Respondens
3221 793 3394 856 Jesns
3420 790 3569 853 dixit
3596 788 3671 849 ad

2026 878 2160 940 illos
2196 900 2209 943 :
2245 882 2375 943 Non
2423 892 2599 962 egent
2629 884 2728 964 qui
2778 884 2906 946 sani
2952 894 3090 946 sunt
3148 882 3400 954 medico,
3434 879 3537 943 sed
3569 879 3673 961 qui

2031 968 2183 1030 male
2214 969 2455 1034 habent.
2490 972 2618 1034 Non
2651 975 2780 1036 veni
2816 992 3025 1035 vocare
3065 974 3283 1053 justos,
3315 969 3418 1032 sed
3453 987 3670 1050 pecca-

2030 1065 2189 1121 tores
2218 1060 2290 1122 ad
2339 1062 2770 1142 pcenitentiam.
2806 1088 2831 1118 ι)
2882 1062 3187 1125 Matthaaus
3232 1078 3452 1122 nomen
3498 1077 3668 1119 suum

2029 1164 2148 1208 non
2181 1150 2344 1228 tegit,
2381 1151 2483 1211 sed
2517 1152 2675 1213 clare
2702 1152 2966 1230 invulgat
2997 1152 3239 1213 dicens:
3282 1172 3305 1206 ιι
3340 1147 3503 1211 Vidit
3536 1146 3671 1208 Mat-

2030 1236 2250 1299 thaeum
2285 1240 2665 1319 publicanum
2691 1246 2863 1306 Jesus
2886 1242 3190 1303 sedentem
3214 1240 3275 1300 in
3303 1236 3524 1300 telonio
3544 1237 3669 1310 309

2027 1322 2216 1387 Lucas
2247 1345 2388 1389 vero
2441 1337 2498 1391 et
2547 1329 2776 1392 Marcus
2818 1330 3180 1391 honorantes
3223 1326 3667 1403 evangelistam,

2026 1413 2185 1477 aliud
2211 1416 2338 1495 ejus
2362 1434 2579 1481 nomen
2606 1420 2739 1482 Levi
2773 1420 2833 1481 in
2868 1420 3128 1481 medium
3151 1416 3290 1478 508
3313 1421 3671 1497 proponunt.

2024 1500 2341 1567 Admirare
2362 1515 2559 1569 autem
2587 1508 2690 1570 Dei
2717 1503 3517 1587 misericordiam,quomodo
3542 1521 3678 1564 vasa

295 1596 491 1677 ὄνομα,
549 1599 611 1653 16
670 1597 857 1670 Λευίν,
916 1596 988 1658 εἷς
1047 1595 1207 1672 μέσον
1265 1595 1588 1675 προτιθέασι.
1666 1597 1944 1671 Θαύμασον

2034 1591 2274 1671 maligni
2304 1595 2567 1675 diripiat.
2602 1598 2854 1660 Telones
2898 1597 3059 1659 enim
3106 1615 3205 1657 vas
3250 1601 3374 1656 erat
3407 1590 3670 1671 maligni,

296 1688 356 1744 δὲ
414 1696 505 1745 τοῦ
553 1691 685 1742 Θεοῦ
740 1685 837 1753 τὴν
907 1682 1321 1766 φιλανθρωπίαν,
1381 1691 1494 1750 πῶς
1548 1685 1614 1741 τά
1651 1686 1813 1753 σκεύη
1852 1692 1946 1743 τοῦ

2034 1687 2088 1769 et
2116 1682 2268 1745 mala
2298 1685 2508 1748 bestia.
2544 1687 2753 1750 Sciunt
2782 1689 2878 1769 qui
2926 1686 3151 1768 experti
3183 1692 3319 1746 sunt
3346 1699 3521 1764 quam
3556 1681 3674 1742 sint

294 1782 531 1856 πονηροῦ
590 1772 883 1853 διαρπάζει.
942 1772 1341 1862 Τελώνηςγὰρ,
1399 1776 1582 1838 σκεῦος
1626 1784 1718 1833 106
1768 1797 1943 1843 πονη-

2034 1767 2355 1862 importuni
2390 1785 2714 1838 exactores.
2754 1767 3059 1839 Publiceni
3094 1774 3253 1837 enim
3282 1779 3421 1834 sunt
3450 1769 3673 1851 quipu-

294 1872 412 1945 ροῦ,
444 1853 559 1922 Ἶκαὶ
616 1864 847 1941 πονηρόν
916 1864 1119 1942 θηρίον,
1183 1853 1403 1921 ’Ίσασιν
1462 1867 1508 1921 οἱ
1564 1864 1942 1943 πεπειραμένοι

2034 1856 2185 1921 ὺΙιοει
2213 1863 2515 1942 vectigalia
2549 1874 2775 1942 emunt,
2824 1874 3113 1947 quatenus
3143 1863 3283 1925 inde
3322 1862 3669 1923 damnosum

289 1962 405 2013 τῶν
473 1958 675 2033 πικρῶν
744 1954 1078 2021 ἀπαιτητῶν.
1140 1952 1295 2011 Οὗτοι
1365 1953 1465 2032 γὰρ
1495 1956 1541 2011 οἱ
1583 1952 1834 2029 τελῶναι,
1897 1956 1945 2011 οἱ

289 2046 363 2103 νει
420 2043 651 2120 δημόσια
720 2041 852 2110 τέλη
936 2043 1247 2119 ὠνούμενοι,
1306 2040 1389 2122 ἐφ’
1459 2044 1505 2118 ᾧ
1585 2042 1947 2123 ἀποκερδῆσαι

288 2136 433 2194 κατὰ
481 2140 588 2191 τῶν
670 2132 874 2190 οἰκείων
903 2137 1119 2213 ψυχῶν·
1166 2135 1238 2191 O6
1267 2132 1425 2208 μόνον
1455 2130 1510 2189 δὲ
1541 2129 1640 2210 ἄρα
1668 2134 1759 2189 τὸν
1791 2140 1945 2189 Ματ-

286 2230 450 2284 θατον
515 2219 812 2302 ἒκέρδησεν,
874 2220 1011 2277 ἀλλὰ
1065 2222 1152 2278 καὶ
1180 2222 1301 2287 τοὺς
1346 2220 1552 2302 ἐτέρους
1593 2220 1827 2287 τελώνας
1857 2226 1943 2286 οἷς

294 2318 652 2392 συνειστιᾶτο,
739 2309 989 2390 κερδῆσαι
1071 2309 1389 2382 ἑσπούδαζεν
1458 2313 1487 2367 6
1576 2312 1792 2392 Κύριος,
1850 2312 1947 2367 Διὰ

288 2406 399 2485 γὰρ
454 2410 609 2461 10510
666 2399 907 2467 κατέξιοϊ
987 2405 1408 2475 συνεστιαθῆναι,
1498 2402 1591 2459 ἵνα
1676 2402 1946 2465 κάκείνους

290 2493 676 2575 ἐφελκύσηται.
734 2493 794 2548 Οἱ
849 2498 1133 2569 Φαρισαῖοι
1164 2488 1219 2546 δὲ
1262 2491 1567 2568 αἰτιώμενοι
1612 2493 1788 2572 αὐτὸν,
1852 2490 1945 2571 ὅρα

288 2578 349 2643 τί
404 2582 681 2640 ἁκούουσιν
726 2603 743 2654 ;
805 2584 913 2639 Οὐκ
942 2579 1191 2660 ἐλήλυθα,
1235 2582 1390 2660 φησὶ,
1440 2581 1660 2639 καλέσαι
1690 2580 1943 2656 δικαίους,

291 2672 586 2743 τουτέστιν,
645 2672 780 2745 ὑμᾶς
847 2671 971 2733 τοὺς
1057 2667 1386 2735 δικαιοῦντας
1485 2671 1726 2736 ἑαυτούς’
1811 2669 1948 2727 ἀλλὰ

294 2761 651 2840 ἁμαρτωλοὺς
707 2760 865 2828 ἦλθον
949 2757 1195 2839 καλέσαι,
1279 2762 1382 2840 οὐχ
1437 2761 1529 2817 ’ἱνα
1598 2760 1665 2836 τῇ
1720 2761 1949 2840 ἁμαρτίᾳ

295 2851 626 2931 ὶμμένωσιν,
675 2848 794 2907 ἀλλ’
851 2849 943 2905 ἳνα
1015 2850 1406 2923 μετανοήσωσι,
1472 2851 1569 2910 Καὶ
1601 2849 1796 2916 ἄλλως
1841 2853 1947 2909 Οὐκ

299 2942 465 3011 ἦλθον
521 2940 740 2997 καλέσαι
796 2937 1055 3002 δικαίους.
1127 2937 1256 2997 Οὐδὲ
1306 2940 1405 3017 γὰρ
1450 2939 1689 3020 εὓρίσκω,
1738 2940 1948 2996 πάντων

302 3021 669 3111 ἁμαρτόντων,
740 3026 889 3111 Ἐπεὶ
944 3029 988 3083 εἰ
1043 3028 1109 3096 ἧν
1177 3027 1391 3085 δυνατὸν
1463 3031 1633 3108 εὑρεῖν
1694 3027 1945 3103 δικαίους,

2028 1948 2152 2011 suis
2180 1954 2491 2016 animabus
2520 1955 2661 2036 quid
2693 1956 3019 2018 lucrentur.
3054 1954 3128 2017 At
3154 1948 3271 2014 non
3297 1951 3487 2013 solum
3520 1951 3672 2010 Mat-

2028 2042 2243 2104 thzeum
2268 2049 2406 2103 tunc
2423 2043 2685 2107 lucratus
2697 2044 2919 2119 est,sed
2945 2045 3118 2107 etiam
3133 2042 3280 2105 alios
3303 2040 3673 2122 publicanos,

2030 2150 2164 2191 cum
2186 2129 2399 2212 quibus
2418 2134 3080 2210 c0nvivabatur,lucrari
3109 2131 3340 2195 volebat
3360 2128 3671 2192 Dominus.

2026 2218 2171 2281 Nam
2197 2230 2513 2302 propterea
2537 2234 2595 2285 et
2615 2225 2859 2287 conviva
2885 2225 3119 2287 illorum
3144 2223 3229 2303 ﬁt,
3258 2220 3516 2282 utetiam
3542 2218 3673 2280 illos

2027 2310 2301 2370 attrahat.
2338 2309 2488 2372 Vide
2517 2320 2717 2376 autem
2762 2313 2903 2394 quid
2950 2312 3112 2375 dicat
3139 2308 3451 2372 Pharisaais
3479 2307 3672 2386 ipsum

2030 2399 2631 2478 reprehendentibus.
2666 2402 2793 2464 Non
2828 2402 2985 2479 veni,
3007 2401 3219 2482 inquit,
3236 2398 3675 2477 vocarejustos,

2031 2488 2145 2548 hoc
2176 2495 2265 2549 est
2296 2508 2417 2564 vos,
2452 2490 2551 2571 qui
2586 2511 2684 2553 vos
2715 2492 2876 2573 ipsos
2902 2490 3237 2573 justiﬁcatis
3273 2510 3285 2552 :
3321 2487 3425 2551 sed
3458 2504 3671 2568 pecca-

2030 2585 2190 2639 tores
2220 2579 2351 2639 veni
2383 2599 2617 2655 voeare,
2649 2601 2766 2643 non
2790 2583 2932 2645 utin
2967 2579 3222 2655 peccatis
3246 2584 3543 2650 maneant,
3570 2573 3673 2635 sed

2031 2675 2093 2727 ut
2122 2670 2531 2744 paenitentiam
2563 2673 2878 2750 agant.Vel
2904 2672 3111 2733 aliter:
3152 2668 3281 2731 Non
3306 2668 3439 2729 veni
3464 2682 3673 2727 vocare

2022 2758 2235 2837 justos.
2271 2756 2473 2821 Nullos
2497 2762 2652 2822 enim
2685 2758 3448 2842 invenio,quandoquidem
3472 2772 3679 2816 omnes

2032 2856 2282 2926 peccant
2299 2848 2382 2908 δι.
2421 2848 2585 2921 Quod
2607 2850 2658 2911 si
2687 2850 2965 2930 possibile
2988 2857 3145 2912 esset
3170 2847 3439 2909 invenire
3456 2846 3677 2925 justos,

2032 2954 2149 2996 non
2182 2937 2501 3000 venissem.
2553 2938 2651 2999 Est
2692 2948 2889 3000 autem
2944 2938 3297 3019 publicanus
3328 2935 3545 3007 omnis,
3580 2933 3678 3012 qui

2033 3026 2241 3087 mundi
2270 3025 2508 3087 domino
2534 3028 2807 3108 servit,et
2834 3028 3056 3090 tributa
3079 3026 3242 3088 carni
3275 3026 3395 3086 dat.
3422 3024 3680 3088 Gulosus

302 3107 429 3177 οὒκ*
455 3119 517 3176 ἅν
573 3117 759 3187 ἦλθον.
814 3107 981 3174 ’Ἐστι
1041 3115 1092 3174 δὲ
1155 3117 1387 3185 τελώνης
1416 3107 1644 3181 καὶνπᾶς
1677 3120 1703 3174 6
1733 3122 1810 3192 τῷ
1859 3140 1947 3174 κο-

2041 3115 2225 3176 ventri
2276 3116 2490 3176 tributa
2548 3116 2648 3178 dat
2698 3107 2885 3190 cibos,
2938 3124 3226 3178 scortator
3270 3114 3488 3177 foedum
3530 3132 3676 3175 con-

307 3209 627 3288 σμοκράτορι
698 3205 980 3287 δουλεύων,
1037 3207 1125 3263 καὶ
1193 3206 1323 3274 τέλη
1380 3214 1449 3284 τῇ
1511 3209 1663 3278 σαρκὶ
1719 3206 1947 3287 προσφέ-

2036 3222 2328 3281 gressum,
2364 3213 2421 3266 et
2452 3204 2601 3266 alius
2639 3206 2820 3269 aliud.
2874 3209 3022 3268 Cum
3057 3206 3237 3285 igitur
3267 3204 3432 3266 illum
3464 3201 3681 3263 viderit

307 3322 439 3377 ρων,
492 3290 549 3357 Ὀ
620 3297 1014 3376 γαστρίμαργος
1083 3295 1231 3352 τελεῖ
1286 3302 1355 3373 τῇ
1432 3298 1618 3376 γαστρὶ
1673 3297 1947 3376 βρώματα,

2037 3292 2347 3373 Dominus,
2373 3294 2484 3355 hoc
2508 3302 2599 3358 est
2630 3296 3007 3375 evangelicus
3029 3314 3251 3367 sermo,
3285 3294 3593 3355 sedentem
3622 3290 3682 3351 in

302 3389 336 3445 6
396 3386 608 3466 πόρνος,
679 3386 779 3453 τὴν
854 3385 1083 3465 ῥυπαρὰν
1185 3383 1344 3465 μίξιν,
1405 3387 1492 3442 καὶ
1584 3383 1743 3449 ἄλλος
1798 3384 1953 3448 ἄλλο,

304 3466 346 3503 ”
354 3492 489 3541 οταν
552 3475 641 3532 οὖν
691 3472 785 3551 ἴδῃ
855 3475 1011 3531 αὐτὸν
1040 3476 1068 3531 6
1100 3474 1313 3554 Κύριος,
1350 3474 1613 3531 τουτέστιν
1657 3477 1685 3531 6
1730 3474 1955 3553 εὐαγγε-

303 3565 456 3630 λικὸς
508 3564 690 3643 λόγος,
752 3565 1050 3639 καθήμενον
1097 3562 1181 3619 ἐπὶ
1239 3568 1299 3620 τὸ
1354 3562 1632 3640 τελώνιον,
1690 3564 1952 3640 τουτέστι,

306 3656 385 3730 μὴ
438 3654 803 3734 προκόπτοντα
861 3650 995 3729 μηδέ
1055 3651 1404 3725 προοδεύοντα
1486 3656 1575 3710 καὶ
1649 3654 1956 3729 κινοὺμενον

304 3745 381 3805 εἷς
438 3741 656 3801 πλείονα
700 3741 907 3815 κακίαν,
958 3738 1075 3797 ἀλλ’
1120 3743 1274 3799 οἱονεὶ
1334 3742 1615 3822 ἀργοῦντα,
1661 3743 1780 3799 τότε
1826 3742 1957 3799 ἀνα-

305 3833 562 3902 στήσεται
621 3833 726 3888 ἀπὸ
768 3840 862 3891 τοῦ
918 3837 1081 3887 κακοῦ
1136 3832 1224 3888 καὶ
1244 3830 1593 3903 ἀκολουθήσει
1647 3833 1723 3907 τῷ
1754 3831 1955 3907 Ἰησοῦ,

308 3924 397 3979 καὶ
450 3920 772 4002 ὑποδέχεται
843 3919 896 3977 ἐν
966 3927 1043 3995 τῷ
1097 3920 1233 3995 οἴκῳ
1287 3927 1387 3987 τῆς
1438 3926 1622 4002 ψυχῆς
1666 3925 1821 3980 αὐτοῦ
1866 3923 1957 3977 τὸν

2042 3382 2284 3457 telonio,
2321 3384 2433 3444 hoc
2483 3393 2573 3445 est
2608 3403 2721 3446 non
2763 3386 3075 3465 proficere,
3108 3402 3299 3465 neque
3333 3381 3681 3463 procedere,

2042 3490 2235 3552 neque
2283 3475 2505 3534 moveri
2557 3474 2629 3536 ad
2684 3476 2969 3554 majorem
3022 3476 3332 3548 malitiam,
3366 3472 3470 3535 sed
3520 3471 3687 3552 quasi

2042 3560 2321 3633 otiosum,
2351 3570 2490 3624 tunc
2512 3564 2896 3626 resuscitabit
2924 3584 2957 3624 a
2988 3564 3164 3638 uialo,
3197 3572 3253 3626 et
3282 3568 3567 3643 sequetur
3591 3561 3690 3621 ille

2040 3652 2268 3724 Jesum,
2297 3660 2357 3713 et
2388 3653 2717 3733 excipietin
2744 3653 2922 3716 domo
2944 3655 3155 3715 animae
3176 3652 3515 3715 Dominum.
3547 3654 3666 3712 Ptna

2041 3739 2200 3801 risaei
2226 3748 2419 3802 autem
2454 3754 2806 3819 arrogantes
2840 3753 2895 3804 et
2926 3742 3229 3805 daemones
3260 3741 3507 3803 absecti.
3544 3739 3692 3802 Pha-

2042 3828 2249 3891 risaaus
2307 3832 2463 3893 enim
2515 3833 2738 3896 dicitur
2790 3833 2889 3914 qui
2951 3832 3024 3895 ab
3076 3832 3206 3894 aliis
3260 3840 3687 3913 sequestratur,

2042 3929 2416 3981 murmurant
2444 3922 2599 4001 quod
2626 3942 2759 3984 cum
2795 3922 3208 4003 peccatoribus
3243 3920 3526 3983 comedit.

327 4012 539 4091 Κύριον.
587 4013 647 4070 Οἱ
690 4007 744 4066 δὲ
775 4017 1087 4088 Φαρισαῖοι,
1118 4011 1162 4065 οἱ
1195 4008 1447 4080 ἀλαζόνες
1475 4012 1564 4066 καὶ
1590 4008 2029 4085 ἂποκεκομμένοι
2072 4007 2340 4084 δαίμονες,
2392 4019 2548 4069 10610
2598 4013 2695 4091 γὰρ
2722 4015 2748 4069 6
2775 4020 3088 4094 ductor“,
3125 4010 3557 4088 ἀποκεκομμένος
3591 4018 3695 4067 τῶν

311 4099 511 4182 ἄλλων,
546 4100 912 4179 γογγύζουσιν,
945 4098 1023 4155 ὅτι
1054 4110 1171 4163 τοῖς
1217 4098 1562 4178 ἁμαρτωλοῖς
1595 4100 1872 4161 συνεσθίει,

398 4214 420 4245 ι
461 4192 521 4249 Oi
550 4188 606 4246 δὲ
633 4192 789 4246 εἵπον
833 4191 961 4266 πρὸς
996 4188 1173 4246 αὐτόν’
1218 4189 1307 4244 Διὰ
1338 4189 1388 4246 τί
1416 4190 1461 4245 οἱ
1506 4191 1739 4264 μαθηταὶ
1764 4188 1947 4246 Ἰωάν-

2124 4186 2309 4269 Vsus.
2344 4188 2554 4252 33-39.
2591 4214 2618 4245 (ί
2653 4189 2728 4250 At
2758 4189 2841 4250 illi
2874 4189 3152 4251 dixerunt
3175 4189 3249 4251 ad
3281 4209 3457 4252 eum:
3495 4189 3690 4260 Quare

308 4302 401 4338 νου
456 4279 762 4347 νηστεύουσι
822 4277 992 4333 πυκνὰ
1046 4278 1131 4333 καὶ
1161 4275 1367 4347 δεήσεις
1418 4279 1712 4353 ποιοῦντιι,
1762 4277 1947 4353 ὁμοίως

2045 4274 2321 4356 discipuli
2351 4279 2594 4340 Joannis
2620 4279 2897 4357 jejunant
2926 4279 3290 4359 frequenter,
3322 4287 3381 4341 et
3405 4278 3692 4340 obsecra-

307 4370 397 4426 καὶ
453 4372 499 4427 οἱ
555 4368 661 4424 τῶν
720 4367 1039 4445 Φαρισαίων,
1104 4369 1151 4421 οἱ
1208 4365 1263 4422 δὲ
1333 4368 1411 4423 σοὶ
1468 4366 1693 4423 ἐσθίουσι
1745 4368 1832 4422 καὶ
1876 4369 1947 4422 πί·

2048 4364 2239 4425 tiones
2263 4366 2502 4441 faciunt,
2528 4366 2807 4428 similiter
2828 4377 2887 4429 et
2922 4368 3348 4429 Pharisaeorum
3383 4388 3395 4429 :
3443 4369 3524 4427 tui
3558 4386 3694 4428 vero

310 4477 540 4531 νουσιν;
615 4448 671 4514 Ὀ
730 4454 784 4511 δὲ
842 4456 967 4512 εἷπε
1032 4457 1159 4533 πρὸς
1222 4455 1428 4518 αὐτούς’
1464 4463 1553 4523 Mt,
1601 4454 1815 4511 δύνασθε
1843 4456 1947 4511 τοὺε

2049 4452 2232 4514 edunt
2264 4463 2323 4517 et
2354 4454 2609 4519 bibunt?
2638 4455 2865 4528 Quibus
2908 4456 3036 4537 ipse
3083 4457 3161 4517 ait
3197 4479 3209 4519 :
3259 4456 3411 4518 Num
3444 4456 3696 4536 potestis

310 4549 453 4611 υἱοὺς
508 4554 602 4605 τοῦ
658 4547 959 4625 νυμφῶνος,
1019 4544 1072 4600 ἐν
1144 4546 1188 4619 ᾧ
1246 4542 1363 4620 μετ’
1395 4549 1565 4604 αὐτῶν
1597 4544 1737 4601 ἔστιν
1769 4547 1797 4601 6
1827 4567 1947 4619 νυμ-

2048 4543 2245 4604 facere
2276 4553 2342 4606 ut
2369 4544 2472 4606 ﬁlii
2508 4545 2774 4627 thalami,
2798 4547 2937 4607 dum
2978 4566 3110 4608 cum
3148 4545 3261 4607 illis
3294 4554 3383 4608 est
3411 4562 3689 4626 sponsus,

310 4636 452 4716 φίος,
507 4633 731 4703 ποιῆσαι
776 4635 1048 4701 νηστεύειν
1094 4655 1110 4706 ;
1148 4632 1481 4692 Ἐλεύσονται
1541 4631 1595 4689 δὲ
1625 4633 1842 4713 ἡμέραι,
1878 4656 1945 4689 κα

2042 4632 2350 4713 jejunent?
2372 4633 2626 4696 Venient
2650 4643 2845 4697 autem
2870 4635 3090 4709 dies,et
3111 4656 3242 4697 cum
3275 4635 3504 4696 ablatus
3522 4634 3700 4695 fuerit

311 4724 436 4781 ὅταν
503 4724 713 4802 ἀπαρθῇ
782 4720 875 4780 ἀπ’
951 4721 1121 4779 αύτῶν
1165 4724 1192 4778 ὃ
1247 4724 1492 4804 νυμφίος,
1564 4724 1685 4780 τότε
1738 4724 1947 4791 νηστεύ-

2049 4722 2122 4783 ab
2154 4722 2275 4784 illis
2295 4725 3093 4805 sponsus,tuncjejunabunt
3119 4726 3175 4786 in
3196 4725 3313 4786 illis
3335 4725 3568 4787 diebus.
3602 4722 3697 4785 Di-

311 4835 491 4871 σουσιν
550 4812 604 4869 ἓν
662 4812 885 4875 ἐκείναις
918 4826 1040 4875 ταῖς
1084 4811 1335 4891 ἡμέραις,
1366 4802 1592 4890 δ”Ελεγε
1623 4811 1677 4868 δὲ
1719 4814 1807 4869 καὶ
1849 4835 1962 4869 πα-

313 4902 544 4981 ραϐολὴν
601 4904 732 4980 πρὸς
796 4902 1005 4980 αὐτοὺς,
1044 4900 1123 4958 ὅτι
1199 4898 1377 4965 Ούδεῖς
1433 4899 1705 4977 ἐπίϐλημα
1758 4904 1965 4977 ἱματίου

310 4992 494 5049 καινοῦ
549 4989 824 5049 ἐπιϐάλλει
873 4990 959 5047 ἐπὶ
1001 4988 1207 5065 ἱμάτιον
1268 4992 1517 5046 παλαιόν’
1554 4993 1597 5047 εἰ
1655 4988 1709 5046 δὲ
1755 4992 1831 5067 μή
1902 5013 1964 5069 γε

309 5082 399 5139 καὶ
467 5083 528 5138 τὸ
589 5082 768 5138 καινὸν
812 5082 1006 5160 σχίζει,
1044 5081 1238 5154 καὶτῷ
1285 5079 1498 5142 παλαιῶ
1531 5080 1590 5138 οὔ
1620 5083 1961 5162 συμφωνήσει

310 5172 373 5227 16
427 5169 701 5246 ὶπίϐλημα
756 5171 818 5226 τὸ
887 5169 993 5226 ἀπὸ
1050 5177 1143 5225 τοῦ
1200 5192 1287 5225 και
1305 5177 1408 5229 δοῦ.
1458 5170 1555 5228 Καὶ
1585 5167 1747 5236 οὐδεὶς
1774 5169 1960 5247 βάλλει

310 5260 460 5317 οἶνον
520 5260 636 5317 νέον
694 5260 767 5325 εἰς
812 5258 1004 5323 ἀσκοὺς
1076 5256 1359 5324 παλαιούς⁶
1409 5258 1452 5315 εί
1481 5257 1536 5314 δὲ
1566 5259 1644 5334 μὴ
1693 5280 1778 5338 γε,
1816 5260 1959 5336 ῥήξει

308 5349 338 5404 '0
398 5348 512 5415 νέος
571 5349 721 5414 οἶνος
779 5349 899 5413 τοὺς
957 5347 1173 5427 ἀσκοὺς,
1225 5349 1312 5404 καὶ
1370 5349 1523 5412 αὐτὸς
1579 5347 1956 5428 ἐκχυθήσεται,

308 5438 398 5493 καὶ
455 5438 501 5494 οἱ
571 5436 720 5495 ἐισκοὶ
752 5436 1094 5497 ἀπολοῦνται.
1129 5433 1294 5492 Ἀλλὰ
1325 5436 1476 5493 οἶνον
1507 5434 1622 5492 νέον
1653 5438 1725 5499 εἷς
1769 5437 1958 5498 ἀσκοὺς

305 5528 519 5591 καινοὺς
576 5526 827 5604 βλητέον,
889 5527 976 5583 καὶ
1050 5526 1322 5606 ἀμφότερα
1394 5525 1789 5604 συντηροῦνται,
1854 5525 1957 5588 Καὶ

378 5683 445 5737 ³0
470 5682 672 5752 Matth.
707 5702 762 5751 1x
769 5733 789 5769 ,
823 5686 883 5753 9.
920 5684 972 5731 ³¹
1006 5686 1160 5753 Rom
1182 5726 1200 5747 .
1227 5700 1356 5764 vm,
1385 5683 1487 5753 20.

2050 4811 2225 4874 cebat
2254 4822 2451 4875 autem
2469 4814 2923 4877 similitudinem
2958 4815 3029 4876 ad
3059 4815 3226 4879 illos:
3253 4814 3441 4876 Nemo
3466 4813 3696 4875 immis-

2048 4920 2248 4963 suram
2284 4903 2419 4965 novi
2467 4904 2801 4965 vestimenti
2850 4904 3113 4965 immittit
3162 4906 3216 4966 in
3278 4903 3692 4965 vestimentum

2047 5000 2214 5051 vetus
2247 5008 2260 5053 :
2298 4992 2557 5073 alioquin
2608 5002 2664 5054 et
2713 5012 2930 5055 novum
2983 5003 3224 5074 rumpet
3262 5003 3318 5056 et
3360 4993 3543 5055 veteri
3576 5011 3692 5053 non

2046 5080 2359 5143 conveniet
2378 5082 2716 5144 immissura
2742 5102 2811 5145 ex
2830 5083 3083 5145 novo.Et
3107 5102 3281 5145 nemo
3298 5082 3477 5144 mittit
3494 5082 3694 5142 vinum

2046 5189 2271 5231 navum
2303 5172 2359 5231 in
2395 5180 2555 5233 utres
2605 5182 2860 5247 veteres,
2910 5172 3175 5253 alioquin
3223 5180 3461 5252 rumpet
3491 5170 3688 5233 vinum

2044 5279 2258 5320 novum
2293 5268 2476 5341 utres,
2512 5269 2569 5323 et
2616 5261 2809 5341 ipsum
2846 5263 3203 5337 etfundetur,
3238 5271 3297 5324 et
3343 5270 3504 5323 utres
3536 5261 3691 5341 peri-

2045 5348 2341 5412 bunt.Sed
2366 5349 2563 5411 vinum
2586 5358 2840 5412 mustum
2866 5353 2924 5412 in
2944 5363 3109 5413 utres
3130 5370 3308 5413 novos
3332 5349 3685 5411 mittendum

2044 5446 2155 5511 est,
2192 5447 2251 5500 et
2279 5448 2527 5520 utraque
2558 5459 3007 5502 conservantur.
3042 5442 3116 5503 Et
3146 5460 3321 5501 nemo
3352 5440 3452 5519 qui
3476 5437 3694 5525 biberit

2044 5536 2235 5603 vetus,
2268 5529 2461 5591 statim
2496 5530 2616 5590 vult
2647 5548 2861 5592 novum
2890 5549 2906 5608 ;
2942 5529 3087 5592 dicit
3110 5530 3268 5593 enim
3300 5548 3315 5593 :
3352 5528 3534 5593 Vetus
3559 5548 3691 5592 me-
