4154 6298
503 335 621 403 767
1456 321 2050 413 ΤΗΕΟΡΗῩωοΤι
2095 345 2510 409 summus
2550 345 2913 410 ARCHIEP.

3782 347 3903 415 768

503 473 617 563 lius
648 483 759 539 est.
798 502 824 533 ι
861 480 1128 543 Diximus
1176 482 1251 544 de
1300 482 1395 543 bis
1435 482 1497 543 in
1551 481 1843 555 Mattbaao,
1894 490 1955 543 et
1995 497 2135 543 num

2237 476 2401 563 οὐδεὶς
2456 480 2600 535 πιὼν
2664 477 2916 553 παλαιὸν,
2990 477 3179 543 εὐθέως
3233 479 3373 536 θέλει
3424 480 3567 553 νέον,
3616 481 3770 561 λέγει

502 562 772 626 dicemus
788 568 1169 631 succinctius.
1196 570 1513 652 Apostolos
1533 569 1864 633 vocatﬁlios
1887 569 2124 632 thalami

2240 558 2298 626 ιΟ
2370 565 2596 630 παλαιὸς
2668 569 3031 649 χρηστότερος
3065 567 3232 631 ἐστιν,
3272 593 3299 624 ι
3359 570 3590 649 Ιιὶῖπομεν
3619 558 3744 650 περὶ
3772 558 3895 630 τούξ

502 653 808 717 Adventus
822 657 980 720 enim
1001 657 1237 723 Domini
1257 659 1618 723 assimilatur
1639 661 1880 742 nuptiis,
1902 678 1974 723 eo
1996 679 2135 741 quot

2237 679 2342 713 των
2398 656 2452 713 ἐν
2513 664 2589 732 τῷ
2658 658 2793 714 κατά
2859 657 3156 715 Ματθαῖον.
3232 659 3329 717 Καὶ
3359 666 3445 717 νῦν
3474 658 3529 717 δὲ
3586 682 3896 737 συντετμη-

501 743 829 807 Ecclesium
862 751 923 808 in
956 767 1235 829 sponsam
1268 749 1529 815 duxerit.
1564 748 1822 812 Proinde
1854 749 2135 830 apostolo:

2237 746 2407 822 μένως
2464 746 2704 832 ἐροῦμεν,
2761 745 2842 803 ὅτι
2894 747 3017 811 τοὺς
3047 746 3375 815 ἀποστόλους
3417 750 3558 813 υἱοὺς
3612 754 3893 832 νυμφῶνος

492 833 771 912 jejunare
797 855 917 899 non
948 828 1259 919 oportebat
1293 863 1307 903 :
1347 839 1624 920 discipuli
1658 848 1856 902 autem
1890 828 2135 902 “Joanni:

2243 836 2510 910 ὀνομάζει.
2585 828 2646 893 Ἠ
2704 837 2803 915 γὰρ
2873 846 2965 897 τοῦ
3012 837 3198 916 Κυρίου
3243 838 3496 917 παρουσία
3539 840 3700 919 γάμῳ
3728 828 3893 898 ἀπει-

498 920 797 987 debebant
807 926 1399 1007 jejunare,nimirum
1421 930 1562 1008 quia
1575 929 1852 991 virtutem
1877 928 2135 1008 magistei

2240 925 2484 997 κάζεται,
2566 926 2713 983 Διότι
2799 926 2898 993 τὴν
2996 924 3317 994 Ἐκκλησίαν
3419 932 3892 1005 μνηστευσάμενος

499 1009 739 1075 illorum
763 1016 963 1111 labore
984 1018 1436 1111 parabat.Venit
1464 1018 1634 1111 enim
1656 1018 2135 1111 inquittloannet

2238 1015 2495 1092 ἠγάγετο.
2571 1016 2642 1073 Οὐ
2698 1013 2781 1072 δεῖ
2836 1017 3038 1111 τοίνυν,
3061 1015 3181 1080 τοὺς
3246 1016 3575 1082 ἀποστόλους
3613 1022 3893 1086 νηστεὺειν

500 1120 695 1182 neque
724 1105 1069 1180 comedens,
1127 1126 1324 1189 neque
1367 1110 1507 1170 509
1558 1107 1791 1170 bibens.
1864 1107 2131 1187 Discipul

2239 1112 2347 1161 νῦν·
2448 1108 2493 1161 οἱ
2549 1107 2645 1180 μὲν
2700 1106 2799 1182 γαρ
2857 1112 2950 1162 τοῦ
3026 1104 3266 1164 Ἰωάννου
3332 1108 3563 1180 μαθηταὶ
3618 1106 3892 1188 ὀφείλουσι

494 1198 690 1252 autem
727 1192 842 1255 mei
867 1195 966 1275 qui
991 1214 1225 1258 mecum
1244 1205 1425 1277 agunt
1444 1196 1622 1259 veluti
1645 1195 1979 1259 cumVerbo
2013 1196 2135 1272 Dei,

2237 1194 2529 1270 νηστεύειν,
2580 1193 2671 1251 ἅτε
2742 1201 2888 1268 πόνῳ
2945 1196 3031 1251 καὶ
3088 1194 3315 1270 καμάτῳ
3367 1195 3466 1261 τὴν
3524 1198 3720 1274 ἀρετὴν
3750 1220 3890 1255 κατ-

493 1298 612 1340 ηοη
643 1280 910 1361 indigent
957 1302 1114 1348 nunc
1150 1286 1365 1365 jejunii
1419 1285 1711 1348 utilitate:
1761 1285 2043 1367 quoniam
2077 1304 2135 1348 ei

2237 1282 2556 1360 ορθώσαντος
2637 1280 2949 1340 διδασκάλου
3028 1284 3223 1343 αὖτῶν.
3288 1277 3443 1340 Ἦλθε
3512 1286 3634 1364 γὰρ,
3700 1289 3889 1367 φησὶν,

496 1387 628 1430 mea
655 1372 1106 1436 conversatione
1135 1378 1385 1452 gratiam
1417 1375 1725 1438 consecuti
1755 1383 1915 1449 sunt,
1942 1383 2001 1437 et
2040 1394 2135 1456 per

2237 1370 2507 1451 Ἰωάννης,
2594 1374 2731 1447 μήτε
2798 1370 3003 1447 ἆσθίων,
3064 1373 3203 1447 μήτε
3259 1372 3449 1435 πίνων,
3536 1377 3597 1432 Ol
3654 1372 3711 1431 δὲ
3767 1378 3892 1452 ὶμοὶ

494 1477 588 1521 me
608 1461 1042 1525 custodiuntur.
1068 1461 1183 1527 Ubi
1212 1472 1412 1527 autem
1447 1483 1556 1544 ego
1588 1472 1925 1544 assumptus
1951 1464 2135 1538 fuero,

2237 1463 2481 1532 ααθηταὶ,
2549 1463 2625 1526 ὡς
2680 1468 2757 1537 τῷ
2826 1465 2943 1536 Θεῷ
2974 1461 3131 1540 Λόγῳ
3188 1460 3306 1537 ἐμοὶ
3337 1468 3605 1539 συνόντες,
3639 1467 3701 1523 οὗ
3729 1466 3885 1545 χρῄ-

494 1556 553 1609 et
572 1547 695 1644 ipsi
727 1549 800 1610 ad
828 1552 1266 1644 praadicandum
1291 1555 1455 1616 missi
1486 1554 1733 1644 iuerint,
1759 1562 1896 1616 tunc
1918 1562 1976 1616 et
1986 1555 2135 1636 jeju-

2237 1559 2369 1622 ζουσι
2426 1550 2558 1615 τέως
2586 1552 2685 1620 τῆς
2742 1550 2849 1607 ἀπὸ
2902 1553 3002 1618 τῆς
3060 1552 3303 1618 νηστείας
3333 1550 3890 1644 ὠφελείαςηὶαῦτόθεν

492 1637 739 1713 ηοὺυηι,
772 1647 829 1701 et
864 1640 1139 1717 orabunt,
1174 1652 1378 1724 utpote
1426 1643 1499 1705 ad
1546 1633 1755 1722 magna
1808 1633 2135 1707 certamina

2237 1640 2610 1720 χαριτωθέντες
2668 1641 2753 1696 καὶ
2806 1638 3190 1720 φυλαττόμενλι
3262 1639 3352 1696 ὑπ’
3410 1639 3562 1715 ἐμοῦ.
3618 1633 3800 1700 ’Ὀταν
3831 1642 3887 1699 δὲ

487 1739 1072 1832 sesepraeparantes.
1110 1734 1215 1794 Vel
1245 1733 1421 1795 etiam
1456 1733 1648 1795 aliter.
1683 1733 1849 1796 Nunc
1880 1753 2015 1796 cum
2048 1738 2135 1796 in-

2237 1729 2333 1807 ἒγὼ
2380 1728 2478 1806 μὲν
2561 1728 2871 1809 ἀνύηφθῶ,
2932 1730 3077 1787 αὐτοὶ
3133 1727 3187 1785 δὲ
3255 1727 3341 1785 ἐπὶ
3368 1730 3429 1785 τὸ
3461 1730 3713 1809 κήρυγμα
3742 1753 3887 1788 στα-

490 1816 645 1877 ﬁrmi
673 1826 831 1892 sunt,
866 1827 925 1881 et
952 1838 987 1881 a
1022 1819 1245 1901 Spiritu
1293 1831 1498 1885 sancto
1540 1822 1805 1884 nondum
1856 1822 2135 1905 innowti,

2237 1819 2383 1891 ιῶσι,
2442 1816 2564 1874 τότε
2620 1818 2709 1874 καὶ
2758 1818 3100 1885 νηστεύσουσι
3157 1818 3247 1875 καὶ
3330 1818 3725 1899 προσεύξονται,
3783 1825 3877 1878 οἷα

488 1905 787 1969 veteribus
811 1912 1474 1989 comparantnrutribus
1491 1912 1915 1974 etvestimento
1934 1913 2135 1988 veteri,

2237 1910 2298 1970 εἰς
2368 1907 2576 1986 ἀγῶνας
2649 1906 2913 1987 μεγάλους
2966 1904 3329 1973 ἀποδυθέντες.
3367 1909 3466 1966 Καὶ
3496 1906 3672 1975 ἄλλως
3704 1907 3757 1966 δὲ
3794 1919 3885 1968 νῦν

487 1996 643 2059 baud
667 2007 899 2077 oportet
939 1999 1074 2062 illos
1106 2002 1357 2079 graviori
1385 2001 1619 2066 vivendi
1648 2002 1880 2064 ratione
1910 2004 2135 2082 gravari

2237 1997 2462 2060 ὶσθενεῖς
2520 1996 2691 2071 ὄντες,
2746 1996 2834 2054 καὶ
2904 1998 3073 2073 μήπω
3142 1996 3496 2061 καινισθέντες
3592 1999 3694 2056 ὑπὸ
3790 2009 3886 2059 τοῦ

489 2092 549 2146 et
576 2103 835 2168 onerari,
864 2089 1017 2151 sicut
1047 2109 1243 2172 neque
1274 2091 1459 2154 veteri
1488 2090 1841 2154 vestimento
1863 2110 2011 2154 nova
2031 2092 2135 2154 ad-

2237 2087 2556 2161 Πνεύματος,
2632 2086 2824 2151 ἀσκοῖς
2882 2084 3084 2142 ἐοίκασι
3170 2086 3423 2151 παλαιοῖς
3503 2088 3590 2144 καὶ
3685 2092 3883 2167 ἱματίῳ

488 2174 1047 2241 daturimmissura.
1099 2182 1270 2243 Potes
1320 2200 1487 2256 sane,
1538 2189 1603 2242 ut
1654 2181 1797 2262 dixi,
1839 2200 1945 2263 per
1975 2190 2135 2244 utres

2237 2174 2455 2251 ταλαιιῖγ
2543 2176 2617 2234 Οὐ
2645 2174 2729 2233 δεῖ
2796 2175 2884 2233 οὖν
2916 2177 3098 2240 αὐτοῖς
3125 2175 3413 2255 βαρυτέραν
3440 2177 3559 2234 τινὰ
3603 2175 3880 2258 διαγωγὴν

485 2274 717 2328 veteres
736 2265 1073 2345 intelligere
1095 2270 1421 2349 apostolos,
1438 2278 1641 2351 utpote
1661 2271 2138 2334 inﬁrmos.Potes

486 2354 664 2417 etiam
711 2355 1044 2419 Pbarisaaos
1075 2357 1435 2437 inteiligere,
1490 2360 1595 2441 qui
1640 2359 1867 2422 utribus
1897 2359 2139 2422 assimi-

488 2443 684 2505 lantur
716 2466 730 2504 :
775 2445 942 2525 quasi
970 2445 1201 2509 diceret
1230 2447 1545 2523 Dominus,
1569 2451 1698 2511 Mea
1727 2449 1969 2530 quidem
1993 2450 2138 2512 doc-

486 2532 641 2594 trina
673 2532 871 2595 vinum
893 2543 986 2597 est
1014 2555 1227 2597 novum
1255 2557 1269 2601 :
1305 2556 1407 2599 vos
1427 2544 1623 2599 autem
1653 2556 1789 2599 cum
1817 2537 1946 2599 sitis
1971 2545 2137 2600 utres

486 2628 741 2695 veteres,
766 2622 908 2685 illud
926 2642 1141 2706 capere
1164 2645 1281 2687 non
1307 2626 1551 2708 potestis
1577 2648 1589 2689 :
1617 2626 1724 2689 sed
1742 2627 1945 2689 vinum
1968 2639 2137 2689 vetus

487 2709 789 2787 bibentes,
822 2713 933 2777 boc
963 2722 1053 2776 est
1082 2723 1341 2779 veterem
1365 2716 2138 2798 traditionem,meam,quaa

489 2820 638 2863 nova
668 2808 777 2883 est,
811 2822 929 2865 non
982 2805 1193 2881 vultis,
1244 2805 1350 2867 sed
1395 2806 1640 2870 dicitis:
1690 2810 1875 2871 Vetus
1903 2806 2132 2883 vinum,

488 2891 603 2954 hoc
632 2900 723 2954 est
751 2900 915 2956 vetus
939 2893 1408 2971 Testamentum,
1444 2896 1657 2960 melius
1687 2904 1799 2958 est.

2220 2264 2671 2345 ἐπιφορτισθῆναι,
2732 2265 2911 2345 ὥσπερ
2971 2262 3087 2324 ουδὲ
3151 2265 3346 2339 ίματίῳ
3421 2263 3637 2342 παλαιῷ
3704 2268 3881 2325 ἐπιτί-

2218 2359 2361 2413 θεται
2420 2354 2534 2411 νέον
2610 2353 2904 2430 ἐπίϐλημα.
2962 2355 3189 2411 Δύνασαι
3256 2354 3357 2431 μὲν
3411 2356 3525 2435 οὖν,
3584 2357 3659 2421 ὡς
3715 2356 3879 2438 ἔφην,

2219 2446 2339 2509 τοὺς
2424 2443 2753 2507 ἀποστόλους
2824 2442 3135 2500 ἐκλαϐέσθαι
3186 2442 3427 2508 ἐοικότας
3510 2444 3701 2511 ἀσκοῖς
3757 2469 3877 2503 ππ-

2219 2533 2419 2614 λαιοῖς,
2478 2537 2573 2591 οἶα
2622 2533 2699 2590 ἔτι
2754 2534 2996 2597 ἀσθενεῖς
3054 2531 3237 2597 ὄντας.
3274 2533 3502 2590 Δύνασαι
3544 2532 3599 2591 δὲ
3628 2536 3714 2593 καὶ
3754 2537 3879 2603 τοὺς

2218 2624 2535 2702 Φαρισαίους
2593 2623 2781 2692 νοῆσαι
2840 2624 3046 2687 τούτοις
3090 2622 3531 2704 ἀπεικασθέντας,
3584 2628 3878 2706 μονονουχὶ

2219 2713 2465 2792 λέγοντος
2538 2717 2721 2778 αὐτοῖς
2752 2720 2843 2770 τοῦ
2872 2713 3083 2791 Κυρίου,
3128 2711 3210 2770 ὅτι
3257 2703 3320 2769 Ἠ
3349 2713 3448 2786 μὲν
3487 2703 3593 2787 ἐμὴ
3616 2703 3875 2772 διδασκαξ

2218 2802 2305 2861 λία
2375 2802 2523 2868 οἶνός
2582 2802 2693 2859 ἐστι
2748 2802 2886 2865 νέος⁹
2940 2804 3096 2878 ὑμεῖς
3131 2799 3187 2856 δὲ
3229 2801 3549 2864 ἀσκοῖεντες
3620 2802 3870 2884 παλαιοὶ,

2217 2894 2279 2952 οὔ
2336 2890 2551 2949 δύνασθε
2648 2889 2887 2957 δέξασθαι
2957 2890 3185 2972 ταύτην,
3215 2888 3346 2944 ἀλλᾶ
3374 2889 3585 2953 πιόντες
3626 2893 3720 2947 τὸν
3750 2914 3866 2949 πα-

488 2980 640 3038 λαιὸν
671 2984 846 3059 οἶνον,
879 2986 1119 3043 τουτέστι
1150 2987 1251 3054 τὴν
1293 2985 1524 3044 παλαιὰν
1556 2986 1869 3067 παράδοσιν,
1904 2987 1962 3044 οὑ
2005 2985 2086 3044 θέ)
2098 3008 2183 3043 ετε
2238 2984 2335 3052 τὴν
2366 2980 2490 3038 νέαν
2549 2981 2646 3050 τὴν
2674 2982 2833 3059 ὶμὴν,
2866 2979 3003 3041 ἀλλὰ
3045 2977 3227 3058 λέγετε
3257 2978 3337 3035 ὄτι
3365 2979 3392 3035 δ
3420 2976 3646 3045 παλαιὸς
3676 2980 3858 3059 οἶνος,

485 3071 754 3129 τουτέστιν
793 3076 828 3143 ἦ
864 3073 1071 3133 Παλαιὰ
1106 3078 1371 3150 Διαθήκη,
1406 3076 1744 3157 χρηστοτέρα
1787 3076 1948 3135 ἐστίν.

1126 3168 1368 3233 CAPUT
1400 3168 1503 3233 Vl.

486 3252 574 3316 De
601 3252 917 3347 discipulis
944 3259 1031 3347 in
1060 3257 1330 3347 Sabbato
1376 3260 1577 3338 spicas
1626 3258 2018 3347 vellentibus.
2048 3259 2133 3321 De

565 3351 632 3397 eo
658 3339 769 3416 qui
818 3339 1063 3400 aridum
1113 3339 1369 3401 habebat
1410 3357 1683 3402 manum.
1717 3342 1803 3402 De
1846 3340 2135 3403 electione

567 3416 995 3500 apostolorum.
1029 3418 1110 3479 De
1140 3419 1634 3482 beatitudinibus.
1670 3418 1843 3496 Quod
1862 3427 2134 3500 oporteat

571 3495 847 3559 inimicos
894 3499 1177 3577 diligere.
1245 3501 1328 3561 De
1376 3517 1496 3561 non
1544 3495 1950 3563 contendendo
1998 3520 2134 3564 cum

562 3578 867 3655 proximo.
902 3578 1075 3653 Quod
1098 3581 1401 3641 neminem
1433 3580 1612 3642 liceat
1631 3581 1931 3660 judicare.

569 3832 752 3897 Vens.
780 3835 901 3898 1-5.
919 3834 1185 3897 «Accidit
1207 3845 1400 3899 autem
1428 3845 1489 3898 ut
1509 3837 1569 3899 in
1595 3835 1852 3901 Sabbato
1874 3838 2136 3901 secundo

2855 3168 3106 3226 ΚΕΦΛΔ.
3139 3161 3251 3237 ς’.

2216 3260 2338 3336 Περὶ
2387 3264 2493 3314 τῶν
2544 3262 2797 3334 μαθητῶν
2852 3263 2945 3313 τοῦ
2994 3261 3216 3336 Χριστοῦ
3301 3254 3357 3310 έν
3409 3251 3670 3336 Σαϐϐάτῳ
3703 3252 3866 3336 ῌτιλ-

2322 3282 2338 3315 ι
2387 3281 2493 3314 των
2544 3281 2797 3334 μαοητων
2852 3281 2945 3313 του
2994 3281 3216 3336 Δριστου
3301 3281 3357 3310 εν
3409 3281 3670 3328 auuoth
3737 3281 3866 3312 τιΑ-

2290 3281 2494 3397 ἰόντων
2548 3340 2669 3403 τοὺς
2738 3337 2995 3418 στάχυας.
3073 3335 3198 3416 Περὶ
3294 3341 3387 3418 τοῦ
3467 3332 3630 3418 ξηρὰν
3699 3334 3870 3418 έχον-

2295 3441 2384 3484 τος
2440 3419 2537 3485 τὴν
2639 3431 2782 3487 εῖρα,
2842 3414 2965 3497 Περὶ
3021 3418 3119 3485 τῆς
3153 3414 3283 3472 τῶν
3337 3414 3657 3472 ἀποστόλων
3704 3414 3870 3473 ἐκλο-

2296 3504 2425 3554 γῆς.
2487 3442 2635 3554 Πεοὲ
2666 3504 2773 3554 τῶν
2831 3503 3203 3554 μακαοισιιῶν.
3271 3497 3394 3554 Περὶ
3451 3501 3545 3552 τοῦ
3600 3496 3867 3554 φιλεῖσθαι

2296 3504 2425 3578 γῆς.
2487 3496 2634 3577 Περί
2666 3504 2773 3555 τῶν
2830 3496 3203 3576 μακαρισμῶν.
3271 3497 3394 3573 Περὶ
3451 3501 3545 3552 τοῦ
3600 3496 3867 3576 φιλεῖσθαι

2297 3581 2415 3659 τους
2476 3578 2715 3659 ἐχθρούς.
2774 3579 2897 3657 Περὶ
2962 3584 3053 3634 τοῦ
3121 3577 3257 3659 πρὸς
3328 3576 3420 3631 τὸν
3486 3573 3734 3659 *πλησίον
3789 3577 3867 3659 μὴ

2299 3654 2645 3740 φιλονεικεῖν,
2720 3654 2861 3739 Περῖ
2903 3664 2995 3715 τοῦ
3079 3658 3159 3733 μὴ
3236 3655 3349 3712 δεῖν
3450 3656 3543 3712 τὸν
3641 3654 3868 3725 πλησίον

2300 3741 2518 3819 κρίνειν.

2307 3856 2335 3888 α
2408 3832 2653 3913 Ἐγένετο
2725 3830 2780 3889 δέ
2841 3831 2895 3889 ἐν
2941 3829 3197 3904 Σαϐϐάτῳ
3224 3828 3629 3909 δευτεροπρώτῳ
3676 3826 3871 3887 διαπο-

490 3923 682 4002 primo
707 3925 981 3985 transiret
1001 3942 1106 4005 per
1131 3934 1278 4000 sata,
1304 3945 1373 3988 ac
1390 3926 1688 3988 vellebant
1709 3926 1985 4008 discipuli
2009 3928 2135 4007 ejus

2237 3922 2455 3981 >εύεσθαι
2514 3922 2670 3979 αὺτὸν
2767 3918 2851 3977 διὰ
2906 3928 3011 3978 τῶν
3071 3920 3364 3997 σπορίμων,
3400 3920 3500 3978 Καὶ
3568 3916 3777 3975 ἔτιλλον
3820 3918 3870 3973 οἱ

489 4012 708 4094 spicas,
742 4013 1118 4096 edebantque
1140 4015 1543 4078 confricanles
1576 4007 2135 4090 manibus.Quidam

2237 4014 2454 4081 ιαθηταὶ
2514 4013 2670 4069 αὒτοῠ
2726 4012 2845 4075 τοὸς
2917 4011 3181 4090 στάχυας,
3228 4008 3324 4065 καί
3355 4007 3539 4077 ἢσθιον
3586 4007 3869 4087 ψώχοντες

487 4110 683 4166 autem
738 4102 1168 4166 Pharisaeorum
1221 4105 1500 4168 dicebant
1552 4106 1719 4169 illis:
1768 4105 1918 4179 Quid
1952 4107 2135 4170 facitis

2237 4116 2343 4166 ταῖς
2401 4101 2575 4182 χερσί.
2639 4101 2788 4165 Τινὲς
2865 4098 2918 4156 δὲ
2970 4103 3076 4156 τῶν
3118 4099 3418 4178 Φαρισαίων
3460 4099 3620 4155 εἶπον
3660 4096 3867 4161 αὖτοῖς³

490 4191 646 4273 quod
671 4211 789 4253 non
820 4192 999 4255 liceat
1022 4194 1215 4256 facere
1238 4195 1296 4258 in
1323 4194 1593 4259 Sabbatis
1615 4196 1645 4256 ε)
1668 4196 1741 4258 Et
1769 4197 2135 4277 respondens

2237 4193 2283 4250 Γί
2330 4205 2538 4249 ποιεῖτε
2568 4189 2595 4247 ὅ
2628 4192 2723 4248 οὒκ
2765 4188 2931 4255 ἔξεστι
2961 4201 3140 4246 ποιεῖν
3188 4191 3244 4245 ἒν
3285 4200 3406 4252 τοῖς
3454 4184 3688 4243 Σάϐϐασι
3722 4201 3740 4260 ;
3774 4188 3874 4245 Καὶ

485 4284 657 4344 Jesus
686 4282 760 4343 ad
791 4301 893 4344 eos
923 4282 1074 4346 dixit
1103 4303 1116 4345 :
1157 4288 1248 4349 Ne
1279 4284 1389 4346 hoc
1424 4285 1665 4367 quidem
1718 4274 1949 4366 legistis
1982 4286 2135 4366 quod

2237 4281 2520 4361 ἷιποκριθεὶς
2579 4281 2709 4359 πρὸς
2770 4279 2958 4343 αὐτούς
3018 4279 3175 4335 εἶπεν
3233 4279 3262 4335 δ
3291 4274 3519 4354 Ἰησοῦς
3556 4274 3687 4335 Οὖδὶ
3718 4282 3873 4367 τοῦτο

485 4370 628 4432 fecit
644 4370 824 4433 David
846 4391 979 4432 cum
1002 4366 1522 4454 esurissetipse,et
1542 4376 1639 4455 qui
1665 4380 1796 4436 cum
1820 4374 1919 4435 illo
1941 4373 2135 4436 erant?

2237 4370 2485 4450 ὶνέγνωτε
2540 4372 2567 4427 ὃ
2618 4369 2836 4437 ἐποίησε
2895 4366 3085 4442 Λαυΐδ,
3160 4366 3327 4455 ὁπότε
3379 4366 3651 4423 ἐπείνασεν
3716 4366 3873 4429 αὐτὸς

488 4459 796 4533 Quomodo
825 4460 1065 4522 intravit
1094 4462 1155 4522 in
1179 4462 1420 4525 domum
1454 4454 1583 4537 Dei,
1623 4471 1681 4524 et
1712 4481 1893 4543 panes
1918 4481 2135 4545 prapo-

2237 4462 2311 4517 ιαὶ
2382 4463 2430 4516 οἱ
2488 4458 2607 4535 μετ’
2679 4457 2838 4516 αὗτοῦ
2862 4456 3035 4528 ὄντες,
3082 4458 3156 4520 ὡς
3199 4454 3439 4524 εἰσῆλθεν
3492 4456 3566 4521 είς
3595 4456 3689 4511 τὸν
3718 4458 3874 4512 οἷκον

488 4548 721 4611 sitionis
752 4550 1026 4629 sumpsit,
1060 4549 1327 4629 editque,
1377 4570 1446 4613 ac
1479 4550 1645 4612 dedit
1692 4542 1869 4613 etiam
1919 4542 2135 4634 bisqui

2237 4552 2319 4608 τοῦ
2377 4556 2532 4630 θεοῦ,
2605 4549 2692 4605 καὶ
2747 4548 2870 4610 τοὺς
2940 4546 3126 4627 ἄρτους
3183 4552 3282 4615 τῆς
3346 4545 3644 4623 προθέσεως
3695 4542 3875 4601 λαϐὼν

486 4656 690 4700 secum
725 4645 930 4701 erant:
965 4657 1115 4717 quos
1165 4658 1283 4700 non
1338 4640 1473 4702 licet
1521 4640 1705 4701 edere
1748 4640 1865 4703 nisi
1916 4633 2135 4703 tantum

2237 4640 2411 4721 ἔφαγε,
2470 4640 2558 4697 καὶ
2626 4636 2789 4695 ἔδωκε
2859 4650 2979 4702 τοῖς
3038 4633 3156 4712 μετ’
3209 4637 3391 4717 αὺτοῦ,
3450 4634 3537 4702 οὖς
3567 4640 3661 4695 ουκ
3706 4633 3875 4701 ἷξεστι

486 4725 929 4789 sacerdotibus?
955 4726 1026 4788 Et
1053 4726 1291 4790 dicebat
1312 4728 1429 4790 illis
1459 4748 1473 4791 :
1506 4728 1796 4791 Dominus
1838 4739 1927 4792 est
1958 4729 2135 4793 Filius

2237 4744 2445 4809 φαγεῖν,
2498 4731 2541 4785 εί
2585 4729 2663 4805 μὴ
2689 4729 2883 4804 μόνους
2913 4728 3034 4790 τοὺς
3078 4729 3242 4807 ἱερεῖς
3270 4749 3288 4803 ;
3318 4727 3417 4785 Καὶ
3476 4724 3658 4804 ἔλεγεν
3689 4724 3875 4788 αὺτοῖς

488 4815 748 4877 hominis
778 4815 952 4876 etiam
989 4814 1255 4879 Sabbati.
1293 4817 1517 4879 nJudzei
1548 4836 1727 4879 omne
1757 4819 1969 4881 festum
1995 4817 2135 4881 Sab-

2237 4819 2306 4876 ὅτι
2380 4816 2568 4897 Κύριός
2624 4817 2765 4874 ἐστιν
2820 4820 2849 4875 ὁ
2905 4819 3026 4881 Υἱὸς
3055 4817 3148 4874 τοῦ
3176 4817 3448 4897 ἀνθρὼπου
3476 4816 3565 4872 καὶ
3603 4821 3698 4871 τοῦ
3726 4812 3877 4871 Σαϐ-

489 4906 689 4967 batum
722 4904 1130 4967 nominabant.
1165 4905 1485 4969 Sabbatum
1525 4908 1681 4970 enim
1708 4909 1876 4989 quies
1896 4908 2135 4975 dicitur.

2237 4907 2404 4967 Ξάτου.
2473 4930 2497 4963 ο
2559 4911 2618 4965 Ol
2670 4905 2921 4966 Ἰουδαῖοι
2965 4914 3139 4964 πᾶσαν
3196 4905 3382 4984 ἑορτὴν
3429 4901 3706 4961 Σάϐϐατον
3735 4904 3876 4961 ὠνό-

487 4993 657 5077 Saepe
690 4994 866 5074 igitur
917 4994 1269 5057 occurrebat
1316 4995 1529 5058 festum
1578 4997 1638 5059 in
1693 5000 2033 5071 Parasceve,
2085 5004 2143 5060 et

486 5086 774 5147 vocabant
823 5086 1206 5148 Parascevem
1241 5084 1561 5148 Sabbatum
1610 5096 1850 5169 propter
1878 5089 2135 5150 festum:

484 5174 708 5238 deinde
738 5174 893 5256 quod
926 5173 1165 5253 proprie
1215 5182 1305 5235 est
1350 5173 1702 5251 Sabbatum,
1755 5176 2142 5239 nominabant

484 5262 1037 5344 secundoprimum,
1066 5282 1134 5323 eo
1168 5264 1324 5343 quod
1349 5274 1635 5347 sequatur
1663 5268 1877 5329 festum
1912 5276 1969 5329 et
1997 5265 2113 5329 Sab

485 5353 693 5415 batum
707 5353 863 5434 quod
884 5355 1752 5435 praecesserat.Contigitigitur
1770 5364 1904 5418 tunc
1918 5356 2140 5437 aliquid

491 5443 626 5504 tale:
656 5451 716 5503 et
742 5440 1062 5504 Sabbatum
1082 5440 1231 5503 illud
1251 5443 1571 5507 vocabatur
1589 5446 2138 5528 secundoprimum.

486 5536 676 5614 Atque
700 5550 833 5593 cum
869 5531 1148 5593 Pharisaei
1182 5532 1511 5614 discipulos
1542 5534 1868 5614 carpebant
1888 5535 2044 5618 quod
2074 5535 2135 5596 in

489 5618 747 5685 Sabbato
793 5618 1190 5682 comedebant
1235 5622 1579 5701 evellentes,
1630 5623 1743 5687 hoc
1789 5632 1881 5688 est
1927 5625 2137 5688 aristas

483 5707 898 5778 abstrahentes
923 5728 938 5772 :
964 5715 1023 5772 et
1042 5709 1467 5793 confricantes,
1481 5713 1596 5776 hoc
1614 5719 1705 5776 est
1726 5719 1987 5776 terentes
2013 5731 2141 5775 ma-

2226 5004 2410 5073 μαζον·
2473 4996 2763 5061 ἀνάπαυσις
2814 4997 2913 5075 γὰρ
2981 4996 3043 5052 τό
3118 4992 3414 5051 Σάϐϐατονο
3484 4991 3747 5056 πολλάκις
3786 5001 3877 5053 οὖν

2224 5085 2434 5156 ἀπήντα
2484 5086 2518 5153 ἡ
2584 5085 2740 5165 ἑορτὴ
2802 5085 2856 5142 ἐν
2943 5090 3277 5161 Παρασκευῇ,
3337 5083 3424 5140 καὶ
3477 5081 3698 5139 ἐκάλουν
3778 5082 3879 5151 τὴν

2224 5176 2567 5255 Παρασκετὴν
2641 5172 2914 5232 Σάϐϐατον
2971 5173 3056 5230 διὰ
3111 5174 3211 5241 τὴν
3270 5173 3482 5253 ἑορτὴν,
3533 5173 3657 5229 εἶτα
3684 5173 3746 5228 τὸ
3775 5193 3878 5231 κυ-

2225 5265 2347 5343 ρίως
2404 5260 2676 5321 Σάϐϐατον
2750 5264 3026 5340 ὠνόμαζοο
3104 5262 3551 5342 δευτερόπρωτον,
3612 5262 3684 5325 ὡς
3752 5260 3879 5318 δεύ-

2222 5376 2374 5434 τερον
2430 5352 2511 5426 ὄν,
2570 5352 3027 5431 προηγησαμένης
3099 5350 3266 5418 ἄλλης
3330 5351 3521 5428 ἑορτῆς
3571 5349 3659 5405 καὶ
3729 5346 3879 5405 Σαϐ-

2225 5441 2408 5506 ϐάτου,
2476 5434 2720 5523 ’Ἔτυχεν
2782 5442 2872 5499 οἶν
2919 5442 3008 5497 καὶ
3060 5440 3180 5497 τότε
3232 5438 3474 5519 γενέσθαι
3524 5440 3585 5496 τὸ
3614 5444 3879 5513 τοιοῦτον,

2226 5535 2313 5591 καὶ
2380 5533 2685 5609 ὠνομάζετο
2754 5528 3175 5611 δευτερόπρωτον
3232 5531 3293 5586 τὸ
3348 5524 3623 5585 Σάϐϐατον
3676 5526 3876 5591 ἐκεῖνο,

2221 5622 2563 5699 Αίτιωμένοις
2632 5619 2687 5677 δὲ
2745 5633 2862 5684 τοῖς
2919 5619 3227 5700 Φαρισαίοις
3305 5619 3425 5685 τοὺς
3481 5617 3749 5694 μαθητὰς,
3794 5616 3878 5674 ὅτι

2217 5714 2274 5770 ὲν
2330 5718 2409 5785 τῷ
2491 5707 2748 5784 Σαϐϐάτῳ
2802 5710 2987 5780 ἢσθιον
3069 5708 3361 5790 τίλλοντες,
3419 5706 3689 5767 τουτέστιν
3743 5705 3877 5764 ἀνα-
