4170 6282
258 366 386 439 769

1036 370 1478 438 ENARRATIO
1524 376 1605 439 IN
1654 364 2161 436 EVANGE‘LIUM
2211 364 2448 430 LUCE.
2499 399 2575 415 —
2617 368 2784 431 CAP.
2847 367 2951 431 VI.

3537 364 3660 432 770

260 509 506 567 σπῶντες
576 501 697 565 τοὺς
769 501 1032 581 στάχυας,
1081 502 1168 558 καὶ
1228 501 1532 582 ψώχοντες,
1579 501 1606 555 ὃ
1650 501 1759 557 ’ἐστι
1802 504 1917 582 τρί-

2013 500 2200 580 nibus,
2230 500 2772 564 adducitDominus
2793 500 2974 562 David
2994 501 3357 563 esurientem
3382 510 3437 563 et
3458 520 3662 563 come-

268 589 455 655 ϐοντες
510 603 634 654 ταῖς
696 592 871 670 χερσὶ,
940 591 1162 671 παράγει
1196 593 1221 646 ὁ
1257 591 1440 669 Κύριος
1472 592 1560 646 τὸν
1598 591 1785 672 Δαυίδ,
1811 614 1922 648 πει-

267 679 501 739 νάσαντα
558 681 646 734 καὶ
717 680 954 758 φαγόντα
1026 680 1147 743 τοὺς
1204 676 1389 758 ἄρτους
1456 684 1553 746 τῆς
1601 680 1919 758 προθέσεως.

267 769 492 847 Φεόγων
550 769 651 848 γὰρ
719 770 808 825 τὸν
894 767 1092 845 Σαοὺλ,
1171 768 1490 848 παρεγένετο
1548 771 1622 833 εἰς
1678 767 1925 848 Ἀϐιάθαρ

267 859 363 914 τὸν
439 857 717 937 ἀρχιερέα,
748 859 837 913 καὶ
866 858 1141 925 ἠπάτησεν
1187 858 1344 916 αὐτὸν
1385 856 1580 936 λέγων,
1628 860 1700 921 ὡς
1770 855 1866 936 ἄρα
1898 860 1925 913 ὂ

267 944 521 1023 βασιλεὺς
579 945 900 1002 ἀποστέλλει
962 948 1114 1004 αὒτὸν
1181 947 1266 1002 ἐπί
1363 969 1418 1002 τι
1505 947 1925 1034 ἀναγκαιόταξον

269 1034 452 1115 ἔργον,
508 1037 598 1092 καὶ
653 1034 718 1102 δὴ
768 1042 962 1092 πεινῶν
1039 1032 1195 1091 ἔλαϐε
1247 1035 1344 1110 μὲν
1401 1035 1544 1112 παρὰ
1597 1042 1690 1091 τοὺ
1747 1032 1925 1113 ἱερέως

270 1125 364 1180 καὶ
432 1125 554 1187 τοὺς
598 1124 787 1202 ἄρτους
843 1129 942 1191 τῆς
995 1123 1318 1203 προθέσεως,
1373 1122 1464 1187 οὕς
1534 1122 1650 1180 καθ’
1698 1125 1929 1190 ἑκάστην

270 1213 607 1290 προετίθεσαν
679 1211 880 1269 δώδεκα
937 1213 1022 1270 ἐπὶ
1091 1218 1189 1280 τῆς
1248 1215 1390 1291 ἱερᾶς
1445 1214 1736 1292 τραπέζης,
1775 1213 1826 1278 ἕξ
1871 1213 1930 1268 ἐκ

271 1299 455 1366 δεξιῶν
511 1304 599 1358 καὶ
655 1300 706 1366 ἕξ
763 1303 1068 1378 εὐωνύμων,
1127 1292 1336 1358 ’Ἐλαεε
1395 1299 1446 1356 δέ
1517 1303 1604 1358 καὶ
1648 1303 1744 1370 τὴν
1793 1303 1931 1380 ῥομ-

275 1391 433 1469 φαίαν
486 1396 580 1446 τοῦ
637 1388 856 1452 Γολιάθ.
886 1392 1094 1458 Ταύτην
1139 1392 1234 1459 τὴν
1263 1393 1495 1470 ἱστορίαν
1526 1393 1688 1448 εἰπὼν
1748 1396 1929 1455 αὐτοῖς

273 1481 306 1534 δ
365 1480 576 1558 Κὺριος,
650 1479 887 1558 ἓντρέπει
948 1481 1132 1545 αὐτοὺς
1218 1482 1323 1536 ἀπὸ
1377 1485 1474 1548 τῆς
1543 1479 1778 1559 πράξεως
1835 1487 1926 1538 τοῦ

275 1566 464 1630 Δαυίδ.
528 1569 583 1624 Εἰ
640 1569 740 1647 γὰρ
797 1570 886 1624 τὸν
952 1567 1142 1643 Δαυῖδ,
1177 1570 1330 1648 ῳησὶ,
1375 1575 1585 1644 τιμᾶτε,
1634 1571 1750 1632 πῶς
1806 1569 1927 1632 τοὺς

271 1657 435 1732 ἐμοὺς
484 1658 823 1735 κατακρίνετε
881 1657 1120 1732 μάθητάς
1156 1677 1172 1733 ;
1204 1648 1430 1722 ’Ἄλλως
1461 1681 1542 1731 τε,
1600 1660 1627 1714 ὁ
1674 1661 1792 1723 Υἱὸς
1835 1657 1928 1715 τοῖ’)

272 1745 572 1826 ἀνθρώπου,
631 1745 897 1802 τόυτέστιν
957 1745 1086 1824 ἐγὼ,
1123 1746 1310 1827 Κύριός
1371 1749 1477 1821 εἶμι
1548 1750 1641 1802 τιοῦ
1710 1744 1926 1802 Σαϐϐά-

2007 589 2247 650 dentem
2271 609 2449 669 panes
2472 590 3068 671 propositionis,quas
3084 590 3495 670 proponebant
3517 610 3661 672 quo-

2010 678 2173 740 tidie.
2191 678 2446 757 Fugiens
2461 680 2618 740 enim
2641 683 2683 738 5
2698 685 2719 738 t
2734 679 2825 740 0a
2846 679 2983 739 Saul
3003 679 3278 740 veniebat
3299 679 3662 742 adAbiathar

2011 768 2435 847 pontiﬁcem,et
2452 768 2692 847 decepit
2708 787 2843 829 eum
2868 769 3032 848 quasi
3056 787 3088 828 a
3109 787 3249 847 rege
3269 768 3483 830 missus
3505 777 3663 831 esset

2008 857 2068 917 in
2101 875 2250 936 opus
2283 857 2580 936 quoddam
2615 858 3040 930 necessarium,
3064 865 3122 918 et
3143 858 3412 919 esuriens
3433 858 3663 939 accepit

2009 963 2041 1004 a
2074 945 2354 1025 pontiﬁce
2371 945 2547 1007 etiam
2573 964 2756 1025 panes
2782 946 3493 1026 propositionis,quorum
3519 948 3662 1009 duo-

2011 1033 2204 1094 decim
2232 1034 2500 1115 quotidie
2532 1054 2712 1114 super
2758 1054 2982 1096 sacram
3021 1055 3284 1096 mensam
3333 1036 3656 1116 ponebant,

2012 1142 2110 1184 sex
2153 1142 2184 1183 a
2216 1123 2459 1195 dextris,
2497 1133 2552 1184 et
2583 1143 2682 1184 sex
2714 1143 2748 1185 a
2779 1125 3062 1184 sinistris.
3101 1126 3349 1203 Accepit
3383 1135 3582 1186 autem
3606 1135 3664 1185 et

2011 1211 2536 1291 gladiumGoliath.
2554 1215 2714 1274 Ilanc
2733 1213 3040 1273 historiam
3060 1213 3204 1275 dixit
3225 1213 3662 1293 illisDominus,

2013 1309 2069 1361 et
2098 1301 2381 1363 admonet
2411 1319 2513 1362 eos
2550 1320 2583 1361 a
2632 1303 2782 1362 facto
2817 1301 3022 1361 David.
3059 1300 3202 1362 Nam
3253 1301 3302 1361 si
3353 1302 3658 1376 Davidem,

2011 1390 2225 1470 inquit,
2254 1390 2584 1466 honoratis,
2613 1390 2909 1471 quomodo
2937 1409 3101 1450 meos
3123 1391 3531 1452 condemnatis
3548 1391 3664 1452 dis-

2011 1480 2282 1560 cipulos?
2316 1478 2414 1542 Vel
2448 1480 2641 1553 aliter,
2679 1480 2862 1542 Filius
2912 1480 3193 1560 hominis,
3241 1480 3352 1540 hoc
3383 1489 3492 1560 est,
3528 1498 3660 1560 ego,

2011 1566 2296 1628 Dominus
2337 1587 2466 1628 sum
2511 1568 2771 1641 Sabbati,
2826 1577 2886 1628 ut
2934 1567 3218 1628 Conditor
3265 1575 3324 1627 et
3366 1568 3572 1629 Factor
3605 1574 3665 1628 et

2013 1657 2364 1733 Legislator,
2396 1666 2747 1737 potestatem
2780 1655 3004 1718 habens
3027 1655 3294 1717 solvendi
3315 1656 3661 1719 Sabhatum.

2011 1745 2194 1807 Filius
2228 1750 2383 1808 enim
2416 1747 2672 1807 hominis
2723 1764 2841 1806 non
2885 1745 3036 1804 alius
3084 1755 3318 1806 vocatus
3349 1754 3440 1807 est
3491 1764 3660 1825 quam

271 1859 391 1912 του,
466 1846 539 1901 ὼς
600 1840 934 1917 Δημιουργὸς
987 1840 1076 1895 καὶ
1106 1841 1344 1906 Ποιητὴς
1371 1841 1458 1896 καὶ
1511 1840 1807 1918 Δεσπότης,
1840 1846 1926 1899 καὶ

2013 1835 2308 1908 Christus,
2343 1839 2439 1925 qui
2477 1854 2608 1896 cum
2644 1843 2804 1925 esset
2827 1832 3013 1894 Filius
3044 1832 3172 1925 Dei,
3204 1833 3662 1925 mirabiliterdij

273 1926 590 2001 νομοθέτης,
649 1925 881 1992 ἐξουσίαν
939 1926 1083 2007 ἔχων
1171 1926 1452 1984 καταλύειν
1512 1931 1573 1984 τὸ
1632 1926 1924 1988 Σάϐϐατον.

274 2017 401 2080 Υἱὸς
459 2017 559 2095 γὰρ
628 2015 900 2096 ἀνθρώπου
957 2019 1051 2074 οὒκ
1110 2015 1269 2080 ἄλλος
1302 2017 1364 2072 ἂν
1407 2016 1652 2092 κληθείη,
1702 2017 1854 2092 εἰμὴ
1900 2019 1926 2072 ὁ

275 2106 527 2185 Χριστὸς,
585 2103 643 2169 ὅς
703 2107 820 2170 Υἱὸς
885 2112 1014 2162 Θεοῦ
1086 2105 1180 2180 ὧν,
1231 2105 1534 2185 παραδόξως
1604 2106 1924 2179 κατηξίωσε,

272 2194 366 2249 καὶ
422 2196 542 2257 Υἱὸς
626 2195 900 2274 ἀνθρώπου
973 2192 1040 2250 δι’
1124 2195 1426 2273 ἀνθρώπους
1523 2196 1760 2274 γενέσθαι
1843 2194 1929 2250 καὶ

274 2280 560 2351 κληθῆναι.
599 2285 670 2340 Τὸ
703 2285 801 2363 γὰρ
832 2284 926 2358 ἐμὲ
950 2286 1039 2341 καὶ
1069 2284 1127 2339 σὲ
1156 2283 1435 2342 καλεῖσθαι
1478 2287 1588 2342 υἱὸν
1633 2285 1909 2362 ἀνθρώπου

273 2373 368 2428 τὸν
398 2369 705 2450 παραδόξως
734 2372 1186 2452 ἀνθρωπισθέντα.

365 2480 390 2514 ι
437 2459 682 2539 Ἐγένενο
747 2459 800 2516 δὲ
869 2464 957 2518 καὶ
1015 2462 1067 2519 ἐν
1125 2462 1289 2535 ἔτέρῷ
1357 2460 1616 2538 Σαϐϐάτῳ
1673 2462 1929 2520 εἰσελθεῖν

274 2551 434 2606 αὐτὸν
489 2552 562 2614 εἷς
631 2554 732 2618 τὴν
803 2553 1128 2630 Συναγωγην
1185 2555 1274 2608 καὶ
1346 2550 1627 2616 διδάσκειν,
1709 2553 1806 2610 Καὶ
1863 2550 1930 2617 ἧν

278 2641 396 2695 εκεῖ
464 2637 760 2717 ἄνθρωπος,
817 2641 970 2709 καὶὴ
1005 2641 1124 2720 χεὶρ
1184 2642 1341 2698 αὐτοϋ
1398 2643 1432 2709 ἡ
1505 2639 1646 2706 δεξιὰ
1675 2641 1741 2709 ἧν
1773 2639 1926 2719 ξηρά.

279 2729 614 2806 Παρετήρουν
668 2725 721 2783 δὲ
781 2730 934 2784 αὐτὸν
1005 2731 1052 2785 οἱ
1112 2735 1457 2808 Γραμματεϊς
1531 2731 1616 2786 καὶ
1646 2733 1693 2785 οἱ
1751 2737 1923 2808 Φαρι-

277 2829 452 2892 σατοι,
525 2819 567 2872 εἰ
639 2816 694 2871 ἐν
751 2823 828 2890 τῷ
891 2815 1150 2892 Σαϐϐάτῳ
1213 2820 1546 2898 θεραπεύσει,
1607 2818 1698 2874 ’ἕνα
1742 2817 1930 2897 εὕρωσι

275 2907 602 2985 κατηγορίαν
657 2905 775 2961 κατ’
832 2908 1012 2966 αὐτοῦ.
1078 2909 1245 2970 Αὐτὸς
1307 2905 1361 2963 δὲ
1432 2906 1547 2984 ᾔδει
1577 2908 1694 2971 τοὺς
1745 2904 1930 2964 διαλο-

276 2996 504 3074 ῃσμοὸς
561 2998 756 3054 αὐτῶν.
818 2997 912 3052 Καὶ
968 3000 1090 3052 εἷπε
1148 3003 1226 3071 τῷ
1322 2996 1580 3076 ἀνθρώπῳ
1635 3003 1710 3071 τῷ
1768 2994 1930 3074 ξηρὰν

278 3083 462 3164 ’έχοντι
519 3084 619 3152 τὴν
649 3097 836 3164 χετραο
883 3083 1168 3164 ’¹Εγειραι,
1219 3087 1306 3142 καὶ
1351 3090 1503 3154 στῆθι
1531 3088 1605 3149 εἰς
1634 3088 1695 3142 τὸ
1740 3085 1925 3162 μέσον.

285 3164 344 3231 ιΟ
400 3171 453 3229 δὶ
487 3174 716 3238 ἀναστὰς
787 3173 940 3243 ἔστη.
1001 3178 1170 3231 Εἶπεν
1200 3183 1287 3231 οὖν
1335 3177 1362 3230 ξι
1426 3176 1631 3242 Ἰησοῦς
1675 3177 1804 3253 πρὸς
1837 3179 1931 3232 αὒ-

279 3263 428 3327 τοὺς⁸
493 3260 852 3342 Ἐπερωτήσω
922 3265 1059 3340 ὑμᾶς
1117 3284 1191 3320 τι·
1272 3263 1438 3330 ἔξεστι
1491 3279 1609 3329 τοῖς
1667 3261 1932 3320 Σείϐϐασιν

2011 1933 2221 2002 gnatus
2251 1932 2343 1983 est
2375 1923 2560 1984 Filius
2585 1923 2842 1987 hominis
2879 1931 3121 2002 propter
3153 1922 3428 1983 homines
3450 1932 3506 1984 et
3534 1923 3662 1984 fieri

2012 2021 2069 2074 et
2097 2013 2313 2073 vocari.
2349 2013 2424 2072 At
2453 2013 2610 2093 quod
2634 2031 2740 2088 ego
2763 2021 2820 2072 et
2843 2020 2905 2071 tu
2920 2011 3180 2072 dicimur
3199 2012 3352 2072 ﬁlius
3377 2011 3659 2088 hominis,

2012 2101 2160 2163 nihil
2189 2101 2343 2164 novi.
2376 2102 2544 2162 lllum
2578 2112 2773 2163 autem
2809 2101 3049 2178 dignum
3085 2109 3174 2161 est
3222 2101 3416 2162 vocari
3445 2101 3660 2162 Filium

2013 2190 2294 2265 hominis,
2329 2191 2430 2271 qui
2465 2191 2615 2254 miro
2645 2191 2820 2252 modo
2853 2191 3042 2250 factus
3075 2198 3162 2250 est
3190 2191 3389 2254 homo.

1967 2279 2111 2337 οὐδὲν
2140 2281 2319 2336 καινόν
2353 2301 2366 2315 ⁸
2403 2282 2608 2338 ἐκεῖνον
2642 2279 2695 2336 δὲ
2728 2281 2870 2346 ἄξιον
2902 2279 3180 2336 καλεῖσθαι
3216 2283 3333 2336 Υἱὸν
3365 2280 3658 2360 ἀνθρώπου,

2097 2457 2280 2519 Vens.
2309 2457 2523 2520 6-11.«
2556 2459 2799 2520 Factum
2835 2466 2926 2519 est
2955 2466 3150 2518 autem
3177 2456 3237 2518 in
3269 2456 3385 2518 alio
3409 2455 3663 2518 Sabbato

2015 2555 2078 2608 ut
2112 2547 2364 2608 intraret
2396 2547 2454 2607 in
2490 2545 2880 2627 Synagogam,
2915 2565 2983 2607 ac
3027 2546 3290 2608 doceret.
3329 2545 3396 2606 Et
3427 2557 3552 2607 erat
3583 2545 3664 2608 ibi

2015 2637 2216 2710 homo,
2251 2646 2308 2697 et
2340 2655 2547 2697 manus
2579 2637 2708 2715 ejus
2740 2637 2949 2697 dextra
2978 2644 3103 2696 erat
3147 2634 3335 2697 arida.
3367 2635 3662 2698 Observa-

2016 2725 2156 2786 bant
2189 2735 2387 2787 autem
2422 2744 2555 2786 eum
2584 2725 2808 2788 Scribaa
2831 2746 2900 2788 ac
2916 2725 3196 2786 Pharisaei
3228 2745 3300 2786 an
3326 2726 3385 2786 in
3407 2725 3662 2797 Sabbato

2015 2823 2332 2876 sanaturus
2351 2824 2600 2889 esset,ut
2619 2815 3126 2876 invenirentunde
3146 2825 3659 2879 accusarenteum.

2015 2906 2150 2984 Ipse
2181 2921 2320 2964 vero
2339 2903 2568 2965 sciebat
2588 2904 2976 2982 cogitationes
2999 2922 3230 2977 eorum,
3260 2912 3316 2964 et
3337 2903 3417 2964 ait
3432 2904 3662 2965 homini

2015 2993 2116 3073 qui
2141 2991 2394 3052 habebat
2413 3010 2650 3052 manum
2675 2993 2924 3052 aridam:
2954 2995 3332 3073 Surge,etsta
3353 2992 3412 3052 in
3439 2993 3658 3056 medio.

2016 3082 2090 3143 Et
2120 3099 2372 3161 surgens
2396 3082 2582 3143 stetit.
2618 3081 2716 3142 Ait
2747 3080 2925 3160 igitur
2947 3082 3021 3142 ad
3049 3082 3179 3141 illos
3209 3083 3382 3141 Jesus
3415 3102 3427 3139 :
3463 3080 3662 3142 Inter-

2015 3169 2234 3249 rogabo
2265 3190 2390 3245 vos,
2428 3180 2627 3232 utrum
2681 3171 2818 3232 licet
2862 3168 3131 3232 Sabbatis
3180 3169 3554 3244 benefacere,
3585 3187 3662 3231 an

2019 3258 2412 3322 malefacere?
2442 3261 2698 3320 animam
2733 3276 2971 3321 servare
2999 3277 3076 3318 an
3107 3258 3360 3338 perdere
3391 3258 3415 3319 ἲ
3445 3258 3515 3322 Et
3537 3259 3661 3320 ciro

282 3351 694 3429 ἀγαθοποιῆσαι,
741 3353 777 3421 ἢ
806 3355 1165 3420 κακοποιῆσαι
1202 3370 1218 3429 ;
1254 3355 1439 3434 ψυχὴν
1492 3361 1682 3428 σῶσαι,
1725 3353 1761 3421 ἢ
1792 3353 1926 3409 ἀπο-

2019 3348 2377 3429 cumspectis
2399 3349 2676 3410 omnibus
2698 3348 2842 3411 dixit
2861 3326 3125 3422 homini;
3138 3347 3402 3409 Extende
3421 3366 3660 3410 manum

282 3439 484 3516 λέσαι;
543 3445 642 3501 Καὶ
700 3441 1164 3522 περιϐλεψάμενος
1249 3445 1451 3507 πάντας
1507 3443 1718 3515 αὐτοὺς,
1781 3443 1926 3499 εἶπεν

2019 3449 2200 3499 tuam.
2231 3438 2339 3500 Ille
2369 3447 2566 3500 autem
2600 3439 2760 3518 fecit,
2790 3445 2849 3500 et
2870 3439 3143 3499 restituta
3173 3445 3264 3498 est
3299 3455 3506 3499 manus
3535 3437 3664 3517 ejus

282 3532 448 3607 αὐτῷ’
507 3529 795 3591 Ἔκτεινον
863 3534 962 3602 τὴν
1033 3534 1203 3615 χεῖρά
1232 3557 1346 3594 σου.
1387 3527 1444 3592 Ὀ
1475 3533 1528 3590 δὲ
1579 3533 1818 3608 ἐποίησε,
1851 3533 1926 3588 καῖ

2021 3546 2163 3589 sana
2182 3528 2337 3588 sicut
2367 3528 2572 3590 altera.
2595 3525 2714 3608 Ipsi
2743 3534 2938 3588 autem
2971 3526 3186 3607 repleti
3215 3535 3350 3588 sunt
3373 3527 3659 3602 amentia,

281 3621 686 3691 ἀποκατεστάθη
742 3626 775 3692 ἡ
828 3626 949 3703 χεὶρ
981 3624 1146 3682 αὐτοῦ
1171 3626 1325 3704 ὑγιὴς
1397 3627 1470 3688 ὡς
1499 3627 1533 3692 ἦ
1571 3622 1730 3691 άλλη.
1781 3623 1926 3679 Δῦτοῖ

2019 3626 2078 3679 et
2126 3617 2617 3698 colloquebanlur
2667 3617 2824 3678 inter
2877 3634 3010 3677 sese
3059 3615 3341 3696 quidnam
3388 3616 3665 3685 lacerent

279 3707 335 3765 δὲ
391 3709 734 3782 ἐπλήσθησαν
802 3713 1002 3788 ἀνοίας,
1036 3716 1126 3771 καὶ
1171 3711 1452 3771 διελάλουν
1486 3716 1617 3793 πρὸς
1642 3710 1926 3785 ἀλλήλους,

2014 3705 2180 3770 Jesu.
2225 3731 2244 3763 ι
2285 3708 2426 3779 Quae
2444 3705 2776 3767 diximusin
2809 3705 3106 3784 Matthaeo,
3140 3706 3450 3767 manifesta
3480 3711 3658 3771 sunt:

280 3799 330 3854 τί
384 3798 446 3854 ἂν
503 3803 782 3871 ποιήσειαν
836 3808 914 3876 τῷ
969 3799 1172 3869 Ἰησοῦ,
1242 3827 1270 3859 ι
1309 3795 1464 3862 ’¹Οσα
1496 3803 1594 3879 μὲν
1625 3802 1850 3877 εἴπομεν
1882 3799 1926 3856 ἐν

2019 3815 2176 3857 nunc
2202 3804 2396 3858 autem
2447 3796 2561 3857 hoc
2616 3796 2896 3867 dicimus,
2946 3795 3105 3874 quod
3150 3793 3375 3855 aridam
3421 3813 3659 3857 manum

280 3896 360 3965 τῷ
413 3892 549 3947 κατά
601 3895 896 3972 Ματθαϊον,
944 3891 1104 3960 δῆλα·
1164 3900 1251 3950 νῦν
1308 3892 1362 3950 δὲ
1419 3892 1536 3950 τόδε
1570 3891 1822 3971 λέγομεν,
1853 3891 1926 3947 ὅτι

2017 3884 2200 3947 habet
2223 3885 2323 3964 qui
2355 3885 2515 3946 nulla
2539 3884 2820 3946 virtutum
2854 3901 3034 3964 opera
3080 3883 3240 3945 facit.
3271 3885 3475 3946 Manus
3498 3884 3659 3946 enim

283 3979 444 4057 ξηρὰν
501 3980 619 4061 ἕχει
673 3982 774 4050 τὴν
805 3996 991 4063 χεῖρα,
1040 3981 1098 4048 ὅς
1133 3985 1193 4040 οὗ
1223 3984 1439 4060 πράττει
1469 4005 1519 4039 τι
1551 3983 1657 4038 τῶν
1689 3987 1788 4049 τῆς
1819 3982 1926 4060 ἀρε·

2017 3976 2303 4054 operandi
2335 3993 2617 4052 organum
2660 3984 2784 4036 est:
2819 3975 2914 4034 cui
2943 3982 3140 4034 autem
3181 3973 3282 4034 illa
3327 3975 3563 4050 arescit,
3611 3975 3662 4034 is

283 4074 385 4136 τῆς
441 4069 632 4149 ἔργων.
695 4063 758 4129 Ἠ
811 4061 913 4148 μὲν
970 4061 1069 4152 γὰρ
1139 4074 1260 4154 χεὶρ
1290 4071 1840 4154 ἐνεργείαςγόργανεν,
1877 4071 1926 4134 ὅς

2020 4067 2263 4124 omnino
2293 4062 2516 4126 otiosus
2547 4073 2656 4125 est.
2717 4062 2776 4125 Si
2818 4061 2951 4142 quis
2981 4061 3160 4140 igitur
3195 4081 3436 4124 manum
3466 4064 3663 4124 sanari

286 4159 341 4216 δε
398 4159 671 4240 ἐξήρανται
729 4163 950 4243 ταύτην,
987 4151 1179 4243 ἀργεῖ
1235 4151 1477 4227 πάντως,
1555 4153 1750 4224 ”Οστις
1826 4151 1926 4216 γοῦι

2020 4153 2162 4233 vult,
2197 4153 2254 4243 in
2281 4152 2537 4215 Sabbato
2574 4154 2731 4214 illam
2765 4151 3351 4243 sanctiﬁcataNeque
3381 4151 3663 4243 enimpo-

283 4248 426 4305 θέλει
495 4239 803 4328 ὑγιασθῆναι
860 4239 959 4320 τὴν
1016 4239 1210 4331 χεῒρα,
1262 4251 1316 4307 ἐν
1344 4256 1420 4324 τῷ
1451 4248 1709 4322 Σαϐϐάτῳ
1739 4249 1926 4315 ταύτην

2021 4250 2134 4302 test
2156 4241 2286 4321 quis
2311 4259 2493 4331 opera
2523 4243 2800 4331 virtutum
2835 4242 3057 4331 facere,
3078 4239 3190 4300 nisi
3207 4240 3368 4331 prius
3389 4260 3422 4301 a
3443 4241 3663 4302 malitia

284 4339 685 4418 ὑγιασθήσεται.
747 4341 879 4398 Οῖον
935 4329 1178 4420 τί
1227 4343 1334 4398 Οὐκ
1376 4341 1518 4398 ἔστιν
1568 4340 1845 4418 ἐνεργῆσαί
1884 4359 1926 4395 τι

2021 4339 2235 4392 cesset.
2261 4330 2506 4391 Declina
2524 4332 2709 4404 enim,
2736 4329 2950 4410 inquit,
2973 4329 3164 4409 primo
3190 4347 3223 4388 a
3254 4329 3496 4408 malo,et
3519 4341 3660 4390 tunc

285 4416 396 4485 τῶν
453 4434 553 4496 τῆς
603 4430 797 4510 ἀρετῆς
855 4430 1045 4510 ἔργων,
1091 4416 1192 4488 ’ἐὰν
1223 4431 1302 4507 μὴ
1346 4434 1520 4507 παυθῇ
1587 4416 1670 4492 τις
1701 4416 1807 4484 ἀπὸ
1837 4428 1926 4494 τῆς

2018 4421 2106 4480 fac
2137 4419 2362 4480 bonum
2383 4419 2463 4482 δε.
2498 4422 2701 4510 Itaque
2741 4418 2984 4510 quando
3016 4416 3338 4510 sabbatum
3369 4417 3516 4495 agis,
3548 4417 3685 4510 hoc_

286 4519 499 4581 κακίας.
563 4518 864 4576 ’Ἕκκλινον
919 4522 1018 4600 γὰρ
1074 4521 1284 4601 πρῶτον
1335 4521 1440 4577 ἀπὸ
1484 4527 1579 4576 τοϋ
1620 4525 1808 4596 κακοῦ,
1849 4519 1926 4573 καῖ

2021 4518 2129 4589 est,
2179 4510 2405 4572 otiosus
2449 4527 2514 4570 es
2550 4509 2622 4570 ab
2658 4507 2940 4588 operibus
2972 4505 3164 4581 malis,
3213 4514 3350 4567 tunc
3381 4507 3662 4568 extendas

285 4607 408 4664 τότε
465 4609 688 4675 ποίησον
757 4611 818 4665 τὸ
875 4593 1127 4687 ἀγαθόν..
1189 4593 1366 4668 ιὈταν
1427 4612 1514 4666 οὖν
1585 4593 1926 4684 σαϐϐατίσῃς,

2021 4618 2263 4660 manum
2295 4600 2367 4661 ad
2398 4617 2578 4679 opera
2619 4599 2924 4672 virtutum,
2961 4603 3030 4687 et
3044 4595 3389 4687 restituetur
3415 4596 3562 4687 ipsa.
3593 4595 3665 4658 Et

283 4696 580 4772 τουτέστιν,
642 4698 886 4778 ἀργήσης
916 4676 1022 4755 ἀπὸ
1050 4703 1155 4756 τῶν
1177 4701 1278 4766 τῆς
1307 4699 1497 4763 κακίας
1553 4697 1746 4777 ἔργων,
1818 4676 1926 4752 τὶςτὲ

2023 4690 2236 4752 merito
2267 4676 2740 4778 dixin—restituta
2770 4697 2881 4778 est.
2929 4686 3061 4748 Fuit
3091 4685 3260 4778 enim
3281 4686 3514 4778 quando
3544 4687 3660 4747 hu-

288 4787 525 4849 ἐκτενεῖς
579 4773 688 4844 σου-
725 4773 840 4855 τὴν-
876 4801 1041 4868 χεῖρα
1072 4789 1156 4846 ἐπὶ
1185 4790 1249 4845 τὰ
1273 4790 1373 4855 τῆς
1403 4773 1637 4866 ἀρετῆς,
1661 4789 1751 4843 καὶ
1796 4785 1926 4842 ἀπο-

2023 4798 2198 4841 mana
2246 4787 2453 4840 natura
2498 4776 2756 4839 habebat
2799 4773 3266 4868 vim__operandi
3319 4773 3564 4856 bonum,
3594 4793 3664 4868 ac

287 4877 682 4946 καταστήσεταί
736 4899 818 4932 σοι
874 4876 1033 4944 αὕτη.
1096 4879 1326 4942 Εἰκότως
1375 4876 1428 4933 δὲ
1473 4879 1596 4934 ε’ίπε
1627 4876 1711 4952 τό,
1763 4872 1926 4931 Ἀπο-

2025 4888 2290 4945 manum,
2320 4869 2432 4929 hoc
2462 4875 2550 4928 est
2569 4864 2858 4946 operandi
2888 4863 3233 4952 emcaciam,
3268 4881 3474 4952 sanam
3510 4884 3523 4926 :
3557 4864 3663 4926 sed

288 4967 612 5032 κατεστάθη,
688 4954 783 5022 Ἠν
835 4968 935 5046 γὰρ
986 4969 1074 5022 ὃτε
1140 4969 1175 5034 ἡ
1232 4967 1529 5046 ἀνθρωπίνη
1587 4967 1736 5047 φύσις
1809 4964 1926 5042 εἶχε

2023 4968 2403 5042 posteaquam
2429 4956 2657 5047 perdita
2681 4953 3009 5047 fuit,gratia
3029 4951 3240 5014 Christi
3254 4951 3424 5047 illam
3446 4952 3662 5014 iterum

289 5056 392 5122 τὴν
446 5055 692 5134 ἐργασίαν
752 5063 847 5112 τοῦ
915 5056 1101 5132 καλοῦ,
1147 5058 1234 5112 καὶ
1291 5056 1391 5122 τὴν
1462 5057 1653 5135 χεῖρα,
1698 5053 1926 5112 τουτέστι

2020 5041 2268 5128 recepit,
2303 5057 2363 5109 et
2391 5047 2462 5107 ad
2495 5044 2760 5135 priorem
2775 5045 3097 5135 sanitatem
3127 5041 3396 5135 restituta
3429 5050 3534 5103 est.

290 5145 394 5211 τὴν
465 5131 811 5224 ἐνεργητικην
889 5131 1130 5226 δύναμιν,
1219 5147 1366 5224 ὑγιᾶ.
1636 5131 1970 5224 ἀπολέσασα,
2056 5140 2236 5219 χάριτι
2309 5144 2532 5217 Χριστοῦ
2589 5132 2819 5192 ἀπέλαϐε
2880 5135 3104 5211 ταύτην,
3181 5134 3266 5188 καὶ
3323 5131 3662 5202 ἀποκατέστη

293 5236 368 5297 εἷς
398 5237 462 5292 τὸ
491 5237 681 5315 πρώην
708 5237 925 5315 ἀγαθόν.

381 5348 408 5379 ιι
458 5307 706 5404 Ἐγένετο
748 5307 802 5382 δὲ
858 5327 913 5382 ἐν
946 5339 1068 5392 ταῖς
1124 5325 1347 5405 ἡμέραις
1419 5327 1655 5400 ταύταις,
1733 5320 1926 5389 έξῆλθεπ

2107 5317 2288 5381 Vens.
2314 5316 2521 5379 12-19.
2538 5339 2561 5371 »
2598 5312 2836 5405 Factum
2860 5319 2959 5405 est
2986 5321 3186 5372 autem
3207 5309 3267 5372 in
3289 5308 3408 5371 illis
3427 5307 3664 5386 diebus,

292 5415 368 5478 εἷς
418 5415 480 5470 τὸ
527 5401 644 5494 δ’ρος
721 5415 1122 5495 προσεύξασθαι.
1169 5401 1302 5472 litati
1389 5417 1455 5483 ἦν
1539 5412 1926 5490 διανυκτερεύωπ

2029 5408 2170 5470 exiit
2199 5408 2262 5467 in
2292 5412 2556 5468 montem
2588 5402 2661 5464 ad
2694 5401 3007 5477 orandum,
3043 5409 3284 5480 eratque
3306 5409 3666 5480 pernoctans

294 5507 352 5561 ἒν
381 5509 450 5582 τῇ
512 5489 792 5586 προσευχῇ
845 5512 938 5562 τοῦ
996 5511 1148 5567 Θεοῦ.
1177 5501 1280 5564 Καὶ
1335 5503 1423 5562 ὅτε
1493 5503 1702 5583 ἆγένετο
1745 5489 1917 5578 ἥμέρα

2026 5498 2088 5558 in
2114 5495 2539 5576 deprecatione
2568 5492 2697 5556 Dei.
2723 5490 2951 5555 Etcum
2978 5489 3108 5552 dies
3136 5490 3324 5553 factus
3349 5495 3534 5573 esset,
3561 5508 3666 5555 vo-

370 5655 441 5716 33
470 5666 629 5735 Psat.
661 5680 859 5746 xxx",
890 5665 990 5728 27.
