4132 6298
479 330 587 395 771
1370 332 1476 392 ΤΗ
1486 327 1968 392 EOPHYLACTI
2013 324 2425 389 BULGARLE
2452 324 2813 390 ARCHIEP.
3746 326 3875 395 772

472 464 625 526 cavit
653 462 981 542 discipulos
1018 479 1181 537 suos,
1218 468 1277 522 et
1314 459 1495 539 elegit
1523 458 1838 521 duodecim
1868 476 1938 519 ex
1975 457 2122 539 ipsis

2216 478 2583 536 προσεφωνησε
2639 461 2762 524 τοὺς
2835 461 3079 535 μαθητὰς
3136 458 3315 525 αὖτοῦ.
3367 464 3466 522 Καὶ
3510 463 3871 540 ἐκλεξάμενος

475 572 622 635 quos
654 561 712 613 et
741 552 1040 631 apostolos
1088 550 1413 612 nominavit
1443 570 1456 612 :
1492 549 1824 621 Simonem,
1860 567 2034 629 quem
2071 554 2128 609 et

2216 544 2302 601 ἄπ’
2362 548 2534 602 αὐτῶν
2603 544 2827 630 δώδεκα,
2888 549 2976 614 οὕς
3041 553 3128 607 καὶ
3205 550 3535 619 ἀποστόλους
3589 554 3864 630 ὠνόμασε·

478 634 713 703 Petrum
748 639 1101 715 nominavit,
1139 647 1198 699 et
1227 640 1525 702 Andream
1559 640 1799 699 fratrem
1827 638 2115 717 ejus,5ll

2216 634 2448 723 Σίμωνα,
2510 634 2569 691 ὅν
2635 639 2721 693 καὶ
2775 637 3021 714 ὠνόμασε
3080 640 3300 722 Πέτρον,
3360 643 3447 698 καὶ
3480 641 3730 723 Ἀνδρέαν
3774 644 3871 700 τὸν

479 731 760 793 Jacobum
781 728 1503 809 etJoannem,Philippum
1528 737 1586 789 et
1606 726 2123 798 Bartholomwum,

2216 721 2436 802 ἀδελφὸν
2491 729 2669 807 αὐτοῦ,
2744 726 3017 804 Ἰάκωϐον,
3091 731 3179 786 καὶ
3232 721 3508 805 Ἰωάννην,
3569 721 3868 806 Φίλιππον,

479 819 812 881 Mattbaeum
845 829 903 881 et
930 819 1248 892 Thomam,
1278 816 1566 881 Jacobum
1600 815 1826 897 Alphaai
1860 815 2046 876 ﬁlium
2072 824 2131 877 et

2216 814 2300 868 καὶ
2358 814 2779 897 Βαρθολομαῖον,
2837 822 3133 893 Ματθαϊον,
3189 820 3277 876 καὶ
3337 827 3557 896 Θωμᾶν,
3605 819 3867 880 Ἰάκωϐον

481 908 811 983 Simonem,
847 909 947 989 qui
1000 916 1239 969 vocatur
1288 907 1540 979 Zelotes,
1586 905 1796 968 Judam
1828 903 2036 967 Jacobi
2069 910 2130 967 et

2216 903 2302 957 τὸν
2357 905 2450 961 τοῦ
2503 904 2785 987 Ἀλφαίου,
2844 910 2932 964 καὶ
2990 909 3206 984 Σίμωνα
3263 910 3356 966 τὸν
3401 909 3724 987 καλούμειον
3756 920 3866 984 ζη-

479 1000 687 1061 .ludam
724 988 1090 1071 Iscariotem,
1121 997 1219 1077 qui
1250 996 1407 1057 idem
1436 995 1542 1056 fuit
1575 995 1862 1073 proditor.
1897 993 1965 1055 Et
1995 994 2130 1056 des-

2216 988 2412 1066 λωτῆν,
2491 992 2689 1051 Ἰούδαν
2760 993 3038 1079 Ἰακώϐου,
3095 1000 3182 1054 καὶ
3239 996 3433 1057 Ἰούδαν
3492 997 3867 1080 Ἰσκαριώτην,

482 1090 746 1151 cendeus
778 1108 912 1150 cum
943 1087 1064 1149 illis
1089 1087 1253 1149 stetit
1281 1087 1341 1147 in
1374 1087 1505 1147 loco
1540 1085 1884 1166 campestri,
1921 1083 2126 1145 turba-

2216 1079 2269 1170 ὅς
2326 1085 2413 1139 καὶ
2471 1084 2677 1163 ἐγένετο
2731 1086 3014 1165 προδότης.
3076 1087 3181 1150 Καὶ
3237 1088 3472 1156 καταϐὰς
3516 1079 3870 1170 μετ’ναῦτῶν,

480 1198 595 1260 que
624 1178 1048 1258 discipulorum
1074 1178 1229 1255 ejus,
1256 1184 1315 1237 et
1344 1174 1659 1237 multitudo
1681 1175 1919 1253 copiosa
1937 1173 2126 1254 plebis

2216 1168 2337 1238 ἔστη
2408 1172 2492 1229 ἐπὶ
2550 1173 2714 1234 τόπου
2768 1174 3001 1252 πεδνιοῦ,
3060 1179 3147 1235 καὶ
3176 1176 3344 1258 ὄχλος
3376 1182 3628 1253 μαθητῶν
3678 1168 3867 1261 αὖτοῦ,

487 1258 555 1331 ex
587 1270 750 1330 omni
780 1267 983 1331 Judaea
1014 1275 1070 1328 et
1096 1266 1494 1339 Hierusalem,
1521 1274 1578 1327 et
1598 1283 1633 1325 a
1661 1264 1957 1325 maritima
1977 1262 2126 1344 Tyro

2216 1262 2297 1316 καὶ
2355 1258 2557 1344 πλῆθος
2611 1262 2748 1320 πολὺ
2805 1272 2897 1322 τοῦ
2957 1264 3088 1324 λαοῦ
3114 1267 3219 1323 ἀπὸ
3267 1268 3446 1335 πάσης
3477 1274 3576 1335 τῆς
3611 1258 3870 1337 Ἰουδαίας

486 1367 543 1419 et
574 1357 796 1419 Sidone
829 1378 842 1420 :
877 1357 975 1436 qui
1007 1364 1291 1418 venerant
1336 1363 1396 1417 ut
1438 1355 1717 1415 audirent
1746 1372 1905 1429 eum,
1938 1361 1996 1413 et
2025 1340 2128 1412 sa-

2216 1351 2297 1405 καὶ
2372 1340 2739 1433 Ἰερουσαλὴμ,
2798 1355 2886 1410 καὶ
2934 1356 3032 1424 τῆς
3092 1354 3348 1435 παραλίου
3409 1358 3571 1436 Τύρου
3626 1361 3713 1416 καὶ
3760 1366 3864 1414 Σι-

485 1455 770 1509 narentur
797 1466 830 1508 a
860 1446 1085 1510 morbis
1114 1446 1239 1506 suis
1266 1467 1280 1515 ;
1312 1455 1369 1505 et
1397 1445 1496 1522 qui
1529 1443 1896 1505 vexabantur
1936 1460 1970 1502 a
1999 1442 2126 1522 spi-

2216 1436 2399 1520 δῶνος,
2461 1440 2516 1497 οἵ
2585 1441 2745 1509 ῆλθον
2792 1443 3011 1501 ἀκοῦσαι
3043 1444 3197 1502 αὒτοῦ
3228 1448 3316 1502 καὶ
3367 1448 3572 1515 ἰαθῆναι
3618 1449 3726 1505 ἀπὸ
3754 1454 3866 1505 τῶν

487 1537 701 1599 ritibus
732 1536 1059 1597 immundis
1102 1544 1158 1597 et
1200 1533 1581 1598 sanabantur.
1634 1533 1703 1595 Et
1735 1532 1930 1594 omnis
1958 1532 2129 1593 turba

2216 1528 2381 1585 νόσων
2439 1530 2632 1607 αὑτῶν,
2720 1534 2808 1589 καὶ
2865 1537 2910 1590 οἱ
2981 1532 3303 1614 ὁχλούμενοι
3358 1535 3460 1592 ὐπὸ
3542 1539 3863 1614 πνευμάτων

489 1623 790 1706 quaerebat
815 1644 948 1686 eum
985 1635 1247 1703 tangere,
1278 1624 1417 1703 quia
1445 1623 1629 1685 virtus
1679 1621 1751 1683 ab
1798 1621 1899 1682 illo
1931 1619 2129 1683 exibat

2216 1617 2538 1699 ἀκαθάρτων,
2596 1622 2682 1677 καὶ
2757 1624 3149 1700 ἐθεραπεύοντο.
3231 1626 3328 1682 Καὶ
3410 1631 3516 1689 πᾶς
3599 1628 3627 1682 ὁ
3698 1626 3869 1706 ὄχλος

486 1724 543 1777 et
572 1716 818 1776 sanabat
850 1731 1079 1776 omnes.
1123 1746 1143 1773 ι
1186 1713 1474 1775 Dominus
1502 1711 1675 1772 docet
1712 1729 1821 1771 nos
1850 1718 1914 1771 ut
1944 1728 2129 1790 opera

2216 1707 2389 1777 ἐζήτει
2450 1708 2704 1766 ἅπτεσθαι
2761 1711 2942 1788 αὐτοῦ,
3005 1711 3085 1769 ὀίτι
3184 1711 3401 1790 δύναμις
3493 1714 3619 1795 παρ’
3706 1718 3867 1773 αὐτοῦ

484 1824 590 1866 sua
621 1804 944 1879 imitemur,
975 1813 1032 1864 et
1068 1804 1220 1865 sicut
1252 1802 1378 1882 ipse
1412 1800 1567 1874 fecit,
1604 1800 1683 1861 ita
1714 1810 1771 1861 et
1808 1818 1915 1860 nos
1941 1798 2126 1860 facia-

2216 1794 2493 1875 ἒξήρχετο.
2559 1800 2656 1856 Καὶ
2704 1801 2819 1857 ἶᾶτο
2852 1802 3079 1867 πάντας.
3132 1826 3156 1857 ιι
3195 1804 3372 1863 Πάντα
3414 1817 3563 1861 ποιεῖ
3576 1794 3581 1795 ί
3617 1805 3644 1860 ὃ
3675 1808 3867 1879 Κύριος

489 1914 640 1958 mus.
684 1895 841 1957 Ecce
872 1900 1146 1955 oraturus
1178 1901 1327 1972 erat,
1360 1900 1417 1954 et
1445 1890 1717 1952 ascendit
1746 1889 1808 1950 in
1840 1897 2126 1950 montem.

2216 1882 2469 1943 διδάσκων
2510 1888 2680 1968 ἡμᾶς,
2739 1888 2830 1945 ’ίνα
2889 1892 2977 1946 καὶ
3024 1891 3189 1966 ἡμεῖς
3236 1891 3375 1948 οὕτω
3406 1898 3665 1967 ποιῶμεν,
3732 1891 3869 1950 Ἰδοὺ

487 1985 723 2050 Etenim
757 1990 990 2064 oportet
1021 1982 1195 2044 etiam
1228 2000 1336 2044 nos
1364 1999 1398 2042 a
1426 1980 1677 2060 negotiis
1701 1979 1920 2041 otiosos
1936 1996 2129 2060 orare,

2216 1981 2335 2064 γοῦν
2391 1974 2602 2064 μέλλων
2660 1975 2919 2058 εὔξασθαι,
2980 1978 3145 2035 ἅνεισί
3200 2001 3257 2036 τε
3316 1981 3389 2045 εἰς
3419 1979 3537 2061 ὄρος
3614 1983 3711 2039 Καὶ
3763 1982 3867 2061 γὰρ

488 2083 545 2135 et
576 2092 694 2135 non
723 2061 1013 2135 in_medio
1062 2072 1407 2152 multorum,
1441 2072 1545 2133 sed
1584 2074 2023 2150 pernoctantes,
2059 2086 2134 2130 ne

2216 2061 2297 2119 δεῖ
2352 2062 2718 2142 σχολάζοντας
2775 2068 3189 2149 προσεύχεσθαι,
3212 2070 3299 2126 καὶ
3353 2070 3430 2145 μῆ
3458 2067 3512 2125 ἐν
3542 2069 3691 2145 μέσῳ
3720 2070 3868 2127 πολ-

491 2164 687 2225 statim
721 2172 783 2224 ut
831 2165 1213 2243 coeperimus,
1250 2151 1574 2222 cessemus.
1626 2158 1764 2220 Post
1805 2157 2132 2219 orationem

2219 2152 2347 2227 λῶν,
2416 2151 2553 2209 ἀλλὰ
2608 2157 2693 2214 καὶ
2750 2154 3263 2236 διανυκτερεύοντας,
3322 2160 3400 2235 μὴ
3455 2158 3601 2222 εὐθὺς
3633 2159 3864 2235 ἱσταμέ-

488 2262 685 2315 autem
719 2252 898 2330 elegit
920 2250 1553 2331 discipulos,utdoceat
1576 2249 1751 2309 etiam
1770 2265 1879 2308 nos
1900 2247 2134 2327 quando

2221 2264 2338 2307 νους
2409 2244 2482 2308 εἰς
2552 2246 2885 2326 προσευχὴν,
2916 2247 3038 2303 εἶτα
3066 2246 3477 2326 ἀφισταμένους,
3511 2249 3655 2306 Μετὰ
3684 2244 3738 2303 δὲ
3767 2249 3869 2318 τὴν

494 2341 834 2424 quempiam
869 2341 929 2401 in
962 2330 1269 2421 spirituale
1302 2337 1697 2399 ministerium
1730 2355 1935 2397 sumus
1966 2335 2133 2397 ordi-

2221 2332 2388 2424 εὖχῆν
2421 2330 2733 2424 ῌέκλέγεται
2789 2336 2910 2424 τοὺς
2968 2338 3233 2424 μαθητὰς,
3302 2339 3377 2401 ὡς
3433 2335 3496 2394 ἄν
3547 2334 3726 2415 διδάξῃ
3776 2339 3867 2394 καὶ

496 2418 695 2494 riaturi
718 2448 851 2491 cum
891 2418 1169 2511 precibus
1218 2429 1375 2489 hunc
1427 2427 1742 2505 eligamus,
1772 2434 1837 2488 ut
1885 2425 2134 2486 doi'tisa

2221 2422 2365 2495 ἡμᾶς
2417 2418 2869 2498 ὅτανιμέλλωμέν
2926 2445 3042 2481 τινα
3097 2426 3166 2487 εἰς
3201 2423 3465 2483 διακονίαν
3495 2429 3666 2483 θεῖναι
3695 2447 3865 2486 πνευ-

496 2521 620 2583 Deo
652 2528 710 2582 et
749 2519 825 2581 ab
858 2519 961 2580 illo
985 2516 1327 2599 petentibus
1352 2518 1574 2578 revelet
1603 2515 1736 2595 quis
1766 2514 2017 2576 idoneus
2040 2513 2134 2575 sit.

2222 2512 2474 2599 μαέικὴν,
2538 2512 2671 2587 μετὰ
2733 2517 2902 2592 εὐχῆς
2960 2521 3115 2572 τοῦτο
3142 2518 3425 2596 αἱρεῖσθαι,
3476 2514 3865 2594 ὁδηγουμὲνους

494 2608 829 2689 Assumpsit
860 2598 1000 2686 ergo
1028 2607 1371 2682 duodecim,
1406 2605 1835 2686 descenditque
1858 2623 1993 2666 cum
2022 2603 2134 2665 illis

2220 2598 2322 2653 ὑπὸ
2380 2605 2534 2673 Θεοῦ,
2601 2601 2690 2656 καὶ
2748 2601 3100 2689 παρἰὲκείνου
3128 2604 3401 2669 αἰτοῦντας
3430 2604 3865 2682 ἀποκαλυφθῆναι

496 2699 572 2761 de
603 2682 802 2760 monte
832 2718 849 2771 ;
879 2682 956 2759 ut
972 2716 1075 2760 eos
1096 2697 1196 2777 qui
1225 2716 1295 2758 ex
1326 2695 1577 2758 urbibus
1608 2682 1912 2767 venerant,
1944 2702 2134 2769 sanet,

2221 2688 2358 2762 ἡμῖν
2429 2688 2518 2743 τὸν
2576 2686 2815 2764 δόκιμον.
2879 2682 3165 2767 Ἐλόμενος
3222 2691 3279 2749 δὲ
3334 2696 3454 2760 τοὺς
3484 2692 3709 2772 δώδεκα,
3742 2696 3869 2750 κάτ-

489 2788 813 2869 etgeminis
839 2787 1151 2850 beneficiis
1185 2785 1666 2867 prosequatur,in
1690 2785 1889 2847 anima
1911 2784 2134 2847 scilicet

2223 2800 2356 2836 εισιν
2415 2780 2475 2837 ἐκ
2533 2780 2626 2839 λοῦ
2675 2782 2852 2863 ὀρους,
2923 2786 2994 2849 ὡς
3058 2784 3120 2842 ἂν
3176 2787 3294 2851 τοὺς
3351 2785 3457 2843 ἀπὸ
3483 2790 3588 2843 τῶν
3650 2786 3866 2843 πόλεων

486 2868 859 2957 accorpore.
892 2876 1047 2937 Audi
1099 2876 1257 2937 enim
1294 2877 1434 2955 quid
1479 2875 1634 2937 dicat
1669 2896 1683 2938 :
1737 2873 2043 2938 Venerunt
2075 2872 2134 2935 ul

2218 2868 2465 2934 ἐλθόντας
2528 2871 2764 2955 ἰάσηται,
2839 2875 2927 2930 καὶ
2980 2872 3179 2957 διπλῶς
3236 2875 3555 2957 εὖεργετῂσῃ
3612 2877 3749 2931 κατὰ
3804 2896 3865 2931 τε

486 2952 763 3028 audirent
793 2984 952 3039 eum,
991 2965 1146 3047 quod
1178 2966 1248 3026 ad
1283 2952 1496 3026 animai
1527 2983 1728 3026 curam
1761 2963 2131 3044 pertinebat:

2219 2960 2406 3040 ψυχὴν
2448 2961 2534 3016 καὶ
2563 2952 2698 3017 κατὰ
2728 2968 2905 3037 σῶμα.
2956 2952 3163 3021 ’Ἄκουε
3192 2952 3423 3043 γὰρ,ὅτι
3453 2952 3641 3020 Ἠλθον
3689 2963 3861 3019 ἀκοῦ-

489 3064 549 3117 et
578 3063 934 3117 sanarentur
961 3073 997 3115 ο
1042 3053 1267 3115 morbis
1297 3054 1442 3129 suis,
1496 3054 1608 3115 hoc
1661 3054 1735 3115 de
1785 3053 2134 3135 corporibus

2221 3071 2308 3105 σαι
2364 3053 2543 3121 αὖτοῦ,
2621 3056 2776 3107 τοῦτο
2805 3051 2947 3108 ἔστιν
3004 3054 3037 3120 ἡ
3095 3058 3201 3109 τῶν
3234 3053 3425 3133 ψυχῶν
3468 3052 3737 3131 θεραπεία,
3768 3053 3859 3107 καὶ

488 3145 654 3208 dicit.
680 3144 914 3206 Etenim
945 3145 1127 3204 virtus
1149 3143 1222 3205 ab
1246 3143 1346 3207 illo
1370 3143 1876 3223 egrediebatur,et
1896 3144 2138 3204 sanabat

490 3252 725 3296 omnes.
754 3233 903 3295 Nam
940 3234 1244 3314 prophetae
1266 3233 1443 3295 etalii
1473 3233 1657 3295 sancti
1690 3251 1807 3293 non
1839 3232 2137 3295 habebant

489 3324 764 3384 virtutem
798 3342 830 3384 a
861 3341 926 3384 se
957 3322 1388 3399 egredientem.
1417 3321 1547 3384 Non
1569 3324 1728 3384 enim
1761 3318 2133 3403 fueruntipsi

490 3412 684 3474 fontes
714 3412 1020 3474 virtutum.
1056 3413 1134 3477 At
1163 3411 1451 3473 Dominus
1482 3411 1688 3472 habuit
1716 3411 1993 3473 virtutem
2020 3430 2136 3475 ase

490 3502 922 3578 egredientem,
957 3500 1440 3582 quandoquidem
1480 3500 1610 3579 ipse
1654 3500 1785 3561 fons
1829 3501 2126 3561 virtutum.

488 3590 559 3652 Et
591 3592 671 3654 ita
700 3592 1006 3673 prophetae
1040 3610 1107 3653 ac
1136 3591 1321 3653 sancti
1349 3590 1627 3653 virtutem
1673 3607 1842 3651 suam
1874 3607 2135 3670 superne

488 3688 876 3762 acceperunt.

2219 3138 2427 3205 ἰαθῆναι
2480 3139 2587 3195 ἀπὸ
2642 3146 2749 3196 τῶν
2816 3142 2985 3198 νόσων
3036 3145 3233 3222 αὐτῶν,
3294 3152 3471 3219 τοῦτο,
3504 3144 3539 3210 ἡ
3594 3143 3699 3198 τῶν
3747 3159 3866 3194 σω-

2220 3226 2425 3301 μάτων·
2490 3226 2712 3305 δέναμις
2769 3230 2869 3309 γὰρ
2925 3228 3051 3310 παρ’
3106 3232 3264 3289 αὐτοῦ
3324 3230 3580 3312 ἐξήρχετο
3612 3230 3697 3286 καὶ
3746 3228 3866 3284 ὶᾶτο

2218 3317 2444 3380 πάντας,
2534 3321 2593 3375 Οἱ
2650 3319 2750 3394 μὲν
2793 3322 2892 3398 γὰρ
2920 3319 3186 3398 προφῆται
3231 3322 3319 3378 καὶ
3348 3324 3395 3377 οἱ
3418 3321 3570 3378 ἄλλοι
3598 3319 3738 3396 ἅγιοι
3767 3320 3863 3385 οὒκ

2219 3405 2381 3485 εἶχον
2440 3405 2657 3483 δύναμιν
2724 3406 3079 3488 ἐξερχομένην
3131 3407 3225 3465 ἀπ’
3257 3412 3451 3477 αὐτῶνθ
3485 3411 3545 3465 οὗ
3570 3410 3671 3486 γὰρ
3729 3411 3866 3476 ἦσαν

2218 3496 2361 3551 αὐτοὶ
2429 3498 2600 3573 πηγαὶ
2656 3494 2946 3571 δυνάμεων,
3012 3488 3067 3553 ¢0
3123 3494 3177 3550 δὲ
3208 3498 3395 3575 Κύριος
3440 3495 3658 3569 δὺναμιν
3701 3496 3871 3575 εἶχον

2216 3580 2572 3662 ἐξερχομένην
2630 3582 2725 3640 ἀπ’
2783 3584 2960 3641 αὐτοῦ’
3023 3585 3181 3648 αὐτὸς
3215 3585 3314 3664 γὰρ
3369 3587 3437 3651 ἧν
3465 3586 3499 3652 ἡ
3763 3589 3866 3652 τῆς

2214 3667 2508 3747 δυνάμεως.
2583 3664 2674 3737 Ὠς
2733 3674 2788 3729 οἵ
2845 3695 2907 3752 γε
2937 3673 3205 3754 προφῆται
3234 3676 3322 3730 καὶ
3353 3676 3399 3732 οἱ
3432 3671 3572 3754 ἅγιοι
3612 3670 3866 3753 ἐδέχοντο

2214 3759 2419 3834 μᾶλλον
2447 3762 2614 3819 ἄνωθε
2630 3787 2647 3819 θ
2678 3762 2918 3840 δύναμιν,

569 3857 752 3921 Vsus.
793 3858 997 3921 20-26.
1038 3878 1067 3917 ‹
1098 3858 1167 3919 Ει
1216 3859 1341 3939 ipse
1370 3856 1652 3919 attollens
1682 3856 1885 3918 oculos
1907 3874 2043 3919 suos
2068 3856 2130 3918 in

2299 3871 2327 3903 σι
2391 3854 2488 3909 Καὶ
2540 3854 2697 3916 αὐτὸς
2754 3851 2951 3931 ἐπάρας
3008 3853 3131 3917 τοὺς
3218 3851 3518 3934 ὀφθαλμοὺς
3579 3853 3737 3909 αὐτοῦ
3789 3852 3865 3919 εἰς

485 3947 830 4026 discipulos,
857 3946 1131 4009 dicebat:
1169 3947 1331 4008 Beati
1355 3964 1663 4028 pauperes,
1700 3948 1840 4026 quia
1866 3955 2127 4008 vestrum

2216 3940 2333 4005 τοὺς
2358 3943 2599 4015 μαθητὰς
2659 3943 2838 4024 αὐτοῦ,
2912 3941 3087 4022 ἔλεγε·
3172 3944 3435 4022 Μακάριοι
3524 3943 3571 3998 οἱ
3624 3941 3862 4021 πτωχοὶ,

482 4046 571 4096 est
603 4053 853 4114 regnum
878 4035 1184 4097 Dei.Beali
1215 4036 1317 4116 qui
1348 4035 1587 4098 esuritis
1613 4054 1795 4116 nunc,
1820 4034 1959 4117 quia
1978 4044 2132 4096 satu-

2216 4028 2293 4085 ὅτι
2347 4032 2573 4111 ὑμετέρα
2629 4032 2769 4091 ἐστὶν
2826 4035 2860 4101 ἡ
2905 4033 3149 4110 βασιλεία
3178 4055 3271 4089 του
3300 4032 3455 4096 Θεοῦ,
3510 4032 3770 4111 Μακάριοι
3814 4030 3863 4085 οἱ

487 4124 786 4188 rahimini.
809 4124 973 4189 Beati
1006 4125 1104 4206 qui
1128 4126 1284 4187 ﬂetis
1307 4143 1485 4200 nunc,
1513 4124 1652 4205 quia
1672 4124 2133 4188 ridebitis.Beati

2216 4117 2487 4184 κλαίοντες
2546 4128 2654 4197 νῦν,
2714 4120 2795 4179 ὅτι
2882 4122 3158 4200 γελάσετε,
3242 4121 3502 4201 Μακάριοί
3555 4123 3675 4178 ὶστε
3733 4118 3863 4175 ὅταν

487 4145 786 4188 ranimim.
809 4145 973 4189 Deall
1006 4145 1104 4276 qs"
1128 4145 1284 4187 nens
1307 4145 1485 4200 nunc,
1513 4145 1652 4205 quia
1672 4145 2133 4188 naenmsmeau

486 4214 651 4276 eritis
682 4233 816 4275 cum
848 4233 950 4275 vos
991 4234 1023 4275 ο
1072 4216 1225 4276 erint
1277 4213 1573 4291 homines,
1628 4222 1685 4275 et
1732 4213 2134 4294 separaverint

2216 4145 2487 4184 κΑαιοντες
2546 4145 2654 4197 νυν,
2714 4145 2795 4179 οτι
2882 4145 3158 4200 γεΑασετε,
3243 4145 3501 4201 Μακαριοι
3558 4145 3675 4178 εστε
3733 4145 3863 4175 οταν

2218 4210 2517 4285 μισήσωσιν
2571 4212 2708 4286 ὑμᾶς
2772 4214 2818 4268 οἱ
2890 4213 3176 4289 ἅνθρωποι,
3208 4213 3296 4269 καὶ
3325 4212 3643 4292 ἀφορίσωσιν
3698 4210 3865 4284 ὑμᾶς,

488 4321 616 4380 vos,
643 4311 700 4365 et
729 4303 1303 4383 exprobraverint,et
1335 4304 1857 4383 ejecerintuomen
1876 4311 2131 4365 vestrum

2217 4301 2305 4354 καὶ
2350 4297 2664 4382 ὀνειδίσωσι,
2735 4302 2821 4357 καὶ
2866 4299 3131 4359 ἐκϐάλωσι
3161 4303 3222 4357 τὸ
3251 4300 3417 4377 ὄνομα
3472 4301 3620 4360 ὑμῶν
3649 4301 3723 4364 ὡς
3754 4319 3861 4354 πο-

484 4403 762 4474 tanquam
797 4382 1015 4454 malum
1050 4404 1293 4475 propter
1317 4382 1531 4456 Filium
1556 4393 1839 4454 hominis.
1871 4392 2132 4455 Gaudete

2217 4390 2399 4468 νηρὸν,
2458 4388 2612 4447 ἕνεκα
2666 4397 2758 4447 τοῦ
2824 4392 2945 4450 Υἱοῦ
3013 4398 3107 4448 τοῦ
3162 4390 3457 4475 ἀνθρῴπου.
3533 4389 3753 4469 Χαίρετε
3811 4385 3865 4441 ἐν

484 4484 545 4543 in
579 4471 683 4545 illo
711 4483 808 4543 die
839 4491 896 4544 et
930 4471 1219 4544 exsultate
1251 4504 1263 4545 :
1298 4502 1439 4545 ecce
1470 4483 1628 4544 enim
1679 4500 1911 4545 merces
1940 4489 2133 4545 vestra

2216 4479 2387 4555 εκείνη
2435 4501 2501 4552 τᾳ
2558 4481 2734 4560 ἡμέρᾳ
2790 4481 2878 4537 καὶ
2908 4482 3252 4560 σκιρτήσατε.
3286 4471 3414 4537 Ἰδοὺ
3444 4479 3544 4558 γὰρ
3574 4480 3603 4533 ὁ
3674 4477 3862 4552 μισθὸς

490 4572 674 4633 multa
695 4581 783 4634 est
811 4572 873 4633 in
904 4572 1092 4636 caelis.
1118 4574 1461 4635 Secundum
1493 4572 1619 4634 haec
1650 4576 1809 4634 enim
1837 4572 2133 4635 faciebant

2216 4568 2359 4643 ὑμῶν
2412 4568 2579 4634 πολὺς
2635 4571 2689 4624 ἐν
2744 4583 2864 4635 τοῖς
2945 4574 3216 4650 οὒρανοτς.
3304 4569 3449 4628 Κατὰ
3520 4576 3685 4627 ταῦτα
3762 4566 3862 4645 γὰρ

488 4662 792 4742 prophetis
824 4671 1018 4742 patres
1067 4680 1296 4724 eorum.
1355 4664 1781 4725 Verumtamen
1840 4682 1925 4724 va;
1965 4663 2133 4724 vobis

488 4750 795 4825 divitibus,
826 4753 966 4832 quia
993 4751 1228 4814 habetis
1253 4752 1718 4815 consolationem
1746 4751 2133 4815 vestram.Vae

489 4839 653 4904 vobis
685 4841 786 4921 qui
816 4841 1062 4905 saturati
1093 4843 1235 4904 estis
1285 4861 1465 4919 nunc,
1520 4843 1657 4923 quia
1700 4843 1999 4906 esurietis.
2033 4844 2135 4903 Vae

2212 4658 2420 4713 ἒποίουν
2487 4672 2607 4723 τοῖς
2672 4662 2969 4739 προφήταις
3032 4662 3080 4715 οι
3152 4658 3373 4738 πατέρες
3458 4656 3653 4716 αὐτῶν.
3716 4653 3862 4723 Πλὴν

2213 4749 2327 4804 οὐαὶ
2377 4749 2506 4824 ὑμῖν
2561 4761 2679 4814 τοῖς
2734 4747 3033 4829 πλουσίοις,
3105 4748 3187 4806 ὅτι
3251 4748 3485 4829 ἀπέχετε
3531 4747 3629 4815 τὴν
3682 4745 3862 4824 παρά-

2213 4835 2406 4904 κλησιν
2458 4838 2630 4913 ὑμῶν.
2688 4840 2819 4898 Οὐαὶ
2874 4840 3029 4916 ὑμῖν,
3061 4842 3109 4895 οι
3139 4836 3581 4916 ἐμπεπλησμένοι
3614 4843 3726 4911 ὧν,
3773 4833 3857 4891 ὅτι

489 4930 657 4993 vobis
687 4930 786 5012 qui
818 4930 1025 4993 ridetis
1056 4950 1238 5007 nunc,
1272 4933 1412 5011 quia
1461 4931 1741 5013 lugebitis
1787 4942 1844 4995 et
1890 4931 2131 4994 ﬂebitis.

2216 4928 2512 4987 πεινάσετε.
2573 4931 2699 4987 Οὐαὶ
2753 4931 2905 5010 ὑμῖν,
2994 4932 3042 4986 οἱ
3085 4927 3348 5009 γελῶντες
3404 4934 3519 5001 νῦν,
3547 4925 3630 4983 ὅτι
3658 4926 3862 4995 πενθή-

488 5018 591 5082 Vm
612 5038 747 5081 cum
793 5020 1164 5082 laudaverint
1202 5039 1304 5082 vos
1333 5040 1542 5084 omnes
1572 5021 1869 5085 homines.
1904 5019 2134 5083 Secun-

2219 5037 2338 5072 σετε
2395 5018 2483 5073 καὶ
2551 5017 2831 5080 κλαὺσετε.
2902 5020 3028 5077 Οὐαὶ
3085 5018 3209 5077 ὅταν
3268 5024 3448 5081 καλῶς
3502 5020 3641 5093 ὑμᾶς
3668 5014 3862 5072 εἴπωσι

487 5109 627 5171 dum
657 5110 788 5172 haec
831 5111 987 5172 enim
1033 5109 1331 5173 faciebant
1376 5110 1913 5193 pseudoprophetis
1943 5118 2134 5191 patres

2220 5107 2411 5172 πάντες
2464 5112 2511 5166 οἱ
2581 5106 2863 5189 ἅνθρωποι.
2929 5109 3074 5167 Κατὰ
3131 5108 3295 5165 ταῦτα
3348 5108 3449 5187 γὰρ
3507 5105 3715 5163 ἐποίουν
3745 5116 3865 5169 τοῖς

488 5218 719 5264 eorum.
759 5202 1113 5282 nPostquam
1142 5200 1800 5283 ordinavitdiscipulns,
1828 5220 1932 5282 per
1951 5200 2134 5263 beati-

2219 5195 2676 5280 ψευδοπροφήταις
2736 5202 2783 5255 οἷ
2812 5199 3035 5279 πατέρες
3080 5197 3275 5262 αὖτῶν,
3331 5220 3354 5255 ε
3392 5198 3539 5254 Μετὰ
3583 5196 3644 5265 τὸ
3675 5216 3870 5276 χειρο-

489 5292 726 5353 tudines
757 5299 814 5352 et
845 5291 1145 5353 doctrinas
1173 5292 1232 5351 in
1268 5291 1540 5353 ordinem
1568 5293 1751 5372 magis
1767 5293 2133 5375 spiritualem

2216 5293 2437 5356 τονῆσαι
2485 5290 2606 5354 τοὺς
2663 5291 2927 5364 μαθητὰς,
2984 5289 3210 5368 ῥυθμίζει
3281 5288 3469 5347 αὐτοὺς
3528 5285 3612 5343 διὰ
3661 5306 3719 5341 τε
3761 5283 3868 5339 τῶν

489 5380 713 5442 inducit
746 5399 813 5441 ac
844 5382 1170 5461 componit.
1207 5380 1351 5443 Nam
1376 5381 1447 5442 ad
1485 5382 1621 5445 illos
1642 5400 1707 5444 se
1727 5390 1968 5443 vertens
1994 5400 2126 5444 ser-

2216 5386 2568 5459 μακαρισμῶν
2618 5380 2704 5434 καὶ
2772 5383 2872 5446 τῆς
2945 5377 3285 5443 διδασκαλίας
3318 5381 3414 5447 εἰς
3498 5395 3870 5451 πνευματικω-

491 5488 727 5531 nionem
758 5470 916 5532 facit.
954 5476 1024 5532 Et
1061 5470 1318 5550 primum
1371 5470 1575 5533 beatos
1618 5472 1761 5534 dicit
1810 5489 2123 5555 pauperes,

2216 5468 2360 5548 πέραν
2410 5470 2752 5532 κατάστασιν,
2830 5471 2964 5548 Πρὸς
3023 5469 3123 5548 γὰρ
3182 5470 3369 5532 αὐτοὺς
3451 5466 3864 5540 ἀποτεινόμενος

488 5559 626 5617 ⁸512
659 5559 780 5619 sive
810 5558 1062 5620 humiles
1078 5559 1412 5638 intelligere
1439 5560 1717 5629 volueris.
1746 5562 1873 5623 sive
1895 5580 1930 5624 a
1951 5580 2127 5643 pecu-

2216 5573 2445 5616 ποιετται
2528 5559 2620 5615 τὸν
2687 5557 2871 5638 λόγον,
2942 5558 3041 5616 Καὶ
3097 5560 3309 5638 πρῶτον
3393 5558 3671 5637 μακαρίζει
3741 5559 3867 5637 τώς

487 5645 600 5708 nise
656 5648 980 5728 cupiditate
1032 5648 1281 5711 alienos.
1336 5648 1403 5711 Et
1465 5669 1670 5712 sumes
1727 5651 2124 5715 beatitudiues

2216 5650 2481 5730 πτωχοὺς,
2556 5648 2665 5705 εἴτε
2724 5650 2843 5714 τούς
2919 5649 3345 5728 ταπεινόφρονας
3409 5644 3653 5726 βούλοιο
3700 5662 3850 5706 νοεῖν
