4170 6282
311 344 431 414 773
1052 352 1496 419 ENARRATIO
1538 354 1623 419 IN
1670 351 2176 418 EVANGELIUM
2222 349 2464 415 LUC/E.
2512 380 2585 397 -
2633 353 2795 415 CAP.
2846 346 2948 416 VI.
3580 351 3697 417 774

309 488 421 544 εἴτε
494 489 638 568 τοὺς·
677 487 1030 568 ἀφιλάργυρον
1098 490 1326 570 ἔχοντας
1353 493 1448 547 τὸν
1476 490 1695 569 τρόπον.
1753 479 1948 544 Ἀπλῶι

2049 482 2403 563 simpliciter
2418 484 2808 562 frugalitatem
2829 503 2937 545 nos
2959 484 3253 546 docentac
3277 483 3697 559 humilitatem,

306 577 361 632 δὲ
432 578 628 639 πάντες
686 580 733 634 οἱ
792 585 1117 658 μακαρισμοὶ
1173 579 1439 637 εὐτέλειαν
1466 582 1610 655 ἡμᾶς
1640 576 1940 634 διδάσκουσι

2053 581 2109 632 et
2140 580 2546 652 contemptum
2578 591 2645 634 ac
2677 573 2998 654 opprobria
3029 573 3292 634 ferenda:
3317 574 3700 654 quemadmo-

304 668 393 723 καὶ
477 666 794 723 ταπείνωσιν
891 670 979 725 καὶ
1038 667 1372 733 ἐξουδένωσιν
1462 671 1551 725 καὶ
1642 664 1938 739 ὀνειδισμόν

2053 661 2191 722 dum
2228 670 2284 721 et
2312 680 2395 722 vae
2425 660 2627 739 dirigit
2656 662 2715 722 in
2748 662 2963 723 divites
2996 663 3171 742 hujus
3202 664 3430 743 saeculi,
3467 681 3617 743 quos
3638 670 3697 723 et

309 746 532 835 ’Ὠσπερ
589 757 678 813 οὖν
732 758 821 813 καὶ
879 759 943 813 τὸ
972 759 1098 814 Οὐαὶ
1128 758 1346 822 ἐκείνοις
1396 758 1817 836 ἀποκληροῦται,
1847 766 1948 809 τοῖς

2051 750 2519 811 consolationem
2541 749 2763 812 habere
2786 752 3073 825 dicit,hoc
3099 753 3314 825 est,hic
3337 755 3395 813 in
3420 751 3702 834 praesenti

302 866 362 901 τε
423 844 699 908 πλουσίοις
754 846 808 901 ἐν
858 854 934 922 τῷ
1002 849 1091 903 νῦν
1130 849 1303 928 αἰῶνι,
1366 847 1453 914 οὕς
1496 849 1583 905 καὶ
1609 845 1838 924 ἀπέχειν
1866 842 1948 909 τὴς

2050 840 2266 901 sazculo
2304 839 2565 900 lastitiam
2600 841 2898 920 accipere,
2933 852 2989 901 et
3015 842 3239 922 ridere,
3283 851 3341 901 et
3377 841 3434 900 in
3470 840 3703 903 deliciis

303 934 639 1013 παράκλησίν
723 958 910 1016 φησιν,
973 936 1088 993 ἀντὶ
1144 939 1235 994 τοῦ
1316 936 1416 994 ὧδε
1476 937 1530 992 ἐν
1583 940 1661 1011 τῷ
1741 931 1948 1011 παρόντι

2047 947 2115 989 ac
2151 928 2427 989 laudibus
2458 931 2648 991 claros
2682 929 2897 992 vivere.
2923 929 3703 1010 Horreamus,fratres,quia

301 1028 452 1083 αἰῶνι
509 1025 913 1102 ἀπολαμϐάνειν
976 1029 1077 1097 τὴν
1129 1030 1472 1109 εὐφροσύνην,
1531 1030 1617 1085 καὶ
1688 1040 1804 1088 τοῖς
1862 1044 1948 1102 γε·

2050 1035 2133 1109 vae
2166 1016 2511 1109 habentgqui
2532 1016 2607 1109 ab
2628 1017 3327 1109 hominibuslaudantur.
3357 1017 3545 1109 ‘Decet
3576 1018 3704 1098 qui-

298 1113 461 1196 λῶσι,
519 1120 607 1174 καὶ
657 1124 913 1198 τρυφῶσι,
993 1119 1078 1175 καὶ
1161 1104 1580 1195 ἐπαινουμένοις.
1662 1115 1948 1196 Φρίξωμενι

2045 1108 2180 1198 ἀειη
2201 1115 2263 1166 ut
2284 1114 2343 1198 et
2363 1106 2435 1167 ab
2456 1106 2795 1167 hominibus
2817 1107 3149 1180 laudemur,
3175 1108 3279 1167 sed
3304 1104 3469 1189 prius
3488 1127 3521 1167 a
3544 1110 3665 1198 Deo
3682 1154 3695 1167 .

299 1203 542 1285 ἀδελφοὶ,
576 1207 693 1271 πὼς
724 1197 785 1263 τό
840 1209 964 1265 Οὺαὶ
1011 1207 1213 1288 ἔχωσιν
1270 1212 1316 1267 οἱ
1374 1209 1515 1288 παρά
1556 1209 1662 1268 τῶν
1732 1203 2020 1278 ἀνθρώπων
2078 1197 2473 1271 ἐπαινούμενοι.
2536 1207 2631 1251 Δεῖ
2689 1197 2785 1271 μὲν
2842 1200 3058 1277 γὰρκαὶ
3088 1199 3227 1276 παρὰ
3259 1202 3365 1251 τῶν
3398 1197 3689 1276 ἀνθρώπων

299 1295 652 1370 ἐπαινεῖσθαι,
688 1295 824 1353 ἁλλά
868 1298 1123 1378 πρότερον
1155 1300 1261 1356 ἀπὸ
1293 1308 1445 1359 Θεοῦ.

389 1408 416 1438 ι
473 1382 641 1441 Ἀλλά
681 1386 809 1461 ὑμῖν
855 1385 996 1465 λέγω
1023 1377 1140 1454 τοῖς
1182 1389 1482 1447 ἀκούουσιν*
1521 1377 1788 1467 Ἀγαπᾶτε
1832 1386 1955 1448 τοὺς

300 1472 522 1554 ἐχθροὺς
590 1475 759 1549 ὑμῶν.
824 1475 1013 1541 Καλῶς
1066 1491 1276 1535 ποιεῖτε
1332 1492 1453 1542 τοῖς
1511 1477 1758 1555 μισοῦσιν
1786 1478 1947 1552 ὑμᾶς,

302 1563 589 1642 Εὗλογεῖτε
636 1566 761 1631 τοὺς
812 1568 1218 1647 καταρωμένους
1247 1571 1404 1644 ὑμᾶς,
1456 1570 1543 1625 καὶ
1590 1566 1947 1645 προσεύχεσθε

2037 1556 2308 1617 inimicos
2339 1566 2592 1638 vestros,
2628 1556 2964 1618 benefacite
3011 1558 3104 1619 bis
3135 1557 3231 1634 qui
3265 1573 3369 1617 vos
3408 1557 3683 1619 oderunt.

297 1652 428 1732 ὒπὲρ
484 1660 588 1712 τῶν
648 1643 1047 1734 ἐπηρεαζόντων
1117 1643 1289 1733 ὑμᾶς,
1347 1666 1434 1733 Τῷ
1462 1643 1707 1715 τύπτοντί
1755 1643 1828 1712 σε
1860 1656 1945 1711 ἐπὶ

2037 1644 2373 1707 Benedicite
2406 1645 2901 1707 maledicentibus
2930 1643 3125 1721 vobis,
3159 1653 3216 1705 et
3246 1654 3407 1706 orate
3440 1663 3543 1725 pro
3577 1663 3695 1707 ca-v

297 1743 399 1809 τὴν
457 1744 703 1825 σιαγόνα,
762 1746 968 1826 πάρεχε
1019 1748 1109 1803 καὶ
1163 1748 1264 1815 τὴν
1334 1747 1528 1828 ἀλλην³
1603 1748 1692 1804 καὶ
1721 1746 1826 1801 ἀπὸ
1854 1751 1946 1801 τοῦ

2037 1737 2461 1799 Iumniantibus
2480 1737 2974 1799 vos.Percutienti
3004 1738 3132 1798 tein
3158 1736 3682 1818 maxillam,praebe

298 1830 546 1910 αἴροντός
600 1855 694 1890 σου
719 1834 781 1890 τὸ
810 1837 1040 1916 ἱμάτιον,
1076 1838 1281 1893 καὶτὸν
1310 1826 1523 1917 χιτῶνα
1567 1836 1646 1912 μὴ
1674 1834 1941 1911 κωλύσῃς.

2037 1826 2358 1889 θιιειιιετδηι
2391 1848 2404 1882 :
2441 1837 2497 1887 et
2518 1826 2591 1887 ab
2625 1846 2695 1926 eo
2727 1828 2828 1907 qui
2849 1827 3045 1926 anufert
3074 1827 3175 1887 tibi
3210 1826 3479 1926 pallium,
3503 1826 3694 1926 etiam,

302 1924 463 1977 Παντὶ
517 1921 571 1978 δὲ
629 1930 706 1998 τῷ
764 1926 989 1982 αἰτοῦντί
1018 1915 1077 1981 σε
1106 1924 1263 1987 δίδου.
1314 1915 1410 1985 Καὶ
1445 1927 1551 1982 ἀπὸ
1580 1934 1674 1984 τοῦ
1701 1924 1946 2004 α’ἷροντος

2037 1917 2156 1981 noli
2185 1919 2439 1979 tunicam
2476 1916 2819 1997 prohibere.
2862 1915 3038 1979 Omni
3060 1927 3257 1978 autem
3292 1915 3549 1994 exigenti
3578 1915 3684 1977 abs

298 2010 365 2065 τὰ
421 2011 487 2067 σά
543 2011 621 2085 μὴ
680 2012 915 2076 ἀπαίτει.
980 2012 1085 2075 Καὶ
1139 2017 1313 2079 καθὼς
1362 2013 1539 2071 θέλετε
1581 2014 1674 2071 ’ίνα
1726 2020 1945 2070 ποιῶσιν

2037 2012 2107 2073 te.
2147 2006 2381 2068 tribue:
2416 2014 2475 2067 et
2502 2005 2573 2067 ab
2606 2024 2674 2067 eo
2706 2007 2807 2086 qui
2851 2005 3044 2067 aufert
3089 2023 3219 2085 quae
3271 2012 3366 2065 tua
3409 2012 3570 2080 sunt,
3607 2022 3683 2065 ne

299 2101 427 2175 ὑμῖν
501 2102 548 2155 ol
607 2099 895 2182 ἄνθρωποι,
941 2107 1028 2161 καὶ
1057 2106 1213 2180 ὑμεῖς
1243 2118 1451 2161 ποιεῖτε
1482 2107 1664 2167 αὐτοῖς
1723 2103 1945 2177 ὁμοίως.

2037 2111 2311 2171 reposcas
2337 2117 2350 2159 :
2393 2105 2450 2156 et
2474 2104 2647 2176 prout
2667 2094 2839 2156 vultis
2868 2104 2928 2155 ut
2947 2096 3169 2182 faciant
3188 2093 3354 2155 vobis
3376 2093 3677 2173 homines,

2117 1462 2298 1526 VERS.
2329 1462 2709 1527 27-36.:Sed
2732 1462 2901 1524 vobis
2925 1464 3055 1524 dico
3078 1464 3177 1543 qui
3199 1461 3687 1540 auditis:Diligite

304 2190 400 2246 Kal
458 2190 501 2245 εἰ
570 2190 809 2267 ἀγαπᾶτε
853 2195 978 2258 τοὺς
1032 2195 1353 2272 ἀγαπῶντας
1418 2196 1578 2274 ὑμᾶς,
1640 2193 1763 2249 ποία
1818 2194 1947 2269 ὕμῖδ

300 2278 461 2357 χάρις
515 2278 673 2360 ἐστίς
762 2282 861 2338 Καὶ
917 2284 1016 2361 γὰρ
1059 2285 1106 2338 οἱ
1126 2282 1433 2359 ἁμαρτωλοὶ
1464 2284 1586 2346 τοὺς
1629 2282 1947 2360 ἀγαπῶντας

300 2368 485 2431 αὖτοὺς
532 2368 802 2446 ἀγαπῶσι.
878 2372 978 2428 Καὶ
1031 2372 1122 2428 ἐὰν
1173 2372 1533 2451 ἀγαθοποιῆτε
1562 2372 1683 2434 τοὺς
1746 2370 1945 2449 ἀγαθο-

298 2459 580 2520 ποιοῦντας
647 2459 807 2533 ὑμᾶς,
870 2462 996 2517 ποία
1046 2463 1177 2536 ὑμῖν
1232 2462 1389 2542 χάρις
1418 2461 1529 2519 ἐστί
1576 2462 1723 2535 ;Καὶ
1752 2461 1850 2540 γὰρ
1900 2468 1948 2521 οἱ

299 2546 604 2626 ἁμαρτωλοὶ
655 2550 716 2604 τὸ
770 2550 896 2606 αὐτὸ
953 2558 1185 2614 ποιοῦσι,
1248 2553 1346 2610 Καὶ
1389 2552 1479 2607 ἐὰν
1524 2550 1792 2621 δανείζητε
1821 2546 1947 2627 παρ’

299 2637 373 2691 ὧν
437 2635 672 2707 ἐλπίζετε
732 2636 1048 2717 ἀπολαϐεῖν,
1107 2640 1233 2697 ποία
1300 2642 1429 2716 ὑμῖν
1458 2641 1618 2719 χάρις
1650 2638 1760 2695 ἐστί
1803 2635 1950 2718 ςΚαὶ

2030 2201 2131 2243 vos
2161 2203 2393 2265 quoque
2424 2184 2596 2244 facite
2625 2184 2743 2245 illis
2774 2184 3075 2245 similiter.
3109 2181 3179 2243 Et
3219 2183 3270 2243 si
3300 2182 3546 2261 diligitis
3575 2199 3681 2243 eos

2028 2272 2130 2352 qui
2163 2291 2264 2333 vos
2294 2272 2561 2351 diligunt,
2585 2292 2718 2353 qua:
2736 2274 2901 2334 vobis
2918 2281 3005 2333 est
3026 2273 3259 2351 gratia?
3288 2274 3438 2335 Nam
3459 2280 3517 2333 et
3538 2289 3668 2350 pec

2030 2368 2260 2422 catores
2283 2379 2384 2422 eos
2401 2361 2657 2441 aquibus
2673 2361 3307 2441 diliguntur,diligunt.
3335 2362 3409 2421 Et
3427 2359 3477 2420 si
3498 2360 3678 2421 bene-

2029 2447 2294 2510 feceritis
2325 2450 2419 2512 his
2449 2450 2550 2530 qni
2589 2449 2752 2512 vobis
2796 2449 3196 2530 benefaciunt,
3232 2467 3365 2530 quae
3394 2448 3559 2509 vobis
3589 2456 3679 2510 est

2031 2538 2211 2617 gratia
2235 2537 2265 2598 ?
2295 2539 2598 2619 Siquidem
2634 2548 2691 2600 et
2719 2548 3060 2619 peccatores
3104 2540 3217 2599 boc
3252 2538 3494 2599 faciunt.
3527 2536 3598 2597 Et
3626 2536 3679 2597 si

2032 2636 2303 2688 mutuum
2327 2628 2717 2689 dederitishis
2738 2648 2771 2688 a
2792 2627 3268 2708 quibussperatis
3289 2646 3389 2688 vos
3406 2633 3680 2705 receptu-

299 2726 400 2805 γὰρ
450 2728 497 2782 οἱ
567 2726 870 2804 ἁμαρτωλοὶ
900 2716 1244 2809 ἁμαρτωλοῖς
1273 2716 1585 2804 δανείζουσι,
1632 2729 1722 2785 ἵνα
1748 2716 1948 2785 ἀπολά-

2037 2732 2152 2789 ros,
2172 2735 2302 2809 quas
2332 2723 2514 2795 gratia
2544 2726 2635 2779 est
2660 2717 2822 2779 vobis
2844 2717 2874 2778 ’ἲ
2901 2716 3048 2778 Nam
3087 2726 3146 2778 et
3167 2726 3511 2809 peccatores
3540 2734 3678 2809 pec-

299 2804 433 2871 6ωσι
493 2816 559 2871 τὰ
605 2814 723 2876 ἴσα.
800 2804 947 2887 Πλὴν
1006 2804 1247 2899 ἀγαπᾶτε
1322 2822 1445 2881 τοὺς
1498 2820 1718 2899 ἐχθροὺς
1773 2820 1945 2897 ὑμῶν,

2037 2804 2330 2866 catoribus
2352 2806 2491 2866 dant
2510 2815 2877 2881 mutuum,ut
2892 2806 3190 2887 recipiant
3210 2804 3682 2887 paria.Quinimo

296 2906 385 2961 καὶ
442 2904 840 2982 ἀγαθοποιεῖτε,
928 2912 1016 2965 καὶ
1055 2892 1366 2984 ἰδανείζετε,
1414 2892 1944 2985 μηδὲν’ἀπελπίζον-ἰ

2037 2892 2257 2971 diligite
2288 2894 2563 2955 inimicos
2592 2903 2837 2976 vestros,
2868 2904 2924 2955 et
2948 2895 3303 2970 henefacite,
3330 2903 3387 2955 et
3410 2901 3682 2954 mutuum

296 3015 410 3070 τες,
468 2996 557 3074 καὶ
611 2993 758 3053 ἔσται
816 3000 845 3053 ὁ
875 2999 1059 3073 μισθὸς
1088 3000 1235 3074 ὑμῶν
1265 2982 1453 3063 πολύς·
1498 3000 1587 3055 καὶ
1630 2998 1807 3054 ἔσεσθε
1847 2998 1945 3054 υἱοὶ

2037 2982 2188 3061 date,
2223 2984 2368 3044 nihil
2400 2984 2543 3044 inde
2575 2993 2885 3063 sperantes
2923 3002 2936 3046 :
2974 2993 3030 3044 et
3075 2985 3187 3044 erit
3220 3001 3451 3044 merces
3484 2993 3681 3046 vestra

298 3090 393 3139 τοὺ
463 3073 732 3160 Ὑψίστου,
793 3088 872 3142 ὃτι
945 3088 1099 3152 αὐτὸς
1153 3090 1393 3167 γρηστός
1463 3089 1604 3144 ἐστιν
1680 3085 1764 3142 ἐπὶ
1820 3087 1942 3149 τοὺς

2037 3070 2234 3147 multa,
2267 3081 2329 3167 et
2349 3072 2516 3133 eritis
2552 3073 2656 3133 ﬁlii
2698 3073 3025 3167 Altissim_i:
3062 3075 3198 3154 quia
3223 3074 3353 3153 ipse
3383 3071 3681 3167 benignus

302 3173 619 3253 ἀχαρίστους
676 3178 764 3235 καὶ
818 3181 1101 3259 πονηρούς.
1159 3160 1369 3237 Τίνεσθε
1428 3180 1515 3236 οὖν
1595 3178 1941 3257 οἰκτίρμονες,

2037 3168 2115 3221 est
2148 3178 2287 3239 erga
2316 3160 2585 3239 ingratos
2618 3170 2675 3221 et
2701 3161 2908 3222 malos.
2943 3161 3144 3224 Estote
3175 3180 3314 3239 ergo
3336 3161 3678 3221 misericor-

301 3249 475 3327 καθὼς
532 3267 616 3321 καὶ
673 3268 700 3322 ὁ
772 3249 971 3345 Πατὴρ.
1024 3271 1168 3346 ὑμῶν
1253 3272 1281 3326 ὁ
1340 3271 1579 3349 οὐράνιος
1663 3249 1946 3345 οἰκτίρμων

2037 3249 2155 3323 des,
2189 3255 2342 3311 sicut
2382 3259 2440 3311 et
2493 3249 2666 3312 Pater
2694 3258 2890 3312 vester
2919 3251 3259 3312 misericors
3289 3259 3399 3313 est.
3449 3276 3470 3307 υ
3511 3249 3678 3321 Quo-

301 3352 462 3412 ἐστίν.
527 3376 555 3410 ι
614 3353 830 3428 Ἐπειδή
862 3339 960 3438 περ
1004 3339 1066 3414 οἱ.
1095 3339 1654 3434 ἀπόστολοι-ἔμελλον
1686 3339 1945 3423 σταλῆναι

2037 3339 2186 3398 niam
2218 3340 2472 3438 apostoli
2501 3340 2574 3399 ad
2604 3339 3048 3438 praedicandum
3085 3340 3369 3438 mittendi
3390 3348 3584 3438 erant,
3620 3346 3681 3399 et

300 3442 388 3499 ἐπὶ
433 3444 495 3499 τὸ
539 3426 827 3525 κήρυγμα,
880 3426 968 3505 mil
1024 3448 1422 3529 προσεδοκῶντο
1457 3426 1693 3505 ἐντεόθεν
1758 3443 1948 3509 πολλοὶ

2037 3426 2524 3527 εαερεειεώεωιυτ
2540 3428 2719 3529 “multi
2743 3438 3158 3527 persecutores
3177 3437 3235 3489 et
3257 3429 3637 3529 insidiatores
3657 3446 3673 3529 ξ

2031 3514 2081 3575 si
2119 3517 2299 3593 igitur
2328 3516 2580 3596 apostoli
2610 3514 2672 3575 in
2704 3516 3122 3596 persecutione
3154 3535 3259 3577 sua
3280 3516 3576 3590 dolentes,
3602 3512 3677 3574 ad

298 3534 485 3595 αὐτοῖς
528 3530 746 3591 διῶκται
829 3538 917 3594 καὶ
973 3536 1262 3596 ἐπίϐουλοι·
1325 3540 1370 3595 εἰ
1398 3537 1487 3595 οὖν
1518 3537 1602 3593 ἐπὶ
1622 3541 1700 3609 τῷ
1727 3533 1947 3614 διωγμῷ

298 3620 589 3685 ἀγθόμενοι
645 3625 693 3679 ol
722 3624 1035 3685 ἀπόστολοι.
1068 3628 1192 3684 εἶτα
1221 3627 1462 3685 θέλοντες
1503 3627 1795 3685 ἀμύνασθαι
1824 3624 1948 3685 τοὺς

2037 3532 2081 3575 ει
2119 3530 2299 3593 igitur
2328 3530 2580 3596 apostou
2610 3534 2672 3575 in
2704 3530 3122 3596 persecutione
3154 3535 3259 3577 sua
3280 3530 3576 3590 delentes,
3602 3530 3677 3574 au

2037 3604 2448 3665 vindicandum
2480 3622 2581 3665 eos
2611 3605 2710 3685 qui
2741 3622 2805 3666 se
2835 3604 3213 3667 offenderunt
3242 3606 3513 3666 conversi
3534 3606 3677 3665 fuis-

296 3620 589 3699 ἀχθόμενοι
645 3625 693 3679 ol
722 3624 1035 3702 ἀπόστολοι,
1068 3628 1192 3684 εἶτα
1221 3627 1462 3692 θέλοντες
1503 3627 1795 3704 ἀμύνασθαι
1824 3624 1948 3687 τοὺς
2028 3620 2448 3707 Ἦυψεξξηςιυω
2480 3622 2581 3707 θοξ
2611 3624 2710 3685 qlﬂ
2741 3622 2805 3707 Sle
2835 3620 3213 3707 ouenaerunt
3233 3620 3555 3707 conversrt

298 3695 667 3787 λυῆσαντας,
723 3713 976 3793 ἐσίγησαν
1016 3695 1135 3774 ⁷καὶ
1166 3719 1260 3774 οὐκ
1302 3695 1557 3795 ἐδίδαξαν,
1619 3711 1834 3771 ἔσϐεστο
1884 3711 1947 3768 ἄν

2037 3695 2504 3769 sent,siluissent
2526 3704 2585 3755 et
2606 3713 2726 3755 non
2745 3695 3449 3770 docuissent,exstinctus
3475 3695 3681 3773 ntique

297 3801 326 3855 ὃ
396 3807 491 3858 τοῦ
546 3782 868 3881 Εὐαγγελίόυ
923 3804 1100 3875 ἣλιος·
1147 3804 1231 3863 διὰ
1271 3814 1427 3864 τοῦτο
1455 3782 1628 3862 τοίνυν
1676 3806 1703 3860 ὁ
1759 3803 1947 3881 Κύριος

2037 3784 2239 3881 fuisset
2255 3782 2691 3881 sollivangelii:
2722 3782 3681 3881 proptereaDominusanticipans

295 3872 715 3973 προλαμϐάνων,
770 3872 1023 3974 παραινεῖ
1076 3909 1196 3960 τοῖς
1285 3894 1607 3957 ἀποστόλοις
1679 3893 1757 3970 μὴ
1814 3872 1944 3970 τέρδς

2037 3874 2311 3936 admonet
2333 3873 2658 3954 discipulos
2701 3891 2775 3934 ne
2818 3873 3136 3935 vindictam
3182 3874 3257 3935 de
3289 3872 3548 3934 inimicis
3568 3889 3676 3931 su-

298 3961 500 4055 ἅμυναν
555 3987 662 4038 τῶν
696 3961 927 4063 ’ἐχθρῶν
981 4000 1210 4066 χωρεῖν,
1272 3984 1407 4042 ἀλλά
1475 3986 1646 4042 πάντα
1680 3961 1943 4061 ’γενναίως

2037 3972 2211 4043 ruant,
2245 3962 2352 4023 sed
2398 3963 2597 4023 omnia
2648 3981 2779 4044 qua;
2827 3964 3128 4035 eveniunt,
3178 3962 3411 4024 fortiter
3458 3961 3675 4037 ferant,

296 4068 474 4149 φέρειν
522 4071 589 4126 τὰ
649 4070 1023 4151 συμϐαίνοντα,
1057 4052 1152 4131 κᾶν
1184 4052 1426 4154 όϐρίζωσί
1454 4095 1620 4153 τινες,
1663 4070 1764 4128 κάν
1812 4069 1943 4124 ἀνο-

2037 4053 2294 4131 quamvis
2325 4052 2563 4132 quidam
2602 4052 2820 4131 injuria
2862 4052 3144 4127 afficiant,
3175 4053 3443 4133 quamvis
3472 4052 3674 4111 irreli-

297 4139 426 4224 σίως
482 4139 919 4219 ἐπιϐουλεύωσιν·
983 4139 1122 4221 oliuo
1180 4139 1269 4221 ml
1318 4165 1474 4227 αὐτὸς
1522 4162 1576 4219 ἐν
1605 4139 1697 4234 ’τῷ
1740 4162 1947 4236 στα)ρῴ

2037 4142 2190 4219 giose
2214 4140 2612 4216 insidientur;
2645 4142 2802 4201 sicut
2839 4150 2894 4205 et
2922 4142 3051 4221 ipse
3091 4141 3151 4201 in
3184 4158 3363 4201 cruce
3394 4139 3679 4220 faciebat,

295 4248 487 4323 ἰποίει,
547 4248 739 4330 λέγων’
806 4253 1000 4332 Πάτερ,
1062 4253 1191 4334 ἄφες
1240 4255 1448 4333 αὐτοῖς,
1505 4251 1564 4309 οὗ
1617 4251 1717 4329 γὰρ
1768 4228 1944 4305 οἴδασι

2037 4231 2233 4291 dicens
2266 4249 2279 4290 :
2336 4234 2532 4305 Pater,
2575 4231 2807 4293 dimitte
2837 4231 2927 4292 eis
2959 4252 2973 4307 ;
3026 4230 3302 4303 nesciunt
3346 4230 3501 4290 enim
3530 4228 3673 4308 quid

294 4338 347 4394 τί
403 4348 662 4402 ποιοῦσιν.
698 4341 835 4399 Εἶτα
864 4342 957 4399 ἵνα
986 4343 1066 4419 μὴ
1108 4317 1311 4423 ἐχωσιν
1342 4317 1512 4399 εἰπεῖν
1553 4343 1602 4396 οἱ
1654 4334 1943 4395 ἀπόστολοι

2037 4319 2270 4382 faciunt.
2310 4318 2535 4381 Deinde
2567 4337 2642 4379 ne
2670 4319 2922 4398 apostoli
2953 4319 3156 4380 dicere
3189 4317 3418 4398 possint
3447 4318 3683 4395 impos-s

296 4424 550 4485 ἀδύνατον
620 4430 762 4487 εἶναι
835 4432 896 4487 τὸ
965 4434 1203 4490 τοιοῦτον
1273 4431 1564 4510 ἐπίταγμα,
1614 4430 1677 4485 τὸ
1733 4427 1943 4506 ἀγαπᾷν

2037 4407 2197 4470 sibile
2228 4426 2357 4469 esse
2392 4416 2751 4489 praeceptum
2805 4409 3087 4487 diligendi
3138 4407 3440 4481 inimicos,
3485 4406 3673 4466 dicit:

296 4513 571 4574 ἀδύνατον.
624 4518 765 4575 εἶναι
821 4522 883 4577 τὸ
933 4526 1171 4577 τοιοῦτον
1242 4497 1561 4599 ἐπίταγμαί
1591 4520 1653 4574 τὸ
1733 4497 1945 4595 ἀγαπᾷν

2037 4499 2194 4572 Quod
2231 4498 2335 4560 tibi
2359 4499 2446 4561 vis
2480 4499 2777 4599 ᾔει-1,.Ιιοο
2800 4509 2863 4561 et
2893 4499 3026 4599 aliis
3052 4499 3243 4597 1αοὶιοὶ
3259 4515 3283 4599 :_
3311 4506 3369 4557 et
3392 4504 3520 4599 esto
3545 4497 3679 4558 talis

294 4605 419 4668 τοὺς
490 4604 736 4686 ἐχθροὺς,
795 4610 979 4689 φησὶν,
1042 4600 1119 4668 (Ο
1163 4610 1253 4667 ἐὰν
1283 4586 1447 4687 θέλῃέ
1566 4607 1653 4667 ζ’πῖ
1702 4586 1941 4681 “iung:

2037 4590 2181 4670 aliis,
2214 4589 2417 4688 quales
2450 4588 2598 4658 alios
2629 4588 2734 4689 tibi
2760 4606 2893 4650 esse
2914 4588 3021 4689 vis.
3052 4590 3115 4650 Si
3145 4586 3388 4687 quidem
3422 4587 3681 4689 (iures-et

294 4704 451 4753 τοῦτο
502 4694 719 4762 ἔνδειξαι
777 4700 864 4755 καὶ
933 4712 1052 4764 τοῖς
1099 4699 1323 4778 ἑτέροις.
1368 4694 1473 4759 Καὶ
1526 4704 1682 4776 γενοῦ
1709 4701 1945 4757 τοιοῦτος

2037 4678 2528 4760 incompatientes
2585 4688 2645 4740 et
2699 4678 3018 4740 iracundos
3073 4677 3331 4738 volueris
3381 4694 3513 4738 esse
3575 4674 3681 4737 tibi

297 4780 506 4865 ἀλλοις,
567 4784 714 4852 οἵους
771 4784 832 4843 ἄν
886 4786 1045 4865 θέλῃς
1109 4764 1227 4867 περὶ
1284 4764 1503 4844 σεαυτὸν
1540 4764 1784 4864 γενέσθαι
1824 4783 1944 4839 ἐτέ-

2037 4768 2326 4847 inimicos,
2361 4776 2486 4828 esto
2527 4773 2588 4827 et
2630 4775 2690 4827 tu
2740 4766 2895 4841 talis,
2929 4766 3019 4828 sin
3074 4766 3209 4827 illos
3258 4764 3517 4826 volueris
3546 4781 3681 4826 esse

295 4894 439 4953 ρους.
490 4854 562 4931 Ἐἰ
592 4875 691 4950 μὲν
748 4854 1015 4957 σκληρους
1076 4854 1191 4935 ιιιιιὶ¹
1217 4854 1679 4955 ἀσυμπαθεῖς-καὶ
1708 4873 1948 4954 ὀργίλους

2037 4858 2242 4931 bonos,
2270 4866 2327 4917 et
2347 4856 2869 4936 compatientes,et
2887 4855 3242 4936 injuriarum
3267 4854 3675 4929 immemores,

292 4961 464 5027 θέλεις
550 4965 693 5022 εἶναι
750 4967 871 5029 τοὺς
936 4966 1158 5047 ἐχθρούς
1189 4989 1294 5045 σοι,
1346 4967 1436 5024 ’έσο
1464 4966 1644 5024 καὶσὺ
1684 4970 1945 5043 τοιοῦτος,

293 5054 341 5108 εἰ
409 5050 464 5109 δὲ
532 5056 829 5113 τούναντίον
858 5057 1084 5135 ἀγαθοὺς
1112 5060 1201 5115 καὶ
1230 5061 1528 5134 συμπαθεῖς
1576 5057 1667 5113 καὶ
1709 5055 1947 5130 ἀμνησι-

291 5142 514 5224 κάκους,
573 5147 651 5219 μὴ
708 5143 960 5203 ἀδύνατον
1018 5150 1157 5204 εἶναι
1214 5148 1395 5224 νόμιζε
1451 5149 1514 5204 τὸ
1570 5151 1805 5208 τοιοῦτος
1859 5143 1945 5199 καὶ

295 5234 453 5296 αὐτὸς
515 5233 680 5297 εἶναι,
746 5225 902 5315 Ὀρᾷς
972 5237 1137 5313 νόμον
1181 5236 1412 5318 ἔμφυτον
1445 5237 1500 5294 ἐν
1531 5249 1653 5300 ταῖς
1711 5230 1946 5313 καρδίαις

295 5323 452 5396 ἡμῶν
495 5322 975 5406 ἐγγεγραμμένον;
1035 5325 1186 5383 Οὕτω
1267 5326 1361 5383 καί
1434 5329 1462 5383 ὁ
1522 5326 1711 5404 Κύριος
1769 5324 1946 5380 εἶπενο

299 5409 390 5467 Ἐν
448 5426 574 5479 ταῖς
617 5413 844 5494 ἡμέραις
902 5413 1126 5481 ἐκείναις
1212 5414 1387 5480 διδοὺς
1444 5414 1638 5491 νόμους
1696 5435 1821 5492 μου,
1879 5414 1953 5475 εἰς

297 5500 399 5569 τὴν
450 5499 689 5559 διάνοιαν
717 5502 889 5561 αὐτῶν
936 5505 1024 5562 καὶ
1080 5502 1165 5561 ἐπὶ
1206 5510 1316 5561 τῶν
1371 5504 1599 5584 καρδιῶν
1630 5507 1801 5562 αὐτῶν
1827 5500 1953 5557 ἐπι-

296 5590 490 5669 γράψω
538 5593 750 5659 αὐτούς,
802 5598 940 5651 Εἶτα
997 5594 1086 5651 καὶ
1159 5592 1331 5662 ἀλλην
1377 5595 1614 5675 ἀνάγκην
1664 5592 1953 5657 ἐπιτίθησιν

300 5684 456 5755 ἡμῖν,

297 5774 416 5833 ἐστε
441 5770 789 5861 ἁμαρτωλοῖς
821 5774 914 5829 καὶ
943 5772 1196 5837 ἐθνικαῖς.
1250 5772 1373 5835 Ἐὰν
1434 5774 1487 5831 δὲ
1545 5777 1784 5856 ἀγαπᾶτε
1835 5771 1955 5831 τοὺς

543 5679 621 5738 ὅτι
701 5681 829 5740 Ἐὰν
888 5683 1128 5761 ἀγαπᾶτε
1207 5685 1328 5748 τοὺς
1386 5685 1729 5763 ἀγαπῶντας,
1780 5680 1957 5757 ὅμοιοί

2032 4968 2107 5011 ne
2126 4948 2486 5029 impossibile
2506 4948 2714 5010 credas
2732 4966 2864 5009 esse
2878 4948 3035 5027 quod
3061 4956 3117 5009 et
3130 4954 3189 5008 tu
3212 4947 3344 5008 talis
3361 4946 3605 5008 tias.Vid
3615 4963 3680 5008 es

2030 5041 2221 5119 legem
2242 5038 2569 5099 naturalem
2588 5038 2648 5097 in
2667 5037 2944 5099 cordibus
2965 5036 3184 5098 nostris
3208 5033 3685 5115 inscriptamYSic

2031 5138 2090 5193 et
2108 5127 2396 5190 Dominus
2416 5126 2593 5187 dixit:
2629 5126 2694 5187 In
2718 5126 2930 5188 diebus
2954 5127 3072 5187 illis
3095 5126 3243 5201 dans
3260 5124 3425 5204 leges
3440 5140 3602 5186 meas
3620 5122 3683 5184 in

2031 5227 2290 5281 mentem
2310 5219 2391 5277 51
2404 5220 2450 5277 5
2465 5216 2798 5293 illorum,et
2812 5214 2874 5276 in
2893 5214 3075 5277 corda
3092 5214 3334 5275 illorum
3358 5213 3682 5274 inscribam

2036 5327 2156 5371 eas.
2180 5311 2389 5369 Postea
2412 5314 2470 5367 et
2493 5306 2609 5367 alia
2636 5305 2988 5366 necessitate
3009 5322 3118 5365 nos
3139 5310 3328 5381 urget.
3357 5300 3420 5364 Si
3442 5301 3685 5380 diligitis

2036 5417 2138 5461 eos
2148 5397 2248 5479 qui
2264 5396 2429 5459 vobis
2443 5395 2597 5456 bene
2612 5393 3092 5470 faciunt,similes
3108 5392 3248 5454 estis
3269 5391 3688 5473 peccatoribus

2036 5497 2093 5549 et
2109 5483 2569 5566 gentilibus.Sin
2580 5483 2830 5567 diligitis
2851 5502 2955 5544 eos
2971 5482 3072 5563 qui
3094 5480 3261 5543 vobis
3280 5480 3683 5559 malet'aciunt,

2036 5577 2264 5640 similes
2286 5575 2431 5638 estis
2463 5574 2609 5650 Deo,
2639 5574 2741 5654 qui
2772 5581 2863 5635 est
2892 5573 3083 5634 bonus
3107 5571 3356 5651 ingratis
3398 5578 3457 5632 et
3486 5571 3684 5635 malis.

2039 5669 2249 5733 Utrum
2298 5666 2478 5742 igitur
2517 5664 2641 5725 Deo
2683 5681 2757 5724 an
2816 5661 3227 5743 peccatoribus
3275 5660 3502 5723 similes
3554 5660 3687 5723 ﬁeri

2040 5761 2213 5824 vultis
2234 5758 2258 5820 Υ
2292 5755 2472 5819 Vides
2489 5754 2746 5816 divinam
2771 5752 3103 5816 doctrinam
3128 5751 3153 5813 Υ
3180 5749 3447 5815 Primum
3466 5767 3503 5813 τι
3524 5766 3689 5815 natu-
