4170 6282
516 310 629 382 775
1476 311 2070 381 THEOPHYLACTI
2116 310 2526 376 BULGARI/E
2567 311 2927 376 ARCHIEP.
3792 302 3926 370 776

513 450 622 512 rali
658 451 788 532 lege
819 459 877 515 te
907 450 1129 514 docuit.
1164 452 1313 514 Nam
1342 448 1499 532 quod
1534 459 1593 512 tu
1625 448 1730 510 tibi
1763 448 1849 509 vis
1870 447 2020 525 ﬁeri,
2052 447 2153 509 hoc

2248 447 2378 527 πρὸς
2436 448 2573 524 ὑμᾶς
2631 445 3109 524 πονηρευομένους,
3172 442 3349 521 ὅμοιοί
3376 441 3495 502 ἐστε
3520 444 3599 519 τῷ
3644 447 3789 516 Θεῷ,
3854 441 3924 505 ὃς

515 541 687 601 etiam
716 541 889 604 alteri
909 541 1025 604 fac.
1051 540 1278 603 Deinde
1309 550 1367 602 et
1387 559 1419 601 a
1444 541 1559 602 line
1580 558 1647 600 ac
1669 537 1975 617 mercede,
2002 552 2153 597 mer-

2245 540 2394 593 ὶστιν
2463 537 2659 615 ἀγαθὸς
2735 536 2821 593 ἐπὶ
2890 536 3013 601 τοὺς
3072 532 3401 614 ἀχαρίστως
3472 535 3561 591 καὶ
3614 532 3917 611 πονηρούς.

517 630 722 690 cedem
745 630 903 693 enim
930 630 1245 711 pollicetur
1258 629 1606 709 vobis,quod
1633 628 1858 690 similes
1880 624 2140 689 ﬁatisDei

2253 633 2419 683 Ποῖον
2465 626 2552 683 οὖν
2620 624 2821 705 θέλετε,
2895 625 3071 699 ’ὁμοιοι
3117 624 3261 681 εἶναι
3315 629 3423 681 τῶν
3474 620 3840 703 ἁμαρτωλῶν,
3876 620 3918 688 ἦ

516 723 693 799 ὅμοιοι
739 726 880 783 εἶναι
925 709 1017 783 τοῦ
1048 734 1115 783 Θε
1128 732 1186 782 06
1217 745 1232 805 ;
1272 718 1419 803 ὀρᾷς
1452 722 1788 780 διδασκαλίαν
1817 724 1958 778 θείαν
1991 740 2007 796 ;
2040 719 2077 747 ’¹
2091 719 2281 776 Επεισέ
2339 741 2397 776 σε
2427 723 2636 799 πρῶτον
2666 719 2773 775 ἀπὸ
2804 725 2899 775 τοῦ
2928 727 3151 799 φυσικοῦ
3181 719 3372 794 νόμου,
3407 709 3466 775 ιΟ
3494 719 3595 796 γὰρ
3624 715 3797 780 θέλεις
3843 717 3918 770 σὺ

514 813 754 892 γενέσθαι
789 836 897 894 σοι,
944 823 1098 872 τοῦτο
1128 815 1214 871 καί
1245 815 1401 877 αὑτὸς
1461 811 1641 875 ἄλλοις
1694 811 1855 871 ποίει.
1920 810 2056 867 Εἶτα
2110 809 2275 865 πείθει
2332 829 2393 864 σε
2450 810 2537 866 καὶ
2566 809 2673 865 ἀπὸ
2706 814 2800 865 τοῦ
2827 805 3009 872 τέλους
3053 809 3143 866 καὶ
3170 814 3263 863 106
3310 807 3497 884 μισθοῦ
3529 827 3543 841 ⁶
3582 807 3770 882 μισθὸν
3804 806 3917 885 γὰρ

513 905 857 983 ὑπισχνεῖται
901 906 1031 980 ὑμῖν
1073 907 1135 961 16
1164 904 1375 979 ὁμοίους
1407 903 1647 982 γενέσθαι
1683 906 1820 974 Θεῷ,

597 980 771 1053 Vsus.
800 990 870 1054 37
880 994 1005 1054 -40,
1045 1017 1071 1049 ε
1104 991 1297 1053 Nolite
1318 980 1608 1070 judicare,
1639 998 1696 1051 et
1726 1008 1841 1051 non
1863 983 2153 1065 judicabi-

2337 1010 2364 1041 α
2399 988 2488 1055 Μὴ
2530 987 2757 1066 κρίνετε,
2817 987 2905 1043 καὶ
2959 984 3019 1041 06
3087 986 3165 1062 μὴ
3194 987 3432 1065 κριθῆτε,
3466 984 3557 1051 Μὴ
3602 980 3912 1039 καταδικά-

516 1078 684 1140 mini.
719 1080 915 1142 Nolite
937 1081 1431 1155 cundemnare,et
1452 1099 1566 1140 non
1590 1074 2153 1140 condemnabimini.

2248 1082 2390 1150 ζετε,
2449 1077 2537 1132 καὶ
2607 1077 2669 1133 06
2755 1074 2834 1151 μὴ
2931 1072 3376 1141 καταδικασθῆτε·
3458 1071 3738 1151 ἀπολύετε,
3815 1074 3915 1128 καὶ

515 1167 843 1245 Remittite,
877 1178 934 1230 et
966 1170 1304 1233 remittetur
1335 1167 1517 1229 vobis.
1548 1167 1711 1240 Date,
1741 1175 1798 1227 et
1819 1164 2053 1226 dabitur
2069 1180 2153 1224 vo-

2246 1163 2662 1236 ἀπολυθήσεσθε.
2723 1162 2926 1239 Δίδοτε,
2984 1164 3073 1221 καὶ
3134 1162 3412 1234 δοθήσεται
3469 1164 3621 1238 ὑμῖν.
3693 1161 3912 1240 Μέτρον

514 1255 628 1317 bis.
664 1259 999 1320 Mensuram
1032 1258 1246 1320 bonam
1282 1267 1338 1319 et
1368 1257 1692 1320 confertam
1728 1264 1784 1318 et
1811 1270 2153 1316 concussam

2244 1254 2407 1311 καλὸν
2461 1252 2838 1329 πεπιεσμένον,
2896 1254 2984 1310 καὶ
3012 1251 3425 1328 σεσαλευμένον,
3453 1254 3541 1308 καὶ
3592 1253 3908 1331 ὑπερεκχυ-

512 1354 690 1425 atque
702 1347 1096 1410 exundantem
1113 1347 1335 1409 dabunt
1358 1348 1414 1407 in
1432 1348 1627 1408 sinum
1650 1341 2153 1407 vestrum.Eadem

2247 1345 2468 1417 νόμενον
2527 1341 2752 1399 δώσουσι
2810 1343 2882 1405 εἷς
2939 1343 3031 1398 τὸν
3073 1339 3271 1398 κόλπον
3299 1342 3472 1416 ὑμῶν.
3504 1347 3591 1415 Τῷ
3619 1338 3719 1419 γᾶρ
3747 1342 3903 1413 αὐτῷ

514 1432 736 1514 quippe
757 1454 1033 1497 mensura
1060 1456 1171 1517 qua
1194 1432 1951 1510 metimini,metienturalii
1968 1430 2153 1494 vobis.

2245 1431 2421 1512 μέτρῳ
2481 1434 2528 1505 ᾦ
2585 1445 2851 1511 μετρεῖτε,
2913 1430 3349 1510 ἀντιμετρηθεται
3424 1432 3587 1517 ὑμῖν,
3624 1429 3764 1487 Εῖπε
3808 1426 3908 1517 Δδὲ

512 1521 753 1583 Dicebat
783 1533 976 1587 autem
1012 1515 1129 1586 illis
1158 1525 1632 1587 similitudinem.
1666 1521 1943 1603 Nunquid
1969 1528 2153 1602 potest

2243 1522 2333 1577 καὶ
2415 1517 2725 1599 παραϐολὴν
2782 1524 2987 1585 αὐτοῖς.
3023 1521 3110 1591 Μή
3151 1540 3203 1576 τι
3234 1518 3444 1576 δύναται
3477 1516 3671 1598 τυφλὸς
3701 1515 3905 1596 τυφλὸν

512 1629 704 1675 caecus
726 1632 943 1676 czecum
967 1614 1417 1677 ducere?nonne
1432 1614 1676 1676 amboin
1691 1610 2153 1674 foveamcadenti

2247 1606 2465 1688 ὁδηγεῖν
2500 1629 2516 1689 ;
2562 1609 2699 1689 Οὐχὶ
2728 1608 3017 1689 ἀμφότεροι
3049 1609 3122 1673 εἷς
3150 1609 3366 1685 βόθυνον
3410 1609 3691 1666 1:56on:
3726 1626 3743 1682 ;
3790 1608 3907 1663 06x

512 1698 639 1762 Non
662 1702 1088 1783 estdiscipulus
1105 1723 1283 1784 supra
1299 1705 1640 1783 magistrum
1666 1699 2153 1781 suum,perfectut

2249 1696 2357 1755 ἔστι
2410 1700 2653 1775 μαθῃτής
2723 1696 2853 1775 ὒπὲρ
2898 1700 2989 1753 τὸν
3046 1695 3358 1753 διδάσκαλον
3415 1701 3597 1760 αὐτοῦ,
3674 1704 3904 1774 Κατηρ-

513 1799 711 1851 autem
751 1793 943 1853 omnis
976 1793 1107 1859 erit.
1144 1794 1295 1856 sicut
1328 1794 1605 1872 mag'ster
1636 1791 1842 1873 ipsius.
1879 1788 2153 1852 :0mnem

2247 1787 2490 1864 τισμένος
2546 1786 2600 1843 δὲ
2665 1794 2769 1852 πᾶς
2821 1786 2969 1844 ἕσται
3039 1789 3112 1852 ὡς
3170 1789 3199 1843 6
3280 1785 3594 1851 διδάσκαλος
3644 1788 3827 1845 αὐτοῦ.
3870 1810 3897 1846 ο

515 1880 788 1942 morbum
813 1883 1120 1945 difﬁcilem
1146 1885 1219 1945 ab
1251 1883 1562 1945 animabus
1586 1881 1800 1943 nostris
1821 1897 2029 1942 amove
2056 1877 2153 1939 Do-

2250 1874 2610 1956 Παγχάλεπον
2666 1876 2877 1951 νόσημα
2904 1875 3189 1952 ἀποτέμνει
3258 1882 3366 1932 τῶν
3396 1875 3668 1955 ἡμετέρων
3693 1878 3904 1976 ἔιιυχῶν

513 1968 737 2045 minus,
770 1972 1031 2033 radicem
1064 1973 1197 2035 dico
1229 1972 1555 2053 superbiae.
1588 1974 1733 2035 Nam
1759 1971 1857 2051 qui
1900 1968 2153 2050 seipsum

2247 1968 2274 2021 6
2335 1967 2545 2046 Κύριος,
2601 1965 2701 2034 τὴν
2755 1965 2896 2042 ῥίζαν
2953 1964 3095 2045 λέγω
3161 1969 3261 2032 τῆς
3330 1966 3644 2043 ὑπεροψίας.
3693 1964 3750 2023 ’0
3793 1965 3903 2040 γάρ

513 2077 629 2119 non
661 2061 1025 2142 considerat,
1059 2073 1120 2125 et
1151 2063 1341 2123 solum
1380 2062 1626 2126 attendit
1654 2080 1751 2123 res
1786 2058 2062 2141 proximi,
2095 2057 2153 2118 il-

2246 2056 2324 2130 μὴ
2384 2055 2569 2111 ἑαυτὸν
2624 2055 3101 2136 ἐπισκεπτόμενος,
3174 2053 3312 2111 ἀλλὰ
3394 2057 3461 2111 τὰ
3516 2060 3610 2111 τοῦ
3664 2053 3899 2142 πλησίον

510 2146 713 2228 lasque
746 2158 942 2213 taxare
970 2152 1113 2222 vult.
1147 2161 1371 2214 certum
1406 2151 1563 2232 quod
1598 2149 1879 2231 superbia
1908 2148 2160 2229 capitur,

512 2244 573 2297 et
601 2236 967 2302 obliviscitur
995 2240 1107 2301 sui.
1142 2238 1397 2303 Omnino
1429 2241 1585 2302 enim
1630 2240 1705 2301 de
1755 2258 1820 2301 se
1852 2239 2008 2319 quod
2042 2257 2159 2299 non

512 2335 721 2404 peccet
751 2328 952 2404 sentit,
985 2338 1042 2389 et
1072 2341 1392 2410 propterea
1421 2329 1568 2390 alios
1602 2336 1918 2409 peccantes
1950 2344 2160 2405 repre-

511 2414 741 2477 hendit.
774 2414 959 2493 Igitur
989 2420 1038 2479 si
1070 2419 1151 2478 vis
1195 2418 1691 2480 incondemnatus
1722 2435 1877 2491 esse,
1903 2434 1979 2477 ne
2009 2434 2156 2476 con-

513 2503 764 2565 demnes
791 2505 961 2568 alios.
997 2508 1101 2569 Dic
1123 2507 1306 2583 enim,
1338 2526 1558 2588 quaeso,
1590 2525 1774 2589 quare
1796 2505 2162 2567 condemnas

515 2592 700 2655 alium
733 2602 795 2655 ut
824 2599 1303 2675 praevaricantem
1337 2597 1564 2659 divinas
1609 2598 1771 2676 leges
1794 2604 1822 2659 ?
1852 2596 2066 2657 Annon
2103 2601 2161 2656 et

520 2689 578 2740 tu
599 2684 999 2761 praevaricaris
1023 2686 1280 2749 divinam
1306 2686 1495 2766 legem
1520 2688 1549 2747 ‘?
1579 2686 1652 2750 Ut
1683 2697 1907 2749 taceam
1931 2685 2005 2746 de
2026 2684 2160 2747 aliis

514 2776 798 2854 peccatis,
821 2782 984 2837 certe
1013 2775 1073 2837 in
1103 2775 1202 2837 illo
1225 2777 1351 2858 ipso
1383 2777 1539 2857 quod
1571 2777 1719 2839 alios
1744 2776 2156 2856 judicas,pec-

510 2877 607 2920 cas
625 2861 707 2921 35.
742 2864 980 2926 Etenim
1019 2864 1215 2926 divina
1245 2866 1340 2928 lex
1374 2865 1641 2948 praecipit
1672 2865 1777 2927 tibi
1810 2884 1886 2927 ue
1919 2864 2159 2945 judices

507 2947 851 3014 fratrem.Et
874 2952 955 3015 ita
978 2954 1153 3016 etiam
1182 2964 1238 3017 tu
1259 2947 1667 3036 prtevaricaris
1691 2955 1903 3035 legem.
1929 2953 2001 3015 Et
2022 2973 2157 3017 cum

508 3040 921 3119 praevaricator
947 3061 1034 3117 es,
1067 3062 1182 3104 non
1217 3044 1399 3107 debes
1423 3044 1893 3125 judicarealium
1919 3053 1981 3105 ut
2003 3062 2155 3124 prte-

2244 2145 2405 2219 μόνον
2428 2146 2656 2224 ἒφορῶν,
2714 2146 2803 2200 καὶ
2875 2152 3039 2202 ταῦτα
3107 2144 3376 2220 μωμεύειν
3405 2145 3597 2224 θέλων,
3627 2140 3898 2222 πρόδηλον

2243 2232 2323 2290 ὅτι
2352 2234 2611 2313 ὑπεροψίᾳ
2661 2232 3011 2310 ἁλισκόμενος
3078 2232 3298 2303 λέληθεν
3400 2234 3608 2298 ἑαυτόν.
3705 2232 3897 2290 Οἵεται

2244 2324 2344 2403 γὰρ
2398 2324 2611 2387 πάντως
2669 2326 2787 2400 περὶ
2844 2325 3053 2401 ἑαυτοῦ,
3111 2323 3192 2380 ὅτι
3261 2327 3367 2404 οὐχ
3421 2322 3733 2404 ἁμαρτάνει.
3793 2323 3899 2379 Καὶ

2242 2411 2327 2469 διὰ
2387 2420 2541 2469 τοῦτο
2614 2414 2737 2477 τοῖος
2793 2412 2985 2477 ἄλλους
3062 2414 3460 2493 ἁμαρτάνοντας
3518 2415 3766 2473 αἰτιᾶται.
3836 2413 3898 2469 Εἰ

2244 2504 2330 2560 ούν
2386 2500 2557 2565 θέλεις
2629 2502 2981 2583 ἀκατάκριτος
3011 2503 3180 2583 εἶναι,
3225 2503 3305 2580 μὴ
3332 2504 3613 2582 κατάκρινε
3661 2501 3893 2580 ἑτέρους.

2242 2590 2370 2649 Εἰπέ
2428 2613 2519 2667 μοι
2586 2593 2686 2671 γὰρ
2746 2590 2884 2648 διατί
2937 2592 3273 2672 κατακρίνεις
3327 2591 3528 2672 ἕτερον,
3588 2594 3663 2656 ὡς
3712 2611 3896 2667 παρα-

2241 2677 2483 2737 ϐαίνοντα
2550 2681 2762 2746 πάντως
2792 2681 2915 2746 τοὺς
2938 2682 3106 2746 θείους
3136 2682 3329 2758 νόμους
3362 2702 3377 2755 ;
3412 2682 3486 2736 Σὺ
3515 2679 3569 2735 δὲ
3602 2681 3762 2743 αὐτὸς
3833 2679 3898 2735 ού

2239 2767 2583 2849 παραϐαίνεις
2639 2774 2786 2827 θεῖον
2850 2772 3011 2846 νόμον
3061 2789 3077 2847 ;
3149 2768 3368 2848 Ἀφὶημι
3421 2769 3476 2825 ἐν
3529 2782 3652 2833 ταῖς
3702 2766 3896 2830 ἄλλαις

2244 2859 2546 2937 ἁμαρτίαις,
2621 2857 2738 2915 ἀλλ’
2800 2859 2853 2916 ἐν
2912 2858 3051 2933 αύτῷ
3096 2858 3263 2930 τούτῳ
3314 2863 3393 2931 τῷ
3419 2856 3613 2934 κρίνειν
3644 2856 3894 2933 ἑτέρους,

2242 2947 2454 3013 πάντως
2502 2949 2603 3027 γὰρ
2664 2948 2827 3025 νόμος
2855 2952 3000 3013 θεῖος
3043 2944 3389 3003 διακελεύεταί
3418 2966 3502 3001 σοι
3545 2944 3624 3019 μὴ
3680 2944 3885 3022 κρίνειν

2240 3037 2333 3093 τὸν
2389 3034 2634 3118 ἀδελφόν
2686 3037 2824 3094 ὥστε
2894 3038 2984 3094 καὶ
3041 3036 3100 3093 σὺ
3127 3033 3458 3115 παραϐαίνεις
3484 3034 3671 3109 νόμον.
3695 3038 3883 3110 Παρα-

506 3128 951 3195 varicatoremJ
963 3133 1034 3194 ud
1046 3135 1194 3194 icem
1212 3133 1370 3195 enim
1385 3123 1754 3215 superiorem
1779 3151 1911 3195 esse
1928 3123 2153 3214 oportet

2241 3123 2409 3193 ϐάτης
2460 3123 2515 3182 δί
2573 3126 2670 3206 ὥν,
2739 3130 2834 3186 οὒκ
2889 3124 3115 3208 ὀφείλεις
3198 3123 3374 3204 ἕτερον
3400 3128 3591 3201 κρίνειν
3613 3123 3688 3185 ὣς
3713 3142 3896 3215 παρα-

508 3225 716 3311 natura
732 3230 1052 3311 peccante.
1090 3221 1345 3286 Remitte
1367 3210 1639 3302 igitur,et
1661 3210 1998 3286 remittetur
2026 3222 2153 3285 tibi:

2241 3213 2432 3283 ϐάτην,
2494 3215 2783 3296 Ἀνώτερον
2837 3216 2938 3295 γὰρ
3008 3216 3152 3311 εἶναι
3204 3212 3307 3281 ’δεῖ
3347 3213 3444 3282 τῆς
3479 3210 3893 3311 ἀμαρτανούσης
3981 3244 3989 3248 ·

509 3306 606 3387 da,
637 3316 693 3368 et
714 3299 956 3372 dabitur
972 3311 1106 3377 tibi.
1130 3314 1186 3375 Μ
1193 3299 1468 3374 ensuram
1489 3312 1649 3375 enim
1669 3312 2153 3393 bonam,confer-

2240 3306 2448 3385 φύσεως
2499 3307 2591 3362 τὸν
2661 3307 2870 3385 κριτήν,
2934 3303 3164 3362 Ἀπόλυε
3236 3305 3350 3379 οὖν,
3403 3304 3492 3360 καὶ
3546 3299 3892 3393 ἀπολυθήσῃ·

508 3402 624 3456 tam
657 3405 718 3459 et
751 3417 1101 3463 concussam
1135 3410 1191 3463 et
1211 3402 1607 3464 exundantem
1632 3402 1856 3464 dabunt
1878 3389 1938 3463 in
1961 3402 2153 3464 sinum

2239 3393 2401 3478 δίδου,
2461 3398 2550 3454 καὶ
2608 3394 2886 3467 δοθήσεταί
2940 3416 3047 3460 σοι,
3123 3392 3329 3473 Μέτρον
3374 3394 3477 3472 γὰρ
3544 3389 3736 3465 καλὸν,
3786 3409 3892 3445 πε-

507 3493 789 3549 vestrum.
825 3489 955 3551 Non
987 3492 1144 3551 enim
1178 3511 1353 3572 parce
1374 3493 1687 3555 remetitur
1716 3492 2025 3566 Dominus,
2050 3491 2153 3553 sed

2237 3484 2523 3561 πιεσμένον
2578 3487 2667 3543 καὶ
2733 3483 3144 3561 σεσαλευμένον,
3229 3485 3324 3541 καὶ
3396 3482 3891 3562 ὑπερεκχυνόμενον

506 3573 811 3670 opulente.
857 3575 1019 3640 Sicut
1048 3569 1229 3659 igitur
1266 3597 1580 3643 mensurus
1622 3581 1871 3643 farinam
1906 3580 2153 3662 promis,

2237 3573 2489 3634 δώσουσιν
2559 3577 2633 3643 εἷς
2679 3576 2771 3632 τὸν
2827 3574 3029 3634 κόλπον
3075 3576 3251 3670 ὑμῶν,
3309 3573 3383 3632 Οὐ
3411 3569 3889 3670 γὰρυφειδομένυές

505 3664 798 3751 concutis,
823 3654 1248 3751 exundareque
1272 3670 1741 3751 facis,siquidem
1765 3654 1987 3751 absque
2012 3654 2151 3751 par;

2236 3664 2544 3745 ἀντιμετρεϊ
2625 3668 2654 3723 6
2724 3667 2937 3747 Κύριος,
2988 3664 3125 3723 ἀλλὰ
3193 3662 3482 3727 πλουσίως.
3522 3654 3741 3736 ’Ὥσπερ
3794 3661 3889 3716 οὖν

505 3750 768 3816 cimonia
787 3754 985 3817 metiri
1015 3756 1102 3819 vis
1124 3777 1137 3818 :
1156 3750 1256 3819 ita
1286 3766 1344 3820 et
1365 3750 1653 3820 Dominus
1675 3750 2153 3821 mensuramima-

2236 3754 2325 3812 ἐὰν
2407 3753 2612 3833 μέλλῃς
2682 3756 2965 3833 μετρήσειν
3016 3756 3182 3834 τυχὸν
3207 3753 3448 3832 ἄλευρον,
3505 3750 3701 3822 πιέζεις
3728 3756 3891 3806 τοῦτο

504 3859 679 3919 gnam
713 3852 770 3905 et
799 3844 1196 3908 exundantem
1229 3848 1391 3910 dabit
1440 3848 1564 3912 tibi.
1600 3848 1707 3911 Ille
1738 3848 1890 3910 forte
1925 3848 2153 3910 acutior

2236 3846 2323 3901 καὶ
2379 3842 2639 3919 σαλεύεις,
2698 3846 2786 3901 καὶ
2841 3846 3253 3923 ὑπερεκχεῐσθαι
3305 3854 3510 3917 ποιεῖς,
3571 3838 3687 3918 εἴγε
3711 3837 3889 3901 θέλεις

506 3931 798 4011 quispiam
828 3935 1147 4017 qumsierit,
1174 3939 1472 4017 quomodo
1496 3951 1806 4019 postquam
1839 3938 2005 4009 dixit.
2027 3936 2151 4009 Qua

2236 3933 2384 3991 10610
2444 3939 2701 4012 μετρῇσαι
2768 3935 2936 4014 χωρὶς
2993 3931 3298 4014 φειδωλίας·
3358 3931 3499 3989 οὕτω
3553 3931 3642 4019 καὶ
3684 3931 3712 3986 6
3770 3929 3889 3987 K6-

506 4037 784 4082 mensura
820 4022 1136 4103 metimini,
1164 4018 1672 4090 metienturivobis
1695 4035 1753 4091 et
1775 4028 1897 4101 alii,
1931 4027 2149 4089 iterum

2236 4046 2344 4103 ριος
2404 4023 2593 4102 μέτρον
2680 4023 2818 4103 μέγα
2867 4025 2956 4080 καὶ
3009 4021 3499 4102 ὑπερεκχυνόμενον
3557 4018 3713 4103 Min:
3771 4038 3887 4076 σοι.

506 4109 650 4171 dicit
668 4111 823 4191 quod
845 4096 1433 4182 mensura'exundet‘?
1454 4118 1512 4181 Si
1536 4120 1694 4180 enim
1721 4096 2151 4200 exundet,quo-

2236 4096 2516 4185 ἶητήσειε
2548 4110 2594 4169 δ’
2642 4096 2703 4169 ἄν
2742 4096 2823 4175 τις
2854 4096 3122 4192 ὀξύτερος,
3151 4096 3266 4177 πιῖς
3310 4096 3472 4169 είπὼν
3499 4109 3581 4167 ὅτι
3611 4096 3676 4189 ’ᾳ
3706 4106 3889 4185 μέτρῳ

508 4200 684 4262 modo
712 4220 995 4265 mensura
1016 4205 1140 4267 haec
1162 4207 1369 4269 eadem
1393 4208 1780 4271 est?Dicimus
1803 4197 2006 4288 itaque
2026 4197 2145 4269 non

2236 4216 2502 4280 μετρεῖτε,
2561 4202 3070 4281 ἀντιμετρηθήσεται
3118 4205 3273 4276 ύμῖν,
3340 4198 3500 4260 πάλιν
3574 4197 3760 4288 λέγει,
3802 4198 3884 4252 ὃτι
3948 4250 3958 4257 ,

506 4307 640 4351 esse
670 4290 894 4354 dictum
916 4294 1070 4373 quod
1097 4303 1254 4357 tanta
1272 4316 1551 4360 mensura
1577 4285 2073 4359 metienturvobis
2095 4307 2152 4359 et

2236 4292 2427 4372 μέτρον
2474 4293 2966 4370 ὑπερεκχυνόμενον
3049 4288 3304 4346 δώσουσιν
3363 4291 3438 4354 εἰς
3514 4290 3604 4346 τὸν
3680 4285 3886 4343 κόλπον

502 4378 625 4454 alii,
650 4379 754 4441 sed
781 4385 1018 4447 eadem.
1050 4383 1354 4465 Siquidem
1390 4387 1636 4449 dixisset
1654 4396 1813 4449 tanta
1844 4405 2146 4465 mensura,

2236 4382 2380 4457 ὑμῶν
2424 4403 2442 4461 ;
2506 4384 2564 4439 Ei
2619 4382 2719 4460 γὰρ
2774 4380 3212 4461 ὑπερεκχύνεται,
3269 4384 3385 4443 πῶς
3429 4381 3493 4436 τὸ
3549 4377 3674 4434 αὒνό
3721 4375 3886 4450 iam;

505 4476 643 4530 tunc
677 4488 796 4530 non
826 4471 1115 4535 defuisset
1143 4475 1463 4539 difﬁcultas
1504 4485 1562 4539 et
1599 4477 1989 4539 contrarietas
2016 4495 2149 4538 ser-

2236 4471 2469 4550 Λέγομεν
2519 4470 2606 4527 οὗν
2638 4468 2719 4527 ὅτι
2749 4472 2845 4528 οὐκ
2886 4470 3037 4545 εἷπε,
3068 4469 3313 4543 Τοσούτῳ
3364 4468 3540 4546 μέτρῳ
3559 4466 3888 4544 ἀντιμετρη-

503 4558 689 4620 moni.
722 4560 892 4621 Nunc
913 4571 1109 4625 autem
1142 4584 1277 4625 cum
1302 4566 1507 4627 eadem
1540 4565 1771 4639 dixerit,
1803 4566 1975 4628 solvit
1999 4584 2149 4627 con-

2236 4562 2449 4632 θήσεται
2510 4562 2664 4636 ὑμῖν,
2718 4557 2877 4637 ἀλλὰ,
2912 4566 2989 4636 τῷ
3061 4560 3227 4632 αὐτῷ.
3265 4558 3320 4615 El
3340 4558 3440 4633 μὲν
3482 4557 3583 4636 γὰρ
3602 4558 3745 4634 εἶπε,
3781 4576 3885 4611 το-

503 4648 895 4713 trarietatem.
929 4652 1259 4716 Licetenim
1285 4655 1429 4717 dare
1452 4656 1656 4718 eadem
1682 4675 1983 4732 mensura,
2009 4658 2149 4717 514

500 4738 606 4799 sed
638 4757 757 4799 non
781 4747 964 4803 tanta.
990 4744 1116 4805 Hoc
1139 4745 1322 4825 igitur
1347 4746 1489 4808 dicit
1517 4746 1835 4809 Dominus:
1872 4746 1936 4810 Si
1968 4746 2151 4810 bene-

501 4827 1012 4904 feceris,beneﬁet
1033 4832 1292 4895 tibi.Hoc
1315 4835 1476 4896 enim
1501 4843 1588 4897 est
1608 4836 1815 4897 eadem
1843 4854 2145 4899 mensura.

497 4916 908 4981 Exundantem
939 4928 1135 4983 autem
1158 4922 1492 5004 dicit,quod
1524 4942 1657 4986 cum
1684 4925 1868 4987 semel
1899 4925 2150 4989 benefe-

502 5006 1018 5082 ceris,innumeris
1041 5011 1232 5072 modis
1254 5012 1360 5073 tibi
1382 5012 1836 5076 benefietJdem
1862 5022 1951 5076 est
1972 5015 2147 5079 etiam

500 5098 559 5158 in
590 5097 1109 5161 condemnatione.
1135 5099 1249 5174 Qui
1275 5102 1434 5164 enim
1461 5101 1818 5165 condemnat
1850 5111 1910 5166 et
1929 5104 2150 5168 deinde

498 5186 951 5263 condemnatur,
988 5189 1195 5251 eadem
1253 5209 1531 5254 mensura
1560 5192 1773 5274 recipit
1803 5214 1817 5255 :
1854 5201 2148 5273 quatenus

499 5286 693 5338 autem
712 5278 1412 5359 amplinscondemnatur
1429 5281 1587 5362 quod
1600 5281 1855 5345 similem
1869 5282 2148 5345 condem-

499 5366 676 5442 narit,
711 5366 772 5428 in
800 5368 911 5428 hoc
957 5369 1263 5430 exundans
1305 5378 1395 5431 est
1428 5389 1729 5435 mensura.
1763 5370 1902 5434 Haec
1947 5381 2143 5435 autem

499 5454 644 5517 dixit
675 5456 963 5519 Dominus
1002 5476 1036 5519 a
1082 5459 1581 5523 condemnatione
1627 5479 1737 5523 nos
1794 5460 2141 5543 prohibens.

576 5618 631 5667 ⁸³
660 5619 838 5685 Rom.
870 5637 935 5697 ιι,
968 5623 1028 5683 1.
1104 5636 1107 5639 ‘

2234 4653 2405 4726 σούτῳ
2452 4649 2652 4730 μέτρῳ,
2710 4649 2831 4709 τότε
2901 4647 2965 4705 ἄν
2994 4649 3123 4729 εἶχε
3153 4646 3462 4728 δυσχέρειαν
3508 4648 3598 4703 καὶ
3638 4644 3886 4702 ἐναντιό-

2229 4763 2368 4809 τητα
2439 4744 2467 4798 6
2514 4739 2699 4820 Myos.
2769 4746 2872 4798 N6v
2918 4738 2996 4816 δὲ,
3054 4739 3133 4813 τῷ
3182 4741 3326 4813 αὐτῷ
3383 4737 3570 4813 εἰπὼν,
3624 4733 3735 4791 λύει
3782 4733 3886 4801 τὴν

2231 4831 2602 4898 ἐναντιότητα,
2661 4819 2828 4887 ’Ἐστι
2880 4829 2980 4908 γὰρ
3037 4825 3233 4885 διδόναι
3263 4831 3343 4900 τῷ
3387 4827 3530 4901 αὐτῷ
3560 4824 3760 4903 μέτρῳ,
3821 4822 3882 4879 0-3

2231 4923 2340 4999 μὴν
2401 4921 2657 4995 τοσούτῳ.
2717 4920 2881 4977 Τοῦτο
2957 4924 3082 4997 γοῦν
3169 4916 3314 4994 λέγει
3395 4918 3424 4972 ὁ
3515 4915 3729 4995 Κύριος,
3801 4912 3885 4969 ὅτι

2234 5010 2622 5091 Εύεργέτησας,
2703 5009 3094 5087 εύεργετηθήσῃ
3144 5012 3300 5064 τοῦτο
3359 5007 3422 5062 16
3475 5006 3604 5064 αὐτὸ
3661 5002 3881 5091 μέτρον,

2231 5102 2302 5162 Τὸ
2360 5090 2414 5157 δὲ
2461 5090 2976 5181 ὑπερεκχυνόμενον,
3037 5098 3119 5153 ὃτι
3177 5094 3527 5175 εὐεργέτησας
3571 5090 3735 5168 ἅπαξ,
3783 5114 3887 5169 μυ-

2230 5190 2550 5271 ριοπλασίως
2622 5188 3045 5269 εὖεργετηθώσῃ.
3099 5187 3171 5244 Τὸ
3250 5185 3377 5244 αὐτό
3451 5185 3539 5241 καὶ
3625 5182 3711 5239 ἐπὶ
3780 5183 3881 5249 τῆς

2228 5282 2604 5360 κατακρίσεως.
2675 5271 2733 5335 Ὀ
2784 5279 2885 5358 γὰρ
2958 5277 3312 5355 κατακρίνων,
3375 5274 3502 5331 εἶτα
3557 5272 3881 5360 κατακρινό-

2230 5358 2411 5450 μενος,
2464 5377 2541 5445 τῷ
2583 5370 2726 5442 αὖτῷ
2756 5368 2933 5447 μέτρῳ
2962 5362 3361 5441 ἀντιλαμϐάνεϋ
3421 5364 3551 5420 καθό
3581 5360 3637 5418 δὲ
3688 5358 3883 5419 πλεῖον

2228 5463 2619 5542 κατακρίνεται,
2679 5458 2759 5516 ὅτι
2818 5458 2909 5516 τὸν
2961 5454 3143 5533 ὅμοιον
3198 5453 3495 5535 κατέκρινε,
3537 5453 3674 5509 κατὰ
3724 5460 3883 5511 τοῦτο
