4154 6298
543 345 665 418 779
1519 347 2114 418 THEOPHYLACTI
2156 318 2568 411 nummus
2609 342 2960 408 nomne.
3817 341 3950 406 780

544 486 761 548 Vester
788 485 949 549 enim
977 503 1175 549 sermo
1199 502 1437 566 semper
1468 483 1655 565 putris
1676 483 1949 561 est,sicut
1970 489 2030 544 et
2049 481 2145 544 vita

2231 495 2254 542 ι
2276 482 2484 559 πρῶτον
2567 482 2665 547 τὴν
2722 479 2875 538 δοκὸν
2906 480 2967 537 ἐκ
2994 490 3087 540 τοῦ
3129 480 3403 561 ὀφθαλμοῦ
3432 504 3551 562 σου,
3581 483 3671 539 καὶ
3716 483 3840 539 τότε
3876 486 3943 539 τὸ

543 572 881 654 Loquimini
929 575 1087 636 enim
1119 592 1189 635 ex
1218 562 1577 635 abundantia
1623 572 1841 633 cordis.
1877 569 2145 642 Quomod

2269 570 2465 648 κάρφος
2524 572 2585 625 τὸ
2654 572 2714 624 ὲν
2750 574 2819 641 τῷ
2849 568 3103 649 ὀφθαλμῷ
3132 578 3223 627 τοῦ
3252 568 3475 651 ἅδελφοῦ
3531 593 3649 630 σου.
3712 562 3941 651 ’Ὠσπερ

544 662 724 741 igitur
742 664 890 726 alios
919 663 1249 744 corrigetis,
1278 669 1335 723 et
1363 662 1613 723 aliorum
1638 669 1879 741 peccata
1904 657 2145 739 punieti:

2270 660 2357 713 καὶ
2420 656 2665 737 ἀλλαχοῦ⁹
2721 656 2889 735 λέγει,
2948 660 2995 715 οἱ
3065 659 3164 726 τὴν
3233 659 3478 736 κάμηλον
3521 663 3942 742 καταπίνοντες,

541 749 654 831 ipsi
687 754 920 831 gravius
944 750 1289 833 peccantes?

2270 747 2358 802 καὶ
2399 748 2491 802 τὸν
2540 746 2773 804 κώνωπα
2814 745 3152 833 διυλίζοντες.
3201 748 3320 812 Πῶς
3350 750 3465 823 οὗν,
3506 752 3689 831 φησὶν,
3742 753 3936 827 ὑμεῖς,

542 825 588 896 ti;
615 825 925 920 Φαρισαῖοι,
944 825 1137 917 ’δένδρα
1164 839 1309 903 ὄντες
1340 843 1537 921 σαπρὰ,
1571 840 1849 908 δυνήσεσθε
1894 837 2122 915 καρποὺς
2166 836 2391 913 ἀγαθοὺς
2421 848 2767 914 προενεγκεῖν
2802 851 2817 907 ;
2857 825 3034 911 ’Υμῶν
3065 838 3164 915 γὰρ
3205 839 3293 894 καὶ
3324 841 3352 895 6
3382 825 3543 916 λόγος
3573 825 3803 919 σαπρὸς,
3838 843 3921 904 ὡς

541 930 629 985 καὶ
676 932 704 985 ὁ
732 931 872 1010 βίος,
919 929 979 985 ἐκ
1032 931 1132 1007 γὰρ
1186 931 1277 985 τοῦ
1332 931 1747 1007 περισσεύματος
1804 926 1901 993 τῆς
1960 923 2171 1003 καρδίας
2232 922 2440 1002 λέγετε.
2505 931 2624 988 Πῶς
2680 925 2853 983 τοίνυν
2914 925 3120 1005 ἑτέρους
3178 925 3517 1007 διορθώσεσθε
3550 951 3566 965 ο
3597 931 3687 985 καὶ
3719 931 3923 1009 ἑτέρων

540 1017 901 1095 ἁμαρτήματα
942 1017 1219 1088 κολάσετε,
1253 1020 1399 1076 αὐτοὶ
1429 1020 1493 1073 τὰ
1524 1018 1685 1093 μείζω
1716 1017 2105 1093 ἁμαρτάνοντες
2144 1032 2159 1088 ;

619 1104 799 1171 Vnus.
831 1108 1050 1170 46-49.
1082 1105 1263 1177 «Quid
1293 1114 1487 1167 autem
1519 1105 1737 1167 vocatis
1759 1122 1876 1178 me,
1912 1101 2145 1164 Domine

2358 1122 2383 1157 ι
2454 1104 2514 1160 Τί
2578 1100 2632 1158 δὲ
2663 1123 2729 1177 με
2772 1100 3015 1183 καλεῖτε,
3054 1104 3237 1185 Κύριε,
3267 1101 3450 1185 Κύριε,
3484 1108 3570 1162 καὶ
3598 1108 3658 1164 οὗ
3706 1124 3923 1167 ποιεῖτε

537 1191 813 1271 Domine,
849 1204 906 1258 et
936 1214 1051 1257 non
1080 1195 1271 1256 facitis
1310 1212 1440 1274 quae
1489 1194 1655 1256 dico?
1705 1191 1983 1273 Quisquis
2027 1208 2145 1252 ven.

2267 1190 2300 1245 ἃ
2357 1189 2500 1269 λέγω
2533 1210 2550 1267 ;
2612 1197 2718 1257 Πᾶς
2746 1195 2775 1249 6
2830 1192 3124 1272 ἐρχόμενος
3150 1196 3279 1273 πρός
3331 1217 3420 1271 με,
3463 1199 3549 1253 καὶ
3578 1199 3787 1254 ἀκούων
3817 1223 3925 1275 μου

535 1281 609 1343 ad
636 1301 756 1359 me,
792 1292 851 1345 et
879 1284 1042 1344 audit
1071 1300 1380 1344 sermones
1403 1291 1657 1362 meos,et
1692 1282 1826 1342 facit
1856 1290 2145 1355 eos,osten

2262 1285 2366 1336 τῶν
2438 1278 2637 1359 λόγων,
2698 1283 2789 1338 καὶ
2844 1288 3013 1338 ποιῶν
3071 1284 3282 1358 αὐτοὺς,
3355 1285 3609 1351 ὑποδείξω
3656 1289 3788 1361 ὑμῖν
3820 1292 3921 1345 τίνι

537 1368 671 1431 dam
702 1372 866 1434 vobis
895 1373 988 1433 cui
1022 1371 1234 1434 similis
1256 1371 1351 1431 sit.
1382 1360 1603 1432 Similis
1625 1380 1713 1432 est
1731 1369 1956 1431 homini
1982 1368 2135 1430 aditi

2260 1367 2395 1425 ἐστὶν
2454 1370 2661 1445 ὅμοιος.
2723 1360 2959 1445 "Gitoni;
3012 1374 3156 1427 ἔστιν
3242 1373 3502 1451 ἀνθρώπῳ
3547 1360 3921 1451 οἰκοδομοῦντι

537 1459 696 1519 cauti
725 1460 993 1539 domum,
1030 1459 1129 1540 qui
1153 1458 1372 1519 foditin
1402 1458 1607 1533 altum,
1641 1467 1698 1519 et
1729 1459 1924 1537 posuit
1959 1458 2145 1519 funda

2255 1458 2446 1532 οἰκίαν,
2501 1459 2558 1521 ὃς
2610 1458 2809 1534 ἐσκαψε
2869 1461 2957 1515 καὶ
3013 1458 3247 1541 ἐϐάθυνε,
3321 1466 3408 1519 καὶ
3457 1464 3613 1531 ἔθηκε
3662 1466 3920 1540 θεμέλιον

534 1555 796 1636 mentum
832 1566 1009 1628 super
1039 1557 1287 1628 petram.
1340 1546 1730 1636 Inundatione
1759 1556 1979 1636 autem,
1999 1547 2145 1607 facta

2252 1549 2339 1604 επὶ
2411 1550 2509 1616 τὴν
2560 1547 2780 1627 πέτραν.
2826 1550 3155 1629 Πλημμύρας
3214 1548 3267 1607 δὲ
3297 1554 3614 1631 γενομένης,
3671 1558 3919 1636 προσέρ-

531 1633 751 1697 illisum
785 1646 874 1699 est
904 1638 1125 1698 ﬂumen
1154 1636 1357 1697 domui
1409 1635 1517 1709 illi,
1554 1644 1612 1695 et
1659 1654 1776 1696 non
1825 1634 2019 1725 potuit
2038 1652 2145 1697 ean

2251 1636 2403 1725 ῥηξεν
2456 1640 2484 1693 ὃ
2541 1639 2781 1712 ποταμὸς
2836 1643 2904 1714 τῇ
2960 1640 3096 1725 οἰκίᾳ
3151 1638 3349 1717 ἐκείνῃ,
3411 1644 3499 1700 καὶ
3555 1645 3648 1701 οὐκ
3712 1633 3914 1725 ἴσχυσε

531 1741 792 1807 movere,
823 1725 1064 1788 fundata
1090 1725 1246 1787 enim
1280 1733 1407 1785 erat
1428 1742 1608 1803 super
1636 1731 1888 1805 petram.
1917 1722 2027 1796 Qui
2058 1742 2145 1785 au-

2251 1724 2500 1807 σαλεῦσαι
2556 1726 2744 1794 αὐτήν·
2802 1724 3152 1799 τεθεμελίωτο
3222 1730 3321 1807 γὰρ
3379 1728 3463 1786 ἐπὶ
3519 1732 3614 1799 τὴν
3675 1722 3901 1805 πέτραν,

529 1819 646 1873 tem
677 1803 921 1891 audivit,
956 1824 1013 1876 et
1046 1833 1165 1876 non
1211 1813 1371 1893 fecit,
1405 1812 1617 1874 similis
1639 1803 1651 1805 ἡ
1673 1820 1763 1873 est
1810 1812 2039 1872 homini
2070 1831 2145 1893 qu

2252 1803 2310 1869 ⁸0
2368 1811 2422 1868 δὲ
2493 1814 2721 1879 ἀκούσας
2770 1816 2859 1871 καὶ
2915 1816 2995 1890 μὴ
3066 1803 3315 1893 ποιήσας,
3380 1817 3566 1894 ὅμοιός
3616 1803 3908 1877 ἐστινάνο

527 1901 834 1989 aediﬁcavit
860 1902 1101 1965 domum
1134 1921 1298 1963 suam
1332 1920 1512 1981 super
1543 1910 1757 1962 terram
1789 1899 2011 1981 absque
2030 1901 2140 1989 fun

2247 1902 2440 1989 θρώπῳ
2498 1901 2901 1979 οἰκοδομήσαντι
2960 1906 3129 1961 οὶκίαν
3178 1906 3263 1962 ἐπὶ
3331 1908 3428 1975 τὴν
3458 1914 3562 1987 γῆν
3592 1912 3763 1989 χωρὶς
3810 1914 3907 1967 θι-

527 1988 825 2067 damento,
859 1993 920 2052 in
943 2010 1115 2073 quam
1148 1992 1335 2053 illisus
1366 1999 1455 2051 est
1483 1990 1717 2065 ﬂuvius,
1775 2003 1832 2053 et
1882 1988 2145 2052 continui

2249 1988 2450 2081 μελίου·
2514 1995 2549 2068 ᾗ
2592 1991 2941 2071 προσέῤῥηξεν
2982 1994 3011 2050 6
3040 1997 3303 2069 ποταμὸς,
3346 1999 3433 2053 καὶ
3477 1988 3899 2081 εὐθέώςὲπεσε,

525 2080 761 2168 cecidit,
795 2090 852 2141 et
883 2082 1032 2143 facta
1081 2090 1171 2142 est
1227 2078 1640 2168 ruinadomus
1671 2078 1831 2140 illius
1864 2096 2094 2168 magna.
2133 2106 2145 2134 ι

2247 2081 2334 2135 καὶ
2386 2080 2596 2159 ἐγένετο
2650 2104 2710 2138 το
2740 2083 2920 2161 ῥῆγμα
2949 2085 3049 2151 τῆς
3079 2086 3242 2151 οἰκίας
3284 2087 3492 2155 ἐκείνης
3527 2090 3687 2168 μέγα,
3730 2114 3754 2146 ι
3796 2078 3895 2149 Καί

521 2164 596 2228 Et
622 2168 733 2230 hoc
783 2170 1118 2231 necessario
1160 2167 1332 2229 nobis
1365 2167 1602 2243 dicitur,
1628 2168 1727 2247 qui
1778 2185 1882 2228 ore
1924 2167 2145 2248 quiden

2246 2176 2399 2227 τουτο
2457 2168 2749 2249 ἀναγκαῖον
2800 2194 2932 2249 προς
2985 2175 3154 2250 ἡμᾶς,
3210 2176 3331 2239 τοὺς
3368 2164 3762 2256 ὁμολογούντας
3794 2183 3897 2256 μὲν

522 2256 819 2346 Christum
842 2259 1215 2331 conﬁtemur,
1250 2275 1431 2337 opere
1452 2266 1650 2346 autem
1680 2276 1963 2334 negamus
1991 2258 2073 2319 35.
2102 2257 2141 2319 S

2246 2259 2400 2313 αὐτὸν
2470 2273 2588 2323 τοῖς
2643 2260 2845 2339 χείλεσι
2922 2262 3128 2342 Κύριον,
3159 2278 3278 2327 τοῖς
3317 2262 3372 2320 δὲ
3428 2265 3599 2346 ἔργοις
3632 2268 3897 2346 ἀρνουμέ-

519 2345 679 2407 enim
726 2347 1010 2409 Dominus
1040 2365 1195 2426 sum,
1228 2346 1442 2426 inquit,
1475 2345 1718 2407 omnino
1773 2362 2040 2406 vestrum
2072 2356 2161 2408 est

518 2434 715 2497 facere
740 2454 809 2497 ea
839 2455 970 2516 quaa
998 2444 1136 2497 sunt
1164 2453 1493 2496 servorum.
1521 2432 1686 2495 Servi
1714 2434 1873 2495 enim
1906 2453 2055 2515 opus
2072 2444 2159 2496 est

515 2531 680 2585 recte
711 2525 907 2588 facere
931 2525 1087 2605 quod
1115 2523 1392 2584 dominus
1424 2523 1696 2602 imperat.
1734 2522 1981 2597 Deinde,
2016 2523 2159 2585 dicit

515 2610 689 2673 nobis
713 2615 853 2692 quid
906 2614 1171 2675 lucretur
1196 2630 1259 2673 se
1290 2610 1560 2687 audiens,
1597 2620 1653 2671 et
1676 2630 1790 2672 non
1823 2611 2012 2671 solum
2045 2631 2154 2672 au-

515 2698 822 2782 diens,sod
854 2710 921 2763 et
942 2700 1422 2764 faciens.Similis
1443 2699 1703 2761 estenim
1728 2699 1951 2761 homini
1977 2701 2158 2762 ειδόἰῦ-

513 2790 803 2871 canti,qui
833 2791 1141 2852 aediﬁcavit
1171 2808 1348 2869 super
1379 2799 1631 2870 petram.
1657 2787 1828 2852 Petra
1862 2790 2038 2868 igitur
2067 2798 2158 2854 est

511 2878 801 2953 Christus,
831 2879 984 2941 sicut
1012 2878 1329 2956 Apostolus
1356 2885 1599 2938 testatur
1624 2877 1709 2939 56.
1749 2879 1918 2940 Fodit
1951 2886 2149 2941 autem

507 2966 572 3028 in
612 2968 993 3048 profundum,
1026 2968 1126 3043 qui
1182 2986 1297 3028 non
1347 2966 1800 3046 superﬁcialiter
1848 2985 2155 3029 sermones

508 3056 830 3137 Scriptura:
858 3057 1095 3136 accipit,
1132 3057 1234 3117 sed
1270 3064 1567 3116 scrutatur
1600 3056 1887 3136 profunda
1918 3056 2150 3117 illarum

505 3145 568 3206 in
599 3147 833 3227 Spiritu.
867 3148 1022 3209 Talis
1054 3146 1226 3225 igitur
1257 3155 1314 3206 et
1344 3162 1521 3224 supra
1552 3154 1778 3225 petram
1832 3146 2058 3226 fundat,
2096 3154 2155 3207 et

2241 2368 2382 2411 νοος,
2443 2348 2501 2403 Εἰ
2530 2348 2628 2426 γὰρ
2674 2350 2859 2428 Κύριός
2889 2352 3020 2431 εἰμι,
3053 2353 3205 2431 φησὶ,
3250 2354 3462 2419 πάντως
3492 2358 3627 2431 ὑμᾶς
3697 2356 3800 2414 ἔδει
3830 2360 3893 2414 τὸ

2240 2441 2344 2491 τῶν
2400 2434 2600 2492 δούλων
2628 2459 2823 2497 ποιειι.
2861 2438 3069 2495 Δούλων
3113 2439 3166 2496 δὲ
3197 2441 3372 2520 ἔργον,
3404 2446 3467 2500 τὸ
3517 2448 3765 2525 πράττειν
3798 2446 3830 2503 ἄ
3860 2451 3889 2503 6

2239 2534 2412 2591 κύριος
2468 2524 2757 2588 ἐπιτάςτει,
2812 2527 2949 2584 Εἶτα
3004 2527 3147 2607 λέγει
3177 2532 3313 2606 ἡμῖν
3340 2532 3393 2587 τί
3420 2524 3671 2612 κερδαίνει
3704 2538 3732 2591 6
3786 2540 3886 2595 αὖ·

2237 2620 2329 2696 τοῦ
2382 2612 2608 2689 ἀκούων,
2676 2617 2761 2671 καὶ
2818 2616 2896 2691 μὴ
2953 2618 3113 2691 μόνον
3143 2620 3371 2696 ἁκούων,
3406 2621 3543 2679 ἀλλὰ
3571 2626 3657 2680 καὶ
3686 2632 3879 2688 ποιῶν,

2242 2691 2475 2775 ΗΟμοιος
2532 2705 2631 2783 γὰρ
2680 2702 2822 2759 ἐστιν
2851 2705 3112 2784 ἀντρώπῳ
3154 2691 3416 2785 οἰκοδόμῳ
3445 2714 3501 2775 ὁς
3530 2711 3879 2789 ᾠκοδόμησεν

2237 2789 2322 2880 ἐπὶ
2374 2792 2480 2880 τὴν
2518 2792 2734 2871 πέτραν.
2809 2794 2983 2873 Πέτρα
3043 2795 3139 2871 μὲν
3197 2796 3285 2853 οὖν
3339 2801 3367 2855 6
3423 2804 3660 2880 Χριστὸς,
3714 2804 3787 2868 ὡς
3852 2806 3882 2860 6

2240 2878 2565 2944 Ἀπόστολος
2639 2896 2922 2961 μαρτυρεῖ,
2975 2885 3210 2943 Σκάπτει
3264 2883 3314 2941 δὲ
3369 2890 3455 2942 καὶ
3533 2878 3764 2964 βαωνει,
3811 2892 3877 2955 ὃς

2237 2972 2313 3042 μῆ
2344 3046 2358 3055 _
2384 2969 2706 3035 ἐπιπολαίως
2768 2968 2983 3050 δέχεται
3036 2974 3157 3037 τοὺς
3213 2978 3306 3040 τῆς
3387 2980 3592 3055 Γραφῆς
3648 2975 3866 3054 λόγους,

2238 3046 2358 3140 αλλ’
2415 3056 2593 3137 ἐρευνᾷ
2650 3060 2715 3115 τὰ
2970 3061 3167 3118 τούτων
3217 3064 3354 3138 μετὰ
3401 3046 3869 3140 τοῦ-πνεύματοςι

2238 3136 2295 3201 (Ο
2326 3136 2562 3212 τοιοῦτος
2634 3148 2723 3206 οὖν
2779 3150 2865 3205 καὶ
2922 3148 3006 3206 ἐπὶ
3064 3151 3162 3218 τὴν
3191 3136 3389 3230 πέτραν
3419 3136 3681 3229 θεμελιοῐξ
3739 3154 3884 3211 Εἶτα

503 3233 722 3297 deinde
752 3236 901 3299 facta
921 3243 1292 3315 tempestate,
1328 3235 1440 3324 hoc
1486 3233 2024 3324 estpersecutione
2059 3236 2145 3324 vel

2231 3232 2554 3313 πλημμύρας
2613 3237 2927 3315 γενομένης,
2987 3236 3222 3317 διωγμοῦ
3282 3242 3448 3321 τυχὸν
3477 3243 3512 3310 ἡ
3563 3245 3886 3324 πειρασμοῖη

502 3326 853 3399 tentatione,
888 3325 1063 3385 illidit
1092 3326 1314 3384 ﬂumen
1345 3322 1545 3383 domui
1576 3322 1683 3389 illi.
1722 3331 1997 3404 tentator,
2023 3323 2143 3386 sive

502 3411 757 3487 daemon,
804 3413 925 3473 sive
978 3413 1181 3491 homo,
1215 3420 1420 3472 etnon
1469 3410 1623 3471 valet
1661 3430 1898 3472 movere
1956 3412 2138 3473 illam.

501 3500 762 3565 Flumini
793 3522 935 3564 sane
961 3511 1194 3564 tentans
1215 3501 1316 3562 ille
1347 3502 1521 3559 homo
1553 3499 1876 3572 confertur,
1909 3509 1969 3562 et
2012 3503 2141 3563 val-

502 3590 578 3652 de
611 3593 844 3667 merito;
874 3592 1028 3653 sicut
1055 3591 1211 3652 enim
1246 3592 1469 3651 ﬂumen
1496 3589 1789 3650 inundare
1835 3590 1971 3651 facit
1995 3610 2144 3672 aqua

502 3698 634 3761 qua
659 3699 915 3761 superne
946 3680 1186 3751 decidit,
1217 3679 1295 3739 ita
1322 3688 1379 3739 et
1408 3684 1728 3738 tentantem
1752 3678 1918 3739 illum
1944 3680 2141 3741 homi-

503 3771 723 3829 minem
755 3768 1020 3839 Satanas,
1068 3768 1170 3849 qui
1205 3787 1235 3828 e
1266 3766 1540 3847 supernis
1584 3767 1821 3847 cecidit,
1873 3786 2145 3830 crescere

498 3855 658 3919 facit.
690 3856 910 3918 Domus
932 3865 1123 3918 autem
1159 3874 1361 3917 eorum
1388 3856 1486 3936 qui
1520 3874 1634 3916 non
1658 3855 1880 3917 faciunt
1910 3875 2141 3919 sermo-

502 3964 639 4007 nem
664 3945 898 4007 Domini
929 3946 1173 4019 cadit,et
1204 3946 1265 4005 fit
1296 3945 1462 4006 ruina
1492 3944 1704 4005 domus
1727 3944 1886 4006 illius
1908 3964 2138 4026 magna.

502 4038 716 4115 Magna
768 4037 923 4097 enim
956 4037 1126 4097 ruina
1156 4042 1247 4096 est
1276 4053 1479 4096 eorum
1513 4034 1612 4115 qui
1645 4034 1892 4096 audiunt
1936 4044 1993 4097 et
2025 4055 2144 4099 non

499 4123 741 4189 faciunt.
775 4124 919 4186 Nam
946 4126 1046 4206 qui
1079 4144 1197 4186 non
1229 4124 1412 4204 audit,
1447 4133 1503 4184 et
1532 4142 1646 4183 non
1677 4123 1840 4199 facit,
1877 4142 1995 4189 non
2028 4134 2141 4187 tam

500 4214 756 4293 graviter
780 4216 957 4292 cadit,
993 4214 1094 4296 qui
1120 4224 1316 4277 autem
1348 4213 1511 4277 audit
1541 4222 1597 4275 et
1649 4232 1767 4275 non
1811 4214 1971 4294 facit,
2003 4232 2143 4293 gra-

502 4303 626 4365 vius
658 4313 885 4385 peccat.

1103 4486 1349 4551 CAPUT
1398 4486 1525 4551 VII.

605 4578 687 4640 De
715 4585 1085 4643 centurione.
1122 4579 1369 4719 Dei/ilio
1399 4582 1624 4642 viduae.
1657 4578 1742 4642 De
1772 4581 1972 4641 missis
2000 4600 2037 4641 a

1229 4678 1445 4719 ounne.

1229 4678 1445 4722 ounne.

576 4755 760 4817 Vsus.
796 4755 974 4815 1-10.
1025 4757 1158 4816 516
1216 4778 1237 4811 α
1265 4759 1408 4817 Cum
1441 4762 1636 4816 autem
1671 4763 2143 4816 consummasset

496 4843 696 4903 omnia
727 4843 909 4905 verba
934 4863 1037 4904 sua
1067 4843 1346 4905 audiente
1380 4843 1621 4923 populo,
1648 4845 1883 4905 intravit
1914 4844 2138 4924 Caper-

492 4949 692 4993 naum.
729 4933 1105 4995 Ceuturionis
1158 4940 1353 4993 autem
1404 4933 1712 5011 cujusdam
1749 4951 1956 4995 servus
1984 4934 2136 4995 male

494 5017 721 5081 habens
741 5020 950 5098 agebat
972 5020 1254 5093 animam,
1294 5021 1391 5099 qui
1427 5020 1512 5082 illi
1543 5030 1672 5081 erat
1700 5022 1941 5082 charus.
1986 5019 2134 5082 Cum

491 5109 753 5171 audisset
782 5118 977 5171 autem
1008 5110 1082 5170 de
1110 5108 1273 5183 Jesu,
1304 5109 1462 5169 misit
1490 5109 1562 5170 ad
1595 5128 1728 5170 eum
1752 5111 2019 5171 seniores
2033 5109 2133 5174 Ju-

491 5196 775 5271 daaorum,
795 5217 1009 5277 rogans
1034 5216 1165 5259 eum
1202 5206 1262 5258 ut
1290 5198 1515 5259 veniret
1540 5207 1596 5258 et
1616 5206 2131 5261 servaretservum

490 5303 687 5349 suum.
722 5289 795 5349 At
824 5288 911 5348 illi
942 5307 1073 5348 cum
1109 5286 1409 5348 venissent
1455 5288 1527 5348 ad
1583 5286 1809 5359 Jesum,
1845 5287 2133 5367 rogabant

490 5392 622 5436 cum
675 5377 961 5449 studiose,
1021 5376 1334 5438 dicentes:
1370 5376 1593 5455 Dignus
1641 5385 1729 5437 est
1777 5385 1841 5437 ut
1899 5376 2011 5438 hoc
2042 5377 2129 5437 illi

564 5542 627 5592 35
655 5539 767 5603 Tit.
804 5559 845 5618 l,
892 5544 985 5604 16.
1016 5543 1081 5593 36
1112 5545 1131 5604 l
1163 5544 1297 5605 Cor.
1336 5561 1395 5617 ι,
1428 5547 1486 5603 4.

2228 3326 2517 3403 προσρήσει
2588 3328 2615 3380 ὃ
2666 3328 2908 3403 ποταμὸς
2982 3334 3051 3404 τῇ
3083 3329 3220 3386 οἰκία
3251 3328 3453 3411 ἐκείνῃ,
3499 3333 3529 3387 6
3584 3334 3876 3411 πειραστής

2229 3410 2340 3469 εἴτε
2410 3411 2610 3471 δαίμων
2668 3414 2782 3472 εἴτε
2838 3416 3130 3498 ἅνθρωπος,
3164 3418 3250 3474 καὶ
3280 3422 3373 3477 οὖν
3421 3420 3596 3500 ἰσχύει
3627 3410 3878 3478 σαλεῦσαι

2228 3504 2448 3571 ταύτην.
2523 3510 2756 3581 Ποταμῷ
2812 3504 2858 3561 δ’
2917 3505 2978 3562 ἄν
3033 3505 3399 3586 παραϐληθείη
3428 3512 3457 3565 6
3482 3510 3748 3589 πειράζων
3779 3510 3873 3569 ἄν-

2226 3594 2456 3668 θρωπος,
2519 3597 2605 3651 καὶ
2676 3595 2821 3670 μάλα
2875 3596 3116 3660 εἰκότως·
3148 3597 3327 3675 ὥσπερ
3347 3598 3449 3677 γὰρ
3475 3600 3567 3655 τὸν
3634 3601 3876 3674 ποταμὸν

2228 3682 2261 3747 ἡ
2313 3679 2507 3738 ἂνωθεν
2558 3684 2823 3741 πίπτουσα
2901 3686 3080 3766 βροχῆ
3133 3690 3480 3766 πλημμυρεῐν
3514 3702 3686 3762 ποιεῖ,
3739 3688 3874 3745 οετω

2229 3772 2314 3827 καὶ
2365 3773 2456 3828 τὸν
2514 3775 2805 3853 πειραστήν
2875 3774 3148 3855 ἄνθρωπον
3205 3778 3232 3832 6
3277 3775 3473 3833 ἄνωθεν
3524 3780 3704 3834 πεσὼν
3762 3786 3877 3834 Σα-

2226 3866 2387 3924 τινᾶς
2446 3859 2616 3927 αὔξειν
2670 3878 2841 3928 ποιεῖ,
2902 3870 3018 3922 Τῶν
3071 3862 3123 3920 δὲ
3184 3865 3260 3941 μὴ
3302 3867 3595 3923 ποιούντων
3636 3868 3757 3931 τοὺς
3786 3875 3877 3924 τοῦ

2234 3950 2417 4026 κυρίου
2473 3949 2662 4029 λόγους
2723 3954 2756 4020 ἡ
2816 3956 2953 4010 οἰκία
3019 3955 3224 4030 πίπτει,
3259 3956 3346 4011 καὶ
3374 3957 3572 4033 γίνεται
3606 3958 3668 4012 τὸ
3696 3957 3877 4035 ῥῆγμα

2228 4040 2325 4103 τῆς
2396 4040 2562 4105 οἰκὶας
2620 4041 2822 4109 ἐκείνης
2879 4044 3037 4121 μέγα.
3104 4041 3324 4121 Μεγάλα
3379 4045 3480 4122 γὰρ
3511 4045 3612 4100 εἰσι
3645 4046 3711 4101 τὰ
3733 4046 3874 4106 πτώ.

2229 4149 2370 4201 ματα
2427 4129 2534 4185 τῶν
2588 4131 2886 4189 ἀκουόντων
2946 4132 3067 4209 μὲν,
3103 4132 3180 4207 μὴ
3233 4133 3525 4189 ποιούντων
3558 4130 3634 4195 δέ.
3686 4125 3744 4192 Ὀ
3774 4134 3872 4208 μὲν

2227 4216 2327 4294 γὰρ
2383 4218 2520 4292 μήτε
2582 4219 2809 4284 ἀκούσας
2841 4219 2979 4297 μὴτε
3010 4221 3266 4296 ποιήσας,
3318 4218 3640 4301 ὶλαφρότερα
3667 4225 3869 4295 πταίει,

2227 4306 2255 4360 6
2314 4303 2367 4360 δὲ
2422 4305 2647 4373 ἀκούσας
2713 4310 2833 4390 μὲν,
2920 4309 2999 4385 μὴ
3072 4310 3302 4379 ποιήσας
3358 4307 3437 4386 δὲ,
3516 4309 3867 4390 χαλεπώτερα

2228 4394 2538 4472 ἁμαρτάνει.

2870 4493 3098 4546 ΚΕΦΛΛ
3135 4486 3191 4543 Ζ¹
3206 4535 3220 4550 .

2230 4580 2353 4653 Περὶ
2399 4586 2491 4635 τοῦ
2546 4580 2961 4664 ἑκατοντάρχου.
3014 4582 3138 4660 Περὶ
3192 4588 3285 4664 τού
3363 4584 3476 4664 υἱοῦ
3568 4588 3666 4652 τῆς
3750 4586 3866 4664 χή-

2310 4675 2424 4737 ρας”
2474 4661 2597 4737 Περὶ
2626 4662 2733 4717 τῶν
2760 4660 3056 4718 σταλέντων
3088 4662 3229 4741 παρᾶ
3259 4660 3531 4729 Ἰωάννου.

2314 4775 2336 4808 ι
2402 4750 2551 4810 Ἐπεὶ
2621 4751 2676 4809 δὲ
2746 4753 3023 4834 ἐπλήρωσε
3052 4754 3225 4812 πάντα
3252 4755 3319 4812 τὰ
3345 4756 3561 4833 ῥήματα
3594 4758 3755 4817 αὐτοῦ
3797 4760 3871 4821 εἰς

2221 4842 2317 4908 τᾶς
2376 4842 2539 4910 ἀκοὰς
2591 4853 2684 4904 τοῦ
2713 4844 2865 4924 λαοῦ,
2901 4843 3141 4914 εἰσῆλθεν
3167 4846 3241 4910 εἰς
3270 4849 3648 4925 Καπερναουμ.
3698 4836 3864 4906 Ἐκα-

2219 4933 2514 5013 τοντάρχου
2568 4932 2623 4989 δὲ
2669 4955 2814 4997 τινος
2880 4931 3061 5001 δοῦλος
3115 4940 3294 5000 κακῶς
3324 4934 3493 5014 ἔχων,
3530 4934 3721 5011 ἔμελλε
3774 4958 3869 4993 τε-

2216 5020 2404 5094 λευτᾷν
2458 5021 2517 5087 ὅς
2573 5021 2639 5090 ἧν
2696 5024 2837 5095 αὐτῷ
2896 5022 3130 5101 ἔντιμος,
3173 5023 3433 5087 Ἀκούσας
3489 5022 3545 5081 δὲ
3603 5028 3721 5105 περὶ
3774 5034 3863 5084 τοῦ

2215 5109 2419 5187 Ἰησοῦ,
2515 5111 2792 5170 ἀπέστειλα
2832 5115 3000 5193 -πρδς
3057 5114 3213 5171 αὒνὸν
3319 5109 3697 5193 πρεσϐυτέρως
3755 5122 3860 5172 τῶν

2216 5198 2501 5275 Ἰουδαίων,
2567 5201 2778 5280 ἐρωτῶν
2830 5202 2987 5259 αὐτὸν
3055 5201 3201 5268 ὅπως
3256 5200 3420 5260 ἐλθὼν
3481 5200 3716 5283 διασώσῃ
3767 5207 3857 5261 τὸν

2216 5286 2398 5346 δοῦλον
2457 5294 2635 5350 αὐτοῦ.
2697 5293 2757 5348 Oi
2811 5289 2892 5371 δὲ,
2953 5292 3370 5370 παραγενόμενοι
3419 5291 3548 5371 πρὸς
3594 5295 3687 5348 τὸν
3739 5292 3857 5361 Ἰη-

2213 5379 2356 5453 σοῦν,
2417 5380 2750 5456 παρεκάλουν
2810 5382 2967 5436 αὒτον
3054 5376 3370 5459 σπουδαίως,
3447 5378 3690 5458 λέγοντες
3778 5382 3856 5439 ὅτι
