4154 6298
572 398 688 466 ’183

1513 399 2108 467 THEOPHYLACTI
2151 395 2562 463 BULG‘ARIE
2605 393 2966 460 ARCHIEP.

3822 397 3912 460 784

562 532 834 596 dicentes
862 551 882 594 :
915 531 1215 613 Propheta
1239 551 1486 612 magnus
1516 535 1770 597 surrexit
1796 535 1954 598 inter
1993 550 2122 602 nos,
2157 548 2180 591 ε

2265 531 2585 608 ιΠροιρήτης
2645 529 2814 608 μέγας
2886 530 3168 608 ἐγήγερται
3224 533 3282 587 ἒν
3354 531 3526 607 ἡμῖν,
3576 531 3664 586 καὶ
3716 532 3788 587 ὃτι
3836 531 3914 588 ἐπ-

560 619 718 684 Deus
742 620 1004 684 visitavit
1034 621 1269 702 plebem
1302 640 1530 685 suam.»
1557 622 1868 704 Postquam
1898 621 2205 684 centurio-

559 711 652 772 nis
680 728 914 772 servum
953 710 1130 772 etiam
1164 709 1384 773 absens
1409 712 1660 792 sanavit,
1695 711 1856 774 aliud
1893 710 2086 773 rarius
2115 710 2204 772 fa-

557 799 636 862 cit
664 799 1032 860 miraculum.
1070 802 1159 861 Ne
1181 801 1313 881 quis
1331 799 1507 874 dicat,
1540 798 1612 860 Et
1640 799 1782 880 quid
1815 801 1948 863 novi
1981 801 2041 861 in
2089 799 2203 859 hoc

556 905 734 950 servo
755 887 1030 966 contigit?
1061 887 1328 950 fortassis
1358 888 1580 968 alioqui
1631 907 1746 949 non
1799 887 2006 950 fuisset
2036 905 2201 948 mor-

559 983 718 1052 tuus,
753 983 1069 1058 propterea
1130 985 1424 1037 mortuum
1477 975 1651 1036 illum
1683 976 1788 1054 qui
1827 975 2203 1046 efferebatur,

557 1063 971 1128 suscitat.Non
1003 1067 1192 1126 solum
1227 1074 1428 1127 autem
1451 1066 1630 1126 verbo
1661 1065 1803 1127 facit
1826 1065 2201 1139 miraculum,

555 1154 663 1216 sed
693 1161 752 1216 et
778 1153 1038 1217 loculum
1074 1155 1258 1233 tangit
1294 1175 1306 1217 :
1343 1163 1408 1215 ut
1437 1153 1734 1216 discamus
1781 1153 1937 1234 quod
1989 1170 2204 1233 corpus

556 1248 686 1326 ejus
714 1265 932 1328 corpus
962 1245 1256 1307 vivificum
1289 1244 1684 1317 sit.Quoniam
1723 1247 1881 1306 enim
1913 1263 2050 1308 caro
2075 1245 2203 1324 ejus

552 1333 704 1397 facta
733 1343 822 1396 est
851 1335 1091 1415 propria
1112 1332 1298 1399 Verbi
1328 1334 1525 1394 omnia
1553 1333 1922 1415 vivificantis,
1941 1341 2188 1414 propte-

552 1441 656 1486 rea
682 1422 914 1485 vivifica
935 1431 1025 1484 est
1055 1433 1114 1485 et
1143 1422 1293 1503 ipsa,
1327 1422 1595 1501 tollitque
1627 1433 1879 1483 mortem
1913 1430 2164 1484 etcorru

552 1512 836 1594 ptionem.
871 1509 1052 1573 Porro
1085 1511 1310 1573 resedit
1351 1521 1641 1592 mortuus,
1675 1521 1735 1573 et
1788 1512 1964 1590 coepit
2005 1511 2190 1592 loqui,

549 1607 615 1661 ut
644 1618 718 1663 ne
750 1609 1105 1681 apparenter
1135 1607 1359 1660 tantum
1390 1599 1744 1680 quibusdam
1773 1601 2088 1661 suscitatus
2116 1598 2194 1659 vi-

548 1689 780 1754 deatur.
804 1687 950 1753 Nam
984 1707 1136 1751 verae
1157 1689 1614 1751 resurrectionis
1645 1688 1877 1767 signum
1922 1688 2052 1763 fuit,
2088 1707 2189 1750 re-

548 1778 746 1841 sidere
777 1788 836 1842 et
866 1779 1052 1858 loqui.
1084 1777 1477 1840 Inanimatum
1530 1777 1690 1838 enim
1740 1795 1956 1858 corpus
1996 1797 2189 1858 neque

2293 618 2562 692 εσκέψατο
2617 619 2645 673 ὀ
2718 620 2848 681 Θεὸς
2876 620 2968 674 τὸν
3041 619 3220 680 αὗτοῦ,
3262 641 3285 676 ι)
3340 617 3568 689 Ἐπειὸή
3599 641 3693 697 περ
3722 623 3804 674 τὸν
3844 624 3913 676 τοῦ

2288 707 2694 786 ’ἑκατοντάρχου
2748 705 2930 764 δοῦλον
3013 709 3134 785 ὑγιᾶ
3190 709 3278 764 ναὶ
3331 708 3412 784 μὴ
3458 709 3646 787 παρὼν
3677 709 3908 788 ἐποίησεν,

2288 793 2465 875 ἕτερον
2518 796 2821 875 καινότερον
2879 796 3298 874 θωματουργεῖ,
3378 788 3508 854 ’⁸1να
3564 799 3664 876 γὰρ
3731 800 3801 872 μὴ
3848 819 3909 861 τις

2287 883 2443 962 εἴπῃ,
2492 887 2589 943 Καὶ
2631 885 2680 940 τί
2710 887 2891 941 καινὸν
2921 885 3005 942 ἐπὶ
3035 891 3100 958 τᾷ
3128 883 3299 960 δούλῳ
3319 886 3579 954 ἐποίησεν
3614 906 3631 962 ;

2291 971 2408 1029 οῦδὲ
2478 973 2734 1029 ἀπέθανεν
2791 972 2852 1028 ἄν
2909 971 3115 1048 δοῦλος,
3150 972 3232 1031 διὰ
3261 981 3416 1031 τοῦτο
3471 978 3566 1030 τὸν
3593 977 3908 1049 ἒκκομιζόμε-

2288 1082 2376 1117 νον
2433 1060 2639 1118 ἐκεῖνον
2694 1063 2876 1140 νεκρὸν
2907 1063 3114 1133 ἀνιστᾷ.
3149 1066 3221 1120 Οῦ
3248 1061 3399 1141 λόγῳ
3445 1062 3501 1118 δὲ
3552 1067 3906 1142 θαυματουργεῖ

2287 1151 2472 1225 μόνον,
2535 1150 2670 1207 ἀλλὰ
2726 1152 2813 1206 καὶ
2870 1156 2968 1218 τῆς
3020 1159 3178 1230 σοροῦ
3232 1151 3490 1208 ἅπτεται·
3551 1151 3645 1209 ἵνα
3694 1154 3906 1227 μάθωμεν

2285 1238 2365 1295 ὅτι
2420 1241 2482 1296 τὸ
2554 1246 2708 1314 σῶμα
2767 1243 2923 1298 αῦτοῦ
2984 1243 3139 1315 σῶμα
3212 1247 3354 1311 ζωῆς
3389 1242 3561 1303 ἐστιν,
3597 1240 3801 1309 Ἐπειδὴ
3829 1244 3904 1320 γὰρ

2278 1325 2380 1390 ἰδία
2451 1327 2636 1406 γέγονε
2699 1337 2792 1385 τοῦ
2849 1330 3020 1407 Λόγου
3078 1332 3111 1396 ἡ
3186 1329 3311 1407 σὰρξ
3362 1341 3458 1390 τοῦ
3516 1333 3689 1387 πάντα
3733 1339 3903 1408 ζωογο-

2277 1422 2510 1488 νοῦντος,
2585 1415 2669 1471 διὰ
2726 1423 2881 1473 τοῦτο
2938 1418 3201 1488 ζωοποιός
3265 1416 3377 1474 ἐστι
3449 1420 3538 1476 καὶ
3614 1419 3763 1493 αὕτη,
3833 1421 3901 1474 καὶ

2276 1505 2498 1560 θανάτου
2558 1506 2645 1560 καὶ
2706 1508 2895 1584 φθορᾶς
2953 1506 3280 1584 ἆναιρετική.
3343 1507 3686 1564 Ἀνεκάθισεν
3753 1508 3829 1563 οὖν
3877 1511 3897 1563 ὁ

2278 1595 2482 1672 νεκρὸς,
2543 1595 2630 1650 καὶ
2691 1593 2883 1673 ἤρξατο
2940 1593 3148 1670 λαλεῖν,
3195 1595 3288 1651 ἵνα
3331 1597 3411 1672 μὴ
3443 1598 3580 1652 κατὰ
3641 1599 3894 1677 φαντασίαν

2275 1681 2399 1759 δοξῃ
2457 1684 2588 1738 τισὶν
2657 1682 2960 1762 ἐγηγέρθαι,
3020 1682 3124 1744 Καὶ
3167 1685 3264 1763 γὰρ
3311 1683 3542 1751 ἀληθοῦς
3593 1687 3892 1748 ἐναστᾶσεως

2275 1785 2504 1846 σημεῖα,
2584 1773 2644 1827 τὸ
2693 1773 2996 1828 ἀνακαθίσαι
3079 1775 3165 1829 καὶ
3237 1773 3503 1841 λαλῆσαι’
3561 1774 3672 1830 ἐπεί
3724 1775 3797 1830 τοί
3843 1795 3891 1852 γε

3670 877 3802 950 Ἰσως
3829 887 3905 964 γᾶρ

546 1867 841 1958 residere,
875 1886 1068 1958 neque
1097 1866 1262 1947 loqui
1291 1865 1764 1958 potest.Viduam
1788 1876 1984 1958 autem
2017 1866 2180 1958 in_tel-

2279 1859 2487 1940 ἄψυχον
2541 1867 2694 1936 σῶμα
2768 1861 2884 1918 οὕτε
2942 1861 3275 1937 ἀνακαθίσαι,
3334 1863 3456 1920 οὔτε
3499 1862 3725 1930 λαλῆσαι
3755 1862 3888 1919 δύνα-

548 1955 699 2036 ligas
730 1964 789 2018 et
823 1947 1107 2031 animam,
1141 1974 1271 2037 qua
1310 1955 1497 2017 virum
1550 1973 1744 2032 suum,
1784 1955 2028 2018 verbum
2059 1955 2180 2030 Dei,

2276 1971 2386 2011 ται.
2463 1951 2642 2026 Χήραν
2674 1947 2727 2004 δὲ
2760 1951 2967 2020 νοήσεις
3003 1953 3090 2007 καὶ
3119 1952 3214 2018 τὴν
3246 1953 3435 2032 ψυχὴν
3466 1954 3567 2019 τὴν
3623 1950 3887 2008 ἂποϐαλοῦ·

547 2047 652 2125 qui
700 2045 925 2108 bonum
968 2045 1281 2111 seminavit
1328 2063 1559 2125 semen,
1590 2045 1824 2108 amisit:
1863 2045 2021 2108 filius
2051 2064 2190 2107 vero

545 2136 695 2216 ejus,
731 2153 901 2197 mens
933 2142 1162 2196 mortua
1193 2143 1300 2209 est,
1329 2142 1386 2194 et
1407 2135 1653 2196 effertur
1674 2145 1841 2195 extra
1870 2152 2187 2214 supernam

544 2225 862 2300 civitatem,
893 2223 1264 2297 Jerusalem;
1311 2224 1474 2303 regio
1533 2223 1691 2284 enim
1739 2223 2053 2284 viventium
2085 2221 2187 2286 illa

541 2323 650 2377 est.
684 2313 944 2378 Proinde
972 2313 1256 2376 Dominus
1303 2313 1714 2385 misericordia
1766 2321 1960 2375 motus
2004 2313 2186 2392 tangit

543 2403 822 2467 loculum.
858 2402 1121 2465 Loculus
1179 2403 1393 2464 mentis
1435 2410 1526 2464 est
1555 2419 1792 2482 corpus.
1829 2404 2181 2482 Sepulcrum

541 2493 700 2554 enim
737 2499 796 2554 et
824 2491 1056 2554 loculus
1087 2509 1300 2572 corpus
1327 2497 1434 2565 est,
1467 2489 1627 2552 unde
1657 2499 1714 2552 et
1738 2489 1927 2554 Graeci
1965 2510 2183 2570 corpus

543 2589 697 2657 σῶμα
728 2589 958 2656 vocant,
991 2581 1159 2661 quasi
1191 2587 1360 2659 σῆμα,
1391 2580 1504 2641 hoc
1534 2587 1623 2642 est
1652 2580 2180 2658 sepulcrum.Tac-

543 2679 600 2732 to
631 2677 827 2732 autem
885 2687 1140 2746 corpore
1173 2668 1461 2730 Dominus
1490 2669 1734 2730 suscitat
1765 2677 2048 2748 mentem,
2078 2670 2182 2748 ju-

540 2757 794 2820 venilem
840 2769 902 2821 et
941 2757 1154 2819 fortem
1197 2756 1357 2818 illam
1391 2757 1636 2832 faciens,
1673 2758 2093 2838 qure‘residet,
2127 2767 2184 2820 et

537 2855 602 2908 ut
631 2848 905 2908 suscitata
941 2847 1115 2908 fuerit
1143 2864 1176 2907 a
1204 2846 1480 2926 sepulcro
1500 2813 1774 2927 ‘gpec’ca'ti,
1804 2813 2061 2928 ibicipiet
2079 2813 2185 2908 Ἰο-

538 2937 662 3017 qui,
690 2936 799 2997 hoc
817 2943 928 3011 est,
961 2935 1182 2998 docere
1211 2933 1670 3006 alios.Quandiu
1697 2935 1855 2996 enim
1881 2937 1939 2996 in
1971 2955 2180 3016 pecca-

535 3031 592 3086 to
620 3024 1069 3100 detinetur,non
1103 3031 1295 3105 potest
1327 3022 1547 3085 docere
1572 3032 1630 3085 et
1661 3023 1988 3105 loqui,quis
2020 3026 2179 3087 enim

532 3113 591 3176 ei
620 3113 941 3178 crederet?

2277 2059 2370 2093 σαν
2413 2039 2504 2094 τὸν
2532 2036 2688 2116 ἄνδρα
2734 2042 2914 2108 αὐτῆς,
2954 2041 3044 2096 τὸν
3075 2038 3234 2118 λόγον
3264 2049 3358 2098 τοῦ
3403 2044 3556 2112 Θεοῦ,
3604 2043 3691 2096 τὸν
3742 2041 3887 2118 ἀγαθὰ

2274 2127 2551 2205 σπέρματα
2621 2130 2924 2206 σπείρσντα.
2988 2131 3106 2191 Υἱὸς
3164 2128 3217 2184 δὲ
3246 2131 3444 2197 ταύτης
3490 2133 3518 2186 6
3563 2139 3698 2203 νοῦς,
3741 2134 3766 2186 6
3805 2149 3885 2185 τε·

2268 2217 2476 2282 θνηκὼς
2506 2217 2594 2271 καὶ
2650 2215 2748 2280 ἔξω
2809 2222 2907 2283 τῆς
2971 2217 3202 2293 πόλεως,
3236 2225 3334 2286 τῆς
3387 2219 3498 2275 ἂνω
3545 2211 3878 2298 Ἰερουσαλὴμ,

2269 2306 2648 2381 κομιζόμενος.
2713 2308 2869 2383 Χώρα
2950 2307 3048 2385 γὰρ
3079 2314 3182 2362 τῶν
3224 2309 3437 2378 ζώντων
3482 2309 3617 2365 ἐστὶν
3648 2308 3878 2374 Enim-6

2266 2402 2391 2472 γοῦν
2466 2397 2654 2473 Κύριος
2726 2393 3160 2474 σπλαγχνισθεὶς,
3245 2397 3468 2454 ἅπτεται
3560 2399 3649 2465 τῆς
3719 2406 3872 2474 σοροῦ.

2265 2485 2431 2558 Σορὸς
2488 2482 2541 2538 δὲ
2625 2491 2716 2540 τοῦ
2767 2492 2878 2560 νοῦ,
2936 2486 2996 2540 τὸ
3028 2492 3204 2559 σῶμα,
3261 2487 3436 2564 Τάφος
3467 2489 3564 2565 γὰρ
3603 2486 3755 2549 ὅντως
3799 2487 3874 2540 καὶ

2269 2576 2416 2647 σῆμα
2471 2574 2532 2628 τὸ
2583 2578 2763 2648 σῶμα.
2829 2574 2976 2630 Καθὰ
3025 2576 3111 2630 καὶ
3179 2595 3316 2639 τινες
3375 2578 3528 2631 εἷπον
3569 2576 3687 2633 αὐτὸ
3742 2573 3870 2646 σῆμα

2269 2661 2434 2734 εἶναι,
2494 2659 2734 2718 τουτέστι
2794 2662 2981 2740 τάφον,
3061 2652 3359 2737 ιΑιιισαὶμενος
3391 2665 3475 2720 οῦν
3517 2663 3602 2719 τοῦ
3647 2663 3870 2736 σώματος

2270 2752 2298 2805 6
2387 2751 2569 2828 Κύριος
2630 2751 2816 2830 ἐγείρει
2862 2753 2952 2806 τὸν
2995 2761 3137 2825 νοῦν,
3184 2753 3422 2808 νεανικᾶν
3463 2753 3605 2807 αὐτὸν
3632 2752 3710 2805 καὶ
3753 2771 3869 2827 γεν-

2271 2852 2422 2894 ναῖον
2493 2842 2685 2900 ποιῶν.
2746 2840 3093 2903 Ἀνακαθίσας
3164 2839 3218 2895 δὲ
3274 2844 3300 2896 6
3351 2841 3617 2908 νεανίσκος,
3667 2842 3693 2893 ὁ
3761 2841 3868 2900 νοῦς

2271 2926 2411 3004 λέγω
2481 2929 2658 3002 οὗτος,
2733 2931 2820 2985 καὶ
2879 2928 3108 3007 ἐγερθεὶς
3146 2930 3365 2986 ἀπὸτοῦ
3391 2930 3542 3008 τάφου
3585 2926 3668 2993 τῆς
3697 2925 3862 3003 ἆμαρ-

2265 3025 2402 3092 τίας,
2461 3019 2581 3074 τότε
2654 3017 2860 3096 ἄρξεται
2918 3018 3130 3094 λαλεῖν,
3190 3018 3425 3076 τουτέστι
3475 3015 3706 3074 διδάσκειν
3758 3015 3859 3070 ἑτέ-

2266 3129 2408 3178 ρους.
2473 3107 2561 3165 Ἐν
2597 3108 2706 3179 ὅσῳ
2745 3108 2846 3186 γὰρ
2874 3115 2943 3184 τῇ
2974 3110 3205 3187 ἁμαρτίᾳ
3235 3108 3536 3188 κατέχεται,
3581 3109 3634 3164 ob
3669 3102 3864 3160 δύναται

2264 3192 2526 3252 διδάσκειν
2561 3198 2650 3253 καὶ
2678 3195 2885 3253 λαλεῖν·
2934 3198 3014 3260 τίς
3045 3200 3146 3276 γὰρ
3179 3202 3320 3270 αὐτῷ
3350 3197 3605 3253 πιστεύσει
3633 3215 3650 3270 ς

613 3292 792 3355 Vens.
825 3292 1025 3358 17-29.
1060 3317 1086 3347 α
1117 3290 1183 3353 Et
1213 3292 1356 3354 exiit
1383 3292 1482 3353 hic
1513 3311 1720 3354 rumor
1751 3292 1811 3353 in
1841 3291 2178 3354 universam

2351 3308 2374 3338 α
2442 3286 2539 3343 Καὶ
2594 3284 2811 3351 ὶξῆλθεν
2855 3287 2883 3341 6
2924 3283 3084 3364 λόγος
3144 3287 3292 3348 οὗτος
3325 3285 3379 3342 ἐν
3440 3283 3533 3360 ὃλῃ
3561 3289 3627 3360 τῇ
3671 3277 3871 3352 ἰωδσλᾳ

528 3380 797 3444 Judaeam
834 3383 909 3443 de
937 3401 1029 3454 eo,
1067 3389 1379 3444 etomnem
1409 3382 1714 3444 finitimam
1748 3381 2079 3460 regionem.
2113 3381 2183 3443 Et

535 3474 950 3532 nuntiaverunt
975 3469 1186 3532 Joanni
1233 3469 1507 3550 discipuli
1539 3469 1723 3549 ipsius
1753 3469 1828 3530 de
1861 3468 1951 3529 bis
1980 3469 2179 3531 omni-

537 3555 751 3620 bus.Et
779 3558 1068 3619 invocavit
1096 3558 1245 3620 duos
1273 3558 1349 3619 de
1381 3557 1692 3637 discipulis
1739 3558 1862 3619 suis
1890 3556 2176 3634 Joannes,

538 3645 821 3726 misitque
841 3648 914 3708 ad
933 3645 1134 3708 Jesum
1157 3645 1363 3707 dicens
1393 3666 1405 3708 :
1434 3645 1522 3706 Tu
1557 3663 1622 3707 es
1652 3646 1752 3726 qui
1788 3655 2066 3708 venturus
2090 3666 2175 3717 es,

536 3734 753 3796 518m
781 3734 961 3796 alium
995 3740 1435 3813 exspectamus?
1459 3737 1604 3796 Cum
1634 3743 1832 3796 autem
1877 3736 2180 3797 venissent

536 3821 608 3883 ad
632 3841 766 3884 eum
795 3822 930 3897 viri,
964 3822 1276 3884 dixerunt:
1311 3821 1569 3884 Joannes
1601 3821 1861 3902 Baptista
1892 3823 2049 3885 misit
2069 3843 2178 3886 nos

536 3909 610 3971 ad
643 3920 722 3984 te,
768 3912 974 3973 dicens
1011 3933 1023 3974 :
1058 3909 1146 3972 Tu
1196 3929 1259 3972 es
1315 3910 1413 3971 ille
1464 3911 1564 3990 qui
1613 3919 1896 3974 venturus
1956 3921 2065 3994 est,
2099 3933 2175 3974 an

537 3997 719 4060 alium
752 4005 1189 4078 exspectamus?
1216 3998 1279 4060 In
1314 3999 1524 4061 eadem
1556 4008 1749 4061 autem
1785 4001 1929 4062 hora
1959 4003 2175 4066 multos

538 4089 764 4150 curavit
792 4108 825 4150 a
857 4088 1078 4149 morbis
1107 4106 1175 4148 ac
1207 4088 1392 4169 plagis
1442 4096 1501 4149 et
1549 4088 1855 4170 spiritibus
1886 4091 2077 4171 malis,
2113 4101 2174 4153 et

537 4177 708 4240 caecis
755 4178 956 4240 multis
1003 4177 1242 4239 donavit
1283 4179 1494 4241 visum.
1527 4179 1603 4240 Et
1630 4179 1998 4258 respondens
2028 4180 2173 4242 dixit

537 4268 693 4329 illis:
720 4267 944 4331 Euntes
960 4267 1295 4329 renuntiate
1324 4264 1539 4328 Joanni
1570 4286 1700 4348 quae
1728 4267 1953 4329 vidistis
1976 4279 2031 4330 et
2059 4289 2168 4331 au-

539 4357 730 4430 distis,
763 4357 919 4437 quod
951 4357 1089 4417 caeci
1118 4356 1372 4427 videant,
1398 4357 1592 4417 claudi
1615 4356 2172 4439 ambulent,leprosi

537 4445 1091 4526 mundentur,surdi
1119 4445 1381 4516 audiant,
1416 4445 1631 4506 mortui
1657 4455 1988 4524 resurgant,
2026 4465 2172 4527 pau-

537 4535 779 4614 peribus
825 4535 1204 4596 annuntietur
1260 4533 1640 4613 Evangelium
1675 4555 1687 4593 :
1726 4544 1785 4596 et
1843 4538 2046 4597 beatus
2088 4545 2176 4597 est

537 4624 873 4704 quicunque
904 4641 1023 4684 non
1054 4622 1231 4684 fuerit
1257 4624 1518 4684 offensus
1551 4641 1656 4702 per
1686 4625 2033 4686 me.Etcum
2059 4624 2174 4686 dis-

537 4711 857 4772 cessissent
886 4710 1072 4771 nuntii
1101 4707 1368 4790 Joannis,
1405 4711 1579 4790 ccepit
1608 4710 1683 4771 de
1711 4711 1939 4773 Joanne
1968 4712 2170 4774 dicere

535 4798 608 4859 ad
635 4799 836 4861 turbas
862 4817 877 4860 :
901 4798 1052 4870 Quid
1092 4800 1290 4859 existis
1320 4799 1377 4858 in
1409 4798 1710 4860 desertum
1742 4806 1807 4858 ut
1844 4801 2170 4864 videretis?

542 4888 894 4949 arundinem
932 4905 1061 4967 qua;
1114 4894 1290 4948 vento
1338 4887 1614 4964 agitatur?
1645 4885 1758 4947 Sed
1791 4887 1932 4966 quid
1965 4887 2167 4950 existis

535 4975 740 5038 visuri?
799 4977 1101 5037 hominem
1154 4973 1429 5035 mollibus
1456 4974 1820 5034 vestimentis
1863 4973 2165 5037 indutum?

529 5061 682 5126 Ecce
703 5065 802 5144 qui
822 5063 1033 5124 vestitu
1062 5062 1375 5142 splendido
1406 5061 1819 5138 vestiuntur,et
1846 5061 1908 5121 in
1937 5061 2166 5126 deliciis

527 5161 732 5229 agunt,
767 5153 826 5212 in
857 5152 1008 5214 aulis
1036 5169 1243 5229 regum
1289 5157 1447 5210 sunt.
1481 5148 1598 5211 Sed
1657 5147 1797 5226 quid
1854 5150 2054 5211 existis
2089 5152 2161 5212 ad

526 5239 879 5303 videndum?
901 5237 1282 5321 prophetam?
1304 5235 1515 5317 Utique
1542 5235 1675 5297 dico
1720 5235 1911 5313 vobis,
1945 5245 2003 5300 et
2032 5241 2163 5319 plus

525 5345 700 5408 quam
751 5329 1119 5408 prophetam.
1167 5325 1274 5386 Hic
1323 5333 1411 5385 est
1440 5325 1515 5385 de
1544 5342 1658 5404 quo
1701 5325 1989 5405 scriptum
2020 5336 2110 5389 est
2144 5350 2158 5391 :

521 5414 676 5478 Ecce
708 5417 872 5477 mitto
893 5415 1168 5494 angelum
1201 5432 1396 5475 meum
1427 5419 1563 5473 ante
1593 5411 1802 5474 faciem
1835 5421 2020 5495 tuam,
2053 5418 2154 5497 qui

2266 3375 2382 3452 περὶ
2440 3374 2618 3446 αὐτοῦ,
2670 3376 2758 3431 καὶ
2814 3374 2867 3431 ἐν
2925 3377 3074 3452 πάσῃ
3114 3381 3183 3452 τῇ
3240 3373 3548 3455 περιχώρῳ,
3585 3373 3676 3430 Καὶ
3703 3370 3870 3448 dmi-fc

2264 3462 2445 3543 γειλαν
2504 3461 2725 3540 Ἰωάννῃ
2783 3466 2829 3521 οὶ
2899 3466 3128 3539 μαθηταὶ
3187 3465 3344 3521 αὐτοῦ
3372 3466 3489 3544 περὶ
3518 3464 3722 3520 πάντων
3757 3462 3870 3515 W-

2263 3575 2391 3612 τιον.
2451 3553 2555 3615 Καὶ
2611 3552 3111 3633 προσκαλεσάμενος
3181 3551 3268 3610 δύο
3311 3556 3459 3617 τινὰς
3497 3559 3602 3610 τῶν
3649 3554 3870 3628 μαθηών

2262 3643 2420 3699 αὐτοῦ
2479 3645 2505 3698 6
2560 3641 2837 3719 Ἰωάννης,
2898 3643 3106 3719 ἔπεμψε
3137 3645 3268 3719 πρὸς
3301 3647 3390 3700 τὸν
3421 3646 3650 3717 ιἰησοῦν,
3704 3639 3875 3719 λέγων’

2261 3734 2333 3788 Σὺ
2393 3733 2445 3789 εἴ
2508 3735 2534 3789 6
2566 3731 2882 3813 ἐρχόμενος,
2918 3733 2952 3800 ἦ
2997 3731 3162 3790 ἄλλον
3195 3731 3575 3809 παοσδοκῶμεν
3609 3753 3625 3803 ;
3657 3737 3875 3810 Παραγε-

2260 3821 2471 3896 νόμενοι
2530 3820 2584 3876 δὲ
2653 3824 2784 3900 πρὸς
2845 3821 3000 3878 αὐτόν
3043 3826 3090 3879 οἱ
3134 3821 3336 3901 ἄνδρες,
3385 3825 3563 3878 εἷπον·
3598 3818 3878 3885 Ἰωάννηςό

2259 3912 2561 3978 Βαπτιστὴς
2619 3911 2948 3968 ἀπέσταλκεν
2990 3914 3135 3989 ἡμᾶς
3174 3912 3304 3991 πρός
3362 3933 3446 3991 σε,
3479 3910 3671 3988 λέγων’
3718 3909 3784 3964 Σὺ
3832 3907 3877 3962 εἶ

2257 4000 2284 4054 ὀ
2355 4000 2674 4081 ἐρχόμενος,
2708 3999 2744 4069 ἢ
2786 3999 2945 4058 ἄλλον
2976 4000 3352 4081 προσδοκῶμεν
3403 4021 3418 4077 ;
3449 4001 3541 4057 Ἐν
3572 4000 3704 4076 αὗτῇ
3742 3996 3790 4054 δὲ
3817 4001 3873 4062 ti.

2256 4088 2367 4166 ὥρᾳ
2424 4089 2732 4169 ἐθεράπευσε
2794 4089 3024 4155 πολλοὺς
3076 4092 3184 4148 ἀπὸ
3250 4093 3422 4147 νὸσων
3491 4091 3580 4146 καὶ
3631 4090 3875 4165 μαστίγων

2253 4181 2341 4234 καὶ
2387 4180 2702 4255 πνευμάτων
2760 4186 3030 4258 πονηρῶν,
3077 4183 3162 4236 καὶ
3191 4178 3410 4261 τυφλοῖς
3458 4177 3684 4240 πολλοῖς
3712 4175 3876 4257 Exspi-

2254 4289 2383 4323 σατο
2434 4271 2494 4324 τὸ
2551 4267 2787 4343 βλέπειν.
2849 4271 2951 4326 Καὶ
2980 4270 3278 4348 ἀποκριθεὶς
3311 4269 3468 4326 εἶπεν
3529 4271 3736 4331 αὐτοῖς·
3778 4271 3875 4320 Πο-

2255 4357 2516 4436 ρευθέντες
2587 4355 2942 4436 ἀπαγγείλατε
3001 4359 3244 4435 Ἰωάννῃ,
3317 4360 3354 4415 ἅ
3421 4357 3592 4415 εἴδετε
3623 4359 3710 4414 καὶ
3739 4355 3877 4423 ἠκού-

2257 4467 2405 4519 σατε,
2466 4445 2544 4502 ὅτι
2618 4446 2801 4526 τυφλοὶ
2853 4445 3224 4522 ἀναϐλέπουσι,
3300 4446 3478 4527 χωλοί
3525 4451 3876 4526 περιπατοῦσι,

2257 4536 2439 4615 Αεπροὶ
2510 4537 2896 4612 καθαρίζονται,
2954 4538 3121 4616 κωφοὶ
3186 4537 3455 4618 ἀκούουσι,
3751 4534 3877 4613 ἰτα-

2257 4646 2458 4702 ρονται,
2521 4624 2732 4703 πτωχοὶ
2789 4623 3232 4703 εῦαγγελίζονται.
3295 4627 3393 4685 Καὶ
3443 4624 3877 4705 μακάρώςέᾶστιν,

2254 4713 2311 4777 ὃς
2370 4713 2459 4770 ἐὰν
2543 4713 2621 4789 μὴ
2699 4710 3048 4782 σκανδαλιώῆ
3107 4717 3162 4770 ἓν
3217 4714 3357 4790 ἐμοί.
3417 4714 3778 4773 ’Δπελθόντων
3831 4710 3876 4767 δὲ

2249 4809 2356 4860 τῶν
2425 4801 2667 4881 ἆγγὲλων
2725 4802 2991 4878 Ἰωάννου,
3047 4803 3239 4882 ἤρξατο
3298 4803 3476 4882 λέγειν
3532 4819 3653 4871 τοῖς
3701 4802 3875 4882 ὄχλοις

2247 4894 2364 4971 περὶ
2418 4893 2685 4951 Ἰωάννου·
2757 4893 2817 4948 τί
2870 4890 3215 4959 ὶξεληλῦθατε
3277 4894 3353 4958 εὶς
3407 4895 3503 4962 τὴν
3534 4895 3734 4969 ἔρημον
3761 4892 3872 4948 θιά-

2247 4985 2484 5055 σασθαιτ,
2543 4979 2783 5055 κάλαμον
2833 4981 2934 5036 ὑπὸ
3001 4981 3196 5057 ἀνέμου
3251 4979 3659 5058 σαλευόμενονς
3704 4979 3872 5037 ἈᾺὲ

2245 5069 2295 5125 τί
2336 5068 2677 5136 ἑξεληλύθατε
2741 5067 2872 5126 ἰδεῖν
2907 5089 2923 5146 ;
2954 5068 3223 5148 ἄνθρωπον
3254 5069 3607 5145 ἒνμαλακοῐς
3657 5070 3871 5145 ἱματίοις

2245 5157 2654 5238 ἠμφιεσμένον;
2715 5157 2846 5216 Ἰδοὺ
2913 5161 2961 5214 οἱ
3033 5158 3089 5214 ὲν
3169 5161 3444 5234 ἱματισμῷ
3529 5156 3720 5234 ἑνδοξῳ
3793 5166 3870 5220 καὶ

2245 5251 2412 5326 τρυφῇ
2459 5248 2811 5327 ὑπάρχοντες,
2875 5246 2929 5302 ἓν
2993 5261 3110 5312 τοῖς
3172 5247 3459 5325 βασιλείοις
3512 5249 3664 5312 εἰσιν,
3720 5245 3872 5304 Ἀλλὰ

2243 5336 2294 5392 τί
2351 5333 2695 5400 ἒξεληλὺθατε
2747 5333 2927 5416 ὶδεῒνς
3001 5338 3332 5416 προφήτην;
3383 5337 3483 5394 Ναὶ
3536 5335 3683 5413 λέγω
3731 5337 3869 5411 ὗμιν,

2235 5422 2323 5477 καὶ
2371 5421 2740 5499 περισσότερον
2791 5423 3086 5503 προφήτου,
3141 5423 3306 5488 Οὗτός
3359 5426 3471 5480 ἔστι
3524 5426 3640 5503 περὶ
3697 5427 3757 5482 οὗ
3796 5421 3874 5500 γό-

521 5503 873 5584 praeparabit
893 5504 1044 5564 viam
1079 5512 1240 5564 tuam
1271 5511 1410 5562 ante
1457 5509 1534 5561 te.
1571 5499 1710 5590 Dico
1747 5503 1902 5563 enim
1935 5503 2099 5566 vobis
2131 5525 2144 5566 :

2265 5528 2483 5586 ’ραπταιο
2545 5507 2677 5566 ’ἰδού
2731 5499 2841 5588 ἑγὼ
2895 5499 3333 5569 ἀποστέλλω-τὸν
3383 5499 3614 5590 ἄγγελόν
3647 5533 3750 5589 μου

517 5592 702 5678 Major
724 5591 879 5653 inter
909 5601 1079 5655 natos
1110 5591 1428 5653 mulierum
1451 5589 1736 5678 propheta
1778 5590 2003 5678 Joanne
2030 5591 2146 5654 Ba-

2265 5598 2515 5676 τροσώπου
2570 5618 2686 5672 σου,
2742 5599 2803 5661 ’ὃς
2831 5602 3213 5658 κατασκευάσει
3257 5601 3353 5668 τὴν
3382 5589 3501 5656 ὁδὸν
3541 5621 3636 5656 σου
3679 5599 3870 5678 iunpo-

511 5677 690 5760 ptista
717 5696 892 5742 nemo
915 5688 1006 5777 est
1041 5700 1054 5744 :
1085 5685 1345 5740 attamen
1375 5676 1480 5757 qui
1508 5677 1702 5739 minor
1743 5685 1831 5739 est
1863 5677 1924 5739 in
1963 5695 2151 5757 regno

2265 5688 2346 5746 θῖν
2405 5707 2521 5747 σου.
2557 5684 2730 5763 ’Λᾶγω
2784 5687 2883 5766 γὰρ
2967 5689 3120 5766 ὒμτν,
3145 5693 3346 5767 Mm
3369 5687 3428 5744 ὒν
3459 5676 3747 5766 γεννητοτς
