4132 6298
398 326 516 393 789

384 459 728 536 μαρτυρήσας
785 462 902 538 περὶ
961 466 1208 538 Χριστοῦ,
1282 468 1366 517 νῦν

383 548 428 602 εί
485 545 647 609 αὖτός
715 545 858 605 ἑστιν
916 550 944 605 6
980 548 1297 628 ἐρχόμενος,
1357 547 1441 621 διὰ
1468 556 1619 607 τοῦτο
1661 549 1803 627 λέγει
1834 552 1862 606 6
1907 558 2036 627 Χρι-

384 635 509 699 στός
573 637 706 713 πρὸς
765 637 885 700 τοὺς
957 634 1176 717 ὄχλους,
1212 636 1293 693 ὅτι
1338 636 1514 705 Μηδὲν
1556 648 1792 698 τοιοῦτον
1833 638 2034 697 ὑπολά-

386 721 517 790 ϐητε
577 725 696 802 περὶ
739 723 1004 787 Ἰωάννου,
1054 725 1140 792 Μὴ
1169 726 1269 803 γὰρ
1310 726 1548 801 κάλαμός
1579 726 1740 799 ἐστιν,
1787 730 1860 790 ὡς
1904 729 2032 784 ποτὲ

390 813 490 887 μὶν
550 810 678 885 ὦδε,
735 813 864 869 ποτὲ
940 812 993 869 δὲ
1024 811 1140 869 ἐκεῖ
1172 812 1457 893 κλίνεσθαι,
1490 816 1574 871 καὶ
1620 822 1706 873 νῦν
1748 816 1846 890 μὲν
1891 837 2033 892 μαρ-

389 916 563 981 τυρεϊν
632 903 749 977 περὶ
818 901 971 977 ἐμοῦ,
1036 911 1123 960 νῦν
1181 901 1235 958 δὲ
1292 902 1508 980 ἀγνοεῖν
1567 903 1683 979 ἐμέ.
1736 905 1794 961 Εἰ
1837 905 1935 982 γὰρ
1964 905 2027 972 ἦν

387 1000 643 1061 τοιοῦτος,
710 991 849 1056 τίνος
922 991 1099 1047 ἕνεκεν
1154 990 1396 1061 ἐξήλθετε
1426 994 1499 1056 εἰς
1526 992 1627 1059 τὴν
1658 990 1853 1071 ἔρημον
1883 996 2023 1065 τότε,

387 1080 525 1136 ὥστε
576 1080 856 1137 θεάσασθαι
912 1081 1116 1159 αὖτόν;
1178 1079 1344 1136 Ἀλλά
1375 1082 1581 1154 μήποτε
1628 1082 1729 1137 ὐπὸ
1770 1087 1869 1148 τῆς
1902 1104 2027 1158 τρυ-

386 1174 490 1247 φῆς
548 1167 796 1247 διεφθάρη
853 1170 945 1225 τὸν
962 1178 1131 1248 ἑνοῦν,
1204 1167 1341 1225 ἀλλὰ
1390 1168 1557 1236 στολὴ
1587 1168 1841 1226 δείκνυσιν
1872 1169 2027 1225 αὖτὸν

381 1234 650 1335 ῦπεράνωι
686 1234 862 1324 πάσης
916 1234 1137 1336 spinam:
1216 1259 1273 1314 Εἰ
1330 1258 1429 1336 γὰρ
1499 1234 1712 1337 ἐτρόφα,
1747 1258 1801 1314 ἐν
1861 1259 2021 1334 βασι-

379 1345 539 1409 λεῖοις
596 1346 656 1402 ἄν
684 1346 772 1414 ἦν,
806 1343 974 1403 Ἀλλὰ
1008 1348 1286 1427 προφήτην
1314 1346 1472 1403 dimov
1515 1345 1670 1426 ἔχετε
1708 1366 1723 1421 ;
1758 1349 1856 1405 Ναὶ
1886 1347 2026 1424 λέγω

378 1438 528 1515 ὒμϊν,
601 1436 689 1492 καὶ
744 1439 1116 1514 περισσὸτερον
1192 1436 1485 1514 προφήτου.
1523 1438 1583 1493 Οἱ
1612 1435 1707 1509 μὲν
1738 1437 1836 1512 γὰρ
1875 1434 2025 1492 ἄλλοι

380 1536 638 1602 προεῖπον
694 1525 810 1601 περὶ
871 1524 1094 1602 Χριστοῦ
1150 1524 1337 1598 μόνον,
1399 1526 1548 1588 οὗτος
1605 1524 1661 1579 δὲ
1691 1526 1778 1581 καὶ
1803 1522 1914 1581 εἶδε
1947 1515 2028 1580 κειἰ

380 1596 563 1685 ἔδειξε,
626 1596 831 1692 λέγων’
908 1596 1029 1671 ἣδε
1087 1617 1115 1670 6
1148 1596 1344 1687 iAitvo'q
1373 1614 1466 1670 τοῦ
1496 1613 1645 1672 Θεοῦ.
1697 1615 1795 1672 Καὶ
1837 1616 1882 1670 οἱ
1933 1614 2029 1687 μὲν

381 1702 530 1759 ἄλλοι
592 1708 888 1782 προφῆται,
980 1703 1115 1777 μετὰ
1169 1704 1230 1758 τὸ
1287 1700 1520 1766 ὶξελθεϊν
1589 1702 1650 1757 ἐκ
1705 1707 1800 1769 τῆς
1829 1702 2031 1765 κοιλίας

379 1798 486 1849 τῶν
550 1792 795 1871 μητέρων
866 1796 1065 1863 αὐτῶν,
1127 1792 1548 1871 προεφήτευσαν
1606 1791 1757 1854 οὗτος
1824 1789 1875 1846 δὲ
1946 1788 2033 1848 καὶ

1130 330 1579 395 ENARRATIO
1623 334 1706 395 IN
1756 330 2020 395 EVANG

2113 330 2265 393 iIUM
2312 333 2551 395 LUCE.
2589 367 2667 380 —
2710 337 2873 399 CAP.
2900 339 3035 402 VII.

3648 282 3805 405 m

1479 460 1791 520 ἀποστείλας
1844 462 2025 541 ἐρωτᾷ1

2121 460 2467 524 testiﬁcetur
2495 464 2568 528 de
2607 483 2725 545 me,
2761 484 2918 527 nunc
2949 476 3141 530 autem
3183 470 3412 548 ignoret
3466 488 3583 532 me.
3609 469 3752 534 Nam

2119 548 2169 609 si
2189 548 2391 612 fuisset
2415 552 2568 625 talis,
2609 554 2782 631 cujus
2803 556 2987 634 gratia
3016 556 3346 620 exivissetis
3374 560 3432 618 in
3455 558 3756 621 desertum

2117 644 2179 697 ut
2197 637 2473 701 videretis
2499 641 2665 703 eum?
2695 640 2808 705 Sed
2840 662 3035 725 neque
3050 647 3309 707 animum
3336 665 3507 708 suum
3527 646 3759 710 deliciis

2115 728 2400 805 corrupit,
2436 730 2614 791 vestis
2659 732 2820 793 enim
2881 734 3011 812 ejus
3070 734 3336 796 declarat
3364 734 3595 797 deliciis
3624 754 3760 798 eum

2113 815 2485 893 superiorem
2522 837 2675 881 esse.
2698 818 2929 881 Etenim
2962 822 3009 883 si
3040 823 3382 884 arrisissent
3415 823 3470 885 ei
3499 823 3754 897 delicias,

2114 902 2171 963 in
2206 903 2433 984 palatiis
2483 907 2746 971 vixisset.
2784 911 2862 971 At
2894 910 3239 989 prophetam
3297 910 3463 973 illum
3519 911 3761 975 dicitis?

2111 989 2342 1078 Ubique
2375 992 2509 1054 dico
2538 995 2926 1075 vobis,major
2957 1006 3046 1057 est
3076 998 3534 1078 propheta.Nam
3564 1000 3758 1064 aliide

2112 1077 2343 1143 Christo
2369 1088 2591 1142 tantum
2621 1083 3037 1159 praedixerunt,
3074 1085 3172 1145 hic
3192 1077 3368 1146 etiam
3417 1094 3475 1147 et
3505 1088 3668 1161 vidit,
3699 1096 3759 1150 et

2112 1170 2461 1230 monstravit
2516 1171 2721 1232 dicens
2755 1189 2768 1233 :
2804 1172 2959 1233 Ecce
3008 1175 3207 1252 Agnus
3246 1175 3345 1236 ille
3389 1174 3518 1237 Dei.
3555 1177 3629 1238 Et
3657 1176 3757 1237 alii

2106 1257 2347 1336 quidem
2381 1261 3504 1343 prophetaaprophetizaruntpostquam
3530 1264 3757 1343 egressi

2108 1353 2245 1406 sunt
2265 1365 2332 1407 ex
2355 1347 2541 1408 uteris
2573 1358 2821 1409 matrum
2847 1370 2857 1411 :
2885 1349 2981 1411 hic
3008 1361 3204 1411 autem
3229 1358 3545 1431 antequam
3571 1376 3585 1406 ι
3607 1351 3759 1413 xiret

2108 1433 2183 1494 de
2217 1434 3079 1514 utero,agnovitDominum,et
3103 1441 3419 1502 exsultavit
3471 1442 3612 1502 Post
3634 1441 3758 1502 haec

2108 1523 2277 1583 all‘ert
2301 1530 2358 1583 et
2389 1525 2740 1603 proiihetam
2774 1533 3010 1603 testem;
3038 1526 3184 1587 dicit
3213 1528 3372 1588 enim
3403 1545 3416 1591 :
3444 1528 3553 1590 Hic
3576 1528 3755 1591 estde

2114 1628 2230 1690 quo
2260 1611 2545 1691 scriptum
2578 1620 2670 1674 est
2697 1634 2708 1674 :
2734 1614 2887 1675 Ecce
2910 1614 3072 1675 mitto
3095 1615 3367 1692 angelum
3400 1617 3757 1677 meum.An-

2115 1698 2284 1776 gelus
2317 1699 2473 1760 enim
2504 1699 2767 1763 Joannes
2797 1701 2932 1780 fuit,
2955 1701 3220 1763 fortassis
3241 1707 3395 1781 quod
3428 1703 3752 1781 angelicam

2114 1786 2289 1848 vitam
2351 1799 2409 1850 et
2458 1808 2575 1849 non
2611 1790 2930 1864 carnalem,
2966 1790 3071 1851 sed
3124 1790 3491 1869 spiritualem
3544 1792 3750 1872 egerit,

382 1884 483 1961 πρὸ
536 1892 629 1941 τοῦ
678 1880 910 1946 ὶΞελθεϊν
964 1883 1026 1937 ὲκ
1082 1886 1181 1947 τῆς
1238 1879 1710 1958 μήτρας,ἐπέγνω
1755 1882 1845 1936 τὸν
1919 1881 2025 1938 Κό-

2116 1875 2381 1937 fortassis
2404 1876 2577 1938 etiam
2611 1878 2767 1957 quod
2812 1878 3125 1939 adventum
3161 1877 3481 1940 Salvatoris
3509 1882 3755 1940 nuntia-

377 1994 509 2050 ριον,
569 1972 656 2028 καὶ
712 1970 1045 2049 ἐσκίρτησεν,
1109 1974 1243 2028 Εἶτα
1309 1970 1533 2048 παράγει
1565 1971 1771 2026 καὶτὸν
1813 1973 2023 2049 προφή-

374 2083 474 2127 την
531 2060 785 2139 μάρτυρα,
848 2061 989 2125 Φησὶ
1043 2060 1166 2139 γὰρ,
1223 2059 1387 2121 Οὗτός
1433 2058 1542 2114 ἐστι
1589 2059 1706 2139 περὶ
1737 2058 1796 2114 οὗ
1824 2058 2022 2136 γέγρα-

372 2170 519 2207 πται·
573 2136 710 2207 Ἰδοὺ*
726 2148 1041 2207 ἀποστέλλω
1060 2136 1161 2205 τόν
1193 2146 1418 2226 ἄγγελόν
1450 2169 1575 2221 μου.
1614 2136 1894 2225 ’Ἄγγελος
1925 2148 2025 2226 γὰρ

374 2242 401 2295 ὃ
458 2239 732 2305 Ἰωάννης,
786 2240 932 2318 τάχα
989 2238 1085 2311 μέν
1144 2237 1231 2293 καὶ
1288 2234 1373 2292 διὰ
1432 2238 1494 2292 τὸ
1526 2234 1720 2315 σχεδὸν
1752 2233 1908 2292 ἅϋλον
1934 2244 2025 2292 τοῦ

376 2329 488 2405 βίου
555 2329 641 2384 καὶ
696 2326 1003 2405 ἀγγελικὸν,
1054 2327 1199 2406 τάχα
1243 2322 1297 2381 δὲ
1328 2326 1414 2381 καὶ
1445 2323 1529 2380 διὰ
1558 2326 1619 2381 τό
1643 2323 1893 2403 ἀγγεῖλαι
1924 2327 2023 2391 τὴν

378 2420 470 2474 τοῦ
529 2417 776 2493 Σωτῆρος
833 2414 1139 2491 ἐπιδημίαν,
1201 2414 1377 2489 Ἀμὴν
1409 2413 1551 2491 λέγω
1582 2415 1733 2486 ὑμῖν,
1767 2415 1860 2469 οὒκ
1891 2413 2020 2490 ἐγή-

377 2528 556 2584 γερται
628 2505 680 2562 ἒν
751 2519 1033 2583 γεννητοῖς
1064 2505 1326 2583 γυναικῶν
1368 2503 1561 2577 μείζων
1613 2501 1881 2575 Ἰωάννου,
1914 2510 2021 2558 τῶν

373 2594 552 2651 ἄλλων
609 2595 822 2651 πάντων
881 2593 1095 2674 ἐξαίρων
1182 2596 1272 2650 τὸν
1307 2591 1630 2672 Πρόδρομον.
1667 2592 1803 2649 Εἶτα
1832 2593 2022 2648 ὡσανεί

376 2708 517 2749 τινος
588 2685 852 2763 εἰπόντος,
915 2686 1010 2741 Καὶ
1070 2692 1163 2741 σοῦ
1195 2681 1248 2738 δὲ
1278 2682 1455 2754 αὐτοῦ,
1487 2683 1532 2738 ὦ
1587 2680 1796 2759 Χριστέν
1833 2681 2021 2756 μείζων

380 2774 520 2829 ἐστίν
554 2796 570 2843 ;
621 2774 827 2851 ἐπάγει⁹
893 2770 953 2830 Ὀ
1009 2770 1064 2829 δὲ
1136 2774 1445 2850 μικρότερος
1477 2773 1633 2827 αὐτοῦ
1664 2770 1796 2847 ἐγὼ,
1832 2770 2023 2845 μείζων

372 2866 477 2921 elui
528 2863 582 2919 ὲν
651 2871 721 2939 τῇ
752 2862 992 2940 βασιλείᾳ
1021 2868 1127 2920 τῶν
1184 2863 1439 2940 οὐρανῶν,
1475 2860 1767 2934 Νομίζομαι
1801 2859 1897 2932 μὲν
1925 2860 2023 2936 γὰρ

372 2962 462 3010 νὺν
533 2954 841 3033 μικρότερος
892 2952 1049 3009 αὺτοῦ
1095 2954 1182 3009 καὶ
1253 2952 1390 3008 κατὰ
1448 2949 1711 3028 εὐγένειαν
1754 2948 1837 3004 καί
1887 2947 2019 3015 ἡλι-

380 3043 494 3099 κίαν
552 3044 639 3099 καὶ
693 3041 869 3115 δόξαν,
940 3040 1059 3098 ἀλλ’
1122 3041 1176 3097 ἐν
1224 3047 1291 3116 τῇ
1351 3037 1589 3116 βασιλείᾳ
1642 3045 1747 3094 τῶν
1792 3041 2022 3115 οὐρανῶν

380 3134 570 3207 μείζων
645 3132 804 3188 αὐτοῦ
860 3133 991 3206 εἶμι,
1052 3130 1318 3187 τουτέστιν
1380 3129 1433 3185 ὲν
1491 3134 1620 3185 πᾶσι
1665 3140 1782 3191 τοῖς
1864 3128 2020 3189 θείοις

375 3224 462 3278 καὶ
516 3234 925 3297 πνευματικοῖς.
983 3226 1091 3284 Πᾶς
1149 3222 1237 3276 οὖν
1322 3221 1349 3275 6
1423 3217 1550 3280 λαὸς
1607 3217 1834 3273 ἀκούσας

2108 1964 2402 2026 rit.Amen
2427 1964 2557 2027 dico
2582 1965 2893 2036 vobis,non
2912 1967 3165 2027 surrexit
3188 1968 3341 2027 inter
3360 1975 3525 2028 natos
3549 1967 3755 2029 mulie-

2110 2071 2239 2113 rum
2265 2055 2451 2133 major
2478 2053 2729 2116 Joanne.
2752 2055 2993 2116 Praefert
3018 2055 3148 2117 aliis
3171 2055 3753 2118 omnibus.Praecur-

2110 2159 2331 2203 sorem.
2368 2142 2599 2205 Deinde
2628 2144 2797 2223 quasi
2828 2144 2962 2223 quis
2983 2143 3250 2219 dixisset,
3283 2145 3374 2205 An
3405 2157 3463 2205 et
3489 2153 3546 2206 te
3566 2145 3758 2225 major

2108 2230 2209 2290 ille
2242 2230 2359 2291 est?
2389 2229 2589 2292 subdit
2623 2253 2635 2294 :
2670 2231 2789 2310 Ego
2822 2240 3022 2294 autem
3082 2232 3183 2313 qui
3244 2234 3435 2293 minor
3464 2232 3564 2293 illo
3594 2252 3751 2309 sum,

2109 2320 2303 2398 major
2326 2337 2457 2381 sum
2491 2319 2549 2379 in
2583 2337 2765 2398 regno
2794 2321 3102 2381 cmlorum.
3152 2319 3389 2383 Habeor
3410 2323 3563 2383 enim
3598 2340 3756 2383 nunc

2109 2408 2303 2469 minor
2334 2408 2434 2469 illo
2470 2418 2523 2469 el
2562 2418 2803 2489 propter
2830 2419 3088 2489 aetatem,
3123 2419 3181 2470 et
3212 2418 3455 2489 propter
3483 2418 3757 2489 genus,et

2110 2504 2347 2576 propter
2385 2496 2661 2572 gloriam,
2688 2498 2789 2558 scd
2829 2498 2887 2557 in
2925 2516 3106 2574 regno
3130 2500 3409 2559 caelorum
3443 2501 3632 2578 major
3657 2499 3756 2562 illo

2110 2603 2264 2659 smn,
2299 2586 2409 2646 hoc
2441 2597 2551 2657 est,
2587 2587 2642 2645 in
2680 2585 2957 2647 omnibus
2980 2586 3195 2647 divinis
3228 2594 3285 2647 et
3318 2585 3753 2666 spiritualibus.

2111 2673 2364 2736 Proinde
2396 2675 2590 2735 omnis
2607 2677 2858 2756 populus
2890 2676 2986 2755 qui
3013 2675 3754 2757 audieratJoannemJus-

2111 2763 2692 2837 tiﬁcavitDeum,hoc
2711 2766 3268 2840 est,honoraverunt
3290 2768 3577 2842 Deum,eo
3603 2766 3757 2847 quod

2109 2853 2461 2932 prophetam
2495 2854 2618 2930 ejus
2650 2853 2763 2933 ipsi
2787 2854 3215 2933 suscepissent:
3250 2853 3530 2916 Pharisaei
3556 2864 3755 2917 autem

2110 2960 2226 3001 non
2278 2941 2718 3003 honoraverunt
2757 2941 2971 3022 Deum,
3007 2960 3125 3003 non
3178 2951 3451 3022 suscepto
3498 2946 3754 3007 Joanne.

2107 3029 2362 3102 Quidam
2392 3030 2773 3110 autem,inter
2804 3030 2955 3092 ﬁlios
2991 3030 3754 3102 mulierum,sicintellexe-

2106 3126 2265 3193 runt,
2292 3118 2447 3199 quod
2478 3119 2633 3180 bene
2656 3119 2893 3197 dixerit,
2928 3119 3083 3181 inter
3110 3119 3264 3179 ﬁlios
3288 3119 3641 3181 mulierum:
3678 3120 3759 3183 ita

1933 3224 2023 3272 τοῦ
2056 3285 2081 3288 _
2110 3208 2266 3269 enim
2303 3208 2529 3286 excepit
2562 3207 2826 3286 seipsum
2860 3207 3657 3288 Dominus,quandoquidem
3682 3210 3757 3271 de

369 3309 642 3382 Ἰωάννου,
705 3309 1012 3367 ἐδικαίωσαν
1064 3311 1155 3365 τὸν
1216 3310 1367 3381 Θεὸν,
1437 3306 1707 3364 τουτέστιν
1771 3306 2025 3381 ἐτίμησαν

2113 3297 2342 3375 virgine
2373 3285 2543 3357 fuerit
2568 3306 2890 3369 natus,non
2909 3296 2982 3357 de
3008 3285 3254 3357 muliere
3279 3285 3466 3356 virum
3487 3307 3754 3375 experta.

376 3400 465 3457 τόν
539 3400 698 3478 Θεόν,
754 3398 833 3456 ὅτι
903 3401 994 3456 τὸν
1056 3399 1337 3477 προφήτην
1409 3398 1570 3453 αὒτοῦ
1595 3393 1852 3461 ἐδέξαντο.
1889 3397 1947 3452 Οἱ
1978 3389 2032 3449 δὲ

374 3496 657 3567 Φαρισαῖοι
713 3490 976 3559 ἠτίμασαν
996 3487 1088 3543 τόν
1132 3488 1288 3559 Θεὸν,
1322 3491 1399 3560 μὴ
1449 3484 1718 3559 δεξάμενοι
1751 3481 2028 3548 Ἰωάννην.

374 3577 524 3640 Τιιῖς
579 3573 632 3631 δὲ
686 3576 770 3648 τό,
817 3575 870 3631 ἐν
921 3586 1205 3653 γεννητοῖς
1250 3580 1536 3650 γυναικῶν,
1574 3571 1742 3636 οῦτως
1773 3570 2029 3638 ἐιόησαν»

368 3664 449 3720 ὅτι
509 3664 687 3727 καλὼς
747 3666 929 3738 εἶπεν,
987 3663 1041 3720 ἐν
1089 3674 1369 3738 γεννητοῖς
1397 3667 1683 3739 γυναικῶν,
1744 3657 2031 3736 ὑπεξαίρων

365 3752 546 3809 ἑαυτόν
617 3755 644 3809 ὁ
708 3752 923 3831 Κύριος.
986 3753 1148 3817 Αὖτός
1180 3752 1280 3828 γὰρ
1339 3750 1601 3828 πιρθῦνου
1648 3748 1713 3815 ἦν
1744 3748 2022 3824 γεννητὸς,

362 3842 485 3921 οὖχῖ
554 3842 824 3921 γυναικός,
903 3840 1141 3898 τουτέστι
1202 3838 1598 3917 γεγιμημένης
1679 3836 1844 3913 ἀνδρί·
1924 3834 2027 3896 Καὶ

359 3934 443 4000 τό,
503 3931 529 3986 6
582 3932 888 4010 μικρότερος
957 3929 1013 3985 δὲ
1082 3930 1137 3984 ἐν
1194 3934 1264 4004 τῇ
1318 3927 1564 4002 βασιλεία
1628 3933 1735 3984 τῶν
1768 3928 2023 4003 οὒρανιὺν,

364 4018 538 4081 ἄλλως
622 4019 869 4087 ἐνόησαν,
933 4019 1014 4076 ὅτι
1075 4019 1103 4074 6
1174 4017 1484 4093 μικρότερος
1518 4016 1571 4072 ἐν
1614 4020 1690 4089 τῷ
1720 4016 1857 4071 κατὰ
1895 4022 2023 4090 Χρι-

365 4109 486 4163 στόε
538 4111 661 4189 βίῳ,
717 4110 909 4180 μείζων
964 4108 1049 4163 ἐπὶ
1105 4106 1197 4163 τοῦ
1251 4105 1303 4161 ἐν
1336 4112 1412 4179 τῷ
1442 4105 1591 4178 νόμω
1643 4104 1871 4177 κικαίιιυ,
1906 4102 2029 4157 οἷον

366 4195 617 4264 Ἰωάννης
679 4198 774 4270 μὲν
854 4198 990 4254 κατὰ
1077 4196 1176 4262 τὴν
1232 4195 1285 4251 ἐν
1341 4202 1418 4268 τῷ
1475 4196 1624 4268 νόμῳ
1696 4191 2031 4255 δικαιοσύνην

372 4286 671 4359 ἄμεμπτος,
733 4288 795 4345 Εἴ
852 4310 932 4350 τις
1004 4283 1058 4341 δὲ
1116 4286 1300 4362 εὖρεθῇ
1382 4280 1818 4359 βεϐαπτισμένος
1906 4280 2024 4353 μὲν»

374 4376 540 4449 μήπω
595 4373 650 4431 δὲ
707 4398 756 4432 τι
810 4376 974 4433 κιστόν
1036 4375 1072 4441 ἢ
1130 4373 1325 4450 ἀγαθόν
1418 4371 1809 4451 ἐργασάμενος,
1873 4370 2032 4428 οὗτος

2116 3386 2186 3447 Et
2217 3385 2371 3467 quod
2407 3384 2572 3465 dicit,
2610 3385 2805 3447 minor
2833 3386 2892 3447 in
2925 3405 3108 3465 regno
3135 3386 3445 3461 caelorum,
3480 3386 3756 3449 aliterin-

2118 3475 2490 3535 tellexerunt.
2545 3475 2737 3535 Minor
2786 3474 2845 3535 in
2904 3475 3019 3535 vita
3068 3474 3419 3549 Christiana,
3454 3476 3643 3556 major
3671 3484 3759 3539 est

2110 3564 2270 3643 justo
2292 3563 2461 3642 juxta
2490 3563 2707 3642 legem,
2744 3572 2804 3623 ut
2828 3566 3086 3624 Joannes
3103 3565 3267 3643 juxta
3290 3564 3580 3643 justitiam
3614 3564 3760 3646 legis

2118 3661 2242 3714 erat
2273 3652 2840 3731 irreprehensibilis.
2891 3652 2951 3716 Si
3010 3654 3142 3735 quis
3186 3662 3382 3715 autem
3426 3654 3760 3717 inveniatur

2118 3742 2445 3823 baptizatus
2489 3741 2753 3821 quidem,
2790 3744 3051 3804 nondum
3101 3758 3299 3805 autem
3348 3746 3489 3805 520
3540 3745 3756 3807 malum

2111 3831 2404 3912 quoddam
2431 3833 2520 3892 vel
2558 3830 2776 3893 bonum
2804 3841 3083 3913 operatus
3107 3832 3301 3897 fuerit.
3341 3833 3437 3895 hic
3483 3836 3761 3896 minimus

2112 3920 2284 3982 estin
2319 3938 2503 3996 regno
2549 3922 2855 3993 cmlorum,
2904 3923 3017 3983 hoc
3067 3931 3177 3995 est,
3230 3923 3289 3982 in
3342 3922 3761 4002 praedicatione

2115 4009 2353 4085 Christi,
2381 4016 2637 4069 attamen
2675 4011 2825 4089 mjor
2860 4020 2949 4071 est
2981 4030 3097 4071 non
3150 4012 3466 4093 baptizata,
3496 4012 3763 4093 quamvis

2115 4099 2214 4159 ille
2238 4098 2296 4157 in
2330 4098 2459 4175 lege
2482 4098 2674 4176 justus
2707 4098 3015 4160 fuerit.Vel
3048 4101 3259 4161 aliter:
3293 4100 3385 4162 Sis
3416 4101 3554 4161 licet
3578 4101 3760 4162 mini-

2118 4204 2212 4247 me
2242 4184 2633 4261 carnalis,sed
2668 4186 2854 4247 ferme
2876 4197 2937 4247 ut
2968 4190 3226 4250 Joannes
3254 4189 3760 4268 spiritualiszatta-

2120 4292 2252 4335 men
2283 4273 2763 4354 quandoquidem
2797 4274 2988 4335 adhuc
3014 4278 3069 4336 in
3105 4295 3281 4340 carne
3326 4295 3411 4351 es,
3450 4286 3763 4356 propterea

2122 4362 2401 4424 minimus
2426 4364 2482 4425 in
2516 4368 2970 4437 resurrectione,
3000 4383 3173 4444 quam
3201 4383 3444 4443 regnum
3471 4366 3758 4428 caelorum

373 4464 658 4542 ἐλάχιστος
714 4464 785 4521 ὤν
838 4465 890 4520 ἐν
947 4468 1015 4539 τῇ
1056 4461 1293 4539 βασίλεὲια
1322 4463 1427 4518 τῶν
1459 4465 1715 4538 οὐρανῶν,
1756 4456 2025 4514 τουτέστικ

2121 4470 2252 4512 esse
2280 4451 2443 4526 dicit,
2480 4451 2668 4529 major
2700 4460 2753 4511 te
2788 4460 2897 4513 est.
2935 4455 3103 4514 Tunc
3134 4453 3292 4513 enim
3337 4454 3412 4513 ab
3445 4453 3759 4532 inCnrrup—

375 4553 430 4608 ἐν
475 4530 563 4627 ’τῷ
616 4555 753 4609 κατὰ
812 4530 1408 4633 Χριστόν-κηρύγματι,
1468 4530 1614 4625 ὅμως
1661 4548 1851 4623 μείζων
1909 4546 2023 4607 ἐστὶ

2114 4542 2275 4603 tione
2313 4541 2475 4601 omni
2510 4540 2703 4619 liberi,
2734 4560 2846 4600 non
2884 4541 3035 4602 ultra
3059 4542 3223 4621 juxta
3251 4560 3491 4603 carnem
3535 4530 3754 4603 ambu-

373 4642 466 4697 τοῦ
532 4640 874 4721 ἀϐαπτίστου,
935 4642 989 4697 ἐν
1044 4642 1193 4716 νόμῳ
1250 4638 1304 4695 δὲ
1362 4638 1583 4695 δικαίου.
1663 4639 1757 4694 Καὶ
1819 4634 2015 4696 ἄλλως·

2104 4630 2457 4695 labimus.Et
2484 4631 2578 4709 qui
2604 4637 2742 4690 tunc
2776 4648 3007 4710 parvus,
3036 4631 3222 4709 major
3248 4640 3339 4693 est
3362 4650 3431 4692 eo
3464 4632 3567 4712 qui
3591 4650 3756 4693 nunc

379 4731 460 4787 ὅτι
529 4734 573 4787 εἱ
630 4733 715 4787 καὶ
773 4719 991 4811 ἇσετρκος
1050 4737 1238 4809 μικροῦ
1268 4732 1295 4786 6
1323 4729 1597 4796 Ἰωάννης,
1628 4728 1714 4783 καὶ
1744 4725 1899 4790 ἂυλος
1933 4735 2020 4784 οῦν

2113 4720 2343 4801 quidem
2379 4720 2707 4811 estjustus,
2741 4719 2843 4779 sed
2876 4738 3117 4781 carnem
3151 4721 3346 4781 adhuc
3376 4729 3588 4799 gestat.
3626 4810 3633 4811 γ
3712 4808 3717 4811 ἱ

380 4820 455 4877 ἔτι
488 4819 541 4875 ἓν
572 4820 747 4899 σαρκί,
799 4822 895 4878 Καὶ
925 4818 1007 4876 διὰ
1036 4820 1192 4877 τοῦτο
1224 4821 1251 4875 6
1295 4817 1579 4898 ἐλάχιστος
1612 4817 1665 4873 ἐν
1695 4822 1763 4892 τῇ
1816 4814 2122 4885 ἀναστάσει,
2175 4811 2241 4878 ἣν
2273 4810 2543 4886 βασιλείιν
2577 4810 2807 4887 οὖρανῶν
2839 4811 2981 4866 εἶναί
3010 4834 3166 4889 φησι,
3212 4812 3401 4884 μείζων
3434 4813 3597 4873 what:
3624 4810 3759 4878 ἔστι.

383 4912 513 4968 Τότε
549 4910 649 4988 γὰρ
678 4908 893 4967 τελείως
926 4909 1380 4990 ἀφθαρτισθέντες,
1442 4910 1536 4965 οὐκ
1581 4906 1657 4963 ἔτι
1702 4905 1839 4962 κατὰ
1896 4906 2062 4982 σάρκα
2120 4902 2578 4979 περιπατήσομεν,
2643 4902 2738 4957 Καὶ
2768 4902 2795 4955 6
2825 4900 2943 4955 τότε
2976 4902 3161 4981 μικρός
3191 4903 3386 4979 μείζων
3414 4902 3527 4962 ἐστὶ
3554 4914 3646 4963 τοῦ
3672 4914 3760 4964 νῦν

387 4996 588 5053 δικαίου
622 4999 740 5072 μὲν,
776 4997 916 5065 πλὴν
946 4997 1021 5054 ἒτι
1055 4998 1222 5073 σάρκα
1253 5003 1559 5075 φοροῦντος.

471 5111 496 5140 α
550 5087 687 5144 Hm
744 5085 797 5142 δὲ
854 5087 881 5142 6
933 5088 1139 5164 Κύριος*
1205 5086 1316 5143 Τίνι
1385 5084 1474 5140 οὖν
1507 5083 1757 5157 ὁμοιώσω
1787 5083 1905 5144 τούς
1927 5083 2022 5135 6w-

383 5176 621 5252 θρώπους
690 5181 787 5243 τῆς
852 5183 1037 5253 γενεᾶς
1071 5176 1265 5241 ταύτης
1303 5192 1319 5247 ;
1363 5175 1452 5230 καὶ
1497 5173 1597 5228 τίνι
1630 5170 1764 5227 εἰσὶν
1795 5169 1971 5245 ὅμοιοι
2009 5187 2024 5241 ς

387 5265 593 5339 ὐμοιοί
650 5268 747 5323 εἰσι
807 5265 1035 5329 παιδίοις
1091 5278 1209 5328 τοῖς
1241 5265 1295 5320 ἐν
1347 5264 1514 5341 ἀγορᾷ
1560 5260 1906 5335 καθημένοις,
1940 5260 2027 5314 καὶ

386 5365 782 5433 προσφωνοῦσιν
848 5354 1111 5424 ἀλλήλοις
1199 5355 1285 5409 καὶ
1367 5353 1629 5429 λέγουσιν·
1708 5349 2027 5421 Ηύλήσαμεν

382 5445 535 5516 ὑμῖν,
593 5445 683 5499 καὶ
745 5445 840 5499 οὒκ
896 5444 1214 5523 ὠρχήσασθε
1311 5439 1710 5519 Ἐθρηνήσαμεν
1739 5440 1890 5511 ὑμῖν,
1940 5437 2028 5490 καὶ

386 5531 483 5586 οὒκ
551 5530 863 5594 ἐκλαύσατε,
912 5532 1169 5601 Ἐλήλυθε
1211 5532 1310 5609 γὰρ
1356 5529 1605 5593 Ἰωάννης
1651 5527 1677 5582 6
1726 5526 2024 5589 Βαπτιστης

388 5621 525 5693 μὴτι
588 5621 737 5700 ἶὶρτον
786 5621 991 5695 ἐσθίων,
1051 5623 1188 5693 μήτε
1248 5620 1399 5676 οἶνον
1458 5620 1642 5687 πίνων,
1703 5613 2023 5691 καὶλέγετν

2820 4994 2983 5065 /

2196 5076 2602 5140 Vens.30-35.
2618 5103 2644 5132 ‹‹
2659 5074 2973 5143 Aitzautem
2998 5080 3420 5142 Dominus:Cui
3442 5098 3582 5161 ergo
3601 5081 3763 5144 simi-

2112 5167 2200 5227 les
2232 5165 2424 5226 dicam
2458 5165 2733 5230 homines
2749 5168 3149 5248 generationis
3173 5168 3437 5248 hujus?et
3465 5172 3559 5231 cui
3589 5171 3763 5233 simi-

2113 5256 2197 5317 les
2229 5254 2395 5317 sunt?
2427 5254 2669 5319 Similes
2701 5266 2835 5318 sunt
2868 5258 3065 5336 pueris
3095 5256 3441 5319 sedentibus
3462 5259 3517 5319 in
3546 5263 3766 5334 foro,et

2112 5344 2573 5408 acclamantibus
2596 5344 2751 5405 inter
2777 5365 2863 5411 se.
2888 5365 2955 5406 ac
2977 5346 3310 5408 dicentibus
3343 5368 3356 5407 :
3390 5349 3764 5412 Uantavimus

2110 5431 2278 5493 vobis
2310 5432 2563 5498 tibiis.et
2587 5454 2707 5494 non
2738 5434 3356 5515 saltastis,cecinimus
3389 5436 3555 5498 vobis
3588 5439 3762 5518 lugu-

2113 5520 2325 5591 bria,et
2363 5539 2478 5580 non
2514 5523 2993 5600 plorastis.Venit
3024 5525 3180 5585 enim
3212 5526 3468 5587 Joannes
3499 5527 3768 5606 Baptista

2115 5627 2311 5691 neque
2342 5608 2529 5672 edens
2546 5630 2782 5691 panem,
2816 5632 3014 5694 neque
3038 5613 3252 5675 bibens
3272 5614 3500 5690 vinum,
3526 5624 3586 5677 et
3608 5615 3762 5679 dici-
