4132 6298
278 342 405 427 793

1008 344 1451 425 ENARRATIO
1497 363 1578 424 IN
1627 360 2135 425 EVANGELIUM
2186 361 2399 424 LUIHE

2498 397 2511 404 -
2578 362 2738 423 CAP.
2792 361 2925 421 VII.
3595 352 3711 434 794

292 495 483 574 Κύριος
526 494 695 574 ὅμως,
762 496 932 550 καίτοι
989 490 1139 555 εἰδὼς
1184 491 1346 547 αὑτὸν
1387 492 1465 566 μὴ
1496 493 1620 559 εὒθῆ
1652 490 1801 571 ὄντα,
1848 492 1954 546 εἰσ-

2052 489 2192 552 scire
2225 509 2361 551 eum
2416 508 2531 552 non
2582 506 2714 552 esse
2744 489 3089 560 candidum,
3146 489 3457 568 ingressus
3490 496 3582 550 est
3633 484 3713 547 ad

294 585 513 667 έρχεται
562 588 693 664 πρὸς
742 587 898 642 αὲντὸν
959 586 1049 640 καὶ
1108 584 1387 657 συνεσθίει,
1450 581 1707 640 διδάσκων
1747 582 1958 646 πάντως

2052 597 2202 658 eum,
2239 589 2296 640 et
2328 581 2588 642 comedit
2618 598 2752 641 cum
2800 598 2893 653 eo,
2928 580 3153 641 docens
3186 597 3292 661 per
3324 580 3437 641 hoc
3464 577 3710 667 omnino

294 676 443 742 ἡμᾶς
487 673 572 731 διὰ
612 674 822 750 τούτου,
880 676 955 737 ὼς
1013 670 1075 727 ἂν
1133 685 1254 736 τοῖς
1312 670 1559 735 ὑπούλως
1621 673 1752 751 πρὸς
1816 673 1958 746 ἡμᾶς

300 762 546 843 ἔχουσιν,
606 765 771 839 ἡμεῖς
828 761 1012 824 ἁπλῶς
1078 762 1168 818 καὶ
1242 758 1446 825 ἀδόλως
1519 761 1960 842 προσφερώμεθα.

309 860 535 919 Ζητοῦσι
592 851 649 909 δὲ
706 851 895 909 πολλοὶ
955 851 1114 908 πόσαι
1158 852 1293 919 ἦσαν
1352 854 1403 907 αἱ
1447 865 1699 929 γυναῖκες
1734 854 1784 906 αἱ
1815 849 1966 905 ἀλεί-

311 947 481 1017 ψασαι
552 942 643 998 τὸν
704 942 892 1019 Κύριον
952 940 1122 1018 μύρῳ.
1182 942 1279 998 Καὶ
1337 942 1383 997 οἱ
1428 941 1524 1015 μέν
1569 962 1723 1019 φασιν
1769 940 1849 995 ὅτι
1879 936 1966 993 δύο

298 1032 463 1103 ἦσαν,
516 1032 550 1099 ἡ
610 1032 752 1107 παρὰ
814 1035 890 1103 τῷ
948 1028 1170 1095 Ἰωάννη
1222 1028 1339 1102 μία,
1398 1031 1433 1097 ἡ
1482 1031 1572 1086 καὶ
1628 1027 1827 1107 ἀδελφὴ
1874 1034 1966 1084 τοῦ

302 1120 565 1200 Λαζάρου,
625 1121 713 1176 καὶ
785 1119 935 1195 ἑτέρα
1003 1121 1036 1187 ἡ
1082 1120 1224 1197 παρὰ
1265 1126 1343 1191 τῷ
1388 1120 1635 1193 Ματθαίῳ
1678 1121 1765 1175 καὶ
1810 1118 1962 1193 Μάρ-

294 1232 405 1283 κῳ,
462 1211 552 1265 καὶ
595 1220 681 1268 νὺν
725 1210 863 1287 παρᾶ
909 1217 985 1284 τῷ
1032 1214 1226 1280 Λουκᾷ.
1261 1205 1408 1287 Ἐγὼ
1437 1206 1491 1265 δὲ
1543 1212 1790 1282 πείθομαι
1840 1218 1960 1269 τοῖς

301 1299 515 1378 λέγουσι
573 1300 722 1378 τρεῖς
782 1299 924 1355 εἶναι
985 1299 1203 1359 ταύτας,
1254 1298 1388 1353 Μίαν
1433 1298 1532 1372 μὲν
1587 1298 1685 1363 τὴν
1715 1297 1857 1373 παρὰ
1886 1298 1963 1370 τῴ

301 1387 528 1465 Ἰωάννη
573 1390 673 1466 πρὸ
719 1386 771 1454 ἓξ
815 1391 1029 1467 ἡμερῶν
1085 1393 1178 1444 τοῦ
1232 1388 1450 1467 Πάσχα,
1502 1386 1568 1454 ἢν
1598 1388 1685 1442 καὶ
1730 1383 1963 1463 ἀδελφὴν

309 1478 452 1535 εἶναι
512 1478 771 1557 Λαζάρου.
842 1469 1061 1555 Ἐτέραν
1120 1475 1175 1532 δὲ
1246 1476 1344 1543 τὴν
1397 1476 1539 1554 παρὰ
1579 1482 1657 1549 τῷ
1716 1474 1965 1547 Ματθαίῳ

307 1570 396 1623 καὶ
429 1567 645 1646 Μάρκῳ,
681 1569 783 1645 πρὸ
843 1565 930 1624 δύο
972 1568 1188 1640 ἡμερῶν
1247 1575 1341 1625 τσῖ)
1398 1566 1616 1645 Πάσχα,
1650 1565 1738 1620 καὶ
1780 1564 1964 1642 τρίτην

2046 669 2199 749 quod
2235 688 2343 729 nos
2370 670 2669 750 simplices
2690 669 3077 731 exhibeamus
3100 688 3240 749 erga
3261 688 3363 730 eos
3378 667 3478 750 qui
3495 666 3709 729 dolose

2051 757 2361 819 nobiscum
2384 758 3088 838 aguntQuaaruntautem
3117 759 3285 821 multi
3317 767 3461 839 quot
3487 757 3714 818 fuerint

2056 847 2341 909 mulieres
2387 867 2517 927 quae
2569 849 2847 909 unxerint
2900 848 3217 910 Dominum
3276 855 3602 927 unguento.
3641 848 3710 908 Et

2054 936 2160 999 alii
2189 936 2429 1016 quidem
2464 936 2670 998 dicunt
2698 936 2859 1017 quod
2891 937 3021 998 duae
3047 938 3303 1011 fuerunt,
3344 954 3459 997 una
3483 934 3710 997 scilicet

2048 1026 2205 1104 apud
2226 1025 2681 1105 Joannem,qua3
2712 1025 2819 1085 fuit
2850 1042 3023 1087 soror
3051 1027 3280 1101 Lazari,
3315 1033 3374 1086 et
3404 1024 3519 1084 alia
3547 1023 3702 1103 apud

2050 1115 2387 1176 Matthzeum
2419 1124 2479 1177 et
2512 1118 2869 1187 Marcum,et
2901 1134 3061 1176 nunc
3100 1114 3256 1195 apud
3307 1113 3549 1176 Lucam.
3584 1117 3705 1191 Ego

2046 1211 2239 1264 autem
2265 1205 2442 1265 credo
2474 1203 2570 1264 his
2598 1204 2697 1283 qui
2733 1202 2942 1265 dicunt
2964 1211 3084 1265 tres
3106 1221 3443 1277 esse,unam
3465 1202 3705 1283 quidem

2044 1298 2197 1372 apud
2226 1292 2516 1355 Joannem
2551 1301 2689 1353 ante
2720 1312 2819 1354 sex
2855 1292 2986 1353 dies
3012 1293 3271 1366 Pascha,
3298 1310 3428 1373 quae
3460 1299 3515 1353 et
3538 1309 3710 1351 soror

2046 1382 2156 1443 fuit
2183 1382 2382 1443 Lazari
2417 1402 2431 1443 :
2467 1383 2641 1444 aliam
2674 1392 2869 1444 autem
2903 1382 3057 1463 apud
3103 1382 3437 1444 Matthaeum
3472 1390 3529 1442 et
3549 1382 3708 1443 Mar-

2048 1490 2182 1533 cum
2214 1479 2349 1533 ante
2384 1472 2531 1533 duos
2564 1471 2693 1533 dies
2751 1472 3015 1545 Pascha),
3055 1480 3108 1532 et
3147 1471 3385 1533 tertiam
3437 1472 3587 1532 hanc
3636 1471 3711 1532 de

2052 1580 2164 1641 qua
2195 1580 2351 1623 nunc
2382 1563 2594 1636 Lucas,
2632 1579 2762 1640 quae
2794 1561 2853 1621 in
2889 1562 3081 1622 media
3108 1561 3406 1640 Evangelii
3432 1560 3708 1641 praedica-

307 1656 504 1723 ταύτην
559 1657 658 1723 τὴν
703 1667 789 1716 νῦν
839 1657 977 1735 παρὰ
1034 1662 1112 1729 τῷ
1167 1660 1365 1734 Λουκᾷ,
1429 1657 1547 1734 περὶ
1590 1655 1655 1710 τὰ
1707 1653 1846 1729 μέσα
1877 1662 1965 1710 τοῦ

2052 1649 2214 1710 tione
2242 1650 2557 1712 Dominum
2591 1649 2996 1728 unxit.Neque
3031 1650 3249 1712 mirum
3282 1657 3370 1711 est
3400 1649 3556 1730 quod
3585 1649 3710 1710 haec

310 1745 652 1825 Εὖαγγελίου,
714 1749 1026 1826 μυρίσασαν.
1058 1746 1154 1813 τὴν
1218 1746 1423 1823 Κύρὶον,
1485 1746 1574 1800 καὶ
1634 1742 1781 1803 οὒδὲν
1841 1765 1965 1798 και-

2052 1747 2189 1800 ante
2221 1742 2558 1819 passionem
2597 1740 2707 1799 hoc
2738 1738 3032 1811 fet-erit,et
3062 1739 3200 1801 inde
3230 1739 3345 1801 illa;
3375 1738 3464 1799 vel
3488 1737 3559 1799 ad
3589 1739 3705 1800 hu-

316 1834 406 1890 νὸν
462 1835 713 1913 πρότερον
750 1835 949 1901 ταύτην
1003 1837 1235 1899 ποιῆσαι
1280 1842 1458 1911 τοῦτο,
1494 1834 1660 1907 μήπω
1692 1830 1965 1894 ἐνστάντος

2052 1830 2145 1907 jus
2165 1828 2577 1896 imitationem,
2607 1827 2729 1898 sive
2759 1828 2871 1888 alia
2902 1827 2976 1888 de
3007 1846 3182 1890 causa
3209 1828 3447 1890 circiter
3479 1829 3707 1906 passio-

314 1926 408 1980 τοῦ
465 1932 652 2000 καιροῦ
702 1931 796 1980 τοιῦ
847 1924 1068 1997 πάθους,
1131 1927 1252 1979 εἶτα
1309 1926 1513 1986 ὲκείνας
1559 1920 1672 1978 εἴτε
1722 1942 1968 1996 μιμησα-

309 2011 473 2082 μένας
518 2014 741 2091 ταύτην,
796 2012 905 2069 εἴτε
951 2015 1037 2069 καὶ
1082 2012 1279 2087 ἄλλως,
1338 2012 1566 2079 πλησίον
1624 2013 1719 2068 τοῦ
1773 2011 1967 2073 πάθους

308 2103 371 2157 τὸ
435 2103 559 2159 αὐτὸ
616 2108 863 2169 ποιῆσαι,
944 2105 1000 2160 Εἰ
1065 2101 1120 2158 δὲ
1162 2103 1251 2158 καὶ
1304 2104 1331 2158 6
1383 2101 1527 2180 παρὰ
1582 2107 1659 2175 τῷ
1717 2099 1968 2172 Ματθαίῳ

310 2191 401 2247 τὸν
451 2192 635 2270 Κύριον
691 2192 946 2272 καλέσας,
1018 2193 1198 2267 Σίμων
1259 2191 1565 2269 ὠνόμαστο,
1626 2190 1712 2245 καὶ
1793 2191 1820 2244 6
1876 2195 1964 2243 νῦν

313 2281 457 2359 παρὰ
505 2286 583 2354 τῷ
626 2286 823 2354 Λουκᾷ,
882 2303 931 2337 τι
984 2283 1167 2337 καινὸν
1212 2293 1509 2355 συμπεσεῖν
1565 2280 1631 2336 τὰ
1689 2278 1969 2354 ὀνόματα;

316 2368 465 2427 Ἐπεὶ
495 2371 705 2433 ἱκεϊιός
735 2393 795 2449 γε
851 2372 940 2427 καὶ
984 2369 1175 2450 λεπρὸς
1224 2370 1315 2449 ἦν,
1346 2367 1467 2425 ἀλλ’
1499 2369 1622 2447 οὐχὶ
1663 2369 1751 2423 καὶ
1795 2368 1969 2431 οὗτος.

318 2457 579 2521 Κάκεῖνος
636 2458 758 2534 μὲν,
816 2458 1263 2539 τεθεραπευμένος
1308 2460 1413 2515 ἀπὸ
1468 2459 1567 2526 τῆς
1600 2456 1820 2535 λέπρας,
1856 2478 1967 2535 χα-

317 2548 593 2624 ριστήριον
644 2548 744 2615 την
799 2548 991 2616 κλῆσιν
1041 2546 1326 2605 ἀποδίδωσι
1388 2554 1465 2622 τῷ
1525 2550 1755 2625 Χριστῷ.
1803 2547 1965 2609 Οὗτος

319 2633 402 2716 δὲ,
461 2637 579 2694 οὔτε
664 2636 884 2718 λεπρὸς,
972 2636 1089 2694 οὔτε
1178 2636 1264 2693 ἐπὶ
1340 2637 1713 2716 χαριστηρίοις
1770 2632 1969 2691 λαλῶν.

324 2725 584 2790 Κάκεῖνος
639 2728 736 2802 μὲν
790 2729 936 2784 οὐδὲν
996 2728 1179 2800 εἶπεν,
1236 2727 1386 2791 οὗτος
1444 2725 1498 2782 δὲ
1537 2725 1853 2804 ὲγγόγγυσε,
1886 2719 1973 2780 καὶ

327 2818 633 2894 πατακρίνει
678 2820 731 2872 ἓν
785 2818 960 2890 ταὺεῷ
1000 2818 1093 2872 τόν
1148 2838 1204 2871 τε
1237 2814 1443 2883 Ἰησοῦν
1476 2818 1563 2871 καὶ
1592 2816 1688 2882 τὴν
1719 2827 1969 2891 γυναῖκα.

324 2904 435 2990 Ῐῆν
479 2906 601 2985 μὲν,
662 2908 734 2969 ὡς
780 2905 1122 2985 ἁμαρτωλὸν,
1170 2908 1259 2962 τὸν
1310 2904 1387 2977 δὲ,
1453 2906 1527 2969 ὡς
1579 2904 1966 2985 φιλάνθρωπον.

326 2980 405 3047 vi)
460 2999 558 3061 τῆς
588 2980 918 3059 ’ἀπονοίας-ί
983 2980 1209 3058 ’Ὄντως
1259 3002 1552 3073 Φαρισαῖος
1673 2980 1965 3071 ἅνθρωπος·

314 3081 435 3138 ἀλλ’
497 3085 524 3139 ὁ
561 3084 746 3162 Κύριος
782 3084 990 3164 ἐρωτῶν
1051 3086 1206 3142 αὐτὸν
1255 3086 1308 3140 ἐν
1357 3081 1711 3162 παραϐολαῖς,
1756 3083 1845 3137 καὶ
1884 3078 1972 3137 δύο

2054 1934 2192 1979 nem
2223 1916 2379 1979 idem
2412 1916 2687 1978 fecerint.
2716 1916 2991 1988 Quamvis
3012 1925 3210 1978 autem
3263 1927 3315 1979 et
3349 1917 3398 1978 is
3420 1917 3518 1997 qui
3549 1917 3704 1996 apud

2051 2006 2389 2069 Matthzeum
2418 2012 3017 2079 commemoratur,et
3048 2006 3220 2086 cujus
3253 2025 3412 2067 nunc
3438 2008 3501 2067 ιιι
3532 2023 3704 2067 men-

2052 2096 2376 2171 tio,eodem
2411 2094 2673 2156 Simonis
2706 2094 2947 2156 nomine
2976 2104 3280 2175 vocentur,
3305 2095 3461 2157 haud
3488 2094 3701 2155 mirum

2049 2180 2422 2265 fuerit.Sa2pe
2444 2184 2604 2245 enim
2626 2183 2799 2246 multi
2831 2184 2985 2244 idem
3020 2202 3238 2245 nomen
3261 2186 3609 2247 sortiuntur.
3634 2184 3707 2245 At

2058 2273 2161 2336 ille
2178 2274 2283 2335 fuit
2307 2274 2600 2353 leprosus,
2636 2272 2739 2333 sed
2773 2273 2869 2334 hic
2896 2291 3035 2334 non.
3072 2273 3143 2335 Et
3172 2273 3271 2335 ille
3307 2273 3550 2355 quidem
3600 2291 3699 2334 sa-

2058 2371 2229 2425 natus
2259 2382 2293 2424 a
2320 2364 2488 2443 lepra
2516 2364 2573 2423 in
2598 2363 2916 2442 gratiarum
2948 2364 3241 2425 actionem
3262 2363 3482 2423 vocavit
3504 2362 3703 2424 Domi-

2055 2472 2221 2527 num,
2254 2454 2348 2515 hic
2378 2462 2575 2513 autem
2608 2470 2798 2533 neque
2828 2452 3323 2533 leprosus.neque
3353 2453 3572 2532 gratias
3599 2470 3701 2513 re-

2058 2543 2274 2605 ferens.
2309 2542 2379 2604 Et
2406 2543 2506 2604 ille
2537 2541 2773 2623 quidem
2810 2541 2954 2603 nihil
2990 2542 3135 2604 dicit
3169 2560 3181 2603 τ
3218 2543 3316 2603 hic
3362 2552 3556 2603 autem
3589 2541 3702 2603 ob-

2061 2632 2470 2703 murmuravit,
2502 2640 2559 2693 et
2589 2631 3005 2693 condemnavit
3048 2631 3107 2692 in
3165 2631 3277 2693 hoc
3323 2641 3437 2691 tam
3470 2632 3699 2703 Iesum,

2058 2740 2237 2799 quam
2300 2721 2659 2783 mulierem:
2698 2722 2851 2782 hanc
2904 2731 2964 2781 ut
3025 2720 3612 2802 peccatricem,illum
3636 2729 3700 2781 ut

2060 2810 2501 2873 misericordem
2517 2810 2582 2873 .0
2601 2811 3016 2890 arrogantiam!
3050 2814 3205 2872 Vere
3236 2809 3567 2872 Pharisaaus
3586 2809 3700 2870 ho-

2058 2920 2175 2963 mo.
2210 2900 2324 2963 Sed
2360 2900 2643 2963 Dominus
2702 2918 2917 2979 rogans
2973 2899 3137 2960 illum
3190 2899 3249 2959 in
3285 2897 3601 2978 parabolis,
3642 2899 3698 2959 in

2056 2990 2318 3052 medium
2346 2989 2615 3069 producit
2646 2988 2947 3049 debitores
2977 2987 3528 3067 duos,latenterque
3550 2988 3700 3048 etil-

2054 3079 2175 3140 lum
2196 3079 2524 3140 debitorem
2551 3096 2682 3139 esse
2705 3078 2986 3139 insinuat.
3016 3077 3083 3138 Et
3115 3095 3319 3157 parum
3342 3077 3578 3157 quidem
3600 3076 3702 3137 de-

315 3171 711 3251 χρεωφειλέτας
768 3163 1023 3253 παράγων
1072 3175 1145 3237 εἰς
1194 3176 1254 3231 τὸ
1286 3174 1473 3251 μέσον,
1520 3170 1822 3238 λεληθότως
1881 3163 1965 3225 καὶ

2053 3166 2197 3231 bere
2243 3166 2574 3241 videbatur,
2632 3166 2887 3227 debebat
2940 3166 3116 3245 igitur
3147 3165 3346 3246 Itaque
3400 3183 3592 3245 neque
3641 3173 3699 3227 tu

312 3249 489 3317 c1616}
521 3249 937 3341 χρεωφειλέτην⁷
978 3264 1122 3319 εἶναι
1180 3262 1347 3340 λέγει,
1396 3249 1601 3318 ἐλάττω
1643 3261 1740 3335 μὲν
1772 3279 1953 3338 χρεω-

2052 3265 2210 3337 potes
2240 3256 2383 3317 dare
2417 3257 2595 3319 etiam
2630 3257 2826 3316 minus
2849 3254 3114 3318 debitum
3141 3276 3154 3317 :
3179 3274 3294 3316 non
3320 3255 3479 3315 enim
3513 3252 3699 3315 habes

306 3363 455 3406 στετν
509 3351 783 3427 δοκοῦντα,
832 3359 1203 3432 χρεωστούντα
1249 3350 1295 3407 δ’
1350 3353 1460 3413 οὖν,
1497 3348 1625 3409 Οὔτε
1659 3357 1784 3428 γοῦν
1829 3350 1856 3404 6
1894 3347 1961 3402 τὰ

2052 3346 2483 3408 confessionem
2544 3346 2825 3426 superbia
2880 3346 3152 3425 innatus,
3207 3362 3399 3426 neque
3452 3342 3694 3405 mulier.

303 3437 512 3497 ὶλάττω
567 3448 858 3520 χρεωστῶν
910 3443 994 3511 σὺ,
1054 3440 1266 3498 δύνασαι
1324 3439 1499 3498 δοῦναι
1556 3440 1654 3506 τὴν
1713 3436 1955 3518 ὀφειλὴν,

2052 3435 2318 3518 Utrisque
2352 3435 2532 3514 igitur
2560 3435 2821 3496 remittet
2885 3439 2958 3497 Et
2984 3442 3117 3497 uter
3144 3434 3274 3514 plus
3305 3432 3688 3511 ililigetYOm-

306 3529 365 3583 οὒ
423 3530 521 3608 γὰρ
572 3529 721 3608 ἔχεις
781 3529 1163 3609 ἐξομολόγησιν
1216 3537 1284 3607 τῇ
1340 3530 1670 3609 ὑπερηφανίᾳ
1724 3527 1955 3605 κρατού-

2052 3526 2181 3587 nino
2213 3526 2308 3586 cui
2335 3525 2519 3586 multa
2546 3524 2786 3585 dimissa
2812 3532 2972 3586 sunt.
3006 3522 3075 3584 Et
3101 3542 3235 3584 cum
3268 3523 3390 3584 hinc
3426 3521 3693 3592 dixisset,

307 3638 491 3690 μενος,
546 3618 663 3674 οὔτε
731 3621 765 3687 ἡ
828 3622 983 3697 γυνή,
1047 3618 1395 3699 Ἀμφοτέροις
1472 3619 1560 3676 οὖν
1614 3619 1952 3697 ἀφεθήσεται,

2052 3610 2637 3693 obmutescerelfecit
2666 3621 3063 3690 arrogantem.

314 3707 407 3762 καὶ
464 3708 542 3773 τίς
613 3707 804 3765 πλεῖον
864 3709 1131 3787 ἀγαπήσει
1168 3727 1184 3787 ;
1222 3710 1487 3787 inim.“
1572 3711 1617 3781 ᾧ
1700 3708 1763 3763 τὰ
1843 3703 2014 3762 πολλὰ
2085 3704 2278 3786 ἆφέθη.
2359 3705 2455 3761 Καὶ
2520 3710 2681 3759 ταῦτα
2759 3704 2920 3759 εἰπὼν
2998 3703 3324 3777 ἐπιστομίζει
3394 3702 3482 3757 τὸν
3565 3700 3696 3756 αλα-

314 3796 462 3866 ζόνα,
3236 3852 3249 3861 .

389 3910 415 3941 α
468 3888 564 3945 Καὶ
620 3888 862 3966 στραφεὶς
942 3890 1073 3966 πρὸς
1141 3889 1236 3956 τὴν
1296 3902 1546 3966 γυναῖκα,
1620 3894 1697 3961 τῷ
1758 3889 1958 3962 Σίμωνι

2123 3883 2309 3943 Vens.
2346 3883 2606 3945 44-50.«
2637 3884 2706 3942 Et
2736 3898 3058 3943 conversus
3090 3878 3162 3941 ad
3190 3878 3526 3954 mulierem,
3557 3878 3702 3941 dixit

304 3973 405 4054 ἔφη
439 3990 453 4005 ⁸
520 3976 739 4040 Βλέπεις
797 3976 997 4043 ταύτην
1066 3978 1161 4045 τὴν
1217 3992 1494 4053 γυνα⁴κα;
1569 3978 1822 4045 Εἷσῆλθον
1887 3978 1960 4041 είς

2052 3967 2273 4031 Simoni
2308 3992 2321 4030 :
2364 3970 2538 4032 Vides
2564 3971 2715 4031 hanc
2749 3969 3095 4031 mulierem?
3125 3970 3340 4032 Intravi
3364 3970 3422 4029 in
3454 3969 3694 4030 domum

304 4066 401 4132 τὴν
460 4066 625 4122 οἰκίαν
682 4087 798 4125 σου.
846 4063 980 4141 ὕδωρ
1039 4066 1124 4122 ἐπὶ
1180 4068 1299 4131 τοὺς
1358 4064 1522 4130 πόδας
1570 4090 1669 4139 μου
1705 4068 1799 4122 οὒκ
1831 4064 1959 4121 ἔδωο

2052 4067 2199 4120 tuam
2237 4080 2252 4119 :
2281 4077 2490 4139 aquam
2528 4059 2780 4139 pedibus
2805 4060 2956 4120 meis
2990 4076 3106 4120 non
3135 4057 3352 4118 dedisti
3386 4078 3399 4118 :
3429 4057 3552 4117 haec
3585 4076 3695 4118 au-

304 4175 400 4217 κας
434 4172 449 4185 ’
507 4154 639 4221 αὕτη
697 4152 752 4208 δὲ
794 4168 911 4217 τοῖς
965 4152 1209 4233 δάκρυσιν
1259 4154 1433 4233 ἕϐρεξέ
1465 4178 1566 4229 μου
1596 4156 1715 4215 τοὺς
1762 4152 1950 4231 πόδας,

2052 4154 2161 4210 tem
2195 4148 2471 4228 lacrymis
2497 4149 2703 4227 rigavit
2733 4148 2918 4229 pedes
2944 4168 3133 4221 meos,
3171 4156 3230 4208 et
3261 4147 3489 4228 capillis
3516 4147 3690 4227 capi-

304 4245 390 4298 καὶ
447 4256 569 4306 ταῖς
627 4241 752 4320 θριξὶ
799 4247 896 4312 τῆς
940 4244 1172 4323 κεφαλῆς
1236 4247 1398 4309 αὖτῆς
1455 4243 1692 4319 ἑξέμαξε,
1738 4243 1956 4317 ψίλημά

2052 4236 2113 4296 ιίε
2139 4237 2229 4297 sui
2261 4236 2817 4300 extersit.Osculum
2845 4237 2989 4298 mihi
3017 4256 3133 4297 non
3162 4236 3403 4315 dedisti,
3440 4237 3564 4297 haec
3584 4255 3696 4297 au-

310 4356 400 4408 μοι
460 4337 554 4392 οὒκ
584 4332 806 4404 ἔδωκας,
869 4334 1001 4400 αὕτη
1062 4332 1115 4391 δὲ
1148 4332 1236 4413 ἀφ’
1269 4334 1333 4400 ἧς
1368 4332 1630 4406 εἰσῆλθον,
1665 4334 1725 4389 οὗ
1754 4331 1955 4388 διέλιπε

2052 4336 2157 4388 lem
2193 4344 2261 4387 ex
2295 4345 2411 4405 quo
2444 4326 2682 4407 intravi,
2720 4346 2836 4387 non
2862 4328 3115 4387 cessavit
3146 4325 3480 4387 deosculari
3513 4326 3694 4405 pedes

309 4421 670 4503 καταφιλοῦσά
726 4444 828 4498 μου
871 4424 988 4482 τοὺς
1046 4421 1231 4479 πόδας.
1308 4421 1505 4496 Ἰσὶλαίῳ
1561 4423 1661 4490 τὴν
1721 4420 1956 4501 κεφαλήν

2052 4433 2231 4476 meos.
2268 4414 2413 4477 Oleo
2444 4425 2618 4496 caput
2652 4434 2847 4476 meum
2884 4434 3000 4475 non
3036 4415 3272 4489 unxisti,
3320 4415 3446 4475 hinc
3498 4422 3692 4475 autent

308 4533 409 4585 μου
439 4513 533 4569 οὒκ
574 4510 828 4586 ἤλειψας,
875 4511 1007 4577 αὕτη
1068 4510 1121 4565 δὲ
1178 4512 1324 4589 μύρορ
1353 4510 1543 4585 metet
1574 4533 1674 4585 μου
1705 4512 1825 4573 τοὺς
1856 4510 1963 4566 πό-

2052 4512 2345 4582 unguento
2371 4504 2540 4565 unxit
2571 4503 2753 4585 pedes
2787 4506 3233 4583 meos.Propter
3263 4503 3416 4584 quod
3451 4503 3583 4563 dico
3618 4502 3697 4562 ti-

306 4600 421 4660 δας.
459 4603 533 4659 Οὗ
590 4601 752 4681 χάριν
782 4600 924 4679 λέγω
955 4622 1061 4671 σοι,
1097 4599 1365 4681 ἀφέωνται
1407 4603 1456 4656 αἱ
1511 4601 1761 4679 ἁμαρτίαι
1795 4599 1937 4665 αὖτῆ

2052 4593 2534 4657 ὺίεῐίοηιὶιίδηῐιη·
2559 4600 2798 4673 peccata
2825 4593 2953 4672 ejus
2988 4594 3192 4666 multa,
3225 4593 3501 4673 quoniam
3536 4592 3690 4653 dile-

308 4693 357 4746 αἷ
404 4688 619 4769 πολλαὶ,
687 4688 769 4746 ὅτι
819 4689 1072 4767 ἠγάπησε
1121 4688 1279 4750 πολύ.
1337 4677 1400 4770 ’ῼ
1441 4688 1495 4744 δὲ
1526 4688 1703 4766 ὀλίγον
1729 4688 1963 4768 ἀφίεται,

2052 4682 2131 4744 xit
2155 4682 2420 4746 multum.
2449 4682 2553 4744 Cui
2574 4692 2771 4745 autem
2810 4682 3007 4743 minus
3044 4682 3388 4757 remittitur,
3418 4683 3466 4743 is
3498 4681 3693 4743 minus

304 4777 483 4857 ὀλίγον
542 4768 743 4856 ἀγαπᾷ.
780 4781 918 4835 Εῖπε
974 4776 1025 4833 δὲ
1065 4780 1215 4853 αὖτῇ³
1252 4768 1549 4859 Ἀφέωνταί
1577 4801 1669 4834 σου
1700 4781 1751 4833 αἱ
1783 4779 1964 4853 ἁμαρ-

2052 4770 2634 4850 ιὶίΙὶςιιᾞίχίιίιυιοη]
2664 4770 2734 4833 ad
2755 4770 2913 4831 illam
2940 4792 2953 4833 :
2980 4768 3383 4832 Remittantur
3412 4770 3515 4832 tibi
3548 4789 3692 4851 pec-

304 4867 431 4930 τίαι,
497 4870 595 4925 Καὶ
650 4866 874 4944 ἤρξαντο
917 4868 964 4922 οἱ
1022 4869 1450 4941 συνανακείμενοι
1505 4866 1680 4945 λέγειν
1722 4869 1777 4922 ἓν
1832 4867 1965 4921 ἑαυ-

2052 4869 2197 4922 cata.
2234 4863 2304 4922 Et
2324 4868 2633 4942 creperum
2678 4860 2776 4941 qui
2827 4860 3003 4922 simul
3063 4859 3515 4936 accumbebant,
3552 4861 3692 4920 522

304 4970 418 5021 τοῖς
456 4975 472 4992 ⁹
519 4959 607 5020 Τίς
639 4958 791 5021 οὗτός
821 4956 965 5012 ἐστιν
1021 4958 1075 5037 ὃς
1108 4958 1195 5011 καὶ
1229 4957 1488 5035 ἁμαρτίας
1521 4957 1737 5037 ἀφίησιν
1771 4976 1786 5037 ς
1828 4956 1965 5012 Εἶπε

2052 4948 2252 5009 dicere
2273 4948 2427 5010 intra
2456 4970 2519 5012 se
2556 4971 2568 5012 :
2605 4949 2747 5022 Quis
2793 4956 2881 5010 est
2928 4948 3047 5022 hic,
3084 4949 3187 5027 qui
3238 4951 3411 5037 etiam
3457 4958 3694 5030 peccata

303 5043 358 5101 δὲ
408 5048 541 5125 πρὸς
584 5048 685 5113 τὴν
728 5058 960 5124 γυναῖκα
991 5063 1009 5080 ⁸
1046 5036 1107 5101 Ἠ
1152 5046 1325 5110 πίστις
1370 5067 1464 5102 σου
1496 5036 1699 5102 σέσωκέ
1750 5066 1838 5116 σε,
1876 5063 1946 5101 πο

2052 5037 2330 5099 remittit?
2358 5037 2513 5098 Dixit
2540 5046 2733 5099 autem
2765 5036 2837 5099 ad
2874 5037 3211 5099 mulierem:
3242 5036 3419 5099 Fides
3451 5046 3547 5099 tua
3567 5039 3690 5100 sal—

307 5136 460 5212 ρεύου
503 5138 577 5200 εἰς
649 5137 886 5213 εἰρήνην.
960 5135 1196 5191 Δείκνυσι
1252 5136 1343 5190 τὸν
1399 5134 1615 5210 Σίμωνα
1675 5136 1702 5189 6
1768 5134 1965 5213 Κύριος

2054 5144 2183 5185 vam
2220 5134 2275 5187 te
2303 5125 2456 5201 fecit,
2486 5129 2628 5188 vade
2659 5126 2718 5187 in
2752 5144 2961 5206 pace.»
2990 5126 3260 5191 Ostendit
3286 5126 3571 5188 Dominus
3592 5126 3691 5189 Sic-

306 5203 393 5281 καὶ
449 5203 706 5297 ἀλαζόνα.
732 5203 820 5280 καὶ
874 5223 1123 5291 ἀνόητον.
1190 5203 1611 5299 Ἀλαζόνανμὲν,
1660 5221 1713 5278 εἴ
1757 5203 1852 5300 γε·
1891 5203 1965 5277 ἐπἲ

2058 5233 2293 5275 monem
2320 5222 2377 5276 et
2394 5203 2767 5295 arrogantem
2790 5224 2843 5276 et
2876 5215 3255 5296 insipientem
3291 5216 3690 5278 fuisse.Arro-

302 5326 420 5377 τοῖς
467 5315 815 5393 ἁμαρτήμασι
856 5314 955 5380 τὴν
1025 5313 1297 5391 ἄνθρωπον
1351 5312 1680 5391 κατέκρινεν,
1743 5309 1836 5366 ἄνθ
1862 5332 1965 5389 ρω-

2054 5312 2284 5381 gantem
2318 5303 2553 5385 quidem
2577 5322 2645 5367 ac
2675 5304 3190 5393 contumeliosum,
3215 5305 3690 5386 quandoquidem

301 5425 400 5467 πος
430 5404 504 5459 ὢν
559 5392 649 5460 καὶ
679 5403 861 5466 αὒτός.
921 5400 1176 5469 Ἀνόητον
1206 5401 1281 5475 δὲ,
1316 5403 1435 5481 εἴγε
1479 5402 1538 5460 οὗ
1583 5397 1819 5457 συνεῖδεν
1885 5398 1965 5456 ὅτι

2052 5394 2221 5455 etiam
2246 5393 2374 5474 ipse
2392 5394 2569 5455 homo
2590 5392 3213 5468 exsistens,hominem
3233 5403 3473 5474 propter
3484 5411 3691 5472 pecca-

298 5498 529 5548 τοσαῦτα
577 5494 881 5563 ποιήσασαν
957 5492 1055 5561 τὴν
1129 5505 1358 5569 γυναῖκα
1422 5493 1650 5554 πίστεως
1710 5486 1962 5563 σύμϐολα

2052 5490 2101 5544 ta
2117 5481 2973 5562 condemnabat.lnsipientem
2992 5482 3447 5564 vero,siquidem
3474 5502 3591 5545 non
3605 5485 3691 5545 in-

296 5582 386 5640 καὶ
441 5581 687 5662 ἀγάπης,
744 5579 850 5638 ἔδει
898 5579 1310 5661 παραδέξασθαι,
1369 5582 1492 5640 ἀλλ’
1550 5580 1644 5638 οὒκ
1701 5576 1959 5654 ἀποπέμ-

2052 5575 2519 5657 tellexerit,quod
2540 5575 2846 5638 mulierem
2873 5593 3002 5661 quae
3024 5583 3198 5638 tantae
3215 5574 3352 5638 fidei
3372 5576 3689 5639 etcharita-

302 5658 523 5745 ψασθαι.
576 5658 682 5727 Διό
729 5672 818 5727 καὶ
858 5658 1078 5751 ὶλέγχει
1122 5671 1279 5731 αὐτὸν
1336 5672 1364 5729 ὀ
1420 5671 1631 5751 Κύριος,
1675 5669 1747 5731 ὡς
1782 5667 1957 5744 μάτην

2052 5667 2114 5729 lis
2139 5665 2307 5747 signa
2338 5658 3045 5748 pmtitisset,oporteret
3074 5665 3400 5748 suscipere,
3432 5683 3553 5729 non
3581 5683 3686 5728 ro-
