  <div class='ocr_page' id='page_1' title='image "/cluster/home/n/w/nwhite01/storage/ocr_20150623/123/mdp.39015009359079/406.png"; bbox 0 0 4132 6298; ppageno 0'>
   <div class='ocr_carea' id='block_1_1' title="bbox 302 346 3727 424">
    <p class='ocr_par' dir='ltr' id='par_1_1' title="bbox 302 346 3727 424">
     <span class='ocr_line' id='line_1_1' title="bbox 302 346 3727 424; baseline -0.002 -8"><span class='ocrx_word' id='word_1_1' title='bbox 302 354 459 424; x_wconf 81' lang='lat'>797</span> <span class='ocrx_word' id='word_1_2' title='bbox 1070 360 1513 423; x_wconf 79' lang='lat' dir='ltr'><strong>ENABBATIO</strong></span> <span class='ocrx_word' id='word_1_3' title='bbox 1557 361 1638 422; x_wconf 87' lang='lat' dir='ltr'><strong>IN</strong></span> <span class='ocrx_word' id='word_1_4' title='bbox 1686 357 2189 421; x_wconf 80' lang='lat' dir='ltr'><strong>EVANGELIUM</strong></span> <span class='ocrx_word' id='word_1_5' title='bbox 2238 359 2472 419; x_wconf 60' lang='lat' dir='ltr'><strong>LlTCfE.</strong></span> <span class='ocrx_word' id='word_1_6' title='bbox 2514 393 2591 402; x_wconf 94' lang='lat'><strong>—</strong></span> <span class='ocrx_word' id='word_1_7' title='bbox 2636 357 2799 420; x_wconf 77' lang='lat' dir='ltr'><strong>CAP.</strong></span> <span class='ocrx_word' id='word_1_8' title='bbox 2848 353 3007 420; x_wconf 80' lang='lat' dir='ltr'><strong>VIII.</strong></span> <span class='ocrx_word' id='word_1_9' title='bbox 3606 346 3727 411; x_wconf 87' lang='lat'><strong>798</strong></span> 
     </span>
    </p>
   </div>
   <div class='ocr_carea' id='block_1_2' title="bbox 315 475 1987 576">
    <p class='ocr_par' dir='ltr' id='par_1_2' title="bbox 315 475 1987 576">
     <span class='ocr_line' id='line_1_2' title="bbox 315 475 1987 516; baseline -0.005 -9"><span class='ocrx_word' id='word_1_10' title='bbox 315 475 386 507; x_wconf 56' lang='grc' dir='ltr'><strong>επ</strong></span> <span class='ocrx_word' id='word_1_11' title='bbox 502 498 515 515; x_wconf 64' lang='grc'><strong>,</strong></span> <span class='ocrx_word' id='word_1_12' title='bbox 646 500 659 516; x_wconf 81' lang='grc'><strong>,</strong></span> <span class='ocrx_word' id='word_1_13' title='bbox 810 496 833 515; x_wconf 55' lang='grc' dir='ltr'><strong>κ</strong></span> <span class='ocrx_word' id='word_1_14' title='bbox 1013 500 1039 512; x_wconf 52' lang='grc' dir='ltr'><em>η</em></span> <span class='ocrx_word' id='word_1_15' title='bbox 1141 494 1153 513; x_wconf 52' lang='grc' dir='ltr'><strong>η</strong></span> <span class='ocrx_word' id='word_1_16' title='bbox 1665 494 1677 510; x_wconf 67' lang='grc'><strong>,</strong></span> <span class='ocrx_word' id='word_1_17' title='bbox 1784 500 1803 509; x_wconf 52' lang='grc' dir='ltr'><strong>ν</strong></span> <span class='ocrx_word' id='word_1_18' title='bbox 1986 490 1987 499; x_wconf 55' lang='grc' dir='ltr'><strong>η</strong></span> 
     </span>
     <span class='ocr_line' id='line_1_3' title="bbox 386 492 1982 576; baseline -0.005 -22"><span class='ocrx_word' id='word_1_19' title='bbox 386 506 426 554; x_wconf 81' lang='grc' dir='ltr'><strong>Α</strong></span> <span class='ocrx_word' id='word_1_20' title='bbox 459 519 560 575; x_wconf 85' lang='grc' dir='ltr'>γαρ</span> <span class='ocrx_word' id='word_1_21' title='bbox 611 520 703 554; x_wconf 83' lang='grc' dir='ltr'><strong>ουκ</strong></span> <span class='ocrx_word' id='word_1_22' title='bbox 746 498 917 576; x_wconf 81' lang='grc' dir='ltr'>εῐοον,</span> <span class='ocrx_word' id='word_1_23' title='bbox 963 518 1077 560; x_wconf 90' lang='grc' dir='ltr'><strong>πως</strong></span> <span class='ocrx_word' id='word_1_24' title='bbox 1122 497 1184 551; x_wconf 81' lang='grc' dir='ltr'><strong>ἀν</strong></span> <span class='ocrx_word' id='word_1_25' title='bbox 1229 492 1481 573; x_wconf 69' lang='grc' dir='ltr'>ἐκήρυξαν</span> <span class='ocrx_word' id='word_1_26' title='bbox 1515 510 1531 568; x_wconf 86' lang='grc'>;</span> <span class='ocrx_word' id='word_1_27' title='bbox 1595 504 1692 550; x_wconf 88' lang='grc' dir='ltr'><strong>Δια</strong></span> <span class='ocrx_word' id='word_1_28' title='bbox 1720 514 1871 549; x_wconf 88' lang='grc' dir='ltr'>τουτο</span> <span class='ocrx_word' id='word_1_29' title='bbox 1914 513 1982 546; x_wconf 87' lang='grc' dir='ltr'><strong>κα</strong></span> 
     </span>
    </p>
   </div>
   <div class='ocr_carea' id='block_1_3' title="bbox 2073 475 3722 576">
    <p class='ocr_par' dir='ltr' id='par_1_3' title="bbox 2085 489 3722 576">
     <span class='ocr_line' id='line_1_4' title="bbox 2085 489 3722 576; baseline -0.003 -27"><span class='ocrx_word' id='word_1_30' title='bbox 2085 507 2200 569; x_wconf 92' lang='lat' dir='ltr'><strong>quo</strong></span> <span class='ocrx_word' id='word_1_31' title='bbox 2236 497 2402 569; x_wconf 83' lang='lat' dir='ltr'><strong>pacto</strong></span> <span class='ocrx_word' id='word_1_32' title='bbox 2436 489 2858 570; x_wconf 82' lang='lat' dir='ltr'><strong>praedicassent</strong></span> <span class='ocrx_word' id='word_1_33' title='bbox 2882 489 2908 550; x_wconf 87' lang='lat'><strong><em>?</em></strong></span> <span class='ocrx_word' id='word_1_34' title='bbox 2936 492 3257 571; x_wconf 84' lang='lat' dir='ltr'><strong>Propterea</strong></span> <span class='ocrx_word' id='word_1_35' title='bbox 3286 494 3344 551; x_wconf 91' lang='lat' dir='ltr'><strong>et</strong></span> <span class='ocrx_word' id='word_1_36' title='bbox 3382 490 3722 576; x_wconf 64' lang='lat' dir='ltr'><strong>Praecursor</strong></span> 
     </span>
    </p>
   </div>
   <div class='ocr_carea' id='block_1_4' title="bbox 314 575 1987 666">
    <p class='ocr_par' dir='ltr' id='par_1_4' title="bbox 314 575 1987 666">
     <span class='ocr_line' id='line_1_5' title="bbox 314 575 1987 666; baseline -0.003 -25"><span class='ocrx_word' id='word_1_37' title='bbox 314 587 367 641; x_wconf 80' lang='grc' dir='ltr'>ὁ</span> <span class='ocrx_word' id='word_1_38' title='bbox 404 584 707 666; x_wconf 87' lang='grc' dir='ltr'>Πρόδρομος</span> <span class='ocrx_word' id='word_1_39' title='bbox 741 575 941 663; x_wconf 74' lang='grc' dir='ltr'>ἔλεγεν·</span> <span class='ocrx_word' id='word_1_40' title='bbox 984 576 1041 643; x_wconf 66' lang='grc' dir='ltr'><strong>Ὀ</strong></span> <span class='ocrx_word' id='word_1_41' title='bbox 1072 586 1146 641; x_wconf 84' lang='grc' dir='ltr'>ὢν</span> <span class='ocrx_word' id='word_1_42' title='bbox 1178 583 1238 641; x_wconf 78' lang='grc' dir='ltr'>ἐκ</span> <span class='ocrx_word' id='word_1_43' title='bbox 1266 590 1364 650; x_wconf 78' lang='grc' dir='ltr'>τῆς</span> <span class='ocrx_word' id='word_1_44' title='bbox 1397 585 1521 662; x_wconf 79' lang='grc' dir='ltr'>γῆς,</span> <span class='ocrx_word' id='word_1_45' title='bbox 1555 582 1616 639; x_wconf 79' lang='grc' dir='ltr'>ἐκ</span> <span class='ocrx_word' id='word_1_46' title='bbox 1636 583 1730 650; x_wconf 73' lang='grc' dir='ltr'>τῆς</span> <span class='ocrx_word' id='word_1_47' title='bbox 1759 583 1861 660; x_wconf 73' lang='grc' dir='ltr'><strong>γῆς</strong></span> <span class='ocrx_word' id='word_1_48' title='bbox 1893 579 1987 636; x_wconf 85' lang='grc' dir='ltr'>λα-</span> 
     </span>
    </p>
   </div>
   <div class='ocr_carea' id='block_1_5' title="bbox 2073 575 3719 666">
    <p class='ocr_par' dir='ltr' id='par_1_5' title="bbox 2081 575 3719 660">
     <span class='ocr_line' id='line_1_6' title="bbox 2081 575 3719 660; baseline -0.002 -22"><span class='ocrx_word' id='word_1_49' title='bbox 2081 577 2349 641; x_wconf 87' lang='lat' dir='ltr'><strong>dicebat:</strong></span> <span class='ocrx_word' id='word_1_50' title='bbox 2379 579 2584 652; x_wconf 87' lang='lat' dir='ltr'><strong>Quide</strong></span> <span class='ocrx_word' id='word_1_51' title='bbox 2609 588 2765 641; x_wconf 89' lang='lat' dir='ltr'><strong>terra</strong></span> <span class='ocrx_word' id='word_1_52' title='bbox 2785 578 2980 656; x_wconf 88' lang='lat' dir='ltr'><strong>est,de</strong></span> <span class='ocrx_word' id='word_1_53' title='bbox 3030 587 3189 641; x_wconf 89' lang='lat' dir='ltr'><strong>terra</strong></span> <span class='ocrx_word' id='word_1_54' title='bbox 3216 577 3479 660; x_wconf 82' lang='lat' dir='ltr'><strong>loquitur</strong></span> <span class='ocrx_word' id='word_1_55' title='bbox 3510 596 3524 637; x_wconf 93' lang='lat'><strong>:</strong></span> <span class='ocrx_word' id='word_1_56' title='bbox 3556 575 3657 656; x_wconf 92' lang='lat' dir='ltr'><strong>qui</strong></span> <span class='ocrx_word' id='word_1_57' title='bbox 3688 592 3719 635; x_wconf 91' lang='lat' dir='ltr'><strong>e</strong></span> 
     </span>
    </p>
   </div>
   <div class='ocr_carea' id='block_1_6' title="bbox 318 665 1987 754">
    <p class='ocr_par' dir='ltr' id='par_1_6' title="bbox 318 665 1987 754">
     <span class='ocr_line' id='line_1_7' title="bbox 318 665 1987 754; baseline -0.003 -24"><span class='ocrx_word' id='word_1_58' title='bbox 318 671 454 737; x_wconf 76' lang='grc' dir='ltr'>λετ.</span> <span class='ocrx_word' id='word_1_59' title='bbox 489 665 553 733; x_wconf 11' lang='grc'><strong>’07</strong></span> <span class='ocrx_word' id='word_1_60' title='bbox 577 673 631 731; x_wconf 81' lang='grc' dir='ltr'>δὲ</span> <span class='ocrx_word' id='word_1_61' title='bbox 654 674 849 733; x_wconf 73' lang='grc' dir='ltr'>ἄνωθεν</span> <span class='ocrx_word' id='word_1_62' title='bbox 879 672 1194 754; x_wconf 78' lang='grc' dir='ltr'><strong>ἐρχόμενος,</strong></span> <span class='ocrx_word' id='word_1_63' title='bbox 1228 673 1255 727; x_wconf 82' lang='grc' dir='ltr'>ὃ</span> <span class='ocrx_word' id='word_1_64' title='bbox 1285 673 1486 750; x_wconf 80' lang='grc' dir='ltr'>ἑώρακε</span> <span class='ocrx_word' id='word_1_65' title='bbox 1518 684 1794 750; x_wconf 83' lang='grc' dir='ltr'>μαρτυρεῖ.</span> <span class='ocrx_word' id='word_1_66' title='bbox 1832 668 1987 728; x_wconf 89' lang='grc' dir='ltr'>Ἠκο-</span> 
     </span>
    </p>
   </div>
   <div class='ocr_carea' id='block_1_7' title="bbox 2073 665 3721 754">
    <p class='ocr_par' dir='ltr' id='par_1_7' title="bbox 2080 668 3721 749">
     <span class='ocr_line' id='line_1_8' title="bbox 2080 668 3721 749; baseline -0.004 -20"><span class='ocrx_word' id='word_1_67' title='bbox 2080 668 2357 748; x_wconf 90' lang='lat' dir='ltr'><strong>supernis</strong></span> <span class='ocrx_word' id='word_1_68' title='bbox 2384 668 2564 749; x_wconf 90' lang='lat' dir='ltr'><strong>venit,</strong></span> <span class='ocrx_word' id='word_1_69' title='bbox 2604 668 2719 749; x_wconf 90' lang='lat' dir='ltr'><strong>qod</strong></span> <span class='ocrx_word' id='word_1_70' title='bbox 2753 670 2896 729; x_wconf 89' lang='lat' dir='ltr'><strong>vidit</strong></span> <span class='ocrx_word' id='word_1_71' title='bbox 2945 677 3211 733; x_wconf 75' lang='lat' dir='ltr'><strong>testatur.</strong></span> <span class='ocrx_word' id='word_1_72' title='bbox 3264 671 3493 730; x_wconf 69' lang='lat' dir='ltr'><strong>Secuta:</strong></span> <span class='ocrx_word' id='word_1_73' title='bbox 3523 673 3721 727; x_wconf 85' lang='lat' dir='ltr'><strong>autem</strong></span> 
     </span>
    </p>
   </div>
   <div class='ocr_carea' id='block_1_8' title="bbox 320 754 1987 839">
    <p class='ocr_par' dir='ltr' id='par_1_8' title="bbox 320 757 1987 839">
     <span class='ocr_line' id='line_1_9' title="bbox 422 759 1986 784; baseline -0.004 -1"><span class='ocrx_word' id='word_1_74' title='bbox 422 764 435 784; x_wconf 81' lang='grc' dir='ltr'><strong><em>Ι</em></strong></span> <span class='ocrx_word' id='word_1_75' title='bbox 620 764 635 781; x_wconf 60' lang='grc' dir='ltr'>κ</span> <span class='ocrx_word' id='word_1_76' title='bbox 792 768 819 778; x_wconf 84' lang='grc'><strong>..</strong></span> <span class='ocrx_word' id='word_1_77' title='bbox 953 764 968 783; x_wconf 62' lang='grc' dir='ltr'><strong>κ</strong></span> <span class='ocrx_word' id='word_1_78' title='bbox 1359 760 1383 783; x_wconf 68' lang='grc' dir='ltr'>,υ</span> <span class='ocrx_word' id='word_1_79' title='bbox 1550 760 1559 777; x_wconf 76' lang='grc' dir='ltr'><strong>ι</strong></span> <span class='ocrx_word' id='word_1_80' title='bbox 1775 762 1787 781; x_wconf 83' lang='grc'><em>.</em></span> <span class='ocrx_word' id='word_1_81' title='bbox 1914 759 1927 779; x_wconf 80' lang='grc'>,</span> <span class='ocrx_word' id='word_1_82' title='bbox 1972 760 1986 777; x_wconf 63' lang='grc' dir='ltr'><strong>κ</strong></span> 
     </span>
     <span class='ocr_line' id='line_1_10' title="bbox 320 757 1987 839; baseline -0.004 -20"><span class='ocrx_word' id='word_1_83' title='bbox 320 760 560 820; x_wconf 81' lang='grc' dir='ltr'>λουθουν</span> <span class='ocrx_word' id='word_1_84' title='bbox 589 762 643 819; x_wconf 84' lang='grc' dir='ltr'><strong>δε</strong></span> <span class='ocrx_word' id='word_1_85' title='bbox 686 767 829 836; x_wconf 77' lang='grc' dir='ltr'>αὒτῳ</span> <span class='ocrx_word' id='word_1_86' title='bbox 884 785 971 819; x_wconf 87' lang='grc' dir='ltr'><strong>και</strong></span> <span class='ocrx_word' id='word_1_87' title='bbox 1027 774 1300 839; x_wconf 86' lang='grc' dir='ltr'>γυναῖκες,</span> <span class='ocrx_word' id='word_1_88' title='bbox 1368 784 1451 816; x_wconf 86' lang='grc' dir='ltr'><strong>ινα</strong></span> <span class='ocrx_word' id='word_1_89' title='bbox 1484 763 1733 836; x_wconf 86' lang='grc' dir='ltr'>μαθωμεν</span> <span class='ocrx_word' id='word_1_90' title='bbox 1763 782 1833 822; x_wconf 90' lang='grc' dir='ltr'><strong>ως</strong></span> <span class='ocrx_word' id='word_1_91' title='bbox 1880 757 1987 815; x_wconf 78' lang='grc' dir='ltr'>ουδε</span> 
     </span>
    </p>
   </div>
   <div class='ocr_carea' id='block_1_9' title="bbox 2073 754 3720 839">
    <p class='ocr_par' dir='ltr' id='par_1_9' title="bbox 2079 754 3720 839">
     <span class='ocr_line' id='line_1_11' title="bbox 2079 754 3720 839; baseline -0.002 -22"><span class='ocrx_word' id='word_1_92' title='bbox 2079 765 2214 818; x_wconf 86' lang='lat' dir='ltr'><strong>sunt</strong></span> <span class='ocrx_word' id='word_1_93' title='bbox 2243 776 2378 818; x_wconf 91' lang='lat' dir='ltr'><strong>eum</strong></span> <span class='ocrx_word' id='word_1_94' title='bbox 2414 758 2723 835; x_wconf 86' lang='lat' dir='ltr'><strong>mulieres,</strong></span> <span class='ocrx_word' id='word_1_95' title='bbox 2758 759 3035 821; x_wconf 89' lang='lat' dir='ltr'><strong>utdiscas</strong></span> <span class='ocrx_word' id='word_1_96' title='bbox 3056 759 3213 839; x_wconf 89' lang='lat' dir='ltr'><strong>quod</strong></span> <span class='ocrx_word' id='word_1_97' title='bbox 3242 776 3436 838; x_wconf 88' lang='lat' dir='ltr'><strong>neque</strong></span> <span class='ocrx_word' id='word_1_98' title='bbox 3468 754 3720 817; x_wconf 79' lang='lat' dir='ltr'><strong>feminas</strong></span> 
     </span>
    </p>
   </div>
   <div class='ocr_carea' id='block_1_10' title="bbox 320 842 1987 929">
    <p class='ocr_par' dir='ltr' id='par_1_10' title="bbox 320 850 1987 927">
     <span class='ocr_line' id='line_1_12' title="bbox 320 850 1987 927; baseline -0.002 -19"><span class='ocrx_word' id='word_1_99' title='bbox 320 853 405 909; x_wconf 75' lang='grc' dir='ltr'><strong>τὸ</strong></span> <span class='ocrx_word' id='word_1_100' title='bbox 424 852 556 920; x_wconf 75' lang='grc' dir='ltr'>θῆλυ</span> <span class='ocrx_word' id='word_1_101' title='bbox 583 851 840 909; x_wconf 82' lang='grc' dir='ltr'>κωλύεται</span> <span class='ocrx_word' id='word_1_102' title='bbox 867 853 968 908; x_wconf 76' lang='grc' dir='ltr'><strong>ὑπὸ</strong></span> <span class='ocrx_word' id='word_1_103' title='bbox 999 856 1096 917; x_wconf 80' lang='grc' dir='ltr'>τῆς</span> <span class='ocrx_word' id='word_1_104' title='bbox 1132 851 1398 915; x_wconf 74' lang='grc' dir='ltr'><strong>ἀσθενείας</strong></span> <span class='ocrx_word' id='word_1_105' title='bbox 1430 850 1739 906; x_wconf 74' lang='grc' dir='ltr'><strong>ἀκολουθεῖν</strong></span> <span class='ocrx_word' id='word_1_106' title='bbox 1770 856 1846 923; x_wconf 84' lang='grc' dir='ltr'>τῷ</span> <span class='ocrx_word' id='word_1_107' title='bbox 1874 857 1987 927; x_wconf 84' lang='grc' dir='ltr'>Χρι-</span> 
     </span>
    </p>
   </div>
   <div class='ocr_carea' id='block_1_11' title="bbox 2073 842 3720 929">
    <p class='ocr_par' dir='ltr' id='par_1_11' title="bbox 2079 842 3720 929">
     <span class='ocr_line' id='line_1_13' title="bbox 2079 842 3720 929; baseline -0.003 -22"><span class='ocrx_word' id='word_1_108' title='bbox 2079 864 2185 908; x_wconf 89' lang='lat' dir='ltr'><strong>sua</strong></span> <span class='ocrx_word' id='word_1_109' title='bbox 2214 846 2527 927; x_wconf 85' lang='lat' dir='ltr'><strong>inﬁrmitas</strong></span> <span class='ocrx_word' id='word_1_110' title='bbox 2558 866 2591 908; x_wconf 90' lang='lat' dir='ltr'><strong>a</strong></span> <span class='ocrx_word' id='word_1_111' title='bbox 2620 848 2905 909; x_wconf 86' lang='lat' dir='ltr'><strong>comitatu</strong></span> <span class='ocrx_word' id='word_1_112' title='bbox 2957 848 3175 912; x_wconf 85' lang='lat' dir='ltr'><strong>Christi</strong></span> <span class='ocrx_word' id='word_1_113' title='bbox 3209 846 3537 929; x_wconf 84' lang='lat' dir='ltr'><strong>prohibeat.</strong></span> <span class='ocrx_word' id='word_1_114' title='bbox 3571 842 3720 905; x_wconf 82' lang='lat' dir='ltr'><strong>Vide</strong></span> 
     </span>
    </p>
   </div>
   <div class='ocr_carea' id='block_1_12' title="bbox 328 933 1987 1019">
    <p class='ocr_par' dir='ltr' id='par_1_12' title="bbox 328 937 1987 1019">
     <span class='ocr_line' id='line_1_14' title="bbox 328 937 1987 1019; baseline -0.003 -21"><span class='ocrx_word' id='word_1_115' title='bbox 328 952 471 1015; x_wconf 77' lang='grc' dir='ltr'><strong>στῴ,</strong></span> <span class='ocrx_word' id='word_1_116' title='bbox 512 942 649 1019; x_wconf 76' lang='grc' dir='ltr'>’Ὅρα</span> <span class='ocrx_word' id='word_1_117' title='bbox 678 939 733 997; x_wconf 76' lang='grc' dir='ltr'><strong>δὲ</strong></span> <span class='ocrx_word' id='word_1_118' title='bbox 762 947 878 1003; x_wconf 82' lang='grc' dir='ltr'>πῶς</span> <span class='ocrx_word' id='word_1_119' title='bbox 910 942 997 998; x_wconf 62' lang='grc' dir='ltr'>καὶ</span> <span class='ocrx_word' id='word_1_120' title='bbox 1026 940 1273 996; x_wconf 92' lang='grc' dir='ltr'>πλούσιαι</span> <span class='ocrx_word' id='word_1_121' title='bbox 1304 942 1449 995; x_wconf 74' lang='grc' dir='ltr'>οὖσαι</span> <span class='ocrx_word' id='word_1_122' title='bbox 1475 937 1623 1012; x_wconf 79' lang='grc' dir='ltr'>ὅμως</span> <span class='ocrx_word' id='word_1_123' title='bbox 1652 939 1825 995; x_wconf 84' lang='grc' dir='ltr'>πάντα</span> <span class='ocrx_word' id='word_1_124' title='bbox 1856 960 1987 1016; x_wconf 87' lang='grc' dir='ltr'>παρ-</span> 
     </span>
    </p>
   </div>
   <div class='ocr_carea' id='block_1_13' title="bbox 2073 933 3717 1019">
    <p class='ocr_par' dir='ltr' id='par_1_13' title="bbox 2079 933 3717 1017">
     <span class='ocr_line' id='line_1_15' title="bbox 2079 933 3717 1017; baseline 0.001 -23"><span class='ocrx_word' id='word_1_125' title='bbox 2079 933 2221 996; x_wconf 75' lang='lat' dir='ltr'><strong>item</strong></span> <span class='ocrx_word' id='word_1_126' title='bbox 2250 940 2549 1017; x_wconf 87' lang='lat' dir='ltr'><strong>quomodo</strong></span> <span class='ocrx_word' id='word_1_127' title='bbox 2583 945 2641 998; x_wconf 91' lang='lat' dir='ltr'><strong>et</strong></span> <span class='ocrx_word' id='word_1_128' title='bbox 2670 956 2801 1016; x_wconf 62' lang='lat' dir='ltr'><strong>quae</strong></span> <span class='ocrx_word' id='word_1_129' title='bbox 2832 937 3045 1000; x_wconf 87' lang='lat' dir='ltr'><strong>divites</strong></span> <span class='ocrx_word' id='word_1_130' title='bbox 3080 948 3268 1016; x_wconf 87' lang='lat' dir='ltr'><strong>erant,</strong></span> <span class='ocrx_word' id='word_1_131' title='bbox 3301 935 3577 998; x_wconf 89' lang='lat' dir='ltr'><strong>omnibus</strong></span> <span class='ocrx_word' id='word_1_132' title='bbox 3607 950 3717 996; x_wconf 88' lang='lat' dir='ltr'><strong>ne-</strong></span> 
     </span>
    </p>
   </div>
   <div class='ocr_carea' id='block_1_14' title="bbox 329 1024 1987 1111">
    <p class='ocr_par' dir='ltr' id='par_1_14' title="bbox 329 1029 1987 1111">
     <span class='ocr_line' id='line_1_16' title="bbox 329 1029 1987 1111; baseline -0.002 -26"><span class='ocrx_word' id='word_1_133' title='bbox 329 1029 512 1111; x_wconf 72' lang='grc' dir='ltr'>εἶδον,</span> <span class='ocrx_word' id='word_1_134' title='bbox 558 1032 646 1087; x_wconf 87' lang='grc' dir='ltr'><strong>καὶ</strong></span> <span class='ocrx_word' id='word_1_135' title='bbox 688 1030 787 1097; x_wconf 78' lang='grc' dir='ltr'>τὴν</span> <span class='ocrx_word' id='word_1_136' title='bbox 831 1029 915 1087; x_wconf 80' lang='grc' dir='ltr'>διὰ</span> <span class='ocrx_word' id='word_1_137' title='bbox 958 1030 1183 1107; x_wconf 79' lang='grc' dir='ltr'>Χριστὸν</span> <span class='ocrx_word' id='word_1_138' title='bbox 1224 1030 1313 1085; x_wconf 86' lang='grc' dir='ltr'><strong>καὶ</strong></span> <span class='ocrx_word' id='word_1_139' title='bbox 1378 1029 1512 1103; x_wconf 83' lang='grc' dir='ltr'><strong>μετά</strong></span> <span class='ocrx_word' id='word_1_140' title='bbox 1574 1030 1798 1105; x_wconf 75' lang='grc' dir='ltr'>Χριστοῦ</span> <span class='ocrx_word' id='word_1_141' title='bbox 1843 1049 1987 1083; x_wconf 88' lang='grc' dir='ltr'>πτω-</span> 
     </span>
    </p>
   </div>
   <div class='ocr_carea' id='block_1_15' title="bbox 2073 1024 3719 1111">
    <p class='ocr_par' dir='ltr' id='par_1_15' title="bbox 2079 1024 3719 1108">
     <span class='ocr_line' id='line_1_17' title="bbox 2079 1024 3719 1108; baseline -0.002 -23"><span class='ocrx_word' id='word_1_142' title='bbox 2079 1024 2288 1102; x_wconf 85' lang='lat' dir='ltr'><strong>glectis</strong></span> <span class='ocrx_word' id='word_1_143' title='bbox 2339 1033 2749 1106; x_wconf 83' lang='lat' dir='ltr'><strong>paupertatem</strong></span> <span class='ocrx_word' id='word_1_144' title='bbox 2809 1046 2941 1089; x_wconf 90' lang='lat' dir='ltr'><strong>cum</strong></span> <span class='ocrx_word' id='word_1_145' title='bbox 2975 1027 3208 1090; x_wconf 84' lang='lat' dir='ltr'><strong>Christo</strong></span> <span class='ocrx_word' id='word_1_146' title='bbox 3263 1036 3320 1089; x_wconf 90' lang='lat' dir='ltr'><strong>et</strong></span> <span class='ocrx_word' id='word_1_147' title='bbox 3350 1045 3454 1108; x_wconf 91' lang='lat' dir='ltr'><strong>pro</strong></span> <span class='ocrx_word' id='word_1_148' title='bbox 3486 1024 3719 1088; x_wconf 88' lang='lat' dir='ltr'><strong>Christo</strong></span> 
     </span>
    </p>
   </div>
   <div class='ocr_carea' id='block_1_16' title="bbox 336 1107 1987 1198">
    <p class='ocr_par' dir='ltr' id='par_1_16' title="bbox 336 1107 1987 1198">
     <span class='ocr_line' id='line_1_18' title="bbox 336 1107 1987 1198; baseline -0.004 -23"><span class='ocrx_word' id='word_1_149' title='bbox 336 1120 499 1198; x_wconf 71' lang='grc' dir='ltr'>χείαν</span> <span class='ocrx_word' id='word_1_150' title='bbox 532 1119 766 1182; x_wconf 74' lang='grc' dir='ltr'>εἴλοντο,</span> <span class='ocrx_word' id='word_1_151' title='bbox 818 1108 945 1176; x_wconf 62' lang='grc' dir='ltr'>’Ότι</span> <span class='ocrx_word' id='word_1_152' title='bbox 1006 1118 1105 1197; x_wconf 80' lang='grc' dir='ltr'><strong>γὰρ</strong></span> <span class='ocrx_word' id='word_1_153' title='bbox 1149 1115 1396 1173; x_wconf 82' lang='grc' dir='ltr'>πλουσιαι</span> <span class='ocrx_word' id='word_1_154' title='bbox 1426 1116 1587 1186; x_wconf 78' lang='grc' dir='ltr'>ἦσαν,</span> <span class='ocrx_word' id='word_1_155' title='bbox 1626 1114 1780 1171; x_wconf 78' lang='grc' dir='ltr'>ἄκούε</span> <span class='ocrx_word' id='word_1_156' title='bbox 1813 1134 1823 1146; x_wconf 87' lang='grc'>⁶</span> <span class='ocrx_word' id='word_1_157' title='bbox 1865 1107 1987 1173; x_wconf 65' lang='grc' dir='ltr'>’Ὁτι</span> 
     </span>
    </p>
   </div>
   <div class='ocr_carea' id='block_1_17' title="bbox 2073 1107 3722 1198">
    <p class='ocr_par' dir='ltr' id='par_1_17' title="bbox 2080 1107 3722 1196">
     <span class='ocr_line' id='line_1_19' title="bbox 2080 1107 3722 1196; baseline -0.001 -22"><span class='ocrx_word' id='word_1_158' title='bbox 2080 1113 2440 1191; x_wconf 82' lang='lat' dir='ltr'><strong>delegerint.</strong></span> <span class='ocrx_word' id='word_1_159' title='bbox 2478 1117 2624 1178; x_wconf 83' lang='lat' dir='ltr'><strong>Nam</strong></span> <span class='ocrx_word' id='word_1_160' title='bbox 2657 1117 2812 1196; x_wconf 87' lang='lat' dir='ltr'><strong>quod</strong></span> <span class='ocrx_word' id='word_1_161' title='bbox 2860 1116 3071 1180; x_wconf 83' lang='lat' dir='ltr'><strong>divites</strong></span> <span class='ocrx_word' id='word_1_162' title='bbox 3100 1107 3362 1192; x_wconf 70' lang='lat' dir='ltr'><strong>fuerint,</strong></span> <span class='ocrx_word' id='word_1_163' title='bbox 3382 1115 3544 1195; x_wconf 86' lang='lat' dir='ltr'><strong>audi,</strong></span> <span class='ocrx_word' id='word_1_164' title='bbox 3575 1112 3722 1185; x_wconf 86' lang='lat' dir='ltr'><strong>Quia</strong></span> 
     </span>
    </p>
   </div>
   <div class='ocr_carea' id='block_1_18' title="bbox 333 1206 1995 1284">
    <p class='ocr_par' dir='ltr' id='par_1_18' title="bbox 333 1206 1995 1284">
     <span class='ocr_line' id='line_1_20' title="bbox 333 1206 1995 1284; baseline -0.002 -21"><span class='ocrx_word' id='word_1_165' title='bbox 333 1207 619 1275; x_wconf 78' lang='grc' dir='ltr'>διηκόνουν</span> <span class='ocrx_word' id='word_1_166' title='bbox 674 1211 753 1282; x_wconf 80' lang='grc' dir='ltr'>τῷ</span> <span class='ocrx_word' id='word_1_167' title='bbox 822 1207 990 1284; x_wconf 71' lang='grc' dir='ltr'>Κυρίῳ</span> <span class='ocrx_word' id='word_1_168' title='bbox 1047 1206 1152 1262; x_wconf 68' lang='grc' dir='ltr'>ἀπὸ</span> <span class='ocrx_word' id='word_1_169' title='bbox 1236 1212 1341 1262; x_wconf 82' lang='grc' dir='ltr'>τῶν</span> <span class='ocrx_word' id='word_1_170' title='bbox 1398 1206 1747 1284; x_wconf 74' lang='grc' dir='ltr'>ὑπαρχόντων</span> <span class='ocrx_word' id='word_1_171' title='bbox 1808 1207 1995 1269; x_wconf 76' lang='grc' dir='ltr'>αὐταῖς</span> 
     </span>
    </p>
   </div>
   <div class='ocr_carea' id='block_1_19' title="bbox 333 1294 1991 1375">
    <p class='ocr_par' dir='ltr' id='par_1_19' title="bbox 333 1294 1991 1375">
     <span class='ocr_line' id='line_1_21' title="bbox 333 1294 1991 1375; baseline -0.005 -20"><span class='ocrx_word' id='word_1_172' title='bbox 333 1301 431 1355; x_wconf 76' lang='grc' dir='ltr'><strong>καὶ</strong></span> <span class='ocrx_word' id='word_1_173' title='bbox 476 1301 569 1356; x_wconf 72' lang='grc' dir='ltr'><strong>οὒκ</strong></span> <span class='ocrx_word' id='word_1_174' title='bbox 597 1298 703 1355; x_wconf 83' lang='grc' dir='ltr'>ἀπὸ</span> <span class='ocrx_word' id='word_1_175' title='bbox 748 1297 903 1363; x_wconf 68' lang='grc' dir='ltr'>ξέδων</span> <span class='ocrx_word' id='word_1_176' title='bbox 948 1297 1245 1375; x_wconf 73' lang='grc' dir='ltr'>χρημάτων</span> <span class='ocrx_word' id='word_1_177' title='bbox 1299 1296 1386 1351; x_wconf 87' lang='grc' dir='ltr'><strong>καὶ</strong></span> <span class='ocrx_word' id='word_1_178' title='bbox 1434 1294 1648 1351; x_wconf 76' lang='grc' dir='ltr'>ἀδικιῶν</span> <span class='ocrx_word' id='word_1_179' title='bbox 1679 1297 1751 1358; x_wconf 84' lang='grc' dir='ltr'>ὼς</span> <span class='ocrx_word' id='word_1_180' title='bbox 1782 1294 1991 1351; x_wconf 74' lang='grc' dir='ltr'>πολλοι.</span> 
     </span>
    </p>
   </div>
   <div class='ocr_carea' id='block_1_20' title="bbox 335 1383 1997 1467">
    <p class='ocr_par' dir='ltr' id='par_1_20' title="bbox 335 1383 1997 1467">
     <span class='ocr_line' id='line_1_22' title="bbox 335 1383 1997 1467; baseline -0.004 -22"><span class='ocrx_word' id='word_1_181' title='bbox 335 1389 415 1446; x_wconf 82' lang='lat' dir='ltr'>T6</span> <span class='ocrx_word' id='word_1_182' title='bbox 458 1385 536 1467; x_wconf 79' lang='grc' dir='ltr'>δὲ,</span> <span class='ocrx_word' id='word_1_183' title='bbox 570 1387 657 1466; x_wconf 75' lang='grc' dir='ltr'>ἀφ’</span> <span class='ocrx_word' id='word_1_184' title='bbox 713 1388 777 1454; x_wconf 78' lang='grc' dir='ltr'><strong>ἧς</strong></span> <span class='ocrx_word' id='word_1_185' title='bbox 810 1384 1110 1452; x_wconf 77' lang='grc' dir='ltr'>ἐξεληλύθει</span> <span class='ocrx_word' id='word_1_186' title='bbox 1143 1383 1388 1459; x_wconf 70' lang='grc' dir='ltr'>δαιμόνια</span> <span class='ocrx_word' id='word_1_187' title='bbox 1433 1384 1592 1462; x_wconf 77' lang='grc' dir='ltr'>ἑπτὰ,</span> <span class='ocrx_word' id='word_1_188' title='bbox 1627 1385 1765 1445; x_wconf 76' lang='grc' dir='ltr'>τινὲς</span> <span class='ocrx_word' id='word_1_189' title='bbox 1812 1383 1908 1458; x_wconf 78' lang='grc' dir='ltr'>μὲν</span> <span class='ocrx_word' id='word_1_190' title='bbox 1939 1384 1997 1439; x_wconf 82' lang='grc' dir='ltr'>τὸ</span> 
     </span>
    </p>
   </div>
   <div class='ocr_carea' id='block_1_21' title="bbox 335 1468 1997 1554">
    <p class='ocr_par' dir='ltr' id='par_1_21' title="bbox 335 1468 1997 1554">
     <span class='ocr_line' id='line_1_23' title="bbox 335 1468 1997 1554; baseline -0.004 -21"><span class='ocrx_word' id='word_1_191' title='bbox 335 1475 515 1533; x_wconf 69' lang='grc' dir='ltr'>πολλὰ</span> <span class='ocrx_word' id='word_1_192' title='bbox 570 1485 769 1538; x_wconf 83' lang='grc' dir='ltr'>νοοῦσι.</span> <span class='ocrx_word' id='word_1_193' title='bbox 819 1476 967 1554; x_wconf 84' lang='grc' dir='ltr'>Παρά</span> <span class='ocrx_word' id='word_1_194' title='bbox 1021 1480 1089 1549; x_wconf 79' lang='grc' dir='ltr'><strong>τῇ</strong></span> <span class='ocrx_word' id='word_1_195' title='bbox 1164 1479 1344 1553; x_wconf 78' lang='grc' dir='ltr'>Γραφῇ</span> <span class='ocrx_word' id='word_1_196' title='bbox 1400 1473 1500 1551; x_wconf 79' lang='grc' dir='ltr'><strong>γὰρ</strong></span> <span class='ocrx_word' id='word_1_197' title='bbox 1566 1474 1627 1528; x_wconf 82' lang='grc' dir='ltr'>τὸ</span> <span class='ocrx_word' id='word_1_198' title='bbox 1682 1473 1840 1540; x_wconf 76' lang='grc' dir='ltr'>ἑπτὰ,</span> <span class='ocrx_word' id='word_1_199' title='bbox 1887 1468 1997 1528; x_wconf 82' lang='grc' dir='ltr'>ἀντὶ</span> 
     </span>
    </p>
   </div>
   <div class='ocr_carea' id='block_1_22' title="bbox 335 1560 1996 1645">
    <p class='ocr_par' dir='ltr' id='par_1_22' title="bbox 335 1560 1996 1645">
     <span class='ocr_line' id='line_1_24' title="bbox 335 1560 1996 1645; baseline -0.004 -22"><span class='ocrx_word' id='word_1_200' title='bbox 335 1569 432 1623; x_wconf 74' lang='grc' dir='ltr'>τοῦ</span> <span class='ocrx_word' id='word_1_201' title='bbox 488 1564 688 1645; x_wconf 80' lang='grc' dir='ltr'>πολλὰ,</span> <span class='ocrx_word' id='word_1_202' title='bbox 749 1561 1163 1639; x_wconf 76' lang='grc' dir='ltr'>ἒκλαμϐάνεται.</span> <span class='ocrx_word' id='word_1_203' title='bbox 1194 1563 1352 1641; x_wconf 83' lang='grc' dir='ltr'><strong>Τάχα</strong></span> <span class='ocrx_word' id='word_1_204' title='bbox 1383 1560 1437 1617; x_wconf 84' lang='grc' dir='ltr'><strong>δέ</strong></span> <span class='ocrx_word' id='word_1_205' title='bbox 1486 1584 1567 1624; x_wconf 88' lang='grc' dir='ltr'><strong>τις</strong></span> <span class='ocrx_word' id='word_1_206' title='bbox 1608 1560 1754 1618; x_wconf 73' lang='grc' dir='ltr'>εἴποι</span> <span class='ocrx_word' id='word_1_207' title='bbox 1800 1562 1884 1640; x_wconf 81' lang='grc' dir='ltr'><strong>ἂν,</strong></span> <span class='ocrx_word' id='word_1_208' title='bbox 1917 1562 1996 1617; x_wconf 81' lang='grc' dir='ltr'>ὃτι</span> 
     </span>
    </p>
   </div>
   <div class='ocr_carea' id='block_1_23' title="bbox 336 1649 1995 1732">
    <p class='ocr_par' dir='ltr' id='par_1_23' title="bbox 336 1649 1995 1732">
     <span class='ocr_line' id='line_1_25' title="bbox 336 1649 1995 1732; baseline -0.002 -22"><span class='ocrx_word' id='word_1_209' title='bbox 336 1654 519 1732; x_wconf 83' lang='grc' dir='ltr'>ὥσπερ</span> <span class='ocrx_word' id='word_1_210' title='bbox 579 1656 705 1711; x_wconf 74' lang='grc' dir='ltr'>εἰσὶν</span> <span class='ocrx_word' id='word_1_211' title='bbox 750 1654 885 1710; x_wconf 76' lang='grc' dir='ltr'>ἑπτὰ</span> <span class='ocrx_word' id='word_1_212' title='bbox 928 1652 1203 1727; x_wconf 84' lang='grc' dir='ltr'>πνεύματα</span> <span class='ocrx_word' id='word_1_213' title='bbox 1247 1651 1345 1717; x_wconf 73' lang='grc' dir='ltr'><strong>τῆς</strong></span> <span class='ocrx_word' id='word_1_214' title='bbox 1392 1651 1610 1730; x_wconf 76' lang='grc' dir='ltr'>ἀρετῆς,</span> <span class='ocrx_word' id='word_1_215' title='bbox 1672 1649 1836 1715; x_wconf 60' lang='grc' dir='ltr'>οὕτως</span> <span class='ocrx_word' id='word_1_216' title='bbox 1870 1653 1995 1707; x_wconf 80' lang='grc' dir='ltr'>εἰσὶν</span> 
     </span>
    </p>
   </div>
   <div class='ocr_carea' id='block_1_24' title="bbox 338 1740 1995 1816">
    <p class='ocr_par' dir='ltr' id='par_1_24' title="bbox 338 1740 1995 1816">
     <span class='ocr_line' id='line_1_26' title="bbox 338 1740 1995 1816; baseline -0.004 -16"><span class='ocrx_word' id='word_1_217' title='bbox 338 1744 401 1800; x_wconf 74' lang='grc' dir='ltr'>ἐκ</span> <span class='ocrx_word' id='word_1_218' title='bbox 455 1750 547 1800; x_wconf 81' lang='grc' dir='ltr'>τοῦ</span> <span class='ocrx_word' id='word_1_219' title='bbox 604 1745 837 1799; x_wconf 73' lang='grc' dir='ltr'>ἒναντίον</span> <span class='ocrx_word' id='word_1_220' title='bbox 898 1742 1031 1797; x_wconf 76' lang='grc' dir='ltr'>ἑπτὰ</span> <span class='ocrx_word' id='word_1_221' title='bbox 1088 1740 1364 1816; x_wconf 87' lang='grc' dir='ltr'>πνεύματα</span> <span class='ocrx_word' id='word_1_222' title='bbox 1434 1745 1532 1806; x_wconf 72' lang='grc' dir='ltr'>τῆς</span> <span class='ocrx_word' id='word_1_223' title='bbox 1603 1740 1815 1802; x_wconf 72' lang='grc' dir='ltr'>κακίας,</span> <span class='ocrx_word' id='word_1_224' title='bbox 1861 1740 1995 1797; x_wconf 74' lang='grc' dir='ltr'>Οῒόν</span> 
     </span>
    </p>
   </div>
   <div class='ocr_carea' id='block_1_25' title="bbox 337 1827 2057 1913">
    <p class='ocr_par' dir='ltr' id='par_1_25' title="bbox 337 1827 2057 1913">
     <span class='ocr_line' id='line_1_27' title="bbox 337 1827 2057 1913; baseline -0.002 -26"><span class='ocrx_word' id='word_1_225' title='bbox 337 1831 452 1887; x_wconf 73' lang='grc' dir='ltr'>ἐστι</span> <span class='ocrx_word' id='word_1_226' title='bbox 510 1839 718 1907; x_wconf 75' lang='grc' dir='ltr'>πνεῦμα</span> <span class='ocrx_word' id='word_1_227' title='bbox 802 1828 965 1910; x_wconf 69' lang='grc' dir='ltr'>φόϐου</span> <span class='ocrx_word' id='word_1_228' title='bbox 1056 1836 1209 1902; x_wconf 79' lang='grc' dir='ltr'>Θεοῦ,</span> <span class='ocrx_word' id='word_1_229' title='bbox 1290 1827 1430 1885; x_wconf 75' lang='grc' dir='ltr'>ἔστιν</span> <span class='ocrx_word' id='word_1_230' title='bbox 1488 1828 1548 1885; x_wconf 77' lang='grc' dir='ltr'>ἐκ</span> <span class='ocrx_word' id='word_1_231' title='bbox 1603 1836 1694 1885; x_wconf 75' lang='grc' dir='ltr'><strong>τοῦ</strong></span> <span class='ocrx_word' id='word_1_232' title='bbox 1767 1828 2057 1913; x_wconf 78' lang='grc' dir='ltr'>ἐναντίουΒ</span> 
     </span>
    </p>
   </div>
   <div class='ocr_carea' id='block_1_26' title="bbox 338 1916 1996 2000">
    <p class='ocr_par' dir='ltr' id='par_1_26' title="bbox 338 1916 1996 2000">
     <span class='ocr_line' id='line_1_28' title="bbox 338 1916 1996 2000; baseline -0.004 -22"><span class='ocrx_word' id='word_1_233' title='bbox 338 1928 547 1996; x_wconf 85' lang='grc' dir='ltr'>πνεῦμα</span> <span class='ocrx_word' id='word_1_234' title='bbox 602 1918 823 2000; x_wconf 72' lang='grc' dir='ltr'>ἀφοϐίας</span> <span class='ocrx_word' id='word_1_235' title='bbox 870 1927 1023 1994; x_wconf 83' lang='grc' dir='ltr'>Θεοῦ,</span> <span class='ocrx_word' id='word_1_236' title='bbox 1089 1920 1203 1975; x_wconf 78' lang='grc' dir='ltr'>ἔστι</span> <span class='ocrx_word' id='word_1_237' title='bbox 1264 1917 1470 1993; x_wconf 70' lang='grc' dir='ltr'>πνεῦμα</span> <span class='ocrx_word' id='word_1_238' title='bbox 1526 1917 1808 1996; x_wconf 85' lang='grc' dir='ltr'>συνέσεως,</span> <span class='ocrx_word' id='word_1_239' title='bbox 1856 1916 1996 1972; x_wconf 71' lang='grc' dir='ltr'>ἔστιν</span> 
     </span>
    </p>
   </div>
   <div class='ocr_carea' id='block_1_27' title="bbox 340 2005 1996 2091">
    <p class='ocr_par' dir='ltr' id='par_1_27' title="bbox 340 2005 1996 2091">
     <span class='ocr_line' id='line_1_29' title="bbox 340 2005 1996 2091; baseline -0.004 -24"><span class='ocrx_word' id='word_1_240' title='bbox 340 2012 698 2091; x_wconf 77' lang='grc' dir='ltr'>ἀντιστρόφως</span> <span class='ocrx_word' id='word_1_241' title='bbox 784 2018 992 2087; x_wconf 77' lang='grc' dir='ltr'>πνεῦμα</span> <span class='ocrx_word' id='word_1_242' title='bbox 1077 2008 1376 2076; x_wconf 80' lang='grc' dir='ltr'>ἀσυνεσίας,</span> <span class='ocrx_word' id='word_1_243' title='bbox 1450 2009 1539 2063; x_wconf 87' lang='grc' dir='ltr'>καὶ</span> <span class='ocrx_word' id='word_1_244' title='bbox 1612 2005 1854 2072; x_wconf 74' lang='grc' dir='ltr'>καθεξῆς.</span> <span class='ocrx_word' id='word_1_245' title='bbox 1938 2008 1996 2063; x_wconf 84' lang='grc' dir='ltr'><strong>Εἰ</strong></span> 
     </span>
    </p>
   </div>
   <div class='ocr_carea' id='block_1_28' title="bbox 341 2096 1993 2178">
    <p class='ocr_par' dir='ltr' id='par_1_28' title="bbox 341 2096 1993 2178">
     <span class='ocr_line' id='line_1_30' title="bbox 341 2096 1993 2178; baseline -0.004 -21"><span class='ocrx_word' id='word_1_246' title='bbox 341 2100 420 2175; x_wconf 77' lang='grc' dir='ltr'>μὴ</span> <span class='ocrx_word' id='word_1_247' title='bbox 475 2108 600 2178; x_wconf 84' lang='grc' dir='ltr'>γοῦν</span> <span class='ocrx_word' id='word_1_248' title='bbox 658 2096 943 2167; x_wconf 79' lang='grc' dir='ltr'>ἐκϐληθείη</span> <span class='ocrx_word' id='word_1_249' title='bbox 1002 2099 1067 2155; x_wconf 78' lang='grc' dir='ltr'>τὰ</span> <span class='ocrx_word' id='word_1_250' title='bbox 1139 2098 1274 2154; x_wconf 80' lang='grc' dir='ltr'>ἑπτὰ</span> <span class='ocrx_word' id='word_1_251' title='bbox 1346 2103 1511 2153; x_wconf 84' lang='grc' dir='ltr'>ταῦτα</span> <span class='ocrx_word' id='word_1_252' title='bbox 1567 2097 1839 2170; x_wconf 83' lang='grc' dir='ltr'>πνεύματα</span> <span class='ocrx_word' id='word_1_253' title='bbox 1896 2100 1993 2162; x_wconf 74' lang='grc' dir='ltr'>τῆς</span> 
     </span>
    </p>
   </div>
   <div class='ocr_carea' id='block_1_29' title="bbox 338 2183 1993 2267">
    <p class='ocr_par' dir='ltr' id='par_1_29' title="bbox 338 2183 1993 2267">
     <span class='ocr_line' id='line_1_31' title="bbox 338 2183 1993 2267; baseline -0.004 -22"><span class='ocrx_word' id='word_1_254' title='bbox 338 2191 523 2254; x_wconf 82' lang='grc' dir='ltr'>κακίας</span> <span class='ocrx_word' id='word_1_255' title='bbox 580 2189 685 2245; x_wconf 80' lang='grc' dir='ltr'><strong>ἀπὸ</strong></span> <span class='ocrx_word' id='word_1_256' title='bbox 743 2194 841 2255; x_wconf 78' lang='grc' dir='ltr'>τῆς</span> <span class='ocrx_word' id='word_1_257' title='bbox 884 2193 1096 2267; x_wconf 74' lang='grc' dir='ltr'>ψυχῆς,</span> <span class='ocrx_word' id='word_1_258' title='bbox 1159 2188 1217 2242; x_wconf 80' lang='grc' dir='ltr'>οὐ</span> <span class='ocrx_word' id='word_1_259' title='bbox 1275 2184 1488 2241; x_wconf 83' lang='grc' dir='ltr'>δύναταί</span> <span class='ocrx_word' id='word_1_260' title='bbox 1544 2206 1624 2247; x_wconf 87' lang='grc' dir='ltr'><strong>τις</strong></span> <span class='ocrx_word' id='word_1_261' title='bbox 1684 2183 1993 2241; x_wconf 73' lang='grc' dir='ltr'>ἀκολουθεῖν</span> 
     </span>
    </p>
   </div>
   <div class='ocr_carea' id='block_1_30' title="bbox 336 2273 1989 2356">
    <p class='ocr_par' dir='ltr' id='par_1_30' title="bbox 336 2273 1989 2356">
     <span class='ocr_line' id='line_1_32' title="bbox 336 2273 1989 2356; baseline -0.002 -23"><span class='ocrx_word' id='word_1_262' title='bbox 336 2283 415 2351; x_wconf 82' lang='grc' dir='ltr'>τῷ</span> <span class='ocrx_word' id='word_1_263' title='bbox 460 2285 690 2356; x_wconf 79' lang='grc' dir='ltr'>Χριστῷ.</span> <span class='ocrx_word' id='word_1_264' title='bbox 758 2287 853 2334; x_wconf 79' lang='grc' dir='ltr'>Δεῖ</span> <span class='ocrx_word' id='word_1_265' title='bbox 904 2277 1004 2355; x_wconf 73' lang='grc' dir='ltr'><strong>γὰρ</strong></span> <span class='ocrx_word' id='word_1_266' title='bbox 1049 2273 1301 2333; x_wconf 75' lang='grc' dir='ltr'>ἒκϐαλεῖν</span> <span class='ocrx_word' id='word_1_267' title='bbox 1352 2279 1560 2353; x_wconf 86' lang='grc' dir='ltr'>πρῶτον</span> <span class='ocrx_word' id='word_1_268' title='bbox 1591 2275 1683 2329; x_wconf 78' lang='grc' dir='ltr'><strong>τὸν</strong></span> <span class='ocrx_word' id='word_1_269' title='bbox 1727 2279 1989 2349; x_wconf 75' lang='grc' dir='ltr'>Σατανᾶν,</span> 
     </span>
    </p>
   </div>
   <div class='ocr_carea' id='block_1_31' title="bbox 337 2365 1315 2444">
    <p class='ocr_par' dir='ltr' id='par_1_31' title="bbox 337 2365 1315 2444">
     <span class='ocr_line' id='line_1_33' title="bbox 337 2365 1315 2444; baseline -0.002 -21"><span class='ocrx_word' id='word_1_270' title='bbox 337 2368 425 2423; x_wconf 82' lang='grc' dir='ltr'><strong>καὶ</strong></span> <span class='ocrx_word' id='word_1_271' title='bbox 454 2366 619 2429; x_wconf 73' lang='grc' dir='ltr'>οὕτως</span> <span class='ocrx_word' id='word_1_272' title='bbox 648 2369 897 2424; x_wconf 64' lang='grc' dir='ltr'>ἐνοικίσαι</span> <span class='ocrx_word' id='word_1_273' title='bbox 933 2368 1023 2422; x_wconf 78' lang='grc' dir='ltr'>τὸν</span> <span class='ocrx_word' id='word_1_274' title='bbox 1070 2365 1315 2444; x_wconf 82' lang='grc' dir='ltr'>Χριστόν.</span> 
     </span>
    </p>
   </div>
   <div class='ocr_carea' id='block_1_32' title="bbox 426 2451 1988 2535">
    <p class='ocr_par' dir='ltr' id='par_1_32' title="bbox 426 2451 1988 2535">
     <span class='ocr_line' id='line_1_34' title="bbox 426 2451 1988 2535; baseline -0.002 -25"><span class='ocrx_word' id='word_1_275' title='bbox 426 2479 449 2510; x_wconf 82' lang='grc' dir='ltr'><strong>ιι</strong></span> <span class='ocrx_word' id='word_1_276' title='bbox 484 2455 762 2520; x_wconf 86' lang='grc' dir='ltr'>Συνιόντος</span> <span class='ocrx_word' id='word_1_277' title='bbox 820 2454 873 2511; x_wconf 73' lang='grc' dir='ltr'><strong>δὲ</strong></span> <span class='ocrx_word' id='word_1_278' title='bbox 917 2453 1090 2535; x_wconf 80' lang='grc' dir='ltr'>ὄχλου</span> <span class='ocrx_word' id='word_1_279' title='bbox 1132 2452 1353 2523; x_wconf 82' lang='grc' dir='ltr'>πολλοῦ,</span> <span class='ocrx_word' id='word_1_280' title='bbox 1413 2452 1500 2509; x_wconf 90' lang='grc' dir='ltr'><strong>καὶ</strong></span> <span class='ocrx_word' id='word_1_281' title='bbox 1530 2458 1634 2508; x_wconf 83' lang='grc' dir='ltr'><strong>τῶν</strong></span> <span class='ocrx_word' id='word_1_282' title='bbox 1667 2452 1805 2508; x_wconf 78' lang='grc' dir='ltr'>κατὰ</span> <span class='ocrx_word' id='word_1_283' title='bbox 1834 2451 1988 2508; x_wconf 86' lang='grc' dir='ltr'>πόλιν</span> 
     </span>
    </p>
   </div>
   <div class='ocr_carea' id='block_1_33' title="bbox 341 2539 1983 2624">
    <p class='ocr_par' dir='ltr' id='par_1_33' title="bbox 341 2539 1983 2624">
     <span class='ocr_line' id='line_1_35' title="bbox 341 2539 1983 2624; baseline -0.001 -25"><span class='ocrx_word' id='word_1_284' title='bbox 341 2544 802 2619; x_wconf 76' lang='grc' dir='ltr'>ἐπιπορευομένων</span> <span class='ocrx_word' id='word_1_285' title='bbox 858 2546 989 2624; x_wconf 83' lang='grc' dir='ltr'>πρὸς</span> <span class='ocrx_word' id='word_1_286' title='bbox 1048 2544 1225 2618; x_wconf 65' lang='grc' dir='ltr'>αὐτὸν,</span> <span class='ocrx_word' id='word_1_287' title='bbox 1286 2547 1407 2599; x_wconf 79' lang='grc' dir='ltr'>εἷπε</span> <span class='ocrx_word' id='word_1_288' title='bbox 1482 2540 1563 2597; x_wconf 71' lang='grc' dir='ltr'>διὸ</span> <span class='ocrx_word' id='word_1_289' title='bbox 1624 2539 1934 2619; x_wconf 78' lang='grc' dir='ltr'>παραϐολῆς</span> <span class='ocrx_word' id='word_1_290' title='bbox 1970 2559 1983 2574; x_wconf 85' lang='grc'><em>’</em></span> 
     </span>
    </p>
   </div>
   <div class='ocr_carea' id='block_1_34' title="bbox 339 2632 1982 2712">
    <p class='ocr_par' dir='ltr' id='par_1_34' title="bbox 339 2632 1982 2712">
     <span class='ocr_line' id='line_1_36' title="bbox 339 2632 1982 2712; baseline -0.002 -20"><span class='ocrx_word' id='word_1_291' title='bbox 339 2632 592 2700; x_wconf 77' lang='grc' dir='ltr'>Ἐξῆλθεν</span> <span class='ocrx_word' id='word_1_292' title='bbox 644 2637 672 2691; x_wconf 98' lang='lat'><strong>6</strong></span> <span class='ocrx_word' id='word_1_293' title='bbox 731 2635 956 2712; x_wconf 91' lang='grc' dir='ltr'>σπείρων</span> <span class='ocrx_word' id='word_1_294' title='bbox 1002 2641 1095 2691; x_wconf 81' lang='grc' dir='ltr'>τοῦ</span> <span class='ocrx_word' id='word_1_295' title='bbox 1166 2646 1382 2710; x_wconf 88' lang='grc' dir='ltr'>σπεῖραι</span> <span class='ocrx_word' id='word_1_296' title='bbox 1439 2633 1531 2687; x_wconf 83' lang='grc' dir='ltr'>τὸν</span> <span class='ocrx_word' id='word_1_297' title='bbox 1574 2632 1770 2710; x_wconf 79' lang='grc' dir='ltr'>σπόρον</span> <span class='ocrx_word' id='word_1_298' title='bbox 1808 2633 1982 2689; x_wconf 73' lang='grc' dir='ltr'><strong>αὖτοῦ.</strong></span> 
     </span>
    </p>
   </div>
   <div class='ocr_carea' id='block_1_35' title="bbox 335 2719 1990 2802">
    <p class='ocr_par' dir='ltr' id='par_1_35' title="bbox 335 2719 1990 2802">
     <span class='ocr_line' id='line_1_37' title="bbox 335 2719 1990 2802; baseline -0.003 -23"><span class='ocrx_word' id='word_1_299' title='bbox 335 2721 441 2784; x_wconf 82' lang='grc' dir='ltr'>Καὶ</span> <span class='ocrx_word' id='word_1_300' title='bbox 498 2723 551 2779; x_wconf 80' lang='grc' dir='ltr'>ἐν</span> <span class='ocrx_word' id='word_1_301' title='bbox 608 2731 684 2797; x_wconf 83' lang='grc' dir='ltr'>τῷ</span> <span class='ocrx_word' id='word_1_302' title='bbox 743 2726 974 2801; x_wconf 85' lang='grc' dir='ltr'>σπείρειν</span> <span class='ocrx_word' id='word_1_303' title='bbox 1032 2724 1213 2802; x_wconf 67' lang='grc' dir='ltr'>αὐτὸν,</span> <span class='ocrx_word' id='word_1_304' title='bbox 1278 2723 1305 2777; x_wconf 86' lang='grc' dir='ltr'>ὃ</span> <span class='ocrx_word' id='word_1_305' title='bbox 1355 2721 1452 2797; x_wconf 75' lang='grc' dir='ltr'>μὲν</span> <span class='ocrx_word' id='word_1_306' title='bbox 1497 2719 1653 2776; x_wconf 76' lang='grc' dir='ltr'>ἔπεσε</span> <span class='ocrx_word' id='word_1_307' title='bbox 1699 2721 1839 2797; x_wconf 86' lang='grc' dir='ltr'>παρὰ</span> <span class='ocrx_word' id='word_1_308' title='bbox 1890 2724 1990 2786; x_wconf 73' lang='grc' dir='ltr'>τὴν</span> 
     </span>
    </p>
   </div>
   <div class='ocr_carea' id='block_1_36' title="bbox 334 2809 1990 2888">
    <p class='ocr_par' dir='ltr' id='par_1_36' title="bbox 334 2809 1990 2888">
     <span class='ocr_line' id='line_1_38' title="bbox 334 2809 1990 2888; baseline -0.002 -19"><span class='ocrx_word' id='word_1_309' title='bbox 334 2811 477 2885; x_wconf 83' lang='grc' dir='ltr'>ὁδὸν,</span> <span class='ocrx_word' id='word_1_310' title='bbox 542 2815 629 2869; x_wconf 82' lang='grc' dir='ltr'><strong>καὶ</strong></span> <span class='ocrx_word' id='word_1_311' title='bbox 684 2814 1052 2885; x_wconf 75' lang='grc' dir='ltr'>κατεπατήθη,</span> <span class='ocrx_word' id='word_1_312' title='bbox 1125 2815 1214 2869; x_wconf 85' lang='grc' dir='ltr'><strong>καὶ</strong></span> <span class='ocrx_word' id='word_1_313' title='bbox 1262 2813 1323 2867; x_wconf 79' lang='grc' dir='ltr'>τὰ</span> <span class='ocrx_word' id='word_1_314' title='bbox 1395 2810 1610 2867; x_wconf 82' lang='grc' dir='ltr'>πετεινὰ</span> <span class='ocrx_word' id='word_1_315' title='bbox 1650 2809 1745 2865; x_wconf 79' lang='grc' dir='ltr'>τοῦ</span> <span class='ocrx_word' id='word_1_316' title='bbox 1773 2809 1990 2888; x_wconf 76' lang='grc' dir='ltr'>οὐραίοῦ</span> 
     </span>
    </p>
   </div>
   <div class='ocr_carea' id='block_1_37' title="bbox 332 2899 1990 2983">
    <p class='ocr_par' dir='ltr' id='par_1_37' title="bbox 332 2899 1990 2983">
     <span class='ocr_line' id='line_1_39' title="bbox 332 2899 1990 2983; baseline -0.004 -24"><span class='ocrx_word' id='word_1_317' title='bbox 332 2902 632 2983; x_wconf 75' lang='grc' dir='ltr'>κατέφαγεν</span> <span class='ocrx_word' id='word_1_318' title='bbox 665 2902 790 2958; x_wconf 73' lang='grc' dir='ltr'>αὗτό</span> <span class='ocrx_word' id='word_1_319' title='bbox 818 2919 831 2932; x_wconf 86' lang='grc'><strong>’</strong></span> <span class='ocrx_word' id='word_1_320' title='bbox 869 2903 958 2958; x_wconf 85' lang='grc' dir='ltr'><strong>καὶ</strong></span> <span class='ocrx_word' id='word_1_321' title='bbox 1013 2901 1188 2979; x_wconf 81' lang='grc' dir='ltr'>ἕτερον</span> <span class='ocrx_word' id='word_1_322' title='bbox 1251 2900 1437 2957; x_wconf 71' lang='grc' dir='ltr'>ἔπεσεν</span> <span class='ocrx_word' id='word_1_323' title='bbox 1496 2900 1582 2956; x_wconf 78' lang='grc' dir='ltr'>ἐπὶ</span> <span class='ocrx_word' id='word_1_324' title='bbox 1626 2899 1724 2965; x_wconf 72' lang='grc' dir='ltr'><strong>τὴν</strong></span> <span class='ocrx_word' id='word_1_325' title='bbox 1769 2899 1990 2976; x_wconf 81' lang='grc' dir='ltr'>πέτραν,</span> 
     </span>
    </p>
   </div>
   <div class='ocr_carea' id='block_1_38' title="bbox 330 2984 1989 3070">
    <p class='ocr_par' dir='ltr' id='par_1_38' title="bbox 330 2984 1989 3070">
     <span class='ocr_line' id='line_1_40' title="bbox 330 2984 1989 3070; baseline -0.002 -24"><span class='ocrx_word' id='word_1_326' title='bbox 330 2992 420 3046; x_wconf 89' lang='grc' dir='ltr'>καὶ</span> <span class='ocrx_word' id='word_1_327' title='bbox 462 2998 585 3070; x_wconf 75' lang='grc' dir='ltr'>φυὲν</span> <span class='ocrx_word' id='word_1_328' title='bbox 638 2989 895 3067; x_wconf 79' lang='grc' dir='ltr'>ἐξηράνθη</span> <span class='ocrx_word' id='word_1_329' title='bbox 951 2989 1036 3045; x_wconf 81' lang='grc' dir='ltr'><strong>διὰ</strong></span> <span class='ocrx_word' id='word_1_330' title='bbox 1092 2992 1152 3046; x_wconf 80' lang='grc' dir='ltr'>τὸ</span> <span class='ocrx_word' id='word_1_331' title='bbox 1213 2990 1290 3063; x_wconf 79' lang='grc' dir='ltr'><strong>μὴ</strong></span> <span class='ocrx_word' id='word_1_332' title='bbox 1377 2988 1528 3069; x_wconf 71' lang='grc' dir='ltr'>ἔχειν</span> <span class='ocrx_word' id='word_1_333' title='bbox 1584 2985 1779 3063; x_wconf 77' lang='grc' dir='ltr'>ἰκμάδα</span> <span class='ocrx_word' id='word_1_334' title='bbox 1816 3006 1829 3020; x_wconf 83' lang='grc'><strong><em>⁸</em></strong></span> <span class='ocrx_word' id='word_1_335' title='bbox 1901 2984 1989 3043; x_wconf 78' lang='grc' dir='ltr'>καὶ</span> 
     </span>
    </p>
   </div>
   <div class='ocr_carea' id='block_1_39' title="bbox 332 3078 1988 3158">
    <p class='ocr_par' dir='ltr' id='par_1_39' title="bbox 332 3078 1988 3158">
     <span class='ocr_line' id='line_1_41' title="bbox 332 3078 1988 3158; baseline -0.002 -23"><span class='ocrx_word' id='word_1_336' title='bbox 332 3079 509 3158; x_wconf 75' lang='grc' dir='ltr'>ἕτερον</span> <span class='ocrx_word' id='word_1_337' title='bbox 540 3080 728 3136; x_wconf 78' lang='grc' dir='ltr'>ἔπεσεν</span> <span class='ocrx_word' id='word_1_338' title='bbox 800 3080 855 3135; x_wconf 77' lang='grc' dir='ltr'>ἐν</span> <span class='ocrx_word' id='word_1_339' title='bbox 912 3078 1063 3154; x_wconf 84' lang='grc' dir='ltr'><strong>μέσῳ</strong></span> <span class='ocrx_word' id='word_1_340' title='bbox 1118 3082 1221 3134; x_wconf 78' lang='grc' dir='ltr'>τῶν</span> <span class='ocrx_word' id='word_1_341' title='bbox 1252 3080 1514 3157; x_wconf 66' lang='grc' dir='ltr'>ἀκανθῶν,</span> <span class='ocrx_word' id='word_1_342' title='bbox 1548 3079 1635 3133; x_wconf 84' lang='grc' dir='ltr'><strong>καὶ</strong></span> <span class='ocrx_word' id='word_1_343' title='bbox 1666 3084 1988 3156; x_wconf 79' lang='grc' dir='ltr'>συμφυεῖσαι</span> 
     </span>
    </p>
   </div>
   <div class='ocr_carea' id='block_1_40' title="bbox 2080 1202 3722 1285">
    <p class='ocr_par' dir='ltr' id='par_1_40' title="bbox 2080 1202 3722 1285">
     <span class='ocr_line' id='line_1_42' title="bbox 2080 1202 3722 1285; baseline -0.001 -22"><span class='ocrx_word' id='word_1_344' title='bbox 2080 1202 2500 1266; x_wconf 90' lang='lat' dir='ltr'><strong>ministrarunt</strong></span> <span class='ocrx_word' id='word_1_345' title='bbox 2532 1204 2783 1267; x_wconf 86' lang='lat' dir='ltr'><strong>Domino</strong></span> <span class='ocrx_word' id='word_1_346' title='bbox 2816 1206 2891 1268; x_wconf 90' lang='lat' dir='ltr'><strong>de</strong></span> <span class='ocrx_word' id='word_1_347' title='bbox 2920 1207 3296 1269; x_wconf 79' lang='lat' dir='ltr'><strong>facultatibus</strong></span> <span class='ocrx_word' id='word_1_348' title='bbox 3324 1208 3468 1285; x_wconf 88' lang='lat' dir='ltr'><strong>suis,</strong></span> <span class='ocrx_word' id='word_1_349' title='bbox 3494 1222 3611 1266; x_wconf 90' lang='lat' dir='ltr'><strong>non</strong></span> <span class='ocrx_word' id='word_1_350' title='bbox 3647 1202 3722 1263; x_wconf 87' lang='lat' dir='ltr'><strong>de</strong></span> 
     </span>
    </p>
   </div>
   <div class='ocr_carea' id='block_1_41' title="bbox 2078 1292 3720 1377">
    <p class='ocr_par' dir='ltr' id='par_1_41' title="bbox 2078 1292 3720 1377">
     <span class='ocr_line' id='line_1_43' title="bbox 2078 1292 3720 1377; baseline -0.001 -24"><span class='ocrx_word' id='word_1_351' title='bbox 2078 1292 2291 1354; x_wconf 88' lang='lat' dir='ltr'><strong>olienis</strong></span> <span class='ocrx_word' id='word_1_352' title='bbox 2309 1293 2521 1373; x_wconf 91' lang='lat' dir='ltr'><strong>opibus</strong></span> <span class='ocrx_word' id='word_1_353' title='bbox 2542 1303 2599 1355; x_wconf 90' lang='lat' dir='ltr'><strong>et</strong></span> <span class='ocrx_word' id='word_1_354' title='bbox 2622 1295 2841 1374; x_wconf 87' lang='lat' dir='ltr'><strong>injuste</strong></span> <span class='ocrx_word' id='word_1_355' title='bbox 2871 1298 3167 1377; x_wconf 88' lang='lat' dir='ltr'><strong>partis,uti</strong></span> <span class='ocrx_word' id='word_1_356' title='bbox 3185 1296 3351 1357; x_wconf 91' lang='lat' dir='ltr'><strong>multi</strong></span> <span class='ocrx_word' id='word_1_357' title='bbox 3374 1294 3720 1357; x_wconf 83' lang='lat' dir='ltr'><strong>soleutJam</strong></span> 
     </span>
    </p>
   </div>
   <div class='ocr_carea' id='block_1_42' title="bbox 2082 1383 3719 1466">
    <p class='ocr_par' dir='ltr' id='par_1_42' title="bbox 2082 1383 3719 1466">
     <span class='ocr_line' id='line_1_44' title="bbox 2082 1383 3719 1466; baseline -0.001 -23"><span class='ocrx_word' id='word_1_358' title='bbox 2082 1399 2187 1460; x_wconf 89' lang='lat' dir='ltr'><strong>per</strong></span> <span class='ocrx_word' id='word_1_359' title='bbox 2216 1390 2444 1462; x_wconf 89' lang='lat' dir='ltr'><strong>septem</strong></span> <span class='ocrx_word' id='word_1_360' title='bbox 2476 1383 2787 1460; x_wconf 65' lang='lat' dir='ltr'><strong>daemonia,</strong></span> <span class='ocrx_word' id='word_1_361' title='bbox 2825 1406 2954 1466; x_wconf 68' lang='lat' dir='ltr'><strong>qum</strong></span> <span class='ocrx_word' id='word_1_362' title='bbox 3002 1387 3078 1449; x_wconf 91' lang='lat' dir='ltr'><strong>de</strong></span> <span class='ocrx_word' id='word_1_363' title='bbox 3111 1387 3211 1447; x_wconf 94' lang='lat' dir='ltr'><strong>illa</strong></span> <span class='ocrx_word' id='word_1_364' title='bbox 3242 1386 3432 1466; x_wconf 86' lang='lat' dir='ltr'><strong>ejecta</strong></span> <span class='ocrx_word' id='word_1_365' title='bbox 3456 1384 3719 1450; x_wconf 79' lang='lat' dir='ltr'><strong>fuerunt,</strong></span> 
     </span>
    </p>
   </div>
   <div class='ocr_carea' id='block_1_43' title="bbox 2081 1470 3721 1556">
    <p class='ocr_par' dir='ltr' id='par_1_43' title="bbox 2081 1470 3721 1556">
     <span class='ocr_line' id='line_1_45' title="bbox 2081 1470 3721 1556; baseline 0 -25"><span class='ocrx_word' id='word_1_366' title='bbox 2081 1470 2323 1550; x_wconf 77' lang='lat' dir='ltr'><strong>quidam</strong></span> <span class='ocrx_word' id='word_1_367' title='bbox 2350 1472 2689 1550; x_wconf 86' lang='lat' dir='ltr'><strong>intelligunt</strong></span> <span class='ocrx_word' id='word_1_368' title='bbox 2730 1476 2930 1538; x_wconf 85' lang='lat' dir='ltr'><strong>multa.</strong></span> <span class='ocrx_word' id='word_1_369' title='bbox 2966 1475 3029 1537; x_wconf 91' lang='lat' dir='ltr'><strong>In</strong></span> <span class='ocrx_word' id='word_1_370' title='bbox 3064 1474 3387 1556; x_wconf 88' lang='lat' dir='ltr'><strong>Scripturis</strong></span> <span class='ocrx_word' id='word_1_371' title='bbox 3415 1475 3572 1536; x_wconf 91' lang='lat' dir='ltr'><strong>enim</strong></span> <span class='ocrx_word' id='word_1_372' title='bbox 3616 1490 3721 1551; x_wconf 86' lang='lat' dir='ltr'><strong>pro</strong></span> 
     </span>
    </p>
   </div>
   <div class='ocr_carea' id='block_1_44' title="bbox 2082 1559 3723 1643">
    <p class='ocr_par' dir='ltr' id='par_1_44' title="bbox 2082 1559 3723 1643">
     <span class='ocr_line' id='line_1_46' title="bbox 2082 1559 3723 1643; baseline 0.001 -25"><span class='ocrx_word' id='word_1_373' title='bbox 2082 1559 2282 1619; x_wconf 89' lang='lat' dir='ltr'><strong>multis</strong></span> <span class='ocrx_word' id='word_1_374' title='bbox 2305 1568 2534 1641; x_wconf 90' lang='lat' dir='ltr'><strong>septem</strong></span> <span class='ocrx_word' id='word_1_375' title='bbox 2560 1562 2751 1643; x_wconf 89' lang='lat' dir='ltr'><strong>accipi</strong></span> <span class='ocrx_word' id='word_1_376' title='bbox 2770 1566 2944 1626; x_wconf 76' lang='lat' dir='ltr'><strong>solet.</strong></span> <span class='ocrx_word' id='word_1_377' title='bbox 2979 1565 3268 1627; x_wconf 86' lang='lat' dir='ltr'><strong>Fortassis</strong></span> <span class='ocrx_word' id='word_1_378' title='bbox 3285 1570 3481 1625; x_wconf 87' lang='lat' dir='ltr'><strong>autem</strong></span> <span class='ocrx_word' id='word_1_379' title='bbox 3507 1560 3723 1623; x_wconf 86' lang='lat' dir='ltr'><strong>dixerit</strong></span> 
     </span>
    </p>
   </div>
   <div class='ocr_carea' id='block_1_45' title="bbox 2079 1648 3722 1734">
    <p class='ocr_par' dir='ltr' id='par_1_45' title="bbox 2079 1648 3722 1734">
     <span class='ocr_line' id='line_1_47' title="bbox 2079 1648 3722 1734; baseline 0.002 -26"><span class='ocrx_word' id='word_1_380' title='bbox 2079 1648 2230 1729; x_wconf 90' lang='lat' dir='ltr'><strong>quis,</strong></span> <span class='ocrx_word' id='word_1_381' title='bbox 2265 1650 2419 1729; x_wconf 91' lang='lat' dir='ltr'><strong>quod</strong></span> <span class='ocrx_word' id='word_1_382' title='bbox 2454 1652 2601 1712; x_wconf 89' lang='lat' dir='ltr'><strong>sicut</strong></span> <span class='ocrx_word' id='word_1_383' title='bbox 2630 1660 2766 1713; x_wconf 91' lang='lat' dir='ltr'><strong>sunt</strong></span> <span class='ocrx_word' id='word_1_384' title='bbox 2798 1662 3026 1734; x_wconf 61' lang='lat' dir='ltr'><strong>neptem</strong></span> <span class='ocrx_word' id='word_1_385' title='bbox 3062 1653 3304 1734; x_wconf 88' lang='lat' dir='ltr'><strong>spiritus</strong></span> <span class='ocrx_word' id='word_1_386' title='bbox 3347 1651 3599 1730; x_wconf 87' lang='lat' dir='ltr'><strong>virtutis,</strong></span> <span class='ocrx_word' id='word_1_387' title='bbox 3643 1651 3722 1711; x_wconf 89' lang='lat' dir='ltr'><strong>ita</strong></span> 
     </span>
    </p>
   </div>
   <div class='ocr_carea' id='block_1_46' title="bbox 2079 1737 3721 1822">
    <p class='ocr_par' dir='ltr' id='par_1_46' title="bbox 2079 1737 3721 1822">
     <span class='ocr_line' id='line_1_48' title="bbox 2079 1737 3721 1822; baseline 0 -23"><span class='ocrx_word' id='word_1_388' title='bbox 2079 1744 2217 1799; x_wconf 89' lang='lat' dir='ltr'><strong>sunt</strong></span> <span class='ocrx_word' id='word_1_389' title='bbox 2244 1756 2275 1797; x_wconf 93' lang='lat' dir='ltr'><strong>e</strong></span> <span class='ocrx_word' id='word_1_390' title='bbox 2297 1737 2529 1800; x_wconf 81' lang='lat' dir='ltr'><strong>diverso</strong></span> <span class='ocrx_word' id='word_1_391' title='bbox 2552 1749 2779 1820; x_wconf 88' lang='lat' dir='ltr'><strong>septem</strong></span> <span class='ocrx_word' id='word_1_392' title='bbox 2806 1742 3048 1822; x_wconf 77' lang='lat' dir='ltr'><strong>spiritus</strong></span> <span class='ocrx_word' id='word_1_393' title='bbox 3071 1740 3333 1809; x_wconf 66' lang='lat' dir='ltr'><strong>malitiae;</strong></span> <span class='ocrx_word' id='word_1_394' title='bbox 3356 1749 3418 1801; x_wconf 92' lang='lat' dir='ltr'><strong>ut</strong></span> <span class='ocrx_word' id='word_1_395' title='bbox 3446 1740 3599 1802; x_wconf 89' lang='lat' dir='ltr'><strong>sicut</strong></span> <span class='ocrx_word' id='word_1_396' title='bbox 3630 1749 3721 1801; x_wconf 89' lang='lat' dir='ltr'><strong>est</strong></span> 
     </span>
    </p>
   </div>
   <div class='ocr_carea' id='block_1_47' title="bbox 2080 1825 3717 1910">
    <p class='ocr_par' dir='ltr' id='par_1_47' title="bbox 2080 1825 3717 1910">
     <span class='ocr_line' id='line_1_49' title="bbox 2080 1825 3717 1910; baseline 0.001 -23"><span class='ocrx_word' id='word_1_397' title='bbox 2080 1827 2189 1907; x_wconf 74' lang='lat' dir='ltr'><strong>spii</strong></span> <span class='ocrx_word' id='word_1_398' title='bbox 2209 1825 2322 1887; x_wconf 89' lang='lat' dir='ltr'><strong>itus</strong></span> <span class='ocrx_word' id='word_1_399' title='bbox 2357 1827 2585 1890; x_wconf 89' lang='lat' dir='ltr'><strong>timoris</strong></span> <span class='ocrx_word' id='word_1_400' title='bbox 2615 1829 2743 1903; x_wconf 87' lang='lat' dir='ltr'><strong>Dei,</strong></span> <span class='ocrx_word' id='word_1_401' title='bbox 2772 1830 2850 1891; x_wconf 89' lang='lat' dir='ltr'><strong>ita</strong></span> <span class='ocrx_word' id='word_1_402' title='bbox 2874 1839 2937 1892; x_wconf 91' lang='lat' dir='ltr'><strong>ut</strong></span> <span class='ocrx_word' id='word_1_403' title='bbox 2968 1849 3001 1892; x_wconf 93' lang='lat' dir='ltr'><strong>e</strong></span> <span class='ocrx_word' id='word_1_404' title='bbox 3033 1830 3267 1891; x_wconf 90' lang='lat' dir='ltr'><strong>diverso</strong></span> <span class='ocrx_word' id='word_1_405' title='bbox 3297 1829 3537 1910; x_wconf 88' lang='lat' dir='ltr'><strong>spiritus</strong></span> <span class='ocrx_word' id='word_1_406' title='bbox 3569 1847 3717 1889; x_wconf 83' lang='lat' dir='ltr'><strong>con-</strong></span> 
     </span>
    </p>
   </div>
   <div class='ocr_carea' id='block_1_48' title="bbox 2079 1914 3714 1999">
    <p class='ocr_par' dir='ltr' id='par_1_48' title="bbox 2079 1914 3714 1999">
     <span class='ocr_line' id='line_1_50' title="bbox 2079 1914 3714 1999; baseline 0 -23"><span class='ocrx_word' id='word_1_407' title='bbox 2079 1923 2333 1997; x_wconf 90' lang='lat' dir='ltr'><strong>temptus</strong></span> <span class='ocrx_word' id='word_1_408' title='bbox 2363 1914 2468 1977; x_wconf 90' lang='lat' dir='ltr'><strong>Dei</strong></span> <span class='ocrx_word' id='word_1_409' title='bbox 2500 1926 2557 1978; x_wconf 91' lang='lat' dir='ltr'><strong>et</strong></span> <span class='ocrx_word' id='word_1_410' title='bbox 2586 1918 2929 1997; x_wconf 89' lang='lat' dir='ltr'><strong>impietatis.</strong></span> <span class='ocrx_word' id='word_1_411' title='bbox 2959 1921 3062 1982; x_wconf 89' lang='lat' dir='ltr'><strong>Est</strong></span> <span class='ocrx_word' id='word_1_412' title='bbox 3082 1919 3327 1999; x_wconf 87' lang='lat' dir='ltr'><strong>spiritus</strong></span> <span class='ocrx_word' id='word_1_413' title='bbox 3358 1918 3714 1988; x_wconf 82' lang='lat' dir='ltr'><strong>intellectus,</strong></span> 
     </span>
    </p>
   </div>
   <div class='ocr_carea' id='block_1_49' title="bbox 2078 2007 3715 2089">
    <p class='ocr_par' dir='ltr' id='par_1_49' title="bbox 2078 2007 3715 2089">
     <span class='ocr_line' id='line_1_51' title="bbox 2078 2007 3715 2089; baseline 0.002 -23"><span class='ocrx_word' id='word_1_414' title='bbox 2078 2014 2220 2068; x_wconf 91' lang='lat' dir='ltr'><strong>este</strong></span> <span class='ocrx_word' id='word_1_415' title='bbox 2246 2007 2478 2069; x_wconf 81' lang='lat' dir='ltr'><strong>diverso</strong></span> <span class='ocrx_word' id='word_1_416' title='bbox 2507 2009 2751 2089; x_wconf 84' lang='lat' dir='ltr'><strong>spiritus</strong></span> <span class='ocrx_word' id='word_1_417' title='bbox 2778 2010 3160 2072; x_wconf 88' lang='lat' dir='ltr'><strong>hebetudinis</strong></span> <span class='ocrx_word' id='word_1_418' title='bbox 3179 2010 3482 2071; x_wconf 91' lang='lat' dir='ltr'><strong>intellectu</strong></span> <span class='ocrx_word' id='word_1_419' title='bbox 3504 2028 3715 2072; x_wconf 88' lang='lat' dir='ltr'><strong>caren-</strong></span> 
     </span>
    </p>
   </div>
   <div class='ocr_carea' id='block_1_50' title="bbox 2079 2097 3715 2183">
    <p class='ocr_par' dir='ltr' id='par_1_50' title="bbox 2079 2097 3715 2183">
     <span class='ocr_line' id='line_1_52' title="bbox 2079 2097 3715 2183; baseline -0.001 -26"><span class='ocrx_word' id='word_1_420' title='bbox 2079 2097 2242 2169; x_wconf 89' lang='lat' dir='ltr'><strong>tis,et</strong></span> <span class='ocrx_word' id='word_1_421' title='bbox 2272 2100 2357 2161; x_wconf 89' lang='lat' dir='ltr'><strong>sic</strong></span> <span class='ocrx_word' id='word_1_422' title='bbox 2381 2100 2455 2161; x_wconf 91' lang='lat' dir='ltr'><strong>de</strong></span> <span class='ocrx_word' id='word_1_423' title='bbox 2478 2101 2844 2183; x_wconf 79' lang='lat' dir='ltr'><strong>aliis.ltaque</strong></span> <span class='ocrx_word' id='word_1_424' title='bbox 2870 2103 2985 2164; x_wconf 91' lang='lat' dir='ltr'><strong>nisi</strong></span> <span class='ocrx_word' id='word_1_425' title='bbox 3004 2104 3316 2183; x_wconf 86' lang='lat' dir='ltr'><strong>ejiciantur</strong></span> <span class='ocrx_word' id='word_1_426' title='bbox 3335 2111 3563 2181; x_wconf 85' lang='lat' dir='ltr'><strong>septem</strong></span> <span class='ocrx_word' id='word_1_427' title='bbox 3588 2099 3715 2178; x_wconf 81' lang='lat' dir='ltr'><strong>Spi-</strong></span> 
     </span>
    </p>
   </div>
   <div class='ocr_carea' id='block_1_51' title="bbox 2076 2186 3716 2272">
    <p class='ocr_par' dir='ltr' id='par_1_51' title="bbox 2076 2186 3716 2272">
     <span class='ocr_line' id='line_1_53' title="bbox 2076 2186 3716 2272; baseline -0.001 -24"><span class='ocrx_word' id='word_1_428' title='bbox 2076 2186 2227 2249; x_wconf 89' lang='lat' dir='ltr'><strong>ritus</strong></span> <span class='ocrx_word' id='word_1_429' title='bbox 2286 2189 2527 2252; x_wconf 64' lang='lat' dir='ltr'><strong>malitiaa</strong></span> <span class='ocrx_word' id='word_1_430' title='bbox 2582 2190 2656 2253; x_wconf 91' lang='lat' dir='ltr'><strong>ab</strong></span> <span class='ocrx_word' id='word_1_431' title='bbox 2706 2194 2927 2263; x_wconf 85' lang='lat' dir='ltr'><strong>anima,</strong></span> <span class='ocrx_word' id='word_1_432' title='bbox 2982 2212 3101 2253; x_wconf 90' lang='lat' dir='ltr'><strong>non</strong></span> <span class='ocrx_word' id='word_1_433' title='bbox 3135 2198 3354 2272; x_wconf 68' lang='lat' dir='ltr'><strong>&#39;potest</strong></span> <span class='ocrx_word' id='word_1_434' title='bbox 3388 2189 3519 2271; x_wconf 87' lang='lat' dir='ltr'><strong>quis</strong></span> <span class='ocrx_word' id='word_1_435' title='bbox 3548 2187 3716 2267; x_wconf 80' lang='lat' dir='ltr'><strong>sequi</strong></span> 
     </span>
    </p>
   </div>
   <div class='ocr_carea' id='block_1_52' title="bbox 2076 2277 3713 2363">
    <p class='ocr_par' dir='ltr' id='par_1_52' title="bbox 2076 2277 3713 2363">
     <span class='ocr_line' id='line_1_54' title="bbox 2076 2277 3713 2363; baseline -0.001 -24"><span class='ocrx_word' id='word_1_436' title='bbox 2076 2277 2394 2340; x_wconf 89' lang='lat' dir='ltr'><strong>Christum.</strong></span> <span class='ocrx_word' id='word_1_437' title='bbox 2431 2278 2678 2358; x_wconf 86' lang='lat' dir='ltr'><strong>Oportet</strong></span> <span class='ocrx_word' id='word_1_438' title='bbox 2708 2282 2867 2344; x_wconf 88' lang='lat' dir='ltr'><strong>enim</strong></span> <span class='ocrx_word' id='word_1_439' title='bbox 2903 2282 3156 2363; x_wconf 92' lang='lat' dir='ltr'><strong>primum</strong></span> <span class='ocrx_word' id='word_1_440' title='bbox 3188 2279 3325 2361; x_wconf 89' lang='lat' dir='ltr'><strong>ejici</strong></span> <span class='ocrx_word' id='word_1_441' title='bbox 3354 2280 3713 2357; x_wconf 79' lang='lat' dir='ltr'><strong>daemonem,</strong></span> 
     </span>
    </p>
   </div>
   <div class='ocr_carea' id='block_1_53' title="bbox 2076 2368 3014 2435">
    <p class='ocr_par' dir='ltr' id='par_1_53' title="bbox 2076 2368 3014 2435">
     <span class='ocr_line' id='line_1_55' title="bbox 2076 2368 3014 2435; baseline 0.011 -10"><span class='ocrx_word' id='word_1_442' title='bbox 2076 2374 2133 2426; x_wconf 90' lang='lat' dir='ltr'><strong>et</strong></span> <span class='ocrx_word' id='word_1_443' title='bbox 2166 2374 2307 2429; x_wconf 85' lang='lat' dir='ltr'><strong>tunc</strong></span> <span class='ocrx_word' id='word_1_444' title='bbox 2330 2368 2662 2432; x_wconf 87' lang='lat' dir='ltr'><strong>inhabitare</strong></span> <span class='ocrx_word' id='word_1_445' title='bbox 2694 2370 3014 2435; x_wconf 88' lang='lat' dir='ltr'><strong>Christum.</strong></span> 
     </span>
    </p>
   </div>
   <div class='ocr_carea' id='block_1_54' title="bbox 2077 2447 3710 2533">
    <p class='ocr_par' dir='ltr' id='par_1_54' title="bbox 2077 2447 3710 2533">
     <span class='ocr_line' id='line_1_56' title="bbox 2077 2447 3710 2533; baseline 0.002 -29"><span class='ocrx_word' id='word_1_446' title='bbox 2077 2447 2329 2511; x_wconf 71' lang='lat' dir='ltr'><strong>Vens.4-</strong></span> <span class='ocrx_word' id='word_1_447' title='bbox 2346 2452 2438 2512; x_wconf 89' lang='lat' dir='ltr'><strong>lO.</strong></span> <span class='ocrx_word' id='word_1_448' title='bbox 2456 2477 2472 2503; x_wconf 74' lang='grc' dir='ltr'><strong>ε</strong></span> <span class='ocrx_word' id='word_1_449' title='bbox 2489 2451 2634 2513; x_wconf 92' lang='lat' dir='ltr'><strong>Cum</strong></span> <span class='ocrx_word' id='word_1_450' title='bbox 2654 2461 2848 2513; x_wconf 88' lang='lat' dir='ltr'><strong>autem</strong></span> <span class='ocrx_word' id='word_1_451' title='bbox 2876 2451 3045 2514; x_wconf 88' lang='lat' dir='ltr'><strong>turba</strong></span> <span class='ocrx_word' id='word_1_452' title='bbox 3065 2451 3322 2533; x_wconf 90' lang='lat' dir='ltr'><strong>plurima</strong></span> <span class='ocrx_word' id='word_1_453' title='bbox 3343 2450 3710 2523; x_wconf 88' lang='lat' dir='ltr'><strong>conveniret,</strong></span> 
     </span>
    </p>
   </div>
   <div class='ocr_carea' id='block_1_55' title="bbox 2073 2536 3717 2622">
    <p class='ocr_par' dir='ltr' id='par_1_55' title="bbox 2073 2536 3717 2622">
     <span class='ocr_line' id='line_1_57' title="bbox 2073 2536 3717 2622; baseline 0.001 -25"><span class='ocrx_word' id='word_1_454' title='bbox 2073 2544 2126 2597; x_wconf 90' lang='lat' dir='ltr'><strong>et</strong></span> <span class='ocrx_word' id='word_1_455' title='bbox 2143 2536 2431 2617; x_wconf 82' lang='lat' dir='ltr'><strong>esingulis</strong></span> <span class='ocrx_word' id='word_1_456' title='bbox 2450 2539 2783 2603; x_wconf 90' lang='lat' dir='ltr'><strong>civitatibus</strong></span> <span class='ocrx_word' id='word_1_457' title='bbox 2801 2560 2905 2621; x_wconf 92' lang='lat' dir='ltr'><strong>pro</strong></span> <span class='ocrx_word' id='word_1_458' title='bbox 2916 2541 3272 2622; x_wconf 89' lang='lat' dir='ltr'><strong>perarentad</strong></span> <span class='ocrx_word' id='word_1_459' title='bbox 3288 2538 3600 2609; x_wconf 83' lang='lat' dir='ltr'><strong>eum,dixit</strong></span> <span class='ocrx_word' id='word_1_460' title='bbox 3615 2556 3717 2616; x_wconf 87' lang='lat' dir='ltr'><strong>per</strong></span> 
     </span>
    </p>
   </div>
   <div class='ocr_carea' id='block_1_56' title="bbox 2072 2623 3718 2710">
    <p class='ocr_par' dir='ltr' id='par_1_56' title="bbox 2072 2623 3718 2710">
     <span class='ocr_line' id='line_1_58' title="bbox 2072 2623 3718 2710; baseline 0.002 -27"><span class='ocrx_word' id='word_1_461' title='bbox 2072 2623 2821 2710; x_wconf 81' lang='lat' dir='ltr'><strong>similitudinem:Exiitqui</strong></span> <span class='ocrx_word' id='word_1_462' title='bbox 2839 2640 3165 2691; x_wconf 72' lang='lat' dir='ltr'><strong>sementem</strong></span> <span class='ocrx_word' id='word_1_463' title='bbox 3182 2629 3524 2692; x_wconf 69' lang='lat' dir='ltr'><strong>faciebatad</strong></span> <span class='ocrx_word' id='word_1_464' title='bbox 3540 2628 3718 2689; x_wconf 87' lang='lat' dir='ltr'><strong>semi-</strong></span> 
     </span>
    </p>
   </div>
   <div class='ocr_carea' id='block_1_57' title="bbox 2074 2714 3713 2792">
    <p class='ocr_par' dir='ltr' id='par_1_57' title="bbox 2074 2714 3713 2792">
     <span class='ocr_line' id='line_1_59' title="bbox 2074 2714 3713 2792; baseline 0.002 -19"><span class='ocrx_word' id='word_1_465' title='bbox 2074 2714 2334 2778; x_wconf 89' lang='lat' dir='ltr'><strong>nandum</strong></span> <span class='ocrx_word' id='word_1_466' title='bbox 2365 2734 2571 2778; x_wconf 89' lang='lat' dir='ltr'><strong>semen</strong></span> <span class='ocrx_word' id='word_1_467' title='bbox 2603 2737 2770 2779; x_wconf 91' lang='lat' dir='ltr'><strong>suum</strong></span> <span class='ocrx_word' id='word_1_468' title='bbox 2808 2739 2822 2777; x_wconf 91' lang='lat'><strong>:</strong></span> <span class='ocrx_word' id='word_1_469' title='bbox 2857 2727 2916 2780; x_wconf 90' lang='lat' dir='ltr'><strong>et</strong></span> <span class='ocrx_word' id='word_1_470' title='bbox 2938 2720 3091 2781; x_wconf 90' lang='lat' dir='ltr'><strong>inter</strong></span> <span class='ocrx_word' id='word_1_471' title='bbox 3107 2717 3713 2792; x_wconf 87' lang='lat' dir='ltr'><strong>seminandum,aliud</strong></span> 
     </span>
    </p>
   </div>
   <div class='ocr_carea' id='block_1_58' title="bbox 2075 2803 3716 2889">
    <p class='ocr_par' dir='ltr' id='par_1_58' title="bbox 2075 2803 3716 2889">
     <span class='ocr_line' id='line_1_60' title="bbox 2075 2803 3716 2889; baseline 0.002 -26"><span class='ocrx_word' id='word_1_472' title='bbox 2075 2803 2294 2865; x_wconf 88' lang='lat' dir='ltr'><strong>cecidit</strong></span> <span class='ocrx_word' id='word_1_473' title='bbox 2324 2805 2482 2867; x_wconf 91' lang='lat' dir='ltr'><strong>circa</strong></span> <span class='ocrx_word' id='word_1_474' title='bbox 2512 2808 2689 2886; x_wconf 87' lang='lat' dir='ltr'><strong>viam,</strong></span> <span class='ocrx_word' id='word_1_475' title='bbox 2720 2816 2776 2869; x_wconf 90' lang='lat' dir='ltr'><strong>et</strong></span> <span class='ocrx_word' id='word_1_476' title='bbox 2807 2809 3213 2871; x_wconf 88' lang='lat' dir='ltr'><strong>conculcatum</strong></span> <span class='ocrx_word' id='word_1_477' title='bbox 3250 2815 3427 2889; x_wconf 81' lang='lat' dir='ltr'><strong>est,et</strong></span> <span class='ocrx_word' id='word_1_478' title='bbox 3448 2808 3716 2869; x_wconf 87' lang='lat' dir='ltr'><strong>volucres</strong></span> 
     </span>
    </p>
   </div>
   <div class='ocr_carea' id='block_1_59' title="bbox 2072 2892 3729 2977">
    <p class='ocr_par' dir='ltr' id='par_1_59' title="bbox 2072 2892 3729 2977">
     <span class='ocr_line' id='line_1_61' title="bbox 2072 2892 3729 2977; baseline 0 -22"><span class='ocrx_word' id='word_1_479' title='bbox 2072 2892 2203 2955; x_wconf 76' lang='lat' dir='ltr'><strong>coeli</strong></span> <span class='ocrx_word' id='word_1_480' title='bbox 2219 2893 2610 2957; x_wconf 85' lang='lat' dir='ltr'><strong>comederunt</strong></span> <span class='ocrx_word' id='word_1_481' title='bbox 2626 2896 3048 2960; x_wconf 85' lang='lat' dir='ltr'><strong>illud.Etaliud</strong></span> <span class='ocrx_word' id='word_1_482' title='bbox 3062 2898 3276 2960; x_wconf 90' lang='lat' dir='ltr'><strong>cecidit</strong></span> <span class='ocrx_word' id='word_1_483' title='bbox 3291 2914 3474 2977; x_wconf 92' lang='lat' dir='ltr'><strong>super</strong></span> <span class='ocrx_word' id='word_1_484' title='bbox 3488 2904 3729 2976; x_wconf 21' lang='lat' dir='ltr'><strong>petram,</strong></span> 
     </span>
    </p>
   </div>
   <div class='ocr_carea' id='block_1_60' title="bbox 2072 2984 3716 3065">
    <p class='ocr_par' dir='ltr' id='par_1_60' title="bbox 2072 2984 3716 3065">
     <span class='ocr_line' id='line_1_62' title="bbox 2072 2984 3716 3065; baseline -0.001 -23"><span class='ocrx_word' id='word_1_485' title='bbox 2072 2995 2129 3042; x_wconf 88' lang='lat' dir='ltr'><strong>et</strong></span> <span class='ocrx_word' id='word_1_486' title='bbox 2162 2990 2400 3043; x_wconf 86' lang='lat' dir='ltr'><strong>enatum</strong></span> <span class='ocrx_word' id='word_1_487' title='bbox 2428 2986 2601 3065; x_wconf 84' lang='lat' dir='ltr'><strong>aruit,</strong></span> <span class='ocrx_word' id='word_1_488' title='bbox 2636 2985 2771 3065; x_wconf 85' lang='lat' dir='ltr'><strong>quia</strong></span> <span class='ocrx_word' id='word_1_489' title='bbox 2819 3005 2936 3046; x_wconf 92' lang='lat' dir='ltr'><strong>non</strong></span> <span class='ocrx_word' id='word_1_490' title='bbox 2988 2985 3244 3047; x_wconf 91' lang='lat' dir='ltr'><strong>habebat</strong></span> <span class='ocrx_word' id='word_1_491' title='bbox 3273 2986 3612 3047; x_wconf 86' lang='lat' dir='ltr'><strong>humorem.</strong></span> <span class='ocrx_word' id='word_1_492' title='bbox 3646 2984 3716 3044; x_wconf 84' lang='lat' dir='ltr'><strong>Et.</strong></span> 
     </span>
    </p>
   </div>
   <div class='ocr_carea' id='block_1_61' title="bbox 2070 3060 3813 3153">
    <p class='ocr_par' dir='ltr' id='par_1_61' title="bbox 2070 3060 3813 3153">
     <span class='ocr_line' id='line_1_63' title="bbox 2070 3060 3813 3153; baseline 0.002 -23"><span class='ocrx_word' id='word_1_493' title='bbox 2070 3070 2229 3131; x_wconf 91' lang='lat' dir='ltr'><strong>aliud</strong></span> <span class='ocrx_word' id='word_1_494' title='bbox 2281 3070 2499 3134; x_wconf 89' lang='lat' dir='ltr'><strong>cecidit</strong></span> <span class='ocrx_word' id='word_1_495' title='bbox 2546 3060 2698 3135; x_wconf 78' lang='lat' dir='ltr'><strong>inter</strong></span> <span class='ocrx_word' id='word_1_496' title='bbox 2754 3075 2977 3153; x_wconf 89' lang='lat' dir='ltr'><strong>spinas,</strong></span> <span class='ocrx_word' id='word_1_497' title='bbox 3014 3082 3071 3135; x_wconf 91' lang='lat' dir='ltr'><strong>et</strong></span> <span class='ocrx_word' id='word_1_498' title='bbox 3101 3074 3275 3137; x_wconf 92' lang='lat' dir='ltr'><strong>simul</strong></span> <span class='ocrx_word' id='word_1_499' title='bbox 3310 3082 3496 3135; x_wconf 64' lang='lat' dir='ltr'><strong>enata:</strong></span> <span class='ocrx_word' id='word_1_500' title='bbox 3526 3073 3712 3153; x_wconf 72' lang='lat' dir='ltr'><strong>spina:</strong></span> <span class='ocrx_word' id='word_1_501' title='bbox 3796 3060 3813 3081; x_wconf 71' lang='grc'><strong><em>³</em></strong></span> 
     </span>
    </p>
   </div>
   <div class='ocr_carea' id='block_1_62' title="bbox 334 3160 1987 3245">
    <p class='ocr_par' dir='ltr' id='par_1_62' title="bbox 334 3164 1985 3245">
     <span class='ocr_line' id='line_1_64' title="bbox 334 3164 1985 3245; baseline -0.002 -21"><span class='ocrx_word' id='word_1_502' title='bbox 334 3172 384 3224; x_wconf 80' lang='grc' dir='ltr'>αἱ</span> <span class='ocrx_word' id='word_1_503' title='bbox 426 3168 643 3225; x_wconf 70' lang='grc' dir='ltr'>ἄκανθαι</span> <span class='ocrx_word' id='word_1_504' title='bbox 703 3168 991 3233; x_wconf 70' lang='grc' dir='ltr'>ἀπέπνιξαν</span> <span class='ocrx_word' id='word_1_505' title='bbox 1051 3168 1199 3229; x_wconf 77' lang='grc' dir='ltr'>αύτό.</span> <span class='ocrx_word' id='word_1_506' title='bbox 1270 3169 1367 3225; x_wconf 86' lang='grc' dir='ltr'>Καὶ</span> <span class='ocrx_word' id='word_1_507' title='bbox 1430 3165 1608 3245; x_wconf 75' lang='grc' dir='ltr'>ἕτερον</span> <span class='ocrx_word' id='word_1_508' title='bbox 1668 3164 1854 3221; x_wconf 73' lang='grc' dir='ltr'>ἔπεσεν</span> <span class='ocrx_word' id='word_1_509' title='bbox 1912 3166 1985 3226; x_wconf 75' lang='grc' dir='ltr'><strong>εἰς</strong></span> 
     </span>
    </p>
   </div>
   <div class='ocr_carea' id='block_1_63' title="bbox 2073 3160 3713 3245">
    <p class='ocr_par' dir='ltr' id='par_1_63' title="bbox 2073 3160 3713 3226">
     <span class='ocr_line' id='line_1_65' title="bbox 2073 3160 3713 3226; baseline 0.002 -7"><span class='ocrx_word' id='word_1_510' title='bbox 2073 3160 2505 3223; x_wconf 73' lang='lat' dir='ltr'><strong>suffocaverunt</strong></span> <span class='ocrx_word' id='word_1_511' title='bbox 2534 3161 2706 3226; x_wconf 89' lang='lat' dir='ltr'><strong>illud.</strong></span> <span class='ocrx_word' id='word_1_512' title='bbox 2741 3161 2809 3224; x_wconf 91' lang='lat' dir='ltr'><strong>Et</strong></span> <span class='ocrx_word' id='word_1_513' title='bbox 2838 3162 2999 3224; x_wconf 88' lang='lat' dir='ltr'><strong>aliud</strong></span> <span class='ocrx_word' id='word_1_514' title='bbox 3030 3162 3244 3225; x_wconf 83' lang='lat' dir='ltr'><strong>cecidit</strong></span> <span class='ocrx_word' id='word_1_515' title='bbox 3273 3163 3334 3223; x_wconf 92' lang='lat' dir='ltr'><strong>in</strong></span> <span class='ocrx_word' id='word_1_516' title='bbox 3370 3170 3585 3225; x_wconf 83' lang='lat' dir='ltr'><strong>terram</strong></span> <span class='ocrx_word' id='word_1_517' title='bbox 3610 3161 3713 3222; x_wconf 89' lang='lat' dir='ltr'><strong>bo-</strong></span> 
     </span>
    </p>
   </div>
   <div class='ocr_carea' id='block_1_64' title="bbox 334 3254 1984 3336">
    <p class='ocr_par' dir='ltr' id='par_1_64' title="bbox 334 3254 1984 3336">
     <span class='ocr_line' id='line_1_66' title="bbox 334 3254 1984 3336; baseline -0.002 -23"><span class='ocrx_word' id='word_1_518' title='bbox 334 3257 434 3325; x_wconf 71' lang='lat' dir='ltr'><strong>tr‘w</strong></span> <span class='ocrx_word' id='word_1_519' title='bbox 469 3262 571 3335; x_wconf 82' lang='grc' dir='ltr'><strong>γῆν</strong></span> <span class='ocrx_word' id='word_1_520' title='bbox 602 3258 702 3325; x_wconf 74' lang='grc' dir='ltr'><strong>τὴν</strong></span> <span class='ocrx_word' id='word_1_521' title='bbox 759 3257 986 3335; x_wconf 70' lang='grc' dir='ltr'>ἀγαθὴν,</span> <span class='ocrx_word' id='word_1_522' title='bbox 1040 3258 1127 3312; x_wconf 83' lang='grc' dir='ltr'><strong>καὶ</strong></span> <span class='ocrx_word' id='word_1_523' title='bbox 1179 3256 1303 3336; x_wconf 76' lang='grc' dir='ltr'>φυὲν</span> <span class='ocrx_word' id='word_1_524' title='bbox 1350 3256 1797 3336; x_wconf 17' lang='grc' dir='ltr'>ἒποίησελκαρπὸν</span> <span class='ocrx_word' id='word_1_525' title='bbox 1855 3254 1984 3309; x_wconf 74' lang='grc' dir='ltr'>ἐκα-</span> 
     </span>
    </p>
   </div>
   <div class='ocr_carea' id='block_1_65' title="bbox 332 3334 1988 3424">
    <p class='ocr_par' dir='ltr' id='par_1_65' title="bbox 332 3334 1988 3424">
     <span class='ocr_line' id='line_1_67' title="bbox 332 3334 1988 3424; baseline -0.001 -22"><span class='ocrx_word' id='word_1_526' title='bbox 332 3345 776 3403; x_wconf 82' lang='grc' dir='ltr'>τονταπλασίονα.</span> <span class='ocrx_word' id='word_1_527' title='bbox 824 3348 995 3404; x_wconf 75' lang='grc' dir='ltr'>Ταῦτα</span> <span class='ocrx_word' id='word_1_528' title='bbox 1039 3343 1234 3423; x_wconf 72' lang='grc' dir='ltr'>λέγων,</span> <span class='ocrx_word' id='word_1_529' title='bbox 1296 3344 1507 3424; x_wconf 73' lang='grc' dir='ltr'>ἐφώνει,</span> <span class='ocrx_word' id='word_1_530' title='bbox 1572 3334 1629 3402; x_wconf 66' lang='grc' dir='ltr'>Ὀ</span> <span class='ocrx_word' id='word_1_531' title='bbox 1673 3342 1817 3423; x_wconf 79' lang='grc' dir='ltr'>ἔχων</span> <span class='ocrx_word' id='word_1_532' title='bbox 1875 3345 1988 3400; x_wconf 81' lang='grc' dir='ltr'>ὦτα</span> 
     </span>
    </p>
   </div>
   <div class='ocr_carea' id='block_1_66' title="bbox 330 3425 1986 3511">
    <p class='ocr_par' dir='ltr' id='par_1_66' title="bbox 330 3425 1986 3511">
     <span class='ocr_line' id='line_1_68' title="bbox 330 3425 1986 3511; baseline -0.002 -20"><span class='ocrx_word' id='word_1_533' title='bbox 330 3436 563 3510; x_wconf 79' lang='grc' dir='ltr'>ἀκούειν,</span> <span class='ocrx_word' id='word_1_534' title='bbox 624 3435 884 3496; x_wconf 82' lang='grc' dir='ltr'>ἀκουέτω,</span> <span class='ocrx_word' id='word_1_535' title='bbox 949 3434 1278 3511; x_wconf 79' lang='grc' dir='ltr'>Ἐπηρώτων</span> <span class='ocrx_word' id='word_1_536' title='bbox 1321 3430 1377 3489; x_wconf 73' lang='grc' dir='ltr'><strong>δὲ</strong></span> <span class='ocrx_word' id='word_1_537' title='bbox 1442 3435 1598 3489; x_wconf 73' lang='grc' dir='ltr'>αὐτὸν</span> <span class='ocrx_word' id='word_1_538' title='bbox 1649 3436 1695 3488; x_wconf 79' lang='grc' dir='ltr'>οἱ</span> <span class='ocrx_word' id='word_1_539' title='bbox 1755 3425 1986 3507; x_wconf 82' lang='grc' dir='ltr'>μαθηταὶ</span> 
     </span>
    </p>
   </div>
   <div class='ocr_carea' id='block_1_67' title="bbox 328 3513 1985 3603">
    <p class='ocr_par' dir='ltr' id='par_1_67' title="bbox 328 3513 1985 3603">
     <span class='ocr_line' id='line_1_69' title="bbox 328 3513 1985 3603; baseline -0.002 -23"><span class='ocrx_word' id='word_1_540' title='bbox 328 3526 509 3603; x_wconf 65' lang='grc' dir='ltr'>ασῦτοῦ,</span> <span class='ocrx_word' id='word_1_541' title='bbox 559 3523 829 3602; x_wconf 81' lang='grc' dir='ltr'>λέγοντες.</span> <span class='ocrx_word' id='word_1_542' title='bbox 891 3524 970 3589; x_wconf 88' lang='grc' dir='ltr'><strong>τίς</strong></span> <span class='ocrx_word' id='word_1_543' title='bbox 1027 3524 1118 3591; x_wconf 76' lang='grc' dir='ltr'><strong>εἴη</strong></span> <span class='ocrx_word' id='word_1_544' title='bbox 1181 3526 1215 3591; x_wconf 72' lang='grc' dir='ltr'>ἡ</span> <span class='ocrx_word' id='word_1_545' title='bbox 1270 3520 1549 3602; x_wconf 77' lang='grc' dir='ltr'>παραϐολὴ</span> <span class='ocrx_word' id='word_1_546' title='bbox 1607 3523 1782 3598; x_wconf 79' lang='grc' dir='ltr'>αὕτη;</span> <span class='ocrx_word' id='word_1_547' title='bbox 1830 3513 1887 3577; x_wconf 65' lang='grc' dir='ltr'>Ὀ</span> <span class='ocrx_word' id='word_1_548' title='bbox 1932 3519 1985 3576; x_wconf 77' lang='grc' dir='ltr'><strong>δὲ</strong></span> 
     </span>
    </p>
   </div>
   <div class='ocr_carea' id='block_1_68' title="bbox 329 3605 1981 3689">
    <p class='ocr_par' dir='ltr' id='par_1_68' title="bbox 329 3605 1981 3689">
     <span class='ocr_line' id='line_1_70' title="bbox 329 3605 1981 3689; baseline -0.002 -20"><span class='ocrx_word' id='word_1_549' title='bbox 329 3613 484 3670; x_wconf 74' lang='grc' dir='ltr'>εἶπεν</span> <span class='ocrx_word' id='word_1_550' title='bbox 519 3628 533 3645; x_wconf 85' lang='grc'><em>’</em></span> <span class='ocrx_word' id='word_1_551' title='bbox 583 3605 741 3688; x_wconf 67' lang='grc' dir='ltr'>Ὑμῖν</span> <span class='ocrx_word' id='word_1_552' title='bbox 804 3611 1008 3669; x_wconf 83' lang='grc' dir='ltr'>δέδοται</span> <span class='ocrx_word' id='word_1_553' title='bbox 1052 3618 1250 3688; x_wconf 80' lang='grc' dir='ltr'>γνῶναι</span> <span class='ocrx_word' id='word_1_554' title='bbox 1280 3613 1347 3669; x_wconf 77' lang='grc' dir='ltr'><strong>τὰ</strong></span> <span class='ocrx_word' id='word_1_555' title='bbox 1391 3612 1655 3689; x_wconf 72' lang='grc' dir='ltr'>μυστήρια</span> <span class='ocrx_word' id='word_1_556' title='bbox 1698 3616 1794 3678; x_wconf 76' lang='grc' dir='ltr'><strong>τῆς</strong></span> <span class='ocrx_word' id='word_1_557' title='bbox 1824 3611 1981 3687; x_wconf 87' lang='grc' dir='ltr'>βασι-</span> 
     </span>
    </p>
   </div>
   <div class='ocr_carea' id='block_1_69' title="bbox 328 3698 1986 3779">
    <p class='ocr_par' dir='ltr' id='par_1_69' title="bbox 328 3698 1986 3779">
     <span class='ocr_line' id='line_1_71' title="bbox 328 3698 1986 3779; baseline -0.002 -21"><span class='ocrx_word' id='word_1_558' title='bbox 328 3701 471 3767; x_wconf 79' lang='grc' dir='ltr'>λείας</span> <span class='ocrx_word' id='word_1_559' title='bbox 526 3711 620 3760; x_wconf 79' lang='grc' dir='ltr'>τοῦ</span> <span class='ocrx_word' id='word_1_560' title='bbox 668 3711 822 3776; x_wconf 80' lang='grc' dir='ltr'>Θεοῦ,</span> <span class='ocrx_word' id='word_1_561' title='bbox 882 3715 1003 3766; x_wconf 85' lang='grc' dir='ltr'>τοῖς</span> <span class='ocrx_word' id='word_1_562' title='bbox 1060 3700 1115 3758; x_wconf 77' lang='grc' dir='ltr'><strong>δὲ</strong></span> <span class='ocrx_word' id='word_1_563' title='bbox 1162 3699 1378 3765; x_wconf 89' lang='grc' dir='ltr'>λοιποῖς</span> <span class='ocrx_word' id='word_1_564' title='bbox 1409 3701 1464 3757; x_wconf 85' lang='grc' dir='ltr'>ἐν</span> <span class='ocrx_word' id='word_1_565' title='bbox 1508 3698 1863 3779; x_wconf 81' lang='grc' dir='ltr'>παραϐολαῖς,</span> <span class='ocrx_word' id='word_1_566' title='bbox 1891 3699 1986 3755; x_wconf 68' lang='grc' dir='ltr'><strong>ἵνα</strong></span> 
     </span>
    </p>
   </div>
   <div class='ocr_carea' id='block_1_70' title="bbox 328 3789 1984 3868">
    <p class='ocr_par' dir='ltr' id='par_1_70' title="bbox 328 3789 1984 3868">
     <span class='ocr_line' id='line_1_72' title="bbox 328 3789 1984 3868; baseline -0.001 -22"><span class='ocrx_word' id='word_1_567' title='bbox 328 3791 612 3867; x_wconf 83' lang='grc' dir='ltr'>βλέποντες</span> <span class='ocrx_word' id='word_1_568' title='bbox 674 3792 751 3866; x_wconf 80' lang='grc' dir='ltr'><strong>μὴ</strong></span> <span class='ocrx_word' id='word_1_569' title='bbox 818 3789 1075 3868; x_wconf 73' lang='grc' dir='ltr'>βλέπωσι,</span> <span class='ocrx_word' id='word_1_570' title='bbox 1160 3791 1251 3846; x_wconf 84' lang='grc' dir='ltr'><strong>καὶ</strong></span> <span class='ocrx_word' id='word_1_571' title='bbox 1306 3789 1588 3852; x_wconf 87' lang='grc' dir='ltr'>ἀκούοντες</span> <span class='ocrx_word' id='word_1_572' title='bbox 1654 3789 1729 3863; x_wconf 79' lang='grc' dir='ltr'><strong>μὴ</strong></span> <span class='ocrx_word' id='word_1_573' title='bbox 1791 3794 1984 3845; x_wconf 87' lang='grc' dir='ltr'>συνιῶ-</span> 
     </span>
    </p>
   </div>
   <div class='ocr_carea' id='block_1_71' title="bbox 330 3869 1984 3956">
    <p class='ocr_par' dir='ltr' id='par_1_71' title="bbox 330 3869 1984 3956">
     <span class='ocr_line' id='line_1_73' title="bbox 330 3869 1984 3956; baseline -0.002 -20"><span class='ocrx_word' id='word_1_574' title='bbox 330 3902 434 3939; x_wconf 89' lang='grc' dir='ltr'>σιν.</span> <span class='ocrx_word' id='word_1_575' title='bbox 477 3904 500 3935; x_wconf 80' lang='grc' dir='ltr'><strong>ιι</strong></span> <span class='ocrx_word' id='word_1_576' title='bbox 568 3869 749 3949; x_wconf 69' lang='grc' dir='ltr'>’Ὅπερ</span> <span class='ocrx_word' id='word_1_577' title='bbox 780 3881 933 3936; x_wconf 77' lang='grc' dir='ltr'>εἶπεν</span> <span class='ocrx_word' id='word_1_578' title='bbox 978 3883 1006 3935; x_wconf 90' lang='lat'><strong>6</strong></span> <span class='ocrx_word' id='word_1_579' title='bbox 1056 3877 1220 3935; x_wconf 71' lang='grc' dir='ltr'>Δαυίδ</span> <span class='ocrx_word' id='word_1_580' title='bbox 1266 3877 1433 3936; x_wconf 82' lang='grc' dir='ltr'>πάλαι</span> <span class='ocrx_word' id='word_1_581' title='bbox 1464 3877 1517 3933; x_wconf 80' lang='grc' dir='ltr'>ἐν</span> <span class='ocrx_word' id='word_1_582' title='bbox 1551 3880 1819 3955; x_wconf 83' lang='grc' dir='ltr'>προσώπῳ</span> <span class='ocrx_word' id='word_1_583' title='bbox 1850 3886 1984 3956; x_wconf 82' lang='grc' dir='ltr'>Χρι-</span> 
     </span>
    </p>
   </div>
   <div class='ocr_carea' id='block_1_72' title="bbox 330 3966 1976 4048">
    <p class='ocr_par' dir='ltr' id='par_1_72' title="bbox 330 3966 1976 4048">
     <span class='ocr_line' id='line_1_74' title="bbox 330 3966 1976 4048; baseline 0 -25"><span class='ocrx_word' id='word_1_584' title='bbox 330 3977 475 4044; x_wconf 77' lang='grc' dir='ltr'>στοῦ,</span> <span class='ocrx_word' id='word_1_585' title='bbox 522 3969 678 4026; x_wconf 72' lang='grc' dir='ltr'><strong>τοῦτο</strong></span> <span class='ocrx_word' id='word_1_586' title='bbox 737 3976 822 4025; x_wconf 81' lang='grc' dir='ltr'>νῦν</span> <span class='ocrx_word' id='word_1_587' title='bbox 854 3966 1027 4034; x_wconf 79' lang='grc' dir='ltr'>ἐξέϐη.</span> <span class='ocrx_word' id='word_1_588' title='bbox 1065 3966 1284 4033; x_wconf 77' lang='grc' dir='ltr'>Ἀνοίξω</span> <span class='ocrx_word' id='word_1_589' title='bbox 1314 3969 1439 4048; x_wconf 81' lang='grc' dir='ltr'>γὰρ,</span> <span class='ocrx_word' id='word_1_590' title='bbox 1486 3969 1667 4047; x_wconf 75' lang='grc' dir='ltr'>φησὶν,</span> <span class='ocrx_word' id='word_1_591' title='bbox 1705 3967 1756 4023; x_wconf 82' lang='grc' dir='ltr'>ἐν</span> <span class='ocrx_word' id='word_1_592' title='bbox 1808 3990 1976 4046; x_wconf 82' lang='grc' dir='ltr'>παρα-</span> 
     </span>
    </p>
   </div>
   <div class='ocr_carea' id='block_1_73' title="bbox 328 4055 1985 4135">
    <p class='ocr_par' dir='ltr' id='par_1_73' title="bbox 328 4055 1985 4135">
     <span class='ocr_line' id='line_1_75' title="bbox 328 4055 1985 4135; baseline -0.001 -22"><span class='ocrx_word' id='word_1_593' title='bbox 328 4055 515 4120; x_wconf 82' lang='grc' dir='ltr'>ϐολαῖς</span> <span class='ocrx_word' id='word_1_594' title='bbox 569 4058 630 4113; x_wconf 80' lang='grc' dir='ltr'>τὸ</span> <span class='ocrx_word' id='word_1_595' title='bbox 688 4057 861 4132; x_wconf 86' lang='grc' dir='ltr'>στόμα</span> <span class='ocrx_word' id='word_1_596' title='bbox 919 4079 1039 4131; x_wconf 83' lang='grc' dir='ltr'>μου.</span> <span class='ocrx_word' id='word_1_597' title='bbox 1114 4058 1409 4135; x_wconf 73' lang='grc' dir='ltr'>Φθέγγεται</span> <span class='ocrx_word' id='word_1_598' title='bbox 1482 4058 1654 4113; x_wconf 79' lang='grc' dir='ltr'>τοίνυν</span> <span class='ocrx_word' id='word_1_599' title='bbox 1726 4059 1753 4112; x_wconf 91' lang='lat'><strong>6</strong></span> <span class='ocrx_word' id='word_1_600' title='bbox 1801 4057 1985 4135; x_wconf 83' lang='grc' dir='ltr'>Κύριος</span> 
     </span>
    </p>
   </div>
   <div class='ocr_carea' id='block_1_74' title="bbox 329 4144 1983 4226">
    <p class='ocr_par' dir='ltr' id='par_1_74' title="bbox 329 4144 1983 4226">
     <span class='ocr_line' id='line_1_76' title="bbox 329 4144 1983 4226; baseline -0.002 -23"><span class='ocrx_word' id='word_1_601' title='bbox 329 4144 700 4226; x_wconf 80' lang='grc' dir='ltr'>παραϐολικῶς</span> <span class='ocrx_word' id='word_1_602' title='bbox 744 4145 832 4202; x_wconf 73' lang='grc' dir='ltr'>διὰ</span> <span class='ocrx_word' id='word_1_603' title='bbox 891 4145 1113 4202; x_wconf 80' lang='grc' dir='ltr'>πολλὰ·</span> <span class='ocrx_word' id='word_1_604' title='bbox 1184 4149 1270 4201; x_wconf 88' lang='grc' dir='ltr'><strong>καὶ</strong></span> <span class='ocrx_word' id='word_1_605' title='bbox 1313 4146 1406 4202; x_wconf 74' lang='grc' dir='ltr'>’ἕνα</span> <span class='ocrx_word' id='word_1_606' title='bbox 1462 4146 1562 4222; x_wconf 78' lang='grc' dir='ltr'>γὰρ</span> <span class='ocrx_word' id='word_1_607' title='bbox 1618 4166 1983 4222; x_wconf 85' lang='grc' dir='ltr'>προσεκτικω-</span> 
     </span>
    </p>
   </div>
   <div class='ocr_carea' id='block_1_75' title="bbox 329 4233 1984 4314">
    <p class='ocr_par' dir='ltr' id='par_1_75' title="bbox 329 4233 1984 4314">
     <span class='ocr_line' id='line_1_77' title="bbox 329 4233 1984 4314; baseline -0.003 -22"><span class='ocrx_word' id='word_1_608' title='bbox 329 4238 507 4314; x_wconf 74' lang='grc' dir='ltr'>τέρους</span> <span class='ocrx_word' id='word_1_609' title='bbox 566 4239 769 4311; x_wconf 83' lang='grc' dir='ltr'>ποιήσῃ</span> <span class='ocrx_word' id='word_1_610' title='bbox 813 4237 934 4300; x_wconf 65' lang='grc' dir='ltr'>τοὺς</span> <span class='ocrx_word' id='word_1_611' title='bbox 999 4237 1312 4314; x_wconf 83' lang='grc' dir='ltr'>ἀκούοντας,</span> <span class='ocrx_word' id='word_1_612' title='bbox 1376 4236 1466 4290; x_wconf 88' lang='grc' dir='ltr'>καὶ</span> <span class='ocrx_word' id='word_1_613' title='bbox 1529 4233 1758 4311; x_wconf 53' lang='grc' dir='ltr'>διεγείρῃ</span> <span class='ocrx_word' id='word_1_614' title='bbox 1804 4234 1984 4296; x_wconf 69' lang='grc' dir='ltr'>αὺτοῖς</span> 
     </span>
    </p>
   </div>
   <div class='ocr_carea' id='block_1_76' title="bbox 328 4322 1986 4401">
    <p class='ocr_par' dir='ltr' id='par_1_76' title="bbox 328 4322 1986 4401">
     <span class='ocr_line' id='line_1_78' title="bbox 328 4322 1986 4401; baseline -0.002 -19"><span class='ocrx_word' id='word_1_615' title='bbox 328 4327 419 4382; x_wconf 80' lang='grc' dir='ltr'><strong>τὸν</strong></span> <span class='ocrx_word' id='word_1_616' title='bbox 452 4328 573 4382; x_wconf 84' lang='grc' dir='ltr'>νοὺν</span> <span class='ocrx_word' id='word_1_617' title='bbox 618 4327 691 4387; x_wconf 76' lang='grc' dir='ltr'>εἰς</span> <span class='ocrx_word' id='word_1_618' title='bbox 750 4326 975 4395; x_wconf 76' lang='grc' dir='ltr'>ζήτησιν</span> <span class='ocrx_word' id='word_1_619' title='bbox 1033 4333 1137 4381; x_wconf 76' lang='grc' dir='ltr'>τῶν</span> <span class='ocrx_word' id='word_1_620' title='bbox 1185 4323 1489 4401; x_wconf 82' lang='grc' dir='ltr'>λεγομένων</span> <span class='ocrx_word' id='word_1_621' title='bbox 1562 4322 1831 4397; x_wconf 76' lang='grc' dir='ltr'>Εἶώθαμεν</span> <span class='ocrx_word' id='word_1_622' title='bbox 1887 4323 1986 4401; x_wconf 75' lang='grc' dir='ltr'><strong>γὰρ</strong></span> 
     </span>
    </p>
   </div>
   <div class='ocr_carea' id='block_1_77' title="bbox 330 4411 1986 4493">
    <p class='ocr_par' dir='ltr' id='par_1_77' title="bbox 330 4411 1986 4493">
     <span class='ocr_line' id='line_1_79' title="bbox 330 4411 1986 4493; baseline -0.002 -22"><span class='ocrx_word' id='word_1_623' title='bbox 330 4416 376 4471; x_wconf 71' lang='grc' dir='ltr'>οἱ</span> <span class='ocrx_word' id='word_1_624' title='bbox 433 4413 695 4493; x_wconf 74' lang='grc' dir='ltr'>ἅνθρωποι</span> <span class='ocrx_word' id='word_1_625' title='bbox 760 4413 826 4468; x_wconf 76' lang='grc' dir='ltr'>τὰ</span> <span class='ocrx_word' id='word_1_626' title='bbox 881 4413 978 4486; x_wconf 80' lang='grc' dir='ltr'>μὲν</span> <span class='ocrx_word' id='word_1_627' title='bbox 1024 4420 1308 4475; x_wconf 81' lang='grc' dir='ltr'>σκοτεινῶς</span> <span class='ocrx_word' id='word_1_628' title='bbox 1377 4411 1641 4490; x_wconf 82' lang='grc' dir='ltr'>λεγομένα</span> <span class='ocrx_word' id='word_1_629' title='bbox 1701 4412 1986 4490; x_wconf 77' lang='grc' dir='ltr'>περιεργά-</span> 
     </span>
    </p>
   </div>
   <div class='ocr_carea' id='block_1_78' title="bbox 327 4500 1419 4581">
    <p class='ocr_par' dir='ltr' id='par_1_78' title="bbox 327 4500 1419 4581">
     <span class='ocr_line' id='line_1_80' title="bbox 327 4500 1419 4581; baseline -0.002 -24"><span class='ocrx_word' id='word_1_630' title='bbox 327 4506 528 4581; x_wconf 77' lang='grc' dir='ltr'>ζεσθαι,</span> <span class='ocrx_word' id='word_1_631' title='bbox 588 4503 652 4557; x_wconf 78' lang='grc' dir='ltr'>τὰ</span> <span class='ocrx_word' id='word_1_632' title='bbox 708 4500 763 4557; x_wconf 77' lang='grc' dir='ltr'>δὲ</span> <span class='ocrx_word' id='word_1_633' title='bbox 823 4502 965 4580; x_wconf 72' lang='grc' dir='ltr'><strong>σαφῆ</strong></span> <span class='ocrx_word' id='word_1_634' title='bbox 1024 4506 1362 4581; x_wconf 64' lang='grc' dir='ltr'>περιφρονεῖν</span> <span class='ocrx_word' id='word_1_635' title='bbox 1404 4521 1419 4535; x_wconf 77' lang='grc' dir='ltr'><strong>ο</strong></span> 
     </span>
    </p>
   </div>
   <div class='ocr_carea' id='block_1_79' title="bbox 327 4588 1982 4667">
    <p class='ocr_par' dir='ltr' id='par_1_79' title="bbox 327 4588 1982 4667">
     <span class='ocr_line' id='line_1_81' title="bbox 327 4588 1982 4667; baseline -0.002 -20"><span class='ocrx_word' id='word_1_636' title='bbox 327 4598 432 4647; x_wconf 64' lang='grc' dir='ltr'>τῶ)</span> <span class='ocrx_word' id='word_1_637' title='bbox 493 4588 875 4667; x_wconf 75' lang='grc' dir='ltr'>μυστηριωδῶς</span> <span class='ocrx_word' id='word_1_638' title='bbox 948 4588 1253 4666; x_wconf 76' lang='grc' dir='ltr'>λεγομένων</span> <span class='ocrx_word' id='word_1_639' title='bbox 1325 4592 1402 4666; x_wconf 74' lang='grc' dir='ltr'><strong>μὴ</strong></span> <span class='ocrx_word' id='word_1_640' title='bbox 1479 4590 1801 4649; x_wconf 75' lang='grc' dir='ltr'>ἔπακούωσι.</span> <span class='ocrx_word' id='word_1_641' title='bbox 1884 4588 1982 4647; x_wconf 73' lang='grc' dir='ltr'><strong>Και</strong></span> 
     </span>
    </p>
   </div>
   <div class='ocr_carea' id='block_1_80' title="bbox 328 4676 1985 4758">
    <p class='ocr_par' dir='ltr' id='par_1_80' title="bbox 328 4676 1985 4758">
     <span class='ocr_line' id='line_1_82' title="bbox 328 4676 1985 4758; baseline -0.001 -23"><span class='ocrx_word' id='word_1_642' title='bbox 328 4678 413 4736; x_wconf 75' lang='grc' dir='ltr'>διὰ</span> <span class='ocrx_word' id='word_1_643' title='bbox 464 4679 641 4735; x_wconf 74' lang='grc' dir='ltr'>πολλὰ</span> <span class='ocrx_word' id='word_1_644' title='bbox 685 4676 822 4734; x_wconf 72' lang='grc' dir='ltr'>ἄλλα</span> <span class='ocrx_word' id='word_1_645' title='bbox 867 4680 920 4734; x_wconf 80' lang='grc' dir='ltr'>ἐν</span> <span class='ocrx_word' id='word_1_646' title='bbox 982 4677 1316 4757; x_wconf 83' lang='grc' dir='ltr'>παραϐολαῖς</span> <span class='ocrx_word' id='word_1_647' title='bbox 1375 4679 1682 4758; x_wconf 67' lang='grc' dir='ltr'>φθέγγεται.</span> <span class='ocrx_word' id='word_1_648' title='bbox 1737 4677 1985 4743; x_wconf 64' lang='grc' dir='ltr'>Ἐξηλθεν</span> 
     </span>
    </p>
   </div>
   <div class='ocr_carea' id='block_1_81' title="bbox 333 4766 1986 4847">
    <p class='ocr_par' dir='ltr' id='par_1_81' title="bbox 333 4766 1986 4847">
     <span class='ocr_line' id='line_1_83' title="bbox 333 4766 1986 4847; baseline -0.002 -21"><span class='ocrx_word' id='word_1_649' title='bbox 333 4769 423 4826; x_wconf 83' lang='grc' dir='ltr'>οὖν</span> <span class='ocrx_word' id='word_1_650' title='bbox 465 4771 492 4825; x_wconf 88' lang='lat'><strong>6</strong></span> <span class='ocrx_word' id='word_1_651' title='bbox 550 4770 801 4847; x_wconf 80' lang='grc' dir='ltr'>σπείρων,</span> <span class='ocrx_word' id='word_1_652' title='bbox 848 4767 1136 4841; x_wconf 73' lang='grc' dir='ltr'>τουτέστιν,</span> <span class='ocrx_word' id='word_1_653' title='bbox 1188 4769 1216 4823; x_wconf 79' lang='lat'><strong>6</strong></span> <span class='ocrx_word' id='word_1_654' title='bbox 1273 4770 1392 4830; x_wconf 81' lang='grc' dir='ltr'><strong>Υἱὸς</strong></span> <span class='ocrx_word' id='word_1_655' title='bbox 1436 4775 1528 4823; x_wconf 77' lang='grc' dir='ltr'>τοῦ</span> <span class='ocrx_word' id='word_1_656' title='bbox 1587 4775 1717 4824; x_wconf 83' lang='grc' dir='ltr'>Θεοὺ</span> <span class='ocrx_word' id='word_1_657' title='bbox 1775 4766 1986 4834; x_wconf 76' lang='grc' dir='ltr'>ἐξῆλθεν</span> 
     </span>
    </p>
   </div>
   <div class='ocr_carea' id='block_1_82' title="bbox 333 4856 1987 4935">
    <p class='ocr_par' dir='ltr' id='par_1_82' title="bbox 333 4856 1987 4935">
     <span class='ocr_line' id='line_1_84' title="bbox 333 4856 1987 4935; baseline -0.002 -21"><span class='ocrx_word' id='word_1_658' title='bbox 333 4857 392 4914; x_wconf 74' lang='grc' dir='ltr'><strong>ἐκ</strong></span> <span class='ocrx_word' id='word_1_659' title='bbox 451 4864 556 4914; x_wconf 85' lang='grc' dir='ltr'><strong>τῶν</strong></span> <span class='ocrx_word' id='word_1_660' title='bbox 628 4856 845 4913; x_wconf 85' lang='grc' dir='ltr'>κόλπων</span> <span class='ocrx_word' id='word_1_661' title='bbox 894 4864 999 4912; x_wconf 80' lang='grc' dir='ltr'>τῶν</span> <span class='ocrx_word' id='word_1_662' title='bbox 1059 4858 1359 4935; x_wconf 64' lang='grc' dir='ltr'>Πατρικῶν,</span> <span class='ocrx_word' id='word_1_663' title='bbox 1419 4858 1508 4913; x_wconf 84' lang='grc' dir='ltr'><strong>καὶ</strong></span> <span class='ocrx_word' id='word_1_664' title='bbox 1567 4856 1673 4913; x_wconf 83' lang='grc' dir='ltr'>ἀπὸ</span> <span class='ocrx_word' id='word_1_665' title='bbox 1715 4862 1814 4923; x_wconf 79' lang='grc' dir='ltr'>τῆς</span> <span class='ocrx_word' id='word_1_666' title='bbox 1857 4878 1987 4932; x_wconf 90' lang='grc' dir='ltr'>κρυ-</span> 
     </span>
    </p>
   </div>
   <div class='ocr_carea' id='block_1_83' title="bbox 329 4944 1982 5027">
    <p class='ocr_par' dir='ltr' id='par_1_83' title="bbox 329 4944 1982 5027">
     <span class='ocr_line' id='line_1_85' title="bbox 329 4944 1982 5027; baseline -0.002 -24"><span class='ocrx_word' id='word_1_667' title='bbox 329 4948 584 5027; x_wconf 76' lang='grc' dir='ltr'>φιότητος</span> <span class='ocrx_word' id='word_1_668' title='bbox 633 4949 813 5015; x_wconf 76' lang='grc' dir='ltr'>αὐτοῦ,</span> <span class='ocrx_word' id='word_1_669' title='bbox 877 4948 965 5002; x_wconf 78' lang='grc' dir='ltr'>καὶ</span> <span class='ocrx_word' id='word_1_670' title='bbox 1024 4946 1266 5024; x_wconf 75' lang='grc' dir='ltr'>ἐμφανὴς</span> <span class='ocrx_word' id='word_1_671' title='bbox 1321 4946 1554 5025; x_wconf 82' lang='grc' dir='ltr'>ἐγένετο,</span> <span class='ocrx_word' id='word_1_672' title='bbox 1607 4948 1695 5009; x_wconf 86' lang='grc' dir='ltr'>Τίς</span> <span class='ocrx_word' id='word_1_673' title='bbox 1727 4944 1780 5001; x_wconf 73' lang='grc' dir='ltr'>δὲ</span> <span class='ocrx_word' id='word_1_674' title='bbox 1825 4944 1982 5012; x_wconf 63' lang='grc' dir='ltr'><strong>ἐξῆλ-</strong></span> 
     </span>
    </p>
   </div>
   <div class='ocr_carea' id='block_1_84' title="bbox 328 5028 1987 5114">
    <p class='ocr_par' dir='ltr' id='par_1_84' title="bbox 328 5028 1987 5114">
     <span class='ocr_line' id='line_1_86' title="bbox 328 5028 1987 5114; baseline -0.001 -21"><span class='ocrx_word' id='word_1_675' title='bbox 328 5041 412 5093; x_wconf 80' lang='grc' dir='ltr'><strong>θεν</strong></span> <span class='ocrx_word' id='word_1_676' title='bbox 449 5054 465 5111; x_wconf 86' lang='grc'>;</span> <span class='ocrx_word' id='word_1_677' title='bbox 518 5028 574 5095; x_wconf 68' lang='grc' dir='ltr'>Ὀ</span> <span class='ocrx_word' id='word_1_678' title='bbox 604 5036 685 5092; x_wconf 82' lang='grc' dir='ltr'><strong>ἀεὶ</strong></span> <span class='ocrx_word' id='word_1_679' title='bbox 716 5035 967 5113; x_wconf 85' lang='grc' dir='ltr'>σπείρων.</span> <span class='ocrx_word' id='word_1_680' title='bbox 1024 5039 1097 5093; x_wconf 76' lang='lat' dir='ltr'>O6</span> <span class='ocrx_word' id='word_1_681' title='bbox 1148 5036 1368 5092; x_wconf 87' lang='grc' dir='ltr'>παύεται</span> <span class='ocrx_word' id='word_1_682' title='bbox 1399 5036 1498 5114; x_wconf 82' lang='grc' dir='ltr'><strong>γὰρ</strong></span> <span class='ocrx_word' id='word_1_683' title='bbox 1528 5038 1555 5091; x_wconf 78' lang='lat'><strong>6</strong></span> <span class='ocrx_word' id='word_1_684' title='bbox 1591 5036 1707 5098; x_wconf 81' lang='grc' dir='ltr'><strong>Υἱὸς</strong></span> <span class='ocrx_word' id='word_1_685' title='bbox 1733 5042 1823 5091; x_wconf 80' lang='grc' dir='ltr'>τοῦ</span> <span class='ocrx_word' id='word_1_686' title='bbox 1855 5036 1987 5091; x_wconf 81' lang='grc' dir='ltr'>Θεοῦ</span> 
     </span>
    </p>
   </div>
   <div class='ocr_carea' id='block_1_85' title="bbox 328 5124 1986 5205">
    <p class='ocr_par' dir='ltr' id='par_1_85' title="bbox 328 5124 1986 5205">
     <span class='ocr_line' id='line_1_87' title="bbox 328 5124 1986 5205; baseline -0.002 -24"><span class='ocrx_word' id='word_1_687' title='bbox 328 5126 408 5182; x_wconf 83' lang='grc' dir='ltr'>ἀεὶ</span> <span class='ocrx_word' id='word_1_688' title='bbox 439 5127 668 5205; x_wconf 86' lang='grc' dir='ltr'>σπείρων</span> <span class='ocrx_word' id='word_1_689' title='bbox 726 5125 779 5181; x_wconf 75' lang='grc' dir='ltr'>ἐν</span> <span class='ocrx_word' id='word_1_690' title='bbox 823 5125 952 5188; x_wconf 84' lang='grc' dir='ltr'>ταῖς</span> <span class='ocrx_word' id='word_1_691' title='bbox 994 5125 1281 5202; x_wconf 75' lang='grc' dir='ltr'>ἡμετέραις</span> <span class='ocrx_word' id='word_1_692' title='bbox 1327 5129 1559 5204; x_wconf 74' lang='grc' dir='ltr'>ψυχαῖς.</span> <span class='ocrx_word' id='word_1_693' title='bbox 1596 5128 1667 5182; x_wconf 79' lang='lat' dir='ltr'>O6</span> <span class='ocrx_word' id='word_1_694' title='bbox 1697 5124 1795 5201; x_wconf 75' lang='grc' dir='ltr'>γὰρ</span> <span class='ocrx_word' id='word_1_695' title='bbox 1826 5124 1986 5197; x_wconf 84' lang='grc' dir='ltr'>μόνον</span> 
     </span>
    </p>
   </div>
   <div class='ocr_carea' id='block_1_86' title="bbox 328 5210 1985 5292">
    <p class='ocr_par' dir='ltr' id='par_1_86' title="bbox 328 5210 1985 5292">
     <span class='ocr_line' id='line_1_88' title="bbox 328 5210 1985 5292; baseline -0.001 -23"><span class='ocrx_word' id='word_1_696' title='bbox 328 5214 453 5271; x_wconf 82' lang='grc' dir='ltr'>ὅταν</span> <span class='ocrx_word' id='word_1_697' title='bbox 483 5212 726 5291; x_wconf 67' lang='grc' dir='ltr'>διδάσκῃ,</span> <span class='ocrx_word' id='word_1_698' title='bbox 760 5213 898 5271; x_wconf 85' lang='grc' dir='ltr'><strong>ἀλλά</strong></span> <span class='ocrx_word' id='word_1_699' title='bbox 950 5214 1038 5269; x_wconf 87' lang='grc' dir='ltr'><strong>καὶ</strong></span> <span class='ocrx_word' id='word_1_700' title='bbox 1094 5210 1178 5272; x_wconf 70' lang='grc' dir='ltr'>διὰ</span> <span class='ocrx_word' id='word_1_701' title='bbox 1235 5221 1333 5282; x_wconf 73' lang='grc' dir='ltr'>τῆς</span> <span class='ocrx_word' id='word_1_702' title='bbox 1371 5216 1592 5276; x_wconf 87' lang='grc' dir='ltr'>κτίσεως</span> <span class='ocrx_word' id='word_1_703' title='bbox 1622 5214 1846 5292; x_wconf 86' lang='grc' dir='ltr'>ταύτης,</span> <span class='ocrx_word' id='word_1_704' title='bbox 1896 5212 1985 5270; x_wconf 85' lang='grc' dir='ltr'><strong>καὶ</strong></span> 
     </span>
    </p>
   </div>
   <div class='ocr_carea' id='block_1_87' title="bbox 330 5300 1983 5380">
    <p class='ocr_par' dir='ltr' id='par_1_87' title="bbox 330 5300 1983 5380">
     <span class='ocr_line' id='line_1_89' title="bbox 330 5300 1983 5380; baseline -0.001 -22"><span class='ocrx_word' id='word_1_705' title='bbox 330 5309 435 5358; x_wconf 79' lang='grc' dir='ltr'>τῶν</span> <span class='ocrx_word' id='word_1_706' title='bbox 507 5300 625 5360; x_wconf 83' lang='grc' dir='ltr'>καθ’</span> <span class='ocrx_word' id='word_1_707' title='bbox 683 5304 913 5369; x_wconf 71' lang='grc' dir='ltr'>ἑκάστην</span> <span class='ocrx_word' id='word_1_708' title='bbox 968 5304 1040 5366; x_wconf 76' lang='grc' dir='ltr'>εἷς</span> <span class='ocrx_word' id='word_1_709' title='bbox 1095 5302 1237 5376; x_wconf 73' lang='grc' dir='ltr'>ημᾶς</span> <span class='ocrx_word' id='word_1_710' title='bbox 1301 5301 1618 5380; x_wconf 81' lang='grc' dir='ltr'>γινομένων,</span> <span class='ocrx_word' id='word_1_711' title='bbox 1675 5303 1872 5380; x_wconf 84' lang='grc' dir='ltr'>σπείρει</span> <span class='ocrx_word' id='word_1_712' title='bbox 1931 5300 1983 5356; x_wconf 76' lang='grc' dir='ltr'>ἒν</span> 
     </span>
    </p>
   </div>
   <div class='ocr_carea' id='block_1_88' title="bbox 326 5388 1985 5471">
    <p class='ocr_par' dir='ltr' id='par_1_88' title="bbox 326 5388 1985 5471">
     <span class='ocr_line' id='line_1_90' title="bbox 326 5388 1985 5471; baseline -0.001 -24"><span class='ocrx_word' id='word_1_713' title='bbox 326 5404 446 5457; x_wconf 87' lang='grc' dir='ltr'>ταῖς</span> <span class='ocrx_word' id='word_1_714' title='bbox 478 5391 763 5470; x_wconf 80' lang='grc' dir='ltr'>ἡμετέραις</span> <span class='ocrx_word' id='word_1_715' title='bbox 818 5397 1029 5471; x_wconf 77' lang='grc' dir='ltr'>ψυχαῖς</span> <span class='ocrx_word' id='word_1_716' title='bbox 1087 5392 1152 5446; x_wconf 73' lang='grc' dir='ltr'>τὰ</span> <span class='ocrx_word' id='word_1_717' title='bbox 1204 5391 1374 5468; x_wconf 82' lang='grc' dir='ltr'>ἀγαθὰ</span> <span class='ocrx_word' id='word_1_718' title='bbox 1420 5391 1719 5466; x_wconf 85' lang='grc' dir='ltr'>σπέρματα.</span> <span class='ocrx_word' id='word_1_719' title='bbox 1767 5388 1985 5457; x_wconf 80' lang='grc' dir='ltr'>Ἐξῆλθε</span> 
     </span>
    </p>
   </div>
   <div class='ocr_carea' id='block_1_89' title="bbox 327 5477 1983 5561">
    <p class='ocr_par' dir='ltr' id='par_1_89' title="bbox 327 5477 1983 5561">
     <span class='ocr_line' id='line_1_91' title="bbox 327 5477 1983 5561; baseline -0.001 -25"><span class='ocrx_word' id='word_1_720' title='bbox 327 5477 409 5559; x_wconf 70' lang='grc' dir='ltr'>δὲ,</span> <span class='ocrx_word' id='word_1_721' title='bbox 472 5480 573 5560; x_wconf 76' lang='grc' dir='ltr'><strong>οὐχ</strong></span> <span class='ocrx_word' id='word_1_722' title='bbox 616 5480 707 5537; x_wconf 87' lang='grc' dir='ltr'>’ίνα</span> <span class='ocrx_word' id='word_1_723' title='bbox 737 5481 859 5545; x_wconf 80' lang='grc' dir='ltr'>τοὺς</span> <span class='ocrx_word' id='word_1_724' title='bbox 914 5481 1179 5560; x_wconf 83' lang='grc' dir='ltr'>γεωργοὺς</span> <span class='ocrx_word' id='word_1_725' title='bbox 1232 5480 1547 5561; x_wconf 74' lang='grc' dir='ltr'>ἀποκτείνῃ,</span> <span class='ocrx_word' id='word_1_726' title='bbox 1580 5481 1615 5549; x_wconf 77' lang='grc' dir='ltr'>ἢ</span> <span class='ocrx_word' id='word_1_727' title='bbox 1658 5482 1754 5549; x_wconf 77' lang='grc' dir='ltr'><strong>τὴν</strong></span> <span class='ocrx_word' id='word_1_728' title='bbox 1799 5480 1983 5561; x_wconf 78' lang='grc' dir='ltr'>χώραν</span> 
     </span>
    </p>
   </div>
   <div class='ocr_carea' id='block_1_90' title="bbox 404 5635 996 5714">
    <p class='ocr_par' dir='ltr' id='par_1_90' title="bbox 404 5635 996 5714">
     <span class='ocr_line' id='line_1_92' title="bbox 404 5635 996 5714; baseline 0.003 -14"><span class='ocrx_word' id='word_1_729' title='bbox 404 5635 461 5682; x_wconf 71' lang='grc'><strong>³³</strong></span> <span class='ocrx_word' id='word_1_730' title='bbox 489 5636 641 5701; x_wconf 84' lang='lat' dir='ltr'><strong>Psal.</strong></span> <span class='ocrx_word' id='word_1_731' title='bbox 676 5653 894 5714; x_wconf 72' lang='lat' dir='ltr'><strong>Lxxvn,</strong></span> <span class='ocrx_word' id='word_1_732' title='bbox 927 5638 996 5702; x_wconf 78' lang='lat'><strong>2.</strong></span> 
     </span>
    </p>
   </div>
   <div class='ocr_carea' id='block_1_91' title="bbox 2073 3249 3710 3333">
    <p class='ocr_par' dir='ltr' id='par_1_91' title="bbox 2073 3249 3710 3333">
     <span class='ocr_line' id='line_1_93' title="bbox 2073 3249 3710 3333; baseline 0.002 -25"><span class='ocrx_word' id='word_1_733' title='bbox 2073 3256 2298 3323; x_wconf 87' lang='lat' dir='ltr'><strong>nam,et</strong></span> <span class='ocrx_word' id='word_1_734' title='bbox 2323 3259 2562 3312; x_wconf 87' lang='lat' dir='ltr'><strong>enatum</strong></span> <span class='ocrx_word' id='word_1_735' title='bbox 2596 3251 2736 3313; x_wconf 84' lang='lat' dir='ltr'><strong>fecit</strong></span> <span class='ocrx_word' id='word_1_736' title='bbox 2762 3252 3016 3313; x_wconf 83' lang='lat' dir='ltr'><strong>fructum</strong></span> <span class='ocrx_word' id='word_1_737' title='bbox 3050 3251 3416 3333; x_wconf 83' lang='lat' dir='ltr'><strong>centuplum.</strong></span> <span class='ocrx_word' id='word_1_738' title='bbox 3452 3249 3591 3312; x_wconf 67' lang='lat' dir='ltr'><strong>Hzec</strong></span> <span class='ocrx_word' id='word_1_739' title='bbox 3617 3252 3710 3312; x_wconf 85' lang='lat' dir='ltr'><strong>di-</strong></span> 
     </span>
    </p>
   </div>
   <div class='ocr_carea' id='block_1_92' title="bbox 2069 3338 3708 3420">
    <p class='ocr_par' dir='ltr' id='par_1_92' title="bbox 2069 3338 3708 3420">
     <span class='ocr_line' id='line_1_94' title="bbox 2069 3338 3708 3420; baseline 0.002 -22"><span class='ocrx_word' id='word_1_740' title='bbox 2069 3355 2212 3399; x_wconf 88' lang='lat' dir='ltr'><strong>cens</strong></span> <span class='ocrx_word' id='word_1_741' title='bbox 2241 3338 2531 3400; x_wconf 86' lang='lat' dir='ltr'><strong>clamabat</strong></span> <span class='ocrx_word' id='word_1_742' title='bbox 2566 3361 2578 3402; x_wconf 96' lang='lat'>:</span> <span class='ocrx_word' id='word_1_743' title='bbox 2640 3338 2750 3413; x_wconf 87' lang='lat' dir='ltr'><strong>Qui</strong></span> <span class='ocrx_word' id='word_1_744' title='bbox 2804 3340 2981 3402; x_wconf 89' lang='lat' dir='ltr'><strong>habet</strong></span> <span class='ocrx_word' id='word_1_745' title='bbox 3013 3358 3186 3402; x_wconf 89' lang='lat' dir='ltr'><strong>aures</strong></span> <span class='ocrx_word' id='word_1_746' title='bbox 3216 3340 3286 3401; x_wconf 81' lang='lat' dir='ltr'><strong>ad</strong></span> <span class='ocrx_word' id='word_1_747' title='bbox 3321 3340 3708 3420; x_wconf 89' lang='lat' dir='ltr'><strong>audiendum,</strong></span> 
     </span>
    </p>
   </div>
   <div class='ocr_carea' id='block_1_93' title="bbox 2068 3427 3713 3509">
    <p class='ocr_par' dir='ltr' id='par_1_93' title="bbox 2068 3427 3713 3509">
     <span class='ocr_line' id='line_1_95' title="bbox 2068 3427 3713 3509; baseline 0.001 -21"><span class='ocrx_word' id='word_1_748' title='bbox 2068 3427 2746 3506; x_wconf 84' lang='lat' dir='ltr'><strong>audiat.luterrogabant</strong></span> <span class='ocrx_word' id='word_1_749' title='bbox 2769 3439 2963 3492; x_wconf 88' lang='lat' dir='ltr'><strong>autem</strong></span> <span class='ocrx_word' id='word_1_750' title='bbox 2998 3449 3130 3491; x_wconf 92' lang='lat' dir='ltr'><strong>eum</strong></span> <span class='ocrx_word' id='word_1_751' title='bbox 3159 3429 3432 3509; x_wconf 90' lang='lat' dir='ltr'><strong>discipuli</strong></span> <span class='ocrx_word' id='word_1_752' title='bbox 3466 3430 3597 3509; x_wconf 89' lang='lat' dir='ltr'><strong>ejus</strong></span> <span class='ocrx_word' id='word_1_753' title='bbox 3623 3430 3713 3489; x_wconf 86' lang='lat' dir='ltr'><strong>di-</strong></span> 
     </span>
    </p>
   </div>
   <div class='ocr_carea' id='block_1_94' title="bbox 2070 3517 3710 3599">
    <p class='ocr_par' dir='ltr' id='par_1_94' title="bbox 2070 3517 3710 3599">
     <span class='ocr_line' id='line_1_96' title="bbox 2070 3517 3710 3599; baseline 0.003 -23"><span class='ocrx_word' id='word_1_754' title='bbox 2070 3525 2576 3597; x_wconf 73' lang='lat' dir='ltr'><strong>centes,quzenam</strong></span> <span class='ocrx_word' id='word_1_755' title='bbox 2617 3527 2774 3582; x_wconf 89' lang='lat' dir='ltr'><strong>esset</strong></span> <span class='ocrx_word' id='word_1_756' title='bbox 2805 3519 2917 3581; x_wconf 90' lang='lat' dir='ltr'><strong>ista</strong></span> <span class='ocrx_word' id='word_1_757' title='bbox 2943 3519 3243 3599; x_wconf 85' lang='lat' dir='ltr'><strong>parabola.</strong></span> <span class='ocrx_word' id='word_1_758' title='bbox 3278 3520 3351 3581; x_wconf 86' lang='lat' dir='ltr'><strong>At</strong></span> <span class='ocrx_word' id='word_1_759' title='bbox 3382 3518 3483 3581; x_wconf 90' lang='lat' dir='ltr'><strong>ille</strong></span> <span class='ocrx_word' id='word_1_760' title='bbox 3516 3517 3710 3581; x_wconf 81' lang='lat' dir='ltr'><strong>dixit:</strong></span> 
     </span>
    </p>
   </div>
   <div class='ocr_carea' id='block_1_95' title="bbox 2069 3603 3714 3689">
    <p class='ocr_par' dir='ltr' id='par_1_95' title="bbox 2069 3603 3714 3689">
     <span class='ocr_line' id='line_1_97' title="bbox 2069 3603 3714 3689; baseline 0 -21"><span class='ocrx_word' id='word_1_761' title='bbox 2069 3603 2253 3668; x_wconf 85' lang='lat' dir='ltr'><strong>Vobis</strong></span> <span class='ocrx_word' id='word_1_762' title='bbox 2282 3606 2481 3667; x_wconf 92' lang='lat' dir='ltr'><strong>datum</strong></span> <span class='ocrx_word' id='word_1_763' title='bbox 2510 3614 2599 3669; x_wconf 89' lang='lat' dir='ltr'><strong>est</strong></span> <span class='ocrx_word' id='word_1_764' title='bbox 2634 3627 2811 3669; x_wconf 88' lang='lat' dir='ltr'><strong>nosse</strong></span> <span class='ocrx_word' id='word_1_765' title='bbox 2833 3609 3111 3689; x_wconf 80' lang='lat' dir='ltr'><strong>mysteria</strong></span> <span class='ocrx_word' id='word_1_766' title='bbox 3140 3609 3304 3688; x_wconf 81' lang='lat' dir='ltr'><strong>regni</strong></span> <span class='ocrx_word' id='word_1_767' title='bbox 3327 3607 3457 3681; x_wconf 89' lang='lat' dir='ltr'><strong>Dei,</strong></span> <span class='ocrx_word' id='word_1_768' title='bbox 3484 3608 3714 3670; x_wconf 67' lang='lat' dir='ltr'><strong>cmteris</strong></span> 
     </span>
    </p>
   </div>
   <div class='ocr_carea' id='block_1_96' title="bbox 2067 3695 3716 3776">
    <p class='ocr_par' dir='ltr' id='par_1_96' title="bbox 2067 3695 3716 3776">
     <span class='ocr_line' id='line_1_98' title="bbox 2067 3695 3716 3776; baseline 0.004 -23"><span class='ocrx_word' id='word_1_769' title='bbox 2067 3702 2262 3755; x_wconf 89' lang='lat' dir='ltr'><strong>autem</strong></span> <span class='ocrx_word' id='word_1_770' title='bbox 2299 3714 2403 3775; x_wconf 89' lang='lat' dir='ltr'><strong>per</strong></span> <span class='ocrx_word' id='word_1_771' title='bbox 2436 3695 2745 3776; x_wconf 90' lang='lat' dir='ltr'><strong>parabolas</strong></span> <span class='ocrx_word' id='word_1_772' title='bbox 2781 3716 2794 3761; x_wconf 91' lang='lat'>:</span> <span class='ocrx_word' id='word_1_773' title='bbox 2829 3707 2888 3759; x_wconf 88' lang='lat' dir='ltr'><strong>ut</strong></span> <span class='ocrx_word' id='word_1_774' title='bbox 2920 3698 3210 3774; x_wconf 90' lang='lat' dir='ltr'><strong>videntes,</strong></span> <span class='ocrx_word' id='word_1_775' title='bbox 3239 3717 3357 3759; x_wconf 91' lang='lat' dir='ltr'><strong>non</strong></span> <span class='ocrx_word' id='word_1_776' title='bbox 3393 3697 3716 3773; x_wconf 85' lang='lat' dir='ltr'><strong>videant,et</strong></span> 
     </span>
    </p>
   </div>
   <div class='ocr_carea' id='block_1_97' title="bbox 2066 3784 3713 3868">
    <p class='ocr_par' dir='ltr' id='par_1_97' title="bbox 2066 3784 3713 3868">
     <span class='ocr_line' id='line_1_99' title="bbox 2066 3784 3713 3868; baseline 0.003 -26"><span class='ocrx_word' id='word_1_777' title='bbox 2066 3784 2207 3843; x_wconf 71' lang='grc'><strong>’524</strong></span> <span class='ocrx_word' id='word_1_778' title='bbox 2262 3785 2573 3848; x_wconf 89' lang='lat' dir='ltr'><strong>audientes</strong></span> <span class='ocrx_word' id='word_1_779' title='bbox 2624 3806 2740 3847; x_wconf 91' lang='lat' dir='ltr'><strong>non</strong></span> <span class='ocrx_word' id='word_1_780' title='bbox 2793 3788 3145 3868; x_wconf 85' lang='lat' dir='ltr'><strong>intelligant.</strong></span> <span class='ocrx_word' id='word_1_781' title='bbox 3212 3812 3238 3843; x_wconf 73' lang='grc' dir='ltr'><strong>ι</strong></span> <span class='ocrx_word' id='word_1_782' title='bbox 3274 3790 3444 3850; x_wconf 91' lang='lat' dir='ltr'><strong>Nunc</strong></span> <span class='ocrx_word' id='word_1_783' title='bbox 3478 3787 3713 3847; x_wconf 88' lang='lat' dir='ltr'><strong>tandem</strong></span> 
     </span>
    </p>
   </div>
   <div class='ocr_carea' id='block_1_98' title="bbox 2070 3875 3710 3959">
    <p class='ocr_par' dir='ltr' id='par_1_98' title="bbox 2070 3875 3710 3959">
     <span class='ocr_line' id='line_1_100' title="bbox 2070 3875 3710 3959; baseline 0.003 -26"><span class='ocrx_word' id='word_1_784' title='bbox 2070 3876 2266 3934; x_wconf 89' lang='lat' dir='ltr'><strong>evenit</strong></span> <span class='ocrx_word' id='word_1_785' title='bbox 2294 3875 2450 3954; x_wconf 93' lang='lat' dir='ltr'><strong>quod</strong></span> <span class='ocrx_word' id='word_1_786' title='bbox 2482 3877 2619 3937; x_wconf 89' lang='lat' dir='ltr'><strong>olim</strong></span> <span class='ocrx_word' id='word_1_787' title='bbox 2650 3875 2833 3938; x_wconf 90' lang='lat' dir='ltr'><strong>David</strong></span> <span class='ocrx_word' id='word_1_788' title='bbox 2866 3879 2924 3940; x_wconf 87' lang='lat' dir='ltr'><strong>in</strong></span> <span class='ocrx_word' id='word_1_789' title='bbox 2956 3897 3212 3959; x_wconf 87' lang='lat' dir='ltr'><strong>persona</strong></span> <span class='ocrx_word' id='word_1_790' title='bbox 3266 3875 3483 3941; x_wconf 88' lang='lat' dir='ltr'><strong>Christi</strong></span> <span class='ocrx_word' id='word_1_791' title='bbox 3516 3876 3663 3938; x_wconf 84' lang='lat' dir='ltr'><strong>dixit</strong></span> <span class='ocrx_word' id='word_1_792' title='bbox 3697 3895 3710 3938; x_wconf 86' lang='lat'>:</span> 
     </span>
    </p>
   </div>
   <div class='ocr_carea' id='block_1_99' title="bbox 2069 3961 3715 4048">
    <p class='ocr_par' dir='ltr' id='par_1_99' title="bbox 2069 3961 3715 4048">
     <span class='ocr_line' id='line_1_101' title="bbox 2069 3961 3715 4048; baseline 0.004 -26"><span class='ocrx_word' id='word_1_793' title='bbox 2069 3961 2346 4043; x_wconf 87' lang='lat' dir='ltr'><strong>Aperiam</strong></span> <span class='ocrx_word' id='word_1_794' title='bbox 2382 3964 2566 4045; x_wconf 83' lang='lat' dir='ltr'><strong>enim,</strong></span> <span class='ocrx_word' id='word_1_795' title='bbox 2604 3965 2823 4047; x_wconf 81' lang='lat' dir='ltr'><strong>inquit,</strong></span> <span class='ocrx_word' id='word_1_796' title='bbox 2860 3968 2915 4028; x_wconf 90' lang='lat' dir='ltr'><strong>in</strong></span> <span class='ocrx_word' id='word_1_797' title='bbox 2951 3968 3251 4048; x_wconf 89' lang='lat' dir='ltr'><strong>parabolis</strong></span> <span class='ocrx_word' id='word_1_798' title='bbox 3288 3985 3356 4029; x_wconf 92' lang='lat' dir='ltr'><strong>os</strong></span> <span class='ocrx_word' id='word_1_799' title='bbox 3399 3982 3598 4027; x_wconf 90' lang='lat' dir='ltr'><strong>meum</strong></span> <span class='ocrx_word' id='word_1_800' title='bbox 3625 3967 3715 4028; x_wconf 77' lang='lat'><strong>38.</strong></span> 
     </span>
    </p>
   </div>
   <div class='ocr_carea' id='block_1_100' title="bbox 2069 4051 3713 4138">
    <p class='ocr_par' dir='ltr' id='par_1_100' title="bbox 2069 4051 3713 4138">
     <span class='ocr_line' id='line_1_102' title="bbox 2069 4051 3713 4138; baseline 0.003 -28"><span class='ocrx_word' id='word_1_801' title='bbox 2069 4051 2351 4131; x_wconf 90' lang='lat' dir='ltr'><strong>Loquitur</strong></span> <span class='ocrx_word' id='word_1_802' title='bbox 2380 4054 2575 4133; x_wconf 89' lang='lat' dir='ltr'><strong>itaque</strong></span> <span class='ocrx_word' id='word_1_803' title='bbox 2594 4056 2902 4135; x_wconf 81' lang='lat' dir='ltr'><strong>parabolas</strong></span> <span class='ocrx_word' id='word_1_804' title='bbox 2926 4060 3214 4121; x_wconf 90' lang='lat' dir='ltr'><strong>Dominus</strong></span> <span class='ocrx_word' id='word_1_805' title='bbox 3246 4064 3486 4138; x_wconf 90' lang='lat' dir='ltr'><strong>propter</strong></span> <span class='ocrx_word' id='word_1_806' title='bbox 3507 4055 3713 4127; x_wconf 84' lang='lat' dir='ltr'><strong>multa,</strong></span> 
     </span>
    </p>
   </div>
   <div class='ocr_carea' id='block_1_101' title="bbox 2071 4144 3714 4219">
    <p class='ocr_par' dir='ltr' id='par_1_101' title="bbox 2071 4144 3714 4219">
     <span class='ocr_line' id='line_1_103' title="bbox 2071 4144 3714 4219; baseline 0.004 -21"><span class='ocrx_word' id='word_1_807' title='bbox 2071 4158 2290 4219; x_wconf 90' lang='lat' dir='ltr'><strong>nempe</strong></span> <span class='ocrx_word' id='word_1_808' title='bbox 2323 4148 2386 4201; x_wconf 91' lang='lat' dir='ltr'><strong>ut</strong></span> <span class='ocrx_word' id='word_1_809' title='bbox 2417 4144 2770 4205; x_wconf 83' lang='lat' dir='ltr'><strong>atlentiores</strong></span> <span class='ocrx_word' id='word_1_810' title='bbox 2801 4144 3014 4206; x_wconf 86' lang='lat' dir='ltr'><strong>reddat</strong></span> <span class='ocrx_word' id='word_1_811' title='bbox 3044 4146 3373 4218; x_wconf 85' lang='lat' dir='ltr'><strong>auditores,</strong></span> <span class='ocrx_word' id='word_1_812' title='bbox 3413 4152 3469 4205; x_wconf 93' lang='lat' dir='ltr'><strong>et</strong></span> <span class='ocrx_word' id='word_1_813' title='bbox 3500 4145 3714 4205; x_wconf 78' lang='lat' dir='ltr'><strong>excitet</strong></span> 
     </span>
    </p>
   </div>
   <div class='ocr_carea' id='block_1_102' title="bbox 2070 4228 3717 4313">
    <p class='ocr_par' dir='ltr' id='par_1_102' title="bbox 2070 4228 3717 4313">
     <span class='ocr_line' id='line_1_104' title="bbox 2070 4228 3717 4313; baseline 0.001 -24"><span class='ocrx_word' id='word_1_814' title='bbox 2070 4228 2307 4289; x_wconf 90' lang='lat' dir='ltr'><strong>illorum</strong></span> <span class='ocrx_word' id='word_1_815' title='bbox 2343 4239 2602 4292; x_wconf 89' lang='lat' dir='ltr'><strong>mentem</strong></span> <span class='ocrx_word' id='word_1_816' title='bbox 2626 4231 2695 4292; x_wconf 90' lang='lat' dir='ltr'><strong>ad</strong></span> <span class='ocrx_word' id='word_1_817' title='bbox 2732 4232 3153 4313; x_wconf 90' lang='lat' dir='ltr'><strong>inquirendum</strong></span> <span class='ocrx_word' id='word_1_818' title='bbox 3187 4234 3262 4296; x_wconf 88' lang='lat' dir='ltr'><strong>de</strong></span> <span class='ocrx_word' id='word_1_819' title='bbox 3291 4234 3382 4295; x_wconf 89' lang='lat' dir='ltr'><strong>his</strong></span> <span class='ocrx_word' id='word_1_820' title='bbox 3403 4253 3532 4313; x_wconf 72' lang='lat' dir='ltr'><strong>quae</strong></span> <span class='ocrx_word' id='word_1_821' title='bbox 3562 4234 3717 4294; x_wconf 82' lang='lat' dir='ltr'><strong>dicta</strong></span> 
     </span>
    </p>
   </div>
   <div class='ocr_carea' id='block_1_103' title="bbox 2071 4317 3715 4400">
    <p class='ocr_par' dir='ltr' id='par_1_103' title="bbox 2071 4317 3715 4400">
     <span class='ocr_line' id='line_1_105' title="bbox 2071 4317 3715 4400; baseline 0.002 -22"><span class='ocrx_word' id='word_1_822' title='bbox 2071 4325 2228 4379; x_wconf 86' lang='lat' dir='ltr'><strong>sunt.</strong></span> <span class='ocrx_word' id='word_1_823' title='bbox 2267 4317 2471 4384; x_wconf 84' lang='lat' dir='ltr'><strong>Solent</strong></span> <span class='ocrx_word' id='word_1_824' title='bbox 2526 4320 2681 4381; x_wconf 91' lang='lat' dir='ltr'><strong>enim</strong></span> <span class='ocrx_word' id='word_1_825' title='bbox 2729 4321 3003 4383; x_wconf 89' lang='lat' dir='ltr'><strong>homines</strong></span> <span class='ocrx_word' id='word_1_826' title='bbox 3034 4322 3327 4384; x_wconf 86' lang='lat' dir='ltr'><strong>curiosius</strong></span> <span class='ocrx_word' id='word_1_827' title='bbox 3359 4321 3715 4400; x_wconf 84' lang='lat' dir='ltr'><strong>investigare</strong></span> 
     </span>
    </p>
   </div>
   <div class='ocr_carea' id='block_1_104' title="bbox 2069 4406 3710 4488">
    <p class='ocr_par' dir='ltr' id='par_1_104' title="bbox 2069 4406 3710 4488">
     <span class='ocr_line' id='line_1_106' title="bbox 2069 4406 3710 4488; baseline 0.004 -21"><span class='ocrx_word' id='word_1_828' title='bbox 2069 4407 2143 4468; x_wconf 93' lang='lat' dir='ltr'><strong>de</strong></span> <span class='ocrx_word' id='word_1_829' title='bbox 2165 4406 2255 4467; x_wconf 90' lang='lat' dir='ltr'><strong>his</strong></span> <span class='ocrx_word' id='word_1_830' title='bbox 2278 4427 2408 4488; x_wconf 75' lang='lat' dir='ltr'><strong>quae</strong></span> <span class='ocrx_word' id='word_1_831' title='bbox 2431 4408 2588 4469; x_wconf 90' lang='lat' dir='ltr'><strong>dicta</strong></span> <span class='ocrx_word' id='word_1_832' title='bbox 2610 4418 2745 4472; x_wconf 89' lang='lat' dir='ltr'><strong>sunt</strong></span> <span class='ocrx_word' id='word_1_833' title='bbox 2792 4409 3130 4484; x_wconf 89' lang='lat' dir='ltr'><strong>obscurius,</strong></span> <span class='ocrx_word' id='word_1_834' title='bbox 3169 4411 3480 4473; x_wconf 80' lang='lat' dir='ltr'><strong>manifesta</strong></span> <span class='ocrx_word' id='word_1_835' title='bbox 3512 4418 3710 4473; x_wconf 83' lang='lat' dir='ltr'><strong>autem</strong></span> 
     </span>
    </p>
   </div>
   <div class='ocr_carea' id='block_1_105' title="bbox 1465 4493 1987 4589">
    <p class='ocr_par' dir='ltr' id='par_1_105' title="bbox 1465 4500 1978 4589">
     <span class='ocr_line' id='line_1_107' title="bbox 1465 4500 1978 4589; baseline -0.002 -32"><span class='ocrx_word' id='word_1_836' title='bbox 1465 4503 1552 4557; x_wconf 81' lang='grc' dir='ltr'>καὶ</span> <span class='ocrx_word' id='word_1_837' title='bbox 1581 4500 1672 4557; x_wconf 65' lang='grc' dir='ltr'>’ἵνα</span> <span class='ocrx_word' id='word_1_838' title='bbox 1704 4502 1751 4556; x_wconf 78' lang='grc' dir='ltr'>οἱ</span> <span class='ocrx_word' id='word_1_839' title='bbox 1782 4500 1978 4589; x_wconf 56' lang='grc' dir='ltr'>ἀνάξιος</span> 
     </span>
    </p>
   </div>
   <div class='ocr_carea' id='block_1_106' title="bbox 2073 4493 3699 4589">
    <p class='ocr_par' dir='ltr' id='par_1_106' title="bbox 2073 4497 3699 4589">
     <span class='ocr_line' id='line_1_108' title="bbox 2073 4497 3699 4589; baseline 0 -31"><span class='ocrx_word' id='word_1_840' title='bbox 2073 4497 2393 4589; x_wconf 72' lang='lat' dir='ltr'><strong>negligere;</strong></span> <span class='ocrx_word' id='word_1_841' title='bbox 2409 4505 2477 4589; x_wconf 88' lang='lat' dir='ltr'><strong>et</strong></span> <span class='ocrx_word' id='word_1_842' title='bbox 2498 4507 2561 4560; x_wconf 90' lang='lat' dir='ltr'><strong>ut</strong></span> <span class='ocrx_word' id='word_1_843' title='bbox 2584 4497 2812 4578; x_wconf 85' lang='lat' dir='ltr'><strong>indigni</strong></span> <span class='ocrx_word' id='word_1_844' title='bbox 2835 4520 2950 4561; x_wconf 91' lang='lat' dir='ltr'><strong>uon</strong></span> <span class='ocrx_word' id='word_1_845' title='bbox 2976 4500 3307 4580; x_wconf 87' lang='lat' dir='ltr'><strong>intelligant</strong></span> <span class='ocrx_word' id='word_1_846' title='bbox 3332 4520 3465 4581; x_wconf 64' lang='lat' dir='ltr'><strong>quae</strong></span> <span class='ocrx_word' id='word_1_847' title='bbox 3484 4499 3699 4563; x_wconf 80' lang='lat' dir='ltr'><strong>abstru-</strong></span> 
     </span>
    </p>
   </div>
   <div class='ocr_carea' id='block_1_107' title="bbox 2066 4586 3711 4670">
    <p class='ocr_par' dir='ltr' id='par_1_107' title="bbox 2066 4586 3711 4670">
     <span class='ocr_line' id='line_1_109' title="bbox 2066 4586 3711 4670; baseline 0.001 -24"><span class='ocrx_word' id='word_1_848' title='bbox 2066 4586 2189 4648; x_wconf 91' lang='lat' dir='ltr'><strong>sius</strong></span> <span class='ocrx_word' id='word_1_849' title='bbox 2205 4596 2343 4648; x_wconf 87' lang='lat' dir='ltr'><strong>sunt</strong></span> <span class='ocrx_word' id='word_1_850' title='bbox 2364 4587 2558 4666; x_wconf 88' lang='lat' dir='ltr'><strong>dicta;</strong></span> <span class='ocrx_word' id='word_1_851' title='bbox 2615 4598 2793 4669; x_wconf 90' lang='lat' dir='ltr'><strong>atque</strong></span> <span class='ocrx_word' id='word_1_852' title='bbox 2821 4598 3067 4670; x_wconf 87' lang='lat' dir='ltr'><strong>propter</strong></span> <span class='ocrx_word' id='word_1_853' title='bbox 3102 4591 3286 4652; x_wconf 88' lang='lat' dir='ltr'><strong>multa</strong></span> <span class='ocrx_word' id='word_1_854' title='bbox 3306 4590 3418 4651; x_wconf 90' lang='lat' dir='ltr'><strong>alia</strong></span> <span class='ocrx_word' id='word_1_855' title='bbox 3450 4590 3508 4651; x_wconf 91' lang='lat' dir='ltr'><strong>in</strong></span> <span class='ocrx_word' id='word_1_856' title='bbox 3539 4608 3711 4669; x_wconf 80' lang='lat' dir='ltr'><strong>para-</strong></span> 
     </span>
    </p>
   </div>
   <div class='ocr_carea' id='block_1_108' title="bbox 2068 4673 3714 4759">
    <p class='ocr_par' dir='ltr' id='par_1_108' title="bbox 2068 4673 3714 4759">
     <span class='ocr_line' id='line_1_110' title="bbox 2068 4673 3714 4759; baseline 0.001 -24"><span class='ocrx_word' id='word_1_857' title='bbox 2068 4673 2220 4736; x_wconf 92' lang='lat' dir='ltr'><strong>bolis</strong></span> <span class='ocrx_word' id='word_1_858' title='bbox 2246 4675 2527 4755; x_wconf 87' lang='lat' dir='ltr'><strong>loquitur.</strong></span> <span class='ocrx_word' id='word_1_859' title='bbox 2543 4677 2698 4739; x_wconf 84' lang='lat' dir='ltr'><strong>Exiit</strong></span> <span class='ocrx_word' id='word_1_860' title='bbox 2720 4678 2901 4759; x_wconf 83' lang='lat' dir='ltr'><strong>igiter</strong></span> <span class='ocrx_word' id='word_1_861' title='bbox 2917 4680 3240 4758; x_wconf 89' lang='lat' dir='ltr'><strong>seminans,</strong></span> <span class='ocrx_word' id='word_1_862' title='bbox 3275 4680 3389 4741; x_wconf 92' lang='lat' dir='ltr'><strong>hoc</strong></span> <span class='ocrx_word' id='word_1_863' title='bbox 3410 4678 3714 4751; x_wconf 76' lang='lat' dir='ltr'><strong>est,Filius</strong></span> 
     </span>
    </p>
   </div>
   <div class='ocr_carea' id='block_1_109' title="bbox 2071 4763 3711 4849">
    <p class='ocr_par' dir='ltr' id='par_1_109' title="bbox 2071 4763 3711 4849">
     <span class='ocr_line' id='line_1_111' title="bbox 2071 4763 3711 4849; baseline 0 -22"><span class='ocrx_word' id='word_1_864' title='bbox 2071 4763 2177 4827; x_wconf 90' lang='lat' dir='ltr'><strong>Dei</strong></span> <span class='ocrx_word' id='word_1_865' title='bbox 2203 4763 2386 4825; x_wconf 82' lang='lat' dir='ltr'><strong>exivit</strong></span> <span class='ocrx_word' id='word_1_866' title='bbox 2415 4764 2489 4826; x_wconf 92' lang='lat' dir='ltr'><strong>de</strong></span> <span class='ocrx_word' id='word_1_867' title='bbox 2512 4766 2702 4828; x_wconf 83' lang='lat' dir='ltr'><strong>Patris</strong></span> <span class='ocrx_word' id='word_1_868' title='bbox 2724 4766 2816 4828; x_wconf 92' lang='lat' dir='ltr'><strong>sui</strong></span> <span class='ocrx_word' id='word_1_869' title='bbox 2848 4767 2983 4830; x_wconf 88' lang='lat' dir='ltr'><strong>sinu</strong></span> <span class='ocrx_word' id='word_1_870' title='bbox 3007 4768 3447 4848; x_wconf 89' lang='lat' dir='ltr'><strong>abscondito,et</strong></span> <span class='ocrx_word' id='word_1_871' title='bbox 3471 4768 3711 4849; x_wconf 88' lang='lat' dir='ltr'><strong>conspi-</strong></span> 
     </span>
    </p>
   </div>
   <div class='ocr_carea' id='block_1_110' title="bbox 2072 4853 3717 4939">
    <p class='ocr_par' dir='ltr' id='par_1_110' title="bbox 2072 4853 3717 4939">
     <span class='ocr_line' id='line_1_112' title="bbox 2072 4853 3717 4939; baseline 0.002 -26"><span class='ocrx_word' id='word_1_872' title='bbox 2072 4871 2217 4914; x_wconf 89' lang='lat' dir='ltr'><strong>cuus</strong></span> <span class='ocrx_word' id='word_1_873' title='bbox 2248 4853 2434 4915; x_wconf 82' lang='lat' dir='ltr'><strong>factus</strong></span> <span class='ocrx_word' id='word_1_874' title='bbox 2465 4862 2555 4915; x_wconf 89' lang='lat' dir='ltr'><strong>est</strong></span> <span class='ocrx_word' id='word_1_875' title='bbox 2611 4854 2755 4927; x_wconf 90' lang='lat' dir='ltr'><strong>Quis</strong></span> <span class='ocrx_word' id='word_1_876' title='bbox 2786 4864 2980 4919; x_wconf 89' lang='lat' dir='ltr'><strong>autem</strong></span> <span class='ocrx_word' id='word_1_877' title='bbox 3008 4857 3235 4919; x_wconf 77' lang='lat' dir='ltr'><strong>exivit?</strong></span> <span class='ocrx_word' id='word_1_878' title='bbox 3272 4857 3326 4919; x_wconf 91' lang='lat' dir='ltr'><strong>Is</strong></span> <span class='ocrx_word' id='word_1_879' title='bbox 3355 4859 3453 4939; x_wconf 91' lang='lat' dir='ltr'><strong>qui</strong></span> <span class='ocrx_word' id='word_1_880' title='bbox 3476 4876 3717 4937; x_wconf 64' lang='lat' dir='ltr'><strong>semper</strong></span> 
     </span>
    </p>
   </div>
   <div class='ocr_carea' id='block_1_111' title="bbox 2072 4942 3716 5027">
    <p class='ocr_par' dir='ltr' id='par_1_111' title="bbox 2072 4942 3716 5027">
     <span class='ocr_line' id='line_1_113' title="bbox 2072 4942 3716 5027; baseline 0.002 -25"><span class='ocrx_word' id='word_1_881' title='bbox 2072 4942 2348 5005; x_wconf 85' lang='lat' dir='ltr'><strong>seminat.</strong></span> <span class='ocrx_word' id='word_1_882' title='bbox 2382 4942 2571 5006; x_wconf 91' lang='lat' dir='ltr'><strong>Filius</strong></span> <span class='ocrx_word' id='word_1_883' title='bbox 2601 4944 2759 5005; x_wconf 91' lang='lat' dir='ltr'><strong>enim</strong></span> <span class='ocrx_word' id='word_1_884' title='bbox 2794 4944 2901 5007; x_wconf 90' lang='lat' dir='ltr'><strong>Dei</strong></span> <span class='ocrx_word' id='word_1_885' title='bbox 2933 4965 3052 5008; x_wconf 88' lang='lat' dir='ltr'><strong>non</strong></span> <span class='ocrx_word' id='word_1_886' title='bbox 3076 4954 3268 5008; x_wconf 80' lang='lat' dir='ltr'><strong>cessat</strong></span> <span class='ocrx_word' id='word_1_887' title='bbox 3285 4964 3522 5027; x_wconf 87' lang='lat' dir='ltr'><strong>semper</strong></span> <span class='ocrx_word' id='word_1_888' title='bbox 3545 4948 3716 5008; x_wconf 87' lang='lat' dir='ltr'><strong>semi-</strong></span> 
     </span>
    </p>
   </div>
   <div class='ocr_carea' id='block_1_112' title="bbox 2073 5031 3714 5116">
    <p class='ocr_par' dir='ltr' id='par_1_112' title="bbox 2073 5031 3714 5116">
     <span class='ocr_line' id='line_1_114' title="bbox 2073 5031 3714 5116; baseline 0.002 -26"><span class='ocrx_word' id='word_1_889' title='bbox 2073 5048 2216 5093; x_wconf 88' lang='lat' dir='ltr'><strong>nare</strong></span> <span class='ocrx_word' id='word_1_890' title='bbox 2239 5031 2299 5092; x_wconf 93' lang='lat' dir='ltr'><strong>in</strong></span> <span class='ocrx_word' id='word_1_891' title='bbox 2321 5031 2633 5094; x_wconf 88' lang='lat' dir='ltr'><strong>animabus</strong></span> <span class='ocrx_word' id='word_1_892' title='bbox 2656 5034 3037 5098; x_wconf 88' lang='lat' dir='ltr'><strong>nostris.Non</strong></span> <span class='ocrx_word' id='word_1_893' title='bbox 3070 5034 3226 5097; x_wconf 91' lang='lat' dir='ltr'><strong>enim</strong></span> <span class='ocrx_word' id='word_1_894' title='bbox 3260 5035 3449 5097; x_wconf 91' lang='lat' dir='ltr'><strong>solum</strong></span> <span class='ocrx_word' id='word_1_895' title='bbox 3481 5034 3714 5116; x_wconf 86' lang='lat' dir='ltr'><strong>quando</strong></span> 
     </span>
    </p>
   </div>
   <div class='ocr_carea' id='block_1_113' title="bbox 2071 5119 3714 5204">
    <p class='ocr_par' dir='ltr' id='par_1_113' title="bbox 2071 5119 3714 5204">
     <span class='ocr_line' id='line_1_115' title="bbox 2071 5119 3714 5204; baseline 0.003 -26"><span class='ocrx_word' id='word_1_896' title='bbox 2071 5119 2302 5182; x_wconf 88' lang='lat' dir='ltr'><strong>videtur</strong></span> <span class='ocrx_word' id='word_1_897' title='bbox 2327 5121 2566 5201; x_wconf 88' lang='lat' dir='ltr'><strong>docere,</strong></span> <span class='ocrx_word' id='word_1_898' title='bbox 2601 5122 2704 5184; x_wconf 92' lang='lat' dir='ltr'><strong>sed</strong></span> <span class='ocrx_word' id='word_1_899' title='bbox 2736 5131 2794 5185; x_wconf 89' lang='lat' dir='ltr'><strong>et</strong></span> <span class='ocrx_word' id='word_1_900' title='bbox 2821 5142 2927 5204; x_wconf 88' lang='lat' dir='ltr'><strong>per</strong></span> <span class='ocrx_word' id='word_1_901' title='bbox 2957 5125 3241 5186; x_wconf 91' lang='lat' dir='ltr'><strong>mundum</strong></span> <span class='ocrx_word' id='word_1_902' title='bbox 3280 5125 3482 5196; x_wconf 88' lang='lat' dir='ltr'><strong>istum,</strong></span> <span class='ocrx_word' id='word_1_903' title='bbox 3519 5133 3575 5186; x_wconf 88' lang='lat' dir='ltr'><strong>et</strong></span> <span class='ocrx_word' id='word_1_904' title='bbox 3609 5143 3714 5203; x_wconf 90' lang='lat' dir='ltr'><strong>per</strong></span> 
     </span>
    </p>
   </div>
   <div class='ocr_carea' id='block_1_114' title="bbox 2069 5210 3714 5293">
    <p class='ocr_par' dir='ltr' id='par_1_114' title="bbox 2069 5210 3714 5293">
     <span class='ocr_line' id='line_1_116' title="bbox 2069 5210 3714 5293; baseline 0.001 -23"><span class='ocrx_word' id='word_1_905' title='bbox 2069 5225 2138 5270; x_wconf 85' lang='lat' dir='ltr'><strong>ea</strong></span> <span class='ocrx_word' id='word_1_906' title='bbox 2161 5228 2292 5289; x_wconf 66' lang='lat' dir='ltr'><strong>qua:</strong></span> <span class='ocrx_word' id='word_1_907' title='bbox 2313 5210 2578 5290; x_wconf 92' lang='lat' dir='ltr'><strong>quotidie</strong></span> <span class='ocrx_word' id='word_1_908' title='bbox 2610 5210 2745 5271; x_wconf 85' lang='lat' dir='ltr'><strong>facit</strong></span> <span class='ocrx_word' id='word_1_909' title='bbox 2777 5230 2913 5291; x_wconf 87' lang='lat' dir='ltr'><strong>erga</strong></span> <span class='ocrx_word' id='word_1_910' title='bbox 2946 5232 3078 5293; x_wconf 92' lang='lat' dir='ltr'><strong>nos,</strong></span> <span class='ocrx_word' id='word_1_911' title='bbox 3112 5214 3364 5275; x_wconf 90' lang='lat' dir='ltr'><strong>seminat</strong></span> <span class='ocrx_word' id='word_1_912' title='bbox 3402 5212 3462 5273; x_wconf 89' lang='lat' dir='ltr'><strong>in</strong></span> <span class='ocrx_word' id='word_1_913' title='bbox 3499 5214 3714 5274; x_wconf 83' lang='lat' dir='ltr'><strong>nostris</strong></span> 
     </span>
    </p>
   </div>
   <div class='ocr_carea' id='block_1_115' title="bbox 2071 5297 3707 5380">
    <p class='ocr_par' dir='ltr' id='par_1_115' title="bbox 2071 5297 3707 5380">
     <span class='ocr_line' id='line_1_117' title="bbox 2071 5297 3707 5380; baseline 0.001 -21"><span class='ocrx_word' id='word_1_914' title='bbox 2071 5297 2382 5361; x_wconf 89' lang='lat' dir='ltr'><strong>animabus</strong></span> <span class='ocrx_word' id='word_1_915' title='bbox 2413 5299 2565 5361; x_wconf 90' lang='lat' dir='ltr'><strong>bona</strong></span> <span class='ocrx_word' id='word_1_916' title='bbox 2591 5299 2821 5361; x_wconf 88' lang='lat' dir='ltr'><strong>semina</strong></span> <span class='ocrx_word' id='word_1_917' title='bbox 2862 5300 3293 5377; x_wconf 86' lang='lat' dir='ltr'><strong>Exivitautem,</strong></span> <span class='ocrx_word' id='word_1_918' title='bbox 3328 5321 3443 5363; x_wconf 89' lang='lat' dir='ltr'><strong>non</strong></span> <span class='ocrx_word' id='word_1_919' title='bbox 3470 5300 3707 5380; x_wconf 85' lang='lat' dir='ltr'><strong>utagri-</strong></span> 
     </span>
    </p>
   </div>
   <div class='ocr_carea' id='block_1_116' title="bbox 2072 5386 3684 5473">
    <p class='ocr_par' dir='ltr' id='par_1_116' title="bbox 2072 5386 3684 5473">
     <span class='ocr_line' id='line_1_118' title="bbox 2072 5386 3684 5473; baseline 0.001 -26"><span class='ocrx_word' id='word_1_920' title='bbox 2072 5386 2231 5448; x_wconf 90' lang='lat' dir='ltr'><strong>colas</strong></span> <span class='ocrx_word' id='word_1_921' title='bbox 2268 5388 2519 5464; x_wconf 87' lang='lat' dir='ltr'><strong>occidat,</strong></span> <span class='ocrx_word' id='word_1_922' title='bbox 2575 5389 2659 5451; x_wconf 91' lang='lat' dir='ltr'><strong>vel</strong></span> <span class='ocrx_word' id='word_1_923' title='bbox 2692 5408 2897 5468; x_wconf 85' lang='lat' dir='ltr'><strong>agrum</strong></span> <span class='ocrx_word' id='word_1_924' title='bbox 2932 5400 3155 5473; x_wconf 82' lang='lat' dir='ltr'><strong>exurat,</strong></span> <span class='ocrx_word' id='word_1_925' title='bbox 3192 5391 3298 5454; x_wconf 90' lang='lat' dir='ltr'><strong>sed</strong></span> <span class='ocrx_word' id='word_1_926' title='bbox 3333 5400 3393 5453; x_wconf 91' lang='lat' dir='ltr'><strong>ut</strong></span> <span class='ocrx_word' id='word_1_927' title='bbox 3432 5390 3684 5453; x_wconf 87' lang='lat' dir='ltr'><strong>seminct</strong></span> 
     </span>
    </p>
   </div>
   <div class='ocr_carea' id='block_1_117' title="bbox 2068 5477 3709 5564">
    <p class='ocr_par' dir='ltr' id='par_1_117' title="bbox 2068 5477 3709 5564">
     <span class='ocr_line' id='line_1_119' title="bbox 2068 5477 3709 5564; baseline 0.002 -26"><span class='ocrx_word' id='word_1_928' title='bbox 2068 5480 2237 5558; x_wconf 64' lang='lat' dir='ltr'><strong>Saepe</strong></span> <span class='ocrx_word' id='word_1_929' title='bbox 2270 5477 2427 5539; x_wconf 88' lang='lat' dir='ltr'><strong>enim</strong></span> <span class='ocrx_word' id='word_1_930' title='bbox 2463 5478 2765 5559; x_wconf 86' lang='lat' dir='ltr'><strong>egreditur</strong></span> <span class='ocrx_word' id='word_1_931' title='bbox 2785 5480 3043 5560; x_wconf 83' lang='lat' dir='ltr'><strong>agricola</strong></span> <span class='ocrx_word' id='word_1_932' title='bbox 3065 5489 3122 5542; x_wconf 90' lang='lat' dir='ltr'><strong>et</strong></span> <span class='ocrx_word' id='word_1_933' title='bbox 3153 5488 3395 5564; x_wconf 92' lang='lat' dir='ltr'><strong>propter</strong></span> <span class='ocrx_word' id='word_1_934' title='bbox 3424 5480 3556 5557; x_wconf 90' lang='lat' dir='ltr'><strong>alia,</strong></span> <span class='ocrx_word' id='word_1_935' title='bbox 3592 5498 3709 5542; x_wconf 88' lang='lat' dir='ltr'><strong>non</strong></span> 
     </span>
    </p>
   </div>
  </div>
