4132 6298
421 359 537 424 799

1405 361 2003 427 THEOPHYLACTI
2047 360 2453 423 BULGARUE
2497 362 2859 425 ARCHIEP.

3687 362 3810 429 800

418 491 609 581 solum
635 500 699 555 ut
718 493 1107 567 seminet,sed
1133 493 1352 557 exiitut
1369 494 1625 557 seminet
1645 512 1851 557 semen
1869 511 2041 555 suum

2129 495 2485 572 κατακαύσῃ,
2540 493 2661 553 ἀλλ’
2710 496 2802 553 ἵνα
2832 497 3022 576 σπείρῃ
3048 512 3065 531 ⁸
3098 494 3356 561 πολλάκις
3400 498 3501 578 γάρ
3528 498 3805 581 ἐξέρχεται

418 580 700 662 Proprius
725 584 883 645 enim
903 585 1030 663 ejus
1052 592 1139 645 est
1164 602 1362 646 sermo
1385 584 1759 663 doctrinae,et
1778 601 1892 645 non
1911 582 2064 645 alie-

415 672 865 751 nus.Propheta3
896 672 1054 734 enim
1087 691 1457 754 quaecunque
1486 673 1829 744 dixerunt,e
1848 672 2064 753 spiritu

415 758 712 838 dixerunt,
746 772 805 823 et
836 779 952 822 non
1008 769 1073 822 ut
1131 762 1366 841 propria
1406 783 1418 821 :
1454 762 1610 824 unde
1649 769 1707 822 et
1735 761 2011 823 dixerunt
2045 783 2059 824 :

413 846 550 909 Haec
572 848 714 911 dicit
743 848 1054 911 Dominus.
1080 848 1351 911 Christus
1372 868 1511 913 vero
1545 850 1848 930 proprium
1886 848 2063 912 habet

413 938 876 1010 semen,idcirco
900 958 1016 1001 non
1040 939 1275 1001 dicebat
1310 939 1534 1001 docens
1561 958 1573 997 :
1611 937 1745 1001 Haec
1771 938 1912 1000 dicit
1937 940 2061 1001 Do~

416 1027 747 1104 minus,sed
782 1028 940 1108 :Ego
973 1028 1109 1090 dico
1138 1028 1687 1092 vobis.Seminante
1710 1036 1904 1089 autem
1929 1027 2057 1101 illo,

412 1115 525 1177 hoc
546 1124 636 1177 est
665 1116 942 1197 docente,
971 1118 1129 1179 aliud
1163 1118 1405 1197 quidem
1429 1117 1646 1179 cecidit
1674 1117 1832 1179 circa
1859 1116 2012 1179 viam
2041 1139 2054 1173 :

414 1221 530 1264 non
567 1204 710 1267 dixit
738 1207 895 1286 quod
929 1206 1245 1286 projecerit
1268 1206 1706 1280 seminans,sed
1736 1206 1891 1287 quod
1913 1204 2055 1266 illud

409 1293 716 1357 ceciderit.
749 1293 895 1356 Nam
923 1296 1020 1373 qui
1045 1298 1325 1377 seminat,
1356 1297 1607 1357 seminat
1641 1303 1698 1356 et
1730 1296 2057 1362 d0cet.ser.

410 1399 506 1442 mo
536 1390 731 1444 autem
764 1382 923 1445 cadit
944 1384 1006 1444 in
1031 1383 1445 1448 audientesHi
1466 1393 1659 1446 autem
1680 1384 2061 1446 inveniuntur

2148 584 2176 639 6
2234 585 2471 662 γεωργὸς
2532 586 2621 641 καὶ
2678 583 2746 640 δι’
2798 583 2959 658 ἄλλα,
3016 587 3077 643 ού
3133 586 3297 661 μόνον
3352 584 3437 643 διὰ
3473 589 3535 646 τὸ
3558 602 3801 668 σπεῖραι.

2150 680 2248 729 Τὸν
2291 673 2486 751 σπόρον
2530 672 2584 729 δὲ
2629 677 2788 732 αὐτοῦ
2830 672 3016 741 ὲξῆλθε
3063 688 3301 753 σπεῖραι.
3353 673 3525 741 ’Ἶδιος
3569 679 3669 757 γὰρ
3699 680 3800 735 αὗ-

2144 764 2237 816 τοῦ
2290 762 2357 826 ἧν
2415 763 2442 817 6
2500 760 2658 839 λόγος
2705 764 2801 828 τῆς
2834 760 3195 836 διδασκαλίας,
3241 765 3328 819 καὶ
3370 764 3465 822 οῦκ
3494 764 3797 846 ἀλλότριος.

2146 852 2205 907 Oi
2260 849 2354 925 μὲν
2414 851 2513 931 γὰρ
2568 857 2860 931 προφῆται,
2921 850 3020 907 ὅσα
3066 850 3274 931 ἔλεγον,
3319 855 3415 911 οὒκ
3447 852 3560 911 ἴδια
3589 853 3796 934 ἔλεγον,

2144 936 2281 1023 ἀλλά
2322 947 2413 996 τοῦ
2450 941 2777 1015 πνεύματος,
2841 942 2935 996 Διὸ
2994 938 3202 1019 ἔλεγον,
3236 940 3369 1001 Τάδε
3400 941 3547 1021 λέγει
3581 945 3799 1023 Κύριος.

2146 1016 2205 1083 Ὀ
2248 1024 2302 1081 δὲ
2361 1029 2581 1105 Χριστὸς
2640 1027 2775 1084 ἴδιον
2810 1029 2939 1107 εἶχε
2969 1031 3061 1085 τὸν
3099 1016 3321 1108 σπόρον.
3363 1032 3455 1086 Διὸ
3478 1016 3577 1087 οῦκ
3619 1016 3802 1109 ’έλεγεν

2142 1112 2269 1171 ὅταν
2300 1114 2587 1191 ἐδίδασκεν,
2621 1116 2703 1173 ὅτι
2726 1115 2859 1175 Τάδε
2886 1116 3027 1195 λέγει
3062 1118 3272 1196 Κύριος,
3301 1116 3447 1191 ἀλλ’,
3481 1118 3627 1198 Ἐγὼ
3655 1118 3801 1197 λέγω

2140 1204 2292 1276 ὑμῖν.
2335 1201 2425 1261 Ἐν
2467 1212 2544 1280 τῷ
2600 1205 2829 1281 σπείρειν
2874 1203 2929 1260 δὲ
2973 1206 3154 1287 αὐτὸν,
3198 1208 3489 1281 τουτέστιν,
3520 1208 3574 1265 ἐν
3605 1215 3684 1279 τῷ
3711 1206 3799 1264 δι-

2141 1289 2373 1363 δάσκειν,
2422 1292 2553 1351 ἄλλο
2584 1294 2681 1368 μὲν
2736 1295 2892 1349 ἑπεσε
2951 1295 3094 1372 παρὰ
3151 1295 3251 1361 τὴν
3309 1293 3452 1358 ὁδόν,
3506 1300 3613 1355 Οὔκ
3644 1300 3801 1354 εἶπεν

2143 1378 2227 1436 ὅτι
2290 1380 2498 1459 ἔῤῥιψεν
2556 1386 2584 1438 6
2638 1384 2893 1462 σπείρων,
2951 1381 3071 1439 ἀλλ’
3113 1384 3303 1440 ’έπεσεν
3355 1383 3555 1447 ὲνεῖνιι,
3608 1376 3665 1444 Ὀ
3698 1408 3799 1461 μεν

410 1490 545 1533 esse
570 1472 661 1533 vel
688 1472 797 1545 via,
830 1473 920 1535 vel
956 1482 1140 1553 petra,
1176 1474 1265 1536 vel
1299 1474 1507 1555 spinae,
1542 1475 1629 1534 vel
1686 1484 1845 1536 terra
1877 1473 2043 1535 bona.

2141 1470 2239 1549 γὰρ
2298 1474 2522 1544 σπείρων
2573 1472 2773 1549 σπείρει
2831 1476 2918 1529 καὶ
2974 1470 3230 1530 διδάσκει.
3287 1464 3344 1531 Ὀ
3400 1472 3455 1530 δὲ
3513 1473 3674 1552 λόγος
3722 1478 3797 1539 εἰς

406 1559 697 1621 Caeterum
722 1562 1033 1641 discipulis
1054 1562 1561 1643 interrogantibus
1587 1562 2043 1644 parabolam,di-

2142 1561 2262 1629 τοὺς
2315 1561 2604 1625 ἀκούοντας
2663 1563 2866 1623 πίπτει,
2928 1565 3082 1620 Οὗτοι
3141 1560 3195 1617 δὲ
3228 1564 3551 1640 εὑρίσκονται
3581 1563 3617 1632 ἢ
3649 1563 3792 1634 ὁδὸς,

406 1649 487 1709 cit
510 1649 835 1714 Dominus:
871 1650 1056 1712 Vobis
1088 1651 1289 1713 datum
1332 1661 1418 1713 est
1450 1653 1608 1714 scire
1643 1651 1920 1732 mysteria
1953 1670 2043 1712 re-

2137 1647 2174 1717 ἢ
2234 1649 2419 1729 πέτρα,
2480 1649 2515 1719 ἢ
2562 1650 2781 1726 ἄκανθα,
2842 1650 2877 1717 ἣ
2930 1652 3102 1728 ἀγαθὴ
3291 1651 3560 1732 Ἐρωτῶσι
3592 1650 3647 1708 δὲ
3673 1667 3792 1716 τοῖς

406 1738 514 1840 gni
543 1738 669 1840 Dei,
705 1741 818 1840 hoc
852 1748 943 1803 est
977 1739 1163 1840 _vobis
1225 1740 1651 1840 quaerentibus,
1698 1750 1757 1840 ut
1790 1741 2043 1803 discetis.

2138 1741 2408 1812 μαθηταῖς
2465 1738 2565 1806 τὴν
2620 1736 2955 1817 παραϐολὴν,
3003 1740 3163 1818 φησὶν
3204 1742 3231 1795 ὁ
3261 1737 3474 1818 Κύριος’
3513 1731 3671 1816 ’Υμῖν
3699 1739 3793 1797 δέ·

412 1848 437 1882 ι
473 1828 682 1892 Omnis
712 1829 871 1891 enim
891 1830 992 1911 qui
1024 1831 1193 1909 petit,
1230 1831 1593 1911 accipit39.»
1630 1831 1892 1911 Reliquis
1919 1850 2043 1891 vero

2138 1824 2285 1883 δοται
2339 1834 2536 1905 γνῶναι
2581 1829 2646 1883 τὰ
2703 1828 2967 1904 μυστήρια
3020 1829 3117 1894 τῆς
3165 1827 3436 1903 βασιλείας
3481 1829 3573 1885 τοῦ
3632 1836 3788 1909 Θεοῦ,

403 1917 503 1997 qui
535 1920 923 1980 sacramentis
946 1919 1173 1999 indigni
1206 1930 1363 1994 sunt,
1392 1921 1649 1983 obscure
1681 1920 2043 1997 dicuntur,el

2135 1916 2424 1987 τουτέστιν,
2482 1917 2610 1991 ὑμῖν
2672 1927 2790 1978 τοῖς
2848 1922 3065 1987 ζητοῦσι
3125 1920 3333 1991 μαθεῖν.
3391 1939 3419 1972 α
3462 1923 3569 1983 Πᾶς
3606 1919 3704 1997 γὰρ
3761 1920 3791 1976 6

402 2006 737 2068 existimant
765 2008 1008 2088 quidem
1039 2028 1105 2070 se
1135 2010 1356 2085 videre,
1406 2011 1510 2071 sed
1568 2029 1685 2070 non
1717 2011 1922 2071 vident
1953 2034 1965 2069 :
1994 2018 2043 2070 el

2135 2006 2316 2080 αἰτῶν,
2376 2003 2634 2080 λαμϐάνει
2669 2020 2684 2035 ⁶
2730 2027 2751 2058 ι
2810 2018 2929 2069 τοῖς
2984 2002 3039 2060 δὲ
3081 2003 3298 2068 λοιποῖς
3354 2019 3470 2072 τοῖς
3514 2006 3592 2082 μὴ
3622 2004 3789 2073 ἀξίοις

401 2096 646 2157 audiunt
667 2097 931 2177 quidem.
967 2098 1071 2159 sed
1104 2118 1220 2159 non
1256 2099 1614 2180 intelligunt,
1645 2106 1824 2180 atque
1846 2100 1957 2160 hoc
1988 2100 2043 2160 iu

2132 2097 2245 2149 οὖσι
2301 2100 2407 2149 τῶν
2472 2094 2795 2171 μυστηρίων,
2873 2100 3159 2157 σκοτεινῶς
3204 2091 3473 2172 λέγονται,
3531 2096 3620 2151 καὶ
3689 2094 3789 2153 δο-

400 2185 639 2248 illorum
688 2186 929 2249 bonum.
988 2187 1073 2249 Ne
1125 2188 1283 2249 enim
1339 2188 1525 2267 magis
1569 2190 2043 2250 condemnentur

2134 2191 2281 2239 κοῦσι
2340 2184 2437 2257 μὲν
2494 2182 2733 2262 βλέπειν,
2796 2183 2854 2239 οὗ
2913 2182 3167 2258 βλέπουσι
3226 2181 3281 2239 δέ
3314 2201 3331 2218 ⁸
3396 2186 3484 2241 καὶ
3537 2184 3789 2242 ἀκούουσι

401 2275 557 2355 quod
586 2276 816 2355 cognita
843 2278 1120 2356 mysteria
1152 2277 1503 2356 spreverint,
1538 2278 1676 2339 ideo
1708 2278 1781 2338 ab
1812 2277 1931 2337 illis
1978 2296 2048 2337 ea

2134 2191 2281 2239 κοῦσι
2340 2184 2437 2257 μὲν
2494 2182 2733 2262 βλέπειν,

2135 2273 2255 2351 μὲν,
2302 2274 2362 2328 οῦ
2410 2278 2638 2328 συνιοῦσι
2682 2270 2761 2351 δὲ,
2821 2273 2909 2328 καὶ
2985 2282 3141 2332 τοῦτο
3200 2274 3274 2334 είς
3332 2273 3627 2352 εὒεργεσίαν
3684 2278 3786 2333 αὺ-

398 2349 673 2426 Christus
690 2349 1021 2426 abscondit.
1059 2363 1166 2435 Qui
1185 2349 1356 2425 venim
1380 2349 1681 2443 cognoscit
1706 2373 1765 2425 et
1786 2374 2043 2427 contem.

2133 2349 2264 2418 τῶν.
2329 2349 2455 2416 Ἵνα
2515 2360 2615 2438 γὰρ
2673 2349 2755 2435 μὴ.
2805 2360 2966 2416 πλέον
3014 2349 3429 2441 κατακριθῶσιν,
3456 2349 3530 2425 ὧς
3560 2363 3695 2438 μετὰ
3720 2365 3785 2420 τὸ

402 2453 510 2525 nit,
545 2452 813 2529 graviora
846 2461 1118 2514 meretur
1135 2453 1446 2534 supplicia.

2132 2450 2329 2528 γνῶναι
2387 2449 2452 2503 τά
2507 2450 2772 2525 μυστήρια
2856 2451 3353 2529 καταφρονήσαντες
3411 2452 3605 2533 αὐτῶν,
3651 2453 3781 2510 τού-

2129 2529 2138 2549 Ι
2284 2538 2296 2549 ι
2489 2538 2501 2549 ι
2658 2538 2685 2549 -ο
3102 2540 3112 2549 ι
3304 2541 3329 2549 Α
3481 2541 3490 2549 ι
3642 2539 3693 2549 ..-

395 2564 485 2599 του
544 2542 719 2598 ἕνεκεν
790 2543 1093 2621 ἀπέκρυψεν
1151 2545 1178 2599 ὁ
1220 2548 1441 2621 Χριστὸς
1504 2544 1594 2601 ἀπ’
1656 2545 1827 2601 αὐτῶν
1876 2546 2061 2604 ταῦτα,
2123 2538 2181 2598 Ὀ
2239 2538 2341 2616 γὰρ
2392 2538 2571 2616 γνοὺς,
2631 2538 2757 2593 εἶτα
2810 2540 3240 2618 καταφρονήσας,
3300 2541 3591 2620 βαρυτέρας
3635 2539 3777 2609 ἄξιος

397 2632 679 2709 τιμωρίας.

476 2719 660 2779 VERS.
702 2719 903 2782 11-15.
941 2721 1076 2780 «Est
1097 2726 1291 2781 autem
1318 2721 1443 2781 haec
1476 2721 1752 2801 parabola
1782 2741 1795 2781 :
1823 2723 2035 2783 Semen

394 2816 484 2870 est
514 2824 712 2868 sermo
734 2806 861 2871 Dei.
886 2806 992 2880 Qui
1025 2816 1220 2869 autem
1248 2810 1416 2888 juxta
1465 2810 1649 2890 viam,
1686 2811 1741 2871 hi
1776 2818 1909 2872 sunt
1940 2809 2037 2889 qui

392 2896 677 2959 audiunt:
706 2896 923 2958 deinde
953 2898 1113 2959 venit
1137 2897 1407 2960 diabolus
1438 2907 1495 2960 et
1525 2899 1679 2960 tollit
1698 2916 2037 2962 sermonem

391 2985 468 3047 de
496 2986 679 3049 corde
712 3004 940 3059 eorum,
976 3005 1051 3050 ne
1081 2988 1396 3049 credentes
1427 2990 1912 3051 serventur.Nam
1938 2988 2039 3067 qui

392 3093 575 3156 super
634 3083 888 3156 petram,
920 3074 981 3136 hi
1036 3090 1176 3139 sunt
1221 3077 1317 3158 qui
1358 3092 1493 3140 cum
1552 3077 1870 3158 audierint,
1904 3095 2037 3137 cum

390 3164 600 3242 gaudio
632 3163 963 3245 suscipiunt
987 3176 1415 3242 sermonem,et
1439 3165 1497 3227 hi
1527 3166 1759 3228 radices
1793 3183 1909 3227 non
1928 3165 2037 3226 ha-

391 3252 658 3347 bent,qui
682 3255 765 3347 ad_
788 3262 1021 3347 tempus
1051 3255 1325 3347 credunt,
1357 3263 1414 3347 et
1445 3254 1503 3315 in
1538 3264 1821 3347 tempore
1836 3262 2034 3347 tental:
2055 3297 2095 3347 ο

392 3343 566 3404 tionis
590 3343 902 3405 recedunt.
951 3342 1115 3415 Quod
1149 3353 1346 3406 autem
1382 3344 1439 3405 in
1469 3346 1669 3423 spinas
1702 3344 1937 3417 cecidit,
1975 3343 2034 3406 hi

389 3442 524 3493 snut
549 3431 647 3513 qui
679 3432 1083 3505 audierunt,et
1112 3453 1144 3494 a
1175 3434 1683 3496 sollicitudinibus
1734 3442 1792 3495 et
1814 3433 2035 3494 divitiis

388 3541 457 3583 ac
483 3521 879 3601 voluptatibus
906 3522 1031 3582 vitae
1062 3530 1292 3597 euntes,
1329 3524 1715 3599 suifocantur,
1754 3522 1893 3583 3235
1926 3541 2035 3583 nec

389 3611 652 3672 referunt
679 3609 1134 3681 fructquuod
1166 3619 1363 3671 autem
1394 3610 1455 3670 in
1492 3612 1701 3673 bonam
1726 3611 2035 3685 terram,hi

390 3706 527 3761 sunt
557 3699 656 3780 qui
679 3699 738 3759 in
772 3699 954 3759 corde
986 3699 1235 3759 honesto
1268 3716 1337 3759 ac
1362 3699 1518 3759 bono
1556 3701 1867 3763 audientes
1900 3719 2036 3761 ser-

392 3805 628 3848 monem
662 3785 942 3865 retinent,
978 3795 1036 3847 et
1065 3785 1317 3848 fructum
1346 3787 1602 3849 atl‘erunt
1646 3806 1753 3867 per
1801 3788 2036 3868 patien-

389 3875 547 3936 tiam.
590 3900 615 3929 »
643 3872 790 3935 Tres
822 3873 918 3934 hic
944 3874 1186 3934 ordines
1217 3892 1421 3935 eorum
1447 3885 1586 3936 sunt
1620 3875 1721 3956 qui
1756 3896 1872 3937 non
1903 3894 2036 3938 ser—

384 3961 770 4027 vantur.Nam
806 3962 867 4023 hi
898 3963 996 4043 qui
1029 3981 1203 4024 secus
1234 3964 1409 4038 viam,
1465 3965 1810 4046 neutiquam
1840 3965 2038 4026 susci-

387 4055 552 4135 piunt
601 4070 939 4113 sermonem
979 4072 993 4128 ;
1057 4051 1213 4113 sicut
1260 4054 1415 4113 enim
1461 4055 1551 4115 via
1607 4056 1951 4117 conculcata
1983 4063 2041 4115 et

394 4144 723 4225 constipata
753 4160 958 4204 semen
986 4160 1102 4203 non
1135 4143 1402 4224 suscipit,
1440 4163 1510 4205 eo
1561 4145 1713 4225 quod
1750 4145 1897 4207 dura
1936 4145 2035 4212 sit,

389 4235 466 4295 ita
497 4241 554 4295 et
592 4231 869 4294 obdurati
914 4231 1092 4291 corde
1145 4249 1483 4293 sermonem
1535 4253 1652 4294 non
1711 4235 2040 4313 suscipiunt

389 4323 563 4385 etiam
593 4320 941 4382 audientes:
981 4339 1096 4381 non
1128 4322 1439 4383 attendunt
1483 4323 1666 4387 enim.
1703 4328 1771 4383 At
1800 4324 1899 4405 qui
1936 4342 2040 4404 per

388 4422 615 4492 petram
651 4409 1085 4490 intelliguntur,
1116 4410 1455 4491 suscipiunt
1492 4414 1757 4494 quidem,
1782 4413 1883 4475 sed
1921 4432 2040 4492 prae

387 4500 729 4564 inﬁrmitate
778 4500 1037 4561 humana
1086 4498 1147 4559 in
1201 4500 1624 4563 tentationibus
1646 4511 2037 4563 marcescunt.

384 4590 570 4653 Tertii
603 4599 738 4651 sunt
767 4588 862 4668 qui
895 4607 1027 4649 cum
1056 4587 1405 4650 audiverunt
1427 4599 2043 4671 etsusceperunt,pra|

2207 2735 2235 2774 (
2280 2714 2453 2772 ’Ἔστι
2489 2712 2543 2769 δὲ
2601 2713 2733 2781 αὕτη
2787 2716 2820 2783 ἡ
2878 2713 3185 2792 παραϐολὴ,
3224 2706 3279 2773 ιΟ
3313 2717 3510 2793 σπόρος
3564 2714 3704 2775 ἐστὶν
3748 2721 3778 2776 6

2120 2804 2278 2883 λόγος
2310 2811 2401 2860 τοῦ
2461 2811 2614 2865 Θεοδ.
2661 2806 2721 2861 0i
2764 2801 2819 2859 δὲ
2866 2806 3009 2883 παρὰ
3054 2806 3154 2871 τὴν
3184 2802 3328 2877 ὁδὸν,
3375 2805 3499 2860 είσὶν
3535 2807 3583 2863 οἷ
3612 2807 3782 2864 ἀκού·-

2123 2916 2294 2968 οντες,
2357 2893 2482 2950 εἶτα
2539 2892 2754 2972 ἔρχεται
2812 2895 2840 2949 6
2900 2890 3149 2956 διάϐολος
3192 2894 3279 2949 καὶ
3324 2891 3464 2968 αἴρει
3494 2894 3583 2949 τὸν
3614 2893 3778 2971 λόγον

2123 2985 2229 3040 ἀπὸ
2281 2987 2381 3049 τῆς
2431 2980 2640 3061 καρδίας
2700 2984 2897 3059 αὐτῶν,
2956 2982 3049 3038 ἵνα
3106 2984 3185 3057 μὴ
3242 2982 3612 3045 πιστεύσαντες
3670 3004 3777 3039 σω-

2121 3076 2304 3133 θῶσιν,
2359 3073 2419 3128 Oi
2471 3069 2525 3126 δὲ
2582 3070 2669 3127 ἐπὶ
2724 3075 2823 3140 τῆς
2894 3069 3113 3149 πέτρας,
3188 3083 3244 3128 οῖ
3316 3071 3442 3126 ὅταν
3483 3071 3771 3144 ἀκούσωσι,

2124 3165 2260 3239 μετά
2316 3168 2486 3242 χαρᾶς
2530 3159 2781 3239 δέχονται
2834 3162 2924 3217 τὸν
2968 3159 3152 3239 λόγον,
3203 3162 3291 3216 καὶ
3324 3160 3467 3217 οὗτοι
3498 3160 3639 3237 ῥίζαν
3684 3161 3780 3216 οῦκ

2125 3252 2365 3333 ἔχουσιν,
2431 3253 2485 3307 οἳ
2546 3252 2677 3327 πρὸς
2737 3252 2921 3328 καιρὸν
2980 3250 3309 3329 πιστεύουσι,
3367 3250 3456 3305 καὶ
3514 3248 3569 3304 ἐν
3609 3254 3780 3327 καιρῷ

2118 3350 2413 3418 πειρασμοῦ
2458 3338 2789 3418 ἀφίστανται,
2846 3341 2917 3397 Τὸ
2974 3337 3029 3395 δὲ
3077 3340 3150 3401 εἰς
3182 3339 3275 3400 τὰς
3305 3337 3534 3403 ἀκάνθας
3588 3339 3775 3413 πεσὸν,

2121 3431 2262 3488 οὗτοί
2319 3431 2448 3485 είσιν
2506 3430 2553 3485 οἱ
2623 3428 2967 3501 ἀκούσαντες,
3039 3428 3127 3483 καὶ
3200 3428 3302 3483 ὑπὸ
3363 3432 3636 3504 μεριμνῶν
3689 3427 3779 3483 καὶ

2120 3519 2351 3577 πλούτου
2406 3519 2495 3574 καὶ
2557 3517 2761 3586 ἡδονῶν
2820 3520 2913 3573 τοῦ
2981 3518 3099 3593 βίου
3152 3516 3499 3595 πορευόμενοι
3542 3518 3776 3591 συμπνί-

2120 3630 2326 3687 γονται,
2376 3609 2463 3663 καὶ
2522 3606 2580 3663 οὗ
2621 3613 3017 3686 τελεσφοροῦσι.
3080 3606 3150 3664 Τὸ
3193 3603 3248 3660 δὲ
3299 3605 3354 3661 ἐν
3385 3610 3455 3681 τῇ
3484 3603 3623 3682 καλῇ
3678 3611 3772 3683 γῇ,

2120 3700 2261 3754 οὗτοι
2321 3698 2448 3751 εἰσιν
2526 3695 2723 3757 οἵτινες
2804 3694 2861 3750 ἐν
2941 3692 3125 3773 καρδίᾳ
3209 3692 3347 3770 καλῇ
3406 3696 3495 3749 καὶ
3579 3692 3770 3771 ἀγαθῇ,

2120 3787 2441 3847 ἀκούσαντες
2498 3786 2588 3840 τὸν
2638 3782 2823 3862 λόγον,
2869 3782 3161 3863 κατέχουσι
3210 3784 3301 3839 καὶ
3355 3804 3778 3861 καρποφορσυσιν

2123 3876 2180 3932 ἐν
2235 3876 2505 3949 ὑπομονῇ.
2560 3897 2583 3930 ι
2649 3883 2805 3945 Τρεῖς
2834 3872 3005 3938 τάξεις
3046 3873 3146 3928 εἶσὶ
3194 3878 3301 3927 τῶν
3339 3872 3417 3945 μὴ
3460 3870 3777 3947 σωζομένων

2122 3964 2361 4024 ἐνταῦθα.
2420 3966 2478 4020 Oi
2537 3961 2633 4031 μὲν
2690 3962 2790 4039 γὰρ
2834 3962 2976 4037 παρὰ
3018 3960 3118 4028 τὴν
3162 3959 3304 4033 ὁδὸν,
3365 3962 3411 4016 0i
3461 3956 3591 4034 μηδ’
3634 3957 3775 4023 ὅλως

2126 4051 2542 4133 παραδεξάμενοι
2587 4052 2677 4107 τὸν
2722 4049 2905 4128 λόγον.
2937 4050 3147 4129 ’Ὥσπερ
3203 4050 3304 4128 γὰρ
3347 4051 3382 4117 ἡ
3411 4046 3554 4118 ὁδὸς,
3603 4069 3775 4105 κατα-

2124 4140 2481 4217 πεπατημένη
2564 4140 2650 4194 καὶ
2732 4137 3184 4213 συμπεπιλημένη
3270 4140 3329 4195 οὗ
3411 4135 3628 4217 δέχεται
3683 4139 3777 4193 τὸν

2123 4252 2342 4310 σπόρον,
2390 4232 2463 4291 ὡς
2510 4227 2715 4306 σγληρά
2759 4236 2909 4301 οῦσα,
2969 4226 3110 4283 οὕτω
3156 4228 3245 4283 καὶ
3290 4228 3334 4282 oi
3367 4223 3775 4305 σκληροκάρδιοι

2123 4319 2228 4378 οὐδ’
2262 4318 2400 4383 ὅλως
2457 4315 2850 4396 παραδέχονται
2901 4318 2993 4373 τὸν
3051 4314 3234 4394 λόγον,
3266 4313 3365 4371 κᾶν
3408 4315 3662 4389 ἀκούωσι,
3697 4315 3777 4389 μὴ

2124 4410 2502 4489 προσέχοντες.
2565 4409 2623 4463 Oi
2676 4405 2731 4461 δὲ
2788 4407 2928 4484 παρά
2975 4407 3072 4474 τὴν
3126 4404 3345 4483 πέτραν,
3405 4407 3451 4461 0i
3502 4402 3775 4479 δεξάμενοι

2123 4501 2246 4576 μὲν,
2280 4499 2405 4554 εἶτα
2435 4496 2534 4552 ὑπὸ
2592 4496 2855 4560 ἀσθενείας
2907 4494 3237 4572 ἀνθρωπίνης
3280 4509 3401 4559 τοῖς
3453 4506 3776 4572 πειρασμοῖς

2124 4585 2666 4662 ῦπομαλακισθέντες.
2753 4585 2927 4661 Τρίτοι
3009 4582 3087 4656 δὲ,
3163 4585 3210 4638 οἶ
3269 4584 3615 4657 ἀκούσαντες,
3685 4583 3776 4638 καὶ

385 4679 544 4743 curis
570 4679 710 4741 vita;
760 4678 937 4756 hujus
985 4677 1372 4741 suti‘ocantur.
1425 4678 1608 4758 Igitur
1640 4669 1760 4741 tres
1795 4669 2036 4761 quidem

2129 4680 2225 4734 ὕπὸ
2285 4680 2553 4755 μεριμνῶν
2610 4675 2702 4729 τοῦ
2773 4673 2888 4748 βίου
2959 4673 3400 4750 συμπνιγόμενοι.
3465 4681 3622 4749 Τρεῖς
3677 4669 3776 4745 μὶν

386 4777 582 4851 partes
611 4786 819 4829 eorum
852 4774 989 4826 sunt
1017 4765 1118 4845 qui
1152 4775 1428 4844 pereunt,
1464 4787 1580 4829 una
1610 4778 1800 4831 autem
1830 4788 2035 4830 eorum

384 4859 484 4940 qui
519 4857 838 4919 salvantur.
875 4856 961 4917 Ila
992 4856 1160 4935 pauci
1191 4855 1432 4935 quidem
1473 4865 1610 4919 sunt
1660 4858 1761 4939 qui
1791 4877 2035 4919 servan-

386 4957 503 5028 tur,
531 4947 731 5027 plures
766 4956 961 5006 autem
986 4943 1085 5024 qui
1133 4955 1407 5023 pereunt.
1440 4946 1591 5009 Vide
1622 4948 1759 5009 item
1794 4966 1928 5009 cum
1963 4947 2037 5009 de

384 5038 478 5100 his
510 5036 607 5116 qui
632 5035 1015 5103 sut‘focantur,
1064 5033 1347 5115 loquitur,
1390 5041 1687 5117 quomodo
1722 5057 1839 5098 non
1872 5037 2032 5107 dicit,

384 5127 541 5207 quod
578 5142 697 5204 pne
727 5122 947 5183 divitiis
980 5122 1371 5199 suﬂ‘ucenlur,
1404 5126 1508 5186 sed
1535 5145 1657 5205 prae
1690 5130 1849 5186 curis
1880 5124 2034 5186 divi-

388 5216 602 5276 tiarum
621 5221 679 5273 et
699 5210 1357 5276 sollicitudinibus.Non
1381 5214 1539 5275 enim
1554 5214 1771 5276 divitia
1793 5223 2028 5284 nocent,

386 5305 489 5368 sed
514 5301 949 5365 sollicitudines
978 5318 1203 5364 earum.
1242 5303 1408 5365 Multi
1432 5304 1589 5365 enim
1624 5323 1835 5384 magna
1863 5324 2033 5365 corn-

391 5393 565 5454 moda
596 5411 665 5452 ex
697 5390 917 5452 divitiis
942 5389 1441 5472 percipiunt,i|las
1471 5393 1530 5453 in
1552 5412 1874 5473 pauperum
1904 5411 2035 5454 ven-

390 5489 510 5545 tres
534 5479 937 5561 projicientes.
969 5480 1290 5544 Considera
1318 5501 1555 5565 quoque
1586 5490 1642 5545 et
1668 5482 2033 5562 diligentiam

465 5637 521 5683 ³⁹
549 5634 753 5704 Matth.
785 5653 887 5715 vn,
920 5638 985 5702 8.

2122 4776 2210 4825 οῦν
2267 4762 2471 4843 μερίδες
2515 4762 2613 4817 εἰσὶ
2694 4768 2800 4818 τῶν
2858 4759 3261 4836 ἀπολλυμένων,
3324 4763 3419 4836 μία
3462 4758 3517 4817 δὲ
3574 4761 3609 4827 ἡ
3667 4764 3775 4815 τῶν

2122 4853 2438 4929 σωζομένων
2468 4868 2482 4881 '
2549 4848 2712 4912 οὕτως
2774 4847 2947 4927 ὀλίγοι
3004 4850 3102 4923 μέν
3154 4851 3283 4905 εἰσιν
3342 4852 3389 4906 0i
3448 4847 3770 4923 σωζόμενοι,

2121 4944 2333 5007 πλείους
2378 4940 2432 4997 δὲ
2476 4944 2521 4996 0i
2564 4937 2951 5013 ἀπολλύμενοι.
3005 4929 3153 5017 ιὈρα
3201 4936 3255 4993 δὲ
3287 4937 3510 4993 ἐπὶτῶν
3535 4958 3772 5011 συμπνι-

2120 5034 2383 5114 γομένων,
2443 5035 2556 5094 πῶς
2623 5032 2720 5087 οῦκ
2764 5032 2916 5084 εἶπεν
2969 5028 3051 5083 ὅτι
3106 5028 3207 5083 ὑπὸ
3252 5033 3345 5083 τοῦ
3372 5024 3601 5083 πλούτου
3630 5046 3773 5100 συμ-

2117 5113 2414 5201 πνίγονται,
2479 5115 2598 5174 ἀλλ’
2642 5118 2746 5173 ὑπὸ
2802 5123 2907 5173 τῶν
2964 5121 3233 5195 μεριμνῶν
3292 5124 3385 5174 τοῦ
3415 5113 3665 5175 πλούτου.
3701 5114 3774 5171 οὗ

2117 5214 2216 5291 γὰρ
2271 5213 2298 5267 6
2356 5207 2583 5271 πλοῦτος
2654 5204 2907 5282 βλάπτει,
2971 5204 3091 5261 ἀλλ’
3142 5206 3193 5261 αἱ
3253 5203 3503 5282 μέριμναι
3558 5203 3768 5264 τούτου.

2118 5301 2264 5359 Ἐπεὶ
2308 5296 2499 5355 πολλοὶ
2556 5297 2657 5351 ὑπὸ
2706 5301 2797 5351 τοῦ
2826 5293 3056 5354 πλούτου
3104 5291 3490 5373 ὠφελήθησαν,
3519 5292 3769 5369 ῥίψαντες

2118 5392 2273 5448 αὐτὸν
2317 5389 2388 5453 εἰς
2445 5386 2537 5448 τὰς
2596 5390 2703 5439 τῶν
2732 5384 2979 5451 πενήτων
3012 5383 3298 5461 γαστέρας.
3332 5380 3532 5436 Σκόπει
3562 5379 3619 5437 δέ
3674 5400 3769 5455 μοι

2118 5483 2205 5538 καὶ
2258 5479 2355 5547 τὴν
2414 5472 2681 5554 ἀκρίϐειαν
2723 5495 2816 5530 του
2868 5471 3268 5552 εὐαγγελιστοῦ,
3340 5474 3456 5533 πῶς
3500 5469 3602 5551 ἔφη
3646 5470 3773 5547 περὶ
