4132 6298
478 367 595 440 803

1450 373 2046 441 THEOPHYLACTI
2089 373 2499 441 BULGARIE
2542 375 2903 439 ARCHIEP.

3742 374 3860 439 804

476 506 666 583 gnatis
697 507 848 587 ejus,
878 507 1004 588 ipse
1057 508 1484 571 fraternitatem
1537 528 1654 569 non
1712 509 1769 569 in
1805 529 1981 590 parvo
2009 533 2109 573 nu-

2211 512 2361 569 Ἐπεὶ
2411 512 2510 592 γὰρ
2564 516 2720 569 εἷπον
2806 516 2949 587 αὐτῷ
3022 532 3161 577 τινες
3224 512 3343 589 περῖ
3400 517 3506 568 τῶν
3590 517 3863 591 συγγενῶν

482 614 644 657 mero
675 597 916 669 claudit,
954 616 1145 677 neque
1179 598 1313 659 ﬁliis
1343 596 1567 678 Joseph
1618 600 1775 660 hunc
1837 602 2125 663 honorem

478 684 600 757 dat,
630 694 690 745 ut
721 685 965 745 solisint
998 686 1205 747 fratres
1234 707 1248 746 :
1283 687 1385 747 sed
1413 689 1552 767 quia
1575 688 1731 748 venit
1754 698 1934 751 totum
1960 711 2128 753 mun-

478 773 616 834 dum
653 793 916 849 servare,
940 785 996 835 et
1029 794 1237 836 omnes
1272 777 1485 839 fratres
1515 776 1910 845 facere,dicit:
1940 785 2128 843 Mater

478 880 609 924 mea
632 872 691 925 et
720 863 927 925 fratres
961 865 1076 925 mei
1122 865 1174 924 hi
1210 875 1345 926 sunt
1374 867 1468 946 qui
1504 884 1840 928 sermonem
1878 868 1979 930 Dei
2016 890 2125 929 au-

474 951 904 1014 diunt.Deinde
935 954 1072 1035 quia
1093 955 1251 1018 nuda
1284 965 1341 1017 et
1372 956 1497 1016 sola
1513 956 1736 1016 auditio
1766 957 1986 1018 nullum
2013 977 2129 1021 ser-

476 1050 589 1115 vat,
616 1043 716 1104 sed
747 1043 930 1122 magis
960 1044 1340 1117 condemnat,
1368 1045 1512 1106 dicit
1547 1068 1558 1102 :
1595 1054 1652 1106 et
1684 1046 1899 1107 faciunt
1931 1049 2122 1112 illum.

476 1129 720 1210 Oportet
750 1131 925 1209 igitur
956 1133 1184 1212 audire,
1222 1144 1279 1194 et
1311 1135 1527 1196 facere.
1567 1134 1743 1195 Porro
1788 1154 2123 1198 sermonem

477 1221 581 1282 Dei
614 1240 777 1280 suam
807 1223 1136 1282 doctrinam
1170 1232 1360 1285 vocat.
1394 1224 1774 1304 Queecunque
1806 1227 1965 1286 enim
1998 1228 2123 1307 ipse

476 1309 734 1391 dicebat,
769 1312 959 1373 Patris
986 1312 1076 1372 sui
1110 1322 1296 1387 erant,
1323 1314 1415 1373 cui
1448 1334 1562 1373 non
1597 1314 1703 1374 fuit
1726 1315 2119 1396 adversarius,

476 1409 537 1459 ut
565 1400 718 1459 dicat
746 1419 875 1479 quae
905 1399 1009 1461 Dei
1042 1420 1157 1462 non
1182 1406 1419 1463 sunt.At
1446 1402 1710 1482 plerique
1746 1404 1936 1464 locum
1964 1406 2122 1467 hunc

475 1488 559 1548 sic
590 1488 939 1566 intelligunt.
979 1490 1135 1569 quod
1185 1491 1421 1570 quidam
1488 1491 1781 1553 irriserint
1818 1493 2119 1554 Christum

473 1576 807 1651 docentem,
857 1586 911 1638 et
934 1577 1007 1641 ob
1040 1578 1371 1641 doctrinam
1406 1600 1569 1641 suam
1608 1583 1819 1643 factum
1854 1584 2119 1645 admira-

474 1665 675 1736 bilem,
715 1676 774 1726 ut
811 1685 916 1746 per
946 1668 1221 1728 invidiam
1256 1669 1510 1730 dixerint
1544 1690 1557 1730 :
1596 1672 1752 1732 Ecce
1805 1686 1993 1734 mater
2024 1683 2120 1735 tua

473 1763 529 1815 et
559 1755 767 1816 fratres
794 1757 876 1817 tui
910 1765 1045 1815 sunt
1077 1758 1240 1830 foris,
1271 1758 1580 1837 cupien'es
1622 1768 1679 1821 te
1720 1761 1944 1834 videre,
1978 1763 2118 1843 quia

474 1853 660 1905 mater
690 1844 877 1924 ipsius
935 1845 1241 1907 videbatur
1273 1848 1400 1908 vilis
1448 1868 1602 1929 esse,
1639 1859 1695 1911 et
1730 1850 1940 1912 fratres
1989 1854 2118 1931 ejus

2212 602 2392 679 αὐτοῦ,
2446 602 2600 664 αὒτὸς
2645 601 2705 656 οὗ
2758 599 3045 679 περιγλείει
3104 600 3158 655 ἐν
3220 599 3420 679 ὀλίγοις
3478 601 3574 668 τὴν
3634 599 3868 680 ἀδελφό-

2211 713 2372 770 τητι,
2425 688 2541 748 οῦδὲ
2582 691 2703 756 τοὺς
2748 714 2838 747 του
2896 690 3096 770 Ἰωσὴφ
3166 687 3365 754 παῖδας
3420 687 3665 755 καταξιοῖ
3707 688 3872 746 ἀδελ-

2212 781 2339 860 φοὺς
2394 780 2585 855 μόνους
2643 779 2824 859 ἔχειν,
2881 779 3005 835 ἀλλ’
3073 781 3187 835 ἐπεὶ
3238 780 3328 836 τὸν
3383 780 3587 854 κόσμον
3659 778 3871 835 ἅπαντα

2216 869 2362 942 Ίἦλθε,
2426 875 2616 949 σῶσαι,
2718 871 2806 925 καὶ
2876 870 3079 934 πάντας
3181 866 3434 948 ἀδελφοὺς
3513 870 3862 941 ποιήσασθαι,

2213 959 2343 1036 φησί
2373 971 2387 987 ⁸
2448 958 2639 1035 Μήτηρ
2671 979 2772 1033 μου
2824 958 2911 1013 καὶ
2966 955 3182 1037 ἀδελφοί
3210 978 3314 1032 μου
3342 956 3471 1012 εἰσιν
3501 957 3551 1012 οἱ
3580 957 3672 1012 τὸν
3701 954 3865 1034 λόγον

2210 1054 2301 1103 τοῦ
2356 1054 2487 1103 Θεοῦ
2535 1046 2837 1109 ἀκούοντες.
2886 1050 3021 1103 Εἶτα
3090 1043 3272 1113 ἐπειδὴ
3331 1046 3392 1100 τὸ
3434 1044 3645 1101 ἀκούειν
3700 1042 3862 1119 ψιλὸν

2209 1134 2391 1193 οὒδένα
2450 1136 2630 1207 σώζει,
2694 1137 2736 1190 εἰ
2794 1137 2872 1211 μὴ
2924 1134 3131 1211 μᾶλλον
3177 1136 3266 1191 καὶ
3320 1155 3643 1212 κατακρινει,
3701 1135 3858 1213 φησὶ,

2207 1226 2295 1280 καὶ
2338 1231 2636 1287 ποιοῦντες.
2685 1224 2785 1281 Δεῖ
2838 1226 2939 1304 γὰρ
2991 1224 3125 1301 μετὰ
3154 1232 3242 1280 τοῦ
3270 1224 3500 1298 ἀκούειν,
3534 1224 3623 1280 καὶ
3651 1236 3858 1285 ποιεῖν,

2209 1314 2379 1391 Λόγον
2439 1312 2493 1369 δὲ
2553 1320 2683 1369 Θεοῦ
2723 1314 2823 1381 τὴν
2896 1316 3090 1371 οἰκείαν
3138 1311 3477 1369 διδασκαλίαν
3532 1311 3700 1390 λέγει’
3758 1311 3861 1367 ὅσα

2206 1404 2306 1480 γὰρ
2336 1403 2490 1465 αὐτὸς
2525 1402 2699 1482 ἔλεγε,
2758 1411 2848 1460 τοῦ
2906 1404 3113 1482 Πατρὸς
3158 1404 3315 1460 αὐτοῦ
3343 1407 3502 1468 ἦσαν.
3540 1405 3611 1460 Οὺ
3641 1402 3741 1480 γὰρ
3791 1399 3862 1467 ἧν

2206 1492 2437 1552 ἀντίθεος
2494 1490 2633 1547 ὥστε
2665 1491 2697 1547 ἂ
2740 1490 2886 1570 λέγει
2929 1492 3007 1567 μὴ
3053 1492 3194 1547 εἶναι
3250 1490 3343 1547 τοῦ
3397 1498 3547 1548 Θεοῦ.
3597 1490 3743 1554 Τὶνὲς
3804 1487 3862 1544 δὲ

2205 1580 2264 1634 τὸ
2322 1580 2522 1659 χωρίον
2563 1587 2718 1637 τοῦτο
2749 1579 2892 1636 αὕτω
2917 1587 3149 1659 νοοῦσιν,
3210 1578 3291 1637 ὅτι
3334 1587 3425 1637 τοῦ
3490 1580 3717 1657 Χριστοῦ
3770 1577 3861 1634 δι-

2205 1667 2489 1733 δάσκοντος
2536 1671 2623 1725 καί
2682 1667 3081 1745 εὐδοκιμοῦντος
3140 1669 3223 1725 ἐπὶ
3278 1675 3347 1746 τῇ
3401 1666 3731 1742 διδασκαλίᾳ,
3764 1690 3857 1723 τι-

2202 1759 2287 1821 νὲς
2330 1759 2691 1838 ’φθονήσαντες
2766 1761 2853 1815 καὶ
2930 1758 3107 1837 ὥσπερ
3177 1759 3585 1836 μυκτηρίζοντες
3670 1759 3856 1831 αὐτὸν,

2202 1847 2360 1902 εἶπον
2394 1863 2407 1876 ·
2466 1845 2599 1904 ἰδοὺ
2629 1849 2663 1915 ἡ
2695 1848 2877 1926 μήτηρ
2919 1870 3037 1920 σου,
3072 1848 3161 1903 καὶ
3203 1849 3250 1907 οἱ
3306 1843 3518 1927 ἀδελφοί
3560 1868 3652 1903 σου
3683 1848 3853 1917 ἐστή-

470 1934 732 2013 obscuri,
761 1944 960 2015 utpote
989 1935 1134 1996 fabri
1170 1934 1295 2011 ﬁlii,
1332 1947 1390 1999 et
1427 1937 1647 1999 idcirco
1676 1943 1840 2020 quasi
1877 1942 2109 2019 ignobi-

2200 1958 2352 1992 κασιν
2401 1934 2522 2012 ἔξω,
2569 1935 2703 1993 ἰδεῖν
2736 1958 2793 1993 σε
2826 1935 3095 2000 θέλοντες.
3130 1936 3279 1993 Ἐπεὶ
3309 1938 3409 2014 γὰρ
3456 1938 3492 2003 ἡ
3524 1937 3706 2015 μήτηρ
3748 1935 3856 1992 αὖ-

472 2022 562 2083 lis.
599 2032 842 2083 matrem
882 2024 1009 2103 ejus
1041 2033 1095 2084 et
1126 2024 1334 2085 fratres
1388 2024 1693 2087 irridendo
1726 2028 2088 2106 objicietant

472 2112 732 2174 Proinde
765 2112 960 2174 sciens
991 2114 1378 2189 cogitationes
1410 2133 1642 2189 eorum,
1677 2114 1829 2176 Nihil
1853 2117 2114 2197 mihi,in-

469 2202 613 2282 quit.
672 2212 843 2263 nooet
895 2203 1172 2282 ignobilis
1222 2204 1491 2281 cognatio
1553 2205 1672 2266 lmo
1716 2206 1948 2267 etiamsi
1982 2206 2115 2288 quis

468 2291 737 2370 ignobilis
767 2292 963 2372 fuerit,
997 2293 1045 2353 si
1082 2303 1272 2353 tamen
1302 2293 1559 2354 audierit
1608 2313 1943 2357 sermonem
1979 2296 2104 2365 Dei,

468 2381 657 2461 ipsum
696 2398 889 2442 meum
922 2390 1235 2461 cognatum
1258 2382 1434 2443 facio.

546 2730 728 2791 Vens.
764 2729 980 2791 92-25.
1023 2753 1043 2785 α
1076 2732 1311 2791 Factum
1346 2740 1434 2792 est
1471 2740 1666 2791 autem
1700 2734 1954 2810 quodam
1988 2730 2106 2810 die,

465 2828 524 2881 et
554 2818 679 2898 ipse
712 2819 976 2879 ascendit
1006 2819 1065 2879 in
1102 2822 1321 2891 navim,
1357 2828 1414 2879 et
1443 2820 1719 2900 discipuli
1754 2820 1904 2898 ejus,
1940 2830 1996 2880 et
2030 2820 2109 2880 ait

462 2910 531 2969 ad
558 2907 711 2980 illos,
747 2904 1138 2985 Trajiciamus
1179 2909 1237 2968 iu
1286 2908 1628 2970 ulteriorem
1663 2908 1849 2988 ripam
1891 2910 2099 2988 stagni,

462 3014 530 3057 ac
571 2996 890 3056 solverunt.
946 2995 1234 3059 Caeterum
1270 2997 1676 3076 navigantibus
1709 2997 1849 3070 illis,
1880 2998 2104 3059 obdor-

465 3086 646 3149 mivit.
680 3084 747 3145 Et
804 3085 1029 3165 ingruit
1089 3086 1348 3166 procella
1405 3087 1559 3147 venti
1608 3087 1665 3147 in
1719 3094 2017 3166 stagnum,
2053 3096 2109 3148 et

462 3175 918 3253 complebantur
937 3194 1006 3235 ac
1042 3175 1552 3255 periclitabantur.
1596 3176 1970 3239 Accedentes
2005 3194 2109 3239 au-

465 3270 582 3323 tem
610 3267 1041 3324 suscitaverunt
1070 3282 1203 3324 eum
1225 3263 1489 3327 dicentes
1521 3285 1534 3325 :
1568 3268 1929 3346 Praeceptor,
1960 3285 2113 3347 prae-

463 3360 692 3432 ceptor,
729 3353 1092 3432 perimus.At
1140 3354 1237 3416 ille
1265 3355 1552 3417 excitatus
1609 3356 1928 3437 increpavit
1967 3376 2106 3418 ven-

2196 2036 2288 2085 τοῦ
2357 2024 2527 2082 ἐδόκει
2609 2025 2824 2093 εσότελῆς
2900 2027 3067 2100 εἶναι,
3146 2028 3235 2081 καὶ
3292 2027 3340 2082 οἱ
3398 2024 3608 2105 ἀδελφοὶ
3693 2029 3855 2084 αὐτοῦ

2196 2115 2418 2194 ἀφανεῖς
2468 2137 2635 2196 τινες,
2679 2117 2753 2179 ὡς
2809 2114 3056 2179 τέκτονος
3100 2116 3222 2195 υἱοὶ,
3267 2114 3451 2170 τούτου
3499 2114 3676 2170 ’ίνεκεν
3725 2111 3853 2169 δια-

2197 2205 2439 2281 σύροντες
2484 2206 2641 2263 αὐτὸν
2696 2207 2770 2269 ὡς
2824 2203 3071 2283 δυσγενῆ,
3131 2205 3231 2272 τὴν
3290 2203 3496 2281 μητέρα
3552 2205 3709 2260 αὐτοῦ
3760 2211 3853 2264 καὶ

2196 2294 2317 2355 τοὺς
2368 2291 2619 2372 ἀδελφοὺς
2705 2293 2848 2368 αὒτῷ
2907 2293 3220 2373 προέφερον.
3285 2285 3342 2350 Ὀ
3403 2290 3482 2367 δὲ,
3544 2292 3697 2369 γνοὺς
3753 2291 3854 2358 τὴ(

2196 2379 2431 2441 διάνοιαν
2487 2383 2682 2455 αὐτῶν,
2742 2385 2921 2456 εἶπεν,
2982 2381 3089 2459 ὅτι,
3150 2380 3308 2440 Οὐδὲν
3363 2402 3429 2456 με
3478 2379 3701 2457 βλάπτει
3758 2382 3844 2438 εῦ-

2192 2468 2370 2525 τέλεια
2417 2470 2725 2548 συγγενικὴ,
2780 2469 2916 2525 ἀλλὰ
2960 2469 3166 2545 μᾶλλον
3227 2469 3326 2526 κᾶν
3356 2468 3576 2537 εὐτελὴς
3607 2467 3702 2536 εὶή
3742 2490 3848 2542 τις,

2193 2558 2360 2633 ἀκούῃ
2412 2556 2467 2613 δὲ
2522 2559 2615 2614 τὸν
2665 2557 2825 2637 λόγον
2882 2566 2975 2614 τοῦ
3021 2566 3175 2633 Θεοῦ,
3229 2560 3459 2638 συγγενῆ
3492 2561 3650 2616 αὐτὸν
3703 2563 3851 2615 ποιῶ

2191 2645 2321 2722 ἐμόν
2332 2696 2344 2707 ,

2280 2759 2306 2790 α
2343 2737 2438 2794 Καὶ
2498 2735 2707 2815 ἐγένετο
2783 2737 2835 2793 ἐν
2902 2743 2999 2813 μιᾶ
3056 2742 3163 2794 τῶν
3236 2739 3472 2813 ἡμερῶν,
3541 2738 3627 2792 καὶ
3684 2737 3843 2799 αὐτὸς

2193 2822 2347 2892 ἐνέϐη
2404 2828 2475 2891 εἷς
2532 2825 2749 2899 πλοῖον,
2810 2828 2897 2883 καὶ
2962 2829 3009 2882 οἱ
3067 2827 3299 2902 μαθηταὶ
3343 2828 3525 2900 αὐτοῦ,
3577 2827 3662 2880 καὶ
3710 2826 3836 2882 εἷπε

2189 2917 2322 2992 πρὸς
2381 2913 2591 2978 αύτούς.
2642 2914 2942 2990 Διέλθωμεν
2980 2917 3052 2980 εἷς
3110 2917 3170 2971 τὸ
3230 2914 3394 2992 πέραν
3460 2914 3555 2979 τῆς
3612 2910 3833 2986 λίμνης,

2190 3006 2276 3059 καὶ
2326 3005 2664 3083 ἀνήχθησαν.
2724 3003 2998 3062 Πλεόντων
3047 3002 3101 3060 δὲ
3160 3007 3352 3079 αὐτῶν,
3384 3001 3688 3081 ἀφύπνωσε,
3747 3002 3836 3055 καὶ

2191 3092 2389 3161 κατέϐη
2419 3092 2619 3169 λαίλαψ
2677 3094 2870 3169 ἀνέμου
2932 3095 3005 3157 εἷς
3054 3095 3150 3162 τὴν
3193 3092 3408 3168 λίμνην,
3448 3092 3536 3147 καὶ
3564 3087 3837 3155 συνεπλη-

2196 3193 2380 3260 ροῦντο
2432 3184 2522 3238 καὶ
2579 3182 2927 3245 ἐκινδύνευον.
2995 3181 3380 3262 Προσελθόντες
3447 3177 3503 3235 δὲ
3571 3176 3843 3256 διήγειραν

2198 3273 2377 3351 αὺτὸν,
2462 3271 2709 3351 λέγοντες
2747 3288 2761 3303 ⁸
2844 3272 3161 3346 Ἐπιστάτα,
3250 3269 3529 3342 ἐπιστάτα,
3602 3264 3843 3323 ἀπολλύ-

2198 3320 2377 3437 ιῖέὸξιῗ
2415 3320 2587 3419 ea?
2604 3320 2844 3442 ἰᾨξρθεις
2866 3320 3203 3436 "agas.
3251 3320 3365 3434 ’ἐξ
3386 3320 3580 3432 ’ἐιζὲμὶφ
3608 3320 3845 3427 1.}...

460 3451 582 3504 tum
616 3462 682 3505 ac
718 3453 1125 3524 tempestatem
1178 3465 1365 3527 aquae,
1403 3456 1459 3507 et
1517 3449 1786 3523 cessavit,
1848 3448 2109 3528 factaque

2197 3449 2416 3507 κλύδωνι
2472 3458 2563 3507 τοῦ
2621 3448 2831 3527 ὕδατος,
2864 3450 2960 3507 καί
2991 3450 3277 3528 ἐπαύσατο,
3328 3448 3418 3504 καὶ
3471 3445 3680 3525 ἐγένετο
3733 3465 3839 3523 γα-

461 3543 549 3593 est
582 3533 995 3614 tranquillitas.
1038 3534 1191 3597 Dixit
1221 3546 1415 3596 autem
1469 3536 1585 3597 illis
1621 3555 1633 3599 :
1663 3534 1771 3599 Ubi
1830 3546 1917 3597 est
1962 3538 2105 3598 lides

412 3633 423 3641 ‘
462 3623 686 3684 vestra?
717 3623 1019 3684 Timentes
1048 3634 1244 3685 autem
1284 3625 1477 3685 mirati
1511 3634 1645 3685 sunt
1677 3628 1830 3687 inter
1881 3644 1968 3699 se,
2005 3625 2102 3685 di-

460 3720 697 3773 centes:
726 3712 865 3784 Quis
900 3721 1069 3792 putas
1100 3713 1196 3773 hic
1228 3722 1339 3786 est,
1397 3714 1530 3792 quia
1561 3714 1749 3774 ventis
1780 3731 2015 3793 quoque
2049 3722 2105 3774 et

462 3819 628 3881 aqua:
661 3801 998 3881 imperat,et
1020 3803 1156 3860 597
1177 3802 1567 3863 obediuntei?
1603 3824 1626 3861 ι
1669 3806 1969 3864 Exercens
1990 3802 2107 3862 dis-

460 3890 687 3971 cipulos
710 3888 1012 3960 Dominus,
1048 3909 1374 3971 eorumque
1403 3891 1579 3951 ﬁdem
1605 3892 1943 3952 examinans
1963 3910 2102 3951 num

459 3979 519 4039 in
554 3978 975 4062 tentationibus
1031 3979 1155 4040 suis
1204 3979 1589 4060 imperterriti
1621 3979 1741 4039 sint
1775 4001 1786 4042 :
1824 3979 2101 4058 singulari

461 4068 711 4149 quadam
747 4068 1194 4149 dispensatione
1235 4069 1474 4149 dormit,
1508 4070 1821 4150 arguitque
1867 4069 2098 4129 illorum

456 4156 885 4217 infirmitatem.
922 4155 1048 4217 Non
1075 4161 1234 4218 enim
1270 4158 1588 4238 perfectam
1622 4159 1824 4232 ﬁdem,
1854 4158 2102 4219 sedinli-

458 4245 698 4307 delitate
732 4246 961 4306 mistam
1007 4265 1126 4326 prae
1182 4264 1245 4311 se
1300 4248 1590 4311 ferebant.
1635 4248 1894 4312 Credunt
1941 4248 2100 4309 enim

459 4336 617 4415 quod
650 4335 874 4396 salvare
906 4336 1321 4415 possit,verum
1356 4338 1415 4398 ut
1449 4338 1853 4418 pusillanimes
1874 4337 2097 4412 dicunt,

459 4422 661 4497 Salva,
698 4423 983 4503 perimus.
1021 4424 1079 4486 Si
1105 4427 1263 4486 enim
1303 4426 1620 4506 perfectam
1656 4423 2098 4489 habuissentﬁ-

459 4512 618 4587 dem,
672 4514 809 4573 satis
859 4513 1005 4576 certi
1051 4514 1298 4577 fuissent
1329 4516 1698 4596 impossibile
1741 4534 1874 4579 esse
1906 4517 2102 4596 perire

456 4601 913 4682 illos,praasente
946 4620 1016 4663 eo
1050 4604 1146 4683 qui
1178 4604 1379 4665 omnia
1400 4606 1887 4668 valet.Excitatus
1909 4615 2101 4665 autem

457 4691 783 4772 increpavit
822 4699 1085 4752 ventum.
1126 4693 1402 4754 Permisit
1454 4710 1593 4754 vero
1626 4712 1731 4755 eos
1761 4692 2006 4772 turbari,
2042 4699 2106 4753 ut

2183 4070 2417 4129 καθεύδει
2503 4072 2877 4151 οἰκονομικῶς,

2184 4161 2445 4222 ἀσθένεια.
2507 4163 2578 4219 Οὺ
2633 4163 2733 4241 γὰρ
2790 4160 2995 4218 τελείαν
3044 4162 3242 4236 πίστιν,
3302 4161 3439 4218 ἀλλὰ
3498 4158 3835 4238 μεμιγμένην

2182 4256 2251 4327 τῇ
2332 4252 2549 4325 ἀπιστίᾳ
2604 4249 2974 4310 ἐνδείκνυνται.

2184 4346 2356 4396 σῶσαι
2417 4338 2648 4400 δύναται.
2714 4331 2807 4404 ίΩς
2838 4339 2893 4396 δὲ
2927 4339 3281 4418 ὀλιγόπιστοι,
3325 4338 3541 4418 λέγουσι
3587 4340 3673 4413 τὸ,
3705 4343 3831 4393 Σῶ-

2184 4450 2303 4508 σον,
2346 4426 2709 4504 ἀπολλύμεθα.
2738 4430 2806 4484 »Εἰ
2838 4430 2937 4507 γὰρ
2967 4428 3173 4485 τελείαν
3214 4429 3374 4509 εἶχον
3416 4428 3620 4501 πίστιν,
3653 4425 3831 4493 ἐπλη-

2187 3539 2352 3609 λήνη,
2400 3539 2539 3596 Εἷπε
2596 3536 2650 3595 δὲ
2710 3542 2893 3602 αὖτεϊς
2923 3555 2936 3569 ·
2991 3538 3099 3595 Ποῦ
3156 3538 3299 3593 ἐστιν
3329 3538 3364 3605 ἡ
3407 3536 3581 3597 πίστις
3637 3536 3832 3612 ὑμῶν;

2187 3625 2517 3693 Φοϐηθέντες
2578 3624 2656 3706 δὲ,
2691 3626 3014 3703 ἐθαύμασαν,
3049 3625 3295 3704 λέγοντες
3324 3625 3456 3701 πρὸς
3515 3622 3781 3693 ἀλλήλους
3815 3638 3832 3653 ⁸

2189 3717 2277 3776 Τίς
2329 3715 2430 3794 ἄρα
2481 3714 2632 3777 οὗτός
2682 3715 2849 3790 ἐστιν,
2904 3714 2984 3770 ὅτι
3032 3717 3121 3771 γαὶ
3168 3728 3284 3777 τοῖς
3315 3713 3530 3789 ἀνέμοις
3561 3712 3835 3768 ἐπιτάσσει

2188 3807 2272 3860 καὶ
2326 3811 2402 3880 τῷ
2454 3802 2598 3861 ὕδατι
2670 3805 2757 3860 καὶ
2804 3804 3156 3863 ὑπακούουσιν
3217 3804 3410 3877 αεότῷς
3466 3825 3491 3860 ι
3553 3802 3835 3877 Γυμνάζων

2185 3895 2305 3956 τοὺς
2369 3894 2610 3970 μαθητὰς
2672 3895 2700 3949 ὁ
2758 3893 2971 3973 Κύριος,
3034 3895 3120 3949 καὶ
3175 3890 3474 3968 δοκιμάζων
3532 3890 3632 3958 τὴν
3661 3890 3837 3946 πίστιν

2187 3984 2378 4057 αὐτῶν,
2427 3985 2470 4039 εἰ
2520 3983 2619 4061 ἄρα
2676 3985 2734 4038 ἐν
2788 3995 2906 4045 τοϊς
2964 3995 3289 4060 πειρασμοῖς
3343 3980 3631 4049 ἀκλόνητοί
3702 3980 3835 4058 εἶσι,

2988 4070 3108 4127 ἀλλ’
3198 4070 3483 4151 ἐλέγχεται
3560 4072 3732 4127 αὑτῶν
3799 4070 3835 4136 ἡ

3066 4252 3371 4307 Πιστεύουσι
3429 4251 3528 4326 μὲν
3590 4251 3691 4329 γὰρ
3751 4246 3834 4304 ὅτι

2187 4518 2554 4596 ροφορήθησαν
2598 4516 2657 4573 ἂν
2729 4518 2803 4581 ὡς
2862 4515 3111 4574 ἀδύνατόν
3190 4517 3329 4574 ἐστιν
3387 4514 3673 4574 ἀπολέσθαι
3732 4516 3831 4572 αὑ-

2184 4609 2330 4686 τοὺς,
2375 4607 2620 4671 συνόντος
2682 4608 2863 4670 αὑτοῖς
2925 4614 3017 4663 τοῦ
3068 4607 3239 4662 πάντα
3302 4607 3604 4686 ἰσχύοντος.
3658 4597 3716 4664 ιΟ
3775 4602 3830 4659 δὲ

2188 4696 2442 4775 ἐγερθεὶς,
2487 4696 2776 4770 ἐπετίμησε
2833 4701 2911 4770 τῷ
2972 4695 3175 4771 ἀνέμῳ,
3224 4693 3424 4775 Ἀφήκε
3486 4698 3585 4773 γὰρ
3647 4696 3831 4757 αὐτοὺς

458 4779 677 4842 clarior
711 4782 878 4841 ﬁeret
909 4799 1013 4842 sua
1044 4780 1463 4843 virtus.Solenl
1483 4783 1641 4843 enim
1666 4781 1936 4843 homines
1968 4792 2105 4843 tunc

2196 4789 2549 4865 ταραχθῆναι,
2609 4784 2703 4841 ἵνα
2762 4787 2853 4841 καὶ
2907 4786 3268 4865 ἓμφανεστέρα
3322 4784 3541 4864 γένηται
3584 4786 3618 4850 ἡ
3676 4784 3833 4839 αὐτοῦ

459 4871 804 4931 meminisse
830 4871 962 4950 ejus
982 4870 1078 4950 qui
1097 4870 1546 4950 salvat,quando
1568 4888 1603 4933 a
1620 4872 1845 4950 magnis
1864 4870 2102 4951 pericu-

459 4958 531 5021 lis
553 4959 910 5040 eripiuntur.
946 4962 1267 5037 PrOpterea
1299 4977 1415 5019 non
1453 4960 1509 5020 in
1563 4958 1874 5041 principio,
1907 4959 2010 5021 sed
2044 4960 2102 5020 in

459 5048 709 5111 articulo
734 5048 981 5129 periculi
1012 5046 1319 5122 excitatus,
1345 5047 1478 5109 illos
1508 5047 1779 5111 servavit.
1810 5047 1959 5109 Vide
1989 5066 2100 5109 au-

460 5148 577 5202 tem
605 5150 663 5200 et
682 5137 1198 5218 anagogiam,quia
1222 5138 1403 5217 ﬁgura
1435 5146 1523 5202 est
1546 5140 1678 5219 ejus
1709 5138 1867 5219 quod
1902 5146 2103 5218 postea

460 5228 770 5309 discipulis
793 5225 1307 5305 evenit.Stagnum
1339 5230 1496 5290 enim
1520 5229 1853 5309 estJudwa,
1886 5227 1946 5288 in
1988 5246 2101 5309 qua

462 5324 784 5397 tempestas
825 5325 973 5391 orta,
1010 5326 1259 5398 propter
1308 5318 1596 5380 insaniam
1627 5319 1966 5380 Judmorum
2000 5318 2103 5396 qui

463 5407 885 5469 cruciﬁxerunt
917 5407 1257 5468 Dominum.
1292 5406 1535 5469 Turbati
1559 5425 1701 5469 vero
1745 5415 1883 5469 sunt
1917 5415 1973 5468 et
2005 5406 2100 5467 di-

461 5494 706 5576 scipuli:
743 5512 875 5555 nam
908 5494 1009 5554 illo
1038 5495 1242 5556 relicto
1267 5496 1675 5575 fugerunt,sed
1708 5499 1993 5558 excitatus
2016 5504 2105 5556 est

462 5582 753 5648 Dominus
776 5601 809 5643 a
840 5584 1194 5664 somno,boc
1218 5592 1326 5658 est,
1359 5588 1647 5648 surrexit:
1682 5585 1842 5648 unde
1872 5584 2104 5646 reddita

463 5670 773 5753 discipulis
801 5669 1395 5753 tranquillitas.Venit
1424 5672 1583 5732 enim
1601 5674 1673 5736 ad
1700 5691 1901 5755 eos,ac
1926 5672 2099 5739 dixit.

2187 4872 2427 4949 δύναμις,
2488 4873 2759 4949 Εἱώθαμεν
2838 4874 2938 4953 γὰρ
2992 4877 3040 4931 οἱ
3121 4873 3383 4954 ἄνθρωποι
3439 4876 3558 4931 τότε
3628 4872 3831 4951 μᾶλλον

2187 4963 2536 5038 μνημονεύειν
2592 4965 2685 5019 τοῦ
2744 4963 3037 5039 σώσαντος,
3084 4963 3210 5020 ὅταν
3253 4965 3358 5021 ἀπὸ
3416 4962 3665 5042 μεγάλων
3707 4986 3829 5020 κιν-

2184 5051 2346 5109 δύνων
2401 5054 2544 5128 ἡμᾶς
2576 5049 2839 5119 ἐξέληται.
2877 5053 2975 5109 Διὰ
3014 5060 3170 5110 τοῦτο
3202 5055 3296 5109 οῦκ
3325 5054 3379 5110 ἐν
3410 5052 3577 5133 ἀρχῆ,
3604 5049 3744 5133 ,ἀλλ’
3774 5051 3829 5108 ἐν

2184 5142 2333 5219 ἀκμῇ
2373 5148 2464 5199 τοῦ
2504 5139 2743 5198 κινδύνου
2771 5139 3049 5208 διαναστὰς
3081 5144 3268 5206 αῦκοῦς
3298 5132 3515 5202 ἔσωσεν,
3574 5132 3721 5220 "Opi:
3769 5139 3822 5196 δὲ

2184 5233 2271 5288 καὶ
2326 5231 2695 5311 ἀναγωγικῶς,
2770 5229 2852 5286 ὅτι
2901 5232 3065 5297 τύπος
3114 5232 3222 5289 ἐστὶ
3263 5239 3420 5289 τοῦτο
3461 5241 3553 5291 τοῦ
3607 5232 3835 5311 ὕστερον

2184 5320 2303 5399 περὶ
2350 5320 2471 5380 τοὺς
2528 5320 2768 5394 μαθητὰς
2839 5318 3157 5395 συμϐάντος,
3233 5321 3405 5397 Λίμνη
3475 5321 3573 5397 μὲν
3628 5321 3729 5401 γὰρ
3784 5322 3817 5387 ἡ

2186 5406 2430 5488 Ἰουδαία,
2490 5409 2607 5486 περὶ
2663 5407 2729 5476 ἢν
2790 5405 2988 5476 κατέϐη
3040 5408 3237 5485 λαίλαψ
3285 5409 3462 5479 πολλὴ
3516 5416 3615 5478 τῆς
3687 5409 3820 5465 κατὰ

2186 5504 2411 5576 Χριστοῦ
2467 5497 2682 5573 μανίας,
2714 5497 2779 5565 ἢν
2812 5497 3080 5573 ἐμάνησαν
3111 5499 3157 5555 οί
3206 5497 3450 5556 Ἰουδαῖοι
3482 5502 3819 5579 σταυροῦντες

2183 5587 2275 5643 τὸν
2322 5587 2531 5666 Κύριον.
2564 5583 2972 5665 Ἐταράχθησαν
3025 5585 3078 5643 δὲ
3107 5589 3195 5644 καὶ
3223 5590 3270 5644 οί
3304 5590 3532 5664 μαθηταί
3567 5606 3582 5621 ’
3630 5590 3819 5649 πάντες

2185 5676 2285 5754 γὰρ
2340 5674 2557 5756 ἀφέντες
2614 5676 2770 5731 αὑτὸν
2823 5673 3035 5756 ἔφυγον,
3107 5666 3229 5733 ἀλλ’
3282 5676 3478 5757 ἠγέρθη
3549 5679 3577 5734 ὁ
3637 5678 3822 5757 Κύριος
