4132 6278
318 359 440 426 805

1032 362 1475 433 ENARRATIO
1522 367 1602 434 IN
1652 364 2156 436 EVANGELIUM
2205 370 2442 437 LUC/E.
2493 410 2567 421 —-
2607 373 2771 440 CAP.
2822 376 2985 439 VIII.

3577 377 3696 442 806

312 498 422 555 ἀπὸ
479 507 572 557 τοῦ
658 500 845 572 ὕπνου,
903 503 1171 561 τουτέστιν
1250 503 1469 580 ἀνέστη,
1545 506 1632 561 καὶ
1689 504 1847 563 πάλιν
1922 529 1950 562 ο

2056 503 2167 567 Pax
2195 507 2376 568 vobis.
2424 506 2493 567 Et
2526 508 2648 569 haec
2678 508 2918 589 quidem
2956 528 3059 586 per
3109 509 3475 588 anagogiam.
3519 509 3687 583 Quod

310 590 546 664 μαθηταὶ
598 588 653 645 ἐν
712 588 943 669 γαλήνῃ.
1024 590 1276 658 Ἐπιστὰς
1330 594 1430 673 γὰρ
1486 594 1693 671 αὒτοῖς,
1756 596 1911 652 εἶπεν
1946 612 1958 625 ’

311 678 511 756 Εἰρήνη
566 679 720 754 ὑμῖν.
785 680 885 736 Καὶ
939 687 1103 738 ταῦτα
1175 683 1273 757 μὲν
1329 683 1700 761 ἀναγωγικῶς.
1772 687 1842 741 Τὸ
1884 683 1963 758 δὲ,

306 767 399 829 Τίς
455 766 552 846 ἄρα
611 767 762 831 οὗτός
809 767 1003 849 ἐστιν;
1061 771 1163 850 οὔχ
1207 773 1279 833 ὡς
1328 770 1647 849 ἀποροῦντες
1696 770 1959 851 λέγουσιν,

304 852 446 911 ἀλλᾶ
500 857 854 931 θαυμάζοντες
895 875 909 889 '
991 860 1062 925 ὡς
1122 858 1184 914 ἂν
1241 861 1284 915 εἰ
1345 858 1510 922 οὕτως
1570 858 1751 937 ἔλεγον
1786 877 1799 891 ⁸
1875 862 1963 931 Τίς

302 943 447 1000 ἐστιν
493 945 663 1020 οὗτος,
725 947 839 1006 ἀντὶ
891 954 1008 1027 τοῦ,
1067 948 1230 1012 πόσος
1274 949 1362 1005 καὶ
1410 947 1637 1015 πηλίκος
1684 948 1772 1005 καί
1819 950 1961 1029 οἶος,

299 1035 393 1090 καὶ
426 1033 479 1089 ἐν
510 1034 610 1112 ὅσῃ
642 1033 868 1116 ἐξουσίᾳ,
915 1038 1001 1093 καὶ
1031 1036 1244 1113 δυνάμει
1271 1044 1434 1094 ταῦτα
1462 1051 1613 1095 ποιεῖ
1646 1059 1662 1109 ;

391 1146 418 1177 ιι
447 1120 549 1182 Καὶ
605 1124 970 1182 κατέπλευσαν
1028 1128 1101 1191 εἰς
1162 1128 1261 1195 τὴν
1317 1127 1501 1206 χώραν
1545 1133 1649 1184 τῶν
1716 1126 1960 1206 Γαδαρη-

295 1218 433 1291 νῶν,
518 1210 638 1279 ἥτις
720 1215 861 1270 1ἰεστὶν
931 1215 1181 1295 ἀντίπερα
1243 1221 1342 1283 τῆς
1402 1215 1711 1282 Γαλιλαίας,
1771 1216 1957 1283 Ἐξελ-

293 1301 440 1357 θόν-τι
493 1300 548 1357 δὲ
606 1306 749 1377 αὐτῷ
792 1302 877 1360 ἐπὶ
922 1304 1018 1370 τὴν
1088 1309 1213 1381 γῆν,
1273 1306 1576 1375 ὑπήντησεν
1635 1311 1777 1380 αὐτῷ
1828 1307 1959 1387 ἀνήρ

293 1411 380 1453 τις
431 1390 490 1446 ἐκ
530 1395 630 1457 τῆς
689 1391 921 1472 πόλεως,
955 1394 1010 1454 ὃς
1047 1394 1175 1472 εἶχε
1226 1392 1473 1469 δαιμόνια
1511 1394 1570 1451 ἐκ
1600 1397 1807 1475 χρόνων
1834 1398 1957 1453 ἱκα-

293 1481 426 1552 νῶν,
483 1480 572 1535 καὶ
629 1480 837 1554 ἱμάτιον
889 1483 984 1538 οῦκ
1038 1479 1418 1558 ὶνεδιδύσκετο,
1476 1485 1561 1539 καὶ
1594 1485 1649 1539 ἐν
1681 1486 1816 1558 οἰκίᾳ
1864 1486 1959 1543 οὒκ

290 1564 501 1643 ἔμενεν,
541 1566 661 1625 ἀλλ’
691 1568 744 1625 ἒν
773 1583 891 1634 τοῖς
948 1572 1254 1645 μνήμασιν,
1317 1569 1464 1629 Ἰδών
1521 1570 1574 1627 δὲ
1603 1576 1695 1630 τὸν
1722 1573 1952 1655 Ἰησοῦν,

287 1659 382 1713 καὶ
426 1656 745 1734 ἀνακράξας,
793 1658 1118 1735 προσέπεσεν
1178 1664 1345 1735 αὐτῷ,
1405 1662 1492 1716 καὶ
1553 1668 1703 1740 φωιῇ
1748 1663 1957 1741 μεγάλῃ

291 1767 425 1802 ειπε
464 1766 475 1779 ⁸

286 1836 513 1911 ὑψίστου
552 1856 569 1910 ;
628 1836 825 1912 Δέομαί
877 1859 993 1910 σου,
1048 1839 1125 1912 μή
1158 1858 1223 1912 με
1261 1838 1575 1915 βασανίσῃς,
1612 1840 1956 1920 Παρήγγελλε

289 1924 395 2001 γὰρ
455 1930 532 1999 τῷ
589 1926 849 2001 πνεύματι
912 1933 987 2001 τῷ
1061 1926 1341 2004 ἀκαθάρτῳ
1402 1926 1633 1991 ἐξελθεῖν
1685 1931 1791 1985 απὸ
1867 1939 1957 1987 τοῦ

295 2011 601 2091 ἀνθρώπου.
659 2012 893 2079 Πολλο”ς
948 2016 1049 2095 γὰρ
1120 2016 1341 2095 χρόνοις
1406 2032 1728 2095 συνηρπάκει
1776 2020 1952 2094 αὐτὸν,

292 2102 390 2157 καὶ
448 2100 727 2177 ἐδεσμεῖτο
773 2102 985 2161 ἁλύσεσι
1037 2105 1127 2161 καί
1173 2102 1356 2169 πέδαις
1388 2103 1808 2184 φυλασσόμενος,
1867 2110 1954 2165 καὶ

292 2187 625 2268 διαρῤήσσων
667 2194 733 2248 τὰ
786 2192 954 2269 δεσμὰ
996 2192 1254 2260 ἠλαύνετο
1290 2195 1391 2251 ὑπὸ
1446 2201 1541 2251 τοῦ
1591 2193 1836 2271 δαίμονος
1882 2200 1953 2262 εἶς

300 2280 394 2344 τὰς
440 2280 690 2359 ἐρήμους.
758 2281 1110 2361 Ἐπηρώτησε
1169 2279 1223 2338 δὲ
1279 2284 1436 2339 αὐτὸν
1497 2285 1525 2339 ὁ
1581 2280 1814 2359 Ἰησοῦς;
1859 2285 1955 2342 λέ·-

299 2391 410 2447 γων
442 2389 455 2403 ·
507 2371 568 2427 Τί
595 2372 678 2427 σοί
737 2370 879 2427 ἔστιν
930 2370 1096 2447 ὄνομα
1124 2390 1148 2449 ;
1188 2362 1246 2429 Ὀ
1289 2369 1343 2427 δὲ
1389 2372 1515 2428 εἶπε
1552 2388 1565 2403 ⁸
1603 2376 1835 2451 Λεγεὼν,
1870 2374 1952 2431 ὅτι

295 2456 543 2534 δαιμόνια
600 2458 774 2515 πολλὰ
832 2459 1073 2522 εἰσῆλθον
1127 2464 1200 2525 εἰς
1272 2460 1451 2536 αὐτὸν,
1520 2462 1607 2518 καὶ
1659 2463 1947 2541 παρεκάλει

2047 606 2242 655 autem
2278 596 2480 656 dicunt
2518 596 2839 667 :Quisnain
2875 598 2967 658 hic
3001 598 3119 658 est?
3152 618 3265 658 non
3294 608 3356 659 ut
3401 600 3685 661 dubitau-

2050 693 2135 743 tes
2168 685 2395 757 dicunt,
2445 687 2549 746 sed
2584 686 2947 747 admirantes
2976 704 2989 748 :
3022 688 3185 767 quasi
3218 689 3517 750 dicereut:
3544 688 3689 761 Quis

2046 771 2141 832 liic
2174 782 2275 833 est.
2318 776 2426 834 hoc
2456 784 2568 849 est,
2620 785 2870 853 quantus
2923 785 2980 836 et
3029 777 3241 858 qualis,
3277 784 3335 839 et
3384 777 3442 837 in
3473 787 3689 857 quanta

2051 870 2337 939 potestate
2370 863 2492 923 Ιιωε
2522 863 2666 923 facit
2690 867 2714 924 Ρ

2126 1123 2288 1186 VERS
2345 1128 2558 1190 26-33.
2601 1152 2626 1186 ι
2662 1128 2729 1189 Ει
2781 1129 3201 1208 navigaverunt
3249 1132 3323 1193 ad
3382 1134 3685 1211 regionem

2044 1214 2489 1277 Gad-renorum
2524 1236 2652 1297 quae
2675 1225 2764 1278 est
2785 1250 2795 1273 ε
2820 1229 2986 1279 ontra
3014 1218 3333 1281 Galilaeam.
3362 1223 3587 1282 Etcum
3611 1223 3686 1282 de

2041 1304 2169 1363 navi
2201 1323 2475 1384 egressus
2507 1317 2660 1368 esset
2691 1310 2760 1367 ad
2797 1314 3303 1381 terram,occurrit
3337 1310 3419 1370 illi
3448 1310 3535 1371 vir
3559 1312 3683 1392 qui-

2041 1391 2173 1453 dam
2206 1414 2237 1455 e
2274 1395 2505 1459 civitate
2525 1398 2623 1476 qui
2659 1397 2910 1459 habebat
2937 1400 3231 1460 daemonia
3256 1404 3378 1478 jam
3408 1419 3440 1460 a
3469 1391 3692 1481 tempo-

2039 1481 2204 1543 ribus
2239 1486 2460 1560 multis,
2486 1496 2543 1547 et
2564 1488 2914 1548 vestimento
2950 1510 3061 1547 nun
3092 1488 3467 1561 induebatur,
3497 1509 3692 1570 neque

2041 1570 2098 1630 in
2133 1571 2309 1632 domo
2334 1576 2632 1643 manebat.
2660 1575 2765 1636 sed
2798 1575 2854 1635 in
2894 1578 3319 1638 monumentis.
3354 1577 3406 1639 Is
3424 1588 3483 1638 ut
3506 1580 3689 1638 vidis-

2042 1668 2131 1722 set
2157 1662 2382 1736 Jesum,
2411 1673 2465 1724 et
2496 1665 2908 1745 exclamasset,
2938 1664 3192 1745 procidit
3232 1674 3363 1726 ante
3396 1667 3587 1742 illum,
3621 1687 3688 1729 ac

540 1748 600 1804 Τί
651 1747 769 1822 ἐμοὶ
830 1751 915 1803 καὶ
973 1751 1078 1822 σοὶ,
1149 1749 1348 1823 Ἰησοῦ,
1414 1750 1496 1804 Υἱὲ
1552 1759 1645 1807 τοῦ
1697 1755 1828 1807 Θεοῦ
1865 1764 1951 1813 τοῦ

2045 1766 2192 1809 \oce
2218 1770 2425 1827 magna
2457 1751 2602 1813 dixit
2637 1773 2649 1813 :
2678 1753 2825 1824 Quid
2865 1752 3007 1813 mihi
3036 1754 3120 1813 rei
3156 1764 3344 1816 tecum
3379 1763 3489 1828 est,
3519 1754 3683 1834 Jesu,

2042 1837 2149 1898 Fili
2209 1838 2313 1900 Dei
2371 1841 2672 1903 altissimi?
2702 1840 2964 1903 Obsecro
2998 1851 3073 1917 te,
3114 1861 3185 1902 ne
3239 1861 3333 1903 me
3385 1852 3684 1923 torqueas.

2040 1927 2595 2008 Prazcipiebatenia.
2624 1931 2834 2010 spritui
2858 1932 3167 1993 immundo
3196 1940 3256 1990 ut
3277 1932 3552 1992 exiretab
3584 1934 3688 1993 lio-

2039 2015 2224 2078 mine.
2263 2020 2624 2098 Frequenter
2656 2018 2815 2079 enim
2840 2019 3210 2097 corripuerat
3240 2019 3429 2094 illum,
3468 2032 3525 2081 et
3556 2022 3688 2082 viii-

2038 2103 2308 2168 ciebatur
2338 2110 2584 2183 catenis,
2619 2120 2677 2168 et
2706 2108 3097 2188 compedibus
3129 2108 3593 2188 custodiebatur,
3628 2120 3687 2171 et

2040 2195 2228 2273 ruptis
2261 2197 2509 2257 vinculis
2538 2198 2871 2276 agebatura
2900 2196 3195 2257 ilzemonio
3228 2197 3285 2257 in
3319 2196 3683 2259 desertaJn-

2038 2286 2355 2362 terrogavit
2383 2294 2574 2346 autem
2626 2286 2792 2347 illiilli
2842 2289 3037 2366 .lesus,
3072 2287 3280 2347 dicens
3317 2308 3329 2342 :
3366 2285 3529 2357 Quod
3580 2288 3685 2349 tibi

2037 2389 2254 2433 nomen
2293 2381 2412 2436 est?
2442 2376 2516 2436 At
2560 2375 2660 2436 ille
2690 2375 2834 2436 dixit
2874 2396 2886 2438 :
2917 2377 3119 2454 Legio,
3153 2375 3289 2454 quia
3320 2375 3682 2440 intraverant

2035 2460 2325 2523 daemonia
2374 2465 2555 2526 multa
2610 2466 2669 2525 in
2714 2484 2875 2526 eum.
2923 2463 2995 2525 Et
3028 2475 3379 2543 rogaverunt
3409 2465 3575 2527 illum
3610 2484 3683 2527 ne

287 2546 469 2621 αὐτὸν,
519 2548 612 2604 ’ίνα
670 2550 746 2623 μὴ
791 2549 1010 2627 ἐπιτάξῃ
1066 2554 1251 2616 uoto”:
1283 2551 1354 2613 εἰς
1385 2550 1485 2617 τὴν
1518 2549 1743 2609 ἄϐυσσον
1775 2554 1945 2609 ἀπελ-

2039 2549 2349 2630 imperaret
2410 2553 2551 2633 ipsis
2579 2565 2640 2614 ut
2673 2554 2730 2613 in
2763 2554 3037 2633 abyssum
3077 2554 3254 2616 irent.
3293 2553 3431 2615 Erat
3480 2567 3679 2616 autem

288 2640 426 2696 θεῖν.
476 2626 573 2695 Ἠν
604 2637 657 2694 δὲ
694 2638 748 2695 δὲ
780 2639 896 2695 ἐκεῖ
924 2626 1094 2718 ἀγέλη
1138 2640 1338 2719 χοίρων
1366 2640 1557 2696 ἱκανῶν
1606 2641 1946 2717 βοσκομένων

2039 2626 2278 2720 ἀίει-εχ
2305 2626 2614 2722 porcorum
2634 2626 2948 2705 multorum
2977 2642 3340 2724 pascentium
3373 2643 3429 2703 in
3456 2655 3677 2719 monte,

284 2726 340 2781 ἐν
368 2732 446 2800 τῷ
476 2727 603 2806 ὄρει,
640 2729 728 2783 καὶ
785 2726 1116 2806 παρεκάλουν
1174 2730 1331 2785 αὐτὸν
1380 2728 1471 2785 ’ίνα
1529 2729 1789 2809 ἐπιτρέψῃ
1842 2734 1941 2788 αὖ·

2039 2737 2083 2790 et
2112 2731 2403 2808 rogabant
2433 2752 2567 2792 eum
2603 2743 2661 2793 ut
2698 2733 3065 2810 permitteret
3097 2732 3241 2811 ipsis
3289 2732 3349 2793 in
3409 2733 3541 2793 illos
3583 2733 3680 2794 in-

278 2828 400 2880 τοῖς
460 2818 534 2881 εἰς
595 2814 822 2879 ἒκείνους
889 2816 1166 2896 εἰσελθεῖν,
1236 2818 1324 2873 καὶ
1382 2816 1668 2897 ἐπέτρεψεν
1726 2823 1935 2885 αυτοῖς.

2039 2820 2211 2896 gredi.
2247 2819 2320 2879 Et
2353 2823 2618 2899 permisit
2654 2821 3086 2884 illis.Exierunt
3118 2841 3167 2881 ei
3189 2843 3259 2899 go
3291 2822 3586 2882 daemonia
3606 2824 3678 2884 ab

279 2902 585 2969 Ἐξελθόντα
641 2902 695 2960 δὲ
725 2906 791 2960 τὰ
851 2903 1095 2981 δαιμόνια
1139 2906 1245 2962 ἀπὸ
1288 2906 1380 2962 τοῦ
1423 2907 1718 2986 ἀνθρώπου,
1747 2909 1933 2977 εἰσῆλ-

2039 2908 2285 2977 iomine,
2325 2919 2380 2969 et
2413 2913 2783 2971 intraverunt
2808 2912 2865 2970 in
2899 2928 3110 2989 porcos
3142 2929 3155 2968 :
3195 2919 3250 2969 et
3282 2910 3512 2990 impetu
3541 2912 3682 2973 abiit

276 2993 367 3047 θον
428 2992 499 3056 εἰς
549 2992 671 3056 τοὺς
730 2994 971 3072 χοίρους.
1043 2996 1140 3052 Καὶ
1201 2994 1451 3071 ὥρμησεν
1506 2997 1540 3063 ἡ
1585 2995 1754 3074 ἀγέλη
1799 3000 1935 3055 κατὰ

2039 3014 2156 3072 grex
2193 3016 2297 3077 per
2332 3016 2597 3077 praaceps
2632 2998 2687 3058 in
2717 3009 3014 3077 stagnum,
3063 3006 3120 3058 et
3153 2998 3470 3060 suﬂ‘ocatus
3502 3010 3588 3059 est
3648 3026 3675 3056 ι

275 3086 369 3136 τοῦ
400 3088 639 3158 κρημνοῦ
695 3084 769 3146 εἰς
816 3083 916 3149 τὴν
960 3082 1177 3163 λίμνην,
1230 3084 1318 3140 καὶ
1371 3073 1659 3164 ἀπεπνίγη.
1698 3109 1725 3141 ι
1790 3076 1936 3166 ’Ὀρα

2039 3073 2556 3150 νίίίἐιιεειηοηθῐίι
2601 3073 2833 3150 duabus
2862 3073 3030 3150 malis
3060 3088 3472 3150 affectionibus
3505 3100 3675 3153 tene-

276 3169 369 3225 τὸν
398 3166 618 3257 δαίμονα
670 3169 779 3230 δυσὶ
838 3173 1025 3235 κακίας
1086 3173 1275 3228 πάθεσι
1331 3174 1701 3249 μεριζόμενον,
1759 3176 1939 3254 θράσεί

2039 3176 2097 3248 ri,
2127 3179 2368 3240 audacia
2400 3188 2457 3239 et
2484 3181 2719 3239 timore.
2749 3180 2895 3241 Nam
2927 3178 3081 3257 quod
3117 3177 3263 3239 dicit
3296 3198 3308 3239 :
3346 3178 3498 3249 Quid
3532 3181 3676 3242 mihi

272 3259 363 3315 καὶ
416 3256 585 3338 φόϐῳ.
648 3261 719 3319 Τὸ
777 3260 876 3336 μὲν
933 3262 1032 3340 γὰρ
1090 3259 1291 3338 λέγειν,
1359 3261 1419 3318 Τί
1477 3262 1596 3337 ἒμοὶ
1644 3264 1733 3320 καὶ
1808 3268 1887 3320 σοί
1918 3289 1935 3339 ;

2039 3272 2081 3325 et
2111 3265 2244 3326 tibi"
2270 3267 2509 3328 audacis
2540 3275 2597 3327 et
2630 3256 2994 3347 impudentis
3024 3265 3366 3346 servi;quod
3400 3286 3537 3329 vero
3579 3270 3674 3330 di-

271 3348 509 3427 θρασέως
554 3350 642 3405 καὶ
686 3350 1040 3430 ἀναισχύντου
1098 3348 1307 3425 δούλου,
1351 3352 1413 3407 τὸ
1444 3349 1522 3424 δὲ,
1574 3351 1773 3427 Δέομαί
1817 3376 1930 3427 σου,

2039 3353 2307 3417 :it20bsei
2321 3376 2386 3417 ro
2418 3358 2763 3430 te,timeiitis
2786 3354 3137 3417 est.Habitat
3156 3365 3350 3416 autem
3376 3360 3434 3418 in
3462 3375 3677 3421 monu-

271 3435 601 3519 φοϐουμένου
686 3438 819 3501 ἔστί.
910 3439 1147 3513 Κατῲκει
1233 3437 1287 3495 δὲ
1346 3439 1399 3496 ἐν
1460 3453 1577 3504 τοῖς
1661 3442 1931 3517 μνήμασι,

2039 3445 2271 3525 mentis,
2307 3454 2366 3506 u‘t
2398 3446 2609 3506 malam
2634 3446 3033 3525 suspicionem
3066 3452 3369 3522 ingereret
3414 3447 3674 3507 homini-

274 3528 521 3606 πονηρὰν
583 3527 818 3584 ἐνθεῖναι
880 3542 998 3592 τοῖς
1059 3528 1359 3607 ἀνθρώποις
1426 3528 1698 3597 ὑπόληψιν
1751 3529 1945 3607 βουλό-

2039 3531 2140 3594 bus
2171 3535 2323 3612 quod
2358 3534 2569 3595 anima:
2603 3534 2978 3594 morientium
3012 3534 3312 3594 daemones
3345 3534 3503 3596 ﬁant.
3531 3539 3675 3596 Por-

272 3638 455 3694 μενος,
519 3617 600 3673 ὅτι
657 3620 708 3673 αἱ
768 3619 940 3697 ψυχαὶ
985 3624 1092 3675 τῶν
1152 3618 1529 3675 ἀποθανοντων
1575 3618 1814 3691 δαίμονες
1858 3622 1945 3698 γί-

2039 3638 2096 3683 ro
2131 3632 2246 3702 pett
2277 3638 2328 3682 ii!
2386 3624 2686 3684 daemones
2718 3642 2792 3683 ne
2820 3624 2876 3683 in
2911 3623 3185 3701 abyssum
3239 3623 3673 3706 ingrediantur,

275 3726 480 3770 νονται,
539 3708 809 3766 Αἰτοῦνται
840 3705 894 3763 δὲ
925 3709 973 3763 οἱ
1002 3705 1252 3784 δαίμονες
1305 3708 1384 3782 μὴ
1440 3707 1697 3765 εἰσελθεῖν
1729 3711 1802 3775 εἰς
1847 3712 1946 3777 τὴν

2039 3712 2169 3771 598
2194 3714 2296 3773 sed
2338 3714 2397 3773 in
2451 3721 2610 3773 terra
2652 3714 3066 3791 permittantur
3109 3712 3261 3772 ultra
3312 3713 3534 3773 versari
3570 3734 3581 3775 :
3617 3705 3677 3775 et

270 3792 520 3881 ἄϐυσσον,
581 3795 718 3853 ἀλλά
768 3800 1192 3876 συγχωρηθῆναι
1247 3796 1323 3853 ἔτι
1374 3796 1427 3851 ἐν
1480 3803 1550 3874 τῇ
1610 3805 1681 3876 γῇ
1740 3797 1940 3878 διατρί-

2039 3800 2315 3862 Dominus
2337 3802 2624 3881 permittit
2657 3802 2793 3861 illos
2825 3820 2956 3862 esse
2986 3802 3045 3862 in
3072 3809 3249 3876 terra,
3278 3810 3343 3862 ut
3372 3812 3671 3865 certamen

271 3880 405 3947 δεινο
474 3875 531 3941 ’0
587 3882 641 3941 δὲ
705 3875 907 3963 Κύριοξῗ
937 3899 1212 3966 συγχωρεῖ
1248 3887 1432 3950 αὐτοῖς
1491 3875 1632 3942 εἶναι
1663 3886 1716 3944 ἐν
1744 3894 1813 3965 τῇ
1839 3875 1909 3967 γῇ

2039 3888 2279 3951 habeant
2309 3875 2441 3950 cum
2479 3890 2845 3971 hominibus,
2882 3900 2939 3950 et
2974 3890 3342 3971 probatiores
3367 3890 3499 3952 illos
3530 3893 3672 3952 red-

274 3976 347 4038 ὦς
409 3973 470 4030 ἂν
558 3973 875 4039 παλαίοντες
962 3989 1079 4038 τοῖς
1149 3976 1469 4055 ἀνθρώποις,
1551 3974 1939 4057 δοκιμωτέρους

2039 3977 2180 4037 lant.
2221 3980 2367 4039 Nam
2401 3980 2447 4037 si
2482 3998 2597 4037 non
2630 3988 2850 4057 essent,
2894 3977 3444 4059 adversariimeque
3475 3989 3671 4043 certa-

272 4066 461 4127 αῦτους
507 4070 757 4127 ποιῶσιν,
807 4066 865 4121 Ei
907 4065 1007 4143 γὰρ
1068 4065 1145 4139 μὴ
1204 4062 1342 4131 ⁴ἦσαν
1384 4064 1684 4139 ἀντίπαλοι,
1746 4068 1839 4122 οὒκ
1869 4065 1934 4122 ἂν

2039 4066 2182 4126 nina
2215 4075 2437 4142 essent,
2472 4075 2529 4126 et
2563 4067 2676 4126 nisi
2706 4068 3032 4128 certamina
3083 4076 3304 4137 essent,
3343 4087 3535 4149 neque
3579 4088 3675 4131 co-

267 4155 406 4220 ἦσαν
464 4153 691 4233 ἀγῶνες,
725 4153 811 4208 καὶ
840 4154 884 4209 εἰ
930 4154 1008 4227 μὴ
1052 4152 1187 4220 ἦσαν
1248 4152 1474 4231 ἀγῶνες,
1523 4156 1617 4211 οὐκ
1667 4152 1729 4209 ἂν
1791 4151 1929 4223 ἦσαν

2043 4174 2173 4216 onaa
2201 4154 2592 4216 forent.Disce
2620 4165 2676 4216 et
2707 4155 2987 4235 quiddam
3036 4155 3403 4217 subliinioris
3443 4176 3668 4235 anago-

270 4243 541 4323 στέφανοι,
601 4243 742 4299 Μάθε
824 4240 877 4299 δὲ
932 4243 1021 4299 καὶ
1081 4241 1574 4321 ἀναγωγικώτερον,
1636 4242 1715 4299 ὅτι
1775 4242 1920 4307 ὅστις

2039 4244 2134 4306 ιω.
2183 4243 2457 4323 Quisquis
2508 4243 2686 4304 habet
2743 4246 2899 4305 intra
2947 4262 3011 4306 se
3059 4246 3379 4321 daemones,
3419 4246 3536 4306 hoc
3582 4257 3671 4306 est

268 4332 387 4413 ἕχει
445 4330 694 4406 δαίμονας
754 4331 809 4388 ἐν
881 4332 1075 4406 ἑαυτῷ,
1134 4329 1372 4388 τουτέστι
1422 4327 1733 4406 δαιμονικὰς
1777 4333 1951 4410 πράο]

2043 4350 2187 4414 pera
2218 4332 2612 4407 daamoniaca,
2650 4341 2815 4393 veste
2850 4351 2965 4394 non
3000 4333 3285 4406 induitur,
3318 4343 3479 4395 caret
3511 4337 3669 4395 enim

270 4420 403 4497 ξεις,
454 4421 667 4496 ἱμάτιον
725 4422 821 4477 οὐκ
909 4417 1289 4495 ὲνδιδύσκεται,
1351 4419 1611 4494 τουτέστι,
1654 4421 1781 4488 τὴν
1832 4421 1937 4483 ἀπὸ

269 4518 364 4568 τοῦ
430 4511 797 4588 βαπτίσματος
858 4507 1062 4578 στολὴν
1120 4510 1213 4567 οῦκ
1252 4507 1395 4589 ἔχει,
1457 4510 1544 4565 καὶ
1577 4507 1629 4565 ἐν
1690 4511 1825 4583 οἰκίᾳ
1880 4510 1938 4566 οῦ

272 4600 446 4680 μένει,
501 4599 771 4656 τουτέστιν
820 4598 872 4656 ἐν
930 4597 1245 4670 Ἐκκλησία.
1304 4602 1412 4657 Οὐκ
1464 4595 1607 4664 ἄξιος
1638 4599 1737 4679 γάρ
1788 4599 1936 4656 ἐστιν

271 4689 604 4770 εἰσέρχεσθαι
662 4687 716 4744 ἐν
780 4686 1095 4767 Ἐκκλησίᾳ,
1166 4686 1287 4744 ἀλλ’
1347 4687 1402 4743 ἐν
1458 4700 1579 4752 τοῖς
1637 4689 1934 4764 μνήμασιν,

270 4779 389 4848 ἤτοι
419 4800 501 4842 τις
552 4780 656 4834 τῶν
713 4783 909 4857 νεκρῶν
951 4776 1114 4857 ἔργων
1156 4774 1410 4856 δοχείοις,
1463 4776 1584 4833 οἷον
1635 4779 1860 4854 πορνείοι
1887 4795 1941 4838 ε’

270 4866 569 4932 τελωνείοις
604 4883 619 4898 ⁸
654 4872 821 4923 ταῦτα
866 4866 967 4945 γὰρ
1013 4879 1262 4943 μνημεῖα
1292 4865 1483 4930 κακίας
1528 4866 1677 4925 εἰσίν.

362 4978 385 5013 ι
439 4955 659 5021 ’ἰδοντες
721 4953 777 5011 δὲ
834 4958 881 5012 οἱ
931 4956 1215 5032 βόσκοντες
1266 4956 1329 5011 τὸ
1386 4953 1769 5033 γεγενημένον,
1806 4952 1933 5035 ἔφυ-

274 5071 394 5129 γον,
458 5048 548 5104 καὶ
609 5043 947 5124 ἀπήγγειλαν
1001 5046 1074 5109 εἰς
1149 5047 1244 5114 τὴν
1304 5045 1483 5124 πόλιν,
1546 5046 1635 5101 καὶ
1687 5046 1761 5107 εἰς
1814 5046 1943 5111 τοὺς

274 5137 491 5216 ἀγρούς.
554 5133 808 5202 Ἐξῆλθον
868 5132 922 5190 δὲ
1014 5131 1148 5190 ἰδεῖν
1203 5135 1264 5190 τὸ
1331 5140 1580 5212 γεγονὸς,
1644 5133 1731 5188 καὶ
1782 5131 1941 5201 ἦλθον

2022 4421 2172 4483 stola
2201 4439 2373 4502 quam
2408 4420 2468 4481 in
2500 4421 2862 4500 baptismate
2892 4420 3143 4501 accepit,
3178 4422 3318 4484 etin
3350 4422 3526 4483 domo
3549 4442 3667 4484 ma-

2023 4519 2142 4579 net.
2168 4512 2280 4573 boc
2312 4520 2420 4585 est,
2455 4510 2516 4571 in
2546 4509 2836 4587 Ecclesia;
2868 4511 3147 4590 indignus
3172 4511 3329 4572 enim
3363 4521 3453 4572 est
3484 4521 3544 4573 ut
3571 4512 3669 4573 in-

2021 4601 2322 4681 grediatur
2368 4599 2428 4661 in
2460 4600 2818 4672 Ecclesiam,
2869 4602 2971 4662 sed
3010 4600 3070 4661 in
3105 4601 3522 4676 monumentis,
3554 4602 3667 4663 hoc

2029 4699 2139 4764 est,
2165 4691 2221 4750 in
2254 4698 2616 4751 mortuorum
2646 4706 2892 4769 operum
2924 4692 3337 4769 receptaculis,
3366 4698 3428 4751 ut
3454 4690 3514 4751 in
3534 4709 3668 4771 pro-

2026 4779 2261 4841 stibulis
2283 4787 2342 4839 et
2374 4777 2610 4839 teloniis
2641 4787 2698 4838 et
2718 4777 2849 4839 aliis
2881 4778 3138 4840 selerum
3172 4778 3423 4840 ofﬁcinis
3446 4787 3502 4840 et
3529 4796 3663 4844 mo-

2022 4876 2536 5013 ““Ψὲιῖ¹έῗδὲι-39.
2552 4947 2766 5009 «Porro
2790 4955 2852 5009 ut
2871 4946 3142 5009 viderunt
3161 4948 3317 5027 quod
3342 4948 3660 5025 acciderat,

2023 5038 2085 5100 bi
2115 5038 2215 5119 qui
2234 5037 2572 5118 pascebant,
2609 5038 2906 5116 fugerunt,
2941 5045 2999 5096 et
3025 5053 3326 5097 rumorem
3352 5037 3661 5099 nuntiave-

2022 5135 2163 5189 runt
2192 5126 2251 5187 in
2281 5127 2570 5189 civitatem
2598 5144 2665 5188 ac
2697 5125 2886 5186 villas.
2920 5122 3203 5186 Exierunt
3253 5134 3448 5188 autem
3481 5135 3542 5186 ut
3571 5127 3659 5188 vi-

274 5212 412 5304 qrpoc
467 5226 558 5281 τὸν
618 5222 853 5299 Ἰησοῦν,
900 5225 988 5280 καὶ
1045 5223 1193 5303 εὗρον
1248 5223 1550 5296 καθήμενον
1606 5223 1697 5278 τὸν
1731 5220 1932 5301 ἄνθρω-

2039 5217 2229 5279 lerent
2256 5216 2415 5299 quod
2449 5215 2665 5277 factum
2692 5212 2920 5304 erat.Et
2950 5222 3242 5274 venerunt
3264 5214 3335 5275 ad
3370 5213 3663 5304 Jesum,et

274 5301 406 5388 πον,
463 5310 554 5393 ἀφ’
586 5311 647 5368 οὗ
692 5313 759 5371 τὰ
810 5310 1057 5387 δαιμόνια
1106 5301 1434 5386 ἐξεληλύθει,
1465 5306 1807 5386 ἱματισμένον
1848 5311 1935 5368 καὶ

2039 5312 2368 5369 nvenerunt
2422 5305 2725 5366 hominem
2777 5301 3081 5364 sedentem
3130 5320 3164 5363 a
3211 5322 3326 5383 quo
3371 5303 3660 5393 daemonia

274 5390 672 5482 σωφρονοῦντα,
706 5402 849 5480 παρὰ
890 5401 1013 5466 τοὺς
1054 5399 1223 5464 πόδας
1275 5400 1368 5457 τοῦ
1417 5398 1620 5476 Ἰησοῦ,
1669 5401 1758 5456 καὶ
1798 5402 1931 5481 εφο-

2039 5395 2685 5475 exierant,vesuitum,ae
2713 5390 3377 5482 sanamente,adpedes
3403 5390 3563 5467 Jesu,
3601 5403 3659 5456 et

276 5479 544 5560 ὄήθησαν,
604 5479 974 5569 Ἀπήγγειλαν
1005 5487 1059 5546 δὲ
1114 5491 1297 5553 αὐτοῖς
1340 5490 1429 5546 καὶ
1479 5492 1526 5546 οἱ
1566 5486 1787 5560 ἰδόντες,
1819 5479 1932 5553 πῶς

2039 5484 2365 5546 ,imuerunt.
2398 5483 2828 5547 Nuntiaverunt
2858 5486 3052 5541 autem
3105 5479 3223 5540 illis
3254 5482 3424 5542 etiam
3459 5483 3560 5561 qui
3580 5485 3660 5545 vi-

274 5577 454 5646 ὶσώθη
485 5582 512 5636 ὁ
568 5576 947 5654 δαιμονισθείς.
1014 5580 1113 5636 Καὶ
1163 5577 1447 5657 ἠρώτησαν
1490 5578 1644 5634 αὐτὸν
1686 5576 1827 5633 ἅπαν
1873 5580 1936 5634 τὸ

2039 5574 2247 5644 lerant,
2277 5572 2576 5655 quomodo
2598 5589 2775 5633 sanus
2807 5571 2993 5631 factus
3014 5576 3172 5631 esset
3193 5569 3243 5631 is
3263 5570 3366 5651 qui
3393 5573 3659 5650 agitaba-

283 5666 481 5737 πλῆθος
540 5670 636 5736 τῆς
720 5669 1023 5749 περιχώρου
1104 5670 1210 5726 τῶν
1284 5666 1623 5750 Γαδαρηνῶν,
1682 5663 1934 5723 ἀπελθεῖν

2043 5680 2161 5725 ura
2185 5662 2505 5725 daemonio.
2539 5660 2609 5723 Et
2628 5666 2984 5742 rogaverunt
3014 5658 3179 5720 illum
3211 5659 3406 5721 omnis
3453 5662 3657 5725 multi-
