4132 6278
497 352 613 419 807
1469 350 2054 416 THEOPHYLACTI
2100 352 2510 415 BULGARI/E
2552 351 2909 417 ARCHIEP.
3774 353 3920 421 808

500 488 636 547 tudo
668 487 926 566 regionis
947 486 1490 555 Gadarenorummt
1520 483 1857 545 discederet
1889 486 2122 566 abipsis

2230 485 2325 544 ἀπ’
2382 488 2576 565 αὐτῶν,
2625 489 2706 547 ὅτι
2751 488 2899 570 φόϐῳ
2954 490 3175 568 μεγάλῳ
3220 491 3551 570 συνείχοντο·
3620 492 3784 554 αὐτὸς
3855 488 3917 546 δὲ

495 575 630 655 quia
663 593 872 655 magno
907 578 1122 636 timore
1156 575 1534 637 tenebantur.
1588 576 1717 652 lpse
1775 584 1970 635 autem
2005 595 2113 641 con

2235 576 2400 653 ἐμϐὰς
2436 581 2506 641 εἷς
2536 581 2599 635 τὸ
2628 579 2842 660 πλοῖον,
2910 579 3260 659 ὑπέστρεψεν.
3307 578 3517 637 Ἐδέετο
3573 579 3629 638 δὲ
3688 583 3719 636 6
3760 580 3919 658 ἀνὴρ

494 683 706 725 scensa
763 665 892 725 navi
948 682 1227 725 reversus
1257 672 1367 724 est.
1408 665 1734 739 liogaverat
1782 663 1939 722 enim
1982 663 2127 724 illun

2234 666 2324 746 ἀφ’
2383 668 2442 725 οὗ
2490 667 2785 736 ἐξεληλύθει
2824 670 2890 725 τὰ
2919 667 3190 743 δαιμόνια,
3227 673 3378 725 εἷνκν
3408 671 3499 725 σὺν
3529 673 3695 744 αὐτῷ,
3751 669 3909 725 Ἀπ-

492 754 580 814 vir
607 772 639 814 ει
670 774 793 835 quo
817 754 1104 814 daemonia
1129 754 1415 824 exierant,
1454 760 1515 811 ut
1545 770 1680 813 cum
1725 770 1793 811 eo
1829 761 2012 825 esset,
2044 771 2127 812 set

2235 756 2385 813 έλισε
2443 756 2498 813 δὲ
2559 759 2714 816 αὐτὸν
2769 760 2798 814 6
2855 756 3085 829 Ἰησοῦς,
3132 756 3304 836 λέγων
3339 777 3355 792 ο
3420 748 3784 837 Ὑπόστρεψον
3820 759 3908 820 εἰς

492 842 781 921 ablegavit
813 862 947 905 eum
979 841 1568 912 lesus,dicens:Redi
1602 840 1662 899 in
1696 840 1936 900 domum
1960 851 2116 902 tuam

2232 847 2321 901 τὸν
2377 846 2531 903 οἶκόν
2585 869 2699 917 σου⁹
2759 848 2846 907 καὶ
2888 845 3098 925 διηγοῦ,
3146 846 3246 904 ὅσα
3291 847 3511 914 ἐποίησέ
3542 871 3624 905 σοι
3650 850 3680 904 6
3725 847 3898 910 Θεός.

495 941 553 992 et
585 951 759 992 narra
785 949 1152 1011 quaecunque
1189 931 1292 990 tibi
1325 931 1530 991 fecerit
1566 928 1741 991 Deus.
1781 931 1847 988 Et
1881 929 2127 1009 abiitpel

2232 936 2333 993 Καὶ
2393 934 2623 1007 ἀπῆλθε,
2683 937 2800 993 καθ’
2857 932 2989 1003 ὃλην
3045 937 3146 1003 τὴν
3218 935 3375 993 πόλιν
3443 938 3727 1015 κηρύσσων
3782 935 3901 993 ὅσα

494 1030 670 1081 totam
703 1020 993 1081 civitatem
1039 1019 1367 1098 praedicans
1416 1036 1786 1098 quaecunque
1818 1018 1928 1077 sibi
1965 1018 2127 1079 fecis-

2229 1019 2480 1090 ἐποίησεν
2536 1024 2679 1099 αὒτῷ
2735 1026 2763 1080 6
2846 1022 3077 1091 Ἰησοῦς,
3146 1047 3167 1080 ο
3241 1026 3312 1081 Τὸ
3366 1024 3462 1099 μὲν
3519 1036 3708 1104 φυγεῖν
3761 1026 3899 1087 τοὺς

493 1119 581 1170 set
632 1109 827 1183 .lesus,
874 1135 895 1165 ι)
950 1108 1109 1187 Fuga
1168 1118 1469 1187 pastorum
1527 1106 1854 1169 Gadarenis
1908 1107 2127 1167 occasic

2226 1111 2545 1194 βόσκοντας,
2602 1114 2867 1192 σωτηρίας
2911 1113 3127 1194 ἀφορμὴ
3189 1114 3402 1192 εγενετο
3456 1126 3575 1176 τοῖς
3628 1110 3897 1190 Γαδαρη-

493 1198 697 1259 salutis
727 1205 878 1269 erat,
912 1198 1016 1258 sed
1071 1196 1150 1257 illi
1207 1216 1321 1256 non
1356 1196 1793 1257 intellexerunt.
1827 1194 2121 1275 Oporteba

2229 1203 2371 1282 νοῖς,
2432 1193 2554 1258 ἀλλ’
2606 1202 2805 1259 ἐκεῖνοι
2861 1207 2920 1262 οὗ
2964 1193 3230 1271 συνῆκαν.
3280 1202 3410 1257 Λὲον
3460 1204 3559 1281 γὰρ
3612 1204 3895 1277 θαυμάσαι

495 1287 650 1348 enim
698 1287 895 1348 mirari
921 1287 1192 1348 virtutem
1228 1286 1568 1356 Salvatoris,
1597 1284 1921 1344 etcredere
1949 1291 1999 1345 ei
2036 1305 2048 1346 :
2085 1303 2118 1345 a

2226 1292 2326 1359 τὴν
2375 1289 2591 1367 δύναμιν
2646 1299 2737 1348 τοῦ
2795 1296 3073 1370 Σωτῆρος,
3127 1293 3217 1347 καὶ
3272 1298 3551 1347 πιστεῦσαι
3609 1294 3755 1364 αὐτῷ
3789 1310 3804 1324 ⁸
3843 1293 3894 1346 οἱ

492 1374 575 1435 illi
608 1382 981 1452 rOgaverunt,
1011 1374 1222 1453 inquit,
1255 1373 1486 1443 Jesum,
1524 1373 1634 1432 hoc
1667 1381 1755 1432 est
1785 1371 2127 1433 obsecrave-

2226 1378 2279 1436 δὲ
2336 1380 2643 1461 ἠρώτησαν,
2677 1382 2829 1481 φησὶ,
2887 1382 2980 1438 τόν
3034 1381 3268 1454 Ἰησοῦι,
3316 1381 3432 1437 ἀντὶ
3486 1380 3579 1436 τοῦ
3635 1380 3893 1459 παρεχά-

492 1474 648 1543 run-t,
702 1472 763 1524 ut
811 1463 885 1525 ab
933 1464 1081 1542 ipsis
1135 1461 1829 1525 recederet.Timueruut
1872 1461 2030 1522 enim
2067 1481 2127 1523 ne

2226 1468 2409 1542 λεσαν,
2443 1469 2695 1527 ἀπελθεῖν
2727 1461 2823 1526 ἀπ’
2878 1469 3074 1539 αὐτῶν,
3120 1466 3459 1550 ἐφοϐήθησαν
3519 1472 3623 1546 γὰρ
3680 1470 3889 1542 μήπως

492 1572 607 1633 quo
632 1563 800 1632 pacto
835 1552 1009 1612 etiam
1044 1551 1202 1613 aliud
1238 1556 1524 1613 damnum
1558 1558 1922 1631 paterentur,
1944 1570 2127 1631 quan-

2220 1560 2310 1616 καὶ
2366 1557 2497 1619 ἄλλο
2555 1582 2605 1615 τι
2657 1559 2939 1635 ἐπιζήμιον
3020 1560 3281 1631 πάθωσιν,
3356 1558 3536 1636 ὥσπερ
3610 1559 3697 1612 καὶ
3755 1558 3891 1621 τοὺς

491 1642 808 1722 doquidem
844 1641 1008 1721 porci
1040 1643 1374 1721 periissent.
1416 1641 1490 1701 At
1515 1649 1753 1700 sanatus
1779 1640 1876 1702 ille
1908 1650 2127 1701 certum

2222 1651 2435 1728 χοίρους
2494 1647 2800 1707 ἀπώλεσαν.
2865 1640 2922 1705 ’0
2980 1647 3034 1703 δὲ
3092 1648 3418 1724 θεραπευθεὶς
3445 1646 3675 1720 ἐκεῖνος,
3705 1645 3883 1701 ἀναν-

489 1732 788 1812 quoddam
849 1730 1068 1793 sanatis
1122 1730 1408 1792 indicium
1457 1730 1825 1790 ostendebat.
1864 1732 1947 1791 Ita
1979 1731 2127 1790 enim

2220 1737 2460 1817 τίῤῥητον
2528 1741 2627 1807 τὴν
2716 1735 2985 1803 ἀπόδειξιν
3069 1742 3167 1804 τῆς
3253 1737 3532 1816 θεραπείας
3603 1735 3888 1814 ἐμφαίνει,

492 1829 688 1882 mente
716 1832 957 1881 sanatus
986 1830 1095 1894 est,
1132 1829 1194 1880 ut
1219 1820 1420 1883 Jesum
1448 1832 1814 1897 agnosceret,
1866 1838 2041 1880 orans
2074 1834 2127 1879 ut

2221 1827 2372 1886 Οῧτω
2424 1829 2523 1906 γὰρ
2563 1828 2786 1906 ὑγιάσθη
2849 1827 2940 1889 τάς
3001 1826 3214 1907 φρένας,
3276 1825 3414 1882 ὥστε
3472 1825 3761 1902 ἐπιγνῶναι
3820 1845 3884 1882 τε

487 1910 601 1970 sibi
630 1929 765 1970 cum
798 1911 897 1970 illo
949 1928 1081 1971 esse
1113 1910 1342 1972 liceret.
1374 1910 1632 1983 Etenim,
1662 1918 1723 1969 ut
1750 1916 2018 1988 apparet,
2057 1910 2127 1969 ti-

2219 1917 2310 1972 τὸν
2363 1917 2589 1987 Ἰησοῦν,
2649 1918 2738 1973 καὶ
2792 1915 2964 1981 ἀξιοῦν
3008 1917 3191 1995 αὐτὸν,
3222 1914 3313 1971 ’ἕνα
3344 1914 3381 1989 ᾗ
3423 1914 3515 1969 σὺν
3558 1912 3723 1985 αὐτῷ,
3771 1910 3881 1974 Καὶ

488 2000 685 2061 mebat
718 2018 791 2060 ne
819 2000 971 2062 forte
1001 2000 1308 2076 elongatus
1334 2018 1367 2060 a
1396 2002 1533 2060 .lesu
1566 2018 1601 2059 a
1630 1998 2127 2060 daemonibusite-

2219 2005 2343 2084 γὰρ,
2376 2006 2448 2069 ὡς
2506 2004 2701 2079 ἔοικεν,
2755 2002 3004 2084 ἐφοϐεῖτο
3062 2004 3261 2079 μήπως
3292 2002 3597 2083 μακρυνθείς
3629 2000 3733 2057 ἀπὸ
3784 2009 3883 2058 τοῦ

485 2110 614 2151 rum
657 2091 1059 2166 invaderetur;
1109 2092 1212 2154 sed
1270 2091 1553 2153 Dominus
1611 2090 1831 2152 indicat
1891 2090 1947 2150 ei
1977 2088 2127 2170 quod

2220 2092 2420 2173 Ἰησοῦ,
2486 2092 2646 2150 πάλιν
2722 2096 3125 2173 εὐεπιχείρητος
3185 2093 3333 2149 ἔσται
3403 2105 3522 2155 τοῖς
3601 2088 3877 2166 δαίμοσιν,

488 2181 623 2242 licet
656 2200 772 2241 non
804 2181 879 2241 sit
921 2200 1150 2252 secum,
1186 2181 1369 2258 gratia
1396 2188 1592 2241 tamen
1641 2181 1768 2257 ejus
1815 2187 2127 2260 protectus,

2222 2174 2281 2240 Ὀ
2340 2181 2394 2239 δὲ
2446 2184 2658 2262 Κόριος,
2713 2182 2959 2240 δεικνύων
3031 2183 3176 2256 αὐτῷ
3225 2181 3305 2238 ὅτι
3360 2180 3460 2236 κᾶν
3502 2180 3581 2251 μὴ
3622 2186 3754 2255 συνῇ
3799 2186 3881 2253 τῷ

483 2269 863 2331 daemOniacis
906 2269 1223 2330 insultibus
1253 2269 1528 2347 superior
1557 2268 1674 2328 fiat.
1719 2269 1889 2336 Redi.
1925 2266 2132 2346 inquit,

483 2362 541 2420 in
576 2362 814 2423 domum
861 2373 1045 2435 tuam,
1101 2372 1159 2421 et
1190 2379 1364 2422 narra
1396 2379 1764 2439 quaecunque
1791 2359 1894 2420 tibi
1931 2358 2139 2420 fecerit

483 2452 663 2512 Deus.
699 2449 826 2510 Non
858 2450 1021 2521 dixit,
1059 2468 1431 2530 quaecunque
1458 2469 1565 2523 ego
1622 2448 1725 2508 tibi
1761 2448 2025 2521 fecerim,
2061 2447 2134 2507 ﬁ-

481 2556 686 2616 guram
721 2537 891 2598 nobis
940 2538 1286 2600 humilitatis
1333 2538 1594 2610 tradens,
1632 2548 1694 2597 ut
1753 2537 1954 2598 omnia
1985 2538 2138 2598 bona

483 2646 665 2707 opera
693 2637 890 2688 nostra
914 2629 1035 2689 Deo
1071 2628 1419 2690 tribuamus.
1461 2626 1593 2687 Erat
1623 2635 1815 2687 autem
1850 2626 1949 2686 ille
1991 2644 2129 2705 gra-

485 2725 597 2789 tus,
634 2718 712 2776 ita
742 2724 801 2775 ut
844 2729 1099 2777 mararet
1159 2734 1525 2796 quaecunque
1583 2716 1817 2777 fecisset
1849 2714 1903 2776 ei
1931 2718 2123 2777 Jesus.

2224 2273 2422 2353 Ἰησοῦ,
2477 2272 2689 2331 δύναται
2746 2297 2814 2352 τῃ
2873 2274 3054 2354 χάριτι
3119 2275 3279 2330 αὐτοῦ
3341 2274 3669 2349 σκεπόμενος
3726 2271 3877 2327 ἀνώ-

2219 2386 2369 2441 τερος
2426 2364 2568 2421 εἶναι
2612 2363 2923 2439 δαιμονικῆς
2980 2363 3257 2442 ἐπηρείας,
3298 2354 3652 2441 ἰ“πόστρεψε,
3686 2362 3874 2442 φησὶν,

2220 2455 2293 2516 εἷς
2344 2455 2434 2510 τὸν
2480 2452 2636 2510 οἶκόν
2668 2474 2784 2528 σου,
2826 2454 2913 2509 καὶ
2947 2451 3134 2530 διηγοῦ
3165 2452 3267 2509 ὅσα
3297 2451 3517 2518 ἐποίησέ
3541 2473 3622 2508 σοι
3654 2452 3683 2506 6
3713 2450 3870 2514 Θεός,

2220 2542 2328 2601 Οὔκ
2371 2547 2544 2614 εἶπεν,
2607 2541 2705 2598 ὅσα
2733 2565 2818 2599 σοι
2852 2542 3079 2608 ἐποίησα
3108 2541 3243 2619 ἐγὼ,
3307 2542 3492 2598 τύπον
3538 2542 3675 2615 ἡμῖν
3723 2561 3878 2595 tam:

2219 2632 2545 2711 νοφροσύνης
2589 2628 2781 2694 διδούς,
2839 2632 2937 2689 Καὶ
2990 2630 3083 2685 ’ἱνα
3137 2630 3313 2686 πάντα
3371 2631 3500 2706 πρὸς
3557 2630 3688 2684 Θεὸν
3731 2629 3866 2683 ἀνα-

2213 2722 2454 2801 φέρωμεν
2508 2720 2574 2776 τὰ
2636 2720 3045 2799 κατορθώματα.
3098 2711 3155 2777 Ὀ
3236 2717 3291 2774 δὲ
3340 2718 3505 2780 οὕτως
3566 2716 3858 2792 εὐγνώμων

482 2807 629 2868 Nam
655 2804 940 2866 Dominus
998 2806 1233 2884 quidem
1271 2813 1636 2884 praeceperat
1663 2805 1717 2865 ei
1753 2813 1816 2866 ut
1866 2815 2127 2866 narraret

2215 2811 2301 2885 ἦν,
2358 2810 2500 2867 ὥστε
2568 2806 2868 2887 διηγεῖσθαι
2895 2806 2994 2864 ὅσα
3051 2806 3293 2872 ἐποίησεν
3349 2806 3491 2876 αὐτῷ
3543 2807 3571 2859 ὁ
3619 2804 3855 2870 Ἰησοῦς,

482 2914 846 2975 quascunque
868 2896 1087 2956 lacerat
1116 2897 1169 2954 ei
1202 2894 1356 2956 Deus
1392 2916 1404 2957 :
1441 2898 1501 2956 at
1532 2894 1580 2954 is
1615 2903 1814 2954 narrat
1844 2912 2127 2973 quaecun—

479 3003 596 3064 que
629 2986 681 3045 ei
712 2983 1142 3045 faceratJesus.
1180 2982 1425 3064 Oportet
1455 2983 1629 3062 igitur
1664 2992 1721 3044 et
1759 3001 1865 3043 nos
1895 2983 2130 3063 quando

481 3074 733 3153 cuipiam
764 3072 1189 3141 benefacimus,
1238 3074 1396 3133 nolle
1428 3074 1540 3134 hoc
1583 3070 1889 3152 praedicari
1919 3094 1931 3131 :
1965 3080 2018 3131 at
2053 3072 2127 3133 il-

480 3162 602 3223 lum
635 3163 734 3242 qni
778 3163 1069 3222 beneﬁcio
1117 3162 1364 3224 allectus
1395 3171 1508 3236 est,
1565 3162 1741 3223 etiam
1791 3160 2135 3222 nolentibus

483 3252 657 3313 nobis
686 3251 1010 3332 praedicare
1043 3250 1237 3314 decet.

566 3427 1249 3491 VensAO-MJFactum
1282 3437 1370 3489 est
1398 3440 1594 3489 autem
1629 3448 1759 3490 cum
1796 3428 2128 3491 rediretle~

479 3538 605 3592 sus,
633 3519 862 3598 excepit
886 3518 1024 3578 529
1059 3517 1221 3577 illum
1254 3516 1462 3577 turba:
1497 3535 1631 3577 nam
1658 3537 1865 3579 omnes
1888 3535 2131 3598 exspec-

482 3608 680 3670 tabant
711 3625 868 3670 eum.
895 3606 964 3667 Et
996 3625 1136 3668 ecce
1169 3607 1331 3667 venit
1357 3606 1442 3667 vir
1471 3606 1567 3667 cui
1601 3625 1819 3667 nomen
1844 3607 2131 3683 Jairus,et

479 3698 606 3778 ipse
641 3697 913 3777 princeps
939 3698 1256 3777 Synagogae
1286 3704 1433 3767 erat,
1466 3695 1804 3775 acciditque
1836 3696 1908 3757 ad
1946 3698 2130 3777 pedes

476 3791 639 3849 .lesu.
678 3804 892 3866 rogans
922 3804 1057 3847 eum
1114 3795 1178 3847 ut
1232 3784 1478 3845 intraret
1521 3785 1579 3846 in
1639 3785 1880 3846 domum
1934 3804 2123 3861 suam,

480 3876 761 3957 quoniam
781 3875 951 3935 unica
975 3875 1089 3936 ﬁlia
1108 3882 1229 3935 erat
1248 3875 1300 3935 ei
1319 3876 1445 3936 fere
1461 3893 1752 3935 annorum
1780 3874 2121 3947 duodecim,

2217 2892 2273 2957 Ὀ
2329 2899 2427 2976 μὲν
2483 2900 2583 2978 γὰρ
2662 2899 2849 2976 Κύριος
2946 2893 3251 2976 προσέταξεν
3327 2893 3465 2967 αῦτῷ
3520 2889 3850 2978 διηγεῖσθαι,

2218 2988 2315 3046 ὅσα
2373 2977 2617 3055 ἐποίησεν
2674 2989 2816 3061 αὑτῷ
2863 2988 2891 3043 6
2958 2987 3112 3063 Θεὸς,
3196 2985 3224 3039 6
3296 2979 3349 3037 δὲ
3402 2979 3688 3056 διηγεῖται,
3748 2977 3844 3032 ὅσα

2220 3079 2471 3143 εποίησεν
2513 3078 2656 3151 αὑτῷ
2697 3078 2725 3132 6
2770 3074 2996 3142 Ἰησοῦς.
3050 3073 3148 3130 Δεῖ
3207 3072 3295 3127 οὖν
3323 3071 3410 3127 καὶ
3429 3071 3570 3144 ἡμᾶς
3598 3067 3721 3123 ὅταν
3749 3066 3854 3121 τινὶ

2222 3168 2536 3241 ποιήσωμεν
2569 3166 2789 3244 ἀγαθὸν,
2843 3165 2920 3240 μὴ
2962 3162 3132 3220 θέλειν
3181 3160 3624 3238 ἀνακηρύττεσθαι
3679 3162 3859 3227 τοῦτο,

2150 3280 2190 3330 ο
2222 3256 2429 3313 ἐκεῖνον
2486 3254 2541 3312 δὲ
2596 3257 2690 3312 τὸν
2746 3255 2979 3312 παθόντα
3046 3253 3109 3309 τὸ
3165 3250 3386 3330 ἀγαθὸν,
3431 3245 3529 3318 κᾶν
3580 3248 3744 3322 ἡμεῖς
3788 3245 3866 3320 μὴ

2215 3344 2477 3424 θέλωμεν,
2508 3345 2890 3424 ἀνακηρύττειν
2920 3342 3068 3424 αὑτό,

2303 3366 2477 3424 .ωμεν,
2508 3366 2684 3411 ανακη
2781 3366 2890 3401 τειν
2920 3366 3068 3403 amo.

2303 3445 2332 3483 (
2377 3422 2623 3503 Ἐγένετο
2678 3366 2837 3480 έν
2878 3427 2955 3497 τῷ
3002 3420 3329 3496 ὑποστρέψαι
3360 3419 3451 3474 τὸν
3480 3415 3710 3488 Ἰησοῦν,
3754 3413 3857 3469 ἁπ-

2213 3511 2422 3579 εδέξατο
2452 3501 2606 3570 αὑτὸν
2638 3515 2666 3569 6
2697 3510 2887 3592 ὄχλος,
2946 3514 3081 3579 ἦσαν
3127 3509 3228 3587 γὰρ
3272 3509 3466 3571 πάντες
3516 3501 3855 3592 προσδοκῶν-

2211 3624 2297 3669 τες
2356 3602 2535 3663 αὑτόν.
2586 3602 2685 3659 Καὶ
2733 3591 2847 3659 ἰδοὺ
2874 3591 3041 3669 ἦλθεν
3085 3597 3243 3677 ἀνὴρ,
3290 3600 3336 3670 ᾧ
3390 3595 3559 3670 ὄνομ»
3617 3591 3851 3670 Ἰάειρος,

2209 3694 2298 3749 καὶ
2353 3693 2509 3754 αὐτὸς
2539 3690 2723 3771 ἅρχων
2752 3690 2851 3759 τῆς
2883 3691 3208 3766 Συναγωγῆς
3257 3687 3495 3764 ὑπῆρχε,
3551 3683 3639 3738 καὶ
3680 3681 3855 3743 πεσὼν

2210 3782 2353 3861 παρὰ
2422 3781 2541 3843 τοὺς
2580 3770 2765 3843 πόδας
2816 3786 2909 3836 τοῦ
2967 3776 3166 3852 Ἰησοῦ,
3214 3772 3502 3853 παρεκάλει
3559 3772 3713 3829 αὑτὸν
3743 3770 3857 3825 εἷσ-

2211 3860 2385 3928 ελθεῖν
2442 3872 2514 3934 εἰς
2570 3873 2661 3927 τὸν
2719 3871 2877 3927 οἷκον
2950 3868 3129 3945 αὑτοῦ,
3164 3864 3244 3920 ὅτι
3300 3864 3535 3942 ὼγάτηρ
3563 3860 3859 3938 μονογενὴς

480 3949 540 4027 et
567 3966 690 4026 haec
716 3964 1098 4026 moriebatur.
1136 3965 1354 4025 Verum
1411 3964 1566 4024 inter
1615 3965 1879 4023 eundum
1937 3963 2127 4026 turbae

2215 3960 2276 4028 ἦν
2340 3961 2504 4035 αὑτῷ,
2570 3962 2645 4023 ὡς
2703 3959 2835 4016 ἐτῶν
2891 3954 3115 4027 δώδεκα,
3169 3956 3259 4011 καὶ
3317 3953 3451 4020 αὕτη
3503 3949 3855 4016 ἀπέθνησκεν.

477 4053 853 4115 coarctabant
883 4071 1040 4113 eum.
1077 4051 1145 4112 Et
1176 4052 1393 4113 mulier
1412 4070 1544 4131 quae
1561 4061 1687 4113 erat
1716 4051 1973 4113 obnoxia
1997 4070 2127 4132 pro-

2215 4049 2299 4113 Ἐν
2358 4048 2414 4104 δὲ
2455 4056 2532 4124 τῷ
2573 4049 2791 4127 ὁπάγειν
2846 4046 3025 4119 αὐτὸν,
3058 4046 3105 4101 οἱ
3148 4040 3655 4132 ὅχλοιᾉσυνέπνιγον
3676 4037 3855 4132 agnda.

480 4142 658 4205 ﬂuvio
674 4142 981 4219 sanguinis
998 4140 1069 4201 ab
1096 4142 1266 4202 annis
1282 4141 1595 4201 duodecim
1608 4159 1759 4221 ,quae
1781 4143 1836 4201 in
1861 4141 2126 4202 medicos

2210 4140 2309 4195 Καὶ
2364 4122 2514 4214 γυνῆ
2549 4122 2767 4194 οὖσα-ἐν
2823 4135 2963 4214 ῥύσει
3020 4132 3250 4208 αἵματος
3300 4130 3406 4187 ἀπὸ
3468 4129 3601 4185 ἐτῶν
3630 4122 3856 4204 δώδεκα,

480 4215 853 4310 impenderat
878 4248 1117 4291 omnem
1142 4215 1673 4301 substantiammec
1703 4229 1776 4290 ab
1809 4230 1926 4290 ullo
1955 4238 2123 4308 pote-

2215 4226 2326 4293 ἥτις
2370 4231 2576 4305 ἰατροῖς
2673 4222 3135 4303 προσαναλώσασα
3204 4218 3330 4277 ὅλον
3406 4219 3498 4275 τὸν
3554 4217 3688 4292 βίον,
3764 4215 3857 4270 οὑχ

476 4332 567 4382 rat
598 4319 815 4393 curari,
849 4320 1099 4380 accessit
1119 4328 1369 4391 retro,et
1402 4320 1587 4396 tetigit
1618 4319 1909 4379 timbriam
1940 4320 2123 4381 vesti-

483 4411 664 4471 menti
694 4410 845 4488 ejus,
870 4417 928 4469 et
957 4408 1268 4470 confestim
1298 4407 1614 4468 sistebatur
1642 4408 1832 4467 ﬂuxus
1881 4409 2125 4486 sangui-

2210 4304 2467 4396 ἴσχυσενν
2529 4316 2617 4372 ὑπ’
2701 4312 2910 4377 οὒδενδς
3003 4309 3409 4389 θεραπευθῆναι,
3492 4304 3855 4385 προσελθοῦσα

2208 4395 2443 4483 ὄπισθεν,
2505 4403 2685 4480 ἥψατο
2736 4410 2830 4459 τοῦ
2894 4396 3189 4480 κρασπέδου
3243 4406 3336 4456 τοῦ
3403 4395 3615 4472 ἱματίου
3670 4395 3849 4465 αὑτοῦ,

480 4500 574 4561 nis
597 4483 988 4579 ejusjzliediit
1016 4497 1255 4577 quidem
1286 4496 1461 4559 Jesus
1476 4515 1509 4556 a
1530 4496 1773 4573 regione
1792 4483 2127 4559 Gadarene-

2215 4496 2297 4552 καὶ
2352 4499 2691 4574 παραχρῆμα
2745 4490 2874 4558 ἔστη
2911 4492 2945 4557 ἡ
3001 4489 3142 4566 ῥύσις
3187 4489 3278 4545 τοῦ
3332 4485 3562 4561 αἵματος
3609 4483 3799 4579 αὐτῆς.
3826 4504 3849 4539 ι

477 4570 648 4660 rum:
675 4570 1057 4668 exspectabat
1085 4594 1286 4647 autem
1313 4585 1479 4645 illum
1507 4570 1700 4658 turba,
1729 4593 1850 4645 tum
1883 4594 2127 4665 propter

2215 4570 2553 4664 ’Υπέστρειιέε-
2589 4583 2688 4658 μὲν
2748 4584 2776 4638 6
2835 4582 3038 4647 Ἰησοῦς
3088 4577 3194 4633 ἀπὸ
3374 4581 3498 4668 τῶν-
3540 4570 3854 4668 Γαδαρηνιῦν

481 4676 834 4756 doctrinam,
862 4684 983 4736 tum
1018 4682 1256 4754 propter
1288 4674 1883 4735 miracula.Accessit
1908 4676 2044 4735 item
2068 4681 2128 4741 et

481 4766 757 4846 princeps
803 4764 1044 4844 quidam
1093 4764 1432 4842 Synagogae,
1459 4781 1574 4823 non
1634 4761 1887 4841 vulgaris
1936 4780 2127 4843 neque

480 4855 774 4933 abjectus,
808 4853 913 4915 sed
945 4870 1014 4911 ex
1046 4850 1543 4931 primis.Apponit
1573 4859 1770 4912 autem
1803 4858 1862 4913 et
1903 4869 2124 4913 nomen

479 4936 641 5006 illius
671 4941 1051 5020 evangelista,
1080 4948 1144 5000 ut
1174 4939 1370 5000 notius
1423 4940 1522 5000 ﬁat
1566 4938 1917 5001 miraculum
1966 4941 2122 5019 quod

484 5050 619 5095 vere
649 5030 865 5093 factum
898 5028 1235 5092 sit.Accidit
1258 5036 1455 5090 autem
1506 5028 1577 5089 ad
1617 5027 1799 5110 pedes
1827 5030 1988 5101 .lesu,
2014 5047 2123 5089 ur-

480 5133 657 5200 gente
689 5116 1350 5189 necessitate.Quamvis
1373 5117 1532 5179 enim
1558 5118 1687 5178 sine
1728 5117 1832 5179 illa
1853 5125 2124 5197 oporteat

483 5210 887 5294 procidere,et
909 5225 1231 5286 agnoscere
1262 5206 1448 5268 Deum
1481 5224 1613 5268 esse
1631 5207 2119 5294 Jesum,attamen

481 5292 540 5364 et
568 5299 807 5362 amictio
830 5297 990 5376 cogit
1018 5295 1291 5357 homines
1313 5310 1374 5356 ut
1398 5295 1642 5357 meliora
1671 5292 2124 5359 sectentur.Un-

484 5391 559 5452 de
576 5397 635 5450 et
650 5387 829 5450 David
870 5384 1144 5448 dicebat:
1181 5404 1208 5443 (
1246 5382 1310 5444 In
1341 5402 1511 5445 camo
1544 5393 1602 5445 et
1648 5383 1817 5446 freno
1860 5382 2125 5445 maxillas

486 5496 689 5539 eorum
715 5475 1078 5555 constringe,
1101 5474 1202 5554 qui
1226 5492 1344 5534 non
1381 5472 1790 5553 approximant
1814 5472 1885 5532 ad
1913 5484 1969 5533 te
1995 5472 2116 5537 4ο.»

564 5634 629 5689 At)
657 5633 812 5698 Psal.
843 5647 1004 5709 xxxi,
1029 5633 1090 5697 9.

2209 4661 2420 4755 χώραςξ
2458 4670 2797 4753 Προσεδόκων
2856 4668 2912 4725 δὲ
2953 4668 3109 4755 αὐτὸν
3168 4668 3215 4722 οἱ
3256 4662 3440 4745 ὄχλοι,
3475 4663 3587 4738 ἅμα
3629 4661 3729 4736 μὲν
3776 4661 3856 4755 εξιά

2207 4749 2695 4839 διδασιιαλίαν,
2748 4759 2860 4834 ἅμα
2916 4756 2973 4813 δὲ
3030 4754 3114 4814 διὰ
3160 4756 3226 4811 τὰ
3281 4755 3544 4828 θαύματα,
3605 4749 3853 4829 Προσῆλ-

2208 4855 2293 4909 θεν
2336 4862 2426 4911 οὖν
2468 4850 2559 4907 καί
2587 4838 2885 4928 τιςίᾶρχων
2927 4846 3025 4913 τῆς
3086 4847 3437 4923 Συναγωγῆς,
3470 4842 3565 4898 οὑκ
3612 4838 3850 4928 εὐτελής,

2207 4938 2314 4996 οὐδ’
2371 4937 2699 5009 ἀπόϐλητος,
2736 4924 2886 4994 ἀλλὰ
2955 4940 3061 4990 τῶν
3118 4952 3367 5010 πρωτων.
3427 4929 3747 5009 Προστὶθησι
3800 4924 3851 4982 δί

2207 5030 2293 5087 καὶ
2333 5030 2395 5085 τὺ
2437 5029 2606 5103 ὄνομα
2661 5026 2846 5082 τούτου
2899 5025 2927 5081 6
2981 5020 3385 5100 εὑαγγελιστης,
3440 5019 3533 5073 ἵνα
3563 5018 3849 5096 γνωριμώ-

2204 5139 2353 5196 τερον
2409 5118 2470 5173 τὸ
2522 5119 2695 5191 θαῦμα
2746 5112 2991 5192 γένηται,
3044 5112 3117 5175 ὡς
3159 5108 3301 5165 ἔστιν
3344 5105 3560 5196 ἀληθές.
3614 5108 3845 5196 Προσπίο

2204 5195 2327 5269 πτει
2382 5204 2437 5262 δὲ
2493 5211 2643 5269 οὗτος
2689 5210 2765 5277 τῷ
2820 5200 3022 5277 Ἰησοῦ,
3079 5198 3266 5279 χρείας
3319 5195 3600 5262 ἔνστάσης.
3667 5195 3845 5252 Καίτοι

2206 5294 2307 5353 ἔδει
2352 5296 2508 5352 αὑτὸν
2558 5295 2645 5352 καὶ
2702 5309 2781 5368 μη
2856 5289 3054 5356 ταύτης
3122 5284 3546 5365 ἀναγκαζούσης,
3603 5305 3844 5362 προσπε-

2204 5397 2345 5457 σεῖν,
2404 5386 2492 5440 καὶ
2545 5382 2832 5460 ἐπιγνῶναι
2904 5378 3064 5434 αὑτὸν
3139 5377 3270 5444 Θεὸν
3326 5373 3475 5446 ὄντα,
3531 5371 3678 5447 ὅμως
3760 5375 3848 5443 καὶ

2205 5472 2380 5549 θλίψις
2438 5469 2546 5529 ἔσθ’
2604 5471 2690 5539 ὅτι
2760 5464 3061 5538 ὶκϐιάζεται
3129 5464 3251 5528 τοὺς
3335 5461 3637 5540 ἀνθρώπους
3713 5464 3851 5539 πρὸς.

4046 5972 4055 6153 l
