4132 6298
477 286 585 353 811
1445 292 2037 362 THEOPHYLAGTI
2079 290 2490 365 BULGARI/E
2534 302 2892 370 ARCHIEP.
3738 310 3859 377 812

478 437 537 492 et
568 428 924 508 plangebant
951 429 1135 520 illam.
1170 430 1250 492 At
1280 430 1381 492 ille
1400 430 1575 495 dixit:
1609 424 2040 508 Nolite’ﬂerem

2122 436 2355 514 lA-cépaz,
2420 429 2685 498 ’Έκλαιον
2741 441 2795 499 δὲ
2844 444 3066 520 πάντες,
3114 447 3202 502 καὶ
3238 446 3530 504 ὶκόπτοντο
3581 450 3764 520 αὑτήν.
3803 441 3860 509 Ὀ

478 526 567 581 est
620 528 872 595 mortua,
932 518 1040 617 sed
1099 519 1341 581 dormit.
1420 522 1521 617 Et‘
1550 521 1904 584 deridebant
1958 542 2040 617 eui

2207 524 2261 581 δὲ
2316 531 2441 585 εἷπε
2474 547 2490 563 ⁶
2527 533 2615 599 Μὴ
2646 530 2881 607 κλαίετε,
2915 536 3011 591 οὐκ
3051 518 3338 617 ἀπέθανεν,
3401 534 3540 597 ἀλλὰ
3595 518 3853 602 καθεύδει,

475 610 733 673 scientes
791 609 949 691 quod
999 618 1230 671 mortua
1270 619 1447 673 esset.
1496 609 1631 692 Ipse
1671 621 1866 673 autem
1918 613 2040 692 ejec

2208 618 2305 673 Καὶ
2357 620 2656 697 κατεγέλων
2711 625 2891 698 αὐτοῦ,
2950 622 3145 691 εἰδότες
3206 624 3287 683 ὅτι
3323 609 3623 687 ἀπέθανεν.
3688 632 3855 695 Αὐτὸς

473 700 631 762 foras
662 700 959 770 omnibus,
1006 700 1384 780 apprehensa
1437 720 1615 763 manu
1666 702 1793 780 ejus
1824 701 2040 763 clamav

2202 702 2257 797 δέ
2315 704 2554 766 ἐκϐαλὼν
2616 710 2717 777 ἔξω
2758 713 2960 778 πάντας
3009 715 3105 797 ,καὶ
3163 717 3430 794 κρατήσας
3486 720 3587 783 τῆς
3666 721 3850 797 χειρὸς

471 791 729 854 dicens:
778 790 1008 864 Puella,
1052 807 1250 868 surge.
1300 789 1369 851 Et
1415 809 1691 853 reversus
1739 799 1829 852 est
1874 791 2040 871 spirit

2200 795 2386 877 αὐτῆς,
2449 797 2688 878 ἐφώνησε
2732 800 2903 882 λέγων
2939 819 2952 832 ·
3006 795 3069 860 Ἠ
3125 783 3278 877 παΙῖς,
3320 783 3549 885 ’ὶγείροω
3590 783 3707 865 Καίυ
3742 783 3847 865 έπ..

470 883 621 964 ejus,
656 890 712 944 et
741 880 1395 960 surrexitcontinuo,ac
1420 882 1597 961 jussit
1627 881 1712 942 illi
1741 881 1867 942 dari
1890 882 2040 977 cibul

2199 882 2416 964 έστρεψε
2474 890 2535 944 τὸ
2589 880 2816 966 πνεῦμα
2848 892 3034 973 αὐτῆς,
3084 896 3171 951 καὶ
3227 880 3448 963 ἀνέστη-
3481 903 3839 977 παραχρῆμα,

465 970 537 1034 Et
567 980 917 1052 stupuerunt
962 979 1238 1064 parentes
1269 972 1419 1051 ejus.
1454 972 1533 1034 At
1564 970 1994 1064 ille_pr:ecepit
2027 991 2040 1064 ι

2197 975 2281 1029 καὶ
2338 973 2566 1042 διέταξεν
2610 981 2744 1064 αὐτῇ
2794 970 3030 1049 δοθῆναι
3062 996 3277 1064 φαγεῖν.
3342 986 3442 1043 Καὶ
3469 970 3757 1053 ἒξέστηάαν
3796 970 3843 1044 oi

467 1080 542 1127 ne
575 1064 670 1124 cui
691 1063 962 1124 dicerent
989 1061 1144 1151 quod
1174 1062 1390 1122 factum
1426 1068 1571 1151 erat.
1605 1081 1633 1120 ν
1668 1060 2040 1151 Jesusutaud

2194 1077 2372 1141 γονεῖς
2421 1067 2607 1134 αὐτῆς.
2673 1060 2728 1126 Ὀ
2773 1068 2825 1126 δε
2857 1060 3230 1151 ,παρήγγειλεν
3283 1078 3465 1139 αὐτοῖς
3525 1072 3709 1150 μηδενὶ
3766 1078 3845 1131 εἷ-

462 1153 538 1213 vit
572 1153 726 1233 quod
779 1151 926 1212 dixit
973 1150 1212 1230 quidam
1259 1151 1331 1211 ad
1392 1149 1972 1229 archisynagogum:
2020 1150 2040 1212 Ι

2192 1166 2317 1208 πεῖν
2371 1156 2432 1211 τὸ
2488 1157 2728 1234 γεγονός.
2765 1178 2795 1217 )
2853 1150 2910 1217 Ὀ
2953 1149 3171 1227 Ἰησοῦς
3204 1162 3454 1237 ἀκούσας,
3502 1149 3575 1227 ὥς
3607 1164 3736 1222 εἶπέ
3765 1187 3845 1229 τις

460 1260 638 1305 vexes
670 1242 1038 1320 magistrum,
1072 1241 1185 1301 hoc
1219 1247 1327 1315 est,
1366 1258 1439 1300 ne
1471 1239 1647 1300 facias
1678 1242 2003 1323 negotium,
2032 1262 2040 1301 ι

2189 1243 2319 1319 πρὸς
2374 1245 2465 1300 τὸν
2517 1245 2952 1327 ἀρχισυνάγωγον
2990 1266 3004 1279 ·
3066 1250 3155 1317 Μὴ
3218 1250 3409 1308 σκύλλε
3466 1254 3557 1308 τὸν
3600 1250 3840 1313 διδάσκαη

458 1334 651 1396 adduc
682 1331 847 1393 illum
884 1349 897 1392 :
947 1348 1065 1391 non
1099 1329 1455 1421 exspectavit
1502 1336 1565 1421 ut
1615 1329 1893 1411 princeps
1926 1349 2040 1421 syn:

2188 1329 2301 1406 λον,
2366 1334 2629 1411 τουτέστι,
2665 1337 2754 1405 Mr‘;
2807 1340 2879 1400 εἷς
2908 1337 3105 1405 κόπους
3135 1337 3357 1421 ἔμϐαλε,
3417 1341 3493 1417 μὴ
3544 1343 3837 1418 μετακίνει,

456 1441 619 1502 gogze
649 1422 760 1502 ipsi
791 1422 1133 1501 loqueretur
1159 1419 1262 1480 sed
1302 1418 1589 1509 Aprrevenit
1618 1436 1776 1509 eum,
1828 1438 1903 1481 ne
1950 1419 2040 1482 for

2189 1421 2281 1477 οῦκ
2339 1422 2578 1496 ἀνέμεινε
2627 1425 2716 1480 τὸν
2800 1426 3242 1506 ἀρχισυνάγωγον
3312 1418 3545 1498 λαλῆσαί
3599 1454 3648 1488 τι
3707 1435 3837 1509 πρὸς

457 1513 687 1574 diceret
716 1511 1211 1589 archisynagogus
1244 1528 1257 1568 :
1294 1507 1421 1569 Non
1452 1525 1601 1588 Opus
1645 1507 1836 1569 habeo
1870 1518 1947 1584 te,
1973 1512 2037 1589 ja

2185 1510 2360 1583 αὐτὸν,
2421 1510 2558 1567 ἀλλὰ
2607 1515 2935 1593 προφθάσας,
2995 1515 3086 1572 ’ίνα
3139 1518 3217 1592 μὴ
3275 1518 3408 1595 ε’ίπῃ
3465 1520 3493 1575 ὁ
3536 1507 3834 1600 ἀρχισυνά-

454 1603 609 1663 enim
643 1601 862 1662 malum
896 1601 1110 1661 factum
1157 1606 1265 1674 est,
1317 1616 1457 1659 ecce
1508 1605 1738 1658 mortua
1786 1608 1876 1660 est
1918 1617 2033 1679 qua

2181 1620 2356 1675 γωγος
2390 1618 2406 1634 ⁸
2475 1602 2547 1657 Οὔ
2604 1604 2792 1681 χρείαν
2848 1626 2941 1661 σου
2987 1604 3124 1685 ἕχω,
3172 1604 3275 1674 ἤδη
3324 1607 3509 1685 γέγονε
3552 1611 3614 1665 τὸ
3642 1612 3832 1691 κακὸν,

452 1689 837 1773 sperabamus
866 1710 900 1751 a
930 1698 986 1751 te
1034 1687 1386 1781 sanandam.
1436 1685 1622 1781 Igitur
1670 1706 1744 1781 ne
1792 1688 1931 1768 quid
1984 1697 2038 1749 ta

2122 1685 2287 1781 Βίδοὺ
2344 1687 2599 1746 ἀπέθανεν
2681 1691 2748 1759 ἢν
2828 1692 3236 1771 προσεδοκῶμεν
3323 1695 3401 1753 ὅτι
3469 1685 3831 1780 θεραπεύσεις,

455 1781 682 1844 diceret
717 1799 729 1842 ε
765 1778 1112 1841 incredulus
1158 1776 1316 1839 enim
1349 1784 1565 1864 eratet
1593 1776 1832 1838 Iudaeus
1867 1800 1879 1836 :
1940 1797 2040 1858 pra

2122 1776 2268 1832 ””ίνα
2324 1784 2450 1855 γοῦν
2503 1776 2670 1854 μηδὲν
2728 1791 2967 1841 τοιοῦτον
2998 1782 3131 1860 εἴπῃ
3166 1801 3181 1815 ⁸
3244 1784 3465 1850 ἄπιστος
3509 1788 3609 1864 γὰρ
3635 1789 3702 1855 ἦν
3741 1776 3832 1846 καὶ

447 1871 693 1933 veniens
718 1870 885 1930 illum
920 1867 1221 1955 Christus,
1244 1865 1390 1927 dicit
1419 1885 1433 1925 :
1487 1863 1572 1929 Ne
1604 1865 1836 1942 timeas,
1866 1875 2040 1929 tantm

2178 1862 2431 1955 Ἰουδαῖος
2466 1882 2480 1897 ⁸
2541 1870 2844 1947 προφθάσας
2904 1873 3062 1930 αὐτὸν
3126 1874 3155 1929 ὁ
3199 1876 3451 1953 Χριστὸς,
3498 1862 3628 1955 φησί
3661 1895 3675 1913 ·
3738 1878 3832 1945 Μὴ

445 1960 625 2022 crede
657 1980 671 2020 :
711 1959 943 2038 respice
972 1957 1045 2019 ad
1083 1954 1396 2018 mulierem
1430 1955 1602 2048 hanc,
1627 1975 1756 2035 quae
1787 1957 2034 2048 sanguiu

2174 1950 2376 2048 ιροϐοῦ,
2420 1958 2580 2031 μόνον
2644 1960 2879 2036 πίστευε,
2944 1963 3075 2041 πρὸς
3123 1962 3225 2031 τὴν
3249 1950 3258 1953 ⁷
3284 1950 3585 2045 αἱμόῤῥουν,
3644 1969 3829 2048 φησὶν,

446 2050 732 2129 proﬂuvio
764 2047 1053 2111 laboravit
1085 2068 1098 2109 :
1150 2046 1309 2136 lllam
1344 2046 1391 2136 si
1438 2043 1702 2136 imitatus
1733 2045 1938 2136 fueris,
1971 2065 2040 2107 no

2172 2042 2466 2101 ἀποσκόπει
2497 2064 2511 2080 ·
2597 2048 2804 2115 εκείνην
2889 2052 3211 2127 μιμούμενος
3297 2053 3394 2110 οὒκ
3420 2042 3423 2043 ν
3446 2042 3451 2043 ⁷
3475 2042 3829 2136 ἀποχίάσειςξ

441 2138 767 2201 aberrabis.
805 2137 1095 2199 Caeterum
1129 2154 1197 2196 ex
1238 2134 1568 2224 discipulis,
1598 2142 1823 2195 tantum
1868 2135 2040 2198 intra!

2172 2131 2345 2189 Μόνον
2405 2131 2458 2188 δὲ
2501 2135 2723 2212 Πέτρον,
2782 2139 2870 2195 καὶ
2916 2136 3194 2221 Ἰωάννην,
3245 2142 3332 2199 καὶ
3381 2131 3826 2224 Ἰάκωϐοννάφίη-

437 2248 640 2292 secum
674 2227 944 2309 permisit
971 2227 1257 2288 Joannem
1292 2226 1368 2305 [et
1410 2223 1693 2286 Iacobum
1729 2231 1787 2285 et
1814 2227 2040 2287 Petrun

2170 2240 2252 2277 σιν
2310 2222 2587 2299 εἰσελθεῖν,
2652 2234 2724 2290 ὼς
2786 2229 3095 2307 προκρίτους
3151 2236 3259 2287 τῶν
3304 2235 3581 2312 μαθητῶν,
3616 2222 3717 2290 καλι
3744 2237 3823 2297 ὡς

436 2331 501 2382 ut
530 2306 957 2400 discipulorum
995 2315 1321 2397 praecipuos
1365 2322 1423 2376 et
1450 2314 1794 2375 taciturnos.
1828 2314 2040 2376 Noleb:

2167 2306 2484 2385 δυναμένους
2542 2320 2812 2382 σιωπῆσαι
2865 2306 2933 2373 τὸγ
2981 2322 3178 2393 θαῦμα,
3229 2306 3315 2377 Οὑγ
3348 2322 3448 2401 γὰρ
3498 2306 3684 2388 ἤθελεν
3724 2323 3817 2380 ἵνα

435 2410 595 2472 enim
622 2411 737 2480 hoc
765 2406 1114 2469 miraculum
1145 2412 1281 2466 ante
1310 2412 1543 2483 tempus
1571 2401 1821 2465 revelari
1854 2403 2040 2465 multis

2165 2402 2266 2479 πρὸ
2321 2409 2502 2481 καιροῦ
2560 2403 2953 2484 ἀποκαλυφθείη
3038 2420 3158 2471 τοῖς
3225 2407 3475 2490 πολλοῖς,
3558 2410 3641 2468 διὰ
3722 2415 3815 2468 τὸν

437 2508 677 2580 propter
701 2498 1040 2560 Judzeorum
1074 2494 1323 2555 fortasse
1355 2493 1631 2555 invidiam
1680 2493 1963 2573 pleraque
2007 2514 2038 2556 e

2161 2488 2351 2567 φθόνον
2421 2492 2567 2570 τάχα
2620 2499 2725 2548 τῶν
2793 2491 3080 2569 Ἰουδαίων,
3142 2497 3208 2558 τὰ
3263 2497 3433 2555 πλείω
3460 2488 3584 2557 -τῶν
3642 2500 3808 2581 ’έργων

432 2579 713 2669 operibus
740 2588 863 2649 suis
888 2586 1214 2658 occultans,
1241 2602 1314 2644 ne
1336 2581 1553 2644 invidia
1575 2583 1845 2644 succensi
1857 2584 2040 2663 judici

2158 2580 2313 2634 αὑτοῦ
2367 2579 2766 2658 συγκαλύπτων,
2826 2582 3048 2672 ἵνα..μή
3077 2591 3154 2659 τῷ
3197 2587 3370 2666 φθόνῳ
3417 2579 3802 2672 διακαιόμενει,

428 2662 642 2740 ﬁerent
670 2677 780 2740 rei.
833 2674 1003 2737 Hunc
1040 2675 1103 2735 in
1156 2673 1397 2735 modum
1442 2674 1622 2734 etiam
1674 2691 1783 2733 nos
1835 2662 2040 2755 quoqu.

2156 2668 2409 2746 κρίματος
2481 2667 2661 2748 ἔνοχοι
2725 2671 2862 2733 εἶεν,
2929 2662 3148 2745 ’Ὠσπερ
3208 2662 3296 2731 ὀῦν
3357 2680 3444 2733 καὶ
3524 2682 3669 2755 ἡμᾶς
3726 2662 3812 2737 δεῖ

423 2767 621 2830 facere
651 2775 902 2848 oportet,
937 2764 1172 2846 quando
1196 2763 1328 2844 quis
1358 2762 1531 2824 nobis
1558 2761 1800 2837 invidet,
1836 2781 1913 2825 ne
1935 2782 2040 2845 ape

2153 2771 2353 2831 ποιεῖν,
2419 2757 2544 2813 ὅταν
2616 2758 2707 2827 εἴη
2764 2782 2842 2826 τις
2897 2762 3034 2837 ἡμῖν
3104 2766 3329 2842 φθονῶν,
3381 2767 3474 2822 οὑκ
3527 2768 3810 2846 ὀφείλομεν

422 2858 647 2920 riamus
679 2847 732 2918 ei
762 2864 965 2917 nostra
987 2854 1143 2916 bona
1160 2871 1362 2933 opera,
1392 2853 1496 2913 sed
1520 2870 1796 2914 curemus
1825 2861 1889 2913 ut
1909 2854 2040 2933 igno

2149 2848 2278 2925 πρὸς
2351 2848 2506 2903 αὑτὸν
2595 2847 2933 2927 ἀπογυμνοῦν
3016 2853 3081 2907 τὰ
3156 2855 3539 2932 κατορθώματα
3623 2859 3803 2934 ἡμῶν,

423 2956 539 3030 ret,
573 2966 650 3010 ne
682 2947 961 3008 ferientes
991 2945 1209 3025 ipsum,
1243 2960 1444 3004 ansam
1480 2941 1850 3030 praebeamus
1882 2947 2040 3023 magi.

2147 2934 2239 2991 ἵνα
2298 2936 2375 3011 μὴ
2432 2935 2760 3006 πλήττοντες
2818 2942 2996 3021 αὑτὸν,
3043 2948 3283 3018 ποιῶμεν
3344 2943 3507 3001 πλέον
3564 2949 3798 3025 φθονεῖν,

419 3027 724 3099 invidendi
755 3055 826 3099 ac
857 3036 917 3095 in
951 3043 1259 3113 peccatum
1291 3032 1523 3093 ruendi.
1560 3029 1671 3093 Sed
1704 3034 1896 3111 quoad
1934 3034 2040 3096 ﬁer

2147 3027 2234 3081 καὶ
2286 3028 2358 3091 εἷς
2418 3028 2710 3106 ἁμάρτημα
2792 3028 3167 3109 ἐμϐάλλωμεν,
3249 3032 3369 3091 αλλ’
3434 3038 3507 3099 ὼς
3564 3036 3684 3092 οἷόν
3741 3059 3803 3093 τε

419 3135 635 3207 potest,
689 3126 873 3186 adniti
915 3124 1226 3197 debemus,
1257 3129 1321 3182 ut
1376 3122 1568 3201 ipsum
1621 3120 1858 3184 lateant.
1912 3123 2040 3183 Cun

2122 3114 2456 3187 ,σπουδάζειν
2514 3119 2587 3180 ὡς
2642 3116 2704 3173 ἂν
2774 3117 3099 3178 λανθάνωσιν
3178 3124 3358 3187 αὑτόν,
3420 3126 3683 3205 Λέγοντος
3744 3124 3802 3182 δὲ

416 3206 615 3277 autem
668 3214 953 3277 Deminus
988 3213 1255 3275 diceret:
1317 3211 1447 3271 Non
1507 3218 1597 3272 est
1640 3220 1894 3285 mortua,
1954 3230 2040 3273 sec

2143 3211 2236 3260 τοῦ
2287 3207 2474 3283 Κυρίου
2530 3206 2610 3264 ὅτι
2682 3209 2775 3266 οὒκ
2859 3209 3137 3286 ἀπέθανεν,
3196 3211 3335 3269 ἀλλά
3389 3212 3648 3284 καθεύδει,
3709 3217 3800 3273 καὶ

412 3305 657 3386 dormit,
695 3314 751 3365 et
780 3306 914 3364 551
952 3311 1187 3364 vocaret
1215 3308 1463 3361 mortem
1482 3318 1780 3379 somnum,
1808 3318 1876 3362 eo
1899 3320 2040 3381 quoc

2140 3295 2230 3349 τὸν
2286 3296 2508 3352 θάνατον
2560 3295 2722 3354 ὕπνον
2795 3298 3110 3375 καλοῦντος,
3156 3298 3289 3358 διότι
3321 3301 3514 3377 ἔμελλε
3558 3306 3653 3371 τὴν
3711 3326 3793 3360 τεο

413 3403 706 3455 mortuam
734 3393 899 3474 quasi
935 3412 1003 3454 ex
1035 3410 1242 3453 somno
1274 3390 1661 3451 suscitaturus
1692 3397 1868 3450 esset:
1902 3392 2040 3453 deria

2137 3386 2393 3451 θνηκυῖαν
2483 3388 2775 3454 ἀναστῆσαι
2848 3390 3027 3467 ὥσπερ
3102 3389 3153 3457 ἐξ
3224 3391 3409 3473 ὕπνου,
3490 3394 3792 3475 κατεγέλων

412 3491 620 3545 serunt
653 3502 787 3544 eum
819 3482 1149 3552 audientes,
1175 3488 1238 3539 ut
1263 3479 1479 3539 iterum
1505 3479 1724 3559 aliquid
1741 3479 2040 3543 accederet

2138 3477 2293 3530 αὐτοῦ
2351 3478 2397 3531 οἱ
2455 3477 2759 3553 ἀκούοντες,
2816 3480 2909 3537 ἵνα
2961 3482 3049 3537 καὶ
3106 3480 3308 3557 μᾶλλον
3365 3485 3426 3540 τὸ
3482 3484 3652 3559 θαῦμα
3695 3484 3785 3552 εἴη

412 3570 721 3633 miraculo.
748 3569 825 3634 Ut
851 3571 1006 3631 enim
1033 3579 1234 3649 postea
1254 3569 1456 3629 dicere
1483 3557 1618 3628 non
1634 3578 1875 3647 possent
1894 3571 2040 3649 quod

2137 3565 2330 3627 θαῦμα,
2393 3557 2524 3623 "Iv:
2582 3569 2682 3646 γάρ
2733 3571 2810 3645 μὴ
2871 3570 3039 3651 ἔχωσι
3085 3570 3256 3650 λέγειν
3300 3572 3511 3654 ὕστερον
3570 3557 3644 3638 ὧς
3695 3577 3788 3632 οὑκ

410 3680 528 3723 non
562 3662 639 3721 sit
671 3668 921 3734 mortua,
957 3660 1061 3720 sed
1092 3657 1404 3719 dormierit
1435 3675 1448 3720 :
1488 3665 1728 3737 propter
1759 3657 1871 3720 hoc
1908 3678 2040 3738 per-

2136 3653 2416 3729 άπέθανεν,
2478 3655 2596 3713 ἀλλ’
2656 3658 2917 3734 ὕπνωττε,
2974 3661 3058 3719 διὰ
3104 3670 3255 3719 τοῦτο
3305 3665 3620 3740 ᾠκονόμησε
3651 3666 3784 3745 πρό-

408 3751 570 3812 misit
605 3756 666 3811 ut
689 3750 852 3831 prius
883 3749 1253 3810 derideretur
1284 3746 1341 3806 in
1374 3766 1443 3807 eo
1466 3748 1623 3826 quod
1648 3746 1896 3823 diceret,
1923 3748 2040 3811 Non

2134 3765 2283 3822 τερον
2338 3745 2821 3829 καταγελασθῆναι,
2872 3749 2926 3804 ἐν
2969 3755 3045 3824 τῷ
3104 3750 3280 3829 λέγειν
3323 3752 3403 3809 ὅτι
3452 3754 3545 3810 οῦκ
3584 3754 3788 3811 ἀπέθα-

409 3849 499 3904 est
524 3848 774 3915 mortua,
810 3839 915 3900 sed
947 3838 1167 3900 dormit
1200 3859 1212 3895 :
1260 3845 1322 3897 ut
1353 3835 1772 3897 (-bturarentur
1812 3856 1916 3898 ora
1944 3856 2040 3901 vo-

2135 3855 2239 3904 νεν,
2307 3832 2441 3890 ἀλλὰ
2493 3835 2746 3912 καθεύδει,
2811 3841 2884 3903 ὡς
2944 3838 3005 3894 ἄν
3074 3840 3383 3921 ὲμφραγῶσι
3441 3843 3505 3898 τά
3548 3845 3787 3919 στόματα

408 3931 655 3993 lentium
688 3927 1061 3990 calumniari.
1092 3926 1287 4006 Usque
1317 3927 1465 3988 adeo
1518 3925 1674 3985 enim
1735 3934 1897 3988 certa
1927 3941 2040 3990 eral

2134 3930 2237 3978 τῶν
2290 3921 2549 3980 θελόντων
2613 3930 2987 4007 συκοφαντεῖν.
3050 3938 3311 3987 Τοσοῦτον
3354 3933 3453 4012 γὰρ
3504 3933 3782 4009 ἀπέθανεν,

408 4039 591 4095 mors,
626 4027 691 4079 ut
737 4017 1081 4079 deriderent
1115 4017 1455 4079 dicentem:
1490 4013 1619 4076 Non
1657 4024 1749 4077 est
1790 4026 2040 4082 mortua.

2131 4011 2269 4068 ὥστε
2326 4015 2413 4069 καὶ
2455 4014 2757 4093 κατεγέλων
2802 4020 2961 4077 αὐτοῦ
2988 4016 3237 4097 λέγοντος
3290 4018 3371 4076 ὅτι
3430 4025 3524 4080 οὐκ
3578 4022 3784 4079 ἀπέθα-

404 4109 595 4190 Ejecit
619 4118 813 4169 autem
872 4107 1025 4167 foras
1073 4124 1305 4180 omnes,
1356 4104 1605 4166 fortasse
1664 4104 1885 4167 doccns
1943 4126 2040 4170 nos

2132 4122 2237 4163 νεν,
2297 4100 2546 4166 Ἐξέϐαλε
2603 4101 2656 4160 δὲ
2712 4103 2809 4170 ἔξω
2880 4107 3109 4179 πάντας,
3166 4109 3311 4190 τάχα
3366 4110 3465 4185 μὲν
3519 4109 3780 4169 παιδεύων

405 4218 610 4262 carere
640 4197 838 4259 inanis
870 4195 1073 4275 gloriae
1102 4196 1324 4268 studio,
1356 4202 1415 4256 et
1462 4194 1609 4255 nihil
1658 4193 1731 4255 ad
1781 4201 2040 4260 ostenta-

2129 4193 2272 4265 ἡμᾶς
2330 4191 2667 4270 ἀφιλοδόξους
2749 4209 2911 4276 εῖναι,
2974 4199 3063 4254 καὶ
3120 4198 3286 4273 μηδὲν
3345 4201 3475 4279 πρὸς
3535 4198 3778 4268 ἐπίδειξιν

401 4291 623 4351 tionem
655 4288 898 4349 facere:
953 4286 1200 4347 fortasse
1251 4298 1448 4346 autem
1495 4293 1553 4345 et
1593 4282 1815 4345 docens
1863 4286 2040 4365 quod,

2128 4292 2328 4338 ποιεῖν.
2392 4283 2547 4362 Τάχα
2589 4282 2643 4339 δὲ
2687 4286 2775 4341 καὶ
2821 4283 3101 4361 διδάσκων,
3167 4288 3247 4344 ὅτι
3291 4288 3418 4347 ὅταν
3460 4289 3636 4367 μέλλῃ
3694 4314 3779 4357 τις

403 4382 638 4459 quando
671 4379 803 4459 quis
832 4377 1091 4438 facturus
1144 4384 1233 4466 est
1281 4375 1590 4466 miracula,
1634 4373 1934 4466 ipseunon
1988 4377 2040 4437 in

2128 4373 2565 4452 θαυματουργεῖν,
2629 4378 2687 4433 ού
2728 4374 2783 4430 ἒν
2826 4375 2974 4451 μέσῳ
3003 4376 3217 4434 πολλῶν
3264 4375 3348 4435 δεῖ
3405 4379 3560 4436 αὖτὸν
3605 4381 3777 4461 εἶναι,

401 4458 600 4529 medio
635 4458 980 4536 multorum,
1018 4466 1119 4527 sed
1153 4465 1313 4526 solus
1336 4474 1393 4525 et
1428 4483 1547 4524 non
1580 4463 1895 4542 impeditus
1914 4483 2040 4527 esse

2130 4458 2249 4515 ἀλλ’
2306 4458 2565 4531 ἰδιάζοντα
2644 4466 2730 4520 καὶ
2788 4465 3201 4544 ἀπερίσπαστον.
3277 4466 3634 4548 Ἐπέστρεψεν
3690 4458 3779 4527 οὗν

401 4558 638 4620 debeat.
674 4556 876 4620 Rediit
923 4555 1110 4635 igitur
1159 4554 1399 4633 spiritus
1443 4553 1672 4633 puellae,
1719 4572 1835 4614 non
1884 4554 2044 4615 enim

399 4647 573 4707 aliam
606 4646 865 4707 animam
912 4645 1163 4719 induxit,
1217 4644 1321 4704 sed
1368 4662 1494 4705 eam
1529 4661 1659 4722 quae
1713 4660 1747 4702 a
1795 4661 2045 4722 corpore

400 4738 681 4810 avolarat,
719 4736 931 4797 iterum
965 4736 1019 4795 in
1055 4734 1248 4814 ipsum
1297 4734 1495 4793 redire
1548 4732 1707 4793 fecit.
1763 4733 2045 4814 Praecepit

395 4835 590 4888 autem
642 4832 704 4885 ut
745 4825 798 4885 ei
856 4824 1052 4886 cibum
1103 4823 1333 4896 darent,
1387 4821 1543 4901 quod
1592 4822 2044 4883 confirmaretur

394 4916 542 4978 ﬁdes
593 4933 661 4976 ac
711 4914 930 4975 \eritas
982 4912 1137 4993 quod
1193 4911 1292 4972 illa
1341 4910 1788 4973 resurrexisset.
1838 4913 2042 4973 Posset

394 5009 571 5071 etiam
604 5012 661 5066 et
690 5003 777 5066 sic
827 5003 1073 5081 intelligi
1118 5019 1129 5062 :
1189 5000 1544 5077 Sanguinem
1598 5000 1898 5079 proﬂuens
1952 5009 2040 5061 est

392 5098 587 5159 omnis
627 5093 824 5154 anima
872 5092 1203 5153 scaturiens
1248 5099 1559 5151 cruentum
1622 5096 1923 5168 peccatum
1983 5097 2039 5150 et

391 5186 861 5266 sanguinarium.
916 5180 1107 5244 Omne
1167 5181 1325 5241 enim
1382 5190 1688 5259 pecratum
1743 5178 2039 5241 homicida

390 5288 502 5359 est,
536 5286 594 5338 et
647 5274 879 5336 occisor
934 5272 1169 5332 animae.
1232 5271 1304 5330 At
1364 5270 1413 5329 si
1452 5269 1666 5359 anima
1724 5268 2038 5359 contigerit

386 5376 635 5437 vestem,
672 5365 785 5424 hoc
818 5370 906 5424 est
938 5359 1406 5422 incarnationem
1437 5358 1601 5432 Jesu,
1635 5366 1694 5419 et
1714 5358 2039 5418 crediderit

386 5456 543 5536 quod
574 5455 911 5514 incarnatus
961 5451 1034 5509 sit
1064 5450 1244 5510 Filius
1273 5448 1400 5523 Dei,
1444 5446 1908 5508 sanctificabitur
1965 5449 2038 5510 Et

383 5547 434 5607 si
465 5544 599 5625 quis
628 5543 808 5603 fuerit
842 5539 1125 5619 princeps
1170 5537 1511 5617 Synagogaa,
1561 5538 1673 5597 hcc
1722 5545 1834 5617 est,
1868 5555 2036 5598 mens

2127 4550 2187 4605 τὸ
2226 4557 2432 4625 πνεῦμα
2476 4556 2576 4618 τῆς
2622 4551 2809 4617 παιδός
2849 4573 2859 4584 ·
2900 4556 2958 4609 οὺ
2980 4556 3079 4636 γὰρ
3123 4555 3292 4624 ἄλλην
3327 4558 3512 4638 ψυχὴν
3543 4560 3781 4639 εἰσήνεγ-

2127 4661 2239 4713 κεν,
2296 4637 2415 4695 ἀλλ’
2471 4642 2681 4709 ιεκείνην
2736 4643 2836 4711 τὴν
2879 4645 2985 4700 ἀπὸ
3014 4648 3107 4702 τοῦ
3154 4647 3400 4723 σώματος
3432 4648 3771 4722 ἀποπτᾶσαν,

2126 4730 2324 4795 ταύτην
2381 4728 2597 4797 ἐποίησε
2657 4737 2917 4813 παφῆναι
3003 4734 3089 4791 ἐπ’
3148 4738 3295 4798 αὑτό.
3370 4736 3652 4803 Διετάξατο
3719 4738 3772 4794 δὲ

2127 4820 2258 4895 αὐτῇ
2321 4818 2530 4887 δοθῆναι
2601 4835 2817 4900 φαγεῖν,
2884 4825 3014 4902 πρὸς
3071 4825 3328 4882 πίστωσιν
3392 4825 3611 4883 πλείονα
3681 4829 3767 4884 καὶ

2123 4906 2400 4985 βεϐαίωσιν
2450 4916 2539 4966 τοῦ
2596 4909 2805 4978 ἀληθῶς
2889 4914 3049 4981 αὐτὴν
3121 4914 3435 4983 ἀναστῆναι.
3496 4907 3663 4973 ’Ἐστι
3711 4915 3763 4973 δὲ

2121 5000 2207 5054 καὶ
2266 4997 2404 5055 ο’5τω
2457 5001 2621 5056 ταῦτα
2676 5003 2863 5067 νοῆσαι
2900 5023 2914 5038 ⁸
2962 5002 3238 5083 αἱμόῤῥους
3281 5007 3393 5063 ἒστὶ
3439 5013 3583 5063 πᾶσα
3614 5010 3768 5089 ψυχὴ

2122 5089 2379 5163 βλύςουσα
2446 5092 2533 5145 καὶ
2604 5092 2912 5170 πηγάζουσα
2982 5095 3084 5161 τὴν
3162 5092 3437 5170 αἱματώδη
3508 5098 3766 5176 ἁμαρτίαν

2119 5179 2208 5235 καὶ
2277 5181 2523 5259 φονικήν.
2622 5187 2770 5238 Πᾶσα
2827 5184 2926 5263 γάρ
2985 5184 3212 5261 ἁμαρτία
3286 5187 3467 5264 φονεύς
3512 5186 3621 5243 ἐστι
3673 5188 3766 5243 καὶ

2121 5269 2375 5347 σφαγεὺς
2408 5273 2508 5336 τῆς
2556 5271 2765 5349 ψυχῆς.
2813 5271 2957 5339 Αὕτη
2993 5275 3080 5328 οὖν
3108 5273 3142 5340 ἡ
3174 5275 3353 5352 ψυχὴ,
3386 5275 3635 5351 ἁψαμένη
3657 5282 3766 5332 τῶν

2118 5357 2341 5433 ἱματίων
2397 5367 2488 5417 τοῦ
2533 5357 2731 5439 Ἰησοῦ,
2792 5361 3028 5417 τουτέστι
3070 5364 3168 5430 τῆς
3213 5363 3528 5441 σαρκώσεως
3582 5369 3762 5438 αὐτοῦ,

2120 5448 2206 5502 καὶ
2260 5451 2580 5506 πιστεύσασα
2636 5450 2715 5506 ὅτι
2773 5452 3098 5530 σεσάρκωται
3165 5455 3192 5508 ὁ
3270 5455 3385 5517 Υἱὸς
3462 5464 3552 5511 τοῦ
3609 5464 3763 5526 Θεοῦ,

2118 5538 2406 5615 ὑγιάζεται,
2474 5540 2578 5598 Κᾶν
2622 5541 3061 5621 ἀρχισυνάγωγος
3105 5542 3159 5597 δέ
3214 5563 3293 5605 τις
3354 5544 3471 5618 εἴη,
3528 5545 3763 5602 τουτέστι
