4132 6298
428 307 545 372 815

1391 313 1988 382 THEOPHYLAGTI
2028 312 2444 382 BULGARIE
2486 321 2843 388 ARCHIEP.

3697 326 3821 391 816

427 445 733 539 diceretur
764 464 796 508 a
834 446 1187 539 quibusdam
1222 451 1378 532 quod
1431 453 1690 514 Joannes
1730 451 2049 514 surrexisse

2136 473 2323 508 ιτινων
2381 455 2459 512 ὅτι
2505 454 2754 525 Ἰωάννης
2800 458 3073 539 έγήγερτει
3127 460 3187 516 ix
3241 467 3461 539 νεκρῶν,
3500 462 3600 518 ὑπό
3658 484 3822 519 τινων

427 536 790 630 a_mo_rtuis:a
812 536 1167 616 quibusdam
1192 558 1331 602 vero
1348 542 1506 621 quod
1531 540 1688 604 Elias
1712 541 2049 624 apparuisse

2164 539 2242 622 δὲ,
2293 542 2376 600 ὅτι
2437 544 2625 610 Ἠλίας
2669 536 2863 628 ἐφάνη,
2916 536 3096 606 ὀλὶξλλω
3152 547 3231 630 δὲ,
3281 536 3358 605 ὅτι
3404 552 3686 630 προφήτης
3731 552 3820 616 εἷς

428 623 502 685 ab
533 625 665 685 aliis
692 634 889 688 autem
921 628 1076 706 quod
1106 630 1700 712 prophetaquispiam
1735 623 1803 694 ex
1824 631 2081 712 antiquis

426 717 834 778 surrrexisset.
869 715 938 777 Et
968 717 1048 778 ait
1076 717 1382 782 Herodes:
1421 722 1707 783 Joannem
1737 740 1842 800 ego
1870 721 2077 783 decol-

425 802 541 866 lavi
577 826 588 868 :
625 807 758 886 quis
788 814 986 868 autem
1037 808 1149 869 iste
1182 808 1256 869 de
1287 829 1404 890 quo
1438 829 1545 888 ego
1581 811 1715 873 talia
1743 811 1919 873 audio
1941 815 1968 870 ?
2012 811 2081 873 Et

426 894 735 973 quaerebat
762 896 965 958 videre
997 916 1154 961 eum.
1197 922 1220 955 υ
1257 898 1365 960 Hic
1417 901 1688 962 Herodes
1720 919 1934 981 parvus
1971 900 2079 961 fuit

426 982 584 1044 ﬁlius
606 985 806 1064 Magni
829 987 930 1067 qui
955 1006 1173 1067 pueros
1193 989 1520 1051 occiderat.
1548 988 1691 1051 Nam
1719 990 1820 1052 ille
1833 989 2072 1071 quidem

421 1090 528 1134 rex
552 1074 789 1149 fuit,hic
811 1085 1009 1137 autem
1035 1079 1352 1139 tetrarcha.
1381 1077 1694 1141 Dubitabat
1728 1081 1802 1141 de
1839 1078 2072 1142 Christo

421 1162 556 1242 quis
578 1173 756 1228 esset.
784 1163 1075 1228 Joannem
1104 1168 1591 1249 quidem,inquit,
1615 1189 1726 1250 ego
1760 1169 2068 1232 decollavi:

420 1262 482 1317 et
515 1254 830 1336 siquidem
851 1254 1113 1320 Joannes
1141 1258 1425 1319 excitatus
1445 1267 1533 1319 cst
1554 1278 1622 1320 ex
1651 1258 1922 1332 mortuis,
1949 1279 2073 1320 om-

419 1344 561 1406 nino
585 1343 773 1405 visum
800 1345 964 1406 illum
985 1364 1329 1425 agnoscam.
1356 1347 1666 1419 Quaerebat
1688 1350 1845 1410 enim
1869 1348 2072 1411 videre

419 1432 742 1496 eum.Vide
774 1441 971 1496 autem
1004 1434 1162 1515 quod
1183 1434 1418 1498 Hebraei
1448 1450 1716 1498 errantes
1739 1436 2070 1518 opinaban—

419 1529 537 1603 tur,
574 1524 1082 1585 resurrectionem
1142 1533 1510 1587 mortuorum
1571 1529 1629 1586 in
1691 1527 1916 1588 carnali
1954 1528 2070 1588 vita

2161 637 2266 687 τῶν
2301 634 2540 714 ἀρχαίων
2571 637 2788 706 ἀνέστη.
2824 636 2928 698 Καὶ
2963 643 3114 696 εἶπεν
3161 641 3187 694 ὁ
3237 630 3475 717 Ἡρώδης
3513 659 3528 674 ⁸
3564 639 3820 708 Ἰωαννην

2163 721 2269 800 ἐγὼ
2322 723 2684 803 ἀπεκεφάλισα
2723 745 2736 758 ⁸
2794 729 2871 792 τίς
2916 727 2970 784 δέ
3013 729 3158 784 ἔστιν
3201 731 3379 802 οὗτος,
3426 732 3542 808 περὶ
3593 730 3650 786 οὗ
3708 729 3818 808 ἐγὼ

2162 811 2337 896 άκούω
2378 821 2596 871 τοιαῦτα
2635 834 2649 896 ;
2711 818 2811 875 Καὶ
2861 816 3036 888 ἐζήτει
3089 815 3220 874 ἰδεῖν
3273 817 3452 879 αὐτόν,
3492 840 3514 873 ε
3578 821 3738 882 οὗτος
3784 819 3812 874 ὃ

2166 891 2402 980 Ἠρώδης
2460 906 2487 959 ὁ
2530 891 2718 983 μικρὸς
2776 911 2867 985 ἦν,
2931 910 2958 963 ὁ
3014 908 3123 969 υίὸς
3174 916 3265 965 τοῦ
3312 905 3544 984 μεγάλου
3577 900 3811 987 Ἡρώδου

2157 998 2250 1047 τοῦ
2316 993 2374 1048 τὰ
2430 993 2598 1073 βρέφη
2643 995 3076 1061 ἀποκτείναντος,
3139 995 3381 1059 Ἐκεῖνος
3434 996 3529 1071 μὲν
3561 999 3661 1077 γὰρ
3702 999 3807 1073 βα-

2156 1079 2332 1144 σιλεὺς
2384 1082 2473 1163 ἦν,
2543 1083 2692 1146 οὗτος
2746 1083 2799 1140 δὲ
2856 1086 3155 1165 τετράρχης
3192 1102 3206 1116 '
3269 1082 3509 1163 διηπόρει
3567 1083 3620 1141 δὲ
3692 1092 3808 1164 περὶ

2159 1168 2355 1248 Ἰησοῦ,
2414 1173 2491 1236 τίς
2547 1173 2610 1228 ἅν
2655 1174 2772 1240 εἴη.
2841 1172 3094 1240 Ἰωάννην
3165 1173 3261 1249 μὲν
3303 1174 3427 1253 γὰρ,
3472 1177 3651 1254 φησὶν,
3701 1175 3811 1253 ἐγὼ

2156 1259 2543 1341 ἀπεκεφάλισα,
2576 1265 2663 1319 καὶ
2708 1264 2861 1340 εἴπερ
2905 1267 2931 1320 ὁ
2975 1263 3228 1330 Ἰωάννης
3281 1263 3419 1319 ἐστὶν
3474 1265 3697 1346 ἐγερθεὶς
3748 1266 3809 1322 ἐκ

2155 1356 2378 1431 νεκρῶι,
2437 1352 2649 1435 πάντως
2697 1351 2820 1408 ἰδὼν
2894 1353 3049 1410 αὐτόν
3102 1354 3364 1432 γνωρίσω.
3425 1353 3632 1425 Ἐζήτει
3708 1357 3810 1435 γὰρ

2152 1436 2284 1495 ἰδεῖν
2341 1441 2519 1505 αὐτόν,
2554 1431 2700 1521 “Opas
2733 1440 2786 1497 δὲ
2817 1442 2897 1498 ὅτι
2931 1444 2979 1499 οἱ
3013 1439 3250 1520 Ἐϐραϊοι
3298 1439 3534 1513 ἐδόξαζον
3568 1431 3804 1500 ἀνάσταζ

2151 1548 2233 1582 σιν
2291 1532 2489 1608 νεκρῶν
2550 1528 2605 1584 ἐν
2688 1537 2800 1607 ζωῃ
2855 1529 3103 1609 σαρκικῇ,
3169 1533 3257 1587 καὶ
3313 1530 3367 1585 ἐν
3423 1531 3660 1610 βρώμασι
3716 1535 3805 1589 καὶ

413 1603 696 1693 fut-uram,
731 1623 910 1693 atque
941 1613 1000 1673 in
1035 1612 1170 1674 cibo
1201 1623 1259 1674 et
1287 1623 1426 1695 potu
1462 1634 1472 1677 :
1509 1617 1875 1679 resurrectio
1906 1617 2049 1678 enin

2150 1603 2397 1697 πόμασι,⁷
2435 1626 2614 1682 κακῶς
2672 1603 2997 1690 δοξάζοντες,
3059 1603 3141 1675 ἡἨ
3200 1621 3300 1698 γὰρ
3369 1603 3651 1686 ἀνάστασις
3708 1622 3803 1679 οὐκ

416 1721 534 1763 non
568 1701 630 1762 in
662 1701 796 1763 cibo
826 1701 918 1764 vel
950 1709 1094 1782 potu
1126 1703 1216 1764 vel
1255 1705 1482 1766 carnali
1512 1705 1630 1767 vita
1661 1707 1798 1787 erit,
1833 1706 1935 1768 sed
1960 1708 2049 1788 qui

2150 1704 2204 1760 ἐν
2247 1707 2438 1785 βρώσει
2483 1709 2571 1763 καὶ
2614 1708 2792 1782 πόσει,
2834 1709 3006 1784 ἢζωῇ
3052 1714 3304 1790 σαρκικῇ,
3334 1707 3452 1765 ἀλλ’
3503 1712 3576 1775 ὡς
3631 1710 3801 1790 ἅγγε-

412 1800 753 1872 resurgunt,
789 1792 945 1853 sicut
966 1792 1158 1869 angeli
1193 1794 1299 1855 Dei
1328 1803 1658 1857 versantur.

491 1883 674 1945 Vsus.
706 1881 1030 1945 lO-i7.«Et
1054 1883 1279 1944 reversi
1301 1884 1552 1964 apostoli
1571 1893 1958 1947 narraverunt
1975 1885 2059 1948 illi

410 1990 782 2052 quaecunque
814 1972 1100 2035 fecerant.
1153 1973 1229 2034 Et
1280 1976 1597 2054 assumptis
1645 1974 1763 2036 illis
1815 1977 2060 2037 secessit

408 2079 675 2123 seorsum
709 2062 770 2123 in
804 2060 999 2122 locum
1032 2062 1336 2123 desertum
1371 2062 1621 2124 civitatis
1651 2083 1784 2144 quae
1819 2073 2060 2129 vocatur

406 2151 744 2214 Bethsaida.
777 2149 947 2223 Quod
979 2170 1115 2212 cum
1147 2152 1565 2230 cognovissent
1595 2153 1803 2236 turbae,
1842 2165 2059 2218 secutae

406 2248 542 2302 sunt
571 2241 763 2316 illum,
799 2249 860 2302 et
888 2242 1123 2320 excepit
1171 2259 1296 2314 eos,
1347 2250 1404 2304 et
1453 2243 1807 2322 loquebatur
1838 2243 1953 2306 illis
1982 2246 2056 2308 de

404 2348 590 2407 regno
622 2329 753 2405 Dei,
786 2338 846 2392 et
875 2347 979 2390 eos
1001 2330 1101 2408 qui
1134 2331 1442 2391 curatione
1473 2331 1840 2414 indigebant,
1875 2353 2051 2396 sana-

402 2418 522 2483 bat.
556 2418 696 2481 Dies
723 2427 921 2481 autem
953 2428 1214 2495 casperat
1245 2420 1573 2502 declinare,
1609 2430 1666 2484 et
1697 2423 2053 2487 accedentes

401 2508 718 2570 duodecim
748 2508 1029 2570 dixerunt
1055 2509 1139 2569 illi
1172 2531 1187 2569 :
1225 2509 1463 2572 Dimitte
1497 2510 1718 2592 turbas,
1754 2523 1816 2573 ut
1838 2523 2051 2575 euntes

2145 1792 2227 1851 λοι
2260 1803 2413 1877 Θεοῦ,
2447 1796 2583 1852 οὕτω
2611 1795 2898 1876 διάγουσιν.

2230 1909 2257 1940 α
2294 1889 2389 1944 Καὶ
2444 1887 2868 1967 ὑποστρέψαντες
2947 1891 2993 1943 οἱ
3073 1887 3388 1963 ἀπόστολοι,
3467 1886 3799 1966 διηγήσαντο

2141 1977 2283 2050 αὐτῷ
2326 1976 2424 2032 ὅσα
2468 1976 2749 2044 ἐποίησαν,
2811 1975 2914 2037 Καὶ
2971 1976 3292 2056 παραλαϐὼν
3328 1979 3540 2051 αὖτοὺς,
3573 1980 3800 2060 δπεχώ-

2143 2088 2270 2144 ρησε
2300 2068 2419 2124 κατ’
2458 2067 2589 2125 ἰδίαν
2647 2070 2717 2133 εἰς
2760 2069 2924 2125 τόπον
2969 2067 3167 2146 ἔρημον
3201 2067 3412 2133 πόλεως
3465 2067 3802 2144 καλουμένης

2143 2155 2436 2223 Βηθσαϊδὰ,
2501 2159 2560 2215 Οἱ
2620 2155 2674 2212 δὲ
2718 2156 2877 2236 ὄχλοι
2921 2158 3158 2236 γνόντες,
3212 2157 3577 2225 ἠκολούθησαν
3627 2161 3804 2235 αὐτῷ,

2143 2249 2238 2303 Καὶ
2289 2244 2568 2322 δεξάμενος
2620 2246 2832 2321 αὐτοὺς,
2894 2246 3070 2303 ἐλάλει
3128 2250 3311 2312 αὒτοτς
3347 2250 3593 2319 περὶτῆς
3635 2249 3800 2326 βασι-

2137 2332 2282 2398 λείας
2340 2345 2447 2417 ,τοῦ
2498 2343 2629 2394 Θεοῦ
2664 2354 2677 2366 “
2735 2338 2824 2392 καὶ
2876 2338 2998 2400 τοὺς
3042 2338 3230 2416 χρείαν
3259 2336 3488 2417 ’ἔχοντας
3517 2339 3796 2416 θεραπείας

2135 2425 2271 2485 ἷᾶτο.
2337 2415 2399 2480 Ἠ
2444 2423 2497 2480 δὲ
2535 2427 2709 2504 ἡμέρα
2767 2423 2962 2503 ἤρξατο
3009 2415 3203 2482 κλίνειν
3239 2443 3253 2460 ⁸
3295 2415 3683 2503 προσελθόντες
3734 2427 3789 2483 δὲ

2095 2558 2102 2564 .
2134 2517 2181 2570 οἱ
2239 2512 2462 2595 δώδεκα,
2501 2515 2660 2571 εἶπον
2715 2514 2857 2587 αὒτῴ
2892 2533 2905 2548 ·
2949 2511 3243 2572 Ἀπόλυσον
3289 2517 3409 2580 τοὺς
3439 2514 3658 2596 ὄχλους,
3695 2517 3786 2574 ἵνα

399 2598 462 2658 in
492 2599 735 2661 castella
766 2598 1055 2680 villasque
1087 2598 1308 2660 vicinas
1339 2599 1656 2676 divertant,
1691 2604 1832 2662 555
1861 2611 1919 2664 et
1948 2603 2046 2664 in-

2136 2603 2445 2669 ἆπελθόντες
2505 2605 2575 2668 εἰς
2619 2604 2713 2666 τὰς
2769 2602 2947 2674 κύκλῳ
2997 2602 3184 2678 κώμας
3243 2605 3330 2659 καὶ
3386 2606 3504 2670 τοὺς
3561 2605 3773 2683 ἀγροὺς,

400 2688 633 2749 veniant
663 2707 848 2764 escas,
886 2689 1025 2768 quia
1054 2688 1150 2750 hic
1183 2688 1243 2749 in
1275 2689 1405 2750 loco
1431 2690 1664 2752 deserto
1697 2709 1923 2755 sumus.
1953 2695 2047 2754 Ait

2136 2692 2490 2772 καταλύσωσι,
2580 2694 2667 2748 καὶ
2725 2691 2942 2770 εὕρωσιν
3000 2691 3356 2766 ἐπισιτισμὸν,
3420 2692 3500 2748 ὅτι
3563 2693 3665 2750 ὦδε
3725 2695 3778 2752 ἐν

395 2785 594 2839 autem
627 2778 700 2839 ad
734 2779 868 2839 illos
902 2801 913 2837 :
965 2775 1082 2840 Ves
1111 2779 1245 2840 date
1276 2778 1394 2840 illis
1427 2780 1810 2844 manducare.
1847 2784 1923 2842 At
1958 2782 2046 2845 illi

2136 2781 2315 2861 ἐρήμῳ
2342 2783 2491 2856 τόπῳ
2523 2781 2702 2856 ἐσμέν.
2739 2781 2877 2836 Εἷπε
2903 2778 2956 2834 δὲ
2988 2781 3117 2858 πρὸς
3165 2781 3350 2844 αὐτούς
3385 2798 3399 2812 ⁸
3435 2781 3562 2836 Δότε
3596 2786 3779 2847 αὐτοῖς

395 2866 681 2930 dixerunt
722 2889 734 2930 :
786 2869 916 2930 Non
965 2875 1103 2928 sunt
1151 2867 1323 2929 nobis
1370 2868 1502 2950 plus
1553 2889 1727 2952 quam
1781 2871 2046 2952 quinque

2136 2873 2285 2947 ὕμεῖς
2329 2883 2542 2952 φαγεῖν,
2589 2872 2650 2928 Οἱ
2693 2867 2748 2926 δὲ
2794 2870 2952 2925 εἶπον
2988 2888 3003 2903 ⁸
3038 2872 3146 2926 Οὐκ
3175 2870 3302 2924 εἰσὶν
3346 2871 3480 2945 ἡμῖν
3510 2868 3700 2926 πλεῖον
3744 2875 3777 2939 ἢ

392 2976 599 3038 panes,
635 2966 692 3020 et
724 2958 841 3020 duo
874 2957 1090 3038 pisces,
1125 2958 1240 3018 nisi
1283 2977 1389 3019 nos
1437 2977 1644 3022 eamus
1687 2970 1745 3020 et
1775 2979 2044 3024 emamus

2136 2962 2283 3018 πέντε
2352 2961 2498 3040 ἄρτοι
2555 2962 2643 3016 καὶ
2722 2959 2902 3038 ἰχθύες
2976 2957 3086 3033 δύο,
3149 2959 3192 3014 εἷ
3251 2960 3380 3034 μήτι
3438 2959 3778 3037 πορευθέντες

390 3047 451 3107 in
483 3066 724 3110 omnem
758 3049 914 3110 hunc
946 3047 1229 3128 populum
1259 3065 1448 3111 escas.
1481 3047 1660 3110 Erant
1690 3057 1888 3111 autem
1921 3051 2046 3114 fere

2136 3051 2700 3130 ἡμεῖς,-ἆγοράσωμεν
2745 3049 2815 3112 εἰς
2874 3048 3045 3107 πάντα
3103 3048 3194 3103 τὸν
3239 3045 3367 3103 λαὸν
3398 3054 3578 3104 τοῦτον
3633 3049 3779 3127 βρώ-

391 3135 709 3217 quinquies
742 3136 926 3200 mille.
975 3136 1076 3199 Ait
1118 3150 1312 3198 autem
1358 3138 1431 3199 ad
1481 3137 1806 3219 discipulos
1849 3158 2038 3203 suos:

2136 3161 2292 3214 ματα,
2326 3128 2494 3196 Ἠάάν
2541 3139 2640 3218 γὰρ
2697 3137 2825 3192 ὼσεὶ
2874 3133 3054 3214 ἄνδρες
3111 3133 3573 3214 παντακισχίλιοι.
3639 3136 3779 3192 Εῒπε

389 3225 590 3288 Facite
613 3227 748 3288 illos
779 3225 1158 3289 discumbere
1180 3227 1240 3287 in
1275 3229 1510 3306 singulo
1542 3228 1844 3291 discubitu
1873 3230 2044 3310 quin-

2136 3225 2178 3283 δὲ
2236 3230 2367 3306 πρὸς
2428 3227 2547 3289 τοὺς
2609 3225 2850 3299 μαθητὰς
2907 3225 3064 3281 αὐτοῦ
3097 3243 3112 3261 ο
3178 3221 3542 3280 Κατακλίνατε
3591 3225 3777 3289 αὐτοὺς

385 3339 688 3400 quagenos
722 3341 734 3382 :
770 3329 948 3399 atque
977 3319 1057 3380 ita
1087 3319 1379 3396 fecerunt,
1425 3328 1484 3381 et
1530 3321 1800 3382 fecerunt
1829 3341 2040 3385 omnes

2136 3315 2329 3382 ιλισίας
2389 3317 2486 3372 ἀνὰ
2557 3315 2913 3385 πεντήκοντα.
2975 3313 3080 3371 Καὶ
3149 3312 3407 3379 ἐποίησαν
3463 3312 3625 3394 οὕτω,
3690 3317 3775 3371 καὶ

385 3409 789 3471 discumbere.
827 3409 1102 3491 Acceptis
1145 3410 1341 3490 itaque
1381 3411 1645 3490 quinque
1675 3410 1947 3491 panibus,
1982 3421 2039 3475 et

2136 3407 2397 3464 'wéxAtvatv
2428 3403 2689 3468 ἅπαντας.
2748 3401 2936 3459 Λαϐὼν
2995 3400 3050 3458 δὲ
3105 3402 3225 3466 τοῦς
3257 3400 3412 3458 πέντε
3444 3401 3630 3478 ἄρτους
3685 3406 3770 3460 καὶ

381 3498 618 3560 duobus
653 3496 934 3578 piscibus,
971 3497 1216 3558 sublatis
1248 3499 1306 3559 in
1351 3499 1564 3560 caelum
1599 3499 1806 3580 oculis,
1840 3500 2031 3563 bene-

383 3588 529 3649 dixit
584 3587 724 3664 illis,
758 3595 816 3648 et
875 3587 1072 3666 fregit,
1125 3587 1545 3668 distribuitque
1603 3588 1910 3669 discipulis
1969 3604 2032 3650 ut

378 3684 752 3757 apponerent
783 3674 989 3738 turbae.
1018 3675 1086 3736 Et
1108 3677 1498 3738 comederunt
1527 3697 1759 3759 omnes,
1793 3686 1852 3739 et
1880 3687 2023 3740 satu-

379 3771 491 3827 rati
520 3775 678 3828 sunt.
715 3764 787 3826 Et
836 3765 1132 3826 sublatum
1190 3774 1280 3826 est
1328 3767 1482 3847 quod
1545 3768 1839 3846 superfuit
1888 3767 2028 3850 illis,

379 3855 848 3934 fragmentorum
885 3855 1125 3934 cophini
1155 3854 1493 3916 duodecim.
1531 3876 1559 3915 ›
1617 3858 1680 3918 In
1727 3857 2029 3918 desertum

381 3946 577 4007 locum
611 3943 734 4006 abit
767 3946 961 4019 Jesus,
996 3944 1276 4025 quoniam
1310 3944 1661 4006 miraculum
1699 3965 1915 4026 panum
1947 3947 2029 4008 ibi

380 4035 643 4097 facturus
666 4043 809 4107 erat,
847 4042 910 4095 ut
955 4053 1030 4095 ne
1077 4035 1208 4115 quis
1242 4035 1446 4096 dieere
1498 4035 1705 4114 possit,
1749 4035 2028 4116 quoniam

379 4143 566 4206 prope
619 4125 798 4188 fuerit
850 4125 1061 4186 civitas
1121 4124 1279 4186 unde
1337 4142 1519 4203 panes
1576 4124 1762 4187 allati.
1821 4125 2032 4187 Docuit

2117 3497 2238 3562 τοὺς
2298 3493 2386 3552 δύο
2445 3495 2657 3574 ἰχθύας,
2715 3490 3015 3568 ἀναϐλέψας
3063 3493 3136 3558 εἰς
3185 3491 3276 3548 τὸν
3307 3493 3547 3570 οὐρανὸν,
3608 3491 3764 3549 εὐλό-

2116 3608 2281 3665 γησεν
2337 3588 2544 3658 αὐτούς,
2606 3584 2695 3640 καὶ
2749 3581 3069 3658 κατέκλασε,
3121 3583 3209 3639 καὶ
3240 3579 3402 3638 ἐδίδου
3431 3583 3549 3647 τοῖς
3584 3585 3761 3658 μαθη-

2116 3689 2237 3738 ταῖς
2294 3672 2632 3753 παρατιθέναι
2687 3678 2766 3746 τῷ
2795 3669 2971 3751 ὄχλῳ,
3018 3672 3107 3728 καὶ
3151 3669 3367 3751 ἔφαγον,
3413 3674 3501 3728 καὶ
3532 3671 3762 3752 ἒχορτά-

2116 3769 2313 3833 σθησαν
2373 3763 2590 3837 πάντες,
2655 3762 2743 3817 καὶ
2814 3760 2946 3840 ἤρθη
3021 3763 3082 3817 τὸ
3155 3767 3500 3840 περισσεῦσαν
3555 3761 3759 3836 αὒτοτς,

2114 3855 2434 3930 κλασμάτων
2519 3852 2724 3932 κόφινοι
2783 3848 3005 3910 δώδεκα.
3071 3874 3098 3906 »
3178 3852 3266 3914 Εἷς
3337 3849 3535 3930 ἔρημον
3603 3853 3766 3909 τόπον

2114 3941 2320 3999 ἄπεισιν
2378 3945 2403 3998 ὃ
2464 3938 2692 4017 Ἰησοῦς,
2745 3937 2927 4006 ἐπειδὴ
2984 3939 3046 3994 τὰ
3102 3944 3206 3995 τῶν
3267 3938 3436 4018 ἄρτων
3467 3944 3639 4016 θαῦμα
3668 3963 3763 3997 τε·-

2114 4031 2262 4089 λέσαι
2321 4028 2511 4106 ἔμελλε
2526 4055 2564 4104 δ,
2597 4029 2688 4085 ἵνα
2743 4029 2820 4102 μὴ
2873 4028 2994 4108 ἔχοι
3026 4051 3107 4092 τις
3138 4027 3336 4108 λέγειν,
3371 4027 3451 4085 ὅτι
3484 4029 3638 4108 ἐγγὺς
3667 4029 3760 4086 οὕ-

2113 4144 2212 4190 σης
2243 4120 2474 4192 πόλεως,
2515 4119 2716 4175 ἐκεῖθεν
2759 4115 2904 4198 ἄρτοι
2945 4118 3275 4197 ἠνέχθησαν.
3334 4116 3626 4194 Δεξάμενος
3672 4122 3761 4177 οὖν

375 4225 572 4276 autem
608 4215 811 4276 turbas
843 4224 901 4276 et
930 4215 1154 4276 sanavit
1189 4235 1202 4278 :
1252 4223 1314 4276 ut
1364 4226 1424 4277 tu
1472 4215 1667 4277 discas
1699 4216 1854 4295 quod
1887 4216 2024 4296 phi-

2136 4213 2232 4276 ῖοὺς
2289 4210 2511 4290 ὄχλους,
2563 4206 2801 4264 ὶδιδασκέ
2849 4228 2904 4262 τε
2934 4210 3024 4263 καὶ
3054 4207 3385 4296 ἐθεράπευεν,
3419 4208 3510 4264 ἵνα
3540 4211 3601 4266 σὺ
3645 4211 3757 4282 μά-

377 4305 649 4386 losophia
685 4315 888 4366 nostra
931 4304 1109 4366 verbo
1142 4314 1197 4367 et
1229 4323 1408 4386 opere
1440 4312 1692 4374 constet,
1717 4292 1792 4366 iet
1835 4292 2026 4385 neque

2137 4325 2229 4378 ης,
2291 4299 2369 4356 ὅτι
2420 4302 2454 4367 ἡ
2499 4296 2615 4354 καθ’
2663 4299 2806 4386 ἡμᾷς
2878 4295 3158 4386 φιλοσοφία
3218 4295 3363 4376 λόγῳ
3418 4300 3505 4355 καὶ
3575 4297 3755 4379 πράξει

377 4385 635 4455 dicenda
664 4393 782 4454 sint
811 4411 943 4474 qua)
974 4394 1170 4455 facere
1196 4385 1314 4455 non
1347 4394 1504 4468 licet,
1533 4412 1728 4474 neque
1758 4393 2024 4456 facienda

2136 4393 2398 4470 ιερίζεται,
2445 4389 2532 4444 καὶ
2576 4385 2694 4443 οὕτε
2752 4385 2836 4443 δεῖ
2888 4385 3061 4465 λέγειν
3112 4385 3378 4468 ἄπρακτα,
3409 4387 3527 4445 οὕτε
3579 4390 3753 4467 πράτ-

376 4502 510 4564 qua:
541 4484 704 4566 dictu
736 4473 1020 4546 absurda.
1054 4482 1381 4545 Inclinante
1404 4494 1605 4545 autem
1632 4473 1731 4552 die
1750 4483 2026 4564 discipuli

2140 4502 2215 4536 ειν
2259 4477 2450 4557 ἄλογα,
2512 4475 2813 4566 Κλινοῦσης
2857 4473 2911 4566 δὲ
2981 4477 3077 4543 τῆς
3123 4476 3368 4566 ᾗμέρας,
3419 4480 3465 4533 οἱ
3524 4481 3756 4554 μαθηταὶ

377 4564 735 4653 incipientes
762 4572 892 4634 fieri
922 4574 1306 4635 humaniores
1331 4581 1388 4634 et
1417 4572 1825 4648 ofﬁciosiores,
1853 4573 2029 4635 mise-

2136 4568 2598 4648 ιιλανθρωπότερον
2645 4564 2748 4634 ἤδη
2794 4564 3073 4644 ἀρξάμενοι
3123 4564 3276 4645 ἔχειν
3321 4569 3407 4623 καὶ
3463 4589 3753 4643 ποιμαντι-

2109 4660 2365 4739 κώτερον,
2413 4655 2688 4713 κατελοῦσι
2733 4655 2854 4718 τοὺς
2899 4653 3120 4734 ὄχλους,
3165 4657 3255 4712 καί
3311 4678 3469 4736 φασιν
3507 4676 3520 4690 ’
3583 4655 3752 4714 Ἀπό-

374 4672 588 4724 rentur
634 4662 845 4745 turbis,
880 4671 939 4725 et
981 4663 1188 4724 dicunt
1223 4685 1234 4721 :
1289 4663 1530 4724 Dimitte
1572 4680 1697 4734 eas,
1753 4663 1860 4722 hoc
1907 4671 2019 4741 est,

2108 4748 2264 4806 λυσον
2323 4747 2535 4825 αὐτοὺς,
2618 4744 2880 4824 τουτέστι,
2962 4745 3279 4824 θεράπευσον
3332 4746 3428 4809 τὰς
3487 4746 3752 4812 ἀσθενείας

373 4770 512 4812 sana
544 4752 714 4814 citius
745 4751 1120 4813 infirmitates
1165 4753 1429 4826 illorum,
1484 4752 1667 4831 imple
1710 4751 2025 4832 petitiones

372 4839 631 4903 illorum.
690 4840 979 4904 Dominus
1019 4853 1216 4902 autem
1266 4841 1338 4901 ad
1383 4839 1707 4920 discipulos
1760 4839 1967 4902 dicens
2007 4863 2019 4903 :

367 4928 510 4992 Date
540 4930 658 4993 illis
693 4949 792 4992 vos
823 4930 979 5011 quod
1034 4930 1231 4999 edant,
1267 4948 1386 4994 non
1441 4931 1721 5010 ignorans
1751 4928 2019 5010 discipu-

365 5019 563 5082 lorum
610 5021 868 5102 inopiam
914 5021 1027 5082 hoc
1074 5020 1237 5101 dicit,
1284 5020 1388 5081 sed
1441 5019 1686 5082 incitare
1726 5018 1929 5080 volens
1958 5029 2021 5082 ut

2106 4841 2275 4896 αὐτῶν
2317 4838 2533 4917 τάχιον.
2595 4833 2884 4911 Πλήρωσον
2934 4835 3028 4898 τὰς
3073 4836 3307 4906 αἰτήσεις
3353 4835 3549 4896 αὒτῶν.
3585 4827 3642 4894 ’0
3697 4834 3747 4891 δέ

2109 4930 2292 5009 Κύριος
2325 4928 2451 5006 πρὸς
2482 4926 2603 4989 τοὺς
2654 4925 2894 5000 μαθητὰς
2946 4923 3117 5003 λέγων
3150 4943 3164 4957 ’
3220 4926 3349 4982 Δότε
3381 4925 3562 4989 αὐτοῖς
3593 4927 3747 5002 ὑμεῖς

2104 5031 2319 5099 φαγεῖν,
2385 5018 2488 5096 οὔχ
2531 5017 2604 5078 ὡς
2661 5014 2866 5092 ἀγνοῶν
2921 5014 3020 5080 τὴν
3076 5014 3299 5093 ἀπορίαν
3355 5017 3535 5096 φησὶν,
3611 5013 3746 5072 ἀλλᾶ

367 5110 566 5172 dicant
594 5119 736 5191 quot
769 5129 954 5190 panes
991 5108 1102 5170 sibi
1131 5111 1274 5184 sint,
1311 5117 1374 5170 ut
1403 5109 1487 5170 sic
1519 5118 2020 5170 commonstretur

2136 5107 2419 5184 ουλόμενος
2475 5103 2830 5183 παρακινῆσαι
2884 5104 3094 5178 αὐτοὺς,
3141 5103 3233 5160 ’ίνα
3278 5102 3496 5185 εἴπωσι,
3549 5106 3745 5170 πόσους

366 5199 720 5261 miraculum
757 5201 967 5280 majus,
1003 5198 1407 5260 indicantibus
1435 5198 1557 5261 illis
1585 5198 1778 5278 palam
1811 5217 2016 5260 nume-

2136 5219 2283 5277 ρτους
2328 5196 2539 5274 ἔχουσι,
2582 5195 2668 5252 καὶ
2708 5191 2845 5249 οὕτω
2888 5191 3075 5273 δειχθῇ
3116 5195 3177 5250 τὸ
3231 5197 3404 5270 θαῦμα
3468 5195 3630 5274 μέγα,
3682 5197 3743 5251 ὲκ

361 5307 491 5349 rum
527 5307 768 5369 panum.
796 5279 959 5360 Quod
985 5298 1177 5349 autem
1206 5288 1577 5363 dicit,Facite
1601 5288 1734 5349 illos
1756 5287 2014 5350 discum-

2136 5293 2195 5356 ἧς
2229 5284 2511 5363 ὁμολογίας
2556 5282 2794 5355 ἐκείνων,
2842 5279 3143 5362 δειχθείσης
3179 5287 3277 5350 τῆς
3307 5285 3606 5351 ποπότητος
3636 5290 3746 5341 τῶν

366 5376 509 5441 bere
538 5379 597 5438 in
631 5377 866 5457 singulo
907 5376 1208 5439 discubitu
1257 5377 1702 5458 quinquaginta,
1755 5379 2012 5441 ostendit

2136 5399 2290 5457 ρτων.
2353 5375 2424 5431 Τὸ
2454 5372 2531 5447 δὲ,
2570 5369 2933 5458 Κατακλίνατε
2992 5371 3179 5436 αὐτοὺς
3222 5371 3432 5439 κλισίας
3476 5374 3573 5430 ἀνά
3608 5395 3743 5431 πεν-

359 5466 516 5548 quod
547 5476 816 5548 oporteat
842 5467 1017 5530 etiam
1050 5486 1158 5528 nos
1198 5457 1436 5548 quando
1465 5467 1723 5548 aliquem
1754 5467 2010 5547 hospitio

2136 5470 2357 5538 ἥκοντα,
2403 5462 2657 5520 δείκνυσιν
2688 5461 2770 5517 ὅτι
2801 5457 2885 5518 δεῖ
2927 5464 3094 5538 ἡμᾶς,
3127 5460 3252 5519 ὅταν
3297 5463 3412 5519 τινὰ
3443 5461 3745 5544 ξενοδοχῶ-

365 5556 719 5636 excipimus,
755 5566 812 5618 et
843 5557 1036 5620 facere
1067 5559 1255 5637 ipsum
1284 5556 1658 5631 recumbere,
1693 5562 1753 5617 et
1783 5556 1841 5616 in
1873 5574 2006 5618 eum

2138 5579 2213 5633 εν,
2275 5556 2362 5614 καὶ
2419 5551 2754 5611 κατακλίνειν
2822 5551 3003 5632 αὐτόν,
3075 5553 3163 5608 καὶ
3219 5553 3397 5621 πάσης
3442 5553 3749 5632 ἱπιμελείας

355 5645 656 5709 officiosos
709 5663 864 5707 esse.
937 5643 1123 5708 Porro
1196 5645 1574 5725 suspiciendo
1630 5645 1692 5706 in
1765 5643 2002 5726 coelum,

2136 5649 2290 5715 Ξιοῢν.
2351 5637 2666 5702 Ἀναϐλέπει
2718 5639 2771 5696 δὲ
2821 5641 2894 5706 εἷς
2940 5643 3031 5700 τὸν
3061 5643 3298 5721 οὐρανὸν,
3331 5639 3579 5700 δεικνύων
3608 5645 3748 5718 ἡμῖν
