4132 6278
458 418 581 485 819

1347 423 1943 485 THEOPHYLACTI
1986 424 2398 487 BULGARL/E
2420 425 2777 489 ARCHIEP.

3732 432 3853 497 820

436 555 738 622 Ostendit
783 558 979 637 itaque
1007 556 1164 637 quod
1212 554 1262 617 si
1293 555 1426 637 quis
1472 554 1722 617 voluerit
1770 555 1900 635 ejus
1931 553 2103 615 disci-

2200 557 2281 613 ὅτι
2325 557 2500 624 εἴτις
2559 558 2696 617 θέλει
2754 563 3001 635 μαθητὴς
3068 566 3225 621 αὐτού
3290 565 3456 640 εἶναι,
3505 564 3862 635 ἀποθνήσκειν

460 645 633 727 pulus
661 664 821 721 esse,
870 645 1020 707 mori
1064 644 1246 707 debet
1287 664 1403 707 non
1448 644 1707 723 gloriosa
1758 653 1971 711 morte:
2006 644 2112 706 sed

457 734 914 815 contemptibili,
949 743 1007 796 et
1036 735 1186 796 sicut
1216 735 1648 796 condemnatus
1698 734 1912 796 occidi.
1948 734 2111 807 Quo-

457 825 615 887 niam
639 832 833 886 autem
867 824 1035 887 multi
1066 824 1463 903 ignominiosa
1507 831 1699 885 morte
1733 824 2109 898 occiduntur,

458 918 564 980 sed
617 917 767 980 sicut
838 919 1099 981 latrones
1148 935 1216 978 ac
1289 917 1732 992 malefactores,
1795 925 2111 999 propterea

458 1009 661 1090 adjicit
685 1010 819 1090 hoc,
856 1018 912 1071 et
942 1016 1225 1091 sequatur
1258 1028 1376 1084 me,
1412 1009 1525 1070 hoc
1567 1014 1685 1083 est,
1719 1027 1956 1071 omnem
1988 1009 2110 1069 vir-

459 1110 641 1163 tutem
676 1110 968 1164 exerceat.
1016 1102 1127 1173 Qui
1160 1100 1319 1164 enim
1354 1100 1611 1163 voluerit
1651 1100 1909 1162 animam
1943 1119 2109 1163 suam

458 1209 716 1266 servare,
753 1192 959 1271 perdet
987 1191 1173 1265 illam,
1212 1192 1323 1252 hoc
1352 1198 1462 1266 est,
1496 1190 1597 1270 qui
1629 1190 1881 1253 voluerit
1918 1190 2114 1253 vivere

450 1280 620 1359 juxta
664 1280 975 1355 mundum,
1034 1279 1131 1342 hic
1188 1279 1407 1341 occidit
1462 1280 1745 1341 animam.
1800 1278 2112 1341 Erubescit

456 1367 757 1431 Christum
793 1370 895 1450 qui
922 1369 1110 1432 dicit:
1168 1369 1478 1442 Quomodo
1510 1369 1748 1430 credam
1797 1367 1858 1429 in
1906 1369 2107 1430 cruci-

458 1458 637 1519 ﬁxum
672 1466 730 1519 et
758 1459 998 1520 illusum
1030 1458 1266 1520 Deum?
1296 1467 1355 1518 et
1396 1475 1708 1520 sermones
1757 1458 1919 1520 illius
1964 1477 2107 1519 eru-

457 1545 667 1629 bescit,
703 1547 803 1629 qui
832 1547 1130 1626 Evangelii
1160 1547 1598 1628 simplicitatem
1632 1547 1847 1608 irridet
1878 1568 1890 1607 :
1933 1547 2107 1608 talem

456 1645 653 1699 autem
683 1635 998 1699 erubescet
1053 1644 1109 1698 et
1157 1636 1447 1700 Dominus
1482 1636 1542 1696 in
1590 1636 1775 1715 gloria
1823 1654 1950 1706 sua,
1998 1637 2110 1699 hoc

457 1732 568 1806 est,
602 1724 662 1785 in
696 1725 958 1786 secundo
989 1724 1269 1787 adventu.
1317 1724 1483 1796 Quod
1518 1734 1716 1786 autem
1750 1725 1917 1799 dicit,
1948 1726 2108 1787 hunc

2199 646 2395 726 ὀφείλει
2456 648 2549 705 οὒκ
2595 648 2799 715 ἔνδοξον
2861 651 3109 723 θάνατον,
3176 652 3294 709 ἀλλ’
3347 652 3723 727 ἐπονείδιστον,
3784 657 3859 719 ὡς

2196 738 2508 817 κατάκριτος
2540 740 2921 819 φονευόμενος.
2983 741 3134 799 Ἐπεὶ
3192 742 3246 800 δὲ
3303 742 3491 801 πολλοὶ
3548 746 3857 825 φονεύονται

2197 826 2292 902 μὲν
2334 827 2726 906 ἐπονειδίστως,
2776 830 2895 891 ἀλλ’
2945 834 3018 896 ὡς
3061 832 3251 909 λῃσταὶ
3300 834 3388 889 καὶ
3420 835 3723 907 κακοποιοὶ,
3769 833 3855 891 διά

2194 919 2347 973 τοῦτο
2391 919 2685 997 προσέθηκε
2749 922 2833 1000 τὸ,
2898 923 2996 979 Καὶ
3040 922 3372 1000 ἀκολουθείτο
3418 947 3533 998 μοι,
3579 922 3847 999 τουτέστι,

2194 1013 2365 1063 πᾶσαν
2411 994 2600 1086 ἀρετὴν
2633 994 2999 1090 μετερχίέσθω,
3056 994 3165 1076 μΟς
3214 1013 3313 1091 γὰρ
3346 994 3565 1089 ὀὲν-θέλῃ
3610 1014 3707 1078 τὴν
3740 994 3851 1087 vim;

2195 1097 2305 1176 χὴν
2363 1098 2518 1157 αὑτοῦ
2562 1097 2752 1172 σῶσαι,
2787 1098 3037 1156 ἀπολέσει
3086 1102 3269 1175 αὐτὴν,
3318 1102 3608 1182 τουτέστιν,
3668 1102 3726 1164 ες
3788 1100 3853 1157 ἂν

2194 1185 2320 1265 θέλῃ
2376 1187 2531 1257 ζῆσαι
2585 1189 2722 1244 κατά
2779 1190 3004 1266 κόσμον,
3086 1193 3236 1255 οὗτος
3314 1191 3662 1247 ἀποθανεῖται
3713 1191 3852 1247 κατά

2193 1277 2397 1355 ψυχήν.
2465 1275 2882 1356 Ἐπαισχύνεται
2935 1278 2989 1335 δὲ
3033 1280 3123 1335 τὸν
3160 1282 3408 1358 Χριστὸν,
3443 1283 3469 1336 6
3500 1278 3693 1358 λέγων,
3741 1278 3847 1349 ὅτι1

2193 1366 2313 1427 Πῶς
2372 1366 2637 1422 πιστεύσω
2693 1366 3077 1443 ἐσταυρωμένῳ
3127 1376 3243 1443 Θεῷ
3307 1370 3395 1425 καὶ
3437 1368 3850 1448 ἐμπαιχθέντι;

2191 1453 2326 1510 ἀλλά
2380 1456 2466 1511 καὶ
2524 1457 2646 1520 τοὺς
2692 1456 2853 1514 αὐτοῦ
2895 1456 3086 1535 λόγους
3132 1458 3536 1539 ἐπαισχύνεται,
3574 1457 3729 1524 ὂτὴν
3760 1466 3856 1517 τοῦ

2195 1543 2251 1600 Εο’
2402 1542 2455 1599 λ’
2562 1542 2609 1600 ἰδ
2712 1546 2756 1601 -ί
2876 1544 2905 1600 δ
3008 1547 3020 1567 ’
3352 1555 3406 1580 ὀ
3558 1547 3585 1568 "
3684 1548 3695 1566 ‘

2241 1565 2399 1621 )αγγε
2439 1566 2515 1601 ιου
2612 1567 2735 1601 ιωτι
2760 1568 2821 1602 αν
2908 1568 3154 1624 ιασυρων.
3220 1557 3466 1605 Τοιουυον
3527 1570 3616 1605 ουν
3687 1568 3853 1602 επαι-

2193 1636 2548 1712 σχυνθήσεται
2608 1636 2635 1690 ὁ
2682 1636 2865 1711 Κύριος
2922 1635 2983 1714 ἐν.
3038 1643 3107 1712 τῇ
3170 1635 3294 1714 δόξῃ
3341 1640 3517 1711 αὖτοῦ,
3582 1634 3850 1708 τουτέστι,

2189 1726 2257 1796 τῇ
2314 1719 2527 1801 δευτέρᾳ
2594 1725 2875 1802 παρουσίᾳ,
2948 1707 3025 1783 οἱΟ
3086 1723 3140 1781 δὲ
3183 1723 3329 1803 λέγει
3394 1725 3629 1783 τοιοῦτόν
3660 1723 3848 1779 ἔστιν·

456 1832 699 1878 sensum
733 1814 955 1876 habet:
998 1814 1153 1874 sicut
1182 1812 1233 1875 si
1277 1813 1412 1894 quis
1460 1814 1883 1893 paterfamilias
1933 1815 2103 1877 habet

2190 1809 2399 1890 ’Ὥσπερ
2456 1810 2543 1867 ἐάν
2597 1834 2676 1876 τις
2733 1811 3116 1881 οἰκοδεσπότης
3176 1814 3283 1895 ἔχῃ
3346 1813 3529 1871 δοῧλον
3584 1813 3849 1891 πονηρὸν,

456 1922 692 1967 servum
720 1904 966 1983 malum,
999 1902 1297 1965 erubescit
1328 1904 1639 1965 nominare
1669 1904 1838 1966 illum
1869 1923 2103 1966 servum

454 1992 790 2076 proprium,
822 1991 903 2053 ita
924 2000 981 2053 et
1008 2012 1141 2073 ego,
1178 1992 1392 2074 inquit,
1419 1992 1765 2054 erubescam
1799 1993 2109 2055 nominare

456 2100 688 2144 servum
723 2100 919 2144 meum
976 2100 1108 2142 eum
1141 2081 1242 2161 qui
1274 2080 1656 2160 abnegaverit
1701 2100 1820 2143 me.
1859 2081 1928 2142 Et
1974 2081 2110 2163 quia

455 2190 637 2252 supra
668 2171 813 2233 dixit
851 2191 866 2231 :
922 2169 1035 2242 Qui
1084 2170 1281 2250 perdit
1328 2172 1585 2231 animam
1639 2188 1829 2245 suam,
1863 2171 2110 2235 salvabit

455 2258 617 2322 illam
646 2280 661 2320 :
695 2259 901 2320 volens
941 2268 1273 2319 monstrare
1306 2276 1578 2339 quamam
1614 2256 1772 2320 bona
1804 2260 1950 2321 tales
1982 2280 2109 2322 meo

454 2357 719 2425 reantur,
764 2348 909 2410 dicit
942 2369 954 2410 :
1009 2347 1160 2409 Sunt
1187 2346 1329 2409 335
1359 2347 1599 2427 quidam
1637 2366 1705 2409 ex
1736 2348 1830 2409 his
1874 2351 1971 2430 qui
2013 2349 2111 2412 hic

456 2448 614 2516 sunt,
651 2439 750 2520 qui
801 2458 917 2499 non
951 2438 1287 2499 morientur
1326 2438 1519 2501 donec
1565 2438 1817 2501 viderint
1858 2458 2105 2518 regnum

454 2529 588 2609 Dei,
627 2530 741 2591 hoc
793 2536 903 2602 est,
938 2527 1210 2607 gloriam,
1245 2529 1302 2589 in
1355 2546 1471 2607 qua
1518 2527 1699 2589 futuri
1751 2536 1885 2589 sunt
1932 2529 2103 2608 justi.

453 2619 580 2682 Hoc
605 2626 799 2680 autem
832 2616 978 2678 dixit
1009 2617 1084 2677 de
1122 2616 1642 2694 transﬁguralione
1674 2634 1801 2678 sua.
1836 2616 2103 2679 Transﬁ-

455 2711 684 2789 guratio
721 2707 881 2769 enim
931 2707 1121 2784 ﬁgura
1162 2705 1270 2765 fuit
1318 2704 1528 2766 futura:
1570 2705 1771 2782 gloriae
1806 2724 1818 2768 :
1872 2714 1930 2767 et
1955 2708 2107 2769 sicut

453 2797 519 2859 in
548 2798 658 2859 hac
687 2798 859 2859 Jesus
893 2794 1246 2855 mirabiliter
1283 2793 1619 2872 fulguravit,
1655 2794 1735 2855 ita
1764 2795 1888 2874 pari
1918 2795 2107 2858 forma

455 2897 594 2949 tunc
625 2895 683 2948 et
704 2885 848 2966 justi
881 2884 1213 2963 fulgebunt.
1241 2882 1387 2946 Sunt
1417 2883 1591 2961 igitur
1615 2884 2100 2966 quidam,inquit,

448 2980 732 3051 Joannes,
765 2973 1022 3037 Jacobus
1053 2980 1112 3035 et
1144 2976 1377 3046 Petrus,
1422 2973 1524 3054 qui
1572 2992 1690 3034 non
1732 2992 2107 3055 praeoccupa.

450 3066 671 3129 buntur
703 3074 912 3139 morte,
948 3064 1140 3126 donec
1172 3063 1427 3125 viderint
1459 3064 1519 3123 iu
1557 3081 1674 3144 qua
1703 3064 1890 3143 gloria
1920 3063 2104 3126 futuri

451 3164 591 3219 sunt
620 3155 720 3237 qui
745 3173 841 3216 me
870 3131 1249 3216 conﬁtentur.
1296 3131 1596 3215 Viderunt
1641 3131 1836 3215 auvtem
1885 3155 1994 3215 hoc
2040 3131 2163 3216 inC

450 3244 989 3325 transﬁguratione.

529 3333 713 3397 Vsns.
749 3333 992 3397 28-364
1016 3333 1259 3395 Factum
1287 3338 1374 3394 est
1396 3340 1595 3393 autem
1622 3338 1755 3412 post
1775 3332 1901 3394 haec
1924 3332 2102 3395 verba

446 3424 573 3489 fere
603 3422 816 3484 diebus
837 3431 992 3498 octo,
1018 3428 1076 3482 et
1104 3423 1429 3501 assumpsit
1456 3423 1693 3483 Petrnm
1723 3428 1779 3483 et
1810 3423 2098 3484 Joannem

450 3519 509 3575 et
534 3511 848 3579 Jacobum.
883 3518 941 3572 et
967 3510 1238 3572 ascendit
1268 3510 1327 3571 in
1366 3518 1627 3571 montem
1660 3517 1724 3571 ut
1755 3519 1974 3572 oraret.
2028 3513 2103 3577 Et

447 3602 602 3664 facta
630 3608 741 3677 est,
777 3600 916 3662 dum
950 3607 1168 3676 oraret,
1204 3601 1437 3681 species
1476 3600 1670 3662 vultus
1718 3601 1848 3680 ejus
1875 3600 2009 3682 alia,
2045 3608 2104 3663 et

448 3690 693 3753 vestitus
721 3690 852 3770 ejus
875 3687 1048 3750 albus
1091 3701 1152 3749 et
1198 3688 1521 3768 refulgens.
1557 3688 1629 3750 Et
1677 3707 1818 3751 ecce
1848 3690 1965 3751 duo
1997 3691 2102 3751 viri

448 3777 843 3860 loquebantur
872 3796 1006 3839 cum
1056 3776 1185 3852 illo,
1219 3779 1316 3858 qui
1367 3787 1538 3840 erant
1586 3781 1775 3840 Moses
1827 3788 1883 3839 et
1915 3779 2100 3852 Elius,

449 3869 551 3952 qui
579 3868 689 3931 visi
714 3867 777 3929 in
799 3868 1104 3948 majestate
1129 3866 1408 3930 dicebant
1436 3886 1746 3930 excessum
1773 3869 1901 3948 ejus
1924 3888 2100 3951 quem

446 3958 851 4040 completurus
872 3959 1237 4021 erat.Petrus
1260 3976 1398 4019 vero
1424 3966 1481 4020 et
1501 3960 1600 4039 qui
1625 3977 1755 4019 cum
1782 3959 1883 4020 illo
1908 3968 2095 4034 erant,

445 4046 667 4130 gravati
696 4054 864 4109 erant
897 4064 1133 4110 somno.
1188 4045 1531 4127 Experrecti
1581 4056 1779 4110 autem
1825 4048 2104 4110 viderunt

446 4138 820 4219 majestatem
855 4136 1007 4217 ejus,
1041 4148 1098 4197 et
1146 4135 1297 4197 duos
1347 4136 1500 4199 viros
1550 4136 1649 4217 qui
1689 4143 1927 4199 stabant
1962 4155 2098 4202 cum

445 4227 573 4291 illo.
605 4228 684 4291 Et
726 4226 943 4288 factum
995 4233 1084 4288 est
1132 4243 1266 4287 cum
1317 4224 1696 4288 discederent
1742 4224 1817 4288 ab
1861 4226 1989 4304 illo,
2022 4227 2104 4289 ait

444 4319 656 4380 Petrus
687 4316 759 4378 ad
793 4317 1016 4397 Iesum,
1066 4316 1425 4396 Praeceptor,
1480 4315 1703 4378 bonum
1751 4322 1840 4378 est
1868 4335 1978 4377 nos
2005 4312 2105 4379 liic

443 4424 597 4482 esse,
629 4414 687 4467 et
715 4405 1002 4469 faciamus
1046 4404 1159 4468 tria
1205 4405 1588 4467 tabernacula
1625 4424 1807 4467 unum
1859 4404 1986 4482 tibi,
2044 4414 2101 4468 et

441 4475 625 4559 unum
658 4497 829 4573 Mosi,
857 4504 914 4559 et
943 4514 1129 4558 unum
1160 4495 1324 4573 Elian,
1362 4495 1642 4559 nesciens
1665 4494 1804 4577 quid
1840 4475 2094 4560 diceret.
2121 4475 2165 4525 Β

438 4589 577 4652 Haec
596 4596 793 4651 autem
818 4588 1214 4670 illoloquente
1233 4589 1384 4652 facta
1417 4597 1509 4653 est
1537 4587 1751 4665 nubes,
1794 4596 1851 4650 et
1882 4588 2096 4651 obum-

439 4678 633 4741 bravit
661 4696 787 4741 eos.
840 4676 1197 4742 Timuerunt
1226 4687 1424 4742 autem
1469 4676 1833 4740 intrantibus
1872 4677 1991 4739 illis
2036 4681 2095 4741 in

437 4767 659 4831 nubem
691 4789 705 4832 :
740 4776 801 4830 et
828 4786 936 4830 vox
968 4768 1119 4830 facta
1145 4774 1234 4831 est
1258 4768 1334 4831 de
1364 4767 1547 4843 nube,
1581 4768 1793 4829 dicens
1828 4785 1841 4830 :
1872 4765 1981 4829 Hic
2004 4777 2097 4830 est

435 4857 620 4921 Filius
652 4876 819 4920 meus
849 4858 1122 4931 dilectus,
1156 4858 1351 4939 ipsum
1384 4857 1610 4920 audite.
1645 4856 1717 4917 Et
1747 4856 1886 4917 dum
1921 4856 2095 4920 ﬁeret

434 4965 566 5024 vox,
593 4946 867 5010 inventus
892 4953 983 5009 est
1017 4949 1190 5009 .lesus
1219 4947 1404 5029 solus,
1442 4954 1500 5009 et
1530 4945 1642 5027 ipsi
1670 4952 2004 5027 tacuerunt,
2037 4955 2096 5009 et

436 5036 659 5099 nemini
690 5036 969 5099 dixerunt
1004 5037 1064 5099 in
1096 5036 1213 5098 illis
1260 5035 1471 5099 diebus
1526 5033 1850 5117 quidquam
1888 5053 1955 5096 ex
2003 5036 2098 5099 bis

434 5145 565 5209 quae
592 5126 888 5190 viderant.
927 5151 954 5182 »
993 5127 1306 5190 Matthaeus
1337 5125 1483 5188 dicit
1513 5143 1617 5187 sex
1651 5123 1783 5186 dies
1808 5125 2094 5189 transisse

432 5223 565 5299 post
594 5235 904 5280 sermones
932 5216 1064 5298 hos,
1119 5220 1181 5280 et
1230 5224 1369 5279 tunc
1417 5218 1618 5280 Iesum
1654 5212 2000 5276 ascendisse
2031 5216 2093 5279 in

433 5315 717 5370 montem.
749 5306 940 5369 Lucas
969 5315 1166 5369 autem
1203 5306 1348 5369 dicit
1397 5314 1530 5369 octo
1582 5303 1891 5366 transisse.
1944 5302 2090 5367 Nam

428 5396 531 5459 ille
560 5397 714 5459 solas
746 5395 876 5459 dies
898 5394 1288 5460 intermedias
1314 5395 1501 5457 dicit:
1539 5394 1725 5456 Lucas
1750 5399 1945 5454 autem
1972 5412 2091 5456 non

426 5484 816 5550 intermedias
849 5486 1029 5561 solas,
1062 5485 1168 5549 sed
1206 5494 1265 5547 et
1294 5486 1452 5549 diem
1487 5501 1602 5566 qua
1632 5481 1776 5545 dicti
1803 5489 2090 5546 suntser-

427 5592 638 5637 mones
667 5574 777 5650 illi,
810 5585 872 5639 et
917 5574 1076 5636 diem
1126 5594 1241 5657 qua
1288 5574 1441 5638 facta
1485 5582 1578 5637 est
1620 5571 2082 5650 transﬁguratio.

421 5662 760 5753 Assumpsit
800 5670 999 5727 autem
1052 5671 1170 5726 tres
1220 5663 1381 5726 solos
1416 5684 1429 5725 :
1482 5666 1746 5738 Petrum,
1783 5666 1988 5753 utpote
2018 5681 2084 5727 se

2188 5668 2224 5735 Ξ)
2254 5671 2420 5748 μόνας
2476 5672 2680 5752 ἡμέρας
2736 5672 2930 5753 λέγει’

2192 1901 2499 1979 αἰσχύνεται
2549 1902 2807 1975 ὀνομάσαι
2854 1911 3038 1960 τοῦτον
3088 1902 3272 1961 δοῦλον
3303 1906 3523 1979 οἰκεῖον,
3574 1903 3711 1961 οὕτω
3757 1903 3854 1958 καὶ

2191 1990 2321 2070 ἐγὼ,
2357 1992 2537 2070 φησὶν,
2573 1992 2993 2071 αἰσχυνθήσομαι
3026 1994 3283 2069 ὀνομάσαι
3326 1992 3505 2050 δοῦλον
3549 1994 3701 2071 ἐμὸν,
3755 1992 3854 2047 τὸν

2192 2078 2560 2158 ἀρνησάμενόν
2616 2103 2706 2155 με.
2782 2081 2932 2138 Ἐπεὶ
2988 2080 3042 2137 δὲ
3103 2082 3258 2139 εἶπεν
3316 2082 3450 2162 ἀνω,
3504 2081 3583 2137 ὅτι
3646 2068 3753 2143 ι’ος
3789 2076 3852 2133 ἄν

2193 2168 2433 2248 ἀπολέσῃ
2466 2172 2565 2239 τὴν
2595 2171 2777 2250 ψυχὴν
2810 2173 2987 2247 αὒτοῦ,
3025 2173 3185 2227 σώσει
3239 2173 3424 2252 αὐτὴν,
3455 2170 3620 2227 θέλων
3652 2166 3851 2246 δεῖξαι,

2194 2260 2357 2317 ποίων
2401 2262 2613 2339 ἀγαθῶν
2670 2260 3028 2326 κατεξιοῦνται
3079 2264 3124 2317 οἱ
3162 2270 3417 2342 τοιοῦτοι,
3463 2262 3624 2342 φησίν
3658 2278 3670 2291 '
3735 2258 3855 2315 Εἰσί

2190 2370 2328 2413 τινες
2359 2358 2465 2407 τῶν
2497 2348 2622 2429 ὦδε,
2657 2357 2717 2405 οὔ
2757 2354 2815 2409 οὒ
2843 2351 2919 2425 μὴ
2946 2349 3279 2411 ἀποθάνωσιν
3310 2351 3412 2415 ἕως
3442 2351 3503 2407 ἂν
3546 2349 3699 2406 ἴδωσι
3748 2346 3853 2413 τὴν
3882 2394 3887 2401 .

2190 2438 2459 2514 βασιλείαν
2518 2447 2610 2496 τοῦ
2650 2448 2803 2519 Θεοῦ,
2849 2439 3113 2514 τουτέστι,
3170 2443 3266 2507 τὴν
3310 2439 3461 2507 δόξαν
3505 2440 3558 2496 ἐν
3609 2441 3643 2506 ἡ
3707 2436 3852 2511 μέλ-

2190 2527 2370 2586 λουσιν
2426 2530 2636 2587 ’έσεσθαι
2698 2533 2745 2586 οἱ
2788 2529 3003 2588 δίκαιοι.
3051 2538 3215 2588 Τοῦτο
3270 2530 3324 2586 δὲ
3383 2532 3508 2587 εἶπε
3567 2530 3683 2607 περὶ
3740 2532 3848 2593 τῆς

2190 2619 2675 2700 μεταμορφώσεως,
2769 2610 2831 2677 Ἠ
2909 2623 3008 2698 γὰρ
3068 2620 3475 2700 μεταμόρσωσις
3551 2620 3710 2681 τύπος
3766 2615 3836 2683 ἧν

2187 2713 2287 2774 τῆς
2350 2707 2650 2776 μελλούσης
2680 2708 2788 2767 ἅνω
2817 2708 2994 2781 δόξης,
3031 2712 3116 2765 καὶ
3146 2709 3323 2787 ὥσπερ
3358 2712 3413 2765 ἐν
3442 2709 3611 2783 ταύτῃ
3639 2706 3841 2784 ἧστραυ

2189 2802 2289 2872 ψεν
2338 2801 2364 2853 6
2426 2798 2631 2864 Ἰησοῦς
2686 2796 3008 2877 παραδόξως,
3069 2797 3235 2859 οὕτως
3292 2795 3565 2873 ἀναλόγως
3626 2795 3746 2850 τότε
3784 2806 3836 2857 οἱ

2187 2884 2374 2943 δίκαιοι
2432 2886 2751 2963 λάμψουσιν,
2800 2888 2939 2943 Εἰσὶν
2988 2888 3101 2961 οὖν,
3153 2888 3303 2966 φησὶ,
3336 2887 3496 2964 τινὲς,
3551 2882 3829 2957 Ἰωάννης,

2191 2978 2386 3057 Πέτρος
2439 2979 2526 3034 καὶ
2584 2974 2856 3045 Ἰάκωϐος,
2903 2978 2957 3031 οἳ
3001 2980 3060 3034 οὒ
3103 2977 3180 3050 μὴ
3225 2976 3489 3055 φθάσωσιν
3520 2973 3825 3044 ἀποθανεῖν,

2189 3072 2290 3137 ἕως
2349 3071 2409 3127 ἂν
2462 3070 2645 3128 ἴδωσιν
2706 3074 2760 3127 ἐν
2818 3071 2942 3142 ποίᾳ
3004 3069 3126 3147 δόξῃ
3172 3070 3377 3126 ἔσονται
3428 3071 3474 3126 οἱ
3505 3068 3599 3142 ἐμὲ
3629 3061 3835 3140 ὁμολο-

2187 3162 2422 3240 γοῦντες,
2485 3159 2681 3219 "laws:
2736 3159 2787 3216 δὲ
2819 3168 2972 3217 τοῦτο
3012 3163 3069 3215 ἐν
3103 3167 3178 3234 τῷ
3209 3165 3376 3237 καιρῷ
3418 3164 3513 3224 τῆς
3559 3173 3842 3233 μεταμορ-

2185 3252 2405 3334 φώσεως
2416 3301 2428 3314 ,

2274 3363 2297 3398 α
2346 3341 2594 3419 Ἐγένετο
2652 3338 2706 3396 δὲ
2765 3341 2900 3415 μετά
2929 3340 3050 3403 τοὺς
3076 3339 3263 3418 λόγους
3293 3337 3508 3400 τούτους
3538 3336 3663 3393 ὡσεὶ
3692 3335 3839 3411 ἡμέ-

2186 3454 2269 3512 ραι
2328 3432 2492 3505 όκτὼ,
2550 3431 2639 3486 καὶ
2719 3427 3044 3506 παραλαϐὼν
3129 3429 3344 3508 Πέτρον,
3416 3428 3504 3484 καὶ
3555 3422 3833 3506 Ἰωάννην,

2332 3520 2346 3543 9
2390 3521 2401 3541 Ι
2658 3519 2671 3539 ν
2727 3518 2735 3535 Ι
2918 3541 2936 3550 ⁸
3028 3520 3040 3535 ς
3106 3517 3131 3537 ﬂ
3456 3517 3496 3537 IP
3819 3515 3833 3533 \

2184 3524 2273 3579 καὶ
2354 3518 2603 3598 Ιακωόον,
2649 3517 2811 3584 ανεϐη
2865 3520 2935 3579 εὶ..
2995 3541 3053 3574 το
3103 3540 3222 3588 ορος
3276 3520 3673 3597 προσευςασθαι.
3734 3525 3838 3572 Και

2187 3611 2417 3689 ἐγένετο,
2478 3610 2531 3666 ἐν
2594 3615 2671 3682 τῷ
2732 3609 3119 3687 προσεύχεσθαι
3172 3612 3353 3680 αὒτὸν,
3424 3610 3484 3664 τὸ
3553 3603 3695 3668 εἶδος
3738 3608 3836 3659 τοῦ

2186 3699 2470 3779 προσώπου
2530 3698 2687 3756 αὐτοῦ
2727 3698 2928 3777 ἕτερον,
2974 3698 3059 3753 καὶ
3104 3699 3130 3753 6
3174 3698 3457 3773 ἱμάτισμὸς
3502 3696 3659 3751 αὒτου
3704 3692 3837 3748 λευ-

2185 3790 2280 3852 κὸς
2338 3786 2729 3865 ἐξαστράπτων,
2796 3787 2892 3842 Καὶ
2948 3783 3054 3841 ἰδου
3112 3782 3293 3864 ἄνδρες
3375 3784 3461 3842 δύο
3520 3781 3838 3842 συνελάλουν

2184 3878 2353 3951 αύτῷ,
2411 3876 2608 3941 οἵτινες
2659 3876 2795 3943 ἦσαν
2840 3879 3040 3941 Μωσῆς
3097 3877 3186 3931 καὶ
3226 3866 3431 3956 Ἠλίας,
3479 3877 3530 3931 ο’ἰ
3593 3871 3840 3952 ὀφθέντες

2181 3968 2236 4022 ἐν
2294 3966 2442 4046 δόξῃ,
2496 3965 2679 4044 ἔλεγον
2733 3966 2831 4033 τὴν
2874 3962 3047 4046 ἕδοξον
3097 3967 3280 4038 αεῦτοῦ,
3324 3966 3389 4033 ἢν
3446 3961 3637 4040 ἔμελλε
3694 3959 3839 4027 πλη-

2182 4064 2303 4134 ροῦν
2363 4044 2437 4112 ἐν-
2479 4048 2849 4135 Ἰερουσαλήμ,
2899 4044 2957 4110 Ὀ
3010 4051 3063 4109 δὲ
3114 4055 3303 4133 Πέτρος
3333 4055 3421 4111 καὶ
3449 4056 3495 4111 οἱ
3544 4053 3633 4109 σὺν
3664 4049 3833 4125 αὐτῷ,

2184 4144 2320 4211 ἦσαν
2369 4142 2727 4222 βεϐαρημένοι
2792 4143 2959 4216 ὕπνῳ.
3028 4145 3557 4222 Διαγρηγορήσαντες
3616 4137 3692 4213 δὲ,
3752 4140 3839 4192 εἷ-

2184 4232 2273 4289 δον
2338 4236 2434 4303 τὴν
2505 4233 2653 4300 δόξαν
2714 4232 2890 4293 αὐτοῦ,
2962 4233 3059 4289 Καὶ
3116 4234 3236 4296 τοὺς
3308 4231 3396 4288 δύο
3465 4228 3650 4310 ἄνδρας
3706 4228 3837 4291 τοὺς

2185 4331 2514 4388 συνεστῶτας
2562 4326 2702 4397 αὖτῷ
2736 4338 2750 4352 ⁶
2810 4324 2899 4379 καὶ
2945 4321 3153 4399 ἐγένετο
3209 4322 3263 4378 ἐν
3305 4329 3382 4396 τῷ
3424 4319 3835 4400 διαχωρίζεσθαι

2184 4413 2370 4479 αὖτοὺς
2430 4413 2525 4470 ἀπ’
2578 4413 2757 4493 αὐτοῦ,
2812 4416 2963 4467 εἶπεν
2995 4414 3022 4468 6
3054 4412 3247 4493 Πέτρος
3276 4414 3405 4491 πρὸς
3433 4412 3527 4467 τὸν
3570 4410 3773 4475 ἰτ,σοῦν
3813 4425 3830 4440 ⁸

2185 4499 2499 4583 Ἐπιστάτα,
2555 4502 2719 4561 καλόν
2778 4501 2922 4557 ἐστιν
2978 4502 3121 4577 ἡμᾶς
3182 4500 3280 4558 ὧδε
3319 4502 3481 4573 εἶναι,
3529 4500 3617 4555 καὶ
3660 4498 3835 4566 ποιή-

2182 4614 2360 4668 σωμεν
2414 4595 2614 4661 σκηνὰς
2670 4604 2839 4672 τρεῖς,
2902 4590 3024 4666 μίαν
3078 4594 3181 4665 σοὶ,
3214 4594 3301 4648 καὶ
3332 4592 3454 4667 μίαν
3487 4596 3693 4661 Min-ret,
3741 4590 3837 4642 καὶ

2180 4683 2305 4759 μίαν
2365 4680 2540 4757 Ἠλίᾳ,
2603 4684 2680 4758 μὴ
2726 4681 2873 4744 εἰδὼς
2919 4682 2946 4735 ὃ
2989 4679 3130 4757 λέγει
3219 4689 3390 4739 Ταῦτα
3434 4678 3489 4735 δὲ
3548 4678 3705 4733 αὐτοῦ
3734 4674 3835 4731 λέ-

2179 4792 2389 4852 γοντος,
2422 4771 2629 4851 ἐγένετο
2678 4768 2872 4849 νεφέλη
2917 4771 3004 4825 καὶ
3047 4768 3358 4825 ἐπεσκίασεν
3409 4769 3618 4829 αὐτούς.
3667 4765 3839 4844 Ἐφο-

2182 4859 2423 4931 ϐήθησαν
2486 4860 2541 4917 δὲ
2596 4862 2651 4919 ἐν
2706 4866 2783 4934 τῷ
2826 4859 3053 4924 ἐκείνους
3114 4858 3367 4916 εἰσελθεῖν
3425 4860 3496 4923 εἰς
3540 4857 3637 4923 τὴν
3669 4855 3830 4934 νεφέ-

2179 4951 2306 5031 λην,
2361 4953 2449 5008 καὶ
2504 4954 2654 5032 φωνὴ
2713 4951 2921 5030 ἐγένετο
2989 4953 3052 5005 ἐκ
3107 4950 3201 5017 τῆς
3264 4948 3510 5029 νεφέλης,
3573 4945 3824 5024 λέγουσα·

2180 5041 2342 5107 Οὗτός
2400 5042 2541 5098 ἐστιν
2571 5045 2598 5099 6
2630 5043 2749 5105 Υἱός
2803 5063 2906 5113 μου
2967 5042 2994 5095 6
3040 5040 3343 5118 ἀγαπητὸς,
3395 5042 3550 5097 αὒτοῦ
3578 5034 3823 5093 ἀκούετε.

2179 5132 2278 5188 Καὶ
2333 5131 2388 5187 ἐν
2447 5135 2523 5206 τῷ
2579 5133 2819 5211 γενέσθαι
2876 5130 2975 5197 τὴν
3030 5130 3233 5210 φωνὴν,
3288 5127 3468 5207 εὺρέθη
3526 5129 3553 5183 6
3610 5125 3819 5191 Ἰησοῦς

2178 5220 2364 5297 μόνος,
2424 5226 2510 5280 καὶ
2580 5224 2727 5282 αὒτοὶ
2782 5223 3055 5301 ἐσίγησαν,
3129 5222 3217 5277 καὶ
3270 5218 3432 5279 οὗδενὶ
3488 5214 3822 5294 ἀπήγγειλαν

2176 5310 2232 5367 ἐν
2305 5311 2528 5377 ἐκείναις
2586 5327 2707 5374 ταῖς
2767 5313 2992 5387 ἡμέραις
3056 5310 3200 5371 οὐδὲν
3274 5314 3347 5366 ὧν
3406 5308 3719 5383 έωρὲκασιν,
3788 5328 3815 5358 ιι

2180 5392 2236 5459 Ὀ
2285 5404 2384 5478 μὲν
2441 5407 2711 5467 Ματθατος
2789 5401 2841 5468 ἓξ
2927 5402 3126 5481 ἡμέρας
3198 5402 3326 5481 φησὶ
3394 5396 3618 5455 διελθεῖν
3688 5395 3825 5461 μετά

2173 5492 2295 5555 τοὺς
2352 5490 2542 5571 λόγους
2586 5493 2826 5573 τούτους,
2862 5493 2952 5549 καὶ
3010 5491 3131 5548 τότε
3189 5493 3279 5547 τὸν
3323 5489 3526 5557 Ἰησοῦν
3584 5484 3823 5542 ἀνελθεῖν

2172 5581 2245 5645 εἷς
2274 5583 2335 5639 τὸ
2387 5581 2532 5662 ὅρος,
2567 5590 2773 5648 Λουκᾶς
2802 5582 2855 5639 δὲ
2889 5583 3031 5640 ὀκτώ
3065 5604 3193 5663 φησι
3242 5579 3487 5653 διελθεῖν,
3523 5580 3615 5640 τὰς
3646 5596 3821 5652 μετα-

2982 5678 3187 5735 Λουκᾶς
3246 5669 3325 5752 δὲ,
3371 5671 3429 5743 οὐ
3471 5670 3562 5732 τὰς
3624 5662 3821 5742 μεταξὺ

421 5751 792 5831 diligentem,
815 5754 1105 5813 Joannem
1140 5759 1364 5832 autem,
1396 5762 1457 5815 ut
1487 5770 1621 5815 eum
1652 5767 1828 5831 quem
1857 5747 2079 5828 dilige-

2188 5759 2354 5825 ιόνας.
2414 5747 2550 5819 ἀλλά
2587 5747 2694 5820 ’καὶ
2751 5747 2847 5831 τὴν
2901 5763 3104 5840 ἡμέραν
3148 5758 3262 5818 καθ’
3311 5747 3387 5828 ⁷ἣν
3430 5757 3729 5837 ὶλέλθησιν
3766 5756 3812 5807 οξ
