4132 6298
354 395 474 463 825
1100 396 1547 461 ENARRATIO
1590 398 1673 464 IN
1716 393 2223 462 EVANGELIUM
2286 398 2528 463 ΙιυῦιΕ.
2574 433 2650 443 ——
2693 401 2855 465 CAP.
2904 398 3007 463 IX.
3251 457 3254 460 .
3623 394 3739 461 826

356 533 517 594 θέσθε
570 535 724 611 ὑμεῖς
774 535 848 599 εἷς
918 533 985 591 τὰ
1025 533 1139 591 ὦτᾶ
1167 533 1316 611 ὑμῶν
1371 536 1493 602 τοὺς
1547 533 1736 615 λόγους
1762 535 1990 596 τούτους.

2089 523 2298 589 Ponite
2320 546 2425 590 vos
2454 528 2514 590 in
2538 529 2788 593 auribus
2808 530 3020 593 vestris
3045 549 3355 594 sermones
3386 527 3736 593 istos.Futu-

360 615 419 683 Ὀ
493 623 590 703 γὰρ
646 625 767 687 Υἱὸς
823 631 916 683 τοῦ
982 622 1256 704 ἂνθρώπου
1305 622 1492 699 μέλλει
1540 623 1909 704 παραδίδοσθαι
1933 624 1990 679 εἰς

2089 632 2222 676 rum
2255 623 2342 678 est
2364 621 2430 680 ut
2452 616 2635 680 Filius
2654 620 2913 681 hominis
2936 620 3272 683 tradaturin
3305 638 3515 683 manus
3530 617 3728 680 homi-

355 726 550 794 χεῖρας
610 711 924 794 ἀνθρώπων.
986 714 1046 771 Οἱ
1093 711 1149 769 δὲ
1205 714 1430 792 ἠγνόουν
1480 716 1543 771 τὸ
1623 714 1766 793 ῥῆμα
1806 723 1990 795 τοῦτο,

2090 722 2259 795 num,
2290 705 2461 795 Atilli
2493 707 2842 785 ignorabant
2873 710 3115 771 verbum
3139 710 3319 785 istud,
3354 719 3411 771 et
3435 715 3559 772 erat
3589 708 3730 768 abs-

355 793 443 861 καὶ
496 806 564 871 ἧν
622 800 1169 880 παρακεκαλυμμένον
1226 801 1319 858 ἀπ’
1395 803 1586 878 αὐτῶν,
1660 802 1755 859 ’ἱνα
1784 793 1862 878 μὴ
1909 801 1990 858 α’ί-

2089 793 2391 855 conditum
2416 794 2487 856 ab
2520 796 2658 872 illis,
2695 807 2757 859 ut
2792 817 2908 869 non
2933 799 3334 879 intelligerent
3358 798 3525 861 illud.
3561 796 3632 857 Et
3655 796 3731 858 ti-

354 894 578 948 σθωνται
649 889 799 953 αὐτό.
853 888 959 951 Καὶ
1029 887 1314 969 έφοὸοὗντο
1368 891 1632 967 ἐρωτῆσαι
1678 893 1832 948 αὐτὸν
1884 891 2002 968 περὶ

352 979 446 1038 τοῦ
514 980 755 1058 ῥήματος
824 981 1034 1040 τούτου.
1117 1002 1141 1038 ι
1203 982 1263 1039 Οἱ
1292 980 1390 1056 μὲν
1422 979 1574 1039 ἄλλοι
1604 982 1798 1045 πάντες
1842 979 2000 1038 ἐθαύ-

352 1074 519 1145 μαζον
576 1071 663 1125 ὶπί
720 1074 882 1125 πᾶσιν
938 1069 1029 1132 οῖς
1087 1069 1251 1126 ἐποίει
1303 1072 1331 1126 6
1384 1067 1615 1145 Ἰησοῦς,
1671 1074 1765 1129 οὐκ
1791 1070 1880 1126 ἒπί
1926 1072 2002 1141 τῷ

351 1157 429 1213 ἑνὶ
484 1156 654 1230 τούτῳ
713 1156 963 1234 θαύματι.
1026 1148 1084 1216 Ὀ
1140 1155 1195 1214 δὲ
1250 1157 1398 1238 ἆφεὶς
1456 1160 1578 1224 τοὺς
1608 1158 1825 1233 ἄλλους,
1869 1159 2001 1236 πρὸς

350 1244 472 1308 τοὺς
532 1246 772 1321 μαθητὰς
844 1244 1165 1325 διαλέγεται,
1241 1249 1331 1303 καί
1401 1264 1558 1328 φησι⁰
1639 1247 1797 1305 Θέσθε
1846 1247 2002 1322 ὑμεῖς

349 1340 516 1391 ταῦτα
573 1335 769 1411 πάντα,
839 1336 905 1392 τά
959 1357 1015 1392 τε
1073 1336 1314 1412 θαύματα
1341 1339 1430 1394 καὶ
1458 1338 1582 1402 τοὺς
1612 1337 1698 1395 ἐπὶ
1728 1349 1846 1401 τοῖς
1875 1336 2001 1393 θαύ-

349 1444 488 1499 μασι
539 1421 751 1502 λόγους,
787 1426 862 1488 εἷς
903 1425 970 1481 τὰ
998 1426 1111 1481 ὦτα
1146 1427 1318 1501 ὑμῶν,
1355 1428 1453 1483 Διὰ
1481 1428 1531 1484 τί
1565 1448 1581 1505 ς
1632 1428 1776 1483 Διότι
1819 1423 2002 1502 μέλλω

348 1510 704 1594 παραδοθῆναι
775 1516 861 1571 καὶ
944 1515 1330 1594 σταυρωθῆναι,
1363 1516 1437 1574 ἵν’
1494 1516 1619 1574 ὅταν
1674 1515 1999 1596 σταυρωθέν-

348 1623 415 1659 τα
482 1624 550 1678 με
610 1601 789 1682 ἴδητε,
843 1605 922 1680 μὴ
983 1606 1239 1681 νομίσητε
1282 1605 1363 1663 ὅτι
1387 1605 1492 1663 ἆπὸ
1523 1605 1812 1683 ἀδυναμίας
1842 1611 1996 1662 τοῦτο

348 1691 607 1751 πέπονθα.
674 1684 731 1751 Ὀ
808 1694 910 1773 γὰρ
992 1699 1209 1751 τοιαῦτα
1277 1698 1715 1776 θαυματουργῶν,
1774 1693 1997 1762 ἠδύνατο

2090 882 2329 944 mebant
2386 903 2522 945 eum
2574 886 2947 966 interrogare
2997 889 3073 950 de
3118 890 3229 951 hoc
3280 889 3485 951 verbo.
3546 908 3570 939 >>
3605 887 3724 949 Alii

2084 970 2327 1050 quidem
2353 992 2562 1034 omnes
2594 974 3043 1041 admirabantur
3076 980 3134 1040 in
3163 978 3436 1039 omnibus
3482 995 3613 1057 quae
3641 975 3731 1037 fa-

2085 1059 2276 1121 ciebat
2298 1063 2623 1127 Jesus.non
2649 1063 2707 1124 in
2731 1083 2845 1124 uno
2878 1065 2989 1128 hoc
3012 1067 3324 1129 miraculo.
3352 1066 3572 1128 Verum
3607 1064 3735 1141 ipse

2085 1148 2313 1212 relictis
2342 1150 2471 1211 aliis
2502 1170 2635 1211 cum
2660 1152 2963 1234 discipulis
2993 1155 3279 1236 loquitur,
3316 1163 3374 1218 et
3402 1152 3547 1216 dicit
3573 1172 3585 1215 :
3616 1153 3731 1214 Po-

2088 1237 2206 1297 nite
2228 1257 2327 1298 vos
2358 1240 2483 1301 haec
2514 1240 2734 1317 omnia,
2770 1250 2830 1303 et
2861 1242 3166 1317 miracula,
3203 1254 3261 1305 et
3311 1244 3733 1314 miraculorum

2085 1328 2483 1408 sermones,in
2521 1347 2698 1391 aures
2720 1332 3206 1405 vertras.Quare?
3237 1333 3385 1405 Quia
3410 1332 3734 1396 tradendus

2084 1434 2211 1477 sum
2245 1424 2302 1477 et
2330 1418 2809 1497 cruciﬁgendus:
2844 1428 2908 1482 ut
2937 1423 3172 1502 quando
3205 1423 3550 1484 cruciﬁxum
3580 1422 3736 1483 vide-

2083 1503 2237 1579 ritis,
2283 1525 2359 1567 ne
2413 1508 2791 1589 exiStimetis,
2826 1512 2981 1590 quod
3036 1530 3155 1590 prae
3208 1511 3550 1574 infirmitate
3600 1511 3734 1573 talia

2080 1612 2286 1673 passus
2309 1595 2443 1655 sim.
2479 1594 2622 1657 Nam
2670 1598 2769 1678 qui
2804 1599 2942 1661 talia
2965 1600 3247 1661 miracula
3268 1600 3427 1672 facit,
3468 1607 3736 1681 potestet

2083 1701 2200 1743 non
2224 1684 2605 1764 crucifigillli
2638 1696 2832 1749 autem
2868 1688 3221 1767 ignorabant
3249 1690 3497 1752 verbum
3527 1691 3731 1762 hoc,et

347 1779 409 1837 ἄν
479 1779 615 1856 μηδὲ
658 1770 1043 1862 σταυρωθῆναι.
1092 1784 1152 1841 Οἱ
1182 1780 1260 1863 δὲ,
1293 1770 1518 1862 ἠγνόουν
1632 1770 1776 1863 ῥῆμα
1814 1789 1990 1875 τοῦτο,

2083 1780 2207 1832 erat
2237 1770 2649 1875 absconditum
2672 1776 2772 1875 _ab
2808 1778 2913 1837 eis.
2945 1780 3014 1841 Et
3045 1797 3226 1859 quare
3253 1779 3364 1843 hoc
3388 1779 3525 1841 fuit?
3545 1778 3620 1842 Ut
3658 1797 3733 1841 ne

346 1871 435 1927 καὶ
503 1871 569 1939 ἦν
629 1870 1175 1951 παρακεκαλυμμένον
1242 1872 1337 1929 ἀπ’
1409 1873 1605 1936 αὐτῶν.
1684 1873 1782 1929 Διᾶ
1838 1873 1888 1929 τί
1941 1870 1995 1928 δὲ

344 1965 498 2017 τοῦτο
555 1959 814 2042 έγένετος
882 1952 1008 2018 ’Ἵνα
1055 1962 1135 2037 μὴ
1163 1964 1265 2040 πρὸ
1326 1969 1510 2042 καιροῦ
1552 1962 1848 2035 λυπῶνται,
1908 1963 1996 2018 καὶ

344 2054 422 2123 τῷ
483 2050 632 2131 φόϐῳ
688 2051 1136 2132 ἐκταράττωνται.
1200 2050 1638 2130 Συγκαταϐαίνων
1671 2051 1759 2108 οὖν
1791 2053 1819 2107 6
1865 2052 1995 2115 Θεὸς

344 2144 413 2215 τῇ
470 2139 708 2215 ἀσθενείᾳ
767 2141 963 2215 αὖτῶν,
1021 2143 1110 2197 καὶ
1172 2145 1291 2199 οἷον
1345 2140 1530 2198 παιδία
1582 2142 1699 2199 τινὰ
1729 2138 1999 2217 διακυϐερ-

341 2232 447 2284 νῶν
501 2232 718 2312 αὖτοὺς,
781 2233 841 2289 οὗ
911 2230 1203 2311 συνεχώρει
1264 2230 1453 2299 νοῆσαι
1512 2230 1700 2295 αὐτοὺς
1771 2231 1832 2286 τὸ
1882 2231 1999 2305 περὶ

340 2324 432 2375 τοῦ
485 2311 709 2400 σταυρῶ
765 2319 1083 2400 λεγόμενον.
1154 2311 1309 2399 ’Ὅρα
1372 2319 1428 2375 δὲ
1485 2320 1574 2376 καὶ
1629 2320 1728 2387 τὴν
1787 2319 2001 2376 ἰκείνων

340 2406 637 2483 εὐλάϐειαν,
698 2416 816 2490 πῶς
900 2408 1210 2490 εὒλρϐοὕντο
1287 2408 1577 2489 ἐρωτῆσαι,
1665 2406 1867 2483 μᾶλλον
1949 2406 2005 2463 δὲ

338 2494 650 2575 ἐφοϐοῦντο.
849 2500 949 2578 γὰρ
995 2488 1169 2581 φόϐος
1228 2497 1463 2562 ἐπίτασίς
1513 2488 1654 2555 ἐστιν
1709 2495 2009 2577 εὐλαϐείας,

348 2588 539 2666 ὥσπερ
566 2589 653 2646 καὶ
681 2590 716 2657 ἡ
746 2586 990 2647 εὐλάϐεια
1033 2587 1451 2663 συνεσταλμένος
1482 2583 1665 2667 φόϐος.

423 2697 454 2739 (
484 2677 707 2746 Εἶσῆλθε
751 2676 805 2734 δέ
837 2676 1186 2758 διαλογισμὸς
1219 2680 1275 2734 liv
1306 2676 1518 2749 αὐτοῖς,
1561 2678 1648 2757 τὸ,
1691 2676 1770 2739 τίς
1807 2675 1870 2732 ἂν
1918 2673 2010 2743 εἴη

337 2769 527 2846 μείζων
593 2770 790 2830 αὐτῶν.
867 2758 926 2827 Ὀ
985 2766 1041 2824 δὲ
1073 2766 1303 2841 Ἰησοῦς,
1350 2765 1473 2823 ἰδὼν
1501 2768 1593 2823 τὸν
1648 2765 2002 2841 διαλογισμὸν

2079 1869 2461 1943 antetempus
2489 1865 2723 1927 tristitia
2744 1867 3213 1944 alIicerentur,et
3236 1869 3449 1931 timore
3471 1877 3727 1930 exterre-

2082 1954 2517 2033 renturJtaque
2539 1956 2702 2017 Deus
2729 1956 3219 2019 condescendens
3250 1958 3723 2020 inﬁrmitati'558

2079 2036 2341 2116 illorum,
2379 2049 2437 2102 et
2469 2044 2637 2123 quasi
2682 2062 2897 2123 pueros
2958 2046 3300 2108 moderatur
3346 2047 3502 2127 illos,
3538 2066 3729 2128 neque

2080 2130 2355 2191 concedit
2383 2132 2561 2211 eis,ut
2584 2132 2913 2212 intelligant
2950 2136 3059 2196 hoc
3081 2136 3235 2215 quod
3262 2138 3337 2197 de
3364 2155 3540 2199 cruce
3572 2137 3730 2200 dice-

2082 2217 2436 2281 batur.Vide
2465 2227 2658 2282 autem
2684 2230 2741 2280 et
2775 2221 3007 2283 illorum
3040 2226 3462 2299 reverentiam,
3483 2245 3730 2307 quomo-

2082 2307 2156 2368 do
2190 2326 2311 2387 pra:
2341 2308 2679 2370 reverentia
2707 2309 3074 2390 interrogare
3100 2331 3226 2377 non
3257 2313 3575 2386 audebant,
3609 2314 3729 2376 imo

2084 2414 2205 2476 prae
2232 2396 2445 2457 timore
2480 2415 2493 2459 :
2529 2416 2666 2458 nam
2702 2398 2877 2460 timor
2905 2410 3291 2478 augmentum
3354 2418 3445 2463 εει
3493 2402 3731 2482 pietatis

2091 2491 2150 2546 et
2176 2485 2532 2546 reverentiae
2566 2486 2719 2547 sicut
2748 2496 2806 2549 et
2834 2491 3171 2552 reverentia
3210 2489 3303 2551 vel
3363 2491 3546 2571 pietas
3578 2510 3727 2554 con-

2092 2582 2307 2636 tractus
2340 2575 2516 2636 timor
2538 2588 2651 2639 est.

2173 2662 2357 2726 VERS.
2392 2665 2590 2727 46-50.
2609 2664 2885 2729 «Intravit
2913 2676 3110 2731 autem
3137 2669 3405 2749 cogitatio
3428 2668 3581 2733 inter
3602 2689 3730 2744 eos,

2094 2752 2227 2832 quis
2255 2771 2458 2813 eorum
2491 2754 2682 2834 major
2712 2757 2974 2818 esset.At
3002 2760 3173 2820 Jesus
3194 2760 3402 2822 videns
3432 2760 3732 2838 cogitatio-

339 2843 439 2927 τῆς
490 2855 701 2937 καρδίας
760 2857 957 2932 αὒτῶο,
1020 2854 1405 2933 ἐπιλαϐόμενος
1475 2855 1705 2936 παιδίου,
1769 2857 1990 2922 ἔστησεκ.

2088 2860 2221 2937 nem
2249 2843 2446 2937 cordis
2478 2843 3145 2937 illorum,apprehendit
3166 2858 3507 2930 puerum,et
3529 2851 3730 2910 statuit

339 2949 466 3006 αὐτὸ
509 2930 630 3024 παρ’
664 2948 857 3021 ἐαυτῷ,
889 2930 978 3004 καὶ
1006 2947 1164 3003 εἶπεν
1197 2930 1405 3010 αύτοῖς’
1464 2944 1560 3011 ’ος
1632 2930 1722 3002 ἐὰν
1782 2944 1990 3011 δέξηται

2087 2930 2247 2992 illum
2276 2933 2442 3024 juata
2489 2951 2575 3024 se,
2634 2943 2691 2994 et
2720 2935 2800 3024 ait
2828 2936 2987 2996 illis:
3024 2936 3377 3016 Quicunque
3432 2938 3730 3019 receperit

340 3044 495 3096 τοῦτο
546 3039 609 3093 τὸ
678 3035 882 3094 παιδίον
938 3036 1026 3093 ἐπὶ
1080 3037 1143 3093 τὸ
1187 3035 1406 3110 ὸνόματι
1445 3057 1570 3112 μου,
1604 3035 1699 3111 ἐμὲ
1748 3034 1989 3114 δέχεται’

2089 3039 2337 3100 puerum
2366 3021 2522 3082 hunc
2554 3023 2613 3082 in
2646 3023 2887 3083 nomine
2918 3043 3075 3101 meo,
3111 3046 3204 3088 me
3227 3028 3467 3106 recipit:
3497 3036 3555 3090 et
3587 3028 3723 3107 qui-

342 3129 429 3185 καὶ
478 3127 536 3191 ὅς
606 3128 697 3183 ὶὰν
756 3125 852 3202 ἐμὲ
924 3123 1162 3198 δέξηται,
1220 3123 1438 3205 δέχεται
1469 3126 1559 3181 τὸν
1604 3112 1990 3182 ἀποστείλαντά

2079 3128 2316 3191 cunque
2348 3129 2443 3171 me
2474 3112 2791 3192 receperit,
2820 3114 3033 3192 recipit
3078 3134 3213 3175 eum
3263 3117 3366 3197 qui
3418 3136 3512 3178 me
3538 3117 3724 3178 misit.

342 3238 431 3292 με.
496 3205 555 3274 Ὀ
610 3217 710 3295 γὰρ
765 3199 1071 3295 μικρότερος
1147 3215 1200 3272 ὲν
1259 3199 1419 3271 «iam
1517 3215 1645 3289 ὑμῖν
1706 3213 1990 3293 ὑπάρχων,

2075 3199 2223 3261 Nam
2255 3199 2356 3279 qui
2389 3200 2581 3260 minor
2608 3209 2696 3261 est
2720 3201 2876 3263 inter
2906 3222 3117 3265 omnes
3147 3223 3273 3284 vos,
3309 3206 3406 3267 hic
3449 3206 3563 3268 erit
3594 3225 3723 3266 ma-

340 3288 491 3370 οὗτος
564 3288 711 3361 ἔσται
767 3288 961 3384 μέγας.
986 3288 1322 3383 ”Λποκριθεὶς
1352 3302 1407 3359 δὲ
1436 3305 1464 3360 6
1508 3288 1759 3370 Ἰωάννης
1808 3288 1987 3359 die»;

2075 3288 2645 3384 gausﬂespondens
2666 3300 2863 3384 autem
2891 3291 3721 3384 Joannes,dixit:Pra3ceptor,

350 3391 664 3468 Ἐπιστάτα,
738 3376 952 3470 εῗδομέν
1009 3414 1126 3449 τινα
1171 3376 1265 3450 ’ἐπὶ
1307 3399 1383 3468 τῷ
1415 3391 1635 3467 ὀνόματί
1664 3414 1757 3449 σου
1789 3388 1990 3449 ἒκϐάλ-

2075 3376 2327 3439 vidimus
2358 3380 2673 3458 quemdam
2700 3380 2809 3441 sub
2845 3382 3082 3445 nomine
3116 3391 3216 3445 tuo
3240 3384 3581 3463 ejicientem
3613 3384 3725 3445 dae-

342 3482 505 3539 λοντα
562 3481 832 3558 δαιμόνια,
860 3468 866 3470 ⁷
893 3482 981 3539 καὶ
1011 3481 1353 3558 ἐκωλύσαμεν
1398 3481 1578 3561 αὐτὸν,
1611 3478 1693 3538 ὅτι
1724 3482 1818 3538 οὐκ
1856 3480 1990 3537 ἀκο-

2079 3468 2363 3537 monia,et
2387 3469 2800 3547 prohibuimus
2830 3473 3133 3552 eum,quia
3167 3492 3280 3532 non
3312 3473 3579 3554 sequitur
3610 3492 3722 3533 no-

340 3571 523 3628 λουθεῖ
580 3571 696 3648 μεθ’
754 3572 931 3647 ἡμῶν.
981 3572 1085 3633 Καὶ
1141 3571 1266 3628 εἷπε
1321 3572 1452 3650 πρὸς
1483 3571 1639 3627 αὐτὸν
1670 3572 1698 3627 6
1750 3567 1980 3637 Ἰησοῦς⁶

341 3662 430 3730 Μὴ
498 3660 750 3721 κωλύετε.
818 3650 926 3723 ’Ὃς
978 3661 1077 3739 γὰρ
1129 3664 1225 3720 οὒκ
1282 3659 1396 3717 ἔστι
1453 3657 1571 3718 καθ’
1604 3662 1780 3736 ἡμῶν,
1856 3660 1987 3739 ὑπὲρ

338 3751 494 3826 ἡμῶν
545 3752 711 3813 ἔστιν.
777 3771 802 3807 ι
842 3751 1011 3813 Πάθος
1082 3748 1319 3809 διακένου
1374 3747 1529 3817 δόξης
1557 3747 1821 3830 ὑπέδραμε
1864 3749 1986 3814 τοὺς

339 3838 689 3905 ἀποστόλους.
757 3839 906 3898 Ἐπεὶ
959 3837 1110 3896 δοκεῖ
1168 3838 1229 3895 ἐκ
1274 3846 1368 3897 τοῦ
1412 3841 1504 3897 τὸν
1554 3837 1985 3915 δαιμονιζόμενον

340 3929 417 4004 μὴ
473 3932 855 4009 θεραπευθῆναι
924 3928 1293 4009 ἒπεγερθέντος
1368 3933 1553 3993 αὐτοῖς
1605 3936 1696 3985 τοῦ
1764 3929 1983 3994 πάθους.

340 4020 495 4084 Εἰκὸς
564 4020 665 4097 γὰρ
720 4022 789 4086 ἦν
859 4019 1046 4083 αύτούς
1100 4016 1556 4098 διαφιϐονεικῆσαι
1610 4019 1727 4097 περὶ
1774 4018 1983 4096 τούτου,

336 4106 560 4186 λέγοντα
615 4106 858 4182 ἕκαστον,
929 4100 1012 4165 ὅτι
1076 4108 1137 4164 οὗ
1192 4106 1277 4163 διὰ
1328 4109 1428 4176 τὴν
1485 4106 1623 4183 ἐμὴν
1674 4105 1981 4182 ἀδυναμίαν,

332 4194 472 4253 αλλὰ
526 4195 610 4254 διὰ
685 4197 784 4266 τὴν
852 4196 945 4254 τοῦ
1017 4194 1190 4259 δεῖνος
1222 4201 1316 4257 οὐκ
1371 4196 1686 4275 ἐθεραπεύθη
1744 4196 1773 4252 ὀ
1825 4208 1981 4269 παῖς,

334 4285 612 4346 κάντεῦθεν
677 4286 971 4367 ἀναφθῆναι
1027 4286 1129 4353 τὴν
1183 4289 1301 4366 περὶ
1330 4296 1444 4366 τοῦ,
1503 4286 1580 4349 τίς
1637 4284 1699 4340 ἂν
1742 4284 1835 4351 εἴη
1865 4285 1985 4360 μεί⁹

334 4384 459 4454 ζων,
516 4377 646 4457 ἔριν.
707 4367 858 4435 Ἀλλ’
927 4379 955 4434 6
1019 4378 1228 4455 Κύριος,
1304 4377 1453 4443 εἰδὼς
1482 4378 1577 4441 τὰς
1610 4376 1823 4457 καρδίας
1856 4375 1987 4432 ἐκοί-

335 4486 485 4540 στου,
547 4466 751 4547 φθάνει,
802 4467 892 4523 καὶ
948 4468 1068 4545 πρὶν
1126 4470 1161 4538 ἡ
1213 4466 1455 4535 αὐξηθείη
1496 4469 1557 4524 τὸ
1608 4467 1770 4532 πάθος
1802 4468 1980 4545 τοῦτο,

336 4526 619 4627 σπουδάζξει
670 4526 947 4635 πριόῤῥιζον
991 4526 1299 4632 ,ἐκτεμεϊνί
1326 4526 1664 4636 ’Ἃρχόμενα
1729 4526 1827 4632 μὲν
1882 4526 1982 4633 γὰρ
2005 4526 2047 4577 D

333 4642 399 4699 τὰ
453 4640 597 4711 πάθη
672 4648 918 4702 νικῶνται
970 4642 1180 4721 ῥᾳδίως,
1272 4641 1560 4711 αὐξηθέντα
1641 4641 1696 4700 δὲ
1745 4643 1981 4701 δυσαπό-

336 4729 511 4799 6λητα
573 4732 796 4811 γίνεται.
859 4739 987 4798 Πῶς
1015 4733 1102 4790 οὖν
1134 4732 1373 4809 ἐκτέμνει
1400 4735 1463 4790 τὸ
1492 4733 1656 4791 κακόν
1692 4753 1709 4806 ;
1752 4731 1982 4792 Ἐπιλα-

329 4818 576 4896 ϐόμενος,
630 4823 781 4901 φησὶ,
836 4820 1067 4899 παιδίου,
1131 4820 1357 4880 δείκνυσι
1416 4830 1573 4881 τοῦτο
1622 4837 1742 4887 τοῖς
1799 4826 1981 4900 μαθη-

332 4921 479 4973 ταῖς·
541 4908 720 4979 δηλῶν
787 4912 972 4975 αὐτοῖς
1023 4910 1108 4967 διὰ
1179 4912 1386 4993 τούτου,
1421 4913 1502 4969 ὃτι
1556 4914 1807 4980 τοιαύτην
1835 4916 1982 4992 γνώ-

331 5020 442 5074 μην
498 4996 582 5057 δεῖ
636 5001 779 5076 ἡμᾶς
851 4999 906 5056 έν
976 5000 1189 5064 ἑαυτοῖς
1247 5001 1680 5081 κατασκευάζειν,
1711 5000 1832 5058 ο⁹ίαν
1864 5006 1981 5066 τοῖς

331 5084 554 5154 παιδίοις
606 5088 643 5157 ἢ
702 5088 883 5158 ἡλικία
912 5086 1130 5147 δέδωκε.
1207 5097 1382 5147 Ταῦτα
1412 5091 1511 5168 γὰρ
1555 5090 1880 5170 ἆπειρόκακά
1923 5093 1981 5147 τέ

331 5178 430 5234 εἶσι
484 5179 573 5235 καὶ
657 5176 1021 5258 ἁπλούστατα,
1101 5179 1239 5260 μήτε
1318 5177 1612 5260 φιλοδοξίας
1693 5178 1977 5259 λογισμοῖς

329 5264 717 5347 ἰνοχλούμενα,
783 5269 923 5345 μήτε
966 5257 1350 5349 φιλοπρωτίαςξ
1407 5257 1523 5336 ’Ὃς
1556 5272 1669 5350 οὖν,
1704 5257 1856 5350 φησὶ,
1887 5267 1978 5325 δέ-

328 5352 470 5420 ξεται
524 5355 762 5414 τοιοῦτον
818 5356 1024 5415 παιδίον
1069 5358 1154 5416 ἐπὶ
1176 5365 1253 5434 τῷ
1282 5358 1502 5435 ὀνόματί
1543 5381 1666 5435 μου,
1699 5358 1796 5435 ἐμὲ
1824 5357 1980 5439 δέχε-

327 5465 439 5509 ται,
527 5444 616 5504 ”Ο
674 5443 729 5502 δὲ
800 5445 971 5527 λέγει,
1002 5448 1242 5506 τοιοῦτόν
1272 5448 1435 5505 ἐστιν’
1477 5439 1661 5525 ’Υμεῖς
1694 5448 1788 5524 μὲν
1818 5450 1976 5524 νομί-

328 5540 466 5614 ζετε,
526 5532 609 5591 ὅτι
652 5608 657 5617 ν
695 5535 786 5592 ἐὰν
852 5533 1068 5615 σοϐαροὶ
1122 5538 1375 5619 φαίνησθε
1404 5538 1494 5595 καὶ
1536 5536 1819 5618 φιλόδοξοι,
1850 5539 1969 5595 τότε

327 5623 541 5702 ἀρέσετε
614 5638 731 5689 τοῖς
776 5625 1027 5701 πολλοῖς,
1060 5628 1148 5684 καὶ
1176 5628 1299 5685 τότε
1330 5628 1566 5692 πλείονες
1637 5626 1970 5693 ὑποδέξονται

326 5713 488 5789 ὑμᾶς.
550 5711 694 5795 Ἐγὼ
735 5714 792 5773 δὲ
847 5715 989 5797 λέγω
1054 5717 1207 5794 ὑμῖν,
1265 5714 1348 5776 ὅτι
1404 5725 1654 5777 τοσοῦτον
1697 5721 1771 5789 τῆ
1792 5716 1967 5775 ἁπλό-

2076 3555 2329 3620 biscum.
2363 3556 2433 3617 Et
2460 3559 2543 3618 ait
2573 3558 2642 3619 ad
2677 3558 2841 3621 illum
2873 3559 3084 3624 Jesus:
3118 3561 3315 3625 Nolite
3349 3562 3667 3643 prohibere
3704 3580 3723 3645 :~

2070 3646 2169 3726 qui
2206 3647 2363 3708 enim
2397 3666 2513 3707 non
2548 3656 2635 3710 est
2667 3649 2980 3710 adversum
3014 3669 3146 3714 nos.
3199 3670 3304 3731 pro
3338 3651 3510 3712 nobis
3541 3658 3650 3712 est.
3691 3675 3715 3710 ν

2068 3735 2310 3798 Morbus
2326 3735 2521 3797 inanis
2538 3738 2742 3817 gloriae
2763 3740 3064 3819 apostolos
3089 3740 3723 3803 invasit.Mihividetur

2067 3833 2261 3887 ortum
2290 3824 2348 3886 id
2382 3825 2538 3888 inter
2568 3828 2801 3907 illos,eo
2833 3829 2989 3909 quod
3025 3829 3456 3891 daamoniacum
3491 3850 3606 3891 non
3628 3850 3716 3892 sa-

2072 3916 2286 3976 narint.
2322 3914 2659 3978 Verisimile
2684 3916 2839 3978 enim
2872 3919 3030 3999 quod
3063 3938 3247 3999 super
3269 3920 3379 3981 hoc
3402 3921 3717 3982 contende-

2073 4002 2213 4073 rint,
2247 4004 2585 4068 dicentibus
2623 4007 2869 4085 singulis
2900 4008 3054 4087 quod
3102 4028 3221 4070 non
3256 4016 3496 4090 propter
3524 4028 3717 4085 suam,

2070 4094 2174 4155 sed
2207 4093 2454 4155 alterius
2488 4095 2796 4175 cujusdam
2833 4098 3235 4159 infirmitatem
3258 4117 3403 4178 puer
3429 4098 3527 4159 ille
3551 4116 3722 4159 sana-

2071 4190 2161 4244 tus
2186 4201 2300 4243 non
2332 4183 2507 4244 fuerit
2541 4204 2554 4244 :
2585 4192 2642 4246 et
2673 4185 2810 4246 inde
2829 4205 3079 4248 accensa
3110 4188 3179 4248 lis
3211 4195 3322 4260 est,
3355 4187 3486 4267 quis
3513 4205 3717 4249 eorum

2070 4275 2259 4353 major
2274 4272 2532 4334 esset.At
2549 4272 2838 4335 Dominus
2860 4276 2996 4337 visis
3020 4276 3387 4355 singulorum
3415 4275 3715 4350 cordibus,

2069 4360 2397 4443 praevenit:
2444 4370 2501 4423 et
2548 4363 2890 4444 priusquam
2946 4365 3185 4426 morbus
3244 4364 3713 4438 incrudesceret,

2069 4452 2291 4512 curavit
2324 4450 2607 4514 radicitus
2641 4453 2804 4532 ejici.
2835 4453 3024 4517 Morbi
3058 4455 3214 4515 enim
3247 4453 3321 4515 ab
3349 4454 3517 4515 initio
3547 4454 3718 4515 facile

2067 4541 2411 4603 vincuntur:
2448 4560 2579 4602 cum
2603 4560 2739 4603 vero
2772 4542 3418 4617 incruduerint,curatu
3453 4542 3719 4605 difﬁciles

2066 4629 2436 4711 suntltaque
2464 4631 2763 4711 quomodo
2785 4632 2999 4692 malum
3036 4633 3146 4693 hoc
3169 4631 3715 4712 emendat‘Mppre-

2066 4721 2318 4785 liensum
2353 4738 2603 4800 puerum
2654 4721 2912 4783 ostendit
2966 4721 3298 4801 discipulis,
3334 4722 3717 4782 manifestans

2066 4809 2157 4871 eis
2192 4827 2296 4890 per
2327 4809 2626 4889 hoc,quod
2652 4809 2827 4873 talem
2856 4819 3113 4872 mentem
3147 4819 3377 4890 oportet
3402 4808 3584 4871 nosin
3606 4828 3711 4870 no-

2067 4897 2159 4961 bis
2192 4915 2423 4979 parare,
2462 4898 2652 4979 qualis
2681 4908 2767 4961 est
2797 4899 2857 4960 in
2891 4900 3115 4975 pueris.
3158 4898 3245 4961 Illi
3277 4900 3437 4961 enim
3471 4899 3717 4963 malitiae

2067 4996 2344 5069 expertes
2377 4997 2513 5049 sunt
2535 4995 2591 5050 et
2623 4987 3278 5069 simplicissimi,neque
3299 4989 3491 5050 inanis
3513 4987 3716 5067 gloriae

2066 5096 2262 5158 neque
2320 5077 2661 5139 ambitionis
2709 5077 3163 5157 cogitationibus
3194 5078 3563 5140 divexantur.
3603 5076 3713 5150 Qui

2063 5167 2263 5247 igitur,
2291 5166 2506 5249 inquit,
2537 5167 2872 5248 susceperit
2895 5168 3065 5229 talem
3103 5187 3349 5248 puerum
3380 5167 3439 5228 in
3472 5167 3714 5228 nomine

2063 5277 2220 5338 meo,
2257 5274 2352 5319 me
2376 5255 2818 5336 suscipit.Quod
2855 5265 3049 5317 autem
3083 5256 3247 5337 dicit,
3274 5258 3433 5318 hunc
3466 5273 3710 5317 sensum

2058 5347 2236 5411 habet
2270 5368 2282 5410 :
2318 5348 2436 5406 Vos
2466 5345 2703 5426 quidem
2739 5344 3088 5424 opinamini,
3122 5347 3275 5425 quod
3319 5347 3367 5407 si
3393 5343 3711 5426 pompatici

2059 5446 2116 5500 et
2140 5435 2380 5517 gloriosi
2412 5433 2666 5509 fueritis,
2690 5435 2892 5495 multis
2925 5435 3229 5516 placeatis,
3265 5437 3582 5516 pluresque
3609 5451 3712 5494 vos

2056 5524 2527 5606 suscepturisint
2559 5523 2677 5603 Ego
2692 5532 2885 5588 autem
2908 5524 3042 5585 dico
3068 5524 3423 5607 vobis,quod
3447 5533 3712 5605 tantope-

2054 5638 2118 5683 re
2140 5615 2369 5698 gaudeo
2394 5613 2794 5693 simplicitate,
2826 5624 2883 5677 et
2908 5614 3063 5696 quod
3092 5632 3161 5675 ea
3190 5614 3511 5695 discipulos
3544 5630 3709 5674 meos

2052 5710 2134 5773 ita
2164 5704 2474 5783 discernit,
2510 5711 2571 5767 ut
2596 5704 2868 5787 quisquis
2898 5703 3403 5784 simplicissimum
3434 5703 3622 5767 virum
3649 5712 3707 5764 et
