4132 6298
436 372 551 438 827
1390 382 1983 450 THEOPHYLACTI
2026 378 2438 443 BULGARIE
2480 379 2838 445 ARCHIEP.
3704 382 3827 450 828

436 514 813 577 innocentem
847 521 1176 599 susceperit
1207 529 1273 582 ut
1296 540 1493 585 meum
1527 520 1885 602 discipulum
1924 539 1937 583 :
1971 519 2060 580 hoc

2144 538 2288 584 ,τητι
2348 518 2543 599 χαίρω,
2595 519 2682 577 καὶ
2759 519 2896 577 οὕτω
2995 519 3375 602 χαρακτηρίζει
3465 519 3599 587 αὕτη
3694 520 3822 586 τοὺς

435 604 592 665 enim
627 612 718 669 est
741 608 897 683 quod
933 598 1100 681 dicit,
1126 611 1185 672 in
1211 613 1453 674 nomine
1486 630 1617 673 meo
1646 631 1657 673 :
1683 598 1786 672 me
1808 609 2058 690 suscipit

2166 608 2322 679 ἐμοὺς
2380 598 2647 684 μαθητὰς,
2716 609 2853 667 ὥστε
2911 598 3058 673 ὅστις
3116 598 3177 664 ἅν
3227 607 3438 677 δέξηται
3488 611 3577 667 τὸν
3608 608 3819 668 ἁπλού-

433 692 543 765 Qui
563 703 757 759 autem
782 709 1155 777 arrogantem
1177 701 1654 783 suscipit,neque
1691 718 1888 762 meum
1908 699 2057 761 disci

2164 718 2353 753 στατον
2403 696 2559 778 ἄνδρα
2610 700 2695 756 καὶ
2751 696 2967 771 ἄκακον,
3016 700 3091 762 ὡς
3150 698 3279 774 ἐμὸν
3335 700 3582 773 μαθητὴν
3632 698 3817 775 (τοῦτο

435 784 638 859 pulum
696 786 963 867 suscipit.
1011 808 1203 870 neque
1258 811 1375 853 me.
1428 790 1824 871 Respondens
1879 798 2060 851 auten

2164 788 2263 865 γὰρ
2306 787 2414 843 ἐστι
2474 789 2560 862 τὸ,
2613 788 2698 844 ἐπὶ
2753 795 2829 861 τῷ
2861 788 3080 862 ὀνόματί
3105 789 3250 867 μου),
3300 787 3397 863 ἐμὲ
3453 787 3697 869 δέχεται.
3752 788 3814 849 ’0

427 872 685 935 Joannes
717 875 862 938 dixit
893 898 905 938 :
937 878 1212 961 Domine,
1234 881 1487 941 vidimus
1519 880 1834 961 quemdam
1870 878 1929 939 in
1964 898 2060 940 no-

2164 877 2261 955 γὰρ
2321 876 2549 948 ἀλαζόνα
2604 876 2922 961 δεχόμενος,
2968 876 3086 934 οὔτε
3118 877 3247 961 ἐμὸν
3278 879 3521 951 μαθητὴν
3568 876 3812 961 δέχεται,

431 961 590 1024 mine
609 972 705 1025 tuo
729 966 1065 1044 ejicientem
1090 956 1471 1050 daemonia,et
1491 956 2060 1050 prohibuiinuseum.

2160 964 2276 1023 οὔτε
2349 966 2465 1042 ἐμὲ,
2530 956 2885 1047 Ἀποκριθεὶς
2919 965 2973 1023 δὲ
3032 969 3059 1023 6
3122 956 3368 1032 Ἰωάννης
3411 968 3561 1025 εἶπεν
3628 956 3809 1047 Κύριε,

429 1050 709 1140 Quaenam
749 1059 1043 1118 sermonis
1084 1058 1244 1120 illius
1275 1061 1701 1140 consequentia
1730 1078 1903 1137 quem
1932 1058 2078 1119 dixit

428 1139 710 1229 Joannes,
746 1146 816 1206 ad
836 1166 906 1208 ea
926 1167 1055 1226 quae
1084 1149 1231 1210 dixit
1254 1139 1569 1213 Dominus?
1602 1148 1813 1229 Utique
1840 1166 2070 1226 magna.

430 1228 579 1319 Quia
611 1234 768 1294 enim
800 1236 1030 1298 dixerat
1058 1238 1342 1299 Dominus
1389 1239 1546 1319 quod
1599 1228 1792 1302 Minor
1821 1238 1880 1298 in
1913 1237 2078 1298 VublS

432 1318 528 1381 hic
560 1322 673 1384 erit
702 1327 1188 1403 magnus,timere
1211 1328 1387 1407 cmpit
1410 1318 1672 1391 doannes
1692 1347 1765 1389 ne
1783 1328 1932 1388 forte
1959 1345 2077 1388 ma-

429 1408 547 1469 lum
600 1413 740 1491 quid
793 1416 1092 1490 fecissent,
1149 1418 1393 1479 homine
1448 1437 1555 1497 per
1587 1420 1984 1497 arrogantiam
2016 1423 2077 1482 et

2158 1053 2368 1131 εἴδομεν
2430 1080 2545 1113 τινα
2599 1060 2685 1114 ἐπὶ
2741 1061 2818 1131 τῷ
2848 1058 3069 1133 ὀνόματί
3113 1079 3206 1115 σου
3250 1054 3580 1114 ἐκϐάλλοντα
3607 1056 3809 1133 δαιμό-

2158 1167 2265 1219 νια,
2351 1148 2441 1204 καὶ
2524 1146 2864 1223 ἐκωλύσαμεν
2921 1147 3099 1209 αὐτόν,
3193 1150 3325 1203 Ποία
3381 1146 3662 1204 ἀκολουθία
3714 1149 3809 1206 τοῦ

2159 1233 2340 1313 λόγου,
2398 1236 2456 1291 ὅν
2513 1237 2668 1293 εἶπεν
2702 1239 2727 1293 6
2774 1236 3047 1309 Ἰωάννης,
3082 1237 3214 1310 πρὸς
3244 1235 3280 1291 ἅ
3323 1240 3477 1293 εἶπεν
3508 1239 3535 1293 6
3567 1235 3803 1313 Κύριος

2159 1323 2339 1392 Πολλὴ
2406 1327 2504 1401 μὲν
2566 1328 2675 1385 οῦν.
2741 1323 2889 1384 Ἐπεὶ
2957 1328 3055 1405 γὰρ
3116 1326 3271 1382 εἶπεν
3340 1328 3367 1382 6
3434 1328 3647 1408 Κύριος,
3722 1328 3806 1386 ὅτι

2158 1412 2216 1473 Ὀ
2275 1415 2582 1493 μικρότερος
2642 1415 2696 1471 ἐν
2743 1416 2873 1491 ὑμῖν
2929 1416 3209 1496 ὑπάρχων,
3268 1428 3416 1481 οϊτος
3474 1415 3618 1473 ἔσται
3699 1418 3805 1493 μὲ-

429 1502 766 1578 superbiam
800 1505 1120 1584 prohibito.
1158 1505 1300 1568 Nam
1340 1507 1658 1585 prohibere
1705 1508 1963 1586 aliquem
1997 1510 2060 1572 ab

2154 1525 2272 1581 γας,
2335 1502 2569 1584 ἐφοϐήθη
2643 1502 2831 1561 λοιπὸν
2908 1508 2936 1561 6
2997 1502 3272 1584 Ἰωάννης,
3305 1506 3498 1579 μήπως
3550 1506 3715 1563 κακόν
3748 1530 3799 1563 τι

425 1588 770 1668 aliquo,non
791 1592 1084 1657 minorem
1102 1597 1293 1674 arguit
1320 1598 1460 1659 559
1490 1616 1623 1658 eum
1650 1600 1748 1678 qui
1769 1599 2060 1678 prohibet,

2153 1592 2407 1660 ἐποίησαν
2489 1594 2826 1659 κωλύσαντες
2909 1594 3183 1674 ἄνθρωπον
3255 1592 3657 1661 ἐξουσιαστικῶς
3712 1599 3804 1654 καὶ

427 1678 531 1739 sed
565 1682 750 1759 majus
782 1684 1060 1764 quiddam
1094 1686 1167 1748 de
1198 1706 1263 1747 se
1294 1686 1673 1761 sentientem,
1697 1706 1870 1767 quam
1903 1688 1980 1751 de
1998 1709 2060 1752 eo

2152 1680 2500 1753 ἀλαζονικῶς.
2567 1684 2637 1741 Τὸ
2718 1685 2816 1763 γὰρ
2872 1683 3095 1742 κωλύειν
3152 1685 3271 1741 τινὰ
3319 1685 3424 1741 ἀπὸ
3481 1707 3645 1766 τινος,
3708 1690 3804 1745 οῦκ

425 1767 525 1846 qui
554 1770 901 1848 prohibetur
917 1774 988 1836 ab
1006 1775 1422 1855 ipso.Proinde
1446 1778 1702 1838 Joannes
1728 1776 1971 1839 timebat
1995 1799 2060 1842 ne

2156 1770 2411 1828 ἐλάττονα
2458 1772 2699 1852 ἐμφαίνει
2771 1775 2863 1830 τὸν
2922 1772 3219 1853 κωλύοντα,
3278 1772 3413 1830 ἀλλὰ
3473 1776 3714 1853 κρεῖττόν
3750 1800 3799 1834 τι

424 1855 572 1948 forte
616 1862 931 1941 superbius
981 1865 1199 1941 egisset
1252 1865 1549 1946 prohibito
1592 1866 1856 1928 homine.
1893 1869 2060 1948 Cujus

2152 1868 2439 1943 φρονοῦντα
2493 1861 2692 1919 ἐκείνου
2744 1865 2838 1920 τοῦ
2894 1862 3233 1939 κωλυομένου
3320 1861 3445 1943 παρ’
3516 1866 3695 1929 αῦτοῦ,
3759 1877 3799 1926 0

423 1945 601 2023 igitur
629 1954 811 2026 gratia
834 1945 1263 2034 prohibuerunt
1295 1959 1773 2021 hominem?Non
1799 1945 2066 2018 invidén-

422 2038 641 2109 ίθδνεθά
678 2040 983 2122 indignum
1015 2048 1185 2110 illum
1212 2050 1553 2128 judicanles
1584 2048 1684 2129 qui
1718 2046 2063 2108 miraculum

420 2137 784 2217 operaretur:
809 2152 925 2194 non
959 2138 1116 2200 enim
1144 2138 1347 2199 aderat
1371 2158 1505 2199 cum
1532 2138 1647 2199 illis
1670 2136 1856 2217 gratia
1882 2154 2063 2215 agen-

417 2212 626 2308 dorum
665 2220 1083 2286 miraculorum
1118 2226 1378 2301 daretur,
1414 2246 1607 2308 neque
1635 2212 1707 2289 ad
1739 2227 1853 2288 hoc
1876 2212 2062 2286 a'Do-

419 2303 581 2364 mino
627 2310 879 2372 emissus
934 2324 1080 2396 erat,
1137 2317 1292 2378 sicut
1349 2320 1471 2394 alii,
1512 2303 1717 2396 ineque
1763 2314 2061 2377 Christum

417 2410 667 2486 usquam
701 2401 1120 2478 sequebantur.
1157 2406 1306 2477 Quid
1342 2410 1515 2486 igitur
1533 2404 2056 2477 Dominus?Sinite,

417 2482 632 2562 inquit,
668 2504 802 2549 eum
840 2491 952 2553 hoc
981 2493 1195 2556 facere.
1220 2482 1487 2559 Conterit
1518 2495 1677 2557 enim
1712 2503 1770 2555 et
1800 2494 1928 2574 ipse
1948 2493 2059 2556 Sa—

418 2578 569 2632 tanae
597 2584 859 2655 caputzet
889 2581 1027 2659 quia
1058 2602 1174 2645 non
1208 2586 1477 2648 obstabat
1510 2584 1671 2646 vobis
1688 2585 1757 2646 ad
1785 2584 2064 2659 praedica-

416 2659 663 2754 tionem,
700 2684 817 2727 non
852 2674 1745 2751 cooperaturdiabolo.Proiude
1772 2692 1876 2754 pro
1895 2673 2067 2735 nobis

417 2757 525 2811 θεία
563 2750 672 2845 Qui
700 2756 857 2818 enim
891 2750 1008 2822 non
1034 2772 1122 2825 est
1149 2774 1352 2827 contra
1383 2764 1593 2840 Deum,
1630 2783 1736 2845 pro
1764 2750 1888 2827 Deo
1921 2771 2009 2825 est
2043 2774 2059 2818 ἰ

419 2844 917 2934 quemadmodum
954 2852 1049 2932 qui
1090 2873 1207 2915 non
1240 2865 1558 2934 congregat
1591 2844 1726 2917 cum
1770 2852 1915 2934 Deo,
1964 2853 2066 2915 ille

415 2932 801 3025 cumdiabolo
827 2941 1255 3006 est.Admirare
1273 2932 2062 3025 aut—emi,obsecro,virtutem

413 3021 673 3116 nominis
702 3023 937 3102 Christi,
976 3033 1273 3112 quomodo
1303 3043 1357 3096 et
1391 3021 1496 3116 per
1528 3021 1828 3113 indignos,
1857 3042 1919 3095 et
1957 3053 2062 3095 eos

2149 1952 2318 2009 τοίνυν
2381 1951 2634 2019 Ἰωάννης
2698 1950 2933 2032 ἐφοϐήθη
2990 1959 3172 2028 τοῦτο,
3245 1954 3437 2027 μήπως
3488 1953 3802 2026 ἀλαζονικὸν

2149 2041 2300 2118 ἔργον
2365 2041 2607 2123 ἐποίησε,
2682 2041 2927 2105 κωλύσας
3010 2050 3101 2099 τὸν
3185 2041 3482 2123 ἄνθρωπον.
3534 2045 3683 2111 Τίνος
3742 2046 3798 2104 δὲ

2148 2132 2324 2188 ἕνεκεν
2380 2130 2612 2188 ἐκώλυον
2686 2133 2779 2188 τὸν
2822 2131 3094 2210 ἄνθρωπον
3129 2153 3144 2204 ;
3177 2134 3251 2190 Οὔ
3278 2137 3612 2214 φθονοῦντες,
3657 2134 3799 2193 ἀλλά

2147 2223 2407 2298 κρίνοντες
2480 2222 2636 2280 αὐτόν
2690 2219 2898 2287 ἀνάξιον
2961 2229 3052 2278 τοῦ
3118 2226 3567 2302 θαυματουργεϊν·
3598 2229 3657 2284 οῦ
3697 2227 3799 2307 γὰρ

2145 2313 2212 2377 ἦν
2248 2308 2363 2386 μετ’
2420 2310 2592 2367 αῦτῶν
2649 2308 2925 2385 δεξάμενος
2953 2311 3052 2368 τὴν
3112 2312 3281 2390 χάριν
3322 2315 3415 2369 τοῦ
3461 2316 3799 2395 θαυματουρ-

2145 2401 2291 2479 γεῖν,
2356 2397 2463 2456 οὐδ’
2521 2398 2830 2455 ἀπέστειλεν
2896 2398 3051 2455 αῦτὸν
3123 2401 3209 2457 ἐπὶ
3288 2411 3441 2461 τοῦτο
3485 2405 3514 2459 ὁ
3586 2406 3795 2486 Κύριος,

2150 2490 2328 2569 ὥσπερ
2379 2492 2465 2546 καὶ
2528 2489 2738 2552 αὐτούς·
2800 2486 2917 2548 οὐδὲ
2967 2488 3245 2556 ἠκολούθει
3299 2490 3434 2557 ὅλως
3483 2501 3561 2567 τῷ
3592 2492 3792 2561 Ἰησου.

2151 2581 2210 2637 Τί
2239 2579 2327 2635 οῦν
2359 2582 2385 2635 ὁ
2432 2579 2617 2658 Κύριος
2653 2596 2669 2654 ;
2706 2569 2937 2657 ”Αφετε,
2984 2581 3167 2657 φησὶν,
3202 2581 3356 2637 αὐτὸν
3397 2589 3548 2639 τοῦτο
3589 2598 3791 2641 ποιεῖν*

2150 2666 2420 2747 Συντρίϐει
2479 2669 2577 2747 γὰρ
2635 2669 2723 2724 καὶ
2784 2668 2941 2732 αὐτὸς
2997 2668 3098 2735 τὴν
3146 2676 3354 2725 Σατανᾶ
3402 2667 3651 2745 δύναμιν,
3702 2676 3794 2731 καὶ

2150 2757 2262 2814 ἐπεὶ
2313 2757 2407 2814 οὒκ
2470 2755 2736 2833 ἐμποδίζει
2794 2759 2923 2833 ὑμῖν
2987 2759 3058 2821 εἷς
3088 2760 3148 2813 τὸ
3195 2760 3460 2838 κήρυγμα,
3494 2758 3611 2818 οὐδὲ
3643 2783 3788 2836 συμ-

2148 2849 2365 2927 πράττει
2424 2853 2502 2920 τῷ
2557 2844 2810 2927 διαϐόλῳ,
2884 2845 3067 2904 λοιπὸν
3094 2846 3221 2924 ὑπὲρ
3261 2848 3413 2921 ἡμῶν
3459 2847 3627 2908 ἐστιν.
3667 2839 3782 2916 υΟς

2146 2939 2246 3017 γὰρ
2302 2942 2396 2996 οὒκ
2426 2936 2535 2992 ἔστι
2585 2936 2719 2993 κατά
2785 2944 2879 2994 τοῦ
2951 2944 3102 3016 Θεοῦ,
3142 2936 3269 3016 ὑπὲρ
3296 2943 3389 2993 τοῦ
3419 2944 3548 2995 Θεοῦ
3607 2938 3775 3014 ἐστιν,

2146 3027 2324 3105 ὥσπερ
2381 3026 2521 3088 ὅστις
2575 3027 2634 3082 οὐ
2687 3027 2898 3104 συνάγει
2930 3027 3062 3099 μετὰ
3090 3033 3183 3082 τοῦ
3226 3033 3380 3101 Θεοῦ,
3412 3026 3615 3091 ἐκεῖνος
3647 3030 3784 3103 μετὰ

411 3113 508 3204 qui
544 3130 660 3174 non
694 3126 863 3178 erant
903 3099 1034 3199 ejus
1077 3099 1612 3203 discipuli,'gratia
1652 3099 1951 3204 operetur,
2002 3131 2060 3186 el

2144 3125 2235 3174 τοῦ
2303 3114 2548 3173 διαϐόλου
2606 3115 2741 3176 ἐστί.
2817 3115 3098 3191 Θαύμασον
3155 3112 3211 3171 δέ
3265 3138 3355 3190 μοι
3410 3116 3507 3183 τὴν
3565 3114 3786 3193 δύναμιν

410 3200 600 3294 solum
634 3206 944 3294 nominati,
979 3210 1057 3272 ita
1090 3221 1146 3274 et
1179 3200 1285 3294 per
1314 3200 1940 3290 sacerdotes-etiamsi
1970 3215 2058 3275 in-

2144 3210 2232 3264 τοῦ
2284 3207 2545 3268 ὀνόματος
2602 3212 2694 3261 τοῦ
2745 3211 2995 3285 Χριστοῦ,
3052 3210 3167 3270 πῶς
3210 3206 3298 3261 καὶ
3353 3203 3437 3262 διὰ
3485 3212 3590 3263 τῶν
3651 3209 3786 3264 ἂνα-

409 3288 569 3368 digni
624 3292 862 3372 fuerint,
927 3288 1207 3379 operatur
1253 3304 1459 3380 gratia,
1514 3312 1573 3366 et
1615 3288 2059 3366 sanctiﬁcantur

2144 3295 2257 3363 Ξίων
2327 3297 2413 3352 καὶ
2469 3296 2546 3370 μὴ
2610 3295 2775 3352 ὃντων
2846 3294 3099 3366 μαθητῶν
3143 3298 3326 3374 αύτοῦ,
3360 3295 3568 3374 ἐνήργει
3597 3297 3630 3363 ἡ
3676 3297 3785 3377 χά-

412 3397 639 3456 omnes,
673 3384 903 3448 etiamsi
936 3388 1202 3470 impurus
1226 3391 1403 3454 fuerit
1442 3393 1744 3454 sacerdos.

2144 3411 2244 3467 ρις,
2304 3388 2391 3443 καὶ
2450 3384 2617 3460 ψιλῶς
2673 3384 3089 3459 ὀνομαζομένου,
3171 3384 3308 3439 οὕτω
3366 3386 3453 3440 καὶ
3523 3382 3609 3441 διὰ
3676 3386 3785 3445 τῶν

2135 3480 2340 3558 ἱερέων,
2398 3474 2495 3531 κάν
2559 3473 2765 3540 ἀνάξιοι
2796 3477 2948 3544 ὦσιν,
2994 3474 3203 3554 ἐνεργεῖ
3238 3476 3272 3543 ἡ
3316 3474 3474 3555 χάρις
3504 3478 3591 3533 καὶ
3619 3479 3781 3557 ἁγιά-

2136 3579 2311 3642 ζονται
2346 3564 2565 3639 πάντες,
2598 3562 2695 3621 κᾶν
2729 3562 2952 3642 ἄναγνος
2996 3562 3087 3630 εἴη
3120 3566 3147 3621 ὁ
3176 3566 3367 3643 ἱερεύς.
3470 3568 3475 3573 ’

489 3647 665 3713 VERS.
691 3654 909 3719 51-56.
952 3680 974 3713 (ι
1001 3657 1240 3721 Factum
1267 3669 1356 3722 est
1381 3668 1578 3721 autem
1613 3661 1751 3722 dum
1784 3662 2053 3742 comple-

2223 3685 2249 3714 α
2338 3656 2583 3733 Ἐγένετο
2642 3653 2696 3709 δὲ
2756 3653 2809 3709 ἐν
2866 3659 2943 3727 τῷ
2978 3653 3406 3733 συμπληροῦσθαι
3455 3656 3547 3721 τὰς

407 3747 616 3844 rentur
642 3742 769 3805 dies
797 3749 1219 3829 assumptionis
1249 3752 1466 3831 ejus,et
1497 3751 1624 3831 ipse
1656 3750 1865 3812 faciem
1888 3769 2050 3812 suam

2144 3758 2236 3817 τῆς
2293 3745 2613 3819 ἀναλήψεως
2672 3747 2848 3821 αὐτοῦ,
2901 3745 2987 3800 καὶ
3023 3742 3180 3805 αὐτός
3210 3745 3270 3799 τὸ
3313 3744 3596 3822 πρόσωπον
3626 3753 3783 3804 αὐτοῦ

2144 3841 2152 3844 .
2253 3841 2262 3844 -
2325 3837 2345 3844 .-
2499 3841 2520 3844 .Α
2727 3834 2739 3844 ι
2809 3837 2828 3844 ρ
3001 3835 3015 3844 ι
3108 3825 3140 3844 εκ
3339 3831 3356 3844 \
3381 3834 3392 3844 ι
3596 3836 3608 3844 ι
3680 3836 3693 3844 ι

407 3824 913 3921 o_bf1rmaverat,ut
943 3824 1055 3900 iret
1086 3824 1573 3921 Hierosolymam,
1608 3848 1665 3901 et
1699 3840 1854 3901 misit
1897 3860 2051 3901 nun—

2144 3837 2375 3917 ἐστήριξε
2433 3841 2526 3891 τοῦ
2581 3834 2894 3912 πορεύεσθαι
2974 3835 3047 3896 εἷς
3108 3825 3475 3914 Ἰερουσαλὴμ,
3525 3836 3614 3891 καὶ
3670 3836 3781 3891 ἀπ..

410 3914 519 4006 tios
538 3928 686 4006 ante
712 3935 1093 4006 conspectum
1117 3947 1312 4004 suum,
1341 3914 1397 3992 et
1425 3914 1635 3991 euntes
1681 3928 2055 3993 intraverunt

2144 3914 2372 3986 ἔστειλεν
2430 3921 2690 4003 ἀγγέλους
2744 3924 2845 4000 πρὸ
2902 3923 3183 4001 προσὼπου
3234 3924 3409 3996 αὑτοῦ,
3467 3924 3556 3980 καὶ
3586 3946 3783 4003 πορευ-

405 3999 468 4062 in
498 4004 792 4074 civitatem
836 3999 1363 4092 Samaritanorum,
1398 4028 1460 4080 ut
1512 4028 1790 4100 pararent
1840 4019 1948 4082 illi.
1983 4021 2058 4083 El

2144 4018 2335 4085 θέντες,
2425 3999 2666 4080 εἰσ-ἦλθον
2757 3999 2831 4076 είς
2899 3999 3089 4088 κῶμην
3193 4014 3558 4091 Σαμαρειτῶν,

405 4107 522 4187 non
553 4112 909 4179 receperunt
934 4125 1095 4181 eum,
1122 4109 1259 4187 quia
1289 4108 1468 4169 facies
1513 4099 1644 4187 ejus
1694 4116 1817 4169 erat
1858 4108 2054 4170 euntis

2144 4106 2424 4183 ἑτοιμάσαι
2484 4102 2648 4176 αῦτῷ,
2707 4099 2811 4163 Καὶ
2870 4104 2965 4160 οὐκ
3034 4099 3271 4167 ἐδέξαντο
3334 4102 3512 4181 αὺτὸν,
3590 4101 3670 4159 ὅτι
3720 4105 3782 4160 τὸ

402 4181 893 4277 hierosolymam.
920 4195 1062 4258 Cum
1087 4181 1373 4259 vidissent
1403 4181 1598 4259 autem
1626 4196 1903 4277 discipuli
1927 4200 2055 4277 ejus

2144 4181 2420 4275 πρόσωπον
2480 4193 2636 4249 αὺτοῦ
2725 4190 2790 4259 ἧν
2875 4192 3227 4269 πορευόμενον
3276 4192 3349 4255 εἷς
3406 4188 3780 4268 Ἰερουσαλήμ.

401 4270 653 4367 Iacobus
678 4281 1324 4367 etJoannes,dixerunt
1348 4308 1359 4350 :
1383 4287 1758 4362 Domine,vis
1781 4270 2051 4351 dicamus

2144 4270 2353 4349 Ἰδόντες
2415 4283 2471 4339 δὲ
2529 4284 2576 4338 οἱ
2607 4282 2838 4357 μαθηταὶ
2881 4280 3060 4361 αὒτοῦ,
3098 4277 3349 4346 Ἰάκωϐος
3379 4281 3466 4337 καὶ
3496 4280 3778 4357 Ἰωάννης,

404 4361 630 4459 “lignis
647 4369 720 4434 de
739 4375 885 4435 cmlo
913 4361 1323 4459 descendat,et
1347 4361 1656 4438 consumat
1677 4376 2048 4457 illos,quem-

2144 4378 2313 4434 z'irtov'
2378 4374 2553 4453 Κύριε,
2612 4370 2780 4435 θέλεις
2851 4370 3095 4445 εἴπωμεν
3146 4377 3247 4450 πῦρ
3313 4367 3607 4438 καταϐῆναι
3672 4371 3781 4428 ἀπὸ

398 4449 714 4546 admodum
751 4471 812 4523 et
845 4466 1005 4529 Elias
1036 4467 1201 4530 fecit?
1234 4435 1572 4529 éonversus
1623 4474 1823 4528 autem
1849 4435 2047 4530 1Jesus

2454 4435 2464 4453 .
2537 4435 2552 4447 ι
2996 4435 3007 4445 .
3220 4435 3229 4450 ,
3509 4435 3519 4438 _

2144 4479 2228 4528 τοῦ
2286 4471 2527 4546 ούρανοῦ,
2588 4465 2676 4520 καὶ
2734 4462 3002 4520 ἀναλῶσαι
3053 4465 3239 4528 αὐτοὺς
3319 4465 3389 4529 ὡς
3447 4464 3537 4520 καὶ
3595 4462 3781 4530 Ἠλίας

400 4538 721 4637 increpavit
766 4551 922 4632 illos,
971 4557 1177 4619 dicens
1212 4575 1225 4620 :
1266 4555 1523 4618 Nescitis
1579 4559 1745 4634 cujus
1805 4556 2054 4637 spiritus

2144 4538 2395 4635 ἐποίησε,
2459 4538 2712 4634 Στραφεὶς
2768 4550 2823 4608 δὲ
2880 4554 2909 4608 6
2939 4551 3168 4627 Ἰησοῦς,
3204 4552 3520 4627 ἐπετίμησεν
3571 4555 3781 4629 αὐτοῖς,

399 4630 687 4727 εειὶδ-νοδ.
726 4630 915 4707 ιπιιιυέ
940 4648 1096 4709 enim
1135 4647 1390 4708 hominis
1438 4665 1556 4706 non
1600 4630 1760 4707 venit
1791 4630 1863 4707 ad
1915 4666 2055 4727 per-

2144 4650 2224 4704 καὶ
2284 4658 2457 4701 εἶπενο
2520 4644 2627 4700 Οὔκ
2683 4639 2864 4697 οἴδατε
2920 4640 3037 4697 οἵου
3094 4641 3393 4717 πνεύματός
3424 4642 3541 4698 ἐστε
3594 4643 3775 4716 ὑμεῖς,

400 4717 661 4813 dandum
694 4740 923 4803 animas
952 4740 1285 4813 hominum,
1319 4738 1422 4800 sed
1448 4736 1521 4798 ad
1553 4717 1941 4799 servandum:
1979 4742 2058 4802 Et

2144 4736 2199 4794 Ὀ
2254 4735 2353 4813 γὰρ
2418 4733 2537 4795 Υἱὸς
2568 4737 2655 4786 τοῦ
2699 4730 2971 4809 ἀνθρώπου
3001 4734 3096 4788 οῦκ
3121 4729 3251 4796 ἦλθε
3282 4730 3464 4809 ψυχὰς
3492 4730 3780 4810 ἀνθρώπων

396 4807 673 4907 abierunt
703 4828 761 4890 in
795 4831 955 4892 aliud
990 4807 1363 4891 castellum.»
1402 4827 1552 4900 Quid
1587 4835 1675 4887 est
1704 4827 1862 4907 quod
1880 4828 2049 4903 dicit,

2144 4807 2419 4896 ἀπολέσαι,
2480 4818 2617 4875 ἀλλὰ
2672 4807 2863 4877 σῶσαι,
2931 4819 3028 4877 Καὶ
3073 4807 3429 4898 ἐπορεύθησαν
3471 4820 3545 4883 εἷς
3601 4819 3781 4898 ἐτέραν

396 4896 535 4966 dum
560 4919 1001 4997 complerentur
1029 4918 1158 4979 dies
1186 4936 1382 4979 assum
1393 4916 1609 4997 ptionis
1629 4896 1789 4996 ejus?
1808 4900 1919 4979 hoc
1941 4928 2049 4986 est,

2144 4916 2347 4991 κώμην.
2428 4934 2455 4965 ι
2510 4908 2569 4967 Τί
2654 4908 2794 4965 ἐστιν
2853 4907 2981 4987 ὅπερ
3020 4896 3201 4987 φησὶν,
3260 4908 3339 4966 ὅτι
3385 4909 3592 4987 ἐγένετο
3622 4896 3783 4985 ἐν-τῷ

397 5007 528 5091 Cum
561 5004 816 5070 instabat
862 5020 1092 5088 tempus
1143 5027 1257 5088 quo
1311 5014 1617 5087 postquam
1671 5007 2053 5091 sustinuisset

2144 5000 2563 5079 συμπληροῦσθαι
2618 4998 2712 5061 τὰς
2768 4998 2973 5076 ἡμέρας
3043 4999 3140 5066 τῆς
3195 4997 3514 5075 ἀναλήψεως
3570 5004 3780 5073 αὐτοῦς

391 5087 710 5179 §alutarem
737 5086 1078 5179 passionem
1115 5086 1218 5177 pro
1244 5096 1442 5164 nobis,
1466 5086 1800 5176 70porteliat
1822 5086 2051 5172 assumi

2144 5091 2434 5167 Γουτὲστιν,
2501 5086 2581 5143 ὅτι
2651 5089 2945 5158 ἐνειστήκει
3031 5091 3059 5144 6
3139 5091 3346 5168 καιρὸς,
3408 5088 3524 5145 καθ’
3575 5088 3633 5145 ὅν
3675 5088 3779 5146 ἔδει

397 5176 453 5238 in
487 5176 816 5261 coclum,vet
849 5176 1163 5248 considere
1194 5187 1316 5247 Deo
1350 5193 1407 5245 et
1443 5184 1627 5247 Patri.
1676 5183 1842 5249 Tunc
1876 5186 2050 5266 igitur

2144 5181 2316 5238 λοιπὸν
2366 5180 2426 5235 αὸ
2478 5178 2739 5257 σωτήριον
2786 5178 2915 5257 ὑπὲρ
2978 5180 3134 5255 ἡμῶν
3182 5180 3543 5253 ὑπομείναντα
3588 5179 3777 5253 πάθος,

392 5288 525 5332 cum
580 5276 1089 5359 appropinquabat
1138 5285 1372 5356 tempus
1431 5273 1719 5352 passionis
1774 5274 1925 5355 ejus,
1989 5285 2047 5338 et

388 5364 809 5441 assumptionis
852 5384 921 5427 ex
964 5366 1077 5427 hoc
1130 5363 1375 5443 mundo,
1426 5363 1687 5425 decrevit
1740 5383 1857 5425 non
1892 5364 2045 5426 ultra

388 5448 525 5509 hinc
550 5459 608 5512 et
638 5452 778 5515 inde
805 5453 1209 5516 obambulare.
1242 5452 1345 5514 sed
1379 5453 1705 5514 ascendere
1752 5452 2041 5516 Hieroso-

387 5536 626 5617 lymam.
661 5540 861 5623 Itaque
892 5543 1047 5621 quod
1078 5541 1409 5603 obfirmavit
1463 5542 1671 5603 faciem
1711 5559 1900 5619 suam,
1931 5543 2043 5605 hoc

387 5625 671 5702 declarat,
715 5631 873 5713 quod
920 5631 1238 5695 stabilierit
1277 5641 1335 5693 et
1387 5631 1634 5693 firmarit
1680 5634 2038 5695 sententiam

387 5717 537 5798 quod
564 5717 1053 5803 velitlascendere
1082 5720 1770 5802 Hierosolymam.Porro
1802 5721 2040 5784 nuntios

2129 5269 2494 5348 ἀναληφθῆναι
2529 5267 2602 5329 εἷς
2668 5269 2885 5347 οὐρανὸν
2941 5270 3030 5325 καὶ
3115 5266 3443 5347 συνεδρεῦσαι
3528 5274 3606 5342 τῷ
3663 5276 3778 5343 Θεῷ

2128 5362 2215 5417 καὶ
2272 5359 2458 5435 Πατρί.
2514 5357 2645 5413 Τότε
2699 5357 2870 5414 τοίνυν
2924 5358 3033 5437 Δὅτε
3086 5357 3379 5428 ἐνειστήκει
3410 5360 3438 5414 6
3479 5359 3661 5437 καιρὸς
3683 5364 3778 5415 τοῦ

2126 5450 2320 5511 πάθους
2382 5434 2560 5517 αύτοῦ,
2620 5447 2707 5502 καὶ
2753 5448 2852 5513 τῆς
2909 5434 2969 5502 ἐκ
3025 5454 3117 5504 τοῦ
3172 5447 3375 5524 κόσμου
3424 5434 3773 5526 ἀναλήψεως,

2124 5538 2291 5617 ἔγρινε
2346 5533 2543 5612 μηκέτι
2598 5532 2700 5590 ὧδε
2752 5536 2974 5595 κάκεῖσε
3032 5536 3429 5618 περιέρχεσθαι,
3460 5536 3581 5594 ἀλλ’
3612 5536 3774 5594 ἀνελ-

2122 5632 2235 5685 θεῖν
2286 5628 2360 5691 εἷς
2418 5622 2780 5702 Ἰεροσόλυμα.
2816 5628 2889 5684 Τὸ
2934 5636 3081 5706 γοῦν,
3112 5624 3353 5707 ἐστήριξε
3380 5628 3442 5683 τὸ
3486 5627 3771 5709 πρόσωπον

2124 5719 2303 5792 αὑτοῦ,
2360 5722 2512 5773 τοῦτο
2558 5710 2719 5781 δηλοῖ
2773 5716 2851 5773 ὅτι
2882 5716 3187 5796 ἀφώρισεν,
3234 5716 3517 5796 ἐκύρωσεν,
3579 5716 3767 5784 ἔστησε
