4132 6298
308 426 436 508 ’82’9

1086 445 1529 509 ENAHRATIO
1572 445 1655 508 IN
1702 439 2207 506 EVANGELIUM
2257 445 2495 507 LUCAS.
2551 478 2622 489 —
2669 446 2833 507 CAP.
2896 447 2976 507 ΙΧ

3597 439 3716 507 830

317 576 541 654 βουλὴν,
612 576 751 634 ὥστε
808 576 1060 635 ἀπελθεῖν
1123 579 1195 643 εἷς
1255 569 1629 656 Ἰερουσαλήμ..
1674 574 1973 653 Ἐκπέμπει

2058 583 2196 639 ante
2218 577 2428 641 faciem
2477 597 2644 642 suam
2679 579 2919 661 emittit,
2950 587 3015 642 ut
3045 588 3252 662 parent
3283 580 3397 662 ipsi
3442 580 3708 643 diverso-

326 668 381 727 δὲ
462 669 721 750 ἀγγέλους
794 673 895 751 πρὸ
952 673 1235 751 προσώπου
1291 673 1469 749 αὺτοῦ,
1504 671 1598 726 ἵνα
1645 666 1971 745 ὲτοιμείσωσι

325 760 498 842 δοχὴν
580 784 698 819 τινα
764 765 929 835 αὐτῷ,
966 761 1240 840 γινώσκων
1273 762 1368 837 μὲν
1400 761 1481 817 ὅτι
1524 761 1627 840 οὔχ
1668 759 1975 839 611035101}-

325 872 471 907 σεται
528 852 629 909 ὑπὸ
687 852 793 909 τῶν
837 857 1203 930 Σαμαρειτῶν,
1252 849 1399 926 ὅμως
1445 849 1492 905 δ’
1522 849 1608 905 οὖν
1656 848 1972 905 ἀποστέλλει

325 942 533 1016 αὑτοὺς,
607 944 677 1007 ὡς
735 940 796 997 ἄν
852 947 1026 997 πᾶσαν
1115 940 1375 1019 πρόφασιν
1454 943 1559 996 τῶν
1632 944 1973 1023 Σαμαρειτῶν

325 1029 574 1109 περιέλῃ,
644 1032 731 1088 καὶ
778 1032 855 1107 μὴ
912 1029 1081 1110 ἔχωσι
1142 1028 1317 1106 λέγειν
1345 1027 1581 1108 ὕστερον,
1618 1028 1724 1101 ὅτι,
1759 1025 1974 1110 Ἐδεξά-

326 1123 459 1195 μεθα
510 1117 571 1174 ἄν
632 1121 787 1178 αὖτὸν
840 1120 885 1175 εἰ
952 1117 1232 1175 ἀπέστειλέ
1261 1139 1404 1184 τινας
1433 1119 1535 1196 πρὸ
1597 1118 1779 1176 αὒτοῦ.
1815 1106 1975 1191 (Ἀμα

326 1205 379 1264 δὲ
435 1210 520 1265 καὶ
590 1209 711 1273 τοὺς
773 1209 1014 1285 μαθητὰς
1044 1209 1203 1267 αὒτοῦ
1231 1206 1478 1287 ὠιρελῶν,
1510 1206 1601 1261 ἵνα
1632 1207 1708 1281 μὴ
1737 1203 1972 1262 σκανδα-

325 1298 596 1374 λισθῶσιν,
668 1298 722 1355 ἐν
808 1305 885 1371 τῷ
930 1298 1136 1376 σταυρῷ
1194 1298 1350 1353 αὒτὸν
1410 1296 1634 1374 ὃρῶντες
1687 1294 1971 1374 ὑϐριζόμε-

324 1410 435 1447 νον.
525 1385 674 1446 Ἀλλ’
730 1388 835 1444 ἀπὸ
877 1388 1061 1444 τούτου
1090 1396 1182 1445 τοῦ
1235 1385 1322 1442 νῦν
1362 1389 1622 1464 μαθωσιν,
1680 1384 1761 1441 ὅτι
1794 1386 1972 1460 ὥσπερ

326 1486 414 1536 νῦν
472 1477 879 1557 καταφρονηθεὶς
952 1477 1094 1552 παρὰ
1153 1475 1259 1531 τῶν
1304 1480 1671 1552 Σαμαρειτῶν,
1725 1470 1973 1538 ἀνεξικά-

324 1588 434 1630 κως
505 1564 722 1646 ἤνεγκε,
784 1564 983 1641 μᾶλλον
1037 1562 1091 1620 δὲ
1176 1564 1263 1619 καὶ
1295 1564 1479 1627 αὐτοῖς
1521 1562 1809 1638 ἐπετίμησε
1851 1575 1972 1625 τοῖς

326 1660 595 1732 μαθηταῖς
677 1655 1051 1735 παροξύνουσιν
1104 1653 1260 1710 αὒτὸν
1317 1654 1454 1711 κατὰ
1531 1658 1639 1709 τῶν
1698 1650 1970 1731 ὕϐριστῶν,

328 1746 466 1803 οὕτω
548 1746 634 1802 καὶ
702 1744 822 1801 τότε
854 1744 1260 1819 σταυρούμενος,
1311 1743 1415 1822 οὐχ
1445 1743 1518 1806 ὡς
1549 1740 1819 1814 ἀδύνατος,
1853 1740 1976 1797 ἀλλ’

326 1838 400 1898 ὡς
460 1837 797 1913 μακρὸθυμος
855 1834 1023 1915 φέρει.
1089 1830 1312 1912 Ὠφελεῖ
1364 1830 1419 1887 δὲ
1516 1832 1637 1894 τοὺς
1707 1832 1972 1910 μαθητὰς,

326 1926 414 1981 καὶ
460 1927 589 1981 καθὸ
645 1922 873 1980 διδάσκει
934 1923 1121 1985 αὐτούς
1194 1922 1252 1977 ἐκ
1311 1931 1405 1980 τοῦ
1454 1919 1572 1978 καθ’
1619 1922 1774 1977 αὐτὸν
1834 1922 1973 1978 ὑπο-
2002 1910 2036 1958 Β

327 2012 631 2091 δείγματος,
707 2012 1043 2078 ἀνεξικάκως
1087 2011 1254 2071 εἶναι.
1312 2011 1468 2069 Αὐτοὶ
1526 2011 1623 2085 μὲν
1675 2010 1775 2089 γὰρ
1848 2012 1977 2089 πρὸς

326 2105 417 2160 τὸν
474 2101 658 2161 Ἠλίαν
716 2103 1039 2181 ἀφορῶντες,
1113 2100 1171 2166 ὅς
1216 2098 1499 2181 κατέφλεξε
1543 2098 1617 2163 δὶς
1649 2101 1977 2170 πεντήκοντα

328 2193 515 2273 ἄνδρας
577 2193 712 2269 μετὰ
768 2198 875 2247 τῶν
933 2190 1443 2269 πεντηκοντάρχων,
1516 2188 1814 2268 παρώξυνον
1886 2191 1975 2246 τὸν

328 2284 515 2361 Κύριον
581 2283 715 2338 κατά
770 2287 875 2337 τῶν
930 2279 1273 2359 ὑϐρισάντων
1339 2276 1413 2335 ἔνι
1445 2280 1543 2357 γὰρ
1570 2277 1785 2343 ἀτελεῖς
1814 2277 1971 2345 ἦσαν,

328 2372 492 2435 Αὐτὸς
550 2368 604 2427 δὲ
659 2369 906 2427 δεικνύων
961 2369 1168 2442 αὐτοῖς,
1232 2366 1311 2423 ὅνι
1372 2366 1697 2443 ὑψηλότερος
1749 2367 1888 2423 ἐστιν
1948 2370 1975 2424 6

327 2465 486 2521 αὐτοῦ
553 2460 713 2536 νόμος
787 2460 822 2527 ἢ
880 2461 908 2515 6
979 2458 1112 2514 κατά
1183 2458 1272 2513 τον
1330 2456 1516 2513 Ἠλίαν
1571 2457 1706 2532 βίος,
1755 2459 1977 2532 ἐπιτιμᾷ

291 2551 539 2629 αὐτοῖς,
596 2550 684 2606 καὶ
759 2549 1039 2628 ἀφίστησιν
1095 2548 1201 2603 ἀπὸ
1252 2551 1354 2614 τῆς
1410 2546 1658 2613 τοιαύτης
1727 2547 1972 2623 γνώμης,

331 2638 549 2706 Διδάξας
616 2640 798 2719 πράως
868 2637 1041 2718 φέρειν
1100 2638 1219 2701 τοὺς
1263 2633 1583 2713 ὑϐρίζοντας.
1628 2639 1687 2693 Τί
1735 2632 1790 2691 δὲ
1835 2635 1973 2691 ἐστιν

328 2729 455 2808 ὅπερ
512 2727 678 2806 λέγει,
740 2727 847 2786 Οὔκ
886 2724 1126 2792 ἒδέξαντο
1193 2727 1370 2798 αὐτὸν,
1436 2726 1516 2781 ὃτι
1576 2724 1975 2808 τὸ-πρόσωπον

328 2801 485 2875 αὖτοῦ
542 2801 610 2886 ἦν
677 2817 1033 2896 πορευόμενον
1090 2817 1161 2881 εἷς
1216 2813 1567 2893 Ἰερουσαλήμ
1602 2835 1619 2891 ;
1653 2801 1783 2894 Ἀρα
1822 2817 1975 2871 τοῦτο

329 2908 495 2985 λέγει,
564 2905 643 2962 ὅτι
711 2910 804 2965 οὒκ
835 2903 1073 2970 ἐδέξαντο
1117 2905 1295 2978 αὐτὸν,
1342 2902 1475 2960 διότι
1508 2902 1770 2983 ἀφώρισεν
1819 2906 1974 2968 αὐτὸς

327 2996 579 3055 ἀπελθεῖν
652 2998 725 3059 εἷς
826 2986 1213 3070 Ἱερουσαλήμς
1277 2996 1375 3052 Καὶ
1435 2992 1621 3049 λοιπὸν
1690 2992 1778 3049 ἐὰν
1839 2993 1976 3050 οὕτω

328 3089 631 3162 νοήσωμεν,
696 3086 777 3141 ὃτι
833 3082 914 3140 διὰ
984 3092 1139 3141 τοῦτο
1196 3083 1350 3139 αὖτὸν
1382 3086 1477 3141 οὔκ
1533 3080 1792 3156 ἐδέξαντο,
1842 3080 1973 3138 διότι

328 3176 483 3239 αὐτὸς
539 3176 802 3255 ἀφώρισεν
871 3171 1120 3229 ἀπελθεῖν
1179 3174 1251 3236 εἰς
1300 3164 1668 3250 Ἰερουσαλὴμ,
1702 3171 1973 3251 εὑρίσκον-

2054 666 2304 742 rium,et
2332 670 2532 731 sciens
2564 670 2719 749 quod
2744 690 2778 731 a
2805 671 3192 733 Samaritanis
3222 691 3339 733 non
3365 679 3564 734 essent
3584 690 3711 732 sus-

2058 755 2731 836 cipiendi,nibilominus
2766 770 2966 822 tamen
2990 760 3124 821 illos
3143 761 3451 837 emittit,ut
3470 780 3707 823 omnem

2059 847 2563 909 Samaritanorum
2597 849 2824 909 auferat
2872 850 3340 922 excusationem,
3385 869 3459 911 ne
3509 850 3709 911 dicere

2062 944 2322 1016 possent;
2356 937 2848 1015 Suscepissemus
2879 938 3043 998 illum
3087 939 3136 999 si
3180 939 3465 1019 quosdam
3498 958 3616 1019 prae
3648 958 3709 1000 se

2062 1025 2343 1088 misisset.
2380 1026 2622 1089 Interim
2658 1035 2713 1087 et
2742 1027 3054 1107 discipulis
3090 1029 3222 1106 ejus
3247 1028 3395 1089 utile
3424 1029 3537 1089 hoc
3560 1037 3703 1107 erat,

2059 1121 2121 1175 ut
2152 1113 2443 1187 videntes,
2474 1124 2677 1195 postea
2706 1115 2767 1176 in
2799 1134 2977 1177 cruce
3010 1116 3097 1178 illi
3126 1116 3708 1197 opprobrari,minus

2057 1203 2621 1278 scandalizarentur,
2646 1205 2751 1266 sed
2775 1223 2844 1266 ex
2875 1206 2987 1266 hoc
3014 1206 3165 1267 facto
3188 1208 3374 1285 magis
3405 1206 3706 1268 discerem

2059 1292 2402 1373 quod,sicut
2426 1312 2584 1355 nunc
2613 1301 3035 1376 contemptusa
3060 1295 3449 1357 Samaritanis
3475 1297 3707 1376 patien-

2058 1389 2146 1444 ter
2179 1382 2331 1458 tulit,
2355 1393 2533 1464 atque
2564 1382 2890 1464 discipulos
2932 1385 3072 1444 540
3113 1384 3435 1465 increpavit
3457 1401 3706 1464 exaspe-

2056 1482 2257 1533 rantes
2289 1491 2424 1534 eum
2450 1480 2659 1534 contra
2681 1474 3168 1554 contumeliosos,
3192 1475 3270 1535 ita
3317 1482 3374 1536 et
3404 1484 3544 1535 tunc
3574 1492 3705 1535 cum

2056 1563 2654 1640 crucifigeretur,non
2684 1572 2746 1625 ut
2774 1562 3099 1643 impotens,
3128 1563 3231 1625 sed
3256 1572 3322 1626 ut
3352 1562 3708 1641 longanimis

2057 1650 2224 1714 ferat.
2252 1652 2503 1714 Prodest
2552 1653 2731 1715 etiam
2766 1655 2825 1715 in
2858 1654 2971 1715 hoc
3014 1653 3348 1734 discipulis,
3384 1653 3540 1733 quod
3573 1652 3707 1714 illos

2057 1759 2163 1802 suo
2187 1742 2457 1823 exemplo
2499 1742 2674 1803 docet
2723 1743 3018 1824 patientes
3048 1762 3203 1807 esse.
3229 1743 3320 1805 Illi
3346 1742 3587 1824 quidem
3632 1742 3705 1803 ad

2056 1830 2243 1892 Eliam
2278 1830 2697 1909 respicientes,
2726 1831 2825 1912 qui
2845 1830 2935 1892 bis
2956 1832 3378 1914 quinquaginta
3394 1832 3549 1893 viros
3570 1850 3703 1892 cum

2061 1920 2588 2001 quinquagenariis
2619 1920 2989 2001 principibus
3024 1931 3353 1996 exusserat,
3386 1940 3705 2001 exaspera-

2061 2009 2201 2070 bant
2222 2009 2534 2072 Dominum
2557 2018 2764 2071 contra
2782 2028 2884 2073 eos
2910 2010 3011 2091 qui
3034 2030 3094 2071 se
3113 2011 3331 2090 injuria
3354 2012 3701 2074 affecerant:

2062 2105 2233 2159 erant
2280 2099 2440 2159 enim
2488 2099 2682 2167 adhuc
2717 2099 3074 2180 imperfecti.
3111 2098 3401 2161 Caeterum
3439 2099 3705 2162 Christus

2059 2187 2281 2249 docens
2314 2188 2502 2267 legem
2534 2207 2700 2249 suam
2722 2187 3130 2250 sublimiorem
3155 2188 3521 2269 quamvitam
3537 2187 3702 2263 Elia),

2059 2277 2328 2358 increpat
2360 2296 2483 2357 eos,
2518 2285 2694 2358 atque
2723 2296 2756 2338 a
2783 2277 2885 2338 tali
2936 2278 3231 2339 sententia
3262 2277 3521 2351 abducit,
3568 2296 3703 2341 cum

2056 2365 2356 2427 docuisset
2386 2374 2691 2428 mansuete
2722 2366 3001 2427 ferendos
3032 2366 3166 2427 illos
3197 2369 3299 2446 qui
3328 2366 3546 2445 injuria
3567 2368 3702 2428 affi-

2058 2454 2316 2519 ciebant.
2341 2455 2488 2529 Quid
2522 2464 2716 2517 autem
2743 2464 2831 2518 est
2859 2456 3029 2536 quod
3051 2455 3216 2528 dicit,
3252 2474 3370 2516 non
3415 2474 3702 2537 suscepe—

2057 2553 2196 2607 runt
2219 2563 2378 2620 eum,
2406 2545 2542 2626 quia
2585 2545 2764 2607 facies
2794 2547 2924 2625 ejus
2973 2553 3099 2607 erat
3143 2546 3335 2606 euntis
3365 2544 3704 2626 Hierosoly-

2060 2633 2535 2715 mam?Nunquid
2568 2634 2710 2695 dicit
2742 2634 2897 2716 quod
2932 2654 3049 2695 non
3082 2633 3705 2715 susceperinteum,eo

2060 2724 2216 2806 quod
2255 2723 2569 2785 deﬁnierat
2596 2723 2762 2787 abire
2793 2723 3288 2804 Hierosolymam?
3332 2732 3550 2785 etcum
3594 2724 3706 2786 hoc

2058 2814 2146 2875 sic
2176 2812 2835 2891 intellexerimus,quod
2859 2832 2995 2874 eum
3018 2821 3329 2893 propterea
3359 2831 3475 2872 non
3506 2830 3705 2875 susce—

2060 2902 2277 2982 perint,
2314 2920 2383 2963 eo
2433 2902 2589 2982 quod
2639 2903 2949 2963 definierat
2997 2901 3164 2962 abire
3210 2900 3701 2980 Hierosolymam,

2059 2990 2444 3053 inveniuntur
2491 2990 2577 3052 illi
2620 2991 2884 3053 excusati
2929 3010 3046 3051 non
3100 2989 3547 3070 suscipientes?
3603 2991 3705 3052 Est

2058 3080 2240 3156 igitur
2269 3079 2610 3160 dicendum,
2647 3079 2803 3160 quod
2837 3078 3195 3158 evangelista
3220 3079 3331 3138 hoc
3355 3078 3522 3159 dicit,
3543 3081 3698 3157 quod

2060 3189 2178 3231 non
2211 3179 2601 3251 susceperunt
2626 3188 2987 3249 eum,neque
3018 3167 3325 3230 intravitin
3348 3166 3695 3233 Samariam:

325 3288 412 3322 ται
483 3264 679 3321 ἐκεῖνοι
736 3264 983 3342 ἀναίτιοι,
1041 3264 1088 3318 οἱ
1162 3262 1239 3337 μὴ
1269 3259 1541 3337 δεξάμενοι
1579 3280 1595 3336 ;
1640 3258 1844 3317 ’Ἔστιν
1889 3264 1974 3324 οὖν

2061 3259 2278 3321 deinde
2334 3250 2499 3340 quasi
2555 3259 2974 3338 interrogasset
3022 3258 3336 3339 quispiam,
3367 3277 3553 3339 quare
3585 3279 3702 3321 non

326 3359 498 3425 εἰπεῖν
559 3354 639 3411 ὅτι
726 3362 878 3411 τοῦτο
947 3352 1091 3432 λέγει
1166 3355 1193 3409 6
1268 3350 1672 3430 εύαγγελιστὴς,
1734 3350 1813 3407 ὅτι
1885 3355 1974 3410 οὐκ

2062 3356 2455 3430 susceperunt
2492 3349 2573 3431 (a)
2619 3348 2708 3409 vel
2765 3347 2931 3409 inviti
2982 3366 3142 3428 eum,
3196 3365 3388 3427 neque
3418 3347 3701 3411 intravit?

328 3443 566 3512 ἐδέξαντο
619 3442 802 3499 αύτὺν⁶
862 3440 978 3497 ούδὲ
1040 3440 1281 3508 εἰσῆλθεν
1326 3442 1398 3502 εἰς
1460 3441 1783 3520 Σαμάρειαν.
1837 3440 1973 3497 Εἶτα

2058 3439 2320 3520 nunquid
2352 3439 2653 3519 impotens
2684 3437 2840 3500 erat?
2869 3457 2942 3499 an
2970 3457 3086 3499 non
3122 3436 3347 3499 valebat
3380 3437 3557 3498 etiam
3588 3437 3701 3500 illis

324 3536 501 3613 ὥσπερ
572 3533 712 3596 τινὸς
760 3532 1151 3612 ἐρωτήσαντος,
1225 3532 1312 3588 καὶ
1354 3528 1488 3587 διατί
1532 3531 1634 3610 οὔχ
1663 3528 1972 3596 ὑπεδέξαντο

2058 3527 2400 3591 nolentibus
2430 3526 2692 3607 ingredi?
2723 3525 2968 3590 Solvens
3019 3528 3155 3606 hoc,
3190 3524 3334 3587 dicit
3365 3545 3379 3585 :
3417 3544 3534 3586 non
3566 3526 3701 3588 ideo

366 3627 439 3651 ’κ
1037 3620 1117 3658 νε
1210 3618 1383 3677 ’νλθ-
1518 3620 1547 3639 ν
1671 3618 1749 3675 δ’
1843 3618 1931 3676 ἅδ’

325 3647 483 3685 αυτον
550 3644 635 3679 και
704 3644 945 3697 ακοντες,
1007 3643 1123 3679 Ο)οε
1184 3643 1298 3688 ειση
1365 3644 1443 3694 ιν,
1514 3642 1615 3699 αρα
1703 3643 1802 3677 ιοτι
1906 3644 1969 3677 υ-

2058 3619 2193 3699 quia
2224 3618 2520 3698 impotens
2568 3618 2695 3694 fuit,
2742 3616 2847 3679 sed
2897 3616 3035 3698 quia
3066 3615 3255 3677 noluit
3285 3613 3422 3675 illuc
3454 3613 3565 3696 ire,
3598 3616 3700 3678 sed

324 3737 476 3779 νατος
534 3713 621 3784 ἧν,
697 3712 732 3780 ἢ
806 3712 901 3769 οὒκ
954 3711 1119 3792 ’ίσχυε
1163 3710 1259 3767 κὲέν
1295 3710 1491 3767 ἐκεῖνοι
1551 3711 1629 3785 μὴ
1661 3708 1966 3790 ἐϐούλοντο,

2058 3708 2519 3788 Hierosolymam
2561 3729 2573 3770 :
2608 3706 2885 3789 quoniam
2945 3704 3059 3767 nisi
3105 3707 3217 3766 hoc
3257 3703 3486 3777 fuisset,
3523 3704 3696 3766 etiam

323 3803 579 3862 εἰσελθεῖν
614 3822 629 3877 ;
705 3801 853 3858 Λύων
904 3809 1081 3864 τοῦτο,
1118 3802 1296 3881 φησίν·
1333 3800 1457 3879 οὐχὶ
1500 3797 1583 3856 διὰ
1612 3801 1675 3856 16
1722 3797 1969 3867 ἀδύνατος

2058 3798 2251 3860 invitis
2279 3797 2396 3859 illis
2425 3799 2484 3858 in
2514 3796 2826 3859 castellum
2860 3796 3160 3875 ingressus
3187 3793 3415 3856 fuisset.

322 3895 489 3965 εἶναι,
534 3891 670 3949 ἀλλά
700 3889 831 3947 διότι
862 3892 957 3947 οὒκ
982 3877 1227 3948 ἐϐούλετο
1258 3890 1374 3946 ἐκεῖ
1400 3877 1710 3969 -εἱσελθεῖν,
1774 3888 1913 3946 ἀλλὰ
1965 3887 2217 3945 ἀπελθεῖν
2277 3890 2350 3952 εἷς
2418 3886 2778 3965 Ἰεροσόλυμα,
2810 3887 2925 3943 ἒπεὶ
2959 3888 3001 3942 εἰ
3045 3886 3121 3959 μὴ
3156 3892 3309 3942 τοῦτο
3342 3885 3431 3959 ἧν,
3482 3885 3569 3939 καὶ
3626 3877 3703 3944 μὴ

320 3981 652 4060 βουλομένων
683 3980 894 4037 ἐκείνων
926 3978 1166 4047 εἰσῆλθεν
1197 3980 1258 4035 ἂν
1290 3980 1360 4044 εἰς
1403 3980 1503 4045 τὴν
1533 4000 1750 4053 κωμην.

406 4095 435 4128 α
513 4068 755 4150 Ἐγένετο
808 4067 862 4125 δὲ
928 4069 1293 4148 πορευομένων
1348 4067 1520 4124 αύτῶν
1576 4067 1632 4122 ἐν
1712 4068 1780 4143 τῇ
1839 4066 1967 4146 ὁδῴ,

350 4161 378 4182 ν
435 4160 445 4182 r
728 4160 742 4178 κ
894 4160 909 4182 9
969 4160 979 4176 ο
1018 4174 1032 4189 ,
1089 4155 1103 4178 9
1699 4155 1725 4175 er
1799 4179 1807 4194 ν
1913 4154 1939 4176 ν

323 4182 448 4219 ειπε
502 4182 582 4226 τις
653 4180 784 4238 προς
856 4181 1009 4216 αυτον
1108 4156 1464 4227 Ακολουθήσω
1534 4178 1616 4213 σοι
1697 4179 1827 4213 οπο)
1909 4179 1969 4211 αν

322 4250 562 4330 ἀπέρχῃ,
625 4249 802 4321 Κύριε.
858 4249 956 4306 Καὶ
1030 4248 1185 4304 εἶπεν
1229 4246 1372 4321 αύτῷ
1402 4248 1429 4302 6
1461 4245 1685 4312 Ἰησοῦς·
1730 4247 1789 4301 Αἱ
1822 4244 1969 4301 ἀλώ-

322 4326 482 4403 πεκες
540 4335 776 4417 φωλεούς
834 4336 1045 4417 ἔχουσι,
1118 4338 1206 4393 καὶ
1259 4335 1325 4392 τὰ
1378 4335 1592 4392 πετεινά
1621 4340 1713 4390 τοῦ
1756 4335 1973 4408 οὕρανού

2137 4065 2529 4130 νΕιι8.57-62.
2562 4091 2583 4122 ι
2624 4066 2868 4130 Factum
2888 4072 2978 4127 est
3006 4071 3229 4145 autem,
3259 4062 3706 4147 ambulantibus

2052 4153 2171 4216 illis
2201 4154 2263 4215 in
2299 4156 2406 4226 via,
2436 4154 2587 4217 dixit
2617 4154 2857 4236 quidam
2891 4153 2966 4215 ad
3000 4153 3165 4215 illum
3196 4175 3208 4213 :
3236 4155 3466 4232 Sequar
3490 4153 3701 4222 te,Do—

2056 4244 2239 4324 mine,
2273 4263 2631 4325 quocunque
2676 4244 2840 4305 ieris.
2897 4242 3053 4303 Dixit
3105 4241 3192 4302 illi
3232 4240 3406 4304 Jesus
3440 4263 3453 4299 :
3482 4239 3703 4321 Vulpes

2055 4332 2256 4397 foveas
2287 4333 2601 4403 babent,et
2628 4333 2897 4395 volucres
2930 4330 3067 4392 coeli
3099 4329 3486 4391 nidos:Filius
3507 4338 3700 4391 autem

322 4427 780 4495 κατασκηνώσεις⁶
859 4430 886 4483 6
945 4425 999 4482 δὲ
1064 4428 1181 4489 Υἱὸς
1251 4432 1344 4482 τοῦ
1400 4423 1675 4500 ἀνθρώπου
1706 4424 1799 4480 οὒκ
1851 4422 1969 4503 ἔχει

320 4527 424 4578 ποῦ
482 4519 579 4586 τὴν
635 4516 873 4598 κεφαλὴν
918 4515 1092 4593 κλίνῃ.
1144 4517 1283 4572 Εἶπε
1314 4512 1368 4570 δὲ
1398 4514 1527 4591 πρὸς
1569 4511 1767 4590 ἕτερον·
1803 4505 1967 4569 Ἄκο-

321 4605 489 4663 λούθει
561 4627 675 4680 μοι.
713 4596 798 4663 7'0
856 4603 909 4660 δὲ
943 4606 1089 4661 ε’ίπε’
1132 4605 1311 4683 Κύριε,
1357 4603 1638 4677 ἐπίτρεψόν
1671 4624 1760 4678 μοι
1791 4601 1963 4659 ἀπελ-

2053 4422 2311 4484 hominis
2343 4442 2459 4483 non
2496 4422 2673 4484 habet
2701 4421 2804 4483 ubi
2833 4427 3008 4501 caput
3065 4437 3238 4479 suum
3290 4418 3559 4481 reclinet.
3600 4418 3704 4481 Ait

2053 4520 2248 4573 autem
2282 4512 2355 4574 ad
2385 4513 2640 4575 alterum
2676 4532 2688 4572 :
2719 4513 2983 4591 Sequere
3015 4528 3130 4571 me.
3170 4508 3272 4571 [lle
3304 4516 3502 4569 autem
3532 4507 3698 4569 dixit:

2052 4599 2323 4675 Domine,
2364 4600 2640 4682 permitte
2663 4600 2808 4661 mihi
2847 4598 3103 4679 primum
3138 4596 3324 4671 abire,
3360 4604 3418 4658 et
3448 4596 3702 4677 sepelire

318 4694 459 4751 θόντι
505 4699 712 4769 πρῶτον
768 4694 931 4769 θὶψαι
1002 4699 1091 4748 τὸν
1163 4692 1363 4771 πατέρα
1396 4714 1520 4766 μου.
1557 4691 1697 4748 Εἷπε
1742 4688 1795 4745 δὲ
1826 4690 1969 4767 αὐτῷ

2058 4696 2277 4769 patrem
2314 4688 2706 4752 meum.Dixit
2747 4696 2945 4751 autem
2974 4688 3025 4749 ei
3050 4684 3243 4749 Jesus:
3270 4685 3411 4747 Sine
3442 4692 3506 4745 ut
3538 4702 3702 4746 mor-

319 4786 347 4842 6
407 4783 633 4851 Ἰησοῦς·
711 4783 893 4863 ’Ἄφες
942 4783 1059 4848 τοὺς
1117 4782 1326 4861 νεκροὺς
1397 4781 1558 4855 θάψαι
1605 4781 1725 4842 τοὺς
1771 4781 1970 4839 ἑαυτῶν

2058 4779 2137 4840 tui
2159 4778 2453 4859 sepeliant
2475 4787 2738 4840 mortuos
2770 4786 2999 4839 suos:tu
3032 4793 3172 4837 vero
3202 4774 3349 4836 vade
3380 4781 3437 4835 et
3466 4792 3703 4835 annun-

318 4874 554 4953 νεκροὺς,
611 4874 673 4928 σὺ
730 4871 784 4928 δὲ
862 4871 1127 4945 ἀπελθὼν,
1209 4868 1487 4953 διάγγελλε
1544 4870 1643 4935 τὴν
1699 4867 1970 4945 βασιλείαν

2058 4868 2134 4931 lia
2162 4887 2413 4948 regnum
2444 4867 2572 4932 Dei.
2612 4870 2685 4931 Et
2716 4868 2799 4931 ait
2828 4866 2979 4929 alius
3007 4887 3019 4925 :
3049 4863 3277 4946 Sequar
3314 4868 3398 4938 te,
3425 4863 3697 4939 Domine,

314 4948 618 5022 1068806.
692 4962 833 5020 Εῖπε
894 4960 950 5016 δὲ
1022 4961 1110 5017 καὶ
1166 4948 1363 5038 ἕτερος)
1436 4948 1807 5028 Ἀκολουθήσω
1854 4981 1965 5032 σοι,

2058 4960 2157 5021 sed
2193 4959 2469 5040 permitte
2496 4957 2639 5019 mihi
2664 4957 2827 5039 prius
2857 4964 2920 5019 ut
2950 4955 3142 5017 dicam
3174 4953 3299 5015 vale
3320 4952 3417 5026 iis,
3443 4952 3543 5033 qui
3566 4960 3703 5014 sunt

316 5052 497 5131 Κύριε,
569 5057 776 5131 πρῶτον
837 5048 891 5106 δὲ
951 5048 1232 5128 ἐπίτρεψόν
1305 5070 1395 5123 μοι
1448 5045 1805 5113 ἀποτάξασθαι
1850 5062 1967 5114 τοῖς

314 5142 386 5206 εἷς
437 5142 527 5197 τὸν
584 5142 738 5198 οἶκόν
804 5163 924 5214 μου.
1001 5140 1139 5196 Εἶπε
1182 5136 1236 5193 δὲ
1295 5140 1322 5194 ὁ
1355 5135 1560 5205 Ἰησοῦς
1606 5138 1737 5214 πρὸς
1787 5138 1963 5195 αὒτόν·

314 5227 491 5293 Οόδεὶς
546 5227 814 5286 ἒπιϐαλὼν
884 5229 983 5295 τὴν
1057 5241 1222 5307 χεῖρα
1268 5228 1422 5284 αὑτοῦ
1468 5215 1564 5281 ἀπ’
1609 5223 1827 5303 ἄροτρον
1881 5230 1969 5284 καὶ

312 5316 525 5393 βλέπων
576 5319 649 5382 εἰς
704 5318 770 5374 τὰ
799 5318 993 5390 ὀπίσω,
1028 5316 1231 5379 εὔθετός
1280 5314 1420 5370 ἐστιν
1452 5315 1524 5377 εἰς
1569 5313 1668 5380 τὴν
1698 5312 1966 5388 βασιλείαν

308 5409 400 5465 τοῦ
460 5414 613 5466 Θεοῦ.
692 5430 715 5464 ιι
809 5407 975 5472 Οὗτος
1035 5408 1063 5463 6
1148 5403 1451 5485 προσελθὼν
1507 5409 1584 5476 τῷ
1629 5401 1828 5482 Ἰησοῦ,
1878 5408 1966 5462 καὶ

308 5498 665 5574 αἰτησάμενος
723 5496 816 5553 ἵνα
894 5494 1159 5563 ἀκολουθῆ
1252 5495 1415 5568 αὐτῷ,
1500 5492 1634 5568 μετά
1732 5500 1963 5571 πονηρᾶς

309 5584 530 5662 γνώμης
589 5584 912 5666 προσῆλθεν.
973 5582 1123 5641 Ἐπεὶ
1178 5582 1277 5663 γὰρ
1306 5579 1417 5638 ε’ἰδε
1448 5582 1538 5637 τὸν
1573 5580 1756 5659 Κύριον
1798 5579 1963 5640 πολὺν

2054 5048 2214 5111 domi
2246 5067 2415 5112 mem.
2448 5048 2545 5109 Ait
2585 5047 2658 5109 ad
2713 5047 2881 5109 illum
2910 5046 3084 5110 Jesus
3120 5064 3132 5107 :
3166 5042 3351 5106 Nemo
3393 5043 3493 5124 qui
3524 5060 3703 5104 manu

2054 5154 2157 5197 sua
2191 5137 2429 5200 admota
2490 5146 2707 5210 aratro,
2742 5136 3001 5217 respexit
3054 5153 3088 5196 a
3146 5141 3334 5212 tergo,
3387 5140 3557 5208 aptus
3615 5140 3705 5192 est

2050 5244 2240 5306 regno
2272 5226 2439 5289 Dei.»
2476 5225 2587 5288 Hic
2615 5228 2709 5307 qui
2743 5226 2997 5288 aceessit
3029 5223 3102 5286 ad
3132 5221 3425 5293 Jesum,et
3453 5219 3703 5303 petiitut

2051 5325 2404 5397 sequeretur
2434 5316 2623 5396 illum,
2660 5316 2813 5378 mala
2838 5321 3035 5376 mente
3074 5311 3342 5373 accessit.
3366 5310 3512 5383 Quia
3541 5308 3699 5370 enim

2048 5405 2201 5468 vidit
2230 5423 2501 5484 magnam
2535 5404 2762 5465 turbam
2798 5403 2965 5484 sequi
2998 5399 3338 5473 Dominum,
3364 5399 3702 5479 suspicatus

2048 5501 2158 5568 est,
2185 5495 2340 5575 quod
2376 5492 2691 5574 pecuniam
2725 5492 2798 5554 ab
2821 5492 2921 5553 illa
2950 5490 3256 5571 colligeret
3286 5487 3600 5559 Dominus,
3636 5495 3694 5548 et

2047 5583 2303 5664 Speravit
2326 5584 2501 5646 etiam
2518 5583 2648 5664 ipse
2672 5580 2980 5665 sequendo
3012 5578 3290 5662 pecunias
3304 5595 3699 5657 secongrega-

396 5762 479 5843 (a)
512 5761 670 5831 Edit.
706 5764 839 5830 Lut.
873 5760 1107 5844 omittit,
1140 5776 1335 5843 quare
1364 5776 1483 5824 non
1513 5766 1926 5843 susceperunt,
1952 5768 2067 5827 etc.
