4132 6298
430 381 539 447 831
1397 380 1995 446 THEOPHYLACTI
2040 375 2450 440 BULGARI/E
2498 378 2853 441 ARCHIEP.
3710 379 3832 446 832

428 518 623 574 turum
655 536 667 577 :
694 513 920 577 idcirco
951 513 1190 595 repellit
1224 531 1358 576 eum
1392 510 1704 587 Dominus,
1728 511 1896 593 quasi
1945 509 2073 573 talia

2162 509 2329 590 ὄχλον
2372 509 2731 588 ἐπαγόμενον,
2776 509 3040 591 ἐνόμισεν,
3075 509 3156 568 ὅτι
3185 512 3291 569 ἀπὸ
3321 512 3523 571 τούτων
3556 516 3826 595 χρήματα

429 601 635 663 dicens
657 604 711 665 ei
744 622 758 666 ;
785 604 872 666 Tu
906 603 1144 684 quidem
1173 610 1342 683 putas
1372 601 1527 683 quod
1563 601 1875 682 pecuniam
1908 600 2073 662 colle-

2167 597 2410 678 συλλέγει
2464 602 2519 684 6_
2564 600 2777 681 Κύριος,
2863 601 2953 658 καὶ
3006 599 3141 675 ᾤετο
3171 604 3261 658 καὶ
3290 602 3474 684 αὐτὸς,
3508 605 3555 659 εἰ
3584 604 3824 663 ἀκολου-

428 695 763 768 cturussis,
801 694 850 755 si
878 680 971 755 me
1003 680 1295 775 sequaris,
1325 680 1407 755 et—
1437 680 1593 773 quod
1638 693 1750 754 vita
1785 710 1918 752 mea
1954 690 2073 751 talis

2164 690 2314 759 θήσει
2370 693 2446 764 τῷ
2506 680 2703 765 Ἰησοῦ,
2775 704 3097 770 συναγαγεῖν
3163 680 3468 773 χρήματα,
3510 691 3600 751 διὰ
3665 696 3823 754 τῶτο

430 780 506 841 sit
536 801 710 862 quam
743 783 1060 845 doceosed
1100 802 1214 842 non
1240 780 1682 844 est.Enimvero
1716 798 1903 862 usque
1933 778 2083 841 adeo

430 879 829 950 paupertatem
863 872 1049 933 doceo
1084 881 1142 932 et
1166 870 1407 946 induco,
1436 877 1498 931 ut
1536 889 1670 931 cum
1694 869 1809 931 alia
1840 868 2079 951 quidem

429 960 713 1024 animalia
743 962 939 1023 foveas
968 960 1249 1030 habeant,
1284 978 1390 1039 ego
1422 977 1497 1020 ne
1519 959 1759 1021 domum
1810 957 2077 1040 quidem,

428 1056 486 1109 et
510 1049 594 1109 sic
622 1049 787 1111 illum
813 1050 1032 1130 repulit
1090 1049 1284 1111 Alium
1317 1055 1512 1110 autem
1550 1047 1647 1128 qui
1682 1066 1801 1109 non
1829 1065 2079 1130 rogavef

430 1147 540 1209 rat,
573 1140 855 1219 permittit
884 1128 1106 1220 sequi:
1146 1148 1366 1201 etcum
1423 1145 1651 1217 peteret
1708 1145 1768 1198 ut
1819 1137 1985 1199 abire
2023 1128 2080 1199 ei

429 1226 657 1300 liceret,
716 1238 774 1290 et
826 1229 1088 1307 sepelire
1144 1237 1372 1307 patrem
1425 1227 1556 1287 541
1622 1245 1821 1303 suum,
1856 1226 1909 1286 ei
1962 1244 2078 1286 non

426 1316 726 1391 concedit,
761 1316 969 1379 dicens
1000 1336 1012 1381 :
1048 1317 1190 1380 Sine
1216 1322 1479 1377 mortuos
1526 1316 1784 1397 sepelire
1817 1322 2081 1376 mortuos

424 1424 709 1485 suos,quo
732 1407 991 1468 insinuat
1020 1406 1398 1469 incredulum
1422 1404 1607 1467 fuisse
1639 1413 1864 1486 patrem
1894 1403 2078 1477 illius,

425 1506 480 1555 et
508 1507 825 1571 propterea
856 1496 1161 1575 indignum
1189 1495 1361 1575 cujus
1390 1513 1591 1557 curam
1636 1500 1871 1571 gereret
1924 1493 2080 1554 ﬁlius

421 1583 518 1662 qui
549 1583 904 1645 crediderat.
944 1582 1087 1645 Sine
1120 1585 1278 1646 enim
1335 1593 1600 1645 mortuos
1631 1590 1935 1662 cognatos,
1967 1581 2080 1643 hoc

424 1673 894 1749 estincredulos,
926 1674 1222 1735 increduli
1273 1672 1458 1754 patris
1490 1691 1689 1734 curam
1742 1689 1976 1751 gerere,
2020 1682 2078 1734 et

421 1759 584 1821 illum
620 1781 861 1842 pascere
884 1782 1069 1845 usque
1094 1762 1164 1823 ad
1201 1763 1586 1841 sepulturam.
1622 1760 1886 1840 Sepelire
1917 1761 2075 1822 enim

420 1849 533 1911 hoc
556 1851 685 1915 loco
717 1852 1011 1931 signiﬁcat
1041 1871 1242 1915 curam
1275 1870 1484 1931 gerere
1506 1870 1693 1931 usque
1718 1850 1789 1911 ad
1813 1850 2075 1928 sepultu-

416 1955 543 2000 ram
582 1958 595 2002 :
625 1940 762 2020 quia
793 1950 848 2002 et
880 1941 1217 2002 communis
1246 1958 1443 2001 sermo
1479 1939 1559 2002 ita
1589 1938 1785 2013 habet,
1815 1956 1949 1998 cum
1977 1935 2071 1998 di-

2156 1938 2277 2002 τοὺς
2349 1938 2558 2017 νεκροὺς
2616 1951 2913 2019 συγγενεῖς,

2167 778 2254 837 οὖν
2315 779 2665 860 ἀποκρούεται
2735 780 2891 839 αὐτὸν
2951 781 2980 836 6
3042 778 3251 857 Κύριος,
3310 783 3604 864 μονονουχὶ
3646 782 3822 863 λέγων

2168 871 2309 929 αὗτῶ
2365 871 2603 925 τοιαόταο
2682 869 2755 925 Σὺ
2811 869 2910 945 μὲν
2967 869 3194 945 νομίζεις
3253 872 3514 951 χρήματα
3582 874 3821 940 συνάξειν

2162 956 2268 1014 ἀπὸ
2326 960 2419 1015 τοῦ
2487 955 2797 1015 ἀκολουθεῖν
2852 956 2993 1034 ἐμοὶ,
3025 957 3131 1015 οἴει
3159 960 3259 1039 γὰρ
3300 958 3381 1017 ὅτι
3425 962 3453 1017 6
3511 960 3642 1036 ἐμὸς
3700 964 3819 1040 βίος

2160 1046 2397 1112 τοιοῦτός
2451 1048 2620 1122 ἔστιν,
2681 1046 2803 1104 ἀλλ’
2857 1049 2962 1127 οὐχ
3028 1046 3196 1113 οὕτως
3242 1047 3383 1129 ἔχει.
3417 1057 3683 1109 Τοσοῦτον
3713 1053 3815 1131 γὰρ

2162 1157 2312 1215 πτωχ
2326 1135 2435 1192 είαν
2490 1136 2804 1214 εἰηγοῦμαι
2857 1136 2946 1192 καὶ
3002 1133 3253 1213 διδάσκω,
3326 1138 3461 1195 ὥστε
3492 1138 3662 1197 τᾶλλα
3716 1142 3818 1217 μὲν

2161 1228 2272 1295 ζῶα
2341 1222 2577 1303 φωλεοὺς
2639 1223 2807 1305 ἔχειν,
2863 1224 2959 1301 ἐμὲ
3020 1223 3074 1281 δὲ
3145 1225 3284 1301 μηδὲ
3342 1228 3532 1303 οἰκίαν,
3563 1230 3818 1288 καὶτοῦ-

2160 1334 2252 1369 τον
2324 1313 2421 1389 μὲν
2481 1312 2645 1377 οὕτως
2717 1313 3103 1392 ἀπεκρούσατο.
3140 1315 3337 1396 Ἐτέρῳ
3376 1315 3431 1374 δέ
3460 1316 3598 1392 μηδὲ
3644 1318 3816 1385 ἀξιώ-

2161 1423 2311 1457 σαντι
2383 1400 2651 1482 ἐπιτρέπει
2706 1404 2766 1460 τὸ
2820 1403 3158 1461 ἀκολουθεῖν·
3208 1412 3302 1463 τοῦ
3344 1403 3399 1462 δέ
3449 1408 3813 1484 αἰτησαμένου

2162 1488 2419 1548 ἀπελθσῖν
2476 1492 2565 1548 καὶ
2631 1492 2795 1578 θάψαι
2854 1494 2945 1549 τὸν
2988 1492 3191 1565 πατέρα
3220 1494 3399 1569 αὖτοῦ,
3436 1496 3497 1553 οὒ
3530 1512 3815 1578 συγχωρεῖ

2160 1582 2336 1654 τοῦτο,
2396 1580 2580 1637 εἰπών·
2649 1573 2826 1662 ’Ἄφες
2875 1582 2996 1646 τοὺς
3029 1582 3238 1663 νεκροὺς
3266 1584 3430 1660 θάψαι
3460 1584 3582 1650 τοὺς
3608 1573 3815 1643 ἑαυτῶν

2161 1670 2395 1749 νεκροὺς,
2457 1672 2585 1748 ὅπερ
2642 1671 2945 1740 αἰνίττεται,
3015 1672 3103 1728 ὃτι
3160 1670 3381 1737 ἄπιστος
3450 1674 3515 1742 ἧν
3546 1677 3574 1731 6
3625 1677 3812 1753 πατὴρ

2158 1762 2335 1833 αὐτοῦ,
2398 1760 2486 1862 καί
2542 1757 2625 1815 διὰ
2695 1767 2851 1818 τοῦτο
2875 1759 3130 1862 ’ἀνάξιρς
3180 1759 3660 1862 γηρμιϐοσκηθῆναι
3705 1766 3813 1823 ὑπὸ

2156 1857 2248 1906 τοῦ
2301 1831 2675 1913 πιστεύσαντος
2743 1850 2901 1907 αἱ»τοῦ
2971 1831 3206 1912 παιδός..
3257 1831 3431 1931 πμΑιρες
3481 1852 3603 1933 γὰρ,
3651 1856 3808 1933 φησὶ,

3000 1938 3239 1996 τουτέστι
3319 1940 3440 2006 τοὺς
3526 1941 3809 2024 ἀπίστους,

420 2027 630 2103 cimus,
665 2030 764 2091 ille
797 2031 953 2092 ﬁlius
1001 2030 1238 2109 sepeliit
1275 2038 1499 2109 patrem
1532 2047 1859 2109 suum,non
1893 2027 2071 2089 intel-

2156 2031 2569 2107 γηρωτροφῆσαι
2628 2028 2716 2084 τὸν
2774 2025 2994 2084 ἄπιστόν
3085 2049 3178 2084 σου
3253 2028 3455 2108 πατέρα
3538 2029 3669 2111 ἂχρι
3721 2030 3813 2089 καὶ

418 2115 655 2195 ligimus
676 2119 832 2199 quod
865 2128 1090 2180 tantum
1124 2117 1613 2197 sepelieriteum,
1645 2126 1704 2178 et
1751 2116 1897 2177 nihil
1933 2115 2072 2177 boni

2156 2123 2351 2195 ταφῆς·
2424 2117 2484 2173 τὸ
2542 2116 2642 2195 γὰρ
2710 2116 2875 2192 θάψαι
2935 2116 3156 2176 ἐνταὸθα
3225 2120 3380 2175 τοῦτο
3410 2121 3683 2202 σημαίνει,
3745 2123 3811 2177 τὸ

412 2204 571 2266 aliud
603 2206 689 2268 illi
715 2208 942 2273 fecerit.
980 2208 1083 2269 sed
1110 2207 1263 2288 quod
1291 2205 1635 2286 diligentem
1683 2205 1811 2284 ejus
1866 2223 2067 2266 curam

2156 2203 2455 2281 ἐπιμελείας
2500 2203 2745 2276 ἀξιῶσαι,
2805 2203 2933 2286 ἃχρι
3020 2208 3108 2262 καὶ
3172 2211 3273 2275 τῆς
3316 2209 3516 2289 ταφῆς,
3546 2207 3663 2266 ἐπεὶ
3717 2212 3809 2267 καὶ

414 2294 683 2358 habuerit
716 2316 902 2378 usque
919 2304 990 2361 ad
1022 2304 1272 2357 mortem
1299 2303 1353 2357 et
1379 2293 1961 2375 sepulturam.lgilur
1985 2293 2066 2354 illi

2156 2296 2206 2350 tv
2252 2294 2321 2364 τῆ
2380 2301 2535 2372 κοινῇ
2578 2292 2760 2370 ὁμιλίᾳ
2812 2293 2977 2358 οὕτως
3021 2296 3279 2372 εἰώθαμεν
3322 2295 3517 2377 λέγειν·
3554 2289 3613 2357 Ὀ
3644 2298 3796 2356 δεῖνα

414 2384 653 2463 quidem
689 2385 927 2460 mortui,
955 2386 1066 2447 hoc
1097 2392 1188 2447 est
1217 2383 1542 2456 increduli,
1579 2382 1869 2463 sepeliant
1902 2400 2066 2443 mor-

419 2480 581 2534 tuum
618 2494 814 2547 suum,
848 2474 984 2535 dico
1037 2481 1261 2554 patrem
1322 2481 1512 2535 tuum.
1557 2471 1645 2533 Tu
1703 2480 1896 2533 autem
1931 2472 2071 2549 quia

416 2562 743 2642 credidisti,
764 2563 1047 2625 annuntia
1105 2563 1264 2625 velut
1295 2581 1463 2623 meus
1495 2560 1765 2641 dispulus
1794 2561 2069 2639 Evange-

418 2649 560 2711 lium
584 2651 846 2714 Dei.Hoc
866 2662 1060 2713 autem
1085 2651 1233 2713 dixit
1257 2652 1567 2720 Dominus,
1596 2669 1711 2710 non
1745 2649 2071 2730 prohibens

414 2758 523 2800 nos
551 2739 619 2801 ab
659 2741 889 2802 alendis
943 2740 1311 2821 parentibus,
1366 2740 1468 2801 sed
1511 2739 1733 2801 docens
1786 2737 2067 2818 pietatem

418 2830 843 2909 przeferendam
857 2830 1182 2893 incredulis
1199 2828 1641 2910 parentibus,eo
1659 2828 1814 2909 quod
1842 2828 2066 2888 nullum

417 2919 490 2980 ad
526 2919 798 2983 virtutem
830 2920 1198 2982 obstaculum
1228 2939 1361 2981 esse
1393 2918 1606 2980 debeat
1640 2938 1653 2979 :
1690 2925 1748 2979 et
1791 2927 2065 2978 contem-

415 3010 670 3073 nendam
702 3011 876 3072 etiam
913 3011 1178 3071 naturam
1216 3006 1685 3089 propriam,ideo
1720 3006 1944 3086 petenti
1967 3025 2063 3067 se-

416 3100 515 3180 qui
554 3100 743 3175 illum,
776 3100 941 3181 prius
981 3108 1175 3161 autem
1228 3096 1571 3159 renuntiare
1614 3094 1706 3156 his
1741 3113 1872 3176 quze
1903 3095 2064 3155 domi

413 3207 554 3266 suae,
568 3208 681 3250 non
700 3188 1111 3269 roncessit,ire
1125 3186 1352 3249 scilicet
1366 3186 1422 3246 in
1441 3185 1681 3246 domum
1700 3192 1957 3260 suam,et
1976 3201 2065 3244 re-

2149 2385 2258 2449 υἱὸς
2314 2383 2475 2460 ἔθαψε
2532 2385 2624 2441 τὸν
2680 2382 2881 2464 πατέρα
2955 2385 3134 2460 αὑτοῦ,
3199 2387 3259 2443 o6
3316 2390 3470 2445 τοῦτο
3530 2386 3803 2469 λέγοντες,

2152 2474 2232 2529 ὃτι
2306 2472 2465 2549 μόνον
2524 2472 2714 2549 ἔθαψεν
2771 2474 2950 2547 αὔτὸν,
2984 2471 3117 2531 ἄλλο
3156 2472 3212 2530 δὲ
3242 2473 3387 2531 οὐδὲν
3431 2476 3625 2556 ἀγαθὸν
3652 2476 3808 2536 ὶποί-

2152 2587 2304 2646 ησεν,
2378 2562 2497 2622 ἀλλ’
2555 2564 2635 2622 ὅτι
2708 2563 3079 2641 ἒπεμελήσατο
3151 2569 3308 2626 αὐτοῦ
3359 2566 3488 2648 ἄχρι
3543 2570 3631 2625 καὶ
3698 2575 3801 2637 τῆς

2154 2653 2403 2722 τελευτῆς
2460 2654 2549 2710 καὶ
2604 2659 2801 2733 ταφῆς.
2866 2653 3099 2711 Ἐκεῖνοι
3168 2656 3266 2730 μὲν
3336 2656 3425 2713 οὖν
3480 2658 3527 2712 οἱ
3600 2660 3799 2738 νεκροὶ,

2152 2742 2420 2800 τουτέστιν
2476 2745 2522 2799 οἰ
2579 2742 2817 2818 ἄπιστοι,
2890 2743 3207 2819 θαψάτωσαν
3234 2745 3323 2801 τὸν
3351 2746 3535 2823 νεκρὸν
3594 2744 3795 2820 αὐτῶν,

2152 2830 2296 2912 λέγω
2352 2830 2417 2899 δὴ
2469 2833 2561 2887 τὸν
2609 2833 2702 2887 σὸν
2770 2831 3000 2913 πατέρα,
3059 2833 3118 2889 σὺ
3188 2831 3242 2888 δὲ
3282 2832 3394 2889 ἐπεὶ
3448 2834 3785 2910 ἒπίστευσας,

2151 2918 2425 2999 διαγγελε,
2485 2922 2558 2983 ὡς
2603 2919 2729 2997 ἐμὸς
2761 2922 3029 2996 μαθητὴς,
3058 2923 3120 2979 τὸ
3154 2920 3466 3000 Εὖαγγέλιον
3508 2930 3599 2982 τοῦ
3627 2928 3784 2985 Θεοῦ,

2148 3016 2312 3068 Τοῦτο
2367 3007 2422 3065 δὲ
2490 3009 2647 3066 εἶπεν
2704 3013 2732 3067 6
2765 3012 2981 3089 Κύριος,
3012 3012 3072 3067 οὗ
3114 3009 3331 3068 κωλύων
3361 3012 3502 3087 ἡμᾶς
3544 3010 3648 3067 ἀπὸ
3696 3020 3794 3069 τοῦ

2145 3097 2353 3179 τρέφειν
2408 3098 2529 3163 τοὺς
2583 3111 2785 3178 γονεῖς,
2847 3097 2984 3155 ἀλλὰ
3059 3097 3319 3155 διδάσκων
3362 3101 3528 3175 ἡμᾶς,
3559 3100 3639 3155 ὃτι
3687 3105 3796 3157 τῶν

2146 3187 2383 3244 ἀπίστων
2441 3186 2643 3267 γονέων
2725 3188 3084 3269 προτιμηνέον
3138 3190 3238 3257 τὴν
3312 3185 3633 3264 θεοσέϐειαν,
3705 3190 3798 3246 καὶ

418 3278 693 3339 nuntiare
716 3277 1149 3357 domesticis,et
1173 3288 1234 3337 ut
1257 3276 1440 3353 magis
1466 3274 1707 3355 proprie
1728 3273 1945 3344 dicam,
1982 3272 2064 3334 di-

2156 3276 2230 3333 ὅτι
2288 3274 2434 3336 οὐδὲν
2504 3276 2757 3352 εμπόδιον
2819 3276 2966 3358 ἔχειν
2995 3276 3079 3334 δεῖ
3106 3279 3239 3358 πρὸς
3269 3279 3331 3336 τὸ
3374 3278 3595 3356 ἀγαθόν.
3627 3275 3801 3335 Ἀλλὰ

417 3384 553 3428 cere
578 3367 731 3430 vale.
752 3366 1094 3428 Insinuabat
1114 3366 1269 3427 enim
1299 3365 1475 3424 homo
1500 3363 1593 3423 illc
1618 3361 1775 3442 quod
1809 3360 2063 3422 familia-

2148 3366 2236 3422 καὶ
2307 3366 2469 3433 αὐτῆς
2525 3372 2623 3434 τῆς
2680 3367 2882 3447 φύσεως
2937 3379 3315 3447 καταφρονεῖν,
3368 3366 3548 3447 ὥσπερ
3576 3366 3667 3423 οὖν
3709 3366 3799 3422 καὶ

414 3455 648 3517 ritatem
692 3456 1007 3536 quamdam
1059 3454 1253 3516 adhuc
1300 3452 1516 3514 habeat
1544 3470 1676 3511 cum
1729 3451 1973 3529 mundo,
2010 3459 2067 3511 et

2156 3462 2225 3530 τῷ
2282 3454 2633 3524 ἀκολουθῆσαι
2688 3454 2915 3522 ἀξιοῦντι
2974 3459 3139 3537 αὐτῷ,
3201 3456 3457 3537 πρότερον
3512 3454 3789 3521 ἀποτάξα-

414 3563 528 3605 non
563 3546 807 3609 affectus
837 3546 911 3605 sit
944 3552 1005 3603 ut
1048 3542 1319 3622 apostoli,
1351 3541 1447 3621 qui
1478 3560 1607 3600 mox
1642 3540 2063 3621 utaudierunt,

2156 3547 2264 3603 σθαι
2320 3558 2436 3610 τοῖς
2487 3544 2541 3600 ἐν
2597 3549 2673 3621 τῷ
2737 3546 2876 3619 οἴκῳ
2931 3548 3112 3626 αὐτοῦ,
3170 3547 3230 3603 οὗ
3271 3558 3550 3626 συγχωρεῖ
3604 3546 3787 3607 τοῦτο,

413 3634 712 3695 Christum
736 3635 917 3696 secuti
945 3643 1102 3706 sunt,
1134 3633 1278 3693 nihil
1310 3628 1794 3709 aliudzcuriosius
1818 3629 2063 3707 perqui-

2156 3632 2302 3711 Λέγω
2358 3632 2423 3701 δὴ
2498 3635 2552 3690 τὸ
2579 3634 2831 3691 ἀπελθεῖν
2860 3636 2931 3699 εἰς
2960 3637 3051 3693 τὸν
3083 3648 3234 3693 οῖκον
3262 3634 3420 3694 αὐτοῦ
3456 3635 3547 3691 καὶ
3585 3632 3794 3691 ὀποτᾶ-

416 3732 640 3798 rentes,
692 3731 751 3784 et
800 3740 875 3786 ne
926 3723 1052 3784 vale
1086 3722 1326 3804 quidem
1372 3718 1725 3780 necessariis
1777 3717 2062 3781 dicentes.

2156 3720 2351 3799 Ξασθαι,
2426 3722 2718 3800 τουτέστιν,
2777 3724 2871 3780 ’ίνα
2926 3722 3329 3803 ἰδιωτικώτερον
3357 3723 3520 3797 εἴπω,
3547 3723 3790 3804 ἆποχαι-

415 3812 583 3894 Saepe
607 3812 765 3873 enim
800 3813 1091 3892 contingit
1114 3810 1350 3893 quando
1383 3809 1515 3890 quis
1539 3808 1665 3869 vale
1697 3807 1840 3869 dicit
1859 3808 2067 3870 amicis

2156 3811 2366 3890 ρετίσαι.
2428 3811 2705 3894 Ἐμφαίνει
2774 3814 2875 3894 γὰρ
2930 3816 2958 3871 6
3033 3819 3269 3877 τοιοῦτος
3339 3811 3633 3891 ἅνθρωπος,
3708 3812 3793 3869 ὅτι

411 3902 630 3976 suis,ut
649 3901 1027 3963 inveniantur
1043 3901 1222 3981 aliqui
1250 3899 1353 3980 qui
1375 3898 1543 3959 illum
1565 3917 1597 3958 a
1622 3896 1734 3958 vita
1751 3906 1952 3958 sancta
1966 3897 2067 3959 ab-

2156 3901 2334 3979 σχέσιν
2388 3901 2507 3982 ἔχει
2576 3903 2707 3981 πρὸς
2760 3904 2849 3959 τὸν
2933 3902 3157 3978 κόσμον·
3218 3902 3306 3958 καὶ
3331 3902 3454 3982 οὖχὶ
3491 3901 3629 3958 κατᾶ
3669 3902 3791 3968 τούς

412 3991 704 4054 ducantet
728 3991 1119 4073 prohibeant:
1156 3990 1289 4050 ideo
1314 3987 1534 4049 bonum
1562 3995 1649 4047 est
1677 3994 1892 4047 utcum
1931 3987 2063 4068 quis

2156 3990 2472 4055 ὶποστόλους
2543 3990 2824 4067 διάκειται,
2876 3993 2929 4050 οἵ
3023 3993 3341 4056 ἀκούσαντες
3399 3994 3579 4067 αὐτοῦ,
3642 3991 3791 4055 εὖθός

413 4099 539 4143 rem
577 4080 791 4142 bonam
824 4080 1018 4142 facere
1063 4079 1334 4153 vult,non
1382 4086 1670 4150 moretur,
1705 4075 1807 4136 sed
1863 4076 2057 4137 statim

2156 4079 2505 4148 ixolodﬁrpav
2589 4082 2753 4159 αὐτῷ’
2831 4080 2995 4159 μηδὲν
3073 4080 3203 4139 ἄλλο
3284 4081 3788 4160 περιεργασάμενοι,

411 4171 701 4251 perﬁciat.
727 4170 941 4234 Nullus
968 4168 1127 4231 enim
1162 4167 1261 4249 qui
1295 4167 1470 4227 mittit
1504 4183 1741 4227 manum
1786 4183 1949 4225 suam
1985 4164 2055 4224 ad

2156 4168 2261 4227 ἰλλ’
2317 4170 2533 4249 ἀφέντες
2587 4173 2676 4229 καὶ
2730 4172 2829 4239 τὴν
2885 4173 3015 4253 πρὸς
3059 4171 3179 4236 τούς
3212 4170 3428 4235 οἰκείους
3486 4170 3790 4249 ἂποταγήν.

411 4268 671 4321 aratrnm
699 4259 1095 4339 spirituale,et
1126 4256 1364 4337 respicit
1388 4256 1598 4316 iterum
1635 4254 1705 4315 ad
1741 4253 2052 4327 mundum,

2156 4258 2406 4325 Πολλάκις
2467 4261 2566 4341 γὰρ
2636 4259 2907 4337 συμϐαίνει
2965 4260 3019 4317 έν
3113 4262 3223 4333 ὃσῳ
3276 4282 3357 4324 τις
3430 4259 3793 4319 ἀποτάσσεται

412 4350 661 4411 idoneus
691 4357 778 4410 est
808 4350 878 4410 ad
912 4368 1158 4429 regnum
1184 4347 1496 4408 caelorum.
1534 4343 1805 4420 lntellige
1857 4353 2054 4403 autem

2156 4364 2255 4414 τοῖς
2323 4352 2629 4430 συγγενέσιν
2698 4354 2876 4423 αὐτοῦ,
2936 4350 3256 4431 εὒρίσκεσθαί
3307 4370 3452 4413 τινας
3479 4347 3540 4405 ἐκ
3587 4348 3789 4406 τούτων

414 4458 518 4519 per
548 4440 750 4511 vulpes
774 4438 948 4500 etiam
991 4437 1279 4516 malignos
1306 4435 1630 4503 daemones,
1665 4432 1767 4511 qui
1800 4440 1862 4492 et
1892 4435 2053 4493 voln-

2156 4438 2441 4505 ιωλύοντας
2502 4440 2660 4497 αὐτὸν
2707 4440 2814 4496 ἀπὸ
2863 4446 2957 4497 τοῦ
3012 4440 3148 4496 κατὰ
3177 4439 3307 4496 Θεὸν
3332 4440 3469 4515 βίου,
3500 4434 3580 4494 διὸ
3619 4435 3788 4495 καλὸν

413 4528 535 4588 tilia
565 4526 697 4590 coeli
730 4528 1029 4601 dicuntur,
1066 4528 1176 4588 hoc
1209 4522 1690 4615 estaeris_Jux_Ia
1722 4521 2050 4615 principem

2156 4550 2279 4585 :atw
2340 4527 2452 4603 ἃμα
2513 4533 2589 4602 τῷ
2645 4526 2865 4597 θελήσαι
2922 4529 2983 4615 τὸ
3050 4528 3273 4607 ἀγαθὸν,
3304 4524 3595 4615 ’ἐπιτελεῖν
3663 4524 3791 4582 αὐτὸ

409 4616 1128 4697 enim,inquit,potestatis
1159 4614 1338 4676 aeris.
1372 4610 1526 4674 Dicit
1557 4611 1736 4688 igitur
1767 4609 2053 4671 Dominus

2156 4615 2311 4684 μηδὲν
2362 4615 2765 4692 ἁναδυομένοδς.
2838 4614 3015 4682 Οὐδεὶς
3074 4619 3173 4695 γὰρ
3201 4613 3467 4672 ἐπιϐαλὼν
3494 4614 3594 4682 τὴν
3627 4626 3795 4695 χεῖρα

407 4705 478 4767 ad
510 4705 813 4766 hominem
849 4722 863 4768 :
898 4705 1051 4778 Quia
1081 4704 1382 4765 daemones
1408 4702 1467 4761 in
1496 4708 1550 4760 te
1573 4700 1767 4760 foveas
1811 4698 2056 4767 habent,

2156 4706 2303 4763 ιῦτοῦ
2372 4705 2459 4762 ἐπὶ
2524 4707 2585 4761 τὸ
2638 4702 2857 4786 ἄροτρον
2898 4708 2961 4762 τὸ
3002 4706 3379 4781 πνευματικόν,
3434 4704 3532 4762 Καὶ
3574 4701 3788 4778 βλέπων

413 4804 727 4875 propterea
751 4814 860 4874 ego
892 4794 1075 4857 Filius
1102 4791 1360 4855 hominis
1387 4810 1501 4851 non
1537 4787 1726 4849 habeo
1757 4787 1857 4849 ubi
1887 4796 2067 4869 caput

2156 4795 2302 4853 πάλιν
2356 4797 2443 4852 ἰπὶ
2498 4796 2589 4851 τὸν
2665 4818 2890 4872 κοσμον,
2980 4792 3272 4859 ἑπιτάδειός
3343 4793 3485 4850 ἒσνιν
3557 4794 3631 4857 εἰς
3690 4792 3790 4859 τὴν

408 4883 722 4956 reclinem,
759 4885 870 4945 huc
896 4893 1006 4946 est.
1043 4883 1101 4944 in
1137 4898 1232 4945 me
1264 4880 1420 4948 ﬁdei,
1470 4897 1587 4939 non
1639 4876 1815 4938 video
1868 4878 2059 4937 locum

2156 4885 2416 4942 ΞασιΛείαν
2471 4886 2565 4940 τοῦ
2647 4891 2802 4949 Θεοῦ,
2855 4885 3082 4955 Νοήσεις
3133 4882 3186 4940 δὲ
3218 4881 3500 4946 ἀλώπεκας
3544 4881 3632 4937 καὶ
3672 4880 3793 4946 τούς

406 4972 465 5033 in
498 4973 680 5035 corde
711 4976 996 5052 tuo,quod
1024 4973 1329 5052 impletum
1354 4978 1443 5031 est
1473 4965 2057 5047 daemonibusﬂaput

2156 4975 2466 5052 πανούργους
2521 4970 2793 5049 δαίμονας,
2851 4970 2910 5029 οἵ
2964 4974 3051 5029 καὶ
3121 4973 3337 5031 πετεινὰ
3396 4970 3487 5027 to;
3565 4973 3793 5050 οὐρανοῦ

408 5063 564 5123 enim
591 5061 990 5140 Christi,ﬁdes
1023 5062 1080 5123 in
1112 5057 1564 5132 illum.Quando
1593 5059 1747 5117 enim
1773 5056 1905 5136 quis
1932 5074 2057 5117 cre-

2156 5064 2410 5142 ιέγονται,
2467 5063 2703 5120 τουτέστι
2758 5070 2852 5120 τοῦ
2919 5062 3095 5143 ἀέρος.
3169 5060 3322 5123 Κατὰ
3393 5062 3485 5118 τὸν
3551 5059 3793 5140 ἄρχοντα

407 5151 493 5213 dit
520 5154 703 5215 Deum
738 5169 871 5214 esse
903 5151 1226 5226 Christum,
1254 5159 1392 5211 tunc
1417 5156 1594 5226 caput
1624 5144 1837 5234 Christi
1868 5150 2051 5208 tenet.

2156 5153 2265 5233 (ἄρ,
2336 5153 2485 5234 φησὶ,
2519 5157 2615 5229 τῇς
2644 5150 2881 5218 ὶξουσίας
2924 5159 3016 5210 τοῦ
3059 5151 3237 5232 ἀέρος.
3286 5150 3458 5218 Φησὶν
3500 5151 3588 5206 οὗν
3618 5150 3646 5205 6
3679 5148 3794 5207 Κύ-

406 5243 674 5303 Mortuus
703 5248 898 5300 autem
934 5248 1210 5320 peccator
1240 5247 1352 5311 est,
1386 5237 1485 5318 qui
1540 5246 1595 5296 et
1652 5233 1865 5315 sepelit
1920 5254 2059 5295 suos

2156 5263 2251 5304 >ιος
2305 5233 2435 5321 πρὸς
2491 5242 2582 5298 τὸν
2639 5240 2932 5321 ἄνθρωπον,
3007 5239 3112 5315 ὅτι,
3159 5242 3219 5298 Οἱ
3275 5236 3523 5314 δαίμονες
3581 5236 3637 5293 ἰν
3708 5235 3793 5293 σοὶ

409 5340 696 5404 mortuos,
752 5330 865 5391 hoc
912 5339 1001 5391 est
1056 5331 1240 5390 malas
1299 5325 1707 5406 cogitationes,
1757 5343 1904 5404 quas
1942 5344 2057 5385 non

2156 5329 2375 5410 ρωλεούς
2446 5329 2657 5410 ἔχουσι,
2710 5331 2798 5387 καὶ
2847 5328 2931 5385 διὰ
2984 5337 3139 5387 τοῦτο
3209 5331 3237 5385 6
3311 5330 3428 5391 Υἱὸς
3463 5333 3556 5384 τοῦ
3580 5324 3793 5405 ἀνθρώ-

405 5420 745 5481 conﬁtetur.
774 5418 1032 5481 Proinde
1062 5419 1348 5480 Dominus
1380 5413 1655 5497 prohibet
1688 5422 2052 5486 secuturum,

2156 5442 2242 5476 του
2314 5421 2423 5499 ἐγὼ
2478 5422 2573 5477 οὐκ
2626 5419 2741 5500 ἔχω
2824 5427 2924 5477 ποῦ
2980 5421 3078 5487 τὴν
3126 5416 3363 5501 κεφαλὴν
3392 5414 3576 5490 κλίνω,
3626 5435 3787 5471 τουτ-

407 5523 481 5566 ne
515 5507 765 5585 sepeliat
825 5508 1007 5569 malas
1056 5506 1447 5587 cogitationes
1494 5511 1551 5564 et
1601 5503 1855 5565 Occultiet
1885 5525 1897 5564 :
1932 5504 2057 5566 vult

2156 5510 2275 5581 ἑστι,
2336 5515 2433 5577 τῆς
2489 5511 2562 5575 εἰς
2620 5509 2716 5586 ἐμὲ
2771 5509 2997 5575 πίστεως
3057 5509 3161 5589 οὐχ
3219 5511 3326 5586 ὁρῶ
3396 5505 3562 5562 τόπον
3617 5501 3671 5558 ἒν
3725 5508 3795 5578 τῇ

405 5595 562 5656 enim
610 5613 710 5655 cas
736 5613 841 5675 per
871 5597 1307 5659 confessionem
1334 5593 1728 5678 manifestam,

2156 5597 2318 5678 ιαρδίᾳ
2374 5621 2491 5674 σου,
2561 5605 2630 5675 τῇ
2686 5598 3024 5678 πληρωθείσῃ
3081 5595 3366 5674 δαιμόνωνο
3426 5591 3647 5674 Κεφαλὴ
3687 5592 3792 5678 γὰρ

404 5690 494 5743 τοῦ
540 5687 782 5764 Χριστοῦ,
829 5685 863 5751 ἡ
897 5686 1070 5750 πίστις
1129 5689 1201 5751 εἰς
1278 5685 1432 5741 αὐτόν
1490 5683 1651 5741 ἐστιν.
1717 5675 1899 5741 ’Ὅταν
1960 5688 2058 5765 γὰρ
2109 5675 2218 5755 τις-
2246 5689 2404 5746 αὐτὸν
2473 5687 2731 5765 πιστεύσῃ
2794 5675 2923 5745 Θεὸν
3008 5684 3159 5763 ὄντα,
3216 5685 3341 5744 τότε
3392 5682 3492 5753 τήν
3544 5677 3790 5764 κεφαλὴν
