  <div class='ocr_page' id='page_1' title='image "/cluster/home/n/w/nwhite01/storage/ocr_20150623/123/mdp.39015009359079/424.png"; bbox 0 0 4132 6278; ppageno 0'>
   <div class='ocr_carea' id='block_1_1' title="bbox 242 338 369 411">
    <p class='ocr_par' dir='ltr' id='par_1_1' title="bbox 242 338 369 411">
     <span class='ocr_line' id='line_1_1' title="bbox 242 338 369 411; baseline 0 0"><span class='ocrx_word' id='word_1_1' title='bbox 242 338 369 411; x_wconf 86' lang='grc'>833</span> 
     </span>
    </p>
   </div>
   <div class='ocr_carea' id='block_1_2' title="bbox 998 346 2867 419">
    <p class='ocr_par' dir='ltr' id='par_1_2' title="bbox 998 346 2867 419">
     <span class='ocr_line' id='line_1_2' title="bbox 998 346 2867 419; baseline -0.001 -4"><span class='ocrx_word' id='word_1_2' title='bbox 998 348 1443 419; x_wconf 79' lang='lat' dir='ltr'>ENARBATIO</span> <span class='ocrx_word' id='word_1_3' title='bbox 1488 352 1570 419; x_wconf 89' lang='lat' dir='ltr'>IN</span> <span class='ocrx_word' id='word_1_4' title='bbox 1614 349 2118 418; x_wconf 83' lang='lat' dir='ltr'>EVANGELIUM</span> <span class='ocrx_word' id='word_1_5' title='bbox 2167 348 2406 417; x_wconf 65' lang='lat' dir='ltr'><strong>LUCIE.</strong></span> <span class='ocrx_word' id='word_1_6' title='bbox 2452 384 2531 399; x_wconf 92' lang='lat'>—</span> <span class='ocrx_word' id='word_1_7' title='bbox 2576 346 2741 417; x_wconf 86' lang='lat' dir='ltr'>CAP.</span> <span class='ocrx_word' id='word_1_8' title='bbox 2790 348 2867 414; x_wconf 83' lang='lat' dir='ltr'><strong>X.</strong></span> 
     </span>
    </p>
   </div>
   <div class='ocr_carea' id='block_1_3' title="bbox 3504 345 3625 427">
    <p class='ocr_par' dir='ltr' id='par_1_3' title="bbox 3504 345 3625 427">
     <span class='ocr_line' id='line_1_3' title="bbox 3504 345 3625 427; baseline 0.025 -16"><span class='ocrx_word' id='word_1_9' title='bbox 3504 345 3625 427; x_wconf 76' lang='grc'>834</span> 
     </span>
    </p>
   </div>
   <div class='ocr_carea' id='block_1_4' title="bbox 242 497 3624 596">
    <p class='ocr_par' dir='ltr' id='par_1_4' title="bbox 242 497 3624 596">
     <span class='ocr_line' id='line_1_4' title="bbox 242 497 3624 596; baseline -0.001 -27"><span class='ocrx_word' id='word_1_10' title='bbox 242 522 339 573; x_wconf 85' lang='grc' dir='ltr'>τοῦ</span> <span class='ocrx_word' id='word_1_11' title='bbox 370 520 599 593; x_wconf 77' lang='grc' dir='ltr'>Χριστοῦ.</span> <span class='ocrx_word' id='word_1_12' title='bbox 634 529 845 594; x_wconf 73' lang='grc' dir='ltr'>κρατεῖ.</span> <span class='ocrx_word' id='word_1_13' title='bbox 909 518 1107 595; x_wconf 80' lang='grc' dir='ltr'>Νεκρὸς</span> <span class='ocrx_word' id='word_1_14' title='bbox 1162 515 1216 574; x_wconf 84' lang='grc' dir='ltr'>δέ</span> <span class='ocrx_word' id='word_1_15' title='bbox 1276 518 1419 576; x_wconf 79' lang='grc' dir='ltr'>ἐστιν</span> <span class='ocrx_word' id='word_1_16' title='bbox 1478 519 1505 573; x_wconf 99' lang='lat'>6</span> <span class='ocrx_word' id='word_1_17' title='bbox 1584 514 1925 596; x_wconf 78' lang='grc' dir='ltr'>ἁμαρτωλός,</span> <span class='ocrx_word' id='word_1_18' title='bbox 1999 497 2105 578; x_wconf 56' lang='grc' dir='ltr'>ΗΟς</span> <span class='ocrx_word' id='word_1_19' title='bbox 2162 516 2248 570; x_wconf 83' lang='grc' dir='ltr'>καὶ</span> <span class='ocrx_word' id='word_1_20' title='bbox 2305 514 2559 571; x_wconf 72' lang='grc' dir='ltr'>θάπτεται</span> <span class='ocrx_word' id='word_1_21' title='bbox 2619 514 2739 577; x_wconf 71' lang='grc' dir='ltr'>τοὺς</span> <span class='ocrx_word' id='word_1_22' title='bbox 2813 514 2998 570; x_wconf 78' lang='grc' dir='ltr'>ἑαυτοῦ</span> <span class='ocrx_word' id='word_1_23' title='bbox 3066 512 3301 591; x_wconf 78' lang='grc' dir='ltr'>νεκροὺς,</span> <span class='ocrx_word' id='word_1_24' title='bbox 3362 511 3624 591; x_wconf 82' lang='grc' dir='ltr'>τουτέστι,</span> 
     </span>
    </p>
   </div>
   <div class='ocr_carea' id='block_1_5' title="bbox 243 603 1885 688">
    <p class='ocr_par' dir='ltr' id='par_1_5' title="bbox 243 603 1885 688">
     <span class='ocr_line' id='line_1_5' title="bbox 243 603 1885 688; baseline 0.002 -29"><span class='ocrx_word' id='word_1_25' title='bbox 243 603 371 667; x_wconf 80' lang='grc' dir='ltr'>τοὺς</span> <span class='ocrx_word' id='word_1_26' title='bbox 430 604 693 683; x_wconf 83' lang='grc' dir='ltr'>πονηροὺς</span> <span class='ocrx_word' id='word_1_27' title='bbox 748 604 1058 684; x_wconf 84' lang='grc' dir='ltr'>λογισμοὺς,</span> <span class='ocrx_word' id='word_1_28' title='bbox 1119 609 1199 684; x_wconf 73' lang='grc' dir='ltr'>μὴ</span> <span class='ocrx_word' id='word_1_29' title='bbox 1246 608 1567 688; x_wconf 72' lang='grc' dir='ltr'>ἐξαγορεύων</span> <span class='ocrx_word' id='word_1_30' title='bbox 1648 608 1885 671; x_wconf 81' lang='grc' dir='ltr'>τούτους.</span> 
     </span>
    </p>
   </div>
   <div class='ocr_carea' id='block_1_6' title="bbox 244 692 424 774">
    <p class='ocr_par' dir='ltr' id='par_1_6' title="bbox 244 692 424 774">
     <span class='ocr_line' id='line_1_6' title="bbox 244 692 424 774; baseline 0.011 -27"><span class='ocrx_word' id='word_1_31' title='bbox 244 692 424 774; x_wconf 72' lang='grc' dir='ltr'>αὑτοῦ,</span> 
     </span>
    </p>
   </div>
   <div class='ocr_carea' id='block_1_7' title="bbox 241 781 649 863">
    <p class='ocr_par' dir='ltr' id='par_1_7' title="bbox 241 781 649 863">
     <span class='ocr_line' id='line_1_7' title="bbox 241 781 649 863; baseline 0.017 -25"><span class='ocrx_word' id='word_1_32' title='bbox 241 781 649 863; x_wconf 79' lang='grc' dir='ltr'>ἐξαγορεύσεως.</span> 
     </span>
    </p>
   </div>
   <div class='ocr_carea' id='block_1_8' title="bbox 888 896 1249 957">
    <p class='ocr_par' dir='ltr' id='par_1_8' title="bbox 888 896 1249 957">
     <span class='ocr_line' id='line_1_8' title="bbox 888 896 1249 957; baseline 0.011 -4"><span class='ocrx_word' id='word_1_33' title='bbox 888 901 1137 957; x_wconf 67' lang='grc' dir='ltr'>ΚΙὲΦΑΛ.</span> <span class='ocrx_word' id='word_1_34' title='bbox 1181 896 1249 957; x_wconf 87' lang='grc' dir='ltr'>ι’.</span> 
     </span>
    </p>
   </div>
   <div class='ocr_carea' id='block_1_9' title="bbox 240 982 1892 1065">
    <p class='ocr_par' dir='ltr' id='par_1_9' title="bbox 240 982 1892 1065">
     <span class='ocr_line' id='line_1_9' title="bbox 240 982 1892 1065; baseline 0.002 -29"><span class='ocrx_word' id='word_1_35' title='bbox 240 982 369 1065; x_wconf 86' lang='grc' dir='ltr'>Περὶ</span> <span class='ocrx_word' id='word_1_36' title='bbox 446 989 563 1065; x_wconf 29' lang='grc' dir='ltr'>τῶν.</span> <span class='ocrx_word' id='word_1_37' title='bbox 650 982 1064 1063; x_wconf 80' lang='grc' dir='ltr'>ἀναδειχθέντων</span> <span class='ocrx_word' id='word_1_38' title='bbox 1129 983 1511 1062; x_wconf 76' lang='grc' dir='ltr'>ἐϐδομήκοντα.</span> <span class='ocrx_word' id='word_1_39' title='bbox 1603 987 1724 1065; x_wconf 85' lang='grc' dir='ltr'>Περὶ</span> <span class='ocrx_word' id='word_1_40' title='bbox 1800 992 1892 1041; x_wconf 79' lang='grc' dir='ltr'>τοῦ</span> 
     </span>
    </p>
   </div>
   <div class='ocr_carea' id='block_1_10' title="bbox 323 1063 1890 1145">
    <p class='ocr_par' dir='ltr' id='par_1_10' title="bbox 323 1063 1890 1145">
     <span class='ocr_line' id='line_1_10' title="bbox 323 1063 1890 1145; baseline 0.003 -30"><span class='ocrx_word' id='word_1_41' title='bbox 323 1063 773 1145; x_wconf 71' lang='grc' dir='ltr'>ἒπερωτήσαντος</span> <span class='ocrx_word' id='word_1_42' title='bbox 854 1075 1074 1139; x_wconf 86' lang='grc' dir='ltr'>νομικοῦ</span> <span class='ocrx_word' id='word_1_43' title='bbox 1181 1068 1302 1145; x_wconf 84' lang='grc' dir='ltr'>Περὶ</span> <span class='ocrx_word' id='word_1_44' title='bbox 1403 1075 1496 1124; x_wconf 89' lang='grc' dir='ltr'>τοῦ</span> <span class='ocrx_word' id='word_1_45' title='bbox 1569 1063 1890 1143; x_wconf 78' lang='grc' dir='ltr'>ἐμπεσόντος</span> 
     </span>
    </p>
   </div>
   <div class='ocr_carea' id='block_1_11' title="bbox 324 1141 1891 1227">
    <p class='ocr_par' dir='ltr' id='par_1_11' title="bbox 324 1141 1891 1227">
     <span class='ocr_line' id='line_1_11' title="bbox 324 1141 1891 1227; baseline 0.008 -31"><span class='ocrx_word' id='word_1_46' title='bbox 324 1142 564 1227; x_wconf 37' lang='grc' dir='ltr'>εἰς-τούς</span> <span class='ocrx_word' id='word_1_47' title='bbox 622 1141 845 1227; x_wconf 79' lang='grc' dir='ltr'>λῃστὰς,</span> <span class='ocrx_word' id='word_1_48' title='bbox 922 1147 1045 1224; x_wconf 88' lang='grc' dir='ltr'>Περὶ</span> <span class='ocrx_word' id='word_1_49' title='bbox 1108 1141 1320 1223; x_wconf 78' lang='grc' dir='ltr'>Μάρθας</span> <span class='ocrx_word' id='word_1_50' title='bbox 1385 1148 1474 1204; x_wconf 85' lang='grc' dir='ltr'>καὶ</span> <span class='ocrx_word' id='word_1_51' title='bbox 1544 1141 1743 1227; x_wconf 71' lang='grc' dir='ltr'>Μαρίας</span> <span class='ocrx_word' id='word_1_52' title='bbox 1792 1150 1891 1213; x_wconf 80' lang='grc' dir='ltr'>τῆς</span> 
     </span>
    </p>
   </div>
   <div class='ocr_carea' id='block_1_12' title="bbox 322 1218 774 1302">
    <p class='ocr_par' dir='ltr' id='par_1_12' title="bbox 322 1218 774 1302">
     <span class='ocr_line' id='line_1_12' title="bbox 322 1218 774 1302; baseline 0.004 -26"><span class='ocrx_word' id='word_1_53' title='bbox 322 1218 555 1302; x_wconf 75' lang='grc' dir='ltr'><strong>ἀδελφῆς</strong></span> <span class='ocrx_word' id='word_1_54' title='bbox 585 1218 774 1291; x_wconf 78' lang='grc' dir='ltr'>αὐτῆς,</span> 
     </span>
    </p>
   </div>
   <div class='ocr_carea' id='block_1_13' title="bbox 328 1309 1890 1396">
    <p class='ocr_par' dir='ltr' id='par_1_13' title="bbox 328 1309 1890 1396">
     <span class='ocr_line' id='line_1_13' title="bbox 328 1309 1890 1396; baseline 0.004 -31"><span class='ocrx_word' id='word_1_55' title='bbox 328 1334 355 1365; x_wconf 73' lang='grc' dir='ltr'>α</span> <span class='ocrx_word' id='word_1_56' title='bbox 416 1311 563 1367; x_wconf 76' lang='grc' dir='ltr'>Μετὰ</span> <span class='ocrx_word' id='word_1_57' title='bbox 620 1309 673 1368; x_wconf 76' lang='grc' dir='ltr'>δὲ</span> <span class='ocrx_word' id='word_1_58' title='bbox 726 1313 889 1371; x_wconf 78' lang='grc' dir='ltr'>ταῦτα</span> <span class='ocrx_word' id='word_1_59' title='bbox 945 1313 1201 1382; x_wconf 79' lang='grc' dir='ltr'>ἀνέδειξεν</span> <span class='ocrx_word' id='word_1_60' title='bbox 1244 1319 1271 1373; x_wconf 89' lang='lat'>6</span> <span class='ocrx_word' id='word_1_61' title='bbox 1310 1318 1491 1396; x_wconf 67' lang='grc' dir='ltr'>Κύριος</span> <span class='ocrx_word' id='word_1_62' title='bbox 1550 1317 1638 1373; x_wconf 83' lang='grc' dir='ltr'>καὶ</span> <span class='ocrx_word' id='word_1_63' title='bbox 1681 1315 1890 1395; x_wconf 78' lang='grc' dir='ltr'>ἐτέρους</span> 
     </span>
    </p>
   </div>
   <div class='ocr_carea' id='block_1_14' title="bbox 233 1395 1889 1485">
    <p class='ocr_par' dir='ltr' id='par_1_14' title="bbox 233 1395 1889 1485">
     <span class='ocr_line' id='line_1_14' title="bbox 233 1395 1889 1485; baseline 0.004 -31"><span class='ocrx_word' id='word_1_64' title='bbox 233 1395 628 1474; x_wconf 75' lang='grc' dir='ltr'>ἑϐδομήκοντα,</span> <span class='ocrx_word' id='word_1_65' title='bbox 684 1404 770 1458; x_wconf 85' lang='grc' dir='ltr'>καὶ</span> <span class='ocrx_word' id='word_1_66' title='bbox 839 1403 1149 1461; x_wconf 78' lang='grc' dir='ltr'>ἀπέστειλεν</span> <span class='ocrx_word' id='word_1_67' title='bbox 1205 1395 1393 1470; x_wconf 74' lang='grc' dir='ltr'>αὖτοὺς</span> <span class='ocrx_word' id='word_1_68' title='bbox 1450 1406 1550 1461; x_wconf 83' lang='grc' dir='ltr'>ἀνὰ</span> <span class='ocrx_word' id='word_1_69' title='bbox 1605 1403 1696 1461; x_wconf 85' lang='grc' dir='ltr'>δύο</span> <span class='ocrx_word' id='word_1_70' title='bbox 1752 1406 1889 1485; x_wconf 37' lang='grc' dir='ltr'>,πρὸς</span> 
     </span>
    </p>
   </div>
   <div class='ocr_carea' id='block_1_15' title="bbox 232 1490 1893 1566">
    <p class='ocr_par' dir='ltr' id='par_1_15' title="bbox 232 1490 1893 1566">
     <span class='ocr_line' id='line_1_15' title="bbox 232 1490 1893 1566; baseline 0.004 -22"><span class='ocrx_word' id='word_1_71' title='bbox 232 1490 526 1566; x_wconf 84' lang='grc' dir='ltr'>προσώπου</span> <span class='ocrx_word' id='word_1_72' title='bbox 590 1493 747 1550; x_wconf 81' lang='grc' dir='ltr'>αὑτοῦ</span> <span class='ocrx_word' id='word_1_73' title='bbox 835 1494 907 1556; x_wconf 81' lang='grc' dir='ltr'>εἷς</span> <span class='ocrx_word' id='word_1_74' title='bbox 1004 1500 1178 1551; x_wconf 84' lang='grc' dir='ltr'>πᾶσαν</span> <span class='ocrx_word' id='word_1_75' title='bbox 1236 1496 1391 1552; x_wconf 89' lang='grc' dir='ltr'>πόλιν</span> <span class='ocrx_word' id='word_1_76' title='bbox 1449 1496 1534 1551; x_wconf 86' lang='grc' dir='ltr'>καὶ</span> <span class='ocrx_word' id='word_1_77' title='bbox 1585 1494 1770 1557; x_wconf 81' lang='grc' dir='ltr'>τόπον,</span> <span class='ocrx_word' id='word_1_78' title='bbox 1831 1496 1893 1550; x_wconf 82' lang='grc' dir='ltr'>οὗ</span> 
     </span>
    </p>
   </div>
   <div class='ocr_carea' id='block_1_16' title="bbox 233 1574 1888 1663">
    <p class='ocr_par' dir='ltr' id='par_1_16' title="bbox 233 1574 1888 1663">
     <span class='ocr_line' id='line_1_16' title="bbox 233 1574 1888 1663; baseline 0.005 -30"><span class='ocrx_word' id='word_1_79' title='bbox 233 1575 460 1653; x_wconf 77' lang='grc' dir='ltr'>ἔμελλεν</span> <span class='ocrx_word' id='word_1_80' title='bbox 532 1578 688 1644; x_wconf 76' lang='grc' dir='ltr'>αὑτὸς</span> <span class='ocrx_word' id='word_1_81' title='bbox 736 1579 1008 1661; x_wconf 66' lang='grc' dir='ltr'>ἔρχεσθαν</span> <span class='ocrx_word' id='word_1_82' title='bbox 1062 1582 1245 1663; x_wconf 77' lang='grc' dir='ltr'>ἔλεγεν</span> <span class='ocrx_word' id='word_1_83' title='bbox 1289 1584 1377 1640; x_wconf 87' lang='grc' dir='ltr'>οὗν</span> <span class='ocrx_word' id='word_1_84' title='bbox 1403 1586 1534 1662; x_wconf 82' lang='grc' dir='ltr'>πρὸς</span> <span class='ocrx_word' id='word_1_85' title='bbox 1584 1584 1793 1647; x_wconf 69' lang='grc' dir='ltr'>αὐτούς’</span> <span class='ocrx_word' id='word_1_86' title='bbox 1832 1574 1888 1641; x_wconf 63' lang='grc' dir='ltr'><strong>Ὀ</strong></span> 
     </span>
    </p>
   </div>
   <div class='ocr_carea' id='block_1_17' title="bbox 233 1666 1887 1752">
    <p class='ocr_par' dir='ltr' id='par_1_17' title="bbox 233 1666 1887 1752">
     <span class='ocr_line' id='line_1_17' title="bbox 233 1666 1887 1752; baseline 0.004 -30"><span class='ocrx_word' id='word_1_87' title='bbox 233 1666 340 1742; x_wconf 76' lang='grc' dir='ltr'>μὶν</span> <span class='ocrx_word' id='word_1_88' title='bbox 395 1669 639 1745; x_wconf 83' lang='grc' dir='ltr'>θερισμὸς</span> <span class='ocrx_word' id='word_1_89' title='bbox 707 1670 895 1745; x_wconf 89' lang='grc' dir='ltr'>πολύς,</span> <span class='ocrx_word' id='word_1_90' title='bbox 970 1674 1017 1729; x_wconf 76' lang='grc' dir='ltr'>οἱ</span> <span class='ocrx_word' id='word_1_91' title='bbox 1064 1671 1119 1729; x_wconf 82' lang='grc' dir='ltr'>δὲ</span> <span class='ocrx_word' id='word_1_92' title='bbox 1176 1674 1393 1752; x_wconf 73' lang='grc' dir='ltr'>ὶργάται</span> <span class='ocrx_word' id='word_1_93' title='bbox 1422 1672 1614 1752; x_wconf 85' lang='grc' dir='ltr'>ὀλίγοι,</span> <span class='ocrx_word' id='word_1_94' title='bbox 1652 1675 1887 1743; x_wconf 78' lang='grc' dir='ltr'>Δεήθητε</span> 
     </span>
    </p>
   </div>
   <div class='ocr_carea' id='block_1_18' title="bbox 232 1755 1887 1842">
    <p class='ocr_par' dir='ltr' id='par_1_18' title="bbox 232 1755 1887 1842">
     <span class='ocr_line' id='line_1_18' title="bbox 232 1755 1887 1842; baseline 0.003 -29"><span class='ocrx_word' id='word_1_95' title='bbox 232 1755 330 1813; x_wconf 81' lang='grc' dir='ltr'>οὗν</span> <span class='ocrx_word' id='word_1_96' title='bbox 387 1763 497 1812; x_wconf 37' lang='grc' dir='ltr'>τοῦθ</span> <span class='ocrx_word' id='word_1_97' title='bbox 536 1759 726 1837; x_wconf 87' lang='grc' dir='ltr'>Κυρίου</span> <span class='ocrx_word' id='word_1_98' title='bbox 781 1767 875 1817; x_wconf 84' lang='grc' dir='ltr'>τοῦ</span> <span class='ocrx_word' id='word_1_99' title='bbox 903 1765 1174 1840; x_wconf 88' lang='grc' dir='ltr'>θερισμοῦ,</span> <span class='ocrx_word' id='word_1_100' title='bbox 1207 1762 1353 1827; x_wconf 77' lang='grc' dir='ltr'>ὅπως</span> <span class='ocrx_word' id='word_1_101' title='bbox 1398 1759 1631 1839; x_wconf 78' lang='grc' dir='ltr'>ἐκϐάλλῃ</span> <span class='ocrx_word' id='word_1_102' title='bbox 1665 1762 1887 1842; x_wconf 80' lang='grc' dir='ltr'>ἐργάτας</span> 
     </span>
    </p>
   </div>
   <div class='ocr_carea' id='block_1_19' title="bbox 232 1844 1889 1931">
    <p class='ocr_par' dir='ltr' id='par_1_19' title="bbox 232 1844 1889 1931">
     <span class='ocr_line' id='line_1_19' title="bbox 232 1844 1889 1931; baseline 0.004 -30"><span class='ocrx_word' id='word_1_103' title='bbox 232 1848 311 1911; x_wconf 78' lang='grc' dir='ltr'>εἷς</span> <span class='ocrx_word' id='word_1_104' title='bbox 370 1847 461 1902; x_wconf 84' lang='grc' dir='ltr'>τὸν</span> <span class='ocrx_word' id='word_1_105' title='bbox 516 1850 763 1927; x_wconf 84' lang='grc' dir='ltr'>θερισμὸν</span> <span class='ocrx_word' id='word_1_106' title='bbox 816 1851 995 1914; x_wconf 84' lang='grc' dir='ltr'>αὑτοῦ,</span> <span class='ocrx_word' id='word_1_107' title='bbox 1060 1844 1339 1931; x_wconf 59' lang='grc' dir='ltr'>’Υπάγετν</span> <span class='ocrx_word' id='word_1_108' title='bbox 1413 1850 1520 1909; x_wconf 71' lang='grc' dir='ltr'>ἰδοὺ</span> <span class='ocrx_word' id='word_1_109' title='bbox 1575 1851 1889 1911; x_wconf 75' lang='grc' dir='ltr'>ἀποστέλλω</span> 
     </span>
    </p>
   </div>
   <div class='ocr_carea' id='block_1_20' title="bbox 230 1936 1887 2021">
    <p class='ocr_par' dir='ltr' id='par_1_20' title="bbox 230 1936 1887 2021">
     <span class='ocr_line' id='line_1_20' title="bbox 230 1936 1887 2021; baseline 0.004 -31"><span class='ocrx_word' id='word_1_110' title='bbox 230 1937 401 2011; x_wconf 81' lang='grc' dir='ltr'>ὑμᾶς,</span> <span class='ocrx_word' id='word_1_111' title='bbox 461 1938 533 2002; x_wconf 83' lang='grc' dir='ltr'>ὡς</span> <span class='ocrx_word' id='word_1_112' title='bbox 596 1936 753 2015; x_wconf 72' lang='grc' dir='ltr'>ἄρνας</span> <span class='ocrx_word' id='word_1_113' title='bbox 806 1939 858 1996; x_wconf 79' lang='grc' dir='ltr'>ἐν</span> <span class='ocrx_word' id='word_1_114' title='bbox 915 1942 1064 2018; x_wconf 81' lang='grc' dir='ltr'>μέσῳ</span> <span class='ocrx_word' id='word_1_115' title='bbox 1106 1940 1299 1999; x_wconf 80' lang='grc' dir='ltr'>λύκων·</span> <span class='ocrx_word' id='word_1_116' title='bbox 1343 1965 1366 2000; x_wconf 73' lang='lat' dir='ltr'>ii</span> <span class='ocrx_word' id='word_1_117' title='bbox 1408 1942 1708 2021; x_wconf 71' lang='grc' dir='ltr'>Γέγραπται</span> <span class='ocrx_word' id='word_1_118' title='bbox 1737 1942 1790 1998; x_wconf 77' lang='grc' dir='ltr'>ἐν</span> <span class='ocrx_word' id='word_1_119' title='bbox 1818 1948 1887 2019; x_wconf 78' lang='grc' dir='ltr'>τῇ</span> 
     </span>
    </p>
   </div>
   <div class='ocr_carea' id='block_1_21' title="bbox 232 2022 1889 2110">
    <p class='ocr_par' dir='ltr' id='par_1_21' title="bbox 232 2022 1889 2110">
     <span class='ocr_line' id='line_1_21' title="bbox 232 2022 1889 2110; baseline 0.004 -29"><span class='ocrx_word' id='word_1_120' title='bbox 232 2022 437 2100; x_wconf 79' lang='grc' dir='ltr'>Ἐξόδῳ</span> <span class='ocrx_word' id='word_1_121' title='bbox 518 2024 599 2082; x_wconf 81' lang='grc' dir='ltr'>ὅτι</span> <span class='ocrx_word' id='word_1_122' title='bbox 657 2025 816 2095; x_wconf 80' lang='grc' dir='ltr'>ἦλθον</span> <span class='ocrx_word' id='word_1_123' title='bbox 886 2034 934 2087; x_wconf 78' lang='grc' dir='ltr'>οἱ</span> <span class='ocrx_word' id='word_1_124' title='bbox 968 2032 1093 2087; x_wconf 64' lang='grc' dir='ltr'>υἱοὶ</span> <span class='ocrx_word' id='word_1_125' title='bbox 1137 2031 1353 2110; x_wconf 73' lang='grc' dir='ltr'>Ἰσραὴλ</span> <span class='ocrx_word' id='word_1_126' title='bbox 1413 2034 1484 2096; x_wconf 79' lang='grc' dir='ltr'>εἷς</span> <span class='ocrx_word' id='word_1_127' title='bbox 1541 2031 1746 2107; x_wconf 84' lang='grc' dir='ltr'>Ἐλεὶμ,</span> <span class='ocrx_word' id='word_1_128' title='bbox 1801 2034 1889 2088; x_wconf 85' lang='grc' dir='ltr'>καὶ</span> 
     </span>
    </p>
   </div>
   <div class='ocr_carea' id='block_1_22' title="bbox 230 2114 1887 2198">
    <p class='ocr_par' dir='ltr' id='par_1_22' title="bbox 230 2114 1887 2198">
     <span class='ocr_line' id='line_1_22' title="bbox 230 2114 1887 2198; baseline 0.004 -27"><span class='ocrx_word' id='word_1_129' title='bbox 230 2114 377 2183; x_wconf 79' lang='grc' dir='ltr'>ἦσαν</span> <span class='ocrx_word' id='word_1_130' title='bbox 425 2117 545 2172; x_wconf 73' lang='grc' dir='ltr'>ὶκετ</span> <span class='ocrx_word' id='word_1_131' title='bbox 594 2114 794 2173; x_wconf 86' lang='grc' dir='ltr'>δώδεκα</span> <span class='ocrx_word' id='word_1_132' title='bbox 864 2121 1034 2198; x_wconf 85' lang='grc' dir='ltr'>πηγαὶ</span> <span class='ocrx_word' id='word_1_133' title='bbox 1076 2119 1297 2197; x_wconf 80' lang='grc' dir='ltr'>ὑδάτων,</span> <span class='ocrx_word' id='word_1_134' title='bbox 1371 2124 1458 2178; x_wconf 87' lang='grc' dir='ltr'>καὶ</span> <span class='ocrx_word' id='word_1_135' title='bbox 1526 2119 1887 2196; x_wconf 77' lang='grc' dir='ltr'>ἑϐδομήκοντα</span> 
     </span>
    </p>
   </div>
   <div class='ocr_carea' id='block_1_23' title="bbox 230 2202 1887 2289">
    <p class='ocr_par' dir='ltr' id='par_1_23' title="bbox 230 2202 1887 2289">
     <span class='ocr_line' id='line_1_23' title="bbox 230 2202 1887 2289; baseline 0.006 -31"><span class='ocrx_word' id='word_1_136' title='bbox 230 2202 476 2283; x_wconf 81' lang='grc' dir='ltr'>στελέχη</span> <span class='ocrx_word' id='word_1_137' title='bbox 548 2205 818 2286; x_wconf 76' lang='grc' dir='ltr'>φοινίκων.</span> <span class='ocrx_word' id='word_1_138' title='bbox 895 2217 1059 2267; x_wconf 86' lang='grc' dir='ltr'>Τοῦτο</span> <span class='ocrx_word' id='word_1_139' title='bbox 1114 2212 1285 2269; x_wconf 83' lang='grc' dir='ltr'>τοίνυν</span> <span class='ocrx_word' id='word_1_140' title='bbox 1316 2211 1437 2267; x_wconf 86' lang='grc' dir='ltr'>τότε</span> <span class='ocrx_word' id='word_1_141' title='bbox 1481 2211 1578 2273; x_wconf 77' lang='grc' dir='ltr'>μὲν</span> <span class='ocrx_word' id='word_1_142' title='bbox 1610 2213 1887 2289; x_wconf 77' lang='grc' dir='ltr'>ἱστορικῶς</span> 
     </span>
    </p>
   </div>
   <div class='ocr_carea' id='block_1_24' title="bbox 479 693 2346 777">
    <p class='ocr_par' dir='ltr' id='par_1_24' title="bbox 479 693 2346 777">
     <span class='ocr_line' id='line_1_24' title="bbox 479 693 2346 777; baseline -0.002 -28"><span class='ocrx_word' id='word_1_143' title='bbox 479 694 585 750; x_wconf 80' lang='grc' dir='ltr'>ἀπὸ</span> <span class='ocrx_word' id='word_1_144' title='bbox 627 696 720 750; x_wconf 75' lang='grc' dir='ltr'>τοῦ</span> <span class='ocrx_word' id='word_1_145' title='bbox 773 695 988 757; x_wconf 71' lang='grc' dir='ltr'>θάπτειν</span> <span class='ocrx_word' id='word_1_146' title='bbox 1030 699 1120 754; x_wconf 85' lang='grc' dir='ltr'>τὸν</span> <span class='ocrx_word' id='word_1_147' title='bbox 1165 699 1397 777; x_wconf 84' lang='grc' dir='ltr'>πονηρὸν</span> <span class='ocrx_word' id='word_1_148' title='bbox 1425 697 1710 777; x_wconf 74' lang='grc' dir='ltr'>λογισμὸν,</span> <span class='ocrx_word' id='word_1_149' title='bbox 1744 697 1828 751; x_wconf 85' lang='grc' dir='ltr'>καὶ</span> <span class='ocrx_word' id='word_1_150' title='bbox 1859 694 2100 773; x_wconf 76' lang='grc' dir='ltr'>κρύπτειν</span> <span class='ocrx_word' id='word_1_151' title='bbox 2146 693 2298 748; x_wconf 77' lang='grc' dir='ltr'>αὑτόν</span> <span class='ocrx_word' id='word_1_152' title='bbox 2337 713 2346 723; x_wconf 70' lang='grc'><strong><em>⁸</em></strong></span> 
     </span>
    </p>
   </div>
   <div class='ocr_carea' id='block_1_25' title="bbox 1982 599 3627 680">
    <p class='ocr_par' dir='ltr' id='par_1_25' title="bbox 1982 599 3627 680">
     <span class='ocr_line' id='line_1_25' title="bbox 1982 599 3627 680; baseline -0.005 -18"><span class='ocrx_word' id='word_1_153' title='bbox 1982 603 2179 662; x_wconf 65' lang='grc' dir='ltr'>Κωλίει</span> <span class='ocrx_word' id='word_1_154' title='bbox 2266 608 2442 661; x_wconf 76' lang='grc' dir='ltr'>τοίνυν</span> <span class='ocrx_word' id='word_1_155' title='bbox 2498 605 2524 658; x_wconf 86' lang='grc' dir='ltr'><strong>ὁ</strong></span> <span class='ocrx_word' id='word_1_156' title='bbox 2581 605 2765 680; x_wconf 73' lang='grc' dir='ltr'>Κύριος</span> <span class='ocrx_word' id='word_1_157' title='bbox 2834 605 2922 658; x_wconf 67' lang='grc' dir='ltr'>τὸν</span> <span class='ocrx_word' id='word_1_158' title='bbox 2982 599 3248 676; x_wconf 82' lang='grc' dir='ltr'>μέλλοντα</span> <span class='ocrx_word' id='word_1_159' title='bbox 3322 599 3627 656; x_wconf 64' lang='grc' dir='ltr'>ἀκολουθεῖν</span> 
     </span>
    </p>
   </div>
   <div class='ocr_carea' id='block_1_26' title="bbox 2410 688 3630 771">
    <p class='ocr_par' dir='ltr' id='par_1_26' title="bbox 2410 688 3630 771">
     <span class='ocr_line' id='line_1_26' title="bbox 2410 688 3630 771; baseline -0.005 -22"><span class='ocrx_word' id='word_1_160' title='bbox 2410 690 2657 767; x_wconf 81' lang='grc' dir='ltr'>βούλεται</span> <span class='ocrx_word' id='word_1_161' title='bbox 2719 692 2817 771; x_wconf 76' lang='grc' dir='ltr'>γὰρ</span> <span class='ocrx_word' id='word_1_162' title='bbox 2877 698 3129 771; x_wconf 69' lang='grc' dir='ltr'>φανεροῦν</span> <span class='ocrx_word' id='word_1_163' title='bbox 3184 690 3342 746; x_wconf 73' lang='grc' dir='ltr'>αὑτὸν</span> <span class='ocrx_word' id='word_1_164' title='bbox 3402 688 3484 744; x_wconf 73' lang='grc' dir='ltr'>διὰ</span> <span class='ocrx_word' id='word_1_165' title='bbox 3534 688 3630 756; x_wconf 74' lang='grc' dir='ltr'>τῆς</span> 
     </span>
    </p>
   </div>
   <div class='ocr_carea' id='block_1_27' title="bbox 2531 886 3048 951">
    <p class='ocr_par' dir='ltr' id='par_1_27' title="bbox 2531 886 3048 951">
     <span class='ocr_line' id='line_1_27' title="bbox 2531 886 3048 951; baseline 0.002 -3"><span class='ocrx_word' id='word_1_166' title='bbox 2531 888 2669 948; x_wconf 66' lang='grc'>542</span> <span class='ocrx_word' id='word_1_167' title='bbox 2702 886 2946 951; x_wconf 82' lang='lat' dir='ltr'>CAPUT</span> <span class='ocrx_word' id='word_1_168' title='bbox 2978 886 3048 949; x_wconf 83' lang='lat' dir='ltr'><strong>X.</strong></span> 
     </span>
    </p>
   </div>
   <div class='ocr_carea' id='block_1_28' title="bbox 1954 980 3627 1060">
    <p class='ocr_par' dir='ltr' id='par_1_28' title="bbox 1954 980 3627 1060">
     <span class='ocr_line' id='line_1_28' title="bbox 1954 980 3627 1060; baseline -0.001 -19"><span class='ocrx_word' id='word_1_169' title='bbox 1954 980 2062 1043; x_wconf 39' lang='lat' dir='ltr'>‘De</span> <span class='ocrx_word' id='word_1_170' title='bbox 2097 987 2485 1058; x_wconf 71' lang='lat' dir='ltr'><strong>septuaginta</strong></span> <span class='ocrx_word' id='word_1_171' title='bbox 2515 983 2851 1059; x_wconf 77' lang='lat' dir='ltr'>designatis</span> <span class='ocrx_word' id='word_1_172' title='bbox 2879 980 3223 1060; x_wconf 71' lang='lat' dir='ltr'>discipulis.</span> <span class='ocrx_word' id='word_1_173' title='bbox 3259 980 3341 1041; x_wconf 80' lang='lat' dir='ltr'><strong>De</strong></span> <span class='ocrx_word' id='word_1_174' title='bbox 3370 985 3627 1060; x_wconf 57' lang='lat' dir='ltr'><strong>interro.</strong></span> 
     </span>
    </p>
   </div>
   <div class='ocr_carea' id='block_1_29' title="bbox 2053 1059 3623 1141">
    <p class='ocr_par' dir='ltr' id='par_1_29' title="bbox 2053 1059 3623 1141">
     <span class='ocr_line' id='line_1_29' title="bbox 2053 1059 3623 1141; baseline -0.004 -18"><span class='ocrx_word' id='word_1_175' title='bbox 2053 1065 2295 1139; x_wconf 83' lang='lat' dir='ltr'><strong>gatione</strong></span> <span class='ocrx_word' id='word_1_176' title='bbox 2323 1060 2712 1141; x_wconf 75' lang='lat' dir='ltr'><strong>Legisperiti.</strong></span> <span class='ocrx_word' id='word_1_177' title='bbox 2755 1064 2837 1122; x_wconf 79' lang='lat' dir='ltr'><strong>De</strong></span> <span class='ocrx_word' id='word_1_178' title='bbox 2865 1080 2931 1122; x_wconf 79' lang='lat' dir='ltr'>eo</span> <span class='ocrx_word' id='word_1_179' title='bbox 2961 1059 3064 1140; x_wconf 80' lang='lat' dir='ltr'><strong>qui</strong></span> <span class='ocrx_word' id='word_1_180' title='bbox 3094 1061 3305 1122; x_wconf 76' lang='lat' dir='ltr'>incidit</span> <span class='ocrx_word' id='word_1_181' title='bbox 3338 1061 3401 1121; x_wconf 81' lang='lat' dir='ltr'>in</span> <span class='ocrx_word' id='word_1_182' title='bbox 3432 1059 3623 1119; x_wconf 80' lang='lat' dir='ltr'><strong>tatro-</strong></span> 
     </span>
    </p>
   </div>
   <div class='ocr_carea' id='block_1_30' title="bbox 2055 1142 3325 1217">
    <p class='ocr_par' dir='ltr' id='par_1_30' title="bbox 2055 1142 3325 1217">
     <span class='ocr_line' id='line_1_30' title="bbox 2055 1142 3325 1217; baseline -0.002 -13"><span class='ocrx_word' id='word_1_183' title='bbox 2055 1160 2180 1205; x_wconf 83' lang='lat' dir='ltr'><strong>nes.</strong></span> <span class='ocrx_word' id='word_1_184' title='bbox 2223 1142 2309 1203; x_wconf 85' lang='lat' dir='ltr'><strong>De</strong></span> <span class='ocrx_word' id='word_1_185' title='bbox 2340 1143 2579 1203; x_wconf 76' lang='lat' dir='ltr'><strong>Martha</strong></span> <span class='ocrx_word' id='word_1_186' title='bbox 2611 1149 2664 1203; x_wconf 85' lang='lat' dir='ltr'>et</span> <span class='ocrx_word' id='word_1_187' title='bbox 2702 1144 2907 1203; x_wconf 77' lang='lat' dir='ltr'><strong>Maria</strong></span> <span class='ocrx_word' id='word_1_188' title='bbox 2937 1158 3149 1203; x_wconf 74' lang='lat' dir='ltr'><strong>sorore</strong></span> <span class='ocrx_word' id='word_1_189' title='bbox 3171 1143 3325 1217; x_wconf 72' lang='lat' dir='ltr'><strong>eius.</strong></span> 
     </span>
    </p>
   </div>
   <div class='ocr_carea' id='block_1_31' title="bbox 2053 1316 3629 1393">
    <p class='ocr_par' dir='ltr' id='par_1_31' title="bbox 2053 1316 3629 1393">
     <span class='ocr_line' id='line_1_31' title="bbox 2053 1316 3629 1393; baseline -0.003 -11"><span class='ocrx_word' id='word_1_190' title='bbox 2053 1318 2271 1383; x_wconf 70' lang='lat' dir='ltr'>VERSJ</span> <span class='ocrx_word' id='word_1_191' title='bbox 2290 1319 2422 1381; x_wconf 84' lang='lat'>-3.«</span> <span class='ocrx_word' id='word_1_192' title='bbox 2438 1322 2573 1381; x_wconf 86' lang='lat' dir='ltr'><strong>Post</strong></span> <span class='ocrx_word' id='word_1_193' title='bbox 2604 1320 2729 1379; x_wconf 65' lang='lat' dir='ltr'><strong>haec</strong></span> <span class='ocrx_word' id='word_1_194' title='bbox 2761 1327 2960 1381; x_wconf 90' lang='lat' dir='ltr'><strong>autem</strong></span> <span class='ocrx_word' id='word_1_195' title='bbox 2992 1318 3322 1393; x_wconf 78' lang='lat' dir='ltr'>designavit</span> <span class='ocrx_word' id='word_1_196' title='bbox 3343 1316 3629 1378; x_wconf 84' lang='lat' dir='ltr'>Dominus</span> 
     </span>
    </p>
   </div>
   <div class='ocr_carea' id='block_1_32' title="bbox 1974 1405 3627 1490">
    <p class='ocr_par' dir='ltr' id='par_1_32' title="bbox 1974 1405 3627 1490">
     <span class='ocr_line' id='line_1_32' title="bbox 1974 1405 3627 1490; baseline -0.002 -20"><span class='ocrx_word' id='word_1_197' title='bbox 1974 1418 2032 1471; x_wconf 88' lang='lat' dir='ltr'>et</span> <span class='ocrx_word' id='word_1_198' title='bbox 2060 1409 2209 1470; x_wconf 90' lang='lat' dir='ltr'><strong>alios</strong></span> <span class='ocrx_word' id='word_1_199' title='bbox 2234 1408 2627 1490; x_wconf 89' lang='lat' dir='ltr'><strong>septuaginta,</strong></span> <span class='ocrx_word' id='word_1_200' title='bbox 2665 1408 2942 1487; x_wconf 70' lang='lat' dir='ltr'><strong>misitque</strong></span> <span class='ocrx_word' id='word_1_201' title='bbox 2989 1406 3120 1467; x_wconf 86' lang='lat' dir='ltr'><strong>illos</strong></span> <span class='ocrx_word' id='word_1_202' title='bbox 3172 1407 3343 1466; x_wconf 89' lang='lat' dir='ltr'><strong>binos</strong></span> <span class='ocrx_word' id='word_1_203' title='bbox 3373 1416 3510 1467; x_wconf 89' lang='lat' dir='ltr'><strong>ante</strong></span> <span class='ocrx_word' id='word_1_204' title='bbox 3542 1405 3627 1466; x_wconf 80' lang='lat' dir='ltr'><strong>fa~</strong></span> 
     </span>
    </p>
   </div>
   <div class='ocr_carea' id='block_1_33' title="bbox 1973 1499 3627 1579">
    <p class='ocr_par' dir='ltr' id='par_1_33' title="bbox 1973 1499 3627 1579">
     <span class='ocr_line' id='line_1_33' title="bbox 1973 1499 3627 1579; baseline -0.003 -17"><span class='ocrx_word' id='word_1_205' title='bbox 1973 1501 2126 1562; x_wconf 87' lang='lat' dir='ltr'><strong>ciem</strong></span> <span class='ocrx_word' id='word_1_206' title='bbox 2163 1520 2329 1562; x_wconf 88' lang='lat' dir='ltr'><strong>suam</strong></span> <span class='ocrx_word' id='word_1_207' title='bbox 2356 1501 2413 1561; x_wconf 89' lang='lat' dir='ltr'>in</span> <span class='ocrx_word' id='word_1_208' title='bbox 2448 1519 2685 1561; x_wconf 89' lang='lat' dir='ltr'><strong>omnem</strong></span> <span class='ocrx_word' id='word_1_209' title='bbox 2722 1500 3018 1561; x_wconf 80' lang='lat' dir='ltr'><strong>civitatem</strong></span> <span class='ocrx_word' id='word_1_210' title='bbox 3049 1508 3105 1559; x_wconf 90' lang='lat' dir='ltr'>et</span> <span class='ocrx_word' id='word_1_211' title='bbox 3135 1499 3335 1559; x_wconf 89' lang='lat' dir='ltr'><strong>locum</strong></span> <span class='ocrx_word' id='word_1_212' title='bbox 3355 1517 3473 1579; x_wconf 88' lang='lat' dir='ltr'>quo</span> <span class='ocrx_word' id='word_1_213' title='bbox 3497 1506 3627 1567; x_wconf 78' lang='lat' dir='ltr'><strong>erat</strong></span> 
     </span>
    </p>
   </div>
   <div class='ocr_carea' id='block_1_34' title="bbox 1975 1587 3625 1671">
    <p class='ocr_par' dir='ltr' id='par_1_34' title="bbox 1975 1587 3625 1671">
     <span class='ocr_line' id='line_1_34' title="bbox 1975 1587 3625 1671; baseline -0.002 -21"><span class='ocrx_word' id='word_1_214' title='bbox 1975 1591 2103 1671; x_wconf 87' lang='lat' dir='ltr'><strong>ipse</strong></span> <span class='ocrx_word' id='word_1_215' title='bbox 2136 1600 2443 1663; x_wconf 88' lang='lat' dir='ltr'><strong>venturus;</strong></span> <span class='ocrx_word' id='word_1_216' title='bbox 2481 1588 2716 1649; x_wconf 90' lang='lat' dir='ltr'><strong>dicebat</strong></span> <span class='ocrx_word' id='word_1_217' title='bbox 2748 1608 2888 1665; x_wconf 88' lang='lat' dir='ltr'><strong>ergo</strong></span> <span class='ocrx_word' id='word_1_218' title='bbox 2938 1587 3054 1648; x_wconf 88' lang='lat' dir='ltr'><strong>illis</strong></span> <span class='ocrx_word' id='word_1_219' title='bbox 3089 1604 3101 1649; x_wconf 91' lang='lat'>:</span> <span class='ocrx_word' id='word_1_220' title='bbox 3137 1587 3347 1648; x_wconf 85' lang='lat' dir='ltr'><strong>Messis</strong></span> <span class='ocrx_word' id='word_1_221' title='bbox 3383 1588 3625 1666; x_wconf 87' lang='lat' dir='ltr'><strong>quidem</strong></span> 
     </span>
    </p>
   </div>
   <div class='ocr_carea' id='block_1_35' title="bbox 1974 1675 3622 1757">
    <p class='ocr_par' dir='ltr' id='par_1_35' title="bbox 1974 1675 3622 1757">
     <span class='ocr_line' id='line_1_35' title="bbox 1974 1675 3622 1757; baseline -0.002 -19"><span class='ocrx_word' id='word_1_222' title='bbox 1974 1679 2183 1754; x_wconf 88' lang='lat' dir='ltr'><strong>multa,</strong></span> <span class='ocrx_word' id='word_1_223' title='bbox 2218 1679 2318 1739; x_wconf 89' lang='lat' dir='ltr'>sed</span> <span class='ocrx_word' id='word_1_224' title='bbox 2345 1679 2600 1757; x_wconf 83' lang='lat' dir='ltr'><strong>operarii</strong></span> <span class='ocrx_word' id='word_1_225' title='bbox 2628 1677 2819 1757; x_wconf 80' lang='lat' dir='ltr'>pauci.</span> <span class='ocrx_word' id='word_1_226' title='bbox 2861 1679 3083 1755; x_wconf 83' lang='lat' dir='ltr'><strong>Rogate</strong></span> <span class='ocrx_word' id='word_1_227' title='bbox 3132 1694 3272 1754; x_wconf 72' lang='lat' dir='ltr'><strong>ergo</strong></span> <span class='ocrx_word' id='word_1_228' title='bbox 3305 1675 3622 1736; x_wconf 91' lang='lat' dir='ltr'><strong>Dominum</strong></span> 
     </span>
    </p>
   </div>
   <div class='ocr_carea' id='block_1_36' title="bbox 1974 1765 3621 1846">
    <p class='ocr_par' dir='ltr' id='par_1_36' title="bbox 1974 1765 3621 1846">
     <span class='ocr_line' id='line_1_36' title="bbox 1974 1765 3621 1846; baseline 0 -19"><span class='ocrx_word' id='word_1_229' title='bbox 1974 1768 2185 1829; x_wconf 78' lang='lat' dir='ltr'><strong>messis</strong></span> <span class='ocrx_word' id='word_1_230' title='bbox 2208 1777 2269 1827; x_wconf 91' lang='lat' dir='ltr'>ut</span> <span class='ocrx_word' id='word_1_231' title='bbox 2297 1766 2566 1828; x_wconf 56' lang='lat' dir='ltr'><strong>extrudat</strong></span> <span class='ocrx_word' id='word_1_232' title='bbox 2598 1766 2904 1846; x_wconf 82' lang='lat' dir='ltr'><strong>operarius</strong></span> <span class='ocrx_word' id='word_1_233' title='bbox 2932 1766 2988 1825; x_wconf 82' lang='lat' dir='ltr'>in</span> <span class='ocrx_word' id='word_1_234' title='bbox 3021 1783 3275 1826; x_wconf 89' lang='lat' dir='ltr'><strong>messem</strong></span> <span class='ocrx_word' id='word_1_235' title='bbox 3311 1765 3621 1827; x_wconf 84' lang='lat' dir='ltr'><strong>suamJte:</strong></span> 
     </span>
    </p>
   </div>
   <div class='ocr_carea' id='block_1_37' title="bbox 1973 1851 3623 1936">
    <p class='ocr_par' dir='ltr' id='par_1_37' title="bbox 1973 1851 3623 1936">
     <span class='ocr_line' id='line_1_37' title="bbox 1973 1851 3623 1936; baseline -0.001 -20"><span class='ocrx_word' id='word_1_236' title='bbox 1973 1855 2124 1918; x_wconf 89' lang='lat' dir='ltr'>Ecce</span> <span class='ocrx_word' id='word_1_237' title='bbox 2157 1877 2263 1936; x_wconf 89' lang='lat' dir='ltr'>ego</span> <span class='ocrx_word' id='word_1_238' title='bbox 2297 1856 2461 1916; x_wconf 87' lang='lat' dir='ltr'><strong>mitto</strong></span> <span class='ocrx_word' id='word_1_239' title='bbox 2486 1875 2587 1916; x_wconf 91' lang='lat' dir='ltr'>vos</span> <span class='ocrx_word' id='word_1_240' title='bbox 2616 1856 2766 1916; x_wconf 91' lang='lat' dir='ltr'><strong>sicut</strong></span> <span class='ocrx_word' id='word_1_241' title='bbox 2796 1873 2979 1935; x_wconf 81' lang='lat' dir='ltr'><strong>agnos</strong></span> <span class='ocrx_word' id='word_1_242' title='bbox 3011 1853 3164 1914; x_wconf 88' lang='lat' dir='ltr'><strong>inter</strong></span> <span class='ocrx_word' id='word_1_243' title='bbox 3186 1854 3417 1934; x_wconf 75' lang='lat' dir='ltr'><strong>lupos.»</strong></span> <span class='ocrx_word' id='word_1_244' title='bbox 3454 1851 3623 1915; x_wconf 85' lang='lat' dir='ltr'><strong>Scri-</strong></span> 
     </span>
    </p>
   </div>
   <div class='ocr_carea' id='block_1_38' title="bbox 1973 1941 3621 2025">
    <p class='ocr_par' dir='ltr' id='par_1_38' title="bbox 1973 1941 3621 2025">
     <span class='ocr_line' id='line_1_38' title="bbox 1973 1941 3621 2025; baseline -0.001 -20"><span class='ocrx_word' id='word_1_245' title='bbox 1973 1956 2135 2025; x_wconf 87' lang='lat' dir='ltr'><strong>ptum</strong></span> <span class='ocrx_word' id='word_1_246' title='bbox 2194 1955 2282 2007; x_wconf 89' lang='lat' dir='ltr'>est</span> <span class='ocrx_word' id='word_1_247' title='bbox 2334 1947 2392 2005; x_wconf 90' lang='lat' dir='ltr'>in</span> <span class='ocrx_word' id='word_1_248' title='bbox 2441 1944 2642 2006; x_wconf 71' lang='lat' dir='ltr'><strong>Exodo</strong></span> <span class='ocrx_word' id='word_1_249' title='bbox 2700 1944 2856 2024; x_wconf 93' lang='lat' dir='ltr'><strong>quod</strong></span> <span class='ocrx_word' id='word_1_250' title='bbox 2911 1944 3017 2004; x_wconf 83' lang='lat' dir='ltr'><strong>lilii</strong></span> <span class='ocrx_word' id='word_1_251' title='bbox 3049 1941 3229 2004; x_wconf 89' lang='lat' dir='ltr'><strong>Israel</strong></span> <span class='ocrx_word' id='word_1_252' title='bbox 3260 1944 3533 2004; x_wconf 83' lang='lat' dir='ltr'><strong>venerint</strong></span> <span class='ocrx_word' id='word_1_253' title='bbox 3566 1945 3621 2004; x_wconf 91' lang='lat' dir='ltr'>in</span> 
     </span>
    </p>
   </div>
   <div class='ocr_carea' id='block_1_39' title="bbox 1972 2030 3625 2115">
    <p class='ocr_par' dir='ltr' id='par_1_39' title="bbox 1972 2030 3625 2115">
     <span class='ocr_line' id='line_1_39' title="bbox 1972 2030 3625 2115; baseline -0.002 -20"><span class='ocrx_word' id='word_1_254' title='bbox 1972 2034 2213 2115; x_wconf 88' lang='lat' dir='ltr'><strong>Elim,ct</strong></span> <span class='ocrx_word' id='word_1_255' title='bbox 2245 2034 2561 2095; x_wconf 85' lang='lat' dir='ltr'><strong>duodecim</strong></span> <span class='ocrx_word' id='word_1_256' title='bbox 2588 2033 2781 2093; x_wconf 84' lang='lat' dir='ltr'><strong>fontes</strong></span> <span class='ocrx_word' id='word_1_257' title='bbox 2810 2051 3095 2112; x_wconf 89' lang='lat' dir='ltr'><strong>aquarum</strong></span> <span class='ocrx_word' id='word_1_258' title='bbox 3128 2030 3349 2093; x_wconf 79' lang='lat' dir='ltr'><strong>fuerint</strong></span> <span class='ocrx_word' id='word_1_259' title='bbox 3382 2030 3525 2110; x_wconf 88' lang='lat' dir='ltr'><strong>illic,</strong></span> <span class='ocrx_word' id='word_1_260' title='bbox 3565 2040 3625 2092; x_wconf 92' lang='lat' dir='ltr'>et</span> 
     </span>
    </p>
   </div>
   <div class='ocr_carea' id='block_1_40' title="bbox 1972 2118 3622 2204">
    <p class='ocr_par' dir='ltr' id='par_1_40' title="bbox 1972 2118 3622 2204">
     <span class='ocr_line' id='line_1_40' title="bbox 1972 2118 3622 2204; baseline -0.002 -20"><span class='ocrx_word' id='word_1_261' title='bbox 1972 2124 2338 2204; x_wconf 81' lang='lat' dir='ltr'><strong>septuaginta</strong></span> <span class='ocrx_word' id='word_1_262' title='bbox 2369 2122 2771 2202; x_wconf 65' lang='lat' dir='ltr'><strong>palmaeQued</strong></span> <span class='ocrx_word' id='word_1_263' title='bbox 2802 2123 2981 2199; x_wconf 80' lang='lat' dir='ltr'><strong>igitur</strong></span> <span class='ocrx_word' id='word_1_264' title='bbox 3014 2129 3154 2181; x_wconf 90' lang='lat' dir='ltr'><strong>tunc</strong></span> <span class='ocrx_word' id='word_1_265' title='bbox 3180 2137 3285 2199; x_wconf 78' lang='lat' dir='ltr'>per</span> <span class='ocrx_word' id='word_1_266' title='bbox 3317 2118 3622 2181; x_wconf 85' lang='lat' dir='ltr'><strong>historiam</strong></span> 
     </span>
    </p>
   </div>
   <div class='ocr_carea' id='block_1_41' title="bbox 1972 2207 3619 2290">
    <p class='ocr_par' dir='ltr' id='par_1_41' title="bbox 1972 2207 3619 2290">
     <span class='ocr_line' id='line_1_41' title="bbox 1972 2207 3619 2290; baseline -0.003 -16"><span class='ocrx_word' id='word_1_267' title='bbox 1972 2222 2030 2274; x_wconf 87' lang='lat' dir='ltr'>et</span> <span class='ocrx_word' id='word_1_268' title='bbox 2060 2213 2116 2272; x_wconf 90' lang='lat' dir='ltr'>in</span> <span class='ocrx_word' id='word_1_269' title='bbox 2151 2214 2333 2290; x_wconf 86' lang='lat' dir='ltr'><strong>ﬁgura</strong></span> <span class='ocrx_word' id='word_1_270' title='bbox 2352 2212 2592 2283; x_wconf 81' lang='lat' dir='ltr'><strong>factum,</strong></span> <span class='ocrx_word' id='word_1_271' title='bbox 2621 2228 2777 2270; x_wconf 90' lang='lat' dir='ltr'><strong>nunc</strong></span> <span class='ocrx_word' id='word_1_272' title='bbox 2814 2228 2948 2270; x_wconf 86' lang='lat' dir='ltr'><strong>vere</strong></span> <span class='ocrx_word' id='word_1_273' title='bbox 2983 2212 3200 2271; x_wconf 85' lang='lat' dir='ltr'><strong>evenit.</strong></span> <span class='ocrx_word' id='word_1_274' title='bbox 3239 2207 3383 2270; x_wconf 86' lang='lat' dir='ltr'><strong>Elim</strong></span> <span class='ocrx_word' id='word_1_275' title='bbox 3414 2228 3619 2270; x_wconf 89' lang='lat' dir='ltr'><strong>ascen-</strong></span> 
     </span>
    </p>
   </div>
   <div class='ocr_carea' id='block_1_42' title="bbox 226 2294 1886 2380">
    <p class='ocr_par' dir='ltr' id='par_1_42' title="bbox 226 2294 1883 2376">
     <span class='ocr_line' id='line_1_42' title="bbox 226 2294 1883 2376; baseline 0.004 -28"><span class='ocrx_word' id='word_1_276' title='bbox 226 2313 290 2349; x_wconf 87' lang='grc' dir='ltr'>τε</span> <span class='ocrx_word' id='word_1_277' title='bbox 367 2294 455 2349; x_wconf 85' lang='grc' dir='ltr'>καὶ</span> <span class='ocrx_word' id='word_1_278' title='bbox 504 2301 738 2359; x_wconf 82' lang='grc' dir='ltr'>τυπικῶς</span> <span class='ocrx_word' id='word_1_279' title='bbox 838 2297 1069 2376; x_wconf 68' lang='grc' dir='ltr'>εγένετο,</span> <span class='ocrx_word' id='word_1_280' title='bbox 1143 2306 1231 2355; x_wconf 91' lang='grc' dir='ltr'>νῦν</span> <span class='ocrx_word' id='word_1_281' title='bbox 1318 2297 1373 2355; x_wconf 78' lang='grc' dir='ltr'>δὲ</span> <span class='ocrx_word' id='word_1_282' title='bbox 1440 2299 1649 2367; x_wconf 82' lang='grc' dir='ltr'>ἀληθῶς</span> <span class='ocrx_word' id='word_1_283' title='bbox 1708 2297 1883 2367; x_wconf 79' lang='grc' dir='ltr'>ἐξέϐη,</span> 
     </span>
    </p>
   </div>
   <div class='ocr_carea' id='block_1_43' title="bbox 1973 2294 3620 2380">
    <p class='ocr_par' dir='ltr' id='par_1_43' title="bbox 1973 2298 3620 2380">
     <span class='ocr_line' id='line_1_43' title="bbox 1973 2298 3620 2380; baseline -0.001 -19"><span class='ocrx_word' id='word_1_284' title='bbox 1973 2320 2074 2363; x_wconf 91' lang='lat' dir='ltr'>sus</span> <span class='ocrx_word' id='word_1_285' title='bbox 2117 2303 2581 2380; x_wconf 84' lang='lat' dir='ltr'><strong>interpretalur:</strong></span> <span class='ocrx_word' id='word_1_286' title='bbox 2637 2300 2791 2380; x_wconf 91' lang='lat' dir='ltr'><strong>quod</strong></span> <span class='ocrx_word' id='word_1_287' title='bbox 2848 2300 2995 2360; x_wconf 87' lang='lat' dir='ltr'><strong>nihil</strong></span> <span class='ocrx_word' id='word_1_288' title='bbox 3046 2298 3203 2359; x_wconf 89' lang='lat' dir='ltr'><strong>aliud</strong></span> <span class='ocrx_word' id='word_1_289' title='bbox 3246 2298 3392 2372; x_wconf 90' lang='lat' dir='ltr'><strong>vult,</strong></span> <span class='ocrx_word' id='word_1_290' title='bbox 3444 2317 3620 2379; x_wconf 90' lang='lat' dir='ltr'><strong>quam</strong></span> 
     </span>
    </p>
   </div>
   <div class='ocr_carea' id='block_1_44' title="bbox 231 2381 1886 2464">
    <p class='ocr_par' dir='ltr' id='par_1_44' title="bbox 231 2381 1886 2464">
     <span class='ocr_line' id='line_1_44' title="bbox 231 2381 1886 2464; baseline 0.002 -24"><span class='ocrx_word' id='word_1_291' title='bbox 231 2381 425 2459; x_wconf 83' lang='grc' dir='ltr'>Ἐλεὶμ</span> <span class='ocrx_word' id='word_1_292' title='bbox 530 2384 629 2463; x_wconf 80' lang='grc' dir='ltr'>γὰρ</span> <span class='ocrx_word' id='word_1_293' title='bbox 728 2385 1072 2464; x_wconf 77' lang='grc' dir='ltr'>ἑρμηνεύεται</span> <span class='ocrx_word' id='word_1_294' title='bbox 1146 2385 1423 2453; x_wconf 54' lang='grc' dir='ltr'>ἀνάϐασις</span> <span class='ocrx_word' id='word_1_295' title='bbox 1527 2387 1656 2457; x_wconf 83' lang='grc' dir='ltr'>ὅπερ</span> <span class='ocrx_word' id='word_1_296' title='bbox 1740 2387 1886 2446; x_wconf 72' lang='grc' dir='ltr'>οὐδὲν</span> 
     </span>
    </p>
   </div>
   <div class='ocr_carea' id='block_1_45' title="bbox 229 2466 1886 2559">
    <p class='ocr_par' dir='ltr' id='par_1_45' title="bbox 229 2466 1886 2559">
     <span class='ocr_line' id='line_1_45' title="bbox 229 2466 1886 2559; baseline 0.003 -29"><span class='ocrx_word' id='word_1_297' title='bbox 229 2472 391 2554; x_wconf 72' lang='grc' dir='ltr'>ἄλλο,</span> <span class='ocrx_word' id='word_1_298' title='bbox 422 2474 459 2544; x_wconf 76' lang='grc' dir='ltr'><strong>ἢ</strong></span> <span class='ocrx_word' id='word_1_299' title='bbox 502 2483 680 2551; x_wconf 74' lang='grc' dir='ltr'>τοῦτο,</span> <span class='ocrx_word' id='word_1_300' title='bbox 717 2476 797 2534; x_wconf 78' lang='grc' dir='ltr'>ὅτι</span> <span class='ocrx_word' id='word_1_301' title='bbox 841 2478 1207 2544; x_wconf 70' lang='grc' dir='ltr'>ἀναϐαίνοντες</span> <span class='ocrx_word' id='word_1_302' title='bbox 1250 2481 1421 2556; x_wconf 74' lang='grc' dir='ltr'>ἡμεῖς</span> <span class='ocrx_word' id='word_1_303' title='bbox 1454 2483 1526 2544; x_wconf 60' lang='lat' dir='ltr'><strong>si:</strong></span> <span class='ocrx_word' id='word_1_304' title='bbox 1550 2466 1886 2559; x_wconf 81' lang='grc' dir='ltr'>τελειοτέραν</span> 
     </span>
    </p>
   </div>
   <div class='ocr_carea' id='block_1_46' title="bbox 230 2564 1888 2647">
    <p class='ocr_par' dir='ltr' id='par_1_46' title="bbox 230 2564 1888 2647">
     <span class='ocr_line' id='line_1_46' title="bbox 230 2564 1888 2647; baseline 0.004 -26"><span class='ocrx_word' id='word_1_305' title='bbox 230 2564 445 2647; x_wconf 75' lang='grc' dir='ltr'>σύνεσιν</span> <span class='ocrx_word' id='word_1_306' title='bbox 513 2566 601 2622; x_wconf 85' lang='grc' dir='ltr'>καὶ</span> <span class='ocrx_word' id='word_1_307' title='bbox 672 2564 886 2635; x_wconf 71' lang='grc' dir='ltr'>αὔξησιν</span> <span class='ocrx_word' id='word_1_308' title='bbox 945 2571 1329 2645; x_wconf 74' lang='grc' dir='ltr'>πνευματικὴν.</span> <span class='ocrx_word' id='word_1_309' title='bbox 1412 2573 1500 2627; x_wconf 84' lang='grc' dir='ltr'>καὶ</span> <span class='ocrx_word' id='word_1_310' title='bbox 1595 2572 1672 2647; x_wconf 79' lang='grc' dir='ltr'>μὴ</span> <span class='ocrx_word' id='word_1_311' title='bbox 1752 2572 1888 2627; x_wconf 87' lang='grc' dir='ltr'>κατά</span> 
     </span>
    </p>
   </div>
   <div class='ocr_carea' id='block_1_47' title="bbox 228 2644 1886 2737">
    <p class='ocr_par' dir='ltr' id='par_1_47' title="bbox 228 2644 1886 2737">
     <span class='ocr_line' id='line_1_47' title="bbox 228 2644 1886 2737; baseline 0.004 -28"><span class='ocrx_word' id='word_1_312' title='bbox 228 2654 357 2718; x_wconf 84' lang='grc' dir='ltr'>τούς</span> <span class='ocrx_word' id='word_1_313' title='bbox 421 2644 689 2726; x_wconf 73' lang='grc' dir='ltr'>Ἐϐραίους</span> <span class='ocrx_word' id='word_1_314' title='bbox 743 2644 1157 2733; x_wconf 72' lang='grc' dir='ltr'>ἑναπομένοντες</span> <span class='ocrx_word' id='word_1_315' title='bbox 1228 2666 1303 2734; x_wconf 81' lang='grc' dir='ltr'>τῷ</span> <span class='ocrx_word' id='word_1_316' title='bbox 1382 2660 1553 2737; x_wconf 88' lang='grc' dir='ltr'>νόμῳ,</span> <span class='ocrx_word' id='word_1_317' title='bbox 1596 2644 1731 2717; x_wconf 34' lang='grc' dir='ltr'>’ἀλλ’</span> <span class='ocrx_word' id='word_1_318' title='bbox 1814 2664 1886 2723; x_wconf 83' lang='grc' dir='ltr'>εἰς</span> 
     </span>
    </p>
   </div>
   <div class='ocr_carea' id='block_1_48' title="bbox 229 2746 1891 2829">
    <p class='ocr_par' dir='ltr' id='par_1_48' title="bbox 229 2746 1891 2829">
     <span class='ocr_line' id='line_1_48' title="bbox 229 2746 1891 2829; baseline 0.003 -29"><span class='ocrx_word' id='word_1_319' title='bbox 229 2746 329 2800; x_wconf 83' lang='grc' dir='ltr'>τὸν</span> <span class='ocrx_word' id='word_1_320' title='bbox 425 2746 834 2821; x_wconf 73' lang='grc' dir='ltr'>Χριστιανισμὸν</span> <span class='ocrx_word' id='word_1_321' title='bbox 935 2747 1341 2829; x_wconf 82' lang='grc' dir='ltr'>ἂνατρέχοντες,</span> <span class='ocrx_word' id='word_1_322' title='bbox 1418 2752 1709 2829; x_wconf 76' lang='grc' dir='ltr'>εὑρήσομεν</span> <span class='ocrx_word' id='word_1_323' title='bbox 1792 2750 1891 2821; x_wconf 78' lang='grc' dir='ltr'>τὰς</span> 
     </span>
    </p>
   </div>
   <div class='ocr_carea' id='block_1_49' title="bbox 229 2831 1889 2918">
    <p class='ocr_par' dir='ltr' id='par_1_49' title="bbox 229 2831 1889 2918">
     <span class='ocr_line' id='line_1_49' title="bbox 229 2831 1889 2918; baseline 0.004 -28"><span class='ocrx_word' id='word_1_324' title='bbox 229 2831 438 2890; x_wconf 86' lang='grc' dir='ltr'>δώδεκα</span> <span class='ocrx_word' id='word_1_325' title='bbox 485 2834 686 2912; x_wconf 78' lang='grc' dir='ltr'>πηγὰς,</span> <span class='ocrx_word' id='word_1_326' title='bbox 744 2836 866 2898; x_wconf 87' lang='grc' dir='ltr'>τοὺς</span> <span class='ocrx_word' id='word_1_327' title='bbox 924 2838 1236 2917; x_wconf 75' lang='grc' dir='ltr'>κορυφαίους</span> <span class='ocrx_word' id='word_1_328' title='bbox 1281 2837 1425 2918; x_wconf 82' lang='grc' dir='ltr'>λέγω</span> <span class='ocrx_word' id='word_1_329' title='bbox 1484 2836 1685 2896; x_wconf 86' lang='grc' dir='ltr'>δώδεκα</span> <span class='ocrx_word' id='word_1_330' title='bbox 1749 2841 1889 2897; x_wconf 87' lang='grc' dir='ltr'>ἀπο-</span> 
     </span>
    </p>
   </div>
   <div class='ocr_carea' id='block_1_50' title="bbox 234 2921 1889 3007">
    <p class='ocr_par' dir='ltr' id='par_1_50' title="bbox 234 2921 1889 3007">
     <span class='ocr_line' id='line_1_50' title="bbox 234 2921 1889 3007; baseline 0.003 -27"><span class='ocrx_word' id='word_1_331' title='bbox 234 2922 486 2999; x_wconf 73' lang='grc' dir='ltr'>στόλους,</span> <span class='ocrx_word' id='word_1_332' title='bbox 545 2921 600 2981; x_wconf 73' lang='grc' dir='ltr'>οἳ</span> <span class='ocrx_word' id='word_1_333' title='bbox 652 2926 821 3003; x_wconf 77' lang='grc' dir='ltr'>πηγαὶ</span> <span class='ocrx_word' id='word_1_334' title='bbox 877 2926 1057 2994; x_wconf 82' lang='grc' dir='ltr'>πάσης</span> <span class='ocrx_word' id='word_1_335' title='bbox 1123 2925 1457 2992; x_wconf 79' lang='grc' dir='ltr'>διδασκαλίας</span> <span class='ocrx_word' id='word_1_336' title='bbox 1556 2927 1889 3007; x_wconf 85' lang='grc' dir='ltr'>γλυκυτάτης</span> 
     </span>
    </p>
   </div>
   <div class='ocr_carea' id='block_1_51' title="bbox 233 3013 1882 3098">
    <p class='ocr_par' dir='ltr' id='par_1_51' title="bbox 233 3013 1882 3098">
     <span class='ocr_line' id='line_1_51' title="bbox 233 3013 1882 3098; baseline 0.004 -29"><span class='ocrx_word' id='word_1_337' title='bbox 233 3014 386 3076; x_wconf 74' lang='grc' dir='ltr'>εἰσίν.</span> <span class='ocrx_word' id='word_1_338' title='bbox 450 3015 754 3094; x_wconf 74' lang='grc' dir='ltr'>Εὑρήσομεν</span> <span class='ocrx_word' id='word_1_339' title='bbox 804 3013 856 3071; x_wconf 82' lang='grc' dir='ltr'>δὲ</span> <span class='ocrx_word' id='word_1_340' title='bbox 888 3017 976 3072; x_wconf 83' lang='grc' dir='ltr'>καὶ</span> <span class='ocrx_word' id='word_1_341' title='bbox 1006 3017 1071 3073; x_wconf 79' lang='grc' dir='ltr'>τὰ</span> <span class='ocrx_word' id='word_1_342' title='bbox 1115 3014 1479 3093; x_wconf 78' lang='grc' dir='ltr'>ἐϐδομήκοντα</span> <span class='ocrx_word' id='word_1_343' title='bbox 1510 3018 1744 3098; x_wconf 81' lang='grc' dir='ltr'>στελέχη</span> <span class='ocrx_word' id='word_1_344' title='bbox 1777 3025 1882 3075; x_wconf 84' lang='grc' dir='ltr'>τῶν</span> 
     </span>
    </p>
   </div>
   <div class='ocr_carea' id='block_1_52' title="bbox 232 3101 1883 3186">
    <p class='ocr_par' dir='ltr' id='par_1_52' title="bbox 232 3101 1883 3186">
     <span class='ocr_line' id='line_1_52' title="bbox 232 3101 1883 3186; baseline 0.003 -29"><span class='ocrx_word' id='word_1_345' title='bbox 232 3102 508 3181; x_wconf 69' lang='grc' dir='ltr'>φοινίκων,</span> <span class='ocrx_word' id='word_1_346' title='bbox 582 3103 707 3166; x_wconf 85' lang='grc' dir='ltr'>τοὺς</span> <span class='ocrx_word' id='word_1_347' title='bbox 766 3101 1127 3180; x_wconf 71' lang='grc' dir='ltr'>ἑϐδομήκοντα</span> <span class='ocrx_word' id='word_1_348' title='bbox 1185 3104 1347 3185; x_wconf 86' lang='grc' dir='ltr'>λέγω·</span> <span class='ocrx_word' id='word_1_349' title='bbox 1384 3105 1439 3165; x_wconf 72' lang='grc' dir='ltr'>οἵ</span> <span class='ocrx_word' id='word_1_350' title='bbox 1471 3108 1640 3186; x_wconf 78' lang='grc' dir='ltr'>πηγαὶ</span> <span class='ocrx_word' id='word_1_351' title='bbox 1698 3108 1796 3182; x_wconf 76' lang='grc' dir='ltr'>μὲν</span> <span class='ocrx_word' id='word_1_352' title='bbox 1826 3108 1883 3164; x_wconf 73' lang='grc' dir='ltr'>οὗ</span> 
     </span>
    </p>
   </div>
   <div class='ocr_carea' id='block_1_53' title="bbox 231 3190 1880 3273">
    <p class='ocr_par' dir='ltr' id='par_1_53' title="bbox 231 3190 1880 3273">
     <span class='ocr_line' id='line_1_53' title="bbox 231 3190 1880 3273; baseline 0.003 -24"><span class='ocrx_word' id='word_1_353' title='bbox 231 3190 505 3270; x_wconf 83' lang='grc' dir='ltr'>λέγονται,</span> <span class='ocrx_word' id='word_1_354' title='bbox 595 3194 823 3273; x_wconf 74' lang='grc' dir='ltr'>φοίνικες</span> <span class='ocrx_word' id='word_1_355' title='bbox 907 3191 984 3268; x_wconf 82' lang='grc' dir='ltr'>δὲ,</span> <span class='ocrx_word' id='word_1_356' title='bbox 1064 3196 1138 3260; x_wconf 83' lang='grc' dir='ltr'>ὡς</span> <span class='ocrx_word' id='word_1_357' title='bbox 1207 3195 1312 3252; x_wconf 68' lang='grc' dir='ltr'>ἀπὸ</span> <span class='ocrx_word' id='word_1_358' title='bbox 1366 3202 1470 3253; x_wconf 83' lang='grc' dir='ltr'>τῶν</span> <span class='ocrx_word' id='word_1_359' title='bbox 1569 3195 1880 3255; x_wconf 82' lang='grc' dir='ltr'>ἀποστόλων</span> 
     </span>
    </p>
   </div>
   <div class='ocr_carea' id='block_1_54' title="bbox 232 3280 1882 3364">
    <p class='ocr_par' dir='ltr' id='par_1_54' title="bbox 232 3280 1882 3364">
     <span class='ocr_line' id='line_1_54' title="bbox 232 3280 1882 3364; baseline 0.003 -27"><span class='ocrx_word' id='word_1_360' title='bbox 232 3281 605 3361; x_wconf 75' lang='grc' dir='ltr'>ἐκτρεφόμενοι</span> <span class='ocrx_word' id='word_1_361' title='bbox 664 3284 752 3339; x_wconf 85' lang='grc' dir='ltr'>καὶ</span> <span class='ocrx_word' id='word_1_362' title='bbox 809 3280 1192 3360; x_wconf 76' lang='grc' dir='ltr'>διδασκόμενοι,</span> <span class='ocrx_word' id='word_1_363' title='bbox 1245 3286 1304 3342; x_wconf 83' lang='grc' dir='ltr'>Εἰ</span> <span class='ocrx_word' id='word_1_364' title='bbox 1332 3286 1432 3363; x_wconf 81' lang='grc' dir='ltr'>γὰρ</span> <span class='ocrx_word' id='word_1_365' title='bbox 1462 3288 1547 3342; x_wconf 86' lang='grc' dir='ltr'>καὶ</span> <span class='ocrx_word' id='word_1_366' title='bbox 1602 3288 1629 3342; x_wconf 93' lang='lat'>6</span> <span class='ocrx_word' id='word_1_367' title='bbox 1660 3287 1882 3364; x_wconf 82' lang='grc' dir='ltr'>Χριστὸς</span> 
     </span>
    </p>
   </div>
   <div class='ocr_carea' id='block_1_55' title="bbox 235 3369 1882 3454">
    <p class='ocr_par' dir='ltr' id='par_1_55' title="bbox 235 3369 1882 3454">
     <span class='ocr_line' id='line_1_55' title="bbox 235 3369 1882 3454; baseline 0.001 -27"><span class='ocrx_word' id='word_1_368' title='bbox 235 3371 422 3435; x_wconf 79' lang='grc' dir='ltr'>αὑτούς</span> <span class='ocrx_word' id='word_1_369' title='bbox 473 3369 767 3447; x_wconf 66' lang='grc' dir='ltr'>ὶξελέξατο,</span> <span class='ocrx_word' id='word_1_370' title='bbox 827 3371 948 3429; x_wconf 85' lang='grc' dir='ltr'>ἀλλ’</span> <span class='ocrx_word' id='word_1_371' title='bbox 1018 3376 1107 3429; x_wconf 78' lang='grc' dir='ltr'>οὖν</span> <span class='ocrx_word' id='word_1_372' title='bbox 1162 3371 1524 3454; x_wconf 77' lang='grc' dir='ltr'>ὑποδεέστεροι</span> <span class='ocrx_word' id='word_1_373' title='bbox 1572 3374 1705 3443; x_wconf 77' lang='grc' dir='ltr'>ἦσαν</span> <span class='ocrx_word' id='word_1_374' title='bbox 1778 3381 1882 3433; x_wconf 81' lang='grc' dir='ltr'>τῶν</span> 
     </span>
    </p>
   </div>
   <div class='ocr_carea' id='block_1_56' title="bbox 235 3459 1881 3542">
    <p class='ocr_par' dir='ltr' id='par_1_56' title="bbox 235 3459 1881 3542">
     <span class='ocr_line' id='line_1_56' title="bbox 235 3459 1881 3542; baseline 0.002 -25"><span class='ocrx_word' id='word_1_375' title='bbox 235 3459 456 3533; x_wconf 83' lang='grc' dir='ltr'>δώδεκα,</span> <span class='ocrx_word' id='word_1_376' title='bbox 529 3462 616 3517; x_wconf 83' lang='grc' dir='ltr'>καὶ</span> <span class='ocrx_word' id='word_1_377' title='bbox 682 3463 915 3537; x_wconf 81' lang='grc' dir='ltr'>μαθηταὶ</span> <span class='ocrx_word' id='word_1_378' title='bbox 984 3463 1153 3519; x_wconf 81' lang='grc' dir='ltr'>αὑτῶν</span> <span class='ocrx_word' id='word_1_379' title='bbox 1211 3461 1425 3542; x_wconf 71' lang='grc' dir='ltr'>ὕστερον</span> <span class='ocrx_word' id='word_1_380' title='bbox 1468 3464 1556 3521; x_wconf 88' lang='grc' dir='ltr'>καὶ</span> <span class='ocrx_word' id='word_1_381' title='bbox 1606 3463 1881 3522; x_wconf 83' lang='grc' dir='ltr'>ἀκόλουθοι</span> 
     </span>
    </p>
   </div>
   <div class='ocr_carea' id='block_1_57' title="bbox 236 3548 1943 3643">
    <p class='ocr_par' dir='ltr' id='par_1_57' title="bbox 236 3548 1943 3643">
     <span class='ocr_line' id='line_1_57' title="bbox 236 3548 1943 3643; baseline 0.002 -37"><span class='ocrx_word' id='word_1_382' title='bbox 236 3548 540 3630; x_wconf 85' lang='grc' dir='ltr'>γεγόνασιν.</span> <span class='ocrx_word' id='word_1_383' title='bbox 605 3553 664 3608; x_wconf 83' lang='grc' dir='ltr'>Οἱ</span> <span class='ocrx_word' id='word_1_384' title='bbox 723 3552 951 3630; x_wconf 76' lang='grc' dir='ltr'>φοίνικες</span> <span class='ocrx_word' id='word_1_385' title='bbox 1008 3551 1097 3608; x_wconf 80' lang='grc' dir='ltr'>οὖν</span> <span class='ocrx_word' id='word_1_386' title='bbox 1161 3551 1303 3610; x_wconf 77' lang='grc' dir='ltr'>οὗτοι</span> <span class='ocrx_word' id='word_1_387' title='bbox 1360 3553 1461 3609; x_wconf 82' lang='grc' dir='ltr'>ὑπὸ</span> <span class='ocrx_word' id='word_1_388' title='bbox 1506 3553 1603 3628; x_wconf 80' lang='grc' dir='ltr'>μὲν</span> <span class='ocrx_word' id='word_1_389' title='bbox 1633 3555 1739 3609; x_wconf 81' lang='grc' dir='ltr'>τῶν</span> <span class='ocrx_word' id='word_1_390' title='bbox 1766 3576 1943 3643; x_wconf 65' lang='grc' dir='ltr'>παι-α</span> 
     </span>
    </p>
   </div>
   <div class='ocr_carea' id='block_1_58' title="bbox 238 3636 1883 3725">
    <p class='ocr_par' dir='ltr' id='par_1_58' title="bbox 238 3636 1883 3725">
     <span class='ocr_line' id='line_1_58' title="bbox 238 3636 1883 3725; baseline 0.002 -28"><span class='ocrx_word' id='word_1_391' title='bbox 238 3649 371 3720; x_wconf 83' lang='grc' dir='ltr'>γῶν,</span> <span class='ocrx_word' id='word_1_392' title='bbox 446 3643 553 3697; x_wconf 83' lang='grc' dir='ltr'>τῶν</span> <span class='ocrx_word' id='word_1_393' title='bbox 624 3641 937 3699; x_wconf 77' lang='grc' dir='ltr'>ἀποστόλων</span> <span class='ocrx_word' id='word_1_394' title='bbox 992 3641 1156 3723; x_wconf 81' lang='grc' dir='ltr'>λέγω,</span> <span class='ocrx_word' id='word_1_395' title='bbox 1202 3644 1591 3725; x_wconf 68' lang='grc' dir='ltr'>ἀνετράφησαν.</span> <span class='ocrx_word' id='word_1_396' title='bbox 1628 3636 1790 3721; x_wconf 74' lang='grc' dir='ltr'>Ἡμῖν</span> <span class='ocrx_word' id='word_1_397' title='bbox 1829 3642 1883 3701; x_wconf 79' lang='grc' dir='ltr'>δὲ</span> 
     </span>
    </p>
   </div>
   <div class='ocr_carea' id='block_1_59' title="bbox 242 3728 1880 3815">
    <p class='ocr_par' dir='ltr' id='par_1_59' title="bbox 242 3728 1880 3815">
     <span class='ocr_line' id='line_1_59' title="bbox 242 3728 1880 3815; baseline 0.003 -28"><span class='ocrx_word' id='word_1_398' title='bbox 242 3732 444 3810; x_wconf 79' lang='grc' dir='ltr'>καρπὸν</span> <span class='ocrx_word' id='word_1_399' title='bbox 496 3728 687 3807; x_wconf 85' lang='grc' dir='ltr'>γλυκὺν</span> <span class='ocrx_word' id='word_1_400' title='bbox 745 3732 856 3806; x_wconf 76' lang='grc' dir='ltr'>ἅμα</span> <span class='ocrx_word' id='word_1_401' title='bbox 913 3734 1001 3790; x_wconf 83' lang='grc' dir='ltr'>καὶ</span> <span class='ocrx_word' id='word_1_402' title='bbox 1070 3734 1328 3812; x_wconf 75' lang='grc' dir='ltr'>στύφοντα</span> <span class='ocrx_word' id='word_1_403' title='bbox 1403 3745 1624 3814; x_wconf 78' lang='grc' dir='ltr'>μετρίως</span> <span class='ocrx_word' id='word_1_404' title='bbox 1673 3736 1880 3815; x_wconf 79' lang='grc' dir='ltr'>ἐχορή-</span> 
     </span>
    </p>
   </div>
   <div class='ocr_carea' id='block_1_60' title="bbox 241 3821 1882 3902">
    <p class='ocr_par' dir='ltr' id='par_1_60' title="bbox 241 3821 1882 3902">
     <span class='ocr_line' id='line_1_60' title="bbox 241 3821 1882 3902; baseline 0.003 -27"><span class='ocrx_word' id='word_1_405' title='bbox 241 3841 433 3898; x_wconf 87' lang='grc' dir='ltr'>γησαν.</span> <span class='ocrx_word' id='word_1_406' title='bbox 502 3822 726 3890; x_wconf 84' lang='grc' dir='ltr'>Τοιαύτη</span> <span class='ocrx_word' id='word_1_407' title='bbox 782 3823 883 3901; x_wconf 81' lang='grc' dir='ltr'>γὰρ</span> <span class='ocrx_word' id='word_1_408' title='bbox 952 3829 1058 3880; x_wconf 79' lang='grc' dir='ltr'>τῶν</span> <span class='ocrx_word' id='word_1_409' title='bbox 1111 3824 1275 3902; x_wconf 82' lang='grc' dir='ltr'>ἁγίων</span> <span class='ocrx_word' id='word_1_410' title='bbox 1322 3825 1357 3892; x_wconf 76' lang='grc' dir='ltr'><strong>ἡ</strong></span> <span class='ocrx_word' id='word_1_411' title='bbox 1387 3821 1710 3901; x_wconf 84' lang='grc' dir='ltr'>δίδασκαλία,</span> <span class='ocrx_word' id='word_1_412' title='bbox 1763 3824 1882 3882; x_wconf 75' lang='grc' dir='ltr'>οὔτε</span> 
     </span>
    </p>
   </div>
   <div class='ocr_carea' id='block_1_61' title="bbox 240 3909 1880 3991">
    <p class='ocr_par' dir='ltr' id='par_1_61' title="bbox 240 3909 1880 3991">
     <span class='ocr_line' id='line_1_61' title="bbox 240 3909 1880 3991; baseline 0.004 -25"><span class='ocrx_word' id='word_1_413' title='bbox 240 3910 410 3978; x_wconf 82' lang='grc' dir='ltr'>πάντη</span> <span class='ocrx_word' id='word_1_414' title='bbox 478 3909 827 3991; x_wconf 84' lang='grc' dir='ltr'>γλυκαίνουσα</span> <span class='ocrx_word' id='word_1_415' title='bbox 885 3912 974 3969; x_wconf 87' lang='grc' dir='ltr'>καὶ</span> <span class='ocrx_word' id='word_1_416' title='bbox 1051 3911 1435 3988; x_wconf 82' lang='grc' dir='ltr'>κολακεύουσα,</span> <span class='ocrx_word' id='word_1_417' title='bbox 1507 3914 1621 3970; x_wconf 77' lang='grc' dir='ltr'>οὔτε</span> <span class='ocrx_word' id='word_1_418' title='bbox 1706 3916 1880 3982; x_wconf 86' lang='grc' dir='ltr'>πάντη</span> 
     </span>
    </p>
   </div>
   <div class='ocr_carea' id='block_1_62' title="bbox 239 4000 1880 4084">
    <p class='ocr_par' dir='ltr' id='par_1_62' title="bbox 239 4000 1880 4084">
     <span class='ocr_line' id='line_1_62' title="bbox 239 4000 1880 4084; baseline 0.003 -28"><span class='ocrx_word' id='word_1_419' title='bbox 239 4000 491 4081; x_wconf 83' lang='grc' dir='ltr'>στύρουσα</span> <span class='ocrx_word' id='word_1_420' title='bbox 555 4003 643 4059; x_wconf 83' lang='grc' dir='ltr'>καὶ</span> <span class='ocrx_word' id='word_1_421' title='bbox 697 4000 1026 4083; x_wconf 80' lang='grc' dir='ltr'>πλήττουσα,</span> <span class='ocrx_word' id='word_1_422' title='bbox 1056 4000 1175 4059; x_wconf 86' lang='grc' dir='ltr'>ἀλλ’</span> <span class='ocrx_word' id='word_1_423' title='bbox 1208 4002 1516 4081; x_wconf 76' lang='grc' dir='ltr'>ἀμφοτέρων</span> <span class='ocrx_word' id='word_1_424' title='bbox 1555 4003 1880 4084; x_wconf 83' lang='grc' dir='ltr'>μετέχουσα,</span> 
     </span>
    </p>
   </div>
   <div class='ocr_carea' id='block_1_63' title="bbox 234 4089 1884 4173">
    <p class='ocr_par' dir='ltr' id='par_1_63' title="bbox 234 4089 1884 4173">
     <span class='ocr_line' id='line_1_63' title="bbox 234 4089 1884 4173; baseline 0.002 -26"><span class='ocrx_word' id='word_1_425' title='bbox 234 4091 321 4147; x_wconf 81' lang='grc' dir='ltr'>καὶ</span> <span class='ocrx_word' id='word_1_426' title='bbox 374 4089 542 4156; x_wconf 81' lang='grc' dir='ltr'>ὄντως</span> <span class='ocrx_word' id='word_1_427' title='bbox 592 4090 865 4171; x_wconf 81' lang='grc' dir='ltr'>ἠρτυμένη</span> <span class='ocrx_word' id='word_1_428' title='bbox 924 4093 1023 4167; x_wconf 81' lang='grc' dir='ltr'>μὲν</span> <span class='ocrx_word' id='word_1_429' title='bbox 1089 4090 1267 4167; x_wconf 77' lang='grc' dir='ltr'>ἅλατι,</span> <span class='ocrx_word' id='word_1_430' title='bbox 1318 4172 1323 4173; x_wconf 16' lang='grc' dir='ltr'><em>ν</em></span> <span class='ocrx_word' id='word_1_431' title='bbox 1368 4091 1504 4149; x_wconf 78' lang='grc' dir='ltr'>ἀλλὰ</span> <span class='ocrx_word' id='word_1_432' title='bbox 1562 4094 1647 4150; x_wconf 83' lang='grc' dir='ltr'>καὶ</span> <span class='ocrx_word' id='word_1_433' title='bbox 1726 4094 1884 4173; x_wconf 86' lang='grc' dir='ltr'>χάριν</span> 
     </span>
    </p>
   </div>
   <div class='ocr_carea' id='block_1_64' title="bbox 234 4172 1884 4261">
    <p class='ocr_par' dir='ltr' id='par_1_64' title="bbox 234 4172 1884 4261">
     <span class='ocr_line' id='line_1_64' title="bbox 234 4172 1884 4261; baseline 0.001 -26"><span class='ocrx_word' id='word_1_434' title='bbox 234 4180 454 4260; x_wconf 72' lang='grc' dir='ltr'>ἔχουσα,</span> <span class='ocrx_word' id='word_1_435' title='bbox 517 4182 687 4246; x_wconf 87' lang='grc' dir='ltr'>καθὼς</span> <span class='ocrx_word' id='word_1_436' title='bbox 738 4183 774 4236; x_wconf 85' lang='lat'>6</span> <span class='ocrx_word' id='word_1_437' title='bbox 833 4179 1038 4245; x_wconf 80' lang='grc' dir='ltr'>Παῦλος</span> <span class='ocrx_word' id='word_1_438' title='bbox 1085 4182 1208 4258; x_wconf 81' lang='grc' dir='ltr'>βοᾷ’</span> <span class='ocrx_word' id='word_1_439' title='bbox 1248 4205 1274 4237; x_wconf 76' lang='grc' dir='ltr'>α</span> <span class='ocrx_word' id='word_1_440' title='bbox 1312 4172 1367 4240; x_wconf 61' lang='grc'>’0</span> <span class='ocrx_word' id='word_1_441' title='bbox 1431 4180 1589 4261; x_wconf 84' lang='grc' dir='ltr'>λόγος</span> <span class='ocrx_word' id='word_1_442' title='bbox 1640 4172 1786 4257; x_wconf 76' lang='grc' dir='ltr'>ὑμῶν</span> <span class='ocrx_word' id='word_1_443' title='bbox 1812 4172 1884 4237; x_wconf 9' lang='grc' dir='ltr'>γὲν</span> 
     </span>
    </p>
   </div>
   <div class='ocr_carea' id='block_1_65' title="bbox 1971 2387 3623 2470">
    <p class='ocr_par' dir='ltr' id='par_1_65' title="bbox 1971 2387 3623 2470">
     <span class='ocr_line' id='line_1_65' title="bbox 1971 2387 3623 2470; baseline -0.001 -21"><span class='ocrx_word' id='word_1_444' title='bbox 1971 2390 2125 2470; x_wconf 87' lang='lat' dir='ltr'><strong>quod</strong></span> <span class='ocrx_word' id='word_1_445' title='bbox 2159 2390 2208 2450; x_wconf 77' lang='lat' dir='ltr'>si</span> <span class='ocrx_word' id='word_1_446' title='bbox 2238 2409 2355 2450; x_wconf 90' lang='lat' dir='ltr'>non</span> <span class='ocrx_word' id='word_1_447' title='bbox 2389 2390 2577 2451; x_wconf 90' lang='lat' dir='ltr'><strong>simus</strong></span> <span class='ocrx_word' id='word_1_448' title='bbox 2607 2408 2740 2450; x_wconf 90' lang='lat' dir='ltr'>cum</span> <span class='ocrx_word' id='word_1_449' title='bbox 2774 2388 2992 2450; x_wconf 76' lang='lat' dir='ltr'><strong>Judaeis</strong></span> <span class='ocrx_word' id='word_1_450' title='bbox 3017 2389 3072 2446; x_wconf 90' lang='lat' dir='ltr'>in</span> <span class='ocrx_word' id='word_1_451' title='bbox 3096 2388 3294 2448; x_wconf 86' lang='lat' dir='ltr'><strong>littera</strong></span> <span class='ocrx_word' id='word_1_452' title='bbox 3314 2387 3460 2466; x_wconf 84' lang='lat' dir='ltr'><strong>legis</strong></span> <span class='ocrx_word' id='word_1_453' title='bbox 3486 2406 3623 2468; x_wconf 82' lang='lat' dir='ltr'><strong>per-</strong></span> 
     </span>
    </p>
   </div>
   <div class='ocr_carea' id='block_1_66' title="bbox 1972 2476 3619 2552">
    <p class='ocr_par' dir='ltr' id='par_1_66' title="bbox 1972 2476 3619 2552">
     <span class='ocr_line' id='line_1_66' title="bbox 1972 2476 3619 2552; baseline -0.001 -12"><span class='ocrx_word' id='word_1_454' title='bbox 1972 2490 2304 2552; x_wconf 83' lang='lat' dir='ltr'><strong>manentes,</strong></span> <span class='ocrx_word' id='word_1_455' title='bbox 2342 2478 2444 2539; x_wconf 87' lang='lat' dir='ltr'>sed</span> <span class='ocrx_word' id='word_1_456' title='bbox 2479 2478 2875 2539; x_wconf 88' lang='lat' dir='ltr'><strong>ascendentes</strong></span> <span class='ocrx_word' id='word_1_457' title='bbox 2912 2477 2970 2537; x_wconf 89' lang='lat' dir='ltr'>in</span> <span class='ocrx_word' id='word_1_458' title='bbox 3004 2476 3518 2540; x_wconf 75' lang='lat' dir='ltr'><strong>Christianismum</strong></span> <span class='ocrx_word' id='word_1_459' title='bbox 3548 2478 3619 2539; x_wconf 88' lang='lat' dir='ltr'>ad</span> 
     </span>
    </p>
   </div>
   <div class='ocr_carea' id='block_1_67' title="bbox 1972 2566 3622 2649">
    <p class='ocr_par' dir='ltr' id='par_1_67' title="bbox 1972 2566 3622 2649">
     <span class='ocr_line' id='line_1_67' title="bbox 1972 2566 3622 2649; baseline -0.004 -18"><span class='ocrx_word' id='word_1_460' title='bbox 1972 2568 2388 2649; x_wconf 86' lang='lat' dir='ltr'><strong>perfectiorem</strong></span> <span class='ocrx_word' id='word_1_461' title='bbox 2422 2568 2872 2646; x_wconf 77' lang='lat' dir='ltr'><strong>intelligentiam</strong></span> <span class='ocrx_word' id='word_1_462' title='bbox 2895 2578 2954 2628; x_wconf 88' lang='lat' dir='ltr'>et</span> <span class='ocrx_word' id='word_1_463' title='bbox 2979 2566 3413 2627; x_wconf 89' lang='lat' dir='ltr'><strong>incrementum</strong></span> <span class='ocrx_word' id='word_1_464' title='bbox 3437 2566 3622 2646; x_wconf 87' lang='lat' dir='ltr'><strong>spiri-</strong></span> 
     </span>
    </p>
   </div>
   <div class='ocr_carea' id='block_1_68' title="bbox 1974 2654 3622 2735">
    <p class='ocr_par' dir='ltr' id='par_1_68' title="bbox 1974 2654 3622 2735">
     <span class='ocr_line' id='line_1_68' title="bbox 1974 2654 3622 2735; baseline -0.001 -17"><span class='ocrx_word' id='word_1_465' title='bbox 1974 2657 2535 2731; x_wconf 86' lang='lat' dir='ltr'><strong>tuale,inveniemus</strong></span> <span class='ocrx_word' id='word_1_466' title='bbox 2567 2656 2881 2717; x_wconf 87' lang='lat' dir='ltr'><strong>duodecim</strong></span> <span class='ocrx_word' id='word_1_467' title='bbox 2915 2654 3622 2735; x_wconf 65' lang='lat' dir='ltr'><strong>fontes,przecipuosillos</strong></span> 
     </span>
    </p>
   </div>
   <div class='ocr_carea' id='block_1_69' title="bbox 1974 2742 3623 2825">
    <p class='ocr_par' dir='ltr' id='par_1_69' title="bbox 1974 2742 3623 2825">
     <span class='ocr_line' id='line_1_69' title="bbox 1974 2742 3623 2825; baseline -0.002 -17"><span class='ocrx_word' id='word_1_468' title='bbox 1974 2746 2288 2808; x_wconf 87' lang='lat' dir='ltr'><strong>duodecim</strong></span> <span class='ocrx_word' id='word_1_469' title='bbox 2323 2746 2618 2825; x_wconf 82' lang='lat' dir='ltr'><strong>apostolos</strong></span> <span class='ocrx_word' id='word_1_470' title='bbox 2648 2746 2802 2810; x_wconf 86' lang='lat' dir='ltr'><strong>dico.</strong></span> <span class='ocrx_word' id='word_1_471' title='bbox 2837 2746 2934 2824; x_wconf 90' lang='lat' dir='ltr'>qui</span> <span class='ocrx_word' id='word_1_472' title='bbox 2966 2745 3162 2805; x_wconf 90' lang='lat' dir='ltr'><strong>omnis</strong></span> <span class='ocrx_word' id='word_1_473' title='bbox 3187 2742 3475 2805; x_wconf 61' lang='lat' dir='ltr'><strong>doctrinas</strong></span> <span class='ocrx_word' id='word_1_474' title='bbox 3495 2745 3623 2805; x_wconf 87' lang='lat' dir='ltr'><strong>dul-</strong></span> 
     </span>
    </p>
   </div>
   <div class='ocr_carea' id='block_1_70' title="bbox 1975 2833 3622 2913">
    <p class='ocr_par' dir='ltr' id='par_1_70' title="bbox 1975 2833 3622 2913">
     <span class='ocr_line' id='line_1_70' title="bbox 1975 2833 3622 2913; baseline -0.001 -16"><span class='ocrx_word' id='word_1_475' title='bbox 1975 2837 2406 2898; x_wconf 71' lang='lat' dir='ltr'><strong>cissimil‘ontes</strong></span> <span class='ocrx_word' id='word_1_476' title='bbox 2434 2834 2972 2897; x_wconf 80' lang='lat' dir='ltr'><strong>suntzinveniemus</strong></span> <span class='ocrx_word' id='word_1_477' title='bbox 3003 2834 3141 2894; x_wconf 86' lang='lat' dir='ltr'><strong>item</strong></span> <span class='ocrx_word' id='word_1_478' title='bbox 3176 2842 3233 2892; x_wconf 77' lang='lat' dir='ltr'>et</span> <span class='ocrx_word' id='word_1_479' title='bbox 3257 2833 3622 2913; x_wconf 82' lang='lat' dir='ltr'><strong>septuaginta</strong></span> 
     </span>
    </p>
   </div>
   <div class='ocr_carea' id='block_1_71' title="bbox 1976 2921 3619 3004">
    <p class='ocr_par' dir='ltr' id='par_1_71' title="bbox 1976 2921 3619 3004">
     <span class='ocr_line' id='line_1_71' title="bbox 1976 2921 3619 3004; baseline -0.001 -19"><span class='ocrx_word' id='word_1_480' title='bbox 1976 2925 2510 3004; x_wconf 85' lang='lat' dir='ltr'><strong>palmas,nimirum</strong></span> <span class='ocrx_word' id='word_1_481' title='bbox 2539 2924 2910 3003; x_wconf 84' lang='lat' dir='ltr'><strong>septuaginta</strong></span> <span class='ocrx_word' id='word_1_482' title='bbox 2940 2921 3284 2999; x_wconf 89' lang='lat' dir='ltr'><strong>discipulos,</strong></span> <span class='ocrx_word' id='word_1_483' title='bbox 3312 2921 3409 3002; x_wconf 93' lang='lat' dir='ltr'>qui</span> <span class='ocrx_word' id='word_1_484' title='bbox 3429 2923 3619 2984; x_wconf 84' lang='lat' dir='ltr'><strong>fontes</strong></span> 
     </span>
    </p>
   </div>
   <div class='ocr_carea' id='block_1_72' title="bbox 1968 3012 3618 3094">
    <p class='ocr_par' dir='ltr' id='par_1_72' title="bbox 1968 3012 3618 3094">
     <span class='ocr_line' id='line_1_72' title="bbox 1968 3012 3618 3094; baseline 0.001 -21"><span class='ocrx_word' id='word_1_485' title='bbox 1968 3014 2214 3094; x_wconf 86' lang='lat' dir='ltr'><strong>quidem</strong></span> <span class='ocrx_word' id='word_1_486' title='bbox 2248 3033 2364 3076; x_wconf 90' lang='lat' dir='ltr'>non</span> <span class='ocrx_word' id='word_1_487' title='bbox 2392 3015 2694 3089; x_wconf 83' lang='lat' dir='ltr'><strong>dicuntur,</strong></span> <span class='ocrx_word' id='word_1_488' title='bbox 2733 3013 2943 3093; x_wconf 63' lang='lat' dir='ltr'><strong>palmae</strong></span> <span class='ocrx_word' id='word_1_489' title='bbox 2992 3020 3186 3071; x_wconf 87' lang='lat' dir='ltr'><strong>tamen</strong></span> <span class='ocrx_word' id='word_1_490' title='bbox 3245 3020 3403 3085; x_wconf 89' lang='lat' dir='ltr'><strong>sunt,</strong></span> <span class='ocrx_word' id='word_1_491' title='bbox 3436 3012 3618 3075; x_wconf 90' lang='lat' dir='ltr'><strong>veluti</strong></span> 
     </span>
    </p>
   </div>
   <div class='ocr_carea' id='block_1_73' title="bbox 1967 3099 3617 3185">
    <p class='ocr_par' dir='ltr' id='par_1_73' title="bbox 1967 3099 3617 3185">
     <span class='ocr_line' id='line_1_73' title="bbox 1967 3099 3617 3185; baseline -0.002 -20"><span class='ocrx_word' id='word_1_492' title='bbox 1967 3105 2064 3185; x_wconf 90' lang='lat' dir='ltr'>qui</span> <span class='ocrx_word' id='word_1_493' title='bbox 2091 3105 2164 3165; x_wconf 89' lang='lat' dir='ltr'>ab</span> <span class='ocrx_word' id='word_1_494' title='bbox 2192 3104 2475 3184; x_wconf 88' lang='lat' dir='ltr'><strong>apostolis</strong></span> <span class='ocrx_word' id='word_1_495' title='bbox 2519 3102 2811 3163; x_wconf 91' lang='lat' dir='ltr'><strong>educandi</strong></span> <span class='ocrx_word' id='word_1_496' title='bbox 2845 3109 2902 3162; x_wconf 91' lang='lat' dir='ltr'>et</span> <span class='ocrx_word' id='word_1_497' title='bbox 2949 3099 3207 3162; x_wconf 81' lang='lat' dir='ltr'><strong>docendi</strong></span> <span class='ocrx_word' id='word_1_498' title='bbox 3240 3108 3433 3162; x_wconf 89' lang='lat' dir='ltr'><strong>erant.</strong></span> <span class='ocrx_word' id='word_1_499' title='bbox 3469 3101 3617 3162; x_wconf 86' lang='lat' dir='ltr'><strong>Nam</strong></span> 
     </span>
    </p>
   </div>
   <div class='ocr_carea' id='block_1_74' title="bbox 1966 3190 3616 3272">
    <p class='ocr_par' dir='ltr' id='par_1_74' title="bbox 1966 3190 3616 3272">
     <span class='ocr_line' id='line_1_74' title="bbox 1966 3190 3616 3272; baseline -0.001 -19"><span class='ocrx_word' id='word_1_500' title='bbox 1966 3194 2230 3272; x_wconf 89' lang='lat' dir='ltr'><strong>quamvis</strong></span> <span class='ocrx_word' id='word_1_501' title='bbox 2261 3192 2528 3256; x_wconf 82' lang='lat' dir='ltr'><strong>Christus</strong></span> <span class='ocrx_word' id='word_1_502' title='bbox 2556 3192 2687 3252; x_wconf 85' lang='lat' dir='ltr'><strong>illos</strong></span> <span class='ocrx_word' id='word_1_503' title='bbox 2719 3190 2985 3269; x_wconf 58' lang='lat' dir='ltr'><strong>eli-gerit,</strong></span> <span class='ocrx_word' id='word_1_504' title='bbox 3019 3190 3261 3251; x_wconf 82' lang='lat' dir='ltr'><strong>fuerunt</strong></span> <span class='ocrx_word' id='word_1_505' title='bbox 3292 3197 3489 3251; x_wconf 87' lang='lat' dir='ltr'><strong>tamen</strong></span> <span class='ocrx_word' id='word_1_506' title='bbox 3522 3190 3616 3251; x_wconf 90' lang='lat' dir='ltr'><strong>in-</strong></span> 
     </span>
    </p>
   </div>
   <div class='ocr_carea' id='block_1_75' title="bbox 1964 3278 3621 3361">
    <p class='ocr_par' dir='ltr' id='par_1_75' title="bbox 1964 3278 3621 3361">
     <span class='ocr_line' id='line_1_75' title="bbox 1964 3278 3621 3361; baseline -0.001 -18"><span class='ocrx_word' id='word_1_507' title='bbox 1964 3282 2212 3345; x_wconf 82' lang='lat' dir='ltr'><strong>feriores</strong></span> <span class='ocrx_word' id='word_1_508' title='bbox 2241 3282 2359 3344; x_wconf 90' lang='lat' dir='ltr'><strong>illis</strong></span> <span class='ocrx_word' id='word_1_509' title='bbox 2389 3281 2726 3361; x_wconf 87' lang='lat' dir='ltr'><strong>duodecim,</strong></span> <span class='ocrx_word' id='word_1_510' title='bbox 2749 3289 2805 3342; x_wconf 92' lang='lat' dir='ltr'>et</span> <span class='ocrx_word' id='word_1_511' title='bbox 2836 3278 3109 3359; x_wconf 88' lang='lat' dir='ltr'><strong>discipuli</strong></span> <span class='ocrx_word' id='word_1_512' title='bbox 3137 3278 3372 3339; x_wconf 86' lang='lat' dir='ltr'><strong>illorum</strong></span> <span class='ocrx_word' id='word_1_513' title='bbox 3415 3287 3621 3359; x_wconf 87' lang='lat' dir='ltr'><strong>postea</strong></span> 
     </span>
    </p>
   </div>
   <div class='ocr_carea' id='block_1_76' title="bbox 1965 3366 3620 3448">
    <p class='ocr_par' dir='ltr' id='par_1_76' title="bbox 1965 3366 3620 3448">
     <span class='ocr_line' id='line_1_76' title="bbox 1965 3366 3620 3448; baseline -0.002 -15"><span class='ocrx_word' id='word_1_514' title='bbox 1965 3389 2033 3433; x_wconf 89' lang='lat' dir='ltr'>ac</span> <span class='ocrx_word' id='word_1_515' title='bbox 2059 3371 2567 3434; x_wconf 62' lang='lat' dir='ltr'><strong>comites.Palmm</strong></span> <span class='ocrx_word' id='word_1_516' title='bbox 2590 3369 2771 3448; x_wconf 86' lang='lat' dir='ltr'><strong>igitur</strong></span> <span class='ocrx_word' id='word_1_517' title='bbox 2799 3368 2916 3429; x_wconf 70' lang='lat' dir='ltr'><strong>illze</strong></span> <span class='ocrx_word' id='word_1_518' title='bbox 2945 3387 2978 3429; x_wconf 88' lang='lat' dir='ltr'>a</span> <span class='ocrx_word' id='word_1_519' title='bbox 3006 3366 3293 3442; x_wconf 86' lang='lat' dir='ltr'><strong>fontibus,</strong></span> <span class='ocrx_word' id='word_1_520' title='bbox 3327 3368 3620 3447; x_wconf 86' lang='lat' dir='ltr'><strong>apostolis</strong></span> 
     </span>
    </p>
   </div>
   <div class='ocr_carea' id='block_1_77' title="bbox 1965 3455 3617 3535">
    <p class='ocr_par' dir='ltr' id='par_1_77' title="bbox 1965 3455 3617 3535">
     <span class='ocr_line' id='line_1_77' title="bbox 1965 3455 3617 3535; baseline -0.002 -14"><span class='ocrx_word' id='word_1_521' title='bbox 1965 3459 2393 3535; x_wconf 76' lang='lat' dir='ltr'><strong>dico,educatze</strong></span> <span class='ocrx_word' id='word_1_522' title='bbox 2417 3456 2869 3531; x_wconf 78' lang='lat' dir='ltr'><strong>fuerunt.Nobis</strong></span> <span class='ocrx_word' id='word_1_523' title='bbox 2885 3467 3082 3518; x_wconf 83' lang='lat' dir='ltr'><strong>autem</strong></span> <span class='ocrx_word' id='word_1_524' title='bbox 3108 3455 3361 3517; x_wconf 86' lang='lat' dir='ltr'><strong>fructum</strong></span> <span class='ocrx_word' id='word_1_525' title='bbox 3382 3456 3617 3517; x_wconf 85' lang='lat' dir='ltr'><strong>dulcem</strong></span> 
     </span>
    </p>
   </div>
   <div class='ocr_carea' id='block_1_78' title="bbox 1967 3543 3616 3632">
    <p class='ocr_par' dir='ltr' id='par_1_78' title="bbox 1967 3543 3616 3632">
     <span class='ocr_line' id='line_1_78' title="bbox 1967 3543 3616 3632; baseline -0.002 -22"><span class='ocrx_word' id='word_1_526' title='bbox 1967 3549 2775 3632; x_wconf 86' lang='lat' dir='ltr'><strong>quodammodoctausterum</strong></span> <span class='ocrx_word' id='word_1_527' title='bbox 2799 3543 3438 3627; x_wconf 86' lang='lat' dir='ltr'><strong>suppeditarunt.Talis</strong></span> <span class='ocrx_word' id='word_1_528' title='bbox 3456 3545 3616 3607; x_wconf 89' lang='lat' dir='ltr'><strong>enim</strong></span> 
     </span>
    </p>
   </div>
   <div class='ocr_carea' id='block_1_79' title="bbox 1967 3634 3617 3718">
    <p class='ocr_par' dir='ltr' id='par_1_79' title="bbox 1967 3634 3617 3718">
     <span class='ocr_line' id='line_1_79' title="bbox 1967 3634 3617 3718; baseline -0.003 -18"><span class='ocrx_word' id='word_1_529' title='bbox 1967 3652 2303 3701; x_wconf 83' lang='lat' dir='ltr'><strong>sanctorum</strong></span> <span class='ocrx_word' id='word_1_530' title='bbox 2337 3636 2606 3700; x_wconf 88' lang='lat' dir='ltr'><strong>doctrina</strong></span> <span class='ocrx_word' id='word_1_531' title='bbox 2636 3644 2872 3718; x_wconf 78' lang='lat' dir='ltr'><strong>est,non</strong></span> <span class='ocrx_word' id='word_1_532' title='bbox 2892 3634 3135 3697; x_wconf 90' lang='lat' dir='ltr'><strong>omnino</strong></span> <span class='ocrx_word' id='word_1_533' title='bbox 3168 3634 3357 3696; x_wconf 88' lang='lat' dir='ltr'><strong>dulcis</strong></span> <span class='ocrx_word' id='word_1_534' title='bbox 3385 3642 3442 3695; x_wconf 85' lang='lat' dir='ltr'>et</span> <span class='ocrx_word' id='word_1_535' title='bbox 3466 3635 3617 3695; x_wconf 86' lang='lat' dir='ltr'><strong>adu—</strong></span> 
     </span>
    </p>
   </div>
   <div class='ocr_carea' id='block_1_80' title="bbox 1966 3723 3619 3809">
    <p class='ocr_par' dir='ltr' id='par_1_80' title="bbox 1966 3723 3619 3809">
     <span class='ocr_line' id='line_1_80' title="bbox 1966 3723 3619 3809; baseline -0.003 -20"><span class='ocrx_word' id='word_1_536' title='bbox 1966 3730 2320 3809; x_wconf 89' lang='lat' dir='ltr'><strong>lans,neque</strong></span> <span class='ocrx_word' id='word_1_537' title='bbox 2333 3728 2573 3789; x_wconf 89' lang='lat' dir='ltr'><strong>omnino</strong></span> <span class='ocrx_word' id='word_1_538' title='bbox 2593 3738 2831 3787; x_wconf 80' lang='lat' dir='ltr'><strong>austera</strong></span> <span class='ocrx_word' id='word_1_539' title='bbox 2855 3734 2911 3786; x_wconf 90' lang='lat' dir='ltr'>et</span> <span class='ocrx_word' id='word_1_540' title='bbox 2929 3723 3384 3800; x_wconf 86' lang='lat' dir='ltr'><strong>verberans,sed</strong></span> <span class='ocrx_word' id='word_1_541' title='bbox 3404 3723 3619 3785; x_wconf 91' lang='lat' dir='ltr'><strong>utrius-</strong></span> 
     </span>
    </p>
   </div>
   <div class='ocr_carea' id='block_1_81' title="bbox 1966 3813 3621 3900">
    <p class='ocr_par' dir='ltr' id='par_1_81' title="bbox 1966 3813 3621 3900">
     <span class='ocr_line' id='line_1_81' title="bbox 1966 3813 3621 3900; baseline -0.003 -20"><span class='ocrx_word' id='word_1_542' title='bbox 1966 3838 2081 3900; x_wconf 91' lang='lat' dir='ltr'>que</span> <span class='ocrx_word' id='word_1_543' title='bbox 2104 3819 2419 3899; x_wconf 85' lang='lat' dir='ltr'><strong>particeps,</strong></span> <span class='ocrx_word' id='word_1_544' title='bbox 2455 3824 2512 3877; x_wconf 90' lang='lat' dir='ltr'>et</span> <span class='ocrx_word' id='word_1_545' title='bbox 2545 3834 2609 3879; x_wconf 83' lang='lat' dir='ltr'>re</span> <span class='ocrx_word' id='word_1_546' title='bbox 2641 3834 2785 3877; x_wconf 83' lang='lat' dir='ltr'><strong>vera</strong></span> <span class='ocrx_word' id='word_1_547' title='bbox 2816 3815 3070 3877; x_wconf 88' lang='lat' dir='ltr'><strong>condita</strong></span> <span class='ocrx_word' id='word_1_548' title='bbox 3098 3813 3621 3894; x_wconf 85' lang='lat' dir='ltr'><strong>sale,gratiamque</strong></span> 
     </span>
    </p>
   </div>
   <div class='ocr_carea' id='block_1_82' title="bbox 1967 3902 3614 3971">
    <p class='ocr_par' dir='ltr' id='par_1_82' title="bbox 1967 3902 3614 3971">
     <span class='ocr_line' id='line_1_82' title="bbox 1967 3902 3614 3971; baseline -0.004 -1"><span class='ocrx_word' id='word_1_549' title='bbox 1967 3907 2192 3970; x_wconf 86' lang='lat' dir='ltr'><strong>habens</strong></span> <span class='ocrx_word' id='word_1_550' title='bbox 2231 3929 2245 3971; x_wconf 90' lang='lat'>:</span> <span class='ocrx_word' id='word_1_551' title='bbox 2273 3907 2428 3968; x_wconf 90' lang='lat' dir='ltr'><strong>unde</strong></span> <span class='ocrx_word' id='word_1_552' title='bbox 2461 3915 2518 3968; x_wconf 92' lang='lat' dir='ltr'>et</span> <span class='ocrx_word' id='word_1_553' title='bbox 2549 3905 2763 3967; x_wconf 87' lang='lat' dir='ltr'><strong>Paulus</strong></span> <span class='ocrx_word' id='word_1_554' title='bbox 2786 3903 2925 3967; x_wconf 89' lang='lat' dir='ltr'><strong>dicit</strong></span> <span class='ocrx_word' id='word_1_555' title='bbox 2958 3922 2971 3966; x_wconf 86' lang='lat'><strong>:</strong></span> <span class='ocrx_word' id='word_1_556' title='bbox 3015 3924 3043 3964; x_wconf 89' lang='grc'><strong>‹</strong></span> <span class='ocrx_word' id='word_1_557' title='bbox 3074 3902 3285 3966; x_wconf 90' lang='lat' dir='ltr'><strong>Sermo</strong></span> <span class='ocrx_word' id='word_1_558' title='bbox 3334 3912 3525 3964; x_wconf 87' lang='lat' dir='ltr'><strong>vester</strong></span> <span class='ocrx_word' id='word_1_559' title='bbox 3555 3903 3614 3963; x_wconf 92' lang='lat' dir='ltr'>in</span> 
     </span>
    </p>
   </div>
   <div class='ocr_carea' id='block_1_83' title="bbox 1968 3993 3624 4076">
    <p class='ocr_par' dir='ltr' id='par_1_83' title="bbox 1968 3993 3624 4076">
     <span class='ocr_line' id='line_1_83' title="bbox 1968 3993 3624 4076; baseline -0.002 -18"><span class='ocrx_word' id='word_1_560' title='bbox 1968 3998 2152 4076; x_wconf 80' lang='lat' dir='ltr'><strong>gratia</strong></span> <span class='ocrx_word' id='word_1_561' title='bbox 2174 3997 2295 4058; x_wconf 73' lang='lat' dir='ltr'><strong>sale</strong></span> <span class='ocrx_word' id='word_1_562' title='bbox 2327 3995 2399 4057; x_wconf 91' lang='lat' dir='ltr'>sit</span> <span class='ocrx_word' id='word_1_563' title='bbox 2435 3995 2713 4056; x_wconf 88' lang='lat' dir='ltr'><strong>conditus</strong></span> <span class='ocrx_word' id='word_1_564' title='bbox 2731 3993 3133 4073; x_wconf 56' lang='lat' dir='ltr'><strong>49.»Designat</strong></span> <span class='ocrx_word' id='word_1_565' title='bbox 3165 4002 3360 4054; x_wconf 87' lang='lat' dir='ltr'><strong>autem</strong></span> <span class='ocrx_word' id='word_1_566' title='bbox 3387 3998 3624 4072; x_wconf 81' lang='lat' dir='ltr'><strong>septua-</strong></span> 
     </span>
    </p>
   </div>
   <div class='ocr_carea' id='block_1_84' title="bbox 1968 4082 3615 4166">
    <p class='ocr_par' dir='ltr' id='par_1_84' title="bbox 1968 4082 3615 4166">
     <span class='ocr_line' id='line_1_84' title="bbox 1968 4082 3615 4166; baseline -0.004 -19"><span class='ocrx_word' id='word_1_567' title='bbox 1968 4088 2129 4166; x_wconf 87' lang='lat' dir='ltr'><strong>ginta</strong></span> <span class='ocrx_word' id='word_1_568' title='bbox 2157 4084 2484 4166; x_wconf 89' lang='lat' dir='ltr'><strong>discipulos</strong></span> <span class='ocrx_word' id='word_1_569' title='bbox 2520 4085 3079 4163; x_wconf 86' lang='lat' dir='ltr'><strong>Dominus,propter</strong></span> <span class='ocrx_word' id='word_1_570' title='bbox 3109 4100 3312 4144; x_wconf 86' lang='lat' dir='ltr'><strong>eorum</strong></span> <span class='ocrx_word' id='word_1_571' title='bbox 3349 4082 3615 4143; x_wconf 83' lang='lat' dir='ltr'><strong>multitu-</strong></span> 
     </span>
    </p>
   </div>
   <div class='ocr_carea' id='block_1_85' title="bbox 1968 4170 3618 4255">
    <p class='ocr_par' dir='ltr' id='par_1_85' title="bbox 1968 4170 3618 4255">
     <span class='ocr_line' id='line_1_85' title="bbox 1968 4170 3618 4255; baseline -0.004 -18"><span class='ocrx_word' id='word_1_572' title='bbox 1968 4176 2168 4238; x_wconf 85' lang='lat' dir='ltr'><strong>dinem</strong></span> <span class='ocrx_word' id='word_1_573' title='bbox 2193 4174 2291 4255; x_wconf 90' lang='lat' dir='ltr'>qui</span> <span class='ocrx_word' id='word_1_574' title='bbox 2316 4173 2585 4235; x_wconf 90' lang='lat' dir='ltr'><strong>doctrina</strong></span> <span class='ocrx_word' id='word_1_575' title='bbox 2607 4191 2755 4253; x_wconf 89' lang='lat' dir='ltr'><strong>opus</strong></span> <span class='ocrx_word' id='word_1_576' title='bbox 2781 4172 3276 4235; x_wconf 89' lang='lat' dir='ltr'><strong>habebant.Sicut</strong></span> <span class='ocrx_word' id='word_1_577' title='bbox 3304 4170 3463 4231; x_wconf 89' lang='lat' dir='ltr'><strong>enim</strong></span> <span class='ocrx_word' id='word_1_578' title='bbox 3489 4171 3618 4248; x_wconf 85' lang='lat' dir='ltr'><strong>agri</strong></span> 
     </span>
    </p>
   </div>
   <div class='ocr_carea' id='block_1_86' title="bbox 233 4260 1886 4350">
    <p class='ocr_par' dir='ltr' id='par_1_86' title="bbox 233 4260 1873 4350">
     <span class='ocr_line' id='line_1_86' title="bbox 233 4260 1873 4350; baseline 0.002 -26"><span class='ocrx_word' id='word_1_579' title='bbox 233 4268 438 4350; x_wconf 83' lang='grc' dir='ltr'>χάριτι,</span> <span class='ocrx_word' id='word_1_580' title='bbox 496 4268 653 4327; x_wconf 76' lang='grc' dir='ltr'>ἅλατι</span> <span class='ocrx_word' id='word_1_581' title='bbox 723 4270 1036 4349; x_wconf 74' lang='grc' dir='ltr'>ἠρτυμένος.</span> <span class='ocrx_word' id='word_1_582' title='bbox 1112 4294 1136 4326; x_wconf 73' lang='grc' dir='ltr'>υ</span> <span class='ocrx_word' id='word_1_583' title='bbox 1218 4260 1570 4327; x_wconf 81' lang='grc' dir='ltr'>Ἀναδείκνυσι</span> <span class='ocrx_word' id='word_1_584' title='bbox 1627 4269 1682 4327; x_wconf 81' lang='grc' dir='ltr'>δὲ</span> <span class='ocrx_word' id='word_1_585' title='bbox 1751 4273 1873 4335; x_wconf 85' lang='grc' dir='ltr'>τοὺς</span> 
     </span>
    </p>
   </div>
   <div class='ocr_carea' id='block_1_87' title="bbox 1973 4260 3615 4350">
    <p class='ocr_par' dir='ltr' id='par_1_87' title="bbox 1973 4260 3615 4343">
     <span class='ocr_line' id='line_1_87' title="bbox 1973 4260 3615 4343; baseline 0 -20"><span class='ocrx_word' id='word_1_586' title='bbox 1973 4264 2225 4343; x_wconf 30' lang='lat' dir='ltr'><strong>frugiferi</strong></span> <span class='ocrx_word' id='word_1_587' title='bbox 2260 4265 2473 4325; x_wconf 84' lang='lat' dir='ltr'><strong>inultos</strong></span> <span class='ocrx_word' id='word_1_588' title='bbox 2504 4272 2775 4342; x_wconf 64' lang='lat' dir='ltr'><strong>quaerunt</strong></span> <span class='ocrx_word' id='word_1_589' title='bbox 2809 4278 3124 4333; x_wconf 82' lang='lat' dir='ltr'><strong>messores,</strong></span> <span class='ocrx_word' id='word_1_590' title='bbox 3160 4262 3244 4321; x_wconf 91' lang='lat' dir='ltr'>sic</span> <span class='ocrx_word' id='word_1_591' title='bbox 3278 4278 3411 4320; x_wconf 89' lang='lat' dir='ltr'>cum</span> <span class='ocrx_word' id='word_1_592' title='bbox 3449 4260 3615 4323; x_wconf 91' lang='lat' dir='ltr'><strong>:nulti</strong></span> 
     </span>
    </p>
   </div>
   <div class='ocr_carea' id='block_1_88' title="bbox 237 4347 1886 4439">
    <p class='ocr_par' dir='ltr' id='par_1_88' title="bbox 237 4347 1875 4439">
     <span class='ocr_line' id='line_1_88' title="bbox 237 4347 1875 4439; baseline 0.002 -26"><span class='ocrx_word' id='word_1_593' title='bbox 237 4347 599 4434; x_wconf 66' lang='grc' dir='ltr'>ἑϐδομήκοντα</span> <span class='ocrx_word' id='word_1_594' title='bbox 653 4347 895 4437; x_wconf 80' lang='grc' dir='ltr'>μαθητὰς</span> <span class='ocrx_word' id='word_1_595' title='bbox 951 4361 1010 4439; x_wconf 77' lang='lat'>6_</span> <span class='ocrx_word' id='word_1_596' title='bbox 1032 4363 1218 4439; x_wconf 87' lang='grc' dir='ltr'>Κύριος</span> <span class='ocrx_word' id='word_1_597' title='bbox 1273 4357 1359 4419; x_wconf 77' lang='grc' dir='ltr'>διὰ</span> <span class='ocrx_word' id='word_1_598' title='bbox 1424 4361 1485 4416; x_wconf 81' lang='grc' dir='ltr'>τὸ</span> <span class='ocrx_word' id='word_1_599' title='bbox 1541 4359 1741 4428; x_wconf 76' lang='grc' dir='ltr'>πλῆθος</span> <span class='ocrx_word' id='word_1_600' title='bbox 1769 4366 1875 4416; x_wconf 83' lang='grc' dir='ltr'>τῶν</span> 
     </span>
    </p>
   </div>
   <div class='ocr_carea' id='block_1_89' title="bbox 1973 4347 3612 4439">
    <p class='ocr_par' dir='ltr' id='par_1_89' title="bbox 1973 4347 3612 4426">
     <span class='ocr_line' id='line_1_89' title="bbox 1973 4347 3612 4426; baseline -0.004 -10"><span class='ocrx_word' id='word_1_601' title='bbox 1973 4362 2019 4416; x_wconf 79' lang='lat' dir='ltr'>et</span> <span class='ocrx_word' id='word_1_602' title='bbox 2049 4352 2519 4414; x_wconf 88' lang='lat' dir='ltr'><strong>innumerabiles</strong></span> <span class='ocrx_word' id='word_1_603' title='bbox 2560 4357 2761 4413; x_wconf 89' lang='lat' dir='ltr'><strong>essent</strong></span> <span class='ocrx_word' id='word_1_604' title='bbox 2789 4349 3099 4423; x_wconf 84' lang='lat' dir='ltr'><strong>credituri,</strong></span> <span class='ocrx_word' id='word_1_605' title='bbox 3134 4348 3336 4410; x_wconf 91' lang='lat' dir='ltr'><strong>multis</strong></span> <span class='ocrx_word' id='word_1_606' title='bbox 3376 4347 3612 4426; x_wconf 87' lang='lat' dir='ltr'><strong>indige-</strong></span> 
     </span>
    </p>
   </div>
   <div class='ocr_carea' id='block_1_90' title="bbox 233 4431 1886 4529">
    <p class='ocr_par' dir='ltr' id='par_1_90' title="bbox 233 4431 1873 4529">
     <span class='ocr_line' id='line_1_90' title="bbox 233 4431 1873 4529; baseline 0.004 -28"><span class='ocrx_word' id='word_1_607' title='bbox 233 4431 494 4523; x_wconf 78' lang='grc' dir='ltr'>δεομένων</span> <span class='ocrx_word' id='word_1_608' title='bbox 552 4431 911 4511; x_wconf 74' lang='grc' dir='ltr'>διδασκαλίας,</span> <span class='ocrx_word' id='word_1_609' title='bbox 972 4431 1190 4528; x_wconf 61' lang='grc' dir='ltr'>’Ὠσπερ</span> <span class='ocrx_word' id='word_1_610' title='bbox 1246 4449 1346 4529; x_wconf 80' lang='grc' dir='ltr'>γὰρ</span> <span class='ocrx_word' id='word_1_611' title='bbox 1421 4449 1570 4529; x_wconf 87' lang='grc' dir='ltr'>ἀγροὶ</span> <span class='ocrx_word' id='word_1_612' title='bbox 1641 4450 1873 4529; x_wconf 71' lang='grc' dir='ltr'>εὐφορη-</span> 
     </span>
    </p>
   </div>
   <div class='ocr_carea' id='block_1_91' title="bbox 1973 4431 3617 4529">
    <p class='ocr_par' dir='ltr' id='par_1_91' title="bbox 1973 4438 3617 4529">
     <span class='ocr_line' id='line_1_91' title="bbox 1973 4438 3617 4529; baseline -0.002 -24"><span class='ocrx_word' id='word_1_613' title='bbox 1973 4449 2101 4505; x_wconf 72' lang='lat' dir='ltr'><strong>bant</strong></span> <span class='ocrx_word' id='word_1_614' title='bbox 2131 4442 2639 4522; x_wconf 87' lang='lat' dir='ltr'><strong>magistris.Porro</strong></span> <span class='ocrx_word' id='word_1_615' title='bbox 2656 4440 2828 4501; x_wconf 89' lang='lat' dir='ltr'><strong>hinos</strong></span> <span class='ocrx_word' id='word_1_616' title='bbox 2852 4439 3123 4513; x_wconf 86' lang='lat' dir='ltr'><strong>mittit,ut</strong></span> <span class='ocrx_word' id='word_1_617' title='bbox 3148 4438 3393 4529; x_wconf 88' lang='lat' dir='ltr'><strong>tutiores</strong></span> <span class='ocrx_word' id='word_1_618' title='bbox 3416 4448 3617 4501; x_wconf 88' lang='lat' dir='ltr'><strong>essent</strong></span> 
     </span>
    </p>
   </div>
   <div class='ocr_carea' id='block_1_92' title="bbox 235 4528 1886 4615">
    <p class='ocr_par' dir='ltr' id='par_1_92' title="bbox 235 4528 1875 4615">
     <span class='ocr_line' id='line_1_92' title="bbox 235 4528 1875 4615; baseline 0.003 -24"><span class='ocrx_word' id='word_1_619' title='bbox 235 4557 420 4601; x_wconf 89' lang='grc' dir='ltr'>σαντες</span> <span class='ocrx_word' id='word_1_620' title='bbox 490 4536 722 4602; x_wconf 89' lang='grc' dir='ltr'>πολλούς</span> <span class='ocrx_word' id='word_1_621' title='bbox 778 4546 994 4611; x_wconf 79' lang='grc' dir='ltr'>ζητοῦσι</span> <span class='ocrx_word' id='word_1_622' title='bbox 1071 4538 1191 4603; x_wconf 91' lang='grc' dir='ltr'>τούς</span> <span class='ocrx_word' id='word_1_623' title='bbox 1264 4528 1535 4615; x_wconf 81' lang='grc' dir='ltr'>θεριστὰς,</span> <span class='ocrx_word' id='word_1_624' title='bbox 1609 4528 1773 4602; x_wconf 69' lang='grc' dir='ltr'>οὕτως</span> <span class='ocrx_word' id='word_1_625' title='bbox 1829 4543 1875 4596; x_wconf 78' lang='grc' dir='ltr'>οἱ</span> 
     </span>
    </p>
   </div>
   <div class='ocr_carea' id='block_1_93' title="bbox 1973 4528 3612 4615">
    <p class='ocr_par' dir='ltr' id='par_1_93' title="bbox 1973 4528 3612 4610">
     <span class='ocr_line' id='line_1_93' title="bbox 1973 4528 3612 4610; baseline -0.005 -14"><span class='ocrx_word' id='word_1_626' title='bbox 1973 4541 2021 4598; x_wconf 74' lang='lat' dir='ltr'>et</span> <span class='ocrx_word' id='word_1_627' title='bbox 2046 4533 2198 4596; x_wconf 88' lang='lat' dir='ltr'><strong>alius</strong></span> <span class='ocrx_word' id='word_1_628' title='bbox 2218 4532 2399 4594; x_wconf 88' lang='lat' dir='ltr'><strong>alium</strong></span> <span class='ocrx_word' id='word_1_629' title='bbox 2427 4530 2760 4610; x_wconf 85' lang='lat' dir='ltr'><strong>adjuvaret.</strong></span> <span class='ocrx_word' id='word_1_630' title='bbox 2785 4530 2955 4592; x_wconf 89' lang='lat' dir='ltr'><strong>Ibant</strong></span> <span class='ocrx_word' id='word_1_631' title='bbox 2983 4537 3042 4590; x_wconf 88' lang='lat' dir='ltr'>et</span> <span class='ocrx_word' id='word_1_632' title='bbox 3070 4537 3205 4591; x_wconf 88' lang='lat' dir='ltr'><strong>ante</strong></span> <span class='ocrx_word' id='word_1_633' title='bbox 3225 4528 3435 4589; x_wconf 78' lang='lat' dir='ltr'><strong>faciem</strong></span> <span class='ocrx_word' id='word_1_634' title='bbox 3459 4529 3612 4609; x_wconf 84' lang='lat' dir='ltr'><strong>ejus,</strong></span> 
     </span>
    </p>
   </div>
   <div class='ocr_carea' id='block_1_94' title="bbox 233 4624 1883 4709">
    <p class='ocr_par' dir='ltr' id='par_1_94' title="bbox 233 4624 1883 4709">
     <span class='ocr_line' id='line_1_94' title="bbox 233 4624 1883 4709; baseline 0.002 -29"><span class='ocrx_word' id='word_1_635' title='bbox 233 4624 519 4700; x_wconf 82' lang='grc' dir='ltr'>μέλλοντες</span> <span class='ocrx_word' id='word_1_636' title='bbox 576 4630 863 4708; x_wconf 84' lang='grc' dir='ltr'>πιστεύειν,</span> <span class='ocrx_word' id='word_1_637' title='bbox 935 4626 1122 4685; x_wconf 82' lang='grc' dir='ltr'>πολλοὶ</span> <span class='ocrx_word' id='word_1_638' title='bbox 1169 4624 1317 4691; x_wconf 76' lang='grc' dir='ltr'>ὄντες</span> <span class='ocrx_word' id='word_1_639' title='bbox 1370 4629 1456 4684; x_wconf 84' lang='grc' dir='ltr'>καὶ</span> <span class='ocrx_word' id='word_1_640' title='bbox 1511 4627 1883 4709; x_wconf 82' lang='grc' dir='ltr'>ἀναρίθμητοι,</span> 
     </span>
    </p>
   </div>
   <div class='ocr_carea' id='block_1_95' title="bbox 232 4712 1884 4794">
    <p class='ocr_par' dir='ltr' id='par_1_95' title="bbox 232 4712 1884 4794">
     <span class='ocr_line' id='line_1_95' title="bbox 232 4712 1884 4794; baseline 0.004 -24"><span class='ocrx_word' id='word_1_641' title='bbox 232 4712 448 4771; x_wconf 79' lang='grc' dir='ltr'>πολλῶν</span> <span class='ocrx_word' id='word_1_642' title='bbox 498 4715 704 4774; x_wconf 76' lang='grc' dir='ltr'>ἐδέοντο</span> <span class='ocrx_word' id='word_1_643' title='bbox 768 4716 1117 4781; x_wconf 84' lang='grc' dir='ltr'>διδασκαλων.</span> <span class='ocrx_word' id='word_1_644' title='bbox 1211 4716 1339 4775; x_wconf 78' lang='grc' dir='ltr'>Ἀνὰ</span> <span class='ocrx_word' id='word_1_645' title='bbox 1414 4716 1504 4774; x_wconf 90' lang='grc' dir='ltr'>δύο</span> <span class='ocrx_word' id='word_1_646' title='bbox 1576 4716 1630 4773; x_wconf 77' lang='grc' dir='ltr'>δὲ</span> <span class='ocrx_word' id='word_1_647' title='bbox 1684 4719 1884 4794; x_wconf 88' lang='grc' dir='ltr'>πέμπει</span> 
     </span>
    </p>
   </div>
   <div class='ocr_carea' id='block_1_96' title="bbox 233 4804 1881 4890">
    <p class='ocr_par' dir='ltr' id='par_1_96' title="bbox 233 4804 1881 4890">
     <span class='ocr_line' id='line_1_96' title="bbox 233 4804 1881 4890; baseline 0.004 -30"><span class='ocrx_word' id='word_1_648' title='bbox 233 4804 419 4871; x_wconf 80' lang='grc' dir='ltr'>αὑτούς</span> <span class='ocrx_word' id='word_1_649' title='bbox 467 4808 541 4872; x_wconf 78' lang='grc' dir='ltr'>ὡς</span> <span class='ocrx_word' id='word_1_650' title='bbox 590 4808 1032 4890; x_wconf 74' lang='grc' dir='ltr'>ἀσφαλεστέρους,</span> <span class='ocrx_word' id='word_1_651' title='bbox 1095 4808 1189 4865; x_wconf 82' lang='grc' dir='ltr'>’ίνα</span> <span class='ocrx_word' id='word_1_652' title='bbox 1243 4810 1271 4864; x_wconf 80' lang='grc' dir='ltr'>ὃ</span> <span class='ocrx_word' id='word_1_653' title='bbox 1343 4806 1516 4887; x_wconf 79' lang='grc' dir='ltr'>ἕτερος</span> <span class='ocrx_word' id='word_1_654' title='bbox 1574 4814 1649 4884; x_wconf 84' lang='grc' dir='ltr'>τῷ</span> <span class='ocrx_word' id='word_1_655' title='bbox 1719 4810 1881 4889; x_wconf 77' lang='grc' dir='ltr'>ἑτέρῳ</span> 
     </span>
    </p>
   </div>
   <div class='ocr_carea' id='block_1_97' title="bbox 232 4897 1879 4980">
    <p class='ocr_par' dir='ltr' id='par_1_97' title="bbox 232 4897 1879 4980">
     <span class='ocr_line' id='line_1_97' title="bbox 232 4897 1879 4980; baseline 0.004 -30"><span class='ocrx_word' id='word_1_656' title='bbox 232 4902 480 4976; x_wconf 80' lang='grc' dir='ltr'>συνεργῇ,</span> <span class='ocrx_word' id='word_1_657' title='bbox 541 4903 643 4977; x_wconf 78' lang='grc' dir='ltr'>πρὸ</span> <span class='ocrx_word' id='word_1_658' title='bbox 718 4899 1003 4972; x_wconf 89' lang='grc' dir='ltr'>προσώπου</span> <span class='ocrx_word' id='word_1_659' title='bbox 1058 4897 1112 4955; x_wconf 80' lang='grc' dir='ltr'>δὲ</span> <span class='ocrx_word' id='word_1_660' title='bbox 1167 4902 1325 4958; x_wconf 78' lang='grc' dir='ltr'>αὐτοῦ</span> <span class='ocrx_word' id='word_1_661' title='bbox 1378 4899 1745 4980; x_wconf 80' lang='grc' dir='ltr'>πορευόμενοι,</span> <span class='ocrx_word' id='word_1_662' title='bbox 1776 4897 1879 4968; x_wconf 86' lang='grc' dir='ltr'>δη-</span> 
     </span>
    </p>
   </div>
   <div class='ocr_carea' id='block_1_98' title="bbox 232 4976 1883 5069">
    <p class='ocr_par' dir='ltr' id='par_1_98' title="bbox 232 4976 1883 5069">
     <span class='ocr_line' id='line_1_98' title="bbox 232 4976 1883 5069; baseline 0.002 -28"><span class='ocrx_word' id='word_1_663' title='bbox 232 4984 411 5043; x_wconf 86' lang='grc' dir='ltr'>λονότι</span> <span class='ocrx_word' id='word_1_664' title='bbox 467 4976 756 5069; x_wconf 66' lang='grc' dir='ltr'>ἐδίδασκον,</span> <span class='ocrx_word' id='word_1_665' title='bbox 818 4991 888 5055; x_wconf 86' lang='grc' dir='ltr'>ὡς</span> <span class='ocrx_word' id='word_1_666' title='bbox 946 4987 1218 5055; x_wconf 80' lang='grc' dir='ltr'>Ἰωάννης.</span> <span class='ocrx_word' id='word_1_667' title='bbox 1282 5010 1310 5042; x_wconf 71' lang='grc' dir='ltr'>α</span> <span class='ocrx_word' id='word_1_668' title='bbox 1379 4976 1740 5064; x_wconf 33' lang='grc' dir='ltr'>Ἑτοιμάσατε-</span> <span class='ocrx_word' id='word_1_669' title='bbox 1784 4991 1883 5058; x_wconf 77' lang='grc' dir='ltr'>τὴν</span> 
     </span>
    </p>
   </div>
   <div class='ocr_carea' id='block_1_99' title="bbox 232 5074 1883 5157">
    <p class='ocr_par' dir='ltr' id='par_1_99' title="bbox 232 5074 1883 5157">
     <span class='ocr_line' id='line_1_99' title="bbox 232 5074 1883 5157; baseline 0.003 -27"><span class='ocrx_word' id='word_1_670' title='bbox 232 5075 351 5133; x_wconf 76' lang='grc' dir='ltr'>ὁδὸν</span> <span class='ocrx_word' id='word_1_671' title='bbox 403 5076 612 5156; x_wconf 81' lang='grc' dir='ltr'>Κυρίου.</span> <span class='ocrx_word' id='word_1_672' title='bbox 660 5098 693 5137; x_wconf 65' lang='grc' dir='ltr'><strong><em>ι</em></strong></span> <span class='ocrx_word' id='word_1_673' title='bbox 740 5078 945 5135; x_wconf 84' lang='grc' dir='ltr'>Σκόπει</span> <span class='ocrx_word' id='word_1_674' title='bbox 978 5074 1032 5134; x_wconf 79' lang='grc' dir='ltr'>δὲ</span> <span class='ocrx_word' id='word_1_675' title='bbox 1077 5080 1192 5141; x_wconf 81' lang='grc' dir='ltr'>πῶς</span> <span class='ocrx_word' id='word_1_676' title='bbox 1224 5077 1408 5151; x_wconf 74' lang='grc' dir='ltr'>εἰπὼν,</span> <span class='ocrx_word' id='word_1_677' title='bbox 1442 5076 1546 5157; x_wconf 81' lang='grc' dir='ltr'>ὅτι,</span> <span class='ocrx_word' id='word_1_678' title='bbox 1589 5098 1612 5132; x_wconf 73' lang='grc' dir='ltr'>α</span> <span class='ocrx_word' id='word_1_679' title='bbox 1648 5079 1883 5148; x_wconf 77' lang='grc' dir='ltr'>Δεήθητε</span> 
     </span>
    </p>
   </div>
   <div class='ocr_carea' id='block_1_100' title="bbox 229 5162 1878 5248">
    <p class='ocr_par' dir='ltr' id='par_1_100' title="bbox 229 5162 1878 5248">
     <span class='ocr_line' id='line_1_100' title="bbox 229 5162 1878 5248; baseline 0.002 -26"><span class='ocrx_word' id='word_1_680' title='bbox 229 5175 327 5224; x_wconf 87' lang='grc' dir='ltr'>τοῦ</span> <span class='ocrx_word' id='word_1_681' title='bbox 382 5169 568 5248; x_wconf 78' lang='grc' dir='ltr'>Κυρίου</span> <span class='ocrx_word' id='word_1_682' title='bbox 623 5175 714 5227; x_wconf 82' lang='grc' dir='ltr'>νοῦ</span> <span class='ocrx_word' id='word_1_683' title='bbox 765 5172 1040 5248; x_wconf 77' lang='grc' dir='ltr'>θερισμοῦ,</span> <span class='ocrx_word' id='word_1_684' title='bbox 1095 5165 1240 5228; x_wconf 80' lang='grc' dir='ltr'>ὅπως</span> <span class='ocrx_word' id='word_1_685' title='bbox 1285 5162 1520 5242; x_wconf 77' lang='grc' dir='ltr'>ἐκϐάλλῃ</span> <span class='ocrx_word' id='word_1_686' title='bbox 1565 5164 1813 5247; x_wconf 65' lang='grc' dir='ltr'>ἐργάτας,</span> <span class='ocrx_word' id='word_1_687' title='bbox 1854 5190 1878 5226; x_wconf 82' lang='grc'><strong>»</strong></span> 
     </span>
    </p>
   </div>
   <div class='ocr_carea' id='block_1_101' title="bbox 230 5253 1886 5338">
    <p class='ocr_par' dir='ltr' id='par_1_101' title="bbox 230 5253 1886 5338">
     <span class='ocr_line' id='line_1_101' title="bbox 230 5253 1886 5338; baseline 0.001 -27"><span class='ocrx_word' id='word_1_688' title='bbox 230 5253 448 5338; x_wconf 77' lang='grc' dir='ltr'>ὕστερον</span> <span class='ocrx_word' id='word_1_689' title='bbox 504 5260 661 5325; x_wconf 75' lang='grc' dir='ltr'>αὐτὸς</span> <span class='ocrx_word' id='word_1_690' title='bbox 721 5261 886 5333; x_wconf 74' lang='grc' dir='ltr'>οἰκείᾳ</span> <span class='ocrx_word' id='word_1_691' title='bbox 966 5254 1281 5315; x_wconf 81' lang='grc' dir='ltr'>ἀποστέλλει</span> <span class='ocrx_word' id='word_1_692' title='bbox 1352 5256 1564 5320; x_wconf 77' lang='grc' dir='ltr'>αὐτούς,</span> <span class='ocrx_word' id='word_1_693' title='bbox 1646 5254 1886 5324; x_wconf 80' lang='grc' dir='ltr'>Ἀληθῶς</span> 
     </span>
    </p>
   </div>
   <div class='ocr_carea' id='block_1_102' title="bbox 231 5344 1887 5428">
    <p class='ocr_par' dir='ltr' id='par_1_102' title="bbox 231 5344 1887 5428">
     <span class='ocr_line' id='line_1_102' title="bbox 231 5344 1887 5428; baseline 0 -25"><span class='ocrx_word' id='word_1_694' title='bbox 231 5348 334 5428; x_wconf 81' lang='grc' dir='ltr'>γὰρ</span> <span class='ocrx_word' id='word_1_695' title='bbox 392 5353 547 5417; x_wconf 77' lang='grc' dir='ltr'>αὑτός</span> <span class='ocrx_word' id='word_1_696' title='bbox 618 5353 761 5411; x_wconf 73' lang='grc' dir='ltr'>ἐστιν</span> <span class='ocrx_word' id='word_1_697' title='bbox 821 5353 849 5407; x_wconf 85' lang='lat'>6</span> <span class='ocrx_word' id='word_1_698' title='bbox 907 5349 1100 5428; x_wconf 85' lang='grc' dir='ltr'>Κύριος</span> <span class='ocrx_word' id='word_1_699' title='bbox 1159 5348 1253 5402; x_wconf 78' lang='grc' dir='ltr'>τοῦ</span> <span class='ocrx_word' id='word_1_700' title='bbox 1306 5348 1584 5424; x_wconf 80' lang='grc' dir='ltr'>θερισμοῦ,</span> <span class='ocrx_word' id='word_1_701' title='bbox 1618 5344 1725 5402; x_wconf 76' lang='grc' dir='ltr'>ἔτοι</span> <span class='ocrx_word' id='word_1_702' title='bbox 1780 5351 1887 5403; x_wconf 84' lang='grc' dir='ltr'>τῶν</span> 
     </span>
    </p>
   </div>
   <div class='ocr_carea' id='block_1_103' title="bbox 1971 4617 3610 4705">
    <p class='ocr_par' dir='ltr' id='par_1_103' title="bbox 1971 4617 3610 4705">
     <span class='ocr_line' id='line_1_103' title="bbox 1971 4617 3610 4705; baseline -0.006 -18"><span class='ocrx_word' id='word_1_703' title='bbox 1971 4645 2040 4687; x_wconf 91' lang='lat' dir='ltr'>eo</span> <span class='ocrx_word' id='word_1_704' title='bbox 2072 4623 2229 4705; x_wconf 84' lang='lat' dir='ltr'><strong>quod</strong></span> <span class='ocrx_word' id='word_1_705' title='bbox 2271 4619 2583 4695; x_wconf 89' lang='lat' dir='ltr'><strong>docebant,</strong></span> <span class='ocrx_word' id='word_1_706' title='bbox 2618 4620 2770 4680; x_wconf 89' lang='lat' dir='ltr'><strong>sicut</strong></span> <span class='ocrx_word' id='word_1_707' title='bbox 2810 4617 3070 4681; x_wconf 88' lang='lat' dir='ltr'><strong>Joannes</strong></span> <span class='ocrx_word' id='word_1_708' title='bbox 3104 4635 3117 4681; x_wconf 90' lang='lat'>:</span> <span class='ocrx_word' id='word_1_709' title='bbox 3161 4644 3185 4672; x_wconf 79' lang='grc' dir='ltr'>α</span> <span class='ocrx_word' id='word_1_710' title='bbox 3223 4620 3427 4679; x_wconf 79' lang='lat' dir='ltr'><strong>Parate</strong></span> <span class='ocrx_word' id='word_1_711' title='bbox 3457 4618 3610 4679; x_wconf 90' lang='lat' dir='ltr'><strong>viam</strong></span> 
     </span>
    </p>
   </div>
   <div class='ocr_carea' id='block_1_104' title="bbox 1971 4706 3607 4787">
    <p class='ocr_par' dir='ltr' id='par_1_104' title="bbox 1971 4706 3607 4787">
     <span class='ocr_line' id='line_1_104' title="bbox 1971 4706 3607 4787; baseline -0.005 -9"><span class='ocrx_word' id='word_1_712' title='bbox 1971 4714 2205 4779; x_wconf 86' lang='lat' dir='ltr'><strong>Domini</strong></span> <span class='ocrx_word' id='word_1_713' title='bbox 2234 4713 2313 4770; x_wconf 73' lang='grc'>43.</span> <span class='ocrx_word' id='word_1_714' title='bbox 2354 4736 2379 4767; x_wconf 73' lang='grc' dir='ltr'>ι</span> <span class='ocrx_word' id='word_1_715' title='bbox 2417 4708 2740 4773; x_wconf 87' lang='lat' dir='ltr'><strong>Considera</strong></span> <span class='ocrx_word' id='word_1_716' title='bbox 2785 4716 2978 4769; x_wconf 89' lang='lat' dir='ltr'><strong>autem</strong></span> <span class='ocrx_word' id='word_1_717' title='bbox 3013 4706 3311 4787; x_wconf 88' lang='lat' dir='ltr'><strong>quomodo</strong></span> <span class='ocrx_word' id='word_1_718' title='bbox 3342 4706 3562 4768; x_wconf 82' lang='lat' dir='ltr'><strong>dixerit</strong></span> <span class='ocrx_word' id='word_1_719' title='bbox 3595 4727 3607 4770; x_wconf 93' lang='lat'>:</span> 
     </span>
    </p>
   </div>
   <div class='ocr_carea' id='block_1_105' title="bbox 1973 4795 3608 4883">
    <p class='ocr_par' dir='ltr' id='par_1_105' title="bbox 1973 4795 3608 4883">
     <span class='ocr_line' id='line_1_105' title="bbox 1973 4795 3608 4883; baseline -0.008 -15"><span class='ocrx_word' id='word_1_720' title='bbox 1973 4803 2226 4883; x_wconf 61' lang='lat' dir='ltr'><strong>«Regale</strong></span> <span class='ocrx_word' id='word_1_721' title='bbox 2243 4800 2561 4864; x_wconf 89' lang='lat' dir='ltr'><strong>Dominum</strong></span> <span class='ocrx_word' id='word_1_722' title='bbox 2588 4797 2799 4860; x_wconf 89' lang='lat' dir='ltr'><strong>messis</strong></span> <span class='ocrx_word' id='word_1_723' title='bbox 2824 4795 3608 4877; x_wconf 62' lang='lat' dir='ltr'><strong>utextrudatoperariosﬂzu</strong></span> 
     </span>
    </p>
   </div>
   <div class='ocr_carea' id='block_1_106' title="bbox 1966 4884 3617 4972">
    <p class='ocr_par' dir='ltr' id='par_1_106' title="bbox 1966 4884 3617 4972">
     <span class='ocr_line' id='line_1_106' title="bbox 1966 4884 3617 4972; baseline -0.004 -18"><span class='ocrx_word' id='word_1_724' title='bbox 1966 4894 2185 4956; x_wconf 91' lang='lat' dir='ltr'><strong>deinde</strong></span> <span class='ocrx_word' id='word_1_725' title='bbox 2214 4891 2343 4972; x_wconf 86' lang='lat' dir='ltr'><strong>ipse</strong></span> <span class='ocrx_word' id='word_1_726' title='bbox 2378 4886 2615 4969; x_wconf 85' lang='lat' dir='ltr'><strong>propria</strong></span> <span class='ocrx_word' id='word_1_727' title='bbox 2647 4887 2993 4949; x_wconf 89' lang='lat' dir='ltr'><strong>auctoritate</strong></span> <span class='ocrx_word' id='word_1_728' title='bbox 3030 4886 3168 4948; x_wconf 82' lang='lat' dir='ltr'><strong>illos</strong></span> <span class='ocrx_word' id='word_1_729' title='bbox 3197 4884 3434 4946; x_wconf 90' lang='lat' dir='ltr'><strong>emittit.</strong></span> <span class='ocrx_word' id='word_1_730' title='bbox 3481 4888 3617 4965; x_wconf 82' lang='lat' dir='ltr'><strong>Ipse</strong></span> 
     </span>
    </p>
   </div>
   <div class='ocr_carea' id='block_1_107' title="bbox 1967 4975 3611 5056">
    <p class='ocr_par' dir='ltr' id='par_1_107' title="bbox 1967 4975 3611 5056">
     <span class='ocr_line' id='line_1_107' title="bbox 1967 4975 3611 5056; baseline -0.005 -12"><span class='ocrx_word' id='word_1_731' title='bbox 1967 4984 2124 5045; x_wconf 87' lang='lat' dir='ltr'><strong>enim</strong></span> <span class='ocrx_word' id='word_1_732' title='bbox 2154 4989 2243 5043; x_wconf 90' lang='lat' dir='ltr'>est</span> <span class='ocrx_word' id='word_1_733' title='bbox 2272 4997 2408 5041; x_wconf 90' lang='lat' dir='ltr'><strong>vere</strong></span> <span class='ocrx_word' id='word_1_734' title='bbox 2437 4975 2726 5039; x_wconf 87' lang='lat' dir='ltr'><strong>Dominus</strong></span> <span class='ocrx_word' id='word_1_735' title='bbox 2746 4976 3103 5048; x_wconf 84' lang='lat' dir='ltr'><strong>messis,hoc</strong></span> <span class='ocrx_word' id='word_1_736' title='bbox 3136 4984 3251 5056; x_wconf 87' lang='lat' dir='ltr'><strong>est,</strong></span> <span class='ocrx_word' id='word_1_737' title='bbox 3276 4994 3451 5036; x_wconf 86' lang='lat' dir='ltr'><strong>verus</strong></span> <span class='ocrx_word' id='word_1_738' title='bbox 3475 4993 3611 5036; x_wconf 83' lang='lat' dir='ltr'><strong>cre-</strong></span> 
     </span>
    </p>
   </div>
   <div class='ocr_carea' id='block_1_108' title="bbox 1967 5064 3614 5141">
    <p class='ocr_par' dir='ltr' id='par_1_108' title="bbox 1967 5064 3614 5141">
     <span class='ocr_line' id='line_1_108' title="bbox 1967 5064 3614 5141; baseline -0.007 -6"><span class='ocrx_word' id='word_1_739' title='bbox 1967 5072 2235 5135; x_wconf 80' lang='lat' dir='ltr'><strong>dentium</strong></span> <span class='ocrx_word' id='word_1_740' title='bbox 2266 5070 2447 5131; x_wconf 89' lang='lat' dir='ltr'><strong>Deus.</strong></span> <span class='ocrx_word' id='word_1_741' title='bbox 2484 5064 2755 5127; x_wconf 70' lang='lat' dir='ltr'><strong>Przedicit</strong></span> <span class='ocrx_word' id='word_1_742' title='bbox 2792 5073 2986 5126; x_wconf 82' lang='lat' dir='ltr'><strong>autem</strong></span> <span class='ocrx_word' id='word_1_743' title='bbox 3031 5066 3119 5126; x_wconf 83' lang='lat' dir='ltr'>eis</span> <span class='ocrx_word' id='word_1_744' title='bbox 3149 5074 3205 5126; x_wconf 89' lang='lat' dir='ltr'>et</span> <span class='ocrx_word' id='word_1_745' title='bbox 3236 5065 3614 5141; x_wconf 83' lang='lat' dir='ltr'><strong>persecutio-</strong></span> 
     </span>
    </p>
   </div>
   <div class='ocr_carea' id='block_1_109' title="bbox 1968 5154 3612 5242">
    <p class='ocr_par' dir='ltr' id='par_1_109' title="bbox 1968 5154 3612 5242">
     <span class='ocr_line' id='line_1_109' title="bbox 1968 5154 3612 5242; baseline -0.006 -18"><span class='ocrx_word' id='word_1_746' title='bbox 1968 5181 2097 5235; x_wconf 88' lang='lat' dir='ltr'><strong>nes,</strong></span> <span class='ocrx_word' id='word_1_747' title='bbox 2130 5160 2283 5242; x_wconf 90' lang='lat' dir='ltr'><strong>quod</strong></span> <span class='ocrx_word' id='word_1_748' title='bbox 2308 5159 2460 5219; x_wconf 91' lang='lat' dir='ltr'><strong>sicut</strong></span> <span class='ocrx_word' id='word_1_749' title='bbox 2490 5155 2626 5234; x_wconf 88' lang='lat' dir='ltr'><strong>agni</strong></span> <span class='ocrx_word' id='word_1_750' title='bbox 2657 5154 2716 5215; x_wconf 89' lang='lat' dir='ltr'>in</span> <span class='ocrx_word' id='word_1_751' title='bbox 2751 5154 2945 5215; x_wconf 89' lang='lat' dir='ltr'><strong>medio</strong></span> <span class='ocrx_word' id='word_1_752' title='bbox 2977 5154 3250 5235; x_wconf 89' lang='lat' dir='ltr'><strong>luporum</strong></span> <span class='ocrx_word' id='word_1_753' title='bbox 3305 5154 3480 5215; x_wconf 83' lang='lat' dir='ltr'><strong>futuri</strong></span> <span class='ocrx_word' id='word_1_754' title='bbox 3514 5172 3612 5215; x_wconf 87' lang='lat' dir='ltr'><strong>es-</strong></span> 
     </span>
    </p>
   </div>
   <div class='ocr_carea' id='block_1_110' title="bbox 1970 5243 3612 5326">
    <p class='ocr_par' dir='ltr' id='par_1_110' title="bbox 1970 5243 3612 5326">
     <span class='ocr_line' id='line_1_110' title="bbox 1970 5243 3612 5326; baseline -0.005 -12"><span class='ocrx_word' id='word_1_755' title='bbox 1970 5261 2123 5324; x_wconf 88' lang='lat' dir='ltr'><strong>sent,</strong></span> <span class='ocrx_word' id='word_1_756' title='bbox 2159 5259 2217 5312; x_wconf 91' lang='lat' dir='ltr'>ut</span> <span class='ocrx_word' id='word_1_757' title='bbox 2244 5268 2318 5310; x_wconf 92' lang='lat' dir='ltr'>ne</span> <span class='ocrx_word' id='word_1_758' title='bbox 2349 5247 2399 5309; x_wconf 90' lang='lat' dir='ltr'>si</span> <span class='ocrx_word' id='word_1_759' title='bbox 2430 5253 2678 5326; x_wconf 87' lang='lat' dir='ltr'><strong>repente</strong></span> <span class='ocrx_word' id='word_1_760' title='bbox 2706 5244 2766 5305; x_wconf 89' lang='lat' dir='ltr'>in</span> <span class='ocrx_word' id='word_1_761' title='bbox 2799 5244 3051 5306; x_wconf 74' lang='lat' dir='ltr'><strong>adversa</strong></span> <span class='ocrx_word' id='word_1_762' title='bbox 3092 5245 3225 5307; x_wconf 86' lang='lat' dir='ltr'><strong>talia</strong></span> <span class='ocrx_word' id='word_1_763' title='bbox 3255 5243 3612 5321; x_wconf 87' lang='lat' dir='ltr'><strong>inciderent,</strong></span> 
     </span>
    </p>
   </div>
   <div class='ocr_carea' id='block_1_111' title="bbox 1970 5338 2596 5421">
    <p class='ocr_par' dir='ltr' id='par_1_111' title="bbox 1970 5338 2596 5421">
     <span class='ocr_line' id='line_1_111' title="bbox 1970 5338 2596 5421; baseline -0.014 -17"><span class='ocrx_word' id='word_1_764' title='bbox 1970 5341 2158 5421; x_wconf 84' lang='lat' dir='ltr'><strong>magis</strong></span> <span class='ocrx_word' id='word_1_765' title='bbox 2199 5338 2596 5401; x_wconf 89' lang='lat' dir='ltr'><strong>turbarentur.</strong></span> 
     </span>
    </p>
   </div>
   <div class='ocr_carea' id='block_1_112' title="bbox 231 5425 3612 5524">
    <p class='ocr_par' dir='ltr' id='par_1_112' title="bbox 231 5425 3612 5524">
     <span class='ocr_line' id='line_1_112' title="bbox 231 5425 3612 5524; baseline -0.005 -26"><span class='ocrx_word' id='word_1_766' title='bbox 231 5425 615 5524; x_wconf 87' lang='grc' dir='ltr'>πιστευόντων,</span> <span class='ocrx_word' id='word_1_767' title='bbox 644 5445 717 5507; x_wconf 81' lang='grc' dir='ltr'>ὡς</span> <span class='ocrx_word' id='word_1_768' title='bbox 749 5442 878 5504; x_wconf 78' lang='grc' dir='ltr'>Θεὸς</span> <span class='ocrx_word' id='word_1_769' title='bbox 909 5425 1137 5508; x_wconf 80' lang='grc' dir='ltr'>ἀληθής,</span> <span class='ocrx_word' id='word_1_770' title='bbox 1185 5434 1439 5515; x_wconf 83' lang='grc' dir='ltr'>Προλέγει</span> <span class='ocrx_word' id='word_1_771' title='bbox 1495 5433 1549 5491; x_wconf 82' lang='grc' dir='ltr'>δὲ</span> <span class='ocrx_word' id='word_1_772' title='bbox 1602 5437 1784 5500; x_wconf 73' lang='grc' dir='ltr'>αὑτοῖς</span> <span class='ocrx_word' id='word_1_773' title='bbox 1820 5436 1908 5493; x_wconf 88' lang='grc' dir='ltr'>καὶ</span> <span class='ocrx_word' id='word_1_774' title='bbox 1936 5432 2224 5511; x_wconf 67' lang='grc' dir='ltr'>διωγμούς,</span> <span class='ocrx_word' id='word_1_775' title='bbox 2258 5431 2345 5487; x_wconf 85' lang='grc' dir='ltr'>καὶ</span> <span class='ocrx_word' id='word_1_776' title='bbox 2376 5428 2455 5484; x_wconf 79' lang='grc' dir='ltr'>ὅτι</span> <span class='ocrx_word' id='word_1_777' title='bbox 2488 5430 2559 5493; x_wconf 84' lang='grc' dir='ltr'>ὡς</span> <span class='ocrx_word' id='word_1_778' title='bbox 2591 5426 2644 5482; x_wconf 78' lang='grc' dir='ltr'>ἐν</span> <span class='ocrx_word' id='word_1_779' title='bbox 2687 5427 2838 5502; x_wconf 78' lang='grc' dir='ltr'>μέσῳ</span> <span class='ocrx_word' id='word_1_780' title='bbox 2865 5425 3038 5483; x_wconf 86' lang='grc' dir='ltr'>λύκωυ</span> <span class='ocrx_word' id='word_1_781' title='bbox 3067 5425 3216 5501; x_wconf 75' lang='grc' dir='ltr'>ἄρνες</span> <span class='ocrx_word' id='word_1_782' title='bbox 3249 5425 3479 5498; x_wconf 77' lang='grc' dir='ltr'>ἔσονται,</span> <span class='ocrx_word' id='word_1_783' title='bbox 3538 5426 3612 5491; x_wconf 78' lang='grc' dir='ltr'>ὣς</span> 
     </span>
    </p>
   </div>
   <div class='ocr_carea' id='block_1_113' title="bbox 232 5520 2099 5614">
    <p class='ocr_par' dir='ltr' id='par_1_113' title="bbox 232 5520 2099 5614">
     <span class='ocr_line' id='line_1_113' title="bbox 232 5520 2099 5614; baseline -0.005 -26"><span class='ocrx_word' id='word_1_784' title='bbox 232 5530 408 5610; x_wconf 59' lang='grc' dir='ltr'>ἂνξμὴ</span> <span class='ocrx_word' id='word_1_785' title='bbox 434 5520 827 5614; x_wconf 78' lang='grc' dir='ltr'>ἀπροσδόκητοι</span> <span class='ocrx_word' id='word_1_786' title='bbox 860 5530 1047 5592; x_wconf 77' lang='grc' dir='ltr'>αὑτοῖς</span> <span class='ocrx_word' id='word_1_787' title='bbox 1076 5525 1417 5600; x_wconf 85' lang='grc' dir='ltr'>ἀπελθόντες,</span> <span class='ocrx_word' id='word_1_788' title='bbox 1449 5523 1708 5606; x_wconf 80' lang='grc' dir='ltr'>ταράξωσι</span> <span class='ocrx_word' id='word_1_789' title='bbox 1732 5531 1809 5601; x_wconf 80' lang='grc' dir='ltr'>τῷ</span> <span class='ocrx_word' id='word_1_790' title='bbox 1838 5520 2099 5605; x_wconf 75' lang='grc' dir='ltr'>αἰφνιδίῳ.</span> 
     </span>
    </p>
   </div>
   <div class='ocr_carea' id='block_1_114' title="bbox 315 5679 1880 5797">
    <p class='ocr_par' dir='ltr' id='par_1_114' title="bbox 315 5679 1880 5797">
     <span class='ocr_line' id='line_1_114' title="bbox 315 5679 1880 5797; baseline -0.008 -23"><span class='ocrx_word' id='word_1_791' title='bbox 315 5706 546 5797; x_wconf 49' lang='grc' dir='ltr'>⁴’,(ὶοι.</span> <span class='ocrx_word' id='word_1_792' title='bbox 582 5679 658 5785; x_wconf 79' lang='lat' dir='ltr'>iv,</span> <span class='ocrx_word' id='word_1_793' title='bbox 690 5710 750 5773; x_wconf 89' lang='lat'><strong>6.</strong></span> <span class='ocrx_word' id='word_1_794' title='bbox 826 5709 888 5757; x_wconf 72' lang='grc'>4⁵</span> <span class='ocrx_word' id='word_1_795' title='bbox 916 5707 1117 5772; x_wconf 80' lang='lat' dir='ltr'><strong>Matth.</strong></span> <span class='ocrx_word' id='word_1_796' title='bbox 1152 5723 1216 5780; x_wconf 89' lang='lat' dir='ltr'>ll,</span> <span class='ocrx_word' id='word_1_797' title='bbox 1251 5702 1308 5767; x_wconf 83' lang='lat'><strong>3.</strong></span> <span class='ocrx_word' id='word_1_798' title='bbox 1368 5701 1747 5779; x_wconf 59' lang='lat' dir='ltr'><strong>“Mattbnx,</strong></span> <span class='ocrx_word' id='word_1_799' title='bbox 1782 5701 1880 5763; x_wconf 87' lang='lat'>38.</span> 
     </span>
    </p>
   </div>
  </div>
