4132 6298
309 363 427 429 837

1120 360 1558 427 ENARRATIO
1599 354 1673 423 IN
1717 350 2217 424 EVANGELIUM
2265 355 2504 418 LUC/E.
2532 388 2608 400 —
2637 350 2800 419 CAP.
2850 356 2923 417 Χ.

3562 351 3677 416 838

303 499 389 554 καὶ
433 496 561 554 ὅταν
604 498 738 554 κατὰ
782 499 963 577 ψυχὴν
1022 496 1356 558 ἀσθενοῦντες
1403 497 1780 575 θεραπευθῶσι,
1825 492 1939 547 τότε

2028 488 2187 577 enim
2221 487 2394 566 longe
2427 487 2578 550 istud
2611 496 2721 569 est,
2755 487 3232 569 quandoquidem
3280 498 3584 569 peccatum
3617 491 3677 551 in

300 585 523 665 ἤγγικεν
579 586 663 643 ἐπ’
726 587 910 651 αὑτοὺς
967 588 1002 653 ἡ
1057 584 1299 663 βασιλεία
1344 592 1436 641 τοῦ
1481 590 1633 643 Θεοῦ.
1683 580 1817 638 Ἀπ“›
1847 581 1946 660 γὰρ

296 679 390 733 τοῦ
446 676 786 740 ἀσθενοῦντος
834 676 1039 754 μακράν
1108 675 1249 731 ἐστιν
1319 672 1477 750 αὕτη,
1538 670 1949 749 βασιλευομένου

296 765 397 822 ὺπό
440 765 537 834 τῆς
582 768 839 845 ἁμαρτίας
870 764 975 825 ἔτι.

382 879 410 910 κ
459 857 546 917 Εἷς
597 855 665 923 ἣν
708 853 751 911 δ’
808 853 869 910 ἂν
900 854 1055 911 πόλιν
1101 852 1412 933 εἰσέρχησθε
1456 853 1544 908 καὶ
1587 851 1665 927 μὴ
1696 849 1942 930 δέχονται

296 945 457 1019 ὑμᾶς,
521 943 821 1011 ἱξελθόντες
869 946 939 1007 εἰς
984 944 1078 1006 τὰς
1135 942 1413 1015 πλατείας,
1476 940 1660 1003 αὒτοϊς
1702 939 1891 996 εἴπατε
1925 955 1939 969 ⁶

299 1035 393 1090 Καὶ
451 1034 540 1089 τὸν
598 1035 869 1114 κονιορτὸν
930 1034 1020 1089 τὸν
1064 1030 1392 1098 κολληθέντα
1434 1033 1571 1105 ἡμῖν
1599 1034 1662 1085 ἒκ
1700 1030 1796 1096 τῆς
1840 1028 1946 1083 πό-

293 1120 429 1186 λεως
482 1124 652 1199 ὑμῶν,
710 1121 1130 1199 ἀπομασσόμεθα
1184 1123 1336 1200 ὑμῖν,
1387 1119 1554 1197 πλὴν.
1585 1128 1741 1177 τοῦτο
1784 1117 1947 1196 γινώ-

294 1232 471 1286 σκετε,
521 1212 601 1268 ὅτι
645 1211 871 1289 ἤγγικεν
917 1210 1000 1291 ἐφ’
1045 1212 1179 1287 ὑμᾶς
1224 1211 1260 1277 ἠ
1322 1207 1562 1286 βασιλεία
1617 1216 1708 1265 τοῦ
1766 1213 1895 1263 Θεοῦ
1929 1221 1940 1232 '

294 1300 447 1379 Λέγω
504 1298 559 1356 δὲ
601 1302 730 1376 ὑμῖν
761 1299 841 1358 ὅτι
901 1298 1159 1374 Σοδόμοις
1193 1296 1531 1376 ἀνεκτότερον
1581 1296 1727 1352 ἔσται
1783 1295 1835 1350 ἐν
1878 1300 1946 1369 τῇ

298 1376 467 1469 ἡμέρᾳ
509 1390 683 1466 ἐκείνῃ
743 1388 779 1457 ἢ
837 1395 905 1464 τῇ
966 1388 1119 1445 πόλει
1177 1388 1378 1462 ἐκείνη,
1441 1410 1467 1441 ι
1519 1376 1719 1464 U011w,
1789 1385 1939 1462 φησὶ,

292 1481 371 1556 μὴ
436 1478 699 1559 δέχωνται
772 1481 928 1553 ὑμᾶς,
1008 1477 1299 1543 ἐξελθόντες
1356 1475 1771 1555 διαμαρτύρασθε
1844 1474 1943 1528 αὕ-

291 1569 436 1642 τοῖς,
483 1567 564 1624 ὅτι
596 1566 758 1625 Ουδὲν
812 1569 989 1623 κοινόν
1032 1570 1168 1643 ἡμῖν
1201 1568 1333 1646 πρὸς
1389 1568 1548 1640 ὑμᾶς,
1596 1562 1713 1620 οὐδὲ
1743 1562 1943 1642 ἔχομέν

290 1679 340 1713 τι
370 1659 476 1713 ἀπὸ
504 1661 600 1725 τῆς
632 1656 885 1737 ὕμετὲρας
920 1656 1127 1720 πόλεως
1163 1673 1175 1686 ⁸
1228 1654 1365 1711 ἀλλά
1399 1656 1488 1711 καὶ
1544 1655 1633 1709 τὸν
1678 1653 1944 1729 κονίορτὸν

291 1749 380 1803 τὸν
478 1746 804 1814 κολληθέντα
902 1749 1037 1822 ἡμῖν
1152 1744 1593 1821 ἀπομασσόμεθα,
1676 1741 1942 1797 τουτέστιν

292 1836 718 1911 ἀποτινάσσομεν
750 1884 765 1915 ,
908 1834 1365 1914 ἀποσπογγίζομεν
1400 1882 1416 1907 ,
1554 1830 1943 1911 ἀποῤῥίπτομεν

290 1926 415 2001 ὅμτν
451 1942 466 1955 ⁶
530 1923 674 1991 πὶὴν
718 1925 1028 2003 γινώσκετε,
1091 1924 1171 1980 ὅτι
1228 1922 1450 2000 ἤγγικεν
1496 1920 1575 2001 ἐφ’
1606 1924 1741 1995 ὑμᾶς
1773 1924 1807 1989 ἡ
1838 1921 1942 1996 βα-

290 2014 469 2071 σιλεία
511 2021 603 2071 τοῦ
649 2016 799 2073 Θεοῦ.
865 2013 1121 2071 Ἐνταῦθα
1163 2014 1383 2084 ζητήσει
1422 2033 1501 2074 τις
1538 2026 1552 2041 ⁸
1617 2017 1735 2074 Πῶς
1782 2031 1943 2076 φησιν

289 2107 317 2160 ὸ
381 2105 569 2182 Κύριος
628 2106 717 2160 καὶ
774 2103 895 2166 τοῖς
950 2101 1365 2182 δποδεχομένοις
1421 2101 1541 2163 τοὺς
1616 2098 1943 2161 ἀποστόλους

287 2193 493 2272 ἐγγίσαι
546 2194 648 2261 τὴν
702 2193 999 2270 βασιλείαν,
1059 2194 1148 2248 καὶ
1204 2206 1323 2254 to”;
1369 2191 1445 2264 μὴ
1486 2187 1944 2279 ὑποδεχομένοιςς

289 2282 496 2340 ’Ἔστιν
530 2286 617 2341 οὖν
662 2285 855 2363 εἰπεῖν,
891 2282 971 2339 ὅτι
1022 2280 1169 2338 οὐδὲν
1210 2280 1445 2337 ἓναντίον
1491 2281 1643 2360 φησί.
1701 2280 1797 2336 Καὶ
1848 2279 1947 2356 γὰρ

284 2387 404 2435 τοῖς
463 2372 561 2447 μὲν
603 2374 725 2436 τοὺς
790 2371 1119 2435 ἀποστόλους
1175 2369 1514 2450 δεχομένοις,
1580 2367 1802 2446 ἐγγίζειν
1846 2368 1943 2432 τὴν

285 2461 559 2538 βασιλείαν
606 2462 690 2519 ἐπ’
748 2462 1037 2540 εὐεργεσίᾳ,
1101 2474 1214 2525 τοῖς
1273 2458 1326 2515 δὲ
1374 2458 1451 2534 μὴ
1500 2456 1938 2537 ὕποὲεχομένοις,

289 2551 375 2608 ἐπὶ
450 2554 775 2632 κατακρίσει.
837 2544 1059 2608 ’Υπόθου
1142 2551 1244 2628 γάρ
1302 2570 1394 2624 μοι
1468 2546 1519 2603 ἐν
1583 2551 1786 2625 θεάτρῳ
1844 2555 1944 2609 τινὶ

284 2642 632 2721 κατακρίτους
713 2642 855 2698 εἶναι
914 2638 1163 2715 πολλοὺς,
1240 2640 1342 2711 καὶξ
1402 2638 1606 2716 ἐτέρους
1652 2635 1943 2713 ἀκατακρί-

285 2753 408 2795 τους
446 2748 462 2763 '
562 2730 946 2808 συγκλητικούς
1022 2728 1078 2784 τέ
1135 2750 1295 2807 φημι,
1360 2726 1686 2805 στρατηγούς
1745 2746 1801 2779 τε
1860 2723 1945 2779 καὶ

286 2820 533 2899 ἀριστέας
575 2822 766 2900 τυχὸν,
800 2820 923 2876 εἶτα
966 2819 1139 2896 Αὲγειν
1182 2839 1300 2873 τινα
1355 2818 1558 2894 κήρυκα
1618 2817 1748 2893 πρὸς
1796 2815 1936 2870 πάν-

293 2931 385 2972 τας
441 2913 577 2986 ὁμοῦ
630 2910 752 2973 τούς
795 2931 852 2965 τε
910 2911 1277 2986 κατακρίτους,
1350 2909 1436 2962 καὶ
1495 2905 1616 2970 τοὺς
1675 2904 1935 2974 ἐντίμους,

289 2998 371 3055 ὅτι
430 2998 651 3078 ἤγγικεν
707 3000 735 3055 ὁ
791 2996 1036 3075 βασιλεὺς
1108 2998 1259 3077 ὑμῖν,
1324 2994 1403 3074 ἆρ’
1458 2996 1518 3051 οὒ
1559 3006 1677 3058 τοῖς
1728 2993 1825 3067 μὲν
1857 2992 1941 3051 ἐπὶ

2028 567 2130 637 ἱΙΙο
2163 584 2369 655 regnat
2390 596 2458 639 ac
2486 567 2847 641 dominatur.

2120 845 2298 908 VEus.
2333 847 2501 908 5-12.
2536 873 2560 901 α
2597 846 2659 907 In
2681 865 3096 928 quamcunque
3145 855 3340 909 autem
3387 848 3675 913 civitatem

2030 932 2483 1008 intraveritis,et
2512 954 2629 996 non
2662 935 3032 1015 susceperint
3055 939 3540 1010 vos,exeuntesin
3562 940 3678 1018 [διες

2035 1031 2156 1083 teas
2181 1024 2265 1084 eis
2287 1024 2464 1085 dicite
2502 1046 2514 1086 :
2549 1025 2740 1085 Etiam
2775 1025 3079 1105 pulverem
3115 1026 3213 1106 qui
3237 1028 3485 1089 adhaesit
3508 1029 3677 1090 nobis

2032 1111 2110 1173 de
2135 1112 2369 1175 civitate
2418 1122 2630 1194 vestra,
2666 1113 3026 1192 extergimus
3070 1115 3126 1175 in
3162 1134 3263 1175 vos
3298 1138 3310 1175 :
3350 1126 3545 1178 tamen
3570 1120 3681 1179 hoc

2028 1202 2237 1264 scitote
2268 1203 2422 1283 quod
2454 1203 2946 1283 appropinquavit
2995 1204 3055 1264 in
3107 1222 3207 1265 vos
3265 1223 3511 1285 regnum
3549 1208 3675 1271 Dei.

2027 1292 2169 1355 Dico
2199 1291 2361 1353 vobis
2392 1292 2545 1372 quod
2579 1290 2856 1353 Sodomis
2886 1293 2945 1353 in
2978 1292 3074 1354 die
3106 1293 3207 1355 illo
3229 1295 3538 1357 remissius
3569 1298 3681 1359 erit

2027 1399 2201 1462 quam
2233 1381 2315 1441 illi
2345 1381 2585 1442 civitati.
2626 1406 2651 1436 ι)
2686 1379 2954 1453 Quando,
2992 1382 3203 1463 inquit,
3239 1402 3354 1445 non
3389 1404 3677 1466 suscepe-

2025 1470 2143 1530 rint
2166 1470 2523 1550 vos,egressi
2549 1471 2843 1530 testemini
2871 1471 2956 1531 eis
2988 1471 3141 1551 quod
3179 1473 3324 1534 nihil
3358 1493 3678 1540 commune

2028 1559 2199 1621 nobis
2227 1559 2756 1641 vobiscum,neque
2789 1560 3074 1623 habemus
3092 1562 3311 1641 aliquid
3340 1564 3414 1625 de
3444 1566 3679 1629 civitate

2027 1658 2219 1711 vestra
2250 1668 2261 1711 :
2289 1649 2394 1711 sed
2418 1650 2593 1711 etiam
2630 1650 2930 1730 pulverem
2960 1651 3058 1733 qui
3081 1653 3335 1715 adhaesit
3365 1657 3677 1735 nobis,ex-

2026 1739 2452 1817 tergimus,hoc
2484 1747 2572 1800 est
2594 1740 2943 1822 excutimus,
2978 1744 3225 1822 spongia
3258 1746 3669 1826 emundamus,

2027 1828 2336 1907 abjicimus
2369 1830 2425 1888 in
2449 1831 3002 1892 vos.V’erumtamen
3027 1832 3236 1892 scitote
3267 1834 3426 1913 quod
3451 1854 3672 1918 appro-

2031 1918 2326 1999 pinquavit
2358 1919 2415 1978 in
2448 1936 2553 1979 vos
2583 1937 2831 1998 regnum
2859 1918 2985 1982 Dei.
3021 1920 3144 1982 Hoc
3179 1922 3308 1985 loco
3340 1928 3676 2004 quaesiverit

2029 2007 2317 2088 quispiam
2350 2026 2362 2070 :
2394 2007 2703 2079 Quomodo
2729 2010 2869 2070 dicit
2895 2011 3183 2073 Dominus
3209 2015 3676 2095 appropinquas-

2028 2116 2092 2159 se
2114 2115 2363 2175 regnum
2396 2098 2497 2159 Dei
2533 2105 2591 2158 et
2632 2098 2727 2159 his
2774 2098 2874 2178 qui
2907 2110 3298 2181 susceperunt
3326 2112 3383 2163 et
3412 2106 3512 2183 qui
3560 2127 3674 2169 non

2030 2199 2421 2270 susceperunt
2478 2190 2807 2270 apostolos?
2858 2193 3355 2274 ApprOpinquare
3403 2197 3544 2259 dicit
3573 2218 3674 2262 re-

2029 2298 2208 2368 gnum
2242 2278 2525 2339 ctelorum
2556 2279 2645 2368 his
2676 2280 2775 2359 qui
2800 2281 3099 2360 apostolos
3129 2300 3470 2365 suscepere,
3494 2306 3671 2368 prep-

2031 2380 2124 2428 ter
2140 2367 2428 2428 beneﬁcia
2460 2385 2589 2447 quae
2612 2367 2671 2428 in
2704 2387 2807 2429 eos
2837 2369 3325 2443 collocantur,his
3355 2385 3549 2437 autem
3576 2367 3677 2457 qui

2028 2476 2144 2518 non
2169 2466 2582 2536 susceperunt,
2610 2466 2849 2535 propter
2880 2458 3458 2526 condemnationem.
3497 2467 3676 2545 Finge

2027 2546 2088 2607 in
2120 2545 2455 2625 spectaculo
2474 2546 2725 2627 quodam
2749 2547 2966 2608 multos
2994 2548 3507 2633 condemnatos,et
3528 2555 3676 2616 alios

2029 2652 2148 2694 non
2178 2633 2610 2695 condemnatos
2645 2654 2658 2696 :
2695 2637 3036 2709 Senatores,
3094 2638 3352 2717 inquam,
3390 2659 3457 2702 ac
3498 2661 3673 2706 excr-

2031 2722 2179 2783 citus
2202 2721 2381 2782 duces
2408 2730 2464 2782 et
2482 2723 2793 2802 optimates
2823 2745 2835 2783 :
2870 2723 3088 2786 deinde
3114 2726 3315 2788 dicere
3340 2748 3671 2808 praeconem

2020 2812 2092 2872 ad
2117 2829 2327 2902 omnes
2351 2818 2467 2871 tam
2491 2812 2917 2874 condemnatos
2939 2833 3112 2894 quam
3138 2819 3530 2883 venerabiles:
3560 2822 3677 2902 Ap-

2023 2900 2438 2981 propinquavd
2486 2919 2590 2962 rex
2645 2912 2883 2964 vester:
2919 2922 3116 2965 nonne
3164 2905 3255 2965 his
3314 2908 3553 2985 quidem
3596 2900 3667 2971 ad

2023 2989 2548 3069 supplicium,aliis
2580 3009 2718 3051 vero
2749 2992 2819 3052 ad
2851 2992 3100 3069 gloriam
3131 3002 3189 3053 et
3211 2993 3664 3060 beneﬁcentiam

290 3086 535 3163 κολάσει,
603 3101 721 3153 τοῖς
792 3086 846 3144 δὲ
901 3087 986 3142 ἐπὶ
1055 3092 1187 3163 τιμῇ
1245 3086 1334 3142 καὶ
1393 3084 1661 3162 εὒεργεσίᾳ
1719 3083 1939 3161 ἐγγίζειν

2028 3078 2503 3158 appropinquare
2538 3079 2681 3141 dicit
2710 3080 2944 3159 regem?
2966 3078 3061 3141 Sic
3091 3081 3271 3159 igitur
3300 3093 3357 3145 et
3406 3086 3515 3148 hoc
3541 3089 3671 3150 loco

284 3179 379 3234 τὸ)
430 3176 650 3254 βασιλέα
708 3176 903 3256 λέγει,
965 3175 1143 3239 Οὕτως
1216 3175 1304 3231 οὖν
1356 3174 1571 3229 ἐνταῦθα
1617 3172 1747 3234 νόει,
1811 3173 1939 3227 Ἀν-

288 3267 563 3347 εκτότερον
620 3265 673 3323 δὲ
732 3267 879 3323 ἔσται
912 3264 1194 3344 Σοδόμοις,
1239 3264 1391 3344 φησὶ,
1424 3263 1459 3328 ἢ
1490 3267 1558 3338 τῇ
1587 3262 1664 3337 μὴ
1708 3259 1938 3339 παραδεο

289 3355 491 3433 ξαμένη
551 3358 687 3432 ὑμᾶς
731 3355 911 3417 πόλει.
974 3363 1172 3433 Διατις

1160 3373 1174 3433 ;
1228 3353 1372 3409 Διότι
1420 3354 1492 3414 εἷς
1539 3349 1749 3425 Σόδομα
1793 3351 1932 3406 ἀπό-ι

287 3444 467 3502 στόλοι
500 3448 592 3503 οῦκ
647 3445 1020 3512 ἀπεστάλησαν
1058 3462 1069 3476 '
1122 3445 1169 3500 οἱ
1224 3444 1395 3498 τοίνυν
1437 3442 1557 3505 τοὺς
1608 3439 1934 3505 ἀποστόλους

288 3534 366 3609 μὴ
418 3532 710 3615 δεξάμενοι,
766 3534 978 3613 χείρους
1034 3530 1339 3607 Σοδομιτῶν
1392 3532 1547 3591 εἰσιν,
1608 3531 1933 3608 Παρατήρη-

290 3646 379 3680 σον
434 3622 511 3698 δὲ,
568 3623 647 3679 ὅτι
678 3627 713 3692 ἡ
746 3624 898 3685 πόλις
929 3626 965 3692 ἡ
993 3624 1069 3693 μὴ
1098 3618 1511 3700 παραδεχομένη
1553 3622 1673 3683 τους
1704 3620 1931 3676 ἀποστό-

287 3711 432 3786 λους,
497 3712 747 3777 πλατείας
801 3712 948 3793 ἔχει.
1008 3712 1243 3768 Πλατεϊα
1301 3712 1398 3789 γάρ
1458 3710 1596 3765 ἐστιν
1627 3711 1661 3777 ἡ
1721 3707 1839 3773 ὁδὸς
1896 3711 1929 3776 ἡ

286 3801 564 3881 ἀπάγουσα
631 3804 701 3867 εἰς
758 3804 855 3870 τὴν
931 3802 1198 3859 ἀπώλειαν
1235 3816 1248 3832 ⁸
1331 3799 1475 3865 ὅστις
1534 3800 1621 3856 οὖν
1678 3799 1930 3862 πλατείας

285 3889 433 3956 ὁδους
460 3890 576 3972 ἔχει
609 3891 911 3971 ἀπαγοόσας
936 3894 1008 3955 εἷς
1032 3890 1323 3963 ἀπώλειαν,
1352 3888 1556 3953 ἐκεῖνος
1580 3889 1929 3945 ἀποστολικὸν

285 3978 443 4058 λόγον
464 3984 552 4038 καὶ
581 3985 727 4039 θιϊον
758 3984 817 4039 οὗ
845 3979 1231 4061 παραδέχεται,

370 4094 391 4125 ι
446 4073 574 4129 Οὖαί
619 4094 725 4151 σοι,
788 4072 1074 4150 Χωραζεὶν,
1107 4071 1219 4126 οὐαί
1262 4092 1367 4142 σοι,
1422 4066 1714 4140 Βηθσαϊδᾶ,
1763 4066 1841 4123 ὅτι
1887 4068 1931 4123 εἰ

281 4163 337 4215 ἓν
378 4163 527 4235 Τύρῳ
582 4163 669 4217 καὶ
714 4158 903 4217 Σιδῶνι
958 4161 1200 4238 ἐγένοντο
1270 4161 1321 4215 αἱ
1365 4156 1633 4232 δυνάμεις,
1682 4161 1730 4212 αἱ
1776 4159 1931 4235 γενό-

282 4271 437 4323 μεναι
522 4251 576 4306 ἐν
648 4252 799 4330 ὑμῖν,
879 4248 1041 4306 πάλαι
1116 4250 1202 4329 ἂν,
1263 4248 1315 4304 ἐν
1368 4248 1550 4321 σείκκῳ
1618 4248 1705 4303 καὶ
1759 4245 1938 4321 σποδῷ

280 4342 599 4420 καθήμεναι,
683 4339 1041 4415 μετενόησαν.
1129 4339 1277 4406 Πλην
1362 4338 1511 4416 Τύρῳ
1582 4337 1671 4393 καὶ
1746 4334 1938 4405 Σιδῶνι

282 4428 620 4508 ἀνεκτότερον
676 4428 822 4485 ἔσται
878 4431 932 4485 ἒν
988 4434 1056 4505 τῇ
1111 4429 1300 4507 κρίσει,
1374 4426 1408 4494 ἢ
1460 4427 1612 4500 ὑμῖν.
1684 4426 1780 4483 Καὶ
1851 4427 2005 4525 σὺ,ῡ

2020 3168 2307 3246 intellige.
2344 3168 2739 3232 Tolerabilius
2770 3170 2881 3231 erit
2904 3169 3197 3245 Sodomis,
3233 3173 3446 3255 inquit,
3498 3196 3669 3255 quam

2020 3258 2239 3320 civitati
2288 3278 2419 3338 quae
2449 3278 2549 3319 vos
2580 3278 2695 3320 non
2728 3261 3078 3340 susceperit.
3112 3260 3335 3332 Quare?
3369 3265 3487 3343 Ego
3512 3268 3669 3347 quod

2020 3349 2079 3408 in
2135 3348 2391 3409 Sodoma
2447 3349 2697 3427 apostoli
2786 3368 2902 3411 non
2956 3350 3195 3411 fuerunt
3250 3351 3666 3431 missi.lgitur,

2018 3437 2119 3518 qui
2178 3440 2476 3516 apostolos
2529 3457 2644 3499 non
2703 3449 3113 3519 susceperunt,
3152 3442 3479 3506 deteriores
3536 3464 3677 3514 sunt

2020 3526 2365 3590 Sodomitis.
2399 3526 2662 3589 Observa
2710 3529 3004 3589 civitatem
3063 3548 3186 3590 non
3247 3532 3669 3613 suscipientem

2015 3617 2311 3696 apostolos
2371 3616 2590 3694 plateas
2644 3616 2885 3677 habere.
2925 3619 3062 3679 Lata
3109 3620 3268 3679 enim
3306 3620 3393 3681 via
3426 3631 3513 3683 est
3543 3643 3672 3704 quae

2016 3705 2179 3766 ducit
2234 3705 2305 3766 ad
2356 3705 2659 3767 interitum
2722 3726 2735 3767 :
2801 3725 2972 3787 quam
3017 3708 3282 3789 quisquis
3320 3710 3670 3790 ingreditur,

2014 3793 2116 3854 ille
2160 3795 2545 3874 apostolicum
2604 3802 2661 3854 et
2712 3795 2976 3857 divinum
3036 3796 3280 3859 verbum
3344 3818 3460 3860 non
3524 3820 3666 3862 sus-

2019 3883 2189 3964 cipit.

2096 4061 2278 4124 νεεδ.
2314 4062 2507 4126 13-16.
2542 4084 2569 4122 ι
2600 4061 2698 4124 Vae
2725 4063 2854 4135 tibi,
2879 4066 3189 4135 Corozain,
3220 4086 3304 4126 vae
3338 4067 3465 4144 tibi,
3495 4073 3670 4134 Beth-

2012 4152 2343 4233 saida:quia
2365 4153 2413 4213 si
2446 4154 2505 4213 in
2528 4155 2680 4232 Tyro
2714 4163 2769 4213 et
2800 4152 3021 4214 Sidone
3054 4155 3219 4215 factze
3250 4156 3503 4222 fuissent
3534 4162 3658 4221 vir-

2023 4250 2176 4303 tutes
2225 4261 2356 4323 quae
2398 4242 2565 4303 facta;
2614 4251 2749 4301 sunt
2779 4243 2837 4302 in
2870 4242 3053 4317 vobis,
3092 4244 3233 4303 olim
3269 4247 3325 4305 in
3365 4246 3563 4309 cilicio
3614 4258 3671 4311 et

2023 4332 2225 4393 cinere
2273 4332 2552 4393 sedentes
2577 4417 2580 4418 ν
2602 4330 3035 4410 ρωηίίυίεεεηι.
3068 4334 3491 4397 Verumtamen
3522 4338 3671 4418 Tyro

2024 4427 2084 4483 et
2115 4420 2330 4502 Sydoni
2358 4417 2661 4480 remissius
2691 4419 2804 4480 erit
2834 4420 2890 4479 in
2916 4420 3350 4501 judicio,quam
3382 4417 3584 4488 vobis.
3608 4428 3674 4487 Et

288 4521 658 4598 Καπερναοὺμ,
745 4521 779 4587 ἡ
859 4517 959 4584 ἕως
1029 4520 1122 4574 τοῦ
1191 4520 1407 4591 οὐρανοῦ
1484 4518 1778 4595 ὑψωθεῖσα,
1838 4515 1937 4579 ἕως

2028 4512 2651 4591 tu,Capernaum.qu:e
2665 4526 2852 4588 usque
2866 4510 2937 4570 ad
2957 4508 3177 4570 caelum
3203 4509 3349 4573 elata
3368 4532 3455 4582 es,
3488 4534 3673 4596 usque

280 4606 406 4679 ᾅδου
460 4606 921 4685 καταϐιϐασθήσῃ,
973 4599 1031 4666 (Ο
1090 4607 1296 4664 ἀκούων
1353 4608 1525 4682 ὑμῶν,
1560 4605 1688 4681 ἐμοῦ
1736 4606 1942 4694 ἀκούει²

280 4700 369 4754 καὶ
414 4700 441 4754 ὁ
500 4698 701 4755 ἀθετῶν
757 4700 921 4774 ὑμᾶς,
981 4698 1075 4774 ἐμὲ
1120 4697 1339 4753 ἀθετεῖ·
1394 4698 1422 4751 ὁ
1474 4693 1528 4751 δὲ
1574 4694 1668 4771 ἐμὲ
1721 4693 1940 4767 ἀθετῶν,

281 4786 461 4843 ἀθετεῖ
520 4790 610 4843 τὸν
667 4787 1056 4845 ἀποστείλαντά
1116 4807 1204 4860 με,
1277 4807 1299 4841 ι)
1381 4775 1443 4841 Ἠ
1516 4785 1678 4863 Τύρος
1766 4786 1853 4841 καὶ
1909 4787 1943 4852 ἡ

282 4874 455 4932 Σιδὼν
501 4876 685 4940 πόλεις
742 4877 878 4944 ἦσαν
927 4867 1251 4950 Ἐλληνίδες,
1283 4878 1316 4942 ἡ
1366 4873 1419 4930 δὲ
1454 4872 1725 4941 Βηθσαϊδά
1766 4875 1852 4930 καὶ
1908 4876 1941 4942 ἡ

287 4968 574 5042 Χωραζεὶν,
625 4963 933 5025 Ἰουδαϊκαί.
984 4964 1137 5044 Λέγει
1194 4965 1387 5044 τοίνυν,
1451 4962 1528 5018 ότι
1578 4962 1669 5019 Ἐν
1714 4968 1782 5039 τῇ
1823 4964 1943 5043 κρί-

284 5075 366 5110 σει
421 5056 767 5133 ἀνεκτότερον
826 5055 973 5112 ἕσται
1040 5043 1159 5117 τοῖς
1221 5043 1516 5126 ”Ελλησιν,
1563 5051 1599 5118 ἢ
1656 5054 1783 5125 ὑμῖν
1826 5065 1943 5111 τοῖς

282 5142 444 5200 ἰδοῦσι
495 5146 762 5222 θαύματα,
821 5147 909 5201 καὶ
982 5145 1060 5219 μὴ
1131 5144 1491 5203 πιστεύσασιν.
1556 5140 1789 5199 Ἐκεῖνοι
1846 5143 1945 5220 γὰρ

284 5235 331 5290 εί
375 5231 541 5307 εἶδον,
604 5234 915 5291 ἐπίστευσαν
973 5234 1057 5295 Ξέν.
1107 5231 1272 5289 Ἀλλά
1313 5233 1516 5305 καὶσὺ,
1567 5232 1935 5309 Καπερναοὺμ,

280 5323 499 5398 eodem
548 5322 645 5398 μὲν
689 5321 789 5387 ἕως
844 5328 1087 5403 οὗρανοῦ,
1135 5320 1456 5397 δοξαζομένη
1500 5319 1585 5377 διὰ
1627 5322 1690 5375 τὰ
1748 5320 1801 5375 ἐν
1860 5322 1941 5376 σοὶ

281 5413 525 5485 θαύματα
589 5411 767 5469 πολλά
846 5414 1127 5491 γεγονότα,
1192 5408 1628 5488 καταϐιϐασθήσῃ
1701 5408 1755 5466 δὲ
1838 5408 1938 5473 ἕως

282 5501 430 5577 ᾂδου,
464 5505 965 5580 κατακριθησομενη
1013 5501 1103 5581 δι’,
1153 5504 1274 5560 αὖτὸ
1333 5507 1509 5579 τοῦτο,
1545 5499 1622 5555 ἔτι
1671 5501 1758 5555 καὶ
1804 5501 1938 5574 μετὰ

282 5601 511 5649 τοσαῦτα
584 5592 825 5663 θαύματα
884 5592 1157 5656 ἀπιστεῖς.
1218 5591 1351 5647 Εἶτα
1431 5587 1524 5645 ἵνα
1579 5590 1656 5664 μὴ
1712 5588 1935 5666 λέγωσιν

282 5682 328 5736 οἱ
383 5680 716 5756 πεμπόμενοι
759 5683 847 5735 lani
892 5682 953 5736 τὸ
999 5682 1269 5757 κήρυγμα,
1331 5677 1407 5734 ὁτι
1448 5681 1551 5734 ποῦ
1592 5677 1934 5741 ἀποστόλλιις

2025 4600 2096 4662 ad
2129 4601 2426 4661 infernum
2457 4600 2809 4680 deprimeris
2858 4599 2969 4670 Qui
3000 4618 3100 4660 vos
3128 4600 3311 4676 audit,
3341 4622 3433 4664 me
3463 4606 3627 4667 audit
3654 4629 3669 4671 ξ

2028 4701 2083 4752 et
2108 4691 2207 4771 qui
2239 4709 2338 4751 vos
2362 4688 2610 4770 spernit,
2646 4706 2739 4749 me
2770 4687 3133 4768 spernit.Qui
3165 4700 3358 4752 autem
3386 4712 3479 4753 me
3502 4713 3669 4773 sper-

2028 4780 2136 4853 nit,
2190 4779 2417 4861 spernit
2463 4797 2598 4840 eum
2631 4778 2727 4859 qui
2763 4796 2855 4839 me
2880 4777 3058 4839 misit.
3100 4802 3121 4834 υ
3160 4777 3343 4859 Tyrus
3396 4790 3454 4843 et
3484 4782 3667 4846 Sidon

2027 4871 2292 4932 civitates
2341 4870 2578 4929 fuerunt
2618 4868 2949 4947 gentilium,
3004 4867 3320 4930 Bethsaida
3372 4881 3562 4933 autem
3611 4884 3669 4936 et

2028 4959 2308 5023 Corozain
2339 4957 2785 5020 Judaicaa.Dicit
2815 4956 2992 5033 igitur
3022 4959 3177 5037 quod
3204 4959 3507 5037 injsidicio
3533 4966 3675 5024 tole-

2030 5048 2278 5111 rabilius
2326 5048 2440 5109 erit
2486 5047 2809 5125 gentilibus
2855 5065 3027 5126 quam
3081 5048 3265 5122 vobis,
3304 5051 3401 5129 qui
3448 5052 3673 5113 vidistis

2030 5139 2405 5210 miracula,et
2454 5157 2569 5198 non
2601 5136 2955 5197 credidistis.
2988 5135 3077 5197 Illi
3112 5140 3267 5199 enim
3293 5141 3343 5201 si
3366 5141 3668 5218 vidissent,

2023 5228 2419 5290 credidissent
2442 5226 2784 5307 utique.Sed
2806 5236 2863 5286 et
2881 5228 3018 5285 5ft?)
3041 5230 3524 5312 tu,Capernaum,
3542 5252 3673 5313 quae

2023 5320 2273 5381 exaltata
2300 5318 2538 5398 quidem
2576 5315 2734 5377 fuisti
2761 5334 2945 5396 usque
2992 5316 3063 5377 ad
3107 5319 3412 5400 ccelum,et
3445 5322 3670 5397 gloriﬁ-

2022 5417 2150 5470 cata
2183 5408 2409 5487 multis,
2434 5424 2562 5486 qua:
2594 5406 2654 5465 in
2688 5413 2742 5465 te
2775 5404 2926 5466 facta
2960 5412 3118 5481 sunt,
3141 5406 3665 5482 miraculis,detra-

2021 5497 2187 5559 heris
2220 5514 2409 5576 usque
2457 5495 2526 5555 ad
2581 5494 2900 5573 infernum,
2949 5494 3400 5558 condemnanda
3432 5508 3675 5579 propter

2019 5587 2168 5647 istuc
2192 5587 2410 5666 ipsum,
2436 5586 2593 5662 quod
2621 5592 2678 5644 et
2702 5594 2830 5664 post
2861 5592 3020 5643 tanta
3053 5584 3332 5647 miracula
3366 5589 3674 5651 incredula

2024 5694 2252 5737 manes.
2292 5676 2518 5737 Deinde
2549 5681 2612 5735 ut
2640 5692 2715 5735 ne
2746 5673 2948 5735 dicant
2973 5675 3069 5753 qui
3096 5674 3406 5739 mittuntur
3433 5680 3505 5739 ad
3530 5698 3676 5761 prae-
