  <div class='ocr_page' id='page_1' title='image "/cluster/home/n/w/nwhite01/storage/ocr_20150623/123/mdp.39015009359079/429.png"; bbox 0 0 4132 6298; ppageno 0'>
   <div class='ocr_carea' id='block_1_1' title="bbox 524 370 643 451">
    <p class='ocr_par' dir='ltr' id='par_1_1' title="bbox 524 370 643 451">
     <span class='ocr_line' id='line_1_1' title="bbox 524 370 643 451; baseline -0.008 -18"><span class='ocrx_word' id='word_1_1' title='bbox 524 370 643 451; x_wconf 73' lang='grc'><strong>943</strong></span> 
     </span>
    </p>
   </div>
   <div class='ocr_carea' id='block_1_2' title="bbox 1482 372 2922 441">
    <p class='ocr_par' dir='ltr' id='par_1_2' title="bbox 1482 372 2922 441">
     <span class='ocr_line' id='line_1_2' title="bbox 1482 372 2922 441; baseline 0.001 -3"><span class='ocrx_word' id='word_1_2' title='bbox 1482 372 2069 440; x_wconf 84' lang='lat' dir='ltr'><strong>THEOPHYLACTI</strong></span> <span class='ocrx_word' id='word_1_3' title='bbox 2110 376 2522 438; x_wconf 65' lang='lat' dir='ltr'><strong>BULGARIAE</strong></span> <span class='ocrx_word' id='word_1_4' title='bbox 2567 376 2922 441; x_wconf 83' lang='lat' dir='ltr'><strong>ARCHIEP.</strong></span> 
     </span>
    </p>
   </div>
   <div class='ocr_carea' id='block_1_3' title="bbox 3860 372 3990 436">
    <p class='ocr_par' dir='ltr' id='par_1_3' title="bbox 3860 372 3990 436">
     <span class='ocr_line' id='line_1_3' title="bbox 3860 372 3990 436; baseline 0 -1"><span class='ocrx_word' id='word_1_5' title='bbox 3860 372 3990 436; x_wconf 76' lang='grc'><strong>844</strong></span> 
     </span>
    </p>
   </div>
   <div class='ocr_carea' id='block_1_4' title="bbox 520 515 2131 602">
    <p class='ocr_par' dir='ltr' id='par_1_4' title="bbox 520 516 2122 602">
     <span class='ocr_line' id='line_1_4' title="bbox 520 516 2122 602; baseline 0.002 -25"><span class='ocrx_word' id='word_1_6' title='bbox 520 516 743 579; x_wconf 86' lang='lat' dir='ltr'><strong>alicubi</strong></span> <span class='ocrx_word' id='word_1_7' title='bbox 774 516 990 579; x_wconf 88' lang='lat' dir='ltr'><strong>dictum</strong></span> <span class='ocrx_word' id='word_1_8' title='bbox 1026 541 1039 581; x_wconf 89' lang='lat'><strong>:</strong></span> <span class='ocrx_word' id='word_1_9' title='bbox 1081 542 1104 574; x_wconf 79' lang='grc' dir='ltr'>ιι</span> <span class='ocrx_word' id='word_1_10' title='bbox 1136 519 1280 580; x_wconf 89' lang='lat' dir='ltr'><strong>Data</strong></span> <span class='ocrx_word' id='word_1_11' title='bbox 1311 530 1399 581; x_wconf 86' lang='lat' dir='ltr'><strong>est</strong></span> <span class='ocrx_word' id='word_1_12' title='bbox 1422 520 1567 582; x_wconf 86' lang='lat' dir='ltr'><strong>mihi</strong></span> <span class='ocrx_word' id='word_1_13' title='bbox 1599 522 1792 583; x_wconf 89' lang='lat' dir='ltr'><strong>omnis</strong></span> <span class='ocrx_word' id='word_1_14' title='bbox 1826 520 2122 602; x_wconf 86' lang='lat' dir='ltr'><strong>potestasi</strong></span> 
     </span>
    </p>
   </div>
   <div class='ocr_carea' id='block_1_5' title="bbox 2209 515 3990 602">
    <p class='ocr_par' dir='ltr' id='par_1_5' title="bbox 2209 515 3990 594">
     <span class='ocr_line' id='line_1_5' title="bbox 2209 515 3990 594; baseline 0.001 -27"><span class='ocrx_word' id='word_1_15' title='bbox 2209 519 2342 568; x_wconf 64' lang='lat' dir='ltr'><strong>troia</strong></span> <span class='ocrx_word' id='word_1_16' title='bbox 2392 515 2594 593; x_wconf 98' lang='grc' dir='ltr'>Πατρός</span> <span class='ocrx_word' id='word_1_17' title='bbox 2651 536 2775 594; x_wconf 88' lang='grc' dir='ltr'>μου,</span> <span class='ocrx_word' id='word_1_18' title='bbox 2837 515 3096 591; x_wconf 74' lang='grc' dir='ltr'><strong>τουτέστι,</strong></span> <span class='ocrx_word' id='word_1_19' title='bbox 3158 527 3329 572; x_wconf 61' lang='grc' dir='ltr'>πάντα</span> <span class='ocrx_word' id='word_1_20' title='bbox 3409 538 3499 591; x_wconf 86' lang='grc' dir='ltr'>μοι</span> <span class='ocrx_word' id='word_1_21' title='bbox 3576 516 3990 590; x_wconf 71' lang='grc' dir='ltr'>ὑποταγῆναι</span> 
     </span>
    </p>
   </div>
   <div class='ocr_carea' id='block_1_6' title="bbox 521 606 2166 691">
    <p class='ocr_par' dir='ltr' id='par_1_6' title="bbox 521 606 2166 691">
     <span class='ocr_line' id='line_1_6' title="bbox 521 606 2166 691; baseline 0.002 -24"><span class='ocrx_word' id='word_1_22' title='bbox 521 606 672 667; x_wconf 68' lang='lat' dir='ltr'><strong>coelo</strong></span> <span class='ocrx_word' id='word_1_23' title='bbox 706 615 763 667; x_wconf 90' lang='lat' dir='ltr'><strong>et</strong></span> <span class='ocrx_word' id='word_1_24' title='bbox 793 607 853 667; x_wconf 89' lang='lat' dir='ltr'><strong>in</strong></span> <span class='ocrx_word' id='word_1_25' title='bbox 881 618 1037 669; x_wconf 83' lang='lat' dir='ltr'><strong>terra</strong></span> <span class='ocrx_word' id='word_1_26' title='bbox 1054 608 1136 668; x_wconf 61' lang='grc' dir='ltr'>ω.</span> <span class='ocrx_word' id='word_1_27' title='bbox 1174 633 1200 663; x_wconf 75' lang='grc' dir='ltr'>ιι</span> <span class='ocrx_word' id='word_1_28' title='bbox 1238 608 1388 680; x_wconf 88' lang='lat' dir='ltr'><strong>Quia</strong></span> <span class='ocrx_word' id='word_1_29' title='bbox 1418 611 1573 671; x_wconf 88' lang='lat' dir='ltr'><strong>enim</strong></span> <span class='ocrx_word' id='word_1_30' title='bbox 1610 611 1937 691; x_wconf 82' lang='lat' dir='ltr'><strong>paciﬁcavit</strong></span> <span class='ocrx_word' id='word_1_31' title='bbox 1966 610 2166 672; x_wconf 84' lang='lat' dir='ltr'><strong>omnia</strong></span> 
     </span>
    </p>
   </div>
   <div class='ocr_carea' id='block_1_7' title="bbox 521 695 2165 779">
    <p class='ocr_par' dir='ltr' id='par_1_7' title="bbox 521 695 2165 779">
     <span class='ocr_line' id='line_1_7' title="bbox 521 695 2165 779; baseline 0.004 -25"><span class='ocrx_word' id='word_1_32' title='bbox 521 704 635 756; x_wconf 88' lang='lat' dir='ltr'><strong>tam</strong></span> <span class='ocrx_word' id='word_1_33' title='bbox 668 714 797 776; x_wconf 59' lang='lat' dir='ltr'><strong>qua?</strong></span> <span class='ocrx_word' id='word_1_34' title='bbox 829 695 887 757; x_wconf 88' lang='lat' dir='ltr'><strong>in</strong></span> <span class='ocrx_word' id='word_1_35' title='bbox 909 696 1058 758; x_wconf 65' lang='lat' dir='ltr'><strong>caalo</strong></span> <span class='ocrx_word' id='word_1_36' title='bbox 1086 715 1265 777; x_wconf 90' lang='lat' dir='ltr'><strong>quam</strong></span> <span class='ocrx_word' id='word_1_37' title='bbox 1292 718 1421 779; x_wconf 71' lang='lat' dir='ltr'><strong>quae</strong></span> <span class='ocrx_word' id='word_1_38' title='bbox 1444 699 1502 759; x_wconf 93' lang='lat' dir='ltr'><strong>in</strong></span> <span class='ocrx_word' id='word_1_39' title='bbox 1528 711 1704 775; x_wconf 89' lang='lat' dir='ltr'><strong>terra,</strong></span> <span class='ocrx_word' id='word_1_40' title='bbox 1742 699 1875 760; x_wconf 89' lang='lat' dir='ltr'><strong>talia</strong></span> <span class='ocrx_word' id='word_1_41' title='bbox 1904 699 2069 760; x_wconf 89' lang='lat' dir='ltr'><strong>dicit.</strong></span> <span class='ocrx_word' id='word_1_42' title='bbox 2097 699 2165 761; x_wconf 89' lang='lat' dir='ltr'><strong>Et</strong></span> 
     </span>
    </p>
   </div>
   <div class='ocr_carea' id='block_1_8' title="bbox 518 786 2164 863">
    <p class='ocr_par' dir='ltr' id='par_1_8' title="bbox 518 786 2164 863">
     <span class='ocr_line' id='line_1_8' title="bbox 518 786 2164 863; baseline 0.002 -17"><span class='ocrx_word' id='word_1_43' title='bbox 518 786 727 847; x_wconf 91' lang='lat' dir='ltr'><strong>aliter:</strong></span> <span class='ocrx_word' id='word_1_44' title='bbox 768 811 793 839; x_wconf 74' lang='grc' dir='ltr'><strong>α</strong></span> <span class='ocrx_word' id='word_1_45' title='bbox 830 786 1043 849; x_wconf 86' lang='lat' dir='ltr'><strong>Omnia</strong></span> <span class='ocrx_word' id='word_1_46' title='bbox 1072 787 1384 849; x_wconf 91' lang='lat' dir='ltr'><strong>traduntur</strong></span> <span class='ocrx_word' id='word_1_47' title='bbox 1404 788 1551 850; x_wconf 92' lang='lat' dir='ltr'><strong>Filio</strong></span> <span class='ocrx_word' id='word_1_48' title='bbox 1577 807 1609 851; x_wconf 95' lang='lat' dir='ltr'><strong>a</strong></span> <span class='ocrx_word' id='word_1_49' title='bbox 1644 788 1812 851; x_wconf 87' lang='lat' dir='ltr'><strong>Patre</strong></span> <span class='ocrx_word' id='word_1_50' title='bbox 1834 790 2164 863; x_wconf 56' lang='lat' dir='ltr'><strong>‘6,»omnia</strong></span> 
     </span>
    </p>
   </div>
   <div class='ocr_carea' id='block_1_9' title="bbox 521 877 2160 957">
    <p class='ocr_par' dir='ltr' id='par_1_9' title="bbox 521 877 2160 957">
     <span class='ocr_line' id='line_1_9' title="bbox 521 877 2160 957; baseline 0.002 -22"><span class='ocrx_word' id='word_1_51' title='bbox 521 894 701 954; x_wconf 85' lang='lat' dir='ltr'><strong>opera</strong></span> <span class='ocrx_word' id='word_1_52' title='bbox 731 894 861 955; x_wconf 68' lang='lat' dir='ltr'><strong>quae</strong></span> <span class='ocrx_word' id='word_1_53' title='bbox 901 877 1245 938; x_wconf 80' lang='lat' dir='ltr'><strong>incarnatus</strong></span> <span class='ocrx_word' id='word_1_54' title='bbox 1278 896 1381 957; x_wconf 91' lang='lat' dir='ltr'><strong>pro</strong></span> <span class='ocrx_word' id='word_1_55' title='bbox 1415 877 1586 939; x_wconf 82' lang='lat' dir='ltr'><strong>nobis</strong></span> <span class='ocrx_word' id='word_1_56' title='bbox 1618 878 1777 941; x_wconf 84' lang='lat' dir='ltr'><strong>fecit.</strong></span> <span class='ocrx_word' id='word_1_57' title='bbox 1825 878 1973 951; x_wconf 83' lang='lat' dir='ltr'><strong>Quia</strong></span> <span class='ocrx_word' id='word_1_58' title='bbox 2004 880 2160 941; x_wconf 91' lang='lat' dir='ltr'><strong>enim</strong></span> 
     </span>
    </p>
   </div>
   <div class='ocr_carea' id='block_1_10' title="bbox 522 962 2160 1046">
    <p class='ocr_par' dir='ltr' id='par_1_10' title="bbox 522 962 2160 1046">
     <span class='ocr_line' id='line_1_10' title="bbox 522 962 2160 1046; baseline 0.002 -21"><span class='ocrx_word' id='word_1_59' title='bbox 522 983 715 1044; x_wconf 88' lang='lat' dir='ltr'><strong>neque</strong></span> <span class='ocrx_word' id='word_1_60' title='bbox 742 962 915 1025; x_wconf 89' lang='lat' dir='ltr'><strong>Pater</strong></span> <span class='ocrx_word' id='word_1_61' title='bbox 944 984 1136 1045; x_wconf 86' lang='lat' dir='ltr'><strong>neque</strong></span> <span class='ocrx_word' id='word_1_62' title='bbox 1181 966 1443 1045; x_wconf 87' lang='lat' dir='ltr'><strong>Spiritus</strong></span> <span class='ocrx_word' id='word_1_63' title='bbox 1492 986 1595 1046; x_wconf 89' lang='lat' dir='ltr'><strong>pro</strong></span> <span class='ocrx_word' id='word_1_64' title='bbox 1641 967 1812 1029; x_wconf 90' lang='lat' dir='ltr'><strong>nobis</strong></span> <span class='ocrx_word' id='word_1_65' title='bbox 1843 969 1933 1030; x_wconf 90' lang='lat' dir='ltr'><strong>vel</strong></span> <span class='ocrx_word' id='word_1_66' title='bbox 1964 969 2160 1029; x_wconf 82' lang='lat' dir='ltr'><strong>incar-</strong></span> 
     </span>
    </p>
   </div>
   <div class='ocr_carea' id='block_1_11' title="bbox 517 1054 2159 1137">
    <p class='ocr_par' dir='ltr' id='par_1_11' title="bbox 517 1054 2159 1137">
     <span class='ocr_line' id='line_1_11' title="bbox 517 1054 2159 1137; baseline 0.003 -24"><span class='ocrx_word' id='word_1_67' title='bbox 517 1061 687 1114; x_wconf 85' lang='lat' dir='ltr'><strong>natus</strong></span> <span class='ocrx_word' id='word_1_68' title='bbox 715 1062 825 1133; x_wconf 92' lang='lat' dir='ltr'><strong>est,</strong></span> <span class='ocrx_word' id='word_1_69' title='bbox 878 1054 968 1115; x_wconf 91' lang='lat' dir='ltr'><strong>vel</strong></span> <span class='ocrx_word' id='word_1_70' title='bbox 1010 1072 1239 1134; x_wconf 89' lang='lat' dir='ltr'><strong>passus,</strong></span> <span class='ocrx_word' id='word_1_71' title='bbox 1290 1054 1379 1116; x_wconf 90' lang='lat' dir='ltr'><strong>vel</strong></span> <span class='ocrx_word' id='word_1_72' title='bbox 1425 1057 1771 1137; x_wconf 83' lang='lat' dir='ltr'><strong>resurrexit,</strong></span> <span class='ocrx_word' id='word_1_73' title='bbox 1822 1062 1924 1119; x_wconf 88' lang='lat' dir='ltr'><strong>sed</strong></span> <span class='ocrx_word' id='word_1_74' title='bbox 1974 1058 2159 1121; x_wconf 83' lang='lat' dir='ltr'><strong>Filius</strong></span> 
     </span>
    </p>
   </div>
   <div class='ocr_carea' id='block_1_12' title="bbox 519 1142 2154 1223">
    <p class='ocr_par' dir='ltr' id='par_1_12' title="bbox 519 1142 2154 1223">
     <span class='ocr_line' id='line_1_12' title="bbox 519 1142 2154 1223; baseline 0.004 -20"><span class='ocrx_word' id='word_1_75' title='bbox 519 1142 646 1203; x_wconf 57' lang='lat' dir='ltr'><strong>hac</strong></span> <span class='ocrx_word' id='word_1_76' title='bbox 676 1142 875 1202; x_wconf 82' lang='lat' dir='ltr'><strong>omnia</strong></span> <span class='ocrx_word' id='word_1_77' title='bbox 898 1142 1050 1223; x_wconf 87' lang='lat' dir='ltr'><strong>tulit,</strong></span> <span class='ocrx_word' id='word_1_78' title='bbox 1090 1152 1145 1204; x_wconf 85' lang='lat' dir='ltr'><strong>et</strong></span> <span class='ocrx_word' id='word_1_79' title='bbox 1175 1143 1293 1204; x_wconf 83' lang='lat' dir='ltr'><strong>dux</strong></span> <span class='ocrx_word' id='word_1_80' title='bbox 1322 1144 1528 1205; x_wconf 89' lang='lat' dir='ltr'><strong>salutis</strong></span> <span class='ocrx_word' id='word_1_81' title='bbox 1552 1154 1767 1207; x_wconf 61' lang='lat' dir='ltr'><strong>nostra}</strong></span> <span class='ocrx_word' id='word_1_82' title='bbox 1799 1146 1987 1209; x_wconf 79' lang='lat' dir='ltr'><strong>factus</strong></span> <span class='ocrx_word' id='word_1_83' title='bbox 2019 1155 2108 1208; x_wconf 89' lang='lat' dir='ltr'><strong>est</strong></span> <span class='ocrx_word' id='word_1_84' title='bbox 2142 1169 2154 1209; x_wconf 91' lang='lat'><strong>:</strong></span> 
     </span>
    </p>
   </div>
   <div class='ocr_carea' id='block_1_13' title="bbox 514 1230 2158 1313">
    <p class='ocr_par' dir='ltr' id='par_1_13' title="bbox 514 1230 2158 1313">
     <span class='ocr_line' id='line_1_13' title="bbox 514 1230 2158 1313; baseline 0.004 -22"><span class='ocrx_word' id='word_1_85' title='bbox 514 1230 736 1291; x_wconf 90' lang='lat' dir='ltr'><strong>idcirco</strong></span> <span class='ocrx_word' id='word_1_86' title='bbox 760 1231 1117 1293; x_wconf 82' lang='lat' dir='ltr'><strong>dixitomnia</strong></span> <span class='ocrx_word' id='word_1_87' title='bbox 1135 1232 1341 1294; x_wconf 89' lang='lat' dir='ltr'><strong>tradita</strong></span> <span class='ocrx_word' id='word_1_88' title='bbox 1368 1233 1477 1313; x_wconf 88' lang='lat' dir='ltr'><strong>ipsi</strong></span> <span class='ocrx_word' id='word_1_89' title='bbox 1497 1253 1626 1295; x_wconf 70' lang='lat' dir='ltr'><strong>esso</strong></span> <span class='ocrx_word' id='word_1_90' title='bbox 1652 1254 1665 1297; x_wconf 88' lang='lat'><strong>:</strong></span> <span class='ocrx_word' id='word_1_91' title='bbox 1694 1235 1871 1298; x_wconf 69' lang='lat' dir='ltr'><strong>veluti</strong></span> <span class='ocrx_word' id='word_1_92' title='bbox 1910 1237 1957 1297; x_wconf 92' lang='lat' dir='ltr'><strong>si</strong></span> <span class='ocrx_word' id='word_1_93' title='bbox 1980 1236 2158 1298; x_wconf 79' lang='lat' dir='ltr'><strong>dixis-</strong></span> 
     </span>
    </p>
   </div>
   <div class='ocr_carea' id='block_1_14' title="bbox 514 1318 2154 1402">
    <p class='ocr_par' dir='ltr' id='par_1_14' title="bbox 514 1318 2154 1402">
     <span class='ocr_line' id='line_1_14' title="bbox 514 1318 2154 1402; baseline 0.004 -22"><span class='ocrx_word' id='word_1_94' title='bbox 514 1327 625 1394; x_wconf 89' lang='lat' dir='ltr'><strong>set,</strong></span> <span class='ocrx_word' id='word_1_95' title='bbox 649 1318 821 1381; x_wconf 90' lang='lat' dir='ltr'><strong>Pater</strong></span> <span class='ocrx_word' id='word_1_96' title='bbox 844 1340 1010 1382; x_wconf 93' lang='lat' dir='ltr'><strong>meus</strong></span> <span class='ocrx_word' id='word_1_97' title='bbox 1035 1321 1180 1383; x_wconf 88' lang='lat' dir='ltr'><strong>mihi</strong></span> <span class='ocrx_word' id='word_1_98' title='bbox 1206 1322 1580 1384; x_wconf 82' lang='lat' dir='ltr'><strong>concredidit</strong></span> <span class='ocrx_word' id='word_1_99' title='bbox 1599 1325 2154 1402; x_wconf 72' lang='lat' dir='ltr'><strong>omni.i,incarnari,</strong></span> 
     </span>
    </p>
   </div>
   <div class='ocr_carea' id='block_1_15' title="bbox 512 1408 2157 1492">
    <p class='ocr_par' dir='ltr' id='par_1_15' title="bbox 512 1408 2157 1492">
     <span class='ocr_line' id='line_1_15' title="bbox 512 1408 2157 1492; baseline 0.005 -25"><span class='ocrx_word' id='word_1_100' title='bbox 512 1408 656 1487; x_wconf 89' lang='lat' dir='ltr'><strong>pati,</strong></span> <span class='ocrx_word' id='word_1_101' title='bbox 683 1427 1018 1488; x_wconf 81' lang='lat' dir='ltr'><strong>resurgere.</strong></span> <span class='ocrx_word' id='word_1_102' title='bbox 1051 1411 1276 1471; x_wconf 79' lang='lat' dir='ltr'><strong>salvare</strong></span> <span class='ocrx_word' id='word_1_103' title='bbox 1293 1420 1558 1473; x_wconf 81' lang='lat' dir='ltr'><strong>naturam</strong></span> <span class='ocrx_word' id='word_1_104' title='bbox 1588 1415 1912 1492; x_wconf 81' lang='lat' dir='ltr'><strong>repulsam.</strong></span> <span class='ocrx_word' id='word_1_105' title='bbox 1937 1414 2007 1476; x_wconf 89' lang='lat' dir='ltr'><strong>Et</strong></span> <span class='ocrx_word' id='word_1_106' title='bbox 2026 1416 2157 1477; x_wconf 89' lang='lat' dir='ltr'><strong>nul-</strong></span> 
     </span>
    </p>
   </div>
   <div class='ocr_carea' id='block_1_16' title="bbox 514 1496 2151 1584">
    <p class='ocr_par' dir='ltr' id='par_1_16' title="bbox 514 1496 2151 1584">
     <span class='ocr_line' id='line_1_16' title="bbox 514 1496 2151 1584; baseline 0.005 -27"><span class='ocrx_word' id='word_1_107' title='bbox 514 1496 603 1557; x_wconf 91' lang='lat' dir='ltr'><strong>lus</strong></span> <span class='ocrx_word' id='word_1_108' title='bbox 628 1496 741 1558; x_wconf 91' lang='lat' dir='ltr'><strong>scit</strong></span> <span class='ocrx_word' id='word_1_109' title='bbox 769 1496 981 1559; x_wconf 88' lang='lat' dir='ltr'><strong>Filium</strong></span> <span class='ocrx_word' id='word_1_110' title='bbox 1017 1500 1132 1559; x_wconf 91' lang='lat' dir='ltr'><strong>nisi</strong></span> <span class='ocrx_word' id='word_1_111' title='bbox 1186 1503 1374 1575; x_wconf 88' lang='lat' dir='ltr'><strong>Pater,</strong></span> <span class='ocrx_word' id='word_1_112' title='bbox 1422 1511 1480 1561; x_wconf 91' lang='lat' dir='ltr'><strong>et</strong></span> <span class='ocrx_word' id='word_1_113' title='bbox 1523 1503 1658 1581; x_wconf 72' lang='lat' dir='ltr'><strong>quis</strong></span> <span class='ocrx_word' id='word_1_114' title='bbox 1703 1505 1780 1564; x_wconf 89' lang='lat' dir='ltr'><strong>sit</strong></span> <span class='ocrx_word' id='word_1_115' title='bbox 1811 1508 2003 1584; x_wconf 87' lang='lat' dir='ltr'><strong>Pater,</strong></span> <span class='ocrx_word' id='word_1_116' title='bbox 2040 1505 2151 1565; x_wconf 89' lang='lat' dir='ltr'><strong>nisi</strong></span> 
     </span>
    </p>
   </div>
   <div class='ocr_carea' id='block_1_17' title="bbox 508 1584 2151 1666">
    <p class='ocr_par' dir='ltr' id='par_1_17' title="bbox 508 1584 2151 1666">
     <span class='ocr_line' id='line_1_17' title="bbox 508 1584 2151 1666; baseline 0.007 -21"><span class='ocrx_word' id='word_1_117' title='bbox 508 1584 711 1646; x_wconf 89' lang='lat' dir='ltr'><strong>Filius.</strong></span> <span class='ocrx_word' id='word_1_118' title='bbox 742 1585 1059 1666; x_wconf 88' lang='lat' dir='ltr'><strong>Postquam</strong></span> <span class='ocrx_word' id='word_1_119' title='bbox 1082 1597 1279 1651; x_wconf 88' lang='lat' dir='ltr'><strong>autem</strong></span> <span class='ocrx_word' id='word_1_120' title='bbox 1305 1589 1475 1651; x_wconf 87' lang='lat' dir='ltr'><strong>dicit:</strong></span> <span class='ocrx_word' id='word_1_121' title='bbox 1501 1588 1711 1652; x_wconf 87' lang='lat' dir='ltr'><strong>Omnia</strong></span> <span class='ocrx_word' id='word_1_122' title='bbox 1734 1593 1878 1653; x_wconf 92' lang='lat' dir='ltr'><strong>mihi</strong></span> <span class='ocrx_word' id='word_1_123' title='bbox 1898 1610 2151 1657; x_wconf 82' lang='lat' dir='ltr'><strong>concre-</strong></span> 
     </span>
    </p>
   </div>
   <div class='ocr_carea' id='block_1_18' title="bbox 507 1674 2153 1758">
    <p class='ocr_par' dir='ltr' id='par_1_18' title="bbox 507 1674 2153 1758">
     <span class='ocr_line' id='line_1_18' title="bbox 507 1674 2153 1758; baseline 0.007 -24"><span class='ocrx_word' id='word_1_124' title='bbox 507 1674 627 1735; x_wconf 90' lang='lat' dir='ltr'><strong>dita</strong></span> <span class='ocrx_word' id='word_1_125' title='bbox 655 1684 811 1751; x_wconf 89' lang='lat' dir='ltr'><strong>sunt,</strong></span> <span class='ocrx_word' id='word_1_126' title='bbox 845 1676 1011 1757; x_wconf 90' lang='lat' dir='ltr'><strong>quasi</strong></span> <span class='ocrx_word' id='word_1_127' title='bbox 1042 1676 1287 1739; x_wconf 90' lang='lat' dir='ltr'><strong>dubium</strong></span> <span class='ocrx_word' id='word_1_128' title='bbox 1320 1678 1616 1758; x_wconf 85' lang='lat' dir='ltr'><strong>quoddam</strong></span> <span class='ocrx_word' id='word_1_129' title='bbox 1652 1696 1807 1743; x_wconf 91' lang='lat' dir='ltr'><strong>nunc</strong></span> <span class='ocrx_word' id='word_1_130' title='bbox 1839 1683 2029 1743; x_wconf 84' lang='lat' dir='ltr'><strong>solvit.</strong></span> <span class='ocrx_word' id='word_1_131' title='bbox 2066 1687 2153 1747; x_wconf 87' lang='lat' dir='ltr'><strong>Ne</strong></span> 
     </span>
    </p>
   </div>
   <div class='ocr_carea' id='block_1_19' title="bbox 506 1762 2153 1846">
    <p class='ocr_par' dir='ltr' id='par_1_19' title="bbox 506 1762 2153 1846">
     <span class='ocr_line' id='line_1_19' title="bbox 506 1762 2153 1846; baseline 0.006 -22"><span class='ocrx_word' id='word_1_132' title='bbox 506 1762 665 1825; x_wconf 90' lang='lat' dir='ltr'><strong>enim</strong></span> <span class='ocrx_word' id='word_1_133' title='bbox 698 1764 829 1844; x_wconf 88' lang='lat' dir='ltr'><strong>quis</strong></span> <span class='ocrx_word' id='word_1_134' title='bbox 855 1765 1103 1839; x_wconf 77' lang='lat' dir='ltr'><strong>dubitet,</strong></span> <span class='ocrx_word' id='word_1_135' title='bbox 1137 1768 1209 1828; x_wconf 89' lang='lat' dir='ltr'><strong>Et</strong></span> <span class='ocrx_word' id='word_1_136' title='bbox 1229 1768 1401 1846; x_wconf 85' lang='lat' dir='ltr'><strong>cujus</strong></span> <span class='ocrx_word' id='word_1_137' title='bbox 1435 1772 1621 1846; x_wconf 90' lang='lat' dir='ltr'><strong>gratia</strong></span> <span class='ocrx_word' id='word_1_138' title='bbox 1643 1768 1747 1830; x_wconf 89' lang='lat' dir='ltr'><strong>tibi</strong></span> <span class='ocrx_word' id='word_1_139' title='bbox 1775 1770 1986 1833; x_wconf 88' lang='lat' dir='ltr'><strong>tradita</strong></span> <span class='ocrx_word' id='word_1_140' title='bbox 2016 1783 2153 1834; x_wconf 89' lang='lat' dir='ltr'><strong>sunt</strong></span> 
     </span>
    </p>
   </div>
   <div class='ocr_carea' id='block_1_20' title="bbox 2248 601 3975 680">
    <p class='ocr_par' dir='ltr' id='par_1_20' title="bbox 2248 601 3975 680">
     <span class='ocr_line' id='line_1_20' title="bbox 2248 601 3975 680; baseline -0.003 -22"><span class='ocrx_word' id='word_1_141' title='bbox 2248 601 2455 675; x_wconf 72' lang='grc' dir='ltr'>μέλλει,</span> <span class='ocrx_word' id='word_1_142' title='bbox 2500 606 2586 661; x_wconf 78' lang='grc' dir='ltr'>καὶ</span> <span class='ocrx_word' id='word_1_143' title='bbox 2636 606 2737 661; x_wconf 79' lang='grc' dir='ltr'><strong>ὑπὸ</strong></span> <span class='ocrx_word' id='word_1_144' title='bbox 2806 605 2906 671; x_wconf 74' lang='grc' dir='ltr'><strong>τὴν</strong></span> <span class='ocrx_word' id='word_1_145' title='bbox 2973 606 3109 679; x_wconf 74' lang='grc' dir='ltr'><strong>ἒμὴν</strong></span> <span class='ocrx_word' id='word_1_146' title='bbox 3168 602 3474 661; x_wconf 73' lang='grc' dir='ltr'><strong>δεσποτείαν</strong></span> <span class='ocrx_word' id='word_1_147' title='bbox 3547 614 3975 680; x_wconf 72' lang='grc' dir='ltr'><strong>μεταπεσεῖν.</strong></span> 
     </span>
    </p>
   </div>
   <div class='ocr_carea' id='block_1_21' title="bbox 2252 682 3981 773">
    <p class='ocr_par' dir='ltr' id='par_1_21' title="bbox 2252 682 3981 773">
     <span class='ocr_line' id='line_1_21' title="bbox 2252 682 3981 773; baseline -0.002 -25"><span class='ocrx_word' id='word_1_148' title='bbox 2252 682 2484 767; x_wconf 72' lang='grc' dir='ltr'>’Ὅμοιον</span> <span class='ocrx_word' id='word_1_149' title='bbox 2541 689 2593 747; x_wconf 82' lang='grc' dir='ltr'>δὲ</span> <span class='ocrx_word' id='word_1_150' title='bbox 2637 692 2791 749; x_wconf 72' lang='grc' dir='ltr'>τοῦτο</span> <span class='ocrx_word' id='word_1_151' title='bbox 2849 700 2923 767; x_wconf 83' lang='grc' dir='ltr'>τῷ</span> <span class='ocrx_word' id='word_1_152' title='bbox 2982 692 3227 773; x_wconf 81' lang='grc' dir='ltr'>ἀλλαχοῦ</span> <span class='ocrx_word' id='word_1_153' title='bbox 3254 692 3484 769; x_wconf 81' lang='grc' dir='ltr'><strong>ῥηθέντι,</strong></span> <span class='ocrx_word' id='word_1_154' title='bbox 3526 717 3552 746; x_wconf 72' lang='grc' dir='ltr'>α</span> <span class='ocrx_word' id='word_1_155' title='bbox 3589 690 3831 755; x_wconf 82' lang='grc' dir='ltr'><strong>Ἐδόθη</strong></span> <span class='ocrx_word' id='word_1_156' title='bbox 3874 710 3981 763; x_wconf 75' lang='grc' dir='ltr'><strong>μοι</strong></span> 
     </span>
    </p>
   </div>
   <div class='ocr_carea' id='block_1_22' title="bbox 2246 779 3983 862">
    <p class='ocr_par' dir='ltr' id='par_1_22' title="bbox 2246 779 3983 862">
     <span class='ocr_line' id='line_1_22' title="bbox 2246 779 3983 862; baseline -0.003 -25"><span class='ocrx_word' id='word_1_157' title='bbox 2246 788 2389 837; x_wconf 77' lang='grc' dir='ltr'>πᾶσα</span> <span class='ocrx_word' id='word_1_158' title='bbox 2448 780 2651 846; x_wconf 74' lang='grc' dir='ltr'>ἕξουσία</span> <span class='ocrx_word' id='word_1_159' title='bbox 2710 782 2765 837; x_wconf 84' lang='grc' dir='ltr'><strong>ἐν</strong></span> <span class='ocrx_word' id='word_1_160' title='bbox 2809 782 3012 861; x_wconf 68' lang='grc' dir='ltr'>οὐρανῷ</span> <span class='ocrx_word' id='word_1_161' title='bbox 3066 784 3151 839; x_wconf 84' lang='grc' dir='ltr'>καὶ</span> <span class='ocrx_word' id='word_1_162' title='bbox 3211 784 3296 839; x_wconf 77' lang='grc' dir='ltr'><strong>ἒπὶ</strong></span> <span class='ocrx_word' id='word_1_163' title='bbox 3349 783 3474 862; x_wconf 70' lang='grc' dir='ltr'><strong>γῆς.</strong></span> <span class='ocrx_word' id='word_1_164' title='bbox 3520 806 3542 839; x_wconf 78' lang='grc' dir='ltr'><strong>ιι</strong></span> <span class='ocrx_word' id='word_1_165' title='bbox 3600 779 3789 838; x_wconf 74' lang='grc' dir='ltr'>Ἐπεὶ</span> <span class='ocrx_word' id='word_1_166' title='bbox 3864 781 3983 856; x_wconf 72' lang='grc' dir='ltr'><strong>γὰρ</strong></span> 
     </span>
    </p>
   </div>
   <div class='ocr_carea' id='block_1_23' title="bbox 2248 869 3978 950">
    <p class='ocr_par' dir='ltr' id='par_1_23' title="bbox 2248 869 3978 950">
     <span class='ocr_line' id='line_1_23' title="bbox 2248 869 3978 950; baseline -0.003 -23"><span class='ocrx_word' id='word_1_167' title='bbox 2248 872 2615 949; x_wconf 84' lang='grc' dir='ltr'>εἰρηνοποίησε</span> <span class='ocrx_word' id='word_1_168' title='bbox 2670 872 2735 927; x_wconf 73' lang='grc' dir='ltr'><strong>τὰ</strong></span> <span class='ocrx_word' id='word_1_169' title='bbox 2792 872 2962 928; x_wconf 84' lang='grc' dir='ltr'>πάντα</span> <span class='ocrx_word' id='word_1_170' title='bbox 3021 873 3087 928; x_wconf 84' lang='grc' dir='ltr'><strong>τά</strong></span> <span class='ocrx_word' id='word_1_171' title='bbox 3162 894 3219 928; x_wconf 88' lang='grc' dir='ltr'>τε</span> <span class='ocrx_word' id='word_1_172' title='bbox 3288 872 3342 928; x_wconf 83' lang='grc' dir='ltr'><strong>έν</strong></span> <span class='ocrx_word' id='word_1_173' title='bbox 3413 876 3613 950; x_wconf 74' lang='grc' dir='ltr'>οὖρανῷ</span> <span class='ocrx_word' id='word_1_174' title='bbox 3675 871 3803 925; x_wconf 76' lang='grc' dir='ltr'><strong>καὶ</strong></span> <span class='ocrx_word' id='word_1_175' title='bbox 3879 869 3978 923; x_wconf 77' lang='grc' dir='ltr'><strong>ἐπὶ</strong></span> 
     </span>
    </p>
   </div>
   <div class='ocr_carea' id='block_1_24' title="bbox 2246 958 3976 1040">
    <p class='ocr_par' dir='ltr' id='par_1_24' title="bbox 2246 958 3976 1040">
     <span class='ocr_line' id='line_1_24' title="bbox 2246 958 3976 1040; baseline -0.002 -24"><span class='ocrx_word' id='word_1_176' title='bbox 2246 965 2373 1039; x_wconf 74' lang='grc' dir='ltr'>γῆς,</span> <span class='ocrx_word' id='word_1_177' title='bbox 2435 958 2519 1016; x_wconf 83' lang='grc' dir='ltr'>διὰ</span> <span class='ocrx_word' id='word_1_178' title='bbox 2573 968 2727 1018; x_wconf 82' lang='grc' dir='ltr'>τοῦτο</span> <span class='ocrx_word' id='word_1_179' title='bbox 2780 968 2997 1018; x_wconf 83' lang='grc' dir='ltr'>τοιαῦτα</span> <span class='ocrx_word' id='word_1_180' title='bbox 3054 959 3222 1040; x_wconf 83' lang='grc' dir='ltr'>λέγει,</span> <span class='ocrx_word' id='word_1_181' title='bbox 3254 958 3359 1021; x_wconf 84' lang='grc' dir='ltr'><strong>Καὶ</strong></span> <span class='ocrx_word' id='word_1_182' title='bbox 3404 958 3577 1022; x_wconf 75' lang='grc' dir='ltr'>ἄλλως</span> <span class='ocrx_word' id='word_1_183' title='bbox 3607 958 3691 1037; x_wconf 77' lang='grc' dir='ltr'>δὲ,</span> <span class='ocrx_word' id='word_1_184' title='bbox 3746 958 3976 1013; x_wconf 68' lang='grc' dir='ltr'>Πάντα</span> 
     </span>
    </p>
   </div>
   <div class='ocr_carea' id='block_1_25' title="bbox 2245 1047 3971 1128">
    <p class='ocr_par' dir='ltr' id='par_1_25' title="bbox 2245 1047 3971 1128">
     <span class='ocr_line' id='line_1_25' title="bbox 2245 1047 3971 1128; baseline -0.002 -24"><span class='ocrx_word' id='word_1_185' title='bbox 2245 1048 2611 1128; x_wconf 80' lang='grc' dir='ltr'><strong>παραδίδονται</strong></span> <span class='ocrx_word' id='word_1_186' title='bbox 2669 1058 2747 1125; x_wconf 82' lang='grc' dir='ltr'>τῷ</span> <span class='ocrx_word' id='word_1_187' title='bbox 2820 1054 2924 1125; x_wconf 77' lang='grc' dir='ltr'><strong>Υἱῷ</strong></span> <span class='ocrx_word' id='word_1_188' title='bbox 2992 1053 3096 1107; x_wconf 71' lang='grc' dir='ltr'><strong>ὑπὸ</strong></span> <span class='ocrx_word' id='word_1_189' title='bbox 3168 1050 3262 1108; x_wconf 78' lang='grc' dir='ltr'>τοῦ</span> <span class='ocrx_word' id='word_1_190' title='bbox 3311 1051 3542 1128; x_wconf 83' lang='grc' dir='ltr'>Πατρὸς,</span> <span class='ocrx_word' id='word_1_191' title='bbox 3599 1050 3817 1104; x_wconf 73' lang='grc' dir='ltr'>πάντα</span> <span class='ocrx_word' id='word_1_192' title='bbox 3892 1047 3971 1101; x_wconf 76' lang='grc' dir='ltr'>τὰ</span> 
     </span>
    </p>
   </div>
   <div class='ocr_carea' id='block_1_26' title="bbox 2242 1136 3969 1217">
    <p class='ocr_par' dir='ltr' id='par_1_26' title="bbox 2242 1136 3969 1217">
     <span class='ocr_line' id='line_1_26' title="bbox 2242 1136 3969 1217; baseline -0.005 -24"><span class='ocrx_word' id='word_1_193' title='bbox 2242 1140 2341 1205; x_wconf 71' lang='grc' dir='ltr'>τῆς</span> <span class='ocrx_word' id='word_1_194' title='bbox 2396 1140 2525 1217; x_wconf 79' lang='grc' dir='ltr'>ὑπὲρ</span> <span class='ocrx_word' id='word_1_195' title='bbox 2565 1141 2722 1214; x_wconf 82' lang='grc' dir='ltr'><strong>ἡμῶν</strong></span> <span class='ocrx_word' id='word_1_196' title='bbox 2777 1140 3075 1214; x_wconf 77' lang='grc' dir='ltr'><strong>οἰκονομίας</strong></span> <span class='ocrx_word' id='word_1_197' title='bbox 3130 1138 3277 1217; x_wconf 73' lang='grc' dir='ltr'>ἔργα.</span> <span class='ocrx_word' id='word_1_198' title='bbox 3335 1136 3557 1205; x_wconf 81' lang='grc' dir='ltr'><strong>Ἐπειδὴ</strong></span> <span class='ocrx_word' id='word_1_199' title='bbox 3606 1138 3721 1215; x_wconf 76' lang='grc' dir='ltr'>γὰρ</span> <span class='ocrx_word' id='word_1_200' title='bbox 3804 1136 3969 1211; x_wconf 74' lang='grc' dir='ltr'>ὑπὲρ</span> 
     </span>
    </p>
   </div>
   <div class='ocr_carea' id='block_1_27' title="bbox 2247 1225 3960 1307">
    <p class='ocr_par' dir='ltr' id='par_1_27' title="bbox 2247 1225 3960 1307">
     <span class='ocr_line' id='line_1_27' title="bbox 2247 1225 3960 1307; baseline -0.004 -22"><span class='ocrx_word' id='word_1_201' title='bbox 2247 1231 2403 1303; x_wconf 82' lang='grc' dir='ltr'>ἡμῶν</span> <span class='ocrx_word' id='word_1_202' title='bbox 2460 1231 2575 1287; x_wconf 75' lang='grc' dir='ltr'>οὔτε</span> <span class='ocrx_word' id='word_1_203' title='bbox 2648 1231 2674 1284; x_wconf 74' lang='lat'><strong>6</strong></span> <span class='ocrx_word' id='word_1_204' title='bbox 2740 1229 2943 1307; x_wconf 78' lang='grc' dir='ltr'>Πατὴρ,</span> <span class='ocrx_word' id='word_1_205' title='bbox 2990 1226 3106 1284; x_wconf 71' lang='grc' dir='ltr'>οὔτε</span> <span class='ocrx_word' id='word_1_206' title='bbox 3150 1230 3212 1283; x_wconf 83' lang='grc' dir='ltr'><strong>τὸ</strong></span> <span class='ocrx_word' id='word_1_207' title='bbox 3257 1233 3470 1302; x_wconf 82' lang='grc' dir='ltr'><strong>Πνεῦμα</strong></span> <span class='ocrx_word' id='word_1_208' title='bbox 3514 1226 3547 1292; x_wconf 72' lang='grc' dir='ltr'>ἢ</span> <span class='ocrx_word' id='word_1_209' title='bbox 3591 1225 3960 1303; x_wconf 78' lang='grc' dir='ltr'>έσαρκώθη,</span> 
     </span>
    </p>
   </div>
   <div class='ocr_carea' id='block_1_28' title="bbox 2243 1313 3969 1397">
    <p class='ocr_par' dir='ltr' id='par_1_28' title="bbox 2243 1313 3969 1397">
     <span class='ocr_line' id='line_1_28' title="bbox 2243 1313 3969 1397; baseline -0.003 -23"><span class='ocrx_word' id='word_1_210' title='bbox 2243 1317 2279 1385; x_wconf 77' lang='grc' dir='ltr'><strong>ἢ</strong></span> <span class='ocrx_word' id='word_1_211' title='bbox 2338 1317 2549 1390; x_wconf 79' lang='grc' dir='ltr'><strong>ἔπαθεν,</strong></span> <span class='ocrx_word' id='word_1_212' title='bbox 2608 1318 2644 1386; x_wconf 76' lang='grc' dir='ltr'>ἢ</span> <span class='ocrx_word' id='word_1_213' title='bbox 2700 1318 2917 1397; x_wconf 86' lang='grc' dir='ltr'>ἀνέστη,</span> <span class='ocrx_word' id='word_1_214' title='bbox 2952 1316 3071 1373; x_wconf 84' lang='grc' dir='ltr'>ἀλλ’</span> <span class='ocrx_word' id='word_1_215' title='bbox 3103 1320 3129 1373; x_wconf 84' lang='lat'><strong>6</strong></span> <span class='ocrx_word' id='word_1_216' title='bbox 3178 1319 3293 1380; x_wconf 78' lang='grc' dir='ltr'>ι’ἷὸς</span> <span class='ocrx_word' id='word_1_217' title='bbox 3338 1324 3500 1373; x_wconf 72' lang='grc' dir='ltr'>ταιῗτα</span> <span class='ocrx_word' id='word_1_218' title='bbox 3539 1316 3715 1371; x_wconf 67' lang='grc' dir='ltr'>πάντα</span> <span class='ocrx_word' id='word_1_219' title='bbox 3762 1313 3969 1391; x_wconf 57' lang='grc' dir='ltr'><strong>ἒνψν</strong></span> 
     </span>
    </p>
   </div>
   <div class='ocr_carea' id='block_1_29' title="bbox 2241 1400 3957 1487">
    <p class='ocr_par' dir='ltr' id='par_1_29' title="bbox 2241 1400 3957 1487">
     <span class='ocr_line' id='line_1_29' title="bbox 2241 1400 3957 1487; baseline -0.003 -25"><span class='ocrx_word' id='word_1_220' title='bbox 2241 1428 2398 1483; x_wconf 84' lang='grc' dir='ltr'>γησε,</span> <span class='ocrx_word' id='word_1_221' title='bbox 2450 1408 2538 1463; x_wconf 82' lang='grc' dir='ltr'>καὶ</span> <span class='ocrx_word' id='word_1_222' title='bbox 2579 1407 2824 1487; x_wconf 84' lang='grc' dir='ltr'>ἀρχηγὸς</span> <span class='ocrx_word' id='word_1_223' title='bbox 2881 1412 2980 1474; x_wconf 79' lang='grc' dir='ltr'>τῆς</span> <span class='ocrx_word' id='word_1_224' title='bbox 3026 1408 3289 1484; x_wconf 83' lang='grc' dir='ltr'><strong>σωτηρίας</strong></span> <span class='ocrx_word' id='word_1_225' title='bbox 3342 1406 3498 1481; x_wconf 73' lang='grc' dir='ltr'>ἡμῶν</span> <span class='ocrx_word' id='word_1_226' title='bbox 3528 1405 3786 1482; x_wconf 57' lang='grc' dir='ltr'><strong>ἰτέα-το,</strong></span> <span class='ocrx_word' id='word_1_227' title='bbox 3852 1400 3957 1458; x_wconf 77' lang='grc' dir='ltr'><strong>διὰ</strong></span> 
     </span>
    </p>
   </div>
   <div class='ocr_carea' id='block_1_30' title="bbox 2238 1494 3951 1575">
    <p class='ocr_par' dir='ltr' id='par_1_30' title="bbox 2238 1494 3951 1575">
     <span class='ocr_line' id='line_1_30' title="bbox 2238 1494 3951 1575; baseline -0.002 -24"><span class='ocrx_word' id='word_1_228' title='bbox 2238 1503 2393 1552; x_wconf 83' lang='grc' dir='ltr'>τοῦτο</span> <span class='ocrx_word' id='word_1_229' title='bbox 2446 1498 2569 1553; x_wconf 83' lang='grc' dir='ltr'>εἷπε</span> <span class='ocrx_word' id='word_1_230' title='bbox 2622 1498 2819 1553; x_wconf 69' lang='grc' dir='ltr'>πάντα·</span> <span class='ocrx_word' id='word_1_231' title='bbox 2849 1494 3238 1575; x_wconf 72' lang='grc' dir='ltr'>παραδεδόσθαι</span> <span class='ocrx_word' id='word_1_232' title='bbox 3286 1498 3449 1569; x_wconf 67' lang='grc' dir='ltr'>ὠτῷ,</span> <span class='ocrx_word' id='word_1_233' title='bbox 3508 1495 3689 1569; x_wconf 83' lang='grc' dir='ltr'>ὥσπερ</span> <span class='ocrx_word' id='word_1_234' title='bbox 3761 1495 3847 1549; x_wconf 77' lang='grc' dir='ltr'><strong>ἄν</strong></span> <span class='ocrx_word' id='word_1_235' title='bbox 3900 1494 3951 1548; x_wconf 80' lang='grc' dir='ltr'><strong>εἰ</strong></span> 
     </span>
    </p>
   </div>
   <div class='ocr_carea' id='block_1_31' title="bbox 2238 1576 3947 1664">
    <p class='ocr_par' dir='ltr' id='par_1_31' title="bbox 2238 1576 3947 1664">
     <span class='ocr_line' id='line_1_31' title="bbox 2238 1576 3947 1664; baseline -0.001 -25"><span class='ocrx_word' id='word_1_236' title='bbox 2238 1583 2419 1663; x_wconf 69' lang='grc' dir='ltr'><strong>ἔλεγεν</strong></span> <span class='ocrx_word' id='word_1_237' title='bbox 2453 1601 2467 1615; x_wconf 83' lang='grc'><strong>⁸</strong></span> <span class='ocrx_word' id='word_1_238' title='bbox 2531 1576 2587 1642; x_wconf 59' lang='grc' dir='ltr'><strong>ὐ</strong></span> <span class='ocrx_word' id='word_1_239' title='bbox 2635 1587 2819 1664; x_wconf 73' lang='grc' dir='ltr'>Πατήρ</span> <span class='ocrx_word' id='word_1_240' title='bbox 2879 1608 2980 1661; x_wconf 84' lang='grc' dir='ltr'><strong>μου</strong></span> <span class='ocrx_word' id='word_1_241' title='bbox 3022 1584 3138 1661; x_wconf 80' lang='grc' dir='ltr'>ἐμοὶ</span> <span class='ocrx_word' id='word_1_242' title='bbox 3189 1584 3517 1641; x_wconf 79' lang='grc' dir='ltr'>ένεπίστευσε</span> <span class='ocrx_word' id='word_1_243' title='bbox 3573 1584 3790 1657; x_wconf 76' lang='grc' dir='ltr'>πάντα,</span> <span class='ocrx_word' id='word_1_244' title='bbox 3872 1584 3947 1638; x_wconf 78' lang='grc' dir='ltr'>τὸ</span> 
     </span>
    </p>
   </div>
   <div class='ocr_carea' id='block_1_32' title="bbox 2237 1672 3942 1756">
    <p class='ocr_par' dir='ltr' id='par_1_32' title="bbox 2237 1672 3942 1756">
     <span class='ocr_line' id='line_1_32' title="bbox 2237 1672 3942 1756; baseline -0.002 -27"><span class='ocrx_word' id='word_1_245' title='bbox 2237 1675 2594 1756; x_wconf 81' lang='grc' dir='ltr'>σαρκωθῆναι,</span> <span class='ocrx_word' id='word_1_246' title='bbox 2653 1678 2714 1731; x_wconf 76' lang='grc' dir='ltr'>τὸ</span> <span class='ocrx_word' id='word_1_247' title='bbox 2774 1679 2989 1746; x_wconf 69' lang='grc' dir='ltr'><strong>παθεῖν,</strong></span> <span class='ocrx_word' id='word_1_248' title='bbox 3039 1677 3100 1730; x_wconf 84' lang='grc' dir='ltr'>τὸ</span> <span class='ocrx_word' id='word_1_249' title='bbox 3157 1672 3471 1751; x_wconf 76' lang='grc' dir='ltr'>ἀναστῆναι,</span> <span class='ocrx_word' id='word_1_250' title='bbox 3503 1674 3563 1729; x_wconf 76' lang='grc' dir='ltr'>τὸ</span> <span class='ocrx_word' id='word_1_251' title='bbox 3592 1678 3776 1727; x_wconf 82' lang='grc' dir='ltr'>σῶσαι</span> <span class='ocrx_word' id='word_1_252' title='bbox 3815 1673 3942 1738; x_wconf 70' lang='grc' dir='ltr'><strong>τὴν</strong></span> 
     </span>
    </p>
   </div>
   <div class='ocr_carea' id='block_1_33' title="bbox 2236 1762 3935 1844">
    <p class='ocr_par' dir='ltr' id='par_1_33' title="bbox 2236 1762 3935 1844">
     <span class='ocr_line' id='line_1_33' title="bbox 2236 1762 3935 1844; baseline -0.002 -25"><span class='ocrx_word' id='word_1_253' title='bbox 2236 1765 2576 1821; x_wconf 79' lang='grc' dir='ltr'>ἀπωσθεῖσαν</span> <span class='ocrx_word' id='word_1_254' title='bbox 2630 1765 2804 1844; x_wconf 76' lang='grc' dir='ltr'>φύσιν,</span> <span class='ocrx_word' id='word_1_255' title='bbox 2863 1765 2951 1820; x_wconf 85' lang='grc' dir='ltr'>καὶ</span> <span class='ocrx_word' id='word_1_256' title='bbox 3013 1762 3176 1827; x_wconf 65' lang='grc' dir='ltr'>οὐδεὶς</span> <span class='ocrx_word' id='word_1_257' title='bbox 3234 1763 3488 1842; x_wconf 82' lang='grc' dir='ltr'><strong>γινώσκει</strong></span> <span class='ocrx_word' id='word_1_258' title='bbox 3532 1764 3624 1817; x_wconf 80' lang='grc' dir='ltr'><strong>τὺν</strong></span> <span class='ocrx_word' id='word_1_259' title='bbox 3668 1764 3810 1817; x_wconf 70' lang='grc' dir='ltr'><strong>Υἱὸν</strong></span> <span class='ocrx_word' id='word_1_260' title='bbox 3880 1762 3935 1815; x_wconf 80' lang='grc' dir='ltr'><strong>εἰ</strong></span> 
     </span>
    </p>
   </div>
   <div class='ocr_carea' id='block_1_34' title="bbox 506 1841 2131 1938">
    <p class='ocr_par' dir='ltr' id='par_1_34' title="bbox 506 1841 2131 1938">
     <span class='ocr_line' id='line_1_34' title="bbox 506 1841 2131 1938; baseline 0.003 -25"><span class='ocrx_word' id='word_1_261' title='bbox 506 1841 921 1934; x_wconf 74' lang='lat' dir='ltr'><strong>omuia,etnon</strong></span> <span class='ocrx_word' id='word_1_262' title='bbox 938 1841 1403 1929; x_wconf 79' lang='lat' dir='ltr'><strong>alteri,fortassis</strong></span> <span class='ocrx_word' id='word_1_263' title='bbox 1425 1841 1632 1934; x_wconf 65' lang='lat' dir='ltr'><strong>angelo</strong></span> <span class='ocrx_word' id='word_1_264' title='bbox 1653 1857 1735 1919; x_wconf 85' lang='lat' dir='ltr'><strong>vel</strong></span> <span class='ocrx_word' id='word_1_265' title='bbox 1760 1860 2131 1938; x_wconf 57' lang='lat' dir='ltr'><strong>archangeloﬁ</strong></span> 
     </span>
    </p>
   </div>
   <div class='ocr_carea' id='block_1_35' title="bbox 2209 1841 3923 1938">
    <p class='ocr_par' dir='ltr' id='par_1_35' title="bbox 2209 1841 3923 1932">
     <span class='ocr_line' id='line_1_35' title="bbox 2209 1841 3923 1932; baseline -0.002 -23"><span class='ocrx_word' id='word_1_266' title='bbox 2209 1849 2311 1928; x_wconf 54' lang='grc' dir='ltr'><strong>ίμη</strong></span> <span class='ocrx_word' id='word_1_267' title='bbox 2356 1856 2384 1909; x_wconf 97' lang='lat'><strong>6</strong></span> <span class='ocrx_word' id='word_1_268' title='bbox 2428 1841 2654 1932; x_wconf 49' lang='grc' dir='ltr'>Πατὴρ,</span> <span class='ocrx_word' id='word_1_269' title='bbox 2691 1841 2799 1910; x_wconf 23' lang='grc' dir='ltr'><strong>καὶν</strong></span> <span class='ocrx_word' id='word_1_270' title='bbox 2836 1854 2913 1917; x_wconf 79' lang='grc' dir='ltr'><strong>τίς</strong></span> <span class='ocrx_word' id='word_1_271' title='bbox 2973 1852 3114 1909; x_wconf 80' lang='grc' dir='ltr'><strong>ἐστιν</strong></span> <span class='ocrx_word' id='word_1_272' title='bbox 3165 1854 3192 1909; x_wconf 94' lang='lat'><strong>6</strong></span> <span class='ocrx_word' id='word_1_273' title='bbox 3244 1852 3449 1925; x_wconf 74' lang='grc' dir='ltr'>Πατὴρ,</span> <span class='ocrx_word' id='word_1_274' title='bbox 3497 1852 3540 1906; x_wconf 79' lang='grc' dir='ltr'>εἰ</span> <span class='ocrx_word' id='word_1_275' title='bbox 3569 1851 3648 1926; x_wconf 73' lang='grc' dir='ltr'>μὴ</span> <span class='ocrx_word' id='word_1_276' title='bbox 3679 1853 3710 1907; x_wconf 91' lang='lat'><strong>6</strong></span> <span class='ocrx_word' id='word_1_277' title='bbox 3745 1851 3923 1915; x_wconf 68' lang='grc' dir='ltr'>Υἱός·</span> 
     </span>
    </p>
   </div>
   <div class='ocr_carea' id='block_1_36' title="bbox 502 1942 2142 2029">
    <p class='ocr_par' dir='ltr' id='par_1_36' title="bbox 502 1942 2142 2029">
     <span class='ocr_line' id='line_1_36' title="bbox 502 1942 2142 2029; baseline 0.006 -28"><span class='ocrx_word' id='word_1_278' title='bbox 502 1942 1161 2027; x_wconf 85' lang='lat' dir='ltr'><strong>dicit,quodPropterea</strong></span> <span class='ocrx_word' id='word_1_279' title='bbox 1182 1944 1678 2019; x_wconf 83' lang='lat' dir='ltr'><strong>mihitradidit,eo</strong></span> <span class='ocrx_word' id='word_1_280' title='bbox 1696 1948 1851 2024; x_wconf 90' lang='lat' dir='ltr'><strong>quod</strong></span> <span class='ocrx_word' id='word_1_281' title='bbox 1872 1949 2142 2029; x_wconf 81' lang='lat' dir='ltr'><strong>ejusdem</strong></span> 
     </span>
    </p>
   </div>
   <div class='ocr_carea' id='block_1_37' title="bbox 501 2033 2145 2102">
    <p class='ocr_par' dir='ltr' id='par_1_37' title="bbox 501 2033 2145 2102">
     <span class='ocr_line' id='line_1_37' title="bbox 501 2033 2145 2102; baseline 0.007 -12"><span class='ocrx_word' id='word_1_282' title='bbox 501 2040 729 2093; x_wconf 56' lang='lat' dir='ltr'><strong>natura;</strong></span> <span class='ocrx_word' id='word_1_283' title='bbox 764 2040 824 2092; x_wconf 89' lang='lat' dir='ltr'><strong>et</strong></span> <span class='ocrx_word' id='word_1_284' title='bbox 861 2033 1206 2094; x_wconf 71' lang='lat' dir='ltr'><strong>substantiae</strong></span> <span class='ocrx_word' id='word_1_285' title='bbox 1236 2053 1362 2095; x_wconf 93' lang='lat' dir='ltr'><strong>sum</strong></span> <span class='ocrx_word' id='word_1_286' title='bbox 1414 2053 1549 2096; x_wconf 84' lang='lat' dir='ltr'><strong>cum</strong></span> <span class='ocrx_word' id='word_1_287' title='bbox 1578 2054 1670 2097; x_wconf 82' lang='lat' dir='ltr'><strong>eo.</strong></span> <span class='ocrx_word' id='word_1_288' title='bbox 1706 2036 1776 2097; x_wconf 87' lang='lat' dir='ltr'><strong>Et</strong></span> <span class='ocrx_word' id='word_1_289' title='bbox 1798 2038 1950 2099; x_wconf 89' lang='lat' dir='ltr'><strong>sicut</strong></span> <span class='ocrx_word' id='word_1_290' title='bbox 1978 2039 2145 2102; x_wconf 91' lang='lat' dir='ltr'><strong>illum</strong></span> 
     </span>
    </p>
   </div>
   <div class='ocr_carea' id='block_1_38' title="bbox 502 2121 2144 2203">
    <p class='ocr_par' dir='ltr' id='par_1_38' title="bbox 502 2121 2144 2203">
     <span class='ocr_line' id='line_1_38' title="bbox 502 2121 2144 2203; baseline 0.009 -24"><span class='ocrx_word' id='word_1_291' title='bbox 502 2121 700 2182; x_wconf 93' lang='lat' dir='ltr'><strong>nullus</strong></span> <span class='ocrx_word' id='word_1_292' title='bbox 728 2124 866 2195; x_wconf 84' lang='lat' dir='ltr'><strong>scit,</strong></span> <span class='ocrx_word' id='word_1_293' title='bbox 902 2121 980 2181; x_wconf 89' lang='lat' dir='ltr'><strong>ita</strong></span> <span class='ocrx_word' id='word_1_294' title='bbox 1012 2141 1207 2203; x_wconf 86' lang='lat' dir='ltr'><strong>neque</strong></span> <span class='ocrx_word' id='word_1_295' title='bbox 1260 2142 1352 2184; x_wconf 90' lang='lat' dir='ltr'><strong>me</strong></span> <span class='ocrx_word' id='word_1_296' title='bbox 1385 2124 1499 2185; x_wconf 84' lang='lat' dir='ltr'><strong>nisi</strong></span> <span class='ocrx_word' id='word_1_297' title='bbox 1541 2127 1715 2186; x_wconf 87' lang='lat' dir='ltr'><strong>Pater</strong></span> <span class='ocrx_word' id='word_1_298' title='bbox 1744 2128 1943 2188; x_wconf 88' lang='lat' dir='ltr'><strong>solus:</strong></span> <span class='ocrx_word' id='word_1_299' title='bbox 1979 2138 2036 2190; x_wconf 90' lang='lat' dir='ltr'><strong>et</strong></span> <span class='ocrx_word' id='word_1_300' title='bbox 2064 2130 2144 2193; x_wconf 86' lang='lat' dir='ltr'><strong>ita</strong></span> 
     </span>
    </p>
   </div>
   <div class='ocr_carea' id='block_1_39' title="bbox 501 2210 2143 2293">
    <p class='ocr_par' dir='ltr' id='par_1_39' title="bbox 501 2210 2143 2293">
     <span class='ocr_line' id='line_1_39' title="bbox 501 2210 2143 2293; baseline 0.008 -25"><span class='ocrx_word' id='word_1_301' title='bbox 501 2210 711 2270; x_wconf 89' lang='lat' dir='ltr'><strong>merito</strong></span> <span class='ocrx_word' id='word_1_302' title='bbox 740 2212 885 2272; x_wconf 88' lang='lat' dir='ltr'><strong>mihi</strong></span> <span class='ocrx_word' id='word_1_303' title='bbox 919 2210 1157 2272; x_wconf 89' lang='lat' dir='ltr'><strong>tradidit</strong></span> <span class='ocrx_word' id='word_1_304' title='bbox 1186 2214 1385 2273; x_wconf 89' lang='lat' dir='ltr'><strong>omnia</strong></span> <span class='ocrx_word' id='word_1_305' title='bbox 1413 2221 1473 2274; x_wconf 93' lang='lat' dir='ltr'><strong>ut</strong></span> <span class='ocrx_word' id='word_1_306' title='bbox 1505 2214 1771 2293; x_wconf 85' lang='lat' dir='ltr'><strong>ejusdem</strong></span> <span class='ocrx_word' id='word_1_307' title='bbox 1805 2224 2028 2280; x_wconf 61' lang='lat' dir='ltr'><strong>natura;</strong></span> <span class='ocrx_word' id='word_1_308' title='bbox 2052 2238 2143 2281; x_wconf 87' lang='lat' dir='ltr'><strong>se-</strong></span> 
     </span>
    </p>
   </div>
   <div class='ocr_carea' id='block_1_40' title="bbox 495 2301 2142 2379">
    <p class='ocr_par' dir='ltr' id='par_1_40' title="bbox 495 2301 2142 2379">
     <span class='ocr_line' id='line_1_40' title="bbox 495 2301 2142 2379; baseline 0.007 -22"><span class='ocrx_word' id='word_1_309' title='bbox 495 2316 655 2374; x_wconf 90' lang='lat' dir='ltr'><strong>cum,</strong></span> <span class='ocrx_word' id='word_1_310' title='bbox 690 2318 1046 2379; x_wconf 82' lang='lat' dir='ltr'><strong>omnemque</strong></span> <span class='ocrx_word' id='word_1_311' title='bbox 1077 2301 1471 2379; x_wconf 81' lang='lat' dir='ltr'><strong>cognitionem</strong></span> <span class='ocrx_word' id='word_1_312' title='bbox 1505 2304 1966 2379; x_wconf 86' lang='lat' dir='ltr'><strong>transcendenti,</strong></span> <span class='ocrx_word' id='word_1_313' title='bbox 1993 2308 2142 2369; x_wconf 88' lang='lat' dir='ltr'><strong>sicut</strong></span> 
     </span>
    </p>
   </div>
   <div class='ocr_carea' id='block_1_41' title="bbox 494 2387 2138 2468">
    <p class='ocr_par' dir='ltr' id='par_1_41' title="bbox 494 2387 2138 2468">
     <span class='ocr_line' id='line_1_41' title="bbox 494 2387 2138 2468; baseline 0.007 -23"><span class='ocrx_word' id='word_1_314' title='bbox 494 2387 669 2447; x_wconf 89' lang='lat' dir='ltr'><strong>etiam</strong></span> <span class='ocrx_word' id='word_1_315' title='bbox 695 2388 821 2466; x_wconf 91' lang='lat' dir='ltr'><strong>ipse</strong></span> <span class='ocrx_word' id='word_1_316' title='bbox 853 2405 1032 2465; x_wconf 89' lang='lat' dir='ltr'><strong>supra</strong></span> <span class='ocrx_word' id='word_1_317' title='bbox 1063 2407 1299 2449; x_wconf 89' lang='lat' dir='ltr'><strong>omnem</strong></span> <span class='ocrx_word' id='word_1_318' title='bbox 1333 2391 1687 2468; x_wconf 80' lang='lat' dir='ltr'><strong>cognitionis</strong></span> <span class='ocrx_word' id='word_1_319' title='bbox 1713 2391 1828 2452; x_wconf 86' lang='lat' dir='ltr'><strong>vim</strong></span> <span class='ocrx_word' id='word_1_320' title='bbox 1864 2403 1974 2457; x_wconf 77' lang='lat' dir='ltr'><strong>est.</strong></span> <span class='ocrx_word' id='word_1_321' title='bbox 2007 2399 2138 2458; x_wconf 84' lang='lat' dir='ltr'><strong>Eto-</strong></span> 
     </span>
    </p>
   </div>
   <div class='ocr_carea' id='block_1_42' title="bbox 493 2473 2136 2559">
    <p class='ocr_par' dir='ltr' id='par_1_42' title="bbox 493 2473 2136 2559">
     <span class='ocr_line' id='line_1_42' title="bbox 493 2473 2136 2559; baseline 0.008 -26"><span class='ocrx_word' id='word_1_322' title='bbox 493 2473 614 2535; x_wconf 92' lang='lat' dir='ltr'><strong>nim</strong></span> <span class='ocrx_word' id='word_1_323' title='bbox 648 2474 848 2551; x_wconf 85' lang='lat' dir='ltr'><strong>Pater,</strong></span> <span class='ocrx_word' id='word_1_324' title='bbox 885 2476 1094 2557; x_wconf 90' lang='lat' dir='ltr'><strong>inquit,</strong></span> <span class='ocrx_word' id='word_1_325' title='bbox 1120 2495 1153 2538; x_wconf 91' lang='lat' dir='ltr'><strong>a</strong></span> <span class='ocrx_word' id='word_1_326' title='bbox 1176 2478 1302 2539; x_wconf 90' lang='lat' dir='ltr'><strong>solo</strong></span> <span class='ocrx_word' id='word_1_327' title='bbox 1338 2478 1486 2539; x_wconf 88' lang='lat' dir='ltr'><strong>Filio</strong></span> <span class='ocrx_word' id='word_1_328' title='bbox 1524 2482 1926 2559; x_wconf 85' lang='lat' dir='ltr'><strong>cognoscitur,</strong></span> <span class='ocrx_word' id='word_1_329' title='bbox 1955 2493 2013 2545; x_wconf 90' lang='lat' dir='ltr'><strong>et</strong></span> <span class='ocrx_word' id='word_1_330' title='bbox 2043 2487 2136 2546; x_wconf 87' lang='lat' dir='ltr'><strong>cui</strong></span> 
     </span>
    </p>
   </div>
   <div class='ocr_carea' id='block_1_43' title="bbox 490 2560 2137 2654">
    <p class='ocr_par' dir='ltr' id='par_1_43' title="bbox 490 2560 2137 2654">
     <span class='ocr_line' id='line_1_43' title="bbox 490 2560 2137 2654; baseline 0.008 -33"><span class='ocrx_word' id='word_1_331' title='bbox 490 2560 677 2624; x_wconf 92' lang='lat' dir='ltr'><strong>Filius</strong></span> <span class='ocrx_word' id='word_1_332' title='bbox 693 2565 946 2626; x_wconf 91' lang='lat' dir='ltr'><strong>voluerit</strong></span> <span class='ocrx_word' id='word_1_333' title='bbox 961 2565 1408 2628; x_wconf 77' lang='lat' dir='ltr'><strong>revelare.Vide</strong></span> <span class='ocrx_word' id='word_1_334' title='bbox 1429 2575 1623 2629; x_wconf 87' lang='lat' dir='ltr'><strong>autem</strong></span> <span class='ocrx_word' id='word_1_335' title='bbox 1639 2570 1795 2649; x_wconf 91' lang='lat' dir='ltr'><strong>quod</strong></span> <span class='ocrx_word' id='word_1_336' title='bbox 1812 2568 1996 2633; x_wconf 89' lang='lat' dir='ltr'><strong>Filius</strong></span> <span class='ocrx_word' id='word_1_337' title='bbox 2012 2576 2137 2654; x_wconf 88' lang='lat' dir='ltr'><strong>qui-</strong></span> 
     </span>
    </p>
   </div>
   <div class='ocr_carea' id='block_1_44' title="bbox 491 2651 2134 2734">
    <p class='ocr_par' dir='ltr' id='par_1_44' title="bbox 491 2651 2134 2734">
     <span class='ocr_line' id='line_1_44' title="bbox 491 2651 2134 2734; baseline 0.009 -23"><span class='ocrx_word' id='word_1_338' title='bbox 491 2651 625 2712; x_wconf 88' lang='lat' dir='ltr'><strong>dem</strong></span> <span class='ocrx_word' id='word_1_339' title='bbox 650 2672 767 2714; x_wconf 89' lang='lat' dir='ltr'><strong>non</strong></span> <span class='ocrx_word' id='word_1_340' title='bbox 789 2670 896 2731; x_wconf 91' lang='lat' dir='ltr'><strong>per</strong></span> <span class='ocrx_word' id='word_1_341' title='bbox 910 2654 1332 2716; x_wconf 87' lang='lat' dir='ltr'><strong>revelationem</strong></span> <span class='ocrx_word' id='word_1_342' title='bbox 1362 2660 1952 2734; x_wconf 88' lang='lat' dir='ltr'><strong>cognoscatPatrem,</strong></span> <span class='ocrx_word' id='word_1_343' title='bbox 1971 2651 2134 2725; x_wconf 80' lang='lat' dir='ltr'><strong>crea-</strong></span> 
     </span>
    </p>
   </div>
   <div class='ocr_carea' id='block_1_45' title="bbox 488 2744 2132 2830">
    <p class='ocr_par' dir='ltr' id='par_1_45' title="bbox 488 2744 2132 2830">
     <span class='ocr_line' id='line_1_45' title="bbox 488 2744 2132 2830; baseline 0.009 -29"><span class='ocrx_word' id='word_1_344' title='bbox 488 2749 633 2802; x_wconf 73' lang='lat' dir='ltr'><strong>turae</strong></span> <span class='ocrx_word' id='word_1_345' title='bbox 655 2752 846 2803; x_wconf 91' lang='lat' dir='ltr'><strong>autem</strong></span> <span class='ocrx_word' id='word_1_346' title='bbox 873 2744 1434 2824; x_wconf 88' lang='lat' dir='ltr'><strong>perrevelationem:</strong></span> <span class='ocrx_word' id='word_1_347' title='bbox 1452 2746 1636 2824; x_wconf 86' lang='lat' dir='ltr'><strong>gratia</strong></span> <span class='ocrx_word' id='word_1_348' title='bbox 1650 2747 1809 2808; x_wconf 88' lang='lat' dir='ltr'><strong>enim</strong></span> <span class='ocrx_word' id='word_1_349' title='bbox 1831 2750 2132 2830; x_wconf 82' lang='lat' dir='ltr'><strong>accipiunt</strong></span> 
     </span>
    </p>
   </div>
   <div class='ocr_carea' id='block_1_46' title="bbox 485 2831 2129 2912">
    <p class='ocr_par' dir='ltr' id='par_1_46' title="bbox 485 2831 2129 2912">
     <span class='ocr_line' id='line_1_46' title="bbox 485 2831 2129 2912; baseline 0.007 -23"><span class='ocrx_word' id='word_1_350' title='bbox 485 2831 830 2893; x_wconf 90' lang='lat' dir='ltr'><strong>scientiam:</strong></span> <span class='ocrx_word' id='word_1_351' title='bbox 868 2853 984 2893; x_wconf 90' lang='lat' dir='ltr'><strong>non</strong></span> <span class='ocrx_word' id='word_1_352' title='bbox 1016 2833 1188 2912; x_wconf 91' lang='lat' dir='ltr'><strong>igitur</strong></span> <span class='ocrx_word' id='word_1_353' title='bbox 1203 2842 1437 2896; x_wconf 88' lang='lat' dir='ltr'><strong>creatus</strong></span> <span class='ocrx_word' id='word_1_354' title='bbox 1461 2846 1547 2898; x_wconf 90' lang='lat' dir='ltr'><strong>est</strong></span> <span class='ocrx_word' id='word_1_355' title='bbox 1568 2835 1773 2898; x_wconf 88' lang='lat' dir='ltr'><strong>Filius.</strong></span> <span class='ocrx_word' id='word_1_356' title='bbox 1795 2840 2129 2903; x_wconf 86' lang='lat' dir='ltr'><strong>Conversus</strong></span> 
     </span>
    </p>
   </div>
   <div class='ocr_carea' id='block_1_47' title="bbox 487 2921 2128 3003">
    <p class='ocr_par' dir='ltr' id='par_1_47' title="bbox 487 2921 2128 3003">
     <span class='ocr_line' id='line_1_47' title="bbox 487 2921 2128 3003; baseline 0.009 -24"><span class='ocrx_word' id='word_1_357' title='bbox 487 2937 623 2981; x_wconf 87' lang='lat' dir='ltr'><strong>vero</strong></span> <span class='ocrx_word' id='word_1_358' title='bbox 654 2921 725 2981; x_wconf 90' lang='lat' dir='ltr'><strong>ad</strong></span> <span class='ocrx_word' id='word_1_359' title='bbox 780 2921 1127 3003; x_wconf 91' lang='lat' dir='ltr'><strong>discipulos,</strong></span> <span class='ocrx_word' id='word_1_360' title='bbox 1177 2922 1382 2985; x_wconf 85' lang='lat' dir='ltr'><strong>beatos</strong></span> <span class='ocrx_word' id='word_1_361' title='bbox 1428 2925 1563 2987; x_wconf 82' lang='lat' dir='ltr'><strong>illos</strong></span> <span class='ocrx_word' id='word_1_362' title='bbox 1602 2927 1764 3001; x_wconf 89' lang='lat' dir='ltr'><strong>dicit,</strong></span> <span class='ocrx_word' id='word_1_363' title='bbox 1820 2936 1876 2989; x_wconf 90' lang='lat' dir='ltr'><strong>et</strong></span> <span class='ocrx_word' id='word_1_364' title='bbox 1920 2948 2128 2993; x_wconf 88' lang='lat' dir='ltr'><strong>omnes</strong></span> 
     </span>
    </p>
   </div>
   <div class='ocr_carea' id='block_1_48' title="bbox 481 3012 2123 3093">
    <p class='ocr_par' dir='ltr' id='par_1_48' title="bbox 481 3012 2123 3093">
     <span class='ocr_line' id='line_1_48' title="bbox 481 3012 2123 3093; baseline 0.007 -23"><span class='ocrx_word' id='word_1_365' title='bbox 481 3027 718 3090; x_wconf 88' lang='lat' dir='ltr'><strong>quoque</strong></span> <span class='ocrx_word' id='word_1_366' title='bbox 739 3013 837 3091; x_wconf 91' lang='lat' dir='ltr'><strong>qui</strong></span> <span class='ocrx_word' id='word_1_367' title='bbox 868 3032 1001 3073; x_wconf 91' lang='lat' dir='ltr'><strong>cum</strong></span> <span class='ocrx_word' id='word_1_368' title='bbox 1036 3012 1154 3074; x_wconf 85' lang='lat' dir='ltr'><strong>ﬁde</strong></span> <span class='ocrx_word' id='word_1_369' title='bbox 1183 3014 1374 3093; x_wconf 90' lang='lat' dir='ltr'><strong>ipsum</strong></span> <span class='ocrx_word' id='word_1_370' title='bbox 1408 3014 1468 3075; x_wconf 91' lang='lat' dir='ltr'><strong>in</strong></span> <span class='ocrx_word' id='word_1_371' title='bbox 1510 3033 1690 3077; x_wconf 87' lang='lat' dir='ltr'><strong>carne</strong></span> <span class='ocrx_word' id='word_1_372' title='bbox 1726 3016 2123 3081; x_wconf 88' lang='lat' dir='ltr'><strong>ambulantem</strong></span> 
     </span>
    </p>
   </div>
   <div class='ocr_carea' id='block_1_49' title="bbox 479 3096 2125 3188">
    <p class='ocr_par' dir='ltr' id='par_1_49' title="bbox 479 3096 2125 3188">
     <span class='ocr_line' id='line_1_49' title="bbox 479 3096 2125 3188; baseline 0.009 -31"><span class='ocrx_word' id='word_1_373' title='bbox 479 3096 679 3188; x_wconf 82' lang='lat' dir='ltr'><strong>vident</strong></span> <span class='ocrx_word' id='word_1_374' title='bbox 709 3110 768 3161; x_wconf 90' lang='lat' dir='ltr'><strong>et</strong></span> <span class='ocrx_word' id='word_1_375' title='bbox 800 3101 1083 3163; x_wconf 87' lang='lat' dir='ltr'><strong>miracula</strong></span> <span class='ocrx_word' id='word_1_376' title='bbox 1126 3112 1494 3182; x_wconf 88' lang='lat' dir='ltr'><strong>operantem.</strong></span> <span class='ocrx_word' id='word_1_377' title='bbox 1547 3104 1777 3167; x_wconf 87' lang='lat' dir='ltr'><strong>Etenim</strong></span> <span class='ocrx_word' id='word_1_378' title='bbox 1823 3109 2125 3188; x_wconf 70' lang='lat' dir='ltr'><strong>prophetae</strong></span> 
     </span>
    </p>
   </div>
   <div class='ocr_carea' id='block_1_50' title="bbox 2142 3158 2183 3207">
    <p class='ocr_par' dir='ltr' id='par_1_50' title="bbox 2142 3158 2183 3207">
     <span class='ocr_line' id='line_1_50' title="bbox 2142 3158 2183 3207; baseline 0 0"><span class='ocrx_word' id='word_1_379' title='bbox 2142 3158 2183 3207; x_wconf 91' lang='lat' dir='ltr'><strong><em>C</em></strong></span> 
     </span>
    </p>
   </div>
   <div class='ocr_carea' id='block_1_51' title="bbox 2228 1939 3926 2022">
    <p class='ocr_par' dir='ltr' id='par_1_51' title="bbox 2228 1939 3926 2022">
     <span class='ocr_line' id='line_1_51' title="bbox 2228 1939 3926 2022; baseline -0.002 -24"><span class='ocrx_word' id='word_1_380' title='bbox 2228 1939 2410 2009; x_wconf 79' lang='grc' dir='ltr'>ἐπειδὴ</span> <span class='ocrx_word' id='word_1_381' title='bbox 2469 1942 2624 1997; x_wconf 76' lang='grc' dir='ltr'><strong>εἶπεν</strong></span> <span class='ocrx_word' id='word_1_382' title='bbox 2677 1941 2782 2022; x_wconf 82' lang='grc' dir='ltr'>ὅτι,</span> <span class='ocrx_word' id='word_1_383' title='bbox 2836 1943 3012 1998; x_wconf 76' lang='grc' dir='ltr'>Πάντα</span> <span class='ocrx_word' id='word_1_384' title='bbox 3068 1963 3157 2016; x_wconf 88' lang='grc' dir='ltr'>μοι</span> <span class='ocrx_word' id='word_1_385' title='bbox 3188 1939 3472 2019; x_wconf 87' lang='grc' dir='ltr'>παρεδόθη,</span> <span class='ocrx_word' id='word_1_386' title='bbox 3506 1940 3700 1995; x_wconf 80' lang='grc' dir='ltr'>ὡσανεὶ</span> <span class='ocrx_word' id='word_1_387' title='bbox 3752 1940 3926 1995; x_wconf 74' lang='grc' dir='ltr'>ἁπο-</span> 
     </span>
    </p>
   </div>
   <div class='ocr_carea' id='block_1_52' title="bbox 2227 2022 3919 2111">
    <p class='ocr_par' dir='ltr' id='par_1_52' title="bbox 2227 2022 3919 2111">
     <span class='ocr_line' id='line_1_52' title="bbox 2227 2022 3919 2111; baseline -0.001 -24"><span class='ocrx_word' id='word_1_388' title='bbox 2227 2032 2338 2111; x_wconf 86' lang='grc' dir='ltr'>ρίαν</span> <span class='ocrx_word' id='word_1_389' title='bbox 2370 2032 2487 2088; x_wconf 75' lang='grc' dir='ltr'>τινα</span> <span class='ocrx_word' id='word_1_390' title='bbox 2515 2030 2628 2087; x_wconf 85' lang='grc' dir='ltr'>λύει</span> <span class='ocrx_word' id='word_1_391' title='bbox 2667 2039 2775 2093; x_wconf 76' lang='grc' dir='ltr'>νῦν,</span> <span class='ocrx_word' id='word_1_392' title='bbox 2837 2022 2872 2057; x_wconf 76' lang='grc'><strong>’¹</strong></span> <span class='ocrx_word' id='word_1_393' title='bbox 2884 2040 2968 2087; x_wconf 82' lang='grc' dir='ltr'><strong>ινα</strong></span> <span class='ocrx_word' id='word_1_394' title='bbox 3012 2033 3112 2110; x_wconf 78' lang='grc' dir='ltr'><strong>γὰρ</strong></span> <span class='ocrx_word' id='word_1_395' title='bbox 3143 2031 3221 2106; x_wconf 77' lang='grc' dir='ltr'>μὴ</span> <span class='ocrx_word' id='word_1_396' title='bbox 3251 2030 3424 2107; x_wconf 78' lang='grc' dir='ltr'>ἀπορῄ</span> <span class='ocrx_word' id='word_1_397' title='bbox 3454 2051 3561 2109; x_wconf 88' lang='grc' dir='ltr'>τις,</span> <span class='ocrx_word' id='word_1_398' title='bbox 3597 2029 3696 2087; x_wconf 79' lang='grc' dir='ltr'><strong>Καὶ</strong></span> <span class='ocrx_word' id='word_1_399' title='bbox 3742 2030 3919 2091; x_wconf 75' lang='grc' dir='ltr'>τίνος</span> 
     </span>
    </p>
   </div>
   <div class='ocr_carea' id='block_1_53' title="bbox 2226 2118 3914 2199">
    <p class='ocr_par' dir='ltr' id='par_1_53' title="bbox 2226 2118 3914 2199">
     <span class='ocr_line' id='line_1_53' title="bbox 2226 2118 3914 2199; baseline -0.003 -23"><span class='ocrx_word' id='word_1_400' title='bbox 2226 2120 2379 2178; x_wconf 74' lang='grc' dir='ltr'>ἕνεκά</span> <span class='ocrx_word' id='word_1_401' title='bbox 2436 2141 2517 2177; x_wconf 93' lang='grc' dir='ltr'>σοι</span> <span class='ocrx_word' id='word_1_402' title='bbox 2581 2118 2854 2199; x_wconf 83' lang='grc' dir='ltr'>παρέδωκε</span> <span class='ocrx_word' id='word_1_403' title='bbox 2906 2120 3078 2176; x_wconf 83' lang='grc' dir='ltr'>πάντα</span> <span class='ocrx_word' id='word_1_404' title='bbox 3137 2120 3222 2175; x_wconf 83' lang='grc' dir='ltr'><strong>καὶ</strong></span> <span class='ocrx_word' id='word_1_405' title='bbox 3282 2122 3385 2197; x_wconf 73' lang='grc' dir='ltr'>οὐχ</span> <span class='ocrx_word' id='word_1_406' title='bbox 3459 2118 3647 2197; x_wconf 64' lang='grc' dir='ltr'><strong>ὲτέριεο,</strong></span> <span class='ocrx_word' id='word_1_407' title='bbox 3713 2120 3914 2197; x_wconf 75' lang='grc' dir='ltr'>τυχὸν</span> 
     </span>
    </p>
   </div>
   <div class='ocr_carea' id='block_1_54' title="bbox 2226 2206 3904 2289">
    <p class='ocr_par' dir='ltr' id='par_1_54' title="bbox 2226 2206 3904 2289">
     <span class='ocr_line' id='line_1_54' title="bbox 2226 2206 3904 2289; baseline -0.002 -25"><span class='ocrx_word' id='word_1_408' title='bbox 2226 2208 2461 2289; x_wconf 84' lang='grc' dir='ltr'>ἀγγέλῳ,</span> <span class='ocrx_word' id='word_1_409' title='bbox 2521 2210 2555 2277; x_wconf 73' lang='grc' dir='ltr'><strong>ἢ</strong></span> <span class='ocrx_word' id='word_1_410' title='bbox 2611 2208 2992 2289; x_wconf 68' lang='grc' dir='ltr'>ἀρχαγγέλῳ,</span> <span class='ocrx_word' id='word_1_411' title='bbox 3066 2211 3248 2287; x_wconf 75' lang='grc' dir='ltr'>φησὶν,</span> <span class='ocrx_word' id='word_1_412' title='bbox 3306 2206 3385 2263; x_wconf 81' lang='grc' dir='ltr'>ὅτι</span> <span class='ocrx_word' id='word_1_413' title='bbox 3439 2208 3535 2263; x_wconf 85' lang='grc' dir='ltr'>Διά</span> <span class='ocrx_word' id='word_1_414' title='bbox 3586 2208 3743 2263; x_wconf 77' lang='grc' dir='ltr'>τοῦτό</span> <span class='ocrx_word' id='word_1_415' title='bbox 3787 2229 3904 2281; x_wconf 78' lang='grc' dir='ltr'><strong>μοι</strong></span> 
     </span>
    </p>
   </div>
   <div class='ocr_carea' id='block_1_55' title="bbox 2225 2296 3893 2377">
    <p class='ocr_par' dir='ltr' id='par_1_55' title="bbox 2225 2296 3893 2377">
     <span class='ocr_line' id='line_1_55' title="bbox 2225 2296 3893 2377; baseline -0.001 -22"><span class='ocrx_word' id='word_1_416' title='bbox 2225 2296 2519 2377; x_wconf 86' lang='grc' dir='ltr'>παρέδωκε,</span> <span class='ocrx_word' id='word_1_417' title='bbox 2582 2296 2712 2354; x_wconf 86' lang='grc' dir='ltr'>διότι</span> <span class='ocrx_word' id='word_1_418' title='bbox 2770 2298 3010 2377; x_wconf 70' lang='grc' dir='ltr'>ὁμοφυὴς</span> <span class='ocrx_word' id='word_1_419' title='bbox 3067 2300 3208 2371; x_wconf 78' lang='grc' dir='ltr'><strong>αὖτῷ</strong></span> <span class='ocrx_word' id='word_1_420' title='bbox 3252 2298 3359 2360; x_wconf 76' lang='grc' dir='ltr'>εἰμι</span> <span class='ocrx_word' id='word_1_421' title='bbox 3417 2297 3503 2352; x_wconf 85' lang='grc' dir='ltr'><strong>καὶ</strong></span> <span class='ocrx_word' id='word_1_422' title='bbox 3564 2297 3893 2370; x_wconf 74' lang='grc' dir='ltr'>ὁμοούσιος.</span> 
     </span>
    </p>
   </div>
   <div class='ocr_carea' id='block_1_56' title="bbox 2226 2383 3892 2468">
    <p class='ocr_par' dir='ltr' id='par_1_56' title="bbox 2226 2383 3892 2468">
     <span class='ocr_line' id='line_1_56' title="bbox 2226 2383 3892 2468; baseline -0.004 -22"><span class='ocrx_word' id='word_1_423' title='bbox 2226 2391 2324 2447; x_wconf 79' lang='grc' dir='ltr'><strong>Καὶ</strong></span> <span class='ocrx_word' id='word_1_424' title='bbox 2400 2390 2577 2468; x_wconf 80' lang='grc' dir='ltr'>ὥσπερ</span> <span class='ocrx_word' id='word_1_425' title='bbox 2647 2391 2854 2445; x_wconf 68' lang='grc' dir='ltr'><strong>ἒκεῒνον</strong></span> <span class='ocrx_word' id='word_1_426' title='bbox 2938 2386 3104 2452; x_wconf 67' lang='grc' dir='ltr'>οὐδεὶς</span> <span class='ocrx_word' id='word_1_427' title='bbox 3180 2389 3456 2466; x_wconf 73' lang='grc' dir='ltr'><strong>γινώσκει,</strong></span> <span class='ocrx_word' id='word_1_428' title='bbox 3528 2387 3697 2448; x_wconf 76' lang='grc' dir='ltr'>οὕτως</span> <span class='ocrx_word' id='word_1_429' title='bbox 3759 2383 3892 2444; x_wconf 71' lang='grc' dir='ltr'>οὐδὲ</span> 
     </span>
    </p>
   </div>
   <div class='ocr_carea' id='block_1_57' title="bbox 2221 2474 3887 2557">
    <p class='ocr_par' dir='ltr' id='par_1_57' title="bbox 2221 2474 3887 2557">
     <span class='ocr_line' id='line_1_57' title="bbox 2221 2474 3887 2557; baseline -0.002 -24"><span class='ocrx_word' id='word_1_430' title='bbox 2221 2477 2338 2553; x_wconf 78' lang='grc' dir='ltr'>ἐμὲ,</span> <span class='ocrx_word' id='word_1_431' title='bbox 2396 2481 2441 2536; x_wconf 80' lang='grc' dir='ltr'><strong>εἰ</strong></span> <span class='ocrx_word' id='word_1_432' title='bbox 2499 2488 2576 2555; x_wconf 73' lang='grc' dir='ltr'>μὴ</span> <span class='ocrx_word' id='word_1_433' title='bbox 2620 2481 2647 2535; x_wconf 82' lang='lat'><strong>6</strong></span> <span class='ocrx_word' id='word_1_434' title='bbox 2678 2479 2862 2557; x_wconf 79' lang='grc' dir='ltr'>Πατὴρ</span> <span class='ocrx_word' id='word_1_435' title='bbox 2892 2478 3078 2556; x_wconf 89' lang='grc' dir='ltr'>μόνος,</span> <span class='ocrx_word' id='word_1_436' title='bbox 3112 2477 3249 2533; x_wconf 78' lang='grc' dir='ltr'><strong>ὥστε</strong></span> <span class='ocrx_word' id='word_1_437' title='bbox 3281 2474 3497 2538; x_wconf 71' lang='grc' dir='ltr'>εἰκότως</span> <span class='ocrx_word' id='word_1_438' title='bbox 3556 2498 3647 2549; x_wconf 87' lang='grc' dir='ltr'><strong>μοι</strong></span> <span class='ocrx_word' id='word_1_439' title='bbox 3700 2475 3887 2553; x_wconf 80' lang='grc' dir='ltr'>παρέ-</span> 
     </span>
    </p>
   </div>
   <div class='ocr_carea' id='block_1_58' title="bbox 2218 2566 3879 2647">
    <p class='ocr_par' dir='ltr' id='par_1_58' title="bbox 2218 2566 3879 2647">
     <span class='ocr_line' id='line_1_58' title="bbox 2218 2566 3879 2647; baseline -0.002 -24"><span class='ocrx_word' id='word_1_440' title='bbox 2218 2567 2352 2624; x_wconf 90' lang='grc' dir='ltr'>δωκε</span> <span class='ocrx_word' id='word_1_441' title='bbox 2408 2570 2601 2643; x_wconf 83' lang='grc' dir='ltr'>πάντα,</span> <span class='ocrx_word' id='word_1_442' title='bbox 2635 2570 2706 2631; x_wconf 80' lang='grc' dir='ltr'>ὡς</span> <span class='ocrx_word' id='word_1_443' title='bbox 2742 2568 2971 2647; x_wconf 65' lang='grc' dir='ltr'>ὁμοφυεῒ</span> <span class='ocrx_word' id='word_1_444' title='bbox 3029 2566 3193 2640; x_wconf 65' lang='grc' dir='ltr'>αύτῷ,</span> <span class='ocrx_word' id='word_1_445' title='bbox 3248 2566 3342 2621; x_wconf 74' lang='grc' dir='ltr'><strong>καί</strong></span> <span class='ocrx_word' id='word_1_446' title='bbox 3386 2572 3559 2622; x_wconf 82' lang='grc' dir='ltr'><strong>πᾶσαν</strong></span> <span class='ocrx_word' id='word_1_447' title='bbox 3616 2567 3879 2644; x_wconf 70' lang='grc' dir='ltr'><strong>ὑπερκει-</strong></span> 
     </span>
    </p>
   </div>
   <div class='ocr_carea' id='block_1_59' title="bbox 2214 2655 3874 2735">
    <p class='ocr_par' dir='ltr' id='par_1_59' title="bbox 2214 2655 3874 2735">
     <span class='ocr_line' id='line_1_59' title="bbox 2214 2655 3874 2735; baseline -0.002 -22"><span class='ocrx_word' id='word_1_448' title='bbox 2214 2657 2359 2733; x_wconf 86' lang='grc' dir='ltr'>μένῳ</span> <span class='ocrx_word' id='word_1_449' title='bbox 2412 2665 2628 2735; x_wconf 81' lang='grc' dir='ltr'><strong>γνῶσιν,</strong></span> <span class='ocrx_word' id='word_1_450' title='bbox 2717 2656 2896 2735; x_wconf 81' lang='grc' dir='ltr'>ὥσπερ</span> <span class='ocrx_word' id='word_1_451' title='bbox 2983 2657 3071 2712; x_wconf 81' lang='grc' dir='ltr'><strong>καὶ</strong></span> <span class='ocrx_word' id='word_1_452' title='bbox 3140 2657 3297 2718; x_wconf 74' lang='grc' dir='ltr'>αὐτὸς</span> <span class='ocrx_word' id='word_1_453' title='bbox 3371 2655 3546 2720; x_wconf 75' lang='grc' dir='ltr'>πάσης</span> <span class='ocrx_word' id='word_1_454' title='bbox 3616 2655 3874 2731; x_wconf 75' lang='grc' dir='ltr'><strong>γνώσεως</strong></span> 
     </span>
    </p>
   </div>
   <div class='ocr_carea' id='block_1_60' title="bbox 2212 2744 3865 2824">
    <p class='ocr_par' dir='ltr' id='par_1_60' title="bbox 2212 2744 3865 2824">
     <span class='ocr_line' id='line_1_60' title="bbox 2212 2744 3865 2824; baseline -0.002 -22"><span class='ocrx_word' id='word_1_455' title='bbox 2212 2746 2479 2809; x_wconf 79' lang='grc' dir='ltr'>ἐπέκεινα,</span> <span class='ocrx_word' id='word_1_456' title='bbox 2558 2748 2653 2804; x_wconf 84' lang='grc' dir='ltr'>Καὶ</span> <span class='ocrx_word' id='word_1_457' title='bbox 2709 2748 2808 2824; x_wconf 80' lang='grc' dir='ltr'><strong>γὰρ</strong></span> <span class='ocrx_word' id='word_1_458' title='bbox 2882 2746 2969 2801; x_wconf 82' lang='grc' dir='ltr'><strong>καὶ</strong></span> <span class='ocrx_word' id='word_1_459' title='bbox 3025 2746 3052 2800; x_wconf 90' lang='lat'><strong>6</strong></span> <span class='ocrx_word' id='word_1_460' title='bbox 3107 2750 3314 2824; x_wconf 82' lang='grc' dir='ltr'>Πατηρ,</span> <span class='ocrx_word' id='word_1_461' title='bbox 3388 2744 3538 2823; x_wconf 72' lang='grc' dir='ltr'>φησὶ,</span> <span class='ocrx_word' id='word_1_462' title='bbox 3599 2745 3699 2799; x_wconf 68' lang='grc' dir='ltr'>ὑπὸ</span> <span class='ocrx_word' id='word_1_463' title='bbox 3770 2753 3865 2800; x_wconf 80' lang='grc' dir='ltr'>τοῦ</span> 
     </span>
    </p>
   </div>
   <div class='ocr_carea' id='block_1_61' title="bbox 2214 2831 3859 2913">
    <p class='ocr_par' dir='ltr' id='par_1_61' title="bbox 2214 2831 3859 2913">
     <span class='ocr_line' id='line_1_61' title="bbox 2214 2831 3859 2913; baseline -0.002 -22"><span class='ocrx_word' id='word_1_464' title='bbox 2214 2840 2332 2894; x_wconf 78' lang='grc' dir='ltr'><strong>Υἱοῠ</strong></span> <span class='ocrx_word' id='word_1_465' title='bbox 2372 2837 2536 2910; x_wconf 81' lang='grc' dir='ltr'>μόνου</span> <span class='ocrx_word' id='word_1_466' title='bbox 2593 2835 2929 2913; x_wconf 77' lang='grc' dir='ltr'><strong>γινώσκεται,</strong></span> <span class='ocrx_word' id='word_1_467' title='bbox 2961 2836 3049 2891; x_wconf 85' lang='grc' dir='ltr'><strong>καὶ</strong></span> <span class='ocrx_word' id='word_1_468' title='bbox 3094 2837 3139 2908; x_wconf 82' lang='grc' dir='ltr'>ᾧ</span> <span class='ocrx_word' id='word_1_469' title='bbox 3176 2834 3239 2888; x_wconf 76' lang='grc' dir='ltr'><strong>ἅν</strong></span> <span class='ocrx_word' id='word_1_470' title='bbox 3293 2831 3528 2908; x_wconf 78' lang='grc' dir='ltr'>βωληθῇ</span> <span class='ocrx_word' id='word_1_471' title='bbox 3582 2832 3859 2889; x_wconf 77' lang='grc' dir='ltr'>ἀποκαλύ-</span> 
     </span>
    </p>
   </div>
   <div class='ocr_carea' id='block_1_62' title="bbox 2211 2915 3849 3002">
    <p class='ocr_par' dir='ltr' id='par_1_62' title="bbox 2211 2915 3849 3002">
     <span class='ocr_line' id='line_1_62' title="bbox 2211 2915 3849 3002; baseline -0.002 -21"><span class='ocrx_word' id='word_1_472' title='bbox 2211 2931 2307 3001; x_wconf 86' lang='grc' dir='ltr'>ψαι</span> <span class='ocrx_word' id='word_1_473' title='bbox 2367 2929 2394 2982; x_wconf 89' lang='lat'><strong>6</strong></span> <span class='ocrx_word' id='word_1_474' title='bbox 2447 2925 2589 2989; x_wconf 77' lang='grc' dir='ltr'>Υἱός.</span> <span class='ocrx_word' id='word_1_475' title='bbox 2627 2915 2771 3002; x_wconf 55' lang='grc' dir='ltr'>ΗΟρα</span> <span class='ocrx_word' id='word_1_476' title='bbox 2814 2921 2869 2979; x_wconf 78' lang='grc' dir='ltr'>δὲ</span> <span class='ocrx_word' id='word_1_477' title='bbox 2913 2928 3025 2989; x_wconf 82' lang='grc' dir='ltr'>πῶς</span> <span class='ocrx_word' id='word_1_478' title='bbox 3056 2925 3084 2978; x_wconf 87' lang='lat'><strong>6</strong></span> <span class='ocrx_word' id='word_1_479' title='bbox 3112 2924 3210 2998; x_wconf 79' lang='grc' dir='ltr'><strong>μὲν</strong></span> <span class='ocrx_word' id='word_1_480' title='bbox 3241 2925 3362 2987; x_wconf 72' lang='grc' dir='ltr'>Υἱὸς</span> <span class='ocrx_word' id='word_1_481' title='bbox 3395 2924 3452 2978; x_wconf 73' lang='grc' dir='ltr'>οὒ</span> <span class='ocrx_word' id='word_1_482' title='bbox 3483 2920 3549 2977; x_wconf 83' lang='grc' dir='ltr'><strong>δι’</strong></span> <span class='ocrx_word' id='word_1_483' title='bbox 3580 2920 3849 2977; x_wconf 72' lang='grc' dir='ltr'>ἀποκαλύ-</span> 
     </span>
    </p>
   </div>
   <div class='ocr_carea' id='block_1_63' title="bbox 2211 3009 3848 3092">
    <p class='ocr_par' dir='ltr' id='par_1_63' title="bbox 2211 3009 3848 3092">
     <span class='ocr_line' id='line_1_63' title="bbox 2211 3009 3848 3092; baseline -0.002 -21"><span class='ocrx_word' id='word_1_484' title='bbox 2211 3020 2353 3091; x_wconf 80' lang='grc' dir='ltr'>ψεως</span> <span class='ocrx_word' id='word_1_485' title='bbox 2410 3020 2658 3092; x_wconf 79' lang='grc' dir='ltr'><strong>γινώσκει</strong></span> <span class='ocrx_word' id='word_1_486' title='bbox 2712 3014 2802 3070; x_wconf 80' lang='grc' dir='ltr'><strong>τὸν</strong></span> <span class='ocrx_word' id='word_1_487' title='bbox 2854 3012 3084 3092; x_wconf 87' lang='grc' dir='ltr'>Πατέρα,</span> <span class='ocrx_word' id='word_1_488' title='bbox 3135 3013 3182 3069; x_wconf 77' lang='grc' dir='ltr'>οἱ</span> <span class='ocrx_word' id='word_1_489' title='bbox 3234 3009 3285 3068; x_wconf 76' lang='grc' dir='ltr'>δὲ</span> <span class='ocrx_word' id='word_1_490' title='bbox 3318 3012 3521 3068; x_wconf 83' lang='grc' dir='ltr'>κτιστοὶ</span> <span class='ocrx_word' id='word_1_491' title='bbox 3551 3009 3610 3066; x_wconf 88' lang='grc' dir='ltr'>δι’</span> <span class='ocrx_word' id='word_1_492' title='bbox 3644 3010 3848 3067; x_wconf 71' lang='grc' dir='ltr'>ἀποκαο</span> 
     </span>
    </p>
   </div>
   <div class='ocr_carea' id='block_1_64' title="bbox 2208 3100 3859 3184">
    <p class='ocr_par' dir='ltr' id='par_1_64' title="bbox 2208 3100 3859 3184">
     <span class='ocr_line' id='line_1_64' title="bbox 2208 3100 3859 3184; baseline -0.002 -24"><span class='ocrx_word' id='word_1_493' title='bbox 2208 3103 2417 3180; x_wconf 73' lang='grc' dir='ltr'>λύψεως</span> <span class='ocrx_word' id='word_1_494' title='bbox 2450 3122 2463 3135; x_wconf 88' lang='grc'><strong>·</strong></span> <span class='ocrx_word' id='word_1_495' title='bbox 2512 3104 2693 3184; x_wconf 77' lang='grc' dir='ltr'>χάριτι</span> <span class='ocrx_word' id='word_1_496' title='bbox 2749 3104 2849 3182; x_wconf 83' lang='grc' dir='ltr'>γὰρ</span> <span class='ocrx_word' id='word_1_497' title='bbox 2906 3100 3231 3173; x_wconf 72' lang='grc' dir='ltr'>λαμϐάνουσι</span> <span class='ocrx_word' id='word_1_498' title='bbox 3296 3102 3395 3170; x_wconf 73' lang='grc' dir='ltr'><strong>τὴν</strong></span> <span class='ocrx_word' id='word_1_499' title='bbox 3452 3106 3652 3180; x_wconf 83' lang='grc' dir='ltr'><strong>γνῶσιν</strong></span> <span class='ocrx_word' id='word_1_500' title='bbox 3684 3117 3697 3130; x_wconf 91' lang='grc'><strong>·</strong></span> <span class='ocrx_word' id='word_1_501' title='bbox 3763 3101 3859 3157; x_wconf 73' lang='grc' dir='ltr'>οὒκ</span> 
     </span>
    </p>
   </div>
   <div class='ocr_carea' id='block_1_65' title="bbox 480 3187 2131 3275">
    <p class='ocr_par' dir='ltr' id='par_1_65' title="bbox 480 3187 2124 3275">
     <span class='ocr_line' id='line_1_65' title="bbox 480 3187 2124 3275; baseline 0.009 -29"><span class='ocrx_word' id='word_1_502' title='bbox 480 3187 663 3265; x_wconf 83' lang='lat' dir='ltr'><strong>prisci</strong></span> <span class='ocrx_word' id='word_1_503' title='bbox 713 3198 771 3250; x_wconf 92' lang='lat' dir='ltr'><strong>et</strong></span> <span class='ocrx_word' id='word_1_504' title='bbox 801 3208 970 3270; x_wconf 84' lang='lat' dir='ltr'><strong>reges</strong></span> <span class='ocrx_word' id='word_1_505' title='bbox 1012 3192 1498 3255; x_wconf 89' lang='lat' dir='ltr'><strong>desideraverunt</strong></span> <span class='ocrx_word' id='word_1_506' title='bbox 1545 3195 1784 3275; x_wconf 90' lang='lat' dir='ltr'><strong>quidem</strong></span> <span class='ocrx_word' id='word_1_507' title='bbox 1836 3197 1896 3257; x_wconf 91' lang='lat' dir='ltr'><strong>in</strong></span> <span class='ocrx_word' id='word_1_508' title='bbox 1937 3187 2124 3260; x_wconf 86' lang='lat' dir='ltr'><strong>carne</strong></span> 
     </span>
    </p>
   </div>
   <div class='ocr_carea' id='block_1_66' title="bbox 2209 3187 3853 3275">
    <p class='ocr_par' dir='ltr' id='par_1_66' title="bbox 2209 3189 3853 3271">
     <span class='ocr_line' id='line_1_66' title="bbox 2209 3189 3853 3271; baseline -0.002 -21"><span class='ocrx_word' id='word_1_509' title='bbox 2209 3193 2306 3268; x_wconf 80' lang='grc' dir='ltr'><strong>ἀρα</strong></span> <span class='ocrx_word' id='word_1_510' title='bbox 2348 3195 2560 3258; x_wconf 82' lang='grc' dir='ltr'>κτιστὸς</span> <span class='ocrx_word' id='word_1_511' title='bbox 2620 3196 2647 3249; x_wconf 91' lang='lat'><strong>6</strong></span> <span class='ocrx_word' id='word_1_512' title='bbox 2703 3193 2845 3258; x_wconf 76' lang='grc' dir='ltr'>Υἱός,</span> <span class='ocrx_word' id='word_1_513' title='bbox 2901 3192 3156 3271; x_wconf 75' lang='grc' dir='ltr'>Στραφεὶς</span> <span class='ocrx_word' id='word_1_514' title='bbox 3189 3189 3243 3246; x_wconf 71' lang='grc' dir='ltr'>δὲ</span> <span class='ocrx_word' id='word_1_515' title='bbox 3274 3191 3406 3270; x_wconf 78' lang='grc' dir='ltr'>πρὸς</span> <span class='ocrx_word' id='word_1_516' title='bbox 3436 3192 3557 3253; x_wconf 79' lang='grc' dir='ltr'>τοὺς</span> <span class='ocrx_word' id='word_1_517' title='bbox 3588 3192 3853 3263; x_wconf 76' lang='grc' dir='ltr'>μαθητὰς,</span> 
     </span>
    </p>
   </div>
   <div class='ocr_carea' id='block_1_67' title="bbox 484 3276 2125 3367">
    <p class='ocr_par' dir='ltr' id='par_1_67' title="bbox 484 3276 2125 3367">
     <span class='ocr_line' id='line_1_67' title="bbox 484 3276 2125 3367; baseline 0.009 -33"><span class='ocrx_word' id='word_1_518' title='bbox 484 3276 688 3338; x_wconf 77' lang='lat' dir='ltr'><strong>videre</strong></span> <span class='ocrx_word' id='word_1_519' title='bbox 711 3278 1028 3341; x_wconf 89' lang='lat' dir='ltr'><strong>Dominum</strong></span> <span class='ocrx_word' id='word_1_520' title='bbox 1055 3290 1111 3341; x_wconf 92' lang='lat' dir='ltr'><strong>et</strong></span> <span class='ocrx_word' id='word_1_521' title='bbox 1132 3280 1339 3343; x_wconf 90' lang='lat' dir='ltr'><strong>audire</strong></span> <span class='ocrx_word' id='word_1_522' title='bbox 1362 3301 1527 3354; x_wconf 89' lang='lat' dir='ltr'><strong>eum;</strong></span> <span class='ocrx_word' id='word_1_523' title='bbox 1563 3284 1666 3344; x_wconf 90' lang='lat' dir='ltr'><strong>sed</strong></span> <span class='ocrx_word' id='word_1_524' title='bbox 1691 3303 1806 3345; x_wconf 92' lang='lat' dir='ltr'><strong>non</strong></span> <span class='ocrx_word' id='word_1_525' title='bbox 1835 3286 2125 3367; x_wconf 89' lang='lat' dir='ltr'><strong>contingit</strong></span> 
     </span>
    </p>
   </div>
   <div class='ocr_carea' id='block_1_68' title="bbox 477 3365 2118 3450">
    <p class='ocr_par' dir='ltr' id='par_1_68' title="bbox 477 3365 2118 3450">
     <span class='ocr_line' id='line_1_68' title="bbox 477 3365 2118 3450; baseline 0.009 -26"><span class='ocrx_word' id='word_1_526' title='bbox 477 3365 588 3427; x_wconf 91' lang='lat' dir='ltr'><strong>eis.</strong></span> <span class='ocrx_word' id='word_1_527' title='bbox 617 3368 687 3429; x_wconf 89' lang='lat' dir='ltr'><strong>Et</strong></span> <span class='ocrx_word' id='word_1_528' title='bbox 719 3369 913 3449; x_wconf 90' lang='lat' dir='ltr'><strong>aliter,</strong></span> <span class='ocrx_word' id='word_1_529' title='bbox 941 3370 1091 3443; x_wconf 88' lang='lat' dir='ltr'><strong>Quia</strong></span> <span class='ocrx_word' id='word_1_530' title='bbox 1117 3388 1291 3450; x_wconf 90' lang='lat' dir='ltr'><strong>supra</strong></span> <span class='ocrx_word' id='word_1_531' title='bbox 1315 3372 1493 3434; x_wconf 86' lang='lat' dir='ltr'><strong>dixit:</strong></span> <span class='ocrx_word' id='word_1_532' title='bbox 1534 3373 1639 3435; x_wconf 91' lang='lat' dir='ltr'><strong>Cui</strong></span> <span class='ocrx_word' id='word_1_533' title='bbox 1671 3372 1857 3435; x_wconf 86' lang='lat' dir='ltr'><strong>Filius</strong></span> <span class='ocrx_word' id='word_1_534' title='bbox 1888 3365 2118 3438; x_wconf 79' lang='lat' dir='ltr'><strong>revela-</strong></span> 
     </span>
    </p>
   </div>
   <div class='ocr_carea' id='block_1_69' title="bbox 474 3455 2115 3544">
    <p class='ocr_par' dir='ltr' id='par_1_69' title="bbox 474 3455 2115 3544">
     <span class='ocr_line' id='line_1_69' title="bbox 474 3455 2115 3544; baseline 0.009 -31"><span class='ocrx_word' id='word_1_535' title='bbox 474 3455 645 3527; x_wconf 87' lang='lat' dir='ltr'><strong>verit,</strong></span> <span class='ocrx_word' id='word_1_536' title='bbox 671 3456 769 3518; x_wconf 93' lang='lat' dir='ltr'><strong>ille</strong></span> <span class='ocrx_word' id='word_1_537' title='bbox 792 3458 903 3518; x_wconf 88' lang='lat' dir='ltr'><strong>scit</strong></span> <span class='ocrx_word' id='word_1_538' title='bbox 922 3461 1175 3522; x_wconf 86' lang='lat' dir='ltr'><strong>Patrem:</strong></span> <span class='ocrx_word' id='word_1_539' title='bbox 1203 3460 1405 3520; x_wconf 90' lang='lat' dir='ltr'><strong>beatos</strong></span> <span class='ocrx_word' id='word_1_540' title='bbox 1429 3480 1583 3522; x_wconf 93' lang='lat' dir='ltr'><strong>nunc</strong></span> <span class='ocrx_word' id='word_1_541' title='bbox 1603 3462 1744 3524; x_wconf 75' lang='lat' dir='ltr'><strong>dicit</strong></span> <span class='ocrx_word' id='word_1_542' title='bbox 1768 3463 2115 3544; x_wconf 90' lang='lat' dir='ltr'><strong>discipulos,</strong></span> 
     </span>
    </p>
   </div>
   <div class='ocr_carea' id='block_1_70' title="bbox 473 3544 2121 3628">
    <p class='ocr_par' dir='ltr' id='par_1_70' title="bbox 473 3544 2121 3628">
     <span class='ocr_line' id='line_1_70' title="bbox 473 3544 2121 3628; baseline 0.008 -26"><span class='ocrx_word' id='word_1_543' title='bbox 473 3544 631 3623; x_wconf 86' lang='lat' dir='ltr'><strong>quod</strong></span> <span class='ocrx_word' id='word_1_544' title='bbox 663 3562 768 3605; x_wconf 91' lang='lat' dir='ltr'><strong>sua</strong></span> <span class='ocrx_word' id='word_1_545' title='bbox 790 3548 1152 3609; x_wconf 88' lang='lat' dir='ltr'><strong>revelatione</strong></span> <span class='ocrx_word' id='word_1_546' title='bbox 1176 3548 1287 3608; x_wconf 89' lang='lat' dir='ltr'><strong>ista</strong></span> <span class='ocrx_word' id='word_1_547' title='bbox 1317 3549 1402 3609; x_wconf 89' lang='lat' dir='ltr'><strong>eis</strong></span> <span class='ocrx_word' id='word_1_548' title='bbox 1426 3551 1790 3628; x_wconf 86' lang='lat' dir='ltr'><strong>contingant.</strong></span> <span class='ocrx_word' id='word_1_549' title='bbox 1826 3555 2121 3616; x_wconf 76' lang='lat' dir='ltr'><strong>Revelavit</strong></span> 
     </span>
    </p>
   </div>
   <div class='ocr_carea' id='block_1_71' title="bbox 474 3632 2120 3722">
    <p class='ocr_par' dir='ltr' id='par_1_71' title="bbox 474 3632 2120 3722">
     <span class='ocr_line' id='line_1_71' title="bbox 474 3632 2120 3722; baseline 0.009 -32"><span class='ocrx_word' id='word_1_550' title='bbox 474 3632 630 3722; x_wconf 73' lang='lat' dir='ltr'><strong>enim</strong></span> <span class='ocrx_word' id='word_1_551' title='bbox 657 3634 741 3694; x_wconf 92' lang='lat' dir='ltr'><strong>eis</strong></span> <span class='ocrx_word' id='word_1_552' title='bbox 774 3637 1001 3696; x_wconf 90' lang='lat' dir='ltr'><strong>Patrem</strong></span> <span class='ocrx_word' id='word_1_553' title='bbox 1037 3655 1143 3717; x_wconf 88' lang='lat' dir='ltr'><strong>per</strong></span> <span class='ocrx_word' id='word_1_554' title='bbox 1162 3655 1247 3698; x_wconf 89' lang='lat' dir='ltr'><strong>se.</strong></span> <span class='ocrx_word' id='word_1_555' title='bbox 1277 3640 1474 3716; x_wconf 88' lang='lat' dir='ltr'><strong>Ipsum</strong></span> <span class='ocrx_word' id='word_1_556' title='bbox 1509 3640 1666 3700; x_wconf 90' lang='lat' dir='ltr'><strong>enim</strong></span> <span class='ocrx_word' id='word_1_557' title='bbox 1701 3641 1931 3722; x_wconf 89' lang='lat' dir='ltr'><strong>videns,</strong></span> <span class='ocrx_word' id='word_1_558' title='bbox 1962 3644 2120 3705; x_wconf 84' lang='lat' dir='ltr'><strong>videt</strong></span> 
     </span>
    </p>
   </div>
   <div class='ocr_carea' id='block_1_72' title="bbox 471 3717 2119 3811">
    <p class='ocr_par' dir='ltr' id='par_1_72' title="bbox 471 3717 2119 3811">
     <span class='ocr_line' id='line_1_72' title="bbox 471 3717 2119 3811; baseline 0.01 -32"><span class='ocrx_word' id='word_1_559' title='bbox 471 3717 703 3781; x_wconf 87' lang='lat' dir='ltr'><strong>Patrem</strong></span> <span class='ocrx_word' id='word_1_560' title='bbox 753 3745 765 3781; x_wconf 90' lang='lat'><strong>:</strong></span> <span class='ocrx_word' id='word_1_561' title='bbox 821 3725 975 3803; x_wconf 90' lang='lat' dir='ltr'><strong>quod</strong></span> <span class='ocrx_word' id='word_1_562' title='bbox 1012 3724 1232 3786; x_wconf 91' lang='lat' dir='ltr'><strong>bonum</strong></span> <span class='ocrx_word' id='word_1_563' title='bbox 1282 3726 1475 3787; x_wconf 91' lang='lat' dir='ltr'><strong>nullus</strong></span> <span class='ocrx_word' id='word_1_564' title='bbox 1507 3747 1573 3788; x_wconf 81' lang='lat' dir='ltr'><strong>ex</strong></span> <span class='ocrx_word' id='word_1_565' title='bbox 1602 3731 1822 3790; x_wconf 85' lang='lat' dir='ltr'><strong>sanctis</strong></span> <span class='ocrx_word' id='word_1_566' title='bbox 1854 3717 1953 3811; x_wconf 87' lang='lat' dir='ltr'><strong>qui</strong></span> <span class='ocrx_word' id='word_1_567' title='bbox 1982 3743 2119 3795; x_wconf 89' lang='lat' dir='ltr'><strong>ante</strong></span> 
     </span>
    </p>
   </div>
   <div class='ocr_carea' id='block_1_73' title="bbox 471 3808 2119 3899">
    <p class='ocr_par' dir='ltr' id='par_1_73' title="bbox 471 3808 2119 3899">
     <span class='ocr_line' id='line_1_73' title="bbox 471 3808 2119 3899; baseline 0.01 -32"><span class='ocrx_word' id='word_1_568' title='bbox 471 3808 942 3874; x_wconf 89' lang='lat' dir='ltr'><strong>incarnationem</strong></span> <span class='ocrx_word' id='word_1_569' title='bbox 970 3815 1807 3899; x_wconf 78' lang='lat' dir='ltr'><strong>ejusfuerut.t,obtinuit,quia</strong></span> <span class='ocrx_word' id='word_1_570' title='bbox 1834 3808 1949 3883; x_wconf 81' lang='lat' dir='ltr'><strong>non</strong></span> <span class='ocrx_word' id='word_1_571' title='bbox 1964 3823 2119 3884; x_wconf 88' lang='lat' dir='ltr'><strong>vide-</strong></span> 
     </span>
    </p>
   </div>
   <div class='ocr_carea' id='block_1_74' title="bbox 475 3899 2117 3991">
    <p class='ocr_par' dir='ltr' id='par_1_74' title="bbox 475 3899 2117 3991">
     <span class='ocr_line' id='line_1_74' title="bbox 475 3899 2117 3991; baseline 0.01 -34"><span class='ocrx_word' id='word_1_572' title='bbox 475 3908 617 3959; x_wconf 90' lang='lat' dir='ltr'><strong>runt</strong></span> <span class='ocrx_word' id='word_1_573' title='bbox 633 3899 948 3963; x_wconf 92' lang='lat' dir='ltr'><strong>Dominum</strong></span> <span class='ocrx_word' id='word_1_574' title='bbox 974 3902 1031 3964; x_wconf 90' lang='lat' dir='ltr'><strong>in</strong></span> <span class='ocrx_word' id='word_1_575' title='bbox 1056 3922 1261 3984; x_wconf 87' lang='lat' dir='ltr'><strong>carne,</strong></span> <span class='ocrx_word' id='word_1_576' title='bbox 1287 3924 1391 3984; x_wconf 89' lang='lat' dir='ltr'><strong>per</strong></span> <span class='ocrx_word' id='word_1_577' title='bbox 1406 3925 1582 3986; x_wconf 90' lang='lat' dir='ltr'><strong>quem</strong></span> <span class='ocrx_word' id='word_1_578' title='bbox 1607 3910 1783 3971; x_wconf 89' lang='lat' dir='ltr'><strong>Pater</strong></span> <span class='ocrx_word' id='word_1_579' title='bbox 1797 3930 1942 3991; x_wconf 90' lang='lat' dir='ltr'><strong>cogn</strong></span> <span class='ocrx_word' id='word_1_580' title='bbox 1955 3931 2117 3975; x_wconf 74' lang='lat' dir='ltr'><strong>osce-</strong></span> 
     </span>
    </p>
   </div>
   <div class='ocr_carea' id='block_1_75' title="bbox 470 3991 2111 4080">
    <p class='ocr_par' dir='ltr' id='par_1_75' title="bbox 470 3991 2111 4080">
     <span class='ocr_line' id='line_1_75' title="bbox 470 3991 2111 4080; baseline 0.012 -34"><span class='ocrx_word' id='word_1_581' title='bbox 470 3994 666 4080; x_wconf 86' lang='lat' dir='ltr'><strong>retur;</strong></span> <span class='ocrx_word' id='word_1_582' title='bbox 695 3991 852 4053; x_wconf 91' lang='lat' dir='ltr'><strong>unde</strong></span> <span class='ocrx_word' id='word_1_583' title='bbox 876 4010 1070 4073; x_wconf 85' lang='lat' dir='ltr'><strong>neque</strong></span> <span class='ocrx_word' id='word_1_584' title='bbox 1092 3992 1321 4080; x_wconf 78' lang='lat' dir='ltr'><strong>Patrem</strong></span> <span class='ocrx_word' id='word_1_585' title='bbox 1346 3995 1430 4056; x_wconf 91' lang='lat' dir='ltr'><strong>sic</strong></span> <span class='ocrx_word' id='word_1_586' title='bbox 1452 3996 1725 4059; x_wconf 86' lang='lat' dir='ltr'><strong>viderunt</strong></span> <span class='ocrx_word' id='word_1_587' title='bbox 1753 4008 1816 4059; x_wconf 90' lang='lat' dir='ltr'><strong>ut</strong></span> <span class='ocrx_word' id='word_1_588' title='bbox 1838 4002 2111 4080; x_wconf 89' lang='lat' dir='ltr'><strong>apostoli.</strong></span> 
     </span>
    </p>
   </div>
   <div class='ocr_carea' id='block_1_76' title="bbox 2207 3280 3854 3359">
    <p class='ocr_par' dir='ltr' id='par_1_76' title="bbox 2207 3280 3854 3359">
     <span class='ocr_line' id='line_1_76' title="bbox 2207 3280 3854 3359; baseline -0.002 -20"><span class='ocrx_word' id='word_1_589' title='bbox 2207 3284 2480 3359; x_wconf 78' lang='grc' dir='ltr'>μακαρίζει</span> <span class='ocrx_word' id='word_1_590' title='bbox 2539 3282 2748 3355; x_wconf 74' lang='grc' dir='ltr'>αὐτοὺς,</span> <span class='ocrx_word' id='word_1_591' title='bbox 2808 3283 2896 3339; x_wconf 87' lang='grc' dir='ltr'><strong>καὶ</strong></span> <span class='ocrx_word' id='word_1_592' title='bbox 2938 3281 3137 3346; x_wconf 84' lang='grc' dir='ltr'>πάντας</span> <span class='ocrx_word' id='word_1_593' title='bbox 3194 3282 3379 3344; x_wconf 81' lang='grc' dir='ltr'>ἁπλῶς</span> <span class='ocrx_word' id='word_1_594' title='bbox 3444 3282 3560 3346; x_wconf 79' lang='grc' dir='ltr'>τοὺς</span> <span class='ocrx_word' id='word_1_595' title='bbox 3616 3280 3854 3357; x_wconf 85' lang='grc' dir='ltr'>βλέπον-</span> 
     </span>
    </p>
   </div>
   <div class='ocr_carea' id='block_1_77' title="bbox 2203 3369 3854 3451">
    <p class='ocr_par' dir='ltr' id='par_1_77' title="bbox 2203 3369 3854 3451">
     <span class='ocr_line' id='line_1_77' title="bbox 2203 3369 3854 3451; baseline -0.002 -22"><span class='ocrx_word' id='word_1_596' title='bbox 2203 3394 2324 3446; x_wconf 85' lang='grc' dir='ltr'>τας,</span> <span class='ocrx_word' id='word_1_597' title='bbox 2372 3372 2505 3447; x_wconf 81' lang='grc' dir='ltr'><strong>μετὰ</strong></span> <span class='ocrx_word' id='word_1_598' title='bbox 2553 3373 2780 3437; x_wconf 85' lang='grc' dir='ltr'>πίστεως</span> <span class='ocrx_word' id='word_1_599' title='bbox 2826 3369 3093 3446; x_wconf 85' lang='grc' dir='ltr'>δηλονότι,</span> <span class='ocrx_word' id='word_1_600' title='bbox 3150 3369 3203 3425; x_wconf 79' lang='grc' dir='ltr'><strong>ἐν</strong></span> <span class='ocrx_word' id='word_1_601' title='bbox 3260 3372 3411 3451; x_wconf 81' lang='grc' dir='ltr'>σαρκὶ</span> <span class='ocrx_word' id='word_1_602' title='bbox 3466 3377 3854 3450; x_wconf 79' lang='grc' dir='ltr'>περιπατοῦντα</span> 
     </span>
    </p>
   </div>
   <div class='ocr_carea' id='block_1_78' title="bbox 2204 3457 3851 3539">
    <p class='ocr_par' dir='ltr' id='par_1_78' title="bbox 2204 3457 3851 3539">
     <span class='ocr_line' id='line_1_78' title="bbox 2204 3457 3851 3539; baseline -0.001 -22"><span class='ocrx_word' id='word_1_603' title='bbox 2204 3462 2361 3518; x_wconf 64' lang='grc' dir='ltr'>αὐτὸν</span> <span class='ocrx_word' id='word_1_604' title='bbox 2442 3462 2527 3517; x_wconf 89' lang='grc' dir='ltr'><strong>καὶ</strong></span> <span class='ocrx_word' id='word_1_605' title='bbox 2613 3464 3128 3539; x_wconf 83' lang='grc' dir='ltr'>θαυματουργοῦντα,</span> <span class='ocrx_word' id='word_1_606' title='bbox 3202 3461 3301 3517; x_wconf 85' lang='grc' dir='ltr'>Καὶ</span> <span class='ocrx_word' id='word_1_607' title='bbox 3371 3461 3471 3538; x_wconf 82' lang='grc' dir='ltr'>γὰρ</span> <span class='ocrx_word' id='word_1_608' title='bbox 3558 3462 3605 3516; x_wconf 82' lang='grc' dir='ltr'><strong>οἰ</strong></span> <span class='ocrx_word' id='word_1_609' title='bbox 3688 3457 3851 3516; x_wconf 79' lang='grc' dir='ltr'>πάλαι</span> 
     </span>
    </p>
   </div>
   <div class='ocr_carea' id='block_1_79' title="bbox 2201 3546 3851 3629">
    <p class='ocr_par' dir='ltr' id='par_1_79' title="bbox 2201 3546 3851 3629">
     <span class='ocr_line' id='line_1_79' title="bbox 2201 3546 3851 3629; baseline -0.001 -23"><span class='ocrx_word' id='word_1_610' title='bbox 2201 3550 2463 3629; x_wconf 73' lang='grc' dir='ltr'>προφῆται</span> <span class='ocrx_word' id='word_1_611' title='bbox 2545 3551 2633 3606; x_wconf 84' lang='grc' dir='ltr'><strong>καὶ</strong></span> <span class='ocrx_word' id='word_1_612' title='bbox 2713 3548 2959 3626; x_wconf 81' lang='grc' dir='ltr'>βασιλεῖς</span> <span class='ocrx_word' id='word_1_613' title='bbox 3037 3549 3374 3623; x_wconf 75' lang='grc' dir='ltr'><strong>ἐπεθύμησαν</strong></span> <span class='ocrx_word' id='word_1_614' title='bbox 3431 3547 3527 3623; x_wconf 77' lang='grc' dir='ltr'>μὲν</span> <span class='ocrx_word' id='word_1_615' title='bbox 3585 3546 3717 3605; x_wconf 71' lang='grc' dir='ltr'><strong>ἰδεῖν</strong></span> <span class='ocrx_word' id='word_1_616' title='bbox 3798 3548 3851 3604; x_wconf 80' lang='grc' dir='ltr'><strong>ὲν</strong></span> 
     </span>
    </p>
   </div>
   <div class='ocr_carea' id='block_1_80' title="bbox 2201 3636 3855 3720">
    <p class='ocr_par' dir='ltr' id='par_1_80' title="bbox 2201 3636 3855 3720">
     <span class='ocr_line' id='line_1_80' title="bbox 2201 3636 3855 3720; baseline -0.001 -26"><span class='ocrx_word' id='word_1_617' title='bbox 2201 3641 2353 3720; x_wconf 85' lang='grc' dir='ltr'>σαρκὶ</span> <span class='ocrx_word' id='word_1_618' title='bbox 2421 3640 2513 3696; x_wconf 83' lang='grc' dir='ltr'><strong>τὸν</strong></span> <span class='ocrx_word' id='word_1_619' title='bbox 2596 3639 2805 3717; x_wconf 80' lang='grc' dir='ltr'>Κύριον,</span> <span class='ocrx_word' id='word_1_620' title='bbox 2885 3640 2973 3695; x_wconf 84' lang='grc' dir='ltr'><strong>καὶ</strong></span> <span class='ocrx_word' id='word_1_621' title='bbox 3033 3638 3251 3694; x_wconf 79' lang='grc' dir='ltr'>ἀκοῦσαι</span> <span class='ocrx_word' id='word_1_622' title='bbox 3328 3638 3507 3709; x_wconf 77' lang='grc' dir='ltr'>αὑτοῦ,</span> <span class='ocrx_word' id='word_1_623' title='bbox 3569 3636 3687 3693; x_wconf 83' lang='grc' dir='ltr'>ἀ)λ⁹</span> <span class='ocrx_word' id='word_1_624' title='bbox 3755 3640 3855 3694; x_wconf 76' lang='grc' dir='ltr'>οὒκ</span> 
     </span>
    </p>
   </div>
   <div class='ocr_carea' id='block_1_81' title="bbox 2203 3724 3850 3810">
    <p class='ocr_par' dir='ltr' id='par_1_81' title="bbox 2203 3724 3850 3810">
     <span class='ocr_line' id='line_1_81' title="bbox 2203 3724 3850 3810; baseline -0.003 -23"><span class='ocrx_word' id='word_1_625' title='bbox 2203 3731 2395 3810; x_wconf 76' lang='grc' dir='ltr'>ἔτυχον</span> <span class='ocrx_word' id='word_1_626' title='bbox 2452 3729 2663 3789; x_wconf 87' lang='grc' dir='ltr'>τούτου.</span> <span class='ocrx_word' id='word_1_627' title='bbox 2726 3730 2822 3786; x_wconf 81' lang='grc' dir='ltr'><strong>Καὶ</strong></span> <span class='ocrx_word' id='word_1_628' title='bbox 2864 3725 3041 3791; x_wconf 76' lang='grc' dir='ltr'>ἄλλως</span> <span class='ocrx_word' id='word_1_629' title='bbox 3100 3724 3176 3801; x_wconf 80' lang='grc' dir='ltr'>δὲ,</span> <span class='ocrx_word' id='word_1_630' title='bbox 3238 3725 3387 3783; x_wconf 83' lang='grc' dir='ltr'>Ἐπεὶ</span> <span class='ocrx_word' id='word_1_631' title='bbox 3415 3728 3571 3783; x_wconf 76' lang='grc' dir='ltr'><strong>εἶπεν</strong></span> <span class='ocrx_word' id='word_1_632' title='bbox 3602 3726 3731 3799; x_wconf 81' lang='grc' dir='ltr'>ἅνω,</span> <span class='ocrx_word' id='word_1_633' title='bbox 3768 3725 3850 3783; x_wconf 80' lang='grc' dir='ltr'><strong>ὅτι</strong></span> 
     </span>
    </p>
   </div>
   <div class='ocr_carea' id='block_1_82' title="bbox 2202 3810 3852 3901">
    <p class='ocr_par' dir='ltr' id='par_1_82' title="bbox 2202 3810 3852 3901">
     <span class='ocr_line' id='line_1_82' title="bbox 2202 3810 3852 3901; baseline -0.002 -25"><span class='ocrx_word' id='word_1_634' title='bbox 2202 3810 2265 3901; x_wconf 63' lang='grc' dir='ltr'><strong>’ῼ</strong></span> <span class='ocrx_word' id='word_1_635' title='bbox 2320 3820 2382 3876; x_wconf 78' lang='grc' dir='ltr'><strong>ἂν</strong></span> <span class='ocrx_word' id='word_1_636' title='bbox 2428 3822 2455 3875; x_wconf 93' lang='lat'><strong>6</strong></span> <span class='ocrx_word' id='word_1_637' title='bbox 2499 3819 2619 3879; x_wconf 80' lang='grc' dir='ltr'><strong>Υἱὸς</strong></span> <span class='ocrx_word' id='word_1_638' title='bbox 2656 3815 2999 3895; x_wconf 77' lang='grc' dir='ltr'>ἀποκαλύψῃ,</span> <span class='ocrx_word' id='word_1_639' title='bbox 3061 3815 3265 3881; x_wconf 77' lang='grc' dir='ltr'>ἐκεῖνος</span> <span class='ocrx_word' id='word_1_640' title='bbox 3295 3816 3539 3894; x_wconf 86' lang='grc' dir='ltr'><strong>γινώσκει</strong></span> <span class='ocrx_word' id='word_1_641' title='bbox 3584 3818 3676 3881; x_wconf 77' lang='grc' dir='ltr'><strong>τὸν</strong></span> <span class='ocrx_word' id='word_1_642' title='bbox 3733 3824 3852 3872; x_wconf 86' lang='grc' dir='ltr'>Πα-</span> 
     </span>
    </p>
   </div>
   <div class='ocr_carea' id='block_1_83' title="bbox 2200 3906 3851 3989">
    <p class='ocr_par' dir='ltr' id='par_1_83' title="bbox 2200 3906 3851 3989">
     <span class='ocr_line' id='line_1_83' title="bbox 2200 3906 3851 3989; baseline -0.01 -21"><span class='ocrx_word' id='word_1_643' title='bbox 2200 3913 2344 3989; x_wconf 85' lang='grc' dir='ltr'>τέρα,</span> <span class='ocrx_word' id='word_1_644' title='bbox 2402 3908 2677 3986; x_wconf 74' lang='grc' dir='ltr'>μακαρίζει</span> <span class='ocrx_word' id='word_1_645' title='bbox 2736 3908 2921 3963; x_wconf 76' lang='grc' dir='ltr'>λοιπὸν</span> <span class='ocrx_word' id='word_1_646' title='bbox 2978 3906 3098 3968; x_wconf 84' lang='grc' dir='ltr'>τοὺς</span> <span class='ocrx_word' id='word_1_647' title='bbox 3161 3906 3397 3981; x_wconf 79' lang='grc' dir='ltr'>μαθητὰς</span> <span class='ocrx_word' id='word_1_648' title='bbox 3440 3908 3514 3969; x_wconf 88' lang='grc' dir='ltr'>ὼς</span> <span class='ocrx_word' id='word_1_649' title='bbox 3555 3912 3656 3974; x_wconf 76' lang='grc' dir='ltr'>τῆς</span> <span class='ocrx_word' id='word_1_650' title='bbox 3704 3907 3851 3963; x_wconf 71' lang='grc' dir='ltr'>ἀπε,-</span> 
     </span>
    </p>
   </div>
   <div class='ocr_carea' id='block_1_84' title="bbox 2199 3990 3849 4075">
    <p class='ocr_par' dir='ltr' id='par_1_84' title="bbox 2199 3990 3849 4075">
     <span class='ocr_line' id='line_1_84' title="bbox 2199 3990 3849 4075; baseline -0.004 -17"><span class='ocrx_word' id='word_1_651' title='bbox 2199 4000 2479 4075; x_wconf 77' lang='grc' dir='ltr'>καλύψεως</span> <span class='ocrx_word' id='word_1_652' title='bbox 2537 3998 2733 4063; x_wconf 73' lang='grc' dir='ltr'>ταύτης</span> <span class='ocrx_word' id='word_1_653' title='bbox 2791 3995 3073 4075; x_wconf 76' lang='grc' dir='ltr'>τυχόντας.</span> <span class='ocrx_word' id='word_1_654' title='bbox 3126 3990 3491 4051; x_wconf 81' lang='grc' dir='ltr'>Ἀπεκάλυπτε</span> <span class='ocrx_word' id='word_1_655' title='bbox 3538 3998 3638 4074; x_wconf 79' lang='grc' dir='ltr'><strong>γὰρ</strong></span> <span class='ocrx_word' id='word_1_656' title='bbox 3664 3996 3849 4062; x_wconf 68' lang='grc' dir='ltr'>αὖτοτς</span> 
     </span>
    </p>
   </div>
   <div class='ocr_carea' id='block_1_85' title="bbox 467 4077 3849 4171">
    <p class='ocr_par' dir='ltr' id='par_1_85' title="bbox 467 4077 3849 4171">
     <span class='ocr_line' id='line_1_85' title="bbox 467 4077 3849 4171; baseline 0.007 -39"><span class='ocrx_word' id='word_1_657' title='bbox 467 4079 558 4133; x_wconf 72' lang='grc' dir='ltr'><strong>τὸν</strong></span> <span class='ocrx_word' id='word_1_658' title='bbox 608 4080 811 4159; x_wconf 82' lang='grc' dir='ltr'>Πατέρα</span> <span class='ocrx_word' id='word_1_659' title='bbox 842 4081 909 4138; x_wconf 83' lang='grc' dir='ltr'>δι’</span> <span class='ocrx_word' id='word_1_660' title='bbox 955 4088 1131 4147; x_wconf 71' lang='grc' dir='ltr'>αὐτοῦ,</span> <span class='ocrx_word' id='word_1_661' title='bbox 1169 4077 1224 4141; x_wconf 67' lang='grc' dir='ltr'><strong>Ὀ</strong></span> <span class='ocrx_word' id='word_1_662' title='bbox 1269 4086 1367 4163; x_wconf 74' lang='grc' dir='ltr'><strong>γὰρ</strong></span> <span class='ocrx_word' id='word_1_663' title='bbox 1399 4087 1553 4143; x_wconf 65' lang='grc' dir='ltr'>αὐτὸν</span> <span class='ocrx_word' id='word_1_664' title='bbox 1584 4091 1741 4170; x_wconf 75' lang='grc' dir='ltr'>ὁρῶν,</span> <span class='ocrx_word' id='word_1_665' title='bbox 1776 4077 1913 4168; x_wconf 77' lang='grc' dir='ltr'>ἑώρα</span> <span class='ocrx_word' id='word_1_666' title='bbox 1958 4095 2047 4148; x_wconf 76' lang='grc' dir='ltr'><strong>τὸν</strong></span> <span class='ocrx_word' id='word_1_667' title='bbox 2080 4093 2311 4171; x_wconf 84' lang='grc' dir='ltr'>Πατέρα.</span> <span class='ocrx_word' id='word_1_668' title='bbox 2349 4089 2544 4147; x_wconf 79' lang='grc' dir='ltr'>Τούτου</span> <span class='ocrx_word' id='word_1_669' title='bbox 2574 4084 2628 4141; x_wconf 82' lang='grc' dir='ltr'>δὲ</span> <span class='ocrx_word' id='word_1_670' title='bbox 2660 4092 2751 4142; x_wconf 79' lang='grc' dir='ltr'>τοῦ</span> <span class='ocrx_word' id='word_1_671' title='bbox 2781 4085 2978 4161; x_wconf 80' lang='grc' dir='ltr'>ἀγαθοῦ</span> <span class='ocrx_word' id='word_1_672' title='bbox 3006 4082 3171 4146; x_wconf 71' lang='grc' dir='ltr'>οὐδεὶς</span> <span class='ocrx_word' id='word_1_673' title='bbox 3199 4090 3305 4142; x_wconf 84' lang='grc' dir='ltr'><strong>τῶν</strong></span> <span class='ocrx_word' id='word_1_674' title='bbox 3334 4084 3435 4161; x_wconf 75' lang='grc' dir='ltr'><strong>πρὸ</strong></span> <span class='ocrx_word' id='word_1_675' title='bbox 3465 4084 3564 4152; x_wconf 70' lang='grc' dir='ltr'><strong>τῆτ</strong></span> <span class='ocrx_word' id='word_1_676' title='bbox 3593 4084 3849 4162; x_wconf 77' lang='grc' dir='ltr'>ἐνσάρκου</span> 
     </span>
    </p>
   </div>
   <div class='ocr_carea' id='block_1_86' title="bbox 467 4169 3846 4263">
    <p class='ocr_par' dir='ltr' id='par_1_86' title="bbox 467 4169 3846 4263">
     <span class='ocr_line' id='line_1_86' title="bbox 467 4169 3846 4263; baseline 0.003 -40"><span class='ocrx_word' id='word_1_677' title='bbox 467 4169 768 4245; x_wconf 82' lang='grc' dir='ltr'>οἰκονομίας</span> <span class='ocrx_word' id='word_1_678' title='bbox 805 4174 967 4249; x_wconf 80' lang='grc' dir='ltr'><strong>ἁγίων</strong></span> <span class='ocrx_word' id='word_1_679' title='bbox 999 4173 1255 4254; x_wconf 83' lang='grc' dir='ltr'><strong>ἐπέτυχεν</strong></span> <span class='ocrx_word' id='word_1_680' title='bbox 1288 4197 1300 4210; x_wconf 88' lang='grc'><strong>·</strong></span> <span class='ocrx_word' id='word_1_681' title='bbox 1339 4176 1452 4233; x_wconf 85' lang='grc' dir='ltr'>ἐπεὶ</span> <span class='ocrx_word' id='word_1_682' title='bbox 1483 4179 1581 4257; x_wconf 75' lang='grc' dir='ltr'>γὰρ</span> <span class='ocrx_word' id='word_1_683' title='bbox 1613 4180 1703 4236; x_wconf 69' lang='grc' dir='ltr'><strong>οὒκ</strong></span> <span class='ocrx_word' id='word_1_684' title='bbox 1728 4169 1879 4238; x_wconf 81' lang='grc' dir='ltr'>εἶδον</span> <span class='ocrx_word' id='word_1_685' title='bbox 1922 4184 2014 4238; x_wconf 76' lang='grc' dir='ltr'>τὸν</span> <span class='ocrx_word' id='word_1_686' title='bbox 2049 4169 2234 4263; x_wconf 75' lang='grc' dir='ltr'>Κύριον</span> <span class='ocrx_word' id='word_1_687' title='bbox 2264 4181 2317 4237; x_wconf 77' lang='grc' dir='ltr'><strong>έν</strong></span> <span class='ocrx_word' id='word_1_688' title='bbox 2346 4178 2524 4257; x_wconf 82' lang='grc' dir='ltr'>σαρκὶ,</span> <span class='ocrx_word' id='word_1_689' title='bbox 2554 4174 2623 4231; x_wconf 86' lang='grc' dir='ltr'><strong>δι’</strong></span> <span class='ocrx_word' id='word_1_690' title='bbox 2654 4173 2713 4231; x_wconf 78' lang='grc' dir='ltr'><strong>οὗ</strong></span> <span class='ocrx_word' id='word_1_691' title='bbox 2757 4176 2784 4231; x_wconf 79' lang='lat'><strong>6</strong></span> <span class='ocrx_word' id='word_1_692' title='bbox 2818 4173 2997 4251; x_wconf 76' lang='grc' dir='ltr'>Πατὴρ</span> <span class='ocrx_word' id='word_1_693' title='bbox 3027 4172 3361 4253; x_wconf 80' lang='grc' dir='ltr'>έγνωρίζετο,</span> <span class='ocrx_word' id='word_1_694' title='bbox 3395 4170 3581 4231; x_wconf 75' lang='grc' dir='ltr'>λοιπὸν</span> <span class='ocrx_word' id='word_1_695' title='bbox 3606 4173 3723 4231; x_wconf 78' lang='grc' dir='ltr'>οὐδὲ</span> <span class='ocrx_word' id='word_1_696' title='bbox 3754 4177 3846 4233; x_wconf 79' lang='grc' dir='ltr'>τὸν</span> 
     </span>
    </p>
   </div>
   <div class='ocr_carea' id='block_1_87' title="bbox 468 4257 1563 4336">
    <p class='ocr_par' dir='ltr' id='par_1_87' title="bbox 468 4257 1563 4336">
     <span class='ocr_line' id='line_1_87' title="bbox 468 4257 1563 4336; baseline 0.01 -26"><span class='ocrx_word' id='word_1_697' title='bbox 468 4257 674 4336; x_wconf 81' lang='grc' dir='ltr'>Πατέρα</span> <span class='ocrx_word' id='word_1_698' title='bbox 707 4259 853 4318; x_wconf 79' lang='grc' dir='ltr'>εἶδον</span> <span class='ocrx_word' id='word_1_699' title='bbox 884 4263 1047 4326; x_wconf 75' lang='grc' dir='ltr'>οὕτως</span> <span class='ocrx_word' id='word_1_700' title='bbox 1077 4265 1147 4327; x_wconf 80' lang='grc' dir='ltr'>ὡς</span> <span class='ocrx_word' id='word_1_701' title='bbox 1181 4266 1227 4320; x_wconf 82' lang='grc' dir='ltr'>οἱ</span> <span class='ocrx_word' id='word_1_702' title='bbox 1256 4264 1563 4329; x_wconf 79' lang='grc' dir='ltr'>ἀπόστολοι,</span> 
     </span>
    </p>
   </div>
   <div class='ocr_carea' id='block_1_88' title="bbox 543 4342 2131 4437">
    <p class='ocr_par' dir='ltr' id='par_1_88' title="bbox 543 4342 2131 4437">
     <span class='ocr_line' id='line_1_88' title="bbox 543 4342 2131 4437; baseline 0.008 -32"><span class='ocrx_word' id='word_1_703' title='bbox 543 4342 726 4437; x_wconf 66' lang='lat' dir='ltr'><strong>Vsus.</strong></span> <span class='ocrx_word' id='word_1_704' title='bbox 760 4347 966 4414; x_wconf 67' lang='lat'><strong>25-98.</strong></span> <span class='ocrx_word' id='word_1_705' title='bbox 1000 4375 1021 4407; x_wconf 72' lang='grc' dir='ltr'>α</span> <span class='ocrx_word' id='word_1_706' title='bbox 1050 4350 1119 4411; x_wconf 86' lang='grc' dir='ltr'><strong>Ει</strong></span> <span class='ocrx_word' id='word_1_707' title='bbox 1141 4369 1280 4413; x_wconf 87' lang='lat' dir='ltr'><strong>ecce</strong></span> <span class='ocrx_word' id='word_1_708' title='bbox 1304 4353 1541 4433; x_wconf 87' lang='lat' dir='ltr'><strong>quidam</strong></span> <span class='ocrx_word' id='word_1_709' title='bbox 1570 4354 1947 4437; x_wconf 85' lang='lat' dir='ltr'><strong>legisperitus</strong></span> <span class='ocrx_word' id='word_1_710' title='bbox 1972 4369 2131 4420; x_wconf 89' lang='lat' dir='ltr'><strong>sur-l</strong></span> 
     </span>
    </p>
   </div>
   <div class='ocr_carea' id='block_1_89' title="bbox 2209 4342 3414 4437">
    <p class='ocr_par' dir='ltr' id='par_1_89' title="bbox 2270 4350 3414 4427">
     <span class='ocr_line' id='line_1_89' title="bbox 2270 4350 3414 4427; baseline -0.007 -13"><span class='ocrx_word' id='word_1_711' title='bbox 2270 4382 2292 4414; x_wconf 71' lang='grc' dir='ltr'><strong>ε</strong></span> <span class='ocrx_word' id='word_1_712' title='bbox 2377 4358 2473 4416; x_wconf 80' lang='grc' dir='ltr'><strong>Καὶ</strong></span> <span class='ocrx_word' id='word_1_713' title='bbox 2562 4354 2673 4412; x_wconf 77' lang='grc' dir='ltr'>ἰδοὺ</span> <span class='ocrx_word' id='word_1_714' title='bbox 2744 4352 2963 4427; x_wconf 57' lang='grc' dir='ltr'>νομικός</span> <span class='ocrx_word' id='word_1_715' title='bbox 3033 4374 3115 4415; x_wconf 88' lang='grc' dir='ltr'><strong>τις</strong></span> <span class='ocrx_word' id='word_1_716' title='bbox 3194 4350 3414 4426; x_wconf 86' lang='grc' dir='ltr'>ἀνέστη,</span> 
     </span>
    </p>
   </div>
   <div class='ocr_carea' id='block_1_90' title="bbox 460 4435 2099 4527">
    <p class='ocr_par' dir='ltr' id='par_1_90' title="bbox 460 4435 2099 4527">
     <span class='ocr_line' id='line_1_90' title="bbox 460 4435 2099 4527; baseline 0.01 -35"><span class='ocrx_word' id='word_1_717' title='bbox 460 4435 866 4527; x_wconf 69' lang='grc' dir='ltr'>τελὶιιθηιειιιε</span> <span class='ocrx_word' id='word_1_718' title='bbox 894 4439 1080 4512; x_wconf 92' lang='lat' dir='ltr'><strong>illum,</strong></span> <span class='ocrx_word' id='word_1_719' title='bbox 1114 4451 1173 4503; x_wconf 93' lang='lat' dir='ltr'><strong>et</strong></span> <span class='ocrx_word' id='word_1_720' title='bbox 1204 4442 1406 4503; x_wconf 84' lang='lat' dir='ltr'><strong>dicens</strong></span> <span class='ocrx_word' id='word_1_721' title='bbox 1440 4461 1452 4504; x_wconf 92' lang='lat'><strong>:</strong></span> <span class='ocrx_word' id='word_1_722' title='bbox 1506 4435 1804 4525; x_wconf 82' lang='lat' dir='ltr'><strong>Magister,</strong></span> <span class='ocrx_word' id='word_1_723' title='bbox 1840 4446 1979 4527; x_wconf 89' lang='lat' dir='ltr'><strong>quid</strong></span> <span class='ocrx_word' id='word_1_724' title='bbox 2014 4448 2099 4508; x_wconf 83' lang='lat' dir='ltr'><strong>fa-</strong></span> 
     </span>
    </p>
   </div>
   <div class='ocr_carea' id='block_1_91' title="bbox 3516 4351 3845 4432">
    <p class='ocr_par' dir='ltr' id='par_1_91' title="bbox 3516 4351 3845 4432">
     <span class='ocr_line' id='line_1_91' title="bbox 3516 4351 3845 4432; baseline 0.003 -25"><span class='ocrx_word' id='word_1_725' title='bbox 3516 4351 3845 4432; x_wconf 75' lang='grc' dir='ltr'><strong>ἐκπειράζων</strong></span> 
     </span>
    </p>
   </div>
   <div class='ocr_carea' id='block_1_92' title="bbox 2192 4437 3842 4521">
    <p class='ocr_par' dir='ltr' id='par_1_92' title="bbox 2192 4437 3842 4521">
     <span class='ocr_line' id='line_1_92' title="bbox 2192 4437 3842 4521; baseline -0.001 -22"><span class='ocrx_word' id='word_1_726' title='bbox 2192 4448 2371 4521; x_wconf 71' lang='grc' dir='ltr'>αὐτὸν,</span> <span class='ocrx_word' id='word_1_727' title='bbox 2445 4445 2535 4501; x_wconf 80' lang='grc' dir='ltr'>καὶ</span> <span class='ocrx_word' id='word_1_728' title='bbox 2605 4441 2778 4521; x_wconf 84' lang='grc' dir='ltr'>λέγων</span> <span class='ocrx_word' id='word_1_729' title='bbox 2811 4455 2826 4471; x_wconf 85' lang='grc'>⁶</span> <span class='ocrx_word' id='word_1_730' title='bbox 2893 4437 3211 4521; x_wconf 62' lang='grc' dir='ltr'>Διδάσκαλε,</span> <span class='ocrx_word' id='word_1_731' title='bbox 3283 4440 3333 4495; x_wconf 82' lang='grc' dir='ltr'><strong>τί</strong></span> <span class='ocrx_word' id='word_1_732' title='bbox 3413 4442 3643 4505; x_wconf 73' lang='grc' dir='ltr'>ποιήσας</span> <span class='ocrx_word' id='word_1_733' title='bbox 3698 4442 3842 4512; x_wconf 68' lang='grc' dir='ltr'>ζωὴν</span> 
     </span>
    </p>
   </div>
   <div class='ocr_carea' id='block_1_93' title="bbox 462 4520 2131 4629">
    <p class='ocr_par' dir='ltr' id='par_1_93' title="bbox 462 4520 2106 4629">
     <span class='ocr_line' id='line_1_93' title="bbox 462 4520 2106 4629; baseline 0.009 -49"><span class='ocrx_word' id='word_1_734' title='bbox 462 4522 676 4629; x_wconf 72' lang='lat' dir='ltr'><strong>ciendo</strong></span> <span class='ocrx_word' id='word_1_735' title='bbox 700 4528 871 4629; x_wconf 67' lang='lat' dir='ltr'><strong>vitam</strong></span> <span class='ocrx_word' id='word_1_736' title='bbox 892 4532 1555 4629; x_wconf 68' lang='lat' dir='ltr'><strong>aeternampossidebo?</strong></span> <span class='ocrx_word' id='word_1_737' title='bbox 1578 4520 1652 4594; x_wconf 45' lang='lat' dir='ltr'><strong>A—t</strong></span> <span class='ocrx_word' id='word_1_738' title='bbox 1675 4534 1775 4629; x_wconf 58' lang='lat' dir='ltr'><strong>ille</strong></span> <span class='ocrx_word' id='word_1_739' title='bbox 1792 4520 1948 4596; x_wconf 69' lang='lat' dir='ltr'><strong>dixit</strong></span> <span class='ocrx_word' id='word_1_740' title='bbox 1968 4536 2106 4596; x_wconf 74' lang='grc'><strong>548</strong></span> 
     </span>
    </p>
   </div>
   <div class='ocr_carea' id='block_1_94' title="bbox 2209 4520 3842 4629">
    <p class='ocr_par' dir='ltr' id='par_1_94' title="bbox 2209 4520 3842 4629">
     <span class='ocr_line' id='line_1_94' title="bbox 2209 4520 3842 4629; baseline -0.003 -38"><span class='ocrx_word' id='word_1_741' title='bbox 2209 4520 2396 4592; x_wconf 73' lang='grc' dir='ltr'><strong>ἷῖώνιαν</strong></span> <span class='ocrx_word' id='word_1_742' title='bbox 2455 4532 2851 4612; x_wconf 75' lang='grc' dir='ltr'>κληρονομήσω</span> <span class='ocrx_word' id='word_1_743' title='bbox 2888 4549 2904 4608; x_wconf 84' lang='grc'>;</span> <span class='ocrx_word' id='word_1_744' title='bbox 2938 4520 2995 4587; x_wconf 69' lang='grc' dir='ltr'>Ὀ</span> <span class='ocrx_word' id='word_1_745' title='bbox 3026 4526 3082 4629; x_wconf 72' lang='grc' dir='ltr'>δὲ</span> <span class='ocrx_word' id='word_1_746' title='bbox 3113 4528 3243 4629; x_wconf 69' lang='grc' dir='ltr'>εἶπε</span> <span class='ocrx_word' id='word_1_747' title='bbox 3266 4530 3397 4604; x_wconf 84' lang='grc' dir='ltr'>πρὸς</span> <span class='ocrx_word' id='word_1_748' title='bbox 3428 4530 3583 4629; x_wconf 60' lang='grc' dir='ltr'>αὐτόν</span> <span class='ocrx_word' id='word_1_749' title='bbox 3605 4528 3738 4629; x_wconf 33' lang='grc' dir='ltr'><strong>,Ἐν</strong></span> <span class='ocrx_word' id='word_1_750' title='bbox 3768 4538 3842 4605; x_wconf 79' lang='grc' dir='ltr'>τῷ</span> 
     </span>
    </p>
   </div>
   <div class='ocr_carea' id='block_1_95' title="bbox 458 4611 2131 4703">
    <p class='ocr_par' dir='ltr' id='par_1_95' title="bbox 458 4611 2105 4703">
     <span class='ocr_line' id='line_1_95' title="bbox 458 4611 2105 4703; baseline 0.01 -33"><span class='ocrx_word' id='word_1_751' title='bbox 458 4611 528 4703; x_wconf 79' lang='lat' dir='ltr'><strong>ad</strong></span> <span class='ocrx_word' id='word_1_752' title='bbox 566 4632 749 4703; x_wconf 67' lang='lat' dir='ltr'><strong>eum:</strong></span> <span class='ocrx_word' id='word_1_753' title='bbox 803 4615 863 4676; x_wconf 83' lang='grc' dir='ltr'>[ιι</span> <span class='ocrx_word' id='word_1_754' title='bbox 914 4618 1042 4695; x_wconf 89' lang='lat' dir='ltr'><strong>lege</strong></span> <span class='ocrx_word' id='word_1_755' title='bbox 1090 4619 1233 4697; x_wconf 92' lang='lat' dir='ltr'><strong>quid</strong></span> <span class='ocrx_word' id='word_1_756' title='bbox 1279 4619 1563 4699; x_wconf 87' lang='lat' dir='ltr'><strong>scriptum</strong></span> <span class='ocrx_word' id='word_1_757' title='bbox 1617 4621 1759 4683; x_wconf 85' lang='lat' dir='ltr'><strong>est?</strong></span> <span class='ocrx_word' id='word_1_758' title='bbox 1805 4630 2105 4703; x_wconf 72' lang='lat' dir='ltr'><strong>quomodo</strong></span> 
     </span>
    </p>
   </div>
   <div class='ocr_carea' id='block_1_96' title="bbox 2209 4611 3839 4703">
    <p class='ocr_par' dir='ltr' id='par_1_96' title="bbox 2209 4611 3839 4701">
     <span class='ocr_line' id='line_1_96' title="bbox 2209 4611 3839 4701; baseline 0.002 -29"><span class='ocrx_word' id='word_1_759' title='bbox 2209 4625 2337 4701; x_wconf 71' lang='grc' dir='ltr'>ιόμῳ</span> <span class='ocrx_word' id='word_1_760' title='bbox 2390 4625 2440 4681; x_wconf 82' lang='grc' dir='ltr'><strong>τί</strong></span> <span class='ocrx_word' id='word_1_761' title='bbox 2486 4611 2826 4701; x_wconf 82' lang='grc' dir='ltr'><strong>γέγραπται;</strong></span> <span class='ocrx_word' id='word_1_762' title='bbox 2875 4626 2990 4681; x_wconf 82' lang='grc' dir='ltr'>πῶς</span> <span class='ocrx_word' id='word_1_763' title='bbox 3022 4617 3402 4696; x_wconf 84' lang='grc' dir='ltr'><strong>ἀναγινώσκεις</strong></span> <span class='ocrx_word' id='word_1_764' title='bbox 3436 4636 3454 4695; x_wconf 85' lang='grc'><strong>;</strong></span> <span class='ocrx_word' id='word_1_765' title='bbox 3492 4611 3549 4676; x_wconf 66' lang='grc' dir='ltr'><strong>Ὀ</strong></span> <span class='ocrx_word' id='word_1_766' title='bbox 3600 4618 3655 4674; x_wconf 78' lang='grc' dir='ltr'>δὲ</span> <span class='ocrx_word' id='word_1_767' title='bbox 3698 4620 3839 4676; x_wconf 85' lang='grc' dir='ltr'>ἀπο-</span> 
     </span>
    </p>
   </div>
   <div class='ocr_carea' id='block_1_97' title="bbox 459 4698 2101 4789">
    <p class='ocr_par' dir='ltr' id='par_1_97' title="bbox 459 4698 2101 4789">
     <span class='ocr_line' id='line_1_97' title="bbox 459 4698 2101 4789; baseline 0.009 -30"><span class='ocrx_word' id='word_1_768' title='bbox 459 4698 657 4789; x_wconf 74' lang='lat' dir='ltr'><strong>legis?</strong></span> <span class='ocrx_word' id='word_1_769' title='bbox 708 4702 814 4765; x_wconf 93' lang='lat' dir='ltr'><strong>Ille</strong></span> <span class='ocrx_word' id='word_1_770' title='bbox 844 4707 1216 4787; x_wconf 89' lang='lat' dir='ltr'><strong>respondens</strong></span> <span class='ocrx_word' id='word_1_771' title='bbox 1264 4698 1457 4771; x_wconf 83' lang='lat' dir='ltr'><strong>dixit:</strong></span> <span class='ocrx_word' id='word_1_772' title='bbox 1509 4709 1732 4789; x_wconf 90' lang='lat' dir='ltr'><strong>Diliges</strong></span> <span class='ocrx_word' id='word_1_773' title='bbox 1787 4698 2101 4774; x_wconf 66' lang='lat' dir='ltr'><strong>Dominum</strong></span> 
     </span>
    </p>
   </div>
   <div class='ocr_carea' id='block_1_98' title="bbox 456 4786 2103 4881">
    <p class='ocr_par' dir='ltr' id='par_1_98' title="bbox 456 4786 2103 4881">
     <span class='ocr_line' id='line_1_98' title="bbox 456 4786 2103 4881; baseline 0.01 -33"><span class='ocrx_word' id='word_1_774' title='bbox 456 4786 642 4850; x_wconf 86' lang='lat' dir='ltr'><strong>Deum</strong></span> <span class='ocrx_word' id='word_1_775' title='bbox 667 4800 827 4855; x_wconf 89' lang='lat' dir='ltr'><strong>tuum</strong></span> <span class='ocrx_word' id='word_1_776' title='bbox 854 4815 922 4856; x_wconf 85' lang='lat' dir='ltr'><strong>ex</strong></span> <span class='ocrx_word' id='word_1_777' title='bbox 949 4786 1069 4857; x_wconf 90' lang='lat' dir='ltr'><strong>toto</strong></span> <span class='ocrx_word' id='word_1_778' title='bbox 1091 4797 1272 4858; x_wconf 87' lang='lat' dir='ltr'><strong>corde</strong></span> <span class='ocrx_word' id='word_1_779' title='bbox 1295 4810 1420 4871; x_wconf 90' lang='lat' dir='ltr'><strong>tuo,</strong></span> <span class='ocrx_word' id='word_1_780' title='bbox 1445 4807 1502 4860; x_wconf 92' lang='lat' dir='ltr'><strong>et</strong></span> <span class='ocrx_word' id='word_1_781' title='bbox 1523 4819 1591 4860; x_wconf 73' lang='lat' dir='ltr'><strong>ex</strong></span> <span class='ocrx_word' id='word_1_782' title='bbox 1624 4786 1739 4861; x_wconf 72' lang='lat' dir='ltr'><strong>tota</strong></span> <span class='ocrx_word' id='word_1_783' title='bbox 1764 4801 1959 4863; x_wconf 88' lang='lat' dir='ltr'><strong>anima</strong></span> <span class='ocrx_word' id='word_1_784' title='bbox 1985 4811 2103 4881; x_wconf 91' lang='lat' dir='ltr'><strong>tua,</strong></span> 
     </span>
    </p>
   </div>
   <div class='ocr_carea' id='block_1_99' title="bbox 453 4881 2111 4959">
    <p class='ocr_par' dir='ltr' id='par_1_99' title="bbox 453 4881 2111 4959">
     <span class='ocr_line' id='line_1_99' title="bbox 453 4881 2111 4959; baseline 0.01 -23"><span class='ocrx_word' id='word_1_785' title='bbox 453 4884 505 4937; x_wconf 91' lang='lat' dir='ltr'><strong>et</strong></span> <span class='ocrx_word' id='word_1_786' title='bbox 543 4896 611 4940; x_wconf 85' lang='lat' dir='ltr'><strong>ex</strong></span> <span class='ocrx_word' id='word_1_787' title='bbox 656 4881 789 4942; x_wconf 89' lang='lat' dir='ltr'><strong>totis</strong></span> <span class='ocrx_word' id='word_1_788' title='bbox 822 4884 1045 4947; x_wconf 91' lang='lat' dir='ltr'><strong>viribus</strong></span> <span class='ocrx_word' id='word_1_789' title='bbox 1078 4886 1212 4959; x_wconf 89' lang='lat' dir='ltr'><strong>tuis,</strong></span> <span class='ocrx_word' id='word_1_790' title='bbox 1259 4894 1315 4948; x_wconf 90' lang='lat' dir='ltr'><strong>et</strong></span> <span class='ocrx_word' id='word_1_791' title='bbox 1353 4906 1421 4948; x_wconf 84' lang='lat' dir='ltr'><strong>ex</strong></span> <span class='ocrx_word' id='word_1_792' title='bbox 1476 4896 1593 4948; x_wconf 92' lang='lat' dir='ltr'><strong>tota</strong></span> <span class='ocrx_word' id='word_1_793' title='bbox 1627 4898 1825 4952; x_wconf 83' lang='lat' dir='ltr'><strong>mente</strong></span> <span class='ocrx_word' id='word_1_794' title='bbox 1858 4899 1953 4952; x_wconf 90' lang='lat' dir='ltr'><strong>tua</strong></span> <span class='ocrx_word' id='word_1_795' title='bbox 1991 4912 2002 4954; x_wconf 89' lang='lat'><strong>:</strong></span> <span class='ocrx_word' id='word_1_796' title='bbox 2052 4900 2111 4955; x_wconf 86' lang='lat' dir='ltr'><strong>et</strong></span> 
     </span>
    </p>
   </div>
   <div class='ocr_carea' id='block_1_100' title="bbox 455 4970 2111 5059">
    <p class='ocr_par' dir='ltr' id='par_1_100' title="bbox 455 4970 2111 5059">
     <span class='ocr_line' id='line_1_100' title="bbox 455 4970 2111 5059; baseline 0.01 -33"><span class='ocrx_word' id='word_1_797' title='bbox 455 4970 794 5046; x_wconf 79' lang='lat' dir='ltr'><strong>proximum</strong></span> <span class='ocrx_word' id='word_1_798' title='bbox 813 4982 975 5034; x_wconf 93' lang='lat' dir='ltr'><strong>tuum</strong></span> <span class='ocrx_word' id='word_1_799' title='bbox 990 4975 1137 5038; x_wconf 89' lang='lat' dir='ltr'><strong>sicut</strong></span> <span class='ocrx_word' id='word_1_800' title='bbox 1163 4976 1439 5056; x_wconf 89' lang='lat' dir='ltr'><strong>leipsum.</strong></span> <span class='ocrx_word' id='word_1_801' title='bbox 1467 4978 1741 5059; x_wconf 83' lang='lat' dir='ltr'><strong>Dixitque</strong></span> <span class='ocrx_word' id='word_1_802' title='bbox 1764 4979 1850 5040; x_wconf 91' lang='lat' dir='ltr'><strong>illi</strong></span> <span class='ocrx_word' id='word_1_803' title='bbox 1880 4998 1893 5041; x_wconf 92' lang='lat'><strong>:</strong></span> <span class='ocrx_word' id='word_1_804' title='bbox 1927 4982 2111 5044; x_wconf 81' lang='lat' dir='ltr'><strong>Recte</strong></span> 
     </span>
    </p>
   </div>
   <div class='ocr_carea' id='block_1_101' title="bbox 450 5059 2106 5149">
    <p class='ocr_par' dir='ltr' id='par_1_101' title="bbox 450 5059 2106 5149">
     <span class='ocr_line' id='line_1_101' title="bbox 450 5059 2106 5149; baseline 0.009 -34"><span class='ocrx_word' id='word_1_805' title='bbox 450 5059 841 5149; x_wconf 76' lang='lat' dir='ltr'><strong>respondisti,</strong></span> <span class='ocrx_word' id='word_1_806' title='bbox 878 5063 989 5124; x_wconf 90' lang='lat' dir='ltr'><strong>hoc</strong></span> <span class='ocrx_word' id='word_1_807' title='bbox 1017 5064 1126 5137; x_wconf 83' lang='lat' dir='ltr'><strong>fac,</strong></span> <span class='ocrx_word' id='word_1_808' title='bbox 1156 5074 1213 5127; x_wconf 89' lang='lat' dir='ltr'><strong>et</strong></span> <span class='ocrx_word' id='word_1_809' title='bbox 1245 5066 1428 5129; x_wconf 87' lang='lat' dir='ltr'><strong>vives.</strong></span> <span class='ocrx_word' id='word_1_810' title='bbox 1467 5091 1493 5121; x_wconf 71' lang='grc' dir='ltr'>ι)</span> <span class='ocrx_word' id='word_1_811' title='bbox 1546 5072 1836 5147; x_wconf 77' lang='lat' dir='ltr'><strong>Arrogans</strong></span> <span class='ocrx_word' id='word_1_812' title='bbox 1869 5070 2106 5149; x_wconf 90' lang='lat' dir='ltr'><strong>quidam</strong></span> 
     </span>
    </p>
   </div>
   <div class='ocr_carea' id='block_1_102' title="bbox 446 5138 2109 5239">
    <p class='ocr_par' dir='ltr' id='par_1_102' title="bbox 446 5138 2109 5239">
     <span class='ocr_line' id='line_1_102' title="bbox 446 5138 2109 5239; baseline 0.008 -33"><span class='ocrx_word' id='word_1_813' title='bbox 446 5138 859 5239; x_wconf 69' lang='lat' dir='ltr'><strong>legisperibus</strong></span> <span class='ocrx_word' id='word_1_814' title='bbox 907 5153 1037 5227; x_wconf 84' lang='lat' dir='ltr'><strong>fuit,</strong></span> <span class='ocrx_word' id='word_1_815' title='bbox 1087 5153 1204 5215; x_wconf 88' lang='lat' dir='ltr'><strong>imo</strong></span> <span class='ocrx_word' id='word_1_816' title='bbox 1250 5155 1568 5235; x_wconf 91' lang='lat' dir='ltr'><strong>superbus,</strong></span> <span class='ocrx_word' id='word_1_817' title='bbox 1622 5138 1804 5218; x_wconf 43' lang='lat' dir='ltr'><strong>ut&#39;ex</strong></span> <span class='ocrx_word' id='word_1_818' title='bbox 1859 5138 1951 5218; x_wconf 72' lang='lat' dir='ltr'><strong>his</strong></span> <span class='ocrx_word' id='word_1_819' title='bbox 1980 5178 2109 5239; x_wconf 59' lang='lat' dir='ltr'><strong>quas</strong></span> 
     </span>
    </p>
   </div>
   <div class='ocr_carea' id='block_1_103' title="bbox 438 5234 2101 5324">
    <p class='ocr_par' dir='ltr' id='par_1_103' title="bbox 438 5234 2101 5324">
     <span class='ocr_line' id='line_1_103' title="bbox 438 5234 2101 5324; baseline 0.009 -27"><span class='ocrx_word' id='word_1_820' title='bbox 438 5234 791 5317; x_wconf 71' lang='lat' dir='ltr'><strong>&#39;equuntur</strong></span> <span class='ocrx_word' id='word_1_821' title='bbox 842 5244 1220 5304; x_wconf 89' lang='lat' dir='ltr'><strong>manilestum</strong></span> <span class='ocrx_word' id='word_1_822' title='bbox 1271 5234 1381 5319; x_wconf 82' lang='lat' dir='ltr'><strong>est,</strong></span> <span class='ocrx_word' id='word_1_823' title='bbox 1436 5247 1680 5324; x_wconf 91' lang='lat' dir='ltr'><strong>insuper</strong></span> <span class='ocrx_word' id='word_1_824' title='bbox 1730 5255 1788 5307; x_wconf 89' lang='lat' dir='ltr'><strong>et</strong></span> <span class='ocrx_word' id='word_1_825' title='bbox 1836 5234 2101 5313; x_wconf 78' lang='lat' dir='ltr'><strong>(lolosus.</strong></span> 
     </span>
    </p>
   </div>
   <div class='ocr_carea' id='block_1_104' title="bbox 455 5326 2100 5415">
    <p class='ocr_par' dir='ltr' id='par_1_104' title="bbox 455 5326 2100 5415">
     <span class='ocr_line' id='line_1_104' title="bbox 455 5326 2100 5415; baseline 0.007 -27"><span class='ocrx_word' id='word_1_826' title='bbox 455 5326 705 5390; x_wconf 83' lang='lat' dir='ltr'><strong>Accedit</strong></span> <span class='ocrx_word' id='word_1_827' title='bbox 724 5331 919 5411; x_wconf 90' lang='lat' dir='ltr'><strong>itaque</strong></span> <span class='ocrx_word' id='word_1_828' title='bbox 945 5332 1918 5415; x_wconf 86' lang='lat' dir='ltr'><strong>tentansDominum.0pinabatur</strong></span> <span class='ocrx_word' id='word_1_829' title='bbox 1942 5338 2100 5399; x_wconf 87' lang='lat' dir='ltr'><strong>enim</strong></span> 
     </span>
    </p>
   </div>
   <div class='ocr_carea' id='block_1_105' title="bbox 446 5417 2089 5503">
    <p class='ocr_par' dir='ltr' id='par_1_105' title="bbox 446 5417 2089 5503">
     <span class='ocr_line' id='line_1_105' title="bbox 446 5417 2089 5503; baseline 0.007 -28"><span class='ocrx_word' id='word_1_830' title='bbox 446 5417 600 5492; x_wconf 89' lang='lat' dir='ltr'><strong>quod</strong></span> <span class='ocrx_word' id='word_1_831' title='bbox 638 5435 704 5477; x_wconf 87' lang='lat' dir='ltr'><strong>ex</strong></span> <span class='ocrx_word' id='word_1_832' title='bbox 739 5420 1043 5498; x_wconf 90' lang='lat' dir='ltr'><strong>responsis</strong></span> <span class='ocrx_word' id='word_1_833' title='bbox 1094 5420 1474 5500; x_wconf 79' lang='lat' dir='ltr'><strong>supplantare</strong></span> <span class='ocrx_word' id='word_1_834' title='bbox 1522 5420 1835 5483; x_wconf 91' lang='lat' dir='ltr'><strong>Dominum</strong></span> <span class='ocrx_word' id='word_1_835' title='bbox 1869 5433 2089 5503; x_wconf 91' lang='lat' dir='ltr'><strong>posset.</strong></span> 
     </span>
    </p>
   </div>
   <div class='ocr_carea' id='block_1_106' title="bbox 435 5503 2091 5591">
    <p class='ocr_par' dir='ltr' id='par_1_106' title="bbox 435 5503 2091 5591">
     <span class='ocr_line' id='line_1_106' title="bbox 435 5503 2091 5591; baseline 0.008 -29"><span class='ocrx_word' id='word_1_836' title='bbox 435 5503 550 5564; x_wconf 90' lang='lat' dir='ltr'><strong>Sed</strong></span> <span class='ocrx_word' id='word_1_837' title='bbox 597 5506 887 5569; x_wconf 89' lang='lat' dir='ltr'><strong>Dominus</strong></span> <span class='ocrx_word' id='word_1_838' title='bbox 917 5508 1084 5569; x_wconf 91' lang='lat' dir='ltr'><strong>illum</strong></span> <span class='ocrx_word' id='word_1_839' title='bbox 1136 5511 1207 5572; x_wconf 90' lang='lat' dir='ltr'><strong>ad</strong></span> <span class='ocrx_word' id='word_1_840' title='bbox 1259 5510 1449 5589; x_wconf 87' lang='lat' dir='ltr'><strong>legem</strong></span> <span class='ocrx_word' id='word_1_841' title='bbox 1495 5509 1676 5584; x_wconf 90' lang='lat' dir='ltr'><strong>ducit,</strong></span> <span class='ocrx_word' id='word_1_842' title='bbox 1708 5511 1771 5572; x_wconf 92' lang='lat' dir='ltr'><strong>in</strong></span> <span class='ocrx_word' id='word_1_843' title='bbox 1802 5531 1918 5591; x_wconf 93' lang='lat' dir='ltr'><strong>qua</strong></span> <span class='ocrx_word' id='word_1_844' title='bbox 1942 5515 2091 5575; x_wconf 91' lang='lat' dir='ltr'><strong>mire</strong></span> 
     </span>
    </p>
   </div>
   <div class='ocr_carea' id='block_1_107' title="bbox 513 5675 1767 5752">
    <p class='ocr_par' dir='ltr' id='par_1_107' title="bbox 513 5675 1767 5752">
     <span class='ocr_line' id='line_1_107' title="bbox 513 5675 1767 5752; baseline 0.006 -18"><span class='ocrx_word' id='word_1_845' title='bbox 513 5677 572 5725; x_wconf 69' lang='grc'><strong>4³</strong></span> <span class='ocrx_word' id='word_1_846' title='bbox 602 5675 809 5735; x_wconf 85' lang='lat' dir='ltr'><strong>Matth.</strong></span> <span class='ocrx_word' id='word_1_847' title='bbox 850 5693 1054 5752; x_wconf 77' lang='lat' dir='ltr'><strong>xxvm,</strong></span> <span class='ocrx_word' id='word_1_848' title='bbox 1092 5679 1188 5739; x_wconf 84' lang='lat'><strong>18.</strong></span> <span class='ocrx_word' id='word_1_849' title='bbox 1226 5680 1286 5727; x_wconf 71' lang='grc' dir='ltr'>ω</span> <span class='ocrx_word' id='word_1_850' title='bbox 1318 5682 1522 5741; x_wconf 86' lang='lat' dir='ltr'><strong>Matth.</strong></span> <span class='ocrx_word' id='word_1_851' title='bbox 1557 5698 1677 5741; x_wconf 87' lang='lat' dir='ltr'><strong>xm.</strong></span> <span class='ocrx_word' id='word_1_852' title='bbox 1710 5684 1767 5741; x_wconf 87' lang='grc'><strong>3.</strong></span> 
     </span>
    </p>
   </div>
   <div class='ocr_carea' id='block_1_108' title="bbox 2190 4706 3834 4792">
    <p class='ocr_par' dir='ltr' id='par_1_108' title="bbox 2190 4706 3834 4792">
     <span class='ocr_line' id='line_1_108' title="bbox 2190 4706 3834 4792; baseline -0.003 -23"><span class='ocrx_word' id='word_1_853' title='bbox 2190 4717 2381 4792; x_wconf 86' lang='grc' dir='ltr'>κριθεὶς</span> <span class='ocrx_word' id='word_1_854' title='bbox 2445 4716 2599 4769; x_wconf 79' lang='grc' dir='ltr'><strong>εἶπεν</strong></span> <span class='ocrx_word' id='word_1_855' title='bbox 2629 4727 2645 4743; x_wconf 82' lang='grc'><strong><em>⁸</em></strong></span> <span class='ocrx_word' id='word_1_856' title='bbox 2709 4706 3037 4787; x_wconf 76' lang='grc' dir='ltr'><strong>Ἀγαπήσεις</strong></span> <span class='ocrx_word' id='word_1_857' title='bbox 3097 4707 3284 4784; x_wconf 75' lang='grc' dir='ltr'>Κύριον</span> <span class='ocrx_word' id='word_1_858' title='bbox 3331 4709 3421 4763; x_wconf 81' lang='grc' dir='ltr'><strong>τὸν</strong></span> <span class='ocrx_word' id='word_1_859' title='bbox 3480 4708 3610 4764; x_wconf 86' lang='grc' dir='ltr'><strong>Θεόν</strong></span> <span class='ocrx_word' id='word_1_860' title='bbox 3653 4731 3742 4765; x_wconf 87' lang='grc' dir='ltr'><strong>σου</strong></span> <span class='ocrx_word' id='word_1_861' title='bbox 3783 4708 3834 4774; x_wconf 79' lang='grc' dir='ltr'><strong>ἐξ</strong></span> 
     </span>
    </p>
   </div>
   <div class='ocr_carea' id='block_1_109' title="bbox 2191 4794 3829 4880">
    <p class='ocr_par' dir='ltr' id='par_1_109' title="bbox 2191 4794 3829 4880">
     <span class='ocr_line' id='line_1_109' title="bbox 2191 4794 3829 4880; baseline -0.003 -21"><span class='ocrx_word' id='word_1_862' title='bbox 2191 4801 2322 4870; x_wconf 83' lang='grc' dir='ltr'>ὅλης</span> <span class='ocrx_word' id='word_1_863' title='bbox 2380 4803 2475 4870; x_wconf 72' lang='grc' dir='ltr'><strong>τῆς</strong></span> <span class='ocrx_word' id='word_1_864' title='bbox 2524 4798 2738 4880; x_wconf 83' lang='grc' dir='ltr'>καρδίας</span> <span class='ocrx_word' id='word_1_865' title='bbox 2793 4818 2909 4877; x_wconf 91' lang='grc' dir='ltr'>σου,</span> <span class='ocrx_word' id='word_1_866' title='bbox 2955 4798 3043 4852; x_wconf 88' lang='grc' dir='ltr'><strong>καὶ</strong></span> <span class='ocrx_word' id='word_1_867' title='bbox 3074 4794 3126 4861; x_wconf 75' lang='grc' dir='ltr'><strong>ἒξ</strong></span> <span class='ocrx_word' id='word_1_868' title='bbox 3171 4795 3303 4863; x_wconf 82' lang='grc' dir='ltr'>ὅλης</span> <span class='ocrx_word' id='word_1_869' title='bbox 3339 4796 3438 4865; x_wconf 73' lang='grc' dir='ltr'><strong>τῆς</strong></span> <span class='ocrx_word' id='word_1_870' title='bbox 3482 4798 3664 4878; x_wconf 73' lang='grc' dir='ltr'>ψυχῆς</span> <span class='ocrx_word' id='word_1_871' title='bbox 3716 4820 3829 4878; x_wconf 86' lang='grc' dir='ltr'>σου,</span> 
     </span>
    </p>
   </div>
   <div class='ocr_carea' id='block_1_110' title="bbox 2190 4884 3835 4967">
    <p class='ocr_par' dir='ltr' id='par_1_110' title="bbox 2190 4884 3835 4967">
     <span class='ocr_line' id='line_1_110' title="bbox 2190 4884 3835 4967; baseline -0.002 -19"><span class='ocrx_word' id='word_1_872' title='bbox 2190 4894 2277 4949; x_wconf 83' lang='grc' dir='ltr'><strong>καὶ</strong></span> <span class='ocrx_word' id='word_1_873' title='bbox 2308 4891 2359 4958; x_wconf 77' lang='grc' dir='ltr'>ἐξ</span> <span class='ocrx_word' id='word_1_874' title='bbox 2387 4890 2518 4958; x_wconf 81' lang='grc' dir='ltr'>ὅλης</span> <span class='ocrx_word' id='word_1_875' title='bbox 2561 4894 2661 4956; x_wconf 82' lang='grc' dir='ltr'>τῆς</span> <span class='ocrx_word' id='word_1_876' title='bbox 2715 4887 2902 4967; x_wconf 82' lang='grc' dir='ltr'>ἰσχύος</span> <span class='ocrx_word' id='word_1_877' title='bbox 2951 4907 3068 4964; x_wconf 89' lang='grc' dir='ltr'>σου,</span> <span class='ocrx_word' id='word_1_878' title='bbox 3119 4886 3207 4942; x_wconf 87' lang='grc' dir='ltr'>καὶ</span> <span class='ocrx_word' id='word_1_879' title='bbox 3237 4884 3289 4951; x_wconf 81' lang='grc' dir='ltr'><strong>ἐξ</strong></span> <span class='ocrx_word' id='word_1_880' title='bbox 3318 4885 3449 4954; x_wconf 76' lang='grc' dir='ltr'>ὅλης</span> <span class='ocrx_word' id='word_1_881' title='bbox 3477 4891 3578 4955; x_wconf 79' lang='grc' dir='ltr'>τῆς</span> <span class='ocrx_word' id='word_1_882' title='bbox 3607 4885 3835 4952; x_wconf 77' lang='grc' dir='ltr'>διανοίας</span> 
     </span>
    </p>
   </div>
   <div class='ocr_carea' id='block_1_111' title="bbox 2193 4975 3833 5053">
    <p class='ocr_par' dir='ltr' id='par_1_111' title="bbox 2193 4975 3833 5053">
     <span class='ocr_line' id='line_1_111' title="bbox 2193 4975 3833 5053; baseline -0.002 -15"><span class='ocrx_word' id='word_1_883' title='bbox 2193 5005 2306 5053; x_wconf 86' lang='grc' dir='ltr'>σου,</span> <span class='ocrx_word' id='word_1_884' title='bbox 2352 4981 2561 5037; x_wconf 78' lang='grc' dir='ltr'><strong>καὶτὸν</strong></span> <span class='ocrx_word' id='word_1_885' title='bbox 2592 4977 2817 5044; x_wconf 88' lang='grc' dir='ltr'>πλησίον</span> <span class='ocrx_word' id='word_1_886' title='bbox 2871 4997 2963 5032; x_wconf 87' lang='grc' dir='ltr'><strong>σου</strong></span> <span class='ocrx_word' id='word_1_887' title='bbox 3009 4976 3083 5039; x_wconf 81' lang='grc' dir='ltr'>ὡς</span> <span class='ocrx_word' id='word_1_888' title='bbox 3117 4976 3323 5037; x_wconf 80' lang='grc' dir='ltr'>ἑαυτόν.</span> <span class='ocrx_word' id='word_1_889' title='bbox 3357 4980 3494 5033; x_wconf 79' lang='grc' dir='ltr'>Εἷπε</span> <span class='ocrx_word' id='word_1_890' title='bbox 3545 4975 3598 5032; x_wconf 78' lang='grc' dir='ltr'>δὲ</span> <span class='ocrx_word' id='word_1_891' title='bbox 3642 4979 3784 5053; x_wconf 71' lang='grc' dir='ltr'>αὒτῷ</span> <span class='ocrx_word' id='word_1_892' title='bbox 3818 5000 3833 5015; x_wconf 88' lang='grc'><strong>·</strong></span> 
     </span>
    </p>
   </div>
   <div class='ocr_carea' id='block_1_112' title="bbox 2194 5064 3833 5149">
    <p class='ocr_par' dir='ltr' id='par_1_112' title="bbox 2194 5064 3833 5149">
     <span class='ocr_line' id='line_1_112' title="bbox 2194 5064 3833 5149; baseline -0.007 -21"><span class='ocrx_word' id='word_1_893' title='bbox 2194 5071 2390 5149; x_wconf 83' lang='grc' dir='ltr'><strong>Ὀρθῶς</strong></span> <span class='ocrx_word' id='word_1_894' title='bbox 2436 5070 2721 5146; x_wconf 84' lang='grc' dir='ltr'>ἀπεκρίθης</span> <span class='ocrx_word' id='word_1_895' title='bbox 2758 5082 2771 5096; x_wconf 90' lang='grc'><em>’</em></span> <span class='ocrx_word' id='word_1_896' title='bbox 2818 5072 2973 5121; x_wconf 80' lang='grc' dir='ltr'>τοῦτο</span> <span class='ocrx_word' id='word_1_897' title='bbox 3015 5064 3177 5144; x_wconf 87' lang='grc' dir='ltr'>ποίει,</span> <span class='ocrx_word' id='word_1_898' title='bbox 3235 5066 3322 5121; x_wconf 85' lang='grc' dir='ltr'><strong>καὶ</strong></span> <span class='ocrx_word' id='word_1_899' title='bbox 3362 5067 3522 5143; x_wconf 76' lang='grc' dir='ltr'>ζήσῃ.</span> <span class='ocrx_word' id='word_1_900' title='bbox 3576 5091 3598 5125; x_wconf 75' lang='grc' dir='ltr'><strong>ι</strong></span> <span class='ocrx_word' id='word_1_901' title='bbox 3664 5067 3833 5125; x_wconf 85' lang='grc' dir='ltr'>Ἀλα-</span> 
     </span>
    </p>
   </div>
   <div class='ocr_carea' id='block_1_113' title="bbox 2190 5151 3835 5236">
    <p class='ocr_par' dir='ltr' id='par_1_113' title="bbox 2190 5151 3835 5236">
     <span class='ocr_line' id='line_1_113' title="bbox 2190 5151 3835 5236; baseline 0 -23"><span class='ocrx_word' id='word_1_902' title='bbox 2190 5166 2294 5231; x_wconf 82' lang='grc' dir='ltr'><strong>ζῶν</strong></span> <span class='ocrx_word' id='word_1_903' title='bbox 2337 5182 2417 5223; x_wconf 84' lang='grc' dir='ltr'><strong>τις</strong></span> <span class='ocrx_word' id='word_1_904' title='bbox 2474 5158 2541 5225; x_wconf 80' lang='grc' dir='ltr'>ἧν</span> <span class='ocrx_word' id='word_1_905' title='bbox 2595 5160 2623 5213; x_wconf 92' lang='lat'><strong>6</strong></span> <span class='ocrx_word' id='word_1_906' title='bbox 2668 5155 2907 5231; x_wconf 79' lang='grc' dir='ltr'>νομικὸς,</span> <span class='ocrx_word' id='word_1_907' title='bbox 2982 5151 3185 5227; x_wconf 74' lang='grc' dir='ltr'>μᾶλλον</span> <span class='ocrx_word' id='word_1_908' title='bbox 3243 5152 3297 5209; x_wconf 77' lang='grc' dir='ltr'>δὲ</span> <span class='ocrx_word' id='word_1_909' title='bbox 3346 5156 3702 5236; x_wconf 72' lang='grc' dir='ltr'>ὑπερήφανος,</span> <span class='ocrx_word' id='word_1_910' title='bbox 3764 5160 3835 5225; x_wconf 85' lang='grc' dir='ltr'><strong>ὡς</strong></span> 
     </span>
    </p>
   </div>
   <div class='ocr_carea' id='block_1_114' title="bbox 2189 5240 3826 5320">
    <p class='ocr_par' dir='ltr' id='par_1_114' title="bbox 2189 5240 3826 5320">
     <span class='ocr_line' id='line_1_114' title="bbox 2189 5240 3826 5320; baseline -0.002 -14"><span class='ocrx_word' id='word_1_911' title='bbox 2189 5250 2249 5306; x_wconf 81' lang='grc' dir='ltr'><strong>ἐκ</strong></span> <span class='ocrx_word' id='word_1_912' title='bbox 2305 5255 2409 5305; x_wconf 83' lang='grc' dir='ltr'><strong>τῶν</strong></span> <span class='ocrx_word' id='word_1_913' title='bbox 2454 5247 2575 5314; x_wconf 78' lang='grc' dir='ltr'><strong>ἑξῆς</strong></span> <span class='ocrx_word' id='word_1_914' title='bbox 2630 5244 2913 5314; x_wconf 85' lang='grc' dir='ltr'>δείκνυται,</span> <span class='ocrx_word' id='word_1_915' title='bbox 2947 5246 3006 5301; x_wconf 76' lang='grc' dir='ltr'>οὗ</span> <span class='ocrx_word' id='word_1_916' title='bbox 3035 5244 3198 5316; x_wconf 83' lang='grc' dir='ltr'>μόνον</span> <span class='ocrx_word' id='word_1_917' title='bbox 3241 5240 3320 5320; x_wconf 81' lang='grc' dir='ltr'>δὲ,</span> <span class='ocrx_word' id='word_1_918' title='bbox 3351 5242 3489 5301; x_wconf 85' lang='grc' dir='ltr'><strong>ἀ)λά</strong></span> <span class='ocrx_word' id='word_1_919' title='bbox 3513 5247 3601 5302; x_wconf 81' lang='grc' dir='ltr'>καὶ</span> <span class='ocrx_word' id='word_1_920' title='bbox 3630 5244 3826 5311; x_wconf 87' lang='grc' dir='ltr'>δόλιος,</span> 
     </span>
    </p>
   </div>
   <div class='ocr_carea' id='block_1_115' title="bbox 2188 5323 3827 5418">
    <p class='ocr_par' dir='ltr' id='par_1_115' title="bbox 2188 5323 3827 5418">
     <span class='ocr_line' id='line_1_115' title="bbox 2188 5323 3827 5418; baseline -0.002 -23"><span class='ocrx_word' id='word_1_921' title='bbox 2188 5340 2433 5418; x_wconf 88' lang='grc' dir='ltr'>Πρόσεισι</span> <span class='ocrx_word' id='word_1_922' title='bbox 2493 5343 2620 5415; x_wconf 78' lang='grc' dir='ltr'><strong>γοῦν</strong></span> <span class='ocrx_word' id='word_1_923' title='bbox 2669 5332 2989 5409; x_wconf 81' lang='grc' dir='ltr'>ἐκπειράζων</span> <span class='ocrx_word' id='word_1_924' title='bbox 3036 5332 3127 5387; x_wconf 80' lang='grc' dir='ltr'>τὸν</span> <span class='ocrx_word' id='word_1_925' title='bbox 3159 5328 3375 5411; x_wconf 81' lang='grc' dir='ltr'>Κύριον,</span> <span class='ocrx_word' id='word_1_926' title='bbox 3410 5323 3587 5415; x_wconf 72' lang='grc' dir='ltr'><strong>υῼετο</strong></span> <span class='ocrx_word' id='word_1_927' title='bbox 3628 5336 3724 5413; x_wconf 77' lang='grc' dir='ltr'><strong>γὰρ</strong></span> <span class='ocrx_word' id='word_1_928' title='bbox 3752 5338 3827 5399; x_wconf 83' lang='grc' dir='ltr'>ὡς</span> 
     </span>
    </p>
   </div>
   <div class='ocr_carea' id='block_1_116' title="bbox 2182 5418 3829 5503">
    <p class='ocr_par' dir='ltr' id='par_1_116' title="bbox 2182 5418 3829 5503">
     <span class='ocr_line' id='line_1_116' title="bbox 2182 5418 3829 5503; baseline 0 -22"><span class='ocrx_word' id='word_1_929' title='bbox 2182 5425 2517 5483; x_wconf 82' lang='grc' dir='ltr'>ὐποσκελίσει</span> <span class='ocrx_word' id='word_1_930' title='bbox 2563 5425 2742 5503; x_wconf 73' lang='grc' dir='ltr'>αὐτὸν,</span> <span class='ocrx_word' id='word_1_931' title='bbox 2787 5420 2839 5486; x_wconf 77' lang='grc' dir='ltr'><strong>ἐξ</strong></span> <span class='ocrx_word' id='word_1_932' title='bbox 2889 5422 2963 5475; x_wconf 82' lang='grc' dir='ltr'><strong>ὧν</strong></span> <span class='ocrx_word' id='word_1_933' title='bbox 2997 5418 3061 5476; x_wconf 75' lang='grc' dir='ltr'>ἂν</span> <span class='ocrx_word' id='word_1_934' title='bbox 3116 5423 3249 5500; x_wconf 83' lang='grc' dir='ltr'>πρὸς</span> <span class='ocrx_word' id='word_1_935' title='bbox 3293 5424 3447 5479; x_wconf 75' lang='grc' dir='ltr'>αὑτὸν</span> <span class='ocrx_word' id='word_1_936' title='bbox 3496 5425 3829 5503; x_wconf 85' lang='grc' dir='ltr'>ἀποκριθείη,</span> 
     </span>
    </p>
   </div>
   <div class='ocr_carea' id='block_1_117' title="bbox 2175 5510 3833 5595">
    <p class='ocr_par' dir='ltr' id='par_1_117' title="bbox 2175 5510 3833 5595">
     <span class='ocr_line' id='line_1_117' title="bbox 2175 5510 3833 5595; baseline -0.002 -23"><span class='ocrx_word' id='word_1_937' title='bbox 2175 5512 2324 5573; x_wconf 83' lang='grc' dir='ltr'>Ἀλλ’</span> <span class='ocrx_word' id='word_1_938' title='bbox 2381 5517 2408 5571; x_wconf 93' lang='lat'><strong>6</strong></span> <span class='ocrx_word' id='word_1_939' title='bbox 2466 5511 2659 5593; x_wconf 83' lang='grc' dir='ltr'>Κύριος</span> <span class='ocrx_word' id='word_1_940' title='bbox 2713 5513 2801 5568; x_wconf 61' lang='grc' dir='ltr'><strong>ἰπὶ</strong></span> <span class='ocrx_word' id='word_1_941' title='bbox 2847 5512 2937 5566; x_wconf 79' lang='grc' dir='ltr'><strong>τὸν</strong></span> <span class='ocrx_word' id='word_1_942' title='bbox 2982 5510 3144 5585; x_wconf 90' lang='grc' dir='ltr'>νόμον</span> <span class='ocrx_word' id='word_1_943' title='bbox 3189 5513 3344 5569; x_wconf 76' lang='grc' dir='ltr'>αὐτὸν</span> <span class='ocrx_word' id='word_1_944' title='bbox 3374 5512 3594 5591; x_wconf 85' lang='grc' dir='ltr'>ἀπάγει,</span> <span class='ocrx_word' id='word_1_945' title='bbox 3644 5514 3729 5595; x_wconf 69' lang='grc' dir='ltr'><strong>ἐφ’</strong></span> <span class='ocrx_word' id='word_1_946' title='bbox 3786 5521 3833 5591; x_wconf 81' lang='grc' dir='ltr'>ᾧ</span> 
     </span>
    </p>
   </div>
  </div>
