4132 6298
293 388 414 453 8ιὸ

1065 387 1508 452 ENARRATIO
1555 383 1636 448 IN
1686 385 2188 450 EVANGELIUM
2236 384 2472 448 LUC/E.
2513 418 2592 430 --
2635 382 2798 447 CAP.
2848 381 2922 446 Χ.

3563 375 3682 443 846

289 530 434 606 μέγα
478 526 799 608 ἐϐρενθύετο.
858 520 1011 608 ’Ὅρα
1054 526 1109 583 δὲ
1164 529 1264 594 τὴν
1317 524 1410 582 τοῦ
1443 527 1612 599 νόμω
1665 521 1950 604 ἂκρίϐειαν,

2039 526 2422 606 gloriabatur.
2459 528 2608 589 Vide
2639 535 2835 589 autem
2873 534 3094 609 quanto
3125 528 3320 589 studio
3347 526 3554 609 jubeat
3586 530 3677 590 lex

285 625 402 683 πῶς
459 607 660 675 κελεύει
718 607 956 696 ἆγαπᾷνί
987 619 1077 674 τὸν
1122 617 1278 675 Θεόν.
1334 607 1391 672 Ὀ
1437 614 1710 694 ἄνθρωπος
1739 610 1942 668 τελειό-

286 730 436 786 τερον
494 711 609 764 ἐστι
679 713 894 764 πάντων
973 713 1079 762 τῶν
1151 706 1481 784 κτισμάτων,
1539 703 1788 783 μετέχων
1849 701 1945 772 μὲν

286 798 376 852 καὶ
435 798 606 852 αὐτῶν
663 797 900 868 πάντων,
949 793 1092 874 ἔχων
1127 793 1181 851 δέ
1224 817 1274 850 τι
1335 795 1424 851 καὶ
1482 791 1763 871 ἐξαίρετον,
1824 789 1943 846 οἷόν

289 907 338 940 τι
397 884 538 965 λέγω
571 900 585 914 ·
637 884 866 965 Μετεχει
897 885 986 941 καὶ
1035 890 1128 940 τοῦ
1179 883 1320 940 λίθου
1355 899 1369 914 '
1421 882 1540 962 ἔχει
1583 882 1682 959 γὰρ
1725 882 1937 959 τρίχας,

289 971 513 1054 ὄνυχας,
548 974 831 1041 ἂνείσθητα
890 971 1040 1044 ὄντα,
1094 972 1273 1051 ὥσπερ
1304 975 1331 1028 ὁ
1361 972 1523 1036 λίθος.
1575 969 1804 1048 Μετέχει
1867 969 1951 1023 καὶ

291 1075 385 1123 τοῦ
438 1073 620 1145 φυτοῦ,
681 1065 812 1119 καθὸ
867 1060 1096 1136 αὔξεται,
1169 1063 1257 1117 καὶ
1309 1061 1574 1140 τρέφεται,
1635 1061 1726 1114 καὶ
1792 1063 1951 1135 γεννᾷ

201 1199 204 1201 .
288 1155 351 1209 τὸ
401 1153 607 1232 ὅμοιον,
685 1152 864 1230 ὥσπερ
915 1151 1000 1209 καὶ
1074 1152 1140 1206 τα
1199 1151 1354 1229 φυτά,
1413 1149 1645 1228 Μετέχει
1702 1149 1790 1203 καὶ
1840 1152 1948 1203 τῶν

289 1241 529 1320 ἀλόγων,
581 1243 712 1298 καθὸ
769 1241 886 1320 ἕχει
931 1241 1025 1304 τὰς
1077 1241 1364 1310 αὶσθήσεις,
1411 1239 1500 1294 καὶ
1545 1241 1818 1314 θυμουται,
1864 1238 1952 1292 καὶ

291 1330 563 1406 ἐπιθυμεῖ.
631 1330 862 1411 Μετέχει
921 1327 975 1385 δὲ
1034 1329 1123 1385 καὶ
1169 1334 1301 1384 Θεοῦ
1343 1329 1485 1406 παρὰ
1516 1327 1688 1382 πάντα
1719 1326 1783 1382 τὰ
1813 1323 1949 1380 ἄλλα

289 1426 424 1494 ζῶα,
469 1421 607 1477 κατὰ
665 1421 764 1487 τὴν
819 1420 1001 1498 νοερὰν
1056 1420 1263 1498 ψυχήν.
1323 1417 1500 1474 Θέλων
1550 1417 1639 1472 οὖν
1693 1414 1861 1479 δεῖξαι
1921 1417 1948 1469 ὁ

282 1509 482 1585 νόμος,
546 1509 628 1566 ὅτι
683 1508 767 1565 δεῖ
823 1511 914 1564 τὸν
969 1507 1240 1586 ἄνθρωπον
1291 1506 1413 1562 ὅλον
1457 1505 1524 1561 δι’
1567 1503 1691 1560 ὅλου
1737 1505 1940 1576 ἑαυτὸν,

286 1596 464 1657 δοῦναι
530 1601 666 1671 Θεῷ,
733 1599 822 1654 καὶ
879 1595 1052 1660 πάσας
1127 1596 1221 1659 τὰς
1274 1595 1511 1674 ψυχικὰς
1568 1591 1812 1668 δυνάμεις
1871 1593 1943 1653 εἷς

286 1688 390 1754 τὴν
441 1687 653 1765 ἆγαπήν
711 1694 802 1742 του
855 1693 986 1742 Θεοῦ
1042 1683 1336 1764 ἀναλῶσαι,
1369 1682 1450 1739 διὰ
1497 1683 1592 1757 μὲν
1622 1688 1714 1739 τοῦ
1747 1682 1915 1736 εἰπεῖν

2030 617 2214 678 Deum
2276 637 2495 678 amare.
2559 617 2746 678 Homo
2801 626 3206 679 creaturarum
3267 618 3532 679 omnium
3588 629 3680 681 est

2030 706 2500 785 perfectissimus
2555 714 2613 766 et
2673 706 2970 786 particeps
3020 716 3245 767 naturae
3294 707 3585 781 omnium,
3621 717 3680 768 et

2031 804 2313 874 praeterea
2349 795 2629 874 quiddam
2675 793 2994 856 sublimius
3027 793 3274 856 habens.
3309 793 3380 858 Et
3420 796 3680 876 exempli

2031 884 2217 961 gratia
2248 884 2386 964 quid
2417 883 2606 943 dicam
2646 903 2658 944 :
2704 882 3008 962 Particeps
3039 891 3129 944 est
3160 893 3383 946 natura
3413 885 3624 966 lapidis
3657 905 3672 946 :

2030 971 2209 1032 habet
2233 973 2388 1033 enim
2415 972 2660 1051 capillos
2683 981 2739 1032 et
2760 991 3010 1052 ungues,
3036 992 3167 1052 quae
3199 974 3496 1036 insensata
3516 984 3674 1044 sunt.

2030 1062 2529 1141 quemadmodum
2559 1061 2729 1140 lapis.
2756 1059 3058 1141 Particeps
3080 1071 3168 1121 est
3193 1071 3248 1123 et
3271 1071 3492 1126 naturae
3517 1063 3676 1142 plan-

2034 1152 2587 1230 taru.n,secuudum
2612 1151 2766 1229 quod
2793 1151 3011 1210 crescit
3037 1160 3092 1210 et
3121 1151 3475 1214 nutritur.ac
3497 1153 3681 1232 gignit

2035 1239 2147 1299 sibi
2184 1239 2378 1300 simile
2414 1242 2524 1318 (tt),
2562 1239 2716 1300 sicut
2756 1247 2813 1299 et
2857 1239 3092 1319 plantae.
3133 1242 3438 1321 Particcps
3485 1251 3574 1304 est
3623 1253 3682 1304 et

2033 1337 2257 1390 naturae
2288 1334 2622 1408 brutorum,
2648 1331 2976 1390 secundum
3002 1329 3159 1408 quod
3185 1329 3363 1393 habet
3384 1339 3683 1408 sensus,et

2032 1418 2326 1490 irascitur,
2361 1427 2412 1475 et
2466 1412 2854 1496 concupiscit,
2908 1416 3210 1497 Particeps
3255 1428 3343 1482 est
3391 1430 3585 1484 antem
3619 1431 3678 1486 et

2029 1505 2135 1567 Dei
2163 1508 2325 1586 juxta
2380 1508 2724 1568 rationalem
2779 1506 3063 1580 animum,
3111 1525 3288 1587 supra
3339 1511 3538 1573 omnia
3568 1512 3681 1574 alia

2028 1596 2371 1658 animantia.
2391 1597 2589 1676 Itaque
2621 1599 2711 1656 lex
2743 1596 3061 1658 ostendere
3091 1599 3293 1660 volens
3317 1601 3472 1680 quod
3502 1602 3678 1664 homo

2027 1684 2240 1746 debeat
2262 1704 2393 1746 sese
2427 1695 2608 1746 totum
2636 1685 2869 1746 tradere
2896 1684 3039 1760 Deo,
3071 1695 3132 1746 ot
3160 1705 3371 1750 omnes
3392 1690 3679 1754 animales

289 1777 344 1842 ἐξ
395 1776 526 1844 ὅλης
583 1781 678 1842 τῆς
731 1775 968 1854 καρδίας,
1029 1774 1126 1842 τὴν
1199 1771 1645 1851 σωματικωτὲραν
1705 1772 1790 1826 καὶ
1844 1771 1942 1835 τὴν

2036 1775 2273 1835 virtutes
2306 1774 2610 1836 insumere
2653 1774 2711 1834 in
2749 1773 3134 1836 dilectionem
3167 1775 3298 1858 Dei,
3333 1797 3404 1839 eo
3436 1779 3676 1860 quidem

291 1879 412 1928 τοῖς
475 1878 662 1934 φυτοῖς
706 1865 902 1920 οἰκείαν
959 1861 1196 1932 ἐδήλωσε
1239 1859 1476 1934 δύναμιν,
1531 1861 1628 1916 Διὰ.
1657 1858 1712 1915 δὲ
1745 1865 1836 1915 τοῦ
1892 1857 1944 1923 ἐξ

293 1953 429 2020 ὅλης
477 1929 575 2020 τῆς
637 1957 846 2032 ψυχῆς,
907 1953 1008 2018 τὴν
1063 1951 1234 2026 μέσην
1297 1951 1384 2006 καὶ
1439 1962 1554 2014 τοῖς
1615 1950 1947 2014 αἷσθητικοϊς

292 2043 644 2120 ἁρμόζουσαν,
713 2043 810 2098 Διὰ
865 2039 920 2096 δὲ
978 2043 1073 2096 τοῦ
1131 2039 1182 2104 ἐξ
1240 2037 1372 2105 ὅλης
1427 2042 1525 2105 τῆς
1579 2035 1838 2109 διανοίας,
1887 2039 1948 2092 τὸ

289 2131 572 2189 ἷδιαίτατον
641 2137 734 2188 τοῦ
790 2129 1066 2208 ἀνθρώπου
1107 2128 1206 2195 τὴν
1241 2128 1422 2204 νοεραν
1465 2126 1651 2206 ψυχὴν
1699 2128 1947 2201 κατεμή-

294 2243 441 2282 νυσε.
473 2223 544 2278 Τὸ
569 2219 623 2276 δὲ
668 2218 720 2285 ἐξ
751 2218 882 2284 ὅλης
914 2218 1009 2286 τῆς
1033 2218 1245 2297 ἰσχύος,
1292 2217 1363 2279 εἰς
1421 2217 1593 2275 πάντα
1643 2223 1808 2272 ταῦτα
1865 2213 1948 2272 δεῖ

294 2313 440 2385 ἡμᾶς
467 2308 663 2368 ἕλκειν.
725 2319 822 2364 Δεῖ
879 2309 978 2386 γὰρ
1027 2309 1169 2382 ἡμᾶς
1220 2307 1307 2361 καὶ
1347 2306 1446 2372 τὴν
1478 2307 1703 2384 φυτικὴν
1733 2303 1947 2380 δύναμιν

295 2405 396 2466 τῆς
457 2403 643 2478 ψυχῆς
689 2397 1000 2453 ὑποτάττειν
1028 2401 1095 2472 τῇ
1127 2395 1311 2473 ἀγάπῃ
1361 2402 1452 2450 τοῦ
1486 2402 1728 2472 Χριστοῦ,
1786 2393 1952 2451 Ἀλλὰ

293 2495 465 2555 πῶςς
540 2489 818 2567 ἰσχυρῶ;,
903 2484 1040 2542 ἄλλα
1093 2485 1171 2558 μη
1230 2482 1616 2557 ἐκλελυμένως,
1681 2485 1778 2541 Καὶ
1856 2486 1952 2551 τὴν

297 2578 633 2656 αἰσθητικὴν,
712 2578 799 2632 καὶ
881 2579 1082 2640 ταύτην
1137 2575 1391 2652 ἰσχυρῶς,
1453 2574 1541 2628 καὶ
1592 2573 1690 2639 τὴν
1747 2572 1952 2650 νοερᾶν,

297 2667 387 2722 καὶ
419 2650 701 2730 ταύτηνέξ
729 2662 862 2730 ὅλης
894 2664 992 2728 τῆς
1035 2662 1245 2740 ἰσχύος,
1296 2650 1474 2716 "tia-.5
1530 2659 1684 2725 ὅλους
1741 2661 1957 2717 ἐαυτοὺς

299 2753 580 2835 ὀφείλομεν
657 2750 852 2808 διδόναι
935 2756 1071 2825 Θεῷ,
1151 2751 1238 2807 καὶ
1314 2751 1648 2830 ὑποτάττειν,
1711 2751 1798 2807 καὶ
1854 2751 1953 2816 τὴν

297 2843 608 2922 θρεπτικὴν,
691 2843 778 2896 καὶ
860 2841 956 2908 τὴν
1042 2837 1353 2906 αἱσθητικιὶν
1434 2840 1522 2895 καὶ
1605 2837 1952 2906 διανοητικὴν

292 2934 450 3008 ἡμῶν
503 2929 716 3006 δύναμιν
772 2935 840 3006 τῇ
892 2929 1076 3008 ἀγάπη
1126 2938 1217 2986 τοῦ
1275 2935 1428 2987 Θεοῦ.
1468 2929 1564 2985 Καὶ
1595 2929 1684 2983 τὸν
1721 2927 1948 2994 πλησίον

293 3043 389 3078 σου
435 3023 506 3084 ὡς
565 3019 806 3080 σεαυτόν,
855 3011 912 3074 Ὀ
973 3018 1134 3091 νόμος
1192 3017 1342 3074 οῧπω
1397 3018 1463 3073 τὰ
1519 3016 1697 3073 τέλεια
1725 3015 1948 3091 δυνάμε-

2033 1863 2188 1942 quod
2222 1862 2389 1932 dixit,
2424 1881 2492 1924 ex
2545 1870 2662 1923 toto
2696 1862 2900 1942 corde,
2936 1863 3290 1925 crassiorem
3346 1881 3408 1927 et.
3468 1867 3681 1948 plantis

2035 1951 2332 2032 propriam
2359 1951 2682 2013 declaravit
2724 1952 2999 2013 virtutem
3082 1954 3348 2016 Dtcendo
3380 1966 3578 2018 autem
3609 1975 3678 2018 ex

2035 2049 2150 2100 tota
2174 2041 2390 2120 anima,
2418 2041 2672 2102 mediam
2698 2041 2979 2113 ostendit,
3008 2048 3064 2102 et
3081 2046 3334 2104 sensatis
3354 2063 3679 2124 congruen-

2034 2137 2174 2190 tem.
2217 2133 2330 2191 Per
2379 2131 2488 2190 hoc
2528 2137 2723 2190 autem
2773 2130 2930 2208 quod
2968 2129 3133 2201 dicit,
3179 2150 3246 2192 ex
3291 2141 3404 2193 tota
3458 2144 3677 2208 mente,

2032 2218 2254 2279 homini
2282 2219 2532 2279 maxime
2556 2217 2849 2298 propriam
2878 2217 2990 2278 vim
3019 2218 3395 2298 signiﬁcavit,
3420 2223 3679 2286 animam

2032 2306 2404 2368 rationalem.
2457 2311 2637 2368 Porro
2667 2307 2820 2386 quod
2853 2307 3022 2388 dicit,
3059 2327 3125 2369 ex
3163 2317 3278 2371 tota
3313 2311 3678 2384 fortitudine,

2036 2395 2106 2455 ad
2143 2397 2337 2457 omnia
2372 2397 2497 2457 haec
2551 2396 2926 2460 trahendum.
2975 2395 3221 2478 Oportet
3262 2401 3419 2461 enim
3471 2422 3576 2464 nos
3629 2413 3685 2465 et

2038 2487 2362 2545 naturalem
2399 2505 2466 2545 ac
2516 2485 2898 2563 vegetativam
2939 2486 3214 2548 virtutem
3263 2490 3557 2568 subjicere
3587 2492 3683 2553 di-

2042 2573 2278 2634 lectioni
2312 2573 2553 2637 Christi.
2605 2573 2725 2635 Sed
2773 2575 3121 2654 quomodo?
3151 2575 3410 2639 Fortiter
3454 2587 3512 2640 et
3565 2599 3682 2641 non

2043 2661 2352 2726 dissolute.
2377 2662 2448 2723 Et
2477 2663 2842 2735 sensitivam,
2878 2673 3051 2743 atque
3084 2665 3243 2725 illam
3276 2667 3522 2729 fortiter.
3567 2669 3684 2730 De-

2037 2751 2214 2830 nique
2246 2761 2302 2811 et
2329 2752 2700 2824 rationalem,
2747 2762 2925 2832 atque
2971 2753 3130 2814 illam
3179 2773 3245 2815 ex
3298 2764 3416 2816 tota
3448 2758 3682 2822 virtute.

2036 2841 2225 2918 Atque
2259 2839 2335 2900 ita
2370 2839 2662 2901 debemus
2692 2859 2800 2901 nos
2825 2852 2974 2903 totos
3007 2843 3152 2904 dare
3175 2845 3318 2917 Deo,
3347 2845 3686 2924 subjicere-

2034 2947 2147 3007 que
2186 2941 2241 2987 et
2298 2929 2660 3009 nutritivam,
2717 2938 2772 2989 et
2821 2931 3184 3005 sensitivam,
3239 2942 3296 2992 et
3341 2936 3686 2998 rationalem

2034 3027 2294 3078 nostram
2355 3018 2629 3078 virtutem
2691 3018 2991 3079 dilectioni
3042 3020 3171 3084 Dei.
3233 3020 3302 3081 Et
3355 3025 3688 3104 proximum

303 3133 389 3171 νος
455 3108 714 3166 διδάσκειν
765 3106 851 3163 διὰ
903 3109 964 3163 τὸ
1023 3103 1286 3174 νηπιῶδες
1338 3109 1442 3161 τῶν
1489 3105 1807 3172 ἀκουόντων,
1855 3108 1946 3162 τὸν

2037 3118 2196 3167 lunm
2230 3107 2382 3166 sicut
2413 3107 2689 3184 teipsum.
2729 3107 2841 3168 Lex
2876 3111 3138 3169 nondum
3189 3103 3392 3176 valens
3424 3114 3688 3194 perfecta

303 3200 530 3266 πλησίον
585 3199 798 3276 ἀγαπᾷν
852 3197 1204 3276 προτρέπεται
1248 3197 1320 3259 ὡς
1370 3195 1578 3256 ἑαυτόν,
1617 3186 1674 3251 ευ
1719 3192 1773 3249 δὲ
1823 3203 1958 3270 Χρι-

297 3290 430 3351 στὸς
484 3289 572 3344 καὶ
627 3286 757 3366 ὑπὲρ
816 3286 999 3344 ἑαυτὸν
1056 3285 1266 3362 ἀγαπᾷν
1319 3285 1410 3339 τὸν
1469 3281 1696 3350 πλησίον
1741 3282 1955 3350 ἐδίδαξε·

309 3379 533 3450 Μείζονα
589 3379 688 3456 γὰρ
765 3377 962 3442 ταύτης
1029 3375 1270 3453 ἀγάπην,
1329 3375 1480 3454 φησὶ,
1543 3376 1635 3430 οὐκ
1705 3373 1821 3453 ἔχει
1877 3397 1960 3438 τις

305 3465 496 3535 δεῖξαι,
559 3465 596 3535 ἢ
651 3466 743 3524 ’ἕνα
775 3489 853 3528 τις
885 3470 982 3530 τὴν
1033 3465 1222 3543 ψυχὴν
1266 3466 1422 3523 αὐτοῦ
1477 3467 1544 3540 θῇ
1573 3464 1702 3541 ὑπὲρ
1733 3467 1838 3519 τῶν
1867 3465 1954 3544 φί-

306 3556 413 3614 λων
472 3555 652 3614 cit-3:05.
692 3554 846 3634 Λέγει
877 3555 965 3611 οὖν
995 3556 1128 3632 πρὸς
1159 3554 1251 3610 τὸν
1277 3551 1495 3628 νομικόν
1531 3573 1544 3586 ·
1594 3553 1791 3631 Ὀρθῶς
1819 3553 1956 3609 ἀπε-

300 3647 514 3726 κρίθης.
580 3645 729 3701 Ἐπεὶ
784 3646 908 3722 γὰρ,
969 3644 1152 3723 φησὶν,
1213 3641 1287 3698 ἔτι
1347 3649 1423 3716 τῷ
1479 3642 1625 3718 νόμῳ
1679 3641 1956 3698 ὺπόκεισαι

301 3737 467 3814 ὀρθῶς
497 3733 753 3812 ἂποκρινῃ
783 3752 797 3766 ⁶
831 3733 967 3789 κατὰ
1008 3733 1100 3788 τὸν
1147 3730 1306 3806 νόμον
1349 3731 1448 3810 γὰρ
1476 3743 1712 3810 φρονεῖς,

389 3934 412 3968 ιι
480 3902 538 3969 Ὀ
598 3909 652 3967 δὲ
712 3909 878 3967 θέλων
939 3908 1172 3967 δικαιοῦν
1229 3909 1438 3982 ἑαυτὸν,
1503 3908 1629 3965 εἷπε
1687 3910 1819 3986 πρὸς
1863 3909 1954 3964 tbi

297 4003 535 4069 ἰησουν.
587 4002 684 4060 Καὶ
715 4001 792 4064 τίς
828 3997 935 4054 ἐστι
981 4022 1082 4074 μου
1141 3996 1414 4072 πλησίον;
1475 3987 1785 4054 Τπολαϐὼν
1843 3995 1896 4051 δὲ
1931 4001 1957 4054 ὁ

301 4091 536 4163 Ἰησοῦς,
621 4089 776 4146 εἶπεν
812 4108 827 4124 ο
923 4078 1214 4164 ’Ἃνρωπός
1301 4110 1382 4152 τις
1467 4083 1771 4142 κατέϐαινεν
1851 4083 1958 4142 ἀπὸ

302 4170 652 4255 Ἰερουσαλὴμ
710 4180 784 4242 είς
846 4168 1079 4257 ἰεριχὼ,
1155 4177 1242 4232 καὶ
1327 4174 1555 4252 λῃσταῖς
1616 4175 1956 4252 περιέπεσεν,

301 4281 360 4324 o't
423 4270 512 4324 καὶ
570 4265 878 4328 ἐκδύσαντες
937 4267 1115 4340 αὑτὸν,
1197 4266 1286 4321 καὶ
1356 4263 1570 4343 πληγὰς
1629 4261 1952 4340 περιθέντες,

304 4355 569 4433 ἀπῆλθον,
633 4355 854 4436 ἀφέντες
907 4356 1144 4431 ἡμιθανῆ
1206 4353 1564 4433 τυγχάνοντα.
1632 4352 1777 4409 Κατὰ
1833 4372 1955 4428 συγ-

303 4445 482 4524 κυρίαν
542 4444 594 4500 δὲ
645 4446 808 4524 ἱερεύς
869 4466 950 4506 τις
1007 4440 1314 4524 κατέϐαινεν
1374 4441 1428 4498 ἐν
1480 4447 1549 4517 τῇ
1591 4439 1695 4514 ὁδῷ
1749 4441 1949 4517 ἐκείνῃ,

303 4522 390 4590 καὶ
444 4532 567 4590 ἰδὼν
625 4522 780 4591 αὑτὸν
823 4530 1234 4608 ἀντιπαρῆλθεν.
1283 4522 1510 4606 Ὀμοίως
1563 4529 1618 4586 δὲ
1674 4531 1763 4585 καὶ
1797 4529 1953 4584 Λευί-

298 4644 399 4690 της
457 4622 740 4702 γενόμενος
799 4622 936 4677 κατὰ
971 4621 1064 4678 τὸν
1112 4624 1278 4677 τοπον
1306 4618 1496 4698 ἐλθὼν,
1529 4620 1617 4675 καὶ
1647 4616 1766 4674 ἰδὼν
1798 4617 1955 4673 αὑτὸν

301 4710 683 4791 ἀντιπαρῆλθε.
750 4710 1088 4789 Σαμαρείτης
1145 4707 1200 4764 δὲ
1253 4706 1446 4764 ὁδεύων
1515 4706 1642 4775 ἦλθε
1684 4705 1804 4765 κατ’
1861 4709 1952 4762 αὖ.

300 4803 417 4882 τὸν,
467 4802 556 4858 καὶ
611 4799 735 4858 ἰδὼν
792 4797 1220 4878 ἐσπλαγχνίσθη,
1288 4799 1378 4854 καὶ
1432 4795 1734 4876 προσελθὼν
1790 4796 1955 4852 κατέ-

302 4887 432 4957 δησε
474 4891 540 4946 τὰ
599 4890 872 4967 τραύματα
911 4889 1090 4964 αὑτοῦ,
1145 4885 1386 4966 ἐπιχέων
1418 4885 1593 4943 ἔλαιον
1639 4887 1726 4941 καὶ
1781 4885 1954 4941 οἶνον.

302 4976 593 5043 Ἐπιϐἀσας
652 4977 706 5034 δὲ
791 4979 948 5037 αὒτὸν
1005 4976 1091 5034 ἐπὶ
1173 4978 1234 5032 τὸ
1294 4975 1438 5033 ἴδιον
1479 4977 1694 5047 κτῆνος,
1755 4973 1955 5053 ἤγαγεν

303 5068 460 5127 αὒτὸν
520 5072 590 5133 εἰς
635 5066 988 5148 πανδοχεῖον,
1042 5069 1131 5122 καὶ
1174 5066 1480 5141 ἐπεμελήθη
1513 5067 1692 5126 αὖτοῦ.
1731 5066 1827 5121 Καὶ
1871 5064 1956 5120 ἐπὶ

302 5157 404 5224 τὴν
453 5159 628 5236 αὔριον
673 5155 919 5228 ἐξελθὼν,
965 5153 1205 5212 ἐκϐαλὼν
1252 5153 1341 5210 δύο
1383 5152 1602 5224 δηνάρια
1659 5151 1820 5210 ἔδωκε
1877 5159 1954 5227 τῷ

303 5246 593 5327 πανδοχεῖ,
651 5248 739 5302 καὶ
798 5249 951 5301 εἶπεν
1009 5245 1149 5318 αὓτῷ
1181 5260 1196 5276 ⁸
1253 5241 1640 5318 Ἐπιμελήθητι
1670 5244 1826 5298 αὖτοῦ
1864 5243 1952 5298 καὶ

301 5335 336 5392 ὅ
387 5359 437 5392 τι
498 5338 558 5391 ἃν
614 5332 1084 5414 προσδαπανήσῃς,
1150 5332 1258 5412 ἐγὼ
1313 5332 1368 5388 ἐν
1433 5337 1510 5405 τῷ
1569 5331 1952 5411 ἐπανέρχεσθαί

301 5446 393 5500 με,
453 5423 715 5482 ἀποδώσω
772 5445 875 5482 σοι,
913 5423 1001 5486 Τίς
1046 5421 1136 5479 οὖν
1182 5429 1290 5478 τῶν
1337 5427 1496 5500 τριῶν
1527 5419 1752 5488 πλησίον
1802 5419 1951 5478 δοκεῖ

297 5535 386 5570 σοι
448 5512 724 5593 γεγονέναι
779 5521 875 5570 τοῦ
926 5511 1248 5587 ἐμπεσόντος
1306 5513 1378 5574 εἷς
1426 5511 1548 5575 τοὺς
1601 5509 1804 5586 λῃστάς
1839 5529 1855 5585 ;
1890 5502 1947 5568 Ὀ

379 5683 461 5765 (α)
492 5680 652 5746 Edit.
688 5683 797 5745 Lut
849 5696 967 5741 non
1003 5679 1203 5755 habet,
1238 5695 1308 5743 ac
1337 5678 1541 5760 gignit
1569 5677 1688 5741 sibi
1714 5677 1934 5742 simile.

2043 3199 2257 3279 docere
2275 3195 2347 3254 ob
2369 3195 2708 3256 auditorum
2745 3197 3170 3280 puerilitateuz,
3202 3223 3212 3278 ι
3241 3205 3532 3264 roximum
3558 3205 3687 3266 dili-

2043 3303 2184 3363 gere
2215 3285 2484 3374 hortatur
2514 3293 2578 3345 ut
2607 3287 2891 3366 seipsum.
2927 3289 3194 3350 Christus
3212 3301 3406 3352 autem
3453 3304 3510 3355 et
3552 3295 3684 3374 plu-

2043 3391 2247 3453 squam
2273 3373 2796 3452 seipsumdiligere
2825 3377 3092 3448 i'roximu
3109 3394 3154 3439 tn
3175 3373 3684 3461 docuit.Majorem
3720 3385 3721 3388 “

2044 3461 2201 3523 enim
2236 3463 2344 3523 hac
2378 3463 2780 3554 dilectionem.
2811 3465 3022 3545 inquit,
3058 3485 3234 3529 nemo
3259 3469 3544 3534 exhibere
3577 3493 3686 3554 po-

2043 3559 2176 3626 test,
2207 3570 2384 3630 quam
2418 3560 2482 3611 ut
2509 3552 2766 3613 animam
2794 3573 2957 3614 suam
2986 3565 3160 3634 ponat
3189 3560 3320 3637 quis
3354 3579 3458 3639 pro
3480 3552 3688 3624 amicis

2041 3641 2184 3730 suis.
2221 3639 2374 3730 Dicit
2421 3640 2598 3730 igitur
2632 3641 2702 3701 ad
2740 3642 3168 3722 legisperitnm,
3202 3647 3382 3708 ﬂecte
3432 3669 3686 3730 respon-

2041 3728 2200 3788 disti.
2239 3728 2384 3801 Quia
2409 3729 2817 3830 eniin,‘dicer_e
2844 3733 2994 3830 vult,
3029 3733 3143 3812 legi
3176 3728 3686 3830 adhucsubjectus

2041 3819 2322 3898 es,ﬁ_recte
2345 3811 2741 3890 respondisti;
2770 3812 2937 3890 juxta
2969 3811 3158 3893 legem
3198 3817 3354 3877 enim
3384 3811 3562 3898 sapis.
3741 3817 3746 3822 ’

2121 3896 2302 3960 VEns.
2330 3900 2535 3961 “29-37.
2573 3924 2595 3954 α
2636 3899 2738 3960 ll'e
2759 3911 2958 3961 autem
2984 3896 3542 3983 volensjustiﬁcare
3564 3911 3684 3969 sei-

2041 3987 2560 4076 seipsum,dixitad
2577 3991 2800 4048 Jesum:
2823 3989 2891 4050 Et
2907 3991 3038 4070 quis
3057 4005 3145 4053 est
3165 4013 3328 4055 meus
3347 3997 3686 4076 proximus?

2041 4075 2432 4156 Respuudeus
2452 4089 2648 4139 autem
2677 4080 3046 4158 .Iesus,dixit:
3079 4079 3265 4142 Homo
3291 4075 3529 4164 quidam
3554 4088 3685 4148 des-

2041 4164 2331 4225 cendebat
2360 4165 2431 4226 ab
2465 4164 2887 4246 Hierosolymis
2933 4169 2992 4228 in
3049 4169 3354 4244 Hiericho,
3391 4183 3448 4233 ct
3477 4175 3685 4237 incidit

2039 4253 2098 4314 in
2125 4254 2714 4345 latrones,qui_etiam
2740 4256 3222 4335 despoliaverunt
3245 4279 3377 4321 eum
3401 4263 3680 4345 vestibus,

2037 4361 2104 4404 ac
2137 4343 2479 4404 vulneribus
2528 4343 2765 4404 inﬂictis
2806 4345 3079 4406 abierunt
3129 4349 3514 4412 semimortuo
3544 4343 3686 4414 549

1978 4407 2262 4491 Drelicto.
2299 4431 2529 4492 Accidit
2558 4441 2752 4492 autem
2786 4441 2847 4492 ut
2879 4435 3156 4495 sacerdos
3173 4437 3412 4516 quidam
3437 4440 3685 4502 descen-

2038 4521 2206 4582 deret
2233 4521 2441 4582 eadem
2475 4523 2584 4594 via,
2619 4522 2860 4602 visoque
2911 4522 3013 4583 illo
3049 4527 3352 4602 praeteriit.
3397 4527 3686 4593 Similiter

2040 4617 2098 4672 et
2132 4611 2330 4671 Levita
2360 4629 2494 4671 cum
2541 4611 2649 4670 iret
2673 4610 2841 4688 juxta
2884 4612 3103 4683 locum,
3148 4631 3215 4674 ac
3249 4617 3488 4679 vidisset
3519 4637 3679 4696 eum,

2041 4699 2348 4779 praeteriit.
2379 4701 2789 4760 Samaritanus
2812 4711 3005 4762 autem
3031 4702 3267 4783 quidam
3301 4705 3412 4766 iter
3435 4708 3680 4784 faciens,

2041 4790 2197 4852 venit
2222 4789 2294 4850 ad
2321 4807 2455 4851 eum
2484 4811 2496 4852 :
2533 4798 2589 4850 et
2619 4789 2741 4851 viso
2774 4811 2866 4863 eo,
2894 4791 3306 4854 misericordia
3332 4807 3528 4858 motus
3562 4809 3676 4873 est,

2042 4886 2100 4940 et
2119 4878 2412 4941 aecedens
2437 4879 2694 4955 alligavit
2715 4879 2956 4941 vulnera
2979 4881 3459 4960 ejus,iulundens
3483 4885 3679 4948 oleum

2040 4987 2106 5029 ac
2140 4969 2376 5029 vinum:
2416 4977 2472 5029 et
2502 4967 2816 5048 imponens
2847 4970 3007 5029 illum
3035 4970 3093 5030 in
3113 4990 3283 5030 suum
3309 4974 3676 5052 jumentum,

2040 5059 2205 5120 (luxit
2227 5059 2282 5118 in
2310 5058 2788 5130 diversorium,et
2807 5077 3008 5119 curaui
3035 5060 3162 5137 cjus
3185 5060 3324 5139 egit.
3347 5065 3414 5123 Et
3443 5076 3678 5143 postero

2037 5150 2134 5209 die
2174 5149 2507 5227 egrediens,
2562 5147 2947 5228 depromptus
2996 5149 3148 5210 duos
3194 5152 3470 5214 denarios
3521 5155 3682 5225 dedit

2035 5239 2341 5318 hospiti,et
2362 5238 2438 5297 ait
2460 5237 2546 5299 ei:
2579 5241 2788 5299 Curam
2814 5237 2974 5300 illius
2997 5239 3179 5312 habe;
3203 5249 3260 5300 et
3284 5242 3678 5323 quodcunque

2036 5342 2318 5408 praeterea
2336 5326 2866 5407 insumpseris,ego
2881 5346 3011 5387 cum
3032 5329 3268 5390 rediero
3287 5349 3302 5388 ι
3319 5331 3387 5390 ed
3397 5330 3528 5391 dam
3547 5333 3674 5395 tibi.

2033 5417 2174 5490 Quis
2197 5436 2336 5496 ergo
2361 5420 2570 5478 borum
2587 5417 2761 5478 trium
2787 5417 3019 5478 videtur
3043 5418 3147 5478 tibi
3173 5420 3472 5499 proximus
3495 5422 3678 5484 fuisse

2033 5507 2117 5568 illi
2140 5507 2239 5587 qui
2274 5506 2484 5569 incidit
2509 5507 2567 5567 in
2599 5507 2902 5570 latrones?
2932 5509 3006 5569 At
3039 5508 3140 5570 ille
3161 5509 3336 5569 dixit:
3370 5509 3481 5581 Qui
3512 5528 3676 5574 excr-
