4132 6298
506 389 624 458 847
1486 387 2078 462 THEOPHYLACTI
2119 392 2138 452 l

2300 390 2531 459 lARIzE
2575 394 2932 463 ARCHIEP.
3785 400 3932 470 848

509 535 633 597 cuit
667 535 1137 598 misericordiam
1171 537 1230 597 in
1264 538 1456 598 illum.
1490 539 1587 601 Ait
1617 540 1794 618 igitur
1822 539 1908 600 illi
1937 541 2141 601 Jesus:

2279 534 2290 582 ἑ
2335 530 2489 586 εἶπεν
2520 546 2532 560 ⁶
2569 523 2625 590 Ὀ
2671 534 2900 602 ποιήσας
2935 536 2996 589 τὸ
3043 533 3188 599 ἕλεος
3219 537 3337 611 μετ’
3383 542 3561 599 αὑτοῦ.
3599 540 3774 596 Εἶπεν
3808 539 3911 594 οῦν

509 624 693 699 Vade,
728 632 784 685 et
816 633 873 684 tu
907 625 998 686 fac
1033 625 1328 690 similiter.
1370 655 1389 683 υ
1435 629 1729 690 Laudatus
1778 647 1811 689 a
1860 627 2141 708 Salvatori

2286 623 2384 692 5τῷ
2440 625 2467 675 ὁ
2525 618 2729 688 Ἰησοῦς
2766 641 2780 655 ·
2846 624 3099 703 Πορεύου,
3159 630 3244 681 καὶ
3303 628 3363 681 σὺ
3410 631 3545 684 ποίει
3603 630 3841 703 ὁμοίως,
3888 653 3918 682 n

508 712 1569 793 legisperitus,prodiditinsoleutiam
1593 715 2130 778 animi.Dixitenim

2291 711 2568 774 ἒπαινεθεὶς
2621 713 2722 768 ὑπὸ
2779 720 2873 769 τοῦ
2930 719 3182 793 Σωτῆρος
3236 717 3262 770 ὁ
3321 720 3563 792 νομικὸς,
3620 720 3715 785 τὴν
3759 718 3923 774 ἀλα-

509 805 578 864 Ει
611 803 746 879 quis
777 811 869 864 est
901 822 1069 864 meus
1100 806 1402 883 proximus
1428 805 1452 866 ?
1481 805 1867 868 Existimabat
1905 807 2064 867 enim
2097 824 2141 865 sc

2279 799 2442 856 ονείαν
2471 798 2760 878 ἒξὲῤῥηξεν.
2813 805 2947 858 Εἷπε
2992 805 3092 881 γάρ
3131 824 3142 836 ·
3195 807 3288 861 Καὶ
3323 808 3398 870 τίς
3445 809 3556 862 ἐστί
3599 830 3699 880 μου
3745 807 3911 873 πλη-

499 892 727 971 justum
773 910 926 967 esse,
965 893 1312 972 nullumque
1363 894 1584 957 habere
1633 896 1746 957 sibi
1795 895 2049 956 similem
2104 913 2131 954 e

2281 889 2354 942 ίον
2387 911 2402 960 ;
2451 888 2630 969 ”ῼετο
2663 892 2761 969 γὰρ
2792 891 2870 946 ὅτι
2924 890 3123 956 δίκαιος
3176 893 3273 964 ὢν,
3310 894 3492 951 οὑδένα
3518 896 3664 974 ἔχειν
3709 896 3913 972 ὅμοιον

508 981 840 1060 proximum
863 982 1078 1042 virtute
1106 1003 1121 1043 :
1158 991 1367 1062 putans
1392 984 1823 1064 solumjustum
1842 986 2000 1062 justo
2026 1002 2140 1063 pro-

2280 985 2435 1058 κυτῷ,
2499 982 2585 1035 καὶ
2633 979 2993 1050 πλησιάζοντα
3050 982 3184 1038 κατὰ
3255 984 3352 1050 τὴν
3396 985 3610 1062 ἀρετήν.
3662 985 3912 1052 Πλησίον

510 1071 732 1130 ximum
763 1090 921 1131 esse.
948 1071 1211 1132 Proinde
1230 1073 1776 1152 volensjustiﬁcare
1799 1075 2083 1154 seipsum,
2102 1090 2142 1133 ei

2269 1068 2340 1145 ’ἀρ
2404 1070 2564 1143 μόνον
2651 1069 2869 1140 ἤλπιζεν
2949 1075 3090 1126 εἶναι
3152 1073 3242 1127 τὸν
3305 1072 3502 1130 δίκαιον
3553 1082 3630 1149 τῷ
3682 1073 3901 1148 δικαίῳ.

509 1159 713 1220 extolli
746 1178 928 1240 super
950 1179 1156 1221 omnes
1180 1161 1475 1236 homines,
1503 1164 1894 1238 insolescens,
1924 1163 2114 1242 inquit

2274 1155 2418 1212 ’ἐλων
2474 1159 2562 1214 οὖν
2639 1157 2869 1215 δικαιοῦν
2953 1161 3137 1217 ἑαυτὸν
3193 1164 3276 1217 καὶ
3332 1164 3624 1242 ὑπεραίρειν
3679 1164 3906 1220 πάντων

504 1247 580 1307 Et
609 1249 740 1326 quis
772 1257 862 1309 est
893 1249 1195 1328 proximus
1218 1269 1383 1312 meus
1407 1251 1436 1310 ‘?
1465 1251 1740 1314 Salvator
1770 1262 1989 1326 autem,
2018 1271 2133 1331 quo

2279 1247 2549 1324 νθρώπων,
2606 1247 3055 1323 ἀλαζονευόμενός
3100 1273 3229 1329 φησι
3264 1267 3278 1280 °
3338 1253 3435 1309 Καὶ
3489 1254 3567 1316 τίς
3626 1253 3734 1309 ἐστί
3794 1276 3908 1329 μου

507 1336 664 1397 niam
694 1337 976 1398 Conditor
1006 1339 1135 1418 ipse
1174 1349 1318 1412 erat,
1356 1342 1552 1402 sciens
1599 1361 1706 1402 nos
1739 1360 1946 1402 omnes
1979 1328 2139 1401 unan

2271 1335 2470 1403 τλησιον
2507 1355 2522 1412 ;
2562 1328 2618 1393 Ὀ
2663 1336 2716 1392 δὲ
2762 1340 2974 1418 Σωτὴρ,
3007 1339 3099 1394 ἅτε
3130 1337 3193 1406 δή
3226 1341 3462 1408 Ποιητῆς
3492 1344 3590 1416 ὢν,
3623 1345 3709 1400 καὶ
3739 1341 3903 1405 εἰδὼς

501 1438 854 1497 creaturam.
893 1449 1009 1490 non
1055 1431 1337 1510 operibus
1383 1453 1576 1513 neque
1608 1434 2018 1512 dignitatibus,
2050 1451 2133 1496 εει

2269 1427 2442 1488 τάντας
2501 1425 2556 1480 ἓν
2606 1425 2849 1500 πλάσμα,
2910 1432 2970 1485 οὑ
3047 1441 3168 1490 ταῖς
3255 1428 3522 1507 πράξεσιν,
3599 1429 3716 1487 οὑδὲ
3767 1445 3901 1494 τοῖς

502 1527 709 1579 natura
740 1519 946 1580 deﬁnit
978 1522 1343 1599 proximum.
1393 1521 1479 1583 Ne
1511 1523 1693 1599 igitur
1716 1533 1905 1603 putes,
1938 1524 2134 1603 inquit

2274 1514 2552 1590 ξιώμασιν,
2588 1513 2724 1570 ἀλλά
2770 1522 2838 1592 τῇ
2882 1519 3032 1596 φύσει
3090 1519 3321 1595 ὁρίζεται
3371 1521 3460 1575 τὸυ
3504 1519 3753 1586 πὶησῖον.
3805 1523 3902 1586 Μὴ

501 1610 636 1688 quia
659 1612 854 1689 justus
885 1628 970 1682 es,
1002 1612 1156 1690 quod
1190 1612 1387 1673 nullus
1423 1613 1523 1673 tibi
1558 1614 1766 1675 similis
1799 1615 1892 1676 sit.
1932 1612 2133 1676 Omne:

2273 1604 2336 1682 ἀρ
2393 1603 2592 1678 νόμιζε,
2655 1605 2833 1683 φησὶν,
2895 1603 2974 1660 ὅτι
3017 1605 3200 1674 ἐπειδὴ
3248 1604 3447 1670 δίκαιος
3481 1612 3554 1682 εἴ,
3587 1606 3752 1670 οὑδείς
3814 1612 3904 1664 σοί

499 1698 659 1759 enim
695 1699 795 1778 qui
827 1699 1096 1778 ejusdem
1127 1709 1351 1762 natura;
1382 1712 1539 1783 sunt,
1581 1703 1831 1782 proximi
1865 1702 1946 1763 tui
1989 1711 2125 1764 sunt

2266 1715 2379 1748 στιν
2425 1691 2630 1767 ὅμοιος,
2682 1694 2878 1758 Πάντες
2938 1696 3038 1772 γὰρ
3098 1698 3143 1750 οἱ
3202 1700 3302 1761 τῆς
3360 1700 3524 1764 αὑτῆς
3580 1698 3786 1776 φύσεως
3834 1719 3896 1752 γε

499 1786 591 1849 Sis
621 1787 800 1866 igitur
820 1788 1079 1848 vicissim
1113 1798 1170 1849 et
1216 1798 1275 1850 tu
1307 1790 1424 1850 illis
1457 1781 1762 1868 prosimus
1793 1813 1804 1853 :
1841 1810 1957 1852 non
1993 1791 2124 1852 loco

2266 1782 2622 1848 ,οινωνηκότες
2708 1781 2936 1848 πλησίον
3015 1785 3108 1839 σού
3165 1786 3288 1846 εἶσι,
3353 1791 3511 1841 Γενοῦ
3565 1787 3734 1844 τοίνυν
3799 1790 3898 1843 καὶ

500 1878 604 1938 sed
632 1879 946 1939 affectione
972 1887 1030 1940 et
1045 1879 1240 1941 studio
1265 1899 1404 1959 erga
1425 1881 1581 1941 illos.
1611 1880 1840 1942 Idcirco
1863 1890 1918 1942 et
1941 1879 2132 1942 Sama-

2264 1873 2390 1934 btbc
2446 1870 2671 1938 πλησίον
2725 1871 2933 1945 αὑτοῖς,
2994 1875 3054 1928 οὑ
3104 1880 3180 1946 τῷ
3238 1873 3411 1954 τόπῳ,
3446 1873 3581 1930 ἀλλά
3607 1881 3678 1951 τῇ
3707 1873 3896 1931 διαθέ-

501 1967 759 2028 ritanum
794 1967 1115 2029 introducit
1145 1969 1206 2030 in
1240 1970 1604 2050 exemplum,
1641 1978 1705 2032 ut
1728 1971 1835 2031 tibi
1863 1978 2133 2031 monstre‘

2269 1982 2313 2016 ει
2368 1961 2454 2016 καὶ
2497 1966 2564 2036 τῇ
2609 1961 2681 2023 είς
2714 1960 2897 2023 αὑτοὺς
2947 1960 3253 2036 ἀπιμελείᾳ,
3293 1965 3386 2018 Διὸ
3417 1966 3502 2020 καὶ
3549 1965 3639 2019 τὸν
3694 1971 3899 2039 Σαμα-

490 2057 648 2134 quod
679 2057 817 2117 licet
847 2057 941 2116 hic
975 2059 1086 2118 vita
1107 2059 1504 2139 discreparet,
1540 2060 1850 2139 proximus
1875 2069 2070 2120 tamen
2097 2079 2122 2119 e

2266 2052 2410 2117 είτην
2456 2052 2652 2129 εἰσάγω
2717 2073 2798 2106 σοι
2851 2053 2980 2127 πρὸς
3040 2050 3368 2130 ὑπόδειγμα,
3437 2053 3528 2107 ἵνα
3571 2075 3658 2108 σοι
3718 2051 3896 2132 δείξω,

491 2153 616 2206 erat
635 2145 735 2224 qui
761 2145 1142 2208 miseratione
1166 2137 1398 2227 dignus.
1429 2137 1618 2210 Sic—et
1645 2157 1706 2208 tu
1733 2150 2123 2229 compassioni

2269 2161 2314 2195 τι
2373 2139 2552 2216 ὥσπερ
2608 2139 2759 2204 οὗτος
2819 2137 3077 2220 διαφέρων
3147 2144 3224 2215 τῷ
3277 2141 3396 2217 βίῳ,
3459 2141 3605 2216 ὅμως
3664 2141 3901 2209 πλησίον

495 2237 828 2314 proximum
861 2242 917 2296 te
943 2235 1029 2296 illi
1061 2226 1298 2311 exhibe,
1329 2246 1385 2298 et
1409 2245 1621 2316 sponte
1651 2257 1716 2300 ac
1749 2226 1886 2298 noni
1911 2246 2127 2299 vocatu:

2271 2228 2418 2306 ἑγονε
2475 2236 2566 2284 τοῦ
2635 2226 2775 2293 ἀξίου
2868 2229 3174 2309 ἐλεηθῆναι,
3236 2230 3373 2286 οὕτω
3447 2233 3535 2286 καὶ
3605 2231 3668 2286 σὺ
3719 2229 3899 2296 δεῖξον

493 2322 743 2384 inillius
777 2322 1113 2384 subsidium
1146 2341 1340 2388 curre.
1395 2315 1688 2386 Docemur
1711 2327 1885 2404 igitur
1929 2337 1989 2389 et
2037 2328 2125 2388 hOt

2263 2318 2450 2372 εαυτὸν
2503 2315 2732 2381 πλησίον
2775 2323 2842 2393 τῇ
2887 2319 3206 2393 συμπαθείᾳ,
3269 2319 3355 2373 καὶ
3404 2317 3732 2385 αὐτόκλητος
3806 2320 3895 2375 ἐπὶ

493 2411 627 2472 loco
653 2430 757 2491 per
787 2411 1127 2490 parabolam
1159 2422 1219 2472 ut
1253 2415 1440 2493 parati
1477 2415 1662 2476 simus
1691 2403 1761 2475 ad
1798 2415 2125 2477 misericor-

2258 2406 2327 2472 ῆν
2393 2407 2639 2481 βοήθειαν
2711 2403 2914 2479 βάδιζε.
3009 2404 3370 2481 Διδασκόμεθα
3429 2407 3516 2462 οὗν
3575 2410 3663 2463 καὶ
3719 2415 3890 2464 ταῦτα

488 2499 667 2574 diam,
707 2509 763 2560 et
790 2519 1082 2561 conemur
1113 2491 1268 2562 esse
1293 2502 1545 2581 proximi
1579 2503 1670 2562 his
1722 2503 1821 2583 qui
1871 2503 2120 2583 indigen‘

2253 2495 2320 2549 ῖιά
2371 2496 2470 2561 τῆς
2527 2491 2835 2572 παραϐολῆς
2891 2496 3112 2569 ταύτης,
3171 2497 3232 2551 τὸ
3276 2497 3516 2571 ἑτοίμους
3561 2497 3704 2552 εἶναι
3750 2499 3885 2575 πρὸς

487 2599 687 2650 nostro
704 2589 996 2650 subsidio.
1022 2589 1205 2652 Docet
1227 2599 1425 2651 autem
1449 2599 1507 2652 et.
1535 2582 1760 2671 quanta
1779 2593 1885 2654 Dei
1909 2582 2119 2655 bonita:

2251 2583 2394 2664 λεον,
2451 2585 2536 2640 καὶ
2596 2583 2837 2639 σπεύδειν
2891 2582 3119 2651 πλησίεν
3162 2585 3390 2664 γίνεσθαι
3447 2592 3554 2641 τῶν
3611 2583 3879 2662 δεομένων

489 2699 625 2759 erga
658 2681 954 2741 homines.
980 2680 1391 2741 Descendebat
1409 2681 1569 2741 enim
1591 2682 1848 2743 humana
1872 2691 2121 2744 natura:

2243 2676 2319 2740 τῆς
2375 2673 2498 2745 παρ’
2557 2676 2711 2747 ἡμῶν
2757 2675 3027 2747 βοηθείας,
3091 2673 3453 2750 Διδασκόμεθα
3515 2674 3569 2731 δὲ
3643 2678 3731 2732 καὶ
3773 2679 3875 2744 τὴν

486 2769 881 2842 Hierusalem,
914 2771 1029 2829 hoc
1071 2777 1183 2848 est,
1216 2788 1249 2829 a
1280 2770 1597 2850 tranquilla
1629 2779 1685 2832 et
1723 2771 1968 2852 paciﬁca
1990 2773 2111 2834 vita

2241 2764 2339 2841 tspl
2394 2765 2483 2820 τὸν
2537 2761 2808 2842 ἄνθρωπον
2867 2762 3171 2841 ἀγαθότητα
3206 2765 3324 2852 ,τοῦ
3371 2774 3523 2828 Θεοῦ.
3589 2763 3873 2823 Κατέϐαινε

485 2856 857 2919 Hierusalem
917 2859 1074 2919 enim
1127 2845 1552 2938 interpretatur
1581 2845 1737 2920 visio.
1780 2861 1963 2940 pacis.
2009 2860 2117 2932 Qui

2242 2854 2319 2931 γὰρ
2374 2855 2408 2920 ἡ
2457 2852 2755 2931 ἀνθρωπίνη
2815 2855 2966 2931 φύσις
3037 2853 3143 2908 ἀπὸ
3206 2845 3576 2932 Ἰερουσαλὴμ,
3639 2855 3874 2940 ¹τουτέστι

484 2957 679 3010 autem
709 2946 1162 3010 descendebat?
1193 2946 1258 3008 In
1283 2933 1565 3010 Hiericho
1589 2933 1900 3030 humilem,
1933 2969 2116 3012 conca

2234 2949 2323 3009 τῆς
2381 2941 2733 3000 ἀστασιάστου
2786 2943 2874 2997 καὶ
2962 2942 3227 3020 εἷρηναίας
3286 2941 3578 3021 διαγωγῆς.
3641 2933 3866 3018 ΗΟρασις

480 3055 635 3116 vam,
675 3046 733 3098 et
755 3047 898 3098 aestu
921 3037 1456 3118 suﬁ‘ocantem,hoc
1481 3049 1590 3112 est,
1616 3040 1789 3100 vitam
1809 3023 2112 3102 aﬁectioni

2233 3034 2323 3111 γὰρ
2378 3034 2591 3111 εἰρήνης
2650 3029 2994 3118 ἑρμηνεύεται
3082 3034 3117 3099 ἡ
3207 3023 3579 3110 Ἰερουσαλὴμ,
3650 3038 3752 3090 Ποῦ
3809 3031 3865 3087 δὲ

482 3125 592 3187 bus
622 3112 1044 3204 plenam.Vide
1076 3134 1271 3186 autem
1308 3112 1464 3205 quod
1488 3146 1606 3188 non
1629 3129 2114 3208 dixerit,descen-

2241 3120 2576 3200 ιατέϐαινενς
2637 3120 2724 3182 Εἷς
2778 3121 2874 3188 τὴν
2928 3112 3164 3200 Ἱεριχὼ,
3227 3124 3324 3189 τὴν
3372 3121 3559 3189 κοιλήν
3605 3124 3693 3178 καὶ
3734 3125 3873 3200 χθα-

483 3217 588 3295 dit,
618 3189 719 3276 sed
745 3214 1170 3277 descendebat.
1197 3189 1448 3295 Semper
1465 3217 1623 3277 enim
1652 3189 2115 3282 humana

2241 3209 2396 3279 ιαλὴν
2467 3212 2554 3266 καὶ
2637 3215 2713 3282 τῷ
2771 3210 2996 3284 καύματι
3068 3212 3353 3289 πνιγηρὰν,
3425 3210 3691 3290 ταυτὲστι,
3777 3212 3873 3278 τὴν

481 3304 552 3366 ad
576 3290 864 3365 inferiora
898 3303 1173 3384 proclivis
1199 3313 1308 3378 est,
1344 3290 1472 3365 non
1508 3307 1715 3380 semel,
1752 3307 1858 3368 sed
1897 3327 2113 3388 sempei

2235 3304 2430 3376 εμπαθῆ
2463 3302 2630 3371 ζωήν.
2667 3290 2814 3377 ΗΟρα
2861 3297 2944 3378 δὲ,
2974 3302 3069 3356 οὑκ
3100 3300 3256 3355 εἶπεν
3287 3298 3367 3355 ὅτι
3414 3298 3647 3373 Κατέϐη,
3711 3299 3867 3375 ἀλλὰ,

484 3394 615 3453 vitae
640 3391 1049 3454 aﬁectionibus
1081 3393 1295 3453 deditae
1320 3412 1554 3454 vacans.
1600 3393 1817 3456 Incidit
1845 3387 2045 3459 auten“.
2074 3397 2116 3457 ii

2233 3387 2562 3451 KatéSaivev.
2644 3388 2755 3446 Ἀεὶ
2824 3389 2923 3466 γὰρ
2981 3390 3015 3455 ἡ
3078 3389 3377 3467 ἀνθρωπίνη
3436 3389 3588 3466 φύσις
3669 3389 3754 3446 ἐπὶ
3802 3392 3865 3446 τὰ

481 3483 765 3554 latrones,
806 3483 917 3542 hoc
950 3489 1038 3541 est
1064 3481 1386 3543 daemones.
1424 3484 1552 3545 Nisi
1593 3484 1725 3563 quis
1756 3503 1788 3544 a
1825 3487 2113 3563 cogitatio

2231 3478 2363 3534 ιάτω
2407 3479 2602 3552 ἔνευεν,
2660 3479 2765 3558 οὑχ
2820 3475 2982 3550 ἅπαξ,
3043 3475 3178 3533 ἀλλὰ
3219 3476 3285 3533 δι’
3344 3476 3469 3535 ὅλου
3516 3484 3593 3551 τῷ
3634 3478 3863 3554 ἐμπαθεῐ

479 3571 655 3631 nibus
678 3571 1034 3630 sublimibus
1058 3571 1583 3651 descenderit,non
1607 3573 1815 3632 incidit
1834 3573 1893 3633 in
1917 3573 2111 3636 daamo

2227 3567 2313 3642 3ίῷ
2365 3568 2724 3647 προσέχουσα.
2781 3567 3065 3646 Περιέπεσε
3109 3565 3162 3622 δὲ
3212 3565 3464 3643 λῃσταῖς,
3519 3568 3641 3631 τοῖς
3671 3567 3859 3641 δαίμο-

481 3679 611 3727 nes,
647 3660 744 3738 qui
781 3667 954 3719 exuto
987 3658 1215 3718 homini
1247 3667 1305 3720 et
1354 3661 1604 3737 spoliato
1651 3661 1909 3722 vestibus
1940 3665 2113 3726 virtu-

2225 3680 2317 3719 πιν,
2375 3659 2433 3714 Εἰ
2487 3659 2562 3732 μὴ
2593 3658 2692 3735 γὰρ
2724 3654 2926 3722 ιαταϐῆ
2957 3679 3036 3720 τις
3091 3656 3195 3712 ἀπὸ
3250 3663 3342 3712 τοῦ
3382 3657 3546 3731 ὕψους
3588 3662 3685 3724 τῆς
3740 3655 3857 3712 δια-

480 3759 624 3822 tum,
653 3757 791 3808 tunc
824 3746 1022 3826 plagas
1057 3747 1317 3808 inferunt
1369 3751 1620 3828 peccati.
1661 3750 1922 3811 Primum
1967 3752 2112 3812 enin

2227 3748 2379 3821 θοίας,
2442 3749 2501 3802 οὑ
2556 3746 2855 3825 περιπίπτει
2910 3758 3028 3809 τοῖς
3105 3743 3344 3820 δαίμοσιν
3374 3761 3388 3773 ·
3454 3748 3506 3802 οἳ
3557 3744 3859 3807 ἐκδύσαντες

480 3837 782 3899 denudant
807 3855 914 3896 nos
937 3836 1099 3895 omni
1137 3836 1289 3896 bona
1320 3838 1676 3916 cogitatione
1705 3847 1760 3900 et
1800 3840 2112 3902 visitationi

2227 3840 2305 3893 τὸν
2363 3836 2654 3913 ἄνθρωπον,
2744 3836 2831 3890 καὶ
2918 3836 3267 3913 στερήσαντες
3345 3839 3453 3890 τῶν
3522 3838 3620 3902 τῆς
3670 3838 3859 3912 ἀρετῆς

479 3927 608 3989 Dei:
638 3926 854 3986 deinde
879 3926 1078 4004 plagas
1102 3927 1325 4004 peccati
1352 3927 1634 3991 inferunt.
1660 3932 1842 3991 Porro
1865 3938 2111 3991 naturan

2223 3927 2461 4004 ἱματίων,
2521 3927 2640 3980 τότε
2698 3926 2791 3986 τὰς
2843 3921 3056 4000 πληγὰς
3111 3924 3373 3990 ἐπέθηκαν
3429 3925 3526 3992 τῆς
3579 3927 3855 4002 ἁμαρτίας.

479 4017 799 4076 humanam
853 4014 1300 4075 semimortuam
1361 4017 1776 4097 reliquerunt:
1839 4018 1929 4078 vel
1972 4039 2111 4100 quat

2225 4016 2474 4094 Πρότερον
2555 4015 2654 4091 γὰρ
2737 4014 3128 4090 ἀπογυμνοῦσιν
3189 4015 3332 4089 ἡμᾶς
3395 4015 3594 4079 παντδς
3667 4017 3857 4094 ἀγαθοῦ

477 4105 675 4166 anima
704 4103 1076 4176 immortalis,
1122 4122 1338 4184 corpus
1369 4115 1564 4166 autem
1600 4107 1866 4183 mortale,
1903 4108 2042 4168 350
2074 4128 2104 4170 e

2222 4104 2492 4181 λογισμοῦ,
2555 4104 2645 4157 καὶ
2686 4101 2780 4168 τῆς
2840 4108 2933 4157 τοῦ
2995 4109 3125 4157 Θεοῦ
3154 4102 3383 4182 σκέπης,
3431 4101 3537 4184 εἶθ’
3569 4103 3734 4166 οὕτως
3763 4111 3854 4168 τας

478 4196 554 4254 ita
579 4194 894 4255 dimidium
919 4193 1179 4254 hominis
1203 4183 1376 4255 morti
1399 4196 1696 4258 subditum
1729 4207 1835 4259 est:
1865 4198 1950 4258 vel
1971 4218 2110 4278 quoc

2219 4192 2424 4270 πληγὰς
2481 4191 2578 4258 τῆς
2661 4189 2918 4269 ἁμαρτίας
3006 4189 3403 4278 ἐπιϐάλλουσιν.
3485 4183 3745 4267 Ἠμιθανῆ
3800 4191 3851 4247 δὲ

478 4303 595 4345 non
642 4283 885 4344 omnino
937 4281 1250 4362 desperata
1303 4293 1428 4346 erat
1479 4285 1737 4347 humana
1780 4277 2010 4349 natura.
2064 4287 2110 4348 Ir

2215 4281 2531 4356 νατέλειψαν
2592 4280 2690 4347 τὴν
2751 4279 3080 4355 ἀνθρωπίνην
3139 4277 3310 4360 φύσιν,
3368 4280 3402 4348 ἢ
3445 4278 3576 4337 διότι
3621 4283 3653 4349 ἡ
3699 4282 3847 4360 ψυχή

473 4373 708 4435 Christo
729 4373 889 4434 enim
929 4371 1176 4432 salutem
1210 4391 1273 4433 se
1300 4372 1630 4435 habituram
1661 4393 1793 4436 esse
1825 4375 2100 4456 sperabat

2213 4371 2489 4445 ἀθάνατος,
2545 4371 2605 4424 τὸ
2659 4367 2713 4423 δὲ
2771 4374 2926 4443 σῶμα
2976 4370 3191 4435 θνητόνο
3249 4368 3385 4425 ὥστε
3439 4371 3502 4426 τὸ
3545 4369 3708 4446 ἥμισυ
3761 4377 3845 4427 τοῦ

474 4461 675 4542 Itaque
699 4481 816 4522 non
847 4466 1080 4523 mortua
1120 4470 1244 4522 erat
1275 4463 1553 4523 omnino:
1591 4465 1691 4524 sed
1729 4474 1972 4544 propter
1995 4466 2106 4526 rui-

2213 4461 2481 4541 ἀνθρώπου
2538 4463 2616 4533 τῴ
2656 4458 2864 4530 θανάτῳ
2905 4459 3210 4540 ὑπαχθῆναι
3248 4477 3262 4490 ·
3309 4460 3344 4527 ἢ
3388 4460 3520 4516 διότι
3580 4463 3639 4518 οὑ
3679 4462 3845 4527 πάντη

475 4571 608 4612 nam
640 4553 786 4613 Adae
815 4568 976 4611 mors
1019 4550 1078 4610 in
1131 4551 1416 4612 mundum
1480 4552 1841 4613 intravit":
1889 4564 2107 4634 proptei

2213 4553 2274 4620 ἦν
2327 4548 2713 4629 ἀπεγνωσμένη
2757 4549 2792 4612 ἡ
2824 4547 3122 4625 ἀνθρωπίνη
3153 4549 3305 4634 φύσις
3339 4570 3352 4582 ·
3390 4549 3445 4604 ἐν
3493 4551 3593 4628 γὰρ
3647 4558 3845 4629 Χριστῷ

476 4641 693 4702 Christi
720 4650 914 4702 autem
942 4639 1429 4718 justiﬁcationem
1465 4660 1624 4701 mors
1651 4642 1946 4704 abolenda
1978 4633 2103 4705 erat

2213 4643 2306 4709 τὴν
2367 4640 2629 4718 σωτηρίαν
2665 4635 2795 4702 ἕξειν
2843 4636 3115 4708 ἠλπίζετο.
3172 4633 3346 4695 ’Ὥστε
3378 4641 3472 4696 οὑκ
3501 4640 3845 4699 ὲτεθανάτωτο

472 4734 586 4793 Per
613 4731 980 4792 sacerdotem
1006 4747 1142 4790 vero
1163 4737 1220 4790 et
1242 4729 1529 4803 Levitam,
1561 4730 1751 4808 legem
1784 4732 2101 4812 intelligefe

2213 4730 2505 4808 παντελῶς,
2566 4726 2685 4784 ἀλλ’
2737 4725 2864 4784 ὅσον
2921 4727 3018 4802 μὲν
3062 4727 3147 4784 ἐπὶ
3200 4736 3280 4804 τῷ
3335 4736 3426 4786 τοῦ
3480 4728 3652 4805 Ἀδὰμ.
3679 4753 3845 4811 παρα-

472 4820 812 4900 pr0phetas.
849 4817 941 4878 Illi
965 4817 1120 4878 enim
1147 4816 1421 4878 volebant
1452 4818 1776 4896 justiﬁcare
1807 4819 2104 4880 humanan

2209 4821 2453 4897 πτώματι
2501 4818 2722 4880 θάνατος
2775 4818 2848 4881 εἷς
2891 4818 2981 4873 τὸν
3024 4818 3225 4893 κόσμον
3271 4817 3506 4886 είσῆλθεν
3543 4835 3556 4848 ’
3619 4820 3742 4877 ὅσον
3797 4820 3841 4876 δὲ

472 4920 765 4990 naturam,
811 4910 914 4970 sed
962 4927 1077 4967 non
1134 4915 1473 4987 potuerunt.
1531 4906 1907 4987 Impossibile
1939 4910 2104 4987 enim;

2206 4911 2290 4968 ἐπὶ
2345 4917 2421 4984 τῷ
2476 4914 2566 4964 τοῦ
2625 4907 2850 4984 Χριστοῦ
2905 4904 3228 4981 δικαιώματι
3290 4910 3317 4963 ὁ
3371 4909 3594 4972 θάνατος
3659 4908 3838 4985 ἔμελλε

469 5001 657 5080 inquit
690 4999 926 5070 Paulus,
960 4999 1308 5075 sanguinem
1363 5007 1664 5059 taurorum
1711 5006 1769 5060 et
1821 4999 2101 5060 liircorun

2205 5001 2604 5077 καταργεϊσθαι.
2663 4991 2826 5074 Ἰερέα
2884 4994 2937 5050 δὲ
2992 4997 3080 5053 καὶ
3138 4998 3380 5074 Λευίτην,
3425 4997 3516 5055 τδν
3567 5000 3731 5074 νόμον
3759 5021 3837 5074 μοι

467 5090 678 5150 tollere
707 5096 1010 5169 peccatum
1035 5089 1117 5148 48.
1144 5087 1362 5148 Miserti
1388 5088 1586 5168 itaque
1612 5095 1751 5150 sunt
1773 5089 2096 5163 hominis,e

2205 5092 2309 5147 νόει
2364 5090 2451 5145 καὶ
2502 5087 2622 5150 τοὺς
2679 5087 2977 5165 προφήτας.
3040 5087 3191 5144 Οὗτοι
3239 5089 3337 5166 γὰρ
3413 5087 3704 5155 ἠϐούλοντο
3748 5091 3837 5165 μὲν

466 5179 540 5238 de
573 5185 699 5254 ejus
733 5179 979 5238 sanitate
1010 5177 1363 5254 cogitarunt.
1398 5176 1627 5238 Deinde
1660 5177 1962 5258 plagarum
1985 5198 2098 5242 ma-

2201 5181 2473 5237 δικαιῶσαι
2527 5177 2626 5244 τὴν
2711 5176 3041 5253 ἀνθρωπίνην
3096 5178 3270 5256 φύσιν,
3344 5181 3438 5237 οὐκ
3512 5176 3833 5248 ἠδυνήθησαν

464 5265 770 5344 gnitudine
794 5266 951 5340 victi,
980 5265 1051 5326 ad
1087 5265 1414 5344 posteriora
1437 5265 1649 5327 iterum
1672 5266 1929 5345 regressi
1954 5279 2087 5328 sunt

2204 5271 2271 5329 δέ.
2336 5267 2612 5327 Ἀδύνατον
2656 5266 2778 5342 γὰρ,
2857 5267 3012 5344 φησὶν
3072 5269 3099 5322 ὁ
3156 5266 3384 5347 Παῦλος,
3446 5269 3587 5344 α’ίμα
3644 5269 3836 5347 ταύρων

466 5359 593 5416 Hoc
647 5357 806 5416 enim
865 5355 1152 5433 signiﬁcat
1201 5354 1600 5425 ἀντιπαρελθεῖν
1691 5354 1867 5417 Venit
1927 5361 2098 5438 enim,

2201 5363 2284 5417 καὶ
2352 5359 2557 5438 τράγων
2615 5353 2832 5431 ἀφελεῖν
2899 5355 3179 5432 ἁμαρτίας.
3266 5354 3532 5422 Ἠλέησαν
3591 5358 3688 5432 μὲν
3757 5361 3833 5414 οὖν

458 5444 668 5524 inquit,
710 5441 825 5517 lex,
859 5453 915 5504 et
944 5442 1371 5518 astititjacenti
1421 5464 1434 5503 :
1490 5444 1712 5505 deinde
1760 5464 1877 5504 non
1915 5447 2090 5508 valen;

2204 5451 2286 5506 τὸν
2343 5449 2636 5526 ἄνθρωπον,
2711 5444 2799 5499 καὶ
2880 5447 3193 5521 θεραπεῦσαι
3281 5443 3646 5515 διενοήθησαν.
3713 5449 3836 5504 Εἶτα

459 5550 691 5606 sanare,
728 5551 966 5592 reversa
1013 5541 1122 5604 est,
1161 5532 1271 5590 hoc
1304 5532 1460 5591 enim
1513 5532 1807 5610 signiﬁcat
1852 5536 2091 5618 ἀντιπαρι

2204 5548 2262 5615 τῇ
2294 5545 2398 5595 τῶν
2456 5535 2681 5613 πληγῶν
2741 5532 3044 5611 ἐπικρατείᾳ
3101 5536 3428 5608 νικηθέντες,
3488 5537 3560 5598 είς
3613 5538 3836 5594 τοὺπίσω

536 5711 594 5758 4⁷
626 5710 803 5772 Rom.
832 5725 890 5784 v,
925 5707 1024 5772 12.
1057 5710 1120 5757 48
1143 5707 1320 5770 Hebr.
1358 5727 1416 5784 ι,
1451 5713 1510 5771 4.
