4132 6278
320 380 443 445 849

1062 389 1506 457 ENARRATIO
1552 394 1635 456 IN
1682 383 2189 450 EVANGELIUM
2239 386 2475 448 LUCE.
2525 417 2603 429 -—
2646 386 2808 446 CAP.
2860 386 2936 446 X.

3592 382 3710 447 850

313 518 480 610 πάλιν
546 521 929 600 ὑπεχώρησαν.
996 532 1161 583 Τοῦτο
1236 526 1333 604 γὰρ
1404 528 1651 605 σημαίνει
1709 529 1769 584 τὸ
1817 527 1960 584 ἀντί-

2052 528 2232 596 ἧλθεν.
2262 528 2522 592 Attende
2550 528 2691 592 item
2723 529 2883 610 quod
2913 528 3181 605 verbum,
3202 528 3440 610 accidit,
3459 546 3702 591 sensum

316 606 629 684 παρελθεῖν.
711 611 850 668 Ηλθε
909 614 1018 687 μὲν·
1064 616 1163 692 γὰρ
1218 618 1245 671 6
1303 616 1487 693 νόμος,
1536 620 1623 675 καὶ
1666 618 1864 683 ἐπέστη
1896 621 1973 687 τῷ

315 698 577 790 κειμένῳ,
638 701 764 757 εἶτα
836 703 913 776 μὴ
970 704 1175 783 ἰσχύων
1250 709 1586 783 θεραπεῦσαι,
1634 706 1971 784 ἀπεστράφη.

341 785 509 866 Ὀπερ
561 787 671 846 ἔστι
716 792 776 846 τὸ
833 791 1241 869 ἀντιπαρῆλθεν,
1279 786 1424 875 υΟρα
1457 794 1510 852 δὲ
1542 798 1603 852 τὸ
1658 796 1794 851 κατά
1838 816 1972 871 συγ-

318 876 527 952 κυρίαν,
572 879 686 934 τίνα
747 886 865 936 νοῦν
927 879 1072 961 ἔχει.
1149 890 1235 958 Τῷ
1294 883 1403 942 ὄντι
1459 886 1557 965 γὰρ
1615 887 1643 941 6
1700 884 1860 960 νόμος
1917 886 1976 941 οὒ

318 967 744 1043 προηγουμένως
827 967 1005 1043 ἐδόθη,
1100 970 1238 1028 ἀλλά
1316 973 1401 1029 διὰ
1473 975 1573 1042 τὴν
1648 973 1976 1051 ἀνθρωπίνην

321 1053 625 1135 ἀσθένειαν,
676 1058 752 1131 μὴ
810 1055 1107 1134 δυναμένην
1164 1061 1215 1128 ἐξ
1245 1062 1420 1143 ἀρχῆς
1452 1061 1695 1143 δέξασθαι
1728 1065 1791 1119 1‘0
1841 1063 1978 1119 κατὰ

326 1145 551 1232 Χριστὸν
610 1148 923 1225 μυστήριον.
985 1150 1083 1205 Διά
1124 1158 1281 1208 τοῦτο
1333 1142 1517 1232 φησιν,
1569 1151 1649 1207 ὅτι
1684 1142 1741 1209 ‘0
1784 1151 1973 1227 ἱερεὺς,

314 1230 582 1288 τοδτέστιν
661 1235 689 1289 6
750 1235 936 1311 νόμος,
1012 1238 1148 1295 κατά
1226 1230 1531 1320 συγκυρίαν,
1591 1241 1719 1319 ὅπερ
1776 1240 1971 1295 εἰώθα-

315 1339 417 1408 μεν
475 1318 648 1398 λέγειν
710 1325 847 1379 κατὰ
894 1322 1169 1400 σύμϐαμα,
1231 1327 1354 1384 ἀλλ’
1398 1318 1472 1387 οὐ
1525 1318 1969 1408 προηγουμένως,

303 1406 468 1498 ἦλθεν
538 1412 611 1475 είς
677 1412 736 1467 τὸ
821 1415 1136 1492 θεραπεῦσαι
1196 1418 1288 1473 τὸν
1353 1406 1647 1498 ἄνθρωπον.
1686 1406 1692 1407 ⁷
1733 1414 1884 1474 Ἀλλ’
1942 1408 1970 1461 δ

310 1497 502 1574 Κύριος
556 1500 644 1555 καὶ
702 1502 832 1565 Θεὸς
891 1504 1070 1578 ἡμῶν,
1130 1507 1158 1561 6
1213 1504 1283 1563 δι’
1341 1497 1484 1583 ἡμᾶς
1514 1509 1717 1587 κατάρα
1744 1509 1970 1585 γενόμε-

308 1608 428 1665 νος,
489 1590 576 1644 καὶ
658 1592 993 1669 Σαμαρείτης
1053 1594 1306 1673 ἀκούσας,
1397 1596 1615 1676 ὁδεύων,
1672 1595 1964 1665 τουτέστιν,

314 1678 443 1733 αῦτὸ
497 1685 651 1736 τοῦτο
746 1681 1008 1760 πρόφασιν
1087 1683 1208 1744 ὁδοῦ
1262 1688 1650 1762 ποιησάμενος,
1720 1688 1807 1742 καὶ
1877 1688 1969 1742 τὸν

314 1766 514 1869 σκοπὸν
569 1765 811 1841 θέμενος,
872 1771 933 1825 τὸ
974 1772 1118 1846 ἡμᾶς
1166 1776 1503 1855 θεραπεῦσαι,
1556 1764 1678 1831 ἀλλ’
1735 1778 1792 1833 οὔ
1826 1797 1963 1851 παρ-

313 1853 511 1908 οδεύων

2053 619 2370 697 quemdam
2404 617 2760 682 habet.Nam
2792 636 3000 681 revera
3022 618 3114 681 lex
3143 637 3262 680 non
3287 617 3360 680 ob
3388 619 3562 680 resin
3580 616 3709 697 pri-

2056 707 2170 768 mis
2200 707 2484 788 intentas,
2519 707 2623 770 sed
2650 718 2897 787 propter
2926 707 3241 769 humanam
3277 706 3707 781 inﬁrmitatem,

2058 814 2189 876 quae
2234 814 2353 857 non
2414 796 2602 877 potuit
2644 795 2717 858 ab
2768 795 2934 858 initio
2989 806 3425 859 sacramentum
3486 795 3711 858 Christi

2060 885 2389 965 suscipere,
2423 885 2559 947 data
2588 894 2698 948 est.
2740 888 3068 965 Propterea
3098 886 3264 967 dicit,
3292 886 3523 948 Accidit
3550 884 3703 965 quod

2058 974 2359 1048 sacerdos,
2394 975 2502 1034 hoc
2525 982 2613 1035 est
2648 975 2765 1053 lex,
2791 973 2871 1034 ita
2902 974 3062 1037 enim
3112 974 3313 1036 dicere
3344 975 3603 1036 solemus
3634 974 3709 1036 de

2059 1061 2152 1122 his
2171 1081 2301 1142 quae
2322 1062 2560 1123 fortuito
2578 1062 2986 1136 obveniunt,et
3002 1062 3148 1124 citra
3162 1081 3402 1144 operam
3419 1069 3704 1138 nostram,

2059 1152 2219 1213 venit
2250 1164 2309 1212 ut
2345 1159 2580 1212 sanaret
2609 1151 2939 1231 hominem,
2986 1152 3089 1213 sed
3135 1151 3424 1214 Dominus
3457 1156 3518 1213 et
3546 1153 3708 1214 Deus

2056 1248 2283 1320 noster,
2316 1239 2415 1319 qui
2449 1236 2690 1319 propter
2722 1258 2833 1300 nos
2875 1240 3062 1302 factus
3093 1258 3179 1312 es;
3212 1239 3617 1318 maledictum,
3650 1246 3710 1300 et

2054 1337 2291 1390 vocatus
2323 1327 2749 1402 Samaritanus,
2787 1329 2896 1390 iter
2937 1328 3184 1404 faciens,
3238 1329 3352 1389 hoc
3390 1336 3501 1408 est,
3553 1328 3706 1389 hanc

2054 1416 2422 1495 potissimum
2451 1415 2788 1478 suiitineris
2811 1434 3051 1479 causam
3076 1435 3208 1478 esse
3234 1416 3526 1490 volens,et
3550 1416 3707 1477 hunc

2054 1523 2296 1585 scopum
2328 1504 2682 1586 observansg
2705 1515 2770 1567 ut
2800 1524 2908 1567 nos
2928 1514 3183 1586 sanaret,
3211 1524 3327 1567 non
3356 1504 3707 1585 praeteriens

2052 1602 2111 1655 et
2132 1593 2324 1655 obiter
2347 1612 2454 1655 nos
2485 1594 2724 1655 visitans
2746 1595 2908 1657 venit
2938 1594 3009 1655 ad
3038 1610 3170 1676 nos,
3201 1594 3306 1656 sed
3323 1602 3705 1656 conversatus

2049 1683 2383 1757 nobiscum,
2416 1692 2473 1745 et
2513 1685 2751 1746 locutus
2804 1703 2921 1745 non
2971 1692 3348 1765 apparenter,
3383 1684 3488 1745 sed
3540 1701 3701 1748 vere.

2050 1772 2308 1834 Proinde
2331 1773 2527 1833 statim
2552 1772 3234 1853 alligatvuluera,neque
3256 1773 3548 1853 permittit
3570 1791 3700 1834 ma—

519 1902 534 1934 ,
627 1858 714 1912 καὶ
800 1857 860 1913 ἐκ
942 1851 1232 1939 παρέργου
1283 1851 1707 1939 ἐπισκεψάμενος
1792 1866 1958 1939 ἡμᾶς,

2053 1861 2237 1922 litiam
2289 1861 2544 1941 amplius
2594 1851 2800 1943 lauari,
2836 1862 2942 1923 sed
2988 1851 3189 1939 alligat
3240 1851 3392 1923 eam.
3439 1860 3704 1922 Infundit

311 1939 475 2007 ἦλθεν
532 1945 604 2008 είς
663 1950 832 2021 ἡμᾶς,
893 1954 1330 2031 συναναστραφεὶς
1388 1955 1547 2029 ἡμῖν,
1607 1955 1695 2009 καὶ
1758 1951 1954 2029 ὁμιλήσ-

2045 1953 2242 2015 oleum
2266 1972 2333 2015 ac
2358 1939 2558 2014 vinum
2590 1972 2602 2015 :
2637 1939 2861 2028 oleum,
2896 1954 3009 2015 hoc
3052 1963 3139 2014 est
3184 1971 3522 2016 sermonem
3555 1953 3701 2015 doc-

310 2051 411 2093 σας
461 2031 833 2111 ἀφαντάστως,
898 2037 1197 2105 Κατέδησεν
1253 2041 1342 2097 οῦν
1375 2043 1517 2106 εὐθὺς
1565 2043 1631 2098 τὰ
1660 2043 1957 2121 τραύματα,

2046 2042 2345 2123 trinae,qui
2370 2061 2476 2122 per
2499 2043 2699 2103 suavia
2732 2060 2839 2104 nos
2882 2042 3229 2103 adhortatur
3257 2065 3271 2101 :
3310 2042 3506 2103 vinum
3535 2060 3701 2122 vero,

309 2119 390 2191 μὴ
446 2120 605 2184 ἐάσας
651 2125 751 2191 τὴν
803 2128 990 2183 κακίαν
1045 2126 1131 2184 ἐπὶ
1173 2127 1336 2186 πλέον
1378 2129 1561 2187 ἄνετον
1605 2119 1769 2206 εἶναι,
1824 2130 1960 2187 ἀλλά

2044 2119 2385 2193 sermonem
2412 2130 2511 2211 qui
2536 2148 2645 2210 per
2674 2131 3005 2193 austeriora
3031 2130 3260 2192 inducit
3289 2130 3367 2193 ad
3399 2119 3698 2193 virtutem.

307 2206 615 2279 καταδήσας
674 2212 863 2292 αὐτὴν,
937 2213 1164 2295 ἐπέχεεν
1231 2215 1286 2273 δὲ
1357 2217 1530 2276 ἔλαιον
1612 2222 1698 2277 καὶ
1756 2220 1905 2276 οἶνον
1939 2235 1953 2249 ’

2044 2219 2311 2300 Exempli
2335 2206 2552 2300 gratia,
2573 2219 2808 2299 quando
2830 2219 3001 2281 audis
3023 2218 3339 2280 Dominum
3358 2220 3656 2281 dicentem
3680 2247 3694 2288 ε

308 2296 487 2388 έλαιον
532 2301 634 2374 μὲν
684 2303 775 2357 τὸν
830 2302 990 2381 λόγον
1043 2310 1144 2372 τῆς
1193 2304 1552 2388 διδασκαλίας,
1596 2316 1687 2366 τὸν
1730 2306 1812 2365 διὰ
1854 2312 1958 2365 τῶν

2044 2296 2255 2371 Venite
2277 2296 2359 2369 adi
2380 2326 2497 2382 me,
2532 2296 2608 2369 eti
2636 2326 2743 2387 ego
2775 2307 3122 2370 refocillabo
3155 2327 3288 2368 vos:
3327 2309 3440 2370 hoc
3472 2311 3696 2384 oleum,

310 2386 523 2463 ἀγαθῶν
578 2392 1005 2470 προτρεπόμενον
1038 2413 1054 2430 ο
1120 2395 1270 2452 οἶνον
1300 2396 1378 2477 8‘5,
1414 2400 1506 2455 τὸν
1534 2386 1618 2454 διὰ
1659 2404 1765 2455 τῶν
1796 2396 1960 2479 φοϐε-

2044 2396 2405 2459 hilaritatem
2434 2396 2595 2458 enim
2630 2386 2691 2459 et
2724 2397 2988 2477 quietem
3020 2396 3300 2458 ostendit.
3338 2395 3412 2459 Et
3438 2404 3651 2460 uterum
3683 2415 3697 2458 :

314 2476 555 2555 ρωτέρων
612 2481 866 2559 ἐνάγοντα
924 2484 1055 2562 πρὸς
1114 2484 1327 2557 ἀρετήν.
1366 2476 1518 2545 ἀοῖον
1584 2488 1710 2545 ὅταν
1762 2476 1959 2564 ἀκούῃς

2046 2485 2587 2565 Venite,possidete
2610 2476 3002 2566 praeparatum
3029 2483 3191 2545 vobis
3212 2502 3482 2563 regnum.
3508 2483 3705 2558 Quan-

317 2570 419 2657 τοῦ*
461 2568 645 2644 Κυρίου
702 2567 951 2648 λέγοντος
987 2589 1000 2604 ·
1063 2579 1221 2629 Δεῦτε
1278 2576 1408 2652 πρὸς
1480 2577 1573 2657 μὲ²
1633 2577 1782 2653 κάγὼ
1831 2576 1966 2634 ἀνα-

318 2653 502 2745 παόσω
571 2657 732 2731 ὑμᾶς,
789 2666 942 2717 τοῦτο
989 2661 1049 2716 τὸ
1108 2659 1285 2718 ἔλαιον
1319 2682 1333 2697 ο
1389 2653 1681 2744 ἱλαρότητα
1730 2667 1830 2745 γὰρ
1878 2660 1967 2725 καὶ

312 2741 605 2800 ἀνάπαυσιν
634 2745 985 2811 ὑποδείκνυσι.
1043 2752 1141 2808 Καὶ
1184 2750 1345 2807 πάλιν
1382 2767 1396 2783 ⁶
1459 2741 1639 2829 Δεῦτε,
1698 2741 1967 2833 κληρονο-

312 2833 520 2903 μήσατε
574 2834 674 2901 τὴν
747 2838 1153 2915 ἡτοιμασμένην
1230 2842 1360 2916 ὑμῖν
1417 2842 1709 2919 βασιλείαν,
1788 2837 1965 2903 ’Ὅσαν

312 2918 366 2975 8‘5
425 2920 582 3000 λέγῃ,
617 2923 697 2981 ὅτι
730 2927 1014 3013 ῌορεύεσθε
1055 2930 1130 2994 είς
1184 2932 1247 2987 τὸ
1302 2918 1515 3013 σκότος,
1550 2943 1704 2992 τοῦτο
1736 2936 1763 2991 ‘0
1794 2940 1962 3011 οἶνος,

308 3013 342 3079 ἡ
403 3013 666 3081 στυπτικὴ
724 3012 1056 3080 διδασκαλία.
1121 3020 1344 3089 Νοήσεις
1398 3019 1445 3076 δ’
1502 3020 1565 3078 ἂν
1595 3025 1683 3080 καὶ
1735 3022 1911 3088 ἄλλως
1943 3044 1955 3058 ’

2051 2574 2127 2636 do
2156 2581 2355 2636 autem
2391 2573 2534 2635 dicit
2569 2591 2582 2635 :
2628 2572 2715 2635 Ite
2744 2574 2806 2635 in
2838 2572 3116 2636 tenebras
3145 2595 3159 2630 :
3213 2574 3413 2635 vinum
3447 2582 3557 2654 est,
3590 2575 3704 2635 hoc

2052 2671 2140 2725 est
2167 2663 2460 2725 austerior
2489 2662 2762 2723 doctrina
2790 2683 2804 2723 :
2842 2662 3185 2742 Intelligere
3216 2680 3385 2743 pates
3414 2671 3473 2725 et
3501 2663 3698 2726 aliter.

2051 2751 2263 2816 Oleum
2288 2753 2607 2814 humanam
2636 2752 2929 2830 signiﬁcat
2959 2751 3699 2827 conversationem,vinum

2051 2840 2406 2915 divinam,ut
2427 2841 2545 2903 tale
2565 2840 2705 2921 quid
2730 2841 2922 2902 dicam
2950 2862 2962 2904 :
2992 2840 3280 2902 Dominus
3311 2839 3424 2901 alia
3442 2840 3705 2902 humano

2051 2947 2219 2991 more
2241 2928 2750 3010 operabatur,atia
2763 2937 2958 2991 autem
2987 2926 3551 2989 divino.llumanum
3578 2935 3707 2990 erat

2044 3017 2363 3082 comedere
2393 3026 2452 3079 et
2485 3017 2714 3093 bibere,
2755 3028 2813 3080 et
2843 3018 3017 3079 vitam
3049 3017 3331 3079 laxiorem
3367 3020 3607 3098 sectari,
3642 3025 3702 3081 et

305 3097 483 3155 ἔλαιον
569 3103 666 3170 τὴν
750 3104 887 3161 κατὰ
970 3105 1243 3186 ἄνθρωπον
1299 3107 1591 3189 διαγωγὴν,
1652 3113 1802 3170 οἶνον
1859 3116 1958 3183 τὴν

2044 3125 2163 3168 non
2194 3105 2601 3170 austeritatem
2634 3124 2755 3185 prae
2786 3125 2850 3169 se
2884 3107 3066 3181 ferre,
3104 3104 3449 3169 utJoannes
3476 3128 3489 3163 :
3524 3097 3702 3188 atque

309 3188 443 3280 κατά
497 3190 650 3280 θεὸν,
686 3192 805 3248 οἷόν
834 3216 884 3249 τι
917 3193 1060 3274 λέγω
1094 3216 1106 3229 ·
1164 3188 1220 3255 Ὀ
1276 3188 1485 3276 Κύριος
1513 3201 1579 3259 τὰ
1631 3202 1729 3277 μὲν
1758 3202 1960 3280 ἀνθρω-

2047 3196 2160 3258 hoc
2180 3196 2357 3259 fuerit
2377 3196 2571 3259 oleum
2589 3196 2911 3276 .Jejunium
2930 3215 3068 3259 vero
3096 3194 3458 3273 mirabile,et
3477 3194 3695 3257 ambu-

314 3274 460 3370 πίνος
511 3279 743 3370 ἐνήργει,
803 3284 869 3338 τὰ
926 3282 1003 3363 δὲ,
1073 3288 1293 3351 θεϊκῶς.
1354 3274 1430 3345 -Τὸ
1488 3274 1725 3370 μὲνγὰρ
1776 3274 1960 3348 ἐσθίειν

2046 3284 2187 3346 latio
2216 3284 2278 3346 in
2302 3286 2473 3361 mari,
2514 3294 2571 3347 et
2593 3274 2722 3346 aliis
2744 3285 2958 3346 divinae
2985 3285 3260 3359 virtutes,
3295 3286 3498 3346 vinum
3533 3294 3695 3347 sunt.

316 3366 406 3419 καὶ
462 3366 652 3443 πίνειν,
709 3372 795 3427 καὶ
852 3374 941 3428 τὸν
997 3372 1180 3431 ἄνετον
1232 3377 1343 3452 βίον
1414 3366 1780 3455 μεταδιώκειν,
1841 3379 1960 3437 ἀλλ’

2047 3373 2201 3436 Vino
2245 3374 2405 3437 enim
2437 3374 2761 3437 assimilata
2806 3382 2897 3436 est
2932 3374 3147 3448 deitas,
3182 3393 3357 3455 quam
3400 3392 3697 3436 meracam

318 3453 893 3551 oblini-clnpzymyizv
936 3460 1303 3551 ἐνδείκνυσθαι,
1363 3465 1541 3545 ὥσπερ
1598 3470 1626 3525 6
1684 3453 1959 3551 Ἰωάννης,

2045 3463 2342 3525 sustinere
2393 3483 2463 3527 ac
2510 3464 2666 3525 ferre
2713 3463 2912 3524 nullus
2963 3453 3340 3543 posset,‘nisi
3391 3472 3451 3524 et
3504 3463 3699 3524 oleum

314 3545 470 3599 τοῦτό
520 3544 630 3602 ἐστι
688 3549 749 3604 τὸ
805 3548 1005 3612 ἔλαιον.
1070 3543 1133 3608 Ἠ
1192 3550 1245 3609 δὲ
1302 3552 1423 3623 ξένη
1479 3543 1694 3623 νηστεία
1722 3560 1865 3616 καὶὸ
1909 3543 1962 3617 ἐν

311 3630 551 3711 θαλάσσῃ
608 3639 923 3716 περίπατος,
970 3643 1058 3697 καὶ
1109 3642 1207 3699 ὅσα
1248 3641 1384 3702 ἅῖλα
1450 3651 1548 3713 τῆς
1605 3647 1745 3711 θείας
1801 3646 1951 3706 δυνά-

311 3744 481 3794 μεως,
539 3729 703 3783 ταῦτά
749 3728 889 3786 ἐστιν
934 3732 963 3787 6
1006 3732 1180 3795 οἶνος,
1227 3732 1372 3809 Οῗνῳ
1439 3736 1538 3814 γὰρ
1611 3736 1961 3793 ἀπεικαστέον

308 3810 408 3876 την
452 3813 702 3891 θεότητα,
749 3818 817 3886 ἢν
861 3818 1088 3888 ἄκρατον
1144 3810 1463 3901 ὑπενεγκεῖν
1512 3810 1683 3888 οὐδεὶς
1714 3826 1777 3881 ἅν
1831 3824 1959 3895 ἠδυ-

306 3901 464 3973 νήθη,
502 3905 546 3959 εἶ
588 3907 666 3980 μὴ
698 3910 875 3965 καὶτὸ
906 3908 1084 3968 ἔλαιον
1150 3914 1243 3984 ἦν,
1297 3913 1563 3971 τουτέστιν
1613 3916 1648 3982 ἡ
1694 3916 1829 3971 κατὰ
1862 3915 1960 3971 ἄν-

303 3990 517 4083 θρωπον
572 3991 837 4076 διαγωγή.
900 3998 1047 4056 Ἐπεὶ
1131 4011 1218 4060 οῦν
1295 4000 1364 4057 δι’
1450 4002 1761 4083 ἀμφοτέρων
1818 4006 1961 4079 ἡμᾶς

306 4076 498 4175 ἔσωσε,
544 4086 790 4175 θεότητός
835 4111 975 4168 φημι
1034 4090 1129 4147 καὶ
1182 4076 1611 4171 ἀνθρωπότητος,
1658 4076 1758 4149 ’διὰ
1808 4076 1961 4150 τουτο

308 4166 522 4259 λέγεται
566 4173 715 4231 οἶνον
773 4166 862 4234 καί
905 4176 1084 4235 ἔλαιον
1128 4166 1372 4259 ἐπιχέαι.
1424 4166 1686 4242 Καὶ,καθ’
1730 4182 1959 4249 ἑκάστην

310 4254 366 4311 δὲ
426 4260 474 4314 οἱ
543 4263 942 4341 βαπτιζόμενοι,
1037 4274 1144 4324 τῶν
1213 4270 1524 4347 τραυμάτων
1582 4275 1678 4336 τῆς
1773 4275 1957 4350 ψυχῆς

312 4346 763 4440 ἀπαλλάττονται,
844 4355 1005 4431 ἐλαὶῳ
1074 4358 1170 4432 μὲν
1250 4346 1351 4414 τοῦ
1420 4360 1580 4438 μύρου
1652 4346 1951 4440 χριόμενοι,

2043 3552 2301 3627 adesset,
2337 3553 2448 3615 hoc
2478 3562 2567 3616 est
2594 3552 2913 3616 humanior
2938 3554 3331 3614 conservatio.
3350 3553 3422 3614 Et
3448 3553 3703 3632 proinde

2044 3641 2183 3722 quia
2214 3662 2319 3723 per
2341 3652 2589 3725 utraque
2614 3661 2723 3704 nos
2747 3642 3025 3715 servavit,
3052 3640 3421 3702 divinitatem
3458 3641 3699 3722 inquam

2046 3740 2102 3793 et
2134 3732 2561 3795 humanitatem
2599 3753 2613 3793 :
2652 3740 2974 3813 propterea
3002 3730 3149 3791 dicit
3180 3730 3381 3793 vinum
3415 3737 3472 3792 et
3500 3730 3700 3794 oleum

2044 3817 2179 3880 551
2211 3819 2521 3882 iut‘udisse.
2560 3820 2631 3882 Et
2660 3821 2925 3901 quotidie
2967 3819 3067 3900 qui
3125 3818 3496 3899 baptizantur
3542 3818 3700 3881 libe-

2044 3916 2253 3971 rantur
2284 3927 2317 3969 a
2340 3910 2685 3971 vulneribus
2716 3910 2952 3983 animae,
2986 3908 3120 3970 oleo
3151 3908 3391 3988 quidem
3416 3910 3703 3987 unguenti

2044 4000 2247 4062 uncti:
2286 3998 2481 4059 statim
2514 4007 2710 4061 autem
2742 3997 3254 4060 communicantes
3280 4007 3341 4060 et
3363 3997 3545 4058 divini
3569 4015 3701 4059 san-

2043 4087 2239 4168 guinis
2277 4088 2591 4168 participes
2634 4088 2803 4149 ﬁunt.
2856 4090 3041 4149 Porro
3079 4086 3371 4150 Dominus
3417 4087 3701 4167 imposuit

2043 4176 2302 4238 sauciam
2334 4182 2597 4240 nostram
2633 4185 2904 4237 naturam
2936 4194 3117 4257 super
3136 4176 3443 4255 proprium
3461 4176 3701 4254 jumen-

2041 4274 2189 4338 tum,
2226 4266 2336 4325 hoc
2367 4272 2479 4340 est,
2515 4282 2699 4344 super
2727 4282 2941 4342 corpus
2993 4282 3190 4327 suum.
3224 4263 3492 4327 Membra
3539 4265 3695 4326 enim

2040 4372 2147 4415 sua
2175 4371 2284 4415 nos
2334 4352 2474 4414 fecit
2524 4364 2582 4413 et
2629 4352 2947 4432 participes
2973 4352 3064 4413 sui
3116 4353 3420 4433 corporis:
3469 4370 3696 4432 nosque

309 4439 455 4502 εὗθῦς
510 4438 563 4495 δὲ
635 4452 1032 4521 κοινωνοῦντες,
1070 4448 1157 4503 καὶ
1200 4453 1294 4504 τοῦ
1335 4448 1469 4505 θείου
1526 4438 1755 4522 α”ματος
1800 4470 1957 4524 μετα-

2044 4442 2244 4503 inﬁmo
2278 4443 2402 4503 loco
2435 4440 2582 4503 sitos
2615 4440 2810 4519 posuit
2842 4442 2901 4501 in
2934 4440 3291 4518 dignitatem
3323 4441 3507 4516 illam,
3539 4449 3605 4501 ut
3634 4456 3696 4508 et

307 4526 685 4601 λαμϐάνοντες.
749 4532 1054 4591 Ἀνεϐίϐασε
1108 4533 1166 4590 δὲ
1236 4539 1263 4592 6
1335 4538 1515 4608 Κύριος
1559 4540 1654 4605 τὴν
1711 4560 1935 4618 τραυμα-

303 4621 575 4675 τισθεϊσαν
631 4623 788 4697 ἡμῶν
844 4624 995 4702 φόσιν
1054 4625 1138 4682 ἐπὶ
1181 4627 1242 4681 1‘0
1286 4624 1423 4681 ἴδιον
1492 4628 1791 4706 ὑποζύγιον,
1825 4650 1951 4684 του-

303 4709 505 4782 τέστιν,
561 4711 646 4768 ἐπὶ
715 4715 777 4769 1‘0
825 4721 981 4789 σῶμα
1037 4720 1193 4774 αὐτοῦ
1228 4731 1242 4746 ⁶
1302 4714 1441 4791 μέλη
1486 4717 1585 4795 γὰρ
1625 4716 1782 4773 αὐτοῦ
1812 4719 1954 4793 ἡμᾶς

304 4798 550 4871 ἐποίησε,
608 4803 695 4858 καὶ
754 4804 1037 4868 κοινωνοὺς
1079 4814 1169 4863 τοῦ
1230 4806 1477 4881 σώματος
1510 4806 1690 4887 αὒτσιῦ,
1722 4806 1869 4865 κάτω
1897 4829 1954 4864 τε

304 4888 580 4963 κειμένους
646 4889 952 4950 ἀνεϐίϐασεν
1025 4896 1112 4951 ἐπὶ
1168 4896 1265 4963 τὴν
1321 4893 1467 4960 ἀξίαν
1524 4895 1752 4968 ἐκείνην,
1813 4896 1951 4953 ὥστε

306 4977 619 5052 συσσώμους
676 4983 815 5056 αὑτῷ
845 4982 1010 5042 εἶναι.
1072 4982 1405 5063 Πανδοχετον
1434 4982 1489 5039 δὲ
1548 4985 1582 5051 ἡ
1635 4982 1947 5061 Ἐκκλησία,

314 5068 342 5133 ἦ
404 5066 572 5122 πάντα
626 5068 996 5151 ὑποδεχομένη
1033 5094 1046 5108 ·
1083 5076 1110 5129 6
1142 5072 1253 5149 μὶν,
1294 5073 1394 5151 γὰρ
1438 5072 1623 5154 νόμος,
1668 5074 1725 5127 οὒ
1756 5074 1953 5140 πάντας

305 5154 545 5235 ἐδέχετο,
605 5159 885 5228 Μωαϐίτης
927 5164 1050 5242 γὰρ,
1116 5163 1266 5243 quo},
1327 5162 1412 5218 καὶ
1471 5161 1802 5236 Ἀμμανίτης
1860 5164 1953 5219 οὒκ

305 5245 654 5306 εἰσελεύσεται
704 5252 778 5312 εἷς
849 5249 1171 5318 Ἐκκλησίαν
1227 5257 1381 5312 Θεοῦ.
1450 5256 1552 5308 Νῦν
1608 5247 1662 5305 δὲ
1711 5252 1765 5306 ἐν
1796 5253 1952 5308 παντὶ

304 5334 434 5392 ἔθνει
492 5339 520 5393 6
573 5336 897 5417 φοϐούμενος
947 5340 1037 5395 τὸν
1083 5342 1211 5396 Θεὸν
1254 5338 1436 5401 δεκτὸς
1494 5339 1635 5417 αὐτῷ
1664 5337 1795 5413 ἐστι,
1856 5341 1946 5397 θέ-

298 5422 406 5480 λων
464 5416 764 5509 πιστεῦσαι,
820 5431 907 5485 καὶ
960 5428 1120 5509 μέρος
1174 5428 1415 5507 γενέσθαι
1467 5426 1564 5495 τῆς
1605 5416 1943 5495 Ἐκκλησίας,

2037 4532 2310 4610 ejusdem
2332 4531 2817 4611 corporissimus.
2839 4530 3239 4592 Diversorium
3265 4539 3460 4592 autem
3476 4528 3693 4592 Eccle-

2037 4621 2125 4682 sia
2146 4614 2255 4694 est,
2291 4639 2422 4701 quae
2448 4638 2656 4682 omnes
2686 4620 2975 4701 suscipit;
3017 4621 3108 4681 lex
3140 4620 3298 4682 enim
3334 4638 3453 4681 non
3486 4638 3695 4683 omnes

2037 4709 2419 4788 suscipiebat.
2450 4707 2703 4769 Moabita
2721 4708 2906 4782 enim,
2934 4708 3095 4785 dicit,
3130 4718 3189 4771 et
3215 4709 3555 4771 Ammonita
3574 4727 3692 4772 non

2036 4797 2341 4861 intrabunt
2375 4798 2432 4859 in
2465 4796 2791 4859 Ecclesiam
2828 4798 2960 4862 Dei.
2994 4798 3163 4860 Nunc
3206 4809 3403 4861 autem
3437 4798 3497 4860 in
3529 4799 3693 4861 omni

2032 4896 2205 4969 gente
2226 4887 2327 4968 qui
2346 4887 2515 4948 timet
2556 4890 2763 4959 Deum,
2791 4895 3074 4969 acceptus
3104 4896 3193 4949 est
3224 4889 3305 4965 ei,
3340 4888 3516 4949 modo
3550 4888 3692 4949 velit

2032 4977 2283 5039 credere
2314 4984 2371 5037 et
2392 4994 2526 5057 pars
2551 4976 2682 5038 ﬁeri
2705 4975 3148 5058 Ecclesiaequa:
3169 4996 3378 5039 omnes
3406 4985 3690 5058 peccato-

2032 5086 2130 5130 res
2148 5074 2205 5129 et
2226 5066 2574 5147 publicanos
2596 5066 3031 5148 suscipit.Vide
3056 5068 3198 5130 item
3214 5078 3271 5130 et
3294 5067 3661 5147 diligentiam
3676 5117 3691 5143 ,

2034 5156 2331 5238 quomodo
2353 5156 2604 5230 ducens,
2638 5158 2854 5238 inquit,
2892 5157 2954 5218 in
3006 5157 3430 5238 diversorium,
3485 5174 3687 5218 curam

2034 5246 2163 5326 ejus
2186 5244 2393 5324 egerit.
2414 5244 2559 5307 Nam
2591 5247 2753 5326 prius
2786 5266 2959 5327 quam
2986 5246 3043 5307 in
3069 5248 3183 5309 hoc
3207 5248 3475 5325 duceret,
3501 5246 3692 5308 soluta

2032 5333 2296 5411 alligavit
2322 5333 2584 5399 vulnera.
2614 5334 2762 5408 Quid
2792 5335 2973 5415 igitur
3004 5344 3093 5397 est
3139 5336 3294 5417 quod
3327 5334 3510 5399 dico?
3542 5334 3692 5406 Quia

2030 5441 2167 5486 cum
2198 5421 2514 5485 constituta
2538 5432 2628 5487 est
2644 5424 2933 5505 Ecclesia,
2958 5434 3016 5487 et
3038 5425 3260 5487 factum
3294 5434 3384 5488 est
3416 5424 3688 5485 diverso-

298 5515 505 5598 Πάντας
559 5517 659 5595 γὰρ
708 5516 1054 5598 ὑποδέχεται,
1111 5519 1199 5574 καὶ
1254 5516 1601 5596 ἁμαρτωλοὺς
1658 5518 1746 5572 καὶ
1776 5516 1945 5575 τελω-

2044 5513 2328 5588 rium,hoc
2352 5520 2542 5587 est,ex
2562 5514 2841 5577 omnibus
2863 5514 3340 5595 t'ermegentibus
3354 5515 3471 5577 ﬁde
3491 5522 3684 5595 aucta,

294 5625 407 5668 νας.
473 5594 641 5682 ’Ὁραί
678 5604 733 5662 δέ
786 5594 912 5675 τὴν*
946 5604 1234 5686 ἀκρίϐειαν,
1295 5594 1411 5669 πῶς
1468 5626 1653 5685 φησιν,
1701 5604 1781 5662 ὅτι
1813 5607 1946 5665 ἀπα-

298 5695 481 5774 γαγὼν
541 5695 614 5758 είς
671 5696 732 5752 τὸ
788 5695 1141 5778 πανδοχεῖον,
1204 5694 1511 5773 ἐπεμελήθη
1570 5696 1726 5753 αὑτοῦ
1756 5712 1771 5728 ⁸
1829 5700 1947 5776 πρὶν

2028 5613 2170 5667 tunc
2191 5604 2430 5666 fuerunt
2451 5613 2511 5667 et
2532 5606 2788 5687 Spiritus
2815 5609 3000 5669 sancti
3034 5610 3216 5683 dona,
3240 5617 3301 5671 et
3333 5607 3577 5669 dilatata
3599 5625 3692 5685 es;

2029 5695 2220 5775 gratia
2240 5692 2345 5755 Dei
2373 5710 2386 5755 :
2421 5693 2480 5756 id
2514 5696 2671 5776 quod
2722 5714 2789 5758 ex
2836 5697 2999 5761 Actis
3029 5697 3432 5779 apostolorum
3465 5696 3684 5772 disces;
