4132 6278
365 331 498 396 853

1122 331 1565 416 ENARRATIO
1611 331 1690 392 IN
1740 323 2248 391 EVANGELIUM
2293 321 2532 386 LUCzE.
2581 358 2657 368 —
2698 321 2862 388 CAP.
2914 328 3018 388 XI.

3639 323 3756 387 854

347 468 696 531 ἀποστόλους
741 471 769 525 ὸ
834 470 1046 547 Κύριος,
1086 467 1178 523 ἵνα
1221 466 1346 523 ὅταν
1400 465 1698 523 εἰσέλθωσιν
1746 467 1820 528 είς
1850 463 1998 522 οἰκίαι

2099 456 2412 547 nihilplus
2440 466 2774 539 quaerentes
2802 477 2978 540 quam
3013 466 3072 520 ut
3095 459 3404 547 attendant
3431 458 3742 520 doctrinm.

343 559 525 621 τινὸς,
578 555 744 632 μηδὲν
798 557 1037 613 ποικίλον
1105 561 1358 628 ζητῶσιν,
1442 552 1562 611 ἀλλ’
1632 554 1892 634 ἆρκῶνται
1949 559 2018 629 τῇ

346 644 489 724 λιτῇ
543 645 813 725 ὑποδοχῇ,
849 643 1016 721 μηδὲν
1047 643 1207 701 πλέον
1263 647 1569 718 ζητοῦντες,
1624 645 1660 712 ἢ
1706 645 1767 700 τὸ
1816 643 2015 722 προσέ-

350 758 489 816 χειν
546 736 615 804 τῆ
671 733 978 808 διδασκαλίᾳ
1012 753 1024 766 ⁸
1083 735 1190 790 νόει
1235 733 1463 813 δέκμοι,
1515 734 1727 812 Μάρθαν
1783 733 1881 816 μὲν
1919 732 2014 800 τὴν

354 813 668 902 στρλκτικὴν
725 825 942 904 ἀρετὴν,
993 824 1195 901 Μαρίαν
1256 820 1311 879 δὲ
1365 824 1465 890 τὴν
1520 824 1760 901 θεωρίαν,
1797 813 1860 878 Ἠ
1918 821 2016 896 μὲν

355 913 459 969 οὖν
516 915 782 991 πρακτική
841 913 1242 991 περισπασμοὺς
1320 910 1436 992 ἔχει
1488 914 1576 969 καὶ
1630 910 1912 991 ὀχλήσεις,
1980 913 2015 978 ἡ

355 1000 422 1056 δὲ
471 1003 684 1082 θεωρία,
744 1002 892 1080 κυρία
950 1002 1211 1080 γενομένη
1263 1006 1370 1056 τῶν
1414 1001 1593 1058 παθῶν
1625 1016 1640 1032 ⁶
1673 1000 1843 1078 Μαρία
1892 1001 2013 1082 γὰρ3

352 1093 538 1171 κυρία,
585 1091 930 1167 ἑρμηνεύεται
964 1106 978 1121 ⁸
1041 1093 1112 1156 εἷς
1186 1091 1286 1154 τὴν
1340 1095 1447 1148 τῶν
1483 1091 1655 1161 ,θείων
1707 1088 1883 1162 λόγωι
1929 1076 2018 1144 καὶ

351 1186 472 1236 τῶν
514 1181 785 1256 χριμάτων
817 1179 1025 1255 ἐποψίιν
1077 1178 1458 1259 ἐνασχολεϊται
1518 1179 1709 1250 μόνην.
1773 1179 2013 1258 Πρόσχες

347 1266 416 1322 δὲ
469 1270 557 1324 καὶ
614 1270 699 1348 τὸ,
759 1270 1168 1346 Πιρακαθίσασα
1223 1269 1364 1346 παρὰ
1429 1268 1550 1331 τοὺς
1607 1265 1771 1331 πόδας
1831 1267 2006 1342 αὑτοῦ,

353 1355 521 1422 Ξλκουε
577 1364 684 1414 τῶν
741 1356 917 1435 λόγων
961 1361 1142 1416 αὖτοῦ.
1198 1360 1258 1414 Οἱ
1309 1356 1407 1432 μὲν
1467 1357 1565 1434 γὰρ
1607 1353 1766 1419 πόδες
1800 1369 2012 1413 νοοϊντο

348 1443 426 1500 ἂν
482 1449 554 1510 είς
614 1446 711 1513 τὴν
771 1444 1070 1525 πρακτικὴν
1139 1444 1356 1520 ἀρετήν.
1424 1442 1699 1514 Κινήσεως
1766 1445 1865 1525 γὲιρ
1921 1446 2009 1502 καὶ

349 1536 574 1612 πορείας
634 1537 761 1591 εἱσὶν
820 1532 1150 1614 ἐνδεικτικοί.
1197 1537 1269 1592 Τὸ
1325 1533 1379 1590 δὲ
1411 1535 1640 1607 καθίσαι,
1677 1539 1775 1601 τῆς
1834 1531 2012 1614 ἑδραι-

351 1624 556 1690 ότητος
601 1621 887 1698 σύμϐολον.
930 1613 1125 1687 υΟστις
1172 1623 1258 1678 οὖν
1288 1623 1485 1679 καθίσει
1535 1623 1675 1702 παρὰ
1731 1622 1850 1686 τοὺς
1903 1622 2010 1679 πό-

353 1711 455 1774 δας
513 1720 604 1771 τοῦ
663 1712 868 1793 Ἰησοῦ,
951 1712 1241 1784 τουτέστιν,
1326 1711 1468 1778 ὅστις
1519 1709 1780 1790 έδραιωθῇ
1835 1711 1888 1768 ἐν
1944 1717 2012 1788 τῇ

354 1807 652 1883 πρακτικῇ,
707 1805 792 1858 καὶ
844 1803 940 1870 τὴν
999 1811 1092 1860 τοῦ
1156 1800 1334 1869 Ἰησοῦ
1389 1801 1604 1880 πορείαν
1659 1801 1746 1856 καὶ
1804 1799 2007 1879 διαγω-

352 1899 463 1966 γην
514 1892 888 1966 μιμησάμενος
948 1889 1001 1946 ἐν
1059 1891 1225 1966 ταύτῃ
1279 1892 1568 1968 στερεωθῇ,
1616 1890 1822 1953 ἒκετνος
1873 1889 2008 1963 μετὰ

348 1982 522 2035 ταῦτα
552 1980 731 2058 φθάνει
778 1982 850 2044 εἰς
880 1981 976 2048 τὴν
1026 1980 1192 2048 ἀκοὴν
1221 1986 1328 2036 τῶν
1371 1978 1522 2035 θείων
1569 1980 1783 2056 λογίων,
1845 1978 2006 2056 ἤγουν

347 2068 454 2134 τὴν
509 2068 749 2147 θεωρίαν,
809 2068 958 2127 Ἐπεὶ
1016 2071 1105 2126 καὶ
1161 2071 1196 2136 ἡ
1247 2068 1419 2146 Μαρία
1475 2073 1681 2146 πρῶτον
1726 2068 2001 2140 καθίσασα,

346 2153 459 2212 εἷθ’
521 2155 686 2221 οὕτως
721 2156 882 2224 iiwa
912 2164 1017 2215 τῶν
1062 2156 1258 2235 λόγων.
1293 2157 1366 2212 Σὺ
1421 2157 1618 2235 τοίνυν,
1650 2157 1693 2211 εἷ
1722 2155 1819 2230 μὲν
1845 2153 2001 2212 δύνα-

345 2268 466 2324 σαι,
525 2247 598 2309 εἷς
641 2247 740 2315 τὴν
781 2249 881 2313 τῆς
926 2247 1127 2325 Μαρίας
1186 2242 1327 2310 τάξιν
1383 2241 1636 2317 ἀνάϐηθι⁹
1674 2245 1821 2323 κυρία
1850 2265 2004 2321 γενο-

349 2334 491 2407 μένη
549 2341 656 2392 τῶν
727 2338 932 2416 παθῶν,
982 2337 1070 2392 καὶ
1130 2336 1202 2397 εἷς
1245 2335 1463 2413 θεωρίαν
1521 2334 1782 2412 φθάσασα.
1839 2335 1896 2390 El
1950 2331 2004 2388 δὲ

352 2424 434 2498 μὴ
489 2424 641 2484 τοῦτό
698 2447 780 2480 σοι
852 2423 1090 2504 δυνατὸν,
1139 2423 1318 2502 Μάρθα
1379 2429 1554 2499 γενοῦ,
1611 2429 1689 2497 τῷ
1732 2427 2006 2500 πρακτικῷ

353 2513 505 2592 μέρει
559 2512 946 2595 προσκειμένη,
990 2514 1079 2570 καὶ
1140 2509 1225 2568 διὰ
1284 2512 1472 2569 τούτου
1532 2511 1756 2588 Χριστὸν
1815 2507 2006 2566 ὅποδε-

353 2602 596 2680 χομένη.
663 2592 828 2682 ιὈρα,
863 2592 1034 2658 δὲκαὶ
1076 2603 1161 2674 τὸ,
1200 2622 1228 2662 (
1262 2600 1382 2669 ἥτις
1442 2605 1535 2661 οὐκ
1595 2601 2004 2682 άςιαιρεθήσεται

358 2687 452 2746 ἀπ’
497 2691 684 2759 αὐτῆς.
723 2681 752 2748 »ν
817 2681 874 2749 Ὀ
930 2691 1026 2768 μὲν
1071 2692 1169 2771 γὰρ
1227 2692 1514 2772 πρακτικὸς
1570 2681 1690 2768 ἔχει
1719 2691 1746 2741 ὃ
1795 2689 2007 2769 ἀφαιρε-

350 2781 571 2848 θήσεται
627 2777 720 2836 ἀπ’
779 2781 961 2861 αὑτοῦ,
993 2779 1284 2857 τουτέστιν,
1318 2778 1444 2834 αῦτὸ
1487 2788 1639 2837 τοῦτο
1681 2778 1779 2846 τὴν
1823 2779 2001 2858 ἀσχο-

345 2867 488 2942 λίαν,
568 2872 656 2925 καὶ
707 2871 796 2927 τὸν
867 2869 1235 2944 περισπασμόν
1268 2885 1283 2898 ⁶
1361 2865 1673 2945 προκόπτων
1734 2868 1832 2946 γὰρ
1915 2869 2003 2924 καὶ

347 2957 553 3036 φθάνων
604 2960 677 3019 εἰς
719 2958 964 3037 θεωρίαν,
1024 2957 1115 3014 τοῦ
1169 2963 1541 3036 περισπασμοῦ
1597 2957 1686 3012 καὶ
1714 2961 1812 3023 τῆς
1870 2956 1996 3035 τύρ-

349 3043 450 3126 6ης
506 3045 860 3126 ελευθεροῦται
897 3065 911 3080 ·

352 3125 410 3191 Ὀ
467 3133 521 3190 δὲ
574 3125 895 3215 θεωρητικὸς
971 3136 1030 3194 οὗ
1106 3125 1374 3215 στερεϊταί
1440 3155 1569 3191 ποτε
1636 3139 1736 3200 τῆς
1795 3133 1998 3211 ἀγαθῆς

2100 545 2373 625 lntellige
2403 566 2638 628 quoque
2660 565 2768 628 per
2781 547 3063 610 Martham
3093 546 3366 610 virtutem
3391 547 3735 629 practicam,

2101 651 2208 714 per
2234 635 2498 708 Mariam,
2533 636 3117 718 contemplationem.
3145 638 3412 700 Practice
3444 637 3602 700 enim
3629 635 3748 697 dis-

2098 723 2417 786 tractiones
2441 731 2498 786 et
2545 724 2915 787 turhationes
2949 726 3061 787 fert
3104 747 3115 787 :
3165 727 3580 807 contemplatio
3611 743 3749 786 vero

2099 809 2343 874 domina
2373 812 2435 874 fit
2466 814 2876 877 affectionum.
2900 815 3080 876 Maria
3102 815 3262 876 enim
3295 815 3534 876 domina
3565 815 3749 874 inter-

2099 907 2386 981 pretatur,
2410 920 2478 962 ac
2502 900 2562 962 in
2588 903 2713 964 sola
2745 903 3078 964 divinorum
3113 903 3484 984 eloquiorum
3508 912 3566 964 et
3576 902 3599 983 j
3611 902 3743 964 udi-

2099 989 2326 1050 ciorum
2358 990 2860 1071 contemplatione
2884 1000 3167 1073 occupata
3190 1001 3300 1055 est.
3326 992 3746 1054 Animadverte

2098 1087 2294 1138 autem
2329 1087 2386 1141 et
2417 1081 2551 1155 hoc,
2586 1079 2743 1160 quod
2792 1081 3011 1142 assidet
3046 1082 3213 1160 juxta
3253 1082 3432 1162 pedes
3480 1081 3648 1162 Jesu,
3687 1089 3746 1142 et

2099 1167 2261 1228 audit
2291 1185 2597 1228 sermones
2621 1169 2770 1248 ejus.
2800 1168 3034 1231 Etenim
3069 1187 3174 1249 per
3202 1170 3386 1248 pedes
3411 1170 3747 1250 intelligunt

2092 1256 2366 1316 virtutem
2420 1257 2779 1337 practicam;
2841 1266 3063 1319 motum
3115 1259 3271 1318 enim
3335 1267 3392 1319 et
3440 1259 3740 1320 incessum

2093 1343 2434 1406 ostendunt.
2472 1345 2650 1406 Porro
2685 1345 2894 1422 sessio,
2931 1346 3224 1408 ﬁrmitatis
3255 1347 3588 1428 symbolum
3627 1354 3739 1412 est.

2093 1429 2370 1512 Quisquis
2399 1433 2580 1511 igitur
2605 1433 2831 1497 sederit
2853 1435 3020 1514 juxta
3044 1434 3225 1514 pedes
3245 1436 3406 1510 .Iesu,
3442 1443 3500 1497 et
3527 1435 3743 1496 conﬁr-

2094 1530 2285 1582 matus
2309 1522 2487 1584 fuerit
2517 1523 2576 1583 in
2617 1523 2892 1604 practica,
2925 1542 2992 1585 ac
3014 1523 3279 1584 imitatur
3305 1525 3484 1587 vitam
3516 1530 3572 1587 et
3603 1544 3742 1585 con-

2091 1611 2490 1674 versationem
2530 1611 2695 1693 Jesu,
2731 1613 2834 1674 ille
2886 1621 3088 1692 postea
3138 1613 3294 1675 venit
3345 1615 3420 1675 ad
3472 1613 3736 1675 auditum

2093 1697 2424 1761 divinorum
2448 1719 2815 1774 sermonum,
2841 1700 3113 1764 videlicet
3145 1702 3732 1782 contemplationem:

2031 1785 2071 1835 Β
2093 1787 2230 1868 quia
2261 1797 2318 1848 et
2347 1787 2525 1850 Maria
2553 1790 2811 1872 primum
2842 1790 3032 1865 sedet,
3066 1789 3284 1853 deinde
3315 1790 3478 1852 audit
3499 1808 3735 1851 sermo-

2092 1894 2218 1938 nes.
2248 1875 2336 1938 Tu
2368 1877 2545 1957 igitur
2573 1878 2623 1940 si
2649 1879 2885 1961 quidem
2922 1887 3110 1959 potes,
3133 1881 3192 1940 in
3219 1879 3491 1942 ordinem
3536 1880 3736 1943 Mariae

2089 1966 2370 2047 ascende,
2397 1975 2453 2028 et
2472 1967 2577 2029 ﬁas
2608 1967 2852 2029 domina
2873 1967 3275 2043 affectionem,
3303 1975 3359 2030 et
3380 1968 3451 2029 ad
3471 1976 3736 2030 contem-

2089 2054 2410 2133 plationem
2434 2058 2700 2121 veniens.
2733 2059 2810 2119 At
2841 2058 2888 2118 si
2921 2057 3032 2118 hoc
3058 2055 3164 2118 tibi
3197 2076 3310 2118 non
3333 2057 3513 2118 fuerit
3537 2057 3733 2138 possi-

2089 2141 2228 2219 bile,
2262 2145 2492 2208 Martha
2524 2153 2670 2220 esto,
2715 2145 2992 2227 practicae
3024 2145 3174 2226 parti
3203 2145 3494 2224 addictus,
3539 2155 3596 2206 et
3627 2164 3735 2227 per

2088 2232 2200 2295 hoc
2227 2234 2524 2296 Christum
2557 2235 2910 2316 suscipiens.
2931 2233 3081 2298 Vide
3106 2243 3301 2297 autem
3335 2237 3446 2298 hoc
3478 2256 3491 2298 :
3529 2259 3556 2290 ι
3593 2234 3734 2308 Quae

2089 2341 2207 2384 non
2236 2323 2539 2386 auferetur
2565 2325 2640 2386 ab
2663 2342 2755 2386 ea.
2785 2348 2806 2380 ι
2837 2323 3145 2386 Practicus
3177 2326 3335 2386 enim
3367 2323 3546 2387 habet
3573 2325 3731 2406 quod

2088 2433 2121 2476 a
2149 2434 2214 2478 se
2235 2417 2552 2494 auferatur,
2580 2418 2694 2479 hoc
2717 2425 2828 2499 est,
2854 2416 3302 2481 distractionem
3325 2417 3734 2499 etoccupatio-

2087 2521 2258 2566 nem:
2288 2506 2654 2585 proﬁciendo
2679 2505 2839 2567 enim
2863 2505 3026 2568 venit
3055 2506 3126 2568 ad
3147 2505 3728 2588 contemplationem,
3821 2507 3830 2515 ’

2087 2593 2490 2678 liberaturque
2511 2596 2545 2656 a
2577 2595 2907 2658 turbatione
2929 2603 2987 2657 et
3008 2594 3412 2668 distractione,
3448 2603 3504 2656 et
3528 2595 3607 2657 ita
3634 2615 3733 2656 au-

2086 2683 2313 2748 feretur
2338 2684 2558 2766 aliquid
2590 2685 2662 2746 ab
2685 2703 2782 2747 eo.
2815 2681 3260 2764 Contemplator
3282 2687 3421 2746 vero
3451 2703 3568 2745 non
3601 2683 3732 2765 pri-

2084 2783 2256 2836 vatur
2285 2775 2395 2836 hac
2421 2774 2576 2836 bona
2604 2782 2790 2856 parte,
2825 2773 3329 2854 contemplatione
3383 2774 3630 2837 scilicet.
3668 2772 3735 2834 In

2085 2862 2242 2944 quod
2265 2863 2421 2928 enim
2439 2863 2626 2944 majus
2647 2863 2807 2924 aliud
2826 2861 3270 2943 proﬁceret,ubi
3293 2862 3354 2924 in
3374 2864 3487 2925 hoc
3503 2861 3736 2924 venerit

2082 2949 2404 3031 fastigium,
2459 2951 2714 3013 divinam
2763 2951 2903 3013 dico
2955 2949 3267 3032 visionem,
3323 2951 3378 3012 id
3432 2951 3586 3032 quod
3644 2957 3734 3012 est

972 3047 1110 3103 ὥστε
1182 3046 1488 3126 ἀφαιρεῖταί
1558 3067 1606 3100 τι
1651 3043 1743 3101 ἀπ’
1807 3047 1988 3106 αῦτοῦ.

2086 3039 2386 3104 deiﬁcari?
2413 3039 2521 3112 Qui
2553 3039 2710 3101 enim
2744 3039 2848 3102 Dei
2879 3037 3164 3100 visionem
3184 3039 3326 3100 555
3355 3039 3720 3122 assequitur,

2081 3130 2238 3192 Deus
2270 3129 2354 3192 ﬁt.
2391 3127 2601 3191 Simile
2629 3128 2787 3189 enim
2821 3126 3002 3190 simili
3033 3129 3587 3209 comprehenditur.

355 3223 553 3288 ταύτης
583 3223 815 3304 μερίδος,
846 3224 987 3303 λέγω
1033 3223 1097 3292 δὴ
1128 3229 1227 3291 τῆς
1270 3224 1510 3303 θεωρίας.
1578 3224 1663 3286 Εἷς
1716 3222 1815 3301 γὰρ
1858 3234 2018 3304 ποῖον
2067 3219 2196 3277 ἄλλο
2240 3227 2426 3294 μεῖζον
2470 3221 2753 3298 προκόψει,
2802 3218 2998 3298 φθάσας
3058 3218 3131 3282 εἷς
3164 3219 3288 3274 αὐτὸ
3317 3219 3378 3274 τὸ
3411 3218 3726 3296 ἀκρότατον,

359 3309 502 3389 λέγω
530 3310 595 3380 δὴ
628 3315 688 3369 τὸ
717 3301 847 3370 Θεὸν
875 3301 1114 3393 βλέπειν,
1147 3310 1277 3390 ὅπερ
1305 3301 1417 3369 ἔστι
1446 3312 1812 3391 θεουργεῖσθαι
1845 3331 1861 3388 ;
1898 3301 1955 3368 Ὀ
1987 3310 2086 3389 γὰρ
2117 3310 2246 3365 Θεὸν
2297 3307 2511 3386 βλέπειν
2564 3307 2823 3381 ἀξιωθεὶς,
2870 3308 2989 3372 θεὸς
3020 3309 3217 3384 γίνεται
3252 3325 3263 3336 ·
3313 3315 3400 3381 Τῷ
3430 3309 3598 3383 ὁμοίῳ
3629 3310 3728 3386 γὰρ

358 3401 418 3456 τὸ
449 3399 633 3477 ὅμοιον
664 3401 1142 3480 καταλαμϐάνεται.

975 3498 1383 3571 ΚΕΦΑΑ.ιΑ2

355 3603 479 3680 Περὶ
579 3607 907 3682 προσευχῆς.
1008 3603 1132 3669 Περὶ
1229 3609 1322 3659 τοῦ
1414 3601 1638 3681 ἔχοντος
1728 3599 1999 3679 δαιμόνιον

429 3683 628 3762 κωφόν.
717 3680 837 3762 Περὶ
920 3687 1019 3749 τῆς
1075 3681 1137 3764 ἐκ
1191 3691 1283 3742 τοῦ
1343 3680 1510 3761 ὀχλδυ
1558 3681 1825 3760 ἑπαράσης
1879 3707 1996 3764 φω-

429 3764 548 3832 νήν.
608 3763 732 3841 Περὶ
809 3769 914 3819 τῶν
997 3762 1278 3819 αἰτούντων
1361 3774 1611 3837 σημεῖον.
1701 3764 1825 3844 Περὶ
1893 3762 1996 3821 τοῦ

421 3845 708 3924 Φαρισαίου
791 3849 885 3899 τοῦ
969 3841 1290 3906 καλέσαντος
1385 3842 1476 3899 τόν
1556 3841 1789 3909 Ἰησοῦν,
1874 3846 1996 3924 Περὶ

422 3929 516 3978 τοῦ
542 3921 868 3998 ταλανισμοῦ
892 3924 996 3979 τῶν
1026 3928 1284 3996 νομικῶν.

430 4035 454 4065 ιι
517 4011 613 4070 Καὶ
664 4011 898 4090 ἐγένετο,
961 4011 1014 4067 ἐν
1068 4019 1145 4086 τῷ
1189 4013 1330 4068 εἶναι
1388 4012 1545 4070 αὐτὸν
1597 4011 1652 4067 ἐν
1706 4014 1856 4087 τόπῳ
1895 4016 1994 4071 τινὶ

341 4100 799 4180 προσευχόμενον,
875 4103 945 4167 ὡς
1004 4101 1294 4173 ἐπαύσατο,
1353 4099 1479 4156 εἶπέ
1531 4123 1610 4166 τις
1666 4108 1771 4159 τῶν
1823 4106 1991 4178 μαθη-

343 4193 448 4244 τῶν
495 4189 653 4247 αὐτοῦ
684 4191 813 4269 πρὸς
860 4188 1016 4246 αὖτόν
1045 4207 1060 4222 ⁵
1095 4189 1275 4268 Κύριε,
1329 4187 1526 4255 διδαξον
1570 4192 1710 4263 ἡμᾶς
1760 4193 1989 4270 προσεύ-

347 4281 558 4358 χεσθαι.
620 4280 792 4341 καθὼς
851 4280 939 4334 καὶ
1014 4275 1263 4346 Ἰωάννης
1326 4276 1516 4343 ἐδίδαξε
1572 4280 1692 4345 τοὺς
1751 4282 1991 4354 μαθητὰς

347 4356 527 4428 αῦτοῦ,
561 4368 699 4424 Εἶπε
745 4365 800 4424 δὲ
831 4369 1012 4431 αὐτοῖς
1046 4386 1059 4400 ·
1117 4356 1292 4425 υΟταν
1338 4369 1728 4447 προσεύχησθε,
1763 4368 1942 4446 λέγετε
1969 4389 1987 4407 ⁶

2712 3503 2953 3569 CAPUT
2997 3503 3093 3567 Xl.

2081 3597 2490 3681 moratione.
2540 3599 2620 3661 De
2653 3617 2723 3662 eo
2753 3601 2861 3681 qui
2889 3601 3146 3663 habebat
3192 3600 3555 3664 daemonium
3583 3618 3724 3663 sur-

2160 3678 2328 3760 dum.
2367 3680 2454 3742 De
2481 3680 2736 3742 muliere
2759 3678 2899 3760 Quae
2931 3699 3128 3743 vocem
3165 3681 3239 3742 de
3272 3681 3450 3744 turba
3479 3683 3720 3744 extulit.

2159 3759 2246 3841 _De
2273 3761 2616 3841 petentibus
2637 3759 2919 3841 signum.
2972 3760 3056 3841 De
3088 3760 3397 3823 Pharist
3425 3761 3722 3841 interpel-

2159 3837 2329 3901 lante
2355 3839 2585 3903 Jesum.
2621 3837 2726 3902 06⁷
2741 3843 2996 3904 miseria
3024 3839 3539 3922 legisperitorum.

2153 4004 2335 4070 Vens.
2366 4008 2502 4071 1-4.
2545 4034 2566 4065 ι
2608 4008 2679 4070 Ει
2708 4010 2925 4071 factum
2958 4017 3046 4072 est
3076 4028 3209 4072 cum
3243 4018 3438 4072 oraret
3466 4011 3720 4092 quodam

2072 4093 2133 4155 in
2159 4094 2311 4172 loco,
2350 4104 2412 4157 ut
2441 4098 2710 4172 cessavit,
2739 4099 2882 4160 dixit
2905 4099 3143 4180 quidam
3172 4119 3241 4160 ex
3262 4100 3566 4181 discipulis
3591 4101 3723 4180 ejus

2074 4182 2144 4245 ad
2180 4202 2314 4247 eum
2352 4206 2364 4245 :
2415 4187 2686 4262 Domine,
2722 4186 2870 4249 doce
2899 4207 3006 4248 nos
3053 4207 3246 4261 orare,
3285 4189 3438 4250 sicut
3464 4190 3722 4251 Joannes

2076 4272 2276 4335 docuit
2307 4275 2630 4357 discipulos
2647 4294 2807 4339 suos.
2842 4277 2912 4338 Et
2940 4279 3023 4338 ait
3055 4276 3207 4341 illis:
3244 4277 3388 4339 Cum
3421 4278 3720 4354 oratis,di-

2073 4362 2188 4423 cite
2223 4384 2236 4425 :
2272 4365 2450 4426 Pater
2478 4373 2701 4438 noster,
2727 4364 2837 4446 qui
2884 4383 2947 4426 es
2998 4365 3056 4426 in
3096 4367 3280 4443 cmlis,
3317 4366 3720 4429 sanctiﬁcetur

347 4457 477 4512 Ιιάτῖ
487 4481 513 4533 ρ
543 4459 721 4534 ἡμῶν,
755 4460 783 4514 ὁ
836 4457 890 4513 ἐν
919 4469 1036 4521 τοῖς
1067 4459 1332 4536 οὗρανοτς,
1393 4456 1701 4534 ἁγιασθήτω
1732 4461 1792 4514 τὸ
1821 4458 1990 4537 ὄνομά

2086 4469 2290 4514 nomen
2322 4463 2484 4514 tuum
2511 4501 2525 4530 ,
2557 4453 2752 4515 veniat
2798 4472 3044 4532 regnum
3079 4463 3240 4517 tuum
3267 4476 3284 4534 ;
3328 4458 3425 4521 ﬁat
3453 4456 3718 4519 voluntas

341 4569 456 4622 σου,
504 4546 787 4615 ἐλθέτω-κὴ
840 4544 1085 4623 βασιλεία
1159 4567 1275 4620 σου,
1337 4547 1617 4624 γενηθήτω
1673 4549 1733 4605 τὸ
1781 4547 1988 4624 θέλημά

336 4659 454 4708 σου,
506 4637 577 4698 ὡς
636 4638 692 4691 ἓν
750 4640 974 4714 οὐρανῷ,
1029 4636 1116 4692 καὶ
1190 4635 1275 4691 ἐπὶ
1343 4635 1440 4702 ﬁ“
1500 4640 1628 4714 γῆς»
1683 4637 1774 4693 τὸν
1831 4637 1986 4714 ἄρτον

333 4727 488 4797 ἡμῶν
544 4723 634 4780 τὸν
693 4723 960 4782 ἐπιούσιον
991 4723 1128 4785 δίδου
1157 4727 1294 4802 ἡμῖν
1338 4727 1399 4781 τὸ
1437 4723 1554 4782 καθ’
1611 4725 1837 4805 ἡμέραν,
1899 4730 1986 4785 καὶ

336 4813 461 4892 ἄφες
518 4814 654 4881 ἡμῖν
699 4815 792 4878 τας
837 4814 1096 4892 ἁμαρτίας
1127 4817 1306 4891 ἡμῶν,
1338 4815 1427 4872 καὶ
1456 4815 1556 4894 γὰρ
1588 4817 1735 4873 αὐτοὶ
1765 4814 1984 4895 ἀφίεμεν

339 4905 492 4958 παντὶ
549 4901 810 4982 ὀφείλοντι
854 4903 1011 4978 ἡμῖν,
1077 4906 1163 4960 καὶ
1212 4905 1288 4980 μὴ
1353 4903 1659 4982 εἰσενέγκῃς
1713 4906 1856 4980 ἡμᾶς
1911 4906 1985 4970 εἱς

339 4993 656 5067 πειρασμὸν,
715 4991 852 5048 ἀλλα
907 4995 1057 5070 ῥῦσαι
1118 4994 1261 5068 ἡμᾶς
1334 4995 1438 5049 ἀπὸ
1508 4995 1600 5050 τοῦ
1646 4993 1900 5073 πονηροῦ.
1955 5017 1978 5048 υ

341 5078 507 5146 Ζηλοϊ
549 5082 577 5136 ὁ
647 5082 892 5156 μαθητὴς
950 5087 1176 5160 Χριστοῦ
1230 5083 1350 5147 τοὺς
1418 5082 1660 5159 μαθητὰς
1719 5081 1982 5162 Ἰωάννου,

337 5166 414 5224 διὸ
457 5171 543 5225 καὶ
573 5176 728 5240 ζητεῖ
757 5168 1071 5252 διδαχθῆναι
1114 5173 1307 5248 τρόπον
1366 5173 1694 5252 προσευχῆς,
1754 5163 1812 5229 Ὀ
1861 5174 1984 5250 γοῦν

336 5259 523 5337 Σωτὴρ
579 5257 834 5340 διδάσκει,
897 5263 974 5336 μὴ
1022 5262 1404 5340 παρωσάμενος
1475 5263 1571 5330 τὴν
1627 5261 1836 5327 ἀξίωσιν
1893 5267 1986 5318 τόῦ

330 5348 588 5421 μαθητοῦ.
647 5349 816 5427 Πάτερ
873 5352 1048 5425 ἡμῶν,
1111 5354 1292 5430 φησὶν,
1353 5353 1379 5407 ὁ
1437 5351 1489 5408 ἐν
1545 5365 1662 5413 τοῖς
1707 5353 1974 5430 οὐρανοῖς,

331 5430 472 5517 Πειρη
525 5439 618 5505 τὴν
667 5445 763 5506 τῆς
811 5443 980 5519 εὖχῆς
1013 5439 1251 5516 δύναμιν,
1306 5442 1461 5504 Εὒθὺς
1512 5438 1617 5495 ἕνω
1667 5463 1720 5495 σε
1767 5441 1970 5518 ἀνάγει,

321 5528 406 5583 καὶ
467 5528 630 5583 πείθει
669 5549 750 5608 σε,
816 5527 998 5596 ἐπειδὴ
1056 5528 1330 5603 ὀνομάζεις
1397 5527 1599 5608 πατέρα
1654 5530 1745 5584 τὸν
1815 5529 1968 5608 Θεὸν,

327 5617 402 5692 μὴ
459 5616 630 5683 πάντη
693 5620 790 5685 σῇς
850 5618 1168 5694 ὁμοιότητος
1199 5617 1602 5698 ἀπολείπεσθαι,
1637 5617 1771 5674 ἀλλὰ
1802 5639 1969 5673 σπου-

2073 4546 2189 4615 tua,
2215 4542 2715 4622 quemadmodum
2748 4544 2804 4604 in
2834 4563 2904 4604 cu
2926 4544 3130 4623 lo,.sic
3182 4547 3355 4607 etiam
3404 4545 3462 4605 in
3511 4552 3668 4607 terra
3699 4565 3714 4620 ;

2070 4645 2281 4708 panem
2317 4639 2579 4692 nostrum
2605 4629 3011 4713 quotidianum
3036 4635 3110 4695 da
3137 4634 3305 4695 nobis
3323 4635 3584 4716 quotidie
3611 4656 3626 4709 ;
3659 4644 3717 4696 et

2069 4716 2304 4778 remitte
2336 4717 2507 4780 nobis
2539 4730 2778 4798 peccata
2809 4730 3030 4803 nostra,
3064 4721 3354 4803 siquidem
3391 4732 3448 4782 et
3477 4742 3584 4784 nos
3613 4743 3714 4785 re-

2070 4805 2358 4868 mittimus
2385 4811 2546 4869 omni
2578 4809 2820 4872 debenti
2870 4811 3060 4874 nobis.
3097 4813 3169 4874 Et
3201 4831 3276 4873 ne
3312 4831 3420 4874 nos
3469 4813 3716 4876 inducas

2068 4896 2128 4956 in
2159 4897 2567 4972 tentationem,
2602 4901 2706 4962 sed
2752 4901 2940 4963 libera
2970 4919 3077 4962 nos
3105 4920 3140 4963 a
3170 4902 3346 4965 malo.
3386 4928 3410 4961 ι)
3445 4903 3718 4967 Imitatur

2070 4983 2395 5066 discipulus
2426 4988 2647 5049 Christi
2678 4988 3004 5071 discipulos
3044 4989 3290 5053 Joannis
3327 5011 3341 5055 :
3399 4992 3623 5058 idcirco
3654 5007 3717 5056 et

2070 5077 2282 5155 quaerit
2305 5084 2364 5136 ut
2392 5076 2680 5139 doceatur
2707 5081 2946 5140 modum
2978 5080 3282 5143 orationis.
3318 5082 3584 5144 Salvator
3613 5101 3682 5144 au

2072 5173 2216 5239 tem,
2251 5183 2370 5225 non
2399 5167 2640 5246 repulsa
2687 5168 2960 5249 discipuli
3013 5188 3216 5251 prece,
3260 5170 3485 5235 docet:
3538 5173 3715 5234 Pater

2070 5261 2292 5335 noster,
2317 5254 2531 5336 inquit,
2567 5256 2663 5338 qui
2697 5276 2760 5318 es
2791 5258 2849 5320 in
2875 5258 3060 5320 caelis.
3090 5258 3236 5322 Vide
3267 5261 3548 5323 orationis
3568 5261 3708 5326 vim.

2065 5342 2280 5431 Statim
2298 5362 2535 5407 sursum
2567 5353 2622 5407 te
2644 5346 3061 5428 ducit,tibique
3081 5351 3709 5431 persuadet,qunniam

2061 5430 2337 5492 nominas
2367 5431 2550 5493 Deum
2597 5443 2846 5515 patrem,
2899 5454 2970 5498 ne
3032 5430 3275 5499 omnino
3322 5438 3714 5502 similitudine

2057 5521 2189 5600 ejus
2218 5537 2462 5602 careas;
2500 5524 2600 5584 sed
2637 5524 2878 5587 enitaris
2920 5527 3046 5588 ﬁeri
3097 5527 3308 5589 similis
3350 5529 3530 5593 Patri.
3581 5527 3711 5592 Non

2057 5611 2202 5674 dixit
2230 5619 2453 5691 autem,
2509 5618 2684 5679 Pater
2729 5636 2917 5695 meus,
2954 5618 3084 5701 sed,
3139 5624 3311 5684 Pater
3365 5629 3588 5697 noster,
3637 5623 3710 5684 ad
