4132 6278
207 334 412 408 85."
1051 340 1490 405 ENARHATIO
1551 343 1631 404 IN
1680 341 1906 404 EVANt

1989 342 2185 402 ILIUM
2234 337 2473 405 LUGE.
2527 378 2588 386 -~
2643 348 2808 407 CAP.
2860 347 2962 407 Xl.
3551 342 3693 411 862.

201 471 582 551 συνέχειαν,
643 472 880 547 ἵσταται,
937 473 1068 534 ἐπὰν
1131 472 1186 530 δὲ
1244 473 1524 534 διαστῶσιν
1555 473 1646 533 ἀπ’
1681 473 1906 546 ἀλλήλω

1989 475 2243 552 .pacitici
2291 484 2448 553 sunt,
2501 483 3128 543 conservanturzcum
3185 485 3383 542 autem
3413 479 3569 542 inter
3598 497 3664 540 se

201 561 297 616 οἱ
367 573 588 642 τοῖχοι,
649 564 857 635 πίπτει,
914 562 1027 620 εἴτε
1086 568 1235 621 οἷκον
1261 566 1471 636 νοήσεις
1503 566 1622 631 τοὺς
1655 565 1709 622 ἐν
1739 571 1807 642 τῇ
1848 566 1906 620 οἷς

2015 563 2327 637 dissident,
2373 565 2608 627 cadunt.
2661 567 2796 629 Esto
2847 578 3045 631 autem
3098 568 3254 650 quod
3287 587 3393 646 ego
3427 567 3661 648 ejiciam

205 650 380 722 κίᾳ,
464 652 550 707 καὶ
609 655 753 708 οῦτοι
812 651 914 716 ἕως
992 653 1088 727 μὲν
1151 655 1496 732 εἰρηνεύουσι,
1559 655 1906 724 συνεστήκασι

2016 651 2311 715 daemonia
2344 655 2402 716 in
2433 655 2886 731 Beelzebul,ﬁlii
2913 659 3238 740 vestri,hoc
3269 667 3358 718 est
3386 656 3658 737 apostoli.

208 738 410 794 ὀπὰν
468 737 523 794 δὲ
583 737 832 797 διαστῶσι
890 739 1008 796 κατ’
1078 739 1352 822 ἀλλήλων,
1387 742 1688 803 πίπτουσιν.
1736 740 1906 798 ’Ἔστι

2016 741 2076 803 in
2111 761 2224 822 quo
2257 743 2536 822 ejiciunt?
2565 745 2773 807 Nonne
2807 737 3177 809 manifestum
3212 747 3368 828 quod
3425 753 3479 806 in
3529 765 3660 806 meo

217 824 345 900 δὲ,
419 829 497 885 ὃτι
551 826 798 906 ῖκὸάλλω
854 829 961 907 ἐγὼ
1018 830 1084 885 τὰ
1113 827 1358 906 δαιμόνια
1390 830 1443 886 ἐν
1473 838 1548 905 τῷ
1593 827 1906 902 Βεελζεϐοὺλ

2016 830 2600 904 nomine?Quomodo
2621 835 2801 914 igitur
2828 836 3025 897 dicitis
3047 836 3201 916 quod
3226 824 3332 914 ego
3353 836 3584 914 ejiciam
3601 829 3660 894 in

226 917 306 971 οἱ
376 917 482 972 υἱοὶ
539 917 712 997 ὑμῶν,
773 917 1040 978 τουτέστιν
1084 921 1128 974 οξ
1160 918 1475 996 ἀπόστολοι,
1509 920 1562 976 ἐν
1604 921 1692 975 τὶνι
1737 917 1906 976 ἐκϐάλ·

2017 919 2354 994 Beelzebul,
2391 923 2556 1002 quasi
2590 942 2736 1003 opus
2765 924 3011 985 habeam
3047 925 3204 986 illius
3253 925 3489 998 virtute,
3523 943 3658 984 cum

230 1003 459 1061 λουσιν
492 1026 509 1082 ;
539 994 601 1062 Ἠ
658 994 839 1081 δῆλον,
903 1007 982 1062 ὅτι
1015 1007 1069 1062 ἐν
1113 1015 1190 1082 τῷ
1219 1007 1332 1082 ἐμῷ
1361 994 1582 1084 ὀνόματι
1617 1024 1632 1079 ς
1679 1014 1799 1071 Πῶς
1846 1008 1905 1062 οῦ

2020 1007 2123 1068 ﬁlii
2146 1010 2343 1084 vestri,
2377 994 2564 1072 sancti
2595 994 2828 1074 scilicet
2855 1013 3126 1092 apostoli,
3165 1013 3225 1074 in
3253 1032 3383 1074 meo
3418 994 3660 1073 nomine

232 1092 369 1168 ἐμὲ
442 1093 646 1173 λέγετε,
719 1097 799 1152 ὃτι
867 1096 920 1152 ἐν
951 1105 1028 1171 τῷ
1069 1095 1384 1168 Βεελζεϐοὺλ
1428 1095 1668 1153 ἐκϐάλλω
1701 1097 1828 1177 ἐγὼ,
1861 1100 1905 1153 ὡ

2020 1097 2312 1158 daemonia
2359 1099 2816 1180 ejiciant‘?lgitur
2872 1103 2978 1178 ipsi
3028 1101 3655 1163 condemnubuntvos.

231 1185 465 1262 χρείαν
525 1183 669 1264 ἔχων
728 1190 825 1252 τῆς
897 1185 1096 1244 ἐκείνου
1188 1184 1485 1266 δυνάμεως,
1569 1185 1702 1243 ὅπου
1757 1207 1816 1263 γε
1890 1209 1906 1242 ι

2019 1184 2389 1248 Manifestum
2425 1189 2581 1249 enim
2613 1189 2770 1270 quod
2798 1190 2848 1251 si
2895 1190 2977 1250 illi
3017 1191 3075 1251 in
3111 1209 3241 1251 meo
3274 1190 3514 1252 nomine
3544 1191 3660 1269 eji-

231 1271 522 1351 ὑμέτεροι
590 1275 714 1353 υἱοὶ,
774 1273 940 1351 ἢγουν
994 1277 1039 1332 οἱ
1103 1273 1416 1348 ἀπόστολοι,
1491 1274 1544 1330 ἐν
1575 1283 1650 1349 τῷ
1715 1274 1906 1350 ὀνόματ

2018 1275 2179 1336 ciunt
2196 1276 2660 1358 diemonia,mihi
2681 1297 2798 1339 non
2823 1298 2968 1358 opus
2993 1279 3068 1340 sit
3094 1280 3298 1340 virtute
3320 1279 3580 1342 alterius.
3597 1281 3658 1341 In

232 1391 373 1445 μου
423 1363 826 1439 ἐκϐάλλουσιν;
888 1357 1036 1446 ’Ἄρα
1093 1370 1238 1424 αὐτοὶ
1315 1376 1715 1448 κατακρινοῦσιν
1769 1369 1902 1441 ὑμᾶς

2013 1363 2193 1442 digito
2230 1384 2336 1444 ego
2371 1357 2502 1440 Dei,
2527 1367 2640 1428 hoc
2671 1379 2784 1440 est,
2812 1357 2877 1428 in,
2907 1369 3125 1448 Spiritu
3159 1376 3364 1430 sancto
3395 1369 3660 1447 ejicio,et

221 1455 544 1536 Πρόδηλον
614 1456 713 1533 γὰρ
762 1457 833 1518 ὡς
880 1455 967 1512 ἐὰν
999 1455 1196 1513 ἐκεῖνοι
1226 1456 1550 1514 ἐκϐάλλωσιν
1586 1457 1639 1513 ἐν
1673 1464 1748 1513 τῶ
1799 1457 1906 1512 ὀνό-

2010 1454 2148 1513 557
2183 1473 2298 1515 non
2331 1455 2391 1515 in
2422 1455 2574 1517 malo
2606 1456 2844 1536 spiritu.
2873 1456 3124 1536 Digitum
3153 1467 3344 1518 autem
3374 1458 3656 1537 Spiritum

233 1547 401 1623 ματί
460 1567 580 1620 μου,
645 1544 754 1622 ἐγώ
796 1549 894 1613 τῆς
929 1546 1106 1624 ἑτέρου
1153 1544 1422 1622 δυνάμεως
1467 1550 1526 1605 οὗ
1554 1548 1782 1626 ¹χρηήζω,
1838 1544 1906 1601 Ἤ·

2013 1543 2248 1618 dicit,nt
2277 1544 2430 1606 scias
2461 1545 2614 1625 quod
2648 1547 2802 1606 sicut
2829 1546 3042 1625 digitus
3073 1545 3341 1626 ejusdem
3376 1546 3655 1607 substan-

233 1634 514 1707 δακτύλῳ
580 1641 703 1712 γοῦν
761 1641 910 1704 Θεοῦ,
971 1634 1241 1692 τουτέστιν
1315 1635 1367 1690 ἐν
1441 1635 1702 1710 Πνεύματι
1769 1635 1901 1712 ἁγίῳ

2013 1632 2107 1693 tiae
2123 1640 2208 1693 est
2228 1652 2357 1694 cum
2377 1642 2492 1694 toto
2509 1635 2868 1714 corpore,ita
2891 1635 3217 1716 etSpiritus
3241 1634 3502 1710 ejusdem
3521 1634 3656 1694 sub-

240 1720 540 1800 ὲκϐάλλω,
603 1722 688 1777 καὶ
758 1725 851 1780 οὒκ
897 1720 950 1776 ἐν
1007 1723 1265 1797 πνεύματι
1296 1729 1536 1802 πονηρῷ.
1584 1721 1902 1782 Δάκτυλονδ

2012 1721 2239 1783 stantia;
2263 1730 2350 1783 est
2373 1741 2504 1782 cum
2534 1725 2704 1784 Patre
2736 1732 2793 1785 et
2819 1723 2987 1786 Filio.
3021 1723 3313 1787 Fortassis
3345 1732 3542 1784 autem
3596 1731 3655 1783 et

236 1827 326 1868 τὸ
393 1817 602 1885 Πνεῦμα
643 1808 811 1888 λέγει,
887 1811 980 1866 ἵνα
1040 1812 1213 1888 μάθῃς
1269 1812 1350 1869 ὅτι
1407 1813 1584 1892 ὥσπερ
1614 1815 1641 1869 6
1671 1810 1906 1868 δάκτυλο,

2008 1809 2310 1890 ideo,quia
2341 1810 2526 1871 Filius
2550 1811 2762 1873 dicitur
2789 1831 2994 1874 manus
3023 1813 3216 1882 Dri,et
3238 1812 3655 1894 requieverunt

242 1901 550 1976 ὁμοούσιός
614 1898 724 1955 ἐστι
785 1907 861 1973 τῷ
890 1898 1000 1975 ὅλῳ
1043 1900 1273 1980 σώματι,
1322 1901 1458 1958 οὕτω
1487 1904 1663 1959 καὶτὸ
1715 1908 1906 1977 Πνεῦμς

2009 1917 2192 1979 super
2223 1918 2355 1960 eum
2388 1909 2614 1980 septem
2653 1901 2931 1962 efficaciae
2952 1899 3526 1982 Spiritus,nunquod
3547 1921 3655 1981 per

249 1989 560 2051 ὁμοούσιον
617 1993 690 2062 τῷ
749 1991 913 2068 Πατρὶ
969 1991 1056 2045 καὶ
1121 1997 1198 2064 τῷ
1248 1994 1372 2064 ι’ἱῷ,
1404 1993 1627 2061 Μήποτε
1659 1990 1710 2046 δὲ
1740 1989 1906 2046 ἐπειδί

2008 1984 2291 2066 Spiritum
2315 1989 2654 2064 agatur,sed
2690 1990 2826 2070 quia
2860 1990 3375 2052 consubstantialis
3407 1998 3494 2049 est
3524 1990 3653 2068 Spi-

253 2081 398 2160 χεὶρ
469 2084 600 2134 Θεοῦ
669 2077 880 2156 λέγεται
914 2081 940 2134 6
975 2079 1116 2153 Υἱὸς,
1152 2079 1582 2138 ἐπανεπαύσαντο
1634 2078 1686 2136 δὲ
1711 2070 1796 2136 ἐπ’
1823 2083 1922 2136 αῦ-

245 2171 358 2225 τόν
419 2170 470 2223 αἱ
526 2175 620 2225 τοῦ
677 2169 982 2243 Πνεύματος
1051 2168 1192 2225 ἅπτά
1258 2168 1520 2246 ἐνέργειαι
1551 2170 1654 2250 οὐχ
1681 2171 1753 2232 ὡς
1785 2169 1922 2248 ἐνερ-

247 2258 550 2337 γούμενον,
581 2253 700 2312 ἀλλ’
731 2258 804 2320 ὡς
836 2258 1115 2331 ὁμοούσιον
1143 2265 1220 2333 τῷ
1251 2259 1535 2334 Πνεύματι.
1573 2250 1678 2316 ’Ἓν
1712 2256 1766 2313 δὲ
1815 2264 1922 2313 τῶν

248 2354 361 2403 τοῦ
427 2347 730 2420 Πνεύματος
808 2347 1154 2425 χαρισμάτων
1232 2348 1319 2403 καί
1372 2350 1647 2427 ἐνεργειῶν
1708 2350 1817 2403 ἐστι
1861 2348 1922 2403 τὸ

251 2438 466 2492 ἰᾶσθαι·
529 2433 613 2490 διὰ
666 2444 820 2494 τοῦτο
876 2433 1085 2512 λέγεται
1146 2435 1199 2492 ἐν
1245 2434 1484 2510 δακτύλῳ
1541 2443 1670 2494 Θεοῦ
1722 2434 1920 2493 ἐκϐάλ-

258 2525 383 2581 λειν
437 2527 503 2581 τὰ
587 2522 859 2600 δαιμόνια,
924 2524 1159 2582 τουτέστι
1214 2532 1292 2600 τῷ
1370 2531 1710 2602 πλευματικῴ
1807 2549 1917 2605 χα-

259 2615 506 2693 ρίσματι,
571 2603 787 2693 "usus?
846 2615 943 2694 γὰρ
975 2617 1002 2671 6
1075 2614 1326 2680 δάκτυλος
1386 2616 1541 2696 μέρος
1572 2622 1669 2684 τῆς
1710 2603 1914 2696 χειρος,

261 2703 406 2761 οὕτω
461 2705 548 2759 καὶ
614 2705 676 2759 τὸ
729 2711 935 2779 πνεῦμα
965 2709 1070 2759 τῶν
1114 2705 1304 2761 ἷάσεων
1350 2705 1507 2783 μέρος
1539 2705 1603 2773 ἦν
1633 2709 1708 2760 ὧν
1757 2706 1916 2784 εἶχεν

263 2795 296 2851 ὁ
349 2794 553 2857 Ἰησοῦς
614 2793 950 2873 πνευμάτων,
1021 2793 1140 2859 ἤτοι
1172 2796 1277 2851 τῶν
1319 2797 1411 2851 τοῦ
1437 2796 1734 2871 πνεύματος
1766 2794 1914 2871 ἐνερ-

265 2890 451 2961 γειῶν,
528 2883 654 2940 Ἐὰν
710 2882 797 2938 οὗν
856 2881 1117 2956 ἐκϐάλλω,
1180 2885 1329 2963 φησὶ,
1388 2885 1454 2942 τὰ
1506 2882 1752 2959 δαιμόνια
1806 2882 1916 2955 θείᾳ

272 2972 528 3045 ἐνεργείᾳ,
589 2971 809 3051 ἔφθανεν
842 2969 940 3050 ἀρα
969 2970 1051 3051 ἐφ’
1081 2973 1215 3046 ὑμᾶς
1245 2973 1280 3039 ἡ
1311 2970 1551 3049 βασιλεία
1606 2979 1698 3028 τοῦ
1744 2979 1899 3030 Θεοῦ.

2004 2075 2172 2138 ritui.
2199 2078 2391 2140 Unum
2424 2085 2618 2139 autem
2660 2098 2729 2139 ex
2759 2080 2931 2140 donis
2979 2085 3038 2142 et
3088 2079 3364 2141 efﬁcaciis
3397 2078 3651 2159 Spiritus

2005 2165 2190 2226 sancti
2225 2175 2312 2227 est
2341 2185 2550 2228 sanare
2585 2189 2597 2226 :
2638 2176 2951 2249 propterea
2981 2168 3197 2229 dicitur
3227 2169 3283 2229 in
3313 2167 3494 2247 digito
3519 2167 3646 2243 Dei,

2006 2254 2116 2314 hoc
2149 2262 2257 2330 est,
2293 2255 2354 2315 in
2387 2256 2676 2336 spirituali
2703 2256 2858 2318 dono
2890 2258 3113 2337 ejicere
3156 2257 3471 2319 daemonia.
3505 2256 3649 2317 Nam

2003 2343 2156 2404 sicut
2186 2343 2401 2424 digitus
2428 2347 2995 2425 parse~tmanus,ita
3022 2346 3647 2426 spiritussanationum

2005 2450 2138 2512 pars
2155 2432 2262 2492 fuit
2279 2433 2587 2514 spirituum
2609 2453 2756 2508 quos
2775 2434 3386 2513 habuitChristus,hoc
3411 2446 3495 2496 est
3513 2455 3653 2515 ope-

2004 2522 2294 2582 rationum
2319 2523 2581 2603 spiritus.
2622 2526 2946 2604 Propterea
2967 2525 3014 2585 si
3039 2524 3233 2604 ejicio,
3271 2524 3481 2606 inquit.
3521 2525 3645 2584 daa-

2006 2609 2205 2670 monia
2235 2611 2496 2672 elﬁcacia
2529 2612 2742 2673 divina:
2767 2613 3014 2684 virtutis,
3053 2614 3317 2692 pervenit
3346 2613 3554 2689 utique
3589 2612 3645 2672 in

2001 2718 2103 2759 vos
2134 2717 2379 2776 regnum
2405 2699 2528 2760 Dei.
2566 2701 2731 2774 Quod
2766 2702 2944 2764 talem
2978 2702 3155 2763 habet
3195 2722 3432 2764 sensum
3471 2721 3483 2763 :
3524 2704 3644 2764 De-

2008 2797 2298 2849 structum
2331 2809 2486 2851 nunc
2516 2800 2601 2851 est
2624 2810 2866 2868 regnum
2899 2791 3471 2872 diaboli,regnatque
3498 2795 3652 2856 Deus

1985 2877 2408 2976 'quidmmones
2429 2880 2638 2976 etiuga'
2678 2878 2991 2976 Audienint
3013 2880 3152 2961 quid
3177 2881 3646 2976 deinceps-dicat.

1957 2958 2140 3044 ιὈπιιρ
2197 2975 2434 3024 τοιοῦτον
2487 2968 2603 3048 ἔχει
2647 2972 2739 3024 τὸν
2771 2978 2915 3048 νοῦν,
2947 2969 3028 3024 ὅτι
3084 2969 3401 3026 καταλύεται
3458 2970 3616 3028 λοιπὸ

269 3063 306 3129 ἡ
349 3060 588 3137 βασιλεία
635 3069 726 3118 τοῦ
775 3059 1045 3131 διαϐόλου,
1091 3061 1177 3118 ϐαἶ
1234 3060 1498 3138 βασιλεύει
1556 3063 1582 3117 ὁ
1643 3063 1771 3126 Θεὸς
1833 3062 1861 3116 6
1916 3059 2036 3120 τοὺς
2097 3055 2346 3132 δαίμονας
2384 3057 2676 3121 ἐκδιώκων,
2725 3058 2932 3114 ’Ἄκουε
3006 3061 3104 3136 γὰρ
3159 3059 3209 3114 τί
3251 3059 3340 3114 διὰ
3369 3066 3475 3114 τῦν
3521 3060 3609 3128 ἐξῆ

275 3149 421 3227 λέγει
431 3196 444 3208 .

366 3261 389 3294 ι
445 3230 620 3298 ’Ὀταν
681 3243 707 3296 6
765 3241 982 3320 ἰσχυρὸς
1051 3239 1484 3317 καθωπλισμένος
1522 3239 1762 3320 ιρυλάσσῃ
1817 3240 1973 3307 τὴνο

272 3331 458 3386 ἑαυτοῦ
528 3329 714 3402 αῦλὴν,
773 3328 826 3386 ἐν
898 3330 1078 3409 εἰρήνῃ
1137 3329 1244 3387 ἐστὶ
1300 3331 1365 3385 τὰ
1414 3330 1720 3409 ὑπάρχοντα
1752 3329 1916 3404 αὗτῷ.

269 3416 434 3475 Ἐπάν
483 3415 538 3473 δὲ
597 3419 624 3474 6
649 3419 988 3498 ἰσχυρότερος
1023 3419 1178 3476 αὺτοῦ
1223 3417 1455 3476 ἐπελθὼν
1489 3419 1683 3496 νικήσῃ
1735 3418 1910 3490 αὒτὸν,

262 3507 359 3575 τήν
430 3505 727 3563 πανοπλίαν
785 3507 941 3564 αῦτοῦ
1026 3508 1191 3588 αἴρει,
1226 3507 1306 3587 ἐφ’
1339 3508 1374 3576 ἦ
1419 3506 1701 3579 ἐπεποίθει,
1736 3507 1918 3563 καὶτά

261 3595 425 3652 σκύλα
484 3598 641 3656 αῦτοῦ
693 3594 1002 3656 διαδίδωσιν.
1075 3589 1132 3654 Ὀ
1193 3599 1269 3672 μὴ
1314 3598 1387 3653 ὢν
1420 3595 1532 3671 μετ’
1593 3595 1747 3676 ἐμοῦ,
1793 3597 1914 3652 κατ’

266 3685 398 3759 ἐμοῦ
453 3685 586 3761 ἐστι,
661 3686 748 3741 καὶ
806 3688 834 3742 6
890 3687 968 3761 μὴ
1001 3687 1239 3765 συνάγων
1273 3684 1390 3761 μετ’
1421 3688 1573 3760 ἐμοῦ,
1621 3691 1908 3766 σκορπίζει,

263 3763 436 3831 ΗΟταν
489 3775 550 3830 τὸ
609 3773 898 3852 ἀκάθαρτον
958 3783 1162 3849 πνεῦμα
1218 3774 1399 3850 ἐξέλθῃ
1460 3776 1564 3831 ἀπὸ
1595 3782 1684 3832 τοῦ
1709 3775 1911 3854 ἀνθρώ-

266 3885 386 3937 που,
448 3861 713 3942 διέρχεται
785 3861 852 3918 δι’
909 3863 1137 3942 ἀνύδρων
1169 3866 1348 3920 τόπων
1378 3871 1568 3936 ζητοῦν
1598 3864 1910 3932 ἀνάπαυσιν,

265 3953 349 4007 καὶ
404 3951 480 4026 μὴ
541 3953 789 4029 εὑρίσκων
859 3951 1028 4030 λέγει¹
1098 3944 1448 4032 Ὑποστρέψω
1480 3954 1551 4015 εἰς
1611 3955 1702 4008 τὸν
1754 3954 1907 4009 οἶκοι⁹

265 4063 363 4115 μου
418 4039 531 4096 ὅθεν
585 4039 822 4108 ἐξῆλθον.
887 4044 982 4100 Καὶ
1039 4041 1205 4098 ἐλθὼν
1261 4045 1483 4119 εῦρίσκει
1544 4042 1910 4119 σεσαρωμένον

264 4130 348 4185 καὶ
401 4130 821 4204 κεκοσμημένον,
879 4134 998 4186 τότε
1059 4133 1361 4210 πορεύεται,
1407 4130 1496 4186 καί
1550 4128 1908 4206 παραλαμϐά-

267 4239 339 4273 νει
393 4219 523 4274 ἐπτά
583 4219 733 4296 ἔτερα
791 4220 1066 4292 πνεύματα
1151 4220 1480 4297 πονηρότερα
1553 4220 1759 4290 ἑαυτοῦ,
1821 4213 1907 4274 καὶ

273 4305 558 4364 εἰσελθόντα
601 4321 845 4364 κατοικεῖ
903 4309 1044 4372 ἐκεῗ,
1110 4312 1196 4365 καὶ
1254 4311 1450 4385 γίνεται
1483 4308 1546 4364 τὰ
1585 4306 1788 4384 ἔσχατα
1819 4316 1909 4366 τοῦ

267 4396 527 4474 ἀνθρώπου
578 4396 776 4456 ἐκείνου
834 4399 1047 4476 χείρονα
1106 4406 1209 4453 τῶν
1258 4399 1505 4477 πρώτων,
1570 4421 1591 4450 ι
1641 4390 1737 4454 Ἦν
1784 4397 1903 4472 μὲν,

2103 3235 2359 3300 νειιε.21
2374 3237 2499 3298 -ἓίὶ
2517 3261 2537 3290 ι
2551 3235 2692 3300 Cum
2712 3237 2875 3299 fortis
2891 3245 3148 3299 armatus
3162 3237 3638 3300 custoditatrium

2000 3325 2260 3398 suum,in
2299 3345 2440 3404 pare
2471 3335 2607 3388 sunt
2637 3345 2706 3388 ea
2737 3347 2867 3408 quae
2901 3327 3183 3408 possidet.
3209 3326 3320 3390 Ubi
3352 3348 3399 3388 νι
3422 3346 3487 3390 ro
3521 3330 3639 3390 for-

1999 3414 2112 3476 tior
2144 3433 2212 3476 eo
2245 3416 2671 3495 superveniens
2717 3415 2922 3479 vicerit
2954 3435 3113 3497 eum,
3161 3417 3434 3480 universa
3480 3437 3642 3480 arma

2000 3503 2126 3583 ejos
2164 3503 2448 3578 aufert,in
2470 3504 2684 3585 quibus
2709 3505 3134 3581 conﬁdebat,et
3158 3507 3344 3587 spolia
3366 3507 3494 3586 ejus
3526 3508 3643 3568 dis-

1999 3591 2344 3664 tribuit.Qui
2375 3613 2490 3653 non
2522 3602 2610 3654 est
2635 3613 2891 3670 mecum,
2922 3604 3122 3655 contra
3159 3614 3253 3656 me
3284 3603 3372 3656 est
3404 3614 3418 3658 :
3454 3604 3510 3657 et
3541 3597 3638 3676 qui

1999 3702 2116 3744 non
2150 3681 2371 3760 colligit
2405 3681 3131 3763 mecum,dispergit.Cum
3166 3683 3640 3764 immundusspi-

1997 3769 2143 3830 ritus
2168 3770 2378 3831 exierit
2404 3769 2477 3832 ab
2510 3771 2778 3845 homine,
2810 3771 3073 3833 ambulat
3098 3791 3205 3853 per
3230 3772 3358 3834 loca
3389 3775 3638 3849 arentia,

1998 3877 2272 3939 quaerens
2304 3860 2597 3940 requiem,
2635 3869 2691 3921 et
2723 3879 2837 3920 non
2869 3860 3202 3932 inveniens,
3231 3861 3394 3925 dicit:
3415 3862 3639 3924 Rever-

1995 3957 2081 4008 tar
2112 3947 2170 4007 in
2201 3947 2442 4008 domum
2477 3966 2670 4009 meam
2696 3948 2855 4011 unde
2889 3949 3058 4010 exivi.
3097 3951 3167 4012 Et
3199 3970 3331 4011 cum
3382 3951 3636 4027 venerit,

1992 4035 2217 4097 invenit
2247 4055 2373 4096 eam
2401 4038 2594 4117 scopis
2628 4037 2968 4098 mundatam
3002 4046 3480 4120 atqueornatam:
3504 4049 3636 4101 tum:

1993 4125 2171 4204 vadit,
2209 4132 2264 4185 et
2311 4127 2559 4186 assumit
2602 4134 2828 4206 septem
2863 4127 3011 4187 alios
3044 4128 3284 4208 spiritus
3320 4130 3637 4210 nequiores

1994 4215 2208 4294 ipso,et
2242 4212 2494 4289 ingressi
2527 4213 2789 4274 habitant
2819 4215 2921 4295 ibi,
2958 4225 3016 4280 et
3056 4217 3203 4277 ﬁunt
3233 4227 3492 4278 extrema
3525 4219 3632 4277 hn-

1993 4301 2171 4362 uiinis
2204 4302 2360 4362 illius
2395 4303 2592 4382 pejora
2626 4304 2854 4383 primis.
2898 4329 2920 4360 ι)
2961 4305 3088 4366 Fuit
3120 4305 3379 4384 quidem.
3417 4306 3628 4386 inquit,

1991 4400 2125 4452 ante
2155 4390 2467 4452 adventum
2495 4411 2686 4452 meum
2713 4393 2881 4452 fortis
2905 4393 3244 4469 Satanas,et
3265 4395 3632 4457 custodiebat

268 4487 407 4565 φησὶ,
463 4487 564 4563 πρὸ
621 4488 719 4552 τῆς
778 4485 914 4562 ἐμῆς
966 4489 1248 4565 παρουσίας
1291 4489 1510 4567 ἰσχυρὸς
1559 4489 1587 4543 6
1638 4493 1902 4558 Σατανᾶς,

1992 4480 2204 4542 atrium
2238 4481 2552 4555 suum,hoc
2576 4483 3052 4562 est,przevalebat
3085 4490 3137 4543 et
3164 4483 3489 4562 imperabat.
3518 4484 3630 4544 liu-

265 4576 346 4630 καὶ
387 4574 640 4654 ἐιρύλασσε
700 4576 798 4645 τήν
884 4576 1069 4631 ἑαυτοῦ
1121 4578 1304 4650 αῦιιὴν,
1337 4576 1592 4647 τουτέστι,
1627 4576 1891 4652 κατεκρά-

267 4684 340 4719 τει
393 4669 486 4729 τῆς
545 4665 872 4741 ἀνθρωπίνης
950 4665 1152 4743 φύσεως
1215 4663 1438 4742 βεϐαίως
1507 4667 1594 4720 καὶ
1639 4663 1889 4742 ἀσφαλῶς

269 4751 386 4808 ἐπὰν
426 4750 479 4808 δὲ
510 4750 668 4819 ἦλθον
726 4750 834 4828 ἐγὼ
863 4754 889 4807 ὁ
948 4754 1287 4831 ἰσχυρότερος
1318 4757 1495 4825 αῦτοῦ,
1527 4754 1612 4809 καὶ
1642 4752 1888 4820 νενίκηκα

265 4842 346 4896 τὸν
373 4843 590 4921 κόσμον,
625 4843 710 4898 καὶ
753 4843 851 4907 τὴν
880 4841 1174 4898 πανοπλίαι
1209 4844 1387 4916 αὐτοῦ,
1422 4841 1501 4922 ἐφ’
1531 4846 1567 4920 ᾗ
1597 4841 1880 4916 ἐπεποὉει,

265 4927 378 5007 ὅπερ
443 4930 552 4986 ἔστι
613 4931 786 4988 πάιτα
837 4932 901 4986 τά
972 4928 1090 4998 εἷ’δτ,
1124 4935 1229 4995 τῦς
1278 4931 1554 5008 ἀμαρτίας“
1614 4929 1745 4997 αὕτη
1795 4933 1894 5010 γὰρ

262 5017 384 5075 ὅπλα
438 5042 532 5077 του
585 5017 859 5094 διακόλου,
917 5021 1002 5075 καὶ
1062 5021 1229 5094 ταύτῃ
1295 5020 1493 5099 θαῤῥὼν
1523 5019 1732 5099 ἐνίσχυε
1761 5021 1896 5076 κατὰ

263 5113 354 5163 τῶν
415 5109 725 5188 ἀνθρώπων
784 5109 984 5174 ταύτην
1041 5109 1129 5164 οὗν
1217 5111 1313 5176 τὴν
1371 5107 1665 5165 πανοπλίαν
1738 5111 1896 5166 αὐτοῦ

264 5194 477 5276 διέρῤηξα
529 5198 896 5277 ἀναμάρτητος
974 5199 1216 5277 εὑρεθεὶς,
1305 5200 1392 5256 καὶ
1475 5198 1652 5254 ἔκτοτε
1729 5197 1891 5265 ἠσθέ-

263 5308 372 5352 νησε
450 5285 552 5347 Καὶ
607 5289 672 5344 τὰ
703 5286 866 5343 σκῦλα
897 5289 1074 5356 αὐτοῦ,
1118 5288 1238 5355 ἢτοι
1270 5294 1390 5352 τοὺς
1423 5288 1749 5368 ἀνθρώπου,,
1803 5287 1890 5353 οὕς

264 5375 398 5454 εἶχεν
463 5379 538 5440 ὡς
570 5375 794 5458 λάφυρα,
844 5375 1128 5434 ἀπέσπασα
1157 5377 1252 5434 ἀπ’
1285 5379 1465 5459 αὒτοῦ,
1500 5380 1586 5434 καὶ
1616 5374 1888 5450 διαδίδωμι

264 5463 398 5521 ἄλλον
448 5465 594 5538 ἄλλοι)
665 5466 878 5545 ἀγγέλῳ
908 5489 1080 5541 πιστῳ
1122 5465 1337 5547 φύλακι,
1371 5468 1460 5524 ἵνα
1506 5469 1619 5523 ἀντὶ
1652 5473 1740 5522 του
1772 5463 1886 5520 δαί-

261 5576 416 5628 μονος,
477 5556 522 5629 ᾧ
575 5555 930 5635 ἐτυραννεῖτο,
993 5555 1108 5636 ἔχῃ
1138 5558 1295 5614 αὺτὸν
1327 5559 1355 5614 ὀ
1386 5555 1634 5636 ἅγῨελος.
1667 5556 1765 5614 Καὶ
1797 5554 1884 5610 ἀλ-

263 5639 350 5706 λως
411 5640 465 5698 δέ
541 5645 664 5703 Τίνα
721 5647 997 5706 κοινωνίαν
1049 5645 1164 5728 ἔχω
1216 5645 1328 5727 ,ἐγὼ
1385 5649 1513 5728 πρὸς
1540 5649 1629 5704 τὸν
1664 5642 1884 5733 Βεελζε-

1994 4587 2178 4630 mana:
2212 4578 2436 4630 naturae
2467 4570 2697 4631 fortiter
2720 4577 2777 4630 et
2806 4589 3037 4634 secure.
3079 4573 3388 4652 Postquam
3436 4580 3630 4633 auten:

1975 4679 2080 4738 ego
2113 4659 2238 4720 veni
2275 4660 2374 4720 illo
2409 4659 2705 4734 fortior,et
2738 4661 2848 4720 vici
2878 4661 3160 4720 mundum
3194 4662 3510 4741 omniaque
3543 4682 3626 4722 aro

1972 4766 2066 4810 ma
2088 4749 2215 4830 ejus
2261 4748 2322 4809 in
2350 4748 2568 4830 quibus
2604 4748 2842 4821 fidebat,
2868 4750 3065 4810 omnia
3094 4749 3322 4812 scilicet
3356 4765 3624 4829 peccato-

1965 4855 2102 4899 rum
2137 4855 2394 4915 genera:
2427 4839 2527 4899 illa
2550 4838 2708 4899 enim
2743 4857 2906 4900 arma
2930 4837 3306 4900 suntdiaboli
3331 4839 3389 4900 in
3414 4839 3630 4919 quibus

1977 4926 2198 4988 ﬁdebat
2227 4935 2283 4988 et
2306 4927 2652 5007 prmvalehat
2677 4928 2956 4988 adversus
2979 4927 3254 4989 homines
3279 4950 3291 4985 ε
3322 4947 3488 4989 arma
3511 4928 3586 5008 igi
3611 4965 3622 4973 -

1979 5017 2362 5096 tur,inquam,
2392 5017 2491 5076 illa
2523 5016 2654 5095 ejus
2683 5015 2900 5097 diripui
2935 5035 3064 5094 ego.
3101 5016 3199 5096 qui
3233 5017 3362 5077 sine
3384 5027 3619 5097 peccato

1977 5105 2334 5178 inventus,et
2369 5125 2436 5166 ex
2464 5125 2534 5166 eo
2561 5114 2826 5184 tempore
2845 5105 3059 5166 debilis
3080 5107 3273 5167 factus
3295 5114 3616 5186 estetspo-

1979 5194 2056 5256 lia
2077 5195 2348 5270 ejus,hoc
2368 5203 2454 5255 est.
2475 5194 2747 5256 homines
2770 5213 2918 5275 quos
2943 5193 3197 5255 habebat
3220 5194 3386 5273 quasi
3405 5195 3613 5274 spolia.

1975 5283 2046 5345 ab
2080 5302 2149 5346 eo
2183 5283 2372 5363 rapni,
2401 5293 2457 5343 et
2489 5283 2653 5343 trado
2689 5283 2943 5358 ea,aliutl
2977 5282 3304 5360 aliiangelo
3336 5283 3452 5343 title
3477 5302 3614 5343 cus—

1975 5373 2117 5444 todi,
2151 5381 2209 5434 ut
2243 5391 2344 5453 pro
2405 5373 2697 5445 da3mone,
2753 5372 2922 5452 cujus
2984 5372 3349 5452 tyrannidem
3387 5371 3620 5432 tulerat.

1972 5462 2185 5525 habeat
2217 5462 2635 5541 angelum.\'el
2668 5461 2838 5522 aliter
2865 5483 2878 5524 :
2914 5459 3112 5540 Egone
3143 5463 3624 5523 communioneu

1972 5569 2105 5613 cum
2143 5550 2456 5615 Beelzebul
2493 5550 2713 5614 habeo?
2755 5551 2944 5613 Meum
2976 5569 3123 5630 opus
3151 5559 3240 5612 est
3271 5569 3628 5632 congregare

1972 5640 2126 5705 ﬁlios
2159 5640 2266 5704 Dei
2299 5640 2627 5723 dispersos,
2661 5640 2818 5702 illius
2843 5659 2979 5703 vero
3012 5647 3359 5723 cogregatos
3389 5641 3625 5724 disper~
