4132 6298
486 290 609 385 863

1434 327 1535 387 ΤΗ
1553 326 1740 387 ΕΟΡΗ
1753 326 1797 386 Υ
1810 323 2030 385 LACTI
2076 324 2170 383 BU
2186 323 2326 384 LGA
2339 321 2487 383 RLE
2535 317 2891 382 ARCHIEP.

3756 316 3901 381 864

486 446 965 531 gerciQ'u'om‘odo
992 457 1167 539 igitur
1192 452 1269 519 de
1284 460 1377 519 me
1398 453 1669 531 cogitatis
1694 452 1851 536 quod
1868 438 2102 517 commit

2213 453 2337 512 ϐουλ
2372 474 2388 535 ;
2475 453 2639 530 Ἐμὸν
2712 452 2863 531 ἔργον
2920 452 3053 533 ἐστὶ,
3099 454 3161 509 τὸ
3191 453 3435 531 συνάγειν
3482 453 3551 509 τὰ
3580 450 3746 508 τέκνα
3781 453 3901 507 τοινῦ

487 541 727 605 nionem
763 542 1012 607 habeam
1048 564 1180 607 cum
1213 543 1459 608 Satana?
1487 544 1557 606 Et
1585 544 1847 625 profecto
1878 544 2005 608 haec
2026 564 2130 607 co-

483 626 686 713 gitatio
722 634 861 696 hinc
898 635 1267 716 oriturquod
1304 635 1604 697 daemones
1629 635 1809 714 magis
1840 654 1998 696 nunc
2030 654 2132 698 vos

483 742 659 802 quam
690 724 825 785 olim
879 724 1408 805 premant.Etenim
1459 718 1748 786 habuistis
1778 726 1954 786 etiam
1986 725 2126 786 olim

483 812 852 873 immundum
887 814 1291 895 spiritum,qui
1324 812 1694 876 habitahatin
1717 812 2128 895 vobisquando

479 899 637 961 idola
659 900 1030 975 colebatis,et
1056 905 1374 984 prophetas
1390 900 1839 979 occidebatis;et
1862 902 2018 964 visus
2039 912 2130 966 est

482 992 839 1069 posteaﬁ58
860 992 1020 1054 exire
1050 1010 1084 1053 a
1113 993 1312 1055 vobis:
1334 1000 1391 1053 at
1415 1009 1572 1052 nunc
1602 990 1779 1052 rediit
1803 990 1864 1051 in
1884 991 2124 1054 domum

481 1096 674 1154 suam,
708 1081 820 1142 hoc
855 1089 943 1142 est
965 1081 1195 1143 animas
1236 1090 1481 1160 vestras,
1519 1099 1651 1141 cum
1679 1087 1908 1161 septem
1942 1080 2125 1162 Spiri-

477 1167 777 1240 tibus,hoc
807 1178 893 1231 est
924 1168 1161 1231 multis:
1191 1169 1497 1251 Scriptura
1545 1170 1702 1231 enim
1754 1174 1984 1249 septem
2020 1190 2123 1251 pro

478 1256 678 1318 multis
707 1268 950 1339 usurpat
983 1281 995 1321 :
1032 1259 1288 1340 fecitque
1318 1259 1769 1320 vobisextrema
1787 1259 1989 1339 pejora
2011 1260 2125 1341 pri—

479 1345 777 1408 mis.Cum
813 1348 970 1409 enim
1004 1348 1162 1409 idola
1193 1348 1494 1422 coleretis,
1530 1348 1846 1428 prophetas
1883 1350 2123 1411 occide-

476 1434 919 1511 batis,nondum
936 1438 1373 1519 aperteinjuria
1392 1436 1740 1499 afﬁciebatis
1754 1436 1965 1499 Filium
1988 1439 2120 1519 Dei,

473 1526 574 1606 qui
606 1545 762 1589 nunc
795 1538 1038 1609 propter
1068 1547 1166 1589 vos
1197 1529 1255 1589 in
1287 1546 1465 1589 carne
1498 1526 1978 1607 apparuit.Nunc
2008 1546 2119 1589 au-

474 1622 589 1675 tem
615 1635 745 1696 quae
770 1635 908 1697 spes
929 1615 1133 1678 salutis
1156 1617 1391 1698 quando
1414 1617 1471 1677 in
1496 1617 1798 1677 incarnato
1821 1616 1969 1678 Filio
1987 1616 2115 1691 Dei,

472 1704 647 1798 quiet
676 1715 921 1798 propter
953 1725 1051 1768 vos
1084 1706 1671 1798 miraculaoperatus
1699 1707 2115 1798 est.i4n‘ta_ntam
2144 1750 2179 1798 Β

470 1792 957 1873 ingratitudinem
992 1804 1050 1857 et
1078 1795 1495 1857 contumeliam
1525 1794 1910 1875 prornpistis‘?
1936 1796 2119 1858 Porro

471 1882 598 1945 loca
616 1883 1143 1966 inaquosa,animae
1160 1893 1297 1946 sunt
1318 1904 1523 1946 eorum
1538 1886 1637 1965 qui
1658 1885 1804 1946 nihil
1828 1903 2115 1964 aquosum

471 1981 530 2035 et
559 1975 915 2038 dissolutum
949 1975 1189 2057 habent,
1225 1976 1330 2039 sed
1363 1976 1542 2039 aridae
1570 1986 1626 2037 et
1660 1975 1926 2038 sollicitae
1958 1985 2116 2049 sunt,

468 2062 527 2123 in
560 2064 777 2144 quibus
809 2066 1029 2127 nullam
1058 2067 1315 2147 quietem
1350 2066 1573 2127 invmit
1600 2066 1841 2146 spiritus
1864 2066 2119 2127 immun-

466 2152 647 2216 ditize.
680 2156 754 2217 Et
788 2156 1066 2237 quoniam
1119 2155 1178 2216 in
1213 2154 1427 2217 talibus
1480 2155 1792 2216 animabus
1824 2154 2116 2232 malignus

466 2242 690 2304 nullum
723 2243 1006 2305 domicilii
1043 2245 1237 2305 locum
1264 2243 1507 2325 invenit,
1544 2244 1616 2305 ad
1648 2244 1883 2305 Judaeoa
1911 2262 2116 2305 rever-

464 2331 693 2405 titur,et
714 2333 858 2394 fiunt
879 2333 990 2414 ipsi
1017 2334 1342 2415 posteriora
1363 2333 1663 2395 deteriora
1688 2333 2119 2415 primiszneque

463 2420 658 2482 adhuc
691 2410 917 2484 habent
930 2410 1627 2505 prophetaszocciderunt
1644 2410 1801 2485 enim
1824 2410 2111 2485 Verbum:

466 2528 656 2590 neque
686 2510 1065 2573 unctionem:
1102 2510 1404 2574 Christum
1455 2512 1614 2573 enim
1664 2512 2109 2575 cruciﬁxerunt.

2216 544 2347 601 Θεοῦ
2404 544 2469 600 τὰ
2528 541 2996 622 διεσκορπισμένα,
3056 542 3255 599 ἐκείνου
3316 541 3489 621 ἔργον,
3549 542 3612 598 τὸ
3641 541 3714 596 τὰ
3743 562 3893 596 συν-

2212 632 2423 711 ηγμένα
2494 633 2815 710 σκορπίζειν.
2894 634 3012 699 [Ιῶς
3075 632 3163 689 οὗν
3219 637 3435 689 τοιαῦτα
3468 632 3585 710 περὶ
3614 629 3754 713 ἐμοζι
3782 629 3893 685 λο-

2212 708 2435 802 γίζεσθε,
2494 720 2574 778 ὅτι
2596 708 2899 803 κοινωνίαν
2930 720 3046 801 ἔχω
3075 722 3205 797 πρὸς
3248 723 3338 777 τὸν
3369 708 3609 777 Σατανᾶν
3634 738 3658 797 ;
3721 708 3887 776 Ἀλλ’

2212 814 2375 875 ὅντως
2436 811 2463 867 ὅ
2518 818 2753 873 τοιοῦτος
2814 809 3071 888 λογισμὸς
3146 812 3274 886 ὑμῖν
3344 807 3536 877 συνέϐη
3595 809 3707 865 ἀπὸ
3777 816 3887 866 τοῦ

2212 899 2417 976 μᾶλλον
2498 901 2632 976 ὑμᾶς
2688 899 2960 975 δαιμονᾷι.
3027 901 3124 957 Καὶ
3180 900 3280 978 γὰρ
3362 898 3549 979 εἴχετε
3605 898 3709 975 μὲν
3782 899 3887 955 καὶ

2211 990 2397 1069 πρώην
2452 991 2512 1046 τὸ
2572 990 2861 1070 ἀκάθαρτον
2931 994 3138 1065 πνεῦμα
3194 989 3429 1046 ἐνοικοῦν
3483 991 3538 1044 ἐν
3586 991 3747 1069 ὑμῖν,
3780 989 3884 1045 ὅτε

2212 1078 2671 1156 εἰδωλολατρεϊτε,
2732 1080 2815 1134 καὶ
2868 1078 2990 1141 τοὺς
3052 1079 3326 1158 προφήτας
3380 1078 3673 1157 ἐφονεύετε·
3744 1083 3879 1135 εἶτα

2211 1168 2379 1235 ἔδοξεν
2437 1167 2665 1233 ἐξελθεῖν
2723 1165 2947 1242 ἐξῦμῶν,
3017 1172 3137 1223 εἶτα
3165 1174 3253 1223 νῦν
3280 1168 3614 1246 ὑποστρέψαν
3660 1171 3742 1233 εἰς
3775 1170 3877 1225 τὸν

2208 1261 2393 1315 ἑαυτοῦ
2457 1258 2635 1331 οἶκον,
2695 1257 2931 1313 τουτέστι
2987 1257 3083 1320 τὰς
3140 1256 3396 1335 ὑμετέρας
3454 1260 3659 1338 ψυχας,
3726 1260 3876 1333 μετὰ

2206 1348 2518 1423 πνευμάτων
2589 1345 2744 1419 ἐπτα,
2803 1346 2967 1425 ἢγουν
3024 1344 3260 1402 πολλῶν
3310 1348 3370 1401 τὸ
3413 1348 3512 1427 γὰρ
3551 1347 3713 1418 ἐπτέι,
3751 1348 3875 1403 αντὶ

2205 1445 2317 1509 106,
2378 1434 2573 1509 πολλὰ,
2650 1438 2850 1491 νοεῖται
2881 1436 3023 1514 παρὰ
3190 1441 3391 1516 Γραφῇ·
3428 1436 3677 1503 ἐποίησεν
3730 1439 3869 1512 ὑμῖν

2201 1526 2268 1580 τὰ
2333 1525 2537 1603 ἔσχατα
2602 1525 2817 1603 χείρονα
2846 1525 2950 1579 τῶν
2984 1524 3229 1602 πρώτων.
3267 1515 3425 1598 ’Όσῷ
3452 1529 3573 1582 τὸτε
3600 1526 3702 1601 μὲν
3736 1525 3869 1583 ὅταν

2203 1612 2437 1676 εἰδώλοις
2512 1612 2839 1691 ἐλατρεύετε,
2913 1614 3032 1677 τοὺς
3092 1614 3366 1692 προφήτας
3454 1614 3862 1685 ἀπεκτιννιύετε,

2201 1705 2288 1759 καὶ
2346 1704 2492 1759 οὔπω
2551 1702 2700 1759 σῦδὲν
2752 1704 2824 1764 εἷς
2897 1710 2987 1757 τὸν
3040 1708 3130 1757 106
3160 1708 3290 1759 Θεοῦ
3322 1704 3441 1757 Υίὸν
3469 1701 3761 1782 προδήλως
3792 1700 3862 1758 δι’

2200 1796 2337 1869 ὑμᾶς
2396 1793 2450 1849 ἐν
2518 1793 2669 1870 σαρκὶ
2718 1791 2945 1871 φανέντα
2973 1789 3224 1869 ὑϐρίζετε.
3282 1802 3383 1849 Νυν
3432 1790 3487 1847 δὲ
3536 1795 3665 1850 ποία
3708 1792 3861 1854 ἐλπὶς

2202 1882 2487 1962 σωτηρίας,
2561 1880 2650 1938 ὅτε
2706 1882 2793 1937 καὶ
2850 1881 3208 1959 σαρκωθὲντος
3259 1888 3351 1938 τοῦ
3424 1884 3566 1955 Υἱοῦ,
3645 1884 3736 1939 καὶ
3794 1880 3861 1937 δι’

2200 1975 2333 2047 ὑμᾶς
2394 1975 2936 2049 θαυματοιδργοῦντος,
2996 1970 3080 2026 ἐπὶ
3136 1971 3235 2039 τῆς
3268 1972 3427 2038 αὑτῆς
3464 1972 3858 2049 ἀγνωμοσύνης

2203 2064 2291 2118 καὶ
2346 2059 2540 2141 ὕϐρεως
2602 2062 2910 2132 inﬁxus;
2971 2049 3230 2138 "Aw3pm
3287 2058 3341 2115 δὲ
3397 2062 3575 2133 τόποι,
3638 2064 3689 2117 αἱ
3748 2068 3857 2118 τῶν

2201 2150 2366 2226 μηδὲν
2440 2149 2622 2229 ὑδαρὲς
2690 2149 2927 2229 ἐχόντων
2984 2151 3155 2228 ψυχαὶ
3232 2148 3369 2225 μηδέ
3426 2149 3666 2230 ἔκλυτον,
3719 2149 3860 2207 ἄλλα

2201 2242 2287 2317 καὶ
2345 2238 2517 2317 ξηραὶ,
2588 2240 2676 2295 καὶ
2748 2238 3236 2316 μεμεριμνημέναι,
3305 2239 3359 2294 ἐν
3444 2239 3538 2305 αἶς
3610 2238 3859 2315 οὐδεμίαν

2202 2332 2418 2409 εὕρίσκει
2503 2330 2564 2384 τὸ
2647 2327 2852 2402 πνεῦμα
2934 2332 3032 2393 τῆς
3138 2327 3453 2407 ἀκαθαρσίας
3536 2328 3853 2394 ἀνάπαυσιν,

2201 2421 2348 2479 Ἐπεὶ
2404 2423 2574 2478 τοίνυν
2629 2423 2685 2477 ἐν
2756 2433 2878 2484 ταῖς
2962 2421 3228 2483 τοιαύταις
3315 2425 3523 2500 ψυχαῖς
3604 2420 3854 2496 οὒδιμίαν

2199 2512 2517 2581 ἐνοικήσεως
2589 2511 2773 2591 χώραν
2805 2510 2922 2590 ἔχει
2948 2512 2975 2565 ὁ
3006 2511 3262 2589 πονηρὸς,
3297 2509 3383 2566 ἐπὶ
3412 2507 3854 2597 τοὺςνἿουδαίους

2194 2601 2465 2679 τρέπεται,
2536 2602 2624 2656 καὶ
2677 2601 2875 2677 γίνεται
2928 2600 3098 2655 ανῦτῶν
3127 2599 3193 2654 τὰ
3236 2597 3445 2678 ἔσχατα
3474 2600 3696 2680 χείρονα
3741 2601 3856 2656 τῶν

4006 48 4015 221 ί

464 2599 600 2659 Haec
632 2598 791 2661 enim
817 2600 879 2662 in
909 2600 1028 2662 illis
1071 2601 1211 2662 olim
1244 2599 1629 2682 apparebant,
1658 2601 1921 2682 quamvis
1955 2599 2114 2661 idola

464 2687 769 2751 colerent:
800 2709 956 2751 nunc
986 2698 1182 2752 autem
1225 2691 1363 2771 quia
1395 2690 1455 2751 in
1486 2690 1703 2752 Filium
1754 2689 1861 2752 Dei
1894 2708 2109 2770 pecca-

2193 2691 2439 2769 πρώτων·
2505 2689 2677 2748 οὐκέτι
2720 2690 2820 2768 γὰρ
2850 2687 2978 2769 παρ’
3020 2690 3202 2750 αὐτοῖς
3260 2688 3551 2768 προφῆται*
3587 2688 3845 2746 ἀπέκτει-

467 2784 632 2858 runt,
659 2779 936 2841 omnibus
966 2779 1053 2841 illi
1095 2779 1302 2860 privati
1327 2788 1483 2863 sunt.

2193 2801 2284 2834 ναν
2356 2780 2454 2857 γὰρ
2514 2780 2602 2834 τὸν
2659 2776 2842 2855 λόγον·
2878 2776 3047 2833 οὖκὲτι
3079 2775 3304 2854 χρίσμα’
3354 2779 3446 2832 τὸν
3486 2777 3583 2857 γὰρ
3622 2777 3818 2855 Χριστό

468 2865 827 2945 ἐσταύρωσαν,
853 2877 1029 2929 Ταῦτα
1061 2869 1115 2927 δέ
1148 2872 1199 2927 ἐν
1231 2872 1412 2937 αὑτοῖς
1442 2873 1655 2950 ὼρῶντο
1677 2871 1886 2951 πρώην,
1920 2873 1962 2927 εἰ
1992 2872 2077 2927 καὶ
2110 2865 2542 2947 εἷδωλολάτρουν,
2581 2873 2669 2923 νῦν
2699 2864 2753 2922 δὲ
2786 2866 2898 2922 ἐπεὶ
2929 2867 3001 2930 εἷς
3033 2867 3126 2921 τὸν
3162 2867 3279 2921 Υἱὸν
3306 2872 3399 2923 106
3430 2873 3560 2922 Θεοῦ
3585 2864 3828 2943 ἥμαρτον

461 2955 674 3013 πάντων
704 2957 1032 3035 ἐστέρηνται,

540 3043 934 3112 VERS.27-32.
948 3047 1221 3113 «Factum
1241 3056 1330 3112 est
1348 3058 1709 3112 autem.cum
1733 3050 1858 3111 ham
1872 3049 2098 3111 diceret

2260 3046 2500 3125 Ἐγένετο
2556 3044 2610 3101 δὲ
2668 3045 2723 3101 ἐν
2775 3050 2853 3121 τῷ
2910 3044 3083 3125 λέγειν
3144 3046 3299 3102 αὐτὸν
3349 3054 3533 3117 ταῦτα,
3584 3043 3825 3123 ἐπάρασά

463 3134 754 3198 extollens
775 3157 976 3201 vocem
1003 3139 1271 3220 quaedam
1298 3140 1512 3202 mulier
1529 3139 1603 3200 de
1633 3138 2098 3213 turba,dixitilli:

2192 3159 2263 3200 τις
2319 3137 2450 3213 γυνὴ
2517 3136 2697 3215 φωνὴν
2742 3134 2800 3191 ἐκ
2842 3140 2933 3191 τοῦ
2958 3133 3148 3214 ὄχλου,
3180 3148 3331 3191 εἶπεν
3371 3136 3533 3210 αὐτῷ’
3579 3134 3823 3213 Μακαρία

462 3222 676 3285 Beatus
705 3232 913 3290 venter
933 3228 1036 3308 qui
1071 3236 1128 3289 te
1145 3229 1412 3309 portavit,
1451 3238 1507 3291 et
1528 3228 1710 3291 ubera
1725 3248 1854 3309 quae
1871 3246 1936 3290 su
1947 3228 2100 3289 xisti.

2192 3228 2219 3294 ἦ
2276 3226 2451 3282 κοιλία
2506 3227 2540 3292 ἡ
2586 3224 2894 3300 βαστάσασά
2926 3245 3007 3298 σε,
3037 3226 3125 3280 καὶ
3156 3225 3368 3300 μαστοὶ,
3404 3224 3493 3289 οὕς
3545 3225 3841 3296 ἐθήλασας.

459 3313 533 3374 At
562 3312 663 3374 ille
688 3315 833 3376 dixit
858 3337 870 3379 :
896 3316 1359 3398 Quinimo,beati
1379 3318 1478 3399 qui
1501 3319 1747 3380 audiunt
1766 3337 2103 3380 sermonem

2192 3315 2351 3379 Αὐτός
2421 3312 2475 3370 δέ
2547 3318 2692 3369 εἶπε·
2757 3320 3043 3391 Μενοῦνγε,
3118 3312 3366 3392 μακάριοι
3427 3315 3474 3370 οἱ
3556 3315 3841 3379 ἀκούοντες

460 3401 588 3477 Dei,
613 3413 670 3465 et
699 3406 1038 3468 custodiunt
1070 3407 1483 3469 illum.Turbis
1511 3416 1704 3469 autem
1738 3406 2109 3469 condensan-

464 3491 621 3555 tibus
650 3511 714 3555 se
741 3494 919 3576 εοερῆ
940 3495 1142 3558 dicere
1170 3515 1183 3560 :
1217 3496 1381 3559 Natio
1399 3498 1524 3559 haec
1546 3496 1693 3558 mala
1718 3504 1841 3558 est:
1873 3496 2104 3576 signum

458 3582 756 3662 quaerit,et
781 3584 1011 3663 signum
1034 3604 1154 3647 non
1187 3586 1423 3647 dabitur
1452 3586 1530 3662 ei,
1552 3585 1663 3647 nisi
1693 3586 1924 3665 signum
1945 3587 2107 3648 Jonas

459 3673 781 3752 prophetae.
816 3674 965 3736 Nam
999 3674 1150 3736 sicut
1196 3673 1378 3736 Jonas
1408 3676 1640 3755 signum
1674 3675 1781 3735 fuit
1807 3673 2101 3746 Ninivitis,

456 3760 538 3822 ita
567 3763 742 3823 etiam
772 3762 957 3825 Filius
990 3763 1249 3826 hominis
1288 3765 1403 3826 erit
1436 3764 1661 3825 ηειιὶνηί
1710 3762 1829 3825 isti.
1877 3765 2104 3842 Regina

454 3849 635 3910 auStri
667 3859 863 3930 surget
892 3850 950 3912 in
976 3850 1202 3932 judicio
1225 3872 1357 3914 cum
1389 3853 1530 3915 viris
1560 3852 1816 3915 nationis
1836 3853 2103 3933 bujus,et

456 3940 874 4001 condemnabit
904 3940 1058 4002 illos:
1089 3945 1226 4023 quia
1247 3943 1405 4004 venit
1421 3963 1451 4005 a
1472 3941 1691 4005 ﬁnibus
1714 3950 1886 4004 terrae
1908 3951 1969 4004 ut
1991 3964 2100 4004 au-

454 4028 607 4090 diret
628 4028 977 4109 sapientiam
1001 4031 1430 4107 Solomonis,et
1453 4052 1594 4095 ecce
1612 4032 1746 4113 plus
1775 4051 1949 4113 quam
1985 4031 2098 4095 So-

457 4119 1447 4185 lomonhocinloco.ViriNinivitaa
1477 4134 1723 4203 surgent
1770 4122 1828 4183 in
1870 4123 2098 4203 judicio

456 4229 587 4272 cum
610 4210 849 4272 natione
872 4212 1004 4287 hac,
1033 4221 1090 4274 et
1118 4214 1600 4276 condemnabunt
1637 4212 1823 4287 illam,
1860 4214 1997 4293 quia
2026 4214 2096 4275 ad

455 4299 865 4377 paenitentiam
896 4300 1134 4363 adducti
1179 4310 1314 4363 sunt
1356 4302 2008 4383 praedicationelionae:
2045 4311 2102 4363 et

2190 3405 2279 3459 τον
2360 3401 2516 3481 λόγον
2578 3410 2669 3459 τοῦ
2730 3404 2881 3475 Θεοῦ,
2956 3403 3041 3460 καὶ
3098 3400 3453 3481 φυλάσσοντες
3510 3404 3689 3467 αὐτόν,
3724 3412 3841 3463 Τῶν

2189 3491 2242 3548 δέ
2302 3490 2484 3572 ὄχλων
2540 3491 3015 3570 ἐπαθροιζομένων,
3074 3489 3262 3570 ἢρξῦτο
3305 3490 3500 3571 λέγειν·
3560 3484 3623 3551 Ἠ
3682 3497 3843 3572 γενεὰ

2190 3580 2320 3648 αὕτη
2374 3603 2581 3659 πονηρᾳ
2626 3581 2757 3656 ἐστι,
2790 3595 3023 3655 σημεῖον
3054 3580 3320 3661 ἐπιζητεῖ,
3366 3584 3455 3638 καὶ
3510 3597 3741 3658 σημεῖον
3780 3589 3844 3643 οὗ

2188 3669 2462 3740 δοθήσεται
2520 3670 2678 3749 αὒτῇ,
2738 3671 2780 3725 εί
2813 3670 2889 3744 μὴ
2943 3671 3002 3725 τὸ
3033 3684 3265 3745 σημεῖον
3295 3669 3452 3728 Ἰωνᾶ
3481 3679 3573 3728 τοῦ
3622 3669 3839 3753 προφη-

2186 3782 2304 3820 του.
2363 3760 2544 3822 Καθὼς
2611 3760 2711 3838 γὰρ
2765 3758 2973 3838 ἐγένετο
3044 3759 3227 3822 Ἰωνᾶς
3298 3774 3528 3833 σημεῖον
3576 3775 3696 3826 τοῖς
3752 3772 3842 3821 Νι-

2186 3850 2434 3915 νευίταις,
2495 3846 2661 3912 οὕτως
2718 3846 2863 3904 ἔσται
2934 3849 3023 3904 καὶ
3075 3849 3103 3904 ὁ
3136 3851 3253 3911 Υἱὸς
3297 3852 3391 3905 106
3437 3849 3714 3929 ἀνθρώπου
3772 3858 3840 3926 τῇ

2184 3944 2340 4016 γενεᾷ
2419 3938 2608 4014 ταύτῃ.
2694 3935 2979 3993 Βατίλισσα
3036 3959 3190 3994 νοτου
3246 3937 3587 4017 ἐγερθήσεται
3668 3939 3723 3995 ἐν
3776 3948 3845 4017 τῇ

2183 4028 2347 4106 κρίσει
2405 4029 2543 4101 μετα
2600 4033 2705 4081 τῶν
2776 4026 2974 4105 ἀνδρῶν
3030 4031 3126 4093 τῆς
3157 4033 3345 4105 γενεᾶς
3374 4038 3595 4104 ταύτης,
3628 4031 3838 4085 καὶκα-

2181 4128 2419 4193 τακρινεϊ
2490 4117 2695 4182 αὐτοὺς,
2759 4113 2840 4171 ὅτι
2910 4114 3067 4183 ἦλθεν
3110 4115 3170 4173 ἐκ
3198 4121 3303 4172 τῶν
3333 4119 3578 4196 περάτων
3606 4123 3705 4186 τῆς
3735 4118 3836 4196 γῆς

2182 4204 2401 4261 ἄκουσαι
2476 4204 2576 4271 τὴν
2628 4204 2812 4284 σοφίαν
2890 4202 3262 4280 Σολομῶντος,
3321 4213 3408 4262 καὶ
3464 4204 3573 4265 ἰδοὺ
3643 4206 3835 4264 πλεῖον

2184 4292 2528 4368 Σολομῶντος
2578 4282 2716 4355 ὦδε,
2769 4282 2997 4371 ’Ἄνδρες
3032 4304 3303 4354 Νινευῐται
3342 4296 3731 4367 ἀναστήσονται
3783 4295 3836 4352 ἐν

452 4408 594 4451 ecce
644 4389 774 4469 plus
816 4410 991 4472 quam
1029 4390 1180 4454 Jona
1210 4392 1321 4453 hoc
1354 4393 1410 4454 in
1446 4393 1598 4456 loco.
1637 4418 1662 4448 »
1704 4391 2013 4453 l’harisaeis
2043 4400 2101 4452 et

2192 4388 2250 4459 τῇ
2303 4386 2468 4461 κρίσει
2514 4384 2649 4458 μετὰ
2692 4387 2789 4449 τῆς
2822 4389 3007 4459 γενεᾶς
3040 4383 3260 4456 ταύτης,
3308 4387 3395 4441 καὶ
3439 4392 3836 4464 κατακρινοῦσιν

452 4479 676 4540 Scribis
708 4480 988 4541 miracula
1024 4481 1377 4553 taxantibus,
1415 4482 1630 4545 mulier
1645 4482 1894 4560 simplex
1926 4481 2096 4541 dolo-

452 4587 567 4649 que
598 4588 808 4631 carens
839 4569 939 4631 illa
969 4570 1231 4633 celebrat
1262 4571 1372 4635 Ubi
1393 4580 1587 4633 autem
1610 4579 1744 4632 sunt
1774 4570 2100 4649 quidicunt

451 4658 1138 4740 Dominumapparenter
1152 4670 1374 4723 tantum
1391 4659 1904 4741 apparuisse?Hzec
1923 4661 2099 4738 igitur

449 4747 620 4808 testis
643 4747 717 4809 sit
737 4748 893 4831 quod
916 4757 973 4811 et
995 4748 1177 4810 ubera
1200 4750 1425 4812 suxerit
1455 4754 1590 4831 Ipse
1614 4770 1749 4813 vero
1773 4750 1975 4811 beatos
1998 4750 2093 4811 ἀί·-

448 4836 526 4899 cit
548 4834 682 4898 illos
704 4838 801 4917 qui
841 4838 1178 4899 custodiunt
1220 4857 1558 4900 sermonem
1593 4839 1718 4913 Dei,
1756 4859 1872 4901 non
1904 4838 2093 4900 desti-

450 4933 622 4987 tuens
654 4923 1020 4989 beatitudine
1055 4926 1295 4988 Matrem
1323 4928 1695 5003 suamabsit:
1715 4930 1817 4991 sed
1836 4928 2099 4991 ostendit

447 5013 601 5094 quod
636 5014 810 5075 etiam
836 5014 924 5076 illi
957 5015 1117 5076 nulla
1153 5015 1376 5078 utilitas
1408 5017 1602 5078 futura
1631 5017 1706 5079 sit
1738 5036 1804 5078 ex
1843 5034 1912 5077 eo
1936 5015 2093 5097 quod

447 5103 680 5184 peperit
702 5110 757 5164 et
778 5103 1076 5166 lactawrit
1093 5104 1309 5186 ipsum,
1330 5106 1445 5166 nisi
1460 5105 1700 5167 virtutes
1716 5105 1859 5167 alias
1879 5122 2088 5165 omnes

445 5192 683 5254 habeat.
719 5191 969 5273 Insuper
990 5203 1048 5254 et
1070 5194 1196 5255 haec
1216 5194 1565 5275 tempestive
1582 5194 1906 5267 dicit.Quia
1927 5194 2085 5255 enim

445 5279 625 5343 invidi
655 5295 715 5343 et
742 5282 1149 5344 inobedientes
1184 5284 1510 5363 arguebant
1540 5285 1688 5346 alios
1720 5284 1821 5365 qui
1852 5302 2088 5344 sermo-

445 5389 552 5432 nes
595 5371 725 5450 ejus
762 5371 1101 5447 audiebant,
1136 5371 1269 5434 ideo
1316 5374 1586 5435 Christus
1624 5382 1830 5435 contra
1883 5372 2089 5434 beatos

445 5478 551 5520 eos
592 5458 732 5519 dicit
781 5459 882 5542 qui
938 5460 1209 5535 audiunt,
1247 5463 1538 5526 Fortassis
1592 5473 1787 5526 autem
1840 5467 1900 5525 et
1947 5480 2087 5541 pro-

443 5554 576 5629 pter
603 5555 872 5610 sanatum
904 5550 1150 5633 surdum
1197 5551 1323 5627 haec
1353 5551 1496 5614 dicit
1529 5573 1543 5611 :
1590 5563 1651 5614 ut
1690 5560 1748 5615 et
1795 5552 1922 5633 ipse
1953 5568 2088 5613 cum

440 5636 741 5713 audierit,
805 5632 1432 5717 fac‘iat"‘sermonemi,
1485 5648 1545 5704 et
1600 5662 1718 5705 non
1776 5632 1885 5705 ﬁat
1926 5640 1982 5703 ei
2032 5639 2090 5702 in

2181 4474 2366 4549 αςιτὴν,
2425 4471 2505 4527 ὅτι
2576 4493 2902 4547 μετενοησαν
2932 4476 3006 4536 εὶς
3036 4474 3095 4528 τὸ
3125 4473 3374 4552 κηρυγμα
3400 4472 3578 4547 Ἰωνᾶ,
3609 4476 3698 4531 καὶ
3727 4472 3836 4530 ἰδοὺ

2184 4561 2371 4633 πλεῖον
2427 4560 2580 4617 Ἰωνᾶ
2634 4558 2759 4618 ὧδε.
2800 4584 2826 4615 ι»
2873 4566 2989 4618 Τῶν
3021 4563 3323 4636 Φαρισαίων
3352 4564 3439 4619 καὶ
3471 4562 3833 4642 Γραμματέων

2180 4648 2569 4706 διαϐαλλόντων
2638 4651 2705 4706 τὰ
2732 4650 2992 4725 θαύματα,
3044 4652 3078 4718 ἡ
3123 4652 3255 4730 γυνή
3304 4653 3365 4708 τὸ
3410 4650 3597 4709 ἄδολον
3639 4657 3833 4732 χρῆμα

2180 4744 2267 4797 καὶ
2324 4739 2522 4799 ἅπλοῦν
2573 4740 2826 4818 εὐφημεῖ,
2904 4742 3011 4797 H06
3066 4738 3145 4821 δέ,
3171 4742 3301 4798 εἰσιν
3329 4744 3377 4798 οἱ
3431 4740 3677 4821 λέγοντες
3708 4763 3836 4821 φαν-

2178 4830 2330 4902 τασίᾳ
2386 4834 2616 4905 φανῆναι
2676 4831 2767 4884 τὸν
2826 4826 3070 4907 Κύριον;
3136 4819 3264 4887 ἰδοὺ
3338 4832 3438 4910 γὰρ
3484 4819 3572 4888 καὶ
3601 4819 3832 4907 μαστοὺς

2177 4918 2405 4985 θηλάσαι
2465 4930 2832 4995 μαρτυρεῖται.
2881 4918 3048 4981 Αὐτὸς
3079 4916 3134 4974 δὲ
3163 4920 3437 4997 μακαρίζει
3464 4921 3584 4984 τοὺς
3632 4918 3836 4999 φυλάσ-

2181 5031 2366 5071 σοντας
2436 5009 2526 5063 τὸν
2556 5006 2716 5086 λόγον
2749 5014 2841 5064 106
2885 5008 3040 5085 6503,
3075 5010 3171 5066 οἰκ
3211 5006 3487 5065 ἐκϐάλλων
3518 5017 3611 5067 τοῦ
3648 5031 3833 5085 μακα-

2180 5097 2368 5179 ρισμοῦ
2423 5098 2521 5164 την
2580 5096 2796 5171 Μητέρα
2857 5098 3035 5171 αὑτοῦ,
3094 5096 3292 5176 ἄπαγε,
3350 5096 3488 5155 ἀλλὰ
3555 5096 3829 5173 δεικνύων,

2171 5188 2251 5245 ὃτι
2296 5185 2440 5244 οωέν
2500 5184 2616 5242 οὖδέ
2662 5185 2836 5253 ἐκείνη
2909 5185 3310 5267 ὠφεληθήσεται
3360 5187 3465 5243 ἀπὸ
3519 5196 3612 5245 106
3656 5200 3833 5244 τεκεῖν

2171 5281 2326 5335 αὐτὸν
2396 5278 2483 5332 καὶ
2511 5274 2797 5357 θηλασσαι,
2872 5278 2914 5332 εἰ
2960 5278 3036 5352 μὴ
3094 5280 3181 5334 καὶ
3252 5278 3351 5344 τὴν
3408 5275 3579 5344 ἄλλην
3622 5277 3832 5334 ἅπασαν

2171 5366 2360 5445 ἀρετὴν
2419 5365 2563 5440 ἔχοι.
2640 5354 2807 5445 "Atta
2864 5364 2918 5421 δὲ
2988 5367 3076 5423 καὶ
3134 5368 3263 5445 πρὸς
3293 5368 3386 5423 τὸν
3432 5368 3613 5445 καιρὸν
3670 5368 3833 5423 ταῦτα

2173 5443 2358 5537 ςρησιν.
2433 5453 2584 5510 Ἐπεὶ
2627 5443 2802 5532 γαροί
2833 5455 3087 5531 βάσκανοι
3119 5443 3205 5512 καὶ
3236 5455 3456 5526 ἀνήκοοι
3500 5443 3604 5511 τῶν
3655 5454 3831 5533 λόγων

2174 5548 2331 5603 αύτοῦ
2391 5540 2664 5600 διέϐαλλον
2714 5546 2835 5608 τούς
2895 5545 3203 5627 ἀκούοντας,
3260 5547 3415 5610 αὐτὸς
3460 5547 3520 5602 τὸ
3596 5544 3829 5603 ἐναντίον

2173 5641 2365 5714 ποιῶν,
2426 5631 2631 5710 μᾶλλον
2685 5634 2957 5714 μακαρίζει
3012 5635 3133 5699 τοὺς
3204 5635 3512 5699 ἀκούοντας.
3568 5633 3725 5715 Τάχα
3771 5630 3827 5689 δὲ
