4132 6278
256 350 418 420 865

1073 354 1515 423 ΕΝΑΗΗΑΤΙΟ
1544 359 1623 426 IN
1668 354 1926 424 EVANG

2011 352 2175 417 JUM
2223 300 2463 419 LUCE.
2510 389 2589 401 -
2631 352 2794 420 CAP.
2831 350 2933 420 XI.

3556 348 3679 447 βοδ

255 496 376 543 και
453 486 539 545 διὰ
608 492 698 546 τὸν
734 489 942 547 ἱαθέντα
985 491 1162 569 κωφὸν
1193 489 1355 547 ταῦτά
1386 512 1571 569 φησιν,
1611 491 1692 545 ἱνα
1739 492 1823 546 καὶ
1855 490 1918 545 αὖ

2011 537 2012 541 η
2039 490 2594 553 condemnationem
2647 499 2886 571 recepta
2941 492 3219 555 audiendi
3248 493 3435 573 ,559,
3465 494 3669 579 virtus.

253 579 379 642 τὰς
448 579 679 642 ἀκούσας
752 578 953 660 φυλάξῃ
982 581 1074 637 τὸν
1117 578 1299 658 λόγον,
1350 580 1438 634 καὶ
1469 580 1545 654 μὴ
1574 580 1781 656 γίνηται
1814 580 1954 652 αὒτῷ

251 668 304 734 ἡ
398 670 537 747 πρὸς
595 671 656 726 τὸ
710 669 917 725 ἀκούειν
988 667 1206 743 δύναμις
1260 670 1333 730 εἷς
1390 668 1719 746 κατάκρισιν,
1753 675 1867 725 Τῶν
1898 666 1952 723 δὲ

254 756 483 835 ὄχλων
557 756 1036 836 ἐπαθροιζομένων,
1106 756 1300 834 ἣρξατο
1360 759 1387 812 ὁ
1464 759 1648 834 Κὺριος
1709 756 1952 837 ἐλέγχειν

252 847 412 909 τοὺς
450 849 794 925 ἁγνωμονας,
832 844 1050 913 Ἐπειδὴ
1081 847 1181 924 γὰρ
1239 844 1374 912 ἦσάν
1404 867 1543 909 τινες
1575 845 1694 923 παρ’
1770 846 1952 909 αὐτοῖς

258 937 324 991 οἱ
382 939 670 1007 ζητοῦντες
728 948 960 1011 σημεῖον
990 934 1041 999 ἐξ
1111 934 1329 1014 ούρανοῦ
1387 933 1626 1013 γενέσθαι
1682 936 1821 1012 παρᾶ
1862 942 1952 991 τοῦ

260 1023 496 1091 Ἰησοῦ·
564 1025 746 1103 ἔλεγον
779 1017 907 1103 γᾶρ,
956 1024 1040 1079 ὅτι
1077 1013 1225 1081 ”Οσα
1263 1037 1412 1079 ποιεῖ
1442 1037 1671 1103 σημεῖα,
1719 1025 1820 1079 ἀπὸ
1852 1025 1974 1102 γῆς

257 1116 411 1189 εἰσι,
477 1116 565 1171 καὶ
624 1114 678 1169 ἐν
738 1110 1054 1185 Βεελζεϐοὺλ
1110 1120 1274 1169 ταῦτα
1327 1126 1477 1169 ποιεῖ
1507 1119 1585 1186 τῷ
1642 1114 1947 1192 κοσμοκρά-

254 1224 426 1283 τορι,
500 1206 574 1266 ὡς
634 1202 816 1282 ἔχοντι
873 1207 973 1268 τῆς
1031 1201 1131 1279 γῆς
1189 1200 1444 1274 ἐξουσίαν,
1477 1200 1530 1266 ἓξ
1561 1205 1780 1279 οὐρανοῦ
1807 1200 1860 1256 δὲ
1891 1204 1950 1259 ού

258 1289 501 1347 δύναται
560 1296 809 1363 ποιῆσαι,
866 1295 958 1347 οἶα
1003 1292 1080 1358 μὴ
1129 1298 1222 1347 τοῦ
1273 1290 1510 1368 οὖρανίιλυ
1557 1292 1757 1369 Πατρὸς
1833 1292 1948 1357 Υἱὸς

256 1378 378 1441 ὤν,
451 1378 602 1437 Ἐπεὶ
662 1380 751 1435 οὖν
822 1381 959 1448 ἦσάν
991 1402 1129 1442 τινες
1161 1382 1207 1435 οἱ
1236 1386 1401 1438 ταῦτα
1430 1379 1705 1454 λέγοντες,
1764 1380 1947 1437 τούτου

258 1467 465 1525 ἕνεκεν
523 1468 740 1548 ἐλέγχει
790 1468 974 1539 αὖτοὺς
1034 1472 1062 1525 ὁ
1120 1470 1332 1543 Κύριος,
1379 1470 1465 1524 καὶ
1496 1491 1680 1547 φησιν,
1712 1469 1791 1525 ὃτι
1838 1480 1940 1525 Δο-

258 1559 504 1627 Θήσεται
574 1559 701 1633 ὑμῖν
753 1572 1007 1634 σημεῖον,
1083 1557 1212 1635 ὅπερ
1241 1556 1391 1622 δείξει
1424 1579 1488 1631 με
1538 1556 1788 1624 ἀληθινὸν
1822 1560 1940 1614 Υίὸν

260 1653 374 1702 ’τοῦ
438 1646 675 1725 οὗρανίου
750 1646 971 1726 Πατρός.
1041 1654 1204 1703 Ποῖον
1274 1654 1427 1703 τοῦτο
1462 1666 1477 1719 ;
1514 1650 1581 1704 Τὸ
1630 1654 1720 1705 τοῦ
1765 1639 1936 1723 Ἰωνᾶ,

262 1738 451 1813 ἤγουν
508 1736 568 1792 tri
623 1742 721 1799 τῆς
779 1737 1139 1800 ἀναστάσεως.
1172 1727 1388 1811 ΗΩσπερ
1416 1735 1514 1814 γὰρ
1540 1735 1744 1801 ἐκεῖνος
1794 1750 1940 1814 τρεῖς

263 1824 490 1899 ἡμέρας
546 1826 794 1893 ἐποίησεν
871 1825 926 1881 ἐν
981 1834 1050 1903 τῇ
1121 1824 1296 1898 κοιλίᾳ
1353 1833 1445 1882 τοῦ
1501 1826 1717 1899 κήτους,

264 1912 435 1993 κΞίγὼ
489 1915 638 1992 τρεῖς
710 1914 909 1990 ἡμέρας
941 1917 1169 1985 ποιήσας
1201 1915 1253 1970 ἐν
1284 1920 1351 1989 τῇ
1379 1913 1554 1986 κοιλίᾳ
1595 1937 1684 1971 του
1715 1903 1935 1984 κήτους,

263 2010 373 2060 ’τοῦ
426 2002 670 2081 μεγάλου
740 2007 923 2082 θηρὸς,
986 2012 1074 2061 τοῦ
1146 2003 1291 2083 ᾅδου,
1350 2004 1739 2079 ἁναστήσομαι,
1790 1996 1938 2061 Ἀλλ’

272 2092 442 2149 Ἰωνᾶ
500 2092 596 2168 μὲν
667 2095 801 2169 μετὰ
870 2095 969 2161 τὴν
1018 2093 1079 2150 ἐκ
1120 2100 1213 2150 τοῦ
1240 2094 1434 2163 κήτους
1480 2093 1601 2149 οἷον
1653 2091 1935 2149 ἀναϐίωσιν

268 2182 596 2260 κηρύσσοντι
654 2182 973 2250 ἐπείσθησαν
1032 2186 1078 2239 οἱ
1155 2192 1450 2254 Νινεοϊται,
1538 2181 1655 2255 ἐμοὶ
1739 2180 1792 2236 δὲ
1850 2185 1937 2239 καὶ

271 2271 565 2328 ἀναστάντι
624 2274 685 2328 ού
744 2273 1010 2328 πιστεύσει
1060 2273 1096 2339 ⁵η
1126 2272 1283 2350 γενεὰ
1313 2270 1470 2337 αὕτη·
1518 2269 1633 2326 ὅθεν
1675 2294 1933 2351 κατακρι-

270 2362 550 2431 θήσονται,
614 2361 692 2417 ὅτι
739 2364 1008 2423 Νινευίτας
1072 2361 1167 2418 οὒκ
1221 2361 1573 2436 ἓμιμὴσαντο,
1648 2362 1818 2415 καίτοι
1875 2383 1934 2439 γε

272 2448 471 2506 πλεῖον
541 2450 693 2507 Ἰωνᾶ
761 2448 885 2510 ὦδε.
920 2451 989 2508 Τό
1020 2472 1077 2506 τε
1107 2451 1208 2528 γὰρ
1238 2448 1441 2524 ἀξίωμα
1470 2450 1530 2503 τὸ
1562 2448 1689 2520 ἐμὸν
1731 2451 1821 2505 καὶ
1873 2451 1932 2504 τὸ

272 2541 370 2595 τοῦ
421 2540 760 2619 κηρύγματος
823 2538 969 2603 ε³ιδος
1029 2538 1237 2607 πολλὴν
1295 2537 1541 2619 διαφορὰν
1593 2536 1930 2599 ἐνδείκνυται.

277 2627 425 2705 Ἐγὼ
485 2618 783 2704 Δεσπότης,
841 2627 1046 2692 ἐκεῖνος
1070 2627 1309 2692 .“δοῠλος.
1362 2618 1502 2705 Ἐγὼ
1548 2625 1817 2703 βασιλείαν
1846 2630 1931 2686 οὔ·

275 2723 449 2793 ρανῶν
506 2717 778 2796 κηρύσσω,
856 2718 1065 2782 ἐκεῖνος
1148 2717 1413 2794 σωτηρίαν
1471 2716 1569 2782 τὴν
1653 2717 1758 2772 ἀπὸ
1834 2716 1929 2784 τῆς

274 2811 671 2887 καταστροφῆς.
734 2807 878 2886 Ἐγὼ
951 2808 1087 2882 μετὰ
1138 2806 1444 2884 θαυμάτων,
1516 2805 1722 2868 ἐκεῖνος
1782 2802 1927 2861 οὗδέν

273 2898 502 2966 ποιήσας
556 2901 752 2971 θαῦμα,
818 2890 1043 2973 Ὀμοίως
1084 2897 1173 2953 καὶ
1204 2898 1238 2963 ἡ
1284 2894 1567 2972 βασίλισσα
1624 2903 1716 2952 τοῦ
1775 2895 1926 2950 νότου

273 2999 584 3063 κατακρινεῖ
638 2987 739 3053 τὴν
794 2987 978 3063 γενεὰν
1048 2986 1273 3063 ταύτην,
1333 2985 1413 3040 ὃτι
1442 2986 1505 3039 ὲκ
1554 2983 1797 3061 περάτων
1827 2987 1927 3061 γῆς

274 3072 432 3140 ἦλθεν
490 3074 706 3134 ἀκοῦσαι
770 3076 868 3141 τὴν
913 3076 1099 3154 σοφίαν
1151 3073 1523 3148 Σολομῶντος.
1562 3072 1684 3129 Νόει
1723 3069 1777 3126 δέ
1835 3094 1924 3147 μοι

1805 1786 1942 1907 obsto
1967 1786 2000 1834 Β
2028 1829 2334 1901 postquam
2372 1823 2527 1882 velut
2549 1786 2776 1885 ,revixit
2804 1786 3108 1886 exDventre
3139 1827 3275 1899 ceti,
3325 1786 3667 1907 praiadicanti

2036 579 2542 656 Corugregantibus
2572 590 2768 641 autem
2796 600 2859 641 se
2892 581 3098 658 turbis,
3142 582 3320 662 ccepit
3366 582 3537 656 Jesus
3571 603 3669 645 re-

2039 669 2409 743 prehendere
2438 669 2720 746 ingratos.
2754 668 2895 730 Nam
2928 671 3205 750 quoniam
3239 681 3406 733 erant
3433 674 3670 755 quidam

2024 757 2183 834 apud
2238 776 2341 817 eos
2399 758 2497 837 qui
2540 758 2885 838 quaerebant
2938 760 3169 838 signum
3221 760 3295 821 de
3344 763 3494 824 coelo
3544 763 3672 826 fieri

2035 864 2064 904 a
2094 843 2260 924 Jesu,
2295 847 2572 908 dicebant
2602 847 2758 907 enim
2796 864 2807 908 :
2847 846 3022 924 Signa
3054 868 3185 928 quae
3239 850 3377 912 fecit
3409 852 3481 910 de
3516 862 3672 927 terra

2036 942 2193 999 sunt.
2251 943 2305 994 et
2355 936 2490 995 facit
2528 954 2596 994 ea
2648 939 2704 994 in
2754 935 3067 996 Beelzebul
3129 939 3331 997 mundi
3380 940 3669 1020 principe,

2036 1023 2132 1100 qui
2170 1032 2516 1101 potestatem
2551 1023 2726 1084 habet
2757 1034 2928 1085 terrae
2962 1047 2973 1085 :
3010 1026 3085 1085 de
3142 1028 3289 1086 creto
3322 1039 3519 1089 autem
3553 1049 3673 1089 non

2039 1112 2352 1189 poterit.eu
2386 1114 2541 1192 quod
2579 1132 2692 1172 non
2718 1114 2791 1172 sit
2814 1113 2993 1174 Filius
3019 1114 3207 1175 Patris
3228 1115 3671 1197 ccelestiszquia,

2034 1200 2299 1279 inquam,
2333 1203 2569 1261 luerunt
2596 1201 2831 1281 quidam
2876 1203 2998 1264 haec
3021 1204 3310 1276 dicentes,
3339 1207 3467 1285 ejus
3489 1208 3675 1285 gratia

2030 1288 2220 1366 arguit
2239 1309 2341 1350 eos
2366 1289 2741 1364 Dominus,et
2759 1292 2918 1352 dicit:
2946 1293 3187 1354 Dabitur
3210 1294 3372 1356 Vobis
3410 1294 3669 1375 signum,

2031 1380 2187 1457 quod
2218 1380 2491 1440 ostendet
2522 1399 2616 1440 me
2673 1398 2872 1440 verum
2926 1381 3133 1442 Filium
3166 1382 3429 1443 caelestis
3463 1388 3671 1455 Patris.

2031 1466 2213 1539 Quale
2248 1469 2387 1532 hoc?
2440 1472 2601 1529 .lunze
2634 1468 2890 1547 signum,
2931 1472 3037 1530 hoc
3072 1480 3160 1531 est
3188 1474 3668 1539 resurrectionis.

2022 1555 2187 1645 Sicut
2219 1558 2374 1617 enim
2431 1558 2527 1618 ille
2554 1558 2743 1645 tribus
2774 1558 2990 1619 diebus
3024 1560 3133 1623 fuit
3178 1561 3238 1620 in
3290 1572 3499 1631 ventre
3530 1568 3668 1645 ceti,

2023 1641 2100 1702 ita
2135 1652 2203 1713 et,
2222 1662 2333 1721 ego
2382 1658 2504 1704 tres
2535 1644 2663 1704 dies
2710 1644 2917 1706 faciam
2952 1646 3008 1706 iu
3058 1657 3259 1709 ventre
3304 1651 3495 1728 magni
3528 1641 3665 1727 ceti,

2025 1732 2137 1792 hoc
2192 1742 2278 1792 est
2322 1733 2563 1813 inferni,
2599 1743 2654 1794 et
2684 1752 3013 1814 resurgam.
3069 1737 3141 1798 At
3190 1739 3353 1799 Jonze
3400 1741 3666 1822 quidem,

2026 1910 2406 1972 crediderunt
2438 1912 2750 1975 Ninivitiez
2788 1915 2935 1977 mihi
2967 1924 3159 1977 autem
3188 1917 3361 1977 etiam
3396 1937 3665 1987 cumre-

2016 2016 2359 2072 surrexero,
2391 2020 2506 2061 nou
2541 2003 2738 2063 credet
2772 2004 3076 2080 generatio
3109 2005 3254 2065 ista:
3309 2007 3465 2067 unde
3513 2028 3663 2079 con-

2020 2087 2477 2163 demnabuntur,
2516 2091 2669 2170 quod
2718 2110 2910 2172 neque
2956 2094 3246 2159 Ninivitas
3276 2095 3397 2158 sint
3427 2095 3661 2171 imitati,

2019 2179 2284 2256 quamvis
2319 2179 2505 2258 major
2528 2200 2682 2241 nunc
2716 2182 2810 2242 hic
2842 2182 2991 2241 adsit
3014 2202 3190 2259 quam
3219 2183 3388 2245 Jona.
3419 2186 3562 2248 Nam
3587 2188 3663 2249 ob

2021 2284 2211 2326 meam
2251 2268 2595 2346 dignitatem
2646 2278 2702 2331 et
2757 2271 3437 2361 prmdicationislgenus,
3474 2278 3665 2357 major

2021 2364 2379 2416 monstratur
2402 2359 2774 2420 excellentia.
2791 2361 2925 2449 Ego
2945 2359 3251 2442 Dominus,
3288 2364 3388 2424 ille
3410 2384 3614 2449 servus
3641 2386 3654 2431 :

2014 2462 2125 2523 ego
2158 2463 2405 2521 regnum
2431 2449 2713 2508 caelorum
2751 2448 3140 2529 praedicoﬁlle
3155 2452 3403 2521 salutem
3428 2474 3502 2514 ne
3528 2475 3658 2535 per-

2016 2537 2168 2594 irent
2201 2552 2213 2594 :
2243 2553 2348 2611 ego
2381 2556 2512 2596 cum
2549 2537 2871 2618 miraculis,
2904 2538 3003 2599 ille
3059 2538 3281 2619 absque
3334 2542 3655 2607 miraculis.

2013 2620 2298 2684 Similiter
2329 2633 2387 2684 et
2418 2626 2623 2703 regina
2664 2628 2846 2687 austri
2895 2628 3315 2690 condemnabit
3358 2633 3654 2699 nationem

2013 2709 2185 2783 hanc,
2222 2714 2356 2793 quia
2388 2733 2455 2775 ex
2484 2715 2702 2775 tiuibus
2736 2726 2906 2777 terra;
2963 2718 3121 2778 venit
3168 2729 3230 2778 ut
3276 2720 3506 2782 audiret
3553 2741 3654 2783 3.1-

2012 2800 2292 2880 pientiam
2324 2801 2658 2893 Solomonis
2693 2808 3657 2893 lutettigasquoque,obserro.per

2011 2891 2179 2967 regin
2202 2911 2277 2949 un
2309 2892 2510 2962 austri,
2537 2912 2774 2953 omnem
2801 2897 3061 2954 animam
3084 2914 3215 2975 quae
3236 2896 3294 2955 in
3322 2891 3474 2957 bono
3500 2902 3650 2965 vali-

2010 2979 2086 3068 da
2110 2988 2197 3038 est
2228 2990 2283 3039 et
2320 2984 2758 3059 perseverat.Et
2796 2997 2857 3043 ut
2894 2976 3007 3043 tale
3039 2984 3175 3063 quid
3211 2984 3428 3053 dicam,
3454 2990 3649 3068 aquilo

2010 3067 2071 3126 in
2103 3068 2754 3147 Scripturainl‘amatur
2784 3080 3062 3151 tanquam
3093 3071 3412 3134 adversarii
3459 3067 3647 3154 regio.

275 3164 365 3218 καὶ
429 3170 602 3219 πᾶσαν
673 3165 858 3244 ψυχὴν
916 3164 967 3220 ἐν
1013 3171 1088 3238 τῷ
1116 3162 1266 3237 καλῷ
1321 3168 1613 3241 κρατοῦσαν
1652 3162 1739 3216 καὶ
1769 3162 1922 3216 ἱστα-

2011 3156 2214 3219 Gclida
2237 3138 2392 3218 enim
2428 3168 2513 3218 est
2546 3168 2605 3222 et
2637 3160 2846 3239 rigida,
2880 3138 2948 3220 a'c
2982 3168 3212 3221 mortua
3251 3162 3408 3223 facit.
3437 3138 3653 3229 Auster

278 3252 444 3328 μένην
499 3254 806 3329 βασίλισσαν
859 3264 952 3313 τοῦ
1001 3255 1172 3314 νότου.
1221 3253 1352 3310 Οἷόν
1406 3252 1457 3308 τί
1488 3274 1652 3332 φημι.
1682 3253 1710 3307 ὁ
1738 3250 1923 3329 βοῤῥᾶς

276 3346 418 3423 παρὰ
456 3351 525 3422 τῇ
580 3348 763 3428 Γραφῆ
813 3345 1169 3420 διαϐάλλεται,
1255 3348 1325 3409 ὡς
1394 3344 1486 3401 τοῦ
1562 3343 1926 3417 ἀντικειμένου

277 3434 461 3498 τόπος’
516 3438 724 3515 ψυχρὸς
780 3438 880 3517 γὰρ
942 3439 1031 3493 καὶ
1088 3436 1397 3516 νεκροποιὸς
1444 3435 1533 3490 καὶ
1562 3431 1859 3511 ναρκώδης⁶
1894 3436 1922 3490 ὁ

274 3521 330 3579 δὲ
400 3524 550 3587 νότος
581 3524 876 3582 ἐπαινεῖται
905 3527 979 3590 ὡς
1024 3532 1230 3601 πνεῦμα
1266 3525 1457 3602 θερμὸν
1501 3521 1589 3577 καὶ
1631 3522 1916 3599 ζωογόνον,

277 3614 362 3669 καὶ
427 3618 555 3692 τῶν.
589 3617 987 3692 νεναρκηκότων
1040 3613 1218 3689 μελῶν
1274 3612 1584 3671 θαλπτικόν.
1637 3612 1729 3664 Διὸ
1757 3612 1917 3679 καὶῆ

276 3702 331 3757 ἐν
386 3707 461 3776 τῷ
521 3686 763 3779 ’ὶᾼσματι
822 3705 1000 3784 νὺμιρη
1043 3686 1150 3760 -τὸν
1201 3702 1390 3781 βοῤῥᾶν
1446 3699 1729 3768 διώκουσα,
1764 3698 1915 3765 Ἐξε-

274 3791 508 3869 γέρθητι,
560 3791 720 3871 φησί,
779 3791 959 3871 βοῤῥᾶ,
1020 3798 1107 3848 καὶ
1138 3789 1322 3871 ἔρχου,
1371 3791 1511 3851 νότε.
1544 3785 1648 3848 Καὶ
1700 3786 1859 3844 πάλιν
1888 3793 1916 3846 ὁ

274 3881 547 3959 προφήτης
618 3882 768 3960 φησὶ*
829 3878 933 3940 Καὶ
1001 3882 1093 3937 τὸν
1149 3880 1253 3936 ἀπὸ
1340 3879 1498 3957 βορῤἇ
1573 3873 1911 3956 ὲξολοθρεύσῃ

279 3969 480 4047 Κύριος,
535 3966 782 4035 δηλονότι
843 3970 936 4026 τὸν
1007 3975 1274 4030 Σατανᾶν.
1345 3963 1405 4026 Ἠ
1451 3970 1619 4025 τοίνυν
1671 3967 1824 4045 ψυχὴ
1881 3979 1916 4044 ἡ

277 4056 613 4135 βασιλεὺουσα
670 4058 724 4114 ἐν
782 4065 861 4133 τῷ
932 4060 1093 4134 νότῳ,
1158 4064 1226 4136 τῇ
1269 4058 1441 4137 ἀγαθῇ
1494 4058 1660 4138 μερίδι
1700 4059 1787 4118 καὶ
1844 4064 1920 4130 τῷ

272 4148 606 4221 πνευματικῷ
663 4148 781 4223 βίῳ,
858 4150 944 4204 καὶ
999 4148 1084 4205 διὰ
1135 4153 1233 4215 τῆς
1265 4154 1563 4227 πρακτικῆς
1617 4151 1680 4206 τὸ
1728 4149 1918 4229 κράτος

273 4235 489 4315 ἔχουσα,
554 4235 775 4316 ἔρχεται
834 4239 908 4301 εἷς
975 4239 1038 4294 τὸ
1095 4238 1316 4296 ἀκοῦσαι
1364 4237 1463 4304 τὴν
1517 4240 1725 4317 σοφίαν,
1792 4238 1921 4315 ὅπερ

2010 3263 2145 3306 vero
2188 3247 2457 3307 laudatur
2514 3257 2577 3308 ut
2624 3258 2829 3313 ventus
2868 3249 3118 3313 calidus
3148 3262 3206 3311 et
3236 3252 3557 3328 viviticans,
3592 3265 3652 3318 et

2007 3336 2238 3414 stupida
2297 3336 2565 3397 membra
2615 3339 2960 3403 confovens.
2996 3338 3137 3401 Ideo
3183 3348 3241 3400 et
3282 3340 3342 3401 in
3390 3340 3651 3405 Canticis

2006 3443 2222 3503 sponsa
2252 3426 2587 3506 aquilonem
2633 3431 2840 3506 fugans
2872 3428 3014 3490 dicit
3048 3450 3060 3490 :
3097 3428 3305 3508 Surge,
3341 3433 3559 3512 aquilo;
3591 3444 3651 3496 et

2008 3515 2135 3573 veni
2186 3514 2484 3575 auster.Et
2513 3517 2727 3577 iterum
2764 3518 3051 3597 propheta
3080 3517 3221 3579 dicit
3246 3541 3258 3580 :
3282 3519 3351 3581 Et
3381 3539 3513 3581 eum
3545 3526 3648 3603 qui

2002 3603 2074 3664 ab
2108 3606 2382 3684 aquilone
2415 3614 2524 3679 est,
2560 3606 2976 3667 exterminabit
3025 3607 3331 3684 Dominus,
3373 3608 3647 3673 Satanam

2000 3692 2250 3756 scilicet.
2310 3695 2488 3770 [gitur
2518 3695 2715 3757 anima
2754 3714 2884 3776 qua:
2913 3705 3123 3775 regnat
3150 3697 3210 3757 in
3238 3699 3524 3779 austro,iu
3548 3702 3651 3763 ho-

2001 3801 2075 3843 na
2106 3791 2268 3863 parte
2288 3785 2610 3864 spiritualis
2637 3784 2848 3863 vitaa,et
2869 3785 3184 3864 imperium
3214 3787 3389 3847 habet
3420 3790 3478 3850 in
3510 3808 3647 3871 ope-

1997 3873 2352 3935 ribus.venit
2382 3883 2442 3934 ut
2473 3875 2665 3935 audiat
2706 3874 3204 3953 sapientiam,hoc
3239 3886 3353 3957 est,
3388 3878 3461 3939 ad
3496 3898 3644 3941 con-

2003 3963 2448 4041 templationem
2471 3963 3071 4043 ascendit.Sapientia
3107 3965 3265 4025 enim
3301 3965 3645 4032 Solomonis

2004 4052 2230 4131 paciﬁci
2264 4053 2447 4128 regis,
2482 4052 2717 4113 Domini
2766 4063 2824 4113 et
2859 4053 2965 4115 Dei
2997 4054 3183 4114 nostri
3225 4057 3644 4138 contemplatio

2005 4149 2094 4200 est
2126 4159 2138 4202 :
2167 4141 2239 4201 ad
2273 4159 2447 4219 quam
2482 4160 2597 4201 non
2630 4143 2820 4203 veniet
2859 4142 2993 4227 quis
3030 4143 3244 4217 aliter,
3281 4144 3391 4204 nisi
3423 4164 3640 4231 regna-

2004 4234 2150 4290 verit
2178 4229 2240 4289 in
2273 4230 2428 4290 bona
2458 4230 2593 4302 vita,
2629 4241 2685 4291 et
2716 4249 2823 4309 per
2851 4224 3097 4292 activam
3132 4231 3529 4311 imperaverit.

272 4325 431 4398 ἔστιν,
464 4327 535 4390 εἷς
563 4326 784 4405 θεωρίαν
816 4324 1108 4387 ἀναϐαίνει.
1156 4318 1237 4395 ,ῘΗ
1267 4327 1366 4405 γὰρ
1398 4328 1551 4406 σοφία
1593 4335 1686 4384 τοῦ
1732 4325 2081 4399 Σολομῶντος
2136 4323 2228 4375 τοῦ
2258 4321 2520 4397 εἴρηνικιῦ
2549 4320 2836 4400 βασιλέως,
2870 4328 2961 4377 τοῦ
2995 4322 3179 4397 Κυρίου
3207 4326 3292 4378 καὶ
3326 4330 3455 4379 Θεοῦ
3484 4327 3641 4401 ἡμῶν

276 4417 312 4483 ἡ
344 4416 525 4493 θεωρία
553 4415 718 4496 ἐστὶν,
750 4417 822 4481 είς
856 4417 922 4485 ἢν
961 4416 1138 4480 ἄλλως
1170 4421 1266 4477 οὒκ
1295 4418 1357 4472 ἃν
1389 4416 1596 4494 εἰσέλθῃ
1638 4439 1745 4494 τις,
1778 4418 1822 4473 εἰ
1852 4414 1929 4491 μὴ
1959 4411 2039 4468 διὰ
2068 4418 2161 4466 τοῦ
2189 4409 2493 4485 βασιλεῦσαι
2530 4410 2582 4467 ἐν
2636 4416 2712 4484 τῷ
2745 4410 2925 4488 ἀγαθῷ
2954 4411 3073 4489 βίῳ,
3121 4412 3205 4467 καὶ
3238 4418 3499 4490 κρατῆσαι
3551 4414 3638 4471 διὰ

274 4503 369 4570 τῆς
391 4504 703 4583 πρακτικῆς.

355 4612 380 4653 (
450 4591 625 4658 Οὐδεὶς
682 4594 737 4650 δὲ
806 4594 1004 4675 λύχνον
1082 4595 1249 4671 ἅψας,
1308 4597 1380 4658 εἷς
1412 4598 1648 4674 κρυπτὴν
1677 4597 1903 4669 τίθησιν,

2076 4591 2248 4650 Vens.
2286 4586 2490 4650 33-36.
2532 4589 2774 4650 «Nemo
2808 4586 3111 4650 lucernam
3143 4591 3434 4666 ascendit,
3487 4601 3547 4653 et
3576 4594 3638 4656 in

274 4679 383 4740 063‘s
440 4684 540 4739 ὑπὸ
594 4684 685 4739 τὸν
745 4682 951 4763 μόδιον,
1005 4683 1127 4741 ἀλλ’
1182 4685 1269 4742 ἐπὶ
1295 4685 1393 4752 τὴν
1423 4684 1669 4765 λυχνίαν,
1714 4684 1808 4740 ἵνα
1860 4687 1908 4739 οἱ

273 4771 685 4851 εἰσπορευόμενοι
741 4775 802 4829 τὸ
872 4780 983 4850 φῶς
1027 4772 1320 4854 βλέπωσιν.
1353 4773 1416 4832 Ὀ
1446 4773 1639 4854 λύχνος
1670 4780 1763 4832 τοῦ
1793 4775 1907 4831 σώ-

273 4845 428 4938 ματός
478 4845 631 4919 ἐστιν
701 4864 729 4918 ὁ
778 4845 1069 4942 ὀφθαλμός.
1129 4845 1307 4921 ’⁸οταν
1342 4865 1429 4921 οὖν
1462 4865 1489 4919 ὁ
1515 4845 1786 4946 δφθαλμός
1816 4884 1907 4920 σου

275 4948 461 5014 ἁπλοῦς
531 4957 587 5027 ᾗ,
649 4954 741 5009 καὶ
795 4951 922 5009 ὅλον
986 4955 1048 5009 τὸ
1117 4954 1273 5029 σῶμά
1303 4974 1396 5009 σου
1455 4954 1709 5032 φωτεινόν
1739 4953 1902 5015 ἐστιν,

277 5040 426 5098 Ἐπᾶιν
479 5038 534 5096 δὲ
602 5042 835 5121 πονηρὸς
907 5043 967 5117 ᾗ,
1023 5043 1111 5099 καὶ
1169 5044 1231 5099 τὸ
1286 5042 1444 5118 σῶμά
1485 5064 1578 5099 σο)
1638 5042 1908 5099 σκοτεινόν

275 5129 396 5190 ἐστι.
452 5132 649 5186 Σκόπει
681 5130 791 5205 οὖν,
838 5131 916 5205 μὴ
946 5133 1007 5188 τὸ
1051 5137 1162 5210 φῶς
1191 5133 1252 5187 τὸ
1283 5131 1337 5187 ἐν
1386 5132 1468 5188 σοὶ
1510 5133 1700 5195 σκότος
1741 5132 1901 5189 ἒστίν.

278 5219 333 5276 Ei
392 5217 475 5274 οὗν
505 5220 566 5274 τὸ
597 5218 755 5295 σῶμα
782 5241 878 5277 σου
906 5218 1030 5276 ὃλον
1055 5221 1331 5301 φωτεινὸν,
1382 5220 1460 5295 μὴ
1492 5218 1624 5300 ἔχον
1672 5243 1721 5277 τι
1752 5220 1907 5299 μέρος

276 5309 550 5388 σκοτεινὸν,
609 5307 756 5365 ἔσται
786 5310 1040 5389 φωτεινὸν
1072 5308 1221 5385 ὁλον,
1264 5311 1339 5376 ὡς
1368 5308 1492 5367 ὅταν
1537 5314 1565 5366 ὁ
1615 5309 1810 5389 λύχνος
1839 5315 1907 5386 τῇ

277 5398 502 5475 ἀστραπῇ
561 5398 760 5477 φωτίζῃ
818 5421 897 5459 σε.
964 5423 992 5455 ι
1029 5396 1348 5479 Ἐπειδήπερ
1379 5402 1421 5456 ος
1454 5400 1712 5476 βάσκανοι
1751 5398 1903 5457 "Iou-

278 5484 402 5543 δαῖοι
451 5489 514 5543 τὰ
582 5488 821 5563 θαὺματα
854 5532 861 5539 .
889 5482 1175 5564 βλέποντες
1274 5490 1656 5567 ἓσυκοφάντουν
1741 5488 1903 5546 ταῦτα

278 5577 381 5638 νοὸς
430 5575 608 5648 κακίᾳ,
661 5577 848 5634 τούτου
888 5576 1064 5634 ἕνεκεν
1088 5579 1117 5632 ὺ
1147 5579 1333 5657 Κύριος
1364 5578 1530 5636 ταῦτά
1574 5592 1727 5658 φησι·
1762 5576 1901 5636 ’Ὅτι

282 5663 452 5743 λὺχνον
515 5661 764 5727 λαϐόντες
841 5669 886 5722 οἱ
944 5665 1205 5743 ἅνθρωποι
1253 5667 1393 5745 πᾶρὰ
1450 5673 1543 5724 τοῦ
1600 5666 1750 5739 Θεοῦ,
1807 5666 1903 5735 τήν

1991 4679 2336 4741 abscondito
2368 4677 2554 4756 ponit,
2588 4695 2780 4757 neque
2810 4677 3014 4739 subter
3039 4679 3437 4754 modium,sed
3458 4701 3639 4765 super

1991 4767 2438 4847 candelabrum,
2468 4777 2527 4828 ut
2556 4768 2654 4848 qui
2684 4768 3120 4847 ingrediuntur,
3149 4770 3349 4832 lumen
3378 4772 3635 4838 videant.

1991 4860 2256 4921 Lucerna
2283 4857 2554 4938 corporis
2576 4866 2665 4918 est
2688 4858 3065 4921 oculus.Cum
3084 4859 3257 4938 igitur
3275 4862 3482 4923 oculus
3505 4872 3639 4926 tuus

1990 4948 2167 5010 fuerit
2188 4946 2657 5028 simplex,totum
2691 4966 2925 5028 quoque
2958 4967 3170 5029 corpus
3193 4957 3354 5010 tuum
3372 4951 3634 5014 lucidum

1990 5037 2292 5118 erit;quod
2317 5036 2365 5097 si
2385 5039 2572 5097 matus
2597 5036 2980 5111 fuerit,etiam
3012 5057 3227 5119 corpus
3267 5048 3429 5101 tuum
3461 5050 3632 5103 tene-

1991 5128 2230 5191 brosum
2263 5127 2398 5189 erit.
2432 5126 2582 5189 Vide
2613 5145 2751 5205 ergo
2780 5146 2855 5188 ne
2884 5129 3087 5189 lumen
3120 5130 3274 5209 quod
3322 5130 3382 5190 in
3417 5139 3473 5192 te
3520 5141 3633 5214 est,

1990 5218 2252 5282 tenebrae
2276 5219 2415 5280 sint.
2450 5218 2512 5279 Si
2542 5236 2682 5296 ergo
2712 5237 2926 5299 corpus
2957 5226 3118 5280 tuum
3158 5228 3342 5281 totum
3367 5220 3630 5283 lucidum

1990 5309 2313 5388 fueril,non
2341 5307 2567 5370 habens
2595 5308 2852 5389 aliquam
2888 5317 3113 5389 partem
3137 5308 3633 5385 tenebrosam,sic

1987 5398 2098 5460 erit
2128 5396 2387 5459 lucidum
2411 5397 2548 5457 360
2572 5404 2849 5471 totum,ut
2878 5416 3010 5458 cum
3035 5396 3277 5459 lucerna
3313 5397 3539 5475 fulgore
3565 5401 3636 5462 il-

1988 5487 2238 5549 luminat
2260 5484 2676 5558 te.»Quon‘.am
2710 5484 3096 5548 invidiJudaai
3120 5486 3403 5549 miracula
3430 5489 3632 5554 viden-

1990 5584 2099 5645 tes.
2127 5594 2197 5639 ea
2226 5575 2739 5641 calumniabantur
2782 5576 2859 5636 ob
2906 5575 3121 5637 mentis
3151 5576 3460 5653 malitiam,
3496 5582 3631 5659 ejus

1994 5665 2184 5743 gratia
2214 5663 2501 5727 Dominus
2525 5664 3006 5746 hac.dicit:quod
3039 5664 3342 5728 lucernam
3371 5669 3568 5751 adepti
3597 5690 3631 5734 a
