4132 6278
215 374 378 440 869

217 511 499 572 διδάσκει
565 517 750 580 αὖτοὺς
765 567 780 596 ,

222 599 664 684 ἑλεημοσύνης,
722 606 902 686 φησίν,
983 597 1134 684 ’Ὅρα
1183 606 1237 663 δὲ
1296 630 1386 682 μοι
1416 614 1530 671 πῶς
1559 607 1624 664 τὰ
1664 606 1756 664 δύο
1780 607 1927 672 πάθη

226 691 444 747 αὐτῶν
517 696 816 774 θεραπεύει,
889 696 979 750 τὸν
1039 696 1226 774 φθόνον
1304 694 1592 776 λέγω,καῖ
1616 697 1716 764 τήν
1748 694 1922 775 ἕρπει-

232 781 390 857 γὴν,
471 779 554 836 διὰ
586 793 676 842 τοῦ
766 783 1048 840 ὑποθέσθαι
1100 786 1202 853 τὴν
1252 775 1634 861 ἐλεημοσύνην.
1699 775 1756 840 Ὀ
1823 786 1923 862 γὰρ

235 868 434 925 ἐλεῶν
491 869 742 946 ἀληθῶς,
947 871 1168 951 ἀρπάσει
1228 874 1294 930 τὰ
1318 882 1413 931 τοῦ
1461 873 1772 949 ἐλεουμένου
1807 872 1920 953 (4),

237 961 314 1017 οὗ
382 960 636 1037 φθονήσει
696 966 769 1036 νῷ
824 960 1142 1037 ελεουμένῳ,
1201 962 1352 1020 Ἐπεὶ
1382 964 1551 1020 τοίνυν
1583 962 1672 1020 δύο
1721 963 1924 1024 τούτοις

241 1047 413 1114 wn
468 1046 726 1122 ὠνείδισε,
788 1048 857 1105 δι’
915 1051 1030 1115 ἑνός
1077 1052 1356 1131 φαρμάκου
1386 1059 1550 1109 ταῦτα
1582 1050 1922 1131 ἐκμοχλεύει,

240 1137 364 1202 τῆς
395 1187 404 1194 ,
441 1135 830 1214 ἒλεημοσύνης,
901 1138 1017 1206 ἥτις
1066 1140 1254 1219 πρώτη
1312 1144 1436 1214 θύρα
1508 1145 1605 1209 τῆς
1683 1143 1927 1198 θεοποιυῦ

240 1224 506 1301 ἀγάπης
595 1226 812 1305 ἀγάπης
870 1227 924 1284 δὲ
1011 1229 1280 1307 παρούσης
1340 1237 1442 1286 ποῦ
1513 1227 1783 1294 πλεονεξία
1839 1236 1927 1290 καὶ

240 1313 452 1392 φθόνος
487 1335 504 1387 ;
553 1316 628 1371 Τὰ
671 1315 856 1374 ἐνόντα
891 1318 1003 1397 οὖν,
1037 1317 1299 1394 τουτέστι,
1333 1319 1397 1376 τὰ
1443 1319 1752 1397 ὑπάρχοντα
1774 1319 1921 1391 ὓμτν·

239 1400 444 1466 καλῶς
515 1401 570 1460 δὲ
631 1408 754 1461 εἶπε
787 1407 852 1461 τὰ
883 1406 1087 1481 ἐνόντα,
1123 1409 1210 1464 καὶ
1256 1407 1348 1464 οὐκ
1400 1408 1576 1488 εἶπεν,
1609 1405 1758 1480 ὄντα,
1792 1405 1926 1469 διὸτι

242 1490 322 1546 τὰ
391 1494 652 1571 χρήματα
711 1494 901 1550 ἔνεισιν
931 1495 985 1551 ἐν
1028 1501 1094 1572 τῇ
1139 1493 1320 1574 καρδίᾳ
1361 1501 1454 1552 τοῦ
1483 1495 1912 1575 φιλοχρημάτου,

249 1582 350 1635 καὶ
383 1580 705 1660 ἐγκάθηνται
761 1583 916 1654 αὐτῆ,
971 1583 1050 1640 διὸ
1107 1585 1194 1640 καὶ
1253 1581 1423 1640 Δαυ’ίδ
1451 1606 1604 1664 φησι.
1639 1586 1716 1660 μὴ
1746 1607 1917 1664 προσ-

246 1669 490 1726 τίθεσθαι
549 1671 650 1739 τὴν
715 1671 928 1740 καρδίαν
1002 1679 1079 1746 τῷ
1149 1671 1386 1752 πλούτῳ,
1499 1673 1760 1753 τουτέστι,
1842 1673 1919 1750 μὴ

248 1756 564 1836 προσηλοῦν
597 1764 758 1828 αὐτὴν
803 1763 890 1817 καὶ
923 1762 1257 1839 συνδεσμεῖν.

347 1869 375 1900 αι
448 1845 596 1905 Ἀλλ’
652 1850 765 1906 οὒαὶ
822 1852 951 1926 ὑμῖν
998 1865 1116 1913 τοῖς
1165 1851 1502 1929 Φαρισαίοις,
1538 1849 1619 1906 ὅτι
1654 1848 1923 1906 ἀποδεκα-

249 1942 411 1991 τοῦτε
459 1937 520 1993 τὰ
567 1935 853 2015 ἡδύοσμον,
925 1940 1010 1996 καὶ
1062 1941 1124 1996 τὸ
1172 1939 1435 2018 πήγανον,
1467 1939 1555 1995 καὶ
1607 1944 1708 1994 πᾶν
1739 1937 1923 2018 λάχα-

252 2046 376 2098 νον,
439 2027 524 2081 καὶ
571 2027 900 2107 παρέρχεσθε
929 2027 1031 2094 τὴν
1074 2028 1267 2106 κρίσιν,
1314 2028 1404 2084 καὶ
1446 2027 1547 2094 τὴν
1576 2027 1791 2103 ἀγάπην
1823 2037 1933 2086 τοῦ

250 2121 415 2172 Θεοῦ⁶
471 2124 637 2175 ταῦτα
669 2115 772 2172 ἔδει
815 2121 1059 2189 ποιῆσαι,
1091 2117 1317 2173 κάκεῖνα
1370 2117 1448 2190 μὴ
1509 2117 1740 2195 ἀφιέναι.
1803 2117 1928 2174 Οὒαὶ

245 2206 386 2276 ὑμῖν
446 2219 564 2266 τοῖς
620 2207 963 2284 Φαρισαίοις,
1026 2203 1104 2260 ὅτι
1136 2203 1377 2282 ἀγαπᾶτε
1433 2203 1532 2270 τὴν
1577 2207 1923 2282 πρωτοκαθε-

250 2285 401 2369 δρίαν
454 2294 512 2349 ἒν
575 2307 699 2357 ταῖς
757 2307 1120 2372 συναγωγαῖς,
1178 2295 1264 2349 καὶ
1339 2293 1461 2355 τοὺς
1508 2293 1825 2370 ἀσπασμοὺς
1869 2293 1924 2348 ἐν

251 2393 381 2442 ταῖς
439 2381 686 2462 ἀγοραῖς.
743 2384 871 2440 Ούαὶ
913 2383 1066 2456 ὑμῖν,
1101 2388 1444 2461 Γραμματεῖς
1494 2383 1582 2437 καὶ
1637 2389 1920 2460 Φαρισαῖοι

256 2471 554 2549 ὑποκριταὶ,
616 2469 694 2527 ὅτι
753 2471 869 2527 ἐστὲ
947 2473 1020 2533 ὡς
1053 2471 1118 2526 τὰ
1149 2484 1394 2545 μνημεῖα
1423 2471 1488 2525 τὰ
1518 2469 1717 2547 Ξδηλα,
1755 2473 1844 2528 καὶ
1876 2475 1923 2528 οἱ

260 2555 521 2635 ἄνθρωποι
580 2570 989 2639 περιπατοῦντες
1067 2559 1246 2619 ἐπάνω
1297 2558 1389 2615 οὐκ
1452 2559 1681 2619 οἴδασιν.
1749 2559 1922 2617 Ἀπο-

261 2651 475 2726 κριθεὶς
509 2649 564 2705 δέ
617 2672 697 2713 τις
754 2653 860 2707 τῶν
889 2655 1146 2728 νομικῶν,
1201 2647 1347 2728 λέγει
1397 2651 1559 2723 αὐτῷ·
1601 2647 1918 2727 Διδάσκαλε,

253 2747 419 2798 ταῦτα
449 2739 620 2819 ὶέγων
678 2741 767 2796 καὶ
831 2741 970 2816 ἡμᾶς
999 2727 1245 2816 ὑϐρίζεις.
1339 2727 1395 2794 Ὀ
1441 2735 1496 2793 δὲ
1592 2739 1751 2795 εἶπεο-
1824 2741 1922 2797 Καὶ

242 2832 377 2903 ὑμῖν
445 2842 566 2892 τοῖς
625 2842 878 2904 νομικοῖς
939 2829 1077 2908 οὐαὶ,
1113 2827 1192 2883 ὅτι
1237 2833 1500 2907 φορτίζετε
1532 2828 1653 2893 τοὺς
1711 2827 1916 2907 ἀνθρώ-

248 2939 378 2981 πους
434 2919 618 2998 φορτία
682 2915 1080 2992 δυσϐάστακτα,
1113 2917 1206 2974 καὶ
1255 2917 1398 2973 αὐτοὶ
1435 2917 1506 2972 ἑνὶ
1555 2922 1662 2972 τῶν
1720 2915 1918 2974 δακτύο

247 3012 361 3071 λων
415 3008 560 3074 ὑμῶν
615 3011 676 3066 οὗ
741 3007 1077 3085 προσψαύετε
1129 3019 1246 3071 τοῖς
1281 3007 1539 3086 φορτίοις,
1580 3005 1706 3063 Οὖαὶ
1761 3007 1912 3086 ὑμῖν,

251 3095 331 3154 ὅτι
386 3095 713 3174 οἰκοδομεῖτε
768 3097 836 3152 τά
905 3109 1151 3172 μνημεῖα
1224 3099 1330 3152 τῶν
1384 3101 1698 3175 προφητῶν,

254 3184 471 3264 πατέρες
526 3189 672 3263 ὑμῶν
727 3185 1048 3243 ἀπέκτειναν
1132 3186 1346 3252 αὐτούς’
1414 3183 1512 3250 ἄρα
1571 3199 1914 3264 μαρτυρεῖτε,

253 3277 340 3336 καὶ
394 3275 750 3334 συνευδοκεῖτε
803 3289 920 3339 τοῖς
966 3275 1141 3355 ἔργοις
1171 3282 1278 3332 τῶν
1324 3275 1563 3353 πατέρων
1601 3275 1776 3353 ὑμῶν,
1836 3275 1916 3332 ὅτι

261 3364 442 3455 1m
449 3365 544 3440 μὲν
599 3365 912 3423 ἀπέκτειναν
984 3367 1196 3439 αὐτοὺς,
1257 3367 1412 3440 ὑμεῖς
1469 3362 1522 3418 δὲ
1571 3363 1914 3440 οἰκοδομεῖτε

262 3453 441 3515 αὐτῶῖ
487 3457 552 3513 τα
606 3468 873 3531 μνημεῖα.
937 3455 1033 3511 Διά
1090 3461 1248 3512 τοῦτο
1277 3456 1428 3522 καὶὴ
1460 3453 1616 3534 σοφία
1648 3461 1740 3510 τοῦ
1784 3461 1912 3511 Θεοῦ

260 3547 434 3604 εἶπεν·
497 3544 808 3602 Ἀποστελῶ
877 3547 950 3610 εἰς
1025 3545 1210 3607 αὐτοὺς
1241 3546 1515 3624 προφήτας
1545 3544 1632 3600 καὶ
1662 3543 1900 3600 ἀποστό-

255 3635 399 3700 λους,
458 3637 546 3692 καὶ
600 3633 653 3701 ἒξ
704 3635 874 3694 αὒτῶν
931 3634 1274 3691 ἀποκτενοῦσι
1338 3635 1424 3689 καὶ
1477 3631 1771 3706 διώξουσιν,
1817 3632 1910 3689 ’ίνα

254 3728 517 3801 ὶκζητηθῇ
568 3726 629 3781 τὸ
699 3725 839 3800 αἷμα
899 3725 1110 3780 πάντων
1139 3730 1244 3779 τῶν
1273 3729 1584 3803 προφητῶν,
1617 3723 1677 3778 τὸ
1731 3721 1905 3803 ἐκχυ-

255 3815 469 3890 νόμενον
525 3814 632 3870 ἀπὸ
687 3811 991 3880 καταϐολῆς
1048 3813 1252 3887 κόσμου
1285 3812 1390 3868 ἀπὸ
1417 3814 1516 3878 τῆς
1549 3817 1734 3891 γενεᾶς
1775 3813 1905 3868 ταὺ-

254 3926 373 3978 της,
416 3903 519 3961 ἀπὸ
549 3914 642 3963 τοῦ
683 3903 916 3979 αἵματος
947 3901 1140 3960 ’Ἅϐελ
1177 3901 1280 3964 ἕως
1311 3910 1405 3958 τοῦ
1451 3901 1682 3978 αἵματος
1715 3908 1906 3980 Ζαχα-

253 3995 380 4076 ρίου,
439 4000 530 4050 τοῦ
589 3992 926 4069 ἀπολομένου
997 3989 1230 4068 μεταξύ.
1263 3993 1357 4046 τοῦ
1397 3991 1776 4066 θυσιαστηρίου
1817 3995 1906 4050 καὶ

251 4091 342 4141 τοῦ
394 4083 569 4143 οἴκου.
631 4085 726 4141 Ναὶ
785 4081 929 4160 λέγω
984 4082 1134 4160 ὑμῖν,
1195 4079 1617 4151 ἐκζητηθησεται
1647 4080 1754 4135 ἀπὸ
1803 4080 1902 4145 τῆς

253 4179 426 4252 γενεᾶς
494 4173 717 4240 ταύτης.
782 4195 811 4227 ιι
847 4173 908 4229 Οἱ
938 4177 1223 4248 Φαρισαῖοι
1255 4169 1349 4225 ’ίνα
1378 4168 1457 4244 μὴ
1487 4165 1765 4246 παραδῶσι
1798 4165 1902 4234 δῆ-

257 4266 339 4318 θεν
402 4263 492 4318 τὸν
550 4259 735 4337 νόμον,
799 4260 1154 4319 ἀπεδεκάτουν
1223 4259 1313 4314 καὶ
1343 4258 1408 4314 τὰ
1437 4255 1723 4336 ἐλάχιστα,
1758 4257 1802 4311 εἰ
1846 4254 1900 4311 δὲ

259 4372 337 4416 τις
415 4325 625 4414 αὐτοῖς.
664 4325 945 4426 ἐμέμψατο
1013 4349 1181 4428 τυχὸν
1250 4349 1324 4436 ὡς
1368 4325 1969 4436 μικρολογουμένοις,υ

262 4441 346 4496 τὸν
400 4439 557 4514 νόμον
629 4437 943 4520 προῦφερον,
988 4437 1046 4503 ὅς
1077 4437 1182 4494 ἀπὸ
1215 4435 1427 4520 πάντων
1471 4432 1696 4498 δεκάτας
1727 4455 1899 4512 προσ-

263 4528 492 4606 φέρεσθαι
567 4514 686 4592 τοῖς
771 4514 992 4607 ίερεῦσιν
1072 4523 1335 4583 ὶκέλευενο
1404 4514 1462 4581 Ὀ
1519 4529 1641 4600 γοῦν
1716 4522 1900 4601 Κύριός

266 4641 443 4698 φησιν,
503 4618 584 4674 ὅτι
657 4610 883 4696 ’¹Ωσπερ
939 4617 1139 4674 τούτων
1169 4616 1262 4672 οὐκ
1319 4610 1596 4690 ἀμελεῖτε,
1629 4609 1732 4666 ἔδει
1763 4611 1898 4687 ὑμᾶς

257 4709 341 4764 καὶ
391 4708 486 4774 τὴν
544 4708 710 4787 κρίσιν
773 4708 861 4764 καὶ
915 4706 1014 4773 την
1059 4704 1274 4783 ἀγάπην
1305 4701 1397 4759 τοῦ
1427 4699 1558 4758 Θεοῦ
1586 4713 1898 4780 περιποιεῖ-

260 4799 389 4859 σθαι,
449 4794 669 4865 Ἐπειδὴ
735 4796 834 4874 γὰρ
906 4793 1075 4851 ἄδικοι
1161 4792 1320 4865 ἦσαν,
1406 4792 1492 4847 καὶ
1562 4791 1743 4870 χήραν
1807 4789 1896 4845 καὶ

262 4887 470 4966 ὀρφανὸν
530 4885 896 4958 ἀπεκτίννυον,
951 4883 1134 4965 φησὶν,
1180 4883 1259 4939 ὃτι
1295 4890 1392 4937 Δεῖ
1421 4881 1555 4956 ὑμᾶς
1603 4877 1754 4958 ἔχειν
1800 4879 1900 4946 τὴν

265 4977 442 5054 κρίσιν,
497 4973 662 5053 ἤγουν
719 4975 818 5042 τὴν
874 4971 1274 5051 δικαιοκρισίαν.
1322 4967 1472 5026 Ἐπεὶ
1515 4967 1688 5024 δὲκαὶ
1728 4989 1900 5023 κατα-

265 5066 502 5144 φρονηταὶ
573 5065 710 5133 ἦσαν
789 5070 882 5121 τοῦ
960 5061 1114 5137 Θεοῦ,
1191 5057 1490 5138 ἀδιαφόρως
1546 5069 1662 5120 τοῖς
1735 5059 1899 5135 ἱεροῖς

267 5154 423 5234 ἔργοις
479 5153 898 5234 ἐπιχειροόντες,
959 5148 1044 5207 διά
1114 5159 1271 5234 τοῦτο
1302 5150 1485 5210 αὐτοῖς
1515 5147 1616 5214 τὴν
1643 5148 1737 5202 τοῦ
1769 5152 1901 5204 Θεοῦ

265 5231 465 5323 ἀγάπην
521 5231 674 5323 ἔχειν.
741 5241 1064 5301 ἐντέλλεται.
1143 5231 1201 5298 Ὀ
1230 5239 1330 5317 γὰρ
1361 5238 1584 5316 ἀγαπῶν
1615 5237 1706 5293 τὸν
1745 5237 1897 5308 Θεὸν,

263 5337 319 5392 οὗ
367 5333 838 5412 καταφρονητικῶς
897 5332 1101 5408 μέτεισι
1174 5329 1242 5384 τὰ
1320 5325 1450 5406 ἔργα
1504 5328 1684 5388 αὐτοῦ.
1745 5325 1902 5405 Τάχα

260 5421 311 5479 δέ
355 5444 439 5498 μοι
472 5419 641 5498 δοκεῖ,
676 5419 862 5490 ἐπειδὴ
893 5419 982 5479 δύο
1016 5417 1137 5486 εἴδη
1180 5422 1280 5484 τῆς
1308 5416 1544 5494 ἀγάπης,
1580 5419 1641 5471 τό
1670 5435 1726 5471 τε
1770 5417 1898 5493 πρὸς

1007 341 1453 447 amntium
1498 377 1580 445 IN
1629 373 2135 445 EVANGELIUM
2186 377 2421 441 LUUE.
2459 413 2520 424 -
2576 379 2738 442 CAP.
2792 381 2899 442 x1.

852 524 966 583 πῶς
1024 521 1351 595 καθαρίζεται
1415 521 1471 574 τὸ
1522 517 1650 576 ἔσω.
1701 519 1797 574 Διὰ
1823 522 1913 583 τῆς

2009 504 2184 595 docet
2216 528 2318 569 eos
2350 510 2653 588 quomodo
2685 511 3054 590 purgandum
3088 513 3170 572 sit.
3193 512 3352 593 quod
3380 513 3654 576 interius:

3537 374 3658 444 870

2008 594 2122 656 Per
2162 597 2622 677 eleemosynam,
2660 601 2868 676 inquit.
2917 599 3066 660 Vide
3108 611 3306 661 autem
3358 604 3655 681 quomodo

2007 685 2156 745 duas
2190 686 2423 747 illorum
2477 689 2824 750 affectiones
2880 698 3069 756 sanet.
3109 690 3390 750 invidiam
3439 691 3563 752 dico
3597 704 3655 756 et

2007 774 2298 852 rapinam,
2333 792 2438 853 per
2461 776 2572 836 hoc
2595 776 2747 855 quod
2783 775 3024 855 subjicit
3043 778 3652 858 eleemosynam.Nam

2007 861 2104 940 qui
2141 881 2275 923 vere
2308 864 2641 941 miseretur,
2697 885 2814 926 non
2864 867 3050 944 rapiet
3099 867 3229 945 ejus
3274 867 3426 930 bona
3483 872 3654 950 cujus

2011 949 2344 1016 miseretur.
2375 970 2568 1032 neque
2599 955 2685 1014 illi
2719 954 3023 1017 invidebit.
3049 954 3118 1016 Et
3150 958 3283 1034 quia
3313 958 3459 1019 duos
3485 949 3651 1022 mor-

2011 1039 2115 1098 bos
2168 1039 2252 1098 eis
2321 1040 2717 1120 exprobravit,
2774 1061 2893 1102 uno
2952 1045 3213 1105 remedio
3263 1047 3654 1128 eleemosynaa

2011 1137 2326 1204 utrumque
2357 1138 2542 1204 sanat,
2579 1149 2708 1211 quae
2739 1132 2929 1211 prima
2979 1141 3069 1194 est
3109 1134 3291 1212 janua
3321 1135 3654 1202 deiﬁcautis

2012 1215 2340 1279 charitatis.
2381 1218 2442 1280 Si
2491 1218 2647 1280 enim
2687 1221 2920 1282 affuerit
2959 1220 3222 1295 dilectio,
3253 1223 3351 1283 ubi
3389 1228 3653 1289 manebit

2010 1305 2250 1399 avaritia
2274 1318 2330 1368 et
2355 1306 2607 1368 invidia?
2639 1309 2713 1370 Ea
2762 1309 2937 1388 igitur
2975 1329 3108 1390 qth
3139 1311 3361 1386 insunt,
3396 1313 3504 1375 hoc
3535 1328 3647 1399 est,

2014 1395 2322 1455 facultates
2370 1405 2599 1457 vestrm.
2645 1401 2802 1460 Bene
2833 1399 3004 1475 dixit,
3049 1418 3118 1460 ea
3157 1419 3288 1480 quae
3336 1401 3558 1477 insunt,
3595 1395 3653 1467 et

2014 1502 2130 1544 non
2155 1483 2320 1558 dixit,
2355 1503 2423 1545 ea
2448 1505 2579 1566 quat
2608 1496 2766 1558 sunt,
2799 1507 2867 1546 eu
2901 1489 3058 1568 quod
3093 1489 3312 1550 divitiae
3356 1490 3554 1554 insunt
3594 1496 3651 1557 in

2002 1573 2181 1633 corde
2231 1572 2388 1634 avari
2434 1584 2491 1634 et
2534 1575 2746 1636 sedent
2795 1576 2853 1636 in
2903 1597 2996 1640 eo.
3032 1577 3169 1639 ldeo
3203 1589 3259 1642 et
3289 1579 3470 1640 David
3507 1583 3651 1646 dicit

2003 1680 2118 1722 non
2151 1663 2567 1742 apponendum
2599 1683 2704 1726 cor
2729 1665 2973 1736 divitiis,
3011 1669 3122 1727 lioc
3152 1676 3259 1740 est,
3289 1686 3360 1728 ne
3390 1671 3645 1749 aggluti-

2010 1759 2181 1811 netur
2211 1770 2321 1811 nec
2352 1752 2689 1830 colligetur.

2093 1841 2271 1902 Vens.
2307 1839 2476 1904 42-51
2496 1844 2670 1906 .«Sed
2707 1862 2789 1904 va:
2817 1843 2979 1904 vobis
3001 1844 3336 1926 Pharisaeis,
3367 1849 3502 1928 quia
3533 1852 3645 1915 de-

2009 1929 2242 1991 ciiuatis
2275 1940 2530 2020 mentam
2565 1941 2622 1993 et
2653 1942 2866 2004 rutam,
2897 1943 2954 1994 et
2987 1934 3232 2013 quodvis
3263 1937 3482 2011 olus,et
3503 1959 3648 2020 prae.

2011 2019 2196 2080 teritis
2225 2019 2512 2098 judicium
2534 2032 2590 2082 et
2610 2022 2952 2082 charitatem
2975 2021 3230 2084 Deizimo
3248 2024 3371 2085 haec
3386 2019 3650 2104 oportuit

2008 2108 2224 2177 facere,
2255 2117 2312 2168 et
2342 2108 2440 2168 illa
2472 2127 2588 2172 non
2634 2112 2924 2172 omittere.
2967 2112 3063 2171 Vae
3101 2111 3265 2172 vobis
3312 2111 3643 2192 Pharisaeis,

2008 2199 2144 2277 quia
2173 2196 2412 2275 diligitis
2445 2199 2662 2276 primas
2692 2199 3002 2272 cathedras
3040 2201 3096 2260 in
3133 2204 3521 2285 synagogis,et
3557 2228 3649 2270 sa-

2009 2285 2321 2346 lutationes
2351 2287 2406 2346 in
2445 2287 2590 2349 foro.
2629 2287 2727 2349 Va:
2757 2287 2941 2362 vobis,
2991 2289 3212 2350 Scriba:
3262 2298 3318 2350 et
3364 2292 3648 2361 Pharisaei

2008 2374 2497 2466 liypocritze,quia
2525 2377 2768 2466 estisyut
2789 2387 3172 2438 monumenta
3190 2397 3315 2458 quae
3335 2397 3450 2440 non
3473 2401 3648 2466 appa-

2006 2475 2161 2543 rent,
2186 2475 2242 2525 et
2267 2465 2540 2525 homines
2577 2464 2947 2526 ambulantes
2979 2484 3158 2545 super
3190 2467 3483 2532 nesciunt.
3520 2464 3644 2539 Re-

2004 2555 2306 2633 spondens
2345 2562 2540 2615 autem
2591 2554 2830 2634 quidam
2865 2573 2934 2616 ex
2966 2555 3348 2636 legisperitis,
3381 2557 3463 2618 ait
3503 2565 3590 2628 illi
3628 2591 3641 2627 ε

2003 2643 2297 2724 Magister,
2335 2642 2456 2703 haec
2487 2643 2694 2704 dicens
2725 2645 2898 2704 etiam
2925 2663 3031 2704 nos
3051 2644 3236 2705 afﬁcis
3265 2645 3641 2710 contumelia.

2005 2733 2075 2793 At
2106 2732 2204 2792 ille
2234 2734 2312 2792 ait
2341 2751 2354 2792 :
2390 2731 2461 2791 Et
2492 2731 2658 2792 vobis
2684 2732 3040 2812 legisperitis
3069 2751 3177 2808 vae,
3214 2734 3350 2813 quia
3389 2739 3648 2799 oneratis

2005 2821 2276 2882 homines
2303 2820 2584 2881 oneribus
2608 2841 2736 2901 quae
2762 2831 2995 2901 portare
3031 2841 3146 2882 non
3177 2834 3513 2901 possunt,et
3532 2826 3645 2898 ipsi

2003 2929 2118 2970 uno
2151 2909 2332 2990 digito
2364 2919 2556 2970 vestro
2587 2930 2704 2970 non
2738 2909 3016 2989 attingitis
3036 2913 3425 2975 sarcinas.Vaa
3454 2913 3644 2996 vobis,

2001 2999 2138 3078 quia
2169 2998 2904 3059 azdiﬁcatis-monumenta
2947 3002 3364 3079 prophetarum
3400 3022 3412 3063 :
3448 3011 3644 3081 patres

1757 3097 1805 3152 ot
1861 3095 1973 3159 δὲο
1999 3096 2194 3148 autem
2229 3088 2404 3147 vestri
2445 3087 2790 3147 occiderunt
2836 3087 2992 3150 illos.
3044 3088 3317 3150 Profecto
3349 3091 3645 3152 testamini

1998 3177 2153 3257 quod
2175 3174 2732 3255 comprobatisl‘acta
2752 3184 2980 3255 patrum
3003 3180 3641 3258 vestrorum,quoniam

1997 3265 2082 3327 illi
2127 3265 2367 3346 quidem
2423 3283 2528 3325 eos
2570 3265 2940 3341 occiderunt;
2986 3284 3085 3326 vos
3113 3273 3310 3326 autem
3343 3267 3644 3330 zedificatis

1996 3372 2200 3416 eorum
2228 3353 2523 3434 sepulcra.
2558 3355 2883 3433 Propterea
2907 3363 2964 3415 et
2981 3355 3275 3431 sapientia
3308 3354 3412 3417 Dei
3443 3355 3588 3418 dixit
3622 3379 3636 3422 :

1994 3445 2218 3506 Mittam
2253 3442 2325 3504 ad
2355 3441 2487 3502 illos
2513 3444 2833 3522 prophetas
2881 3450 2938 3504 et
2976 3443 3299 3524 apostolos,
3334 3453 3392 3505 et
3421 3463 3491 3505 ex
3521 3446 3639 3508 illis

1994 3533 2270 3594 occident
2310 3540 2366 3592 et
2401 3540 2857 3612 persequentur,
2912 3543 2975 3594 ut
3028 3533 3367 3612 requiratur
3398 3537 3642 3616 sanguis

1993 3622 2259 3684 omnium
2292 3622 2710 3701 prophetarum
2747 3622 2846 3701 qui
2870 3621 3643 3688 etfundituraconstitutitu-

1990 3711 2147 3772 tione
2175 3710 2374 3771 mundi
2391 3729 2424 3770 a
2444 3711 2678 3772 natione
2697 3710 2868 3784 ista,a
2883 3711 3169 3790 sanguine
3188 3712 3339 3773 Abel
3365 3713 3638 3792 usquead

1990 3801 2338 3879 sanguinem
2391 3799 2716 3881 Zachariae,
2749 3800 2849 3878 qui
2905 3800 3085 3881 periit
3137 3801 3296 3862 inter
3352 3802 3534 3864 altare
3583 3811 3644 3865 et

1989 3890 2203 3970 aedem;
2239 3889 2500 3968 profecto
2534 3889 2668 3949 dico
2702 3889 2891 3964 vobis,
2926 3888 3265 3969 requiretur
3291 3890 3362 3951 ab
3389 3891 3496 3952 hac
3530 3911 3639 3954 na-

1991 3978 2212 4038 tione.»
2248 3977 2636 4048 Pliarisaaime
2675 3979 3189 4050 transgrederetur
3213 3979 3400 4058 legem
3436 3980 3646 4042 videli-

1989 4074 2102 4142 cet,
2138 4065 2402 4127 decimas
2434 4069 2606 4127 etiam
2641 4085 2708 4127 ex
2743 4066 3006 4129 minimis
3033 4067 3253 4130 dabant
3286 4089 3300 4128 :
3329 4076 3388 4130 et
3424 4069 3474 4131 si
3507 4070 3639 4150 quis

1987 4155 2123 4217 illos
2148 4155 2551 4235 reprehendat
2583 4164 2698 4216 tam
2735 4174 3042 4235 parvarum
3091 4175 3290 4218 rerum
3344 4158 3639 4220 rationem

1988 4243 2295 4317 habentes,
2325 4244 2514 4323 legem
2543 4245 3091 4325 proferebant,quaa
3109 4246 3184 4306 de
3213 4246 3491 4307 omnibus
3522 4247 3634 4308 de-

1989 4332 2171 4393 cimas
2201 4333 2402 4393 offerri
2433 4332 2843 4394 sacerdotibus
2874 4333 3276 4413 praecipiebat.
3301 4337 3500 4415 Itaque
3523 4335 3640 4396 Do-

1989 4419 2184 4481 minus
2213 4421 2356 4483 dicit
2391 4443 2403 4484 :
2440 4420 2605 4484 Sicut
2635 4421 2736 4482 illa
2776 4441 2893 4483 non
2925 4423 3249 4502 negligitis,
3283 4425 3361 4484 ita
3404 4435 3637 4504 oportet

1983 4527 2082 4569 vos
2119 4518 2176 4570 et
2199 4510 2493 4590 judicium
2540 4511 2680 4570 562
2730 4519 2786 4572 et
2837 4509 3222 4574 dilectionem
3268 4511 3376 4573 Dei
3406 4513 3632 4577 facere.

1985 4599 2276 4670 Quoniam
2307 4599 2512 4680 injusti
2544 4595 3060 4680 erant,viduasque
3082 4609 3140 4660 et
3161 4603 3459 4681 orphanos
3493 4622 3637 4683 pes-

1985 4689 2665 4768 sumdabant,dicitquod
2687 4688 3300 4769 oporteateoshabere
3311 4691 3634 4770 judicium,

1987 4778 2098 4838 hoc
2129 4778 2466 4859 est,justum
2484 4778 2777 4858 judicium
2792 4778 2884 4841 .Et
2907 4779 3046 4858 quia
3065 4787 3503 4859 contemptores
3523 4782 3636 4844 Dei

1986 4878 2153 4928 erant
2185 4875 2407 4929 temere
2432 4885 2599 4929 sacra
2634 4886 2814 4947 opera
2843 4875 3184 4941 tractantes,
3217 4868 3445 4930 idcirco
3470 4888 3626 4951 prae-

1983 4957 2132 5035 cipit
2161 4958 2246 5018 eis
2267 4957 2696 5020 utcharitatem
2727 4956 2834 5018 Dei
2861 4957 3296 5020 habeant.Nam
3323 4959 3419 5038 qui
3439 4959 3630 5037 diligit

1985 5049 2320 5124 Deum,n0n
2353 5046 2740 5126 contemptim
2775 5047 2910 5108 facit
2939 5065 3117 5126 opera
3149 5047 3298 5126 ejus.
3333 5047 3627 5111 Fortassis

1987 5143 2207 5216 autem,
2241 5145 2304 5196 ut
2325 5135 2472 5196 mihi
2501 5135 3039 5216 videtur,quvniam
3067 5135 3194 5195 duae
3215 5137 3634 5200 suntdilectio-

1989 5226 2079 5286 nis
2103 5225 2482 5306 species,una
2512 5243 2650 5303 erga
2681 5225 3084 5300 Deum,altera
3116 5242 3253 5303 erga
3271 5226 3628 5305 proximum,

1985 5315 2135 5375 duas
2167 5315 2295 5375 illas
2326 5313 2879 5376 insinuat.l)icendo
2913 5313 3069 5374 enim
3085 5313 3633 5390 judicium,indicat

1985 5404 2366 5469 dilectionem
2400 5420 2508 5478 ega
2539 5403 2892 5484 proximum.
2941 5404 3105 5463 Juste
3157 5403 3314 5463 enim
3357 5405 3631 5483 judicare

1313 5544 1399 5608 Ex
1427 5543 1750 5607 collatione
1782 5543 1957 5608 codd.
1990 5541 2204 5604 Venet.
2234 5543 2299 5604 S.
2327 5543 2535 5604 Marci.

337 5687 416 5767 (4)
447 5685 603 5751 Cod.
633 5687 736 5765 26,
807 5696 902 5747 τοῦ
967 5687 1276 5767 ἔλεουμένου
1303 5683 1445 5767 (πῶς
1476 5683 1662 5767 γὰρ-ὅ
1683 5754 1696 5767 1
1734 5682 1898 5767 ἐλεῶν
1978 5678 2569 5767 ἰλεῶνῌάληθῶςλιοῆχ
2627 5678 2855 5767 ἂρπάσει
2910 5679 2983 5767 τᾶι
3020 5685 3113 5767 τοῦ
3135 5678 3471 5767 ἑλερυμένου,
3507 5690 3626 5767 Πῶς

263 5754 529 5846 mea»
588 5773 649 5830 or,
701 5754 980 5852 φθονήσει,
1021 5790 1077 5833 κ.
1107 5754 1162 5834 ὲ.
1191 5765 1250 5836 λ.
1283 5754 1360 5812 -'—
1399 5754 1523 5826 God
1548 5754 1653 5839 '32,
1683 5754 1740 5819 ὀ
1798 5763 1898 5843 γὰρ

1981 5762 2081 5840 γὰρ
2152 5762 2181 5815 ὁ
2210 5758 2372 5816 ἆλεῶν
2390 5756 2612 5829 ’ἀληθῶς
2639 5756 2886 5841 φθονήσει
2917 5763 2992 5830 τῷ
3023 5756 3320 5836 ἐλεουμὲνῳ
3353 5777 3368 5836 ;
3395 5783 3450 5824 κ.
3481 5784 3535 5824 τ.
3567 5763 3624 5828 λ,
