4132 6278
139 341 306 404 873

943 346 1385 411 ENARRATIO
1429 344 1509 409 IN
1558 345 2059 412 EVANGELIUM
2110 344 2350 413 LUCE.
2395 383 2473 394 —-
2515 347 2680 413 CAP.
2727 347 2834 414 ΧΙ.

3470 348 3546 415 87

132 483 413 555 αὖτοὺς,
479 484 701 562 ἤρξαντο
768 490 813 543 οἱ
891 492 1233 562 Γραμματετς
1296 489 1383 542 καὶ
1455 489 1503 541 οἱ
1572 492 1848 564 Φαρισαῖοι

1942 492 2191 571 diceret,
2225 503 2534 575 coeperunt
2578 494 2903 576 legisperiti
2938 504 2995 557 et
3021 494 3302 558 Pharisaei
3333 497 3588 575 graviter

124 570 370 635 δεινῶς
422 574 656 654 ἒνέχειν,
704 578 792 632 καὶ
838 577 1281 653 ἀποστοματίζειν
1316 578 1471 633 αὺτὸν
1518 577 1634 654 περὶ
1663 574 1854 632 πλειό-

129 683 303 733 νων,
388 660 747 740 ἐνεδρεύοντες
807 666 989 743 αὗτὸν,
1074 673 1352 735 ζητοῦντες
1415 669 1662 745 θηρεῦσαί
1702 687 1753 721 τι
1797 664 1857 720 ἐκ

126 752 259 806 τοῦ
322 754 603 826 στόματος
664 758 844 833 αὐτοῦ,
920 754 1013 810 ’ἕνα
1086 757 1531 833 κατηγορήσωσιν
1591 757 1770 813 αὐτοῦ,
1822 776 1849 806 ι

142 839 397 897 κλεῖδα
459 843 709 920 γνώσεως
753 843 1027 917 ὠνόμασεν
1079 847 1106 899 6
1141 845 1331 923 Κύριος
1364 845 1461 911 τὴν
1491 841 1854 915 διδασκαλίαν,

138 931 260 984 καὶ
332 931 442 997 τὴν
504 929 588 987 διὰ
629 940 721 989 τοῦ
764 932 927 1005 νόμου
966 934 1330 1012 χειραγωγίαν
1363 930 1647 1006 δυναμένου
1688 952 1858 1009 προσ-

150 1018 342 1095 άγειν
393 1027 475 1091 τῷ
534 1028 761 1099 Χριστῷ,
829 1015 887 1079 Ὀ
953 1024 1053 1100 γὰρ
1124 1023 1285 1096 νόμος
1344 1023 1680 1102 χειραγωγὸς
1728 1021 1860 1077 πάν-

148 1130 289 1171 τως
345 1110 426 1172 εἷς
475 1111 722 1188 Χριστόν.
758 1114 817 1168 Οἱ
869 1110 1042 1167 τοίνυν
1072 1114 1281 1186 νομικοὶ
1308 1114 1400 1167 τὸν
1431 1112 1595 1185 νόμον
1638 1108 1857 1166 δοκοῦν-

148 1219 267 1260 τες
334 1199 677 1278 ἑρμηνεύειν,
725 1202 824 1267 τὴν
886 1199 1072 1257 κλεῖδα
1129 1206 1243 1268 τῆς
1294 1202 1541 1280 γνώσεως
1592 1212 1855 1278 κατεῖχον

144 1285 553 1351 ἓθελοκάκως,
618 1291 703 1345 καὶ
761 1290 855 1345 οὒκ
900 1287 1112 1367 ἤνοιγον
1158 1291 1253 1353 τὰς
1314 1297 1407 1347 τοῦ
1466 1291 1630 1364 νόμου
1671 1289 1850 1368 θύρας,

146 1378 260 1431 ἱνα
321 1374 396 1432 δι’
450 1381 621 1436 αὐτῶν
669 1378 972 1436 εἰσέλθωσιν
1029 1380 1176 1438 αὐτοί
1215 1400 1274 1435 τε
1315 1381 1404 1436 καὶ
1464 1381 1492 1435 6
1535 1377 1663 1441 λαὸς
1722 1380 1855 1457 πρὸς

154 1466 445 1544 Χριστόν,
503 1466 675 1524 ’Ἔστι
731 1466 781 1523 δὲ
815 1472 842 1525 6
886 1469 1051 1544 νόμος
1093 1473 1217 1547 θύρα
1263 1470 1334 1531 εἷς
1369 1471 1612 1545 Χριστόν·
1648 1468 1791 1537 πλὴν
1819 1470 1853 1536 ἡ

143 1555 307 1632 Θύρα
355 1554 495 1622 αὕτη
539 1557 898 1631 κεκλεισμένη
943 1557 1106 1632 ἐστὶν,
1165 1559 1256 1613 εὰν
1301 1559 1377 1632 μή
1427 1580 1508 1621 τις
1566 1559 1666 1627 τήν
1724 1557 1864 1619 ἆσᾶ-

159 1665 346 1723 ’.ρειαν
392 1652 488 1701 τοῦ
518 1646 682 1721 νόμου
713 1647 976 1727 σαφηνίζει
1005 1648 1093 1703 καὶ
1125 1645 1390 1725 διανοίγῃ.
1424 1645 1528 1707 Καὶ
1561 1648 1661 1726 γὰρ
1691 1651 1718 1704 6
1754 1650 1859 1716 Κύ,

152 1756 193 1809 ρ
209 1754 301 1795 to;
384 1747 540 1789 εἶπεν
576 1751 589 1767 ⁸

168 1823 334 1897 ἐμοί,
394 1847 417 1881 ι
462 1827 556 1881 Καὶ
584 1825 743 1882 πάλιν
778 1845 795 1862 ·
832 1850 857 1880 α
894 1826 1171 1905 Ἐρευνᾶτε
1202 1827 1297 1889 τὰς
1330 1826 1562 1905 Γραφὰς,
1591 1827 1671 1883 ὃτι
1704 1827 1859 1895 αὗται

174 1915 325 1968 εἶσιν
388 1915 441 1969 αἶ
494 1922 845 1994 μαρτυροῦσαι
896 1918 1013 1995 περὶ
1070 1914 1224 1991 ἐμοῦ,
1278 1916 1366 1971 καὶ
1394 1916 1551 1985 ὑμεῖς
1581 1921 1640 1975 οὒ
1682 1915 1859 1974 θέλετε

172 2000 369 2057 ἐλθεῖν
416 2002 547 2078 πρός
592 2024 684 2075 με.
721 2024 746 2059 ι
800 2004 934 2060 Οῖον
977 2004 1050 2067 ὡς
1094 2003 1178 2059 ἐπὶ
1206 2004 1321 2065 ἐνὸς
1366 2000 1659 2077 ὑποδεῖξαι,
1690 2003 1856 2078 ἀμνὰς

174 2090 453 2169 ἐσφάζετο
476 2100 598 2151 ταῦς
624 2090 917 2171 ’ίολδαίοις,
945 2094 1189 2172 εχρίοντο
1230 2095 1280 2148 αἱ
1311 2091 1482 2172 φλιαὶ,
1516 2093 1604 2147 καὶ
1635 2093 1702 2148 τὰ
1728 2092 1856 2171 κρέα

172 2179 401 2247 ἤσθιον,
467 2182 552 2236 καὶ
610 2183 677 2249 ἦν
726 2182 909 2247 etB-:01;
940 2184 1058 2249 νίκη
1106 2187 1259 2239 τοῦτο
1302 2182 1440 2238 κατὰ
1486 2188 1578 2237 τοῦ
1607 2181 1853 2260 ὀλοθρευ-

172 2276 306 2331 τοῦ,
372 2277 538 2327 Τοῦτο
596 2269 650 2325 δὲ
695 2271 836 2327 ἅπαν
900 2274 958 2327 τὸ
1002 2280 1098 2330 τοῦ
1156 2278 1383 2350 Χριστοῦ
1414 2272 1703 2349 μυστήριον
1733 2270 1855 2341 ἐδή-

174 2358 309 2425 λου,
359 2359 419 2415 οὗ
473 2361 543 2424 ὡς
601 2360 768 2433 ἆμνού
828 2362 1045 2440 ἀμώρου
1103 2362 1193 2416 καὶ
1247 2359 1472 2417 ἀσπίλου
1535 2360 1849 2439 σφαγέντος,

180 2450 518 2528 ὲχρίσθησαν
576 2452 625 2505 αἱ
668 2449 923 2528 ἡμέτεραι
985 2451 1151 2530 φλιαὶ,
1227 2452 1390 2524 θυμὸς
1432 2452 1521 2505 καὶ
1579 2450 1848 2525 ἐπιθυμία,

180 2541 280 2593 καὶ
339 2539 402 2593 τὸ
456 2540 653 2594 τούτων
710 2538 993 2617 ὑπέρθυρον
1051 2541 1112 2595 τὸ
1174 2538 1477 2616 λογιστικόν
1511 2555 1524 2569 ⁸
1586 2538 1682 2595 καὶ
1754 2540 1852 2606 τὴν

184 2627 363 2703 σάρκα
413 2634 505 2683 τοῦ
549 2630 668 2683 Pio-3
728 2635 819 2685 τοῦ
875 2628 1149 2707 ἀνθρώπου
1205 2626 1500 2707 ἐφάγομεν,
1562 2629 1652 2683 καὶ
1708 2650 1851 2685 νενι-

188 2718 440 2791 κήκαμεν
493 2718 584 2772 τὸν
640 2718 732 2779 τὰς
795 2718 1031 2796 ψυχικὰς
1091 2719 1245 2792 ἡμῶν
1301 2714 1545 2792 δυνάμεις
1602 2716 1851 2796 ὀλοθρεύ-

190 2827 347 2865 οντα.
401 2808 496 2863 Καὶ
528 2806 591 2861 τὰ
620 2806 789 2862 πλείω
814 2804 868 2861 δὲ
914 2812 1006 2863 τοῦ
1050 2806 1212 2881 νόμου
1239 2807 1331 2861 τὸν
1375 2807 1597 2883 Χριστὸν
1647 2805 1847 2877 ὁπεδή-

1939 583 2212 644 insistere
2247 593 2303 644 et
2333 583 2594 664 captiose
2647 602 2781 644 eum
2836 584 3208 661 interrogare
3237 585 3312 646 de
3361 586 3582 661 multis,

1940 670 2289 732 insidiantes
2316 673 2393 747 ei,
2434 684 2493 733 et
2523 682 2858 752 quaerentes
2895 674 3116 753 aliquid
3151 674 3349 736 venari
3381 693 3452 737 ex
3482 693 3587 737 ore

1940 759 2092 839 ejus,
2126 780 2241 840 quo
2271 756 2618 823 accusarent
2646 782 2805 824 eum.
2848 787 2870 821 ι
2907 763 3157 825 Clavem
3179 762 3442 825 scientiae
3471 783 3585 825 no-

1944 849 2185 909 minavit
2218 848 2503 910 Dominus
2534 849 2863 912 doctrinam
2896 860 2954 912 et
2989 852 3135 930 legis
3167 852 3581 914 manuductio-

1944 954 2242 1016 nem,quae
2263 936 2496 999 valebat
2516 938 2818 1001 adducere
2846 940 2920 999 ad
2944 940 3265 1001 Christum.
3292 943 3405 1002 Lex
3425 941 3584 1002 enim

1944 1026 2188 1115 emnino
2220 1044 2326 1115 nos
2358 1026 2432 1115 ad
2480 1027 2778 1088 Christum
2817 1027 3184 1091 manuducit.
3240 1028 3589 1108 Legisperiti
3614 1106 3629 1115 ι

1944 1113 2250 1193 igitur,qni
2273 1114 2387 1175 sibi
2409 1123 2569 1176 recte
2592 1115 2784 1194 legem
2808 1115 3188 1195 interpretari
3208 1116 3587 1192 videbantur,

1940 1202 2213 1265 scientiae
2242 1202 2468 1264 clavem
2503 1203 2759 1282 maligne
2791 1203 3096 1280 tenebant,
3132 1219 3189 1267 et
3224 1224 3340 1267 non
3363 1206 3590 1285 aperie-

1941 1290 2080 1350 bant
2101 1292 2314 1369 januas
2365 1291 2532 1369 legis,
2587 1310 2694 1371 per
2739 1312 2886 1373 quas
2931 1292 3221 1355 intrarent
3268 1303 3328 1355 et
3368 1294 3485 1374 ipsi
3532 1302 3591 1356 et

1940 1380 2189 1459 populus
2220 1380 2294 1440 ad
2320 1380 2646 1456 Christum;
2670 1381 3151 1463 quandoquidem
3186 1383 3281 1444 lex
3297 1383 3483 1462 janua
3501 1393 3591 1445 est

1948 1468 2025 1528 ad
2053 1468 2375 1532 Christum.
2420 1468 2839 1532 Verumtamen
2877 1471 3062 1548 janua
3104 1472 3214 1533 ista
3245 1471 3587 1547 clausa'est',

1951 1556 2063 1617 nisi
2092 1557 2223 1637 quis
2256 1557 2676 1619 obscuritatem
2708 1557 2857 1637 legis
2889 1559 3225 1622 manifestet
3252 1568 3311 1622 et
3335 1560 3586 1640 aperiat,

1948 1643 2242 1726 faciatque
2269 1646 2663 1710 manifestam.
2690 1646 2924 1709 Etenim
2942 1647 3228 1710 Dominus
3257 1648 3437 1712 dixit:
3477 1674 3499 1706 ε
3524 1649 3588 1712 Si

665 1760 692 1790 α
759 1738 814 1793 Εἰ
867 1736 1168 1792 ἐπιστεύετε
1211 1742 1418 1814 Μωσεϊ,
1468 1736 1770 1793 ἐπιστεύετε
1800 1736 1848 1802 ἃ,

1948 1734 2354 1797 credidissetis
2373 1736 2547 1815 Mosi,
2579 1736 2919 1797 credissetis
2938 1737 3144 1817 utique
3174 1738 3319 1800 mihi
3338 1738 3425 1800 50'.
3462 1762 3487 1795 ιι
3515 1740 3592 1801 Et

1944 1822 2160 1884 iterum
2189 1842 2202 1882 :
2236 1823 2604 1886 Scrutamini
2627 1822 2984 1906 Scripturas,
3004 1827 3289 1907 quoniam
3312 1826 3439 1889 ista:
3453 1836 3590 1889 sunt

1942 1928 2074 1990 qum
2101 1912 2508 1973 testimonium
2555 1913 2873 1992 perhibent
2922 1913 2998 1976 de
3049 1933 3166 1976 me.
3218 1915 3288 1977 Et
3334 1936 3439 1979 vos
3471 1935 3595 1978 non

1942 1999 2113 2060 vult-is
2150 2001 2351 2062 venire
2381 2001 2451 2062 ad
2486 2019 2603 2062 me.
2646 2000 2717 2062 Et
2763 2010 2829 2062 ut
2876 2003 3134 2081 exempli
3187 2002 3375 2082 gratia
3406 2024 3586 2066 unum

1942 2089 2250 2149 ostendam
2284 2110 2297 2151 :
2329 2106 2517 2167 agnus
2546 2088 3285 2168 immolabaturaJudasis,
3320 2103 3377 2155 et
3408 2114 3588 2173 unge-

1943 2174 2160 2237 bantur
2189 2177 2693 2255 superliminaria,
2733 2188 2792 2239 et
2819 2196 3031 2241 carnes
3079 2182 3495 2262 comedebant,
3532 2192 3595 2244 et

1941 2276 2070 2327 erat
2097 2270 2185 2327 eis
2211 2268 2323 2327 hoc
2346 2267 2589 2327 victoria
2610 2276 2818 2329 contra
2841 2268 3381 2333 exterminatorem.
3400 2270 3593 2350 Signi-

1939 2354 2154 2416 Iicabat
2186 2355 2298 2415 hoc
2331 2355 2503 2435 plane
2534 2356 2878 2434 mysterium
2926 2357 3168 2426 Christi.
3201 2377 3318 2437 quo
3348 2368 3411 2420 ut
3438 2377 3595 2437 agno-

1942 2446 2314 2505 immaculatu
2360 2454 2417 2505 et
2476 2463 2622 2524 puro
2680 2447 2875 2506 occiso
2932 2449 3155 2525 perfusi
3208 2458 3347 2508 sunt
3403 2449 3592 2509 nostri

1944 2542 2165 2611 pestes,
2193 2533 2280 2593 ira
2310 2541 2369 2594 et
2398 2534 2908 2614 concupiscentia,
2957 2548 3018 2597 et
3064 2536 3275 2597 horum
3326 2534 3591 2616 superli-

1944 2622 2196 2695 ininare,
2227 2621 2536 2682 rationalis
2564 2622 2652 2682 vis
2688 2642 2701 2684 :
2764 2640 3125 2703 carnemque
3157 2623 3293 2686 Filii
3334 2625 3597 2688 hominis

1939 2710 2333 2789 comedimus,
2373 2718 2430 2770 et
2464 2710 2710 2771 vicimus
2739 2712 2982 2790 quidem
3012 2712 3300 2775 animales
3344 2714 3593 2777 virtutes

1938 2810 2172 2860 nostras
2204 2800 2582 2878 perdentem.
2620 2803 2688 2862 Et
2720 2802 3002 2882 pleraque
3043 2802 3103 2861 in
3133 2802 3265 2882 lege
3293 2802 3591 2865 Christum

186 2896 341 2954 λουν.
408 2895 789 2970 Κεκλεισμένος
833 2894 1011 2952 πέντοι
1056 2896 1122 2963 ἦν
1166 2899 1193 2950 ὁ
1256 2895 1418 2969 νόμος
1448 2901 1517 2971 τῇ
1549 2903 1639 2951 τοῦ
1670 2897 1846 2975 γράμ-

1937 2888 2350 2966 signiticabant
2435 2889 2648 2950 Clausa
2703 2890 2863 2949 enim
2915 2898 3040 2952 erat
3084 2892 3178 2953 lex
3227 2892 3595 2955 obscuritate

189 3007 363 3060 ματος
409 2985 653 3063 ἆσαφεὶᾳ,
700 2983 877 3062 ὥσπερ
922 2986 1023 3040 τινὶ
1062 2985 1208 3063 θύρᾳ.
1275 2983 1402 3040 Ἐὰν
1446 2981 1499 3038 δέ
1557 3007 1637 3048 τις
1695 2982 1841 3040 διδα-

1937 2976 2165 3049 litterae,
2200 2979 2372 3056 quasi
2420 2979 2609 3056 janua
2655 2978 2929 3057 quadam.
2980 2978 3040 3041 Si
3091 2988 3287 3042 autem
3332 2981 3590 3060 cuipiam

191 3072 414 3130 σκαλίαν
476 3073 886 3152 ἐνεκεχείριστο,
940 3073 1090 3129 οὗτον
1151 3073 1279 3152 εἶχε
1335 3073 1430 3139 τὴν
1502 3071 1689 3130 κλεῖδα
1743 3080 1841 3140 τῆς

1937 3047 2199 3127 doctrina
2219 3047 2573 3127 concredita
2603 3047 2805 3147 fuerit,
2832 3068 2927 3130 hic
2948 3068 3132 3130 habet
3152 3070 3374 3131 clavem
3398 3047 3597 3133 scien-

193 3165 436 3241 γνήσεως
472 3177 487 3196 ⁸
534 3165 621 3219 καὶ
676 3165 718 3219 εἰ
750 3160 1056 3243 ἠϐούλετο,
1118 3162 1320 3229 ἤνοιξεν
1364 3162 1450 3242 ἂν,
1481 3164 1569 3219 καὶ
1602 3164 1755 3227 αὑτῖς
1787 3187 1842 3220 τε

1937 3162 2023 3223 tiae
2050 3176 2062 3217 :
2097 3157 2148 3216 si
2180 3156 2437 3216 voluerit
2466 3156 2787 3237 aperire,ei
2819 3157 2945 3236 ipse
2962 3158 3458 3239 intrahit,etaliis
3473 3163 3591 3223 dux

199 3250 431 3324 εἰσῆλθε,
478 3254 564 3309 καὶ
622 3251 803 3317 ἄλλοις
847 3250 1039 3331 ὁδηγὸς
1094 3251 1328 3330 ἐγένετο,
1387 3251 1515 3330 ὅπερ
1562 3255 1609 3307 οἱ
1639 3255 1846 3327 νομικοὶ

1937 3245 2039 3305 erit
2069 3263 2082 3307 :
2134 3245 2194 3306 id
2228 3245 2383 3325 quod
2420 3245 2752 3323 legisperiti
2804 3264 2923 3307 non
2967 3247 3261 3329 fecerunt,
3295 3250 3400 3310 sed
3431 3252 3588 3312 tule-

201 3342 300 3397 οὒκ
349 3340 626 3412 ἐποίησαν,
691 3340 811 3397 ἀλλ’
864 3342 995 3420 ἦραν
1054 3342 1153 3408 τὴν
1210 3337 1401 3396 κλεῖδα
1440 3340 1541 3408 τῆς
1570 3341 1840 3419 γνώσεως,

1937 3342 2070 3397 runt
2100 3334 2326 3395 clavem
2358 3332 2651 3415 scientiae,
2686 3336 2799 3396 hoc
2825 3346 2912 3396 est
2942 3335 3416 3412 absconderunt,
3442 3340 3585 3401 obs-

206 3429 470 3486 τουτέστιν
529 3429 862 3509 ἀπέκρυψαν,
927 3430 1213 3508 ἠφάνισαν,
1253 3430 1341 3485 καὶ
1398 3427 1584 3486 λοιπὸν
1634 3434 1707 3495 ὡς
1760 3432 1848 3500 τῆς

1944 3432 2246 3504 curarunt,
2286 3431 2344 3483 et
2364 3424 2492 3503 jam
2520 3425 2687 3502 quasi
2713 3424 2861 3486 clavi
2891 3443 2924 3485 e
2954 3426 3153 3487 medio
3192 3425 3441 3504 sublata,
3474 3429 3589 3492 hoc

208 3515 408 3582 κλειδὸς
465 3517 710 3593 ἀρθείσης
773 3519 833 3575 ἐκ
877 3519 1063 3599 μέσου,
1126 3517 1246 3585 ἤτοι
1306 3522 1404 3587 τῆς
1456 3519 1733 3595 ἑρμηνείας
1766 3532 1848 3579 τοῦ

1939 3523 2028 3576 est
2061 3513 2206 3592 legis
2224 3513 2736 3592 interpretatione,
2764 3514 2977 3576 mansit
2997 3514 3200 3578 clausa
3227 3516 3355 3597 ejus
3375 3519 3583 3597 janua.

208 3607 368 3682 νόμου
436 3606 611 3681 ἔμεινε
668 3607 1024 3683 κεκλεισμένη
1083 3608 1116 3675 ἡ
1173 3607 1358 3663 τούτου
1414 3611 1559 3687 θυρα.
1622 3612 1848 3680 Νοήσεις

1937 3601 2235 3681 lntelligas
2269 3602 2409 3662 item
2440 3611 2499 3663 et
2529 3603 2704 3664 ﬁdem
2739 3602 2960 3664 clavem
2994 3621 3127 3665 esse
3158 3605 3441 3670 scientiae.
3475 3607 3591 3669 Per

191 3690 247 3749 δ’
307 3695 366 3750 ἂν
405 3699 491 3753 καὶ
546 3698 644 3764 τὴν
702 3698 876 3753 πίστιν
930 3693 1118 3752 κλεῖδα
1173 3700 1273 3763 τῆς
1315 3696 1585 3773 γνώσεως,
1624 3700 1723 3755 Διὰ
1746 3701 1845 3780 γὰρ

1937 3694 2109 3754 fidem
2141 3692 2301 3753 enim
2326 3691 2497 3751 datur
2520 3692 2782 3753 veritatis
2800 3691 3082 3754 scientia:
3114 3695 3273 3757 unde
3296 3696 3586 3776 propheta

200 3790 296 3852 τῆς
352 3786 572 3848 πίστεως
644 3787 980 3865 προσγίνεται
1049 3786 1085 3853 ἡ
1132 3789 1231 3852 τῆς
1305 3783 1551 3853 ἂληθείας
1593 3794 1785 3865 γνῶσις
1819 3808 1834 3822 ⁶

1937 3781 2107 3853 [saias
2164 3780 2354 3841 dicit:
2416 3804 2440 3835 α
2478 3781 2608 3844 Nisi
2658 3782 3061 3858 credideritis,
3113 3801 3229 3843 non
3285 3785 3585 3865 intellige-

201 3876 287 3931 καὶ
334 3880 453 3952 γοῦν
510 3877 538 3931 6
596 3876 875 3955 προφήτης
909 3866 1137 3938 Ἠσαίας
1168 3876 1300 3955 φησί
1332 3890 1346 3905 ⁸
1407 3898 1437 3930 ε
1472 3878 1591 3949 Καὶ,
1625 3878 1751 3935 Ἐὰν
1780 3885 1839 3939 οὗ

1937 3872 2098 3934 ,ἰεὸί.
2152 3895 2177 3926 ι)
2216 3869 2403 3948 Igitur
2454 3870 2780 3951 legisperiti
2823 3871 3047 3933 clavem
3100 3873 3277 3948 hanc,
3329 3874 3441 3937 hoc
3486 3887 3578 3938 est

200 3963 533 4043 πιστεύσητε,
575 3962 683 4020 οὐδ’
741 3963 802 4020 οὗ
862 3963 940 4039 μὴ
1001 3964 1216 4030 συνῆτε,
1259 3985 1280 4018 ο
1339 3966 1403 4020 Hi
1434 3965 1603 4021 τοίνυν
1634 3971 1841 4042 νομικοὶ

1937 3961 2128 4035 fijem,
2162 3977 2196 4021 e
2227 3959 2364 4017 564
2400 3960 2595 4020 medio
2626 3960 3002 4021 abstulerunt
3026 3968 3086 4022 et
3113 3960 3581 4028 absconderunt.

200 4053 299 4121 τὴν
340 4050 523 4109 κλεῖδα
564 4053 788 4125 ταύτης,
834 4052 955 4120 ἤτοι
999 4055 1097 4120 τὴν
1149 4054 1347 4126 πίστιν,
1402 4056 1537 4132 ἦραν
1565 4054 1624 4111 ὲκ
1654 4057 1837 4131 μέσου,

1937 4051 2058 4112 Νοη
2090 4048 2249 4109 enim
2284 4047 2561 4108 sinebant
2584 4048 2872 4128 quosdam
2903 4050 3154 4111 credere
3188 4050 3247 4112 in
3281 4051 3580 4115 Christum

201 4144 287 4199 καὶ
344 4141 669 4221 ἀπέκρυψαν,
705 4144 778 4200 Ού
820 4143 921 4221 γὰρ
979 4141 1111 4199 εἴων
1141 4143 1406 4199 πιστεύειν
1435 4145 1580 4207 τινας
1626 4147 1699 4209 εἰς
1753 4149 1842 4203 τὸν

1937 4138 2193 4198 omnium
2227 4138 2611 4199 Salvatorem.
2646 4135 2752 4198 Ille
2786 4139 3072 4199 miracula
3096 4140 3369 4215 faciebat,
3405 4151 3462 4203 et
3482 4161 3581 4223 po-

206 4231 341 4287 ὅλων
390 4231 620 4309 ’Σωτῆρα
682 4231 929 4296 Χριστόν.
983 4228 1430 4309 Ἐθαυματούργει
1486 4230 1692 4296 ἐκεῖνος
1759 4238 1846 4292 καὶ

1937 4226 2100 4306 pulus
2132 4244 2239 4307 per
2262 4225 2544 4286 miracula
2572 4225 2823 4286 credens
2858 4226 3161 4306 agniturus
3192 4237 3317 4289 erat
3344 4229 3535 4292 Deum
3563 4250 3577 4295 :

206 4322 237 4376 ὃ
288 4319 406 4382 λαὸς
448 4317 530 4375 διὰ
586 4326 692 4376 τῶν
756 4320 1036 4395 θαυμάτων
1079 4321 1358 4382 πιστεύων,
1412 4319 1630 4394 ἔμελλεν
1662 4322 1841 4395 ἐπιγι-

1937 4316 2071 4377 athi
2121 4322 2178 4375 in
2230 4314 2539 4376 Beelzebul
2588 4314 2869 4376 dicebant
2913 4317 3132 4395 ejicere
3180 4318 3474 4380 daemonia
3494 4320 3575 4382 59.

211 4420 417 4466 νώσκειν
475 4410 631 4467 αὐτὸν
664 4409 794 4466 Θεόν
827 4427 841 4444 ·
877 4411 925 4465 οἱ
957 4408 1012 4465 δὲ
1040 4409 1093 4465 ἐν
1125 4406 1441 4479 Βεελζεϐοὺλ
1493 4408 1673 4488 ἔλεγον
1718 4412 1840 4469 ἐπι-

1937 4404 2107 4466 Vides
2138 4403 2433 4484 quomodo
2466 4403 2843 4466 abstulerunt
2890 4406 3112 4466 clavem
3143 4407 3426 4485 scientiae,
3458 4429 3576 4471 non

210 4498 376 4555 τελεῖν
431 4498 586 4556 αὐτὸν
628 4499 692 4554 τὰ
733 4499 997 4574 θαύματα.
1037 4489 1194 4578 Ἠρᾷς
1226 4504 1341 4560 πῶς
1366 4503 1501 4573 ἦραν
1532 4500 1627 4567 τὴν
1657 4500 1844 4559 κλεῖδα

1937 4493 2190 4555 sinentes
2218 4493 2466 4553 credere
2496 4493 2557 4553 id
2590 4510 2698 4573 per
2725 4493 2881 4573 quod
2914 4495 3222 4555 scientiam
3257 4495 3341 4556 illi
3372 4500 3579 4579 acqui-

211 4593 305 4655 τῆς
368 4588 636 4666 γνώσεως,
683 4587 777 4643 οὒκ
820 4586 1009 4651 ἒῶντες
1058 4587 1320 4643 πιστεύειν
1351 4591 1427 4661 τῷ
1455 4585 1523 4643 δι’
1552 4591 1611 4644 οὗ
1639 4591 1673 4657 ἡ
1707 4598 1842 4670 γνῶ-

212 4700 289 4740 σις
340 4679 514 4740 αὐτοῖς
573 4675 799 4752 ἔμελλεν
853 4676 1225 4755 ἐπιγίνεσθαις
1284 4674 1583 4733 Ἐδίδασκεν
1634 4678 1688 4735 ἑν
1717 4695 1839 4746 ταῖς

214 4775 543 4845 Συναγωγαῒς
574 4768 633 4823 τὸ
665 4766 874 4842 θέλημα
900 4775 995 4825 τοῦ
1025 4773 1178 4840 Θεοῦ,
1212 4768 1258 4821 οἱ
1303 4764 1353 4821 δὲ
1386 4766 1592 4846 ἔλεγον,
1631 4771 1838 4846 Δαιμό-

215 4878 314 4913 νιον
363 4855 500 4935 ἔχει,
564 4857 650 4912 καὶ
682 4857 946 4936 μαίνεται,
977 4855 1027 4911 τί
1056 4855 1214 4912 αὐτοῦ
1259 4855 1474 4914 ἀκούετε
1511 4876 1528 4930 ;
1560 4850 1723 4939 Ἠραν
1752 4861 1839 4917 οὖν

215 4948 338 5004 κατὰ
390 4948 445 5001 τὸ
502 4945 693 5013 ἀληθὲς
749 4946 848 5013 τὴν
904 4943 1096 5002 κλεῖδα
1153 4951 1252 5013 τῆς
1301 4948 1573 5029 γνώσεως,
1608 4950 1753 5007 αὐτοί
1779 4973 1834 5007 τε

216 5037 304 5096 οὒκ
365 5035 620 5116 εἰσῆλθον,
673 5038 760 5093 καὶ
833 5036 1040 5116 ἑτέρους
1099 5036 1455 5114 κεκωλύκασι,
1530 5041 1615 5096 καὶ
1672 5048 1835 5097 ταὺτα

219 5126 629 5208 εἰσερχομένους,
712 5124 983 5184 τουτέστιν
1068 5124 1397 5193 ἐπιτηδείους
1480 5126 1635 5193 ὄντας
1708 5132 1835 5208 πρὸς

216 5217 529 5295 θεογνωσίαν.
592 5206 723 5272 "Eri
794 5213 848 5270 δὲ
892 5216 1052 5272 αὗτοῦ
1092 5222 1254 5271 ταῦτα
1311 5214 1583 5293 λέγοντος,
1637 5217 1834 5277 ἐκεῖνοι

219 5305 376 5385 ὥσπερ
428 5304 895 5385 ἐπιμαρτυροῦντες
945 5316 1062 5368 τοῖς
1114 5302 1296 5382 λόγοις
1328 5306 1509 5381 αὐτοῦ,
1553 5305 1668 5363 δέον
1712 5307 1833 5365 ὲπι-

1926 4583 2097 4644 situri
2114 4582 2577 4653 erant.Docebat
2608 4581 2768 4643 enim
2790 4584 2851 4644 in
2872 4582 3195 4663 Synagogis
3216 4587 3574 4650 voluntatem

1924 4673 2030 4733 Dei
2065 4693 2077 4733 :
2115 4672 2201 4734 illi
2251 4679 2448 4732 autem
2484 4671 2765 4734 dicebant
2799 4690 2813 4735 :
2862 4674 3234 4736 llaamonium
3284 4676 3481 4751 habet,
3516 4697 3576 4752 ει

1923 4764 2139 4823 insanit
2168 4784 2182 4826 :
2216 4762 2359 4840 quid
2391 4762 2559 4822 illum
2590 4763 2854 4826 auditis?
2883 4764 3169 4826 Tulerunt
3212 4766 3392 4845 igitur
3431 4784 3575 4831 vere

1922 4854 2142 4915 clavem
2177 4851 2464 4926 scientias,
2494 4860 2550 4911 et
2579 4852 2691 4932 ipsi
2722 4853 2970 4931 ingressi
3007 4873 3124 4915 non
3146 4865 3306 4930 sunt,
3340 4865 3397 4916 et
3425 4857 3576 4920 alios

1922 4942 2353 5023 prohibuerunt
2376 4942 2627 5001 maxime
2645 4942 3073 5020 ingredientes,
3092 4945 3203 5006 hoc
3235 4956 3322 5007 est
3352 4947 3575 5009 studio-

1919 5051 2016 5093 sos
2040 5028 2395 5111 cognitionis
2423 5030 2657 5093 divinaa.
2704 5030 2812 5091 Illo
2843 5042 3041 5094 autem
3066 5034 3259 5094 adhuc
3290 5035 3573 5117 loquente

1920 5123 2067 5196 hinc,
2102 5121 2184 5181 illi
2217 5119 2383 5201 quasi
2414 5128 2833 5182 attestarentur
2860 5120 3015 5182 dicta
3044 5124 3198 5203 ejus,
3234 5142 3366 5186 cum
3395 5144 3544 5207 opor

1919 5219 2071 5272 teret
2104 5211 2401 5291 propriam
2435 5227 2758 5287 agnoscere
2778 5209 3270 5289 imbecillitatem,
3298 5222 3569 5278 ostenta-

1920 5308 2064 5364 runt
2095 5318 2158 5362 se
2181 5301 2281 5361 illo
2302 5298 2580 5360 videlicet
2604 5299 3025 5381 sapientiores,
3046 5308 3221 5382 atque
3251 5304 3570 5370 occludere

219 5400 393 5473 γνῶναι
446 5394 541 5462 τὴν
599 5394 794 5451 οἰκείαν
857 5391 1148 5466 ἆσθένειαν,
1242 5392 1568 5452 ἐπεδείκνυον
1624 5397 1836 5461 ἑαυτοὺς

1937 5390 2006 5452 1ιὶ
2039 5410 2125 5459 os,
2162 5390 2316 5470 quod
2352 5387 2539 5452 Graeci
2570 5387 2773 5451 dicunt
2802 5390 3264 5467 ἀποστοματίζειν,
3309 5394 3565 5476 incipie-

220 5484 330 5551 δῆθε
364 5482 685 5563 σοφωτέρους
753 5483 934 5563 αὒτοῦ,
991 5484 1079 5540 καὶ
1126 5480 1208 5550 δὴ
1235 5482 1676 5559 ἆποστοματίζειι
1738 5489 1836 5543 αὖ·

1937 5491 2092 5560 3ant,
2123 5482 2233 5542 hoc
2257 5490 2343 5541 est
2375 5481 2717 5560 frequenter
2742 5481 3197 5560 interrogare,et
3219 5484 3566 5568 perplexum

291 5645 343 5694 50
367 5644 523 5706 loan.
557 5660 615 5723 ν,
652 5644 758 5702 46.
787 5643 839 5692 5‘
875 5642 984 5704 lsa.
1022 5659 1117 5717 vn,
1150 5644 1205 5704 9.
1242 5641 1304 5691 δί
1336 5643 1537 5706 Matth.
1575 5660 1681 5718 xu,
1710 5646 1809 5706 ‘24.

512 5782 771 5843 PATROL.
818 5782 930 5845 Gn.
978 5781 1246 5844 CXXIII.
3134 5779 3239 5844 28.
