4132 6278
522 276 639 340 875

1498 277 2089 343 THEOPHYLACTI
2136 266 2543 342 BULGARIIE
2584 272 2941 342 ARCHIEP.

3930 276 4009 337 76

524 418 722 480 facere
758 438 771 481 :
828 419 885 479 id
917 419 1074 499 quod
1112 419 1240 482 ﬁeri
1272 420 1423 481 solet
1452 421 1688 500 quando
1737 421 1935 501 plures
1980 423 2168 486 inter-

2260 413 2345 467 τὸν
2403 411 2649 491 ἤρξαντο,
2703 414 2942 469 τουτέστι
3026 419 3237 476 πυκνῶς
3307 413 3511 491 ἐρωτᾷν
3586 412 3822 482 αὐτὸν,
3921 428 4013 471 221

527 516 737 587 rogant
767 527 949 570 unum
977 509 1052 571 de
1074 509 1207 570 aliis
1235 519 1409 589 atque
1428 510 1561 572 aliis
1590 513 1952 588 argumentis
1987 534 1998 570 :
2037 523 2176 575 tunc

528 597 687 657 enim
720 598 819 678 qui
851 598 1128 659 omnibus
1177 599 1545 679 respondere
1591 619 1706 660 non
1753 601 1929 675 valet,
1981 602 2176 681 suspi-

528 688 763 748 cionem
795 686 951 767 apud
983 687 1335 768 insipientes
1386 688 1648 768 exhibet,
1678 689 1834 768 quod
1861 691 2178 770 perplexus

527 776 603 837 sit
631 776 921 838 redditus.
954 776 1077 838 Hoc
1111 778 1286 853 igitur
1330 777 1636 838 struebant
1669 778 1843 838 etiam
1878 778 2175 840 maledicti

527 863 614 926 illi
675 872 880 925 contra
935 865 1256 927 Christum.
1320 865 1481 925 Multi
1537 865 1695 926 enim
1748 866 2178 946 interrogantes

526 972 712 1013 unum
760 952 1117 1014 videbantur
1146 954 1229 1013 illi
1261 973 1327 1013 os
1360 954 1699 1025 occludere,
1737 964 1792 1015 et
1824 958 2176 1035 perplexum

526 1041 810 1112 reddere.
839 1044 918 1103 ita
946 1054 1012 1102 ut
1038 1061 1152 1102 non
1176 1050 1378 1119 posset
1400 1043 1486 1103 eis
1514 1043 1901 1122 respondere,
1934 1044 1992 1105 id
2019 1044 2175 1126 quod

534 1129 1593 1201 verisimiliteraccidisset.Qnomodo
1620 1131 1778 1191 enim
1803 1150 1956 1192 unus
1979 1133 2178 1212 posset

535 1218 739 1280 multis
767 1219 1134 1298 respondere
1163 1218 1276 1280 alia
1307 1228 1481 1299 atque
1510 1219 2177 1300 aliainterrogantibus?

529 1309 733 1371 Potest
761 1316 958 1369 autem
984 1315 1043 1369 et
1070 1310 1475 1383 ἀποστοματίζει
1495 1334 1507 1359 ο
1530 1310 1612 1368 sic
1640 1310 1909 1389 intelligi,
1946 1311 2059 1373 hoc
2087 1320 2176 1373 est

524 1398 870 1478 illaqueare,
902 1406 960 1459 et
988 1397 1060 1458 ab
1093 1416 1196 1459 ore
1233 1398 1707 1477 apprehendere.
1735 1399 1980 1471 Quando
2013 1402 2171 1461 enim

522 1488 989 1569 apprehenditur
1022 1506 1093 1548 ac
1150 1489 1383 1569 capitur
1419 1505 1491 1549 ex
1544 1488 1637 1550 his
1686 1507 1817 1569 quae
1846 1489 1974 1569 ipse
2004 1489 2168 1566 dicit,

523 1579 758 1639 videtur
784 1576 858 1639 ab
891 1595 994 1638 ore
1023 1576 1176 1656 capi,
1212 1586 1270 1638 et
1293 1575 1366 1637 ab
1389 1595 1492 1637 ore
1522 1596 1627 1638 suo
1659 1578 1785 1657 rapi
1819 1586 1994 1658 atque
2024 1598 2171 1640 con-

523 1665 816 1727 demuari.
852 1663 1034 1725 Porro
1064 1673 1121 1725 et
1150 1664 1459 1743 sequentia
1490 1665 1603 1726 hoc
1635 1665 1958 1729 declarant.
1995 1666 2172 1739 Quze-
2197 1702 2235 1752 Β

525 1761 730 1817 rentes
751 1754 933 1829 enim,
967 1753 1180 1833 inquit,
1211 1754 1411 1815 venari
1433 1754 1735 1835 quidpiam
1764 1774 1829 1816 ex
1854 1774 1956 1817 ore
1975 1756 2169 1822 illius:

526 1839 681 1921 quod
716 1843 871 1902 enim
903 1841 1075 1922 paulo
1106 1849 1243 1903 ante
1285 1843 1515 1903 dixerat
1561 1844 2026 1919 ἀποστοματίζειν,
2062 1845 2175 1906 hoc

524 1950 681 1993 nunc
712 1932 857 1992 dicit
885 1932 1087 1993 venari
1128 1930 1429 2011 quidpiam
1465 1949 1535 1992 ex
1581 1950 1684 1992 ore
1727 1936 1876 2009 ejus.
1912 1934 2172 1994 Interro-

524 2020 733 2098 gabani
764 2029 958 2083 autem
992 2022 1183 2101 ipsum
1209 2020 1524 2100 aliquando
1551 2019 1788 2101 quidem
1823 2021 1898 2084 de
1929 2022 2082 2101 lege,
2110 2030 2176 2085 ut

528 2126 662 2171 eum
696 2110 1111 2189 blasphemum
1153 2118 1421 2187 arguant,
1472 2113 1568 2191 qui
1620 2112 1825 2173 Mosen
1870 2120 2122 2173 taxasset
2157 2132 2171 2175 :

526 2199 638 2259 hoc
663 2201 821 2259 enim
854 2198 1331 2278 suspicabantur.
1376 2198 1713 2278 Aliquando
1743 2218 1881 2259 vero
1913 2200 2172 2262 interro-

523 2297 662 2366 gant
689 2288 764 2349 de
806 2287 900 2350 his
941 2307 1071 2368 quae
1100 2287 1170 2347 ad
1205 2288 1497 2349 Caesarem
1531 2288 1881 2368 attinebant,
1932 2298 1994 2349 ut
2035 2308 2172 2351 eum

524 2376 879 2438 denuntient
919 2376 1290 2457 seditiosum,
1342 2385 1398 2437 et
1430 2376 1760 2456 tyrannidis
1809 2377 2163 2453 studiosum,

524 2475 580 2526 et
610 2467 848 2527 omnino
879 2465 1036 2539 talia,
1066 2464 1269 2544 qualia
1308 2468 1525 2527 animae
1576 2467 1849 2544 pessimae
1883 2475 1942 2527 et
1994 2467 2163 2528 mali-‘-

521 2554 821 2634 gnissimaa
847 2572 916 2615 ac
937 2554 1098 2614 omni
1120 2552 1431 2633 iniquitate
1453 2555 1641 2633 plenae
1662 2554 2085 2634 excogitarent.

524 2733 614 2794 De
666 2734 962 2812 fermento
1014 2733 1494 2796 Pharisaeorum.
1549 2733 1628 2794 De
1672 2750 1741 2795 eo
1794 2736 1897 2813 qui
1940 2736 2171 2800 volebat

548 2854 551 2855 ν
605 2816 881 2897 dividere
927 2815 1362 2897 hwreditatem.
1408 2815 1495 2875 De
1537 2814 1744 2886 divite,
1801 2818 1976 2897 cujus
2016 2835 2172 2897 inger

602 2895 1025 2974 fructiﬁcavit.
1052 2896 1140 2957 De
1166 2902 1507 2974 contemptu
1537 2895 1952 2956 terrestrium.
1991 2895 2171 2971 Quod

602 2976 896 3075 ῖηθίεηάα
918 3065 929 3075 ,
952 2979 1031 3075 si!
1075 2976 1406 3075 ρυανίιίςις.
1430 2976 1512 3075 De
1546 2975 1738 3075 viai“:
1761 2992 1961 3075 favo-
2002 2976 2170 3049 θαοά
2187 3024 2227 3075 c

602 3054 725 3117 non
755 3062 1032 3136 oporteat
1060 3073 1193 3119 cum
1220 3057 1503 3136 proximo
1530 3054 1908 3117 contendere.

603 3239 788 3301 Vens.
826 3240 957 3302 143.
994 3263 1017 3296 ιι
1047 3238 1188 3302 Cum
1223 3247 1415 3301 autem
1452 3237 1825 3299 convenisset
1855 3236 2169 3299 innumera

524 3327 709 3389 turbae
744 3329 1078 3402 multitudo,
1106 3328 1253 3389 adeo
1290 3336 1351 3389 ut
1373 3346 1435 3389 se
1469 3326 1718 3387 invicem
1750 3325 1890 3385 565
1920 3327 2165 3388 concul-

520 3426 748 3491 carent,
776 3418 954 3497 coepit
991 3418 1188 3479 dicere
1207 3418 1276 3478 ad
1304 3416 1629 3496 discipulos
1650 3434 1827 3477 suos:
1864 3414 1930 3476 1n
1962 3416 2169 3496 primis

522 3515 722 3568 cavete
754 3507 1065 3586 vobisipsis
1114 3525 1147 3567 a
1193 3507 1486 3567 fermento
1519 3505 1973 3588 Pharisaeorum,
2008 3508 2166 3586 quod

526 3603 615 3656 est
644 3595 991 3675 hypocrisis.
1026 3594 1184 3656 Nihil
1226 3596 1383 3655 enim
1426 3602 1694 3674 opertum
1727 3601 1836 3666 est,
1871 3596 2019 3674 quod
2051 3614 2169 3657 non

525 3684 907 3760 revelabitur;
935 3702 1127 3764 neqne
1150 3683 1745 3763 absconditum,quod
1774 3703 1890 3744 non
1913 3683 2160 3748 scietur:

524 3773 798 3853 quoniam
825 3794 953 3853 qua:
973 3774 1031 3835 in
1059 3773 1319 3835 tenebris
1336 3772 1656 3847 dixistis,in
1682 3772 1907 3834 lumine
1924 3773 2171 3835 audien-

522 3868 617 3921 tur
644 3879 659 3935 ;
683 3870 741 3922 et
773 3862 928 3941 quod
961 3863 1021 3922 in
1050 3879 1251 3922 aurem
1287 3862 1462 3922 locuti
1497 3860 1639 3923 estis
1672 3860 1733 3921 in
1764 3861 2163 3937 conclavibus,

522 3951 939 4028 pradicabitur
979 3951 1040 4012 in
1073 3951 1263 4011 tectis.
1300 3976 1322 4008 ι›
1360 3950 1644 4014 Pbarisaai
1695 3950 1933 4031 quidem
1968 3952 2164 4031 ipsum

521 4038 843 4120 illaqueare
874 4039 1176 4101 tentabant
1206 4040 1267 4101 in
1298 4059 1597 4113 sermone,
1633 4048 1696 4100 ut
1722 4038 1927 4101 turbas
1958 4040 2029 4100 ab
2062 4040 2164 4102 illo

522 4126 895 4192 abarcerent.
923 4132 1000 4191 At
1028 4147 1124 4189 res
1149 4128 1207 4189 in
1232 4129 1594 4190 contrarium
1618 4127 1830 4209 evenit,
1861 4129 2165 4209 magisque

521 4218 1017 4298 adieruntturbze,
1044 4218 1175 4279 etin
1199 4218 1398 4280 turbas
1431 4219 1772 4279 innumeras
1794 4216 2159 4297 colligeban-

523 4317 643 4387 tur,
663 4316 719 4368 et
748 4308 826 4370 ita
858 4310 1072 4387 singuli
1106 4308 1424 4388 cupiebant
1454 4306 1802 4388 appropiare
1837 4307 1912 4380 ei,
1940 4316 2001 4367 ut
2025 4316 2161 4368 etse

522 4396 775 4458 invicem
808 4401 1246 4460 conculcarent.
1276 4396 1373 4459 Sic
1406 4398 1584 4475 igitur
1609 4396 1779 4457 fortis
1812 4405 1900 4457 est
1925 4397 2161 4473 veritas,

522 4495 581 4546 et
600 4485 771 4546 dolus
796 4487 984 4550 ubivis
1004 4496 1294 4551 terrarum
1319 4486 1794 4548 inﬁrmusJesus
1816 4486 2032 4565 itaque,
2051 4487 2168 4547 visa

523 4573 728 4636 fraude
757 4576 1213 4651 Pharisaeorum,
1251 4583 1309 4637 et
1338 4575 1494 4655 quod
1526 4578 1768 4653 ﬁguram
1803 4574 2043 4655 quidem
2070 4574 2165 4635 in-

523 4665 949 4742 terrogantium
984 4672 1288 4742 gererent,
1321 4683 1385 4725 rc
1417 4673 1615 4725 autem
1663 4682 1797 4725 vera
1837 4663 2165 4742 illaqueare

522 4762 903 4834 conarentur,
936 4753 1082 4814 dixit
1133 4751 1441 4833 discipulis
1491 4756 1611 4813 suis
1661 4754 1735 4813 de
1787 4751 2165 4813 simulatione

523 4839 987 4919 Pharisaorum,
1025 4860 1279 4920 arguens
1303 4841 1547 4903 omnino
1579 4842 1739 4916 illos,
1769 4849 1828 4902 et
1858 4840 2166 4901 denudans

522 4930 701 4992 corda
733 4930 964 4993 illorum
989 4930 1365 4992 simulatione
1391 4928 1976 5010 plena.Fermentum
1999 4936 2168 4990 vocat

523 5019 869 5099 hypocrisin
920 5030 976 5080 et
1011 5020 1474 5094 simulationem,
1524 5021 1681 5099 quod
1734 5018 1948 5081 acerba
1979 5018 2075 5093 sit,
2110 5028 2169 5081 et

523 5107 695 5189 plena
721 5109 935 5171 veteris
957 5109 1286 5183 malitiae,et
1310 5111 1690 5171 transformat
1709 5117 2166 5189 corrumpatque

522 5216 721 5260 secum
774 5201 1105 5261 hominum
1136 5194 1365 5260 mentes
1408 5200 1627 5280 quibus
1665 5199 1919 5261 admista
1966 5198 2164 5261 fuerit.

520 5286 681 5350 Nihil
711 5289 869 5350 enim
921 5289 1005 5351 sic
1039 5307 1234 5350 mores
1274 5288 1501 5361 alterat,
1543 5289 1622 5349 uti
1676 5287 2018 5370 hypocrisis.
2056 5285 2167 5359 Qui

522 5378 702 5457 igitur
713 5378 1007 5442 Christum
1027 5378 1626 5458 discunt,hypocrisin
1641 5377 2167 5457 fugiunt.Christus

524 5467 683 5529 enim
715 5487 849 5529 cum
882 5470 956 5529 sit
986 5467 1555 5543 veritas,_mendacio
1586 5467 1949 5531 adversatur.
1986 5464 2166 5527 Porro

525 5555 721 5617 omnis
745 5556 1075 5637 hypocrisis
1103 5555 1417 5618 mendacio
1441 5556 1617 5637 plena
1632 5564 1742 5633 est,
1778 5565 1836 5618 et
1862 5555 2018 5618 aliud
2040 5554 2169 5636 qui-

2260 500 2506 577 ἀπορεῖν,
2556 504 2758 558 Γίνεται
2802 504 2902 581 γὰρ
2931 505 2991 558 τὸ
3046 504 3511 578 ἀποστοματίζειν,
3561 502 3713 557 ὅταν
3780 500 4000 556 πλεὲο-

2260 612 2344 653 νες
2376 590 2639 660 ἐρωτῶσιν
2694 592 2785 647 ἕνα
2828 594 2945 670 περὶ
2988 591 3166 648 ἄλλων
3209 593 3296 647 καὶ
3355 590 3536 646 ἄλλων
3600 590 3999 649 ὑπώέσεωη.

2260 680 2388 735 Τότε
2448 681 2547 757 γὰρ
2592 683 2669 755 μὴ
2700 679 2984 755 δυνάμενος
3041 687 3201 737 πᾶσιν
3260 681 3679 759 ἀποκρίνεσθαι,
3723 678 3997 758 ἔμφασιν

2260 764 2433 824 δίδωσι
2478 771 2880 841 τοῖςυᾶνοήτοις
2928 778 3020 827 τοῦ
3073 770 3487 848 ἒξαπορηθῆναι,
3540 769 3739 827 Τοῦτο
3797 770 3995 824 τοίνυ-

2259 856 2558 938 ἒσοφίζοντο
2617 861 2706 916 καὶ
2756 862 2803 917 οἱ
2857 861 3152 939 κατάρατοι
3209 859 3412 915 ὶκεῖνοι
3467 860 3610 914 κατὰ
3686 865 3988 935 Χριστοῦ,

2260 946 2454 1004 Πολλοὶ
2525 950 2623 1026 γὰρ
2702 952 3004 1025 ἐρωτῶντες
3087 948 3203 1023 ἕνα,
3297 946 3509 1003 ἐδόκουν
3597 947 3989 1021 ἀποστομα-

2257 1038 2439 1114 τίζειν,
2510 1039 2597 1093 καὶ
2645 1040 2717 1102 εἷς
2771 1038 2991 1115 ἀπορίαν
3050 1038 3198 1116 ἄγειν
3258 1037 3438 1111 αὐτὸν,
3502 1039 3579 1098 ὡς
3630 1036 3731 1110 μὴ
3800 1033 3985 1090 δυνα-

2258 1147 2417 1199 μενον
2502 1127 2685 1190 αὐτοῖς
2769 1127 3162 1201 ἀποκρίνεσθαι,
3268 1126 3396 1204 ὅπερ
3493 1126 3744 1188 εἰκότως

2257 1234 2421 1271 νετο·
2471 1221 2584 1277 πῶς
2631 1217 2728 1293 γὰρ
2771 1218 2799 1271 ὁ
2848 1216 2932 1279 εἷς
2987 1214 3200 1271 δύναται
3254 1214 3480 1275 πολλοῖς
3544 1214 3973 1290 ἀποκρίνεσθαι

2259 1301 2394 1359 ἅλλα
2452 1306 2539 1360 καὶ
2611 1302 2746 1360 ἄλλα
2803 1307 3091 1383 ἒρωτῶσις
3156 1304 3382 1359 Δύναται
3440 1300 3495 1357 δὲ
3545 1304 3609 1357 τὸ
3700 1302 3970 1357 ἀποστο-

2256 1392 2491 1466 ματίζειν
2546 1394 2634 1449 καὶ
2693 1393 2829 1449 οὕτω
2912 1396 3193 1472 νοηθῆναι,
3286 1391 3396 1448 ἀντὶ
3452 1397 3545 1446 τοῦ
3609 1388 3967 1469 παγιδεύειπν

2256 1481 2434 1556 αὐτὸν,
2521 1484 2607 1538 καὶ
2687 1483 2792 1539 ἀπὸ
2876 1489 2970 1539 τοῦ
3065 1482 3332 1556 πόματος
3414 1494 3667 1555 κρατεῖν.
3768 1470 3963 1536 υΟτειιν

2257 1571 2354 1647 γάρ
2409 1592 2484 1636 τις
2560 1575 2800 1648 κρατηθῇ
2868 1570 2959 1649 ἀφ’
3031 1574 3105 1626 ὧν
3151 1568 3320 1648 λέγει,
3401 1570 3956 1645 ἆποστοματίζεσθαι

2257 1657 2428 1735 δοκεῖ,
2487 1661 2779 1742 τουτέστιν,
2831 1661 2937 1718 ἀπὸ
2993 1670 3085 1719 τοῦ
3169 1661 3433 1735 στόματος
3495 1657 3796 1731 ἕλκεσθαι,

2258 1750 2682 1825 κατακρίνεσθαι,
2734 1749 2909 1817 Δηλοῖ
2959 1748 3014 1805 δὲ
3061 1756 3218 1805 τοῦτο
3288 1749 3377 1804 καὶ
3432 1748 3496 1803 τὰ
3537 1745 3784 1826 ἐφεξῆς.
3836 1753 3953 1811 Ζη-

2256 1845 2466 1901 τοῦντες
2513 1840 2635 1917 γὰρ,
2682 1841 2834 1920 φησὶ,
2877 1839 3103 1918 θηράσαι
3136 1860 3185 1894 τι
3238 1837 3297 1893 ἐκ
3343 1847 3435 1895 τοῦ
3490 1838 3787 1911 στόματος
3848 1837 3950 1890 αὖ-

2255 1933 2347 1982 τυῠ
2380 1943 2394 1958 ’
2455 1925 2585 2006 ὅπερ
2641 1930 2743 2007 γὰρ
2813 1929 2913 2006 πρὸ
2980 1927 3159 2006 ὀλίγου
3214 1926 3371 1983 εἶπεν
3441 1925 3945 1999 ἀποστοματίζειν,

2256 2023 2409 2072 τοῦτο
2469 2024 2556 2073 νῦν
2615 2017 2758 2096 λέγει
2814 2022 3064 2097 θηρεῦσαι
3122 2018 3181 2072 ἐκ
3234 2023 3328 2073 τοῦ
3391 2017 3660 2090 στόματος
3754 2016 3944 2069 αὸτσᾶ.

2259 2103 2510 2184 ’Πρώτων
2541 2105 2596 2162 δὲ
2630 2107 2811 2179 αὐτὸν,
2857 2107 2986 2163 ποτὲ
3031 2106 3127 2181 μὲν
3158 2106 3276 2184 περὶ
3329 2106 3423 2161 τοῦ
3477 2105 3674 2178 νόμου,
3751 2105 3839 2165 ὡς
3887 2102 3945 2155 ἄν

2256 2195 2573 2274 βλάσφημον
2670 2195 2952 2274 ἐλέγξωσιν
3050 2196 3207 2253 αὐτὸν
3289 2194 3762 2270 κατηγορήσαντα
3858 2201 3945 2247 το-ῖι

2256 2285 2490 2349 Μωσέως
2525 2305 2539 2319 °
2576 2292 2741 2342 Τοῦτο
2784 2286 2883 2362 γὰρ
2926 2285 3198 2344 ὑπενόουν.
3250 2282 3385 2338 Ποτὲ
3434 2279 3488 2336 δὲ
3532 2283 3821 2359 περὶτῶν
3853 2280 3941 2335 τοῦ

2256 2374 2543 2454 Καίσαρος,
2573 2374 2665 2431 ’ἶνα
2695 2376 2768 2441 ὡς
2826 2374 3151 2440 στασιαστὴν
3208 2370 3364 2430 αὑτὸν
3413 2372 3501 2427 καὶ
3555 2372 3937 2448 τυραννιῶντα

2251 2464 2699 2541 προσαγγείλωσι,
2747 2464 2833 2519 καὶ
2875 2461 3039 2542 ὅλως,
3080 2463 3176 2518 οἷα
3206 2460 3268 2516 ἂν
3320 2461 3489 2539 ψυχαὶ
3540 2461 3792 2538 πονηραὶ
3853 2465 3937 2516 καὶ

2249 2550 2427 2617 πάσης
2456 2551 2772 2619 κακοηθείας
2803 2551 3133 2620 ἐννοήσαιεν.

2873 2648 3123 2705 ΚΕΦΑΛ.
3167 2641 3279 2702 [Β’.

2252 2737 2375 2816 Περὶ
2431 2743 2529 2805 τῆς
2574 2739 2743 2813 ζύμης
2829 2744 2933 2794 τῶν
3001 2737 3324 2810 Φαρισαίων.
3380 2735 3502 2812 Περὶ
3559 2745 3661 2792 τοῦ
3720 2734 3917 2790 θέλον-

2331 2839 2422 2881 τος
2481 2820 2787 2897 μερίσασθαι
2861 2819 2975 2897 τὴνΔ
3018 2816 3402 2893 κληρονομίαν,
3479 2816 3599 2891 Περὶ
3685 2817 3750 2869 οὗ
3829 2817 3914 2869 εὖ·

2332 2895 2561 2978 φόρησεν
2610 2902 2643 2965 ἡ
2715 2898 2871 2977 χώρα
2925 2895 3199 2953 πλουσίου.
3280 2899 3404 2974 Περὶ
3458 2902 3550 2950 τοῦ
3589 2900 3727 2978 ,τῶν
3776 2900 3913 2978 γηί-

2333 2975 2437 3034 νων
2495 2975 2870 3058 καταφρονεῖν.
2956 2978 3079 3058 Περὶ
3133 2986 3237 3058 του.
3282 2986 3490 3058 φεύγειν
3547 2976 3651 3039 τὴν
3713 2975 3912 3053 φιλαρ-

2332 3059 2533 3137 γυρίαν,
2571 3054 2693 3138 Περὶ
2722 3067 2813 3116 τοῦ
2842 3057 3106 3136 ἀγρύπνου
3136 3054 3340 3117 δούλου,
3377 3055 3498 3133 Περὶ
3524 3060 3617 3110 τοῦ
3650 3058 3794 3133 πρὸς
3827 3057 3913 3108 τὸν

2332 3138 2555 3205 πλησίον
2589 3141 2665 3214 μὴ
2698 3137 3042 3219 φιλονεικεῖν.

2336 3252 2359 3285 α
2397 3230 2485 3286 Ἐν
2542 3231 2629 3295 οἷς
2659 3229 3112 3309 ἐπισυναχθεισῶν
3156 3234 3260 3284 τῶν
3293 3224 3554 3306 μυριάδων
3585 3232 3684 3281 to")
3713 3225 3909 3304 ὄχλου,

2250 3318 2387 3376 ὥστε
2443 3332 2775 3376 καταπατεῖν
2823 3317 3114 3396 ἀλλήλους,
3162 3315 3353 3396 ἤρξατο
3399 3314 3574 3393 λέγειν
3604 3317 3745 3392 πρὸς
3789 3317 3909 3377 tot);

2252 3410 2490 3485 μαθητὰς
2550 3409 2707 3465 αὒτοῦ
2761 3414 2971 3487 πρῶτον
3008 3428 3022 3441 ·
3076 3405 3380 3485 Προσέχετε
3412 3406 3623 3467 ἑαυτοῖς
3670 3405 3779 3459 ἀπὸ
3810 3404 3905 3470 τῆς

2251 3498 2417 3574 ζύμης
2478 3503 2583 3554 τῶν
2638 3498 2963 3576 Φαρισαίων,
3012 3495 3131 3563 ἥτις
3187 3498 3326 3552 ἐστὶν
3381 3492 3683 3572 ὑπόκρισις,
3745 3490 3903 3551 Οὗδὲν

2252 3585 2306 3643 δὲ
2376 3586 2875 3665 συγκεκαλυμμένον
2933 3586 3094 3664 ἐστὶν,
3154 3585 3182 3641 ὃ
3225 3584 3321 3642 οὐκ
3374 3581 3901 3662 ἀποκαλυφθήσεται,

2253 3678 2339 3733 καὶ
2382 3679 2610 3756 κρυπτὸν
2655 3678 2683 3732 ὃ
2740 3676 2799 3733 οὗ
2856 3676 3243 3755 γνωσθήσεται,
3278 3671 3419 3731 Ἀνθ’
3476 3674 3552 3726 ὧν
3596 3672 3697 3728 ὅσα
3725 3672 3778 3728 ἓν
3834 3673 3900 3739 τῆ

2251 3766 2434 3838 σκοτίᾳ
2489 3764 2703 3844 εἴπατε,
2758 3764 2812 3820 ἐν
2870 3769 2946 3837 τῷ
3028 3766 3163 3843 φωτὶ
3226 3763 3640 3835 ἀκουσθήσεται,
3698 3763 3789 3817 καὶ
3872 3762 3898 3815 ὃ

2251 3856 2381 3932 πρὸς
2439 3856 2502 3911 τὸ
2546 3854 2635 3920 οὖς
2688 3853 2986 3924 ἐλαλήσατε
3016 3852 3070 3908 ἒν
3100 3866 3215 3915 τοῖς
3260 3852 3521 3930 τομείοις,
3563 3853 3898 3930 κερυχθήσε-

2250 3966 2334 3999 ται
2393 3943 2478 4001 ἐπὶ
2534 3951 2639 4000 τῶν
2683 3942 2966 4019 δωμάτων,
3017 3966 3045 3999 ι)
3109 3950 3392 4020 Φαρισαῖοι
3452 3940 3549 4016 μὲν
3601 3936 3898 4018 παγιδεύειν

2249 4033 2409 4089 αὒκὸν
2439 4034 2726 4113 ἐπειρῶντο
2775 4032 2829 4089 ἐν
2874 4031 3046 4112 λόγῳ,
3079 4034 3152 4095 ὡς
3197 4030 3258 4087 ἂν
3290 4032 3412 4093 τοὺς
3441 4028 3637 4109 ὄχλους
3666 4030 3896 4099 ἀποστή-

2249 4144 2410 4179 σωσιν
2465 4123 2556 4179 ἀπ’
2617 4127 2797 4182 αὐτοῦ.
2844 4123 2914 4179 Τὸ
2969 4120 3024 4176 δὲ
3074 4123 3146 4183 εἷς
3204 4119 3504 4176 τούναντίον
3559 4120 3886 4195 περιίστατο,

2248 4210 2451 4286 μᾶλλον
2502 4213 2602 4291 γὰρ
2652 4214 2940 4291 προσίεσαν
3000 4213 3046 4265 οἱ
3104 4208 3290 4289 ὄχλοι,
3360 4211 3447 4265 καὶ
3518 4210 3588 4272 εἷς
3647 4206 3888 4286 μυριάδας

2248 4300 2650 4380 συλλεγόμενοι,
2709 4303 2797 4358 καὶ
2853 4299 3018 4363 οὕτως
3074 4299 3339 4379 ἐφιέμενοι
3387 4297 3610 4359 ἕκαστος
3668 4298 3888 4364 πλησια-

2248 4396 2360 4460 ζειν
2419 4394 2588 4464 αὐτῷ,
2640 4389 2777 4446 ὥστε
2846 4391 2931 4446 καὶ
2991 4400 3292 4464 συμπατεῖν
3350 4385 3640 4457 ἀλλήλους.
3713 4386 3885 4449 Οὕτως

2248 4478 2347 4557 ἄρα
2401 4480 2621 4559 ἰσχυρὸν
2676 4480 2712 4546 ἡ
2757 4476 3005 4557 ἀλήθεια,
3065 4479 3155 4533 καὶ
3184 4479 3212 4532 ὁ
3255 4474 3409 4541 δόλος
3439 4481 3716 4554 πανταχοῦ
3746 4476 3885 4531 ἀσθε-

2250 4569 2363 4637 νής.
2414 4568 2619 4635 Ἰησοῦς
2665 4567 2753 4624 οὖν
2797 4565 2919 4623 ίδὼν
2948 4569 3039 4623 τὸν
3081 4564 3235 4623 δόλον
3279 4572 3385 4622 τῶν
3443 4566 3762 4643 Φαρισαίων,
3805 4567 3884 4620 καὶ

2248 4657 2329 4713 ὅτι
2388 4657 2813 4737 σχηματίζονται
2847 4657 2943 4732 μὲν
2988 4656 3208 4736 ἐρωτᾷν,
3256 4661 3324 4731 τῇ
3366 4653 3421 4710 δὲ
3452 4654 3670 4726 ἀληθείᾳ
3721 4676 3878 4731 παγι-

2248 4745 2504 4826 δεύουσιν,
2539 4747 2666 4802 εἶπε
2721 4759 2839 4806 τοῖς
2892 4750 3158 4821 μαθηταῖς
3196 4744 3354 4801 αὐτοῦ
3382 4746 3500 4823 περὶ
3529 4749 3625 4811 τῆς
3671 4745 3878 4824 ὑποκρί-

2248 4857 2381 4900 σεως
2426 4842 2532 4892 τῶν
2591 4837 2922 4914 Φαρισαίων,
2984 4834 3225 4914 ἐλέγχων
3281 4835 3493 4897 πάντως
3554 4835 3753 4909 αὐτοὺς,
3799 4837 3878 4889 καὶ

2249 4927 2340 4989 τὰς
2385 4922 2599 5004 καρδίας
2657 4926 2825 4980 αὐτῶν
2890 4925 3085 4999 μεστὰς
3164 4925 3487 5003 ὑποκρίσεως
3546 4923 3872 5002 ἀπογυμνῶν,

2250 5017 2429 5091 Ζύμην
2473 5014 2525 5069 δὲ
2572 5011 2731 5071 καλεῖ
2773 5015 2871 5081 τὴν
2914 5014 3183 5091 ὑπόκρισιν
3227 5016 3299 5077 ὡς
3333 5011 3524 5087 ἐξώδη,
3557 5012 3761 5080 καὶτῆς
3785 5035 3880 5069 πα-

2249 5104 2403 5167 λαιᾶς
2457 5105 2646 5167 κακίας
2700 5105 2881 5180 οὖσαν,
2926 5106 3015 5159 καὶ
3059 5113 3449 5178 μεταποιοῦσαν
3505 5106 3593 5158 καὶ
3635 5105 3875 5180 συμφθεί-

3856 1124 3874 1140 ς
3938 1125 3947 1137 1

3852 1146 3976 1199 Efﬁ-

2865 5150 2881 5183 )

2250 5215 2440 5273 ρουσαν
2504 5192 2665 5269 ἑαυτῇ
2713 5194 2807 5257 τὰς
2854 5193 2960 5249 τῶν
3042 5192 3329 5272 ἀνθρώπων
3385 5192 3626 5270 γνώμας,
3691 5195 3764 5257 οἷς
3816 5194 3875 5246 ἂν

2249 5284 2599 5362 προσμιγείη.
2643 5279 2802 5340 Οὐδὲν
2862 5283 2962 5361 γὰρ
3005 5280 3169 5344 οὕτως
3231 5280 3443 5339 ἄλλοισι
3486 5283 3551 5338 τὰ
3578 5281 3703 5350 ἤθη,
3730 5283 3797 5346 ὡς
3840 5285 3874 5350 ἡ

2248 5373 2544 5451 ὑπόκρισις.
2613 5382 2709 5429 Δεῖ
2751 5372 2838 5429 οὖν
2909 5373 3030 5437 τοὺς
3073 5380 3148 5447 τῷ
3204 5378 3415 5449 Χριστῷ
3471 5370 3875 5451 μαθητευθέντας

2249 5464 2347 5530 τὴν
2390 5447 2679 5542 ⁷ὑπόκρισιν
2735 5462 2966 5542 φεύγειν.
3028 5447 3284 5531 Ἀλήθεια
3314 5462 3413 5539 γὰρ
3441 5447 3586 5518 ὢνίδ
3644 5463 3873 5542 Χριστὸς,

2249 5548 2531 5631 προδήλως
2590 5558 2666 5626 τῷ
2721 5550 2899 5627 ψεόδει
2957 5551 3267 5615 ἀντίκειται,
3318 5548 3552 5616 Ψεύεους
3610 5548 3661 5606 δὲ
3717 5554 3873 5626 μεστὴ
