4132 6298
331 320 446 395 877
1058 324 1503 397 ENARRATIO
1548 333 1630 397 IN
1675 331 2186 397 EVANGELIUM
2235 328 2475 400 LUCIE.
2528 371 2596 383 -
2629 330 2794 402 CAP.
2844 341 2981 404 ΧΙΙ.
3601 340 3718 407 878

337 473 479 523 πᾶσα
537 466 834 547 ὑπόκρισις,
870 466 1000 524 ἀλλο
1055 469 1153 544 μὲν
1181 467 1549 545 πλαττομένη,
1583 466 1715 526 ἄλλο
1746 467 1800 525 δὲ
1834 465 1985 524 οὖσα.

2083 462 2210 525 dem
2229 472 2406 543 est,et
2419 464 2575 528 aliud
2593 467 3068 546 ﬁngit.Pharisei
3086 469 3519 556 itaque,inquit.
3532 476 3719 541 latere

337 561 396 615 Οἱ
454 558 551 633 μὲν
596 557 686 612 οὖν
718 564 1032 645 φαρισατοι,
1091 561 1269 638 φησὶν,
1327 557 1535 616 οἴονται
1582 556 1852 615 λανθάνειν
1910 554 1993 610 διὰ

2083 572 2139 615 se
2172 561 2376 633 putant
2406 575 2512 635 per
2542 556 2900 638 hypocrisin,
2936 559 3125 623 bonos
3156 554 3352 625 mores
3395 554 3508 626 sibi
3539 567 3717 629 efﬁn-

338 645 437 712 τῆς
495 647 847 725 ὑποκρίσεως,
881 648 942 703 τὸ
983 647 1319 726 χρηστόηθες
1379 647 1561 709 αὺτοῖς
1611 648 1991 727 περιποιούμε-

2083 651 2299 732 gentes.
2329 645 2503 725 Atqui
2536 645 2683 707 nihil
2721 647 3021 710 occultum
3058 660 3166 725 est,
3199 654 3357 732 quod
3390 672 3509 716 non
3544 675 3717 720 reve-

338 757 445 795 νοι.
506 734 654 802 Πλὴν
711 734 857 791 οὒδὲν
902 734 1404 815 συγκεκαλυμμένον
1435 736 1573 792 ἐστὶν
1625 738 1653 791 ὃ
1704 738 1799 793 οὐκ
1851 735 1991 790 ἀπο-

2083 731 2316 797 labitur.
2352 734 2566 797 Omnia
2583 736 2743 795 enim
2776 737 3026 799 etverba
3058 748 3115 800 et
3137 731 3521 818 cogitationes
3548 745 3721 807 nuda

340 823 761 903 καλυφθήσεται.
824 826 1004 881 Πάντα
1074 826 1174 904 γὰρ
1231 826 1319 881 καὶ
1374 825 1588 901 ῥήματα
1630 825 1717 880 καὶ
1772 822 1993 891 διανοή-

2083 828 2210 881 ante
2233 821 2521 899 judicium
2558 823 2800 884 omnino
2833 826 3070 902 quidem
3103 828 3163 889 in
3198 848 3477 909 supremo
3500 833 3601 895 illo
3624 834 3722 897 die

337 935 479 988 ματα
536 915 711 990 γυμνὰ
766 915 1200 992 παραστήσονται
1250 920 1328 987 τῷ
1357 912 1644 986 τελευταίῳ
1703 914 1797 988 μὲν
1855 912 1992 969 πάν-

2083 910 2448 989 apparebunt
2473 929 2485 973 :
2522 912 2663 992 quin
2693 922 2747 974 et
2769 914 2828 974 in
2851 917 3132 993 praesenti
3163 919 3282 982 vita
3305 921 3488 984 multa
3512 942 3718 985 eorum

335 1024 443 1065 τως
508 1002 787 1082 κριτηρίῳ,
840 1001 978 1071 πλὴν
1030 1003 1128 1059 κάν
1158 1008 1235 1076 τῷ
1262 1002 1484 1081 παρόντι
1516 1003 1615 1077 βίῳ
1660 1000 1835 1059 πολλά
1894 1005 1995 1055 τῶν

2083 1016 2208 1093 qqae
2248 1000 2642 1093 occultantur,
2679 1001 3041 1093 manifestari
3077 1006 3290 1069 solent.
3342 1008 3723 1093 Quaecunque

334 1090 713 1170 κρυπτομένων
772 1095 1093 1169 γυμνοῦσθαι
1154 1090 1304 1171 φιλεῖ
1340 1109 1355 1125 ⁸
1388 1088 1487 1147 ὅσα
1549 1090 1637 1146 οὖν
1694 1089 1883 1145 εἴπατε
1943 1086 1995 1142 ἐν

2083 1087 2258 1179 igitur
2288 1089 2349 1179 in
2392 1088 2659 1179 tenebris
2706 1090 2955 1165 dixistis,
3000 1102 3059 1154 et
3103 1094 3162 1155 in
3214 1086 3641 1179 promptuariis
3665 1110 3724 1164 et

340 1190 409 1259 τῇ
464 1183 651 1255 σκοτία
706 1184 791 1239 καὶ
849 1182 904 1238 ἐν
958 1183 1080 1247 τοῖς
1131 1183 1397 1261 ταμείοις,
1463 1183 1550 1238 καὶ
1596 1183 1823 1261 κρυφίως
1865 1178 1991 1235 ἐλα-

2083 1176 2309 1236 οουιιΙιο
2336 1176 2516 1238 locuti
2565 1185 2725 1252 estis,
2777 1181 3255 1258 praedicabuntur
3300 1186 3355 1246 in
3391 1176 3627 1253 lumine
3668 1198 3726 1253 et

340 1271 565 1347 λήσατε,
614 1274 1015 1352 κηρυχθήσεται
1067 1272 1153 1327 ἐπὶ
1198 1276 1277 1345 τῷ
1306 1272 1437 1352 φωτὶ
1465 1272 1555 1326 καὶ
1584 1271 1669 1327 ἐπὶ
1721 1270 1827 1326 τῶν
1886 1270 1991 1324 δω-

2083 1266 2137 1325 in
2172 1265 2611 1358 tectis._Et_haec
2642 1266 2882 1348 quidem
2922 1269 3158 1332 videtur
3180 1272 3255 1335 ad
3280 1274 3603 1358 discipulos
3626 1278 3722 1342 di-

339 1361 547 1435 μάτων.
612 1368 785 1418 Ταῦτα
842 1359 894 1417 δὲ
942 1362 1179 1440 φαίνεται
1240 1361 1337 1435 μὲν
1394 1360 1525 1439 πρὸς
1584 1360 1707 1422 τοὺς
1756 1359 1995 1433 μαθητὰς

2083 1372 2241 1433 cere,
2274 1355 2376 1416 sed
2409 1356 2480 1415 ad
2535 1356 2862 1419 Pharisaeos
2911 1359 3134 1442 dirigit,
3186 1355 3449 1426 insidias
3481 1366 3747 1431 illorum.

337 1449 536 1527 λέγων,
597 1452 728 1529 πρὸς
788 1448 843 1505 δὲ
914 1451 1036 1514 τοὺς
1107 1450 1424 1526 Φαρισαίους
1483 1447 1840 1523 ἀποτείνεται,
1900 1448 1995 1508 τὰς

2083 1443 2386 1535 insinuans
2416 1465 2429 1505 :
2467 1454 2527 1535 et
2554 1445 2721 1525 quasi
2747 1447 2861 1508 hoc
2884 1447 2974 1510 eis
2997 1450 3630 1535 manifestat,quamvis
3647 1457 3725 1520 ad

335 1541 506 1599 αὒτιῦν
561 1537 844 1602 ἐπιϐουλὰς
897 1541 1286 1613 αἰνιττόμενος,
1350 1539 1437 1595 καὶ
1510 1539 1799 1617 μονονουχὶ
1840 1543 1995 1594 τοῦτο

2083 1531 2405 1612 discipulos
2441 1533 2710 1623 videatur
2767 1537 2947 1616 loqui.
3000 1536 3311 1616 Quoniam,
3347 1531 3722 1623 o'Pharisaai,

333 1626 512 1695 δηλῶν
556 1632 764 1707 αὐτοῖς,
828 1626 927 1685 κᾶν
983 1626 1116 1704 δοκῇ
1175 1629 1305 1707 πρὸς
1362 1628 1481 1692 τοὺς
1545 1628 1787 1701 μαθητὰς
1829 1636 1994 1684 ταῦτα

2083 1639 2444 1701 quaecunque
2493 1621 2553 1683 in
2617 1623 2900 1699 tenebris,
2951 1626 3062 1687 hoc
3126 1636 3215 1688 est
3261 1630 3320 1690 in
3390 1621 3727 1699 tenebrosis

336 1716 536 1795 λέγειν.
589 1706 746 1789 ΗΟτι,
790 1720 835 1772 ὦ
892 1706 1225 1796 Φαρισαῖοι,
1258 1714 1357 1773 ὅσα
1398 1716 1452 1772 ἐν
1494 1722 1564 1788 τῇ
1593 1716 1799 1794 σκοτίᾳ,
1832 1736 1992 1770 τουτ-

2083 1710 2287 1807 vestris
2310 1710 2615 1807 cordibus,
2634 1713 2927 1795 cogitatis,
2953 1723 3244 1778 tentantes
3264 1737 3358 1780 me
3372 1720 3722 1804 illaqueare,

337 1805 480 1862 ἐστιν
532 1807 587 1861 έν
641 1818 764 1869 ταῖς
795 1819 1099 1868 σκοτειναϊς
1142 1804 1289 1880 ὑμῶν
1340 1802 1598 1884 καρδίαις,
1635 1802 1993 1879 έμελετήσατε

2083 1798 2139 1859 in
2174 1799 2306 1860 luce
2335 1799 2655 1862 audientur
2675 1810 2733 1863 et
2754 1812 3209 1880 cognoscentur.
3243 1806 3365 1887 Ego
3398 1798 3558 1873 enim
3591 1798 3724 1877 sum

336 1893 649 1972 παγιδεῦσαί
706 1917 773 1970 με
831 1893 1098 1968 θέλοντες,
1161 1893 1215 1948 ἐν
1286 1900 1363 1968 τῷ
1426 1894 1560 1974 φωτὶ
1611 1893 1992 1961 ἀκουσθήσεται

2083 1888 2197 1963 lux,
2226 1897 2417 1951 etnon
2444 1890 2690 1969 potestis
2710 1909 2743 1951 a
2783 1909 2876 1953 me
2899 1893 3205 1969 occultari,
3239 1897 3343 1957 sed
3375 1897 3434 1960 in
3468 1919 3601 1962 meo
3626 1902 3723 1964 lu-

336 1984 426 2041 καὶ
482 1985 843 2062 γνωσθήσεται
878 1998 921 2047 ἀ
950 1982 1058 2061 ἐγὼ
1100 1983 1200 2061 γάρ
1244 1984 1351 2056 εἰμι
1400 1985 1462 2039 τὸ
1513 1986 1647 2060 φῶς,
1694 1984 1783 2037 καὶ
1810 1985 1870 2039 οὔ
1899 1977 1990 2034 δύ-

2083 1977 2240 2037 mine
2263 1978 2465 2038 omnia
2494 1979 2878 2041 tenebrarum
2911 1990 3236 2045 vestrarum
3261 1987 3505 2050 consilia
3537 1991 3725 2054 inter-

339 2073 495 2129 νασθέ
550 2094 616 2148 με
668 2071 875 2146 λαθεῖν,
936 2070 1058 2128 ἀλλ’
1116 2072 1171 2128 ἐν
1222 2071 1342 2146 ἐμοὶ
1397 2077 1475 2144 τῷ
1511 2073 1645 2150 φωτὶ
1698 2077 1802 2126 πᾶν
1864 2072 1891 2125 ὃ
1958 2072 1990 2136 ἡ

335 2162 563 2241 ὑμετέρα
623 2164 806 2219 σκοτία
889 2160 1217 2238 βουλεύεται,
1304 2159 1739 2238 διαγινώσκεται.
1807 2162 1902 2216 Καὶ
1966 2161 1992 2213 ὃ

2083 2153 2155 2216 ita
2181 2155 2323 2216 mihi
2342 2156 2757 2251 cognitum-est
2780 2166 2838 2218 et
2859 2157 3151 2251 auditum,
3172 2163 3431 2251 perinde
3461 2171 3530 2230 ac
3548 2153 3730 2251 super

335 2252 469 2330 πρὸς
525 2254 586 2308 τὸ
663 2251 750 2315 οὗς
832 2248 1099 2321 ἀλλήλους
1179 2246 1679 2327 συνεϐουλεύσασθε,
1736 2247 1992 2305 ἀκουστόν

2083 2262 2312 2304 summa
2336 2254 2483 2304 tecta
2507 2244 2890 2324 praedicatum
2910 2242 3142 2311 fuisset.
3170 2250 3397 2314 Poteris
3417 2242 3730 2321 autemilla

338 2362 429 2415 μοι
490 2340 705 2419 γέγονεν
766 2337 957 2409 οὕτως,
1017 2338 1196 2417 ὥσπερ
1241 2337 1304 2393 ἂν
1367 2342 1410 2393 εἰ
1467 2336 1553 2393 ἐπὶ
1607 2344 1715 2393 τῶν
1771 2336 1996 2412 ὕψηλῶν

2083 2334 2253 2392 etiam
2289 2332 2375 2393 sic
2407 2332 2766 2412 intelligere,
2801 2336 2957 2416 quod
2991 2336 3087 2399 lux
3127 2338 3205 2399 sit
3232 2339 3636 2422 Evangelium,
3671 2356 3733 2410 et

336 2428 594 2505 δωμάτων
652 2429 948 2508 ἐκηρύχθη,
1013 2430 1187 2484 Ταῦτα
1241 2426 1297 2483 δὲ
1363 2425 1579 2483 δύνασαι
1637 2431 1848 2504 νοῆσλι,
1910 2426 1998 2482 καὶ

2083 2429 2237 2483 tecta
2260 2439 2495 2482 summa
2516 2424 2916 2502 apostolorum
2936 2442 3184 2488 summae
3204 2432 3732 2505 animaeQuzecun-

338 2516 419 2573 ὅτι
474 2520 583 2596 eo;
614 2518 708 2591 μέν
755 2517 865 2573 ἔστι
921 2518 980 2573 τὸ
1042 2515 1389 2595 Εὖαγγέλιον,
1425 2517 1514 2572 καὶ
1541 2514 1760 2591 δώματα
1791 2512 1994 2589 ὑψηλὰ,

2083 2529 2196 2593 que
2228 2520 2425 2571 autem
2469 2510 2749 2572 Pharisaei
2782 2514 3214 2599 consultarent,
3249 2521 3561 2599 praedicata
3594 2533 3733 2587 sunt

349 2610 402 2664 αἱ
447 2594 587 2695 τῶν,
618 2607 930 2664 ἀποστόλων
986 2605 1192 2681 ὑψηλαὶ
1240 2594 1433 2685 ψυχαί.
1489 2594 1639 2662 (Ὀσα
1678 2602 1731 2659 δὲ
1762 2607 1809 2660 οἱ
1837 2610 1997 2680 Φαρια

2084 2607 2379 2695 postea__et
2406 2600 2604 2695 audita
2633 2600 2692 2661 in
2726 2601 2951 2664 lumine
2977 2594 3300 2685 Evangelii,
3327 2617 3519 2674 stante
3549 2632 3730 2695 super

346 2711 498 2754 σατοι
529 2693 890 2771 ἐϐουλεύοντο,
964 2694 1343 2774 ἐκηρύχθησαν
1391 2694 1630 2772 ὕστερον,
1693 2695 1780 2749 καὶ
1825 2692 1994 2759 ἠκού-

2083 2688 2436 2781 apostolicas
2466 2691 2692 2751 animas
2735 2708 2946 2770 magno
2977 2695 3365 2773 praedicatore
3394 2688 3646 2781 Spiritu:

354 2790 556 2853 σθησαν
613 2785 665 2842 ἐν
708 2791 786 2859 τῷ
842 2787 974 2861 φωτὶ
1030 2791 1122 2840 τοῦ
1181 2782 1521 2862 Εὖαγγελίου,
1583 2782 1668 2839 ἐπὶ
1719 2789 1824 2838 τῶν
1848 2780 2246 2859 ’ἀποστολικιῶ
2305 2784 2498 2859 ψυχῶν
2554 2781 2836 2856 ἱσταμένου
2896 2790 2987 2840 τοῦ
3044 2785 3281 2862 μεγάλου
3336 2780 3568 2870 κήρυκος
3639 2803 3731 2854 τοῦ

355 2875 658 2950 [Ινεύματος
669 2924 682 2937 ,

434 2984 469 3023 ‹
500 2963 652 3041 Λέγω
680 2962 734 3020 δὲ
764 2965 893 3038 ὑμῖν
918 2976 1035 3026 τοϊς
1082 2961 1251 3043 φίλοις
1282 2961 1520 3041 μου,“μὴ
1568 2958 1837 3039 φοϐηθῆτε
1897 2958 1998 3013 ἀπὸ

2165 2957 2359 3053 Vens
2385 2959 2590 3053 ἀείτί
2611 2956 2765 3053 Dico
2784 2966 2983 3053 autem
3019 2960 3184 3021 vobis
3214 2967 3421 3027 amicis
3450 2972 3620 3053 meis,
3654 2990 3732 3034 ne

346 3061 451 3111 τῶν
510 3053 933 3112 ἀποκτεινόντων
991 3055 1052 3109 τὸ
1104 3058 1283 3128 σῶμα,
1358 3074 1448 3128 καὶ
1504 3051 1643 3127 μετά
1698 3056 1860 3106 ταῦτα
1922 3071 1998 3121 μή

2084 3044 2428 3141 terreamini
2611 3046 2682 3107 ab
2709 3048 2802 3141 bis
2828 3048 2932 3127 qui
2961 3049 3245 3141 occidunt
3270 3069 3585 3138 corpus,et
3601 3044 3732 3141 post

344 3144 585 3224 ἐχόντων
630 3143 1006 3223 περισσότερόν
1060 3164 1111 3198 τι
1167 3147 1414 3209 ποιῆσαι.
1480 3133 1761 3203 ’Υπύδείξω
1783 3135 1838 3193 δὲ
1872 3139 1998 3211 ὑμῖν

2085 3136 2206 3196 hac
2241 3153 2357 3194 non
2389 3134 2607 3224 habent
2637 3136 2791 3216 quod
2834 3137 3090 3217 amplius
3121 3138 3359 3207 faciant.
3405 3133 3729 3211 Ostendam

2080 2076 2428 2163 noscuntur.
2466 2068 2711 2163 thuod
2744 2068 2900 2130 inter
2929 2088 3032 2163 vos
3063 2072 3124 2132 in
3147 2090 3322 2135 aures
3350 2078 3725 2163 consultatis,

344 3235 456 3291 τίνα
513 3231 809 3311 φοϐηθῆτε,
868 3231 1151 3298 Φοϐηθῆτε
1199 3233 1291 3287 τὸν
1352 3230 1486 3306 μετά
1540 3230 1601 3285 τὸ
1651 3227 1993 3301 ἀποκτεῖναι,

344 3322 581 3389 ἐξουσίαν
648 3323 849 3402 ἔχοντα
897 3318 1152 3395 ἐμϐαλεῖν
1210 3322 1283 3383 εἷς
1315 3319 1414 3385 τὴν
1442 3317 1682 3397 γέενναν.
1717 3316 1814 3373 Ναὶ
1857 3313 2000 3392 λέγω

343 3413 493 3487 δμτν,
545 3418 727 3468 τοῦτον
762 3406 1058 3490 φοϐηθῆτε.
1099 3410 1234 3489 Οὐχὶ
1266 3408 1423 3464 πέντε
1454 3406 1693 3485 στρουθία
1735 3402 1999 3461 πωλεῖται

344 3501 607 3580 ἀσσαρίων
649 3499 782 3579 δύο,
843 3500 940 3557 Καὶ
998 3498 1054 3555 ἓν
1114 3497 1167 3564 te
1215 3498 1386 3554 αὐτῶν
1442 3496 1538 3553 οὒκ
1566 3495 1706 3552 ἔστιν
1738 3491 1999 3559 ἐπιλελη-

345 3589 537 3665 σμένον
593 3592 819 3645 ἱνωπιον
873 3594 966 3644 τοῦ
1024 3594 1179 3667 Θεοῦ,
1223 3583 1361 3643 ἀλλὰ
1422 3586 1509 3642 καὶ
1566 3586 1619 3641 αἱ
1665 3585 1845 3663 τρίχες
1900 3583 2001 3648 τῆς

341 3678 580 3759 κεφαλῆς
639 3679 786 3754 ὑμῶν
817 3683 983 3734 πᾶσαι
1039 3676 1389 3755 ἠρίθμηνται,
1443 3675 1532 3742 Μὴ
1576 3676 1664 3730 οὖν
1719 3669 1995 3753 φοϐεῖσθε,

345 3766 561 3824 πολλῶν
605 3766 885 3844 στρουθίων
928 3764 1221 3846 διαφέρετε.
1272 3786 1297 3822 υ
1347 3761 1569 3831 Ἐπειδὴ
1624 3766 1723 3831 τῆς
1777 3760 1998 3838 ὑποκρί-

343 3879 479 3922 σεως
534 3857 639 3914 τῶν
698 3857 999 3936 Φάρισαίων
1054 3854 1430 3933 κατηγόρησεν
1506 3854 1537 3910 ὃ
1595 3853 1807 3931 Κύριος,
1912 3851 1999 3905 καὶ

347 3947 647 4014 ἀπέστησεν
704 3946 867 4013 αὐτῆς
938 3945 1057 4007 τοὺς
1117 3948 1276 4003 αὒτοῦ
1330 3942 1595 4019 μαθητὰς,
1657 3942 1743 3998 καὶ
1813 3938 1868 3995 ἐν
1921 3944 1999 4013 τῷ

347 4036 496 4112 μέσῳ
551 4034 601 4091 δὲ
646 4033 825 4121 κιποὶλιν
865 4034 988 4098 τοὺς
1019 4032 1334 4112 Φαρισαίους
1379 4030 1579 4098 ἔπλητε
1623 4028 1706 4086 διὰ
1749 4036 1839 4086 τοῦ
1900 4027 1993 4082 λέ-

347 4148 462 4204 γειν
498 4144 512 4160 ·
554 4150 576 4179 ιι
622 4116 697 4181 ’⁷0
734 4124 923 4181 εἴπατε
955 4123 1009 4180 ἐν
1057 4128 1126 4200 τῇ
1163 4122 1370 4196 σκοτίᾳ,
1399 4120 1779 4190 ἀκουσθήσεται
1824 4118 1877 4173 ἐν
1920 4118 1996 4192 τῷ

350 4216 506 4294 φωτὶ,
558 4237 581 4271 ο
646 4222 732 4269 νίζον
788 4215 917 4288 πρὸς
973 4212 1093 4278 τοὺς
1156 4210 1333 4292 φίλους
1378 4212 1536 4267 αὐτοῦ
1583 4210 1649 4267 τά
1695 4208 1994 4285 τελειότερα

344 4302 667 4382 διαλέγεται.
727 4304 831 4368 Τὰς
890 4298 990 4381 γὰρ
1042 4301 1270 4364 ἀκάνθας
1341 4297 1536 4365 εξελὼν
1585 4296 1712 4368 ἥδη,
1787 4300 1989 4374 σπείρει

343 4395 404 4450 τὸ
463 4394 657 4472 ἀγαθὸν
715 4391 949 4471 σπέρμα.
998 4390 1150 4470 Λέγω
1207 4387 1262 4445 δὲ
1311 4390 1441 4465 ὑμῖν
1471 4401 1589 4451 τοῖς
1620 4386 1793 4468 φίλοις
1847 4408 1946 4461 μου
1974 4404 1988 4418 ·

2082 3230 2278 3285 autem
2313 3223 2481 3318 vobis
2509 3244 2685 3318 quem
2718 3224 2998 3318 timentis.
3030 3226 3260 3292 Timete
3283 3249 3418 3294 eum
3440 3238 3540 3317 qni
3562 3247 3730 3318 post-

2083 3331 2263 3393 quam
2307 3314 2612 3389 occiderit,
2649 3314 2827 3403 habet
2877 3326 3223 3396 potestatem
3274 3314 3641 3403 conjiciendi
3670 3329 3731 3390 in

2084 3403 2440 3480 gehennam.
2478 3404 2652 3466 Certe
2684 3402 2816 3465 dico
2850 3406 3040 3481 vobis,
3068 3407 3225 3469 hunc
3248 3402 3476 3477 timete.
3515 3419 3731 3480 Nonne

2084 3492 2344 3571 quinque
2377 3492 2706 3573 passerculi
2744 3503 3000 3555 veneunt
3032 3496 3274 3560 minutis
3304 3501 3538 3565 assibus
3569 3506 3727 3571 duo-

2084 3580 2195 3642 bus
2216 3580 2246 3640 ?
2280 3589 2338 3641 et
2369 3600 2524 3643 unus
2553 3601 2622 3643 ex
2654 3583 2771 3643 illis
2803 3602 2921 3645 non
2955 3594 3043 3645 est
3093 3586 3152 3646 in
3198 3587 3496 3655 oblivione
3522 3613 3728 3659 coram

2083 3668 2228 3735 Deo.
2259 3669 2408 3742 Quin
2442 3681 2499 3733 et
2522 3671 2723 3753 capilli
2752 3672 2963 3753 capitis
3000 3678 3174 3736 vestri
3206 3696 3415 3742 omnes
3437 3687 3731 3750 numerati

2084 3768 2221 3855 sunt
2247 3783 2259 3819 :
2296 3760 2479 3855 nolite
2501 3761 2881 3855 ergo_timere
2909 3783 2922 3825 :
2943 3765 3159 3855 multis
3183 3770 3523 3846 passeribus
3547 3774 3733 3855 pluris

2083 3850 2246 3910 estis.
2262 3873 2283 3905 ι)
2297 3852 2611 3930 Postquam
2635 3850 2925 3912 Dominus
2942 3853 3279 3934 hypocrisin
3298 3850 3732 3927 Pharisaeorum

2078 3938 2395 4012 accusavit,
2430 3948 2489 4000 et
2510 3939 2836 4019 discipulos
2882 3960 3022 4003 suos
3067 3944 3140 4005 ab
3192 3946 3289 4008 illa
3329 3948 3642 4027 deterruit,
3675 3963 3733 4017 et

2080 4027 2319 4123 interim
2340 4027 2667 4123 Pharisaeos
2679 4029 2900 4123 iterum
2928 4036 3280 4123 perstrinxit
3314 4057 3420 4118 per
3441 4041 3553 4103 hoc
3576 4043 3736 4123 quod

2078 4116 2263 4177 dixit:
2308 4138 2331 4173 ιι
2368 4115 2534 4189 Quod
2568 4118 2805 4179 dixistis
2831 4121 2890 4180 in
2927 4121 3215 4198 tenebris,
3252 4115 3531 4192 audietur
3560 4115 3621 4193 in
3655 4132 3719 4194 lu

2080 4206 2240 4299 mine
2275 4223 2313 4299 :_
2328 4230 2355 4260 ιι
2392 4225 2549 4299 nunc
2569 4206 2640 4268 ad
2659 4209 2882 4269 amicos
2905 4228 3045 4271 suos
3064 4214 3417 4291 perfectiora
3441 4218 3724 4299 loquitur.

2078 4293 2187 4356 Ubi
2219 4294 2379 4355 enim
2411 4294 2612 4374 spinas
2652 4299 2938 4375 exsecuit,
2982 4301 3105 4380 jam
3159 4310 3216 4364 et
3261 4302 3481 4366 bonum
3517 4293 3725 4372 semen

2075 4386 2346 4446 seminat.
2381 4384 2524 4445 Dico
2554 4394 2749 4446 autem
2785 4387 2951 4449 vobis
2989 4390 3199 4453 amicis
3240 4395 3413 4456 meis.
3448 4398 3533 4459 Ea
3561 4399 3719 4463 enim

341 4485 408 4539 τὰ
465 4484 566 4562 γὰρ
621 4482 877 4561 πρότερον
936 4479 1202 4559 λεγόμενα
1285 4483 1344 4538 οὗ
1399 4480 1530 4558 πρὸς
1587 4478 1774 4539 αὐτοὺς
1829 4477 1986 4554 ἦσαν,

2083 4492 2207 4554 qua:
2236 4474 2396 4553 prius
2416 4474 2667 4547 dixerat,
2702 4495 2817 4537 non
2847 4479 2917 4539 ad
2952 4478 3136 4558 ipsos,
3162 4482 3264 4543 sed
3293 4483 3364 4545 ad
3390 4486 3726 4550 Pharismos

346 4571 485 4627 ἀλλά
536 4572 666 4650 πρὸς
720 4571 841 4634 τοὺς
898 4570 1213 4649 Φαρισαίους
1247 4588 1265 4607 ’
1312 4570 1441 4643 ὒμτν
1472 4567 1563 4623 οὖν
1583 4565 1725 4644 λέγω
1755 4579 1871 4629 τοῖς
1900 4589 1994 4643 φι-

347 4662 461 4725 λοις
508 4675 632 4736 μου⁶
681 4661 739 4716 ού
766 4664 899 4716 πᾶσι
934 4659 1034 4737 γάρ
1066 4658 1280 4737 ἁρμόζει
1326 4659 1352 4714 ὁ
1393 4655 1553 4735 λόγος
1583 4658 1761 4729 οὗτος,
1793 4653 1913 4711 ἀλλ’
1944 4667 1998 4711 οἵ

344 4749 395 4816 εξ
427 4748 557 4816 ὅλης
587 4750 773 4829 ψυχῆς
828 4747 1116 4826 ἠγάπησαν
1166 4748 1344 4822 αὒτὸν,
1393 4748 1480 4802 καὶ
1523 4748 1575 4802 οἳ
1619 4743 1861 4802 δύνανται
1905 4743 1998 4800 λέ-

347 4860 460 4917 γειν
494 4858 506 4870 ·
558 4839 647 4903 Τίς
688 4840 834 4913 ἡμᾶς
868 4837 1088 4916 χωρίσει
1132 4837 1237 4892 ἀπὸ
1279 4835 1377 4903 τῆς
1437 4835 1652 4913 ἀγάπης
1696 4835 1790 4890 τοῦ
1818 4841 1950 4891 Θεοῦ
1987 4850 2002 4899 ζ

346 4932 474 4993 Τοῖς
526 4927 788 4991 τοιούτοις
845 4926 1062 5006 ἁρμόζει
1119 4926 1252 4992 αὕτη
1306 4927 1341 4992 ἡ
1387 4925 1719 5003 παραίνεσις.
1771 4924 1860 4991 Μὴ
1902 4945 2002 5000 φο·

345 5013 571 5092 ϐηθῆτε,
633 5018 816 5096 φησὶν,
849 5014 955 5072 ἀπὸ
984 5021 1090 5070 τῶν
1122 5015 1542 5072 ἀποκτεινόντων
1592 5014 1653 5069 τὸ
1706 5014 1883 5087 σῶμα,
1921 5014 2005 5068 καὶ

346 5106 514 5182 μηδὲν
556 5106 746 5163 τούτου
776 5104 939 5162 πλέον
970 5104 1226 5182 βλάπτειν
1283 5104 1546 5184 ἐχόντων.
1614 5105 1698 5166 Είς
1752 5102 1851 5181 γάρ
1909 5126 2003 5176 μι-

346 5198 470 5276 κρὸν
499 5198 535 5265 ἡ
578 5194 669 5275 ἀφ’
724 5194 896 5251 αὐτῶν
921 5196 1087 5270 ζημία
1129 5194 1483 5272 περιίσταται,
1533 5197 1687 5267 σῶμα
1731 5190 2002 5267 βλαπτόν-

346 5307 477 5366 των,
539 5287 566 5341 ὃ
610 5286 671 5340 τὸ
715 5285 914 5339 οἰκεῖον
958 5284 1220 5356 πείσεται,
1266 5281 1364 5338 κᾶν
1425 5282 1567 5340 αὐτοὶ
1597 5280 1672 5356 μὴ
1706 5281 2001 5357 βλάψωσιν.

350 5375 598 5431 Ἐκεῖνον
650 5371 705 5428 δὲ
738 5370 877 5438 ἄξιον
909 5370 1182 5453 φοϐεῖσθαι
1212 5374 1304 5428 τὸν
1363 5371 1422 5427 οὗ
1462 5371 1624 5446 μόνον
1653 5377 1809 5446 σῶμα
1837 5368 2006 5426 κολά-

346 5472 529 5544 ζοντα,
562 5461 700 5519 ἀλλά
744 5463 829 5517 καὶ
860 5464 1071 5542 ψυχὴν,
1099 5465 1161 5519 τὸ
1191 5461 1449 5519 ἀθάνατον
1479 5464 1671 5539 χρῆμα
1700 5459 2007 5523 ἀνθινά-εοις

430 5623 485 5675 5'
520 5622 664 5685 Rom
728 5638 855 5693 vin,
898 5623 993 5683 35'.

2077 4562 2234 4624 dicta
2265 4563 2498 4624 fuerant
2554 4564 2735 4628 Vobis
2766 4566 2943 4645 igitur
2970 4567 3101 4630 dico
3144 4571 3353 4636 amicis
3383 4576 3557 4642 meis.
3590 4576 3724 4640 Non

2083 4652 2239 4714 enim
2276 4651 2565 4748 omnibus
2583 4672 2778 4715 sermo
2810 4657 2911 4718 ille
2942 4660 3235 4738 congruit,
3269 4662 3372 4723 sed
3407 4665 3498 4727 his
3531 4667 3633 4748 qui
3662 4686 3735 4730 ex

2087 4750 2207 4802 toto
2253 4742 2433 4803 corde
2464 4742 2716 4822 diligunt
2748 4753 2804 4807 et
2855 4746 3059 4809 dicere
3103 4760 3387 4829 possunt:
3437 4742 3580 4827 Quis
3626 4775 3734 4819 nos

2087 4831 2386 4911 separalit
2432 4850 2465 4892 a
2525 4832 2844 4897 dilectione
2888 4837 3230 4902 Christi55‘.’
3282 4840 3525 4906 Talibus
3572 4845 3730 4908 enim

2086 4920 2411 5015 admonitio
2441 4920 2541 4983 illa
2574 4926 2867 4987 convenit.
2902 4924 3279 5005 Netimeatis,
3306 4930 3524 5015 inquit,
3550 4933 3734 4996 abhis

2086 5011 2186 5091 qui
2218 5009 2493 5103 occidunt
2523 5030 2761 5103 corpus,
2798 5023 2854 5076 et
2884 5017 3032 5077 nihil
3062 5018 3319 5098 amplius
3347 5009 3560 5084 nocere
3584 5042 3727 5103 pos-

2086 5108 2240 5161 sunt.
2278 5101 2524 5195 Parvum
2558 5102 2716 5162 enim
2755 5103 3039 5195 damnum
3073 5110 3145 5167 ab
3189 5109 3309 5169 illis
3339 5101 3602 5188 eveniat,
3627 5116 3731 5195 qui

2089 5189 2321 5268 corpori
2355 5199 2590 5270 nocent,
2611 5193 2768 5271 quod
2791 5194 3011 5275 alioqui
3045 5214 3353 5275 passurum
3371 5189 3734 5277 esset,etiam

2088 5279 2207 5340 illis
2243 5296 2362 5370 non
2393 5278 2745 5370 laedentibus
2802 5284 2907 5345 llle
2933 5292 3130 5345 autem
3169 5285 3382 5365 dignus
3418 5292 3517 5370 qui
3553 5293 3734 5355 time-

2089 5378 2242 5449 atur,
2267 5367 2380 5458 qui
2401 5386 2515 5428 non
2541 5369 2731 5430 solum
2762 5391 2976 5454 corpus
3008 5374 3196 5454 punit,
3231 5377 3337 5438 sed
3362 5367 3729 5458 etenimam,

2093 5456 2485 5520 immortalem
2519 5464 2981 5539 possessionem,
3028 5464 3465 5533 immortalibus
3493 5456 3733 5555 subjicit
