4132 6298
489 339 608 405 879

1449 346 2043 412 THEOPHYLACTI
2089 346 2500 414 ΒΗΕΕΑΒΙιΕ
2542 349 2895 417 ΑΗΟΗἸΕΡ.

3750 354 3883 419 880

491 485 707 567 pomis,
749 485 943 566 iisque
987 486 1352 549 ardentibus.
1410 490 1613 570 Itaque
1664 492 1721 553 in
1771 492 2112 572 spiritualen

2199 485 2592 545 .t51r06a'nowa
2678 492 2980 570 τιμωρίαις,
3052 494 3139 549 καὶ
3210 493 3423 556 ταύταις
3485 490 3539 547 έν
3609 492 3754 568 πυρί,
3797 492 3881 553 εἷς

490 574 896 639 fortitudinem
927 575 1097 656 ungit
1138 586 1197 637 et
1222 588 1513 659 praeparat
1542 580 1764 643 amicos
1795 602 1935 643 suos
1963 585 2137 647 Chri-

491 674 637 741 stus,
674 672 1142 745 testesque,suos
1172 665 1328 741 facit,
1363 686 1431 729 ac
1474 668 1733 731 humano
1767 680 1924 731 metu
1957 672 2133 733 exuit.

488 754 772 818 Homines
803 755 989 831 enim,
1024 755 1238 836 inquit,
1276 758 1423 818 iram
1455 776 1620 819 suam
1654 759 1805 819 ultra
1834 760 2135 839 corrupti-

488 845 611 909 bile
644 864 861 926 corpus
890 844 1213 908 extendere
1244 854 1569 927 nequeunt,
1604 848 1857 929 ﬁnisque
1892 848 2135 911 insidia-

488 949 618 997 rum
652 934 889 996 illorum
918 941 1125 996 contra
1148 954 1259 997 nos
1283 944 1478 996 carnis
1496 955 1657 998 mors
1670 937 1910 1001 est.Deo
1931 947 2131 1000 autem

488 1026 795 1105 puniente,
832 1043 952 1085 non
1000 1024 1198 1085 carnis
1228 1024 1421 1085 solum
1470 1024 1752 1087 damnum
1786 1036 1895 1107 est,
1940 1028 2044 1090 sed
2076 1037 2133 1089 et

490 1115 707 1175 misera
748 1114 947 1174 anima
978 1131 1113 1174 cum
1154 1111 1468 1193 suppliciis
1509 1113 1687 1177 vadit.
1724 1116 1890 1178 Scito
1934 1125 2130 1178 autem

486 1203 600 1265 hoc
628 1203 783 1278 loco,
820 1204 976 1283 quod
1030 1201 1442 1283 peccatoribus
1471 1220 1634 1264 mors
1675 1204 1746 1265 ad
1780 1206 2136 1286 supplicium

487 1293 765 1362 infertur.
796 1304 854 1355 et
887 1292 944 1352 in
972 1292 1080 1353 hac.
1112 1291 1227 1352 vita
1249 1292 1571 1372 puniuntur
1592 1310 1724 1354 cum
1750 1294 2134 1369 occiduntur,

483 1393 541 1445 et
568 1384 630 1444 in
661 1383 776 1444 alia
796 1382 935 1443 dum
958 1382 1021 1443 in
1044 1381 1378 1460 gehennam
1398 1382 1822 1462 conjiciuntur.
1844 1386 2135 1445 Perscru-

483 1482 616 1534 tans
645 1481 845 1535 autem
878 1470 1148 1551 verbum,
1203 1470 1379 1531 etiam
1426 1470 1583 1532 aliud
1633 1472 1914 1551 quiddam
1959 1472 2132 1535 simul

482 1563 805 1641 intelliges.
842 1559 1023 1622 Vides
1074 1560 1230 1621 enim
1265 1559 1421 1639 quod
1464 1579 1583 1620 non
1626 1561 1812 1622 dixit:
1861 1563 2134 1625 Metuatis

480 1672 641 1726 eum,
676 1652 776 1733 qui
802 1662 1113 1732 postquam
1140 1648 1447 1722 occiderit,
1480 1650 1655 1710 mittit
1677 1650 1737 1710 in
1771 1652 2128 1730 gehennam,

2221 574 2429 655 ἀνδρίαν
2487 578 2575 635 οὗν
2632 583 2994 651 πνευματικὴν
3040 581 3239 662 ἀλείφει
3283 583 3405 645 τοὺς
3468 585 3628 640 αὐτοῦ
3687 578 3875 659 φίλους

2220 667 2247 720 ὁ
2305 671 2555 747 Χριστὸς,
2612 669 2877 749 μάρτυρας
2933 672 3121 734 αὖτοὺς
3179 671 3550 749 ἐργαζόμενος,
3635 671 3722 725 καὶ
3777 671 3875 724 τὸν

2218 760 2324 809 τῶν
2367 755 2655 834 ἀνθρώπων
2699 755 2861 838 φόϐον
2918 758 3013 815 ἀπ’
3070 763 3241 818 αὐτῶν
3270 756 3566 819 ἒκϐάλλων,
3608 756 3867 834 ’Ἄνθρω-

2216 866 2309 901 ποι
2339 846 2463 925 γὰρ,
2496 849 2650 927 φησὶ,
2709 847 2870 928 μέχρι
2922 858 3014 906 τοῦ
3056 848 3281 927 φθαρτοῦ
3308 848 3557 923 σώματος
3582 846 3865 907 ἐκτείνωσι

2216 932 2310 995 τὰς
2343 935 2527 1015 ὀργὰς,
2560 937 2648 992 καὶ
2676 936 2839 1015 πέρας
2872 938 3043 993 αὐτῶν
3080 938 3178 1005 τῆς
3221 934 3337 993 καθ’
3381 939 3536 1011 ἡμῶν
3578 932 3866 999 ἐπιϐουλῆς

2216 1025 2243 1079 ὂ
2293 1028 2395 1091 τῆς
2452 1026 2647 1104 σαρκὸς
2688 1027 2909 1088 θάνατος
2942 1041 2955 1054 ⁸
2994 1032 3126 1082 Θεοῦ
3155 1025 3207 1081 δὲ
3238 1024 3577 1103 κολάζοντος,
3613 1027 3673 1080 οὖ
3701 1021 3864 1101 μέχρι

2216 1113 2390 1188 μόνης
2418 1116 2617 1192 σαρκὸς
2660 1116 2693 1182 ἡ
2723 1115 2888 1190 ζημία
2931 1117 3207 1195 στήσεται,
3262 1113 3397 1171 ἀλλὰ
3439 1117 3526 1170 καὶ
3556 1114 3690 1180 αὐτὴ
3736 1136 3864 1169 συν-

2218 1204 2477 1280 υπάγεται
2534 1218 2658 1268 ταῖς
2728 1206 2917 1269 αἰκίαις
2961 1207 2995 1272 ἡ
3038 1203 3189 1261 ἁθλία
3230 1206 3405 1284 ψυχή.
3454 1204 3764 1279 Σημείωσαι
3806 1200 3862 1257 δὲ

2219 1292 2475 1366 ἐντεῦθεν,
2533 1293 2612 1349 ὅτι
2668 1307 2787 1356 τοῖς
2831 1292 3171 1370 ἁμαρτωλοῖς
3200 1296 3229 1349 ὁ
3274 1294 3493 1358 θάνατος
3524 1294 3657 1371 πρὸς
3685 1313 3862 1367 τιμω-

2219 1382 2333 1461 ρίαν
2389 1380 2666 1460 ἐπάγεται,
2722 1383 2983 1439 κᾶνταῦθα
3031 1383 3404 1457 κολαζομένοις
3461 1380 3545 1438 διὰ
3579 1390 3672 1440 τοῦ
3728 1383 3862 1437 ἀπο-

2217 1472 2531 1548 κτείνεσθαι,
2594 1472 2813 1528 κάκεῖσε
2863 1474 2998 1547 μετὰ
3055 1482 3218 1531 ταῦτα
3277 1474 3349 1536 είς
3399 1472 3614 1550 γέενναν
3664 1468 3863 1546 ἔμϐαλε

2215 1560 2484 1637 λομένοις.
2543 1560 2834 1632 Ἐξετάζων
2916 1560 2970 1617 δὲ
3047 1562 3145 1628 τὴν
3220 1560 3379 1634 λέξιν,
3444 1563 3526 1616 καὶ
3577 1584 3627 1617 τι
3681 1560 3861 1639 ἕτερον

2214 1651 2505 1720 ἐννοήσεις,
2544 1641 2689 1729 ⁸Ὀρα
2720 1652 2819 1730 γὰρ
2847 1650 2927 1707 ὅτι
2959 1654 3050 1708 οῦκ
3076 1652 3199 1707 εἷπε
3238 1667 3252 1681 ⁸
3286 1648 3565 1721 Φοϐήθητε
3602 1651 3693 1707 τὸν
3722 1652 3857 1725 μετὰ

479 1742 603 1817 sed,
654 1740 975 1803 habentem
1022 1742 1374 1817 potestatem
1429 1738 1723 1801 mittendi.
1782 1740 1914 1802 Non
1969 1743 2112 1801 enin

2212 1741 2274 1794 τὸ
2318 1739 2635 1795 ἀποκτεῖναι
2693 1738 2958 1814 βάλλοντα
3015 1741 3087 1802 εἷς
3119 1740 3217 1807 τὴν
3244 1740 3481 1818 γέενναν,
3515 1736 3658 1812 ἄλλ’,
3704 1737 3854 1803 έξου-

477 1850 718 1914 semper
746 1831 849 1913 qui
909 1829 1242 1890 moriuntur
1301 1838 1667 1909 peccatores,
1712 1831 2023 1893 mittuntur
2048 1832 2112 1911 {in

2211 1828 2326 1883 σίαν
2370 1827 2566 1908 ἔχοντα
2596 1828 2807 1907 βαλεῖν,
2861 1832 2933 1888 Οῦ
2983 1830 3081 1908 γὰρ
3114 1830 3325 1893 πάντως
3356 1831 3403 1885 οἱ
3431 1829 3854 1898 ἀποθνήσκοντες

475 1923 835 2002 gehennam,
870 1919 973 1981 sed
1023 1926 1162 1979 sunt
1212 1918 1273 1978 in
1331 1924 1623 1997 potestate
1670 1921 1797 1995 Dei,
1840 1929 1903 1983 ut
1946 1923 2112 1984 etiam

2208 1916 2513 1996 ἁμαρτωλοὶ
2570 1916 2854 1993 βάλλονται
2912 1920 2984 1981 εἷς
3040 1919 3142 1986 τὴν
3196 1918 3436 1996 γέενναν,
3492 1916 3611 1973 ἀλλ’
3676 1918 3730 1973 ἒν
3788 1925 3855 1994 τῇ

476 2011 695 2073 dimitti
724 2009 976 2092 possint.
1002 2007 1127 2069 Hoc
1145 2015 1343 2069 autem
1377 2008 1509 2069 dico
1534 2017 1776 2089 propter
1796 2009 2112 2075 oblatione:

2207 2006 2410 2079 ἐξοτσίᾳ
2450 2021 2628 2063 κεῖται
2656 2015 2809 2064 τοῦτο
2867 2016 2958 2064 τοῦ
3000 2015 3153 2081 Θεοῦ,
3207 2008 3343 2066 ὥστε
3386 2008 3473 2063 καὶ
3512 2009 3572 2062 τὸ
3626 2009 3851 2086 σδγχώ-

474 2109 533 2162 et
560 2100 1008 2163 distributiones
1038 2116 1168 2177 qua:
1190 2096 1336 2158 ﬁunt
1367 2116 1472 2177 pro
1496 2097 1814 2173 defunctis,
1844 2118 1975 2180 qua:
2004 2120 2112 2163 non

2206 2110 2341 2174 ρεῖν,
2403 2106 2567 2154 Τοῦτο
2611 2094 2666 2151 δὲ
2709 2095 2853 2174 λέγω
2884 2094 2968 2151 διὰ
3021 2097 3114 2160 τὰς
3157 2098 3245 2153 επὶ
3278 2110 3394 2159 τοῖς
3438 2096 3850 2171 κεκοιμημένοις

473 2209 680 2271 parum
722 2188 1067 2251 conducunt
1099 2185 1276 2245 etiam
1311 2184 1403 2245 his
1432 2185 1532 2265 qui
1576 2186 1633 2246 in
1667 2188 1943 2263 gravibus
1977 2208 2112 2270 pec-

2204 2185 2495 2263 γενομένας
2552 2187 2852 2265 προσφορὰς
2902 2187 2991 2241 καὶ
3034 2188 3129 2249 τὰς
3183 2184 3461 2253 διαδόσεις,
3511 2189 3567 2242 αἳ
3598 2187 3659 2242 οῦ
3686 2188 3847 2262 μικρὰ

471 2280 617 2342 catis
650 2278 869 2340 mortui
901 2284 1061 2337 sunt.
1112 2272 1241 2336 Non
1292 2274 1536 2335 omnino
1587 2276 1767 2352 igitur
1809 2288 2112 2360 postquam

2204 2274 2509 2334 συντελοῦσι
2568 2289 2684 2334 τοῖς
2741 2277 2829 2331 καὶ
2886 2274 2939 2331 ἐν
3012 2277 3289 2354 ἁμαρτίαις
3349 2276 3581 2354 βαρείαις
3639 2275 3845 2332 αποθαο

475 2368 694 2430 occidit
725 2366 899 2428 mittit
927 2368 984 2424 in
1016 2364 1373 2443 gehennam,
1409 2363 1512 2423 sed
1560 2372 1911 2443 potestatem
1944 2367 2124 2431 habet

479 2456 782 2520 mittendi.
814 2458 908 2520 Ne
940 2453 1112 2531 igitur
1144 2468 1448 2513 cessemus
1477 2470 1585 2531 per
1628 2453 2032 2536 eleemosynas
2064 2467 2123 2518 et

475 2550 939 2613 intercessiones
971 2547 1284 2627 propitium
1313 2546 1568 2607 reddere
1609 2565 1742 2608 eum
1782 2550 1883 2630 qui
1914 2560 2119 2629 potes-

473 2640 650 2700 tatem
684 2633 1177 2708 habetmittendi,
1206 2652 1322 2693 non
1345 2651 1583 2712 semper
1597 2644 1797 2697 autem
1834 2645 2117 2717 potestate

467 2730 578 2791 hac
598 2734 885 2799 utentem,
916 2725 1027 2787 sed
1047 2733 1107 2785 et
1130 2723 1424 2785 valentem
1457 2726 1593 2784 367
1618 2726 1928 2790 remittere
1948 2728 2117 2808 quid-

462 2819 620 2881 dam.
649 2816 935 2890 Quoniam
972 2822 1168 2875 autem
1201 2813 1370 2874 multi
1404 2823 1608 2893 putant
1653 2818 1978 2879 morientes
2010 2835 2112 2897 pro

2204 2365 2400 2425 νοῦσιν.
2435 2367 2507 2421 Οῦ
2534 2366 2745 2426 πάντως
2788 2367 2874 2419 οῦν
2909 2366 3041 2439 μετὰ
3086 2367 3148 2420 τὸ
3200 2366 3511 2420 ἀποκτεῖναι
3543 2362 3725 2439 βάλλει
3771 2367 3844 2426 εἰς

2202 2456 2301 2519 τὴν
2360 2454 2599 2533 γέενναν,
2661 2452 2779 2509 ἀλλ’
2828 2453 3059 2519 ἐξουσίαν
3125 2453 3239 2533 ἔχει
3296 2452 3501 2531 βαλεῖν.
3554 2455 3641 2520 Μὴ
3676 2455 3843 2509 τοίνυν

2201 2542 2531 2619 ὲλλείψωμεν
2584 2546 2772 2618 ἡμεῖς,
2823 2541 3201 2614 σπουδάζοντες
3242 2541 3308 2599 δι’
3340 2542 3712 2617 ἐλεημοσυνῶν
3754 2546 3839 2599 καὶ

2201 2631 2491 2711 πρεσϐειῶν
2551 2632 2869 2698 ἐξιλεοῦσθαι
2924 2634 3015 2690 τὸν
3072 2633 3309 2711 ἐρουσίαν
3351 2633 3448 2708 μὲν
3494 2632 3688 2712 ἔχοντα
3733 2634 3835 2708 βα-

2197 2722 2339 2804 λεῖν,
2402 2725 2461 2780 οὐ
2516 2724 2729 2787 πάντως
2799 2724 2887 2780 καὶ
2942 2729 3010 2800 τῇ
3059 2722 3259 2796 ἐξουσίᾳ
3312 2725 3475 2800 ταύτῃ
3532 2724 3830 2803 χρώμενον,

2195 2811 2332 2868 ἀλλὰ
2378 2817 2465 2868 καὶ
2519 2826 2825 2892 συγχωρεῖν
2882 2811 3191 2887 δυνάμενον,
3238 2812 3387 2870 Ἐπεὶ
3430 2811 3485 2869 δὲ
3531 2812 3717 2870 πολλοὶ
3749 2814 3834 2868 τὸν

460 2908 758 2969 veritatea
782 2904 902 2966 Deo
933 2902 1253 2965 derelictos
1282 2922 1296 2966 :
1331 2904 1419 2965 Ne
1454 2904 1566 2966 hoc
1600 2905 1952 2967 existimetis
1985 2925 2110 2986 vos,

2199 2902 2322 2980 ὗπὲρ
2374 2902 2471 2969 τῆς
2556 2901 2804 2969 ἀληθείας
2876 2902 3097 2959 θένατον
3177 2902 3551 2981 ἐγκατάλειψιν
3634 2904 3833 2959 οἴονται

461 2996 696 3078 inquit;
730 3014 849 3056 non
880 2993 1039 3054 enim
1073 2992 1413 3053 moriemini
1433 2994 1601 3074 quasi
1633 3014 1666 3055 a
1697 3013 1792 3056 me
1810 2995 2108 3058 derelicti.

2199 2992 2326 3049 Θεοῦ
2360 3009 2373 3022 ⁸
2422 2993 2511 3059 Μὴ
2554 2998 2729 3067 τοῦτο,
2778 2994 2957 3071 φησὶν,
2990 2997 3145 3068 ὑμεῖς
3176 2994 3413 3060 οἷηθῆτε,
3478 2997 3549 3051 Οὖ
3605 2994 3703 3072 γαρ
3762 2995 3833 3055 ὡς

458 3086 520 3148 Si
550 3086 709 3147 enim
752 3084 952 3145 nullus
982 3099 1052 3142 ex
1097 3082 1455 3161 passerculis
1498 3084 1602 3164 qui
1655 3084 2009 3157 venduntur,
2045 3085 2107 3146 in

2199 3080 2783 3160 ἒγκαταλιμπανόμενοι
2827 3079 2915 3138 ὑπ’
2958 3081 3111 3158 ἐμοῦ,
3177 3080 3397 3158 μέλλετε
3444 3084 3715 3143 θνήσκειν,
3777 3084 3831 3138 Εἰ

458 3175 759 3236 oblivione
788 3180 899 3247 est,
931 3171 1181 3231 multum
1234 3170 1403 3232 abest
1446 3179 1508 3232 ut
1549 3186 1742 3234 vestra
1789 3192 1967 3247 mors,
2005 3175 2104 3254 qui

2199 3174 2291 3249 γὰρ
2348 3173 2435 3227 καὶ
2492 3178 2597 3227 τῶν
2656 3173 2933 3251 στρουθίων
2984 3178 3088 3229 τῶν
3156 3169 3509 3246 πωλουμένων
3558 3169 3704 3227 οῦδὲν
3746 3173 3833 3227 ἀν·

455 3265 630 3325 amici
658 3263 775 3324 mei
808 3260 1123 3341 estis,talis
1153 3260 1248 3335 sit,
1284 3262 1450 3341 quasi
1474 3279 1582 3340 ego
1615 3281 1730 3323 non
1764 3262 2103 3343 provideam

2199 3261 2495 3336 επίληστον,
2556 3260 2757 3320 πολλοῦ
2798 3259 2881 3318 δεῖ
2910 3264 2937 3318 ὁ
2964 3260 3214 3340 ὑμέτερος
3256 3262 3478 3325 θάνατος
3525 3266 3631 3316 τῶν
3690 3260 3829 3335 ἐμῶν

456 3354 642 3415 vobis.
670 3352 965 3433 Equidem
999 3358 1218 3410 tantam
1270 3350 1450 3410 vestri
1506 3370 1708 3413 curam
1741 3371 1905 3431 gero,
1941 3362 2005 3414 ut
2048 3362 2105 3415 et

2199 3350 2351 3429 ρίλων
2409 3350 2669 3429 γενέσθαι,
2729 3353 2802 3413 ὡς
2887 3352 2964 3426 μὴ
3020 3349 3410 3430 προνοουμένου
3475 3352 3624 3426 ὑμῶν
3678 3349 3823 3426 ἐμοῦ.

456 3443 657 3504 omnia
685 3450 878 3502 vestra
906 3438 1205 3501 subtiliter
1224 3448 1534 3519 perspecta
1556 3440 1695 3516 sint,
1726 3450 1784 3502 et
1811 3444 2103 3504 nume-rati

2199 3442 2458 3508 Γοσαύτην
2532 3441 2631 3519 γὰρ
2689 3441 2836 3516 ὑμῶν
2903 3446 3157 3515 ποιοῦμαι
3204 3440 3303 3507 τὴν
3359 3447 3632 3519 πρόνοιαν,
3692 3440 3823 3496 ὥστε

454 3532 657 3612 capilli
686 3529 891 3591 vestri.
923 3527 1199 3600 Quamvis
1249 3527 1430 3606 igitur
1476 3547 1577 3589 vos
1621 3529 2098 3594 intentationem

2199 3528 2382 3585 ἕκαστα
2462 3536 2568 3585 τῶν
2644 3530 2909 3609 ὑμετέρων
2991 3526 3177 3587 εἰδέναι
3249 3528 3480 3602 λεπτῶς,
3555 3532 3639 3586 καὶ
3704 3529 3818 3585 οἷον

455 3621 672 3683 cadere
724 3617 1088 3699 permittam,
1151 3616 1543 3696 suppeditabo
1592 3626 1788 3680 tamen
1843 3619 2098 3682 ubertim

2199 3618 2549 3698 ἢριθμημένας
2610 3618 2759 3698 ἔχειν
2814 3620 2907 3682 τὰς
2955 3619 3144 3699 τρίχας
3173 3621 3320 3695 ὑμῶν
3356 3635 3370 3649 ’
3417 3618 3516 3675 κᾶν
3544 3620 3707 3676 τοίνυν
3749 3620 3818 3683 εἷς

456 3708 783 3772 suﬂ‘erendi
808 3707 985 3766 vires.
1019 3703 1188 3784 Saepe
1204 3715 1399 3766 autem
1432 3707 1477 3766 si
1502 3726 1677 3787 quem
1711 3708 2102 3772 inﬁrmiorem

2199 3710 2483 3788 πειρασμὸν
2536 3708 2681 3763 ὲάσω
2732 3711 2867 3785 ὑμᾶς
2928 3707 3203 3783 εἰσελθεῖν,
3262 3711 3563 3789 χορηγήσω
3616 3710 3823 3770 πάντως

455 3800 684 3878 videro,
719 3816 835 3858 non
862 3794 1138 3874 permitto
1164 3792 1331 3855 illum
1350 3796 1410 3856 in
1437 3797 1788 3861 tentationes
1810 3798 2102 3863 incidere.

2199 3799 2277 3854 ιιαὶ
2337 3798 2437 3865 τὴν
2507 3799 2579 3859 εἰς
2636 3800 2698 3854 τὸ
2767 3800 3052 3872 ὑπομεῖναι
3104 3796 3343 3875 δύναμιν,
3398 3798 3664 3863 Πολλάκις
3694 3798 3747 3855 δὲ
3778 3800 3826 3855 εἴ

457 3888 599 3950 Nam
634 3888 731 3968 qui
763 3904 893 3947 sum
926 3892 1186 3959 curator,
1225 3892 1283 3945 et
1314 3886 1514 3946 omnia
1546 3885 1702 3949 bene
1733 3888 1881 3962 scio,
1915 3898 1972 3951 et
2000 3909 2106 3952 nu-

2199 3909 2303 3942 :tvat
2361 3887 2552 3951 ἀσθενῆ
2609 3884 2733 3965 ἴδω,
2792 3884 2908 3944 οῦδὲ
2965 3886 3221 3963 ἐμπεσεῖν
3280 3888 3434 3944 αὐτὸν
3490 3890 3827 3968 συγχωρήσω

459 3986 685 4040 merata
712 3978 905 4038 habeo
955 3973 1129 4035 etiam
1179 3974 1596 4057 minutissima,
1649 3978 1938 4040 «listribuo
1969 3980 2103 4039 uni-

2199 3976 2532 4054 πειρατηρίῳ,
2616 3975 2871 4051 Κηδεμὼν
2918 3977 3017 4055 γὰρ
3101 3978 3197 4051 ὢν,
3272 3979 3360 4033 καὶ
3429 3978 3599 4033 πάντα
3654 3977 3821 4045 εἰδὼς,

458 4069 675 4149 cuique
727 4066 882 4147 quod
945 4081 1066 4126 suae
1124 4081 1419 4124 mensurae
1474 4068 1769 4145 congruit.
1818 4071 2004 4132 Porro
2053 4070 2103 4130 si

459 4155 955 4229 observaveris,in
970 4154 1274 4233 Scriptura
1298 4152 1565 4216 invenies
1592 4158 2106 4220 numerariomnia

455 4249 643 4310 virilia
667 4254 724 4309 et
751 4263 880 4325 quaa
924 4242 995 4304 ad
1051 4260 1387 4304 mensuram
1446 4244 1624 4305 virilis
1654 4248 1844 4307 aetatis
1889 4266 2103 4327 perve-

460 4340 651 4418 niunt,
688 4337 982 4415 dignaque
1029 4332 1228 4393 divina
1278 4336 1749 4400 enumeratione.
1787 4338 1900 4399 Per
1929 4350 2105 4417 caput

456 4438 651 4491 autem
684 4423 1150 4502 uniuscujusque
1173 4419 1393 4483 Christi
1424 4424 2102 4505 ﬁdelium,intelligenda

2188 4066 2274 4121 καὶ
2317 4064 2655 4141 ἠριθμημένα
2700 4064 2846 4144 ἔχων
2886 4066 2974 4121 καὶ
3015 4066 3081 4121 τὰ
3124 4064 3446 4140 λεπτότατα,
3507 4068 3713 4143 ἑκάστῷ
3766 4071 3825 4124 τὸ

2186 4152 2306 4211 κατ’
2362 4152 2505 4219 ἀξὶαν
2562 4157 2649 4211 καὶ
2692 4157 2754 4210 τὸ
2795 4156 3088 4234 πρόσφορον
3131 4156 3411 4231 οἰκονομῶ.
3463 4154 3823 4236 Ἐπιτηρήσας

2186 4241 2239 4298 δὲ
2285 4246 2521 4323 εὑρήσεις
2579 4242 2632 4299 ἐν
2686 4250 2756 4321 τῇ
2813 4249 2994 4323 Γραφῇ
3023 4244 3376 4323 ἁριθμούμενα
3406 4247 3578 4304 πάντα
3607 4248 3675 4304 τὰ
3725 4246 3821 4302 ἀν-

2185 4331 2358 4413 δρεῖα,
2418 4335 2508 4390 καὶ
2565 4336 2636 4396 εἷς
2696 4332 2887 4409 μέτρον
2958 4332 3167 4401 ἡλικίας
3225 4333 3514 4413 φθάσαντα,
3566 4338 3654 4392 καὶ
3710 4335 3820 4401 ἄξια

2185 4421 2370 4485 ἁπλῶς
2428 4425 2567 4487 θείας
2658 4424 3090 4502 ἀπαριθμήσεως.
3168 4421 3416 4504 Κεφαλήν
3469 4432 3557 4480 οῦν
3602 4426 3821 4481 ὶκάστου

457 4520 574 4580 vita
605 4516 840 4580 Christo
875 4520 1075 4592 grata;
1120 4529 1226 4590 per
1252 4512 1499 4589 capillos
1536 4532 1678 4574 vero
1708 4515 1860 4593 ejus,
1907 4516 2096 4595 parti-

2199 4513 2287 4568 τῶν
2355 4520 2556 4569 πιστῶν
2610 4514 2707 4580 τὴν
2789 4513 3159 4592 χριστοπρεπῆ
3241 4511 3509 4571 πολιτείαν
3582 4516 3818 4583 νοητέυν,

460 4608 681 4670 cularia
710 4622 914 4685 Opera,
951 4609 1009 4663 et
1039 4599 1255 4680 quibus
1285 4619 1503 4680 corpus
1530 4602 1935 4677 mortiﬁcatur,
1970 4623 2100 4684 qua

459 4704 847 4760 numerantur
866 4690 1019 4771 apud
1034 4688 1221 4751 Deum
1240 4699 1300 4749 et
1330 4691 1917 4770 supputantur.Ta|ia
1939 4694 2097 4754 enim

459 4796 647 4849 vestra
677 4802 859 4865 opera
880 4780 1135 4840 divinam
1170 4778 1562 4843 visitationem
1609 4791 1932 4843 merentur.
1967 4782 2096 4845 Jam

458 4877 697 4959 quidam
732 4871 1068 4947 intelligunt
1101 4885 1208 4959 per
1236 4867 1498 4959 quinque
1531 4873 2098 4952 passerculos,quin-

456 4958 571 5051 que
601 4982 833 5039 sensus,
864 4960 987 5051 qu_i_
1009 4958 1243 5051 duobus
1292 4958 1534 5051 minutis
1580 4960 1811 5022 assibus
1863 4978 2099 5022 venun-

455 5046 813 5131 dantur,hoc
835 5060 924 5111 est
941 5048 1103 5111 Novo
1127 5046 1390 5110 etVeteri
1419 5046 1947 5124 Testamento,non
1964 5059 2101 5112 sunt

456 5150 515 5209 in
538 5147 834 5209 oblivione
857 5140 1012 5220 apud
1034 5136 1513 5208 Deum.Quorum
1533 5139 1690 5200 enim
1710 5159 1923 5201 sensus
1939 5150 2100 5202 recte

455 5242 915 5318 componuntur,
940 5237 997 5290 et
1021 5227 1201 5318 sobrii
1223 5237 1383 5318 sunt,
1404 5235 1462 5318 et
1490 5229 1702 5289 rationi
1735 5229 2091 5307 subduntur,

452 5329 534 5389 ita
556 5316 619 5388 ut
642 5341 756 5386 non
780 5321 898 5383 sint
914 5317 1175 5390 inutiles,
1198 5316 1300 5378 sed
1326 5316 1497 5378 valde
1530 5318 1700 5380 utiles
1722 5320 1781 5378 in
1803 5318 2087 5398 spiritua-

450 5416 566 5479 lem
591 5409 882 5483 cibum,hi
903 5426 1022 5469 non
1037 5416 1172 5468 sunt
1190 5408 1247 5467 in
1267 5406 1562 5468 oblivione
1580 5408 1732 5488 apud
1743 5407 2082 5471 Dominum.

533 5506 711 5566 Vens.
735 5502 901 5563 8-12.
919 5523 937 5553 ι
960 5496 1103 5558 Dico
1120 5506 1315 5559 autem
1344 5496 1730 5570 vobis,omnis
1749 5497 2088 5578 quicunque

455 5593 763 5656 confessus
794 5587 970 5650 fuerit
1002 5586 1065 5647 in
1087 5605 1183 5648 me
1204 5604 1401 5647 coram
1432 5586 1799 5663 hominibus,
1823 5593 1884 5650 et
1902 5586 2088 5649 Filius

449 5680 709 5748 hominis
733 5676 1118 5742 conﬁtebitur
1140 5677 1198 5736 in
1219 5673 1316 5736 illo
1347 5693 1546 5736 coram
1573 5678 1799 5752 angelis
1823 5676 1952 5739 Dei.
1976 5675 2089 5749 Qui

2183 4602 2381 4680 Τρίχας
2439 4600 2493 4657 δὲ
2551 4603 2749 4668 ταύτης
2793 4602 2886 4663 τὰς
2942 4603 3079 4659 κατὰ
3134 4601 3290 4680 μέρος
3355 4604 3664 4685 νεκροτέρας
3732 4613 3822 4663 τοῦ

2183 4693 2428 4765 σώματος
2472 4689 2705 4768 πράξεις,
2743 4693 2800 4747 αἳ
2864 4691 3198 4771 ἂριθμοῦνται
3260 4694 3399 4772 παρὰ
3443 4695 3581 4769 Θεῷ,
3631 4699 3718 4752 καὶ
3768 4696 3820 4752 ἓν

2182 4778 2328 4859 λόγῳ
2370 4781 2618 4841 τίθενται,
2652 4783 2712 4836 Αἱ
2770 4782 2869 4861 γὰρ
2934 4786 3163 4837 τοιαῦται
3222 4782 3368 4856 ὑμῶν
3417 4783 3629 4863 πράξεις
3682 4787 3819 4851 θείας

2183 4867 2477 4935 ἐπισκοπῆς
2534 4866 2818 4932 ἆξιοῦιται,
2875 4874 3063 4927 Νοοῦσι
3113 4866 3167 4923 δέ
3224 4890 3382 4943 τινες,
3428 4871 3585 4928 πέντε
3629 4894 3816 4951 στρου-

2179 4958 2284 5030 θία,
2340 4957 2434 5019 τὰς
2479 4956 2634 5013 πέντε
2678 4959 2970 5037 αἰσθήσεις,
3028 4970 3089 5013 αῖ
3148 4955 3236 5014 δύο
3296 4958 3558 5038 ἀσσαρίων
3614 4962 3818 5020 πωλού-

2180 5066 2362 5124 μεναι,
2420 5045 2656 5102 τουτέστι
2714 5044 2797 5101 διὰ
2856 5051 3057 5113 Καινῆς
3099 5048 3186 5102 καὶ
3237 5047 3473 5114 Παλαιᾶς
3522 5053 3812 5126 Διαθήκης,

2177 5133 2518 5201 ἀνεπίληστοί
2572 5136 2669 5191 εἶσι
2714 5136 2857 5214 παρὰ
2905 5142 2981 5209 τῷ
3013 5142 3150 5209 Θεῷ.
3190 5131 3284 5191 Ὧν
3313 5138 3413 5217 γὰρ
3442 5140 3493 5195 αἱ
3549 5141 3813 5211 αἰσθήσεις

2176 5224 2501 5301 ῥυθμίζονται
2573 5227 2661 5280 καὶ
2732 5225 3090 5303 προσάγονται
3148 5232 3225 5299 τῷ
3293 5224 3460 5308 λόγῳ,
3520 5229 3657 5286 ὥστε
3738 5231 3812 5305 μὴ

2178 5313 2319 5368 εἶναι
2378 5313 2600 5393 ἀχρεῖαι
2645 5316 2717 5379 εἰς
2762 5314 3124 5390 πνευματικὴν
3180 5316 3399 5393 βρῶσιν,
3455 5328 3595 5377 οὗτοι
3640 5318 3811 5376 ἀνεπί-

2168 5400 2353 5469 ληστοι
2396 5406 2472 5477 τῷ
2504 5405 2695 5482 Κυρίῳ.

2256 5514 2283 5545 α
2320 5490 2474 5571 Λέγω
2528 5490 2581 5547 δὲ
2637 5495 2793 5573 ὑμῦν,
2868 5499 2969 5557 πᾶς
3015 5494 3073 5557 ὃς
3132 5492 3194 5549 ἂν
3249 5494 3560 5574 ὁμολογήσῃ
3611 5498 3666 5553 έν
3695 5493 3808 5572 ἔμοῖ

2170 5580 2461 5661 ἔμπροσθεν
2519 5588 2625 5639 τῶν
2685 5582 2995 5661 ἀνθρώπων,
3064 5584 3153 5640 καὶ
3207 5586 3235 5640 ὁ
3293 5586 3409 5651 Υἱὸς
3465 5593 3559 5644 τοῦ
3608 5586 3806 5664 ἀνθρώ.

2171 5695 2273 5729 που
2332 5670 2648 5753 ὁμολογήσῃ
2730 5672 2783 5728 ἰν
2856 5672 2997 5748 αὒτῷ
3065 5672 3353 5752 ’ἔμπροσθεν
3405 5682 3513 5731 τῶν
3570 5675 3805 5755 ἀγγέλων
