4132 6278
170 418 324 483 881

177 559 304 609 τοῦ
344 560 500 611 Θεοῦ
535 568 549 583 ⁸
584 555 613 609 6
643 550 699 609 δὲ
728 552 1092 631 ἅρνησαμενός
1151 572 1218 625 με
1262 550 1485 606 ἐνώπιον
1540 552 1646 605 τῶν
1679 545 1883 626 ἀνθρώ-

173 664 356 710 πων,
466 642 903 722 ἀπαρνηθήσεται
1002 640 1225 697 ἐνώπιον
1288 645 1392 696 τῶν
1481 637 1722 716 ἀγγέλων
1790 646 1883 696 τοῦ

178 739 385 793 Θεοῦ.
453 735 551 790 Καὶ
611 739 714 795 πᾶς
773 732 830 794 ὃς
888 734 1002 810 ερεϊ
1055 729 1214 808 λόγον
1259 732 1332 792 εἱς
1375 732 1465 786 τὸν
1520 729 1641 785 Υἱὸν
1682 734 1773 784 τοῦ
1794 728 1876 783 ἆν-

170 821 467 900 Θρώπου,
499 821 816 901 ἀφεθήσεταί
842 821 984 895 αὐτῷ
1015 839 1029 855 ·
1064 828 1142 894 τῷ
1172 819 1223 876 δὲ
1258 822 1330 901 εἰς
1376 822 1437 877 τὸ
1479 819 1632 897 ἅγιον
1670 823 1883 893 Πνεῦμα

177 900 714 989 βλασφημήσαντι,
774 910 868 966 οὒκ
916 909 1257 989 ἀφεθήσεται,
1307 900 1442 966 ’¹Οτ’
1474 906 1533 963 ἂν
1565 906 1619 962 δὲ
1648 904 1878 985 προσφέ-

185 1020 397 1075 ρωσιν
459 1000 594 1073 ὑμᾶς
627 998 711 1054 ἐπὶ
755 1000 848 1060 τὰς
907 998 1253 1076 Συναγωγᾶς,
1286 999 1375 1053 καὶ
1420 997 1512 1060 τὰς
1563 996 1759 1074 ἀρχὰς,
1794 997 1881 1051 καὶ

185 1088 311 1150 τὰς
384 1087 653 1160 ἐξουσίας,
686 1088 763 1162 μὴ
795 1093 1105 1165 μεριμνᾶτε,
1150 1087 1265 1149 πῶς
1295 1086 1330 1154 ἢ
1373 1087 1421 1142 τί
1446 1084 1876 1162 ἀπολογήσησθε,

190 1176 242 1243 ἢ
315 1176 377 1232 τί
412 1176 612 1242 εἴπητε
647 1192 659 1205 ⁶
702 1178 764 1232 τὸ
818 1177 917 1254 γὰρ
973 1176 1122 1254 ἅγιον
1181 1181 1393 1248 Πνεῦμα
1448 1171 1635 1239 διδάξει
1663 1176 1797 1248 ὑμᾶς
1828 1172 1882 1227 ἐν

199 1267 365 1341 αὐτῇ
435 1271 503 1341 τῇ
535 1264 666 1343 ὥρᾳ,
728 1264 761 1320 ἂ
790 1263 873 1321 δεῖ
929 1266 1121 1322 εἰπεῖν.
1163 1288 1190 1319 ι
1256 1266 1358 1321 Νῦν
1412 1264 1474 1319 τὸ
1532 1262 1754 1319 ἔπαθλον
1784 1267 1882 1328 τῇς

196 1355 526 1432 μαρτυρίας
556 1355 884 1433 προτίθησιν.
939 1352 1087 1411 Ἐπεὶ
1142 1354 1241 1431 γὰρ
1271 1354 1419 1428 εἶπε,
1483 1353 1569 1419 Μὴ
1638 1349 1883 1432 φοϐεῖσθε

194 1443 327 1499 ἀπὸ
393 1446 506 1499 τῶν
558 1443 979 1501 ἀποκτεινόντων
1039 1445 1099 1499 τὸ
1187 1449 1365 1518 σῶμα,
1425 1443 1511 1498 καὶ
1566 1455 1878 1521 προσεῖπεν,

194 1533 328 1612 ὅτι,
417 1531 523 1593 Καὶ
596 1536 647 1588 αἱ
693 1532 876 1611 τρίχες
932 1534 1079 1606 ὑμῶν
1126 1532 1471 1611 ἠρίθμηνται,
1528 1531 1620 1587 ἵνα
1669 1532 1744 1606 μή
1800 1553 1879 1594 τις

190 1622 354 1699 ε’ῗπῇ
397 1641 412 1655 ·
465 1624 563 1687 Δός
596 1645 686 1697 μοι
731 1624 820 1677 καὶ
852 1625 1036 1696 μισθὸν
1074 1643 1190 1677 τινα
1223 1637 1237 1652 ⁸
1288 1622 1336 1676 τί
1377 1621 1477 1700 γάρ
1504 1643 1593 1695 μοι
1625 1619 1806 1695 μέλλει
1836 1621 1881 1676 εἰ

198 1712 313 1774 τὰς
363 1712 561 1791 τρίχας
620 1711 782 1791 ἔχεις.
839 1710 1246 1790 ἧριθμημέναςς
1318 1712 1447 1791 φησί
1479 1729 1492 1742 ⁸
1559 1709 1738 1774 Θέλεις
1795 1712 1882 1766 καὶ

198 1783 415 1875 μισθόν
454 1783 708 1873 fuimus."
746 1783 852 1865 (‘0;
879 1783 1296 1877 6v6ﬁo7toﬂtm
1326 1783 1380 1856 έν
1425 1800 1565 1873 ἐμοὶ,
1599 1798 1880 1876 ὁμολογη-

201 1892 451 1959 θήσεται
508 1892 735 1949 ἒνώπιον
794 1898 887 1947 τοῦ
944 1898 1098 1949 Θεοῦ.
1158 1893 1229 1948 Τὸ
1288 1888 1365 1963 δὲ,
1430 1881 1773 1967 Ὀμολογήσῇ
1828 1889 1882 1945 ἐν

206 1984 373 2057 ἐμοὶ,
440 1984 621 2062 εἶπεν,
679 1984 793 2039 ἀντὶ
862 1990 975 2056 τοῦ,
1041 1984 1188 2039 Μετὰ
1228 1982 1325 2049 τῆς
1366 1985 1503 2057 ὶμῆς
1560 1982 1884 2060 συνεργείας,

211 2075 316 2130 καὶ
379 2072 443 2128 έν
485 2080 554 2148 τῇ
599 2073 705 2149 ἐμῇ
745 2071 961 2148 δυνάμει
989 2091 1006 2107 ⁸
1061 2065 1416 2148 Ὀμολογήσω
1464 2080 1587 2147 γοῦν
1632 2071 1781 2148 κάγὼ
1829 2070 1884 2126 ἐν

214 2162 399 2241 αὕτῷ,
467 2161 759 2234 τουτέστιν,
817 2161 906 2217 ὑπ’
966 2163 1123 2220 αὖτοῦ
1190 2160 1623 2238 συνεργούμενος.
1671 2161 1882 2236 Χρῄζο-

214 2274 323 2306 υεν
384 2252 486 2329 γὰρ
538 2252 625 2306 καὶ
670 2252 859 2329 ἡμεῖς,
906 2248 1322 2328 προηγουμένως
1372 2256 1463 2305 τοῦ
1524 2258 1656 2307 Θεοῦ
1684 2263 1698 2277 ·
1735 2247 1878 2306 οὐδὲν

213 2341 325 2416 γὰρ
386 2340 556 2419 χωρὶς
600 2338 799 2395 ἐκείνου
829 2337 1087 2414 δυνάμεθα
1124 2355 1137 2369 ⁸
1188 2340 1274 2394 καὶ
1318 2340 1345 2393 6
1390 2339 1517 2401 Θεὸς
1546 2337 1706 2393 πάλιν
1737 2338 1881 2416 χρῇ-

212 2437 300 2500 ζει
358 2431 518 2504 ἡμῶν
553 2447 569 2465 ⁶
607 2428 696 2485 ἐὰν
728 2430 827 2507 γὰρ
871 2430 947 2502 μὴ
994 2430 1116 2508 εὕρῃ
1163 2427 1217 2483 ἐν
1259 2430 1395 2501 ἡμῖν
1438 2427 1563 2505 ἔργα
1594 2424 1733 2499 ἄξια,
1766 2425 1880 2483 οὐδὲ

219 2517 695 2596 προσλαμϐάνεται
756 2520 924 2593 ἡμᾶς,
999 2517 1035 2585 ἢ
1110 2518 1209 2597 γὰρ
1279 2516 1341 2571 ἂν
1410 2516 1881 2590 προσωπολήπτης

220 2606 348 2673 εἴη.
416 2599 812 2685 Ὀμολογοῦμεν
870 2607 956 2664 οὖν
1033 2608 1197 2681 ἡμεῖς
1259 2606 1311 2661 ἐν
1382 2609 1545 2679 αὐτῷ,
1618 2604 1885 2661 τουτέστιν

222 2700 285 2755 ἐν
343 2701 410 2774 τῇ
470 2702 629 2756 αὺτοῦ
692 2697 979 2776 συνεργείᾳ.
1045 2698 1139 2755 Καὶ
1194 2698 1348 2760 αὒτὸς
1405 2696 1459 2751 ἐν
1516 2698 1676 2773 ἡμῖν,
1730 2716 1883 2750 τουτο

224 2789 375 2846 ἐστιν
436 2786 490 2843 ἐν
547 2793 613 2862 τῇ
669 2789 823 2861 ἡμῶν
883 2786 1173 2864 συνεργείᾳ.
1236 2787 1293 2843 Εἰ
1350 2786 1427 2859 μὴ
1486 2785 1585 2862 γὰρ
1644 2782 1884 2858 δώσομεν

230 2880 378 2951 αὖτῷ
433 2877 704 2955 ἀφορμήν,
761 2874 875 2931 οὐδὲ
921 2874 1245 2952 ὁμολογήσει
1290 2875 1418 2948 ὑπὲρ
1475 2876 1652 2946 ἡμῶν,
1717 2864 1773 2930 Ὀ
1829 2871 1884 2928 δέ

234 2965 577 3043 ἀρνούμενος,
641 2968 736 3022 οὐκ
778 2964 832 3019 ἐν
875 2969 943 3040 τῇ
1011 2972 1104 3020 τοῦ
1164 2972 1294 3021 Θεοῦ
1347 2962 1561 3037 δυνάμει
1619 2962 1881 3040 ἀρνεῖται,

231 3056 328 3111 Διὸ
384 3052 499 3113 οῦδὲ
544 3055 838 3132 προσέθηγε
867 3056 951 3128 τὸ,
994 3053 1047 3109 ἐν
1078 3054 1225 3133 ἐμοὶ,
1261 3051 1407 3131 ἀλλ’,
1441 3056 1468 3109 6
1520 3052 1883 3131 ἀρνησάμενος

227 3166 324 3221 με,
351 3146 559 3217 μήποτε
605 3142 659 3199 δὲ
703 3146 829 3199 καθὸ
887 3150 990 3206 πᾶς
1047 3141 1196 3220 ἅγιος
1247 3142 1300 3197 ἐν
1362 3143 1437 3216 τῴ
1468 3148 1675 3221 Χριστῷ
1708 3140 1941 3234 μέχει,α

226 3234 319 3289 καὶ
373 3236 399 3288 6
451 3235 671 3311 Χριστος
717 3233 770 3288 ἐν
816 3235 980 3306 αὐτῷ,
1032 3233 1169 3288 κατὰ
1200 3238 1355 3289 τοῦτο
1385 3230 1598 3310 εἴρηται
1623 3230 1683 3287 τό
1717 3249 1734 3267 ο
1772 3221 1879 3295 υΟς

234 3322 298 3377 Ξὶν
354 3322 664 3401 ὁμολογήσῃ
716 3323 770 3378 ἐν
824 3323 966 3397 ἐμοὶ,
1019 3322 1255 3379 τουτέστι
1315 3322 1511 3401 μένων,
1561 3321 1883 3399 ὁμολογήσω

233 3411 384 3489 κάγὼ
426 3412 478 3468 έν
521 3412 661 3486 αὗτῴ
705 3411 876 3487 μένων
915 3431 928 3445 ⁶
983 3413 1071 3467 καὶ
1114 3418 1218 3475 πᾶς
1263 3412 1319 3474 ὃς
1365 3410 1426 3467 ἂν
1478 3411 1571 3488 ἐρῇ
1603 3411 1763 3489 λόγον
1808 3412 1881 3473 εἷς

235 3502 326 3557 τὸν
346 3532 359 3537 ρ
380 3504 492 3557 Υἱὸν
552 3509 642 3558 τοῦ
683 3501 981 3581 ἀνθρώπου,
1013 3501 1331 3580 ἀφεθήσεται
1364 3505 1525 3573 αὐτῷ.
1561 3497 1712 3558 Τοῦτ’
1744 3499 1878 3574 ἔστι,

239 3592 298 3653 ὃς
357 3591 729 3669 βλασφημήσει
786 3593 859 3656 εἰς
903 3592 997 3666 ἐμὲ
1040 3593 1131 3646 τὸν
1187 3590 1504 3670 φαινόμενον
1564 3591 1682 3647 Υἱὸν
1725 3590 1885 3666 ψιλὸν

244 3688 336 3737 τοῦ
384 3680 675 3759 ἀνθρώπου,
733 3683 823 3736 καὶ
872 3679 1132 3747 ἐσθίοντα,
1206 3680 1293 3734 καὶ
1344 3680 1584 3758 πίνοντα,
1632 3680 1718 3735 καὶ
1749 3679 1884 3755 μετὰ

247 3768 481 3825 τελωνῶν
553 3768 801 3847 διάγοντα
860 3771 948 3826 καὶ
1028 3773 1256 3848 πορνῶν,
1346 3770 1704 3847 συγγνωστὸς,
1785 3767 1883 3825 κᾶν

250 3861 577 3935 μετανοήσῃ.
629 3858 728 3915 γᾶν
780 3861 881 3933 μή,
946 3859 1013 3921 οὔ
1043 3858 1141 3937 γὰρ
1171 3855 1433 3934 λογίζεται
1467 3857 1609 3931 αὒτῷ
1658 3857 1885 3935 ἁμαρτία

304 3949 315 3966 \
546 3949 559 3969 I
910 3949 921 3963 ι
1239 3947 1262 3967 η
1554 3947 1567 3968 Ι
1778 3947 1788 3965 9
1862 3946 1876 3962 δ

249 3972 330 4023 μη
384 3969 700 4011 πιστευοντι,
757 3950 816 4006 Τί
869 3971 968 4027 γαρ
1024 3945 1191 4020 εἶδεν,
1248 3968 1332 4001 ινα
1387 3968 1644 4023 πιστευσῇ
1677 3965 1694 4024 ς
1730 3956 1787 4003 Τι
1831 3945 1885 4002 δε

246 4035 443 4112 μᾶλλον
498 4038 593 4093 οὒκ
628 4036 771 4094 εἶδεν
835 4034 973 4103 ἄξιον
1018 4035 1313 4114 δυσφημίας
1349 4055 1365 4116 ς
1402 4033 1557 4092 Εἵδεν
1586 4034 1879 4113 ἄνθρωπον,

250 4126 458 4203 πόρναις
522 4124 888 4205 συνδιάγοντα,
946 4128 1035 4182 καὶ
1076 4124 1392 4203 βλασφημεῖ
1434 4126 1505 4186 εἷς
1557 4126 1712 4182 αὐτόν
1746 4140 1759 4154 °
1825 4126 1883 4182 οὑ

248 4216 502 4292 λογζεται
559 4224 647 4271 οῦν
692 4218 835 4290 αὐτῷ
870 4217 1119 4291 ἀμαρτία,
1168 4216 1322 4278 Εἰκὸς
1372 4215 1472 4292 γὰρ
1501 4212 1659 4269 ἔπαθε
1691 4232 1705 4247 ο
1768 4215 1880 4276 πῶς

246 4305 347 4382 γὰρ
404 4306 515 4365 Υἱὸς
570 4312 722 4385 Θεοῦ,
796 4308 823 4360 6
880 4307 1098 4384 πόρναις
1157 4301 1496 4381 συνδιάγων;
1548 4300 1879 4382 βλασφημή-

249 4414 331 4450 σει
385 4394 544 4449 τοένυν
618 4396 706 4452 καὶ
788 4393 993 4455 πλάνον
1067 4393 1386 4451 ἁποκαλέσει
1440 4391 1529 4447 τὸν
1588 4390 1725 4447 οὕτω
1784 4392 1880 4455 μὲν

253 4482 505 4559 διάγοντα,
544 4485 663 4540 Υίὸν
693 4482 746 4539 δὲ
779 4492 910 4543 Θεοῦ
965 4485 1149 4540 ἑαυτὸν
1197 4493 1467 4543 ποιοῦντα.
1507 4472 1689 4538 ’Ὅταν
1800 4503 1879 4544 τις

256 4572 329 4634 εἰς
381 4573 434 4627 τὸ
488 4572 639 4651 ἅγιον
691 4579 901 4649 Πνεῦμα
944 4572 1255 4651 βλασφημῇ.
1293 4572 1686 4649 ἆσύγγνωστος.
1723 4560 1798 4627 μΟ
1828 4567 1882 4625 δὲ

254 4657 413 4737 λέγει,
469 4662 703 4718 τοιοῦτόν
756 4661 899 4718 ἐστιν
932 4678 946 4692 ·
1026 4652 1204 4719 ιὈταν
1260 4662 1575 4736 θεοσημείας
1643 4658 1879 4736 βλέπων,

255 4750 341 4806 καὶ
390 4748 505 4826 ἔργα
548 4749 756 4828 μεγάλα
813 4752 901 4807 καὶ
961 4749 1194 4829 ἐξαίρετα
1237 4750 1436 4826 ἀπιστῇ
1478 4751 1566 4805 καὶ
1615 4770 1881 4828 συκοφαν-

256 4844 343 4917 τῇ,
386 4840 470 4901 τὰς
524 4849 617 4897 τοῦ
673 4842 822 4916 ἁγίου
884 4841 1183 4915 Πνεύματος
1234 4839 1491 4919 ἐνεργείας
1547 4845 1624 4913 τῷ
1666 4837 1882 4915 βεελζε-

256 4927 375 4985 ϐοὺλ
437 4932 855 5007 προσανατιθεὶς,
915 4931 1037 4987 τότε
1093 4929 1424 5011 βλασφημῶν
1485 4930 1558 4994 εἷς
1614 4929 1676 4984 τὸ
1732 4928 1883 5005 ἃγιον

260 5023 469 5091 Πνεῦμα,
532 5022 619 5074 καὶ
676 5019 731 5074 ἐν
788 5021 1046 5095 πνεύματι
1126 5025 1344 5098 πονηρῷ
1397 5019 1486 5074 καὶ
1541 5017 1599 5075 οὔ
1645 5018 1765 5089 θείῳ
1819 5018 1884 5073 τὰ

264 5119 444 5179 σημεῖα
498 5108 725 5183 γίνεσθαι
781 5107 976 5186 λέγων,
1042 5106 1410 5187 ἁσύγγνωστός
1468 5107 1604 5180 ἐστι,
1650 5107 1739 5161 καὶ
1791 5107 1884 5161 οὒκ

264 5198 394 5252 ἔσται
447 5197 636 5270 ἀθῶος,
699 5199 741 5253 εἰ
796 5198 874 5273 μὴ
948 5200 1315 5272 μετανοήσει.
1379 5197 1455 5271 τῷ
1527 5195 1625 5268 μὲν
1678 5196 1750 5258 εἷς
1793 5196 1884 5249 τὸν

270 5286 376 5341 Υἱὸν
423 5292 504 5341 τοῦ
592 5287 864 5366 ἀνθρώπου
938 5286 1363 5364 βλασφημοῦντι,
1450 5282 1565 5342 ουδὲ
1656 5285 1884 5363 ἁμαρτία

268 5376 515 5452 ἐλογίζετο,
579 5374 659 5431 διὸ
716 5378 803 5433 καὶ
863 5377 942 5453 μὴ
1000 5382 1270 5451 μετανοῶν
1333 5373 1721 5452 συγγνωστέος.
1797 5381 1883 5448 Τῷ

270 5462 316 5518 δὲ
365 5466 484 5520 θειου
544 5465 844 5541 [Ινεύματος
898 5466 1025 5544 ἔργα
1085 5467 1300 5544 ὁρῶντι,
1354 5465 1441 5519 καὶ
1496 5462 1880 5539 βλασφημοῦν-

271 5577 331 5625 :t,
370 5558 515 5632 χωρὶς
574 5557 855 5629 μετανιίας
899 5557 995 5612 οὐκ
1051 5555 1401 5635 ἀφεθήσεται,
1472 5545 1731 5629 ’Λμᾴρτία
1784 5554 1885 5633 γὰρ

337 5710 390 5769 δι
417 5710 694 5788 Matth},
714 5713 834 5791 '32.

991 418 1435 484 ENARRATIO
1476 420 1561 482 IN
1604 406 2107 482 EVANGELIUM
2171 411 2411 473 LUC/1‘3.
2458 444 2534 454 —
2577 411 2743 475 CAP.
2789 408 2923 473 XII.

1904 4540 1948 4591 D

3494 404 3613 471 882

1904 550 1945 600 Α
1968 558 2168 611 autem
2202 554 2506 631 negaverit
2536 570 2632 615 me
2662 570 2858 614 coram
2906 550 3267 626 hominibus,
3302 548 3612 631 negabitur

1965 657 2163 701 coram
2199 641 2423 720 angelis
2452 640 2577 703 Dei.
2612 641 2683 703 Et
2712 640 2980 721 quisquis
3010 639 3273 721 loquitur
3300 637 3524 702 dictum
3547 639 3608 701 in

1965 726 2177 789 Filium
2203 728 2829 803 hominis,remittetur
2848 729 3021 793 illizei
3043 747 3186 791 vero
3208 727 3309 809 qui
3339 728 3400 789 in
3420 726 3613 808 Spiri-

1966 824 2085 876 tum
2102 826 2371 879 sanctum
2386 819 2713 883 convicium
2728 817 3609 893 dixerit,nonremittetur.Cum

1966 913 2163 966 autem
2186 906 2544 968 adduxerint
2563 927 2665 967 vos
2686 908 2759 969 ad
2771 909 3192 988 Synagogas,et
3208 906 3279 968 ad
3302 905 3613 985 magistra-

1962 1002 2055 1053 tus
2081 1012 2149 1054 ac
2183 1002 2524 1075 potestates,
2561 996 2744 1058 nolite
2792 996 3028 1057 solliciti
3069 1013 3202 1057 esse
3231 995 3488 1075 qualiter
3510 1002 3613 1056 aut

1964 1082 2103 1162 quid
2135 1083 2565 1163 respondeatis,
2601 1093 2700 1145 aut
2730 1084 2874 1163 quid
2901 1083 3134 1147 dicatis.
3169 1082 3427 1163 Spiritus
3449 1081 3609 1145 enim

1965 1179 2202 1233 sanctus
2232 1172 2473 1234 docebit
2503 1192 2603 1234 vos
2640 1173 2700 1234 in
2735 1174 2943 1235 eadem
2982 1173 3129 1234 hora
3157 1172 3299 1253 quid
3339 1178 3612 1253 oporteat

1964 1277 2075 1321 vos
2092 1260 2318 1321 dicere.
2332 1261 2537 1323 2Nunc
2550 1271 2749 1324 autem
2773 1262 3081 1343 praemium
3099 1260 3360 1342 martyrii
3380 1260 3605 1341 adjicit.

1968 1347 2285 1427 Postquam
2308 1351 2462 1411 enim
2488 1350 2659 1425 dixit,
2686 1350 2771 1412 Ne
2806 1351 3062 1413 timeatis
3095 1349 3168 1411 ab
3192 1350 3281 1411 his
3302 1350 3405 1431 qui
3443 1349 3608 1413 occi-

1963 1438 2109 1498 dunt
2133 1457 2366 1519 corpus:
2398 1449 2456 1500 et
2473 1440 2689 1519 adjecit
2709 1439 2865 1520 quod
2885 1439 3096 1520 Capilli
3121 1440 3300 1501 vestri
3318 1439 3611 1501 numerati

1963 1536 2134 1589 sunt:
2176 1546 2251 1588 ne
2270 1529 2403 1608 quis
2426 1529 2585 1591 dicat
2615 1551 2629 1590 :
2657 1529 2741 1590 Da
2760 1529 2908 1591 mihi
2931 1529 3107 1590 etiam
3131 1529 3471 1590 mercedem
3494 1528 3609 1590 ali-

1964 1634 2134 1695 quam
2160 1637 2174 1675 :
2222 1616 2363 1695 quid
2386 1618 2546 1678 enim
2577 1617 2722 1680 mihi
2747 1617 3035 1696 profuerit
3059 1617 3111 1678 si
3132 1617 3380 1699 capillos
3403 1636 3612 1679 nume-

1962 1705 2754 1787 raveris?Vis,inquit,etiam
2779 1706 3611 1789 mercedem?audi:Quisquis

1965 1794 2345 1856 conﬁtebitur
2366 1796 2428 1857 in
2451 1813 2568 1865 me.
2606 1803 2960 1874 agnoscetur
2982 1813 3179 1858 coram
3207 1798 3353 1859 Deo.
3386 1794 3452 1857 In
3486 1815 3604 1876 me,

1908 1881 1943 1930 Β
1969 1881 2135 1958 dicit,
2163 1883 2564 1960 conﬁtebitur,
2600 1885 2713 1947 hoc
2731 1892 2821 1949 est
2852 1904 2985 1947 meo
3018 1885 3313 1966 adjutorio
3344 1885 3607 1966 adjutus,

1972 1990 2029 2033 et
2064 1991 2195 2034 mea
2222 1973 2436 2035 virtute
2472 1996 2484 2032 :
2526 1974 2859 2037 conﬁtebor
2906 1974 3090 2053 igitur
3140 1983 3198 2036 et
3249 1993 3359 2055 ego
3390 1977 3451 2039 in
3483 1975 3607 2049 illo,

1968 2061 2081 2122 hoc
2109 2069 2196 2124 est
2227 2062 2340 2123 sub
2390 2064 2516 2143 ipso
2549 2082 2903 2144 cooperans.
2936 2062 3098 2145 Opus
3129 2067 3287 2126 enim
3322 2064 3609 2127 habemus

1968 2158 2025 2210 et
2053 2170 2159 2211 nos
2190 2150 2311 2213 Deo
2335 2151 2509 2224 duce,
2548 2153 2676 2213 sine
2699 2152 2980 2233 quonihil
3014 2172 3353 2233 possumus:
3375 2162 3433 2216 et
3454 2156 3610 2215 Deus

1964 2258 2200 2320 quoque
2230 2258 2379 2319 opus
2410 2240 2586 2302 habet
2620 2240 2816 2304 nobis.
2851 2241 2992 2303 368
3024 2241 3084 2305 Si
3114 2242 3275 2305 enim
3304 2261 3424 2304 non
3446 2242 3606 2305 inve-

1966 2330 2121 2391 nerit
2149 2330 2210 2389 in
2253 2328 2423 2391 nobis
2454 2348 2635 2409 opera
2680 2331 2881 2413 digna,
2915 2351 3112 2414 neque
3159 2350 3266 2394 nos
3294 2340 3558 2395 assumet
3590 2349 3607 2396 ε

1966 2417 2185 2497 alioqui
2242 2436 2632 2498 personarum
2693 2430 2973 2504 acceptor
3018 2429 3196 2484 esset.
3249 2422 3612 2485 Conﬁtemur

1967 2507 2149 2586 igitur
2173 2515 2230 2569 et
2265 2526 2373 2569 nos
2404 2508 2462 2569 in
2491 2509 2615 2586 illo,
2641 2510 2755 2571 hoc
2788 2520 2876 2573 est
2903 2511 2965 2573 in
2996 2512 3126 2591 ejus
3147 2512 3568 2593 cooperatione
3594 2534 3608 2577 :

1968 2605 2025 2658 et
2053 2597 2179 2677 ipse
2211 2597 2270 2657 in
2301 2596 2496 2668 nobis,
2533 2600 2645 2660 hoc
2680 2608 2768 2661 est
2810 2600 2873 2664 in
2923 2609 3123 2662 nostra
3169 2600 3611 2682 cooperatione.

1968 2686 2027 2746 Si
2057 2687 2216 2748 enim
2248 2705 2364 2747 non
2412 2687 2760 2751 dederimus
2792 2690 2847 2751 ei
2879 2691 3276 2765 occasionem,
3312 2707 3430 2752 non
3464 2710 3611 2752 con-

1970 2775 2230 2836 ﬁtebitur
2262 2794 2368 2856 pro
2400 2776 2591 2837 nobis.
2645 2776 2757 2849 Qui
2800 2786 2995 2841 autem
3037 2778 3358 2858 negaverit,
3393 2797 3514 2840 non
3551 2779 3613 2841 in

1967 2864 2181 2926 virtute
2213 2864 2319 2926 Dei
2352 2880 2562 2943 negat:
2600 2867 2733 2928 ideo
2765 2886 2885 2929 non
2933 2869 3199 2949 apponit,
3237 2866 3296 2928 in
3334 2887 3449 2943 me,
3481 2870 3617 2944 sed,

1969 2954 2065 3032 qui
2096 2954 2393 3033 negaverit
2425 2973 2543 3015 me.
2575 2955 2752 3032 ,Quid
2797 2965 2993 3017 autem
3038 2957 3089 3018 si
3136 2958 3311 3019 etiam
3355 2957 3527 3036 juxta
3554 2956 3615 3017 id

1968 3043 2122 3123 quod
2154 3043 2351 3103 omnis
2383 3051 2623 3105 sanctus
2654 3053 2854 3106 manet
2875 3045 2935 3107 in
2967 3044 3223 3119 Christo,
3260 3053 3319 3106 et
3347 3044 3616 3108 Christus

1968 3140 2167 3192 manet
2196 3132 2256 3192 in
2284 3150 2378 3205 eo,
2418 3132 2572 3195 istud
2600 3152 2839 3214 quoque
2874 3134 3094 3196 dictum
3127 3143 3248 3196 est:
3279 3160 3299 3191 ι
3331 3134 3615 3216 Quisquis

1966 3220 2348 3282 conﬁtebitur
2378 3220 2439 3282 in
2473 3241 2589 3297 me,
2626 3224 2737 3285 hoc
2766 3232 2856 3284 est
2896 3224 2955 3284 in
2988 3242 3084 3284 me
3115 3243 3386 3298 manens,
3421 3224 3611 3287 conﬁ-

1967 3310 2137 3370 tebor
2167 3312 2373 3392 utique
2402 3324 2458 3374 et
2484 3330 2593 3390 ego
2620 3312 2679 3372 in
2703 3312 2803 3373 illo
2822 3331 3071 3373 manens
3088 3314 3173 3375 54.
3202 3314 3276 3376 Et
3305 3314 3495 3375 omnis
3514 3314 3616 3395 qui

1966 3398 2178 3460 dixerit
2208 3418 2551 3463 sermonem
2600 3401 2661 3461 in
2698 3401 2913 3464 Filium
2966 3402 3250 3477 hominis,
3282 3404 3616 3466 remittetur

1967 3489 2082 3551 ei.»
2123 3491 2247 3551 Hoc
2272 3498 2382 3563 est,
2409 3494 2508 3571 qui
2542 3491 3042 3571 blasphemaverit
3070 3492 3131 3553 in
3156 3494 3388 3573 me,qui
3410 3492 3615 3554 videor

1970 3597 2151 3659 purus
2185 3578 2369 3642 Filius
2400 3579 2680 3655 hominis,
2717 3589 2773 3641 et
2803 3580 3077 3655 comedo,
3105 3589 3163 3642 et
3192 3580 3353 3655 bibo,
3391 3589 3448 3642 et
3477 3600 3612 3642 cum

1970 3666 2301 3748 publicanis
2324 3676 2387 3730 et
2406 3667 2621 3730 scortis
2642 3668 3109 3750 versor,veniam
3142 3669 3429 3751 consequi
3451 3678 3615 3750 pote-

1969 3757 2067 3837 rit,
2101 3756 2223 3818 sive
2256 3756 2759 3836 pasuituerit,‘sive
2785 3776 2924 3818 non.
2958 3759 3089 3821 Non
3113 3760 3269 3820 enim
3291 3761 3616 3839 imputatur

1967 3848 2020 3908 ei
2067 3856 2379 3929 peccatum
2415 3849 2614 3910 sinon
2670 3850 2897 3912 credat.
2951 3849 3102 3923 Quid
3149 3850 3308 3912 enim
3362 3849 3516 3911 vidit
3551 3858 3617 3913 ut

1968 3938 2175 3999 credat
2200 3937 2223 3999 ?
2248 3938 2337 3998 vel
2364 3938 2578 4018 potius,
2608 3939 2708 4019 qui
2732 3958 2849 4001 non
2882 3939 3029 4002 vidit
3057 3940 3319 4001 convicio
3340 3939 3617 4019 dignum?

1968 4024 2131 4087 Vidit
2172 4027 2477 4087 hominem
2538 4036 2874 4089 versantem
2929 4048 3065 4091 cum
3118 4029 3351 4109 scortis,
3389 4036 3447 4091 et
3476 4029 3615 4092 ideo

1968 4114 2337 4195 blasphemat
2369 4133 2505 4177 eum
2534 4137 2546 4179 :
2583 4133 2699 4178 non
2732 4117 2911 4195 igitur
2942 4117 3269 4198 imputatur
3296 4118 3352 4179 ei
3396 4136 3613 4198 pecca-

1966 4214 2110 4264 tum.
2151 4204 2485 4265 Verisimile
2525 4204 2687 4265 enim
2720 4208 2909 4269 visum
2942 4216 3031 4268 est
3075 4228 3090 4270 :
3136 4225 3269 4267 nam
3316 4207 3614 4286 quomodo

1963 4292 2147 4355 Filius
2174 4292 2302 4373 Dei,
2338 4293 2438 4373 qui
2470 4312 2604 4355 cum
2641 4297 2855 4356 scortis
2887 4294 3204 4357 versatur?
3235 4295 3617 4374 BlaSphemat
3704 4354 3705 4357 η

1962 4383 2143 4461 igitur
2161 4390 2219 4443 et
2252 4381 2634 4462 impostorem
2667 4393 2833 4445 vocat
2874 4404 3033 4458 eum,
3055 4385 3157 4465 qui
3186 4384 3271 4445 sic
3302 4401 3614 4447 conversa-

1968 4484 2084 4551 tur,
2115 4481 2172 4533 et
2216 4471 2529 4533 facientem
2576 4491 2640 4534 se
2690 4474 2901 4535 Filium
2954 4473 3086 4537 Dei.
3132 4473 3380 4547 Quando
3413 4480 3611 4536 autem

1967 4562 2098 4642 quis
2128 4561 2456 4621 convicium
2498 4562 2718 4625 dixerit
2752 4563 2811 4624 in
2845 4562 3128 4642 Spiritum
3166 4568 3467 4637 sanctum,
3494 4583 3613 4625 non

1967 4651 2303 4717 remittetur
2330 4652 2408 4713 ei.
2454 4652 2626 4724 Quod
2657 4671 2794 4714 vero
2827 4652 2996 4732 dicit,
3041 4653 3199 4715 hunc
3229 4670 3468 4714 sensum
3503 4653 3613 4715 ha-

1970 4740 2107 4802 bet:
2143 4740 2387 4813 Quando
2411 4741 2615 4802 videns
2644 4741 2845 4802 divina
2866 4743 3176 4822 miracula,
3213 4754 3271 4804 et
3301 4761 3614 4822 operama-

1967 4852 2079 4912 gna
2108 4841 2166 4895 et
2200 4831 2595 4912 praecellentia
2624 4832 2930 4907 discredit,
2968 4841 3026 4895 et
3057 4832 3455 4896 calumniatur
3485 4835 3617 4914 Spi-

1968 4925 2116 4985 ritus
2139 4922 2324 4984 sancti
2342 4922 2738 5000 operationes,
2765 4923 2895 4985 illas
2914 4923 3226 4987 Beelzebul
3258 4923 3610 5002 attribuens,

1968 5014 2018 5075 ls
2049 5013 2417 5092 blasphemat
2449 5020 2510 5073 et
2540 5013 2869 5074 convicium
2902 5013 3046 5074 dicit
3075 5013 3135 5074 in
3169 5012 3452 5094 Spiritum
3475 5032 3615 5075 san-

1967 5115 2159 5172 ctum;
2194 5110 2252 5161 et
2280 5100 2341 5160 in
2357 5099 2568 5180 spiritu
2589 5102 2845 5179 maligno
2877 5113 2933 5164 et
2961 5122 3079 5163 non
3106 5102 3306 5163 divino
3333 5102 3618 5164 miracula

1966 5194 2094 5255 ﬁeri
2128 5192 2355 5265 dicens,
2391 5190 2621 5251 veniam
2659 5211 2778 5252 non
2811 5200 3231 5273 consequetur,
3257 5201 3318 5255 et
3351 5210 3468 5253 non
3500 5195 3620 5253 erit

1965 5285 2277 5350 innocens,
2311 5281 2360 5341 si
2394 5298 2510 5339 non
2546 5280 2908 5359 ptenituerit.
2944 5280 3011 5342 Ei
3058 5280 3217 5343 enim
3269 5282 3369 5362 qui
3399 5279 3614 5343 Filium

1966 5370 2228 5435 hominis
2272 5369 2665 5449 blasphemat,
2720 5378 3029 5449 peccatum
3083 5389 3199 5431 non
3253 5374 3613 5451 imputatur:

1967 5463 2103 5524 ideo
2134 5461 2246 5522 etsi
2270 5478 2387 5521 non
2418 5469 2554 5540 agat
2576 5461 3254 5540 pcenitentiam,veniam
3277 5479 3618 5540 conseque-

1971 5562 2085 5616 tur.
2122 5550 2352 5613 Videnti
2382 5558 2580 5612 autem
2614 5550 2800 5613 divini
2822 5549 3094 5631 Spiritus
3122 5568 3330 5633 opera,
3364 5558 3423 5613 et
3451 5551 3617 5615 blas-
