4132 6278
446 329 565 397 883

446 478 776 563 phemanti,
808 480 1033 563 absque
1052 482 1397 563 poenitentia
1419 492 1724 564 peccatum
1753 503 1873 547 non
1895 485 2097 548 remit-
2119 478 2156 526 Α

446 569 652 631 ίοῑιιίῑ
689 578 1001 650 peccatum
1044 570 1203 633 enim
1244 571 1565 634 maximum
1619 573 1893 637 habetur.
1949 576 2092 638 Cum

452 664 648 720 autem
681 658 1037 721 adduxerint
1055 678 1161 721 vos
1177 660 1248 721 ad
1270 664 1642 738 magistratus
1663 672 1723 723 et
1753 674 2090 741 potestates.

447 752 561 810 etc.
596 747 744 820 Quia
772 749 1088 811 inﬁrmitas
1118 758 1319 811 nostra
1350 751 1568 832 duplex
1598 759 1709 827 est,
1744 762 1801 814 et
1828 756 1917 816 vel
1951 773 2092 835 pro-

446 842 580 916 pter
608 836 881 899 timorem
936 856 1240 917 poenarum
1294 839 1551 918 fugimus
1600 843 1967 924 martyrium,
2003 844 2091 905 vel

445 933 690 1005 propter
712 926 1171 1006 simplicitatem,
1201 946 1272 989 eo
1297 929 1452 1010 quod
1485 948 1600 991 non
1634 950 1947 1011 possumus
1963 932 2095 993 red-

446 1013 590 1075 dere
619 1014 909 1077 rationem
945 1026 1164 1079 nostra
1195 1018 1374 1080 ﬁdei:
1411 1021 1632 1080 sanavit
1677 1020 1914 1101 quidem
1959 1040 2090 1083 me-

445 1108 569 1163 tum
602 1103 703 1182 qui
740 1122 809 1166 ex
850 1105 1072 1186 pomis,
1106 1106 1245 1186 quia
1296 1107 1476 1170 dixit:
1524 1107 1608 1171 Ne
1645 1110 1898 1172 timeatis
1929 1129 2030 1173 eos
2060 1130 2092 1173 a

445 1189 665 1273 quibus
684 1193 1412 1276 occiditurcorpus.Sanat
1442 1216 1676 1280 quoque
1699 1219 1856 1261 nunc
1876 1212 2093 1263 metum

446 1280 547 1359 qui
566 1298 633 1341 ex
657 1281 1076 1362 simplicitate;
1111 1302 1245 1346 nam
1279 1287 1563 1365 quoniam
1597 1307 1713 1349 non
1748 1291 1912 1351 multi
1950 1295 2102 1369 sapi-

446 1375 617 1432 entes
664 1371 994 1433 secundum
1046 1391 1285 1435 carnem
1319 1375 1725 1457 crediderunt,
1760 1379 1862 1440 sed
1897 1381 2096 1460 plures

446 1456 583 1549 laici
610 1478 624 1518 :
656 1456 1007 1549 Netimeas,
1042 1460 1255 1543 inquit,
1287 1464 1387 1545 qui
1420 1466 1671 1545 simplex
1704 1456 1787 1540 es,
1828 1456 2091 1549 et'agre-

446 1546 555 1607 stis
585 1565 654 1608 ac
704 1547 909 1630 idiota,
956 1569 1147 1632 neque
1192 1551 1478 1614 sollicitus
1534 1555 1614 1615 sis
1662 1546 1977 1636 quomodo'
2008 1559 2095 1621 vel

446 1635 590 1717 quid
613 1637 983 1717 respondeas
1004 1647 1277 1722 tyranno,
1305 1659 1437 1704 cum
1463 1635 1856 1723 interrogatus
1886 1649 2090 1723 lueris,

445 1725 544 1818 vel
569 1725 714 1818 quid
730 1726 896 1789 dicas
923 1748 936 1788 :
969 1728 1130 1818 alius,
1149 1731 1546 1793 concionandi
1572 1734 1786 1796 modus
1808 1735 1943 1800 erit.
1967 1738 2095 1818 Spi-
2117 1768 2156 1817 Β

443 1812 777 1906 [itus-enim
810 1824 1048 1878 sanctus
1100 1816 1337 1880 docebit
1383 1838 1486 1881 vos
1537 1820 1598 1881 in
1649 1821 1747 1882 illa
1781 1823 1926 1885 hora
1965 1812 2095 1906 quae

444 1900 775 1994 loqui
819 1913 1137 1985 oporteat:
1186 1916 1362 1989 atque
1404 1910 1479 1970 ita
1526 1910 1667 1991 quid
1716 1910 1892 1974 fuerit
1945 1900 2093 1994 opus

444 1991 868 2082 sollicitudine,
901 1994 952 2057 si
984 1995 1224 2076 quidem
1253 1998 1311 2058 in
1338 1998 1437 2059 illa
1459 1998 1610 2060 hora
1639 2018 1673 2061 a
1703 1999 1927 2082 Spiritu
1958 1991 2095 2065 san-

444 2087 539 2171 cto
569 2081 879 2145 docendus
912 2083 1078 2147 eris?
1106 2084 1204 2148 Sic
1251 2086 1431 2166 igitur
1468 2097 1722 2171 utroque
1750 2081 1945 2153 imodo
1988 2112 2097 2155 nos

442 2170 519 2233 ad
553 2173 897 2253 martyrium
940 2174 1177 2235 instruit
1217 2193 1229 2237 :
1284 2184 1453 2238 sanat
1492 2170 1713 2239 metum
1745 2181 1844 2261 qui
1891 2190 1980 2244 est
2023 2201 2094 2246 ex

444 2261 743 2340 corporali
772 2262 1137 2339 inﬁrmitate,
1168 2271 1225 2325 et
1254 2265 1355 2344 qui
1387 2283 1455 2327 ex
1489 2267 1881 2347 simplicitate.

526 2351 708 2413 Vsus.
740 2350 942 2416 13-15.
981 2377 1007 2406 α
1038 2354 1138 2414 Ait
1163 2361 1358 2415 autem
1393 2355 1449 2417 ei
1490 2356 1728 2436 quidam
1760 2359 1835 2421 de
1874 2360 2043 2422 turba
2076 2383 2087 2421 :

444 2437 751 2516 Magister,
793 2439 892 2503 die
922 2440 1087 2502 fratri
1119 2459 1252 2503 meo
1286 2450 1347 2503 ut
1376 2443 1598 2505 dividat
1628 2465 1861 2508 mecum
1898 2450 2093 2511 haere-

445 2526 713 2592 ditatem.
749 2528 824 2590 At
854 2529 955 2593 ille
972 2529 1118 2591 dixit
1150 2529 1243 2593 ei:
1278 2530 1493 2612 Homo,
1525 2534 1654 2614 quis
1681 2555 1773 2595 me
1796 2539 2095 2600 constituit

439 2616 731 2707 judicem
761 2625 862 2707 aut
915 2618 1234 2681 divisorem
1298 2638 1480 2701 super
1518 2623 1666 2683 vos?
1717 2625 1991 2707 Dixitque
2022 2629 2096 2690 ad

446 2702 626 2793 illos:
665 2705 877 2768 Videte
910 2712 971 2770 et
1003 2718 1204 2770 cavete
1258 2708 1332 2770 ab
1378 2712 1638 2793 avaritia,
1692 2714 1827 2793 quia
1877 2702 1991 2777 non
2040 2720 2095 2779 in

443 2792 766 2887 abundatia
789 2798 1135 2880 cujusquam
1170 2800 1283 2861 vita
1313 2801 1443 2880 ejus
1476 2810 1563 2863 est
1589 2792 1656 2864 ex
1694 2792 1767 2866 iis
1797 2824 1925 2885 quae
1956 2826 2096 2887 pos-

443 2881 621 2947 sidet.
655 2904 684 2943 ι
720 2886 959 2949 Docens
1002 2906 1109 2948 nos
1150 2889 1439 2952 Dominus
1483 2892 1780 2971 quomodo
1815 2881 2099 2975 iopoi'teat

443 2980 832 3037 contemnere
864 2978 1237 3058 temporalia,
1266 2987 1326 3042 et
1356 2981 1511 3060 quod
1539 2999 1656 3042 non
1680 3000 1829 3063 opus
1850 2984 1926 3044 sit
1950 2986 2098 3048 mul-

444 3069 567 3124 tum
602 3065 880 3144 occupari
919 3066 976 3127 in
1012 3066 1289 3142 terrenis,
1344 3068 1584 3130 dimittit
1633 3088 1667 3131 a
1707 3090 1771 3132 se
1815 3091 1951 3134 eum
1998 3076 2093 3155 qui

441 3162 753 3244 vocaverat
782 3172 846 3215 se
872 3163 954 3244 ut,
964 3156 1289 3234 partiretur
1311 3158 1715 3221 hareditalem
1751 3170 2050 3241 paternam
2077 3186 2091 3244 ;

444 3240 577 3303 ideo
610 3251 668 3303 et
698 3242 844 3305 dicit
876 3262 890 3307 :
927 3243 1075 3317 Quis
1094 3265 1187 3307 me
1210 3248 1522 3311 constituit
1546 3240 1816 3327 judicem
1849 3252 1936 3312 vel
1955 3240 2155 3323 divi-oc

442 3347 639 3391 sorem
696 3348 882 3411 super
925 3334 1065 3395 vos?
1117 3333 1407 3407 Quoniam
1460 3338 1618 3397 enim
1665 3338 1766 3400 ille
1812 3340 2095 3403 omiserat

444 3426 647 3500 petere
672 3420 860 3501 utilia,
894 3431 951 3484 et
981 3423 1195 3485 anima:
1223 3424 1395 3485 saluti
1435 3428 1829 3501 conferentia,
1864 3429 1924 3490 in
1969 3440 2093 3492 ter-

443 3506 608 3569 renis
653 3519 711 3571 et
767 3511 1191 3591 temporalibus
1245 3513 1496 3592 negotiis
1553 3516 1851 3593 quaerebat
1899 3519 2091 3598 ipsum

444 3599 640 3661 facere
668 3598 986 3662 divisorem
1015 3622 1031 3662 :
1063 3602 1231 3681 cujus
1253 3604 1436 3683 gratia
1460 3605 1628 3684 quasi
1652 3606 2087 3688 obstreperum,

441 3695 502 3749 et
528 3686 677 3749 nihil
706 3706 777 3750 ex
797 3689 1041 3752 utilibus
1061 3690 1293 3753 discere
1311 3686 1897 3774 volentem,dimittit,
1915 3698 2093 3778 idque

441 3785 754 3839 mansuete
805 3784 865 3839 et
916 3798 1033 3840 non
1085 3789 1317 3842 austere
1372 3782 1612 3845 faciens.
1662 3786 1849 3847 Docet
1892 3797 2090 3849 autem

441 3864 686 3953 omnino
717 3885 824 3947 per
852 3867 963 3929 hoc
1012 3887 1225 3931 omnes
1255 3878 1313 3932 et
1344 3874 1440 3949 qui
1489 3878 1627 3933 tunc
1678 3882 1733 3935 et
1782 3876 1879 3953 qui
1931 3896 2091 3940 nunc

439 3952 711 4030 audiunt,
739 3956 939 4017 omnia
968 3958 1205 4039 quidem
1241 3967 1483 4023 terrena
1512 3952 1889 4043 negligenda,
1924 3975 1981 4027 et
2012 3967 2089 4028 ob

438 4043 790 4124 temporalia
822 4048 1057 4126 negotia
1101 4067 1216 4109 non
1260 4051 1743 4115 contendendum
1783 4073 1916 4115 cum
1965 4056 2084 4118 fra-

438 4130 654 4210 tribus,
686 4133 1019 4198 cedendum
1041 4144 1238 4201 autem
1269 4138 1454 4218 magis
1476 4139 1615 4216 illis,
1649 4141 1879 4204 etiamsi
1902 4144 2091 4207 velint

435 4222 596 4287 avari
628 4241 788 4287 esse.
819 4224 908 4287 Ab
942 4245 1012 4287 eo
1046 4226 1231 4303 enim,
1266 4228 1481 4311 inquit,
1513 4231 1617 4311 qui
1646 4231 1837 4295 aufert
1869 4240 1986 4309 tua,
2013 4254 2089 4296 ne

438 4319 699 4394 repetas.
736 4314 1065 4387 Quaerenda
1097 4316 1279 4395 igitur
1306 4337 1676 4401 quicunque
1704 4321 1870 4384 utilia
1891 4330 1949 4385 et
1980 4342 2089 4385 ne-

439 4402 705 4466 cessaria
738 4412 876 4467 sunt
906 4405 978 4465 ad
1012 4405 1264 4470 salutem
1290 4408 1504 4470 anima:
1531 4432 1547 4481 ;
1578 4409 1711 4471 ideo
1743 4419 1804 4472 et
1827 4412 2090 4474 subdidit

436 4491 689 4582 dicens:
723 4494 933 4557 Videte
967 4504 1025 4556 et
1075 4496 1367 4559 custodite
1411 4516 1510 4558 vos
1538 4497 1611 4559 ab
1663 4500 1924 4582 avaritia,
1960 4512 2027 4564 ut
2056 4522 2087 4563 a

436 4580 732 4646 diabolica
762 4585 1014 4665 quadam
1048 4585 1217 4647 fovea
1244 4585 1528 4648 admonet
1550 4605 1662 4650 nos
1682 4596 1742 4650 ut
1773 4580 2086 4670 fugiamus,

433 4670 527 4734 Ad
558 4690 709 4752 quos
737 4680 935 4734 autem
964 4673 1150 4737 dixit:
1188 4673 1398 4737 Videte
1446 4683 1502 4736 et
1546 4678 1836 4739 custodite
1878 4698 1979 4740 vos
2016 4680 2089 4743 ab

434 4760 723 4823 avaritia?
751 4761 844 4825 Ad
878 4761 1028 4824 duos
1050 4762 1185 4826 illos
1218 4764 1452 4845 fratres,
1489 4766 1768 4843 quoniam
1802 4768 1874 4829 de
1905 4768 2091 4832 haere-

436 4850 623 4913 ditate
654 4850 741 4912 illi
790 4852 1253 4915 contendebant.
1308 4851 1649 4917 Verisimile
1689 4866 1883 4918 autem
1936 4868 2083 4932 erat,

434 4958 621 5002 unum
655 4958 723 5002 ex
754 4939 872 5003 illis
901 4940 1131 5004 duobus
1160 4942 1409 5005 alterum
1460 4943 1675 5023 injuria
1704 4946 1996 5021 aﬂ‘ecisse,
2034 4958 2091 5011 et

434 5036 755 5113 propterea
784 5031 859 5093 de
890 5032 1135 5093 avaritia
1181 5052 1312 5093 cum
1357 5032 1474 5094 illis
1504 5032 1782 5113 loquitur.
1818 5033 2086 5116 Magnum

433 5119 595 5182 enim
624 5119 736 5182 hoc
766 5119 986 5182 malum
1017 5142 1030 5183 :
1065 5120 1290 5183 idcirco
1330 5130 1386 5183 et
1439 5121 1651 5184 Paulus
1682 5123 2077 5189 idololatriam

434 5203 625 5281 ipsam
659 5208 870 5263 vocat:
914 5200 1067 5264 forte
1119 5203 1276 5283 quod
1326 5202 1397 5263 ad
1432 5202 1591 5263 solos
1635 5205 1930 5282 pertineat
1986 5209 2086 5288 qui

431 5290 623 5353 Deum
654 5289 928 5371 ignorant
964 5312 977 5355 :
1013 5291 1125 5367 vel,
1159 5291 1219 5353 id
1272 5291 1427 5372 quod
1469 5291 1645 5352 etiam
1699 5294 1915 5368 verius,
1950 5296 2088 5377 quia

433 5380 593 5443 idola
621 5381 913 5460 gentium,
942 5390 1252 5460 argentum
1275 5390 1331 5443 et
1361 5398 1594 5443 aurum.
1634 5381 1813 5461 Igitur
1833 5384 1929 5464 qui
1952 5385 2091 5449 colit

432 5480 745 5551 argentum
779 5480 836 5533 et
864 5490 1102 5553 aurum,
1133 5472 1346 5535 similis
1388 5481 1479 5535 est
1511 5471 1803 5534 idolorum
1839 5474 2086 5538 cultori-

430 5560 567 5624 bus.
599 5560 886 5624 Eamdem
921 5561 1079 5624 enim
1129 5562 1436 5624 materiam
1490 5561 1740 5623 adorant
1768 5571 1824 5624 et
1855 5566 2088 5645 ample-

430 5657 645 5715 xantur
660 5650 1527 5734 uterque.Supervaeuaitaque
1556 5649 2093 5730 fugienda.Quare?

1410 336 2002 402 THEOPHYLACTI
2046 331 2456 399 BULGARIE
2500 340 2855 402 ARCHIEP.

2111 4551 2155 4601 D

3739 338 3845 433 ss,

2183 470 2410 548 μεγίστη
2472 470 2869 550 λογισθήσεται.
2931 463 3105 532 ’Ὀταν
3156 472 3211 530 δι
3268 475 3660 555 προσφέρουσιν
3726 476 3855 549 ὑμᾶς

2181 558 2264 614 ἐπὶ
2319 561 2412 624 τὰς
2471 561 2643 641 ἀρχὰς
2717 563 2807 619 καὶ
2877 564 2970 625 τὰς
3055 561 3312 643 ἔξουσίας,
3386 567 3474 621 καὶ
3559 565 3639 620 τὰ
3711 563 3857 628 ἒξής.

2182 646 2398 715 Ἐπειδὴ
2454 651 2487 717 ἡ
2543 650 2783 707 ἀσθένεια
2840 652 2996 725 ἡμῶν
3082 650 3258 733 διττὴ,
3320 656 3404 709 καὶ
3455 654 3492 721 ἢ
3535 652 3635 709 διὰ
3703 650 3861 730 φόϐον

2177 735 2448 794 κολάσεων
2515 739 2885 819 ἀποφεύγομεν
2939 744 2999 797 τὸ
3071 742 3381 820 μαρτύριον,
3441 743 3478 809 ἢ
3537 741 3616 797 δι’
3664 742 3866 819 ἀγροι-

2176 826 2315 901 κίαν,
2376 828 2462 883 καὶ
2516 830 2577 884 τὸ
2620 830 2698 903 μὴ
2740 826 2983 885 δύνασθαι
3036 826 3212 887 δοῦναι
3247 829 3407 906 λόγον
3450 836 3551 897 τῆς
3600 830 3668 886 ἓν
3724 832 3873 904 ἡμῖν

2179 914 2402 977 πίστεως
2437 936 2450 951 ο
2511 916 2695 974 ἰάσατο
2739 918 2837 992 μὲν
2882 920 2973 974 τὸν
3018 917 3104 974 ἐπὶ
3169 933 3291 981 ταῖς
3352 917 3605 975 κολάσεσι
3691 916 3873 997 φόϐοιο

2175 1001 2259 1058 διὰ
2315 1011 2407 1061 τοῦ
2463 1006 2659 1079 εἰπεῖν,
2723 1007 2810 1073 Μὴ
2868 1006 3136 1087 φοϐηθῆτε
3198 1006 3302 1063 ἀπὸ
3358 1014 3460 1063 τῶν
3491 1008 3878 1064 ἀποκτεινόν-

2176 1113 2280 1146 των
2333 1094 2394 1148 τὸ
2438 1101 2617 1170 σῶμα,
2678 1097 2823 1152 ἰᾶται
2868 1094 2923 1151 δὲ
2982 1099 3069 1152 νῦν
3120 1098 3209 1152 καὶ
3267 1098 3356 1152 τὸν
3409 1097 3492 1153 ἐπὶ
3546 1103 3621 1172 τῇ
3658 1098 3879 1174 ἀγροι-

2181 1180 2290 1251 κίᾳ.
2342 1180 2493 1239 Ἐπεὶ
2562 1184 2661 1263 γὰρ
2719 1186 2778 1240 οὑ
2848 1183 3038 1241 πολλοὶ
3097 1186 3246 1265 σοφοὶ
3303 1188 3438 1241 κατὰ
3496 1186 3685 1264 σάρκα
3738 1186 3882 1240 ἐπί-

2180 1290 2425 1350 στευσαν,
2485 1270 2604 1327 ἀλλ’
2650 1275 2696 1329 οἱ
2743 1272 2955 1338 πλείους
2986 1272 3212 1347 ἰδιῶται,
3263 1277 3349 1340 Μὴ
3380 1272 3569 1354 φοϐεῦ,
3607 1276 3789 1353 φησὶ,
3850 1276 3881 1329 ὃ

2181 1358 2425 1437 ἄγροικος
2479 1362 2567 1417 καὶ
2625 1359 2865 1436 ἰδιώτης,
2968 1360 3105 1437 μηδὲ
3162 1366 3390 1441 μερίμνα
3465 1369 3585 1426 πῶς
3681 1364 3727 1430 ἢ
3826 1368 3885 1417 τί

2180 1446 2498 1526 ἀπολογήσῃ
2553 1453 2630 1523 τῷ
2686 1451 2919 1529 τυράννῳ
3000 1450 3344 1531 ἐρωτώμενος
3403 1452 3438 1519 ἢ
3488 1454 3541 1506 τί
3616 1452 3811 1529 εἴπῃς
3862 1469 3878 1479 ⁸

2182 1534 2343 1594 ἄλλον
2398 1539 2595 1615 τρόπον
2652 1537 2979 1619 δημηγορῶν
3016 1558 3029 1573 ⁸
3092 1542 3153 1597 τὸ
3240 1543 3338 1618 γὰρ
3394 1540 3549 1618 ἅγιον
3630 1544 3883 1614 [Ῑνεῦμι

2179 1623 2366 1691 διδάξει
2410 1629 2547 1703 ὑμᾶς
2607 1628 2661 1684 ἐν
2707 1633 2839 1706 αὐτῇ
2888 1634 2955 1705 τῇ
3004 1629 3138 1709 ὥρᾳ,
3202 1628 3234 1685 ἂ
3275 1628 3359 1686 δεῖ
3390 1632 3590 1691 εἰπεῖν,
3628 1629 3881 1715 future,

2178 1714 2256 1776 τίς
2327 1717 2483 1795 χρεία
2542 1724 2636 1774 τοῦ
2690 1718 3000 1797 φροντίζειν,
3063 1718 3179 1797 εἴγε
3250 1718 3305 1773 ἐν
3387 1720 3519 1793 αὖτῂ
3597 1726 3667 1794 τῇ
3757 1719 3887 1797 ὥρᾳ

2178 1801 2393 1878 μέλλεις
2474 1806 2575 1862 ὑπὸ
2658 1814 2750 1862 τοῦ
2820 1807 3127 1881 Πνεύματος
3212 1804 3601 1877 διδάσκεσθαιε,
3682 1809 3881 1867 οὕτως

2178 1894 2267 1948 οὖν
2316 1892 2686 1974 ἀμφοτέρωθεν
2744 1896 2816 1959 εἰς
2878 1898 2938 1952 τὸ
3001 1896 3283 1976 μαρτύριον
3332 1898 3477 1972 ἡμᾶς
3535 1894 3882 1976 ἐπαλείφει,

2178 1980 2266 2037 τόν
2309 2002 2367 2037 τε
2412 1982 2499 2039 ἐπὶ
2542 1990 2610 2060 τῇ
2655 1990 2939 2060 σωματικῇ
2983 1985 3222 2058 ἀσθενείᾳ
3264 1983 3449 2063 φόϐον,
3507 1986 3605 2040 τόν
3652 2007 3722 2040 τε
3789 1986 3882 2041 ἐπὶ

2179 2076 2247 2148 τῇ
2283 2071 2526 2151 ἀγροικίᾳ
2552 2074 2801 2149 ἰώμενος.

2264 2361 2291 2393 α
2330 2340 2469 2397 Elite
2500 2338 2556 2396 δέ
2584 2362 2665 2405 τις
2694 2342 2838 2415 αῦτῴ
2870 2343 2932 2397 ἔκ
2964 2341 3059 2397 τοῦ
3094 2339 3263 2420 ὄχλου
3294 2359 3311 2377 °
3366 2339 3699 2417 Διδάσκαλε,
3742 2345 3875 2399 εἰπὲ

2178 2434 2254 2501 τῷ
2282 2426 2492 2510 ἀδελφῷ
2553 2451 2654 2505 μου
2714 2431 3023 2510 μερίσασθαι
3090 2431 3209 2506 μετ’
3244 2431 3373 2506 ἐμοῦ
3431 2432 3529 2497 τὴν
3560 2430 3869 2509 κληρονο-

2178 2520 2325 2592 μίαν,
2365 2509 2421 2577 Ὀ
2453 2517 2507 2574 δὲ
2534 2520 2689 2576 εἶπεν
2721 2509 2863 2595 αὐτῷ
2894 2538 2909 2555 ⁸
2943 2519 3268 2598 ”Λνθρωπε,
3302 2522 3377 2583 τίς
3412 2541 3476 2594 με
3529 2521 3865 2589 κατέστησε

2182 2606 2435 2689 δικαστὴν
2493 2608 2529 2677 ἢ
2584 2610 2838 2689 μεριστὴν
2909 2607 2991 2688 ἐφ’
3048 2611 3236 2685 ὑμᾶς;
3287 2610 3423 2666 Εἶπε
3455 2608 3509 2665 δὲ
3569 2612 3719 2689 πρὸς
3752 2616 3866 2669 αὖ·

2182 2697 2303 2759 τούς
2340 2717 2354 2731 °
2419 2687 2605 2776 Ὀρᾶτε
2656 2687 2744 2754 καὶ
2796 2687 3119 2779 φυλάσσεσθε
3176 2700 3280 2755 ἀπὸ
3342 2704 3440 2765 τῆς
3494 2687 3859 2775 πλεονεξίας,

2182 2786 2260 2841 ὅτι
2304 2789 2400 2843 οὒκ
2442 2786 2494 2842 ἐν
2552 2794 2628 2861 τῷ
2686 2788 3014 2865 περισσεύειν
3069 2790 3169 2843 τινὶ
3221 2790 3255 2855 ἡ
3313 2788 3424 2860 ζωὴ
3473 2789 3638 2844 αὖτοῦ
3704 2788 3862 2845 ἐστιν

2181 2876 2239 2930 ἐκ
2269 2882 2371 2932 τῶν
2406 2876 2756 2955 ὑπαρχόντων
2790 2878 2952 2950 αὐτῷ,
2993 2900 3018 2931 ι
3074 2874 3346 2932 Διδάσκων
3378 2880 3521 2951 ἡμᾶς
3555 2878 3582 2932 ὁ
3617 2879 3856 2957 Κύριος,

2181 2971 2294 3028 πῶς
2342 2962 2395 3019 δὲ
2455 2977 2810 3044 καταφρονεῖν
2853 2972 2959 3021 τῶν
3018 2967 3311 3042 βιωτικῶν,
3377 2967 3462 3021 καὶ
3506 2964 3590 3020 ὅτι
3637 2971 3706 3026 οὗ
3765 2967 3859 3023 δεῖ

2182 3056 2528 3131 περισπᾶσθαι
2582 3056 2700 3132 περὶ
2760 3055 2824 3109 τὰ
2869 3056 3057 3132 γήϊνα,
3107 3055 3483 3130 ἀποπέμπεται
3526 3057 3620 3111 τὸν
3667 3079 3855 3135 προσ-

2180 3141 2502 3217 καλούμενον
2562 3143 2719 3198 αύτὸν
2769 3144 2841 3206 εἰς
2915 3146 2976 3199 τὸ
3049 3145 3359 3223 μερίσασθαι
3408 3144 3507 3211 τὴν
3581 3148 3851 3223 πατρῴαν

2178 3230 2555 3309 κληρονομὶαν.
2620 3234 2711 3287 Διὸ
2754 3233 2841 3287 καὶ
2884 3254 3015 3311 φησι
3050 3249 3063 3262 ⁸
3110 3234 3197 3297 Τίς
3251 3254 3316 3308 με
3349 3233 3647 3299 κατέστησε
3685 3233 3852 3290 δικα-

2180 3318 2310 3385 στὴν
2380 3319 2416 3386 ἢ
2489 3320 2747 3398 μεριστὴν
2806 3319 2889 3399 ἐφ’
2937 3326 3127 3395 ὑμᾶςς
3188 3319 3409 3388 Ἐπειδὴ
3468 3321 3569 3400 γὰρ
3598 3324 3848 3397 ὶκεῖνος,

2178 3406 2487 3463 καταλιπὼν
2546 3408 2713 3464 αἰτεῖν
2791 3411 2855 3465 τὰ
2945 3412 3193 3489 χρήσιμα
3248 3412 3337 3467 καὶ
3407 3412 3539 3488 πρὸς
3594 3414 3849 3490 ψυχικὴν

2180 3498 2443 3577 σωτηρίαν
2488 3498 2846 3578 συμφέροντα,
2904 3501 3022 3578 περὶ
3083 3502 3291 3577 γηίνων
3354 3501 3443 3556 καὶ
3500 3502 3845 3579 προσκαίρων

2177 3583 2505 3664 πραγμάτων
2550 3588 2804 3664 μεριστὴν
2863 3587 3021 3643 αὐτὸν
3092 3588 3333 3667 γενέσθαι
3390 3589 3599 3665 ᾐτεῖτο,
3648 3592 3844 3648 τούτου

2178 3678 2335 3757 χάριν
2390 3680 2464 3741 ὡς
2537 3676 2776 3757 ὀχληρὸν
2833 3680 2919 3734 καὶ
2968 3676 3117 3736 οὗδὲν
3175 3678 3422 3735 ἐθέλοντα
3478 3682 3670 3753 μαθεῖν
3736 3689 3845 3737 τῶν

2177 3767 2398 3823 δεόντων
2457 3766 2860 3842 ἀποπέμπεται,
2913 3770 3000 3823 καὶ
3063 3768 3213 3824 τοῦτο
3272 3768 3453 3845 πράως
3510 3775 3683 3824 ποιων
3754 3773 3843 3824 καὶ

2176 3860 2271 3915 οῦκ
2327 3855 2747 3923 ἐπιπληκτικῶς.
2836 3857 3006 3913 Πείθει
3079 3855 3135 3913 δὲ
3223 3858 3436 3921 πάντως
3511 3856 3599 3914 διὰ
3648 3861 3843 3916 τούτω

2174 3948 2375 4010 πάντας
2420 3948 2541 4009 τοὺς
2599 3947 2685 4003 καὶ
2740 3946 2861 4002 τότε
2910 3949 2999 4002 καὶ
3043 3955 3131 4003 νῦν
3176 3947 3469 4012 ἀκούοντας
3500 3950 3699 4012 παντὸς
3733 3949 3839 4023 μὲν

2174 4036 2397 4110 ἀμελεῖν
2474 4038 2794 4115 προσκαίρου
2872 4038 2957 4092 καὶ
3043 4038 3238 4114 γηίνου
3318 4038 3661 4114 πράγματος,
3759 4041 3842 4113 μὴ

2174 4125 2599 4205 φιλονεικοῦντας
2658 4122 2936 4206 ἀδελφοῖς,
2981 4125 3227 4187 εἴκοντας
3276 4123 3332 4180 δὲ
3387 4124 3590 4201 μᾶλλον
3622 4131 3839 4206 αὐτοῖς,

2172 4216 2270 4273 κᾶν
2327 4213 2627 4293 βοάλωνται
2683 4213 3053 4276 πλεονεκτεῖν.
3118 4214 3253 4271 Ἀπὸ
3283 4217 3382 4294 γὰρ
3426 4223 3517 4271 τοῦ
3556 4216 3837 4294 αἴροντος,

2173 4306 2330 4387 φησὶ,
2390 4306 2454 4360 τὰ
2513 4305 2580 4361 σὰ
2632 4305 2708 4379 μὴ
2764 4304 3006 4379 ἀπαίτει,
3066 4312 3353 4375 ζητοῦντας
3414 4304 3510 4361 ὅσα
3570 4306 3669 4383 πέρ
3722 4307 3838 4362 ἐστι

2176 4398 2423 4476 χρήσιμα
2480 4395 2568 4449 καὶ
2624 4393 2894 4476 ἀναγκαῖα
2963 4396 3095 4472 πρὸς
3146 4396 3412 4472 σωτηρίαν
3469 4396 3683 4473 ψυχῆς.
3741 4397 3840 4451 Διὸ

2317 4484 2557 4562 ἐπήγαγε
2588 4480 2757 4561 λέγων
2792 4497 2806 4512 ⁶
2846 4473 3033 4562 Ὀρᾶτε
3076 4484 3163 4540 καὶ
3208 4483 3533 4563 φυλάσσεσθε
3578 4484 3687 4539 ἀπὸ
3736 4490 3839 4551 τῆς

2174 4571 2498 4646 πλεονεξίας,
2560 4574 2633 4635 ὡς
2713 4572 2894 4651 βόθρον
2968 4574 3085 4629 τινα
3177 4570 3481 4629 διαϐολικὸν
3559 4580 3842 4648 παραινῶν

2172 4668 2307 4739 ἡμῖν
2365 4663 2562 4729 ταύτην
2605 4660 2946 4741 ἀποφεύγειν.
2997 4663 3132 4736 Πρὸς
3176 4663 3322 4726 τίνας
3366 4660 3420 4717 δὲ
3478 4665 3631 4719 τοῦτο
3680 4667 3833 4734 εἷπε,

2177 4747 2361 4829 Ὀρᾶτε
2416 4752 2505 4808 καὶ
2560 4748 2887 4831 φυλάσσεσθε
2942 4750 3048 4807 ἀπὸ
3116 4756 3215 4818 τῆς
3272 4750 3631 4832 πλεονεξίας,
3697 4755 3839 4830 Πρὸς

2173 4846 2293 4907 τοὺς
2337 4842 2426 4898 δύο
2484 4841 2698 4903 τούτους
2769 4837 3023 4920 ἀδελφούς
3059 4860 3074 4876 ο
3138 4841 3251 4897 ἐπεὶ
3293 4843 3392 4919 γὰρ
3452 4843 3570 4919 περὶ
3628 4839 3835 4919 κληροο

2172 4935 2358 5009 νομέας
2416 4929 2481 4997 ἦν
2535 4933 2716 4992 αὐτοῖς
2746 4930 2780 4996 ἡ
2828 4927 3142 5008 ἀμφιϐολία,
3206 4931 3341 4991 εἰκὸς
3404 4928 3458 4984 δὲ
3513 4930 3579 4996 ἦν
3611 4931 3719 4983 τῶν
3748 4929 3839 4985 δύο

2171 5024 2369 5081 τούτων
2426 5021 2518 5077 τὸν
2560 5018 2652 5074 ἕνα
2698 5015 2902 5074 ἀδικεῖν
2955 5021 3044 5074 τὸν
3090 5018 3292 5099 ἕτερον,
3348 5017 3432 5073 διὰ
3500 5025 3655 5075 τοῦτο
3718 5022 3839 5097 περὶ

2171 5109 2474 5177 πλεονεξίας
2526 5110 2708 5171 αὐτοῖς
2766 5105 3090 5185 διαλέγεται.
3160 5109 3309 5186 Μέγα
3369 5109 3469 5186 γὰρ
3512 5115 3666 5164 τοῦτο
3726 5131 3828 5164 κα-

2170 5205 2262 5260 κόν
2296 5218 2310 5232 ⁸
2368 5200 2447 5255 διὸ
2506 5198 2592 5254 καὶ
2647 5196 2876 5271 Παῦλος,
2952 5196 3382 5276 εἰδωλολατρείαν
3439 5204 3596 5252 τοῦτο
3640 5196 3830 5272 καλεῖ,

2172 5295 2317 5372 τάχα
2372 5292 2443 5355 ὼς
2489 5287 2670 5363 μόνοις
2701 5286 2903 5363 πρέπον
2957 5300 3076 5350 τοῖς
3108 5288 3186 5363 μὴ
3216 5285 3375 5343 εἰδόσι
3410 5288 3542 5342 Θεὸν
3580 5305 3593 5317 '
3632 5287 3666 5353 ἢ
3698 5287 3836 5366 ὅπερ

2171 5386 2259 5440 καὶ
2314 5377 2687 5456 ἀληθέστερον,
2735 5378 2851 5432 επεὶ
2908 5378 2972 5432 τὰ
3015 5375 3215 5433 εἴδωλα
3272 5378 3379 5433 τῶν
3442 5377 3630 5457 ἐθνῶν,
3662 5378 3836 5456 ἀργύ-

2173 5497 2283 5552 ριον
2339 5471 2428 5528 καὶ
2482 5466 2722 5548 χρυσίον,
2767 5465 2992 5542 ’Ὀμοιος
3050 5481 3167 5531 τοῖς
3230 5465 3639 5545 εἰδωλολάτραις
3688 5470 3714 5522 ὁ
3746 5490 3835 5523 τι-

2173 5572 2289 5643 μῶν
2338 5562 2399 5619 τὸ
2450 5557 2696 5638 ἀργύριον
2765 5558 2852 5612 καὶ
2902 5558 2962 5613 τὸ
3023 5557 3247 5636 χρυσίον
3285 5574 3299 5588 ⁸
3359 5557 3461 5623 τὴν
3506 5557 3607 5633 γὰρ
3667 5558 3837 5625 αότὴν

2173 5656 2305 5723 ὅλην
2358 5645 2704 5731 προσκυνοῦσι
2776 5649 2862 5703 καὶ
2932 5647 3280 5727 περιέπουσιν
3347 5646 3669 5726 ἀμφότεροι.
3736 5657 3835 5705 Δεῖ
