4132 6298
309 425 426 488 885

1046 428 1490 491 ENARRATIO
1531 426 1614 488 IN
1659 423 2166 490 EVANGELIUM
2211 420 2453 485 LUCE.
2500 452 2575 468 —
2619 422 2781 484 CAP.
2832 416 2968 483 XII.

3570 406 3686 478 886

309 561 403 618 οὖν
469 561 685 640 φεύγειν
754 562 815 618 τὸ
872 562 1138 640 περιττόν.
1216 562 1416 636 Διατί;
1468 560 1612 618 Διότι
1669 559 1762 617 οὐκ
1788 560 1845 617 ἓν
1892 560 1969 631 τῷ

2054 567 2197 641 Quia
2225 586 2343 630 non
2388 568 2448 629 in
2494 566 2817 630 abundanti
2857 564 3111 646 quodam
3141 562 3255 625 vita
3290 562 3406 626 illis
3437 570 3526 624 est
3559 581 3573 621 :
3627 559 3689 622 id

311 651 644 727 περισσεύειν
688 652 788 708 τινὶ
844 652 876 718 ἡ
922 654 1034 722 ζωὴ
1098 652 1255 707 αὐτοῦ
1330 650 1466 723 ἔστι,
1543 648 1837 721 τουτέστιν,
1910 651 1970 706 οὒ

305 739 703 797 σδνεκτείνεται
756 742 815 796 τὸ
859 741 953 807 τῆς
1012 742 1156 811 ζωῆς
1208 740 1399 817 μέτρον
1429 746 1497 816 τῇ
1527 739 1800 819 περιουσίᾳ
1834 756 1845 769 ·
1910 741 1969 795 οὗ

307 830 411 906 γὰρ
473 828 536 897 δὴ
584 833 610 885 6
644 828 789 910 ἔχων
835 828 1031 908 πολλὰ,
1091 828 1193 896 ἤδη
1244 852 1346 885 που
1388 831 1475 885 καὶ
1521 828 1572 891 ἐς
1632 830 1835 905 μακρὸν
1864 828 1964 897 ζή-

305 940 475 993 σεται,
516 916 631 975 οὗδὲ
690 919 973 977 ἀκολουθεῖ
1016 926 1094 993 τῷ
1136 917 1327 988 πλήθει
1384 926 1476 975 τοῦ
1507 917 1733 975 πλούτου
1761 919 1795 985 ἡ
1853 938 1962 990 μα-

305 1010 567 1085 κροζωλία.
626 1016 791 1066 Τοῦτο
851 1007 904 1064 δὲ
965 1008 1108 1085 λέγει
1170 1010 1197 1064 6
1245 1009 1452 1083 Κύριος,
1502 1006 1807 1085 ἀνατρέπων
1841 1007 1963 1069 τοὺς

306 1102 415 1151 τῶν
475 1095 849 1154 πιλοπλούτων
907 1095 1197 1174 λογισμούς
1232 1111 1245 1126 ⁸
1311 1094 1495 1163 ἐπειδὴ
1552 1097 1652 1173 γὰρ
1695 1098 1741 1150 οἱ
1804 1093 1955 1174 φιλό-

312 1184 532 1241 πλουτοι
591 1182 833 1242 δοκοῦσιν
888 1188 960 1250 ὡς
1020 1184 1271 1264 φιλόζωοι
1298 1185 1544 1263 περιέπεν
1573 1187 1664 1241 τὸν
1707 1182 1958 1259 πλοῦτον,

309 1275 399 1331 καὶ
457 1276 529 1337 ὡς
590 1274 675 1331 ἐπὶ
733 1276 935 1352 μακρὸν
1022 1274 1305 1349 μέλλοντες
1379 1274 1685 1352 βιώσεσθαι,
1759 1295 1962 1329 παντα-

311 1365 473 1443 χόθεν
531 1365 804 1445 συνάγειν,
864 1365 1021 1445 φησίν
1059 1384 1071 1397 ·
1121 1362 1324 1420 ’¹Αθλιε
1380 1365 1467 1419 καὶ
1517 1363 1839 1439 ταλαίπωρε,
1889 1364 1965 1438 μὴ

311 1454 412 1531 γὰρ
471 1453 530 1508 ἐκ
585 1456 677 1509 τοῦ
728 1453 899 1533 ἔχειν,
960 1451 1136 1510 πολλὰ
1190 1452 1613 1531 προσγενήγεταί
1655 1473 1736 1507 σοι
1792 1453 1966 1507 καὶτὸ

309 1540 651 1618 μακρόϐιον,
714 1543 763 1597 τί
814 1542 987 1598 τοίνυν
1067 1543 1399 1604 κακοπαθεῖς
1484 1539 1765 1620 προδήλως
1835 1542 1965 1611 ὑπὲρ

306 1632 405 1695 τῆς
467 1629 668 1700 ἀδήλου
730 1631 1125 1702 ἀναπαύσεωςς
1188 1629 1438 1697 ’Ἄδηλον
1499 1631 1597 1705 μὲν
1650 1631 1773 1710 γὰρ,
1849 1629 1966 1708 εἴγε

313 1720 528 1798 φθάσεις
561 1722 634 1785 εἰς
692 1725 885 1799 γῆρας,
948 1723 1009 1776 οὗ
1058 1718 1238 1776 εἵνεκα
1286 1722 1638 1799 θησαυρίζεις.
1698 1718 1966 1799 Πρόδηλον

2050 667 2161 731 est,
2197 657 2333 721 vitae
2357 676 2636 719 mensura
2665 675 2784 716 non
2812 654 2991 717 simul
3026 652 3359 715 extenditur
3387 669 3521 713 cum
3565 651 3692 730 ipsa

2048 745 2432 819 abundantia,
2454 764 2645 826 neque
2663 746 2819 806 enim
2848 743 2947 821 qui
2972 742 3153 802 multa
3177 738 3693 821 possidet,diutius

2048 834 2231 895 vivit:
2270 853 2462 915 neque
2510 833 2823 894 comitatur
2867 832 3201 893 divitiarum
3251 829 3690 891 multitudinem

2047 922 2176 983 vitae
2204 923 2564 1001 longaivitas.
2610 922 2734 984 Hoc
2764 931 2960 983 autem
2994 920 3138 981 dicit
3164 920 3450 981 Dominus
3484 918 3696 980 confu-

2048 1020 2176 1072 tans
2194 1012 2580 1090 cogitationes
2602 1014 2923 1073 amantium
2956 1007 3508 1080 divitias.Quoniam
3534 1006 3691 1067 enim

2047 1100 2387 1161 divitiarum
2420 1110 2712 1161 amatores
2747 1098 3088 1161 existimant
3129 1097 3287 1178 quod
3321 1099 3503 1157 multo
3538 1105 3693 1158 tem-

2046 1207 2191 1268 pore
2221 1188 2454 1250 divitias
2486 1187 2818 1269 possessuri
2855 1187 2995 1256 sint,
3032 1195 3090 1247 et
3129 1185 3297 1267 quasi
3328 1184 3430 1245 diu
3458 1183 3692 1263 victuri,

2047 1278 2443 1358 undequaque
2472 1296 2613 1354 opes
2647 1275 3138 1354 colligunt,dicit:
3175 1275 3356 1337 Miser
3392 1285 3453 1334 et.
3478 1290 3688 1335 terum-

2048 1385 2214 1437 nose,
2254 1367 2522 1447 nunquid
2555 1386 2621 1427 ex
2658 1366 2975 1427 multorum
3029 1365 3406 1445 possessione
3444 1362 3559 1423 vita
3595 1371 3696 1422 tua

2048 1456 2393 1534 productior
2422 1455 2583 1516 erit?
2609 1473 2715 1515 cur
2745 1455 2925 1532 igitur
2943 1452 3228 1529 afﬂigeris
3258 1450 3567 1514 manifeste
3588 1469 3693 1532 pro

2048 1546 2188 1604 570
2219 1545 2444 1606 incerta
2477 1544 2726 1625 quiete?
2756 1543 3056 1606 Incertum
3090 1541 3247 1603 enim
3284 1559 3425 1601 num
3470 1540 3543 1601 ad
3589 1558 3691 1601 se-

2050 1640 2350 1693 nectutem
2414 1634 2735 1713 pertingas,
2801 1633 2970 1712 cujus
3023 1630 3209 1709 gratia
3267 1628 3626 1691 thesaurizas
3676 1646 3689 1690 :

2053 1722 2430 1784 manifestum
2464 1732 2659 1783 autem
2712 1722 2869 1802 quod
2919 1738 3075 1782 nunc
3133 1718 3384 1781 insumis
3432 1718 3493 1778 in
3551 1735 3694 1797 opes

312 1807 369 1863 δὲ
417 1807 496 1865 ὅτι
542 1818 627 1866 νῦν
668 1808 873 1881 δαπανᾷ
902 1812 1018 1887 περὶ
1044 1810 1133 1865 τὸν
1179 1811 1441 1887 πορισμὸν
1490 1808 1595 1864 τῶν
1640 1808 1965 1888 χρημάτων,

2054 1811 2519 1891 conquirendas.

394 1924 421 1953 α
489 1900 626 1957 Elite
667 1897 722 1955 δὲ
754 1897 1065 1978 παραϐολὴν
1098 1901 1230 1978 πρὸς
1261 1900 1449 1963 αὐτοὺς
1481 1898 1653 1976 λέγων
1687 1913 1700 1927 ·
1730 1898 1968 1976 Ἀνθρώ-

314 2012 414 2045 που
470 1990 614 2053 τινὸς
665 1988 918 2046 πλουσίου
976 1989 1266 2069 εύφόρησεν
1312 1991 1346 2057 ἡ
1408 1988 1584 2068 χώρα,
1645 1989 1732 2045 καὶ
1789 1986 1967 2044 διελυ-

312 2078 487 2155 γίζετο
532 2076 584 2133 ἐν
633 2078 802 2151 ἐαυτῷ
857 2076 1029 2156 λέγων
1066 2093 1079 2107 ⁸
1146 2078 1206 2135 Τί
1268 2080 1502 2152 ποιήσω,
1563 2076 1643 2133 ὅτι
1704 2077 1797 2132 οὐκ
1853 2076 1969 2157 ἕλω

312 2190 413 2223 που
470 2165 673 2232 συνάξω
714 2168 836 2231 τοὺς
895 2167 1127 2245 καρπούς
1179 2187 1325 2242 μους
1389 2168 1485 2223 Καὶ
1550 2167 1676 2222 εἶπε
1713 2182 1725 2195 ·
1801 2176 1966 2225 Τοῦτο

310 2257 545 2330 ποιήσω,
617 2253 826 2312 καθελῶ
876 2278 976 2331 μου
1036 2257 1131 2319 τὰς
1204 2255 1502 2333 ἀποθήκας,
1577 2256 1665 2311 καὶ
1720 2256 1963 2331 μείζονας

306 2343 669 2425 οἰκοδομήσω,
730 2346 819 2401 καὶ
873 2344 1076 2410 συνάξω
1133 2346 1250 2401 ἐκεῖ
1306 2345 1478 2401 πάντα
1532 2345 1598 2401 τὰ
1658 2345 1966 2423 γεννήματά

309 2458 432 2507 μου,
490 2436 576 2490 καὶ
635 2435 701 2491 τὰ
783 2434 955 2511 ἀγαθά
1015 2454 1139 2507 μου,
1186 2434 1274 2493 καὶ
1337 2433 1439 2512 ἐρῶ
1480 2441 1548 2510 τῇ
1608 2435 1762 2513 ψυχῆ
1817 2457 1916 2505 μου
1949 2451 1963 2466 ⁶

310 2520 498 2603 Ψυχὴ,
562 2524 711 2604 ἔχεις
772 2522 945 2579 πολλά
988 2523 1156 2599 ἀγαθᾶ
1218 2526 1434 2599 κείμενα
1478 2526 1551 2586 εἷς
1608 2524 1704 2591 ’έτη
1765 2523 1964 2602 πολλὰ,

311 2613 605 2693 ἀναπαύου,
652 2613 811 2691 φάγε,
894 2612 1002 2691 πίε,
1090 2612 1384 2691 εὔφραίνου,
1450 2614 1589 2669 Εῖπε
1649 2612 1703 2689 δὲ
1748 2619 1888 2688 αὖτῷ
1939 2614 1966 2669 ὸ

312 2702 442 2764 Θεός
480 2721 494 2735 ⁹
546 2699 787 2781 "quw,
835 2702 1002 2777 ταύτῃ
1046 2707 1114 2777 τῇ
1158 2704 1299 2760 νυκτὶ
1330 2704 1427 2769 τὴν
1474 2704 1659 2782 ψυχήν
1691 2725 1781 2758 σου
1810 2702 1967 2759 ἀπαι-

313 2799 489 2848 τοῦσιν
518 2791 621 2847 ἀπὸ
650 2798 745 2846 σοῦ
785 2808 798 2822 ·
857 2789 889 2846 ἃ
943 2788 997 2846 δὲ
1042 2790 1361 2865 ἡτοίμασας,
1394 2792 1492 2847 τίνι
1526 2790 1670 2847 ἔσται
1707 2810 1721 2863 ;
1784 2791 1965 2855 Οὕτως

311 2884 338 2937 6
394 2880 720 2957 θησαυρίζων
777 2880 971 2953 ἐαυτῷ,
1028 2882 1116 2935 καὶ
1175 2880 1253 2955 μὴ
1302 2882 1376 2945 εἰς
1438 2882 1569 2936 Θεὸν
1627 2879 1891 2942 πλουτῶν.
1942 2903 1964 2938 η

316 2972 491 3029 Εἰπὼν
550 2969 631 3025 ὅτι
679 2972 737 3027 οὖ
766 2975 834 3045 τῇ
877 2970 1147 3049 περισσεία
1179 2976 1285 3027 τῶν
1343 2970 1643 3050 χρημάτων
1686 2971 1773 3026 καὶ
1801 2972 1835 3037 ἡ
1879 2970 1970 3025 τοῦ

313 3059 591 3138 ἀνθρώπου
667 3058 779 3129 ζωὴ
867 3059 1393 3134 συμπαρεκτείνεται,

318 3150 506 3208 τούτου
559 3147 796 3226 ἒπιφέρει
840 3149 927 3203 καὶ
971 3145 1304 3226 παραϐολήν,
1344 3150 1440 3206 Καὶ
1499 3147 1594 3225 ὅρα
1661 3147 1775 3211 πῶς
1831 3149 1968 3204 ὑπο-

315 3240 506 3317 γράφει
565 3239 702 3312 ἡμῖν
732 3238 960 3308 ἀνοήτου
1016 3237 1268 3294 πλουσίου
1323 3237 1630 3308 ἀπλήστους
1660 3236 1971 3315 λογισμούς,

2133 1901 2309 1963 VERS.
2356 1902 2572 1966 16-21.
2631 1926 2657 1955 α
2699 1900 2854 1963 Dixit
2900 1906 3094 1961 autem
3140 1897 3587 1959 similitudinem
3621 1897 3694 1959 ad

2052 1988 2207 2064 illos,
2258 1989 2463 2051 dicens
2500 2008 2513 2051 :
2562 1990 2836 2051 Hominis
2880 1987 3187 2067 cujusdam
3240 1987 3435 2048 divitis
3476 1986 3695 2050 uberes

2018 2077 2273 2159 "fructus
2304 2097 2445 2156 ager
2474 2078 2685 2153 attulit,
2720 2091 2779 2139 et
2810 2077 3098 2156 cogitabat
3131 2077 3285 2137 intra
3315 2095 3405 2155 se,
3433 2075 3643 2137 dicens
3678 2098 3692 2140 :

2026 2164 2199 2238 Quid
2233 2166 2467 2239 faciam,
2504 2167 2661 2248 quod
2703 2187 2821 2229 non
2873 2166 3123 2228 habeam
3175 2183 3293 2245 quo
3339 2182 3693 2244 congregem

2046 2255 2273 2317 fructus
2306 2256 2517 2318 meos?
2561 2255 2631 2316 Et
2678 2257 2825 2318 dixit
2869 2276 2881 2317 :
2935 2254 3058 2316 Hoc
3107 2254 3341 2327 faciam,
3394 2253 3693 2315 destruam

2048 2344 2260 2405 horrea
2282 2351 2503 2420 mea,et
2528 2346 2750 2424 majora
2769 2349 3157 2418 exstruam,et
3176 2342 3697 2421 congregaboilluc

2049 2434 2248 2493 omnia
2271 2432 2426 2493 bona
2441 2451 2573 2494 mea
2593 2453 2722 2513 quas
2755 2432 2899 2493 mihi
2924 2439 3059 2493 nata
3088 2440 3245 2511 sunt,
3269 2440 3327 2493 et
3344 2431 3537 2495 dicam
3560 2433 3692 2493 ani-

2053 2540 2164 2581 mas
2198 2540 2340 2583 mae:
2379 2522 2613 2597 Anima,
2641 2521 2823 2583 habes
2847 2522 3029 2583 multa
3054 2521 3210 2583 bona
3230 2521 3495 2601 reposita
3515 2522 3577 2582 in
3595 2540 3696 2583 an-

2051 2628 2159 2671 nos
2192 2611 2426 2684 multos,
2462 2610 3086 2691 requiesce,comede,
3119 2610 3282 2691 bibe,
3306 2610 3515 2689 gaude.
3543 2609 3700 2679 Dixit

2050 2708 2243 2761 autem
2276 2699 2362 2760 illi
2392 2698 2587 2761 Deus:
2624 2700 2833 2774 Stulte,
2868 2700 2978 2761 hac
3026 2707 3197 2761 nocte
3228 2704 3484 2760 animam
3533 2707 3691 2761 tuam

2049 2795 2326 2869 repetent
2356 2789 2460 2849 abs
2493 2797 2579 2849 te:
2614 2808 2743 2869 quin
2774 2806 2914 2850 vero
2948 2789 3187 2869 parasti,
3208 2788 3301 2849 cui
3334 2787 3692 2851 cedent?Sic

2052 2879 2153 2958 qui
2184 2878 2453 2938 recondit
2480 2877 2615 2957 sibi,
2652 2896 2764 2939 nec
2795 2886 2886 2939 est
2914 2896 3053 2955 erga
3083 2876 3266 2938 Deum
3299 2877 3695 2940 dives.nPost-

2051 2986 2225 3047 quam
2260 2966 2405 3028 dixit
2436 2969 2610 3027 vitam
2641 2966 2900 3030 hominis
2940 2985 3057 3026 non
3092 2966 3336 3046 produci
3375 2985 3508 3027 cum
3542 2966 3694 3027 divi-

1479 3062 1609 3138 πρὸς
1688 3056 1969 3135 βεϐαίωσιν

1502 3147 1526 3172 (Ι
1541 3171 1550 3172 κ
1570 3170 1590 3172 η
1669 3171 1688 3172 η
1710 3147 1740 3158 ⁸
1765 3171 1773 3172 κ
1837 3149 1849 3170 ε
1871 3171 1890 3172 κν
1911 3170 1920 3172 -

2054 3056 2262 3116 tiarum
2296 3055 2678 3135 abundantia,
2714 3055 2784 3115 ad
2830 3056 3339 3116 confirmationem
3371 3055 3500 3134 ejus
3530 3056 3703 3117 affert

2062 3144 2232 3172 Ali...»
2261 3145 2595 3172 ~......l....l.......
2623 3163 2634 3172 .
2676 3150 2726 3172 ..ι
2752 3144 2881 3172 -.2,1,
2909 3144 3198 3172 η..,..“..,.1,.
3226 3143 3507 3172 ,1,---;ι.;ο
3531 3143 3701 3172 ..υ-ιιι-

2058 3144 2232 3205 etiam
2260 3145 2597 3223 parabolam
2623 3163 2635 3206 :
2672 3150 2730 3205 et
2752 3144 2883 3205 vide
2906 3144 3202 3223 quomodo
3223 3143 3511 3205 describit
3530 3143 3713 3204 nobis

2057 3233 2425 3295 insatiabiles
2447 3232 3410 3311 stultidivitiscogitationes.Deus
3422 3235 3581 3295 enim
3595 3252 3702 3294 sua

325 3321 383 3388 Ὀ
431 3329 526 3404 μὲν
569 3330 668 3408 γὰρ
719 3330 849 3394 Θεὸς
906 3331 970 3384 τὰ
1021 3329 1207 3388 ἑαυτοῦ
1256 3329 1448 3409 ἐποίει,
1500 3330 1587 3385 καὶ
1628 3330 1725 3397 τὴν
1780 3330 1970 3386 οἰκείαν

2056 3322 2329 3403 faciebat,
2364 3332 2421 3384 et
2450 3323 2681 3384 solitam
2714 3322 3070 3386 ostendebat
3108 3322 3605 3397 misericordiam,
3639 3332 3702 3384 ut

327 3417 727 3497 εὖσπλαγχνίαν
782 3415 1112 3477 ἐπεδείκνυτο
1146 3436 1163 3454 ⁸
1224 3422 1284 3477 οὖ
1362 3419 1461 3497 γὰρ
1522 3418 1578 3473 ἓν
1636 3416 1818 3495 γήδιον
1884 3425 1970 3475 τοῦ

2057 3431 2175 3475 non
2208 3431 2358 3472 unus
2390 3420 2613 3473 tantum
2670 3411 2871 3474 divitis
2919 3412 3167 3490 agellus,
3223 3412 3327 3473 sed
3375 3420 3493 3473 tota
3536 3412 3700 3492 regio

326 3507 598 3580 πλουσίου,
635 3504 754 3561 ἀλλ’
802 3506 902 3573 ὅλη
960 3505 997 3573 ἡ
1041 3506 1195 3587 χώρα
1234 3506 1545 3587 εὐφόρησεν.
1613 3498 1669 3564 ⁹0
1726 3505 1780 3563 δὲ
1812 3507 1970 3573 οὕτως

2060 3500 2278 3562 uberes
2309 3500 2393 3563 illi
2424 3501 2649 3562 fructus
2670 3502 2913 3563 afferret
2940 3523 2953 3565 :
2991 3520 3192 3563 verum
3225 3502 3322 3563 hic
3354 3509 3468 3563 tam
3500 3502 3699 3563 immi-

319 3599 390 3664 ἦν
450 3594 685 3673 ἄκαρπος
738 3597 855 3675 περὶ
910 3596 1009 3662 τὴν
1069 3594 1488 3677 εὖσπλαγχνίαν,
1569 3595 1705 3653 ὥστε
1766 3598 1885 3675 πρὶν
1941 3596 1970 3664 ἢ

2059 3590 2317 3652 sericors
2340 3599 2486 3669 erat,
2523 3598 2585 3650 ut
2604 3601 2917 3671 antequam
2943 3592 3240 3672 reciperet
3261 3610 3351 3664 ea,
3374 3592 3698 3654 clauderet.

315 3684 532 3755 λαϐεῖν,
599 3698 874 3764 συνεῖχεν.
943 3674 1089 3764 ”Ορα
1146 3683 1201 3741 δὲ
1250 3688 1337 3740 καὶ
1408 3686 1501 3747 τάς
1566 3693 1659 3742 τοῦ
1728 3684 1970 3745 πλουσίου

2058 3679 2209 3742 Vide
2238 3679 2379 3740 item
2411 3688 2469 3740 et
2497 3680 2690 3741 divitis
2712 3680 3058 3758 voluptates.
3094 3680 3245 3753 Quid
3278 3680 3485 3743 faciam
3507 3680 3703 3743 ?Neu-

315 3773 531 3845 ἡδονὰς,
599 3774 657 3830 Τί
710 3774 967 3847 ποιήσω;
1033 3774 1288 3839 Τοιαὸτας
1360 3775 1535 3853 φωνὰς
1609 3774 1731 3853 οὖχὶ
1788 3776 1875 3830 καὶ
1948 3777 1976 3831 6

320 3864 488 3929 πένης
549 3860 721 3942 λέγει,
779 3862 825 3917 τί
872 3864 1107 3941 ποιήσω,
1169 3861 1249 3918 ὅτι
1305 3862 1400 3919 οὐκ
1443 3862 1560 3942 ἔχω
1615 3864 1729 3927 πῶς
1774 3864 1977 3944 τραφή-

318 3975 503 4027 σομαι,
558 3957 673 4013 πῶς
727 3950 1063 4027 ἐνδύσομαι;
1123 3949 1246 4008 ’Ἴδε
1273 3975 1363 4028 μοι
1424 3954 1511 4008 καὶ
1563 3954 1657 4016 τὰς
1684 3953 1776 4009 τοῖ’)
1802 3952 1975 4010 πλου-

322 4044 434 4100 σίου
492 4042 671 4122 φωνάς
709 4058 722 4071 ⁶
777 4044 837 4099 Τί
881 4043 1117 4114 ποιήσω,
1170 4040 1251 4097 ὅτι
1314 4042 1409 4099 οὐκ
1460 4042 1577 4121 ἔχω
1618 4050 1718 4099 ποῦ
1774 4042 1975 4108 συνάξω

314 4135 431 4196 τοὺς
459 4132 694 4210 καρποὺς
726 4151 875 4211 μους
930 4129 1079 4200 Καλή
1127 4152 1188 4211 γε
1245 4131 1574 4196 ἀνάπαυσις,
1634 4130 1763 4209 Εῗγε
1815 4134 1902 4187 καὶ
1948 4135 1975 4189 6

322 4221 486 4287 πένης
519 4222 670 4299 φησί’
709 4220 769 4278 Τί
797 4221 1038 4294 ποιήσω,
1074 4218 1153 4276 ὅτι
1186 4221 1279 4277 οὐκ
1325 4219 1442 4300 ἔχω
1477 4236 1492 4293 ;
1525 4222 1611 4276 καὶ
1642 4222 1669 4277 6
1700 4219 1973 4301 πλούσιος,

319 4312 379 4368 Τί
410 4312 645 4380 ποιήσω,
676 4308 756 4364 ὅτι
801 4314 895 4367 οὐκ
950 4310 1066 4389 ἔχω
1100 4329 1114 4384 ;
1162 4310 1212 4365 τί
1254 4311 1423 4369 τοίνυν
1470 4308 1764 4388 συνοίγομεν
1798 4309 1857 4365 ἐκ
1885 4318 1978 4366 τοῦ

320 4401 487 4458 πλείω
532 4400 776 4479 συνάγειν
810 4417 827 4475 ;
886 4402 1177 4457 ἀνάπαυσιν
1234 4402 1332 4477 μὲν
1391 4402 1489 4479 γὰρ
1520 4402 1579 4458 οὒ
1607 4399 1969 4480 κερδαίνομεν,
1997 4403 2037 4453 D

1712 4489 1733 4508 Ν

321 4492 417 4549 Καὶ
477 4489 633 4558 δῆλον
683 4492 789 4547 ἀπὸ
856 4497 962 4545 των
1019 4489 1326 4571 φροντίδων,
1384 4492 1655 4569 ἁμαρτιῶν
1707 4489 1761 4546 δὲ
1806 4491 1971 4566 μόνον

317 4578 520 4645 πλῆθος
607 4580 819 4641 ἑαυτοῖς
910 4580 1302 4659 ἓπισωρεύομεν
1394 4578 1608 4637 Καθελῶ
1707 4602 1808 4650 μου
1878 4581 1973 4644 τὰς

321 4668 618 4741 ἀποθήκας,
684 4670 773 4724 καὶ
829 4668 1073 4744 μείζονας
1131 4666 1490 4743 οἰκοδομήσω.
1552 4668 1678 4725 Ἐὰν
1729 4666 1783 4724 δὲ
1815 4667 1975 4725 πλέον

326 4759 595 4837 εὖφορήσῃ
641 4760 713 4822 είς
774 4760 835 4813 τὸ
892 4755 1088 4832 μέλλον
1146 4759 1180 4825 ἡ
1213 4758 1391 4838 χώρα,
1423 4756 1581 4813 πάλιν
1610 4758 1974 4837 καθαιρήσεις,

320 4847 407 4902 καὶ
450 4844 609 4903 πάλιν
655 4844 1027 4921 οἱκοδομήσεις
1065 4864 1078 4879 °
1115 4849 1202 4903 γαὶ
1250 4847 1326 4911 τίς
1386 4847 1541 4926 χρεία
1587 4849 1862 4925 καθαιρεῖν
1892 4850 1978 4903 καὶ

324 4933 672 5012 οἰκοδομεῖν,
734 4933 948 5015 ’Ἔχεις
998 4936 1272 5005 ἀποθήκας
1332 4937 1437 4992 τῶν
1496 4942 1735 5015 πτωχῶν
1764 4937 1858 4998 τὰς
1886 4958 1979 5014 γα-

319 5024 531 5105 στέρας,
584 5024 756 5081 πολλά
802 5023 1090 5100 δυναμένας
1172 5038 1399 5104 χωρεῖν,
1462 5026 1548 5081 καὶ
1620 5024 1978 5089 ἀκαταλύτους

320 5116 409 5169 καὶ
468 5115 757 5194 ἀφθάρτους
796 5134 811 5149 θ
866 5115 1094 5191 ούράνιοι
1153 5116 1252 5191 γὰρ
1326 5115 1423 5170 εἰσι
1481 5116 1569 5171 καὶ
1610 5118 1773 5186 θεῖαι,
1826 5114 1979 5183 εἴπερ

320 5207 347 5259 ὁ
394 5203 595 5283 τρέφων
626 5203 857 5269 πένητα,
923 5205 1054 5259 Θεὸν
1110 5203 1310 5283 τρέφει,
1368 5193 1514 5283 ΗΟρα
1568 5202 1625 5259 δὲ
1671 5206 1759 5259 καὶ
1801 5203 1977 5281 ἕτερον

323 5294 573 5359 ἀιόητον.
636 5294 711 5350 Τὰ
770 5293 1079 5369 γενντ,ματά
1131 5315 1257 5367 μου,
1320 5295 1407 5349 καὶ
1450 5295 1514 5349 τὰ
1557 5294 1726 5371 ἀγαθά
1756 5314 1878 5367 μου,
1912 5302 1982 5350 Οι)

322 5386 419 5459 γαρ
479 5382 686 5456 ἐνόμιζε
717 5389 881 5439 ταῦτα
910 5382 1060 5462 ἔχειν
1111 5382 1172 5438 ἐκ
1228 5390 1379 5453 Θεοῦ,
1416 5383 1451 5450 ἢ
1482 5384 1580 5460 γὰρ
1612 5382 1696 5455 ἂν,
1745 5383 1816 5446 ὡς
1851 5388 1982 5437 Θεοῦ

324 5471 631 5546 οἰκονόμος,
688 5472 806 5547 περὶ
861 5493 1026 5527 ταυτα
1083 5469 1328 5531 διέκειτο.
1388 5469 1534 5527 Ἀλλ’
1568 5472 1773 5527 οἰκείων
1804 5470 1980 5525 πόνων

318 5560 625 5637 γεννήματα
684 5570 848 5618 ταῦτα
876 5561 1033 5635 ᾢετο,
1081 5559 1162 5616 διὸ
1221 5563 1310 5617 καὶ
1351 5561 1523 5633 ἑαυτῷ
1575 5567 1740 5616 ταῦτα
1784 5580 1977 5637 σφετε-

322 5650 618 5726 ριζόμενος,
682 5650 757 5706 Τὰ
828 5648 1133 5727 γεννήματά
1216 5673 1318 5725 μου
1371 5651 1458 5705 καὶ
1511 5650 1577 5706 τὰ
1619 5649 1789 5726 ἀγαθά
1856 5669 1980 5727 μου,

321 5737 500 5817 ’ἔλεγεν
537 5755 550 5768 ⁶
614 5734 797 5794 οὐδένα
860 5738 983 5820 γὰρ,
1044 5741 1227 5819 φησὶν,
1285 5739 1401 5821 ἔχω
1460 5739 1739 5811 κοινωνὸν,
1799 5734 1979 5793 οὐδένα

2061 3769 2282 3851 liquam
2318 3787 2541 3846 pauper
2582 3768 2667 3830 ita
2703 3768 3062 3849 loqueretur.
3112 3770 3249 3850 quid
3298 3770 3531 3844 faciam,
3567 3772 3703 3851 quia

2058 3877 2177 3919 non
2210 3857 2398 3918 habeo
2426 3856 2722 3937 quomodo
2749 3857 2987 3934 induar,
3022 3858 3319 3937 quomodo
3350 3858 3522 3920 alar?
3551 3858 3704 3922 Vide

2057 3956 2253 4009 autem
2274 3957 2332 4009 et
2351 3946 2548 4008 divitis
2570 3964 2768 4010 voces:
2788 3947 2945 4020 Quid
2961 3948 3197 4029 faciam,
3214 3950 3349 4029 quia
3367 3968 3489 4010 non
3511 3949 3701 4012 habeo

2057 4035 2158 4098 ubi
2191 4054 2551 4116 congregem
2586 4036 2816 4097 fructus
2871 4056 3035 4099 meos
3059 4045 3086 4100 ?
3115 4040 3281 4101 Bona
3321 4039 3563 4117 quidem
3610 4045 3704 4101 est

2060 4127 2250 4207 quies.
2279 4124 2583 4205 Siquidem
2620 4136 2680 4184 et
2710 4144 2935 4204 pauper
2959 4127 3131 4190 dicit:
3153 4127 3302 4200 Quid
3318 4129 3705 4210 faciam,quia

2059 4234 2178 4276 non
2212 4212 2400 4275 habeo
2423 4214 2453 4272 ?
2485 4223 2539 4273 et
2571 4213 2737 4275 dives
2769 4213 2913 4274 dicit
2944 4232 2956 4275 :
2992 4215 3142 4287 Quid
3174 4216 3381 4278 faciam
3415 4218 3551 4297 quia
3583 4236 3699 4279 non

2058 4303 2299 4366 habeo?
2329 4302 2479 4374 Quid
2533 4301 2712 4379 igitur
2762 4301 3066 4365 lucramur
3115 4323 3185 4366 ex
3234 4325 3303 4365 eo
3347 4307 3500 4386 quod
3535 4306 3704 4386 plura

2057 4390 2535 4469 congregamus?
2575 4389 2849 4462 Quietem
2904 4391 3063 4453 enim
3115 4413 3234 4455 non
3286 4394 3610 4469 lucramur,
3644 4403 3704 4456 et

2055 4482 2433 4545 manifestum
2467 4480 2552 4559 id,
2584 4480 2739 4558 quod
2772 4499 2806 4540 a
2834 4481 2994 4541 curis
3029 4503 3042 4544 :
3076 4490 3297 4543 tantum
3330 4492 3523 4544 autem
3557 4502 3698 4563 pec-

2057 4582 2322 4633 catorum
2357 4569 2796 4631 multitudinem
2850 4571 3022 4631 nobis
3066 4574 3535 4635 accumulamus.
3581 4576 3700 4636 De-

2059 4672 2279 4725 struam
2315 4662 2529 4722 horrea
2561 4679 2712 4733 mea,
2748 4668 2806 4721 et
2837 4661 3061 4740 majora
3092 4671 3387 4724 exstruam
3424 4684 3438 4723 :
3469 4664 3626 4744 quod
3653 4666 3701 4723 si

2059 4753 2226 4831 regio
2260 4752 2458 4831 plures
2488 4750 2548 4810 in
2580 4758 2878 4829 posterum
2907 4751 3132 4812 fructus
3164 4752 3450 4832 attulerit,
3487 4754 3699 4813 iterum

2064 4842 2163 4903 illa
2195 4842 2490 4919 destrues,
2515 4845 2576 4901 et
2606 4838 2719 4899 alia
2748 4838 3091 4902 aadiﬁcabis.
3125 4843 3195 4903 Et
3217 4861 3349 4922 qua;
3370 4841 3700 4903 utilitasde-

2061 4929 2330 4993 struendi
2362 4936 2419 4989 et
2468 4926 2857 4989 exstrutndi?
2889 4927 3081 4990 Habes
3114 4930 3348 5006 horrea,
3378 4948 3700 5011 pauperum

2062 5029 2316 5091 ventres,
2349 5036 2479 5099 quae
2503 5016 2684 5077 multa
2700 5035 2914 5096 capere
2946 5029 3210 5097 possunt,
3236 5028 3703 5102 quaequeincor-

2060 5108 2339 5189 ruptibila
2370 5114 2556 5166 sunt:
2613 5105 2876 5167 caelestia
2924 5107 3081 5168 enim
3136 5118 3295 5183 sunt,
3350 5119 3408 5172 et
3457 5109 3699 5171 divina:

2026 5260 2029 5263 λ
2062 5195 2542 5278 quandoquidem
2577 5193 2676 5274 qui
2710 5196 2895 5273 pascit
2920 5199 3460 5277 pauperem,Deum
3493 5199 3700 5279 pascit.

2065 5286 2215 5350 Vide
2247 5289 2383 5348 item
2419 5291 2476 5345 et
2503 5282 2676 5343 aliam
2709 5283 3134 5364 insipientiam.
3162 5290 3489 5351 Proventus
3514 5305 3699 5361 meos,

2064 5378 2177 5438 hoc
2208 5385 2455 5455 estquae
2499 5372 2640 5432 mihi
2675 5382 2810 5434 nata
2859 5384 3015 5452 sunt,
3068 5385 3124 5438 et
3172 5377 3328 5441 bona
3375 5396 3526 5440 mea.
3574 5375 3701 5438 Non

2066 5467 2222 5529 enim
2252 5465 2493 5545 putabat
2522 5463 2647 5524 hazc
2680 5480 2743 5521 se
2789 5461 3012 5525 habere
3044 5484 3114 5527 ex
3146 5469 3293 5547 Deo,
3327 5467 3591 5548 alioquin
3642 5477 3703 5528 ut

2065 5556 2441 5637 dispensator
2466 5551 2575 5613 Dei
2605 5550 2776 5613 aliter
2804 5550 2930 5613 haec
2960 5553 3348 5635 disposuisset
3378 5578 3390 5620 :
3444 5555 3549 5618 sed
3579 5554 3706 5617 suis

2067 5642 2369 5707 laboribus
2396 5648 2561 5723 parta
2593 5639 2853 5721 putabat,
2882 5640 3105 5705 idcirco
3127 5654 3184 5707 et
3212 5644 3324 5707 sibi
3349 5646 3473 5708 hac
3510 5644 3702 5707 tribu-

2066 5752 2196 5815 ens,
2226 5733 2381 5795 bona
2402 5750 2508 5794 sua
2537 5738 2594 5793 et
2628 5728 2742 5791 sibi
2769 5738 2907 5793 nata
2944 5732 3200 5817 dicebat,
3238 5735 3404 5817 quasi
3432 5735 3701 5799 diceret:
