4132 6298
460 355 593 426 νδιγ
926 418 933 425 .
1438 373 2033 437 THEOPHYLACTI
2062 372 2486 436 summa:
2528 375 2887 438 ARCHIEP.
3750 362 3887 428 888

476 511 717 591 Nullum
746 514 941 580 habeo
968 515 1223 597 socium,
1265 516 1497 579 nullum
1550 516 1876 581 divisorem
1922 517 2073 581 facio
2111 539 2125 577 :

2213 508 2465 582 μεριστὴν
2520 510 2797 583 ποιοῦμαι,
2857 511 2916 566 οὗ
2984 514 3078 563 τοῦ
3135 514 3270 562 Θεοῦ
3340 506 3494 578 εἰσιν,
3551 499 3675 558 ἀλλ’
3738 500 3879 575 ἐμὲ,

478 620 597 691 non
622 590 738 667 Dei
765 610 925 679 sunt,
959 605 1062 667 sed
1096 590 1232 667 mea
1265 626 1279 666 :
1327 606 1489 667 solus
1531 606 1712 686 igitur
1748 606 1933 689 fruar,
1970 616 2027 669 et
2056 606 2125 668 ad

2214 594 2373 668 μόνος
2442 598 2531 651 οὖν
2586 594 2873 653 ἀπολαύσω
2900 612 2914 627 ·
2997 600 3057 654 οὗ
3124 597 3215 651 τὸν
3295 596 3425 651 Θείιν
3480 590 3879 672 προσλήψομπῑι

478 690 820 755 fruitionem
846 693 1080 756 illorum
1109 693 1294 757 Deum
1314 714 1433 756 non
1448 682 1931 771 assumamﬂuia
1935 704 2125 759 autem

2213 684 2285 745 εἷς
2343 683 2440 751 τὴν
2497 684 2696 741 τούτων
2762 684 3074 744 ἀπόλαυσιν.
3158 682 3307 742 Ἐπεὶ
3375 682 3429 738 δὲ
3491 684 3653 738 ταῦτα
3713 682 3880 733 αὶτοῦ

479 778 592 842 ista
629 782 830 857 stulta,
886 783 1193 845 videamus
1249 792 1308 846 et
1361 784 1615 865 reliqua.
1669 787 1906 868 Anima,
1948 785 2133 849 habes

482 868 669 931 multa
696 868 854 933 bona
883 872 1145 953 reposita
1170 872 1232 934 in
1264 872 1481 934 multos
1500 893 1709 937 annos.
1734 875 1991 955 Longam
2017 872 2132 935 sibi

480 958 797 1040 praetituit
826 960 1025 1038 vitam,
1059 964 1224 1043 quasi
1270 971 1328 1024 et
1376 962 1561 1044 illam,
1613 972 1830 1027 terram
1879 964 2133 1026 colendo

480 1047 874 1111 excoluisset:
907 1069 1026 1111 non
1058 1052 1217 1112 enim
1242 1059 1303 1114 et
1333 1051 1433 1115 illa
1457 1052 1562 1113 tibi
1584 1054 1723 1115 inde
1750 1061 1888 1115 nata
1910 1061 2135 1128 est,ne-

481 1154 597 1217 que
626 1136 740 1199 hoc
767 1146 931 1200 tuum
962 1140 1090 1200 37!
1120 1139 1370 1203 bonum.
1403 1142 1688 1222 Comede,
1721 1142 1882 1222 bibe,
1908 1143 2130 1203 laetare.

480 1222 643 1304 Euge
662 1227 867 1306 qualia
886 1228 1102 1289 animae
1125 1228 1297 1290 bonae
1322 1230 1839 1294 aﬁectionesznam
1861 1232 2133 1293 comede-

485 1332 551 1375 re
582 1322 642 1377 et
664 1314 896 1397 bibere,
924 1317 1288 1381 irrationalis
1313 1320 1528 1381 anima:
1552 1320 1769 1381 bonum
1794 1329 1883 1382 est
1911 1343 1925 1382 :
1957 1319 2134 1400 igitur

482 1421 618 1465 cum
651 1404 825 1466 etiam
858 1405 986 1485 ipse
1018 1407 1195 1468 talem
1222 1409 1481 1469 animam
1515 1409 1757 1471 sortitus
1787 1410 1893 1489 sis,
1922 1410 2133 1471 merito

481 1489 569 1553 illi
586 1490 712 1553 hac
736 1493 972 1557 tribuis.
997 1495 1325 1557 Rationalis
1353 1514 1493 1557 vero
1524 1497 1737 1559 anima:
1766 1498 1985 1560 bonum
2020 1505 2129 1573 est,

483 1579 839 1661 intelligere,
865 1583 1229 1657 ratiocinari,
1260 1583 1443 1645 laetari
1478 1585 1537 1646 in
1579 1586 1708 1664 lege
1735 1585 1841 1648 Dei
1873 1595 1933 1649 et
1962 1586 2134 1648 bonis

2214 772 2440 849 ἀνόητα,
2499 772 2703 849 ’ἴδωμεν
2757 776 2847 831 καὶ
2912 775 2979 830 τὰ
3035 772 3178 839 ἑξῆς.
3240 773 3433 851 Ψυχὴ,
3492 769 3641 849 ἔχεις
3692 764 3875 823 πολλά

2215 860 2386 938 ἀγαθά
2440 862 2657 937 κείμενα
2715 865 2788 927 εἰς
2847 863 2941 930 ἔτη
2984 861 3179 919 πολλά.
3245 867 3428 928 Μῆκος
3486 860 3653 931 ἑαυτῴ
3708 856 3872 928 ὁρίζει

2214 951 2383 1024 ζωῆς,
2415 950 2593 1031 ὥσπερ
2650 955 2737 1009 καὶ
2795 959 2951 1008 τοῦτο
2998 950 3059 1008 ὲκ
3087 957 3185 1018 τῆς
3232 951 3542 1028 γεωργήσας
3574 963 3587 976 ’
3624 947 3703 1021 μὴ
3764 945 3871 1021 γὰρ

2215 1039 2303 1094 καὶ
2332 1046 2486 1097 τοῦτο
2533 1041 2772 1119 γέννημα
2823 1043 2939 1121 σὸν,
2974 1042 3051 1117 μὴ
3080 1042 3179 1119 γὰρ
3208 1042 3298 1097 καὶ
3324 1046 3479 1096 τοῦτο
3504 1037 3703 1114 ἀγαθὸν
3746 1034 3868 1091 σόν.

2214 1128 2386 1205 Φάγε,
2444 1131 2553 1209 πίε,
2611 1130 2903 1208 εὐφραίνου.
2949 1132 3080 1207 Εὖγε
3117 1135 3223 1185 τῶν
3253 1129 3461 1205 ἀγαθῶν
3492 1132 3590 1191 τῆς
3622 1128 3807 1203 ψυχῆς
3849 1138 3864 1150 ⁸

2214 1218 2275 1271 τὸ
2326 1219 2425 1294 γὰρ
2481 1233 2675 1298 φαγεῖν
2729 1220 2817 1275 καὶ
2864 1221 2924 1275 τὸ
2974 1232 3144 1293 πιεῖν,
3204 1218 3398 1295 ἀλόγου
3428 1216 3612 1295 ψυχῆς
3643 1213 3865 1291 ἀγαθόν’

2214 1307 2465 1373 τοιαύτην
2520 1310 2609 1363 οὖν
2668 1308 2812 1387 ἔχων
2856 1312 2944 1364 καὶ
2988 1311 3143 1372 αὐτὸς
3182 1308 3389 1385 ψυχὴν,
3450 1304 3667 1367 εἰκότως
3730 1304 3867 1378 αὖτῂ

2215 1394 2380 1451 ταῦτα
2467 1397 2881 1474 προσανατίθης.
2953 1402 3191 1475 Λογικῆς
3266 1395 3321 1451 δὲ
3394 1400 3579 1475 ψυχῆς
3640 1394 3865 1471 ἀγαθὸν,

2216 1491 2427 1559 νοῆσαι,
2490 1486 2821 1568 λογίσασθαι,
2911 1490 3257 1568 εὐφρανθῆναι
3333 1488 3480 1562 νόμῳ
3562 1492 3694 1543 Θεοῦ
3776 1485 3868 1538 καὶ

2215 1572 2564 1647 διανοήμασιν
2617 1578 2864 1655 ἀγαθοῖς.
2925 1578 3033 1635 Οὐκ
3090 1579 3242 1656 ἀρκεῖ
3300 1575 3355 1631 δέ
3414 1598 3495 1632 σοι
3554 1596 3615 1629 το
3667 1576 3865 1653 φαγεῖν

480 1670 959 1750 cogitationibus.
986 1671 1114 1733 Non
1136 1673 1356 1735 sufﬁcit
1374 1683 1569 1735 autem
1598 1662 1705 1735 tibi
1737 1685 1796 1738 et
1816 1677 2125 1738 comedere

2214 1667 2302 1720 καὶ
2356 1679 2527 1739 πιεῖν,
2584 1668 2630 1723 ὦ
2685 1666 2871 1747 ἄφρον,
2933 1665 3069 1723 ἀλλά
3123 1668 3212 1723 καὶ
3252 1667 3352 1733 τὴν
3407 1662 3865 1721 ἐπακολουθοῦσαν

481 1768 542 1822 et
569 1758 797 1837 bibere,
833 1780 866 1822 ο
897 1763 1103 1837 stulte,
1138 1763 1243 1825 sed
1278 1772 1335 1824 et
1366 1762 1827 1828 abominabilem
1859 1766 2125 1845 volupta-

2214 1755 2420 1817 τούτοις
2474 1758 2758 1836 αἰσχίστην
2828 1759 2914 1814 καὶ
2981 1757 3217 1835 μυσαράν
3288 1753 3483 1823 ἡδονὴν
3564 1752 3867 1815 ἐπιτάττεις

480 1858 599 1914 tem
632 1858 689 1912 et
719 1849 1285 1933 turpissimam,quae
1310 1852 1464 1914 banc
1493 1842 2125 1935 consequitur,animae

2214 1851 2284 1919 τῇ
2329 1846 2482 1925 ψυχῆ
2517 1868 2533 1920 ς
2584 1848 2846 1927 Εὐφήμως
2878 1848 2977 1926 γὰρ
3008 1849 3036 1903 6
3069 1848 3257 1925 Κύριος
3287 1844 3370 1903 διὰ
3397 1851 3511 1923 τοῦ,
3548 1842 3862 1922 Εὐφραίνου,

480 1938 785 2020 imperas?
814 1940 985 2003 Clare
1016 1931 1184 2003 enim
1200 1942 1487 2003 Dominus
1521 1961 1628 2023 per
1648 1931 1762 2005 hoc
1780 1931 1935 2023 quod
1961 1942 2125 2015 dicit.

2214 1934 2281 1989 τὰ
2332 1934 2694 2012 ἀσελγέστατα
2725 1938 2866 2003 πάθη
2917 1935 3207 2014 ἐδήλωσεν,
3251 1936 3284 1989 ἀ
3314 1940 3380 2011 τῇ
3408 1932 3699 2006 πλησμονῇ
3756 1931 3863 1985 τῶν

480 2030 727 2103 Laetare,
750 2028 1095 2091 aﬂ'ectiones
1114 2028 1440 2091 declaravit
1466 2029 1822 2095 libidinosas
1841 2041 1901 2093 et
1923 2033 2136 2093 intem-

480 2125 736 2199 peratas,
756 2136 888 2198 quae
915 2117 1250 2180 satietatem
1283 2116 1559 2180 ciborum
1581 2129 1642 2182 et
1672 2129 1916 2200 potuum
1943 2120 2134 2182 comi-

482 2214 705 2270 tantur.
739 2207 895 2270 Dixit
930 2216 1127 2269 autem
1179 2206 1237 2269 ei
1282 2209 1442 2270 Deus
1476 2228 1489 2270 :
1548 2206 1761 2290 Stulte,
1801 2210 1911 2271 hac
1961 2217 2135 2272 nocte

477 2296 738 2359 animam
760 2302 917 2357 tuam
940 2304 1236 2376 repetent.
1267 2294 1395 2357 Non
1422 2296 1532 2357 hoc
1556 2296 1773 2359 dicitur
1793 2298 2133 2378 quasiDeus

478 2385 769 2450 familiare
796 2384 1156 2465 colloquium
1203 2384 1417 2445 habent
1464 2404 1596 2447 cum
1650 2385 1852 2460 divite,
1888 2386 2047 2448 Dixit
2075 2386 2130 2448 ei

480 2477 674 2556 Deus;
698 2473 803 2535 sed
824 2491 1067 2535 sensum
1092 2470 1249 2535 hunc
1267 2472 1447 2535 habet
1475 2475 1630 2553 quod
1658 2474 1977 2556 dicit,Cum
2006 2476 2131 2539 haec

480 2562 653 2626 illein
678 2571 875 2624 mente
898 2560 1322 2641 haberet,dixit
1344 2565 1504 2626 Deus
1524 2564 1791 2641 (ﬁngitur
1820 2567 1978 2626 enim
2004 2565 2130 2627 haec

482 2651 822 2736 parabola):
855 2651 1071 2714 Stulte.
1105 2649 1358 2714 Stultum
1393 2652 1570 2732 igitur
1620 2654 1786 2714 illum
1841 2664 2030 2729 vocat,
2066 2663 2132 2718 ut

480 2744 578 2824 qui
612 2759 855 2823 prorsus
884 2741 1113 2802 insulsa
1144 2740 1383 2819 cogitet,
1417 2743 1917 2823 quemadmodum
1937 2744 2132 2805 decla-

475 2829 1060 2910 ravimus.lnsipiens
1082 2831 1239 2891 enim
1271 2838 1433 2891 estet
1453 2849 1635 2893 vanus
1659 2832 1851 2893 omnis
1879 2833 1977 2913 qui
1997 2832 2126 2894 talis

482 2928 590 2993 est,
619 2919 772 2982 sicut
804 2927 863 2981 et
891 2919 1075 2983 David
1108 2917 1252 2980 dicit
1279 2939 1292 2981 :
1327 2920 1493 2981 Vane
1524 2921 1722 2981 omnis
1752 2921 2128 2997 homo,55,et

478 3027 657 3071 causa
679 3017 809 3072 est:
848 3007 1202 3071 thesaurizat
1234 3017 1292 3070 et
1321 3007 1511 3070 nescit
1540 3009 1635 3070 cui
1678 3020 2002 3089 congreget
2032 3028 2122 3072 ea.

2214 2023 2509 2102 βρωμάτων
2561 2026 2650 2080 καὶ
2708 2027 2961 2100 πομάτων
3039 2024 3353 2103 παρέπεται.
3414 2023 3553 2080 Εἶπε
3610 2018 3666 2075 δὲ
3721 2020 3865 2092 αὖτῷ

2217 2114 2244 2168 6
2275 2114 2405 2175 Θεός
2433 2133 2447 2148 ·
2479 2113 2725 2193 ’¹Αιρρον,
2759 2116 2926 2191 ταύτῃ
2956 2121 3024 2191 τῇ
3048 2115 3193 2170 νυκτὶ
3222 2114 3322 2180 τὴν
3365 2113 3549 2190 ψυχήν
3580 2132 3674 2166 σου
3704 2111 3859 2164 ἀπαιο

2215 2208 2391 2258 τοῦσιν
2435 2201 2542 2259 ἀπὸ
2586 2224 2702 2265 σου.
2756 2206 2873 2283 Οὐχ
2920 2205 2993 2269 ὡς
3038 2210 3132 2261 τοῦ
3177 2210 3307 2259 Θεοῦ
3335 2207 3411 2274 τῷ
3441 2199 3676 2271 πλουσίῳ
3729 2200 3858 2271 ὂμι-

2213 2288 2476 2360 λήσαντος
2527 2290 2737 2369 λέγεται
2797 2296 2880 2373 τὸ,
2932 2297 3067 2350 Εἶπε
3123 2290 3180 2348 δὲ
3240 2295 3381 2364 αὐτῷ
3437 2292 3463 2345 6
3523 2291 3677 2362 Θεὸς,
3724 2287 3861 2342 ἀλλά

2212 2381 2448 2437 τοιοῦτόν
2491 2404 2541 2437 τι
2586 2380 2763 2460 λέγει,
2804 2382 2885 2439 ὅτι
2944 2383 3105 2438 ταῦτα
3150 2379 3205 2437 δὲ
3248 2381 3406 2436 αὐτοῦ
3455 2377 3856 2453 ἐνθυμουμένη),

2213 2469 2367 2526 εἶπεν
2423 2473 2451 2527 6
2508 2474 2637 2535 Θεὸς
2698 2470 3007 2551 (πλάττεται
3047 2472 3145 2549 γὰρ
3204 2478 3368 2525 ταυτα
3421 2470 3455 2535 ἡ
3498 2465 3805 2544 παραδολή)
3840 2491 3854 2504 ο

2212 2557 2428 2639 Ἀιρρον.
2488 2560 2737 2641 "qumat
2790 2562 2889 2635 μὲν
2936 2571 3023 2620 οὖν
3076 2562 3223 2617 οὖτὸν
3253 2559 3517 2633 ὀνομάζει,
3554 2559 3627 2617 ὡς
3660 2555 3856 2641 ,πάντη

2213 2634 2413 2715 ἀνάητα
2445 2634 2887 2729 βουλευσάμενον,
2922 2651 3056 2707 καθά
3113 2648 3176 2717 δὴ
3219 2645 3585 2721 ἀπεδείξαμεν.
3631 2634 3853 2723 ’Ἄφρων

2213 2738 2313 2815 γὰρ
2344 2740 2430 2794 καὶ
2475 2739 2707 2813 μάταιος
2752 2746 2854 2803 πᾶς
2886 2746 3145 2810 τοιοῦτος,
3178 2738 3313 2793 κατά
3356 2742 3443 2791 καὶ
3490 2731 3657 2790 Δαυιό
3686 2733 3849 2810 Λέγει·

2210 2828 2396 2893 Μάτην
2446 2834 2548 2891 πᾶς
2593 2826 2863 2907 ἄνθρωπος
2899 2846 2913 2861 ·
2962 2830 3047 2883 καὶ
3100 2829 3133 2895 ἡ
3208 2827 3366 2898 αἰῖία,
3414 2825 3713 2901 θησαυρίζει
3768 2824 3850 2877 καὶ

2210 2918 2270 2973 οὐ
2326 2917 2575 2993 γινώσκει
2618 2917 2717 2973 τίνι
2777 2914 2981 2982 συνάξει
3027 2918 3155 2972 αὔτα
3190 2933 3202 2945 ⁸
3237 2920 3351 2977 πῶς
3390 2915 3484 2993 γὰρ
3514 2915 3609 2969 οὒκ
3652 2911 3843 2990 ἄφρων,

2211 3007 2239 3060 6
2283 3006 2361 3080 μὴ
2424 3007 2579 3083 γνοὺς
2640 3005 2719 3061 ὅτι
2751 3006 2891 3077 ζωῆς
2938 3006 3104 3083 μέτρα
3147 3005 3288 3083 παρὰ
3317 3004 3465 3079 μὸνῷ
3497 3009 3571 3074 τῷ
3602 3008 3733 3073 Θεῷ,
3765 3000 3847 3054 καὶ

478 3096 623 3161 Nam
649 3117 767 3180 quo
794 3107 963 3178 pacto
994 3116 1112 3159 non
1140 3107 1228 3159 est
1254 3097 1564 3178 insipiens,
1588 3101 1685 3179 qui
1722 3076 1949 3177 ignorat
1968 3100 2125 3181 quod

2212 3097 2307 3153 οὐκ
2368 3095 2523 3161 αὑτός
2580 3118 2662 3159 τις
2719 3094 2939 3159 ἕκαστος
3012 3096 3181 3168 ὲαυτῷ
3261 3093 3474 3171 ὁριστὴς
3530 3091 3625 3158 τῆς
3684 3093 3844 3161 ζωῆς,

478 3187 615 3249 vitae
638 3205 919 3249 mensura
935 3186 1090 3267 apud
1115 3188 1307 3249 solum
1330 3185 1663 3258 Deum,nec
1678 3188 1793 3248 sibi
1816 3188 2126 3269 quisquam

477 3294 647 3340 suam
682 3276 860 3339 vitam
892 3276 1146 3338 deﬁnire
1176 3275 1410 3356 possit?
1437 3274 1701 3338 Observa
1724 3276 1864 3338 item
1910 3286 1967 3338 et
1989 3295 2127 3340 ver-

480 3364 985 3447 bum,Repetent.
1037 3364 1246 3441 Angeli
1290 3364 1449 3427 enim
1500 3366 1656 3427 sicut
1693 3365 1968 3426 crudeles
2017 3366 2126 3427 tri-

479 3454 759 3517 butorum
812 3462 1117 3516 exactores
1163 3462 1221 3513 et
1269 3452 1598 3532 terribiles,
1654 3461 1808 3513 tuam
1858 3459 2131 3534 repetent

477 3542 761 3618 animam,
798 3552 855 3603 te
886 3541 1065 3604 etiam
1100 3542 1301 3615 invito,
1331 3549 1531 3622 utpote
1565 3550 1807 3621 propter
1838 3542 1967 3603 vitae
1984 3561 2121 3623 pran-

478 3632 662 3694 sentis
682 3629 1070 3692 immodicum
1090 3629 1902 3704 amorcm,obluctante.l\’am
1919 3650 1951 3690 ει
1965 3633 2126 3709 justo

481 3739 600 3782 non
630 3719 923 3799 repetitur
945 3718 1170 3793 anima,
1195 3717 1303 3779 sed
1333 3717 1432 3779 ille
1456 3718 1723 3795 gaudens
1746 3729 1804 3779 et
1824 3721 2125 3783 exsultans

410 3888 413 3889 ν
479 3808 858 3872 commendat
877 3826 1006 3869 eam
1019 3806 1857 3888 DeoPatrispirituum,neque
1873 3819 2123 3869 mortem

480 3916 635 3978 aegre
663 3897 798 3960 fert.
822 3897 1083 3976 Corpore
1110 3896 1267 3957 enim
1289 3895 1773 3957 circumamictus
1793 3905 1884 3957 est
1906 3905 1967 3957 ut
1987 3916 2125 3960 one-

478 4005 569 4063 re,
605 3986 765 4069 quod
790 3985 999 4047 leviter
1028 3984 1294 4064 deponit.
1330 3983 1616 4046 Peccatvr
1664 4004 1805 4047 vero
1856 3986 1957 4066 qui
1986 3987 2123 4046 ani-

483 4093 635 4138 mam
694 4073 861 4138 carni
916 4073 1183 4136 subdidit
1240 4074 1482 4154 corpori
1542 4074 1792 4135 nimium
1853 4076 2118 4151 affectus,

478 4165 656 4228 etiam
691 4165 853 4228 illam
885 4162 1028 4226 fecit
1057 4181 1325 4244 carnem,
1350 4163 1704 4225 indivulsam
1740 4183 1867 4225 eam
1900 4165 2125 4227 habere

478 4253 598 4316 vult
630 4274 643 4317 :
678 4253 901 4316 idcirco
933 4251 1149 4315 dicitur
1190 4251 1263 4314 ab
1299 4271 1370 4313 eo
1402 4253 1677 4333 repetita,
1711 4252 1863 4313 sicut
1907 4252 1980 4314 ab
2026 4257 2121 4315 in-

476 4341 795 4406 obediente
823 4343 1081 4422 quodam
1100 4340 1371 4403 debitore
1384 4342 1482 4422 qui
1515 4342 1763 4403 traditur
1785 4342 2126 4405 crudelibus
2148 4354 2191 4405 D
2208 4347 2303 4402 οὒκ
2333 4345 2487 4402 εἶπεν
2523 4365 2538 4381 ο

475 4430 874 4496 exactoribus.
904 4430 1055 4495 Vide
1077 4449 1312 4512 quoque
1337 4430 1492 4511 quod
1523 4449 1641 4491 non
1672 4430 1857 4493 dixit:
1894 4432 2118 4510 Repeto

474 4520 731 4583 animam
794 4529 996 4583 tuam:
1053 4519 1184 4597 sed,
1244 4521 1560 4600 Repetent.
1612 4521 1907 4582 Justorum
1958 4520 2115 4581 enim

473 4609 691 4672 animae
722 4610 784 4671 in
816 4628 992 4672 manu
1024 4609 1156 4672 Dei.
1184 4613 1257 4672 Et
1300 4608 1562 4688 profecto
1603 4608 1663 4669 in
1697 4617 1870 4671 nocte
1900 4609 1973 4671 ab
2006 4612 2119 4672 hu-

466 4698 735 4778 jusmodi
763 4698 1059 4779 repetitur
1081 4697 1303 4759 anima.
1336 4695 1466 4759 Non
1519 4698 1676 4759 enim
1712 4696 1888 4760 habet
1918 4699 2119 4761 lumen

472 4785 687 4850 divinae
714 4788 982 4850 scientiae
1010 4786 1125 4849 sibi
1156 4786 1412 4866 fulgens,
1439 4786 1543 4848 sed
1578 4805 1708 4847 cum
1746 4787 1916 4849 estin
1948 4802 2120 4851 nocte

473 4876 814 4957 cupiditatis
858 4876 1221 4949 divitiarum,
1273 4884 1331 4936 et
1386 4876 1457 4937 ab
1514 4874 1613 4936 illa
1668 4874 2117 4957 obtenebratur,

474 4974 665 5028 morte
696 4965 1244 5047 comprehenditur.
1281 4964 1379 5027 Sic
1420 4964 1620 5044 utique
1651 4966 1871 5028 Stultus
1900 4974 1989 5028 est
2018 4968 2118 5047 qui

470 5052 587 5116 sibi
613 5055 991 5132 thesaurizat,
1013 5063 1073 5117 et
1092 5054 1383 5135 insipiens
1402 5054 1644 5129 dicitur,
1672 5063 1731 5117 et
1752 5074 1869 5117 non
1892 5057 2120 5135 perﬁcit

470 5144 894 5224 cogitationem
924 5163 1113 5216 suam,
1152 5144 1257 5207 sed
1290 5143 1352 5205 in
1402 5143 1532 5225 ipso
1577 5144 1947 5224 cogitationis
1980 5164 2115 5208 mo-

472 5242 671 5297 mento
702 5253 773 5298 ex
794 5242 915 5296 tota
933 5236 1051 5298 vita
1075 5232 1472 5298 abscinditur.
1496 5234 1569 5295 At
1592 5234 1641 5294 si
1664 5232 2026 5315 pauperibus
2059 5243 2118 5297 et

467 5319 593 5385 Deo
624 5332 1068 5404 congregasset,
1102 5342 1219 5385 non
1262 5323 1346 5384 sic
1376 5341 1438 5384 se
1479 5321 1806 5396 habuisset,
1839 5342 2117 5386 curemus

466 5412 674 5494 igitur,
698 5423 765 5478 ut
802 5416 1017 5478 divites
1047 5416 1258 5478 ﬁamus
1291 5418 1351 5476 in
1385 5417 1528 5491 Deo,
1568 5416 1682 5477 hoc
1712 5425 1802 5477 est
1830 5425 1892 5477 ut
1924 5417 1982 5478 in
2016 5417 2116 5479 illo

468 5502 746 5568 ﬁduciam
779 5505 1102 5569 habeamus
1126 5514 1185 5568 et
1212 5513 1277 5566 ut
1310 5505 1476 5567 illum
1522 5506 1849 5568 habeamus
1880 5506 2114 5568 divitias

520 5657 611 5717 Ὅ
639 5662 793 5729 Psal.
828 5678 1076 5747 xxxvm,
1115 5664 1211 5729 12.

2215 3175 2360 3263 “Op:
2404 3183 2459 3239 δὲ
2490 3186 2577 3240 καὶ
2608 3186 2703 3253 τὴν
2736 3185 2873 3250 λέξιν
2900 3192 3014 3263 τοῦ,
3060 3184 3424 3242 Ἀπαιτοῦσιν.
3476 3173 3701 3256 ’πω-περ
3753 3180 3845 3257 γὰρ

2210 3294 2348 3337 τινες
2379 3274 2607 3340 ἀπηνεῖς
2665 3273 2969 3355 φορολόγοι,
3014 3272 3226 3353 φοϐεροὶ
3273 3270 3489 3351 ἄγγελοι
3539 3272 3638 3337 τὴν
3668 3270 3845 3348 ψυχήν

2211 3384 2304 3417 σου
2362 3363 2667 3420 ἀπαιτοῦσιν
2725 3364 2969 3435 ἄκοντος,
3032 3367 3121 3417 οἱα
3213 3360 3297 3419 διὰ
3353 3360 3643 3436 φιλοζωὶαν
3701 3360 3843 3413 ἀντι-

2210 3453 2529 3528 ποιουμένου
2597 3461 2702 3510 τὼν
2760 3456 2978 3511 ἐνταῦθα
3014 3468 3026 3482 ⁸
3103 3456 3129 3509 6
3212 3452 3308 3527 μὲν
3364 3455 3464 3529 γαρ
3505 3448 3702 3512 δικαιος
3753 3452 3838 3505 οὐκ

2210 3541 2513 3598 ἀπαιτεῒται
2565 3545 2664 3611 τὴν
2722 3544 2928 3623 ψυχὴν,
2978 3541 3114 3598 ἀλλά
3170 3542 3507 3620 παρατίθεται
3553 3539 3738 3603 ταύτην
3764 3543 3835 3608 τῷ

2210 3636 2325 3704 Θεῷ
2384 3633 2469 3687 καὶ
2516 3635 2676 3711 [Ιατρὶ
2723 3640 2828 3689 τῶν
2888 3634 3222 3703 πνευμάτων,
3283 3630 3485 3709 χαίρων
3539 3629 3625 3683 καὶ
3676 3623 3832 3703 ἀγαλ-

2209 3717 2457 3801 λόμενος,
2504 3723 2591 3777 καὶ
2636 3721 2751 3778 οὐδὲ
2794 3720 3043 3801 δυσφορεῖ
3073 3722 3188 3799 περὶ
3217 3720 3315 3777 τὴν
3360 3719 3609 3775 ἀπόθεσιν
3644 3736 3656 3749 ·
3720 3714 3838 3771 ἐλι-

2209 3812 2336 3888 φρὸν
2392 3812 2491 3889 γὰρ
2561 3813 2768 3892 φορτίον
2834 3814 2895 3868 τὸ
2978 3818 3135 3885 σῶμα
3192 3811 3480 3889 περίκειται
3511 3825 3525 3838 ⁸
3588 3810 3613 3863 ὁ
3668 3806 3722 3862 δέ
3786 3827 3839 3882 γε

2207 3896 2527 3977 ἁμαρτωλὸς
2573 3902 2987 3979 κατασαρκὼσας
3047 3901 3144 3966 τὴν
3202 3898 3410 3979 ψυχὴν,
3472 3898 3557 3952 καὶ
3602 3917 3840 3973 προσσω·

2208 3988 2584 4061 ματοποιώσας
2644 3992 2831 4068 αὐτὴν,
2879 3992 2965 4045 καὶ
3035 3994 3136 4066 γῆν
3182 3990 3436 4056 ποιήσας,
3495 3984 3836 4041 δυσαποσπά-

2207 4097 2345 4140 στως
2404 4079 2566 4145 αὐτὴν
2627 4078 2776 4159 ἔχειν
2835 4080 3219 4157 παρεσκεύασε,
3266 4077 3345 4132 διὸ
3388 4077 3474 4131 καὶ
3503 4075 3836 4131 ἀπαιτεῖσθαι

2204 4165 2402 4232 ταύτην
2488 4165 2723 4246 λέγεται,
2810 4167 2989 4247 ὥσπερ
3090 4190 3168 4230 τις
3254 4165 3534 4245 χρεώστης
3626 4162 3835 4227 ἀπειθὴς

2206 4254 2523 4334 πράκτορσιν
2611 4256 2835 4325 ἀπηνὲσι
2914 4246 3347 4337 παραδιδόμενος.
3426 4246 3573 4332 εὈρα
3623 4251 3676 4307 δὲ
3731 4254 3836 4314 πῶς

2572 4347 2814 4404 Ἀπαιτῶ
2843 4349 2939 4416 τὴν
2968 4350 3152 4427 ψυχήν
3184 4369 3298 4419 σου,
3331 4344 3474 4419 ἀλλ’,
3510 4346 3832 4400 Ἀπαιτοῠσιο

2201 4441 2306 4492 τῶν
2349 4435 2563 4495 δικαίων
2623 4439 2722 4518 γὰρ
2778 4442 2829 4495 αἱ
2873 4440 3044 4519 ψυχαὶ
3099 4438 3151 4494 ὲν
3204 4440 3342 4517 χειρὶ
3408 4441 3560 4492 Θεοῦ.
3607 4440 3693 4506 Τῷ
3735 4432 3834 4487 ὄντι

2203 4531 2292 4582 οὗν
2350 4528 2407 4582 ἓν
2468 4528 2612 4584 νυκτὶ
2668 4529 2975 4585 ἀπαιτεῖται
3018 4529 3116 4595 τὴν
3160 4529 3342 4607 ψυχὴν
3394 4529 3419 4579 ὁ
3456 4533 3717 4583 τοιοῦτος.
3771 4524 3837 4578 Οὖ

2203 4616 2305 4694 γὰρ
2366 4616 2483 4696 ἔχει
2540 4624 2650 4697 φῶς
2721 4619 2860 4684 θείας
2916 4619 3249 4697 ἐπιγνώσεως
3307 4615 3607 4689 ἒπελάμπον
3680 4613 3833 4684 αὐτῷ,

2202 4703 2322 4761 ἀλλ’
2377 4704 2431 4761 έν
2490 4708 2634 4763 νυκτὶ
2692 4709 2789 4775 τῆς
2847 4707 3221 4787 φιλοπλουτίας
3268 4708 3364 4777 ὢν,
3410 4707 3497 4759 καὶ
3525 4704 3626 4759 ὑπὸ
3655 4703 3837 4766 ταύτης

2201 4791 2596 4874 ἐσκοτισμὲνος,
2657 4798 2866 4869 θανάτῳ
2943 4795 3408 4871 καταλαμϐάνεται
3443 4813 3456 4826 ·
3504 4792 3670 4850 οὕτως
3748 4787 3839 4865 ἄρα

2201 4883 2229 4938 6
2278 4884 2603 4962 θησαυρίζων
2701 4887 2896 4961 ἑαυτῷ,
2968 4888 3145 4966 ἄφρων
3222 4882 3425 4951 δηλαδὴ
3493 4881 3834 4955 καλούμενος,

2198 4972 2286 5027 καὶ
2346 4975 2421 5047 μὴ
2466 4975 2729 5042 παραίνων
2773 4978 2864 5042 τὰς
2922 4980 3077 5033 αὗτοῦ
3146 4974 3362 5051 βουλὰς,
3414 4971 3533 5028 ἀλλ’
3593 4974 3645 5027 ἐν
3704 4969 3839 5039 αὖτῴ

2202 5066 2279 5134 τῷ
2308 5070 2474 5142 καιρῷ
2518 5064 2612 5130 τῆς
2671 5065 2868 5141 βουλῆς
2920 5067 3300 5141 ἐκτεμνόμενος
3366 5062 3502 5124 ὅλως
3560 5068 3651 5116 τοῦ
3706 5059 3834 5135 βίον.

2206 5148 2341 5207 Εἱδέ
2384 5173 2444 5230 γε
2502 5166 2617 5217 τοῖς
2663 5155 2849 5221 πένησι
2894 5158 2981 5212 καὶ
3038 5159 3115 5229 τῷ
3171 5161 3286 5228 Θεῴ
3334 5152 3689 5227 ἐθησαύριζεν,
3751 5152 3837 5206 οὐκ

2201 5237 2263 5294 ἂν
2305 5241 2463 5321 εἶχεν
2494 5242 2660 5301 οὕτως
2696 5264 2709 5277 ⁸
2759 5245 3139 5319 σπουδάσωμεν
3169 5256 3256 5300 ουν
3290 5244 3360 5307 εἷς
3404 5243 3532 5297 Θεὸν
3563 5238 3834 5316 πλουτεῖν,

2200 5331 2490 5407 τοττέστιν,
2524 5331 2608 5388 ἐπ’
2658 5333 2840 5391 ἐκείνω
2897 5335 3229 5414 πεποιθέναι,
3287 5334 3373 5388 καὶ
3404 5332 3607 5387 ἐκεῖνον
3636 5329 3834 5403 ἡμέτε-

2199 5441 2288 5498 ρον
2347 5420 2495 5502 ’ἐχειν
2525 5421 2778 5498 πλοῦτον,
2809 5425 2898 5481 καὶ
2926 5432 3018 5483 τοῦ
3068 5423 3299 5481 πλούτου
3329 5422 3572 5499 ταμείαν,
3618 5419 3705 5476 καὶ
3762 5417 3837 5493 μὴ

2196 5509 2372 5589 λέγειν
2400 5510 2480 5567 ὅτι
2537 5514 2602 5571 τὰ
2644 5512 2813 5592 ἀγαθά
2872 5537 2995 5590 μου,
3044 5514 3202 5594 ἀλλὰ,
3248 5514 3311 5569 τά
3352 5510 3523 5590 ἀγαθά
3546 5517 3637 5567 τοῦ
3682 5516 3829 5566 Θεοῦ·
