4132 6278
443 296 550 360 891

447 529 817 582 crementum
843 519 973 600 dat,
1008 521 1084 581 ita
1107 529 1163 582 et
1194 520 1310 581 alia
1341 517 1523 580 dabit.

507 704 694 764 νεεδ.
730 702 952 765 27-31.
994 727 1022 758 α
1061 701 1452 766 Considerate
1475 703 1616 761 375
1651 700 1773 761 lilia
1802 699 2099 781 quomodo

429 799 716 854 crescunt
747 814 758 849 :
800 811 916 852 non
955 790 1254 864 laborant,
1290 809 1484 870 neque
1517 799 1683 850 nent.
1729 789 1871 851 Dico
1905 794 2098 848 autem

426 878 736 951 vobis,uec
770 877 1055 941 Solomon
1101 879 1160 940 in
1199 879 1357 939 omni
1393 879 1584 956 gloria
1616 895 1724 938 sua
1746 875 2103 937 vestiebatur

436 969 591 1030 sicut
623 987 804 1028 unum
834 987 901 1028 ex
939 967 1085 1028 istis.
1116 968 1176 1030 Si
1210 976 1403 1028 autem
1450 985 1693 1044 gramen
1725 964 1883 1045 quod
1924 963 2102 1025 hodie

435 1065 527 1120 est
557 1057 614 1117 in
648 1075 814 1136 agro,
844 1063 903 1117 et
927 1075 1062 1118 cras
1095 1056 1155 1116 in
1181 1056 1482 1117 clibanum
1514 1054 1788 1134 mittitur,
1821 1053 1978 1115 Deus
2016 1053 2102 1113 sic

441 1145 647 1207 vestit-
682 1155 901 1226 quanto
956 1145 1141 1222 magis
1193 1163 1302 1207 vos
1341 1145 1571 1216 vesdet,
1597 1161 1633 1205 ο
1667 1161 1871 1222 parum
1907 1142 2098 1203 ﬁden-

443 1234 560 1296 tes?
594 1234 660 1295 Et
691 1253 793 1294 vos
827 1235 1006 1295 nolite
1063 1251 1334 1309 quaerere
1391 1232 1532 1314 quid
1593 1231 1754 1293 esuri
1801 1231 1953 1311 sitis,
2003 1239 2101 1291 aut

447 1324 588 1406 quid
623 1324 863 1385 bibituri
895 1342 912 1384 :
946 1331 1002 1384 et
1034 1323 1219 1384 nolite
1243 1322 1302 1383 in
1336 1321 1591 1383 sublime
1626 1321 1748 1382 tolli
1785 1319 1918 1382 Haec
1938 1320 2095 1381 enim

439 1415 638 1476 omnia
660 1426 866 1492 gentes
902 1413 1106 1474 mundi
1137 1421 1436 1492 quaerunt.
1461 1411 1635 1473 Pater
1666 1422 1865 1472 autem
1901 1419 2098 1471 vester

442 1503 552 1564 scit
581 1504 736 1583 quod
770 1505 896 1565 istis
930 1501 1268 1581 indigeatis.
1306 1501 1458 1574 Quin
1491 1503 1685 1582 potius
1717 1501 1964 1579 quaerite
1995 1517 2096 1559 re-

441 1611 620 1672 gnum
656 1592 852 1666 Dei,et
873 1593 998 1653 haec
1027 1591 1227 1653 omnia
1251 1590 1603 1670 adjicientur
1635 1589 1859 1651 vobis.»
1897 1587 1966 1649 Et
1987 1588 2100 1648 hoc

1404 296 1998 360 THEOPHYLACTI
2047 297 2458 359 BULGARLE
2503 299 2862 360 ARCHIEP.

426 431 663 492 sollitus
693 438 789 492 es?
825 430 1212 509 Perspicuum
1254 427 1605 506 enim,quod
1640 426 1794 488 sicut
1827 425 2107 506 Deus,in-
2134 449 2170 486 τι
2196 435 2303 485 κῶν
2342 450 2353 463 ·

3808 300 3956 362 39-:

2421 429 2659 498 τηκεδὼν
2691 432 2790 511 γὰρ
2831 432 2866 499 ἡ
2899 431 3149 510 μέριμνα,
3186 435 3242 490 Εἰ
3273 434 3444 491 τοίνυν
3475 435 3541 492 τὸ
3572 433 3956 515 ἐλάχιστα-

2179 519 2245 575 οὔ
2289 517 2502 576 δύνασαι
2535 521 2847 600 προσθῆναι,
2881 521 2930 576 τί
2957 542 3073 601 περι
3112 527 3217 578 τῶν
3276 521 3480 580 λοιπῶν
3543 531 3897 603 μεριμνᾷς
3940 545 3956 594 ;

2190 606 2459 686 Πρόδηλον
2500 610 2600 689 γὰρ
2631 609 2736 685 ὅτι,
2783 609 2964 688 ὥσπερ
3016 611 3116 678 τὴν
3146 609 3363 679 αὔξησιν
3392 616 3420 670 6
3452 613 3592 676 Θεὸς
3637 613 3949 682 δίδυκησσ,

2185 697 2321 754 οὕτω
2350 699 2438 755 καὶ
2467 697 2635 756 τᾶλλα
2666 697 2854 758 δώσει.

2277 809 2295 842 ι
2347 789 2724 858 Κατανοήσατε
2796 789 2863 844 τὰ
2920 789 3068 864 κρίνα
3117 796 3232 853 πῶς
3276 790 3479 856 αὐξάνει
3517 807 3532 821 ⁶
3572 793 3649 848 οὗ
3695 802 3938 866 κοπιᾷ,

2186 874 2299 932 οὖδὲ
2343 878 2516 946 νήθει.
2554 876 2708 956 Λέγω
2749 879 2901 952 ὑμῖν,
2935 878 3014 934 ὃτι
3045 876 3160 935 οὐδὲ
3189 877 3442 953 Σολομῶν
3484 881 3543 938 ἐν
3591 883 3803 960 πάσῃ
3863 893 3936 960 τῇ

2185 964 2307 1043 δόξῃ
2367 967 2526 1024 αὐτοῦ
2556 965 2904 1045 περιεϐάλετο
2933 969 3008 1031 ὡς
3053 967 3108 1023 ἓν
3153 968 3378 1031 τούτων,
3415 972 3474 1027 Εἰ
3501 969 3562 1027 δὲ
3589 972 3718 1028 τὸν
3762 974 3933 1052 χόρ-

2183 1077 2275 1112 τον
2306 1055 2361 1111 ὲν
2404 1063 2479 1130 τῷ
2524 1057 2671 1134 ἀγρῷ
2730 1058 2964 1136 σήμερον
3007 1057 3160 1133 ὄντα,
3212 1060 3302 1113 καὶ
3331 1057 3504 1136 αὔριον
3535 1061 3615 1124 εἰς
3686 1059 3932 1118 aclis:-

2184 1167 2271 1201 νον
2356 1143 2707 1222 βαλλόμενον,
2795 1148 2822 1201 6
2881 1147 3011 1210 Θεὸς
3081 1144 3250 1210 οὕτως
3302 1147 3651 1230 ἀμφιέννυσι,

2183 1231 2383 1308 μᾶλλον
2433 1235 2595 1312 ὑμᾶς,
2642 1231 2972 1309 ὀλιγόπιστοι
3009 1253 3025 1314 ς
3059 1231 3163 1294 Καὶ
3217 1236 3373 1310 ὑμεῖς
3418 1237 3495 1310 μὴ
3526 1245 3804 1309 ζητεῖτε
3875 1241 3928 1295 τί

2182 1323 2388 1400 φάγητε
2431 1320 2468 1390 ἢ
2499 1330 2588 1378 καὶ
2634 1322 2685 1378 τί
2737 1323 2925 1402 πίητε,
2983 1323 3071 1379 καὶ
3124 1323 3201 1398 μὴ
3232 1326 3636 1401 μετεωρίζεσθε.
3703 1329 3921 1386 Tim:

2180 1410 2280 1487 γὰρ
2340 1410 2514 1466 πάντα
2585 1411 2651 1469 τὰ
2729 1409 2854 1478 ἔθνη
2928 1411 3021 1467 τοῦ
3077 1411 3282 1487 κόσμου
3338 1412 3614 1484 ἐπιζητεῖ,
3697 1407 3918 1491 ἰ’μιῖῆ

2180 1496 2234 1554 δὲ
2291 1501 2318 1554 6
2370 1499 2551 1577 Πατὴρ
2595 1498 2763 1573 οἶδεν,
2813 1499 2892 1556 ὅτι
2939 1500 3169 1580 χρῄζετε
3198 1502 3422 1559 τούτων·
3458 1501 3610 1572 πλὴν
3642 1513 3913 1576 ζητεῖτε

2181 1587 2280 1654 τὴν
2335 1587 2608 1664 βασιλείαν
2666 1596 2758 1645 τοῦ
2817 1596 2970 1665 Θεου,
3016 1591 3106 1646 καὶ
3147 1599 3312 1649 ταῦτα
3367 1592 3538 1648 πάντα
3617 1615 3909 1673 προστε-

443 1681 702 1743 liliorum
764 1682 1099 1760 exemplum
1144 1680 1360 1758 posuit,
1389 1689 1451 1740 ut
1485 1697 1593 1739 nos
1650 1677 1838 1757 magis
1877 1677 2102 1756 pudore

2191 1677 2404 1745 θήσεται
2454 1678 2610 1752 ὑμῖν.
2648 1699 2676 1731 κ
2731 1678 2830 1735 Καὶ
2873 1679 2934 1733 τὸ
2992 1684 3100 1734 τῶν
3131 1680 3324 1758 κρίνων
3368 1679 3704 1760 ὑπόδειγμα,

442 1770 912 1833 sutl'underet.Si
945 1770 1104 1831 enim
1135 1769 1261 1831 haec
1287 1769 1373 1830 sic
1409 1770 1579 1830 vestit
1610 1767 1785 1840 Deus,
1824 1775 1885 1826 ut
1913 1784 2103 1845 neque

448 1857 731 1920 Salomon
764 1860 822 1919 in
856 1858 1138 1920 omnibus
1170 1858 1403 1920 deliciis
1425 1858 1548 1920 suis
1575 1856 1763 1936 possit
1785 1855 1870 1916 sic
1911 1863 2105 1916 vester

445 1957 510 2009 ut
539 1967 722 2010 unum
749 1969 816 2010 ex
850 1949 999 2024 istis,
1035 1967 1286 2029 quorum
1312 1948 1474 2011 nulla
1504 1947 1744 2028 quidem
1772 1954 1862 2006 est
1886 1963 2099 2005 neces-

442 2037 586 2098 sitas
621 2038 1111 2117 pulchritudinis;
1146 2046 1362 2118 quanto
1391 2038 1572 2114 magis
1613 2054 1742 2114 nos,
1775 2033 2098 2095 honorabi-
2131 2079 2133 2081 -

442 2126 527 2188 les
557 2146 677 2207 prae
705 2127 942 2189 caeteris
964 2135 1291 2201 creaturas,
1327 2126 1562 2205 vestiet,
1599 2123 1928 2205 praesertim
1964 2142 2099 2184 cum

2187 1767 2243 1821 v‘o
2288 1764 2714 1844 ἐντρέψαιξὴμᾶς
2758 1764 2948 1823 πλεῖον
2979 1765 3167 1833 ’έθηκεν
3203 1783 3217 1797 ⁸
3253 1769 3298 1824 εἰ
3343 1769 3442 1848 γὰρ
3469 1780 3644 1830 ταῦτα
3695 1772 3902 1835 οὕτως

2187 1851 2525 1933 ἀμφιέννυσιν
2587 1857 2614 1909 6
2661 1854 2816 1927 Θεὸς,
2875 1855 2948 1918 ὡς
3009 1853 3146 1931 μηδὲ
3189 1855 3286 1923 τὴν
3343 1863 3437 1914 τοῦ
3494 1857 3898 1936 Σολομῶντος

2185 1939 2336 2006 δόξαν
2379 1941 2596 2022 ἰσχύσαι
2653 1939 3023 2022 περιϐαλέσθαι
3053 1943 3185 2001 ποτὲ
3233 1947 3307 2010 ὡς
3365 1944 3420 2000 ἓν
3473 1947 3716 2023 τούτων,
3795 1951 3895 2005 καὶ

2185 2037 2349 2088 ταῦτα
2406 2041 2497 2090 τοῦ
2539 2029 2768 2097 κάλλους
2816 2038 2922 2089 τῶν
2970 2033 3159 2111 κρίνων
3203 2034 3281 2109 μὴ
3325 2034 3616 2115 ἀναγκαίου
3681 2039 3886 2114 ὄντος,

2186 2120 2336 2195 πόσῳ
2381 2119 2583 2197 μᾶλλον
2612 2123 2782 2197 ἡμᾶς,
2813 2124 2875 2178 τὸ
2903 2123 3076 2198 τίμιον
3122 2122 3368 2200 πλάσμα,
3425 2130 3518 2185 οὐκ
3571 2127 3884 2208 ἀμφιὲσει,

442 2216 768 2277 necessitas
818 2217 1091 2295 corporis
1137 2215 1552 2276 indumentum
1595 2211 1901 2293 postulet?
1946 2210 2098 2283 Quid

2191 2211 2275 2264 καὶ
2329 2217 2494 2266 ταῦτα
2551 2210 2841 2289 ἀναγκαίου
2919 2209 3071 2275 ὄντος
3156 2218 3233 2269 τῶ
3291 2217 3498 2290 σώματι
3542 2217 3711 2291 ὴμῶν
3782 2224 3882 2274 τοῦ

442 2305 644 2385 igitur,
671 2305 827 2366 dicet
852 2305 1345 2384 quispiam.jubes
1369 2313 1430 2364 ut
1463 2321 1578 2363 non
1613 2302 1878 2362 colamus
1906 2307 2102 2377 agros?

2193 2295 2474 2373 ἐνδύματος
2507 2318 2524 2378 ς
2559 2299 2620 2356 Τί
2678 2302 2789 2380 οὖν,
2836 2301 2988 2379 φησὶ,
3047 2299 3282 2366 κελεύεις
3339 2305 3482 2380 ἡμᾶς
3533 2306 3612 2382 μὴ
3677 2329 3876 2386 γεωρ-

448 2393 577 2455 Non
609 2392 874 2472 dixit,Ne
904 2393 1111 2453 colatis
1141 2411 1312 2472 agros
1351 2410 1363 2453 :
1403 2391 1534 2465 sed,
1561 2389 1647 2451 Ne
1672 2389 1907 2450 solliciti
1955 2389 2102 2449 sitis.

2191 2403 2308 2465 γεῖν
2347 2405 2362 2462 ;
2399 2391 2507 2446 Οὐκ
2539 2389 2665 2445 εἶπε
2698 2404 2711 2418 ·
2746 2389 2838 2456 Μὴ
2869 2402 3184 2468 γεωργεῖτε,
3217 2389 3373 2466 ἀλλὰ,
3409 2395 3496 2461 Μὴ
3530 2403 3876 2471 μεριμνᾶτε.

450 2482 684 2544 Etenim
711 2502 827 2542 non
863 2481 1151 2562 prohibeo
1187 2501 1261 2542 ne
1289 2480 1545 2560 labores,
1576 2480 1678 2540 sed
1714 2498 1788 2540 ne
1817 2479 2102 2540 sollicitus

2191 2475 2533 2557 Ἐργσίζεσθαι
2595 2479 2693 2554 μὲν
2737 2480 2837 2558 γὰρ
2881 2480 2941 2536 οὗ
2998 2479 3212 2560 κωλύω,
3277 2489 3534 2560 μεριμνᾶν
3578 2483 3666 2564 δὲ,
3729 2487 3872 2564 ὅπερ

454 2572 556 2640 sis,
589 2571 881 2632 interdico
918 2593 930 2634 :
971 2571 1080 2632 hoc
1104 2581 1216 2645 est,
1252 2590 1325 2632 ne
1352 2589 1517 2650 spem
1565 2588 1750 2648 ponas
1777 2570 1834 2630 in
1867 2578 1922 2629 te
1952 2569 2102 2648 ipso.

2193 2565 2302 2622 ἔστι
2358 2568 2456 2634 τὴν
2501 2566 2683 2624 ἐλπίδα
2716 2567 2871 2648 ἔχειν
2914 2568 2968 2624 ἐν
3014 2569 3252 2650 ἑαυτοῖς,
3309 2578 3463 2629 τοῦτο
3505 2573 3867 2653 ἀπαγορεύω.

451 2660 545 2724 Sic
571 2662 671 2742 qui
706 2661 1025 2734 laborat,et
1055 2680 1221 2741 spem
1256 2647 1434 2722 habet
1465 2660 1520 2719 in
1557 2647 1700 2731 Deo,
1738 2660 1786 2720 is
1817 2647 2102 2720 citrasol-

2197 2647 2287 2721 Ὠς
2321 2656 2412 2735 ὅγε
2443 2647 2946 2742 ἓργαζόμενος-μὲν,
3007 2647 3247 2729 ἐλπίζων-
3281 2657 3335 2715 δὲ
3365 2662 3438 2725 εἰς
3471 2647 3649 2737 Θεὸν,⁷
3679 2647 3863 2726 οῧτως

442 2739 810 2812 licitudinem
837 2739 1164 2822 vivit.Quod
1191 2751 1347 2811 enim
1374 2747 1834 2810 sollicitudinem
1861 2746 2102 2808 utaDeo

2191 2745 2491 2826 ἀμερίμνως
2537 2747 2728 2825 διάγει.
2801 2739 2933 2806 ΗΟτι
2978 2749 3079 2828 γὰρ
3137 2749 3236 2816 τὴν
3295 2750 3552 2830 μέριμναν
3602 2755 3684 2814 ὡς
3749 2755 3862 2809 άπ-

442 2839 844 2902 abducentem
868 2839 1512 2913 resecet,manifestum
1537 2837 1915 2898 estProinde
1936 2836 2102 2896 dicit:

2191 2836 2418 2913 άγουσαν
2465 2839 2595 2894 Θεοῦ
2634 2837 2903 2918 ἐκκόπτει,
2936 2836 3121 2905 δῆλον.
3171 2841 3312 2905 Φησὶ
3340 2841 3438 2918 γάρ
3462 2857 3478 2872 ⁹
3513 2841 3603 2896 Μὴ
3629 2849 3858 2912 ζητεῖτε

447 2928 532 2991 Ne
563 2928 837 3010 quaeratis
890 2929 1030 3009 quid
1091 2929 1436 2994 comedetis,
1475 2927 1563 2988 vel
1597 2927 1739 3007 quid
1775 2925 2010 3000 bibatis,
2047 2935 2102 2985 et

2191 2925 2235 2979 τί
2294 2927 2527 3006 φάγητε,
2559 2925 2594 2993 ἢ
2624 2926 2672 2981 τί
2701 2926 2882 3001 πίητε,
2933 2928 3022 2982 καὶ
3080 2926 3157 3002 μὴ
3188 2931 3590 3005 μετεωρίζεσθε,
3623 2937 3857 2989 Μετεω-

448 3019 632 3081 nolite
665 3020 725 3080 in
756 3019 1014 3080 sublime
1045 3018 1190 3081 tolli.
1220 3018 1279 3078 In
1310 3017 1568 3078 sublime
1595 3016 1718 3077 tolli
1754 3033 1990 3096 prorsus
2021 3033 2102 3075 m-

2191 3017 2378 3092 ρισμὸν
2434 3017 2534 3094 γὰρ
2587 3015 2799 3080 πάντως
2857 3012 3005 3072 ούδὲν
3061 3013 3193 3072 ἄλλο
3252 3014 3415 3097 λέγει,
3474 3018 3512 3086 ἢ
3566 3022 3660 3076 τὸν
3690 3042 3855 3098 περι-

446 3108 528 3171 hil
557 3107 716 3170 aliud
741 3107 884 3170 dicit
913 3127 1086 3189 quam
1121 3107 1665 3178 distractionem,et
1687 3105 1902 3166 mentis
1927 3105 2102 3190 iustaj

2193 3105 2461 3183 σπασμὸν,
2509 3106 2597 3161 καὶ
2638 3111 2730 3160 τοῦ
2789 3102 3049 3183 λογισμοῦ
3090 3104 3190 3173 τὴν
3252 3105 3476 3163 ἄστατον
3532 3111 3850 3190 περιφορὰν,

448 3198 628 3260 bilem
655 3179 1183 3270 versione-mmunc
1209 3198 1509 3276 hoc,nunc
1539 3195 1686 3256 illud
1717 3195 2031 3273 cogitantis
2050 3186 2102 3256 el

2192 3185 2382 3248 ἄλλοτε
2414 3179 2545 3250 ἄλλο
2610 3179 3014 3270 ἐνθυμουμένου,
3073 3195 3161 3250 καὶ
3203 3195 3311 3252 ἀπὸ
3340 3197 3527 3255 τούτου

447 3286 521 3347 ab
553 3287 746 3348 hocin
773 3285 1307 3360 illud,salientis,et
1338 3304 1580 3365 semper
1610 3284 1920 3345 sublimius
1939 3283 2103 3362 quid-

445 3376 580 3437 dam
607 3375 987 3453 imaginantis
1020 3393 1246 3436 secum.
1284 3375 1498 3437 Annon
1543 3374 1719 3436 fuerit
1752 3373 1810 3432 in
1845 3373 2106 3434 sublime

445 3463 775 3527 tolli?Hanc
801 3463 978 3541 igitur
1011 3463 1502 3533 sollicitudinem,
1538 3463 1648 3524 hoc
1684 3471 1768 3524 est
1803 3463 1878 3522 ita
1905 3461 1964 3521 in
1996 3481 2103 3523 su-

445 3553 629 3615 blime
653 3552 800 3632 tolli,
835 3552 972 3632 quia
995 3571 1027 3612 a
1052 3551 1172 3614 Deo
1195 3552 1456 3627 abducit,
1479 3543 1758 3632 prohibet
1795 3551 2102 3613 Dominus.

445 3643 654 3704 dicens
676 3642 797 3702 haec
815 3642 1231 3720 omniagentes
1247 3639 1927 3721 inquirere.Sollicitudu
1946 3641 2105 3702 enim

446 3750 562 3792 non
587 3731 730 3791 solis
747 3729 1100 3791 necessariis
1126 3738 1406 3790 contenta
1427 3739 1535 3800 est,
1563 3729 1769 3804 sed,ut
1789 3728 2105 3808 dixi,sem-

445 3837 552 3901 per
582 3819 753 3880 altius
789 3836 848 3880 et
885 3819 1080 3896 majus
1111 3817 1248 3898 quid
1282 3818 1557 3898 requirit,
1583 3826 1640 3877 et
1673 3824 1987 3897 propterea
2012 3817 2103 3876 di-

447 3907 600 3969 citur
641 3904 1006 3986 μετεωρισμὸε
1062 3906 1236 3967 elatio
1295 3906 1354 3967 in
1405 3905 1764 3968 sublimeEt
1791 3914 1852 3966 ut
1881 3905 2103 3985 aliquid

446 3997 701 4075 exempli
735 3995 921 4075 gratia
946 3995 1288 4056 dicamznon
1323 3994 1612 4056 habemus
1639 3993 2108 4075 panem,sollici-

452 4084 491 4145 ti
512 4103 716 4146 sumus
738 4084 897 4146 unde
917 4084 1459 4146 habeamuszetnon
1485 4082 1544 4144 in
1568 4084 1676 4146 hoc
1699 4083 2099 4157 subsistimus,

2189 3280 2272 3337 ἐπ’
2335 3282 2536 3364 ἐκεῖνο,
2609 3285 2698 3342 καὶ
2775 3284 2854 3339 ἀεὶ
2911 3284 2976 3339 τὰ
3035 3281 3342 3363 ὑψηλότερα
3398 3289 3791 3365 φανταζομένου
3825 3307 3841 3322 ·

2189 3372 2311 3450 οὒχὶ
2341 3371 2494 3428 τοῦτό
2525 3371 2666 3428 ἐστιν
2709 3375 2736 3429 ὁ
2789 3373 3151 3452 μετεωρισμός
3186 3392 3202 3453 ;
3268 3367 3361 3438 Ὠς
3404 3379 3494 3432 οὖν
3539 3379 3836 3455 ἆπάγουσαν

2187 3462 2332 3535 ἡμᾶς
2395 3468 2485 3517 τοῦ
2557 3467 2690 3516 Θεοῦ
2745 3461 2845 3528 τὴν
2915 3461 3163 3528 τοιαύτην
3242 3461 3525 3542 μέριμναν,
3585 3465 3690 3533 ἤτοι
3736 3468 3826 3522 τὸν

2194 3551 2584 3626 μετεωρισμὸν,
2685 3549 3001 3628 ἀπαγορεύει
3099 3552 3127 3606 6
3215 3553 3426 3631 Κύριος,
3494 3555 3674 3631 εἰπὼν,
3750 3555 3830 3612 ὅτι

2193 3646 2366 3696 Ταῦτα
2421 3639 2594 3694 πάντα
2632 3640 2699 3694 τὰ
2738 3636 2858 3706 ἔθνη
2904 3642 3173 3710 ἐπιζητεῖ.
3236 3644 3309 3699 Οὐ
3366 3644 3467 3722 γὰρ
3517 3643 3676 3724 μέχρι
3729 3653 3830 3703 τῶν

2191 3728 2493 3806 ἀναγκαίων
2547 3729 2580 3796 ἡ
2628 3727 2859 3808 μέριμνα
2915 3728 3153 3800 ἵσταται,
3207 3727 3326 3786 ἀλλ’
3368 3731 3498 3811 ὅπερ
3527 3737 3698 3810 εἷπον,
3756 3735 3830 3792 ἆεὶ

2189 3819 2254 3873 τὰ
2308 3816 2612 3898 ὑψηλότερα
2672 3825 2830 3890 ζητεῖ
2864 3833 2878 3848 '
2935 3817 3014 3875 διὸ
3066 3821 3154 3876 καὶ
3197 3824 3562 3897 μετεωρισμὸς
3605 3822 3826 3902 λέγεται,

2189 3909 2309 3963 οἷόν
2366 3908 2416 3962 τί
2459 3930 2598 3986 φημι
2632 3923 2647 3939 ⁸
2703 3911 2810 3966 Οὐκ
2852 3908 3056 3988 ἔχομεν
3087 3907 3268 3988 ἄρτον,
3303 3918 3639 3990 μεριμνῶμεν
3679 3915 3826 3972 πόθεν

2186 3996 2408 4072 ἕξωμεν,
2467 3998 2555 4052 καὶ
2614 3999 2708 4053 οὒκ
2767 3996 2895 4077 ἄχρι
2949 3998 3134 4054 τούτου
3197 3999 3475 4075 ἱστάμεθα,
3549 4001 3682 4060 ἀλλᾶ
3743 4006 3826 4060 καὶ

2185 4089 2372 4143 ὁποῖον
2402 4084 2560 4156 στέαρ
2591 4093 2754 4164 πυροῦ
2791 4106 2802 4118 ·
2852 4086 2977 4142 εἶτα
3031 4088 3119 4142 καὶ
3173 4087 3346 4164 οἶνον,
3394 4089 3483 4144 καί
3528 4091 3705 4150 τοῦτον
3730 4093 3821 4149 ἂν-

445 4173 549 4236 sed
587 4183 645 4235 et
675 4181 735 4235 ut
765 4173 1003 4254 adipem
1037 4173 1579 4248 frumenti,deinde
1612 4182 1667 4235 et
1696 4173 2102 4254 vinum,idque

2191 4175 2424 4251 θοσμίαν,
2487 4174 2576 4229 καὶ
2632 4174 2765 4250 ὄψον
2820 4175 2950 4252 πρὸς
2998 4175 3232 4256 τούτοις,
3306 4179 3405 4234 Καὶ
3461 4185 3616 4236 τοῦτο
3668 4181 3821 4238 ἀττα-

449 4263 1072 4342 fragrantissimum,et
1091 4262 1162 4324 ad
1198 4265 1320 4324 haec
1347 4281 1507 4324 assas
1538 4281 1773 4337 carnes,
1811 4271 1867 4324 et
1895 4265 1969 4325 ad
1997 4265 2102 4324 has

2191 4265 2346 4344 γῆνος
2397 4264 2435 4332 ἢ
2489 4270 2768 4343 φασιανοῦ,
2853 4256 3007 4342 Ὀρᾷς
3078 4265 3176 4333 τὴν
3246 4264 3529 4344 μέριμναν,
3606 4272 3822 4329 καὶτὸν

445 4353 737 4432 attagines
761 4361 816 4415 et
850 4351 1378 4432 phasiauos.Vides
1427 4350 1914 4420 sollicitudinem,
1952 4363 2010 4414 et
2043 4352 2100 4412 in

2191 4353 2604 4433 μετεωρισμόν,
2667 4354 2764 4408 Διὰ
2815 4352 2970 4409 τούτο
3010 4355 3038 4410 6
3095 4354 3280 4433 Κύριος
3310 4355 3586 4423 παντελῶς
3643 4360 3818 4427 ταύτην

447 4440 706 4503 sublime
748 4460 816 4503 ac
864 4442 1118 4522 amplius
1168 4441 1564 4502 extollentiam
1616 4459 1790 4521 quam
1827 4440 1970 4502 dicit
1997 4465 2102 4516 με·

2191 4444 2478 4499 ἆποκοπτει
2513 4463 2528 4478 ·
2586 4444 2633 4497 οἱ
2662 4442 2862 4498 ἐθνικοὶ
2911 4442 3010 4520 γὰρ
3038 4449 3204 4499 ταῦτα
3251 4450 3523 4514 ζητυῦσιν.
3561 4448 3688 4504 Εἶτα
3739 4453 3820 4506 καὶ

440 4529 1108 4611 τεωριομόιιῖΕειρνοριθιι
1130 4528 1416 4590 Dominus
1438 4538 1700 4610 amputat
1728 4530 1852 4590 haec
1871 4530 2094 4594 omnia:

2191 4533 2358 4607 ἕτερον
2415 4531 2600 4611 ἐπάγει
2632 4531 2922 4607 λογισμὸν,
2956 4531 3038 4588 ὅτι
3069 4534 3097 4589 6
3131 4533 3314 4612 Πατὴρ
3343 4535 3502 4610 ἡμῶν
3563 4535 3696 4594 οἶδεν
3739 4537 3813 4594 ὅτι

440 4619 696 4698 gentiles
727 4619 886 4680 enim
921 4620 1045 4679 haec
1075 4616 1626 4699 quieruntlusuper
1645 4628 1699 4679 et
1729 4618 1904 4679 aliam
1931 4620 2102 4681 atl‘ert

2191 4622 2434 4703 χρήζετε,
2494 4623 2582 4678 καὶ
2633 4621 2737 4700 οὐχ
2795 4620 2888 4678 ἕνα
2942 4620 3227 4700 λογισμὸν,
3273 4621 3413 4680 ἀλλὰ
3459 4627 3550 4682 καὶ
3604 4625 3816 4691 πλείους,

441 4707 730 4769 rationem
771 4729 782 4770 :
812 4707 948 4788 quia
977 4707 1151 4768 Pater
1181 4715 1382 4768 noster
1412 4707 1525 4768 scit
1553 4707 1691 4788 quia
1707 4708 1800 4768 his
1822 4727 1968 4789 opus
1991 4710 2101 4770 ha-

2191 4712 2366 4789 Πατὴρ
2411 4712 2512 4792 γάρ
2543 4710 2680 4785 ἐστι,
2727 4713 2880 4791 φησὶ,
2940 4711 3030 4766 καὶ
3087 4711 3131 4765 εἰ
3160 4711 3372 4790 Πατὴρ,
3421 4720 3538 4780 πῶς
3568 4715 3623 4773 οὗ
3649 4715 3809 4794 δώσει,

445 4797 622 4877 betis,
657 4797 778 4859 imo
811 4817 925 4858 non
961 4816 1136 4858 unam
1169 4795 1483 4876 rationem,
1521 4796 1623 4857 sed
1659 4797 1895 4860 multas.
1921 4801 2100 4861 Pater

2191 4799 2355 4857 Ἀλλὰ
2397 4803 2486 4857 καὶ
2543 4797 2682 4875 οἶδε,
2734 4799 2812 4875 μὴ
2858 4801 2956 4879 γὰρ
3010 4798 3220 4877 ἀγνοεῖ,
3265 4799 3404 4860 ἀλλὰ
3457 4806 3549 4860 καὶ
3589 4806 3808 4886 χρῄζετε,

441 4886 772 4966 est,inquit,
809 4895 865 4947 et
895 4885 1480 4967 si‘Pater,quomodo
1516 4905 1631 4946 non
1662 4886 1854 4947 dabit?
1887 4885 2003 4950 Sed
2043 4898 2104 4950 et

442 4964 696 5048 scit,nec
724 4975 882 5035 enim
909 4964 1138 5053 ignorat
1165 4964 1185 5038 ξ
1206 4964 1326 5037 ’8θά
1359 4985 1416 5037 et
1439 4995 1540 5036 vos
1570 4995 1719 5054 opus
1753 4975 2098 5060 habetis<a),

441 5083 552 5127 nec
611 5065 768 5125 enim
830 5067 1087 5144 superna
1146 5073 1304 5137 sunt,
1366 5065 1471 5127 sed
1527 5063 1692 5124 vobis
1733 5068 2096 5128 necessaiia.

442 5153 625 5233 Igitur
655 5172 788 5214 cum
819 5161 876 5214 et
898 5153 1026 5233 ipse
1054 5155 1124 5215 sit
1151 5157 1345 5227 Pater,
1385 5163 1444 5216 et
1475 5173 1576 5215 vos
1620 5173 1771 5234 opus
1803 5155 2093 5232 habeatis,

441 5254 499 5304 et
548 5243 692 5304 sciat
738 5241 863 5318 ille,
889 5244 1187 5323 quomodo
1215 5263 1330 5304 non
1354 5244 1598 5305 daturus
1630 5244 1816 5305 esset?
1845 5245 2104 5316 Quaerite

463 5331 620 5409 gitur
651 5349 906 5412 regnum
939 5332 1044 5395 Dei
1079 5347 1218 5394 ante
1247 5333 1466 5410 omnia,
1503 5333 1643 5392 574
1684 5345 1744 5396 et
1796 5342 2102 5414 tempora-

2186 4893 2263 4965 μὴ
2304 4891 2403 4970 γὰρ
2461 4892 2681 4969 περιττοί
2744 4888 2911 4963 ἐστιν,
2970 4887 3108 4944 ἀλλά
3164 4888 3426 4970 χρειωδη.
3491 4895 3549 4952 Et
3607 4897 3686 4950 οὖν
3734 4899 3812 4952 καὶ

2187 4981 2392 5060 Πατὴρ,
2443 4981 2531 5036 καὶ
2591 4981 2748 5055 ὑμεῖς
2807 4979 3063 5060 χρῂζετε,
3117 4981 3208 5036 καὶ
3249 4977 3399 5036 οἶδεν
3442 4981 3664 5064 ἐκεῖνος,
3711 4991 3808 5050 πῶς

2186 5075 2244 5130 οὒ
2303 5070 2460 5130 δώσει
2498 5088 2514 5146 ;
2546 5080 2768 5138 Ζητεττε
2799 5072 2888 5128 οὖν
2920 5071 3020 5138 τὴν
3059 5069 3331 5148 βασιλείαν
3374 5080 3467 5130 τοῦ
3511 5081 3636 5132 Θεοῦ
3688 5097 3803 5155 προ-

2184 5162 2521 5242 ηγουμένως,
2555 5164 2641 5218 καὶ
2683 5161 2779 5228 τὴν
2839 5163 2957 5240 περὶ
3012 5162 3082 5216 τὰ
3135 5162 3360 5238 βιωτικὰ
3391 5162 3645 5241 μέριμναν
3686 5167 3804 5222 ἀπο.

2186 5254 2501 5325 ποιήσασθε,
2561 5253 2632 5312 ὡς
2691 5252 3038 5308 ὲκκόπτυυσιν
3109 5253 3252 5326 ἡμᾶς
3312 5250 3418 5308 ἀπὸ
3469 5251 3672 5314 τούτου.
3721 5250 3808 5315 Καὶ

2185 5348 2306 5404 τότε
2349 5350 2513 5399 ταῦτα
2557 5338 2727 5398 πάντα
2759 5345 3173 5422 προστεθήσεται
3225 5341 3376 5417 ὑμῖν.
3441 5332 3595 5422 Ὀρᾷς
3649 5344 3804 5420 Θεόν;

518 5508 608 5587 (ιι)
641 5507 792 5570 Edit.
833 5509 962 5570 Lut.
997 5510 1114 5574 Sed
1146 5517 1199 5574 et
1223 5511 1335 5573 scit
1366 5529 1378 5570 :
1412 5514 1705 5592 quomodo
1736 5516 1898 5578 enim
1933 5517 2239 5601 ignoraret
2267 5525 2295 5586 .9
2325 5521 2448 5588 Sed
2476 5470 2530 5586 et
2559 5522 2712 5603 quod
2740 5539 2889 5604 opus
2919 5519 3176 5586 habetis.
