4132 6298
181 394 335 458 893
982 398 1427 463 ENARRATIO
1470 402 1552 463 IN
1600 400 2109 464 EVANGELIUM
2156 403 2395 466 LUC/E.
2448 437 2520 447 —
2566 405 2731 467 CAP.
2794 405 2905 466 XII
3494 401 3610 466 894

174 530 236 585 εἰ
326 536 522 601 ζητεῖς
592 530 657 587 τὰ
715 532 901 609 μικρὰ,
963 532 1057 587 οὒκ
1086 531 1305 609 ἀρεστὸν
1340 537 1480 609 αὐτῷ
1510 549 1709 599 ποιεῖς’
1744 555 1881 590 κατ-

1972 530 2111 593 Iium
2136 533 2601 596 sollicitudinem
2635 532 2896 615 abjicite,
2932 554 3062 616 qum
3094 536 3166 597 ab
3213 536 3309 597 illo
3345 535 3609 612 abducit,

178 618 501 698 αισχὺνεις
562 619 661 695 γὰρ
743 620 805 675 τὸ
864 619 1023 677 αὐτοῦ
1077 619 1475 699 μεγαλόδωρον.
1510 625 1570 687 Ei
1604 632 1787 693 ζητεῖς
1818 624 1883 678 τὰ

1972 621 2443 704 adjicienturque
2476 624 2642 685 vobis
2696 634 2837 685 tunc
2891 626 3111 686 omnia.
3166 624 3344 686 Vides
3376 625 3531 706 quod
3564 624 3613 684 si

186 706 457 785 μεγάλα,
521 706 703 762 ἐκεῖνᾶ
759 729 815 762 τι
873 706 1050 789 λήψῃ,
1109 712 1197 766 καὶ
1253 712 1383 787 πρός
1442 734 1503 789 γε
1573 714 1880 784 προσθήκην

1972 729 2143 790 parva
2174 714 2480 793 quaesieris
2510 732 2542 774 a
2573 713 2975 794 Deo,ninililli
3007 725 3232 792 gratum
3262 714 3609 775 faciaszmu-

181 796 344 862 ἔξεις
403 798 491 852 καὶ
560 798 627 852 τὰ
655 800 840 872 μικραο
878 799 921 853 εί
954 799 1055 876 γὰρ
1086 798 1188 854 ἴδοι
1219 822 1279 856 σε
1333 800 1734 881 ἀσχολούμενον
1762 795 1881 879 περί

1972 799 2329 862 nilicentiam
2360 804 2519 863 enim
2556 803 2684 881 ejus
2724 802 3103 864 dehonestas.
3141 802 3244 863 Sin
3272 801 3613 883 quaesiveris

182 889 308 954 τὴν
370 885 644 963 βασιλείαν
714 888 895 967 αὐτοῦ,
953 888 1250 966 ἀναγκαῖον
1300 889 1535 971 πάντως,
1623 889 1703 946 ὅτι
1733 912 1871 966 προ-

1972 907 2196 966 magna.
2231 900 2289 951 et
2321 892 2421 952 illa
2449 892 2704 970 accipies
2734 900 2946 951 etcum
2981 892 3099 954 illis
3130 893 3387 972 accipies
3436 892 3608 951 etiam

187 974 473 1044 νοήσεταί
516 998 610 1033 σου
632 974 684 1031 ἐν
714 989 832 1040 τοῖς
875 990 1018 1041 σοῖς.
1066 968 1151 1034 ’Ἠ
1197 980 1317 1059 οὒχὶ
1346 981 1433 1037 καὶ
1462 968 1626 1055 ἡμεῖς
1653 980 1707 1035 ἐν
1750 992 1873 1042 ταῖς

1972 996 2155 1059 parva.
2186 979 2329 1041 Nam
2354 998 2484 1042 cum
2516 968 2818 1042 teviderit
2845 990 3189 1061 occupatum
3242 968 3425 1058 regno
3457 1000 3586 1051 suo,

195 1065 442 1127 οἱκεὶαις
500 1063 637 1121 οὕτω
694 1073 973 1145 ποιοῦμεν,
1047 1066 1247 1141 μᾶλλον
1280 1069 1491 1125 ἐκείνων
1516 1070 1873 1148 φροντίζοντες

1972 1066 2134 1147 plane
2165 1070 2563 1129 necessarium
2598 1077 2659 1129 ut
2685 1079 2742 1129 et
2767 1068 2873 1131 tibi
2900 1069 2958 1129 in
2991 1070 3169 1131 rebus
3199 1070 3311 1130 tuis
3357 1070 3592 1148 prospi~

195 1159 322 1209 τῶν
385 1152 542 1217 ὅλους
576 1155 814 1219 ἑαυτοὺς
883 1154 1275 1213 ἐπιδεδωκότων
1330 1164 1398 1235 τῇ
1440 1158 1673 1237 ἡμετέρᾳ
1715 1162 1875 1235 θερα-

1972 1160 2095 1219 :iat.
2123 1158 2332 1219 Annon
2366 1171 2421 1217 et
2462 1179 2568 1218 uos
2600 1159 2659 1219 in
2710 1158 2890 1221 rebus
2927 1158 3185 1240 propriis
3215 1160 3299 1219 sic
3323 1160 3589 1230 facimus,

199 1242 365 1315 πείᾳ,
430 1244 517 1300 καὶ
560 1244 759 1299 τούτων
789 1246 1189 1322 προνοούμενοι,
1224 1248 1296 1310 ὡς
1343 1250 1420 1322 μὴ
1478 1248 1875 1328 προνοουμένων

1972 1255 2020 1308 et
2043 1248 2226 1326 magis
2250 1266 2448 1309 curam
2481 1249 2711 1308 illorum
2745 1249 2995 1327 agimus,
3031 1248 3129 1329 qui
3162 1268 3225 1309 se
3251 1256 3403 1309 totos
3427 1247 3598 1308 nobis

202 1334 447 1411 αὖτῶνς
521 1335 581 1389 ού
650 1332 835 1407 πολλῷ
866 1337 954 1391 οὖν
1000 1333 1200 1410 μᾶλλον
1231 1338 1258 1392 6
1306 1338 1487 1415 Κύριος
1523 1356 1539 1416 ;
1592 1336 1875 1394 Ἐκκσίπτει

1972 1337 2394 1417 manciparunt,
2430 1338 2621 1416 deque
2655 1338 2769 1398 illis
2799 1338 3036 1400 solliciti
3086 1356 3291 1397 sumus
3322 1346 3595 1416 tanquam

206 1424 399 1480 τοίνυν
444 1424 542 1490 την
604 1425 721 1502 περὶ
780 1430 887 1479 τῶν
937 1426 1199 1500 βιωτικῶν
1271 1425 1527 1506 μέριμναν
1588 1430 1615 1483 6
1664 1427 1872 1506 Κύριος,

1972 1425 2191 1507 seipsos
2224 1426 2336 1505 ipsi
2372 1427 2698 1505 negligant?
2720 1434 2940 1507 quanto
2976 1428 3160 1503 magis
3191 1428 3247 1487 id
3268 1427 3385 1506 agit
3407 1426 3601 1487 Domi-

206 1511 316 1568 ἵνα
388 1513 546 1589 πείσῃ
603 1514 746 1588 ἡμᾶς
804 1520 990 1584 ζητεῖν
1047 1514 1145 1581 τὴν
1176 1514 1445 1591 βασιλείαν
1503 1519 1685 1574 αύτουο
1716 1537 1873 1595 μερι-

1972 1521 2103 1576 nus?
2126 1517 2446 1593 Propterea
2474 1517 2753 1578 Dominus
2783 1517 3043 1577 omnium
3071 1515 3481 1596 temporalium
3502 1533 3595 1574 cu-

211 1608 399 1675 μνῶσι
457 1603 557 1681 γὰρ
604 1608 757 1658 τοῦτο
814 1601 907 1658 οὒκ
974 1601 1195 1661 ἔνεστιν.
1232 1604 1319 1671 Μὴ
1363 1602 1549 1684 φοϐοό,
1592 1606 1654 1660 τὸ
1686 1607 1875 1682 μικρὸν

1972 1622 2081 1664 ram
2117 1604 2761 1685 rejicit,utquzeramus
2792 1624 3034 1685 regnum
3061 1607 3214 1684 ejus,
3252 1606 3304 1664 id
3339 1604 3494 1683 quod
3528 1604 3601 1663 de

214 1691 498 1767 ποίμνιον,
558 1694 642 1747 οτι
718 1689 999 1759 εὐδόκησεν
1070 1695 1097 1749 6
1140 1694 1320 1770 Πατὴρ
1348 1696 1495 1769 ὑμῶν
1528 1692 1702 1752 δοῦναι
1744 1696 1872 1768 ὑμῖν

1972 1693 2391 1772 temporalibus
2422 1694 2659 1756 solliciti
2688 1713 2806 1755 non
2836 1693 3211 1756 faciunt.Noli
3246 1696 3602 1772 timere,pu-

216 1782 323 1849 τὴν
349 1778 645 1857 βασιλείαν,

1972 1782 2135 1844 sillus
2160 1783 2470 1864 grex,quia
2500 1785 2913 1864 complacitum
2948 1793 3036 1844 est
3069 1785 3225 1845 Patri
3247 1789 3440 1843 vestro
3464 1782 3605 1842 dare

1901 1856 1940 1907 Β
1969 1870 2126 1933 vobis
2157 1856 2428 1950 regnum.
2638 1856 2653 1864 ’
3114 1874 3117 1875 ⁷

316 1984 339 2019 ε
408 1958 701 2029 Πωλήσατε
769 1961 835 2016 τὰ
867 1961 1173 2041 δπάρχοντα
1201 1964 1373 2036 ὑμῶν,
1429 1963 1514 2018 καὶ
1553 1961 1669 2019 δότε
1716 1962 1879 2030 ἐλεη-

222 2053 492 2128 μοσύνην’
565 2051 826 2119 ποιήσατε
894 2052 1107 2114 ὶαυτοῖς
1169 2049 1427 2127 βαλάντια
1482 2052 1560 2126 μὴ
1614 2051 1879 2109 παλαιού-

224 2163 391 2218 μενα,
450 2140 712 2218 θησαυρὸν
770 2138 1113 2196 ἀνέκλειπτον
1168 2141 1222 2197 ἐι
1282 2153 1401 2202 τοῖς
1448 2143 1715 2219 οὐρανοῖς,
1750 2141 1881 2199 ὅπου

220 2230 467 2297 κλέπτης
518 2233 611 2288 οὐκ
668 2228 885 2307 ἐγγίζει,
986 2227 1102 2286 οὒδὲ
1185 2231 1281 2298 σὴς
1362 2228 1662 2310 διαφθείρει·
1748 2230 1881 2288 ὅπου

225 2323 330 2401 γὰρ
403 2320 545 2377 ἐστιν
615 2321 642 2375 6
693 2320 953 2396 θησαυρὸς
984 2320 1155 2394 ὑμῶν,
1190 2320 1305 2376 ἐκεῖ
1336 2321 1424 2377 καὶ
1454 2322 1488 2388 ἡ
1520 2320 1704 2399 καρδία
1734 2323 1882 2396 ὑμῶν

226 2409 402 2472 ἔσται.
478 2432 502 2467 ι
563 2410 762 2487 Μικρὸν
818 2411 1061 2482 ποίμνιον
1116 2409 1360 2483 ὀνομάζει
1433 2410 1553 2474 τοὺς
1584 2410 1727 2484 αὖτῷ
1772 2433 1882 2485 μασ-

227 2501 473 2568 θητεύειν
527 2497 773 2560 θέλοντας
825 2500 852 2553 6
927 2498 1132 2577 Κύριος,
1196 2498 1231 2566 ἢ
1289 2498 1420 2555 διότι
1467 2499 1521 2554 ἐν
1579 2506 1653 2573 τῷ
1698 2501 1883 2575 κόσμῳ

232 2591 405 2663 τούτῳ
475 2590 522 2644 οἱ
576 2587 716 2666 ἅγιοι
762 2589 937 2667 μικροὶ
969 2589 1056 2643 καὶ
1093 2586 1372 2667 ἐλάχιστοι
1403 2586 1487 2645 διὰ
1518 2589 1616 2655 τὴν
1644 2591 1881 2646 ἑκούσιον

233 2679 612 2755 ἂκτημοσύνην
668 2678 756 2732 καὶ
824 2677 1302 2758 ἀχρηματοσύνην,
1334 2677 1368 2745 ἥ
1412 2676 1495 2733 διὰ
1538 2682 1599 2734 τὸ
1629 2680 1882 2746 ἡττᾶσθαι

232 2769 333 2837 τῆς
393 2774 498 2825 τῶν
568 2765 811 2845 ἀγγέλων
866 2764 1100 2833 πληθύος
1159 2767 1458 2847 ἀμετρήτου
1516 2766 1696 2841 θύτης,

234 2859 589 2937 ἆσυγκρείτως
650 2856 1016 2935 ὑπερεχούσης
1072 2858 1136 2912 τὰ
1185 2856 1301 2913 καθ’
1396 2860 1561 2932 ἡμᾶς’
1645 2858 1726 2914 ὅτι
1785 2859 1884 2937 γὰρ

235 2947 446 3009 πλείους
515 2949 560 3003 οἱ
618 2945 859 3023 ἄγγελοι,
918 2943 1075 3012 δῆλον
1137 2945 1195 3001 ὲκ
1252 2951 1348 3013 τῆς
1426 2944 1759 3024 παραϐολῆς,
1814 2946 1877 3014 ἧν

236 3039 393 3094 εἶπεν
462 3039 490 3093 6
566 3035 777 3113 Κύριοςο
841 3034 920 3092 ὅτι
993 3034 1169 3114 χαίρει
1208 3038 1234 3091 ὁ
1291 3037 1496 3111 ποιμὴν
1538 3036 1622 3091 ἐπὶ
1679 3043 1755 3110 τῷ
1806 3032 1877 3093 ἐνὶ

237 3126 553 3193 πλανηθέντι
627 3126 716 3182 καὶ
763 3124 1039 3203 εὑρεθέντι,
1073 3125 1109 3192 ἢ
1156 3126 1240 3181 ἐπὶ
1282 3139 1400 3188 τοῖς
1441 3128 1887 3191 ἒννενηκονταεν-

238 3216 331 3273 νέα
390 3228 506 3279 τοῖς
566 3214 643 3289 μὴ
701 3212 1156 3287 πεπλανημένοις*
1260 3211 1416 3279 ἔδειξε
1468 3215 1567 3292 γὰρ
1632 3214 1880 3276 ἐντεῦθεν,

1798 2770 1884 2824 καὶ

2040 1962 2218 2023 Vens.
2259 1962 2357 2035 33,
2394 1962 2491 2023 34.
2536 1988 2560 2017 α
2588 1961 2839 2023 Vendite
2889 1982 3016 2043 quae
3050 1960 3363 2041 possidetis
3387 1969 3446 2022 et
3475 1959 3607 2020 date

1964 2049 2639 2132 eleemosynamJ’arate
2675 2052 2831 2113 vobis
2860 2053 3125 2112 sacculos
3156 2050 3253 2130 qui
3289 2070 3405 2111 non
3442 2059 3602 2109 vete-

1966 2151 2224 2211 rascunt,
2253 2143 2589 2203 thesaurum
2615 2162 2732 2203 non
2788 2142 3161 2203 deﬁcientem
3191 2141 3248 2200 in
3275 2139 3460 2219 cmlis,
3496 2158 3609 2219 quo

1966 2229 2063 2291 fur
2088 2249 2202 2290 non
2229 2231 2484 2303 accedit,
2520 2250 2713 2311 neque
2746 2232 2901 2292 tinea
2930 2229 3276 2308 Corrumpit.
3310 2228 3419 2291 Uhi
3449 2228 3606 2289 enim

1969 2319 2281 2381 thesaurus
2315 2329 2508 2382 vester
2540 2322 2739 2400 est,ibi
2774 2328 2832 2381 et
2862 2339 2965 2381 cor
2987 2328 3242 2379 vestrum
3278 2318 3391 2379 erit
3426 2343 3450 2373 »
3491 2319 3610 2379 Do-

1967 2408 2162 2468 minus
2194 2411 2457 2487 nominat
2482 2410 2804 2490 discipulos
2834 2418 2889 2470 et
2918 2409 3249 2471 doctrinam
3281 2425 3443 2467 suam
3475 2425 3609 2470 sus-

1966 2497 2257 2577 cipientes
2307 2500 2584 2579 pusillum
2632 2519 2911 2578 gregem:
2963 2500 3051 2559 vel
3113 2498 3269 2577 quod
3330 2495 3613 2576 perpauci

1967 2596 2104 2648 sunt
2125 2589 2310 2648 sancti
2336 2588 2628 2649 inmundo
2652 2590 2750 2669 qui
2777 2598 2987 2668 sponte
3016 2592 3425 2667 paupertatem
3452 2585 3609 2646 illam

1970 2676 2206 2738 obeant:
2243 2678 2330 2737 vel
2364 2679 2519 2758 quod
2548 2678 2595 2738 si
2620 2679 2689 2738 ad
2712 2681 2953 2756 angelos
2986 2677 3612 2748 conferantur,nume-

1968 2785 2034 2827 ro
2070 2766 2945 2846 incomparabiliterinferiores
2976 2765 3261 2845 sint,quia
3292 2764 3474 2824 multo
3491 2764 3615 2842 plu-

1967 2875 2065 2917 res
2086 2865 2220 2917 sunt
2251 2856 2544 2935 angeli.Et
2578 2858 2949 2918 manifestum
2981 2866 3067 2916 est
3099 2857 3211 2917 hoc
3242 2873 3309 2916 ex
3338 2853 3611 2931 parabola

1968 2964 2141 3026 quam
2190 2946 2334 3006 dixit
2367 2946 2841 3025 Dominus,quod
2875 2945 3121 3023 gaudeat
3146 2953 3341 3023 pastor
3370 2944 3613 3018 plussu-

1971 3051 2080 3113 per
2111 3052 2224 3094 una
2247 3053 2351 3094 ove
2385 3036 2621 3095 inventa
2645 3054 2774 3114 quae
2798 3034 3261 3113 perierat,quam
3296 3050 3477 3111 super
3501 3050 3610 3090 no-

1970 3123 2212 3202 naginta
2245 3142 2451 3183 novem
2476 3143 2609 3201 (illa;
2634 3143 2749 3184 non
2777 3121 3280 3193 erraverunt.Quo
3301 3121 3429 3181 loco
3451 3140 3614 3180 mon-

1973 3221 2193 3274 stratur
2222 3213 2376 3292 quod
2403 3213 2554 3273 sicut
2581 3233 2762 3273 unum
2793 3232 2855 3275 se
2873 3212 3050 3273 habet
3078 3211 3148 3271 ad
3170 3210 3484 3289 nonaginta
3509 3229 3615 3269 no-

239 3306 319 3362 ὅτι
388 3304 566 3381 ὥσπερ
630 3305 690 3359 τὸ
760 3302 812 3359 ἕν
874 3304 1004 3381 πρὸς
1076 3304 1141 3359 τὰ
1197 3302 1719 3377 ἐννενηκονταεννὲα,
1751 3302 1886 3358 οὕτω

1974 3320 2125 3374 vem,
2160 3301 2239 3361 ita
2264 3303 2518 3362 humana
2552 3310 2762 3363 natura
2790 3302 2860 3362 ad
2892 3302 3245 3380 angelicam.
3291 3298 3373 3360 No
3404 3299 3615 3358 timeas

239 3397 325 3453 καὶ
378 3397 412 3462 ἡ
492 3393 792 3471 ἀνθρωπίνη
859 3392 1008 3471 φύσις
1067 3394 1198 3469 πρὸς
1251 3393 1349 3459 τὴν
1407 3391 1725 3470 ἀγγελικὴν.
1801 3393 1886 3459 Μὴ

240 3482 425 3564 φοϐοῦ,
489 3484 641 3561 φησὶ,
701 3482 746 3538 ὦ
804 3482 992 3559 μικρὸν
1022 3482 1291 3561 ποίμνιον,
1340 3480 1452 3537 ἂντὶ
1483 3490 1596 3556 τοῦ,
1632 3483 1720 3549 Mi}
1752 3481 1885 3537 ἀπι-

240 3575 465 3649 στὴσῃς,
540 3570 620 3627 ὅτι
692 3571 1045 3648 προνοήσεταί
1100 3592 1193 3626 σου
1238 3573 1265 3625 6
1325 3572 1477 3645 Θεὸς,
1553 3570 1651 3626 κᾶν
1702 3572 1778 3647 μὴ
1824 3572 1885 3627 σὺ

243 3667 518 3740 μεριμνᾷς.
585 3661 685 3739 Διὰ.
748 3660 798 3715 τί
847 3678 864 3732 ;
912 3660 1057 3715 Διότι
1114 3657 1398 3726 εὖδόκησξν
1436 3663 1462 3716 6
1496 3662 1676 3740 Πατὴρ
1716 3659 1890 3717 δοῦναι

242 3755 368 3828 ὑμῖν
409 3752 507 3818 τὴν
578 3747 870 3825 βασιλείαν.
907 3746 1055 3805 Ἐπεὶ
1090 3750 1179 3805 οὖν
1233 3748 1331 3816 τὴν
1373 3749 1644 3825 βασιλείαν
1687 3748 1887 3829 δίδωσι,

246 3839 426 3913 πολλῴ
484 3837 686 3914 μᾶλλον
758 3840 824 3894 τα
879 3842 977 3904 τῆς
1037 3837 1160 3915 γῆς.
1208 3839 1295 3904 Μὴ
1324 3841 1497 3895 τοίνυν
1527 3839 1760 3915 ἀπίστει,
1808 3838 1889 3895 ὅτι

244 3932 331 3989 ἐὰν
382 3929 757 4005 ἁκτημοσύνην
817 3927 1158 4004 ἔπιτηδεύσῃ,
1221 3931 1322 4008 οὐχ
1384 3928 1514 3995 ἔξεις
1545 3933 1634 3987 τὸν
1657 3954 1889 4011 προνοη-

246 4022 463 4097 σόμενόν
535 4042 648 4091 σου,
706 4017 843 4075 ἆλὶὰ
912 4019 1166 4085 πώλησον
1194 4019 1260 4074 τὰ
1314 4020 1649 4099 ὑπάρχοντα,
1683 4023 1772 4076 καὶ
1801 4018 1890 4084 δὸς

250 4110 635 4185 ἐλεημοσύνην,
709 4108 797 4163 καὶ
854 4108 1081 4174 ποίησον
1167 4108 1427 4186 θησαυρὸν
1521 4107 1888 4170 ἀνέκλειπτον,

254 4199 380 4257 Εἶτα
451 4198 615 4255 πείθει
673 4199 817 4272 ἡμᾶς
889 4199 977 4253 καὶ
1020 4197 1125 4253 ἀπὸ
1168 4194 1439 4275 λογισμῶν
1471 4197 1889 4276 ἂναντιῤῥήτων.

254 4287 499 4346 Ἐνταῦθα
568 4286 665 4361 μὲν
720 4288 842 4364 γὰρ,
876 4288 1026 4365 φησί,
1078 4286 1175 4352 σὴς
1221 4283 1526 4363 διαφθείρει,
1561 4288 1615 4342 ἒν
1649 4287 1892 4366 οὐρανοῖς

253 4375 304 4433 δὲ
373 4380 431 4435 οὗ
500 4386 680 4435 τοῦτο.
727 4377 832 4433 Οὐκ
862 4375 959 4451 ἆρα
1004 4375 1090 4431 οὖν
1126 4374 1348 4439 ἀνόητον
1379 4375 1441 4429 τὸ
1487 4376 1810 4453 θησαυρίζειν
1841 4375 1893 4431 ἐν

250 4464 412 4546 τόπῳ,
460 4464 514 4521 ἒν
539 4469 584 4534 ᾦ
613 4463 863 4544 διαφθορά
896 4485 911 4533 ;
950 4472 1080 4546 Εῖτα
1112 4461 1295 4530 ἐπειδὴ
1327 4464 1417 4518 τὸν
1463 4465 1663 4542 χρυσὸν
1694 4468 1754 4523 οὐ
1784 4461 1895 4520 δια-

1970 3390 2170 3470 igitur,
2206 3390 2374 3472 dicit,
2408 3412 2439 3450 o
2475 3391 2683 3469 pusille
2716 3410 2879 3469 grrx,
2916 3391 3028 3452 hoc
3060 3398 3173 3468 est,
3203 3407 3275 3449 ne
3308 3388 3387 3449 sis
3416 3389 3613 3447 incre-

1969 3478 2336 3541 dulus.Gerit
2368 3478 2525 3539 enim
2545 3481 2629 3541 tui
2653 3498 2856 3540 curam
2888 3498 2958 3539 ac
2981 3476 3408 3556 providentiam
3436 3475 3612 3549 Deus,

1970 3569 2146 3629 etiam
2178 3569 2228 3629 si
2259 3577 2317 3629 tu
2350 3569 2640 3629 sollicitus
2676 3588 2789 3629 non
2824 3568 2927 3630 sis.
2965 3566 3190 3639 Quare?
3223 3565 3366 3637 Quia
3391 3567 3609 3626 bonum

1973 3658 2157 3719 visum
2193 3667 2371 3730 est,et
2400 3656 2597 3737 placet
2630 3657 2781 3718 Patri
2809 3658 2991 3718 utdet
3014 3655 3180 3716 vobis
3209 3673 3482 3733 regnum.
3506 3653 3617 3725 Qui

1972 3747 2150 3825 igitur
2180 3747 2343 3808 vobis
2366 3765 2609 3826 regnum
2644 3747 2959 3820 dat,multo
2996 3746 3180 3823 magis
3219 3753 3454 3804 terrena
3481 3762 3623 3803 con-

1973 3835 2260 3898 cedet.Ne
2291 3835 2473 3915 igitur
2502 3836 2754 3906 diﬂidas,
2783 3836 2939 3916 quod
2991 3834 3040 3895 si
3071 3833 3426 3907 divitiarum
3456 3832 3620 3893 solli-

1972 3924 2297 3986 citudinem
2328 3926 2767 4006 abjeceris,non
2799 3926 2881 3988 sis
2912 3926 3217 3986 habiturus
3238 3923 3493 4002 aliquem
3520 3923 3619 4002 qui

1977 4014 2079 4075 tibi
2128 4015 2473 4093 provideat:
2508 4015 2611 4075 sed
2658 4015 2843 4074 vende
2896 4033 2965 4075 ea
3020 4032 3155 4094 quae
3213 4013 3423 4090 habes,
3457 4021 3514 4072 et
3544 4012 3621 4073 da

1975 4103 2507 4184 eleemosynam,et
2534 4104 2621 4165 fac
2644 4104 2750 4164 tibi
2783 4104 3123 4165 thesaurum
3153 4102 3616 4164 indeticientcm.

1974 4192 2065 4255 Ad
2092 4194 2217 4253 haec
2250 4193 2564 4273 persuadet
2595 4194 2767 4253 nobis
2795 4192 3125 4255 rationibus
3156 4191 3371 4271 quibus
3389 4200 3617 4251 contra-

1978 4282 2180 4343 dicere
2221 4302 2337 4343 non
2370 4281 2776 4364 possumus.ln
2810 4283 2919 4342 hac
2949 4281 3106 4341 enim
3133 4281 3265 4354 vita,
3299 4279 3511 4359 inquit,
3542 4279 3617 4339 ti-

1980 4387 2091 4431 nea
2114 4373 2463 4450 corrumpit,
2488 4370 2548 4429 in
2573 4369 2735 4429 caelis
2763 4377 2957 4431 autem
3013 4386 3128 4427 non
3178 4368 3286 4428 sic.
3323 4364 3447 4425 Non
3479 4384 3620 4444 ergo

1980 4457 2314 4538 insipientis
2345 4467 2501 4519 esset
2524 4458 2808 4534 colligere
2840 4457 3146 4519 thesauros
3171 4455 3231 4515 in
3266 4454 3394 4516 loco
3428 4453 3619 4534 inquo

251 4543 433 4635 φθείρει
476 4556 599 4626 σὴς,
630 4543 754 4609 εἷπε
786 4554 873 4608 καὶ
918 4555 998 4624 τὸ,
1050 4543 1238 4609 ’Ὂπου
1282 4550 1519 4617 κλέπτης
1546 4555 1640 4611 οὒκ
1669 4552 1886 4630 ἐγγίζει.

1975 4548 2493 4627 corrumpuntur?
2551 4547 2763 4608 Postea
2833 4547 2969 4626 quia
3048 4564 3254 4606 aurum
3349 4563 3384 4605 a
3467 4545 3623 4603 tinea

253 4645 355 4711 Σῆς
425 4645 521 4719 μὲν
600 4644 699 4722 γὰρ
759 4646 819 4701 οὒ
888 4642 1165 4721 διαφθείρει
1198 4642 1420 4720 χρυσὸν,
1470 4639 1606 4698 ἀλλὰ
1651 4641 1887 4709 κλέπτης

252 4732 394 4805 συλᾷ.
461 4734 598 4791 Εἶτα
659 4731 843 4799 ἐπειδὴ
875 4737 933 4791 οὺ
977 4732 1168 4794 πάντες
1200 4729 1543 4804 κλέπτονται,
1578 4731 1888 4799 προστίθησι

252 4825 336 4879 τὸν
390 4826 553 4898 μείζω
608 4824 783 4889 πάντη
828 4824 915 4878 καὶ
971 4819 1342 4897 ἀναντίῤῥητον
1378 4818 1658 4897 λογισμόν.
1709 4811 1891 4880 ’Ὁπου

251 4914 343 4992 γὰρ
387 4913 529 4969 ἐστιν
559 4915 586 4969 6
629 4913 892 4989 θησαυρὸς
936 4914 1106 4986 byth,
1139 4910 1255 4965 ἐκεῖ
1298 4910 1384 4964 καὶ
1411 4910 1445 4976 ἡ
1504 4908 1689 4988 καρδία
1745 4911 1889 4985 ὑμῶν

252 5002 408 5059 ἔσται.
468 4992 662 5059 "Ec-co)
718 5002 841 5081 γὰρ,
914 5001 1095 5080 φησὶν,
1131 4998 1211 5054 ὅτι
1269 4998 1385 5053 οὔτε
1430 4998 1525 5065 σὴς
1584 4997 1889 5079 διαφθείρει,

252 5091 358 5148 οὔτε
417 5090 654 5157 κλέπτης
708 5091 927 5168 ἐγγίζει,
988 5089 1115 5144 αὒτὸ
1145 5098 1300 5145 τοῦτο
1357 5087 1418 5141 τὸ
1448 5086 1599 5166 ἔχειν
1624 5089 1722 5155 τὴν
1754 5111 1889 5166 καρ-

253 5176 354 5234 δίαν
424 5177 849 5257 προσηλωμὲνην
900 5185 977 5252 τῷ
1005 5174 1456 5255 κατορωρυγμένῳ
1503 5178 1768 5252 θηραυρῷ,
1803 5179 1890 5233 καὶ

252 5269 307 5324 τὸ
332 5271 473 5323 θεῖον
492 5270 684 5346 χρῆμα
712 5272 809 5333 τῆς
836 5271 1021 5346 ψυχῆς
1044 5272 1112 5341 τῇ
1141 5271 1212 5343 γῇ
1233 5261 1510 5339 ἐμϐαλεῖν,
1546 5264 1718 5331 πόσης
1748 5264 1888 5331 ἄξιον

251 5358 494 5432 τιμωρίας
539 5377 556 5429 ;
619 5354 833 5413 Μᾶλλον
878 5354 933 5411 δὲ
964 5361 1077 5417 πῶς
1109 5356 1168 5411 ού
1199 5353 1425 5431 μεγίστη
1456 5355 1682 5432 τιμωρία
1726 5363 1801 5430 τῷ
1829 5377 1889 5434 γε

252 5448 356 5503 νοῦν
425 5444 609 5524 ἔχοντι
644 5461 660 5519 ;
708 5436 897 5503 ’Ὂπου
942 5446 969 5501 ὀ
997 5442 1257 5523 θησαυρός
1288 5464 1400 5516 σου,
1436 5444 1555 5498 ὶκεῖ
1583 5446 1671 5500 καὶ
1698 5445 1732 5511 ἡ
1764 5467 1890 5521 καρο

251 5534 322 5592 δία
375 5551 489 5591 σου’
524 5535 567 5590 εἰ
617 5535 672 5590 ἐν
702 5540 767 5609 τῇ
811 5540 904 5613 γῇ,
939 5534 1026 5592 καὶ
1058 5533 1214 5605 αὕτη,
1250 5534 1292 5588 εἱ
1322 5532 1378 5587 ἐν
1407 5538 1482 5605 τῷ
1507 5532 1707 5610 οὖρανῷ
1736 5534 1886 5591 ἐκεῖο

248 5645 349 5700 νος,
405 5621 516 5679 ἄνω
570 5624 660 5679 καὶ
690 5623 845 5691 αὕτη,
882 5622 968 5685 Τίς
1000 5622 1085 5678 οὖν
1130 5621 1227 5678 οὐκ
1252 5618 1315 5677 ἄν
1359 5618 1533 5678 ἕλοιτο
1577 5622 1717 5677 εἶναι
1777 5624 1885 5679 ἅνω

1971 4636 2389 4716 corrumpitur,
2425 4637 2589 4711 dixit,
2626 4645 2817 4716 etquo
2850 4637 2939 4696 fur
2974 4655 3087 4695 non
3129 4632 3383 4695 accedit.
3431 4632 3619 4694 Tinea

1973 4726 2213 4806 quidem
2248 4746 2364 4787 non
2396 4725 2723 4805 corrumpit
2755 4725 3100 4805 aurum,setl
3135 4724 3226 4784 fur
3257 4721 3457 4802 diripi.
3499 4724 3618 4784 De-

1972 4817 2151 4897 nique
2180 4816 2315 4896 quia
2348 4834 2465 4877 non
2498 4816 2694 4876 omnia
2724 4816 2876 4876 furto
2916 4820 3185 4894 pereunt,
3209 4811 3410 4889 adjicit
3437 4813 3620 4872 ratio-

1976 4924 2109 4967 nem
2146 4906 2519 4985 majorem,et
2561 4904 3029 4966 contradictione
3080 4902 3471 4981 superiorem.
3510 4899 3625 4962 Ubi

1974 4994 2131 5058 enim
2172 5006 2256 5055 est
2288 4996 2598 5057 thesaurus
2633 4994 3070 5075 vester,inquit,
3103 4992 3227 5053 illic
3263 5000 3319 5051 et
3350 5010 3452 5052 cor
3484 5010 3619 5050 ves-

1975 5094 2126 5147 trum
2164 5084 2443 5146 eritEsto
2462 5083 3032 5164 euim,inquit,quod
3068 5098 3262 5161 neque
3297 5080 3452 5141 tinea
3484 5098 3622 5139 oor-

1970 5183 2429 5253 rumpat,neque
2461 5174 2555 5234 fur
2584 5173 2862 5234 accedat:
2902 5174 3046 5232 istuc
3078 5171 3267 5250 ipsum
3308 5179 3502 5229 tvmen
3528 5169 3624 5230 ha-

1975 5267 2116 5325 bere
2138 5282 2239 5324 cor
2255 5263 2554 5324 addictum
2582 5262 2856 5323 thesauro
2880 5262 3202 5327 defosso,et
3219 5258 3472 5319 animam
3495 5278 3625 5337 qua:

1975 5354 2172 5415 divina
2206 5353 2500 5433 possessio
2556 5362 2665 5426 est,
2710 5352 2958 5429 injicere
3020 5360 3212 5423 terraa,
3248 5349 3386 5408 575
3421 5366 3527 5429 per
3558 5368 3624 5409 se

1974 5452 2191 5525 quanto
2220 5442 2510 5521 supplicio
2541 5442 2720 5502 fuerit
2750 5438 3155 5520 dignum?imo
3186 5438 3481 5518 quomodo
3508 5457 3627 5500 non

1973 5532 2289 5601 summo,si
2325 5531 2458 5608 quis
2490 5529 2958 5593 animadvertat?
2982 5527 3093 5593 Ubi
3115 5526 3274 5590 enim
3310 5528 3623 5589 thesaurus

1938 5621 2255 5703 'tuus,illic
2280 5627 2450 5682 etcor
2470 5621 2709 5683 tuumzsi
2729 5619 2960 5684 interra
2976 5618 3163 5697 ille,et
3194 5616 3252 5680 in
3286 5624 3443 5680 terra
3464 5617 3574 5680 hoc
3610 5635 3623 5680 :
