4132 6298
534 320 652 391 895

1417 338 2010 401 THEOPHYLACTI
2053 333 2465 396 BULGAHLE
2490 330 2846 394 ARCHIEP.

3867 329 3992 392 896

535 459 625 519 sin
655 472 847 525 autem
903 467 958 526 in
1006 469 1146 530 caelo
1182 470 1300 541 illc,
1337 490 1573 533 sursum
1622 483 1708 532 est
1750 483 1804 533 et
1858 475 1990 533 hoc.
2034 473 2168 544 Quis

2261 471 2346 526 καὶ
2417 471 2626 544 μὴ’ὑπο
2657 471 2760 546 γῆν
2795 489 2812 545 ;
2845 467 3072 548 ἅγγελος
3103 469 3247 526 εἶναι
3291 470 3380 524 καὶ
3437 471 3515 543 μὴ
3550 466 3845 533 ἀσπάλαξ
3885 469 3988 522 ὖπε

536 549 708 644 igitur
725 573 848 644 nou
870 577 1101 619 sursum
1122 581 1251 621 esse
1267 572 1342 622 .et
1359 581 1475 622 non
1494 562 1602 622 sub
1621 563 2168 644 terra,mallet?Qui:

2271 564 2374 638 γῆν
2403 559 2482 614 ἀεὶ
2512 559 2566 615 ἐν
2596 571 2714 621 τοῖς
2757 559 3016 636 ὀρύγμασι
3047 556 3393 634 διαιτώμενος

534 657 651 700 non
672 641 952 733 diligeret
983 649 1178 727 potius
1207 669 1338 712 esse
1357 641 1806 733 angelus,quam
1836 652 1992 733 talpa
2021 671 2184 716 sem-

532 730 728 821 per_in
756 733 1159 802 subterraneis
1193 730 1678 821 latebrisiagens?

618 817 1064 890 Ἠλείας-40..
1102 830 1437 892 Sintlumbi
1471 817 1644 893 vestri
1679 831 2184 911 praecincti,etlu--

531 925 1094 1002 c‘ernmaccensaaﬁt
1114 939 1218 980 vos
1234 919 1459 982 similes
1477 921 1818 982 hominibus
1832 937 2149 1002 exspeCIau
2164 959 2181 969 -

534 997 692 1061 tibus
722 997 1027 1067 dominum
1051 1027 1221 1068 suum
1256 1010 1492 1090 quando
1514 1016 1844 1072 revertatur
1874 1029 1908 1073 a
1938 997 2177 1092 nuptiis:

533 1093 597 1182 ut
627 1107 760 1182 cum
797 1095 1022 1156 venerit
1052 1105 1111 1159 et
1142 1099 1800 1178 pulsaverit,confestim
1817 1100 2176 1182 aperiantei.

534 1177 696 1266 Beati
727 1183 882 1243 servi
912 1177 1179 1266 illi,quo’s
1210 1208 1343 1250 cum
1375 1189 1604 1251 venerit
1632 1177 2181 1257 dominus.invene-

537 1265 1175 1361 rit_vigilantes.Amen
1200 1277 1332 1339 dico
1366 1278 1532 1339 vobis
1564 1277 1718 1359 quod
1753 1279 2072 1359 przecinget
2091 1299 2178 1361 se,

533 1363 590 1414 et
619 1356 791 1419 faciet
821 1361 954 1422 illos
990 1363 1456 1443 discumbere,et
1487 1356 1783 1430 transiens
1817 1356 2182 1431 ministrabit

533 1443 683 1536 illis”
721 1451 784 1511 Et
817 1452 864 1511 si
895 1453 1123 1515 venerit
1171 1456 1232 1517 in
1280 1458 1544 1519 secunda
1577 1457 1794 1536 vigilia.
1827 1469 1886 1519 et
1913 1458 1972 1518 in
2009 1459 2178 1522 tertia

533 1534 726 1624 vigilia
757 1541 1186 1624 venerit,atque
1221 1546 1296 1606 ita
1327 1534 1654 1621 invenerit,
1674 1545 1827 1608 beati
1859 1557 1996 1609 sunt
2027 1548 2180 1611 servi

533 1622 768 1688 illi.Hoc
788 1639 983 1690 autem
1016 1622 1350 1714 scito,quod
1393 1636 1438 1696 si
1487 1637 1693 1697 scisset
1728 1636 2182 1715 parterllamilias

529 1731 644 1792 qua
666 1715 809 1778 hora
833 1719 924 1781 fur
942 1731 1226 1786 venturus
1255 1725 1483 1798 fuisset,
1511 1725 1806 1805 vigilasset
1838 1725 2181 1807 utique,nec

2353 847 2381 880 ε
2443 823 2743 883 ’Ἔστωσαν
2773 826 2916 903 ὑμῶν
2965 827 3016 883 αἱ
3046 826 3232 906 ὀσφύες
3281 827 3710 907 περιεζωσμέναι.
3777 829 3894 885 καὶ
3927 834 3974 884 οἱ

2266 912 2456 996 λύχνοι
2511 914 2812 996 καιόμενοι,
2863 916 2951 972 καὶ
2993 917 3150 992 ὑμεῖς
3194 914 3369 991 ὅμοιοι
3399 916 3708 995 ἂνθρώποις
3763 941 3967 995 προσ-

2266 1001 2576 1084 δεχομένοις
2629 1005 2720 1062 τόν
2771 1005 2948 1081 κύριον
2999 1006 3198 1063 ἑαυτῶν
3242 1005 3371 1063 πότε
3414 1005 3670 1064 ἀναλύσει
3697 1007 3776 1088 ’ἐκ
3852 1012 3964 1063 τεῦ-ι

2265 1095 2478 1174 γάμων,
2534 1094 2627 1150 ’ίνα
2685 1093 2926 1160 ἐλθόντος
2983 1097 3071 1152 καὶ
3126 1097 3466 1175 κροὺσαντος,
3523 1097 3726 1162 εὑθέως
3771 1098 3960 1154 ἀνεξ-

2266 1182 2422 1249 ξωσιν
2482 1185 2645 1260 αὑτῷ’
2709 1185 2958 1264 μακάριοι
3015 1188 3062 1241 οἱ
3116 1183 3292 1243 δοῦλοι
3334 1189 3531 1244 ἐκεῖνοι
3561 1185 3649 1251 οὕς
3703 1187 3900 1245 ἐλθὼν
3933 1190 3959 1244 ὁ

2264 1274 2439 1353 κύριος
2511 1275 2724 1352 εὑρήσει
2785 1281 3201 1354 γρηγοροῦντας.
3254 1273 3433 1350 Ἀμὴν
3475 1274 3620 1355 λέγω
3645 1279 3825 1353 ὑμῖν,
3867 1278 3954 1333 ὅτι

2264 1363 2633 1442 περιζώσεται,
2691 1364 2779 1420 καὶ
2864 1362 3145 1420 ἀνακλικεῖ
3196 1363 3410 1439 αὑτοὺς,
3482 1369 3570 1422 καὶ
3640 1366 3951 1446 παρελθὼν

2262 1449 2564 1522 διακονήσει
2638 1451 2842 1518 αὑτοῖς.
2920 1453 3025 1516 Καὶ
3083 1451 3171 1510 ἐὰν
3203 1452 3329 1521 ἔλθη
3359 1457 3413 1510 ἐν
3443 1461 3511 1532 τῇ
3553 1454 3780 1535 δευτέρᾳ
3836 1479 3950 1536 φο-

2263 1539 2426 1618 λακῇ,
2492 1543 2579 1598 καὶ
2641 1541 2693 1598 ἐν
2723 1548 2792 1618 τῇ
2821 1542 2970 1620 τρίτῃ
3015 1541 3248 1622 φυλακῇ,
3281 1545 3369 1600 καὶ
3413 1543 3538 1624 εὕρῃ
3576 1545 3779 1626 οὕτως,
3819 1568 3946 1620 μα-

2264 1631 2435 1699 κάριοί
2491 1632 2621 1688 εἰσιν
2666 1633 2712 1688 οἱ
2755 1629 2940 1689 δοῦλοτ
2991 1631 3212 1705 ἐκεῖνοι,
3275 1640 3440 1691 Τοῦτο
3490 1633 3547 1690 δὲ
3597 1635 3942 1714 γινώσκετε,

2265 1718 2345 1776 ὅτι
2377 1722 2422 1776 εί
2447 1717 2561 1799 ᾔδει
2607 1721 2634 1776 ὀ
2664 1719 2833 1776 οἷκοδε
2863 1721 3066 1790 σπότης
3104 1723 3227 1794 ποίᾳ
3269 1721 3380 1801 ὥρᾳ
3421 1723 3449 1779 ὁ
3478 1723 3722 1791 κλέπτης
3757 1723 3872 1802 ἕρχ
3876 1746 3941 1780 ε-

529 1821 738 1881 passus
765 1807 968 1872 fuisset
995 1813 1222 1892 perfodi
1267 1815 1508 1876 domum
1543 1834 1733 1876 suam.
1771 1815 1842 1875 l‘lt
1872 1835 1970 1876 vos
2001 1815 2168 1894 igitur

2263 1830 2371 1883 ται,
2447 1808 2809 1888 ἐγρηγόρησεν
2867 1809 2951 1890 ἄν,
2987 1811 3073 1868 καὶ
3119 1810 3214 1868 οὐκ
3270 1809 3330 1866 ἂν
3388 1813 3559 1892 ἀφῆκε
3609 1810 3938 1891 διορυγῆναι

528 1902 718 1984 estote
748 1901 1104 1981 parati,quia
1137 1922 1254 1984 qua
1277 1905 1425 1965 hora
1455 1923 1572 1965 non
1608 1913 1708 1984 put
1729 1904 2039 1984 itis,l?i|ius
2072 1906 2176 1967 bo-

531 1983 708 2074 minis
731 1987 944 2051 veniet.
962 1983 1282 2053 nDominus
1307 1983 1984 2074 postquanitliscipulum
2007 2014 2174 2056 suum

528 2071 750 2152 absque
782 2080 1096 2157 superﬂuis
1131 2081 1266 2144 fecit
1296 2071 1350 2143 et
1385 2071 1629 2145 nudavit
1651 2084 1722 2144 ab
1756 2071 1918 2144 omni
1951 2084 2177 2145 sollici-

531 2162 733 2223 tudine
759 2173 816 2225 et
844 2168 1682 2251 cupiditatetemporalium,et
1702 2171 1780 2232 ita
1802 2172 1972 2250 plane
1993 2172 2178 2236 levem

526 2251 810 2325 reddidit,
845 2275 1002 2318 nunc
1036 2267 1092 2318 et
1126 2261 1460 2321 ministrum
1485 2280 1653 2322 suum
1681 2261 1992 2322 facit.Eum
2021 2262 2177 2322 euim

527 2339 627 2417 qui
663 2341 931 2406 minister
960 2365 1092 2408 esse
1110 2348 1572 2430 voluerit,levem
1606 2360 1663 2412 et
1684 2350 2021 2430 expeditum
2047 2369 2178 2413 esse

527 2431 920 2512 oportet;ideu
945 2435 1121 2498 dicit:
1149 2437 1276 2499 Sint
1299 2439 1484 2499 lumbi
1504 2439 1688 2501 vestri
1725 2440 2175 2520 praecincti,hoc

527 2520 924 2609 est.omnihus
956 2527 1148 2587 modis
1180 2528 1368 2605 parati
1399 2534 1590 2592 estote
1614 2530 1682 2589 ad
1720 2547 1902 2609 opera
1938 2529 2175 2592 Domini

525 2608 806 2699 vestri.Et
831 2610 1090 2676 lucernae
1115 2616 1394 2678 ardentes
1424 2617 1482 2678 in
1519 2608 1789 2679 manibus
1815 2618 2174 2699 vestris,hoc

528 2701 635 2788 est,
674 2714 748 2788 ne
777 2697 833 2758 in
868 2701 1129 2764 tenebris
1179 2713 1237 2766 et
1294 2705 1517 2788 absque
1550 2707 1779 2786 judicio
1823 2697 2167 2780 versemiui,

526 2783 630 2844 sed
664 2785 738 2878 sit
783 2788 951 2878 vobis
983 2792 1182 2856 lumen
1233 2783 1594 2878 verbi,'quo_d
1630 2796 2172 2859 monstrabitvobis

526 2891 657 2951 quae
685 2875 954 2940 facienda
1005 2891 1061 2944 et
1091 2904 1220 2965 quae
1250 2905 1366 2948 non
1399 2875 1690 2948 facienda.
1733 2891 1832 2950 Est
1859 2887 2036 2964 igitur
2078 2889 2172 2949 hic

2258 1899 2349 1954 τὸν
2399 1898 2552 1955 οἷκον
2623 1897 2804 1961 αὑτοῦ.
2868 1901 2966 1958 Καὶ
2996 1900 3150 1976 ὑμεῖς
3207 1902 3297 1956 οὖν
3327 1901 3529 1979 γίνεσθε
3571 1901 3810 1977 ἕτοιμοι,
3852 1901 3938 1962 fit:

2259 1989 2295 2062 ᾗ
2364 1987 2475 2066 ὥρᾳ
2543 1986 2602 2042 οὖ
2658 1984 2892 2063 δοκεῖτε,
2942 1989 2970 2044 ὀ
3015 1990 3135 2052 Υἱὸς
3165 1997 3258 2047 τοῦ
3300 1990 3574 2069 ἀνθρώπου
3606 1990 3868 2072 ἔρχεται,
3903 2012 3931 2049 ι

2264 2076 2575 2155 Ἀπέριττον
2645 2078 2876 2147 ποιήσας
2947 2078 3036 2133 τὸν
3089 2079 3334 2152 μαθητὴν
3403 2083 3564 2138 αὐτοῦ
3606 2081 3634 2137 ὀ
3689 2081 3934 2158 Κύριος,

2262 2166 2352 2221 καὶ
2403 2170 2687 2244 γυμνώσας
2762 2167 2917 2226 αὑτὸν
2977 2167 3154 2234 πάσης
3218 2168 3477 2244 βιωτικῆς
3533 2161 3802 2247 μερίμνης
3836 2178 3932 2228 καὶ

2262 2263 2650 2334 μετεωρισμοῦ,
2713 2258 2801 2312 γαὶ
2868 2267 3059 2338 κοῦφον
3133 2257 3590 2336 ἆπεργάσάμενος,
3639 2259 3750 2328 ἢδη
3837 2283 3930 2316 και

2259 2344 2530 2424 ὑπηρέτην
2577 2346 2731 2404 αὐτὸν
2763 2359 2934 2408 ποιεῖ.
2971 2356 3069 2403 Aet
3096 2347 3195 2427 γὰρ
3217 2349 3310 2404 τὸν
3348 2349 3635 2424 ὑπηρετεῖν
3663 2349 3923 2418 θέλοντα,

2259 2440 2453 2514 κοῦφον
2497 2435 2639 2491 εἶναι
2684 2436 2771 2491 καὶ
2801 2434 3015 2515 εὑθαλῆ,
3063 2433 3142 2493 διό
3200 2453 3383 2516 φησιν’
3439 2428 3730 2516 ’Ἱςίστωσαν
3768 2440 3923 2514 bis-Ira

2259 2524 2310 2578 αἱ
2363 2525 2552 2603 ὀσφύες
2611 2523 3053 2602 περιεζωσμέναι,
3100 2527 3228 2604 ὅπερ
3273 2524 3438 2602 ἔστιν,
3472 2509 3735 2605 ’Ἑτοιμοι
3771 2530 3920 2585 πάν-

2257 2633 2375 2668 τοτε
2433 2615 2673 2694 φαίνεσθε
2742 2616 2875 2692 πρὸς
2905 2614 2970 2669 τὰ
3000 2613 3127 2692 ἔργα
3156 2624 3250 2674 τοῦ
3282 2619 3549 2674 Δεσπότου
3603 2619 3781 2693 ὑμῶν.
3815 2622 3918 2676 Καὶ

2257 2703 2304 2758 οἱ
2375 2701 2564 2784 λὺχνοι
2625 2702 2926 2778 καιόμενον
3013 2703 3143 2782 ὅπερ
3180 2702 3314 2780 ἔστι,
3349 2706 3436 2774 Μὴ
3479 2707 3532 2763 ἐν
3580 2706 3763 2763 σκόκει
3826 2709 3914 2762 καὶ

2255 2793 2464 2865 ἀκρισίᾳ
2522 2790 2749 2869 διάγετε,
2808 2790 2927 2848 ἀλλ’
2958 2790 3095 2848 ἔστω
3132 2795 3280 2869 ὑμῶν
3327 2796 3389 2851 τὸ
3442 2803 3534 2853 τοῦ
3577 2794 3741 2874 λόγου
3772 2802 3906 2875 quis,

2253 2880 2425 2964 πάντα
2493 2879 2829 2938 ὑποδεικνύον
2901 2882 2967 2936 τὰ
3053 2882 3289 2961 πρακτέα
3347 2887 3434 2940 καὶ
3513 2887 3590 2960 μὴ
3645 2885 3904 2964 πρακτέα.

527 2965 782 3057 mundus
808 2951 1136 3034 nox.Porro
1168 2976 1416 3037 Succinti
1449 2977 1668 3037 lumbis
1710 2975 1978 3057 sunt,qui
2017 2977 2168 3038 acti-

2254 2951 2452 3027 "Eatur
2522 2970 2610 3026 οὖν
2678 2969 2764 3036 νύξ
2830 2970 2858 3026 ὀ
2904 2971 3106 3046 κόσμος
3161 2973 3337 3037 οὗτος,
3372 2970 3693 3049 Ἐζωσμένοι
3723 2971 3781 3030 δὲ
3814 2977 3903 3038 τὰς

524 3069 651 3112 tum
687 3054 859 3117 vitam
889 3065 1389 3144 aguntzejusmodi
1414 3066 1571 3127 enim
1601 3054 1912 3127 habitibus'
1934 3075 2168 3128 utuntur

2255 3059 2473 3138 ὀσφύας,
2535 3062 2582 3116 οἱ
2638 3061 2737 3126 τὴν
2793 3060 3090 3138 πρακτικὴν
3147 3062 3441 3126 μετιόντες.
3512 3070 3764 3120 Τοιοῦτον
3807 3064 3902 3142 γὰρ

525 3145 804 3233 operarii,
835 3150 1048 3228 quibus
1075 3162 1130 3215 et
1161 3154 1513 3217 ardentibus
1543 3155 1808 3217 candelis
1853 3174 2001 3233 opus
2052 3165 2166 3218 est.

523 3229 856 3324 qusenim
892 3241 1072 3302 habet
1103 3243 1216 3303 vita
1244 3245 1426 3305 activa
1453 3244 1629 3306 etiam
1657 3244 1872 3324 judicii
1894 3229 2087 3320 dono,
2108 3255 2168 3306 ut

526 3318 575 3380 is
605 3322 703 3400 qui
734 3325 977 3388 activam
1013 3331 1184 3392 vitam
1216 3335 1356 3413 agit,
1401 3353 1516 3394 non
1573 3318 1764 3393 solum
1827 3333 1972 3393 sciat
2027 3318 2162 3414 quid

525 3421 792 3502 oporteat
815 3415 1140 3492 facere,setl
1161 3430 1217 3481 et
1239 3428 1538 3502 quomodo
1573 3423 1732 3483 Multi
1755 3422 1914 3483 enim
1945 3422 2162 3484 bonum

526 3499 761 3592 quidem
799 3505 1087 3587 fecerunt,
1137 3499 1407 3572 sed'non
1453 3511 1626 3578 bene,
1666 3521 1723 3571 et
1755 3511 1899 3572 tales
1931 3512 2170 3592 quidem

523 3590 807 3681 succincti
839 3595 1394 3680 fueruntlumbis,et
1414 3619 1594 3678 opera
1616 3600 1856 3681 quidem
1881 3590 2166 3677 fecerunt,

522 3677 623 3737 sed
657 3698 772 3740 nou
809 3684 1102 3749 benezuec
1134 3677 1768 3750 baliueruntardentes
1803 3691 2076 3752 lucernas
2110 3691 2168 3753 in

525 3768 941 3858 manibus,boc
962 3784 1072 3854 est,
1101 3797 1216 3838 ηομ
1243 3778 1578 3839 habuerunt
1600 3787 1826 3839 rectum
1853 3779 2165 3858 judicium,

521 3856 625 3916 sed
655 3860 740 3920 vel
770 3861 827 3921 iu
854 3866 1062 3926 fastum
1087 3866 1538 3939 iuciderunt,vel
1557 3867 1616 3928 iu
1641 3868 1798 3929 aliud
1822 3856 2170 3947 arrogantia:

525 3950 1297 4037 przecipitiuni.Considcres
1317 3965 1511 4018 autem
1530 3957 1894 4036 etlioc,quod
1915 3959 2163 4037 primum

524 4035 705 4126 lumbi
724 4042 903 4102 nostri
921 4045 1205 4108 succincti
1236 4045 1282 4107 si
1293 4046 1601 4126 nt,deinde
1626 4035 2163 4111 lucernaaardeaut.

523 4125 789 4188 Primum
825 4132 982 4194 enim
1014 4135 1304 4215 operatio,
1340 4144 1398 4197 et
1446 4135 1666 4198 deinde
1721 4136 2164 4216 contemplatio,

521 4236 652 4296 quae
685 4223 899 4282 mentis
934 4234 1022 4286 est
1052 4226 1670 4289 illustratio.Lucerna
1702 4225 1859 4286 enim
1885 4237 1972 4287 est
1999 4245 2166 4294 meus

521 4316 742 4389 nostra,
772 4330 904 4391 quae
944 4333 1079 4375 cum
1127 4315 1303 4377 habet
1335 4319 1532 4377 lumen
1570 4316 1670 4376 Dei
1700 4315 1758 4375 iu
1805 4333 1868 4375 se
1908 4315 2160 4393 fulgens,

2252 3149 2314 3204 τὸ
2367 3152 2560 3228 σχημα
2619 3153 2725 3204 τῶν
2787 3147 3103 3228 ἐργατικῶν,
3136 3149 3226 3213 οἷς
3269 3147 3353 3207 δεῖ
3406 3152 3494 3207 καὶ
3522 3152 3644 3215 τοὺς
3676 3149 3900 3232 λύχνους

2251 3249 2529 3316 προσεῖναι
2596 3235 2935 3312 καιομένους.
2996 3246 3093 3294 Δεῖ
3122 3239 3221 3316 γὰρ
3250 3244 3318 3315 τῇ
3365 3247 3632 3320 πρακτικῇ
3681 3257 3898 3314 προσετ-

2251 3347 2334 3381 ναι
2390 3326 2478 3382 καὶ
2527 3327 2588 3381 τὸ
2658 3330 2754 3392 τῆς
2798 3323 3106 3401 διακρίσεως
3139 3327 3407 3407 χάρισμα,
3455 3329 3532 3385 ἵν’
3580 3331 3703 3412 ἔχοι
3727 3328 3902 3405 διαγι-

2251 3413 2474 3469 νώσκειν
2540 3416 2567 3469 ὁ
2627 3415 2939 3494 πρακτικὸς,
3016 3416 3075 3472 οὔ
3102 3417 3264 3490 μόνον
3304 3419 3494 3498 τίχρή
3533 3433 3734 3500 ποιεῖν,
3768 3418 3898 3474 ἄλλα

2254 3503 2341 3559 καὶ
2405 3504 2465 3559 τὸ
2519 3508 2658 3566 πῶς.
2693 3501 2889 3560 Πολλοὶ
2917 3503 3018 3579 μὲν
3045 3505 3144 3583 γὰρ
3191 3508 3248 3560 tri
3291 3505 3456 3564 καλὸν
3510 3509 3790 3578 ἐποίησαν,
3836 3511 3894 3564 οὗ

2253 3591 2432 3656 καλῶς
2497 3589 2573 3647 δέ·
2639 3595 2686 3650 οἱ
2740 3603 2969 3651 τοιοῦτοι
3027 3593 3114 3650 οὖν
3187 3595 3282 3660 τὰς
3339 3596 3435 3672 μέν
3501 3598 3695 3679 ὀσφύας
3759 3600 3889 3665 ἦσαν

2252 3682 2685 3760 περιεζωσμένοι·
2801 3682 3058 3761 ἔπραττον
3141 3685 3264 3763 γὰρ,
3348 3686 3472 3752 τοὺς
3671 3685 3889 3768 λύχνους

2252 3773 2345 3828 οὒκ
2427 3775 2587 3852 εἶχον
2693 3774 3032 3852 καιομένους,
3145 3773 3434 3855 τοδτέστιν,
3543 3776 3637 3834 οὑκ
3733 3777 3887 3857 εἶχον

2250 3861 2350 3928 τὴν
2393 3861 2454 3917 ἐκ
2500 3869 2592 3918 τοῦ
2647 3860 2807 3939 λόγου
2858 3859 3135 3941 διάκρισιν,
3187 3861 3308 3920 ἀλλ’
3364 3864 3399 3932 ἢ
3471 3867 3547 3930 εἰς
3598 3867 3757 3946 τύφον
3804 3867 3886 3922 ἐν-

2252 3951 2461 4025 έπεσον,
2517 3950 2553 4018 ἢ
2611 3952 2684 4016 εἷς
2737 3948 2897 4008 ἂλλον
2955 3950 3208 4014 ἀπονοίας
3269 3954 3525 4033 κρημνόν,
3588 3957 3810 4025 Νοήσεις
3837 3953 3886 4012 δὲ

2249 4040 2338 4095 καὶ
2392 4047 2569 4114 τοῦτο,
2629 4037 2709 4096 ὅτι
2780 4042 2989 4118 πρῶτον
3045 4044 3096 4097 αἱ
3139 4042 3324 4122 ὀσφύες
3374 4041 3524 4120 ημῶν
3553 4045 3884 4125 περιζώννυν-

2249 4150 2360 4203 ται,
2408 4130 2532 4186 εἶτα
2576 4130 2623 4186 οἱ
2681 4127 2867 4208 λύχνοι
2922 4129 3183 4193 καίονται.
3252 4132 3466 4211 Πρῶτον
3534 4134 3635 4214 γὰρ
3688 4132 3882 4214 πρᾶξις,

2249 4217 2373 4274 εἶτα
2439 4219 2650 4295 θεωρία,
2705 4217 2824 4286 ἣτις
2881 4216 2991 4274 ἐστὶ
3046 4221 3138 4276 τοῦ
3184 4228 3275 4278 νοῦ
3332 4219 3623 4297 ἔλλαμψις,
3687 4222 3880 4302 Λύχνος

2249 4308 2349 4386 γὰρ
2424 4311 2451 4364 ὁ
2497 4315 2614 4370 νοῦς
2673 4307 2852 4387 ἡμῶν,
2912 4307 2970 4371 ὅς
3028 4307 3154 4365 ὀίταν
3185 4308 3292 4391 ἔχῃ
3320 4312 3381 4368 τὸ
3409 4317 3522 4392 φῶς
3557 4319 3650 4369 τοῦ
3685 4320 3808 4371 Θεοῦ
3833 4313 3881 4375 ἐν

522 4405 640 4458 tum
699 4400 913 4462 dicitur
944 4403 1180 4466 ardere.
1215 4404 1435 4467 Demus
1462 4405 1640 4482 igitur
1668 4422 1932 4484 operam,
1961 4414 2021 4463 ut
2043 4405 2168 4465 vir-l

2254 4398 2391 4473 αὑτῴ
2455 4397 2690 4474 λάμπον,
2749 4398 2870 4454 τότε
2938 4397 3152 4477 λέγεται
3203 4401 3462 4458 καίεσθαι·
3519 4401 3880 4480 σπουδάσωμεν

523 4491 646 4546 tute
659 4488 842 4550 simus
865 4492 1095 4572 praediti
1116 4494 1846 4556 duasbabenteslucernas
1861 4492 2160 4573 ardentes,

524 4586 580 4635 et
607 4595 944 4643 sermonem
981 4581 1279 4644 internum
1304 4583 1364 4644 in
1395 4583 1789 4646 alfectibuset
1811 4601 1985 4661 quem
2021 4601 2161 4662 pro-

429 4681 434 4686 ‘
517 4667 877 4732 nuntiamus:
906 4680 962 4732 et
993 4673 1290 4733 internum
1317 4672 1556 4753 quidem
1584 4681 1647 4732 ut
1677 4689 1780 4750 per
1808 4670 2006 4730 omnia
2024 4671 2161 4732 ani-

518 4774 671 4817 mam
703 4756 956 4821 illustret
981 4778 993 4823 :
1018 4780 1151 4822 eum
1185 4770 1384 4824 autem
1413 4779 1588 4840 quem
1625 4759 2070 4840 prolerimus,ut
2095 4760 2159 4821 in

513 4846 652 4906 576
684 4847 879 4926 lingua
895 4850 1182 4926 refulgeat
1203 4850 1458 4911 lucidus.
1484 4852 1758 4912 Internus
1790 4867 1897 4909 nos
1929 4848 2157 4909 illumi-

517 4943 636 5004 net,
671 4935 976 5004 doctorum
1001 4949 1198 5000 autem
1231 4959 1452 5014 sermo,
1501 4948 1558 5001 et
1588 4939 1684 5018 qui
1717 4939 2156 5018 pronuntiatur,

512 5024 758 5088 alios.Et
791 5028 1159 5092 nos-similes
1179 5028 1364 5090 simus
1397 5028 1738 5090 hominibus
1767 5029 2158 5106 exspectanti-

511 5112 620 5174 bus
643 5115 947 5177 domiuum
970 5138 1139 5179 suum
1176 5119 1410 5198 quando
1448 5127 1774 5180 revertatur
1827 5136 1859 5177 a
1911 5116 2151 5195 nuptiis.

511 5204 652 5276 Quis
677 5215 874 5266 autem
898 5219 1098 5268 autem
1136 5209 1230 5270 hic
1265 5209 1542 5271 dominus
1571 5208 1720 5269 alius
1751 5225 1926 5287 quam
1951 5205 2157 5272 Chris-

513 5303 602 5354 tus
629 5292 832 5358 Jesus?
859 5297 956 5378 qui
985 5297 1300 5359 humanam
1328 5297 1565 5378 quidem
1611 5296 1929 5376 assumpsit
1982 5305 2154 5356 uatu-

509 5386 895 5457 ram,etsicut
924 5406 1202 5467 sponsam
1235 5387 1530 5468 copulavit
1550 5385 1690 5466 sibi,
1715 5395 1774 5447 et
1807 5385 2042 5465 nuptias
2063 5384 2154 5448 fe-

511 5472 610 5549 cit,
646 5473 707 5534 in
739 5493 979 5537 carnem
1021 5495 1196 5538 unam
1230 5478 1282 5538 ei
1318 5493 1384 5538 se
1429 5474 1847 5556 adjungendo:
1883 5474 2003 5534 imo
2038 5494 2155 5536 non

507 5579 652 5623 unas
685 5563 824 5625 fecit
852 5565 1224 5646 nuptiagsed
1251 5563 1777 5639 multas.Quotidie
1808 5562 1968 5626 enim
1997 5582 2152 5644 nup-

507 5648 601 5714 tiae
621 5651 770 5714 ﬁunt
788 5651 846 5715 in
870 5652 1018 5717 coelo
1032 5663 1369 5718 sanctarum
1389 5654 1899 5735 animarum,quas
1927 5651 1982 5715 ei
1996 5671 2153 5715 com.

2234 4489 2335 4556 εοῦν
2387 4487 2578 4567 ἀρετὴν
2635 4487 2844 4562 ἀσκεῖν,
2877 4486 2969 4543 ἵνα
2997 4488 3119 4552 τοὺς
3152 4486 3241 4546 δύο
3271 4488 3501 4567 λύχνους
3557 4494 3711 4568 ἡμῶν
3738 4515 3876 4550 καιο·

2246 4577 2430 4652 μένους
2485 4576 2723 4657 ἔχωμεν,
2808 4579 2900 4634 τὸν
2964 4598 3021 4633 τε
3081 4576 3372 4636 ἐνδιάθετον
3431 4579 3612 4659 λόγον,
3668 4583 3752 4638 καὶ
3798 4583 3880 4638 τὸν

2243 4669 2583 4749 προφορικὸν,
2642 4669 2733 4723 τὸν
2801 4667 2898 4742 μὲν
2954 4664 3246 4725 ἐνδιὰθετον
3301 4666 3386 4728 διὰ
3441 4673 3642 4735 παντὸς
3699 4671 3875 4750 ἀστρά-

2243 4779 2440 4814 πτοντα
2511 4755 2565 4813 ἐν
2595 4761 2663 4832 τῇ
2691 4760 2866 4835 ψυχῇ,
2899 4756 2991 4812 τὸν
3024 4753 3077 4812 δὲ
3108 4759 3429 4838 προφορικὸν
3465 4758 3519 4814 ἐν
3558 4765 3626 4836 τῇ
3651 4759 3872 4837 γλώσσῃ.

2247 4838 2302 4905 Ὀ
2361 4846 2460 4916 μὲν
2518 4846 2618 4926 γὰρ
2666 4843 2810 4902 ἔνδον
2866 4846 3009 4921 ἡμᾶς
3067 4849 3301 4924 φωτίζει,
3368 4850 3396 4904 ὁ
3426 4845 3479 4905 δὲ
3511 4847 3859 4912 διδασκαλικὸς

2242 4938 2328 4993 καὶ
2383 4936 2700 5015 προφορικὸς
2758 4932 2957 5014 λύχνος
2999 4937 3120 5000 τοὺς
3152 4934 3367 5000 ἄλλους.
3401 4935 3508 4998 Καὶ
3554 4939 3719 5014 ἡμεῖς
3747 4940 3868 5014 ὦμεν

2242 5023 2413 5100 ὅμοιοι
2486 5023 2780 5102 ἀνθρώποις
2839 5020 3289 5104 προσδεχομένοις
3318 5027 3408 5082 τὸν
3441 5028 3629 5106 Κύριον
3671 5029 3866 5103 ἑαυτῶν,

2240 5115 2368 5171 πότε
2425 5111 2669 5172 ἆναλύσει
2721 5113 2781 5170 ἐκ
2834 5115 2937 5170 τῶν
2982 5114 3193 5190 γάμων
3227 5115 3304 5178 τίς
3337 5112 3391 5171 δὲ
3423 5115 3576 5182 οὗτος
3607 5119 3634 5174 ὁ
3669 5118 3854 5196 Κύριος,

2239 5203 2274 5272 ἣ
2326 5205 2354 5260 ὀ
2416 5203 2633 5282 Χριστὸς
2690 5203 2717 5258 ὀ
2773 5199 2977 5270 Ἰησοῦς
3011 5224 3026 5277 ;
3065 5194 3172 5268 ’ος
3219 5205 3316 5275 τήν
3369 5205 3700 5286 ἀνθρωπίνην
3742 5194 3867 5288 ῥύσιν

2240 5291 2517 5350 ἀναλαϐὼν
2587 5295 2661 5358 ὡς
2734 5294 2968 5374 νύμφην,
3046 5296 3134 5351 καὶ
3185 5294 3388 5360 ἑνώσας
3452 5297 3644 5371 ἐαυτῷ,
3721 5295 3864 5376 γάμον

2240 5385 2490 5453 ἐποίησεν
2560 5386 2633 5448 εἷς
2677 5383 2844 5463 σάρκα
2875 5385 2997 5458 μίαν
3042 5389 3177 5463 αὑτῇ
3221 5383 3523 5461 κολληθεὶς,
3575 5386 3770 5465 μᾶλλσν
3794 5385 3860 5462 δὲ,

2239 5475 2342 5554 οὑχ
2397 5471 2487 5532 ἕνα
2546 5473 2719 5551 γάμον
2766 5485 3029 5550 ποιεῖται,
3060 5473 3199 5536 ἀλλὰ
3230 5473 3481 5554 πολλούς·
3517 5475 3635 5534 καθ’
3667 5477 3862 5544 ἑκάστην

2239 5563 2338 5642 γὰρ
2363 5560 2596 5653 Δἡμέραν
2658 5563 2970 5653 νυμφεύεται
3007 5563 3078 5624 ,ὶν
3107 5566 3333 5653 ,οὐρανῷ
3381 5565 3489 5653 ττὰς
3532 5567 3664 5653 ,τῶν
3701 5566 3859 5653 ,ἁγίων

2239 5649 2444 5731 ψυχὰς,
2505 5649 2566 5715 ἅς
2620 5651 2928 5726 παριστάναι
2985 5656 3127 5728 αὗτῷ
3191 5651 3422 5729 Παῦλος,
3453 5652 3490 5722 ἢ
3537 5651 3592 5712 εἴ
3634 5677 3711 5721 τις
3749 5649 3858 5712 κατὰ
