4132 6278
545 324 663 389 899

1511 325 2104 391 THEOPHYLACTI
2152 318 2563 389 BULGARI/E
2613 322 2971 388 ARCHIEP.

3881 325 3971 387 90;

544 458 713 519 uicus
771 458 1063 521 adventus
1122 468 1518 539 comparatur,
1546 477 1615 519 eo
1647 458 1802 539 quod
1864 470 2113 538 repente
2146 469 2205 523 et

2289 460 2571 533 ἀκολουθίᾳ
2640 461 2772 528 αὕτη
2866 463 2901 529 ἡ
2990 458 3218 540 ἐκδοχή·
3309 460 3519 539 κλέπτῃ
3578 462 3689 541 γὰρ
3761 462 3971 519 ἓντὼ
4068 426 4071 491 ί

544 547 843 626 inopinato
878 550 1075 611 veniet
1107 567 1120 611 :
1156 549 1307 609 sicut
1339 558 1395 610 et
1420 549 1821 628 apostolorum
1856 548 2095 629 quidam
2120 550 2205 611 di-

544 636 625 698 cit
658 656 671 696 :
712 638 847 699 Dies
878 642 1037 699 enim
1070 637 1305 698 Domini
1331 638 1497 717 quasi
1523 637 1615 697 fur
1644 636 1700 696 in
1731 640 2071 701 nocte58.Et
2092 640 2206 701 hoc

545 725 674 786 loco
700 726 833 786 vide
861 726 1163 805 quomodo
1197 726 1623 806 interpretatur
1651 725 1936 787 Dominus
1966 729 2099 807 quis
2130 729 2207 791 sit

544 814 657 875 fur.
684 812 829 875 Nam
863 816 1008 877 dicit
1041 838 1053 874 :
1091 817 1164 877 Et
1194 834 1297 876 vos
1332 816 1506 894 igitur
1534 815 1939 895 vigilate,quia
1963 835 2079 897 qua
2101 817 2206 880 ho-

544 922 607 963 ra
632 922 746 964 non
785 905 1021 980 putatis,
1064 904 1246 967 Filius
1277 904 1535 965 hominis
1571 904 1786 965 veniet.
1825 905 2038 967 Dicunt
2064 906 2205 987 qui-

544 991 678 1052 dam
703 993 861 1073 quod
895 1011 1004 1071 per
1030 996 1278 1073 primam
1305 993 1560 1071 vigiliam
1589 994 1998 1071 intelligantur
2022 995 2081 1056 bi
2105 995 2203 1077 qui

544 1082 677 1143 aliis
706 1090 844 1143 sunt
871 1082 1327 1159 diligentiores:
1366 1101 1473 1162 per
1513 1083 1844 1144 secundam
1902 1102 2065 1158 vero,
2101 1085 2204 1165 qui

543 1169 914 1250 aliquantum
949 1172 1335 1251 profecerunt
1366 1192 1382 1233 :
1419 1191 1527 1252 per
1582 1172 1811 1233 tertiam
1843 1182 2067 1247 autem,
2101 1173 2204 1254 qui

547 1259 726 1320 etiam
758 1260 877 1321 illis
928 1269 1065 1321 sunt
1096 1260 1430 1323 inferiores.
1467 1262 1541 1322 At
1569 1261 1669 1321 alii
1703 1261 1969 1323 diversas
1999 1270 2206 1325 anates

2292 548 2691 629 παραϐαλλεται
2751 552 2785 618 ὴ
2844 554 3103 626 παρουσία
3173 559 3267 607 τοῦ
3298 552 3484 629 Κυρίου
3514 548 3604 606 διὰ
3636 553 3702 608 τὸ
3765 552 3973 629 ἀπροσ-

2290 638 2540 714 δόκητον,
2598 642 2672 703 ὡς
2729 640 2819 695 καί
2867 662 2949 701 τις
3007 647 3114 696 τῶν
3171 640 3484 698 ἀποστόλων
3542 640 3730 719 λέγει’
3778 632 3853 696 Ἠ
3889 644 3973 719 Ti;

2288 731 2462 807 ἡμέρα
2524 730 2711 808 Κυρίου
2769 732 2843 792 ὡς
2901 728 3139 796 κλέπτης
3199 729 3251 785 ἐν
3284 731 3450 787 νυκτί.
3500 732 3596 788 Καὶ
3647 731 3899 786 ἐνταῦθα

2289 821 2315 874 6
2353 818 2539 895 Κύριος
2570 817 2651 874 ἴδε
2681 823 2797 882 πῶς
2824 820 3101 897 ἑρμηνεύει
3129 821 3293 899 ἡμῖν,
3320 820 3395 881 τίς
3428 819 3575 875 ἐστιν
3608 822 3639 875 6

2287 909 2417 985 φησὶ
2469 908 2589 985 γάρ’
2648 908 2746 964 Καὶ
2800 908 2957 982 ὑμεῖς
3022 915 3110 963 οὖν
3155 912 3492 986 γρηγορεῖτε,
3550 907 3637 965 ὅτι
3670 907 3710 983 ᾗ
3774 908 3901 987 ὥρᾳ
3926 914 3976 967 οὗ
4074 906 4075 959 ἶ

2286 993 2515 1070 δοκεῖτε,
2577 998 2605 1051 6
2668 997 2786 1058 Υἱὸς
2818 1005 2909 1054 τοῦ
2937 996 3201 1075 ἀνθρώτου
3231 996 3470 1076 ἔρχεται,
3504 999 3646 1054 Φασὶ
3702 995 3771 1053 δὲ
3808 1020 3971 1077 τινες,

2286 1088 2365 1141 ὃτι
2438 1088 2555 1160 περὶ
2611 1086 2711 1153 τὴν
2756 1087 2974 1165 πρώτην
3018 1085 3259 1166 φυλακὴν
3318 1086 3742 1166 ἐγρηγοροῦντες
3783 1096 3974 1144 νοοῦν-

2284 1197 2371 1230 ται
2434 1176 2485 1231 οἳ
2541 1177 2646 1231 τῶν
2690 1172 2868 1231 ἄλλων
2911 1174 3334 1255 ἐπιμελιέστιεροι⁹
3380 1177 3498 1255 περὶ
3549 1173 3745 1244 δὲτὴν
3786 1176 3973 1233 δευτέι

2287 1286 2381 1343 ραν
2427 1267 2473 1320 οἱ
2527 1261 2942 1331 ὑποϐεϐηκότες·
3005 1266 3122 1344 περὶ
3150 1263 3205 1321 δὲ
3235 1266 3335 1332 τὴν
3376 1266 3579 1344 τρίτην,
3634 1268 3687 1322 οἱ
3722 1265 3817 1322 ἔτι
3854 1270 3974 1323 τού-

556 1358 977 1427 exposuerunt,
1012 1358 1070 1411 et
1094 1352 1365 1430 primam,
1389 1370 1505 1430 qua
1537 1349 1950 1413 adolescentes
1974 1369 2205 1415 sumus:

2287 1374 2395 1410 των
2438 1353 2651 1422 ἥττους.
2716 1353 2927 1411 ²¹Αλλοι
2987 1352 3042 1410 δὲ
3097 1355 3191 1417 τὰς
3246 1353 3523 1435 διαφόρους
3571 1354 3816 1427 ἦῖικίας
3888 1355 3973 1421 ἒξ-

555 1438 903 1511 secundam,
938 1456 1052 1518 qua
1084 1438 1191 1498 viri
1227 1460 1240 1498 :
1295 1439 1557 1518 tertiam,
1591 1458 1706 1519 qua
1758 1458 1956 1504 senes.
1991 1439 2205 1503 Beatus

2290 1443 2587 1520 ηγήσαντο,
2664 1443 2882 1520 Πρώτην
2943 1444 3041 1519 μὲν
3071 1440 3188 1499 καθ’
3218 1442 3285 1511 ἤν
3316 1444 3419 1501 νέοι
3475 1445 3668 1520 ἐσμὲν,
3706 1443 3969 1525 δευτέραν

557 1525 735 1605 igitur
784 1527 1051 1608 quisquis
1102 1546 1455 1607 quacunque
1508 1536 1680 1589 aetate
1727 1528 2001 1591 inventus
2031 1529 2205 1591 fuerit

2290 1528 2369 1611 δὲ,
2429 1530 2546 1588 καθ’
2604 1531 2670 1599 ἥν
2726 1531 2932 1612 ἂνδρες,
2966 1533 3148 1612 τρίτην
3180 1530 3260 1608 δὲ,
3318 1532 3437 1591 καθ’
3503 1533 3568 1601 ἦν
3626 1532 3967 1612 πρεσϐυται,

557 1615 825 1697 vigilans,
852 1634 961 1678 nec
992 1616 1052 1677 in
1078 1617 1381 1697 operando
1433 1617 1656 1679 bonum
1721 1619 2089 1698 negligenter
2142 1635 2205 1680 se

2291 1622 2559 1698 Μακάριος
2630 1624 2716 1677 οὖν
2773 1620 2917 1686 ὅστις
2969 1623 3151 1699 εὑρεθῇ
3198 1622 3252 1677 ἐν
3302 1620 3738 1695 δποιᾳδηποτοῦν
3775 1622 3970 1695 ἡλικίᾳ

559 1723 796 1785 gerens.
2233 1710 2624 1799 Βέγρηγορὼς,
2695 1713 2785 1768 καὶ
2842 1713 2919 1786 μὴ
2948 1712 3162 1787 ἀμελῶς
3222 1714 3339 1792 περὶ
3406 1714 3500 1769 τὸν
3547 1713 3821 1792 ἐργασίαν
3884 1722 3973 1770 τεῦ

590 1820 595 1823 ·
2233 1797 2261 1799 ”
2293 1797 2459 1856 καλοῦ
2487 1798 2839 1875 διακείμενος,

644 1886 822 1948 Vsus.
851 1886 1068 1947 41-44.
1106 1910 1132 1939 ι(
1164 1884 1319 1947 Dixit
1343 1892 1536 1945 autem
1569 1884 1625 1945 ei
1645 1883 1870 1947 Petrus:
1933 1885 2204 1961 Domine,

2381 1912 2408 1942 ιι
2446 1890 2584 1947 Εἷπε
2634 1888 2699 1953 δὲ
2762 1894 2905 1963 αὖτῷ
2955 1893 2983 1947 6
3034 1891 3254 1969 Πέτρος·
3350 1891 3526 1967 Κύριε,
3611 1893 3754 1970 πρὸς
3824 1894 3970 1967 ἡμᾶς

562 1974 633 2035 ad
658 1992 763 2034 nos
777 1972 923 2034 dicis
946 1973 1114 2035 istam
1143 1973 1509 2053 parabolam,
1544 1993 1615 2033 an
1641 1974 1817 2034 etiam
1856 1974 1926 2035 ad
1951 1981 2205 2037 omnes?

2295 1978 2391 2045 τὴν
2444 1976 2749 2052 παραϐολὴν
2806 1981 3006 2047 ταύτην
3061 1978 3264 2056 λέγεις,
3323 1979 3357 2046 ἥ
3399 1981 3651 2056 καὶπρὸς
3700 1982 3971 2048 πάνταςς

564 2064 659 2124 Ait
683 2071 878 2125 autem
905 2061 1223 2123 Dominus:
1252 2060 1534 2134 Quisnam
1565 2073 1654 2123 est
1685 2063 1877 2125 ﬁdelis
1907 2064 2205 2143 dispensa-

2297 2070 2434 2124 Εῒπε
2491 2066 2545 2123 δὲ
2604 2071 2631 2125 6
2686 2069 2895 2148 Κύριος·
2958 2070 3045 2132 Τίς
3087 2070 3188 2148 ἇρά
3252 2071 3396 2126 ἐστιν
3438 2072 3467 2126 6
3513 2078 3707 2136 πιστὸς
3738 2073 3967 2127 οἰκονό-

566 2161 657 2214 tor
680 2170 747 2213 ac
771 2152 1032 2231 prudens
1056 2170 1233 2231 quem
1271 2152 1586 2213 constituet
1614 2152 1892 2213 dominus
1921 2171 2102 2233 super
2128 2154 2205 2215 fa-

2293 2179 2417 2232 μος,
2477 2159 2564 2212 καὶ
2621 2157 2896 2237 φρόνιμος,
2969 2156 3028 2215 ὅν
3098 2161 3423 2228 καταστήσει
3453 2161 3481 2215 6
3510 2160 3690 2238 ιώριος
3739 2159 3839 2216 ἐπὶ
3867 2160 3967 2226 τῆς

567 2241 857 2302 mulitium
891 2259 1090 2321 suum,
1115 2248 1175 2301 ut
1206 2242 1305 2302 det
1336 2241 1449 2301 illis
1479 2242 1541 2301 in
1576 2251 1841 2321 tempore
1869 2242 2205 2303 dimensum

2291 2248 2564 2325 θεραπείας
2606 2251 2786 2321 αὐτοῦ,
2847 2254 2940 2304 τοῦ
3011 2246 3205 2305 διδόναι
3263 2246 3317 2302 ἐν
3374 2252 3542 2327 καιρῷ
3595 2250 3657 2304 τὸ
3724 2250 3966 2324 σιτομέ-

565 2329 1015 2399 cibum?Beatus
1046 2330 1145 2391 ille
1166 2348 1575 2410 servus,quem
1609 2350 1741 2392 cum
1770 2331 2205 2393 veneritdomi-

2290 2357 2430 2413 τριον
2465 2356 2481 2410 ;
2544 2336 2809 2415 Μακάριος
2866 2339 2895 2392 6
2924 2334 3107 2400 δοῦλος
3140 2336 3362 2411 ἐκεῖνος,
3398 2337 3458 2392 ὅν
3486 2335 3648 2393 ἐλθὼν
3684 2340 3717 2393 6
3781 2338 3968 2414 ιῶριος

566 2438 698 2493 nus,
736 2419 1026 2479 invenerit
1055 2417 1138 2481 ita
1170 2417 1673 2481 facientem.Vere
1691 2420 1823 2480 dico
1856 2419 2205 2501 vobis,quod

2292 2423 2471 2498 αὐτοῦ,
2556 2426 2765 2501 εὑρήσει
2860 2434 3110 2483 ποιοῦντα
3238 2424 3428 2488 οὕτως’
3514 2423 3735 2492 ἀληθῶς
3815 2426 3965 2504 λέγω

566 2507 842 2568 omnibus
863 2525 992 2587 quae
1015 2507 1593 2587 possidet,praeﬁciet
1622 2507 2205 2588 illumalnterroga-

2292 2515 2442 2593 ὑμῖν,
2505 2515 2583 2570 δτι
2615 2513 2699 2570 ἐπὶ
2737 2520 2865 2570 πᾶσι
2896 2529 3015 2580 τοῖς
3043 2516 3373 2594 ὑπάρχουσιν
3430 2516 3573 2589 αὐτῷ
3612 2519 3963 2585 καταστήσει

570 2597 650 2658 vit
680 2596 885 2658 Petrus
914 2614 1023 2658 ceu
1054 2615 1254 2658 curam
1288 2597 1547 2658 omnium
1596 2596 1841 2673 habens,
1877 2608 1937 2659 et
1968 2617 2071 2677 pro
2101 2617 2205 2661 au-

2295 2603 2470 2661 αὗτόν.
2508 2627 2535 2657 ιι
2577 2602 2883 2683 Ἦρώτησεν
2929 2607 2956 2660 6
2988 2604 3204 2681 Πέτρος.
3253 2605 3349 2660 οἷα
3379 2605 3590 2661 πάντων
3622 2607 3959 2683 φροντίζων,

564 2685 855 2747 ditoribus
888 2685 1200 2759 sollicitus,
1238 2695 1513 2765 tanquam
1566 2686 1809 2747 fratrum
1869 2695 2118 2761 amator,
2155 2696 2205 2749 el

2293 2693 2381 2747 καὶ
2429 2692 2560 2771 ὑπὲρ
2612 2700 2717 2749 τῶν
2776 2695 3073 2750 ἀκουόντων
3123 2694 3492 2770 διακαιόμενος
3549 2695 3623 2756 ὡς
3684 2692 3959 2773 φιλάδελ-

564 2774 657 2837 cui
686 2776 807 2855 jam
842 2776 1183 2836 concredita
1210 2774 1495 2855 Ecclesia,
1525 2795 1664 2837 num
1699 2776 1772 2837 ad
1794 2795 2003 2837 omnes
2032 2795 2205 2855 para-

2294 2805 2416 2861 φος,
2480 2783 2566 2838 καὶ
2636 2792 2709 2846 ὼς
2764 2780 2867 2849 ἤδη
2898 2783 2996 2849 τὴν
3024 2781 3342 2850 Ἐκκλησίαν
3389 2784 3708 2854 πιστευθεὶς,
3747 2785 3792 2838 εἷ
3825 2787 3955 2860 πρὲκ

563 2865 759 2926 bolam
795 2864 972 2928 dicat.
1020 2864 1306 2926 Dominus
1338 2883 1473 2924 vero
1507 2884 1623 2926 non
1662 2866 1975 2927 manifeste
2007 2868 2078 2929 ad
2110 2866 2205 2927 in-

2295 2871 2493 2934 πάντας
2549 2872 2649 2938 τὴν
2704 2869 3012 2950 παραϐολὴν
3072 2873 3268 2939 ταύτην
3322 2871 3490 2950 λέγει’
3549 2874 3576 2928 ό
3621 2870 3678 2927 δὲ
3763 2874 3956 2952 Κύριος

568 2953 1027 3032 terrogationem
1052 2954 1503 3034 respondet,sed
1535 2954 1767 3016 occulto
1794 2955 2047 3034 quodam
2078 2974 2205 3016 mo-

2296 2967 2528 3039 φανερῶς
2613 2961 2711 3032 μὲν
2801 2959 2946 3019 οὐδὲν
3001 2960 3336 3040 ἀποκρίνεται
3402 2961 3543 3034 αὖτῴ
3654 2965 3799 3040 πρὸς
3866 2966 3955 3029 τήν

561 3044 635 3105 do
666 3043 886 3105 indicat
918 3043 1071 3123 quod
1105 3044 1261 3105 dicta
1294 3043 1569 3123 parabola
1603 3044 1936 3105 communis
1957 3045 2120 3119 sit,et
2135 3045 2205 3107 ad

2294 3049 2571 3127 ἐρώτησιν,
2642 3049 3107 3128 ἐπικεκρυμμένως
3166 3048 3218 3106 δέ
3279 3048 3553 3122 δείκνυσιν,
3614 3048 3697 3105 ὅτι
3764 3055 3803 3121 ἦ
3864 3052 3952 3125 μὲν

562 3151 770 3195 omnes
797 3132 1034 3212 quidem
1061 3133 1355 3212 pertineat
1379 3133 1611 3204 ﬁdeles,
1642 3141 1699 3194 et
1719 3134 1791 3194 ad
1815 3153 1915 3195 vos
1959 3142 2205 3214 aposto-

2289 3138 2509 3214 ῥηθεϊσα
2578 3136 2854 3217 παραϐολὴ
2909 3140 3061 3207 κοινὴ
3091 3144 3180 3214 ἧν,
3233 3140 3329 3197 καί
3359 3141 3433 3203 εἷς
3459 3141 3653 3204 πάντνς
3715 3142 3953 3219 φθάνου-

561 3223 674 3297 los,
703 3229 762 3283 et
784 3222 844 3281 in
871 3221 1076 3295 primis
1108 3239 1207 3284 eos
1238 3224 1337 3301 qui
1360 3221 1449 3282 vel
1481 3222 1746 3283 doctrina
1780 3223 1865 3283 vel
1918 3220 2205 3303 dignitate

2290 3248 2357 3282 σα
2384 3229 2471 3283 καὶ
2539 3228 2659 3290 τοὺς
2716 3227 2979 3307 τυχόντας
3031 3230 3269 3302 πιστοὺς,
3343 3228 3440 3296 τῆς
3497 3228 3552 3283 δὲ
3599 3230 3741 3307 πρὸς
3789 3231 3950 3304 ὑμᾶς,

562 3319 841 3391 praesunt.
856 3308 1067 3371 Verum
1089 3310 1227 3371 audi
1250 3309 1518 3391 quisnam
1545 3310 1621 3371 sit
1650 3311 1839 3373 ﬁdelis
1856 3330 1923 3372 ac
1943 3312 2205 3392 prudens

2300 3318 2451 3396 φησὶ,
2502 3317 2621 3380 τοὺς
2677 3316 3026 3397 ἀποστόλους,
3071 3320 3158 3373 καὶ
3216 3316 3398 3382 ἁπλῶς
3428 3318 3547 3381 τοὺς
3607 3314 3954 3384 διδασκαλίας

564 3400 1265 3480 dispensator.Parabola
1282 3400 1440 3460 enim
1462 3399 1742 3479 praedicta
1767 3401 2205 3483 multis,inquit,

2300 3404 2334 3471 ἤ
2403 3406 2722 3482 προστασίας
2791 3403 3126 3485 ἀξιωθέντας,
3160 3404 3262 3473 ἤδη
3323 3406 3500 3466 ἄκουε.
3539 3408 3628 3468 Τίς
3660 3405 3765 3485 ἄρα
3813 3407 3954 3463 ἐστὶν

571 3491 863 3571 congruit.
894 3492 1065 3553 Nunc
1096 3500 1289 3552 autem
1341 3492 1416 3553 de
1473 3493 1566 3553 his
1621 3491 1723 3572 qui
1774 3494 2031 3573 praefecti
2080 3506 2205 3557 sunt

2300 3497 2327 3550 6
2384 3495 2565 3556 πιστὸς
2624 3496 2712 3550 καὶ
2794 3495 3045 3573 φρόνιμος
3131 3495 3431 3571 οἰκονόμος.
3497 3487 3561 3553 Ἠ
3621 3496 3714 3571 μὲν
3773 3494 3952 3573 προιό-

563 3580 717 3655 aliis,
753 3580 1016 3660 inquiro,
1049 3582 1179 3659 quis
1237 3578 1569 3641 inveniatur
1622 3583 1740 3642 duo
1797 3581 1921 3644 haec
1959 3582 2205 3656 habens,

2298 3583 2520 3660 ῥηθετσα
2600 3580 2874 3661 παραϐολὴ
2938 3580 3188 3656 πολλοῖς,
3246 3585 3428 3664 φησὶν,
3489 3584 3722 3662 ἁρμόζει,
3767 3589 3860 3639 νῦν
3892 3580 3953 3638 δὲ

563 3669 737 3733 tidem
770 3669 903 3730 dico
937 3677 995 3729 et
1026 3669 1398 3750 prudentiam
1431 3688 1446 3745 ;
1496 3688 1667 3731 rarus
1703 3670 1861 3731 enim
1896 3671 1992 3733 hic
2018 3680 2077 3733 et
2112 3673 2205 3733 in-

2296 3673 2414 3749 περὶ
2504 3678 2609 3728 τῶν
2693 3673 3014 3751 προστασίας
3098 3670 3424 3737 ἀξιωθέντων
3510 3675 3664 3751 φησὶ,
3745 3671 3952 3749 λέγων·

560 3767 734 3819 ventu
764 3757 1199 3821 difﬁcilisNatn
1227 3758 1379 3820 sicut
1400 3761 1459 3820 in
1484 3758 2032 3840 dispensationibus
2061 3761 2205 3823 divi-

2301 3767 2548 3827 Διαπορῶ
2613 3762 2691 3826 τίς
2748 3761 3078 3839 εὑρεθὴσεται
3146 3764 3314 3819 ταῦτα
3382 3759 3556 3842 ἔχων,
3618 3763 3710 3818 καὶ
3771 3762 3950 3818 πίστιν

562 3849 776 3909 tiarum
810 3847 859 3909 si
886 3847 1017 3927 quis
1048 3847 1236 3910 ﬁdelis
1270 3848 1446 3909 fuerit
1464 3848 1707 3910 domino
1731 3867 1986 3930 suo,non
2010 3858 2205 3912 autem

2288 3852 2375 3906 καὶ
2432 3849 2707 3929 φρόνησιν·
2769 3850 2988 3913 σπάνιος
3047 3850 3146 3928 γὰρ
3203 3850 3355 3914 οὗτος
3429 3850 3517 3907 καὶ
3610 3848 3949 3929 δυσεύρετος.

562 3936 847 4017 prudens,
882 3937 1161 4017 dispersit
1204 3955 1299 3999 res
1329 3937 1579 4018 domini,
1615 3938 1890 3999 nesciens
1912 3940 2052 3999 578
2076 3940 2205 4002 illas

2288 3939 2467 4017 ὥσπερ
2521 3938 2620 4018 γὰρ
2675 3939 2760 3995 ἐπὶ
2814 3938 2920 3994 τῶν
2978 3943 3332 4019 χρηματικῶν
3401 3941 3721 4015 οἰκονομιῶν
3763 3943 3810 3997 εί
3858 3964 3949 3998 πι-

562 4026 913 4106 dispensare
962 4026 1115 4086 sicut
1164 4027 1460 4108 convenit,
1493 4027 1595 4088 sed
1658 4046 1776 4088 non
1838 4028 1936 4089 dat
1965 4033 2205 4110 quando

2293 4030 2417 4093 στος
2469 4029 2561 4095 εἴη
2598 4050 2680 4091 τις
2734 4035 2812 4103 τῷ
2892 4026 3125 4104 δεσπότῃ
3183 4028 3364 4103 αὐτοῦ,
3438 4029 3513 4105 μὴ
3561 4029 3829 4106 φρόνιμος
3872 4029 3945 4109 δὲ,

562 4122 887 4195 oportet,et
910 4114 1190 4175 damnum
1224 4115 1361 4176 facit
1384 4115 1626 4177 domino
1659 4117 1890 4196 majus:
1928 4120 2139 4179 iterum
2163 4124 2205 4185 si

2294 4117 2585 4177 ἀπόλλυται
2640 4118 2705 4173 τά
2761 4115 3069 4195 δεσποτικὰ,
3170 4119 3249 4194 μὴ
3330 4117 3618 4194 δυναμένου
3679 4117 3947 4187 διοικῆσαι

562 4204 823 4284 prudens
858 4204 989 4284 quis
1044 4203 1245 4279 fuerit,
1280 4213 1342 4265 et
1378 4204 1693 4285 expendat,
1731 4205 1991 4267 inﬁdelis
2014 4214 2205 4268 autem

2294 4216 2455 4265 ταῦτα
2528 4209 2602 4272 ὡς
2671 4205 2776 4281 δεῖ,
2832 4205 2951 4263 ἀλλ’
2982 4208 3108 4263 ὅταν
3164 4208 3319 4288 χρεία
3350 4205 3549 4283 δοῦναι,
3582 4209 3664 4283 μὴ
3688 4206 3947 4287 διδόντος,

560 4290 657 4371 sit,
691 4291 784 4352 t'ur
816 4298 1017 4371 utique
1046 4291 1246 4370 fuerit,
1280 4299 1339 4354 et
1374 4300 1531 4354 tanto
1586 4291 1768 4371 magis
1809 4293 2066 4355 difﬁcilis
2101 4295 2205 4356 de-

2296 4299 2385 4355 καὶ
2440 4296 2700 4354 πλειόνων
2756 4296 3028 4354 ἀπώλειαν
3077 4297 3380 4360 ποιοῦντοςο
3438 4296 3619 4372 πάλιν,
3681 4299 3727 4354 εἰ
3764 4300 3947 4378 φρόνι-

560 4381 1123 4462 prehensu,quaudo
1158 4382 1523 4460 prudentior:
1552 4380 1631 4443 ita
1649 4391 1705 4442 et
1734 4382 1795 4443 in
1827 4383 2039 4443 divinis
2068 4402 2205 4463 opus

2299 4408 2398 4462 μος
2443 4385 2540 4462 μὲν
2602 4385 2717 4458 ε’ίη,
2778 4387 2866 4442 καὶ
2922 4387 3247 4465 ποριστικὸς,
3312 4384 3538 4449 ἅπιστὸς
3568 4383 3647 4460 δὲ,
3706 4385 3946 4453 κλέπτης

557 4477 648 4531 est
674 4469 790 4531 ﬁde
820 4489 887 4530 ac
920 4470 1253 4549 prudentia.
1273 4470 1406 4533 Scio
1430 4471 1589 4533 enim
1624 4473 1840 4532 multos
1871 4472 1972 4552 qui
2001 4470 2205 4534 viden-

2298 4474 2357 4535 ἄν
2429 4475 2543 4554 εἵη,
2604 4475 2692 4531 καὶ
2744 4476 2887 4549 τόσῳ
2917 4474 3119 4549 μᾶλλον
3148 4472 3505 4553 δυσφωρατος,
3552 4475 3666 4546 ὃσῳ
3696 4478 3789 4531 καὶ
3820 4497 3943 4555 ορθ-

556 4566 655 4621 tur
696 4560 905 4619 virtute
935 4577 1001 4619 ac
1036 4558 1251 4637 pietate
1282 4578 1351 4621 ac
1405 4560 1523 4619 ﬁde
1582 4559 1837 4639 przediti,
1900 4571 2205 4642 propterea

2298 4565 2603 4639 νιμότατος·
2670 4562 2807 4619 οὕτω
2865 4561 2930 4630 δὴ
2982 4567 3070 4619 καὶ
3100 4564 3186 4619 επὶ
3214 4567 3321 4618 τῶν
3348 4564 3522 4639 θείων,
3556 4561 3641 4618 δεῖ
3673 4562 3729 4618 ἐν
3774 4568 3949 4635 ταυτῷ

559 4647 715 4728 quod
766 4648 1173 4710 ecclesiastica
1225 4648 1553 4728 prudenter
1618 4649 2037 4712 administrare
2099 4669 2205 4713 ne-

2295 4655 2381 4710 καὶ
2430 4653 2655 4718 πίστεως
2710 4654 2799 4709 καὶ
2854 4653 3182 4731 φρονήσεως’
3219 4651 3342 4708 οἶδα
3376 4653 3476 4732 γὰρ
3530 4654 3641 4731 εγὼ
3677 4728 3680 4729 ν
3712 4652 3946 4715 πολλὼς

560 4745 798 4817 queant,
833 4736 1150 4797 damnosos
1175 4755 1306 4797 esse
1336 4736 1643 4811 Ecclesiae,
1667 4746 1726 4798 et
1752 4757 1869 4799 non
1901 4740 2094 4801 solum
2120 4740 2205 4801 fa-

2295 4741 2602 4804 σπουδαίους
2654 4740 2751 4817 μὲν
2804 4740 3084 4805 δοκοῦντας
3142 4739 3262 4798 κατ’
3320 4740 3539 4819 ἀρετὴν,
3601 4744 3691 4797 καὶ
3772 4746 3952 4800 θεοσε-

561 4825 947 4898 cultates,sed
979 4826 1151 4886 etiam
1174 4826 1403 4887 animas
1425 4826 1771 4906 perderezut
1803 4829 2057 4909 exempli
2079 4848 2205 4910 gra.

2295 4829 2437 4912 ϐεῒς,
2495 4833 2585 4887 καὶ
2636 4833 2812 4887 πίστιν
2863 4830 3111 4910 ἔχοντας,
3166 4830 3220 4886 ἐν
3267 4837 3345 4904 τῷ
3423 4831 3500 4905 μὴ
3582 4828 3833 4888 δύνασθαι
3896 4830 3949 4887 δὲ

564 4916 937 5003 tia,pe_ccavit
958 4915 1251 4995 quispiam
1288 4926 1530 4996 peccato
1563 4917 1719 4996 quod
1748 4918 2003 4979 animam
2029 4918 2205 4981 offen-

2302 4920 2568 5001 ιρρονίμως
2664 4917 2922 4976 διαθέσθαι
3004 4920 3071 4975 τὰ
3145 4917 3583 4999 ἑκκλησιαστικὰ,
3655 4922 3717 4976 οὗ
3787 4924 3949 4995 μόνον

564 5006 651 5067 dit
675 5024 687 5068 :
714 5005 826 5066 nisi
849 5005 1110 5086 prudens
1144 5005 1219 5066 sit
1245 5005 1344 5086 qui
1379 5006 1675 5086 praesidet,
1701 5007 1807 5068 sed
1844 5016 2065 5069 tantum
2103 5009 2205 5070 ba-

2301 5011 2582 5090 χρήματα,
2659 5008 2794 5065 ἀλλὰ
2840 5009 2926 5065 καὶ
2957 5008 3136 5088 ψυχὰς
3166 5008 3564 5081 ζημιώσαντας’
3604 5011 3720 5064 οἷον
3752 5007 3948 5065 ἔπται-

564 5095 699 5158 beat
729 5096 929 5175 ﬁdem,
964 5096 1073 5157 hoc
1104 5102 1195 5156 est
1222 5095 1493 5157 virtutem
1527 5095 1750 5175 absque
1768 5097 2117 5175 judicio,vel
2141 5117 2205 5161 ex

2293 5101 2351 5156 σέ
2416 5122 2497 5163 τις
2558 5099 2611 5154 ἐν
2644 5103 2863 5178 ψυχικῷ
2891 5098 3342 5177 προσπταίσματι,
3378 5099 3421 5153 εἰ
3452 5100 3531 5172 μὴ
3564 5098 3827 5179 φρόνιμος
3858 5099 3951 5165 εἴη

560 5185 881 5246 immodica
910 5184 1439 5265 increpatione,vel
1474 5202 1541 5245 ex
1571 5184 1994 5265 intempestiva
2050 5185 2205 5250 illius

2291 5193 2318 5246 6
2371 5190 2669 5269 προεστὼς,
2728 5186 2865 5243 ἀλλὰ
2959 5188 3121 5263 μόνον
3199 5187 3375 5243 πίστιν
3444 5186 3612 5267 ἔχων,
3674 5188 3955 5245 τουτέστιν

563 5276 1023 5337 mansuetudine
1045 5275 1446 5354 corrumpitur
1477 5275 1527 5335 is
1549 5272 1649 5355 qui
1668 5273 2205 5357 lapsus,est,etnon

2288 5279 2478 5358 ἀρετὴν
2538 5275 2865 5355 ἀδιάκριτον,
2919 5276 2954 5344 ἥ
3009 5275 3063 5341 ιε
3102 5276 3330 5357 ἀμέτρου
3374 5276 3760 5354 ἐπιτιμήσεως,
3796 5276 3837 5344 ἦ
3892 5277 3955 5334 ὲκ

561 5374 819 5435 sanatur,
831 5363 934 5425 sed
948 5362 1582 5445 couteritur.Quisquis
1599 5362 1777 5442 igitur
1786 5364 1865 5426 ﬁd
1874 5366 1984 5427 elis
1999 5374 2055 5427 et
2070 5384 2205 5447 pru-

2290 5368 2588 5447 πραότητος
2646 5367 2860 5439 ἀκαίρου
2909 5364 3213 5447 διαφθαρείη
3274 5369 3303 5424 6
3378 5368 3628 5447 πταίσας,
3705 5368 3793 5424 καὶ
3854 5369 3957 5425 οὐκ

562 5454 710 5517 dens
762 5455 1036 5516 inventus
1077 5454 1278 5535 fuerit,
1332 5454 1719 5518 constituetur
1763 5455 1825 5515 in
1876 5455 2205 5519 ministerio

2287 5458 2582 5531 ἰαθήσεται,
2641 5454 2760 5512 ἀλλ’
2810 5452 3228 5535 ἔπιτριόήσεται,
3314 5447 3509 5520 ’Ὅστις
3595 5456 3683 5512 οὖν
3753 5459 3959 5526 πιστὸς

644 5634 707 5684 18
736 5632 784 5695 ιι
815 5635 975 5696 Petr.
1011 5650 1094 5709 III,
1134 5639 1227 5694 10.
