4132 6298
231 312 342 380 901

233 452 417 527 εὑρεθῇ

229 540 510 619 θεραπείας
567 546 658 595 τοῦ
758 540 968 616 Κυρίου,
1068 538 1334 596 τουτέστιν
1437 539 1613 595 ἐπάνω
1675 541 1884 596 πάντων

223 634 336 684 τῶν
395 627 619 703 δοῦλων,
678 628 816 684 ὥστε
868 627 1077 701 ἑκάστῳ
1128 632 1186 705 ἓν
1247 636 1408 707 καιρῷ
1438 626 1629 685 διδόναι
1707 631 1767 685 τὸ
1799 651 1886 684 σι-

218 718 528 798 τομέτριον,
606 716 719 773 εἴτε
777 715 1100 796 δογματικὸς
1134 716 1296 797 λόγος
1357 717 1521 796 ἐστὶν,
1568 719 1612 793 ᾧ
1661 721 1885 799 τρέφον-

222 830 314 864 ται
390 811 442 863 αἱ
495 809 690 888 ψυχαὶ,
738 806 851 863 εἴτε
895 806 1133 886 πράξεων
1166 808 1532 882 ὁποτύπωσις,
1567 810 1653 865 καὶ
1697 807 1882 864 διατα-

1019 314 1457 380 ENARRATIO
1500 298 1573 380 1N
1618 313 2115 381 EVANGELIUM
2167 318 2403 383 Luca.
2432 352 2507 366 -
2539 315 2704 385 CAP.
2756 320 2891 384 x11.

509 449 596 506 καὶ
694 445 974 529 φρόνιμος,
1059 451 1514 520 κατασταθήσεται
1600 452 1686 506 επὶ
1785 456 1880 516 τῆς

1975 452 2233 527 Domini,
2257 453 2369 516 hoc
2393 462 2482 514 est
2506 472 2686 534 super
2710 471 2918 516 omnes
2951 474 3179 530 servos,
3215 465 3278 517 ut
3308 453 3632 536 unicuique

3509 318 3627 383 902

1970 539 2069 600 det
2104 560 2440 603 mensuram
2474 543 2755 604 frumenti
2788 542 2846 603 in
2881 552 3146 624 tempore
3176 563 3309 621 suo,
3364 545 3489 607 sive
3518 545 3633 606 hoc

1971 638 2059 690 est
2092 650 2293 691 sermo
2324 632 2611 694 doctrinm
2641 651 2757 711 quo
2790 633 3029 694 aluntur
3057 636 3292 714 animm,
3322 635 3444 695 sive
3479 653 3627 715 ope-

1973 737 2101 779 rum
2161 721 2519 801 exemplum,
2566 730 2624 782 et
2676 724 3020 782 mandatum
3080 724 3378 803 quomodo
3424 722 3623 785 vivere

1971 827 2105 887 opm
2128 808 2490 871 teat.Beatus
2522 810 2621 890 qui
2655 811 2784 872 talis
2814 810 2990 873 fuerit
3021 813 3314 886 inventus,
3356 820 3414 873 et
3444 831 3624 893 super

225 898 304 975 γὴ
375 898 490 961 πῶς
547 895 629 954 δεῖ
686 899 852 972 βιοῦνο
915 900 943 953 6
997 906 1257 976 τοιοῦτος,
1346 899 1390 952 εἰ
1429 895 1596 960 οὕτως
1655 899 1880 974 εὑρεθείη

1969 897 2164 959 omnia
2211 917 2316 959 sua
2365 902 2681 961 constituet
2730 900 2895 960 illum
2927 901 3239 964 Dominus.
3268 900 3395 964 Non
3428 902 3619 963 solum

225 991 422 1062 ποιῶν,
474 988 755 1066 μακάριος,
823 987 908 1043 καὶ
977 986 1061 1043 ἰπὶ
1153 992 1280 1043 πᾶσι
1380 999 1500 1047 τοῖς
1557 987 1880 1066 ὑπάρχουσιν

1969 986 2123 1046 inter
2157 1006 2381 1062 servos,
2432 990 2532 1049 sed
2567 998 2625 1048 et
2662 988 2995 1050 sublimiori
3047 991 3228 1069 gradu
3265 991 3616 1069 provehens,

224 1076 375 1149 αὒτῷ
430 1076 752 1146 καταστήσει
810 1077 965 1133 αὐτὸν
1024 1078 1051 1132 6
1114 1076 1324 1153 Κύριος,
1373 1079 1431 1133 οὒ
1462 1077 1624 1151 μόνον
1654 1074 1737 1131 ἐπὶ
1771 1088 1880 1137 τοῖς

1971 1093 2157 1154 super
2188 1077 2389 1135 omnia
2417 1077 2755 1152 constituet,
2786 1077 2920 1139 utei
2944 1087 3001 1138 et
3027 1088 3267 1141 terrena
3307 1078 3536 1141 subsint
3565 1088 3624 1141 et

222 1161 459 1245 δούλοις,
519 1162 635 1222 ἄλλ’
711 1164 814 1233 ἤδη
884 1167 970 1222 καὶ
1012 1163 1343 1241 ὑψηλοτέρου
1389 1165 1591 1241 βαθμοῦ
1635 1162 1880 1240 ἀξιώσας,

1970 1165 2257 1226 caelestia.
2304 1163 2462 1226 Talis
2493 1175 2618 1227 erat
2646 1164 2821 1227 Jesus
2873 1169 3055 1242 Nave,
3089 1168 3220 1229 talis
3274 1167 3461 1230 Elias.
3515 1168 3621 1229 Ille

224 1252 318 1311 ἐπὶ
374 1261 533 1311 πᾶσιν
595 1256 751 1312 αῦτὸν
809 1256 1156 1329 καταστήσει,
1218 1254 1355 1311 ὣστε
1411 1255 1500 1310 καὶ
1556 1254 1620 1312 τὰ
1677 1253 1880 1332 ἐπίγεια

1969 1253 2124 1314 enim
2155 1254 2290 1327 soli,
2346 1256 2439 1316 hic
2470 1264 2666 1317 autem
2700 1255 2959 1318 nubibus
3008 1257 3143 1318 cmli
3173 1257 3524 1335 imperabat.
3550 1256 3617 1319 Et

220 1341 379 1422 ἔχειν
435 1345 770 1401 ὑπακούοντα
838 1345 927 1399 καὶ
976 1345 1041 1399 τὰ
1111 1345 1349 1422 οὒράνια,
1410 1343 1528 1408 οἶος
1584 1343 1796 1411 Ἰησοῦς
1854 1346 1880 1398 6

1969 1361 2174 1405 omnes
2228 1345 2579 1425 simpliciter
2635 1348 2918 1424 sancti,ut
2966 1346 3143 1407 amici
3203 1347 3333 1427 Dei,
3371 1348 3464 1409 his
3489 1366 3621 1429 quae

218 1442 324 1491 τοῦ
393 1437 563 1507 Ναυῆ,
638 1438 754 1496 οἷος
826 1430 1033 1506 Ἠλίας,
1108 1435 1137 1488 6
1168 1432 1265 1496 μὲν
1294 1431 1451 1506 ἡλίῳ,
1498 1434 1526 1488 6
1555 1431 1609 1488 δὲ
1636 1432 1877 1512 νεφέλαις

1969 1432 2138 1494 amici
2169 1444 2306 1493 sunt
2340 1442 2611 1495 utuntur.
2652 1435 2999 1495 Communia
3046 1435 3206 1497 enim
3256 1445 3393 1497 sunt
3421 1437 3623 1499 omnia

219 1521 450 1600 οὐρανοῦ
507 1521 897 1595 ἰπιτάττοντες,
967 1523 1054 1578 καὶ
1104 1530 1297 1584 πάντες
1382 1520 1564 1584 ἁπλῶς
1620 1524 1665 1578 οἰ
1738 1522 1879 1600 ἅγιοι

1969 1522 2320 1586 amicorum.
2358 1526 2426 1586 Et
2447 1525 2641 1583 omnis
2669 1525 2771 1605 qui
2805 1524 2863 1584 in
2896 1524 3158 1585 solitaria
3204 1526 3315 1585 vita
3369 1527 3615 1588 activam

220 1612 308 1673 ὡς
366 1617 497 1667 Θεοῦ
555 1609 696 1691 φίλοι
751 1624 870 1675 τοῖς
926 1618 1019 1668 τοῦ
1048 1610 1200 1691 φίλου
1229 1611 1523 1690 χρώμενοι·
1586 1612 1735 1667 κοινὰ
1782 1613 1880 1689 γὰρ

1969 1610 2139 1670 vitam
2173 1612 2311 1690 agit,
2347 1620 2406 1672 et
2436 1611 2683 1675 serviles
2706 1612 3075 1685 aﬁ'ectiones,
3108 1614 3273 1681 iram.
3298 1622 3356 1673 et
3388 1632 3615 1675 concu-

217 1701 298 1757 τὰ
353 1702 459 1757 τῶν
516 1699 703 1779 φίλωνο
776 1702 866 1757 καὶ
920 1706 1024 1763 πᾶς
1081 1702 1109 1756 6
1166 1699 1264 1767 τὴν
1320 1701 1617 1778 πρακτικὴν
1688 1701 1880 1775 μετιὼν

1969 1700 2340 1781 piscentiam,
2375 1700 2689 1778 gubernat.
2738 1709 2798 1761 et
2830 1720 2993 1761 suam
3027 1702 3242 1783 cuique
3275 1721 3613 1765 mensuram

219 1790 426 1868 ἀρετὴν
496 1771 552 1845 ἓν
612 1795 688 1863 τῷ
742 1790 935 1869 ἡσύχῳ
960 1791 1080 1865 βίῳ,
1126 1790 1303 1846 καὶτὰ
1334 1771 1699 1868 δοῦλαπάθη,
1718 1791 1880 1863 θυμὸν

216 1880 319 1936 καὶ
368 1878 665 1953 ἐπιθυμίαν,
728 1880 1045 1958 οἰκονομῶν,
1104 1880 1192 1935 καὶ
1223 1878 1430 1953 ἑκάστῳ
1488 1877 1540 1933 ἐν
1591 1884 1759 1956 καιρῷ
1821 1880 1881 1933 τὸ

217 1967 562 2045 σιτομέτριον
616 1966 893 2047 παρέχων,
948 1970 1095 2042 θυμῷ
1153 1967 1271 2041 μὲν,
1327 1966 1463 2023 ὥστε
1535 1980 1716 2042 μισεῖν
1761 1968 1879 2031 τοὺς

216 2063 513 2132 μισοῦντας
570 2057 662 2112 τὸν
722 2058 931 2134 Κύριον,
994 2056 1082 2112 καὶ
1137 2055 1221 2112 ἐπὶ
1278 2069 1394 2117 τοῖς
1453 2055 1667 2136 ἐχθροῖς
1724 2058 1877 2113 αὐτοῦ

213 2146 563 2225 ἐκτήκεσθαι,
623 2146 870 2221 ὶπιθυμίᾳ
925 2143 1005 2219 δὲ,
1066 2145 1203 2201 ὥστε
1234 2147 1483 2225 πρόνοιαν
1542 2150 1638 2213 τῆς
1684 2147 1876 2224 σαρκὸς

210 2248 407 2291 ποιεῖν
465 2234 774 2314 ἀναγκαίαν,
848 2236 936 2291 καὶ
998 2233 1132 2301 ὅλην
1190 2234 1351 2302 αύτῆν
1395 2236 1526 2309 πρὸς
1560 2236 1690 2290 Θεὸν
1744 2235 1877 2289 ἀνα-

212 2322 489 2397 πέμπειν
591 2330 694 2387 πᾶς
771 2323 859 2381 οὖν
928 2326 956 2379 6
1012 2332 1250 2388 τοιοῦτος
1310 2324 1591 2403 μακάριος,
1671 2325 1758 2379 καὶ
1812 2321 1876 2390 δὴ

211 2410 551 2477 ἒπιτεύξεται
608 2415 695 2469 καὶ
770 2414 1008 2493 θεωρίας,
1089 2415 1178 2469 καὶ
1250 2413 1335 2469 ἐπὶ
1392 2420 1521 2469 πᾶσι
1574 2426 1691 2475 τοῖς
1783 2419 1875 2470 τοῦ

213 2498 422 2580 Κυρίου
478 2504 777 2582 ὑπάρχουσι
860 2505 1339 2573 κατασταθήσεται,
1415 2504 1586 2569 πάντα
1638 2510 1713 2575 τῷ
1739 2505 1874 2559 θεω-

214 2599 435 2671 ρητικῷ
491 2598 566 2666 νῷ
620 2592 855 2659 ἀξιωθεὶς
923 2592 1138 2670 βλέπειν
1183 2595 1269 2649 καὶ
1312 2595 1649 2649 έπισκοπεϊν’
1696 2594 1783 2649 καὶ
1816 2596 1874 2650 οὔ

1969 1789 2143 1851 tritici
2174 1790 2235 1850 in
2285 1801 2553 1870 tempore
2585 1790 2910 1871 distribuit,
2962 1792 3111 1851 iram
3145 1792 3385 1872 quidem
3419 1793 3517 1872 ita,
3554 1802 3615 1853 ut

1963 1878 2099 1938 odio
2122 1880 2340 1941 habeat
2371 1880 2505 1941 odio
2530 1880 2817 1942 habentes
2845 1880 3254 1956 Dominum,et
3286 1899 3470 1961 super
3496 1880 3615 1943 ini-

1964 1968 2151 2029 micos
2175 1988 2313 2029 suos
2347 1969 2627 2044 tabescat,
2661 1969 3203 2049 concupiscentiam
3239 1988 3375 2030 vero
3411 1970 3516 2050 ita,
3552 1978 3629 2041 ut

1964 2059 2366 2119 necessariam
2400 2059 2596 2120 carnis
2625 2073 2788 2138 gerat
2818 2068 3112 2139 curam,et
3143 2077 3273 2119 eam
3322 2069 3500 2119 totam
3551 2059 3613 2120 in

1964 2144 2154 2206 Deum
2189 2147 2442 2224 dirigat:
2480 2149 2697 2224 omnis,
2727 2148 2994 2227 inquam,
3032 2147 3162 2210 talis
3196 2149 3406 2208 beatus
3434 2156 3637 2223 est,et

1963 2247 2315 2316 a~sequetur
2346 2237 2523 2297 etiam
2557 2237 3140 2317 contemplationem,
3174 2244 3233 2297 et
3264 2256 3442 2317 super
3474 2256 3603 2298 om-
3638 2310 3639 2313 η

1966 2325 2060 2384 nia
2083 2344 2213 2405 quae
2236 2325 2472 2385 Domini
2503 2326 2595 2387 sui
2627 2335 2786 2397 sunt,
2822 2326 3608 2406 constituetur,merebitur-

1962 2432 2077 2494 que
2104 2415 2556 2495 contemplativa
2588 2415 2757 2477 oculo
2792 2416 3133 2495 perspicere
3157 2426 3325 2477 eteas
3342 2435 3471 2496 qum
3491 2436 3608 2478 non

1958 2504 2192 2584 proprie
2207 2503 2484 2564 dicuntur
2498 2504 2887 2585 facultates,et
2902 2523 3000 2565 eas
3014 2524 3146 2585 quae
3167 2505 3421 2586 proprie,
3434 2513 3610 2568 aeter-

1959 2611 2064 2653 nas
2096 2592 2250 2655 dico.

217 2681 387 2738 τόνον
409 2685 569 2739 ταῦνα
598 2683 663 2738 τὰ
693 2684 771 2759 μῆ
806 2684 1003 2762 Κυρίως
1033 2683 1368 2763 ὑπάρχοντα,
1414 2680 1551 2737 ἀλλὰ
1580 2683 1669 2738 καὶ
1697 2684 1763 2738 τὰ
1799 2683 1986 2759 κυρίως
2021 2683 2347 2763 ὓπάρχοντα,
2382 2683 2525 2761 λέγω
2566 2683 2632 2751 δὴ
2660 2686 2725 2739 τα
2754 2686 2962 2745 αἰώνια.

316 2789 347 2830 (
383 2768 507 2828 Ἐὰν
564 2770 618 2827 δὲ
690 2770 823 2849 εἴπῃ
879 2775 907 2828 6
964 2770 1145 2837 δοῦλος
1212 2775 1419 2834 ἒκεῖνος
1476 2771 1529 2827 ἐν
1598 2777 1665 2848 τῇ
1694 2768 1875 2851 καρδίᾳ

219 2860 412 2916 αὐτοῦ’
488 2863 723 2939 Χρονίζει
797 2864 824 2918 6
888 2862 1075 2941 Κύριός
1134 2884 1236 2937 μου
1290 2860 1483 2936 ἐλθεῖν,
1542 2862 1630 2917 καὶ
1659 2860 1875 2936 ἄρξηται

219 2950 445 3005 τὺπτειν
500 2951 620 3015 τοὺς
677 2950 876 3014 παῖδας
932 2953 1021 3007 καὶ
1090 2952 1185 3015 τὰς
1232 2948 1533 3029 παιδίσκας,
1591 2949 1778 3005 ἐσθίειν
1820 2971 1876 3004 τε

2041 2770 2220 2835 Vens.
2257 2774 2359 2853 45,
2383 2774 2480 2836 46.
2522 2772 2723 2844 «Quod
2754 2773 2805 2834 si
2831 2791 3034 2834 servus
3066 2774 3162 2835 ille
3195 2774 3253 2834 in
3287 2774 3468 2836 corde
3500 2792 3607 2835 suo

1962 2861 2414 2924 dixeritzDiﬁ‘ert
2438 2861 2719 2922 Dominus
2752 2881 2917 2922 meus
2948 2863 3604 2945 reditum,cmperitque

1964 2959 2276 3029 percutere
2309 2968 2509 3011 servos
2542 2959 2599 3010 et
2632 2950 2965 3027 ancillas,et
2990 2952 3169 3013 edere
3194 2952 3608 3032 bibereque,et

221 3050 315 3095 καί
373 3040 561 3119 πίνειν,
620 3041 707 3095 καὶ
760 3040 1128 3120 μεθύσκεσθαι,
1199 3039 1311 3107 ἣξει
1373 3041 1604 3117 ὁκύριος
1635 3045 1726 3094 τοῦ
1755 3036 1877 3093 δού-

1969 3038 2245 3101 inebriari
2280 3062 2293 3100 :
2332 3042 2489 3103 venit
2519 3040 2795 3101 dominus
2846 3042 3001 3101 servi
3045 3042 3202 3101 illius
3254 3042 3313 3102 in
3359 3042 3455 3102 die
3488 3061 3603 3122 quo

222 3126 323 3183 λου
394 3128 591 3185 ἐκείνου
643 3129 697 3185 ἐν
766 3129 939 3206 ἡμέρᾳ
982 3129 1106 3205 ᾖοῦ
1134 3126 1421 3207 προσδοκᾷ,
1461 3128 1635 3184 καὶέν
1687 3127 1797 3206 ὥρᾳ
1840 3128 1876 3195 ἧ

225 3222 288 3276 οὗ
343 3218 613 3296 γινώσκει,
684 3220 772 3275 καὶ
830 3217 1181 3299 διχοτομήσει
1257 3219 1438 3293 αὐτὸν,
1496 3219 1668 3273 καὶτὸ
1721 3216 1879 3294 μέρος

224 3310 388 3365 αὒαοῦ
442 3308 579 3383 μετὰ
635 3314 739 3364 τῶν
805 3309 1039 3365 ἀπίστων
1096 3309 1269 3378 θήσει.
1323 3329 1347 3364 ι
1386 3307 1514 3364 0ὖαί
1540 3320 1656 3372 τοῖς
1699 3308 1876 3363 τοιού-

224 3418 345 3459 τοις
403 3394 630 3472 δούλοις,
687 3397 741 3454 ο’ί
839 3399 1080 3478 χάρισμα
1175 3394 1427 3460 λαϐόντες
1518 3401 1881 3471 πνευματικῆς

224 3487 565 3561 ὶπιστασίας,
630 3485 978 3567 διαφθείρουσι
1034 3488 1135 3555 τὴν
1220 3486 1656 3562 ἐμπιστευθεῖσαν
1701 3488 1881 3548 αὐτοῖς

229 3576 564 3656 οἰκονομίαν,
626 3578 713 3632 καὶ
769 3576 976 3633 πίνουσι
1032 3578 1152 3652 μὲν,
1212 3577 1301 3632 καὶ
1371 3576 1741 3649 μεθύσκονται,
1773 3574 1885 3629 εἴτε

226 3665 496 3732 αἰσθητῶς
557 3667 719 3722 ταῦτα
801 3664 1021 3742 βούλοιο
1096 3677 1266 3723 νοεῖν⁹
1340 3661 1611 3739 σομϐαίνει
1641 3664 1741 3743 γὰρ
1799 3665 1884 3719 καὶ

226 3755 389 3811 τοῦτο
442 3766 560 3818 τοῖς
641 3767 833 3820 κακοῖς
891 3761 996 3811 τῶν
1027 3753 1363 3822 Ἐκκλησιῑυν
1419 3755 1669 3832 ἡγεμόσι,
1713 3774 1883 3810 κατα-

228 3840 547 3900 σπαταλῶσι
600 3847 706 3899 τῶν
766 3849 1063 3923 πτωχικῶν
1091 3843 1414 3923 χρημάτων
1448 3842 1559 3899 εἴτε
1602 3842 1691 3898 καὶ
1721 3842 1886 3917 μέθην

230 3944 377 3989 νοεῖν
444 3930 614 3995 θέλεις
684 3933 783 3999 τὴν
814 3934 1122 4012 παραφορὰν
1152 3940 1243 3989 τοῦ
1299 3931 1413 4011 νοῦ,
1446 3932 1533 3987 καὶ
1562 3930 1616 3986 έν
1658 3929 1883 4008 δόγμασι

227 4020 322 4077 καὶ
379 4020 432 4076 ἰν
501 4022 771 4101 χρήμασι.
828 4022 1092 4078 Τύπτουσι
1129 4019 1183 4077 δὲ
1214 4024 1263 4078 οἱ
1305 4026 1533 4078 τοιοῦτοι
1590 4020 1881 4099 προστάται

226 4110 355 4174 τοὺς
414 4109 611 4173 παῖδας
693 4112 782 4168 καὶ
812 4110 906 4173 τὰς
936 4107 1238 4190 παιδίσκας,
1271 4111 1409 4189 φημὶ
1441 4106 1530 4182 δὴ,
1564 4108 1687 4171 τοὺς
1732 4107 1786 4163 ἐν
1817 4113 1884 4183 τῇ

230 4197 531 4271 Ἐκκλησία
625 4199 1020 4279 ἀσθενεστέρους
1114 4197 1569 4271 σκανδαλίζοντες,
1653 4198 1882 4254 τύπτου-

231 4310 320 4344 σιν
377 4288 548 4345 αύτῶν
618 4290 714 4356 τῆν
774 4287 1089 4355 συνείδησιν.
1152 4279 1207 4345 Ὀ
1276 4289 1376 4366 γὰρ
1408 4286 1631 4353 ἀσθενὴς
1659 4287 1747 4342 καὶ
1788 4308 1882 4360 μι-

231 4377 511 4458 κρόψυχος
559 4376 679 4439 ἰδὼν
752 4377 847 4455 ἐμὲ
901 4380 993 4435 τὸν
1076 4376 1329 4457 ἀρχιερέα
1358 4382 1536 4438 κακῶς
1580 4372 1883 4454 διεξάγοντα

1962 3148 2079 3190 ηοιι
2111 3139 2326 3209 sperat,
2355 3138 2411 3191 et
2436 3130 2581 3191 hora
2611 3148 2723 3209 qua
2754 3129 2966 3208 nescit,
3001 3141 3055 3191 et
3090 3129 3409 3192 dissecabit
3439 3148 3600 3203 eum,

1964 3226 2305 3299 partemque
2350 3219 2481 3298 ejus
2539 3237 2670 3280 cum
2722 3219 2924 3279 inﬁdis
2974 3228 3173 3299 ponet.
3207 3244 3234 3275 ι)
3272 3219 3372 3282 Vae
3393 3218 3607 3280 talibus

1967 3308 2174 3383 servis,
2210 3309 2310 3387 qui
2333 3308 2553 3369 donum
2586 3307 2907 3387 spiritualis
2930 3308 3325 3388 praesidentia;
3349 3326 3603 3390 accepe-

1967 3406 2190 3471 runt,et
2210 3397 2713 3477 dispensationem
2744 3398 2856 3459 sibi
2881 3398 3259 3460 commissam
3283 3398 3609 3460 inﬁdeliter

1966 3495 2199 3566 gerunt,
2225 3497 2283 3549 et
2320 3486 2529 3548 bibunt
2555 3507 2623 3548 ac
2650 3488 3017 3549 inebriantur
3058 3510 3071 3546 :
3105 3489 3227 3550 sive
3259 3488 3603 3550 ebrietatem

1969 3576 2333 3638 sensibilitcr
2361 3578 2694 3655 intelligere
2722 3577 2978 3640 volueris
3013 3599 3025 3640 :
3052 3578 3337 3658 contingit
3366 3577 3523 3640 enim
3551 3584 3609 3638 et

1971 3668 2081 3727 hoc
2114 3666 2283 3727 malis
2309 3666 2702 3729 Ecclesiarum
2735 3666 3104 3747 praesidibus,
3130 3669 3269 3729 379
3299 3670 3399 3749 qui
3450 3667 3608 3729 deli-

1969 3755 2129 3818 ciose
2152 3756 2353 3817 vivunt
2395 3756 2469 3818 de
2500 3756 2670 3818 bonis
2702 3774 3026 3838 pauperum
3065 3778 3077 3817 :
3113 3759 3238 3819 sive
3296 3759 3472 3820 etiam
3507 3774 3614 3837 per

1969 3844 2314 3907 ebrietatem
2350 3845 2680 3925 intelligere
2713 3846 2899 3927 placet
2931 3847 3369 3926 perversionem
3427 3853 3610 3906 status

1970 3936 2185 3999 mentis
2210 3937 2503 4017 perfalsas
2524 3938 3223 4017 doctrinas,velamorem
3248 3938 3610 4001 divitiarum.

1973 4025 2297 4088 Verberant
2326 4029 2484 4087 enim
2520 4026 2665 4089 tales
2696 4026 2983 4107 praesides
3014 4045 3220 4089 servos
3253 4036 3311 4088 et
3340 4026 3608 4103 ancillas,

1968 4116 2080 4177 hoc
2111 4123 2219 4190 est,
2254 4116 2612 4179 offendiculo
2656 4125 2796 4178 sunt
2844 4117 3271 4178 inﬁrmioribus
3300 4118 3610 4191 Ecclesiae,

1968 4222 2217 4284 quorum
2245 4206 2579 4285 percutiunt
2608 4204 3057 4267 conscientiam.
3084 4204 3314 4267 Etenim
3339 4206 3615 4268 inﬁrmus

1969 4301 2028 4355 et
2051 4293 2465 4373 pusillanimis,
2486 4313 2621 4355 cum
2670 4294 2886 4356 viderit
2921 4313 3014 4354 me
3048 4295 3391 4375 episcopum
3429 4294 3612 4355 vitam

1969 4384 2119 4444 male
2151 4384 2841 4465 transigere,percutitur
2862 4382 3225 4444 conscientia
3255 4384 3535 4460 oﬁ‘ensus,
3558 4397 3617 4450 et

230 4468 335 4533 τὴν
388 4468 556 4543 ζωὴν,
612 4468 861 4525 τύπτεται
927 4469 1024 4536 τὴν
1113 4465 1406 4533 συνείδησιν
1471 4463 1880 4540 σκανδαλιζόμε-

1969 4473 2192 4554 plagam
2236 4474 2452 4554 accipit
2490 4463 2555 4534 in
2601 4474 2802 4552 corde,
2864 4473 3046 4553 ﬁtque
3094 4472 3407 4535 inﬁrmior.
3473 4473 3611 4534 Haec

233 4578 347 4629 νος,
409 4559 497 4613 καὶ
548 4556 758 4636 πληγὰς
819 4555 1034 4636 δέχεται
1093 4556 1147 4612 έν
1202 4562 1270 4631 τῇ
1318 4553 1525 4635 καρδίᾳ,
1557 4556 1645 4611 καὶ
1676 4554 1858 4610 ἀσθενέ

234 4667 420 4728 στερος
496 4648 717 4725 γίνεται.
798 4653 973 4705 Ταῦτα
1048 4644 1102 4702 δὲ
1199 4648 1371 4705 πάντα
1428 4641 1726 4728 συμϐαίνει
1809 4648 1886 4716 τῷ

234 4726 454 4815 πονῆρῷ
509 4735 679 4811 δούλῳ
727 4739 789 4793 εκ
839 4743 932 4794 τοῦ
1005 4738 1199 4812 εἰπεῖν,
1260 4735 1360 4813 ὅτι,
1425 4726 1481 4792 Ὀ
1544 4732 1728 4810 Κύριός
1786 4755 1886 4809 μου

234 4828 468 4906 χρονίζει
525 4824 723 4883 ἐλθεῖν⁹
785 4826 891 4883 ἀπὸ
947 4825 1197 4905 ῥᾳθυμίας
1275 4827 1398 4903 γὰρ,
1482 4825 1571 4880 καὶ
1647 4828 1740 4879 τοῦ
1809 4824 1887 4897 μὴ

232 4918 569 4991 ὶνθυμεῖσθαι
626 4917 725 4983 τὴν
784 4915 923 4986 ὤραν
975 4914 1073 4983 τῆς
1129 4913 1402 4988 τελευτῆς,
1455 4914 1520 4968 τὰ
1562 4910 1778 4969 τοιαῦτα
1800 4913 1887 4990 γί-

240 5027 439 5067 νονται,
502 5007 559 5063 Εἰ
630 5007 729 5083 γὰρ
786 5003 1118 5080 ἐνενοοῦμεν,
1180 5004 1260 5060 ὅτι
1291 5002 1405 5071 ἥκει
1465 5005 1493 5058 ὁ
1540 5002 1747 5081 Κύριος,
1802 5001 1887 5057 καὶ

238 5094 324 5151 ἰπὶ
380 5095 605 5173 θύραιςὴ
637 5092 858 5161 τελευτὴ
921 5095 1007 5150 καὶ
1065 5092 1335 5153 συντέλεια
1406 5097 1505 5159 τῆς
1535 5095 1677 5161 ζωῆς
1705 5094 1881 5165 ἡμῶν,

238 5188 399 5253 ἧττον
449 5183 509 5241 ἂν
561 5185 959 5263 ἡμαρτάνομεν,
1037 5181 1187 5242 Ἀλλ’
1246 5183 1341 5262 ὅρα
1399 5185 1486 5239 καὶ
1555 5180 1653 5247 τὴν
1710 5202 1885 5256 τιμω-

241 5275 375 5351 ρίαν.
455 5275 844 5354 Διχοτομήσει,
878 5275 1061 5354 φησὶν,
1095 5275 1271 5345 αὐτὸν,
1318 5271 1581 5354 τουτέστι,
1642 5271 1885 5346 στερήσει

240 5370 333 5420 τοῦ
403 5352 735 5445 χαρίσματος
793 5352 903 5422 τοῦ
940 5360 1337 5425 διδασκαλικοῦ.
1404 5352 1527 5418 U[vat
1558 5360 1658 5439 γὰρ
1695 5359 1773 5434 μῆ
1806 5382 1885 5425 τις

242 5455 437 5532 νομίσῃ
504 5452 587 5512 ὅτι
633 5450 986 5529 συμϐαλεῖται
1057 5454 1199 5527 αῦτῷ
1228 5454 1289 5509 τὸ
1344 5450 1610 5533 χάρισμα,
1642 5450 1774 5528 πρὸς
1822 5453 1882 5507 τὸ

244 5542 321 5619 μή
383 5541 728 5625 σφοδρότερον
814 5540 1162 5624 κολασθῆναι,
1248 5548 1391 5617 Πῶς,
1453 5541 1603 5621 φησὶ,
1676 5536 1880 5613 συμϐα-

242 5635 415 5692 λεῖται
502 5635 642 5691 αὒτῶ
698 5634 759 5691 τὸ
816 5632 1080 5712 χάρισμα,
1138 5633 1269 5692 ὅπου)
1331 5654 1389 5711 γε
1447 5629 1641 5709 γυμνὸς
1698 5633 1882 5692 τούτου

1965 4571 2160 4625 autem
2208 4565 2407 4623 omnia
2440 4561 3025 4641 continguntinﬁdeli
3056 4580 3226 4622 servo
3256 4581 3331 4623 ex
3362 4580 3432 4623 eo
3455 4563 3611 4643 quod

1967 4650 2148 4713 dicit:
2181 4650 2678 4713 Diﬁertdomiuus
2705 4669 2872 4711 meus
2900 4652 3156 4712 reditum
3194 4672 3205 4713 :
3240 4669 3357 4731 pra:
3389 4651 3617 4729 ignavia

1971 4740 2131 4802 enim
2156 4741 2270 4802 hoc
2291 4741 2452 4815 facit,
2488 4760 2604 4802 non
2638 4740 2905 4817 cogitans
2951 4741 3155 4801 horam
3204 4740 3408 4800 mortis
3466 4741 3616 4802 Nam

1973 4830 2022 4891 si
2045 4830 2440 4909 cogitaremus
2468 4839 2777 4893 venturum
2816 4831 3153 4909 Dominum,
3190 4838 3247 4890 et
3282 4829 3343 4890 in
3394 4830 3618 4891 furibus

1974 4921 2153 4982 ﬁnem
2184 4929 2241 4980 et
2262 4920 2833 4983 consummationem
2856 4920 2986 4979 vitae
3007 4928 3225 4980 nostrae
3257 4918 3617 4997 esse,minus

1970 5011 2174 5091 utique
2222 5027 2626 5087 peccat-emus.
2658 5007 2878 5070 Verum
2930 5007 3061 5068 vide
3118 5015 3176 5069 et
3232 5007 3609 5088 supplicium.

1970 5099 2321 5179 Dissecabit,
2359 5098 2571 5179 inquit,
2606 5099 2799 5172 illum,
2834 5100 2945 5159 hoc
2977 5108 3085 5167 est,
3142 5098 3391 5177 privabit
3449 5097 3613 5157 illum

1968 5188 2223 5252 docendi
2254 5194 2453 5268 gratia.
2484 5188 2569 5250 Ne
2598 5188 2730 5268 quis
2760 5188 2919 5249 enim
2955 5195 3116 5268 putet
3144 5188 3300 5267 quod
3335 5187 3447 5268 ipsi
3466 5204 3615 5250 con-

1968 5279 2118 5340 ferat
2144 5277 2362 5338 donum
2384 5276 2455 5336 ad
2483 5277 2595 5337 hoc
2617 5294 2692 5336 ne
2717 5275 2954 5354 gravius
2978 5273 3617 5355 puniatur.Quomodo,

1968 5366 2184 5448 inquit,
2220 5365 2488 5428 conferat
2517 5365 2571 5426 ei
2603 5366 2822 5426 donum
2855 5383 2988 5425 cum
3018 5362 3121 5424 illo
3156 5382 3313 5424 nunc
3363 5362 3621 5425 nudatus

1967 5454 2625 5517 inveniatur?dissecari
2650 5454 2808 5516 enim
2842 5453 3137 5533 signiﬁcat
3163 5452 3350 5533 gratia
3376 5451 3617 5534 privari.

1966 5543 2287 5608 Enimvero
2319 5543 2427 5608 ille
2453 5552 2593 5606 tunc
2618 5543 2976 5605 miserabilis
3006 5543 3321 5617 invenitur,
3356 5536 3512 5624 quod
3545 5540 3620 5603 sit

1967 5650 2101 5696 caro
2140 5641 2197 5695 et
2231 5649 2349 5694 non
2384 5632 2646 5713 spiritus,
2678 5633 2813 5713 quia
2864 5641 3001 5693 tunc
3049 5649 3252 5717 sumus
3294 5633 3352 5698 in
3381 5630 3613 5713 spiritu,
