4132 6298
447 337 563 403 903

445 475 774 536 secundum
807 474 1422 555 Apostolum,quando
1444 471 1698 553 Spiritus
1731 474 1837 537 Dei
1869 471 2132 534 habitat:

446 565 505 625 in
536 564 710 625 nobis
740 565 823 627 59.
860 562 969 636 Qui
1002 575 1198 624 autem
1234 582 1353 624 non
1406 562 1666 624 ambulat
1718 563 1954 643 spiritu,
1988 560 2093 623 sed

442 653 501 714 in
536 671 718 715 carne
755 662 866 727 est,
916 662 972 714 et
997 672 1211 732 expers
1241 654 1513 713 inventus
1546 651 1723 713 fuerit
1751 653 1881 713 vitae
1912 650 2095 733 spiri—

443 741 644 815 tualis,
677 762 810 803 cum
846 742 1174 804 incredulis
1204 742 1537 815 ordinatur,
1596 750 1798 821 utpote
1831 742 1929 821 qui
1962 757 2095 802 cum

446 830 755 892 incredulo
791 832 1012 891 mundo
1045 830 1790 910 condemnatumquoniam
1826 830 1970 891 nihil
1991 829 2100 890 uti-

446 920 627 980 litatis
651 919 722 980 ab
754 929 1077 999 apparente
1111 919 1226 980 ﬁde
1261 919 1530 999 percipit.
1574 917 1723 979 Vera
1756 920 1914 979 enim
1951 917 2098 979 ﬁdes

444 1010 651 1089 inipso
687 1028 800 1070 non
833 1010 963 1071 fuit.
1011 1012 1161 1071 Nam
1202 1011 1247 1069 si
1284 1009 1341 1069 in
1375 1027 1444 1069 eo
1501 1008 1708 1068 fuisset
1750 1026 1888 1069 vera
1920 1007 2094 1087 ﬁdes,

443 1098 819 1177 diSpensator
852 1097 1046 1159 ﬁdelis
1077 1098 1286 1158 fuisset
1344 1095 1560 1157 Verum
1597 1114 1754 1157 nunc
1814 1095 1953 1174 quia
2002 1095 2097 1156 bi-

441 1186 590 1248 bens
622 1196 679 1247 et
712 1205 776 1248 se
804 1186 1110 1247 inebrians
1144 1187 1274 1257 fuit,
1310 1195 1369 1247 et
1397 1204 1495 1246 res
1529 1185 1767 1247 Domini
1818 1203 2095 1246 corrum-

446 1293 618 1355 pens,
653 1274 829 1335 ﬁdem
853 1294 1049 1336 veram
1090 1292 1204 1336 non
1240 1274 1466 1348 habuit,
1495 1293 1625 1354 quae
1658 1273 1915 1353 exigitur
1934 1272 2099 1335 adis-

444 1363 860 1443 pensatoribus
895 1385 908 1426 :
946 1364 1097 1425 bene
1126 1382 1263 1441 ergo
1298 1382 1429 1424 cum
1466 1363 1663 1424 inﬁdis
1708 1363 1944 1442 ponitur
1965 1380 2100 1442 por-

448 1454 527 1515 tio
562 1453 716 1532 ejus.
755 1454 1015 1515 Privatus
1040 1454 1196 1514 enim
1239 1454 1392 1513 dono
1440 1462 1497 1513 et
1529 1452 1803 1526 nudatus,
1858 1451 2099 1513 mutilus

444 1541 780 1621 invenitur,
808 1553 866 1602 et
902 1560 1017 1603 non
1039 1542 1289 1617 integer.

1412 338 1515 401 ΤΗ
1529 338 2004 401 EOPHYLACTI
2050 333 2457 401 BULGARI/E
2502 339 2857 403 ABGHIEP.

2178 469 2465 549 εὑρίσκεται
2518 472 2690 548 τότε;
2748 472 2810 528 τὸ
2895 472 2993 551 γὰρ
3051 470 3509 553 διχοτομηθῆναι,
3543 478 3702 527 τοῦτο
3736 493 3836 537 ση-

2178 560 2377 639 μαίνει,
2432 560 2503 618 Τό
2574 564 2891 641 στερηθῆναι
2952 561 3050 629 τῆς
3116 562 3366 642 χάριτος.
3399 562 3704 641 Εὕρίσκεται
3741 560 3836 639 γὰρ

2179 650 2207 705 6
2265 647 2493 714 ἐλεεινὸς
2565 649 2685 707 τότε
2738 647 2862 727 σὰρξ
2922 650 2997 707 ὥν
3065 652 3153 707 καὶ
3183 655 3242 710 οὒ
3270 652 3501 726 πνεῦμαο
3538 649 3661 705 ἐπεὶ
3704 650 3824 705 τότε

2180 737 2339 813 ἐσμὲν
2379 737 2432 794 ἐν
2462 740 2745 815 πνεύματι,
2779 740 2916 795 κατὰ
2956 740 3050 795 τὸν
3096 737 3447 814 Ἀπόστολον,
3501 737 3589 793 ὅτε
3620 744 3835 813 Πνεῦμα

2182 834 2313 882 Θεοῦ
2372 830 2510 885 οἰκεῖ
2551 832 2607 885 ἓν
2662 831 2823 904 ἡμῖν’
2872 831 2902 885 6
2958 826 3015 884 δὲ
3092 830 3170 904 μὴ
3203 830 3459 903 πνεύματι
3506 828 3833 907 στοιχήσας,

2181 914 2300 972 ἀλλ’
2353 920 2407 974 ἒν
2458 920 2609 997 σαρκὶ
2678 917 2774 990 ὤν,
2834 920 2927 975 καὶ
2988 916 3206 997 ἄμοιρος
3264 920 3483 997 εὑρεθεὶς
3536 938 3835 991 πνευματι-

2181 1006 2279 1072 κῆς
2344 1006 2641 1087 πολιτείας,
2702 1008 2837 1083 μετὰ
2884 1012 2992 1063 τῶν
3045 1007 3281 1064 ἀπίστων
3311 1008 3581 1085 τάττεται,
3610 1009 3701 1062 οἷα
3744 1007 3839 1060 σὺν

2179 1101 2256 1169 τῷ
2312 1095 2516 1170 ἀπίστῳ
2572 1098 2761 1173 κόσμῳ
2836 1096 3308 1177 κατακρινόμενος,
3367 1098 3441 1161 ὡς
3485 1093 3651 1171 μηδὲν
3688 1096 3837 1174 ὠφε-

2179 1186 2355 1251 ληθεὶς
2414 1186 2520 1243 ἀπὸ
2578 1192 2677 1254 τῆς
2735 1184 2995 1254 δοκούσης
3070 1188 3324 1249 πίστεως’
3378 1188 3413 1254 ἡ
3468 1185 3568 1264 γὰρ
3626 1182 3837 1251 ἀληθὴς

2182 1273 2355 1338 πίστις
2416 1274 2469 1331 ἐν
2528 1278 2668 1350 αὒτῴ
2727 1278 2821 1333 οὒκ
2878 1280 2971 1345 ἦν·
3031 1277 3075 1333 εἰ
3131 1277 3231 1354 γὰρ
3314 1274 3521 1342 ἀληθὴς
3578 1275 3753 1337 πίστις
3784 1274 3838 1329 ἐν

2181 1361 2326 1419 αὒτῶ
2393 1364 2480 1439 ἦν,
2546 1364 2821 1441 οἰκονόμος
2894 1364 2957 1420 ἂν
3014 1364 3079 1431 ἦν
3135 1366 3345 1428 πιστός·
3379 1366 3466 1421 νῦν
3498 1361 3552 1419 δὲ
3590 1363 3704 1419 ἐπεὶ
3752 1363 3841 1419 πί-

2180 1474 2284 1507 νων
2360 1453 2449 1527 ἦν,
2510 1455 2599 1511 καὶ
2657 1455 2887 1530 μεθύων,
2945 1456 3032 1511 καὶ
3069 1452 3374 1534 διαφθείρων
3418 1454 3485 1509 τὰ
3524 1450 3837 1523 δεσποτικὰ,

2180 1543 2275 1599 οὒκ
2331 1548 2455 1624 εἶχε
2506 1544 2604 1613 τὴν
2662 1542 2834 1613 ἀληθῆ
2887 1546 3088 1625 πίστιν,
3122 1543 3185 1612 ἦν
3214 1544 3557 1602 ἀπαιτοῦνται
3606 1546 3653 1598 οἱ
3689 1544 3837 1600 οἷκο-

442 1633 595 1707 νόμοι
622 1648 637 1662 ⁸
668 1629 847 1695 καλῶς
880 1630 979 1710 ἄρα
1012 1635 1145 1706 μετὰ
1178 1638 1281 1687 τῶν
1326 1632 1560 1688 ἀπίστων
1618 1633 1811 1687 τίθεται
1870 1634 1930 1687 τὸ
1988 1631 2145 1708 μέρος
2204 1631 2362 1690 αὐτοῦ
2397 1653 2411 1667 ’
2465 1636 2733 1715 στερηθεὶς
2778 1635 2877 1715 γὰρ
2905 1642 2998 1692 τοῦ
3029 1634 3361 1714 χαρίσματος
3392 1632 3479 1689 καὶ
3507 1635 3835 1714 γυμνωθεὶς,

442 1720 663 1786 κολοϐὄς
694 1722 983 1782 εὓοίσκεται
1012 1724 1099 1777 καὶ
1130 1724 1232 1800 οὐχ
1264 1720 1585 1798 ὁλόκληρος,

523 1808 706 1871 Vens.
738 1809 840 1883 47,
868 1810 966 1871 48.
1002 1836 1022 1863 ιι
1053 1808 1157 1870 Ille
1181 1819 1376 1870 autem
1412 1828 1617 1871 servus
1672 1808 1770 1889 qui
1822 1808 2153 1888 cognovitB

2261 1834 2284 1867 ιι
2349 1812 2592 1879 Ἐκεῖνος
2650 1812 2704 1870 δὲ
2756 1816 2784 1870 6
2841 1812 3025 1878 δοῦλος
3069 1814 3096 1869 6
3152 1814 3307 1891 γνοὺς
3364 1813 3426 1868 τὸ
3475 1809 3684 1887 θέλημα
3729 1818 3835 1868 τοῦ

439 1899 808 1960 voluntatem
845 1897 1073 1960 domini
1114 1900 1229 1975 sui,
1274 1917 1387 1962 nec
1417 1917 1482 1960 se
1514 1898 1878 1979 praeparavit,
1914 1916 2088 1978 nequt

2184 1902 2361 1978 κυρίου
2418 1905 2593 1976 αὑτοῦ,
2658 1904 2746 1959 καὶ
2805 1904 2883 1977 μὴ
2942 1902 3227 1967 ἑτοιμάσας
3273 1899 3407 1977 μηδὲ
3439 1902 3671 1971 ποιήσας
3700 1902 3833 1967 πρὸς

451 1988 784 2050 secundum
835 1990 1193 2049 voluntatem
1228 1989 1358 2069 ejus
1396 1987 1554 2056 fecit,
1596 1988 1781 2069 plagis
1805 1986 2088 2068 vapulabit

2182 1992 2244 2045 τὸ
2300 1989 2508 2068 θέλημα
2566 1992 2744 2066 αὐτοῦ,
2809 1989 3093 2071 δαρήσεται
3124 1989 3349 2054 πολλάςο
3380 1992 3408 2047 6
3440 1988 3493 2045 δὲ
3535 1989 3613 2065 μὴ
3647 1991 3829 2069 γνοὺς,

440 2077 773 2157 multis;qui
789 2086 985 2138 autem
1014 2096 1130 2138 non
1153 2076 1513 2155 cognovit,et
1538 2076 1869 2153 fecitdigna
1889 2076 2093 2155 plagis,

437 2167 735 2245 vapulabit
769 2167 1189 2246 paucis.Porro
1214 2166 1564 2246 cuicumque
1590 2166 1838 2227 multum
1883 2165 2085 2226 datum

438 2255 804 2328 est,multum
852 2264 1149 2335 quaeretur
1170 2254 1244 2315 ab
1280 2274 1383 2316 eo:
1410 2264 1468 2316 et
1497 2255 1591 2316 cui
1623 2254 2086 2315 commendave-

436 2354 574 2407 runt
595 2345 1019 2425 multum,plus
1049 2354 1248 2424 petent
1268 2346 1339 2406 ab
1371 2364 1501 2408 eo.»
1532 2345 1657 2407 Hoc
1683 2345 1809 2405 loco
1832 2342 2086 2420 amplius

435 2434 717 2513 quiddam
739 2452 807 2495 ac
840 2434 1166 2496 terribilius
1200 2435 1372 2496 nobis
1395 2432 2080 2495 demonstratDominus.

434 2521 561 2584 Non
582 2523 773 2585 solum
804 2526 961 2584 enim
979 2527 1162 2593 enim.
1191 2523 1401 2604 inquit,
1439 2524 1623 2603 gratia
1645 2521 1964 2583 nudabitur
1986 2523 2087 2599 qui

442 2611 575 2673 talis
606 2620 714 2686 est,
750 2620 807 2671 et
832 2612 977 2673 nihil
1012 2613 1119 2673 sibi
1162 2613 1430 2694 proderit
1476 2613 1589 2672 hoc
1634 2619 1700 2672 ut
1740 2609 2024 2671 liberetur
2053 2625 2087 2665 a

440 2700 651 2781 poenis,
684 2703 787 2762 sed
834 2710 891 2763 et
941 2703 1181 2782 majoris
1212 2698 1725 2763 condemnationis
1769 2714 1945 2756 causa
1973 2696 2087 2755 erit

435 2790 733 2870 dignitatis
765 2792 1129 2869 magnitudo.
1165 2792 1293 2863 Quo
1328 2789 1456 2870 plus
1488 2788 1645 2849 enim
1680 2786 1791 2847 scit
1820 2784 1919 2865 qui
1945 2802 2075 2864 pec-

433 2886 715 2958 cat,tanto
746 2879 1081 2957 graviorem
1119 2896 1350 2957 poenam
1386 2875 1498 2936 sibi
1527 2873 1878 2937 accersit.Et
1905 2873 1965 2933 in
1998 2891 2083 2933 se-

432 2967 756 3047 quentibus
788 2969 899 3029 hoc
933 2967 1301 3028 manifestius
1319 2964 1519 3028 ﬁt.Cui
1551 2964 1707 3025 enim
1760 2964 1959 3024 datum
1992 2968 2084 3023 est

436 3056 707 3133 multum,
745 3057 817 3119 ab
852 3075 920 3117 eo
958 3055 1300 3138 requirelur
1342 3054 1519 3117 etiam
1568 3054 1820 3114 multum
1852 3071 1864 3115 :
1901 3060 1959 3114 et
1989 3051 2081 3113 cui

436 3146 1003 3207 commendaverunt
1035 3142 1310 3225 multum,
1345 3145 1475 3223 plus
1507 3152 1707 3225 petent
1736 3143 1807 3204 ab
1838 3160 1931 3204 eo.
1970 3144 2084 3203 Per

432 3236 545 3296 hoc
578 3234 739 3295 enim‘
769 3234 1056 3314 signatur,
1088 3252 1319 3314 pmnam
1346 3252 1521 3315 quam
1555 3241 1858 3294 merentur
1882 3231 2085 3291 docto-

443 3342 563 3398 res,
589 3323 729 3384 580
748 3324 999 3384 futuram
1034 3326 1349 3402 majorem.
1398 3322 1577 3384 Datur
1620 3322 1797 3401 igitur
1826 3332 1885 3382 et
1913 3336 2082 3383 com-

441 3413 753 3474 mendatur
784 3410 1128 3473 doctoribus
1156 3433 1168 3472 :
1208 3414 1381 3474 datur
1408 3412 1676 3492 quidem,
1710 3419 1772 3471 ut
1794 3410 1977 3488 gratia
1998 3427 2087 3469 sa-

435 3502 617 3563 nandi
651 3500 911 3573 morbos,
948 3512 1006 3564 et
1034 3500 1290 3563 faciendi
1316 3496 2085 3575 miracula,commendalur

430 3600 626 3653 autem
654 3591 740 3651 eis
770 3590 933 3652 verbi
958 3604 1017 3651 et
1048 3591 1335 3652 doctrinae
1362 3591 1607 3652 donum.
1645 3590 1717 3650 Et
1745 3606 1878 3648 cum
1910 3587 2078 3661 dixit,

432 3683 634 3751 Datur,
665 3699 783 3741 non
815 3679 1140 3761 subjungit,
1176 3679 1448 3759 Amplius
1480 3680 1721 3757 exigent
1748 3696 1762 3740 :
1789 3675 1892 3737 sed
1948 3693 2083 3735 cum

437 3768 607 3841 dixit,
671 3766 1162 3841 Cominendatur,
1217 3777 1274 3829 et
1326 3769 1589 3848 profecto
1643 3767 1864 3828 donum
1920 3764 2083 3825 verbi

444 3876 595 3937 opus
644 3856 822 3918 habet
854 3857 1081 3933 labore,
1115 3866 1171 3919 et
1202 3856 1456 3937 amplius
1494 3855 1797 3933 exigitura
1823 3854 2084 3915 doctori-

442 3945 552 4006 bus
585 3944 834 4025 Oportet
859 3947 1016 4008 enim
1044 3963 1180 4007 eum
1214 3964 1333 4006 non
1368 3963 1500 4006 esse
1532 3943 1801 4005 desidem
1827 3961 1894 4003 ac
1917 3945 2084 4021 igua—

429 4053 589 4115 vum,
624 4034 727 4095 sed
763 4034 1159 4115 multiplicare
1210 4034 1493 4096 talentum
1526 4032 1716 4094 verbi.
1752 4030 1957 4111 Igitur,
1991 4029 2087 4092 cui

429 4123 1018 4205 commendaverunt,
1058 4124 1394 4203 intelligere
1441 4121 1649 4199 debes,
1683 4122 1777 4184 cui
1832 4120 2079 4181 multum

431 4214 636 4275 datum
660 4213 732 4275 ad
767 4231 1029 4274 usuram.
1065 4212 1315 4276 bsuram
1341 4212 1499 4275 enim
1521 4210 1999 4274 commendatum
2023 4220 2083 4271 et

430 4303 763 4384 depositum
800 4302 895 4364 hic
919 4303 1130 4383 signat.
1166 4304 1238 4364 At
1276 4312 1413 4364 sunt
1437 4302 1535 4382 qui
1568 4308 1834 4381 quaerant
1867 4320 1879 4361 :
1914 4298 2076 4374 Esto,

433 4392 608 4470 bene,
636 4390 915 4471 puniatur
960 4391 1013 4451 is
1056 4394 1155 4471 qui
1186 4391 1298 4452 scit
1340 4392 1699 4451 voluntatem
1732 4387 1993 4467 Domini,
2027 4396 2086 4447 et

2173 4393 2264 4471 γὰρ
2338 4390 2541 4450 δάνειον

437 4501 553 4543 non
580 4480 713 4541 facit
742 4498 754 4542 :
782 4479 882 4559 qui
906 4488 1101 4541 autem
1132 4479 1531 4561 nescit,quare
1557 4475 1905 4558 punitur?Eo
1926 4477 2083 4557 quod

441 4572 733 4646 potuisset
763 4569 945 4631 etiam
971 4568 1101 4649 ipse
1124 4568 1374 4649 discere,
1410 4576 1468 4629 et
1505 4567 1713 4643 noluit,
1766 4566 1869 4628 sed
1919 4566 2087 4644 piger

434 4658 565 4739 fuit,
600 4660 725 4739 ipse
760 4657 821 4718 in
852 4676 1028 4719 causa
1070 4656 1177 4718 fuit
1233 4656 1554 4738 quominus
1594 4655 2082 4735 didicerit:qua-

434 4756 675 4827 propter
702 4747 1036 4825 puniendus
1067 4756 1155 4807 est
1190 4746 1345 4827 quod
1391 4752 1603 4826 sponte
1652 4762 1770 4804 non
1823 4742 2075 4804 didicit..

431 4834 798 4917 Timeamus,
829 4844 1061 4898 tratres.
1089 4834 1234 4896 Nam
1266 4836 1314 4897 si
1339 4835 1432 4897 bis
1461 4835 1562 4915 qui
1595 4834 1741 4895 nihil
1782 4832 1913 4907 scit,
1949 4851 2083 4895 0m—

429 4925 571 4987 nino
621 4926 836 5003 dignus
890 4932 978 4987 est
1040 4925 1264 5006 plagis:
1300 4943 1430 5005 qua:
1477 4925 1775 4987 excusatio
1807 4922 2083 4985 liberabit

438 5034 541 5077 eos
573 5015 676 5097 qui
698 5015 955 5077 scienter
1006 5016 1078 5076 de
1109 5014 1480 5095 delinquunt,
1526 5013 1781 5075 maxime
1836 5013 1886 5074 si
1934 5014 2080 5074 doc-

436 5113 599 5167 tores
657 5104 903 5166 fuerint?
958 5103 1201 5168 Gravior
1248 5104 1407 5166 enim
1465 5113 1556 5166 est
1608 5104 1734 5166 haec
1789 5103 2078 5165 condem-

432 5195 612 5255 natio.

510 5371 697 5435 Vens.
729 5372 832 5447 49,
862 5372 965 5434 50.
1004 5375 1239 5452 «Ignem
1270 5372 1410 5434 veni
1435 5372 1727 5435 missurus
1750 5373 1811 5435 in
1834 5380 2075 5435 terram:

438 5468 497 5523 et
527 5461 667 5541 quid
700 5466 858 5536 volo,
892 5462 943 5522 si
967 5461 1093 5542 jam
1122 5478 1414 5524 accensus
1453 5468 1595 5523 est?
1642 5462 1757 5525 Sed
1788 5462 2080 5544 baptismo

484 5622 576 5673 .59
604 5620 778 5686 Rom.
810 5638 933 5703 ml,
964 5623 1025 5687 9.

2181 2082 2412 2149 ποιήσας
2475 2081 2528 2136 δὲ
2585 2079 2701 2147 ἄξια
2757 2080 3006 2159 πληγῶν,
3039 2079 3319 2160 δαρήσεται
3352 2078 3555 2158 ὀλίγας⁶
3590 2080 3745 2135 παντὶ
3773 2077 3829 2134 δὲ

2180 2169 2226 2242 ᾧ
2295 2167 2447 2236 ἐδόθη
2505 2170 2665 2244 πολὺ,
2721 2171 2858 2226 πολὺ
2914 2171 3273 2241 ζητηθήσεται
3303 2168 3426 2247 παρ’
3458 2170 3637 2247 αὐτοῦ,
3668 2169 3754 2223 καὶ
3782 2171 3830 2241 ᾧ

2167 2258 2451 2335 παρέθεντο
2506 2258 2665 2339 πολὺ,
2739 2260 3112 2339 περισσότερον
3186 2260 3493 2329 αἰτήσουσιν
3555 2257 3739 2319 αὐτόν,
3791 2277 3821 2315 ι

2168 2345 2418 2403 Ἐνταῦθα
2472 2350 2560 2403 καὶ
2613 2348 2803 2405 πλεῖόν
2857 2371 2907 2404 τι
2979 2351 3067 2405 καὶ
3104 2346 3459 2428 φοϐερώτερον
3501 2345 3815 2403 ὑποδείκνυ-

2168 2456 2246 2489 σιν
2302 2436 2441 2510 ἡμῖν
2498 2437 2526 2491 6
2590 2440 2796 2516 Κύριος.
2862 2436 2933 2494 Οὔ
2992 2438 3153 2512 μόνον
3178 2438 3300 2515 γὰρ,
3334 2440 3486 2517 φησὶ,
3519 2439 3610 2492 τεῦ
3652 2458 3823 2516 χαρι-

2168 2544 2369 2597 σματος
2428 2526 2827 2601 γυμνωθὴσεται
2915 2527 2942 2580 6
2996 2534 3257 2600 τοιοῦτος,
3330 2528 3418 2582 καὶ
3474 2524 3621 2583 οὐδὲν
3679 2526 3825 2600 αὖτῷ

2167 2608 2518 2684 συμϐαλεῖται
2575 2615 2706 2691 πρὸς
2762 2612 3081 2691 ἀπαλλαγὴν
3157 2620 3264 2672 τῶν
3332 2613 3624 2689 κολάσεων,
3684 2612 3826 2671 ἀλλὰ

2164 2701 2252 2754 καὶ
2312 2700 2551 2775 μείζονος
2607 2706 2749 2777 αὐτῷ
2807 2702 3167 2780 κατακρίσεως
3223 2701 3400 2759 αἴτιον
3429 2706 3710 2781 γενήσεται
3758 2706 3823 2759 τὸ

2164 2794 2257 2843 τοῦ
2314 2786 2614 2864 ἀξιώματος
2684 2791 2928 2869 μέγεθος.
2982 2785 3148 2864 ’Ὄσῳ
3189 2792 3289 2869 γὰρ
3318 2792 3595 2869 γινώσκων
3639 2791 3823 2848 ἔπται-

2163 2898 2248 2950 σε,
2318 2880 2556 2951 τοσούτῳ
2613 2880 2826 2954 μείζονα
2881 2881 2980 2949 τήν
3078 2881 3335 2959 τιμωρίαν
3412 2880 3582 2953 ἑαυτῷ
3670 2902 3822 2958 περι-

2164 2979 2427 3047 ποιεῖται,
2488 2969 2585 3024 Καὶ
2643 2966 2727 3024 διὰ
2756 2974 2860 3025 τῶν
2906 2966 3098 3047 ἑφεξῆς
3155 2966 3209 3023 δὲ
3294 2966 3612 3047 σαφέστερον
3659 2974 3817 3022 τοῦτο

2165 3069 2334 3119 ποιεῖ.
2394 3044 2457 3137 ᾯ
2529 3058 2629 3136 γὰρ
2672 3056 2850 3137 ἐδόθη,
2884 3044 3033 3139 φησὶ,
3069 3056 3224 3131 πολὺ,
3257 3058 3344 3113 καὶ
3379 3044 3521 3112 ’πολὺ
3567 3057 3815 3127 ζητηθή-

2168 3167 2313 3201 σεται
2373 3143 2497 3225 παρ’
2556 3147 2738 3227 αὐτοῦ,
2811 3148 2899 3204 καὶ
2954 3150 2999 3221 ᾧ
3053 3146 3339 3222 παρέθεντο
3368 3144 3526 3224 πολὺ,
3559 3145 3819 3223 περισσό-

2166 3256 2313 3314 τερον
2370 3236 2671 3306 αἰτήσουσιν
2742 3237 2920 3300 αὐτόν,
2980 3236 3078 3292 Διὰ
3132 3236 3333 3293 τούτων
3389 3234 3489 3312 γὰρ
3538 3233 3819 3289 αἰνίττεται

2166 3314 2265 3391 τὴῦ
2318 3336 2437 3387 τοῖς
2495 3323 2830 3389 διδασκάλοις
2888 3324 3237 3405 ὀφειλομένην
3291 3324 3547 3401 τιμωρίαν
3606 3323 3819 3398 μείζονα

2168 3410 2453 3487 ἐσομένην.
2514 3416 2610 3471 Καὶ
2682 3412 2878 3471 δίδοται
2937 3414 3026 3471 οὖν
3080 3426 3198 3478 τοῖς
3230 3410 3563 3475 διδασκάλοις
3592 3412 3679 3467 καὶ
3708 3434 3818 3467 πα-

2166 3503 2588 3572 ρακατατίθεται·
2653 3501 2847 3559 δίδοται
2918 3503 3037 3579 μὲν,
3101 3507 3218 3561 οἷον
3288 3504 3348 3557 τὸ
3425 3503 3669 3580 χάρισμα
3726 3507 3819 3558 τοῦ

2163 3592 2581 3669 θαυματουργεῖν
2667 3595 2755 3647 καὶ
2862 3594 3033 3649 ἰᾶσθαι
3135 3592 3342 3666 νόσους,
3450 3590 3817 3668 παρακατατί-

2164 3679 2307 3733 θεται
2370 3676 2423 3733 δὲ
2481 3680 2664 3743 αὐτοῖς
2716 3683 2779 3737 τὸ
2838 3688 2930 3738 τοῦ
2979 3679 3138 3759 λόγου
3194 3682 3281 3736 καὶ
3326 3683 3425 3748 τῆς
3480 3676 3817 3743 διδασκαλίας

2167 3766 2430 3845 χάρισμα,
2486 3767 2611 3839 Ἐπὶ
2665 3770 2763 3844 μὲν
2827 3772 2915 3826 οὗν
2954 3776 3071 3847 τοῦ,
3133 3767 3364 3846 Δίδοται,
3412 3771 3506 3825 οὐκ
3549 3769 3706 3825 εἶπεν
3736 3766 3817 3825 δτι

2168 3857 2547 3935 Περισσότερον
2604 3857 3009 3928 ἆπαιτήσουσινι
3069 3857 3155 3914 ἐπὶ
3252 3856 3305 3914 δὲ
3363 3864 3480 3933 τοῦ,
3564 3863 3820 3934 Παρακα-

2166 3947 2451 4002 τατίθεται⁶
2528 3948 2615 4002 καὶ
2671 3948 2770 4027 γὰρ
2845 3944 3009 4011 ὅντως
3060 3948 3121 4004 τὸ
3178 3946 3271 4004 τοῦ
3353 3944 3515 4025 λόγου
3572 3947 3819 4027 χάρισμα

2168 4033 2482 4115 ἐπεργασίας
2560 4033 2753 4117 δεῖται,
2856 4040 2944 4094 καὶ
3021 4038 3329 4094 ὰπαιτεῖται
3424 4037 3452 4092 6
3505 4033 3817 4101 διδάσκαλος

2169 4126 2560 4204 περισσότερον.
2628 4134 2725 4183 Δεῖ
2786 4127 2886 4207 γὰρ
2969 4126 3123 4184 αὒτὸν
3196 4127 3272 4200 μὴ
3342 4126 3618 4204 ῥᾳθυμεῖν,
3679 4124 3817 4181 ἀλλὰ

2164 4212 2473 4285 πλεονάζειν
2543 4217 2603 4271 τὸ
2659 4223 2751 4273 τοῦ
2820 4215 2982 4295 λόγου
3034 4214 3315 4272 τάλαντον·
3348 4217 3408 4271 τὸ
3437 4216 3634 4290 τοίνυν,
3669 4236 3818 4290 παρ-

2166 4303 2341 4383 ετέθη,
2388 4304 2502 4361 ἀντὶ
2531 4306 2645 4385 τοῦ,
2688 4308 2735 4379 ᾧ
2777 4304 3043 4371 ἐδανείσθη
3083 4303 3240 4380 πολῦ,
3297 4302 3521 4385 ὀφείλεις
3552 4316 3721 4361 νοεῖν·
3756 4305 3816 4360 τὸ

2656 4395 3109 4473 παρακαταθήκην
3188 4394 3404 4451 ἐνταῦθα
3513 4394 3813 4469 ὠνόμασεν,

2166 4478 2333 4538 Ἀλλὰ
2364 4483 2579 4553 ζητοῦσί
2619 4505 2780 4563 τινες,
2809 4474 3023 4557 "Enni,
3053 4490 3231 4549 καλῶς
3259 4496 3573 4562 τιμωρεῖται
3603 4484 3631 4539 6
3659 4483 3815 4561 γνοὺς

2163 4574 2225 4627 τὸ
2252 4570 2461 4648 θξλημα
2489 4580 2581 4629 τοῦ
2625 4571 2903 4654 δεσπότου,
2937 4574 3027 4630 καὶ
3055 4574 3131 4648 μὴ
3151 4573 3343 4653 ποιῶν,
3377 4574 3404 4629 6
3436 4571 3490 4628 δὲ
3523 4574 3599 4648 μὴ
3628 4573 3811 4650 γνοὺς,

2164 4658 2300 4716 διατί
2355 4675 2721 4742 τιμωρεῖται;
2773 4662 2918 4718 Διότι
2963 4660 3247 4737 δυνάμενος
3278 4665 3467 4737 μαθεῖν
3513 4662 3600 4717 καὶ
3632 4662 3813 4733 αὐτὸς,

2165 4748 2313 4824 ὅμως
2374 4750 2467 4806 οὒκ
2516 4749 2800 4827 ἠθέλησεν,
2859 4749 2975 4806 ἀλλ’
3011 4752 3115 4807 ἀπὸ
3159 4752 3409 4829 ῥᾳθυμίας
3453 4751 3610 4813 αὖτὸς
3643 4750 3814 4824 ἑαυτῷ

2164 4837 2339 4900 αἴτιος
2391 4844 2482 4894 τοῦ
2540 4840 2619 4915 μὴ
2663 4843 2853 4915 μαθεῖν
2923 4840 3161 4919 γέγονεν,
3222 4838 3359 4896 ὥστε
3386 4836 3469 4896 διὰ
3525 4846 3681 4896 τοῦτο
3721 4862 3814 4895 κο-

2164 4925 2406 5001 λαστὲος,
2461 4926 2542 4985 ὅτι
2572 4930 2707 4985 ἑκὼν
2749 4930 2842 4986 06x
2895 4927 3081 5004 ἔμαθε,
3124 4926 3421 5008 Φρίξωμεν,
3483 4926 3717 5008 ἀδελφοί·
3768 4930 3813 4984 εἰ

2167 5018 2267 5096 γὰρ
2328 5018 2355 5072 6
2412 5016 2539 5093 μηδ’
2598 5016 2736 5082 ὅλως
2766 5018 2944 5098 γνούς,
2991 5015 3132 5084 ἄξιος
3164 5016 3408 5096 πληγῶν,
3442 5031 3601 5081 ποῖος
3631 5017 3814 5075 ἁπαλ-

2158 5105 2302 5171 λάξει
2392 5106 2553 5184 λόγος
2611 5110 2729 5172 τοός
2788 5108 2842 5164 ἔν
2914 5107 3105 5186 γνώσει
3189 5106 3661 5183 πλημμελοῦντας,
3724 5108 3814 5163 καὶ

2162 5194 2393 5271 μάλιστα
2464 5197 2509 5252 εἰ
2578 5198 2667 5253 καὶ
2722 5194 3026 5253 διδάσκαλοι
3072 5197 3234 5270 slew;
3286 5197 3682 5276 Φορτικώτερον
3712 5197 3815 5274 γὰρ

2160 5287 2223 5341 τὸ
2251 5286 2449 5341 τούτων
2479 5286 2807 5365 κατάκριμα,

2250 5399 2277 5429 κ
2342 5381 2448 5455 Πῦρ
2501 5373 2663 5445 ἦλθον
2724 5373 2912 5452 βαλεῖν
2944 5378 3017 5442 εἷς
3046 5376 3145 5444 τήν
3189 5380 3314 5455 γῆν⁶
3359 5377 3446 5434 καὶ
3478 5375 3526 5431 τί
3577 5372 3740 5455 θέλω,
3772 5382 3815 5435 εἷ

2165 5465 2268 5537 ἢδη
2340 5466 2595 5545 ἀνήφθης
2657 5467 2937 5541 Βᾶπτισμα
2997 5464 3048 5521 δὲ
3106 5464 3225 5545 ἔχω
3294 5466 3668 5545 βαπτισθῆναι,
3726 5461 3815 5521 καὶ
