4132 6278
280 302 403 367 905

993 304 1088 372 EN
1097 302 1437 371 ARBATIO‘
1479 309 1560 371 ΙΝ
1608 302 1941 371 EVANGEI

2028 300 2112 365 IM
2160 296 2396 365 LUCE.
2446 334 2521 353 -.-
2566 298 2728 365 CAP.
2777 296 2915 364 XII.

3530 294 3652 365 006

276 438 397 497 πῶς
452 436 745 517 συνέχομαι
805 438 907 504 ἕως
940 440 998 496 οὗ
1039 439 1260 516 τελεσθῇ
1294 460 1308 520 ;
1348 464 1374 495 ii
1427 447 1530 520 [Ιῦρ
1577 455 1776 499 νοεῖται
1826 441 1925 516 μὲν

2028 445 2200 525 iabeo
2243 445 2544 525 baptizari,
2595 454 2654 506 et
2692 445 2989 525 quomodo
3037 448 3415 525 constringor
3448 447 3649 509 donec

272 526 371 579 καὶ
416 526 473 579 τὸ
532 528 801 606 κήρυγμα,
861 531 889 584 6
949 527 1109 606 λόγος
1184 531 1283 607 γὰρ
1341 539 1441 609 πῦρ
1497 532 1780 588 κατεσθίων
1825 540 1927 588 πᾶν

272 611 479 677 ὑλῶδες
533 616 619 670 καὶ
691 617 1016 696 συρφετῶδες
1089 620 1289 698 νόημα,
1360 622 1446 675 καὶ
1494 622 1557 675 τὰ
1603 620 1798 677 εἴδωλα
1840 623 1925 686 ἐξ·

279 703 547 780 αφανίζων
603 706 786 769 ὁποίας
816 705 877 761 ἂν
911 705 1042 773 ὕλης
1094 712 1230 770 εἷεν,
1265 718 1479 765 Νοεῖται
1511 708 1564 764 δὲ
1594 712 1681 766 καὶ
1711 713 1738 767 6
1767 712 1927 781 ζῆλος

280 794 313 845 ὁ
371 790 499 869 ὅπερ
541 804 634 848 τοῦ
684 795 847 851 καλοῦ
919 797 971 851 ἐν
1035 797 1240 871 ἑκάστῳ
1292 800 1449 871 ἡμῶν
1512 798 1875 873 ἀναπτόμενος
1907 817 1925 833 ·

282 881 435 961 τάχα
491 880 544 937 δὲ
590 886 676 940 καὶ
733 884 883 947 οὗτος
927 883 1010 941 διὰ
1052 887 1142 941 τὸν
1187 884 1345 962 λόγον
1398 892 1490 941 τοῦ
1535 890 1665 942 Θεοῦ
1700 889 1925 966 γινόμε-

282 992 401 1047 νος,
461 973 553 1027 οὔκ
607 972 823 1030 ἀπέοικε
879 983 972 1032 106
1027 975 1280 1053 προτέρου
1314 991 1327 1005 ⁸
1382 976 1549 1049 τούτῷ
1590 973 1655 1042 δὴ
1698 983 1773 1050 τῷ
1810 979 1931 1053 πυρὶ

280 1058 530 1133 βούλεται
599 1064 626 1116 6
684 1063 867 1135 Κύριος
924 1063 1241 1119 ἀνάπτεσθαι
1313 1065 1377 1119 τὰ
1459 1062 1668 1143 καρδίας
1724 1067 1878 1139 ἡμῶν
1911 1082 1925 1095 ⁸

278 1144 371 1204 δεῖ
428 1151 533 1228 γὰρ
576 1152 715 1224 ἡμᾶς
746 1150 907 1221 ζῆλον
949 1149 1196 1230 διάπυρον
1237 1154 1365 1231 ὑπὲρ
1408 1159 1500 1209 106
1527 1154 1690 1212 καλοῦ
1730 1153 1877 1234 ἔχειν
1912 1178 1927 1193 ο

278 1242 346 1295 τὸ
376 1241 497 1317 γὰρ,
533 1243 581 1297 τί
608 1240 768 1315 θέλω,
795 1242 907 1298 ἀντὶ
937 1249 1052 1313 του,
1089 1242 1251 1299 πόσον
1279 1242 1436 1314 θέλω,
1475 1244 1518 1298 εἰ
1548 1242 1650 1310 ἤδη
1681 1247 1887 1325 ἀνήφθη
1914 1262 1929 1318 ἰ

280 1326 608 1385 Ἐπιστεύδει
657 1331 753 1407 γὰρ
828 1332 928 1397 τὴν
1013 1330 1203 1406 ἄναψιν
1286 1333 1472 1388 τούτου
1568 1336 1661 1388 106
1741 1336 1926 1413 πυρὸς,

278 1419 459 1475 καθὼς
516 1420 602 1475 καὶ
659 1422 686 1476 6
745 1418 948 1484 Παῦλος
999 1419 1193 1498 λέγει·
1265 1428 1339 1495 Γῷ
1382 1424 1640 1493 πνεύματι
1698 1422 1924 1493 ζέοντες,

284 1508 388 1564 Καὶ
445 1507 603 1565 πάλιν
636 1527 653 1544 ο
716 1507 873 1575 Ζηλῶ
916 1510 1015 1588 γὰρ
1056 1511 1191 1584 ὑμᾶς
1237 1518 1368 1566 Θεοῦ
1417 1509 1588 1584 ζήλῳ,
1652 1512 1930 1586 Βάπτισμα

283 1594 344 1651 δὲ
402 1598 492 1652 τὸν
549 1598 767 1654 θάνατον
826 1598 1009 1657 ἑαυτοῦ
1064 1597 1233 1675 λέγει.
1284 1597 1501 1665 Ἐπειδὴ
1561 1601 1660 1678 γὰρ
1722 1603 1780 1657 τὸ
1835 1608 1934 1679 πῦρ

284 1692 447 1742 τοῦτο
502 1688 597 1742 οὐκ
654 1685 828 1751 ἄλλως
878 1686 1100 1761 ἔμελλεν
1184 1689 1500 1767 ἀναφθῆναι,
1561 1691 1605 1744 εἰ
1674 1693 1752 1765 μὴ
1802 1692 1935 1765 μετὰ

285 1776 385 1830 τὸν
438 1775 658 1832 θάνατον
716 1782 873 1834 αυτοῦ
910 1800 922 1812 ·

284 1865 382 1920 καὶ
438 1867 465 1921 ὁ
516 1864 677 1935 ζῆλος
736 1864 936 1936 ηὒξήθη
971 1885 983 1899 ο
1021 1864 1100 1920 διὰ
1160 1874 1314 1922 τοῦτο
1359 1866 1542 1945 ἐπάγει
1583 1869 1670 1924 καὶ
1699 1870 1815 1947 περὶ
1844 1877 1936 1925 τοῦ

284 1953 515 2012 θανάτου
571 1955 840 2028 ὀνομάζων
897 1955 1054 2010 αὐτὸν
1135 1954 1436 2030 βάπτισμα.
1516 1955 1819 2032 Ἐπιθυμῷν
1881 1957 1936 2014 δὲ

285 2043 476 2101 τούτου
535 2040 751 2123 σφόδρα,
799 2044 929 2123 φησί
960 2059 973 2073 ⁶
1041 2046 1282 2106 Καὶοπῶς
1326 2045 1648 2126 συνέχομαι,
1680 2046 1793 2102 ἀντὶ
1820 2054 1934 2126 τοῦ,

286 2130 458 2188 πόσον
514 2134 767 2211 φροντίζω
837 2135 923 2189 καὶ
1007 2130 1278 2212 θλίϐομαι,
1351 2131 1451 2196 ἕως
1536 2136 1596 2191 οὗ
1670 2135 1936 2213 τελεσθῇἱ

292 2222 450 2295 Διψὼ
505 2222 604 2299 γὰρ
659 2224 747 2277 τὸν
790 2222 918 2299 ὑπὲρ
971 2226 1070 2287 τῆς
1116 2222 1325 2277 πάντων
1371 2214 1633 2302 σωτηρίας
1691 2225 1936 2285 θάνατον.

291 2310 402 2388 Πῦρ
455 2308 509 2365 δὲ
552 2308 679 2377 ἦλθε
732 2309 920 2386 βαλεῖν
965 2313 992 2366 '0
1054 2311 1262 2389 Κύριος,
1309 2313 1369 2368 οὒ
1412 2312 1573 2387 μόνον
1627 2312 1710 2369 ἐπὶ
1769 2321 1943 2370 πᾶσαν

292 2399 397 2467 τήν
438 2400 563 2476 γῆν,
596 2401 667 2461 εἷς
694 2400 758 2466 ἣν
813 2404 841 2456 ὁ
872 2398 1030 2477 λόγος
1072 2401 1160 2455 καὶ
1203 2402 1237 2468 ἡ
1280 2401 1453 2465 πίστις
1497 2401 1746 2478 ἡπλώθη,
1810 2403 1945 2460 ἄιλλὰ

292 2489 386 2544 καὶ
429 2488 514 2543 ἐπὶ
564 2489 661 2554 τὴν
721 2489 942 2544 ἑκάστω
1013 2489 1217 2567 ψυχὴν,
1264 2489 1365 2568 γῆν
1416 2491 1515 2565 μὲν
1567 2494 1723 2547 οὖσαν
1777 2493 1943 2550 ἀκαν-

295 2578 529 2656 θηφόρον
587 2578 673 2633 καὶ
724 2576 985 2656 ἄκαρπον,
1038 2578 1139 2633 ὑπὸ
1196 2575 1251 2633 δὲ
1282 2588 1375 2637 τοῦ
1404 2578 1540 2636 θείου
1584 2578 1742 2657 λόγου
1770 2581 1947 2659 ὥσπερ

297 2667 469 2743 πυρὸς
555 2663 953 2740 διακαιομένην,
1036 2668 1124 2722 καὶ
1168 2664 1414 2734 δεκτικὴν
1478 2669 1763 2746 γινομένην
1843 2670 1948 2725 τῶν

292 2755 447 2811 θείων
506 2755 850 2834 σπερμάτων,
909 2756 997 2811 καὶ
1060 2777 1491 2834 καρποφορουσαν
1548 2766 1943 2833 πνευματικῶς,

293 2836 478 2901 ἿΟταν
537 2844 635 2922 γὰρ
710 2842 915 2918 ἅψηταί
1007 2866 1149 2908 τινος
1209 2849 1397 2924 ψυχῆς
1454 2845 1693 2924 ἀοράτως
1741 2850 1776 2915 ἡ
1832 2849 1944 2905 θεία

288 2933 477 3013 χάρις,
510 2930 659 2988 δοκεῖ
698 2930 975 3011 φλέγεσθαι
1032 2934 1109 3006 τῷ
1172 2933 1303 2989 Θεοῦ
1331 2939 1499 3007 ποθῳ,
1535 2936 1608 2999 ὡς
1654 2938 1748 2993 οὔκ
1801 2936 1943 2992 ἔστιν

292 3025 492 3102 εἰπεῖν,
522 3022 700 3101 ὥσπερ
729 3020 913 3095 ἀμέλει
974 3022 1064 3077 καὶ
1122 3024 1165 3078 οἳ
1228 3024 1345 3101 περὶ
1380 3022 1622 3081 Κλεόπαν
1654 3030 1730 3097 τῷ
1758 3028 1939 3082 τοιού-

2012 533 2398 613 perficiatur?
2438 560 2456 587 ι
2516 535 2627 594 l’er
2658 534 2853 611 ignem
2903 534 3145 613 quidem
3203 544 3262 595 et
3304 535 3649 614 pmdieatio

2010 622 2382 700 intelligitur.
2416 622 2626 683 Sermo
2660 622 2816 683 enim
2852 621 3009 699 ignis
3048 633 3160 696 est,
3211 622 3311 704 qui
3358 624 3653 685 consumit

2012 727 2249 771 omnem
2280 711 2642 772 materialem
2676 720 2736 770 et
2763 710 3173 790 imperfectam
3207 712 3647 790 cogitationem,

2011 808 2069 859 et
2100 800 2419 860 simulacra
2451 802 2647 860 abolet
2676 801 3084 880 cujuscunque
3116 802 3335 861 fuerint
3367 802 3650 864 materiae.

2011 884 2368 964 Intelligitur
2390 888 2567 948 etiam
2592 897 2651 948 et
2667 889 2831 948 zelus
2854 906 2959 967 pro
2982 889 3193 949 virtute
3211 889 3270 951 in
3286 907 3655 969 “unoquoque

2014 984 2281 1036 nostrum
2308 994 2640 1037 accensus:
2692 976 2957 1037 fortassis
3006 987 3202 1038 autem
3248 986 3309 1039 et
3358 978 3410 1038 is
3438 978 3654 1059 estqui

2014 1073 2256 1144 propter
2284 1064 2528 1125 verbum
2556 1065 2663 1127 Dei
2696 1065 2782 1133 fit,
2817 1083 2933 1124 non
2964 1064 3270 1126 dissimilis
3289 1076 3485 1127 autem
3518 1076 3659 1127 esta

2015 1153 2259 1233 priore:
2297 1154 2409 1214 hoc
2441 1153 2599 1215 enim
2634 1154 2769 1232 igne
2820 1154 2941 1215 vult
2985 1152 3145 1215 Deus
3191 1154 3438 1216 accendi
3474 1155 3657 1217 corda

2014 1241 2547 1303 nestra.Debenius
2573 1242 2825 1315 ignitum
2851 1261 2957 1322 pro
2970 1245 3187 1304 virtute
3208 1245 3398 1304 zelum
3413 1242 3656 1308 habere.

2013 1325 2207 1403 Unde,
2242 1331 2380 1409 quid
2416 1331 2565 1391 volo.
2598 1332 2652 1390 id
2683 1340 2793 1402 est,
2818 1340 3100 1411 quantum
3133 1332 3285 1406 volo,
3310 1330 3373 1393 si
3397 1334 3521 1412 jam
3551 1350 3659 1394 ac-

2016 1435 2234 1479 census
2263 1418 2398 1479 est?
2430 1418 2609 1497 Urget
2643 1419 2800 1479 enim
2835 1428 2897 1479 ut
2940 1420 3307 1481 accendatur
3342 1419 3502 1499 ignis
3532 1421 3657 1494 ille,

2015 1507 2168 1569 sicut
2200 1514 2258 1567 et
2288 1508 2507 1568 Paulus
2552 1507 2697 1569 dicit
2732 1527 2746 1570 :
2801 1508 3020 1587 Spiritu
3072 1509 3387 1571 ferventes.
3424 1508 3491 1570 Et
3522 1526 3660 1570 rur-

2016 1613 2147 1655 sum
2175 1612 2188 1656 :
2218 1596 2491 1655 xEmulor
2513 1596 2671 1655 enim
2697 1613 2801 1656 vos
2821 1595 3200 1658 aemulatione
3217 1595 3344 1657 Dei.
3363 1596 3662 1677 Baptisms

2017 1690 2212 1744 autem
2243 1692 2493 1743 mortem
2512 1701 2679 1743 suam
2707 1682 2873 1744 dicit.
2898 1682 3186 1755 Quoniam
3207 1686 3369 1747 enim
3391 1686 3544 1764 ignis
3558 1685 3662 1747 ille

997 1779 1085 1832 καὶ
1160 1778 1260 1853 γὰρ
1317 1776 1499 1833 ἔκτοτε
1571 1780 1631 1835 1‘0
1686 1781 1933 1857 κήρυγμα

2028 1789 2136 1832 non
2162 1770 2333 1832 aliter
2360 1773 2779 1834 accendendus
2835 1782 2981 1850 erat,
3018 1791 3192 1852 quam
3228 1781 3360 1852 post
3398 1781 3659 1834 mortem

2017 1861 2148 1939 ejus
2173 1878 2187 1921 :
2218 1878 2352 1921 nam
2374 1878 2444 1922 ex
2466 1880 2535 1922 eo
2558 1869 2826 1941 tempore
2850 1862 3188 1941 praedicatio
3212 1872 3269 1922 et
3287 1862 3451 1923 zelus
3468 1880 3664 1924 creve-

2022 1959 2181 2023 runt,
2209 1962 2526 2029 propterea
2548 1949 2746 2010 subdit
2770 1948 2949 2010 etiam
2975 1951 3050 2011 de
3072 1958 3282 2025 morte,
3307 1950 3663 2031 baptismum

2021 2038 2178 2098 illam
2206 2056 2418 2119 vocans
2469 2037 2633 2099 Hanc
2655 2049 2853 2098 autem
2873 2038 3044 2099 valde
3058 2038 3659 2119 desiderans,inquit:

2022 2125 2091 2187 Et
2121 2126 2417 2206 quomodo
2450 2126 2846 2205 i-onstringor,
2873 2127 2986 2187 hoc
3034 2136 3142 2198 est,
3169 2145 3345 2207 quam
3377 2127 3666 2189 sollicitus

2025 2234 2153 2275 sum
2213 2232 2280 2274 ac
2331 2233 2589 2294 premor,
2625 2217 2817 2276 donec
2867 2215 3262 2293 perﬁciatur?
3309 2214 3456 2278 Sitio
3505 2218 3665 2277 enim

2028 2312 2278 2363 mortem
2313 2322 2417 2381 pro
2448 2303 2713 2364 omnium
2735 2302 2946 2365 salute.
2974 2301 3173 2381 Ignem
3198 2306 3359 2365 venit
3380 2305 3669 2366 missurus

2032 2411 2146 2451 non
2181 2390 2368 2451 solum
2402 2392 2459 2451 in
2493 2408 2727 2452 omnem
2753 2400 2996 2461 terram,
3032 2391 3090 2450 in
3121 2409 3297 2471 quam
3332 2392 3668 2471 praedicatio

2032 2489 2087 2539 et
2112 2481 2258 2539 ﬁdes
2275 2481 2586 2558 explanata
2602 2479 2874 2554 sunt,sed
2902 2480 3367 2560 uniuscujusque
3383 2480 3664 2557 animam,

2032 2586 2165 2648 quae
2197 2577 2352 2628 terra
2376 2568 2612 2647 quidem
2660 2568 2898 2648 spinosa
2942 2576 3034 2631 est
3064 2577 3123 2629 et
3153 2569 3395 2644 sterilis,
3429 2587 3463 2630 a
3490 2569 3672 2632 verbo

2031 2667 2225 2717 autem
2253 2657 2359 2720 Dei
2382 2660 2548 2739 quasi
2573 2660 2708 2737 igne
2730 2677 3038 2733 succensa,
3061 2669 3118 2721 et
3142 2661 3473 2722 divinorum
3486 2660 3674 2722 semi-

2035 2763 2177 2805 num
2201 2748 2882 2828 capax,etspiritualium
2917 2750 3145 2826 frugum
3164 2750 3323 2810 ferax
3356 2750 3527 2811 facta.
3564 2746 3673 2812 Ubi

2030 2832 2186 2894 enim
2240 2836 2494 2914 alicujus
2539 2837 2751 2897 animas
2800 2836 3181 2897 invisibiliter
3234 2837 3437 2898 divina
3474 2836 3675 2914 gratia

2028 2922 2365 3000 contigerit,
2390 2924 2621 2985 videtur
2642 2924 2943 2986 desiderio
2985 2926 3091 2987 Dei
3124 2943 3303 3005 supra
3327 2945 3501 3005 quam
3532 2925 3666 2985 58!

2027 3011 2142 3070 dici
2176 3022 2352 3090 queat
2378 3013 2649 3092 flagrare,
2675 3013 3174 3093 quemadmodum
3204 3024 3262 3073 et
3290 3015 3539 3093 Cleopas
3570 3014 3674 3074 ﬁa-

296 3133 378 3185 τῳ
434 3100 552 3188 πυρὶ
594 3100 691 3176 τῆς
737 3116 826 3166 106
868 3117 998 3165 Θεοῦ
1046 3100 1465 3189 ὑποφλεγόμενοι
1508 3112 1747 3191 ἀοράτως
1775 3115 1941 3193 γάρι-

2028 3100 2236 3177 grabat
2260 3100 2457 3161 divino
2482 3102 2616 3179 igne
2631 3121 2763 3162 cum
2786 3101 3037 3163 diceret:
3056 3103 3266 3164 Nonne
3288 3120 3388 3163 cor
3405 3110 3673 3163 nostrum

295 3222 413 3263 τος.
475 3200 608 3279 Οὐχὶ
665 3201 700 3267 ἡ
769 3196 951 3274 καρδία
1030 3200 1184 3272 ἡμῶν
1263 3200 1520 3275 καιομένη
1564 3205 1631 3269 ἦν
1675 3202 1728 3258 ἐν
1784 3205 1945 3280 ἡμῖν,

300 3290 507 3368 ἔλεγον.
559 3286 707 3350 Εῗτις
751 3287 838 3342 06v
884 3285 1042 3343 ἔπαθε
1094 3288 1157 3343 τὸ
1204 3291 1445 3345 τοιοῦτον
1502 3290 1690 3364 πάθος,
1742 3290 1946 3355 εἴσεται

301 3382 368 3438 τὸ
423 3377 733 3456 λεγόμενον,
819 3374 1092 3453 Πάσχουσι
1163 3372 1218 3430 δὲ
1301 3374 1491 3432 πολλοὶ
1542 3379 1631 3433 καὶ
1686 3378 1946 3443 πολλάκις

302 3464 812 3545 ἀναγινωσκομένων
882 3463 1029 3518 θείων
1115 3468 1356 3543 Γραφῶν,
1437 3465 1473 3533 ἢ
1573 3466 1698 3541 βίων
1785 3468 1946 3546 ἁγίων

296 3555 573 3633 Πατέρων,
634 3553 670 3620 ἢ
754 3552 1144 3629 παραινούντων
1213 3559 1370 3609 τινῶν
1425 3556 1514 3610 καὶ
1570 3553 1942 3638 διδασκόντων,

295 3644 655 3717 διακαιόμενοι
700 3644 832 3720 πρὶς
878 3642 938 3695 τὸ
995 3639 1158 3697 καλὸν
1218 3642 1312 3707 τὰς
1372 3644 1578 3723 ψυχὰς,
1623 3646 1713 3701 καὶ
1753 3648 1799 3701 οἱ
1846 3648 1942 3722 μὲν

295 3733 424 3813 ἄχρι
470 3730 674 3805 τέλους,
722 3732 769 3785 οἱ
795 3728 848 3784 δὲ
890 3728 1183 3806 παραυτίκα
1222 3730 1737 3810 ἀποψυχραίνονται,

355 3800 410 3875 να
461 3800 707 3891 Δοκεῖτε,
768 3816 848 3873 ὅτι
911 3800 1125 3897 εἱρήνην
1184 3800 1553 3897 παρεγενξμην
1582 3818 1757 3876 δοῦναι
1794 3822 1846 3877 έν
1879 3833 1946 3903 τῇ

292 3917 418 3991 TI};
464 3910 622 3989 Οὐχὶ,
670 3907 811 3986 λέγω
852 3908 1004 3981 ὑμῖν,
1052 3904 1170 3962 ἀλλ’
1216 3908 1251 3975 ἢ
1296 3905 1642 3986 διαμερισμόν
1677 3926 1689 3938 ·
1739 3910 1948 3971 ἔσονται

293 4002 396 4079 γὰρ
423 4000 650 4055 ἀπὸτοῦ
680 4003 765 4053 νῦν
824 3995 980 4051 πέντε
1032 3994 1085 4051 ἒν
1146 3994 1284 4069 οἴκῳ
1340 3996 1414 4052 ἐνὶ
1455 3994 1948 4081 διαμεμερισμένοι,

296 4103 446 4170 τρεῖς
498 4089 583 4144 ἐπὶ
636 4085 769 4161 δυσὶ,
842 4086 931 4141 καὶ
1001 4082 1090 4141 δύο
1148 4084 1233 4141 ἐπὶ
1289 4086 1455 4164 τρισὶν
1513 4083 1947 4166 διαμερισθήσον-

300 4202 413 4252 ται,
451 4182 628 4253 πατὴρ
684 4176 771 4231 επὶ
826 4174 943 4253 υἱῷ,
989 4175 1078 4230 καὶ
1118 4176 1227 4237 υἱὸς
1276 4175 1362 4230 ἐπὶ
1403 4175 1562 4253 πατρί
1596 4190 1609 4204 ⁸
1655 4178 1836 4256 μήτηρ
1866 4180 1951 4236 ἐπὶ

298 4268 535 4347 θυγατρὶ,
597 4267 687 4321 καὶ
733 4263 965 4341 θυγάτηρ
1029 4262 1113 4319 ἐπὶ
1162 4263 1325 4341 μητρί
1358 4282 1370 4294 °
1432 4264 1653 4338 πενθερὰ
1718 4264 1804 4322 ἐπὶ
1853 4268 1949 4335 τὴν

304 4359 513 4435 νύμφην
568 4348 758 4431 αὒτῆς,
816 4353 904 4407 καὶ
984 4353 1159 4431 νύμφη
1218 4351 1303 4408 ἐπὶ
1366 4353 1465 4419 τὴν
1531 4355 1780 4431 πενθερὰν
1854 4358 1951 4412 αὖ-

2029 3206 2348 3249 accensum
2381 3200 2506 3250 erat
2547 3191 2607 3250 in
2639 3189 2894 3251 nobis“
2915 3189 2945 3249 ?
2986 3188 3269 3269 Quisquis
3311 3189 3489 3268 igitur
3521 3192 3674 3252 hanc

2030 3278 2398 3338 affectionem
2423 3276 2700 3358 expertus
2722 3287 2833 3359 est,
2857 3282 2968 3340 scit
2991 3278 3133 3358 quid
3159 3279 3450 3339 dicamus:
3480 3278 3676 3358 Expe-

2030 3364 2265 3425 riuntur
2288 3377 2483 3428 autem
2519 3368 2687 3429 multi
2714 3369 2888 3429 etiam
2906 3368 3150 3448 quando
3171 3366 3446 3444 leguntur
3464 3367 3676 3429 divinae

2029 3454 2374 3534 Scriptura},
2439 3456 2528 3517 vel
2587 3456 2716 3517 vitze
2766 3471 3107 3518 sanctorum
3166 3455 3426 3526 Patrum,
3477 3458 3564 3516 vel
3623 3455 3676 3517 si

2028 3542 2467 3605 admoneamur
2489 3546 2577 3606 vel
2601 3544 3254 3625 doceantur,quomodo
3273 3546 3677 3607 accendantur

2025 3630 2238 3692 anima:
2258 3632 2329 3692 ad
2353 3632 2687 3694 faciendun.
2717 3632 2963 3694 bonum.
2990 3632 3061 3693 Et
3091 3633 3192 3693 alii
3214 3633 3456 3713 quidem
3488 3650 3677 3713 usque

2022 3720 2095 3781 ad
2128 3721 2303 3781 ﬁnem
2335 3722 2613 3800 ﬂagrant,
2647 3722 2747 3784 alii
2771 3741 2909 3783 vero
2941 3722 3137 3783 statim
3163 3722 3507 3801 frigescunt.

2119 3812 2299 3871 Vens.
2325 3812 2390 3870 Eii
2433 3810 2572 3873 53.«
2602 3812 2818 3871 Putatis
2838 3812 2995 3890 quod
3024 3829 3227 3890 pacem
3252 3811 3513 3871 venerim
3538 3811 3678 3873 mis-

2033 3917 2207 3958 surus
2236 3898 2295 3958 in
2332 3907 2547 3959 terram
2570 3902 2602 3960 9
2629 3898 2783 3972 Νοη,
2809 3899 2943 3961 dico
2976 3899 3162 3975 vobis,
3188 3900 3306 3960 imo
3343 3899 3675 3979 separatio-

2035 4004 2192 4047 nem.
2230 3989 2416 4049 Erunt
2448 3988 2606 4048 enim
2642 4007 2711 4048 ex
2758 3989 2870 4048 hoc
2920 3989 3181 4068 quinque
3227 3988 3286 4047 in
3336 3989 3513 4048 domo
3555 4005 3678 4050 una

2032 4073 2226 4151 divisi,
2259 4085 2377 4136 tres
2395 4077 2677 4137 adversus
2704 4077 2877 4149 duos,
2905 4086 2962 4135 et
2991 4076 3110 4137 duo
3141 4084 3352 4137 contra
3378 4086 3498 4137 tres
3517 4076 3673 4138 divi-

2034 4162 2269 4235 dentur,
2306 4174 2471 4242 pater
2497 4166 2780 4224 adversus
2832 4165 3040 4244 ﬁlium,
3082 4173 3142 4225 et
3190 4163 3345 4224 filius
3390 4165 3677 4226 adversus

2034 4264 2260 4331 patrem
2296 4272 2309 4314 :
2359 4261 2551 4313 mater
2578 4252 2862 4313 adversus
2892 4253 3098 4332 ﬁliam,
3140 4261 3198 4314 et
3246 4253 3363 4313 lilia
3392 4254 3675 4315 adversus

2037 4348 2281 4402 matrem
2313 4362 2326 4404 :
2360 4360 2566 4401 socrus
2597 4341 2886 4403 adversus
2936 4359 3149 4401 nurum
3184 4360 3373 4417 suam,
3407 4352 3463 4403 et
3492 4360 3678 4404 nurus

298 4425 433 4514 τῆς..
462 4468 489 4499 ι
563 4425 784 4523 Χριστδς
844 4439 940 4517 μέν
989 4425 1152 4517 ἔστιν,
1207 4443 1241 4509 ἡ
1301 4442 1483 4520 εἰρήνη
1551 4425 1719 4516 ὑμῶν,
1781 4442 1941 4523 πλὴν,

2032 4429 2313 4490 adversus
2344 4448 2579 4491 socrum
2611 4447 2801 4493 suam.
2834 4454 2859 4484 η
2897 4430 3169 4493 Christus
3199 4430 3437 4510 quidem
3467 4439 3680 4512 estpax

301 4536 412 4593 Οὔκ
465 4532 649 4606 ἧλθὸν,
736 4533 917 4612 φησὶν,
988 4531 1206 4606 εἰρήνην
1286 4529 1485 4591 δοῦναι.
1582 4524 1754 4589 ’Ὅθεν
1812 4535 1950 4589 αἰνί-

300 4645 464 4705 γματι
516 4622 654 4679 ἔοικε
712 4624 772 4677 τὸ
845 4619 1156 4698 λεγόμενον,
1239 4619 1480 4698 Λέγομεν
1558 4622 1669 4695 06v,
1757 4624 1829 4685 ὡς
1894 4622 1952 4679 οὗ

301 4720 447 4771 πᾶσα
502 4712 685 4790 εἰρήνη
744 4710 946 4787 ἄψογος
989 4711 1078 4765 καὶ
1137 4707 1306 4788 καλὴ,
1367 4707 1488 4764 ἀλλ’
1547 4708 1690 4766 ἔστιν
1732 4710 1954 4787 ἐπισφα-

300 4803 401 4871 λὴς
460 4798 744 4879 πολλάκις,
804 4801 891 4855 καὶ
955 4797 1133 4877 πόῤῥω
1183 4802 1280 4865 τῆς
1341 4798 1483 4861 θείας
1543 4799 1758 4877 ἀγάπης
1812 4798 1949 4876 βάλ-

302 4890 469 4963 λουσα
504 4904 519 4919 ⁸
567 4889 686 4945 οἶον
744 4888 869 4944 ὅταν
928 4888 1302 4967 εἷρηνεύωμεν,
1338 4888 1425 4943 καὶ
1475 4888 1841 4967 σιιμφωνῶμεν
1872 4887 1959 4946 ἐπὶ

304 4979 587 5035 καταλύσει
629 4979 726 5044 τῆς
772 4976 1018 5044 ἄληθείας
1055 4994 1069 5007 '
1106 4976 1303 5042 ταύτην
1359 4975 1447 5033 οὗν
1476 4976 1575 5043 τὴν
1606 4977 1819 5055 εἰρήνην
1865 4981 1958 5035 οὐκ

304 5068 434 5137 ἦλθε
487 5066 660 5124 δοῦναι
715 5067 962 5143 Χριστὸς,
1020 5064 1317 5122 τουναντίον
1378 5064 1477 5138 μὲν
1546 5064 1635 5120 06v
1708 5062 1956 5142 βούλεται

303 5160 450 5233 ἡμᾶς
493 5154 820 5236 διαφέρεσθαι
864 5156 994 5230 πρὸς
1038 5150 1303 5221 ἀλλήλους
1354 5153 1487 5230 ὑπὲρ
1534 5160 1627 5208 τοῦ
1682 5151 1868 5231 καλοῦ,
1930 5154 1959 5208 ὃ

300 5247 389 5302 καὶ
442 5245 503 5300 ἓν
559 5253 636 5318 τῷ
692 5241 912 5320 διωγμῷ
968 5241 1187 5320 γέγονεν
1220 5257 1236 5273 ⁶
1297 5239 1351 5295 ἐν
1382 5241 1454 5297 ἐνὶ
1483 5242 1582 5319 γὰρ
1615 5240 1754 5315 οἴκῳ
1782 5241 1959 5321 πατὴρ

301 5332 528 5400 ’Ἕλλην
582 5335 677 5407 υἱῷ
754 5335 928 5405 πιστῷ
984 5328 1270 5409 διεφέρετο,
1348 5331 1438 5386 καὶ
1496 5332 1679 5409 μήτηρ
1715 5331 1953 5407 θυγατρὶ,

300 5424 388 5480 καὶ
449 5424 511 5479 τὸ
564 5419 817 5497 ἔμπαλιν,
876 5425 995 5482 Πῶς
1065 5415 1121 5474 δὲ
1179 5419 1342 5474 εἰπὼν
1400 5417 1556 5475 πέντε
1601 5418 1655 5473 ἒν
1715 5417 1794 5474 ἐνὶ
1822 5417 1961 5490 οἴκῳ

366 5564 445 5630 ’δυ
469 5562 624 5644 tuo.
655 5570 821 5655 rm,
859 5562 959 5643 39.

682 5701 941 5763 PA'l‘hOL.
989 5701 1102 5763 GR.
1150 5697 1416 5761 CXXIII.

2034 4527 2255 4597 nostra,
2291 4518 2417 4597 sed,
2453 4520 2582 4580 Non
2630 4520 2784 4593 veni,
2820 4518 3033 4599 inquit,
3071 4518 3366 4579 missurus
3417 4536 3619 4601 pacem
3655 4536 3671 4585 :

2033 4607 2190 4667 unde
2219 4606 2584 4684 zenigmatice
2609 4608 2721 4668 hoc
2754 4607 2978 4670 dictum
3026 4615 3141 4669 est.
3196 4606 3463 4671 Dicimus
3494 4608 3676 4688 igitur

2033 4696 2190 4777 quod
2224 4715 2338 4756 non
2372 4697 2564 4757 omnis
2595 4714 2704 4776 pax
2736 4697 3027 4775 vituperio
3058 4706 3245 4769 caret,
3289 4710 3348 4758 et
3377 4698 3532 4761 bona
3556 4709 3669 4774 est,

2038 4785 2141 4845 sed
2175 4794 2265 4845 est
2292 4803 2449 4864 saepe
2499 4804 2606 4864 pax
2658 4786 3009 4865 periculosa,
3046 4796 3104 4846 et
3152 4788 3355 4866 procul
3401 4806 3437 4849 a
3481 4788 3679 4852 divina

2038 4875 2323 4935 charitate
2342 4873 2644 4952 rejiciens,
2670 4883 2877 4954 utpote
2906 4875 3141 4953 quando
3166 4894 3369 4954 pacem
3389 4876 3679 4940 habemus

2040 4972 2098 5023 et
2127 4961 2538 5042 conspiramus
2586 4962 2645 5023 in
2689 4964 3151 5024 destructionem
3196 4966 3478 5029 veritatis.
3510 4963 3679 5031 Hanc

2039 5053 2196 5113 enim
2235 5070 2436 5132 pacem
2463 5072 2580 5113 non
2608 5053 2763 5112 venit
2793 5053 3062 5116 Christus
3093 5062 3153 5112 ut
3183 5056 3371 5135 daret,
3402 5056 3508 5117 sed
3537 5073 3679 5119 con-

2043 5143 2284 5203 trarium
2318 5142 2437 5201 vult
2470 5162 2482 5204 :
2534 5161 2750 5222 nempe
2781 5152 2841 5202 ut
2867 5142 3262 5204 dissideamus
3295 5152 3536 5225 propter
3563 5144 3678 5207 bo-

2042 5250 2209 5300 num,
2238 5230 2396 5307 quod
2429 5239 2486 5290 et
2515 5230 2576 5291 in
2607 5231 3021 5311 persecutione
3051 5232 3267 5293 factum
3286 5242 3415 5312 est,
3453 5230 3521 5295 In
3561 5252 3682 5298 una

2042 5318 2199 5380 enim
2232 5321 2408 5378 domo
2440 5332 2609 5397 pater
2636 5321 2877 5399 gentilis
2908 5338 2939 5381 a
2966 5320 3091 5381 ﬁlio
3123 5321 3288 5383 fideli
3339 5321 3675 5401 diﬂ‘erebat,

2042 5402 2099 5469 et
2132 5416 2374 5468 matera
2410 5407 2548 5487 lilia,
2603 5418 2662 5471 et
2708 5419 2934 5470 contra.
2990 5408 3303 5481 Quomodo
3336 5421 3542 5473 autem
3582 5413 3680 5476 di-

3253 5691 3356 5756 29.
