4132 6278
535 242 652 309 907

1479 245 2075 311 THEOPHYLACTI
2119 244 2531 308 BULGARIE
2574 243 2932 310 ARCHIEP.

3812 243 3945 315 908

533 394 1037 476 cendo.Quinque
1062 394 1121 455 in
1152 395 1328 456 domo
1354 413 1470 457 una
1498 395 1667 457 divisi
1703 404 1896 477 erunt,
1933 397 1991 457 in
2024 414 2173 457 enu-

2261 380 2765 462 διαμεμερισμένους
2856 386 3083 468 ἔσεσθαι,
3157 392 3211 444 ἐν
3288 394 3356 464 τῇ
3426 390 3801 468 ἀπαριθμήσει
3890 391 3945 453 ἓξ

536 483 861 547 mentione
908 502 1011 545 sex
1069 500 1354 563 personas
1402 484 1646 563 posuit?
1694 484 1957 547 Dicimus
2002 484 2180 563 igitur

533 573 687 653 quod
721 590 838 634 una
866 589 1117 652 persona
1142 572 1236 632 his
1257 579 1558 651 assumpta
1583 581 1694 632 est.
1734 572 1879 635 Filia
1907 584 1965 633 et
1995 590 2179 633 nurus

532 662 741 724 eadem
775 673 866 723 est
898 678 1173 741 persona.
1208 660 1355 721 Filia
1385 660 1544 721 enim
1577 661 1818 738 dicitur,
1853 661 1902 722 si
1937 661 2007 722 ad
2044 680 2174 721 ma-

532 760 692 813 trem.
712 748 1047 812 referatur:
1082 766 1267 809 nurus
1295 766 1458 822 vero,
1512 749 1561 809 si
1611 751 1679 811 ad
1732 769 1993 813 socrum.
2028 749 2176 810 Tres

532 839 707 919 igitur
737 838 1121 912 eruntdivisi,
1157 846 1321 918 pater
1344 846 1400 899 et
1418 846 1607 900 mater
1637 846 1694 899 et
1717 857 1945 914 socrus,
1971 838 2174 900 adver-

530 947 632 991 sus
663 930 837 1002 duos,
871 926 1056 988 ﬁlium
1094 934 1151 987 et
1200 925 1407 986 ﬁliam.
1460 926 1609 987 Filia
1656 928 1813 987 enim
1866 946 1999 987 cum
2056 946 2175 988 una

533 1036 790 1101 persona
817 1017 913 1090 sit,
943 1017 1089 1077 duas
1117 1015 1441 1077 relationes
1464 1017 1737 1098 suscipit,
1761 1026 1822 1078 et
1845 1017 2171 1079 secundum

530 1108 645 1169 hoc
674 1107 907 1168 videtur
928 1105 1143 1183 duplex
1169 1121 1420 1184 persona
1448 1104 1621 1165 matri
1653 1114 1710 1166 et
1741 1124 1914 1166 socru
1942 1106 2169 1167 collata.

532 1195 799 1274 Intellige
829 1202 1023 1254 autem
1056 1191 1407 1271 simpliciter
1439 1210 1544 1272 per
1580 1201 1808 1272 patrem
1842 1202 1899 1254 et
1930 1202 2172 1256 matrem

531 1292 590 1346 et
618 1302 873 1352 socrum,
925 1288 1122 1341 vetera
1166 1280 1366 1341 omnia
1408 1302 1421 1338 :
1486 1299 1591 1357 per
1639 1281 1823 1342 [ilium
1872 1291 2065 1343 autem
2120 1291 2177 1344 et

530 1373 737 1446 ﬁliam,
774 1370 974 1432 omnia
1018 1387 1186 1430 nova.
1239 1367 1442 1449 Itaque
1482 1368 1767 1430 Dominus
1808 1371 1929 1431 vult
1975 1380 2037 1433 ut
2073 1389 2178 1433 sua

530 1481 680 1524 nova
708 1470 766 1522 et
796 1459 994 1521 divina
1024 1464 1318 1537 prmeepta
1350 1466 1408 1520 et
1439 1457 1714 1534 dogmata
1745 1469 2010 1539 pugnent
2042 1479 2174 1522 cum

529 1549 788 1629 antiquis
817 1546 1032 1609 nostris
1061 1545 1365 1608 sceleratis
1391 1546 1657 1608 moribus
1696 1556 1753 1608 et
1783 1548 2171 1626 dogmatibus.

529 1637 797 1717 Intellige
825 1644 1021 1698 autem
1071 1635 1247 1695 etiam
1280 1635 1363 1696 sic
1401 1653 1414 1697 :
1474 1638 1649 1697 Pater
1695 1636 1938 1716 quidem
1982 1656 2174 1719 mens,

529 1728 689 1792 ﬁlius
718 1744 854 1788 vero
886 1725 1058 1787 ratio.
1094 1723 1311 1786 Divisio
1344 1724 1557 1785 horum
1611 1726 1676 1785 ﬁt
1723 1726 1784 1786 in
1829 1744 2178 1807 unaquaque

2260 473 2517 550 πρόσωπα
2557 474 2750 530 τέθεικε
2789 497 2806 547 ;
2844 476 3076 554 Λέγομεν
3109 480 3195 533 οὖν
3254 478 3332 534 ὅτι
3392 481 3447 536 ἓν
3505 479 3814 558 πρόσωπον
3863 478 3941 541 δὶς

2260 562 2489 642 ἐλήφθη,
2540 555 2601 619 Ἠ
2657 566 2889 644 θυγάτηρ
2933 568 3032 646 γὰρ
3076 569 3161 623 καὶ
3192 569 3225 635 ἠ
3259 569 3432 647 νύμφη
3477 555 3558 623 τὸ⁷
3585 571 3715 624 αἰτῦ
3751 570 3938 646 πρὸς·

2258 675 2403 708 ωπον
2466 653 2630 734 ἐστιν,
2679 657 2751 717 ὡς
2823 658 2953 733 πρὸς
3013 657 3111 731 μὲν
3170 658 3258 712 οὖν
3320 658 3412 724 τὴν
3470 658 3677 736 μητέρα
3750 680 3938 736 προσ-

2258 739 2678 819 λαμϐανομεηον,
2736 745 2968 824 θυγάτηρ
3011 748 3319 821 ὠνομάσθη,
3382 749 3455 808 ὡς
3512 746 3568 801 δὲ
3630 750 3776 824 πρὸς
3838 748 3937 813 τὴν

2257 832 2529 909 πενθερὰν,
2605 833 2803 911 νύμφη.
2903 844 3058 913 Τρεῖς

2256 918 2463 998 σμένοι,
2512 923 2538 975 6
2594 923 2793 999 πατὴρ,
2852 924 2937 978 καὶ
2992 925 3025 991 ἡ
3069 926 3274 1004 μήτηρ,
3320 926 3407 980 καὶ
3448 926 3482 991 ἡ
3543 926 3810 1004 πενθερὰ,
3849 925 3933 980 ἐπὶ

2256 1006 2391 1085 δυσὶ,
2437 1008 2670 1065 τουτέστι
2730 1018 2805 1085 τῷ
2860 1015 2955 1086 υἷῴ
2996 1014 3084 1068 καὶ
3127 1014 3194 1089 τῇ
3236 1016 3470 1091 θυγατρί,
3534 1005 3594 1069 Ἠ
3656 1017 3767 1091 γὰρ
3834 1018 3933 1069 θά-

2256 1098 2449 1178 γάεηρ,
2511 1102 2583 1163 ὡς
2668 1098 2887 1179 ἔφαμεν,
2949 1101 3004 1156 ἓν
3070 1102 3350 1181 πρόσωπον
3413 1103 3560 1174 οὖσα,
3616 1105 3757 1158 καθὸ
3842 1103 3932 1157 δὼ

2258 1188 2471 1266 σχέσεις
2505 1186 2842 1268 ἀναδέχεται,
2890 1192 3025 1246 κατὰ
3062 1194 3217 1249 τοῦτο
3265 1190 3413 1248 δοκεῖ
3443 1195 3580 1248 εἶναι
3612 1190 3705 1247 δύο
3737 1193 3928 1269 πρόσ-

2258 1300 2403 1349 πωα,
2456 1283 2524 1354 τῇ
2566 1280 2725 1356 μητρὶ
2775 1280 3177 1354 προστεθημένη
3235 1283 3321 1337 καὶ
3377 1282 3445 1349 τῇ
3494 1284 3748 1357 πενθερᾷ.
3798 1281 3926 1338 Νὸει

2258 1364 2312 1421 δέ
2366 1388 2455 1441 μοι
2514 1366 2697 1431 ἁπλῶς
2780 1367 2978 1445 πατέρα
3052 1370 3136 1424 καὶ
3218 1368 3421 1445 μητέρα
3510 1370 3594 1423 καὶ
3655 1370 3927 1447 πενθερὰν

2258 1456 2429 1511 πάντα
2480 1456 2545 1511 τὰ
2598 1454 2823 1535 παλαιὰ,
2879 1458 2990 1511 υἱὸν
3033 1454 3087 1512 δὲ
3157 1460 3244 1511 καὶ
3300 1457 3578 1534 θυγατέρα,
3626 1459 3817 1512 πάντα
3864 1459 3927 1512 τὲ

2259 1543 2348 1600 νέα
2377 1562 2392 1579 ⁶
2456 1546 2483 1600 6
2530 1546 2701 1602 τοίνυν
2758 1545 2943 1624 Κύριος
2989 1552 3117 1602 πᾶσι
3174 1559 3292 1608 τοῖς
3338 1544 3590 1609 παλαιοῖς
3634 1548 3805 1619 ἡμῶν
3838 1550 3925 1602 καὶ

3159 834 3248 891 οὖν
3318 835 3522 891 ἔσονται
3593 834 3640 891 δι
3649 859 3721 907 αμ
3730 857 3935 911 εμερι-

2259 1632 2600 1708 ἀμαρτωλοῖς
2660 1632 2794 1689 ἔθεσι
2852 1641 2940 1690 καί
2983 1632 3209 1712 δόγμασι
3268 1635 3534 1713 μάχεσθαι
3577 1635 3645 1689 τὰ
3677 1634 3776 1690 νέα
3835 1638 3925 1690 καί

2258 1725 2286 1777 θ
2475 1724 2489 1744 ν
2565 1729 2586 1739 ν
2656 1722 2669 1744 9
2757 1726 2767 1744 I
3013 1745 3023 1755 .
3080 1724 3095 1743 ς
3202 1724 3211 1742 ο
3529 1725 3541 1742 ι
3608 1746 3640 1759 '
3822 1725 3874 1749 ,ν

2289 1735 2377 1777 εῖα
2435 1744 2591 1779 aureo
2653 1720 2954 1797 ενταλματα
3015 1746 3097 1779 και
3156 1723 3395 1801 δογματα
3450 1722 3727 1799 βουλειαι.
3793 1736 3923 1781 hoc:

528 1818 731 1890 domo,
782 1813 1043 1877 hominis
1090 1812 1357 1892 inquam,
1418 1820 1483 1872 ut
1541 1813 1910 1876 manifestius
1958 1802 2172 1893 dicam,

2260 1807 2314 1864 δὲ
2370 1811 2457 1865 καὶ
2506 1808 2691 1875 οὕτως·
2749 1811 2925 1888 Ποτὴρ
2983 1811 3081 1884 μὲν
3137 1812 3164 1866 6
3207 1812 3347 1887 voSc,
3406 1811 3514 1871 υίὸς
3558 1808 3612 1865 δὲ
3644 1811 3674 1866 ὁ
3719 1809 3917 1889 λόγος,

528 1905 823 1974 illustrata
851 1901 960 1963 fuit
991 1918 1159 1962 mens
1204 1899 1465 1979 Dionysii
1514 1900 1903 1984 Areopagitae,
1935 1913 1992 1965 et
2022 1924 2175 1985 pra;-

529 1994 885 2057 dicalionem
911 1989 1191 2070 suscepit,
1216 1990 1563 2070 repugnavit
1590 1999 1786 2053 autem
1810 1993 1942 2071 ejus
1967 1995 2173 2069 menti,

529 2101 664 2165 quae
696 2091 808 2143 tam
844 2080 1116 2142 alacriter
1164 2077 1340 2140 ﬁdem
1396 2080 1679 2160 suscepit,
1730 2081 1966 2159 gentilis
2004 2084 2173 2156 ratio,

531 2179 765 2234 tentans
806 2168 1122 2230 ostendere
1170 2167 1500 2229 dialecticis
1550 2170 1887 2243 tendiculis,
1935 2179 1999 2233 ut
2046 2172 2177 2233 illas

529 2267 902 2340 sequeretur.
935 2256 1115 2318 Vides
1137 2255 1488 2318 divisionem
1516 2259 1699 2338 patris
1722 2268 1780 2319 et
1809 2259 1912 2320 ﬁlii
1941 2260 2096 2322 inter
2112 2281 2176 2325 se

528 2346 990 2430 repugnantium
1008 2352 1253 2425 propter
1266 2344 1563 2407 Christum
1589 2355 1647 2407 et
1665 2348 2178 2424 praedicationem?

530 2439 776 2497 Matrem
812 2451 1047 2515 quoque
1072 2441 1132 2494 et
1163 2451 1395 2494 socrum
1423 2434 1664 2497 vocabis
1695 2439 2173 2514 mentem,ﬁlium

529 2543 669 2588 vero
705 2531 765 2587 et
818 2540 1031 2583 nurum
1082 2540 1372 2583 sensum:
1421 2524 1558 2584 382
1615 2532 1672 2585 et
1721 2526 1878 2586 inter
1928 2527 2032 2589 has
2089 2539 2176 2591 est

531 2633 728 2697 pugna
756 2622 1001 2695 propter
1022 2611 1344 2693 Christum,
1372 2613 1719 2691 insurgente
1746 2626 1944 2679 mente
1974 2628 2175 2681 contra

531 2722 769 2766 sensum
808 2720 822 2764 :
879 2700 1113 2782 quando
1161 2719 1330 2762 mens
1387 2703 1595 2764 suadet
1640 2704 2007 2782 prasterenda
2056 2726 2173 2771 non

531 2793 684 2854 ﬂuxa
716 2790 909 2864 ﬂuxis,
967 2788 1406 2869 invisibiliaque
1464 2790 1820 2867 visibilibus,
1875 2794 2172 2877 habetque

527 2879 602 2942 ad
634 2882 748 2942 hoc
777 2879 1310 2940 demonstrationes
1361 2881 1572 2941 multas
1623 2881 1964 2961 ailjutrices.
1991 2884 2170 2947 Com-

531 2968 783 3030 mittitur
810 2976 1005 3029 autem
1040 2975 1098 3028 et
1130 2966 1349 3027 bellum
1398 2986 1608 3032 sensus
1647 2981 1849 3033 contra
1882 2983 2166 3036 mentem.

531 3056 756 3121 Sensus
789 3057 946 3118 enim
982 3073 1089 3136 per
1120 3056 1399 3117 miracula
1428 3065 1487 3120 et
1523 3058 1686 3137 signa
1719 3078 1850 3139 quae
1894 3062 2173 3126 videntur

2260 1899 2517 1974 μερισμὸς
2561 1908 2648 1957 οὖν
2700 1900 2898 1955 τούτων
2950 1899 3156 1978 ἐγένετο
3185 1899 3238 1955 ἐν
3268 1904 3344 1973 τῷ
3387 1900 3459 1955 ἑνὶ
3488 1898 3647 1971 οἴκῳ,
3682 1905 3765 1972 τῷ
3832 1900 3922 1954 ἆν-

2260 1989 2451 2062 θρώπῳ
2492 1990 2652 2067 φημὶ,
2685 1992 2802 2045 οἷον
2852 1987 2942 2044 ἴνα
3001 1989 3317 2068 σαφέστερον
3371 1986 3533 2061 εἴπω,
3595 1987 3918 2065 ἐνελάμεξαθη

2259 2080 2286 2133 6
2340 2084 2454 2142 νοῦς
2494 2079 2587 2133 τοῦ
2630 2077 3002 2156 Ἀρεοπαγίτου
3049 2083 3338 2151 Διονυσίου,
3390 2079 3479 2135 καὶ
3535 2083 3595 2133 τὸ
3653 2080 3915 2155 κήρυγμα

2257 2164 2463 2231 ἐδέξατο
2499 2187 2511 2199 ·
2572 2167 2844 2224 ἀνθίστατο
2899 2166 2951 2222 δὲ
2998 2169 3184 2225 τούτου
3240 2172 3315 2240 τῷ
3361 2170 3448 2224 νοῒ
3508 2174 3587 2240 τῷ
3626 2165 3917 2222 ἀναποδεί-

2257 2278 2396 2320 κτως
2454 2253 2718 2331 δεξαμένῳ
2773 2257 2871 2324 τὴν
2927 2258 3101 2313 πίστιν
3172 2259 3198 2311 6
3266 2254 3425 2332 λόγος
3476 2257 3504 2310 6
3557 2254 3913 2326 Ἑλληνικὸς,

2258 2343 2615 2401 ἀποδεικνύειν
2698 2346 3048 2425 πειρώμενος,
3131 2346 3219 2401 καὶ
3276 2344 3634 2406 διαλεκτικαῗς
3691 2343 3911 2421 ἐφόδοις

2257 2433 2565 2490 ἀκολουθεῖν
2621 2434 2949 2512 ἀναγκάζων,
3018 2427 3171 2511 Ὀρᾷς
3231 2434 3485 2511 μερισμὸν
3540 2435 3747 2511 πατρὸς
3825 2437 3913 2488 καὶ

2254 2526 2364 2579 υἱοῦ
2420 2526 2744 2602 μαχομένων
2776 2523 3029 2594 ἀλλήλοις
3073 2522 3157 2578 διὰ
3202 2525 3423 2600 Χριστὸν
3473 2522 3558 2577 καὶ
3613 2523 3676 2576 τὸ
3731 2524 3909 2599 κήρυ-

2257 2636 2367 2690 γμα
2401 2633 2417 2693 ς
2453 2615 2547 2671 Καὶ
2580 2613 2781 2692 μητέρα
2832 2613 2885 2670 δὲ
2940 2616 3029 2670 καὶ
3083 2614 3333 2689 πενθερὰν
3385 2610 3632 2673 καλέσαις
3690 2611 3757 2666 ἂν
3808 2613 3911 2678 τὴν

2256 2699 2507 2781 διάνοιαν,
2568 2703 2822 2781 θυγατέρα
2898 2700 2952 2758 δὲ
3035 2702 3122 2757 καὶ
3180 2702 3385 2779 νύμφην
3460 2701 3557 2766 τὴν
3618 2699 3904 2766 αἴσθησιν.

2258 2791 2354 2846 Καὶ
2411 2790 2623 2855 ταύταις
2680 2790 2770 2847 οὖν
2844 2791 3002 2869 μάχη
3076 2788 3291 2844 ἵσταται
3361 2785 3443 2843 διὰ
3508 2790 3763 2865 Χριστὸν,
3844 2795 3908 2862 τῇ

2255 2880 2352 2955 μὲν
2409 2879 2606 2952 διανοίᾳ
2660 2881 2829 2936 κατὰ·
2889 2884 2985 2946 τῆς
3072 2879 3349 2952 αἱθήσεως,
3420 2875 3543 2931 ὅταν
3604 2878 3639 2944 ἡ
3697 2875 3903 2933 διάνοια

2252 2969 2404 3045 πείθῃ
2462 2975 2722 3046 προτιμᾷν
2797 2969 2864 3025 τα
2937 2969 3015 3044 μὴ
3085 2967 3268 3045 ῥευστᾶ
3340 2968 3444 3021 τῶν
3517 2965 3779 3042 ῥευστῶν,
3843 2972 3906 3022 τα

2252 3058 2449 3137 ἀόρατα
2504 3064 2609 3115 τῶν
2672 3058 2873 3137 ὁρατῶν
2937 3059 3025 3113 καὶ
3107 3056 3211 3135 ἔχῃ
3272 3058 3401 3133 πρὸς
3460 3061 3614 3111 τοῦτο
3694 3054 3903 3117 πολλὰς

530 3148 856 3227 perductus
887 3144 959 3206 ad
992 3144 1193 3218 ﬁdem,
1224 3164 1341 3205 non
1369 3145 1558 3206 credit
1610 3149 1823 3210 mentis
1862 3151 2169 3230 cogitatio-

2257 3146 2539 3213 ἀποδείξεις
2592 3150 2891 3226 συνεργούς.
2943 3147 3109 3205 ’Ἐστι
3166 3143 3220 3200 δὲ
3277 3145 3363 3200 ὅτε
3420 3146 3508 3200 καὶ
3548 3149 3617 3220 τῇ
3659 3146 3901 3215 αἰσθήσει

528 3235 750 3297 nibus:
804 3252 997 3315 neque
1050 3233 1209 3294 enim
1268 3234 1575 3312 gentilium
1635 3237 2172 3304 demonstrationes

529 3329 651 3390 vult
680 3326 871 3408 sequi,
906 3342 1037 3405 quae
1079 3323 1440 3403 compellunt
1489 3325 1604 3386 illis
1646 3328 2022 3391 attendentes
2053 3349 2170 3393 non

534 3417 781 3482 credere
811 3414 966 3495 quod
994 3412 1148 3500 Deus
1168 3411 1357 3474 factus
1382 3414 1457 3474 sit
1484 3415 1685 3489 homo,
1711 3417 1799 3478 vel
1827 3420 1979 3497 quod
2006 3421 2169 3500 virgo

532 3505 783 3588 peperit.
821 3499 1178 3581 Hujusmodi
1208 3508 1343 3561 sunt
1389 3501 1699 3580 gentilium
1754 3499 2166 3582 deliramenta,

529 3602 757 3658 naturas
812 3590 1154 3678 servientia.
1213 3590 1285 3651 At
1332 3609 1541 3651 sensus
1575 3610 1680 3671 per
1734 3594 2015 3657 miracula
2045 3617 2176 3678 quae

529 3683 830 3761 videntur,
858 3676 1229 3760 praestantior
1251 3678 1412 3739 omni
1442 3679 1945 3746 demonstratione
1964 3676 2076 3750 est.
2101 3687 2172 3747 ad

527 3773 634 3836 Dei
666 3769 1065 3849 cognitionem
1099 3766 1532 3830 manuducens.
1586 3768 1713 3831 Non
1756 3775 1947 3834 omnis
1996 3774 2175 3852 igitur

528 3879 636 3942 pax
668 3868 725 3920 et
754 3855 1077 3919 concordia
1107 3855 1263 3916 bona
1300 3865 1406 3931 est,
1446 3858 1549 3918 sed
1583 3866 1672 3919 est
1699 3862 1932 3940 quando
1966 3872 2023 3924 et
2060 3883 2169 3943 pu-

528 3967 647 4028 gna
706 3955 766 4009 et
821 3944 1130 4007 dissidium
1191 3944 1389 4006 divina
1451 3947 1715 4026 quaedam
1769 3966 1865 4010 res
1917 3952 2168 4017 videtur.

527 4037 744 4102 Nullus
773 4036 950 4115 igitur
995 4041 1154 4095 amet
1201 4033 1409 4109 malos,
1465 4044 1520 4096 et
1579 4039 1843 4117 quamvis
1901 4049 2069 4119 pater
2115 4052 2175 4104 et

532 4134 716 4189 mater
746 4125 1138 4187 adversentur
1170 4123 1283 4202 legi
1316 4122 1561 4194 Christi.
1598 4128 2051 4207 repugnandum
2085 4139 2175 4192 est

529 4216 618 4277 eis
652 4214 898 4294 perinde
925 4232 994 4274 ac
1027 4212 1300 4274 hostibus
1330 4215 1615 4276 veritatis.

2253 3237 2388 3295 κατὰ
2444 3237 2541 3304 τῆς
2621 3235 2847 3301 διανοίας
2929 3234 3162 3310 πόλεμος
3214 3246 3582 3313 συγκροτεῖται
3617 3252 3634 3268 ο
3710 3235 3747 3300 ἡ

2254 3325 2503 3392 αἴσθησις
2591 3324 2674 3381 διὰ
2755 3332 2859 3383 τῶν
2945 3326 3224 3399 θαυμάτων
3291 3324 3378 3378 καὶ
3450 3328 3553 3377 τῶν
3613 3324 3901 3402 ὁρωμένων

2254 3416 2489 3490 σημείων
2546 3413 3017 3494 χειραγωγουμένη
3093 3414 3223 3492 πρὸς
3278 3414 3474 3484 πίστιν,
3550 3413 3613 3467 οὗ
3665 3412 3899 3467 πείθεται

2254 3518 2368 3568 τοῖς
2412 3510 2509 3571 τῆς
2568 3501 2796 3560 διανοίας
2845 3502 3152 3582 λογισμοῖς,
3206 3499 3319 3558 οὒδέ
3363 3513 3487 3563 ταῖς
3546 3498 3891 3564 Ἐλληνικιῖς

2258 3592 2578 3659 ἀποδείξεσιν
2633 3592 2845 3649 ἕπεσθαι
2889 3590 3155 3669 βούλεται,
3214 3590 3719 3666 σοναναγκαζούσαις
3765 3590 3889 3651 τοὺς

2257 3682 2620 3762 προσέχοντας
2678 3683 2865 3744 αὐταῖς
2909 3680 2986 3756 μὴ
3029 3679 3308 3750 πιστεύειν,
3373 3676 3453 3734 ὅτι
3503 3679 3630 3742 Θεὸς
3676 3677 3895 3755 γέγονεν

2256 3771 2548 3850 ἅνθρωπος,
2608 3770 2643 3839 ἢ
2701 3770 2780 3826 ὅτι
2840 3769 3090 3848 παρθένος
3149 3766 3316 3827 ἔτεκε.
3401 3775 3623 3826 Τοιαῦτα
3674 3770 3779 3846 γὰρ
3836 3772 3900 3824 τὸ

2255 3868 2358 3917 τῶν
2424 3861 2571 3938 φύσει
2628 3859 2974 3916 δουλεύοντων
3045 3855 3373 3926 Ἑλληνικῶν
3444 3856 3714 3935 λογισμῶν
3789 3857 3899 3926 λη-

2254 3951 2487 4025 ρήματα.
2565 3940 2625 4006 Ἠ
2684 3948 2863 4024 μέντοι
2949 3947 3197 4013 αἴσθησις
3278 3944 3363 4002 διὰ
3426 3948 3532 4001 τῶν
3610 3948 3903 4024 ὁρωμένων

2254 4038 2532 4117 θαυμάτων
2616 4040 2866 4117 κρείττων
2949 4038 3126 4103 πάσης
3211 4033 3522 4101 ἀποδείξεώς
3577 4035 3687 4092 ἐστι
3766 4041 3902 4115 πρὸς

2252 4132 2568 4211 θεογνωσίαν
2627 4127 2963 4208 χειραγωγός
3001 4143 3014 4156 ⁸
3095 4128 3156 4182 ού
3204 4131 3347 4181 πᾶσα
3407 4132 3493 4182 οὖν
3553 4127 3741 4203 εἰρήνη
3814 4131 3900 4183 καὶ

2255 4219 2529 4301 συμφωνία
2570 4216 2757 4295 καλὸν,
2811 4214 2930 4271 ἀλλ’
2988 4214 3128 4271 ’ἐστιν
3179 4212 3267 4270 ὅτε
3325 4217 3412 4270 καὶ
3467 4212 3625 4293 μάχη
3654 4218 3748 4271 καὶ
3780 4214 3896 4272 διά-

527 4327 710 4368 στασις
768 4304 911 4360 θεῖόν
954 4326 1001 4358 τι
1048 4307 1239 4382 χρῆμα
1289 4302 1439 4360 δοκεῖ
1472 4321 1485 4335 ⁸
1534 4306 1717 4379 μηδεὶς
1778 4309 1945 4365 τοίνυν
2002 4312 2285 4388 φιλιαζέτω
2329 4323 2442 4372 τοῖς
2485 4317 2765 4385 πονηροῖς,
2800 4303 2936 4360 ἀλλᾶ
2974 4302 3071 4361 κᾶν
3099 4304 3298 4382 πατὴρ,
3332 4303 3429 4359 κᾶν
3458 4304 3639 4381 μήτηρ
3669 4302 3899 4361 ἐναντίοι

527 4394 863 4468 εὕρίσκωνται
894 4398 969 4464 τῷ
1000 4390 1227 4461 Χριστοῦ
1255 4391 1425 4465 νόμῳ,
1455 4394 1789 4468 πολεμητέον
1824 4400 2008 4460 αὒτοῖς
2039 4401 2110 4463 ὡς
2141 4399 2235 4468 τῆς
2266 4398 2513 4465 ἀληθείας
2545 4396 2785 4475 ἐχθροῖς.

615 4480 794 4541 Vens.
829 4478 1040 4540 54-59.
1078 4498 1104 4534 α
1142 4478 1384 4539 Dicebat
1413 4491 1607 4542 autem
1643 4482 1713 4543 ad
1751 4483 1987 4547 turbas:
2028 4487 2171 4548 Cum
2199 4496 2242 4549 D

527 4567 794 4630 videritis
817 4565 1033 4628 nubem
1059 4566 1347 4628 orientem
1373 4569 1445 4628 ab
1468 4589 1706 4645 occasu,
1733 4578 1929 4633 statim
1951 4574 2168 4649 dicitis,

526 4656 721 4717 imber
752 4655 934 4735 venit,
967 4662 1023 4716 et
1054 4656 1134 4715 ita
1164 4655 1228 4715 ﬁt
1276 4675 1289 4716 ε
1348 4665 1404 4717 et
1439 4677 1569 4719 curn
1603 4668 1867 4721 austrum
1902 4662 2167 4739 ﬂantem,

525 4745 723 4806 dicitis
754 4745 906 4826 quod
944 4752 1118 4805 aestus
1152 4744 1285 4823 erit,
1323 4754 1379 4805 et
1422 4748 1507 4810 ﬁt.
1552 4747 1909 4830 Hypocritaz,
1962 4752 2167 4812 faciem

527 4834 664 4897 coeli
699 4844 756 4895 et
788 4844 962 4895 terra}
994 4833 1181 4894 nostis
1230 4833 1507 4917 probare,
1543 4838 1654 4899 hoc
1703 4849 1896 4900 autem
1940 4849 2172 4921 tempus

522 4924 716 5005 quiﬁt
745 4932 807 4985 ut
839 4942 955 4983 non
990 4922 1301 5011 probetis?
1349 4925 1465 4987 Cur
1511 4936 1705 4989 autem
1755 4947 1824 4988 ex
1857 4930 2171 5011 vobisipsis

528 5011 936 5091 nonjudicatis
956 5010 1112 5091 quod
1127 5011 1356 5090 justum
1381 5014 1501 5076 est?
1519 5014 1660 5077 Cum
1681 5016 1837 5077 enim
1858 5018 2018 5079 vadis
2038 5010 2167 5081 cum

526 5100 863 5164 adversario
890 5109 985 5160 tuo
1014 5099 1083 5159 ad
1124 5102 1550 5179 magistratum,
1594 5105 1654 5165 in
1682 5105 1771 5165 via
1803 5107 1876 5166 da
1900 5125 2165 5186 operam,

527 5199 591 5255 ut
612 5190 888 5253 libereris
913 5188 984 5248 ab
1016 5188 1143 5267 illo,
1180 5209 1253 5251 ne
1305 5191 1455 5253 forte
1489 5196 1786 5273 pertrahat
1817 5203 1871 5256 te
1900 5196 1970 5255 ad
1998 5196 2165 5275 judi-

524 5299 684 5354 cem,
719 5289 776 5341 et
797 5279 983 5359 judex
1014 5277 1207 5339 tradat
1239 5287 1293 5339 te
1325 5284 1605 5363 exactori,
1638 5293 1694 5345 et
1721 5293 1959 5345 exactor
1986 5285 2168 5364 conji-

524 5372 640 5433 ciat
670 5378 727 5430 te
774 5369 835 5429 in
866 5384 1194 5433 carcerem.
1247 5366 1395 5433 Dico
1444 5371 1571 5449 tibi,
1623 5392 1739 5434 non
1782 5372 1972 5435 exibis
2001 5374 2167 5451 inde,

526 5462 719 5521 donec
752 5457 1020 5520 ultimum
1078 5455 1253 5516 etiam
1305 5461 1598 5523 minutum
1649 5461 1887 5523 reddas.
1931 5487 1953 5519 ι
1996 5465 2169 5525 Post-

530 5563 704 5633 quam
769 5546 848 5609 de
906 5544 1327 5627 praedicatione
1382 5549 1687 5627 disseruit,
1746 5550 2062 5633 ignemque
2113 5562 2171 5616 et

2347 4508 2370 4541 α
2406 4472 2618 4563 ’Ἔλεγε
2663 4483 2716 4538 δὲ
2762 4496 2878 4547 τοῖς
2940 4480 3151 4561 ὄχλοις,
3216 4472 3391 4540 ΗΟτσ.ν
3451 4479 3602 4549 ἴδητε
3665 4483 3897 4559 νεφέλην

2255 4574 2641 4633 ἀνατέλλουσαν
2691 4573 2797 4629 ἀπο
2851 4569 3083 4646 δυσμῶν,
3138 4570 3325 4634 εύθέως
3371 4570 3574 4650 λέγετε,
3622 4571 3703 4627 δτι
3743 4563 3900 4647 (Ὀμ-

2255 4663 2377 4745 ὄρος
2426 4663 2663 4742 ἔρχεται,
2723 4663 2810 4718 καὶ
2880 4661 3075 4739 γίνεται
3140 4660 3302 4725 οὕτως
3336 4677 3351 4691 ⁶
3410 4663 3497 4716 καὶ
3554 4660 3680 4716 ὅταν
3752 4664 3903 4718 νότον

2255 4754 2499 4827 πνέοντα,
2564 4751 2744 4830 λέγετε
2825 4749 2905 4807 ὅτι
2989 4750 3209 4807 Καύσων
3278 4748 3447 4823 ἔσται,
3508 4750 3595 4805 καὶ
3668 4752 3900 4827 γίνεται,

2258 4834 2585 4921 Ὑποκριταὶ,
2642 4843 2702 4896 τὸ
2745 4840 3028 4919 πρόσωπον
3071 4843 3169 4905 τῆς
3226 4842 3329 4916 γῆς
3381 4839 3469 4894 καὶ
3523 4844 3614 4894 του
3677 4842 3905 4917 οὐρανοῦ

2254 4930 2434 4989 οἴδατε
2492 4929 2812 5005 δοκιμάζειν,
2875 4932 2965 4985 τὸν
3050 4928 3103 4983 δὲ
3174 4929 3361 5006 καιρὸν
3429 4934 3611 4984 τοῦτον
3664 4928 3789 4991 πῶς
3850 4932 3909 4986 οὗ

2252 5018 2611 5095 δοκιμάζετε;
2684 5018 2743 5075 Τί
2805 5016 2859 5072 δὲ
2917 5017 3005 5073 καὶ
3070 5016 3160 5096 ἀφ’
3212 5016 3408 5071 ἐαυτῶν
3467 5019 3527 5073 οὒ
3581 5018 3789 5093 κρίνετε
3850 5020 3909 5074 τὸ

2252 5106 2502 5179 δίκαιονς
2563 5100 2655 5171 Ὠς
2714 5107 2813 5186 γὰρ
2868 5108 3088 5183 ὑπάγεις
3161 5106 3293 5179 μετὰ
3351 5115 3441 5164 τοῦ
3498 5104 3763 5161 ἀντιδίκου
3813 5129 3909 5163 σου

2250 5197 2335 5254 ἐπ’
2396 5196 2657 5275 ἄρχοντα,
2721 5197 2775 5252 ἐν
2816 5202 2885 5273 τῇ
2941 5193 3044 5270 ὁδῷ
3100 5192 3186 5258 δὸς
3260 5193 3502 5272 ἐργασίαν
3547 5192 3910 5275 αττηλλάχθαι

2253 5286 2345 5342 ἀπ’
2402 5287 2582 5358 αὐτοῦ,
2636 5288 2712 5360 μή
2756 5306 2885 5341 ποτε
2941 5285 3206 5363 κατασύρῃ
3261 5303 3319 5339 σε
3361 5284 3492 5359 πρὸς
3546 5285 3637 5339 τὸν
3680 5288 3912 5362 κριτὴν,

2252 5375 2339 5430 καὶ
2422 5376 2450 5430 6
2523 5375 2705 5452 κριτὴς
2776 5396 2834 5430 σε
2903 5371 3121 5452 παραδῷ
3210 5378 3287 5446 τῷ
3355 5372 3632 5451 πράκτορι,
3706 5376 3806 5431 καὶ
3885 5380 3914 5432 6

2253 5462 2503 5541 πράκτωρ
2551 5484 2609 5520 σε
2677 5463 2816 5541 βάλῃ
2876 5466 2950 5526 εἷς
3002 5460 3241 5543 φυλακήν
3274 5476 3288 5491 ·
3342 5458 3484 5537 λέγω
3527 5483 3632 5535 σοι,
3698 5464 3762 5517 οὗ
3828 5468 3914 5539 μὴ

2256 5551 2466 5630 ἐξέλθῃς
2550 5552 2779 5631 ἐκεῖθεν,
2860 5554 2962 5618 ἔως
3032 5553 3089 5608 o6
3148 5551 3233 5609 καὶ
3288 5549 3349 5605 τὸ
3406 5548 3631 5631 ἔσχατον
3700 5551 3915 5619 λεπτὸν
