4132 6298
483 250 598 316 011

1466 254 2057 326 THEOPHYLACTI
2101 255 2509 322 ΒυιαΑιιῐιπ
2550 259 2885 324 ARCHIEP

3729 263 3883 340 912

492 407 786 478 tempore,
820 397 1157 458 nuntiantes
1184 395 1272 458 illi
1302 397 1378 459 de
1421 399 1677 464 Galilaeis
1706 424 1954 485 quorum
1988 431 2093 475 san

2178 390 2393 457 ιλοντες
2451 395 2593 470 αὒτῷ
2651 399 2768 475 περὶ
2820 404 2925 454 τῶν
2983 398 3299 470 Γαλιλαίων,
3351 401 3424 456 ὧν
3465 401 3527 456 τὸ
3571 402 3715 475 αἷμα
3762 408 3882 456 Πι-

489 488 732 567 guinem
755 485 984 550 Pilatus
1016 487 1337 548 miscuerat
1358 508 1489 548 rum
1515 493 1824 556 sacriﬁciis
1847 499 2130 579 ipsorum.

2219 483 2376 545 Αάτος
2408 483 2550 558 ἔμιξε
2596 487 2731 560 μετά
2773 488 2881 543 τῶν
2925 491 3114 544 θυσιῶν
3152 490 3323 545 αὒτῶν
3356 507 3370 522 ⁶
3427 493 3515 545 καὶ
3565 490 3879 567 ἀποκριθεὶς

487 575 558 668 ξι
580 576 959 668 respondens
987 575 1157 668 Iesus
1192 575 1352 668 digit
1375 577 1494 638 illis
1531 596 1543 640 :
1596 579 1818 645 Putatis
1866 570 2022 668 quod
2074 593 2092 650 l

2218 575 2245 627 6
2303 570 2505 638 Ἰησοῦς
2566 575 2720 632 εἶπεν
2780 576 2963 640 αὐτοῖς
2999 597 3012 610 ο
3078 588 3298 634 Δοκεῖτε
3346 579 3425 634 ὅτι
3483 581 3528 634 οἱ
3579 578 3873 635 Γαλιλαῖοι

490 662 715 727 Galilei
732 683 851 744 pra:
866 663 1104 758 cunctis
1116 663 1386 758 Gaelilaais
1399 677 1739 758 peccatores
1749 662 2093 758 fuerint,qui

2217 683 2355 716 ουτοι
2414 662 2716 740 ἁμαρτωλοὶ
2756 666 2897 742 παρὰ
2941 667 3141 730 πάντας
3183 668 3304 731 τοὺς
3363 666 3674 730 Γαλιλαίους
3731 668 3865 745 ἐγέ-

489 752 625 816 talia
651 755 806 834 passi
838 757 1024 816 sunt?
1051 756 1210 834 Non,
1248 754 1380 815 dico
1413 755 1619 819 vobis:
1654 759 1775 825 imo
1822 764 1936 825 nisi
1973 749 2092 828 resi

2217 771 2388 829 νοντο,
2462 749 2540 806 ὅτι
2611 752 2827 808 τοιαῦτα
2871 755 3235 830 πεπόνθασινς
3299 757 3454 835 Οὐχὶ,
3518 755 3659 832 λέγω
3699 757 3861 834 ὑμῖν,

488 843 757 920 pueritis,
793 860 1001 904 omnes
1031 842 1304 905 similiter
1333 843 1624 922 peribitis.
1658 848 1774 909 Aut
1803 852 1891 914 illi
1919 853 2126 916 decem

2213 836 2332 932 ἀλλ’
2395 838 2484 894 ἐὰν
2540 841 2617 914 μῆ
2663 847 2978 921 μετανοῆτε,
3035 844 3228 908 πάντες
3259 846 3504 907 ὡσαύτως
3536 845 3856 902 ἀπολεῖσθε.

485 941 544 994 et
574 941 707 995 octo
729 918 909 1014 supra
939 918 1526 1021 quosceciditturris
1547 935 1608 995 in
1639 936 1891 1021 Siloe,et
1912 944 2093 1005 occidi

2215 918 2297 983 "II
2347 927 2540 983 ἐκεῖνοι
2583 931 2630 984 οἱ
2675 927 2797 984 δέκα
2829 934 2914 986 καὶ
2945 918 3106 1011 όκτὼ,
3139 932 3222 1013 ἐφ’
3254 935 3341 996 οὓς
3375 932 3557 989 ἔπεσεν
3587 937 3614 988 6
3645 935 3857 1011 πάργος

485 1038 610 1098 eos,
646 1013 864 1102 putatis
893 1013 1050 1100 quod
1082 1019 1383 1083 debitores
1426 1022 1646 1084 fuerint
1685 1013 1839 1088 ultra
1885 1042 2093 1094 cuncto

2210 1013 2265 1068 ἐν
2312 1022 2389 1088 τῷ
2446 1015 2691 1093 Σιλωὰμ,
2751 1020 2837 1074 καὶ
2893 1019 3187 1077 ἐπέκτεινεν
3231 1024 3414 1085 αὐτούς
3453 1039 3465 1052 ·
3511 1020 3720 1079 δοκεῖτε
3769 1023 3855 1078 ὅτι

482 1109 756 1172 homines
785 1110 1119 1171 habitantes
1139 1109 1523 1190 Jerosolymis
1547 1111 1577 1170 ?
1606 1114 1760 1191 Non,
1782 1118 1916 1179 dico
1936 1121 2123 1197 vobis,

2211 1110 2352 1159 οὗτοι
2413 1103 2678 1183 ὀφειλέται
2747 1107 2987 1184 ὶγένοντο
3067 1112 3206 1188 παρὰ
3270 1112 3460 1174 πάντες
3545 1111 3856 1190 ἀνθρώπως

478 1199 600 1260 imo
624 1201 737 1260 nisi
780 1198 1174 1278 resipueritis,
1219 1188 1428 1260 omnes
1457 1188 2052 1283 similiter—peribitis.

2208 1193 2327 1254 τοὺς
2372 1201 2747 1257 κατοικοῦντας
2792 1196 2845 1250 ἐν
2896 1188 3236 1275 Ἰερουσαλήμ
3271 1221 3287 1274 ς
3323 1201 3482 1280 Οὐχὶ,
3512 1199 3652 1278 λέγω
3691 1202 3858 1280 ὑμῖν,

479 1287 660 1349 ludas
691 1286 986 1386 Galilaaus,
1018 1287 1185 1366 cujus
1214 1295 1273 1347 et
1319 1287 1380 1385 in
1409 1288 1587 1387 Actis.
1606 1289 1737 1368 ipse
1761 1278 2093 1387 evangelist.

2207 1278 2327 1335 ἀλλ’
2372 1281 2461 1337 ἐὰν
2500 1285 2578 1357 μὴ
2637 1290 2951 1365 μετανοῆτε,
2985 1291 3178 1350 πάντες
3224 1291 3420 1362 ὁμοίως
3451 1278 3766 1349 ἀπολεῖσθε.
3817 1278 3848 1343 ἰ

2208 1366 2339 1387 ...s
2466 1370 2771 1387 ...κεν
2924 1376 3108 1387 _..
3350 1375 3483 1387 _..

480 1382 686 1437 noster
715 1375 1011 1456 meminit,
1042 1393 1176 1436 cum
1229 1381 1286 1434 et
1333 1374 1462 1455 ipse
1513 1366 1874 1457 aliquantum
1912 1366 2086 1447 doctu

2208 1366 2404 1432 ’[ούδας
2460 1372 2487 1425 6
2546 1370 2855 1447 Γαλιλαῖος,
2891 1382 2949 1429 οὖ
2981 1376 3066 1430 καὶ
3097 1378 3152 1431 ἓν
3195 1389 3314 1439 ταῖς
3350 1375 3596 1454 Πράξεσιν
3629 1379 3656 1432 ὁ
3686 1380 3851 1437 αὒτὸς

477 1472 641 1524 esset
665 1465 725 1524 in
751 1465 901 1543 lege,
939 1463 1140 1554 docuit
1163 1464 1338 1554 etiam
1363 1463 1512 1524 alios
1542 1463 1810 1529 Galilaeos
1840 1488 1948 1533 suo
1979 1474 2118 1554 dog-

2202 1460 2351 1518 οῠτος
2413 1456 2791 1535 εύαγγελιστῆς
2850 1461 3141 1536 μέμνηται,
3175 1465 3479 1540 νομομαθῆς
3536 1463 3686 1531 δῆθεν
3742 1468 3845 1540 ὢν,

474 1553 616 1614 mati
647 1541 974 1615 adhaerere.
1008 1550 1268 1614 Docebat
1311 1561 1506 1613 autem
1555 1572 1749 1634 neque
1790 1577 1896 1620 ore
1946 1541 2093 1624 tanti:

2200 1541 2376 1598 ἔπεισε
2408 1544 2635 1611 πολλοὺς
2694 1550 2780 1604 καὶ
2839 1548 3029 1613 ἄλλους
3075 1550 3377 1617 Γαλιλαίους
3435 1556 3845 1632 συνεπαχθῆναι

471 1639 783 1703 ferendum
817 1640 1001 1702 ullum
1034 1640 1276 1701 omnino
1308 1639 1610 1702 hominem
1643 1633 1782 1704 384
1804 1646 2093 1712 dominun

2198 1640 2273 1706 τῷ
2332 1635 2488 1691 αὐτοῦ
2543 1633 2786 1714 δόγματι,
2871 1637 3213 1717 Ἐδογμάτιζε
3271 1641 3325 1698 δὲ
3382 1642 3582 1718 μηδένα
3631 1645 3840 1723 ἀνθρώ-

473 1727 616 1805 dici,
651 1749 849 1810 neque
879 1729 1123 1791 honoris
1147 1729 1237 1789 vel
1265 1729 1571 1791 modestiae
1592 1734 1795 1815 gratia,
1834 1745 1892 1797 et
1926 1756 2003 1800 ne
2023 1759 2093 1802 re

2197 1745 2310 1778 πων
2372 1722 2508 1799 μηδὲ
2554 1725 2716 1806 μέχρι
2747 1728 3010 1792 στόματος
3069 1730 3348 1810 ἀνέχεσθαι
3402 1730 3573 1810 λέγειν
3622 1722 3840 1813 Κύριον,

471 1834 602 1897 gem
636 1809 876 1898 quidem
909 1820 1124 1898 ipsum.
1169 1816 1338 1881 Unde
1370 1825 1428 1878 et
1460 1820 1630 1879 multi
1676 1809 1938 1901 ipsorum
1973 1847 2093 1906 pro-

2199 1809 2333 1886 μηδὲ
2393 1816 2528 1871 κατά
2583 1838 2699 1871 τινα
2743 1817 2905 1892 τιμῆν
2949 1822 3034 1874 καὶ
3082 1809 3488 1899 φιλοφροσύνην,
3519 1820 3643 1896 μηδ’
3678 1809 3840 1878 αὖτὸν

472 1914 674 1985 pterea
715 1907 872 1988 quod
924 1906 1215 1968 Caesarem
1270 1925 1390 1966 non
1446 1907 1719 1970 dicerent
1773 1911 2109 1998 dominum,

2195 1901 2286 1955 τὸν
2341 1901 2683 1977 βασιλεύοντα
2719 1920 2732 1933 ⁸
2790 1905 2906 1961 ὅθεν
2959 1909 3044 1962 καὶ
3089 1906 3273 1964 πολλοί
3301 1931 3361 1987 γε
3393 1912 3560 1966 αὐτῶν
3589 1910 3716 1988 ὑπὲρ
3745 1911 3841 1967 τοῦ

467 1995 719 2072 graviter
766 1994 1171 2056 feriebantur:
1227 1994 1326 2074 qui
1369 2001 1427 2055 et
1476 1996 1768 2060 docebant
1813 2020 1931 2063 non
1980 2023 2093 2067 esse

2197 1989 2273 2063 μῆ
2333 1991 2502 2046 εἰπεῖν
2560 1993 2739 2068 κύριον
2809 1997 2901 2050 τὸν
2961 1999 3194 2075 Καίσαρα
3249 1997 3504 2078 χαλεπῶς
3561 2001 3836 2078 ᾐκίζοντο,

467 2083 772 2146 oﬂ‘erenda
801 2083 1096 2146 sacriﬁcia
1126 2091 1342 2163 praeter
1382 2103 1451 2145 ea
1479 2103 1608 2164 quae
1651 2105 1685 2147 a
1714 2087 1873 2151 Mose
1913 2110 2086 2155 essen

2195 2078 2247 2132 οἰ
2301 2079 2387 2134 καὶ
2445 2077 2710 2137 ἐδίδασκον
2767 2081 2929 2156 μηδὲν
2983 2086 3123 2163 παρά
3175 2087 3268 2148 τὰς
3323 2084 3730 2166 διατεταγμένας

463 2175 808 2238 constituta.
831 2173 1094 2255 Ideoque
1118 2173 1512 2253 prohibebant
1536 2194 1605 2236 ea
1617 2196 1747 2256 qua;
1759 2197 1865 2258 pro
1881 2183 2093 2246 Cresam

2193 2172 2379 2222 Μωσεῖ
2434 2170 2608 2232 θυσίας
2641 2169 2752 2226 δεῖν
2809 2172 3151 2251 ἀναφέρεσθαι
3187 2191 3201 2205 ⁸
3239 2173 3418 2254 διόπερ
3448 2174 3680 2232 ἐκώλυον
3735 2180 3834 2239 τὰς

463 2269 521 2322 et
549 2261 951 2326 Romanorum
979 2274 1156 2341 gente
1187 2263 1402 2324 ﬁerent
1424 2265 1731 2328 sacriﬁcia.
1768 2268 2107 2333 Verisimile

459 2349 642 2428 igitur
665 2352 914 2412 Pilatum
946 2351 1023 2411 ob
1055 2350 1179 2411 haec
1210 2349 1614 2429 indignantem
1635 2354 1887 2432 jussisse
1913 2361 2104 2422 occidi

461 2436 738 2500 Galilaaos
765 2439 900 2500 illos
929 2457 1112 2519 super
1139 2439 1429 2501 sacriﬁcia
1456 2458 1585 2519 qua:
1617 2442 1689 2502 ab
1720 2445 1806 2504 eis
1822 2447 2099 2525 prohibe-

464 2525 684 2588 bantur
717 2528 848 2590 ﬁeri
878 2547 982 2607 pro
1014 2528 1422 2589 Romanorum
1449 2538 1648 2610 gente,
1683 2540 1742 2591 et
1771 2533 1849 2593 ita
1871 2538 2103 2614 sangui-

459 2632 596 2676 nem
629 2634 836 2678 eorum
886 2616 1268 2677 commisceri
1318 2618 1591 2696 sanguini
1641 2620 2094 2689 sacriﬁciorum.

455 2703 968 2767 Annuntiaverunt
1015 2705 1195 2784 igitur
1239 2704 1478 2785 quidam
1532 2706 1659 2768 haec
1707 2706 1995 2774 Salvatori
2035 2725 2097 2774 ut

455 2792 654 2873 aliqua
683 2812 756 2855 ex
789 2804 954 2876 parte
983 2794 1080 2876 pie
1111 2795 1282 2867 facta,
1317 2795 1582 2856 volentes
1615 2814 1718 2877 per
1749 2797 1863 2860 hoc
1894 2800 2098 2863 dicere

453 2883 593 2962 quid
616 2883 677 2944 in
701 2903 770 2945 eo
785 2883 900 2945 sibi
924 2882 1504 2964 placeret.Putabant
1524 2885 1680 2945 enim
1701 2887 1937 2966 quidam
1962 2889 2096 2951 illos

442 2969 773 3049 justissima
795 2991 1022 3054 passos,
1047 2979 1250 3052 utpote
1280 2982 1621 3052 peccatores
1659 2984 1719 3035 et
1752 2976 2091 3059 seditiosos,

2189 2255 2319 2333 ὑπὲρ
2374 2263 2465 2312 τοῦ
2522 2258 2780 2337 Καίσαρος
2852 2263 2933 2316 καὶ
3003 2268 3095 2317 τοῦ
3154 2253 3424 2338 Ῥωμαίων
3483 2265 3656 2327 ἔθνους
3687 2289 3832 2343 γινο-

2188 2343 2351 2417 μένας
2407 2347 2605 2408 θυσίας.
2664 2349 2818 2410 Εἰκὸς
2879 2358 2968 2407 οὖν
3037 2349 3121 2406 ἐπὶ
3177 2353 3378 2415 τούτοις
3429 2353 3825 2430 ἀγανακτοῦντα

2186 2435 2276 2487 τὸν
2336 2432 2563 2490 Πιλάτον
2619 2435 2865 2493 κελεῦσαι
2910 2441 3029 2503 τοὺς
3090 2440 3396 2505 Γαλιλαίους
3437 2445 3649 2501 τούτους
3684 2443 3823 2499 ἀποο

2184 2521 2501 2600 σφάττεσθαι
2556 2523 2680 2603 παρ’
2742 2528 2930 2589 αὐταῖς
3002 2527 3066 2594 δὴ
3120 2543 3238 2594 ταῖς
3297 2532 3489 2595 θυσίαις
3560 2546 3680 2593 ταῖς
3732 2530 3820 2588 ὑπ’

2181 2609 2349 2667 αὐτῶν
2406 2611 2766 2688 κωλυομέναις
2823 2616 2951 2696 ὑπὲρ
3004 2623 3096 2673 τοῦ
3147 2609 3418 2692 Ῥωμαίων
3450 2620 3623 2684 ἔθνους
3670 2621 3817 2699 γίνε-

2179 2701 2319 2774 σθαι,
2379 2699 2514 2756 ὥστε
2559 2701 2881 2780 ἀναμιγῆναι
2932 2707 2993 2759 τὸ
3047 2707 3189 2779 αἷμα
3251 2711 3419 2765 αὐτῶν
3461 2715 3538 2782 τῷ
3579 2715 3685 2763 τῶν
3725 2715 3819 2764 θυ-

2183 2794 2308 2843 σιῶν
2354 2789 2566 2863 α’ίματι.
2601 2787 2969 2868 Ἀπήγγελλον
3001 2805 3086 2852 οὖν
3137 2816 3275 2858 τινες
3316 2796 3479 2851 ταῦτα
3508 2803 3583 2870 τῷ
3613 2803 3818 2874 Σωτῆρι

2180 2877 2252 2939 ὡς
2307 2876 2433 2955 ὑπὲρ
2508 2876 2773 2943 εὐσεϐείας
2829 2881 2981 2947 δῆθεν
3037 2885 3318 2961 γινόμενα,
3395 2883 3697 2960 βουλόμενοι
3754 2889 3814 2940 τὸ

2179 2963 2261 3021 ἐπὶ
2313 2967 2514 3029 τούτοις
2593 2967 2811 3045 ἀρέσκον
2883 2976 3025 3044 αύτῷ
3101 2975 3314 3046 μαθεῖν,
3397 2971 3662 3050 Ἐνόμιζον
3714 2976 3814 3052 γάρ

447 3067 506 3118 et
536 3052 835 3124 irritante's
855 3062 1109 3124 Pilatum
1136 3061 1198 3122 in
1225 3059 1803 3140 odiumJudaaorum,
1839 3083 1909 3127 eo
1934 3052 2090 3147 quod

2178 3074 2312 3116 τινες
2372 3052 2677 3111 δικαιότατα
2727 3059 2912 3122 αὐτοὺς
2943 3063 3131 3116 παθεῖν
3183 3063 3257 3122 ὡς
3303 3062 3670 3141 ἁμαρτωλοὺς,
3728 3063 3816 3120 ἅτε

451 3150 744 3227 urgebant
761 3153 1051 3214 Caesarem
1073 3169 1193 3211 non
1214 3150 1632 3230 appellandum
1655 3152 1962 3214 dominum
1993 3177 2006 3218 :
2032 3155 2092 3217 id

449 3237 607 3316 quod
637 3240 700 3301 in
723 3241 902 3301 totius
922 3239 1261 3302 Iudaeorum
1293 3238 1485 3316 gentis
1513 3240 1957 3304 incommodum
1988 3262 2093 3306 ce-

448 3327 650 3389 debat.
684 3329 867 3410 lgitur
897 3329 1166 3390 Salvator
1189 3345 1308 3387 non
1340 3345 1562 3406 negans
1590 3347 1692 3389 eos
1711 3347 1845 3391 esse
1875 3349 2093 3410 pecca-

454 3420 634 3492 tores,
671 3419 816 3480 dicit
835 3437 953 3479 non
984 3417 1149 3497 ipsos
1171 3434 1374 3496 passos
1405 3434 1535 3477 esse
1555 3417 1722 3496 quasi
1749 3428 1945 3480 essent
1975 3440 2095 3482 ma-

444 3505 606 3582 jores
633 3517 981 3586 peccatores
1010 3506 1081 3564 iis
1104 3506 1206 3581 qui
1235 3502 1381 3563 nihil
1413 3504 1569 3582 passi
1600 3513 1754 3565 sunt.
1789 3504 1915 3567 Nisi
1934 3507 2092 3568 enim

453 3600 514 3653 et
541 3612 642 3654 vos
672 3594 1065 3676 resipueritis,
1089 3601 1155 3654 et
1173 3610 1207 3652 a
1227 3590 1615 3652 seditionibus
1638 3593 1916 3654 intestina
1937 3596 2094 3658 bella

451 3685 887 3745 succendentes
918 3681 1317 3758 cessaveritis,
1346 3688 1405 3740 et
1442 3682 1628 3742 Deum
1653 3681 1935 3760 operibus
1961 3685 2092 3764 pla-

451 3790 587 3833 care
619 3770 1330 3848 festinaveritis,graviora
1354 3770 1680 3849 patiemini.
1707 3770 1836 3831 Non
1861 3783 2093 3852 Oportet

451 3861 613 3922 enim
646 3871 934 3943 praetextu
967 3858 1199 3940 pietatis
1229 3875 1392 3918 suam
1425 3857 1672 3936 gloriam
1706 3877 1996 3938 quaerere,
2034 3873 2091 3924 et

450 3948 759 4013 intestinas
788 3949 1114 4012 seditiones
1164 3946 1440 4008 excitare.
1500 3948 1685 4008 Porro
1735 3949 1913 4009 turris
1961 3970 2090 4031 qua;

450 4040 750 4103 ceciderat
795 4041 857 4101 in
906 4037 1088 4112 Siloe,
1135 4035 1486 4116 praesagium
1536 4045 1662 4096 erat
1698 4053 1902 4098 eorum
1957 4059 2086 4119 quae

451 4138 656 4209 postea
677 4131 893 4212 populo
911 4136 1196 4188 eventura
1213 4133 1380 4186 erant
1404 4145 1416 4187 :
1441 4143 1545 4205 per
1566 4144 1784 4205 paucos
1806 4127 1966 4188 enim
1984 4129 2085 4209 qui

451 4225 590 4281 tunc
622 4221 927 4301 perierunt
957 4215 1170 4278 multos
1200 4213 1530 4289 erudiebat,
1557 4216 1713 4294 quod
1737 4225 1796 4275 et
1814 4215 1927 4296 ipsi
1947 4235 2081 4294 gra-

449 4309 612 4371 viora
641 4318 841 4373 essent
872 4305 1118 4388 passuri.
1168 4301 1371 4364 Turris
1417 4302 1574 4363 enim
1627 4304 1802 4365 totius
1833 4304 2082 4368 civitatis

449 4399 634 4479 ﬁgura
666 4409 753 4461 est
778 4421 790 4462 :
824 4397 1103 4458 atdecem
1124 4398 1186 4455 et
1214 4400 1345 4453 octo
1368 4391 1474 4467 illi,
1505 4391 1680 4452 totius
1702 4391 2080 4471 populi.Cum

451 4490 610 4550 enim
642 4489 753 4550 sub
802 4486 935 4549 Tito
984 4482 1191 4544 civitas
1239 4489 1461 4558 rueret,
1495 4481 1689 4540 omnis
1733 4481 1988 4560 populus
2016 4483 2077 4544 in

447 4577 862 4639 incredulitate
898 4587 1254 4652 permanens
1297 4568 1471 4628 simul
1513 4569 1709 4648 periit.
1743 4567 1830 4629 Sit
1873 4578 1930 4630 et
1968 4571 2081 4632 hoc

456 4667 630 4728 nobis
648 4670 706 4726 in
724 4667 818 4728 his
838 4680 968 4744 quae
987 4657 1250 4740 quotidie
1277 4657 2077 4730 eveniunt,admonitio.Cum

446 4757 606 4817 enim
638 4754 877 4836 quidam
911 4750 974 4812 in
1005 4744 1681 4836 tentationesincidunt,
1717 4744 1889 4806 nobis
1911 4756 2075 4808 extra

446 4832 830 4910 tentationem
855 4837 1166 4919 positis,ne
1180 4852 1286 4894 nos
1297 4832 1754 4894 sollicitudinem
1771 4841 1827 4893 et
1849 4841 2070 4919 metum

2177 3140 2358 3198 στάσιν
2443 3145 2783 3224 κινήσαντας,
2847 3149 2933 3203 καὶ
3023 3151 3110 3206 τὸν
3187 3140 3425 3207 Πιλάτον
3492 3152 3818 3228 ἐρεθίσαντας

2177 3231 2262 3286 ἐπὶ
2317 3237 2395 3304 τῷ
2449 3246 2626 3308 μισεῖν
2695 3236 2816 3298 τοὺς
2877 3234 3153 3303 Ἰουδαίους
3188 3257 3203 3272 ο
3277 3241 3311 3306 ἡ
3357 3242 3455 3319 γὰρ
3509 3243 3678 3298 αὐτῶν
3722 3243 3810 3297 ἑν-

2178 3342 2358 3383 στασις
2403 3323 2436 3388 ἡ
2477 3322 2604 3400 ὑπὲρ
2646 3330 2740 3379 τοῦ
2780 3324 2858 3399 μὴ
2902 3323 3088 3381 καλεῖν
3150 3329 3240 3382 τὸν
3307 3329 3538 3407 Καίσαρα
3612 3332 3802 3408 κύριον,

2176 3410 2372 3472 παντὸς
2429 3416 2522 3466 τοῦ
2576 3409 2748 3474 ἔθνους
2804 3418 2908 3468 τῶν
2940 3410 3202 3470 Ἰουδαίων
3252 3415 3475 3482 ἥπτετο.
3525 3411 3583 3474 Ὀ
3639 3420 3804 3474 τοίνυν

2177 3498 2365 3575 Σωτὴρ
2419 3500 2479 3554 τὸ
2537 3499 2636 3573 μὲν
2685 3500 2826 3556 εἶναι
2857 3501 3043 3564 αὐτοὺς
3100 3503 3443 3582 ἁμαρτωλοὺς
3475 3506 3570 3562 οὒκ
3622 3508 3801 3584 ἀρνεῖ-

2174 3608 2282 3660 ται,
2344 3589 2403 3642 ού
2432 3588 2540 3662 μήν
2570 3610 2700 3668 φησι
2730 3591 2890 3646 ταῦτα
2920 3593 3233 3649 πεπονθέναι
3266 3596 3449 3658 αὐτοὺς
3507 3598 3579 3660 ὡς
3629 3599 3799 3674 duap-

2172 3673 2491 3754 τωλοτέρους
2545 3684 2650 3732 τῶν
2710 3676 2911 3734 λοιπῶν
2979 3685 3084 3734 τῶν
3154 3683 3231 3757 μῆ
3286 3686 3625 3741 πεπονθότων
3659 3704 3673 3717 '
3719 3687 3802 3742 ἐὰν

2173 3765 2272 3843 γὰρ
2341 3766 2429 3820 καὶ
2456 3766 2611 3840 ὑμεῖς
2643 3767 2720 3841 μῆ
2751 3770 3140 3844 μετανοήσητε,
3171 3773 3259 3828 καὶ
3288 3772 3536 3851 ἀφέμενοι
3567 3777 3658 3830 τοῦ
3687 3797 3804 3831 στα-

2173 3855 2366 3924 σιάζειν
2415 3856 2502 3909 καὶ
2532 3854 2810 3934 ἐμφυλίους
2858 3858 3042 3937 μάχας
3090 3859 3360 3930 ἀνάπτειν,
3395 3865 3525 3918 Θεὸν
3566 3879 3683 3929 τοῖς
3713 3865 3800 3942 ἔρ-

2171 3964 2284 4020 γοις
2341 3945 2644 4020 θεραπεύειν
2711 3946 2994 4025 σπεύσητε,
3066 3949 3282 4026 χείρονα
3359 3952 3595 4008 πείσεσθε
3634 3970 3646 3982 ’
3721 3952 3801 4009 δεῖ

2170 4032 2269 4108 γὰρ
2326 4032 2403 4106 μῆ
2460 4033 2716 4110 προφάσει
2761 4031 3020 4099 εὐσεϐείας
3062 4034 3215 4101 δόξαν
3271 4039 3480 4120 ἑαυτοῖς
3534 4046 3796 4120 περιεθέν-

2164 4142 2282 4196 τας,
2342 4123 2414 4183 εἰς
2467 4120 2746 4201 ἐμφυλίους
2803 4123 3010 4183 στάσεις
3070 4125 3362 4189 ἀπονεύειν,
3414 4119 3469 4184 Ὀ
3496 4127 3551 4184 δὲ
3603 4119 3795 4210 πύργος

2165 4213 2193 4265 6
2245 4210 2421 4265 πεσὼν
2472 4209 2526 4265 ἐν
2571 4217 2646 4284 τῷ
2677 4210 2920 4286 Σιλωὰμ,
2979 4210 3173 4290 δεῖγμα
3229 4215 3295 4282 ῆν
3323 4221 3429 4271 τῶν
3473 4219 3607 4292 μετά
3635 4209 3792 4279 ταῦτα

2165 4297 2581 4374 συμϐησομένων
2637 4306 2713 4373 τῷ
2753 4298 2864 4372 λαῷ
2890 4316 2904 4330 '
2954 4298 3036 4356 διὰ
3065 4303 3164 4380 γὰρ
3194 4309 3299 4360 τῶν
3329 4304 3448 4361 τότε
3497 4306 3790 4386 ἀναιρεθέν-

2163 4409 2268 4443 των
2317 4386 2507 4465 ὀλίγων
2555 4388 2676 4452 τοῖος
2731 4387 2958 4452 πολλοὺς
3015 4389 3333 4467 ἐπαίδευσεν,
3388 4393 3467 4449 ὅτι
3526 4397 3612 4451 καὶ
3653 4400 3792 4455 αὐτοὶ

2161 4478 2226 4532 τὰ
2287 4477 2454 4556 χείρω
2500 4477 2768 4532 πείσονται
2795 4493 2808 4507 ·
2859 4481 2886 4533 6
2918 4478 3015 4552 μὲν
3059 4481 3158 4558 γὰρ
3188 4481 3383 4560 πύργος
3410 4488 3508 4549 τῆς
3540 4483 3673 4551 ὅλης
3700 4490 3793 4542 πό-

2163 4565 2296 4628 λεως
2354 4565 2462 4622 ἐστι
2514 4566 2865 4643 προτύπωσις.
2930 4570 2975 4622 οἱ
3027 4565 3081 4622 δὲ
3111 4567 3234 4623 δέκα
3259 4572 3345 4625 καὶ
3374 4571 3516 4628 ὀκτὼ
3542 4583 3634 4632 τοῦ
3674 4575 3794 4632 ὅλου

2163 4654 2361 4718 ἔθνους.
2416 4656 2685 4718 Πεσούσης
2742 4662 2831 4710 οὖν
2886 4656 2982 4723 τῆς
3054 4655 3260 4721 πόλεως
3318 4662 3415 4715 ὕπὸ
3471 4662 3647 4743 Τίτου,
3691 4671 3791 4721 πᾶν

2159 4747 2220 4800 τὸ
2269 4744 2411 4806 ἔθνος
2496 4742 2831 4800 συναπώλετο
2897 4751 2965 4821 τῇ
3034 4746 3248 4819 ἀπιστίᾳ
3332 4742 3785 4824 ἐναπομείναντες.

2158 4840 2321 4889 Τοῦτο
2365 4831 2501 4888 ἔστω
2559 4834 2694 4908 ἡμῖν
2739 4835 2868 4912 πρός
2911 4835 3080 4890 πάντα
3129 4835 3194 4890 τὰ
3234 4836 3349 4892 καθ’
3381 4838 3578 4914 ἡμέραν
3622 4864 3784 4920 προσ-

443 4944 506 4997 ut
517 4938 661 5016 justi
685 4918 1053 5011 abjiciamus,
1079 4923 1247 5004 quasi
1269 4929 1543 5016 tanquam
1569 4921 1715 5000 justi
1746 4940 1863 5016 non
1881 4918 2071 5016 -simus

2178 4924 2412 4979 πίπτοντα
2462 4923 2720 4980 νουθεσία.
2798 4923 2882 4977 Μίκ
2958 4924 3056 5000 γὰρ
3132 4922 3313 4994 ἐπειδή
3376 4949 3515 4990 τινες
3572 4918 3777 5008 περιπί.

440 5010 684 5087 obnoxii
702 5041 715 5086 :
732 5010 840 5084 sed
861 5016 1144 5078 ediverso
1163 5010 1346 5090 magis
1358 5012 1677 5071 doceamur
1693 5011 1847 5090 quod
1877 5011 1938 5071 in
1957 5012 2072 5073 hoc
2151 5035 2368 5070 πτουσιν
2394 5057 2408 5086 ,

2779 5012 3107 5091 ἀπειράστων
3209 5014 3773 5096 καταλιμπανομὲνων,

2518 5013 2672 5085 ἡμῶν

439 5116 759 5195 puniantur
792 5110 898 5184 illi,
933 5113 997 5166 ut
1042 5121 1149 5164 nos
1197 5100 1872 5200 melioresoefﬁciamurf
1907 5101 2066 5201 quod

2178 5101 2253 5170 ,δη
2310 5109 2464 5157 τοῦτο
2514 5102 2649 5174 ἡμῖν
2703 5101 2772 5165 εἷς
2848 5101 3158 5180 ἀμεριμνίαν
3215 5102 3450 5172 παντελῆ
3509 5105 3665 5184 ἔστω,
3699 5108 3772 5165 ὅτι

435 5188 618 5267 sinos
647 5200 1013 5280 negligentes
1042 5193 1347 5265 fuerimus,
1377 5189 1668 5271 patiemur
1696 5190 2062 5268 gravissima.

2178 5215 2222 5255 ›ς
2282 5190 2470 5246 δίκαιοι
2514 5188 2816 5261 ἀπείραστοι
2869 5189 3397 5280 καταλιμπανόμεθα,
3461 5193 3597 5251 ἀλλὰ
3652 5199 3773 5255 ἑοῖ)-

436 5298 640 5352 ναντίον
665 5277 869 5370 μέλλον
898 5283 1273 5364 παιδευόμεθα,
1306 5284 1385 5338 ὅτι
1446 5283 1532 5337 ἐπὶ
1563 5283 1732 5353 τούτῳ
1773 5281 2082 5353 κολάζονται
2130 5284 2352 5352 ἐκεῖνοι,
2382 5277 2477 5335 ἵνα
2505 5281 2667 5354 ἡμεῖς
2696 5277 3088 5359 βελτιωθῶμεν,
3129 5282 3174 5336 εἷ
3203 5278 3258 5337 δὲ
3285 5283 3386 5360 μὴ,
3432 5285 3496 5340 τὰ
3538 5288 3772 5365 χείριστα

426 5388 734 5459 πεισόμεθα.

509 5473 692 5536 VEns.
718 5472 842 5531 6-0.
868 5491 890 5520 ι
916 5465 1162 5528 Dicebat
1181 5473 1239 5526 et
1259 5464 1410 5524 hanc
1431 5459 1881 5522 similitudinem
1908 5481 1922 5521 :
1947 5460 2061 5522 Ar-

2231 5484 2259 5515 ιι
2292 5457 2503 5536 ’Ἔλεγε
2532 5455 2586 5511 δὲ
2615 5457 2811 5524 ταύτην
2837 5458 2938 5525 τὴν
2958 5455 3287 5536 παραϐολήν
3328 5466 3505 5528 Συκῆν
3541 5463 3670 5543 εἶχέ
3697 5485 3773 5527 τις

429 5559 637 5624 berem
663 5559 762 5621 ﬁci
781 5554 1040 5619 habebat
1057 5554 1298 5636 quidam
1322 5554 1639 5632 plantatam
1663 5552 1720 5612 in
1741 5549 1919 5612 vinea
1932 5567 2061 5632 sua,

2178 5573 2200 5605 ν
2228 5554 2305 5622 τῷ
2353 5545 2626 5623 ἀμπελῶνι
2679 5547 2836 5604 αὑτοῦ
2888 5546 3304 5626 πεφυτευμένην,
3364 5550 3451 5607 καὶ
3498 5550 3624 5618 ἦλθε
3675 5559 3768 5624 ζη-
