4132 6298
340 433 465 498 913

1064 441 1508 504 ENARRATIO
1553 441 1634 502 IN
1685 434 2191 502 EVANGELIUM
2238 435 2476 496 LUCIE.
2515 467 2592 479 —
2634 434 2797 496 CAP.
2823 432 2990 495 XIII.

3581 421 3701 488 οη

341 577 443 626 τῶν
494 575 694 652 καρπὸν
749 575 803 630 ἐν
859 580 1013 653 αὐτῇ,
1063 577 1152 631 καὶ
1194 575 1298 654 οὔχ
1341 575 1484 652 εὗρεν
1518 591 1532 605 ⁸
1580 573 1704 630 εἰπε
1749 571 1804 628 δὲ
1848 572 1961 649 πρὸ‹

2062 571 2297 633 etvenit
2326 590 2597 652 quaerens
2647 572 2900 632 fructum
2933 568 2994 629 in
3022 566 3144 647 illa,
3179 573 3252 654 et
3275 583 3394 626 non
3439 562 3687 654 invenit.

337 661 425 715 τὸν
479 662 844 742 ἀμπελουργόν
881 684 894 700 ·
957 663 1089 722 Ἰδοὺ
1166 665 1282 744 τρία
1360 664 1454 730 ἔτη
1510 663 1739 742 ἔρχομαι
1802 667 1975 732 ζητῶν

337 753 536 827 καρπὸν
586 752 639 807 ἐν
697 760 763 829 τῇ
825 760 956 829 συκῇ
998 755 1184 830 ταύτῃ,
1236 755 1322 810 καὶ
1351 755 1453 833 οὑχ
1496 753 1712 830 εὑρίσκω
1746 769 1759 782 ⁸
1815 751 1973 833 ξκκο-

335 841 425 910 ψιν
486 841 670 920 αὖιὴν,
729 841 822 897 ἵνα
876 843 927 898 τί
980 845 1068 900 καὶ
1124 844 1218 910 τὴν
1282 844 1384 919 γῆν
1461 853 1766 919 καταργετς
1818 831 1874 896 Ὀ
1920 837 1971 893 δὲ

332 924 627 1005 ἀπεκριθεὶς
713 927 855 1006 λέγει
938 931 1078 1004 αὐτῷ
1112 947 1125 960 ⁸
1201 929 1383 1008 Κύριε,
1462 929 1588 1007 ἄφες
1659 930 1821 994 αὐτὴν
1886 929 1972 983 καὶ

334 1021 485 1070 τοῦτο
539 1018 600 1071 τὸ
653 1017 794 1097 ἔτος,
867 1019 967 1084 ἕως
1038 1018 1159 1075 ὅτου
1245 1020 1436 1094 σκάψω
1505 1021 1621 1097 περὶ
1673 1018 1832 1085 αὐτὴν
1887 1019 1974 1072 καὶ

328 1101 478 1175 βκλῶ
559 1109 772 1183 κοπρίᾳ,
836 1107 934 1162 κᾶν
1021 1107 1115 1182 μὲν
1198 1109 1399 1184 ποιήσῃ
1469 1105 1666 1186 καρπόν
1703 1125 1719 1142 ⁶
1806 1108 1849 1160 εἰ
1919 1104 1972 1160 δὲ

330 1192 495 1269 μήγε,
559 1194 630 1256 εἰς
683 1196 743 1249 τὸ
819 1194 1014 1269 μέλλον
1085 1196 1330 1271 ἐκκόψεις
1402 1197 1584 1263 αὐτὴν.
1632 1213 1662 1254 )
1713 1193 1970 1251 Ἀκολού-

324 1281 428 1342 θως
507 1283 702 1359 εἰσάγει
762 1283 859 1350 τήν
915 1282 1224 1362 παραϐολὴν
1297 1285 1493 1351 ταύτην
1531 1303 1544 1317 ⁸
1620 1281 1801 1350 ἔπειδή
1871 1285 1970 1359 γὰρ

329 1367 506 1448 εἶπεν,
565 1369 644 1425 ὅτι
700 1371 825 1428 Ἐὰν
907 1373 984 1447 μὴ
1046 1375 1440 1448 μετανοήσητε,
1509 1371 1818 1449 ἀπολεῖσθε,
1877 1374 1968 1429 Εἶ-

328 1459 495 1520 »ισίτως
555 1459 892 1516 ἐπισυνάπτει
963 1461 1060 1527 τὴν
1123 1460 1430 1538 παραϐολὴν
1489 1462 1700 1528 ταύτην,
1768 1460 1967 1517 ’Ἔστιν

326 1546 417 1599 06v
469 1553 602 1614 συκῆ
645 1550 679 1615 ἡ
737 1549 892 1626 γενεὰ
935 1555 1038 1605 τῶν
1082 1547 1344 1617 Ἰουδαίων
1392 1549 1560 1629 φύλλα
1615 1551 1748 1624 μόνα
1809 1550 1968 1628 πικρὰ

331 1647 578 1715 ποιοῦσα,
638 1639 840 1714 καρπὸν
889 1637 943 1694 δὲ
994 1638 1072 1712 μή
1116 1639 1447 1718 παρέχουσα.
1501 1636 1590 1696 Ἐν
1668 1647 1744 1712 τῷ
1794 1639 1966 1712 ἀμπε-

325 1721 450 1779 λῶνι
508 1723 562 1780 δὲ
619 1734 710 1782 τοῦ
764 1734 893 1782 Θεοῦ
949 1727 1164 1800 ἵστατο,
1210 1734 1277 1803 τῇ
1305 1726 1544 1799 πολιτείᾳ
1572 1733 1640 1804 τῇ
1669 1726 1962 1803 Ἰουδαϊκῇ,

328 1803 384 1868 Ὀ
443 1812 820 1881 οἰκοδεσπότης
878 1817 905 1871 ὁ
973 1817 1189 1890 Χριστὸς
1234 1814 1420 1887 ἐλθὼν,
1480 1817 1567 1872 καὶ
1610 1803 1784 1886 ζητῶν
1827 1837 1960 1889 καρ-
1986 1850 2023 1900 Β

328 1904 427 1955 πὸν
471 1905 700 1965 πίστεως
777 1905 863 1960 καὶ
935 1904 1274 1982 ἆγαθοεργίας
1328 1903 1382 1959 ἐν
1454 1907 1605 1980 αὐτῇ,
1670 1905 1773 1983 οῦχ
1823 1911 1957 1981 εῦρε.

328 1992 452 2068 Τρία
498 1989 552 2047 δὲ
613 1992 729 2062 ἔτη,
778 1990 926 2064 ἦλθε,
974 1990 1054 2047 διὰ
1111 1992 1365 2072 Μωσέως,
1411 1992 1495 2048 διὰ
1537 2000 1841 2072 προφητῶν,
1876 1994 1962 2049 καὶ

323 2083 380 2132 τὸ
439 2081 609 2158 τρίτον
660 2078 726 2136 δι’
792 2082 975 2140 ἑαυτοῦ
1010 2098 1022 2111 ⁸
1087 2080 1299 2158 ὕστερον
1360 2081 1537 2156 μέντοι
1583 2085 1659 2157 μὴ
1704 2084 1963 2155 μετανοή-

322 2191 516 2232 σαντας
575 2167 789 2244 ἐξέκοψε
831 2175 930 2236 τῆς
989 2180 1082 2228 τοῦ
1133 2170 1264 2226 Θεοῦ
1320 2170 1533 2248 ἀγάπης
1567 2187 1580 2202 ⁸
1617 2172 1711 2227 οὒκ
1742 2170 1815 2226 ἔτι
1863 2172 1962 2248 γὰρ

324 2260 467 2322 ἔθνος
531 2260 739 2336 Κυρίου.
775 2261 862 2315 καὶ
890 2259 1016 2322 λαὸς
1062 2260 1210 2336 ἃγιος
1259 2259 1537 2316 καλοῦνται
1571 2275 1586 2290 ⁸
1620 2262 1694 2324 εἰς
1721 2262 1810 2316 τὸν
1864 2263 1960 2317 τό-

325 2372 421 2404 πον
478 2345 530 2403 δὲ
587 2350 758 2406 αὐτῶν
801 2347 1228 2428 ἀντεισήχθησαν
1286 2349 1350 2405 τὰ
1408 2348 1528 2416 ἔθνη
1585 2349 1651 2405 τὰ
1706 2348 1963 2424 δυνάμενα

323 2449 704 2514 καρποφορεῖν,
760 2437 988 2502 Νυηθείη
1039 2434 1084 2491 δ’
1129 2435 1190 2491 ἂν
1246 2439 1331 2492 καὶ
1388 2439 1421 2504 ἡ
1468 2438 1717 2512 σύμπασα
1759 2439 1962 2515 ἀνθρω-

325 2527 495 2591 πόττ,ς
547 2530 679 2591 συκῆ
715 2544 729 2558 ⁸
778 2523 1177 2598 οἰκοδεσπότης,
1213 2527 1240 2581 ὃ
1271 2527 1399 2588 Θεὸς
1428 2527 1516 2581 καὶ
1563 2529 1744 2606 Πατήρ
1778 2548 1791 2560 ⁸
1852 2528 1962 2602 ἀμ-

325 2614 611 2691 πελουργὸς
667 2611 720 2668 δὲ
779 2617 806 2670 ὃ
859 2615 974 2675 Υἱὸς
1017 2624 1110 2672 τοῦ
1153 2617 1282 2670 Θεοῦ
1315 2629 1328 2643 ⁸
1363 2613 1715 2692 φιλοπονῆσαι
1769 2613 1823 2671 δὲ
1879 2618 1966 2672 καὶ

325 2704 603 2780 ἐκκαθᾶραι
661 2703 752 2757 τὸν
809 2701 1100 2775 ἀμπελῶνα
1169 2704 1324 2778 ἡμῶν
1405 2701 1706 2778 ὶνδημήσας
1741 2719 1754 2734 ⁸
1805 2704 1964 2761 ἐκκο-

323 2801 491 2857 πῆναι
525 2792 722 2856 ταύτην
753 2791 850 2855 τὴν
884 2790 1047 2857 συκῆν
1104 2793 1175 2854 ὡς
1207 2791 1442 2870 ἄκαρπον
1472 2796 1566 2850 οῦκ
1595 2792 1654 2863 ἐᾷ
1686 2795 1713 2848 ὁ
1744 2795 1965 2871 Χριστὸς

323 2887 538 2936 τοιαῦτα
585 2878 754 2956 λέγων
789 2896 802 2911 ⁸
845 2903 868 2932 α
922 2876 1102 2958 ’Ἄφες
1161 2880 1322 2946 αὐτὴν
1359 2881 1444 2937 καὶ
1473 2889 1625 2937 τοῦτο
1655 2883 1715 2937 τὸ
1745 2882 1883 2944 ἔτος.
1934 2907 1961 2937 ι

325 2972 377 3026 Εἰ
431 2967 512 3023 διὰ
557 2967 719 3041 νόμου
764 2969 849 3022 καὶ
906 2974 1191 3045 προφητῶν
1270 2970 1364 3024 οὒκ
1417 2967 1829 3050 ἒεελτιώθησαν,
1880 2970 1966 3026 καὶ

321 3061 599 3129 μετανοίας
660 3058 860 3130 καρπὸν
923 3059 1015 3113 οὒκ
1095 3055 1386 3135 ἒπέδωκαν,
1481 3056 1617 3113 ἁλλά
1673 3080 1734 3136 γε
1817 3059 1966 3136 κάγὼ

320 3147 439 3208 τοῖς
487 3145 642 3219 ἐμοῖς
685 3143 917 3221 ἀρδεύσω
975 3144 1186 3207 τούτους
1243 3143 1468 3223 δόγμασι
1518 3148 1606 3202 καὶ
1662 3149 1959 3223 παθήμασι,

320 3233 436 3311 κᾶν,
486 3235 582 3307 μὲν
620 3234 881 3303 ποιήσωσι
940 3236 1139 3312 καρπὸν
1187 3236 1494 3308 εὐπειθείας,
1549 3237 1592 3290 εἰ
1635 3234 1689 3290 δὲ
1747 3238 1823 3310 μή
1875 3259 1959 3316 γε,

320 3325 391 3382 εἷς
449 3324 507 3377 τὸ
561 3321 753 3395 μέλλον
813 3321 1060 3398 ἐκκόψεις
1142 3324 1324 3396 αὐτὴν,
1397 3329 1496 3388 τῆς
1577 3329 1678 3380 τῶν
1749 3323 1961 3380 δικαίων

321 3409 527 3488 μερίδος
575 3412 812 3484 ἐκτεμὼν
858 3412 1065 3476 αὐτούς,
1124 3410 1218 3468 Ἐκ
1273 3413 1445 3488 τρίτου
1505 3411 1557 3467 δὲ
1614 3415 1814 3490 καρπὸν
1857 3421 1960 3484 ζη-

321 3504 539 3566 τηθεϊσα
588 3503 621 3566 ἡ
676 3503 824 3579 φύσις
885 3501 1062 3575 ἡμῶν,
1111 3502 1208 3556 οὒκ
1271 3500 1531 3557 ἐπέδωκεν
1565 3516 1578 3531 ⁸

320 3592 404 3645 ὅτε
453 3590 506 3644 ἐν
549 3597 623 3663 τῷ
676 3587 972 3667 παραδείσῳ
1029 3591 1127 3657 τὴν
1172 3590 1391 3658 ἐντολὴν
1449 3590 1753 3668 παρέϐημεν
1784 3608 1798 3623 ⁸
1838 3591 1959 3649 δεύ-

317 3702 465 3756 τερον
523 3677 599 3750 δὲ,
659 3678 745 3734 ὅτε
790 3678 842 3734 ἐν
898 3687 975 3753 τῷ
1046 3681 1192 3754 νόμῳ
1267 3680 1728 3761 ἐμοσχοποίησαν,
1792 3705 1818 3734 σ
1872 3681 1959 3739 καὶ

317 3769 606 3836 ἠλλάξαντο
658 3769 754 3834 τὴν
787 3765 962 3832 ’δόξαν
1006 3769 1098 3825 τοῦ
1144 3777 1272 3827 Θεοῦ
1303 3769 1357 3824 ἐν
1415 3771 1714 3844 ὁμοιώματι
1747 3771 1958 3851 μόσχου

1640 3501 1777 3567 ἅπαξ
1836 3505 1957 3584 μὲν,

316 3859 574 3920 ὲςθὲοντος
634 3857 851 3936 χόρτον.
919 3880 940 3911 ι
1036 3859 1132 3915 Καὶ
1187 3859 1380 3936 τρίτον,
1444 3858 1530 3914 ὅτε
1587 3860 1674 3916 τὸν
1732 3866 1958 3931 Σωτῆρα

313 3949 397 4001 κιὶ
454 3947 636 4023 Κύριον
720 3947 1121 4023 παρῃτήσαντο,
1210 3946 1444 4009 εἰπόντες
1481 3966 1494 3980 ⁸
1569 3947 1674 4004 Οὔκ
1754 3947 1955 4028 ἔχομεν

312 4034 554 4110 βασιλέα,
614 4036 659 4089 εἰ
716 4035 794 4109 μὴ
843 4035 1096 4111 Καίσαρα.
1161 4037 1256 4092 Καὶ
1312 4037 1339 4091 ὁ
1399 4033 1515 4092 καθ’
1572 4035 1660 4092 ἕνα
1692 4035 1746 4092 δὲ
1777 4039 1953 4113 ἡμῶν,

315 4125 442 4190 τλκῆ
474 4123 614 4179 ἐστιν
644 4122 697 4177 ἐν
748 4130 824 4195 τῷ
868 4122 1142 4197 ἀμπελῶνι
1193 4127 1285 4180 τοῦ
1329 4132 1477 4203 Θεοῦ,
1519 4130 1586 4200 τῇ
1643 4124 1953 4200 Ἐκκλησίᾳ,

311 4215 344 4278 ἢ
408 4212 591 4276 ἁπλῶς
649 4217 844 4285 εἰπεῖν,
906 4219 980 4284 τῷ
1062 4214 1246 4287 κόσμῳ
1317 4214 1486 4286 τούτῳ
1543 4215 1952 4293 πεφυτευμένες.

314 4293 586 4381 "manu
647 4309 706 4357 οζι
765 4307 938 4371 ζητῶν
970 4302 1170 4379 καρπὸν
1203 4304 1230 4357 ὁ
1274 4304 1426 4380 Θεὸς,
1475 4304 1560 4358 καὶ
1598 4302 1686 4357 ἐὰν
1717 4302 1840 4382 εὕρῃ
1898 4327 1956 4360 σε

2059 660 2212 723 Dixit
2241 651 2435 724 autem
2484 661 2554 722 ad
2607 661 2894 722 cultorem
2929 658 3158 718 vineae:
3211 652 3362 716 Ecce
3393 651 3535 714 anni
3565 658 3687 713 tres

2057 757 2191 809 sunt
2218 750 2278 809 in
2311 769 2426 829 quo
2473 751 2663 822 venio,
2699 765 2972 829 quaerens
3018 746 3271 805 fructum
3302 742 3362 803 in
3396 741 3519 829 ﬁcu,
3555 740 3691 815 hac,

2056 845 2114 896 et
2144 857 2260 898 non
2291 828 2523 898 invenio
2559 856 2572 900 :
2622 828 2860 898 succide
2891 835 3052 895 illam
3093 853 3106 893 :
3151 831 3223 893 ad
3256 829 3397 911 quid
3430 828 3525 890 vel
3571 836 3692 890 ter-

2055 945 2179 986 ram
2214 927 2512 1005 occupat?
2542 929 2619 988 At
2651 927 2750 987 ille
2793 923 3164 1004 respondens
3204 919 3352 980 dixit
3384 917 3471 978 illi
3504 939 3518 976 :
3565 916 3690 979 Do-

2057 1015 2240 1089 mine,
2273 1019 2402 1076 sine
2433 1015 2591 1076 illam
2622 1024 2679 1075 et
2710 1015 2821 1074 hoc
2843 1029 2998 1075 anno
3020 1011 3210 1072 donec
3231 1007 3434 1069 fodero
3461 1007 3689 1068 circum

2055 1104 2238 1182 illam,
2291 1113 2350 1165 et
2401 1104 2618 1165 misero
2666 1110 2918 1175 stercus,
2979 1108 3037 1161 et
3084 1100 3133 1161 si
3191 1097 3429 1180 quidem
3485 1095 3694 1157 fecerit

2055 1193 2308 1253 fructum
2337 1212 2350 1252 :
2386 1195 2477 1253 sin
2510 1193 2728 1266 minus,
2762 1190 2824 1251 in
2852 1197 3151 1270 posterum
3176 1183 3686 1250 succidesillam.»

2052 1282 2215 1342 Bona
2247 1282 2670 1362 consequentia
2705 1278 3042 1359 parabolam
3076 1278 3228 1339 hanc
3252 1273 3449 1356 jungit
3483 1279 3692 1362 :Apost-

2051 1389 2225 1449 quam
2285 1359 2465 1431 enim'
2501 1370 2673 1442 dixit,
2758 1367 2879 1430 Nisi
2939 1365 3332 1445 resipueritis,
3397 1359 3686 1449 peribitis,

2053 1448 2264 1520 merito
2296 1466 2353 1518 et
2381 1459 2556 1518 istam
2584 1456 2928 1538 parabolam
2959 1454 3184 1534 adjicit.
3219 1455 3323 1516 Est
3352 1448 3692 1528 585igitur

2052 1547 2219 1616 ﬁcus.
2271 1547 2610 1610 Judaeorum
2660 1544 2962 1625 generatio
3011 1543 3152 1604 folia
3215 1549 3440 1602 tantum
3489 1553 3692 1600 amara

2049 1632 2294 1714 faciens,
2328 1644 2384 1695 et
2435 1635 2662 1696 nullum
2726 1635 2979 1695 fructum
3033 1630 3364 1712 proferens.
3411 1631 3476 1692 In
3519 1626 3691 1714 vinea

2049 1730 2245 1784 autem
2275 1713 2381 1786 Dei
2408 1725 2590 1796 stetit,
2626 1741 2841 1803 nempe
2872 1723 2929 1782 in
2963 1720 3206 1784 Iudaica
3235 1716 3472 1780 vivendi
3497 1713 3684 1803 ratio,-

2049 1829 2145 1873 ne.
2182 1811 2607 1873 Paterfamilias
2624 1801 2819 1874 autem
2855 1809 3122 1872 Christus
3146 1807 3304 1870 venit
3329 1817 3388 1867 et
3410 1801 3688 1885 quaesivit

2045 1897 2298 1961 fructum
2344 1899 2482 1960 fidei
2532 1901 2945 1978 bonorumque
2974 1914 3220 1978 operum
3252 1894 3314 1955 in
3346 1911 3438 1968 ea,
3469 1909 3539 1952 ac
3566 1907 3684 1951 non

2045 1987 2289 2050 invenit.
2345 1987 2559 2049 Tribus
2607 1999 2804 2050 autem
2862 1987 3034 2048 annis
3083 1985 3264 2055 venit,
3317 1999 3426 2062 per
3454 1983 3682 2052 Mosen,

2047 2095 2157 2154 per
2205 2079 2544 2157 prophetas,
2590 2087 2646 2138 et
2693 2095 2800 2157 per
2850 2075 3114 2154 seipsum
3173 2070 3395 2133 tertio:
3445 2065 3688 2157 etquia

2048 2155 2450 2244 paenitentiam
2506 2185 2625 2227 non
2674 2155 2947 2245 egerunt,
2981 2182 3016 2225 a
3060 2160 3384 2224 dilectione
3429 2155 3537 2220 Dei
3581 2173 3687 2245 eos

2045 2243 2344 2314 absecuit:
2384 2273 2499 2314 non
2535 2255 2686 2315 ultra
2715 2243 2874 2316 enim
2907 2269 3053 2331 gens
3075 2248 3311 2312 Domini
3341 2251 3404 2310 et
3433 2243 3686 2327 populus

2047 2351 2286 2402 sanctus
2317 2350 2577 2405 vocatur.
2632 2341 2695 2404 In
2741 2343 2935 2403 locum
2988 2347 3185 2401 autem
3237 2355 3443 2402 eorum
3489 2333 3683 2395 intro-

2047 2430 2237 2491 ductae
2268 2439 2407 2492 sunt
2455 2440 2683 2512 gentes,
2737 2449 2868 2512 quae
2914 2430 3170 2491 fructum
3219 2426 3416 2488 facere
3460 2423 3682 2486 valent.

2050 2518 2401 2597 Intelligitnr
2430 2527 2490 2580 et
2521 2539 2626 2600 per
2658 2521 2834 2581 ﬁcum
2867 2526 3057 2581 totum
3088 2518 3416 2578 humanum
3445 2529 3633 2592 genus
3667 2531 3680 2574 :

2047 2627 2152 2688 per
2185 2609 2662 2688 patremfamilias
2709 2611 2886 2671 Pater
2914 2620 2975 2668 et
3004 2607 3159 2669 Deus
3195 2627 3208 2663 :
3264 2621 3369 2684 per
3397 2601 3684 2663 cultorem

2046 2698 2251 2770 vineae,
2286 2697 2466 2758 Filius
2498 2697 2625 2777 Dei,
2655 2698 2756 2778 qui
2806 2696 3114 2758 nobiscum
3150 2690 3564 2772 peregrinatus
3595 2697 3689 2750 est.

2047 2794 2110 2846 ut
2154 2787 2377 2846 coleret
2431 2793 2489 2847 et
2535 2796 2808 2867 purgaret
2857 2788 3112 2846 vineam.
3169 2781 3684 2867 Christusiautem

2052 2875 2229 2943 ﬁcum
2262 2875 2422 2936 illam
2451 2885 2512 2936 ut
2539 2866 2801 2938 sterilem
2827 2873 3086 2936 exsecari
3109 2889 3227 2932 non
3255 2869 3414 2947 sinit,
3441 2866 3684 2926 dicens:

2056 2989 2079 3018 «
2115 2963 2255 3025 Sine
2283 2964 2443 3025 illam
2473 2974 2531 3026 et
2559 2966 2671 3025 hoc
2697 2984 2873 3024 anno.
2912 2986 2934 3018 ι
2973 2961 3138 3025 Licet
3168 2957 3327 3020 enim
3359 2973 3466 3035 per
3493 2955 3686 3032 legem

2049 3060 2106 3112 et
2153 3053 2471 3133 prophetas
2522 3073 2640 3115 non
2688 3052 2907 3114 fuerint
2945 3051 3079 3112 facti
3137 3047 3437 3124 meliores,
3491 3060 3688 3133 neque

2047 3132 2417 3220 paenitentia)
2446 3144 2703 3205 fructum
2739 3140 3040 3203 fecerint:
3097 3145 3354 3200 attamen
3400 3150 3495 3194 me
3540 3132 3684 3194 irri-

2045 3239 2216 3307 gante
2238 3232 2387 3292 meis
2399 3233 2684 3294 doctrinis
2699 3241 2755 3292 et
2775 3227 3154 3309 passionibus
3183 3223 3448 3287 fortassis
3467 3220 3686 3282 facient

2043 3318 2297 3380 fructum
2326 3321 2707 3384 obedientize.
2770 3319 2873 3384 Sin
2923 3319 3143 3393 minus,
3197 3315 3261 3378 in
3309 3319 3682 3393 postremum

2045 3409 2352 3473 exsecabis
2380 3411 2564 3486 illam,
2601 3410 2853 3472 exsectis
2881 3409 2999 3470 illis
3027 3426 3062 3469 a
3083 3408 3380 3486 justorum
3412 3400 3677 3480 regione.

2044 3496 2161 3557 Ter
2188 3508 2382 3560 autem
2415 3500 2723 3581 quaesitum
2754 3498 2816 3560 in
2857 3517 2919 3560 se
2963 3498 3217 3560 fructum
3251 3501 3457 3553 natura
3485 3496 3686 3581 nostra

2045 3605 2160 3647 non
2192 3589 2379 3651 dedit.
2419 3578 2681 3652 Primum
2727 3589 2886 3651 enim
2932 3587 2994 3647 in
3037 3582 3307 3667 paradiso
3340 3578 3678 3667 mandatum

2043 3679 2406 3754 prazvaricati
2437 3698 2643 3740 sumus
2673 3699 2687 3739 :
2722 3677 2940 3740 deinde
2963 3666 3096 3737 cum
3119 3673 3361 3734 daretur
3382 3666 3682 3741 lex,vitulo

2042 3765 2214 3839 facto,
2255 3791 2283 3824 (ι
2335 3777 2554 3830 mutata
2604 3777 2695 3831 est
2746 3767 2930 3845 gloria
2973 3765 3080 3826 Dei
3121 3762 3182 3823 in
3233 3756 3681 3822 similitudinem

2041 3855 2204 3916 vituli
2246 3858 2615 3920 comedentis
2647 3860 2848 3920 fenum
2868 3857 2923 3906 61
2963 3880 3016 3918 ι.
3048 3852 3248 3916 Tertio
3291 3847 3524 3931 quando
3556 3845 3678 3909 Do—

2044 3946 2238 4007 minus
2269 3956 2326 4007 et
2356 3947 2624 4010 Salvator
2646 3950 2972 4028 abnegatus
3003 3954 3090 4007 est
3121 3961 3154 4004 a
3183 3939 3681 4012 dicentibus,Non

2043 4034 2332 4097 habemus
2385 4057 2583 4116 regem
2637 4038 2750 4099 nisi
2796 4042 3114 4101 Caesarem.
3163 4031 3233 4094 Et
3275 4028 3682 4116 unusquisque

2043 4133 2305 4185 nostrum
2340 4115 2487 4188 ficus
2537 4136 2624 4188 est
2667 4128 2724 4188 in
2765 4128 2935 4188 vinea
2977 4121 3236 4195 Domini,
3294 4119 3356 4179 in
3413 4115 3683 4180 Ecclesia

2040 4214 2287 4289 scilicet,
2323 4217 2412 4278 vel
2465 4217 2816 4297 simpliciter
2864 4215 3143 4283 dicendo,
3188 4211 3248 4271 in
3302 4206 3521 4269 mundo
3569 4207 3680 4268 hoc

2042 4302 2301 4376 plantata
2356 4304 2534 4368 Venit
2563 4306 2742 4385 igitur
2772 4305 2929 4367 Deus
2968 4319 3240 4384 quaerens
3282 4299 3536 4385 fructum
3573 4302 3681 4385 :_et

315 4390 576 4468 ἄκαρπον,
630 4387 920 4454 ἐκκοπῆναι
989 4395 1082 4444 τοῦ
1135 4389 1248 4465 βίου
1302 4391 1487 4446 τούτου
1536 4391 1870 4468 προστάττει⁸
1927 4395 1953 4448 ὁ

2045 4391 2085 4450 si
2120 4394 2407 4456 invenerit
2439 4404 2492 4456 te
2520 4383 2743 4477 absque
2775 4383 3000 4470 fructu,
3013 4391 3185 4472 jubet
3228 4397 3296 4450 ut
3326 4405 3396 4449 ex
3426 4384 3537 4477 bac
3564 4383 3681 4443 vita

427 4479 794 4556 ἀμπελουργὸς
848 4477 1074 4532 ἱκετεύει
1125 4478 1416 4556 φείσασθαι,
1477 4481 1564 4542 Τίς
1609 4477 1662 4534 δὲ
1694 4480 1722 4535 ὁ
1771 4480 1949 4556 ἀμπε-

467 4551 499 4584 .’
619 4551 680 4575 ’,γ
719 4551 764 4582 ,⁸
826 4563 850 4582 ν
1095 4569 1107 4584 σ
1139 4551 1148 4556 .
1808 4551 1818 4556 -

323 4583 528 4646 ιιιυργος
567 4589 582 4640 ;
662 4574 701 4622 Η
748 4589 773 4622 ο
819 4565 1045 4643 αγγελος
1089 4590 1116 4622 0
1177 4567 1399 4627 ἔκάστου
1453 4567 1638 4646 φύλαξ,
1670 4568 1705 4637 ἣ
1738 4571 1823 4625 καὶ
1852 4570 1950 4625 αὒ-

313 4663 400 4721 τὲις
455 4660 481 4713 ἑο
547 4655 816 4734 ἅνθρωπος
856 4674 869 4688 ⁸
927 4656 1148 4722 ἕκαστος
1207 4659 1306 4736 γὰρ
1365 4661 1517 4724 αὐτὸς
1574 4661 1744 4732 ἑαυτῴ
1770 4659 1951 4735 ἀμπε-

310 4747 550 4822 ὶίιυργός.
618 4745 877 4808 Πολλάκις
936 4753 1021 4802 οῦν
1097 4745 1408 4824 ἀῤῥωστίαις
1483 4746 1858 4822 θανατώδεσιν,
1917 4749 1952 4816 ἢ

315 4835 494 4897 ἄλλοις
559 4833 812 4897 κινδύνοις
866 4835 1261 4913 περιπεσόντες,
1309 4827 1508 4916 ”Αιρες,
1559 4841 1603 4892 ὦ
1636 4838 1810 4916 Κύριε,
1857 4837 1953 4893 λέ-

309 4947 494 5002 γομεν,
558 4926 642 4979 καὶ
699 4931 854 4981 τοῦτο
910 4925 968 4978 τὸ
1025 4924 1163 5001 ἔτος,
1218 4927 1304 4980 καὶ
1352 4928 1770 5000 μετανοήσομενο
1803 4934 1954 4983 τοῦτο

311 5018 408 5091 γαρ
466 5013 627 5079 δηλοῖ
676 5014 734 5068 τὸ
793 5013 1014 5087 σκάψαι,
1083 5015 1168 5069 καὶ
1211 5012 1517 5091 περιϐαλεῖν
1573 5017 1781 5093 κοπρίᾳ.
1817 5017 1930 5071 Σκά

313 5124 494 5158 πῖεται
554 5102 648 5177 μὲν
705 5104 802 5179 γὰρ
847 5105 880 5169 ἡ
916 5102 1094 5181 ψυχὴ,
1129 5101 1253 5158 ὅταν
1279 5105 1372 5160 τὸν
1404 5105 1536 5184 χοῦν
1567 5110 1662 5160 τῶν
1692 5106 1954 5181 βιωτικῶν

309 5190 592 5268 φροντίδων
677 5192 1119 5265 ἀποτινάσσηται,
1210 5192 1296 5248 καί
1353 5194 1690 5274 κουφίζηται,
1752 5195 1955 5271 Κύπρια

310 5281 360 5333 δὲ
424 5284 555 5355 αὖτῇ
614 5277 1039 5357 περιϐάλλονται,
1093 5283 1126 5348 ἢ
1196 5283 1295 5347 τῆς
1373 5282 1682 5360 ἀτιμοτέρας
1738 5283 1954 5359 ἀγωγῆς

309 5371 393 5425 ui
450 5370 590 5444 παρὰ
644 5369 857 5424 πάντων
926 5369 1400 5444 καταπατουμένης
1453 5372 1714 5448 θερμότης
1749 5389 1767 5406 ⁸
1830 5371 1953 5428 ὅταν

306 5460 405 5536 γέρ
463 5480 540 5521 τις
593 5458 698 5512 ἀπὸ
740 5456 893 5523 δόξης
954 5459 1025 5520 εἷς
1085 5457 1266 5523 ἄδοξον
1309 5461 1419 5535 βίον
1480 5461 1664 5519 ἑαυτὸν
1709 5459 1954 5538 ἒπιρρίψη

305 5547 388 5605 διὰ
437 5549 533 5614 τὴν
591 5553 688 5613 τῆς
741 5551 926 5625 ψυχῆς
988 5551 1274 5626 σωτηρίαν,
1319 5549 1509 5628 κόπρια
1553 5548 1764 5627 λέγεται
1796 5571 1952 5627 περι-

386 5715 438 5765 θί
493 5715 649 5778 Psal.
683 5731 773 5788 cv,
799 5712 898 5778 20.

2036 4481 2336 4544 exseceris
2365 4506 2379 4558 ;
2413 4494 2469 4546 at
2503 4471 2694 4546 cultor
2739 4484 2927 4544 vineae
2957 4471 3250 4560 supplicat
3295 4485 3358 4538 ut
3403 4471 3507 4536 tibi
3539 4489 3680 4553 par-

2037 4579 2200 4631 catur
2278 4571 2419 4644 Quis
2461 4582 2658 4635 autem
2709 4574 2808 4636 ille
2851 4572 3042 4633 cultor
3092 4565 3332 4628 vineae?
3379 4562 3483 4626 Vel
3534 4577 3677 4622 suus

2037 4660 2322 4741 cujusque
2341 4671 2538 4724 custos
2555 4663 2828 4741 angelus,
2853 4662 2942 4722 vel
2967 4659 3144 4720 etiam
3162 4658 3340 4717 homo
3364 4656 3490 4733 ipse
3517 4672 3529 4708 :
3557 4668 3679 4712 suae

2038 4750 2198 4810 enim
2227 4754 2414 4813 vineae
2443 4754 2694 4834 quisque
2726 4751 2917 4812 cultor
2957 4757 3068 4811 est.
3123 4744 3313 4834 Smper
3334 4743 3512 4834 igitur
3541 4758 3674 4801 cum

2038 4838 2098 4898 in
2131 4840 2378 4902 lethales
2413 4831 2648 4902 morbos
2696 4841 2790 4902 vel
2835 4840 2948 4900 alia
2991 4836 3252 4920 pericula
3302 4831 3623 4894 incidimus
3660 4846 3674 4891 ;

2037 4927 2200 5003 Sine,
2235 4951 2268 4990 ο
2299 4930 2570 5006 Domine,
2605 4931 2883 5009 dicimus,
2915 4928 3089 4990 etiam
3127 4928 3235 4986 hoc
3254 4941 3434 4996 anno,
3472 4927 3531 4981 et
3560 4937 3680 5000 pm-

2041 5018 2348 5081 nitentiam
2381 5039 2643 5099 agemus.
2679 5023 2803 5084 Hoc
2853 5017 3010 5080 enim
3059 5013 3350 5094 significat
3378 5011 3582 5099 fodere
3622 5014 3682 5070 et

2041 5109 2277 5170 mittere
2309 5098 2637 5173 circaillam
2661 5119 2910 5171 stercus.
2936 5105 3181 5169 Foditur
3210 5101 3429 5184 quippe
3454 5098 3672 5172 anima,

2040 5199 2275 5282 quando
2308 5198 2602 5282 decutitur
2630 5197 3040 5278 temporalium
3073 5210 3348 5282 curarum
3379 5188 3591 5282 pulvis,
3623 5197 3680 5282 et

2040 5274 2345 5339 alleviatur
2395 5279 2543 5358 ipsa.
2599 5274 2840 5341 Stercus
2886 5295 3021 5338 vero
3068 5274 3440 5352 circumponi
3484 5274 3679 5348 signat

2039 5368 2335 5428 fervorem
2371 5378 2428 5429 et
2457 5369 2830 5430 severitatem
2863 5367 2923 5428 in
2953 5365 3045 5426 via
3075 5361 3290 5432 viliori,
3316 5358 3679 5442 paenitentiae

2038 5457 2288 5537 scilicet,
2350 5477 2477 5540 qua
2509 5459 2580 5520 ab
2634 5457 2912 5519 omnibus
2963 5451 3384 5517 contemnitur.
3428 5447 3674 5540 Quando

2038 5551 2194 5612 enim
2229 5537 2430 5630 quisva
2474 5549 2659 5629 gloria
2696 5551 2753 5610 in
2784 5547 2959 5608 vitam
2992 5543 3304 5623 ingloriam
3339 5557 3404 5601 se
3433 5537 3675 5601 dimittit
