4132 6298
432 451 550 516 Θῖ5

441 694 564 780 tere
595 689 813 780 dicitur
841 692 912 753 ad
943 693 1054 756 hoc
1099 702 1160 756 ut
1199 696 1450 758 fructum
1502 699 1694 762 faciat.
1747 698 1806 762 Si
1840 701 2080 780 quidem

439 775 758 840 fecerimus
789 780 1046 843 fructum
1083 804 1097 845 :
1145 783 1237 845 sin
1270 786 1489 867 minus,
1523 807 1639 850 non
1690 775 2080 850 ultra-relin-

439 865 568 946 quit
599 885 704 928 nos
736 869 796 930 in
821 870 990 932 vinea
1015 891 1142 944 sua,
1175 874 1278 935 sed
1312 865 1546 936 exsecat
1577 899 1607 934 a
1637 877 1880 951 mundo,
1915 887 1977 939 ut
2010 897 2082 938 ne

437 952 654 1014 frustra
682 973 1041 1036 occupemus
1073 959 1290 1024 locum.
1327 963 1705 1024 Peccatorem
1746 964 1904 1026 enim
1947 965 2082 1043 quis

437 1041 649 1134 videns
679 1043 779 1134 diu
805 1044 1207 1122 dilferentem,
1242 1049 1581 1125 offenditur,
1619 1061 1674 1113 et
1704 1055 1869 1134 pejor
1893 1041 1990 1129 fit;
2025 1061 2084 1114 et

441 1129 528 1191 sic
554 1131 852 1194 invenitur
878 1144 1155 1213 peccator
1185 1157 1378 1218 neque
1407 1139 1535 1218 ipse
1563 1129 1815 1202 fructum
1836 1142 2078 1216 faciens,

452 1219 706 1280 etalium
727 1239 961 1302 quoque
982 1223 1313 1304 impediens
1335 1247 1408 1289 ne
1437 1229 1576 1289 586
1607 1230 1864 1292 fructum
1887 1233 2077 1294 faciat.

453 1306 702 1379 Quodsi
753 1322 1060 1374 exsecetur
1113 1333 1180 1375 ex
1229 1316 1342 1377 bac
1398 1319 1531 1391 vita,
1583 1320 1847 1381 fortassis
1895 1320 1933 1380 ii
1984 1320 2086 1400 qui

449 1399 1062 1488 exsectumgviderint,
1098 1403 1208 1464 hoc
1240 1405 1434 1466 animo
1471 1425 1672 1470 secum
1703 1399 2081 1488 perpenden-

441 1493 552 1559 tes,
593 1485 982 1549 mutabuntur
1007 1498 1064 1550 et
1095 1491 1350 1553 fructum
1381 1493 1597 1557 facient
1645 1485 1858 1558 Tribus
1886 1506 2081 1558 autem

440 1573 614 1635 annis
629 1574 843 1636 dicitur
865 1579 1284 1654 paterfamilias
1305 1582 1504 1644 venire
1518 1585 1587 1645 ad
1611 1586 1805 1656 ficum,
1821 1587 2083 1646 fortassis

1404 457 1998 528 THEOPHYLACTI
2044 467 2448 533 BULGARI/E
2497 468 2852 535 ARCIIIEP.

431 607 676 690 propter
698 602 946 690 salutem
975 606 1209 681 animae,
1239 615 1469 671 stercus
1492 612 1649 672 circa
1669 611 1924 672 animam
1954 613 2079 672 mit-

2186 599 2353 660 ἶαλεῖν
2407 612 2476 682 τῇ
2533 611 2686 687 ψυχῇ
2744 610 2870 685 πρὸς
2931 610 2989 666 τὸ
3061 615 3464 690 καρποφορῆσαι
3501 624 3515 638 '

3578 631 3669 665 εαν
3715 631 3834 683 μεν

2165 691 2251 747 οὖν
2304 695 2617 769 ποιήσωμεν
2684 699 2913 777 καρπὸν,
2957 699 3002 754 εἰ
3043 695 3099 753 δὲ
3149 701 3313 775 μήγε,
3376 697 3550 756 οὐκέτι
3596 697 3830 776 ἀφίησιν

2161 782 2302 855 ἡμᾶς
2349 780 2401 837 ἒν
2461 791 2536 858 τῷ
2592 784 2868 857 ἀμπελῶνι
2929 786 3112 855 ανῦτοῦ,
3176 785 3296 842 ἀλλ’
3353 787 3600 844 ἐκκόπτει
3663 783 3830 842 τοῦδε

2162 877 2252 925 τοῦ
2308 871 2536 946 γόσμου,
2597 874 2690 928 ’ἱνα
2736 874 2814 947 μὴ
2845 880 3196 952 καταργῶμεν
3225 876 3316 932 τὸν
3345 876 3528 932 τόπον*
3563 876 3655 931 τὸν
3711 875 3828 952 γὰρ

2163 957 2482 1035 ἁμαρτωλὸν
2539 959 2971 1040 πολυχρονοῦντα
3047 961 3260 1038 βλέπων
3329 985 3430 1034 τις,
3491 961 3820 1038 βλαπτεται,

2163 1047 2248 1101 καὶ
2312 1048 2508 1126 χείρων
2551 1049 2750 1126 γίνεται
2788 1069 2800 1081 ’
2864 1052 2953 1106 καὶ
3007 1050 3174 1113 υετως
3233 1052 3522 1130 εὑρίσκεται
3571 1052 3598 1106 ὁ
3642 1051 3826 1123 ἀμαρ-

2164 1133 2334 1200 τωλὸς
2393 1137 2530 1210 μήτε
2601 1137 2756 1201 αὐτὸς
2819 1146 3189 1218 καρποφορών,
3259 1141 3346 1196 καὶ
3415 1138 3562 1213 ἄλλῳ
3630 1141 3820 1212 ἔμπο-

2163 1220 2315 1293 δίζων
2385 1223 2657 1299 δυναμένῳ
2732 1245 3112 1308 καρποφορεῖν.
3178 1231 3232 1286 Εἰ
3290 1227 3343 1284 δὲ
3399 1229 3607 1302 ἐκκοπῄ
3661 1224 3819 1283 7.093:

2167 1321 2255 1370 τοῦ
2305 1313 2440 1388 βίου,
2490 1311 2632 1394 τάχα
2719 1318 2764 1372 οἱ
2847 1317 3139 1374 Ῑεκκοπέντα
3214 1317 3366 1373 αὖτὸν
3439 1317 3662 1390 ἷδόντες,
3736 1317 3813 1378 εἷς

2166 1402 2501 1468 συναίσθησιν
2589 1406 2900 1484 ἐρχόμενοι,
2969 1404 3386 1482 μεταϐαλοῦνται
3459 1408 3547 1462 καὶ
3599 1427 3815 1482 καρπο-

2164 1493 2475 1570 φορῆσουσι.
2550 1496 2672 1572 Τρία
2730 1494 2785 1550 δὲ
2853 1495 2945 1562 ἔτη
2996 1495 3209 1573 λέγεται
3269 1496 3517 1575 ἔρχεσθαι
3573 1498 3602 1551 6
3659 1498 3809 1551 οἱκο-

2164 1577 2428 1648 δεσπότης
2473 1582 2558 1639 ἐπὶ
2607 1585 2707 1651 τὴν
2750 1585 2939 1664 συκῆν,
2987 1586 3132 1664 τάχα
3178 1587 3274 1660 μὲν
3319 1588 3403 1641 καὶ
3435 1584 3515 1639 δια
3549 1586 3608 1639 τὸ
3666 1599 3810 1657 τρεῖς

447 1672 837 1754 proptertres
869 1665 1030 1742 leges
1072 1686 1216 1747 quas
1261 1670 1430 1731 nobis
1474 1672 1638 1734 dedit
1667 1683 1726 1734 et
1765 1673 1978 1754 quibus
2009 1675 2082 1734 ad

2186 1672 2306 1724 ςῖναι
2372 1671 2494 1734 τοὺς
2561 1669 2868 1748 δεδομένους
2925 1676 3062 1748 ἡμῖν
3117 1674 3332 1753 νόμους,
3379 1665 3447 1729 δι’
3488 1677 3564 1727 ὧν
3595 1672 3810 1752 ἔρχεται

447 1770 555 1811 nos
589 1752 742 1812 venit
772 1751 1081 1827 Dominus,
1115 1775 1244 1836 quae
1271 1768 1407 1818 sunt
1433 1761 1736 1830 naturalis,
1773 1751 1999 1838 legalis,
2028 1771 2086 1824 et

2186 1759 2300 1836 πρὸς
2359 1761 2502 1834 ἡμᾶς
2552 1762 2581 1818 ὁ
2653 1763 2887 1841 Κύριος·
2951 1763 3047 1818 εἰσὶ
3104 1759 3158 1818 δὲ
3215 1766 3380 1837 οὗτοι,
3426 1765 3452 1818 6
3497 1763 3736 1841 φυσικὸς,
3783 1761 3812 1815 ὁ

445 1840 788 1930 spiritu-alis.
826 1842 1154 1922 Oportebat
1183 1863 1327 1908 sane
1351 1866 1460 1908 nos
1487 1850 1735 1911 naturali
1770 1851 1896 1930 lege
1928 1870 2077 1912 com-

2186 1849 2411 1928 νομικὸς,
2473 1851 2560 1906 καὶ
2618 1853 2645 1907 ὁ
2715 1855 3092 1925 πνευματικός.
3167 1842 3326 1908 ’Ἐδει
3389 1853 3486 1926 μὲν
3555 1853 3655 1929 γὰρ
3734 1855 3813 1921 τῷ

447 1928 701 2021 monitos
732 1929 982 1991 fructum
1017 1933 1210 1996 favere
1240 1956 1252 1997 :
1291 1954 1424 1997 nam
1460 1952 1670 2001 natura
1719 1928 1892 2002 docet
1941 1939 2082 2021 quid

2186 1943 2372 2014 θυσικῷ
2416 1939 2563 2012 νόμῳ
2634 1937 3037 2014 παιδευομένους
3093 1942 3236 2016 ἡμᾶς
3308 1952 3666 2019 καρποφορεῖν
3695 1953 3710 1966 ⁹
3779 1940 3812 2004 ἡ

449 2017 647 2078 facere
675 2028 948 2108 operteat
979 2041 993 2080 :
1031 2031 1087 2081 at
1112 2023 1249 2102 quia
1284 2025 1343 2085 in
1367 2025 1538 2087 nobis
1561 2030 1884 2090 naturalem
1917 2017 2086 2090 inve-

2186 2027 2265 2103 (ἀρ
2311 2027 2463 2106 φύσις
2509 2029 2665 2096 αὐτὴν
2701 2026 2930 2086 διδάσκει
2973 2031 3034 2084 τὸ
3091 2027 3231 2085 δέον⁶
3279 2029 3392 2086 ἐπεὶ
3434 2027 3489 2084 δὲ
3538 2027 3813 2108 ἄχρηστον

448 2107 540 2198 nit
578 2107 875 2198 inutilem,
937 2110 1102 2172 dedit
1151 2120 1209 2172 et
1260 2115 1576 2176 Mosaicam
1619 2117 1811 2196 legem
1863 2126 2088 2179 naturae

2186 2121 2312 2192 ηὗρεν
2383 2115 2436 2170 ἐν
2492 2119 2626 2192 ἡμῖν
2700 2119 2792 2174 τὺν
2847 2119 3087 2198 φυσικὸν,
3145 2117 3308 2174 ἔδωκε
3377 2119 3466 2173 τὸν
3525 2116 3814 2171 Μωσαῖκὸν

447 2195 798 2286 adjutricem
832 2216 846 2260 :
884 2216 1011 2275 quae
1042 2219 1175 2260 cum
1212 2209 1269 2262 et
1315 2201 1442 2282 ipsa
1484 2195 1720 2266 inventa
1766 2215 1854 2268 est
1892 2206 2086 2267 infru-

2186 2206 2362 2270 Ξοηθὸν
2421 2214 2513 2263 τοῦ
2571 2215 2791 2286 φυσικοῦ
2834 2205 2998 2282 νόμου
3031 2224 3045 2238 ⁶
3095 2209 3165 2268 ὡς
3211 2205 3263 2262 δὲ
3312 2209 3398 2261 καὶ
3443 2205 3590 2268 οὗτος
3629 2201 3815 2282 ἄχρι.-

449 2285 634 2374 gifera
666 2297 906 2374 propter
937 2298 1197 2349 nostram
1231 2290 1541 2372 desidiam,
1573 2293 1797 2355 addidit
1827 2303 1883 2356 et
1903 2294 2086 2374 spiri-

2186 2315 2291 2356 ῐτος
2351 2292 2437 2350 διὰ
2480 2285 2592 2364 τὴν
2631 2297 2883 2373 ῥαθυμίαν
2934 2297 3090 2371 ἡμῶν
3147 2297 3434 2372 εὑρίσκετο,
3494 2292 3670 2348 δίδωσι
3725 2293 3816 2347 τὸν

451 2373 690 2435 tualem.
731 2372 838 2435 Ubi
869 2375 1044 2452 igitur
1075 2385 1194 2438 tres
1229 2377 1346 2439 illae
1377 2399 1492 2441 non
1529 2383 1832 2444 meliorem
1883 2372 2090 2444 reddi-

2186 2384 2551 2458 πνευματικόν
2590 2383 2715 2440 ὅταν
2758 2384 2846 2440 οὖν
2903 2388 2951 2440 οἱ
2994 2398 3136 2462 τρεῖς
3170 2392 3310 2442 οὗτοι
3359 2385 3434 2458 μὴ
3473 2379 3814 2458 βελτιώσουσι

451 2461 650 2523 derint
674 2463 1002 2543 cujuSpiam
1035 2467 1317 2544 animam,
1353 2487 1546 2548 neque
1564 2470 2001 2549 longanimitate
2033 2479 2094 2532 et

2186 2474 2272 2542 τήν
2332 2494 2473 2537 τινος
2519 2474 2727 2554 ψυχὴν,
2760 2471 2896 2546 μηδὲ
2939 2461 3039 2530 ὑπὸ
3067 2474 3166 2542 τῆς
3214 2473 3554 2548 μακροζωὶας
3585 2471 3673 2524 καὶ
3702 2465 3817 2548 φιλο

454 2550 866 2612 misericordia
921 2551 1026 2613 Dei
1089 2554 1151 2613 tit
1226 2557 1635 2632 emendatior,
1696 2567 1835 2621 tunc
1892 2568 2094 2640 postea

2186 2563 2470 2639 ινθρωπίας
2572 2550 2906 2639 βελτιωθείτ.,
2967 2563 3086 2618 τότε
3172 2560 3236 2629 δὴ
3320 2563 3390 2623 εἷς
3475 2562 3536 2617 τὸ
3621 2555 3816 2631 μέλλον

454 2657 701 2700 monere
733 2658 848 2700 non
885 2641 1034 2700 ultra
1067 2641 1318 2705 sinitur:
1373 2664 1489 2706 non
1536 2647 1692 2708 enim
1746 2651 1906 2712 Deus
1936 2667 2092 2729 saepe

2186 2649 2350 2706 οὐκέτι
2391 2653 2586 2707 ὶᾶται’
2634 2653 2694 2708 οὒ
2751 2652 2851 2730 γὰρ
2925 2649 3181 2716 πολλάκις
3236 2649 3556 2715 ἐξαπατᾶται
3601 2650 3630 2704 6
3687 2647 3814 2708 Θεὸς

456 2727 1095 2808 procrastinationibus
1145 2731 1435 2794 illuditur.
1485 2734 1633 2807 Quid
1667 2745 1862 2798 autem
1908 2740 1952 2798 si
1989 2727 2095 2817 per

2186 2752 2297 2802 ταῖς
2357 2727 2774 2818 ὑπερημερίαις.⁷
2804 2727 3024 2810 Μήποτε
3066 2739 3122 2796 δὲ
3179 2742 3265 2795 καὶ
3310 2738 3423 2816 τρία
3465 2737 3560 2803 ἔτη
3616 2738 3810 2808 νοήσῃς

457 2828 576 2880 tres
609 2835 796 2878 annos
841 2826 1078 2880 aetatum
1129 2829 1313 2882 status
1362 2823 1697 2904 intelligas?
1741 2827 2089 2900 Pueritiam,

2186 2829 2268 2892 τας
2321 2842 2464 2906 τρεῖς
2519 2830 2870 2892 καταστάσεις
2899 2836 3006 2885 τῶν
3062 2828 3338 2901 ἠλικιῶνς
3394 2837 3503 2892 Την
3546 2823 3806 2899 παιδικὴν,

457 2907 570 2968 hoc
597 2914 685 2968 est
713 2906 1182 2970 adolescentiam
1215 2920 1347 2971 octo
1389 2922 1444 2972 et
1493 2914 1700 2975 decem
1746 2933 2036 2977 annorum
2075 2931 2088 2976 :

2186 2916 2293 2983 ἤτοι
2350 2923 2455 2972 τὼν
2517 2918 2825 2996 μειρακίων,
2871 2917 2988 2985 ἥτις
3041 2919 3159 2994 περὶ
3201 2917 3266 2972 τα
3324 2911 3683 2972 ὀκτωκαίδεκα
3722 2910 3814 2974 ’ἐτη

459 2999 712 3071 virilem,
747 3007 807 3059 et
838 2998 1066 3059 tertiam
1100 3019 1304 3062 eorum
1337 3003 1437 3083 qui
1472 3005 1597 3084 jam
1649 3004 1936 3086 incipiunt
1969 3006 2094 3068 ﬁeri

2186 3005 2438 3082 λογίζεται
2466 3021 2479 3035 ⁵
2554 3028 2650 3072 την
2709 3004 2979 3086 ἀνδρικὴν,
3041 3006 3133 3062 καί
3179 3007 3276 3071 τὴν
3319 3006 3500 3082 τρίτην
3553 3009 3657 3057 τῶν
3719 2997 3815 3066 ἤδη

455 3087 656 3150 vetuli.
690 3087 936 3160 Quando
963 3088 1140 3166 igitur
1169 3089 1228 3150 in
1264 3091 1435 3153 tertio
1457 3113 1636 3170 anno,
1673 3085 1783 3156 hoc
1815 3103 1903 3156 est
1926 3115 2096 3156 seue-

2186 3093 2481 3173 ἆρξαμένων
2543 3093 2872 3156 πολιούσθαι,
2923 3085 3097 3151 ΗΟτοιν
3157 3095 3243 3150 οὖν
3301 3093 3355 3149 ἐν
3413 3098 3487 3166 τῷ
3535 3093 3698 3169 γήρᾳ,
3746 3111 3819 3160 τῳ

459 3185 574 3252 cta,
615 3194 733 3236 non
781 3175 990 3285 damus
1041 3177 1286 3257 fructus,
1331 3189 1387 3240 et
1444 3181 1637 3243 adhuc
1693 3183 2096 3282 per-mittimur

2186 3183 2337 3261 τρίτῳ
2367 3181 2493 3260 ἔτει,
2539 3182 2595 3237 οὗ
2628 3181 2800 3256 δῶμεν
2859 3184 3110 3262 καρποὺς,
3172 3183 3259 3242 καὶ
3315 3180 3391 3236 ’ἐτι
3451 3179 3822 3258 συγχωρηθιί-

456 3265 653 3328 vivere
683 3274 744 3326 ut
799 3265 1148 3342 adjiciamus
1201 3276 1452 3342 stercus,
1514 3270 1687 3332 vilem
1739 3271 2099 3352 pmniteutiaa

2186 3293 2275 3346 μεν
2333 3273 2490 3342 ζῆσαι
2563 3273 2692 3350 πρὸς
2756 3273 2818 3327 τὸ
2867 3270 3176 3350 περιϐαλεῖν
3235 3272 3447 3349 κοπρία,
3492 3268 3592 3335 τὴν
3637 3266 3821 3340 ἄτιμον

459 3354 631 3416 vitam
693 3363 935 3434 propter
991 3353 1289 3417 Christum
1337 3358 1721 3438 accipientes,
1779 3369 1836 3420 et
1880 3360 2098 3422 deinde

2186 3358 2264 3416 διὰ
2321 3361 2542 3439 Χριστὸν
2607 3361 2749 3431 ζωὴν
2807 3361 3223 3440 ἐπανῃρημένοι,
3296 3360 3420 3414 εἶτα
3487 3359 3575 3413 καὶ
3661 3355 3820 3415 οὕτως

457 3442 634 3505 etiam
668 3451 807 3504 tunc
842 3443 1185 3511 mentimur.
1223 3464 1341 3506 non
1372 3448 1526 3509 ultra
1559 3448 1733 3509 nobis
1765 3458 1964 3529 parcet
1989 3449 2071 3510 De

2186 3450 2507 3524 ψευσόμεθα,
2564 3453 2658 3506 οὒκ
2717 3448 2790 3504 ἔτι
2845 3451 3078 3529 φείσεται
3140 3451 3295 3524 ἡμῶν
3339 3449 3367 3503 6
3420 3447 3632 3523 Κύριος,
3706 3440 3821 3498 ἀλλ’

458 3532 788 3607 minus,sed
815 3532 1142 3607 escidet,ut
1162 3553 1236 3596 ne
1253 3535 1840 3618 frustraoccupemus
1855 3550 2094 3611 terram,

2186 3537 2421 3612 εκκόψει,
2471 3536 2562 3592 ’ἕνα
2614 3549 2693 3611 μη
2765 3545 3112 3615 καταργῶμεν
3169 3536 3265 3604 τὴν
3323 3541 3424 3612 γῆν
3493 3534 3583 3589 καὶ
3636 3530 3815 3591 ἄλλους

460 3631 518 3684 et
547 3621 692 3682 alios
722 3620 1115 3682 offendamus.
1153 3626 1222 3686 Et
1271 3624 1396 3686 haec
1442 3642 1509 3689 es
1524 3627 1738 3706 positio
1797 3627 2098 3708 proposito

2186 3626 2529 3703 βλάπτοντες.
2592 3629 2733 3694 Αὕτη
2777 3629 2810 3695 ἡ
2865 3627 3114 3705 ἐξήγησις
3159 3624 3308 3683 δοκεῖ
3350 3647 3442 3700 μοι
3481 3624 3626 3679 εἶναι
3655 3642 3817 3698 προσ-

463 3709 646 3773 textui
676 3727 936 3771 consona
967 3709 1110 3772 mihi
1135 3711 1397 3776 videtur.

543 3797 722 3861 Vsus.
769 3799 984 3860 10-17.
1028 3821 1050 3855 ιι
1086 3798 1346 3862 Docebat
1383 3811 1578 3864 autem
1612 3805 1668 3865 in
1705 3825 1818 3868 una
1850 3827 2102 3886 synagc-

463 3908 670 3970 garum
702 3887 978 3951 Sabbatis
1005 3905 1019 3949 :
1057 3898 1114 3948 et
1146 3907 1286 3951 ecce
1313 3891 1524 3952 mulier
1553 3913 1683 3973 qua:
1703 3894 1954 3956 habebat
1985 3894 2104 3974 spi-

462 3980 640 4041 ritum
666 3975 1205 4039 iutirmitatisannis
1226 3978 1433 4040 decem
1459 3989 1515 4042 et
1537 3991 1942 4064 octo,eratquc
1965 4004 2105 4044 coii-

465 4075 671 4147 tracta,
709 4085 818 4127 uec
849 4065 1093 4129 omnino
1124 4076 1351 4146 poterat
1399 4070 1635 4150 exigere
1674 4081 1847 4152 caput
1878 4089 1891 4134 :
1929 4091 2103 4152 quam

461 4175 595 4220 cum
629 4154 855 4218 videret
883 4155 1076 4234 Jesus,
1121 4155 1344 4216 vocavit
1373 4176 1512 4218 eam
1546 4158 1618 4220 ad
1645 4179 1733 4232 se,
1775 4169 1832 4222 et
1861 4161 1941 4220 ait
1972 4160 2054 4220 illi
2085 4181 2099 4224 ;

463 4246 698 4318 Mulier,
724 4243 971 4306 liberata
1000 4263 1065 4306 es
1094 4243 1166 4304 ab
1196 4244 1541 4309 infirmitate
1574 4255 1692 4312 tua.
1721 4250 1794 4311 Et
1824 4249 2108 4328 imposuit

462 4334 551 4400 illi
582 4353 814 4407 manus,
849 4341 908 4394 et
937 4333 1244 4396 confestim
1289 4345 1487 4397 erecta
1517 4345 1626 4411 est,
1658 4347 1712 4398 et
1742 4339 2108 4417 glorificab..t

461 4423 674 4487 Deum.
699 4421 1091 4502 Respondens
1113 4433 1308 4484 autem
1345 4424 1624 4505 princeps
1659 4424 1982 4506 Synagoga:
2007 4427 2106 4488 iu-

2182 3717 2436 3800 φυεστέρα
2467 3725 2542 3789 τῴ
2572 3737 2756 3788 σκοπῳ
2781 3738 2806 3771 τ
2826 3741 2853 3787 ρ
2876 3715 3231 3792 προκειμένῳ.

2271 3832 2292 3864 α
2358 3799 2452 3864 Ἠν
2512 3804 2566 3861 δὲ
2614 3803 2870 3865 διδάσκων
2927 3805 2979 3862 ἐν
3055 3811 3151 3880 μιᾷ
3214 3807 3319 3860 τῶν
3385 3807 3704 3878 συναγωγῶν
3773 3798 3827 3854 ἐν

2184 3911 2300 3961 τοῖς
2360 3893 2592 3953 Σάϐϐασι
2619 3909 2632 3922 ⁶
2695 3895 2780 3951 καὶ
2835 3893 2944 3950 ἰδοὺ
3017 3896 3148 3972 γυνὴ
3225 3893 3290 3960 ἧν
3363 3899 3569 3954 πνεῦμα
3629 3889 3828 3968 ἔχουσα

2188 3987 2452 4051 ἀσθενείας
2497 3984 2590 4050 ἔτη
2640 3982 2766 4040 δέκα
2818 3985 2906 4040 καὶ
2962 3985 3128 4062 ὀκτὼ,
3177 3985 3266 4040 καὶ
3321 3983 3386 4050 ἧν
3441 3981 3830 4056 συγκύπτουσα,

2187 4079 2274 4133 καὶ
2331 4078 2409 4149 μὴ
2466 4071 2728 4147 δυναμένη
2785 4073 3049 4148 ἀνακύψαι
3110 4074 3182 4134 εἰς
3240 4074 3300 4127 τὸ
3343 4067 3645 4131 παντελές”
3712 4063 3833 4120 ἰδὼν

2188 4163 2242 4219 δὲ
2299 4163 2461 4230 αὐτην
2521 4164 2548 4218 6
2600 4161 2806 4227 Ἰησοῦς
2868 4163 3272 4240 προσεφώνησε,
3340 4160 3424 4214 καὶ
3474 4157 3630 4213 εἶπεν
3675 4153 3828 4228 αὔτη·

2192 4254 2369 4325 Γύναι,
2433 4248 2756 4307 ἀπολέὶκυάι
2813 4255 2909 4316 τῆς
2960 4249 3226 4311 ἀσθενείας
3271 4269 3363 4304 σου
3401 4262 3413 4275 ·
3465 4247 3551 4302 καὶ
3580 4243 3834 4308 ἐπέθηκεν

2191 4346 2326 4418 αὐτῇ
2387 4341 2478 4402 τὰς
2543 4352 2758 4419 χεῖρας,
2823 4341 2910 4394 καὶ
2966 4339 3298 4418 παραχρῆμα
3366 4335 3673 4414 ἀνωρθώθη,
3749 4333 3836 4386 καὶ

2190 4429 2399 4500 ἐδόξαζε
2459 4431 2550 4485 τὸν
2611 4429 2763 4490 Θεόν,
2808 4425 3132 4507 Ἀποκριθεὶς
3186 4424 3238 4481 δὲ
3297 4429 3324 4482 6
3398 4423 3832 4503 ἀρχισυνάγωγος

464 4513 712 4593 dignans
733 4511 1153 4591 quodSabbato
1171 4523 1436 4574 sanasset
1449 4514 1883 4595 Jesus,dicebat
1896 4517 2100 4578 turbae:

2191 4520 2527 4598 ἀγανακτῶν,
2583 4515 2667 4572 ὅτι
2709 4522 2786 4589 τῷ
2845 4514 3106 4590 Σαϐϐάτῳ
3157 4515 3493 4593 ἐθεράπευσεν
3538 4515 3564 4567 6
3610 4509 3835 4575 Ἰησοῦς,

463 4605 579 4666 Sex
604 4601 734 4664 dies
757 4602 976 4662 suntin
1001 4601 1215 4682 quibus
1235 4611 1468 4682 oportet
1491 4605 1726 4683 operari
1754 4623 1767 4667 :
1803 4605 1946 4665 in‘iis
1967 4624 2107 4683 ergo

465 4692 664 4754 venite
695 4698 760 4751 ut
780 4689 1098 4762 sanemini,
1126 4698 1316 4750 etnon
1336 4689 1395 4750 in
1418 4691 1512 4752 die
1531 4690 1793 4754 Sabbati.
1831 4695 2108 4774 Ριιιεμοιι-

465 4781 613 4844 dens
645 4788 840 4842 autem
873 4778 947 4840 ad
980 4779 1144 4841 illum
1187 4777 1472 4840 Dominus
1514 4780 1660 4842 dixit
1706 4803 1719 4840 :
1767 4781 2104 4863 Hypocrita,

467 4869 874 4951 unusquisque
906 4875 1164 4930 vestrum
1197 4866 1451 4930 Sabbato
1486 4889 1683 4931 nonne
1707 4871 1878 4932 solvit
1898 4870 2106 4932 bovem

467 4978 638 5022 suum
673 4967 776 5020 aut
803 4956 1030 5018 asinum
1082 4975 1115 5017 a
1169 4956 1441 5037 praesepi,
1499 4967 1556 5018 et
1599 4959 1758 5020 ducit
1787 4964 2113 5040 aquatum?

467 5049 630 5112 Hanc
651 5056 849 5110 autem
877 5047 1058 5108 filiam
1087 5045 1359 5126 Abrahae,
1381 5065 1556 5126 quam
1589 5048 1844 5127 alligavit
1867 5046 2112 5110 Satanas

467 5158 609 5203 ecce
648 5139 858 5200 decem
911 5141 973 5198 et
1016 5145 1146 5197 octo
1180 5136 1370 5210 annis,
1425 5156 1541 5197 non
1589 5139 1846 5218 oportuit
1889 5138 2037 5198 solvi
2081 5157 2116 5198 a

467 5227 700 5291 vinculo
734 5228 846 5290 isto
865 5226 963 5288 die
991 5225 1279 5289 Sabbati?
1313 5227 1385 5288 Et
1409 5247 1541 5287 cum
1567 5228 1691 5288 haec
1713 5227 2114 5304 diceret,eru-

468 5317 793 5382 bescebant
814 5336 1023 5378 omnes
1041 5315 1361 5378 adversarii
1394 5315 1544 5396 ejus,
1572 5318 1837 5378 etomnis
1867 5317 2117 5397 populus

468 5407 764 5488 gaudebat
794 5425 978 5488 super
1006 5404 1302 5467 universis
1333 5424 1464 5485 qua:
1501 5407 1756 5483 gloriose
1786 5405 2005 5467 fiebant
2044 5405 2116 5465 ab

469 5517 562 5560 eo.
604 5522 630 5552 ι
667 5496 904 5558 Morbus
923 5495 1027 5557 illa
1043 5494 1280 5556 mulieri
1311 5494 1543 5557 diabolo
1574 5497 1870 5574 aﬂligente
1889 5495 2118 5556 accide-

469 5597 590 5668 rat,
614 5584 773 5648 sicut
803 5595 861 5647 et
885 5585 1174 5648 Dominus
1204 5583 1369 5656 dicit,
1395 5604 1567 5664 quam
1592 5585 1851 5664 alligavit
1873 5585 2117 5646 Satanas

469 5675 676 5736 decem
695 5682 753 5736 et
781 5683 912 5736 octo
934 5674 1132 5735 annis.
1161 5671 1304 5733 Nam
1329 5673 1588 5734 fortassis
1611 5682 1855 5755 propter
1878 5681 2119 5754 peccata

469 5764 811 5826 derelictam
845 5782 880 5826 ι
925 5761 1043 5825 Deo
1098 5761 1321 5842 punivit
1367 5765 1636 5827 Satanas.
1686 5762 1900 5827 Omuia
1954 5762 2115 5824 enim

2191 4595 2342 4686 ἔλεγε
2403 4613 2478 4680 τῷ
2533 4604 2686 4684 ὄχλῳ
2720 4624 2734 4638 ·
2793 4595 2901 4670 ’Ἐξ
2931 4604 3126 4683 ἡμέραι
3172 4606 3320 4680 εἰσὶν,
3363 4602 3415 4658 ἐν
3450 4603 3540 4664 αἷς
3569 4599 3650 4656 δεῖ
3676 4599 3833 4676 ἐργά-

2190 4701 2364 4768 ζεσθαι
2403 4712 2416 4725 ⁸
2478 4694 2531 4749 ὲν
2575 4695 2788 4759 ταύταις
2833 4697 2920 4750 οὗν
2979 4694 3264 4773 ἐρχόμενοι
3336 4692 3702 4770 θεραπεύεσθε,
3753 4688 3836 4742 καέ

2191 4787 2270 4860 μὴ
2326 4790 2394 4861 τῇ
2448 4784 2624 4861 ἡμέρᾳ
2679 4790 2770 4840 τοῦ
2813 4780 3108 4844 Σαϐϐἀτου,
3172 4782 3454 4858 Ἀπεκρίθη
3509 4778 3562 4834 δὲ

2197 4881 2408 4954 Κύριος,
2487 4875 2575 4930 καὶ
2638 4873 2796 4928 εἶπεν
2826 4889 2839 4902 ·
2907 4863 3218 4950 Ὑποκριτα,
3298 4870 3515 4934 ἕκαστος
3570 4869 3716 4942 ὑμῶν
3766 4872 3838 4936 τῴ

2195 4953 2448 5036 Σαϐϐάτῳ
2511 4961 2567 5018 οὐ
2626 4959 2736 5017 λύει
2789 4963 2877 5016 τὸν
2933 4962 3056 5037 βοῦν
3096 4965 3274 5026 αὐτοὺ,
3339 4970 3373 5037 '3}
3415 4959 3507 5013 τὸν
3564 4957 3681 5012 ὀνον
3738 4953 3840 5009 ἀπὸ

2195 5052 2290 5119 τῆς
2364 5053 2588 5133 φάτνης,
2677 5052 2764 5106 καὶ
2829 5050 3124 5128 ἀπαγαγὼν
3205 5051 3445 5127 ποτέζεις
3524 5047 3730 5110 Ταύτην
3788 5039 3840 5096 δὲ

2195 5129 2449 5220 θυγατέρα
2503 5139 2743 5219 Ἀϐρααμ
2787 5142 2964 5212 οὖσαν,
3006 5139 3062 5194 ἓν
3119 5137 3302 5205 ἔδησεν
3362 5140 3388 5192 ὁ
3446 5139 3685 5197 Σατανᾶς
3741 5129 3842 5187 ἰδοὺ

2197 5228 2322 5286 δέκα
2365 5231 2451 5285 καὶ
2494 5230 2637 5285 ὀκτὼ
2667 5228 2786 5303 ἔτη,
2821 5242 2915 5285 ουκ
2945 5226 3046 5284 ἔδει
3090 5226 3306 5294 λυθῆναι
3359 5226 3463 5280 ἀπὸ
3511 5230 3605 5301 to?
3659 5221 3846 5296 δεσμοῦ

2197 5319 2382 5374 τούτου
2441 5324 2507 5393 τῇ
2549 5317 2722 5396 ἡμέρα
2753 5324 2843 5373 τοῦ
2891 5314 3165 5375 Σαϐϐἀτου
3203 5336 3218 5388 ;
3268 5317 3366 5372 Καὶ
3393 5321 3557 5369 ταῦτα
3601 5311 3844 5389 λέγοντος

2201 5410 2378 5478 αὐτοῦ,
2431 5408 2834 5486 κατῃσχύνοντο
2895 5407 3090 5471 πάντες
3163 5409 3210 5460 οἱ
3268 5404 3630 5477 ἀντικείμενοι
3685 5401 3842 5470 αὐτῷ,

2200 5498 2287 5554 καὶ
2347 5502 2447 5558 πᾶς
2510 5497 2537 5551 6
2611 5494 2778 5575 ὄχλος
2837 5493 3053 5574 ἔχαιρεν
3110 5493 3194 5551 ἐπὶ
3265 5499 3396 5550 πᾶσι
3451 5504 3569 5554 τοῖς
3624 5486 3844 5553 ἐνδόξοις

2200 5600 2318 5648 τοῖς
2377 5584 2675 5664 γινομένοις
2735 5584 2823 5640 ὑπ’
2876 5584 3054 5647 αὐτοῦ,
3101 5608 3128 5639 ι
3194 5582 3282 5648 ἘΞ
3331 5580 3580 5660 ἐπηρείας
3625 5575 3849 5634 διαϐολιο

2202 5678 2302 5744 κῆς
2357 5676 2418 5731 τὸ
2463 5675 2627 5736 πάθος
2660 5679 2814 5731 τοῦτο
2844 5679 2910 5750 τῇ
2951 5675 3162 5752 γυναικὶ
3219 5668 3434 5743 συνέϐη,
3497 5671 3631 5725 καθα
3659 5665 3724 5734 δὴ
3767 5669 3851 5722 καὶ

2202 5767 2230 5821 6
2290 5764 2474 5842 Κύριός
2505 5783 2666 5844 φησιν
2702 5776 2716 5792 ⁸
2752 5762 2816 5830 ἢν
2847 5761 3031 5830 ἔδησεν
3089 5766 3118 5820 6
3162 5766 3400 5823 Σατανᾶς
3456 5756 3550 5826 ἔτη
3601 5755 3724 5814 δέκα
3765 5759 3852 5813 καὶ

3623 4777 3685 4833 αὖ
3691 4785 3761 4832 τῶ
3811 4777 3836 4824 ἒ·
