4132 6298
300 458 416 523 917

1022 462 1465 539 ΕΝΑΒΗΑΤΙΟ
1492 465 1573 527 ΙΝ
1620 463 1962 527 EVANGEI

2050 464 2126 523 ΙΜ
2174 460 2414 526 [ιυϐιΕ.
2462 499 2540 509 -
2583 466 2746 529 CAP.
2784 466 2943 529 XIII.

3550 463 3669 529 918

297 594 461 655 ὀκτώ.
537 590 712 656 ’Ίσως
785 593 884 672 γὰρ
952 590 1036 649 διὰ
1120 593 1423 669 πταίσματά
1506 617 1623 652 τινα
1705 596 1935 675 ἐγκατα-

2050 596 2177 658 nala
2199 598 2474 659 humanis
2506 599 2856 679 corporibus
2886 599 3067 664 Satan
3107 600 3307 675 infert,
3343 599 3587 681 quando
3618 594 3679 660 ei

300 686 605 762 λειφθετσαν
660 682 762 738 ὑπὸ
822 689 953 740 Θεοῦ
1004 680 1321 760 ἐτιμωρεῖτο
1373 684 1401 738 6
1451 689 1714 748 Σατανᾶς.
1758 686 1943 763 Παραί-

303 794 412 835 τιος
468 770 568 847 γάρ
626 770 736 826 ἐστι
794 783 913 834 τοῖς
964 773 1069 827 τῶν
1124 771 1410 850 ἀνθρώπων
1486 772 1696 847 σώμασι
1740 775 1951 830 πάντων

303 868 407 916 τῶν
458 859 753 938 δυσχερῶν,
814 860 943 916 ὅταν
1001 858 1196 916 ἄνωθεν
1257 861 1399 937 παρὰ
1469 862 1601 917 Θεοῦ
1656 884 1951 942 συγχωρη-

300 951 415 1016 θείη
446 964 459 978 '
521 950 636 1005 επεὶ
682 949 768 1004 καὶ
812 946 864 1013 ἒξ
920 948 1097 1027 ἀρχῆς
1149 953 1304 1012 αὐτὸς
1346 950 1482 1024 ἡμῖν
1527 950 1772 1028 πρόξενος
1828 954 1951 1027 ἒγε-

302 1040 447 1114 γόνει
505 1044 598 1094 τοῦ
666 1038 914 1094 ἐκπεσεῖν
999 1037 1097 1112 μὲν
1178 1043 1276 1104 τῆς
1362 1038 1676 1119 ἀφθαρσίας,
1761 1038 1841 1118 ἐφ’
1921 1038 1955 1113 ᾗ

303 1129 643 1202 ἐκτίσθημεν,
704 1133 904 1203 νοτερῷ
960 1124 1015 1180 δὲ
1077 1125 1284 1201 σώματι
1340 1128 1427 1188 καὶ
1495 1131 1675 1184 παθῶν
1733 1125 1956 1200 δεκτικῴ

304 1212 653 1294 προσδεθηναι
691 1230 703 1243 ⁸
762 1216 882 1277 τοὺς
953 1211 1295 1293 δερματίνους
1352 1215 1450 1291 γὰρ
1509 1221 1744 1294 χιτῶνας
1803 1222 1955 1271 τοῦτο

307 1312 532 1379 νοοῦμεν
620 1303 854 1374 πάντως,
944 1293 1001 1360 Ὀ
1057 1303 1236 1378 μέντοι
1289 1304 1472 1382 Κύριος
1526 1305 1954 1383 θεοπρεπεστάτῃ

308 1399 460 1472 φωνῇ
530 1393 617 1447 καὶ
676 1390 906 1456 ἐξουσίας
960 1392 1196 1469 γεμούσῃ
1254 1397 1351 1459 τῆς
1432 1394 1682 1470 γγναικὸς
1760 1394 1954 1459 ταύτης

306 1485 400 1550 τὴν
462 1482 612 1538 νόσον
685 1480 915 1541 ἐλαύνει.
988 1479 1289 1548 Ἐπιτίθησι
1365 1479 1419 1537 δέ
1478 1482 1560 1537 καὶ
1609 1483 1703 1547 τὰς
1762 1496 1954 1561 χεῖρας

304 1576 465 1646 αὒτῇ,
521 1570 615 1625 ἵνα
681 1570 957 1648 μάθωμεν,
1002 1568 1082 1625 ὅτι
1126 1570 1225 1636 τὴν
1268 1579 1361 1628 τοῦ
1421 1568 1581 1647 λόγου
1630 1569 1844 1646 δύναμίν
1898 1592 1954 1626 τε

304 1663 393 1717 καὶ
447 1659 712 1738 ἐνέργειαν
767 1659 803 1724 in
854 1658 979 1736 ἁγία
1036 1658 1307 1738 πεφόρηκε
1365 1657 1489 1731 σάρξ
1524 1678 1539 1693 ·
1601 1657 1700 1715 ἰδία
1760 1661 1857 1738 γὰρ
1888 1660 1953 1726 ἧν

304 1751 488 1823 α’›τοῦ,
546 1751 633 1805 καὶ
676 1750 780 1827 οὐχ
839 1746 1019 1825 ἐτέρου
1058 1749 1202 1811 τινὸς
1244 1748 1372 1826 παρ’
1416 1749 1571 1804 αὖτὸν
1602 1746 1751 1811 ὄντος
1795 1768 1956 1804 κατα-

2033 703 2065 744 a
2099 685 2348 747 Domino
2381 688 2742 767 permittitur
2775 706 2787 750 :
2822 688 3299 769 quandoquidem
3334 689 3506 751 nobis
3529 687 3675 750 etab

2036 772 2202 833 initio
2234 785 2439 836 auctor
2469 775 2575 835 fuit
2617 775 2753 835 587
2798 787 2860 838 ut
2891 777 2962 837 ab
2996 777 3444 859 incorruptione
3474 778 3532 839 in
3564 795 3682 858 qua

2038 862 2254 923 conditi
2279 862 3034 941 fuimus,excideremus,et
3052 866 3288 929 inﬁrmo
3310 866 3681 947 passionum-

2039 968 2153 1026 que
2183 952 2382 1030 capaci
2415 953 2650 1033 corpori
2676 953 2898 1032 alligati
2926 972 3214 1018 essemus.
3243 957 3367 1018 Hoc
3391 955 3549 1017 enim
3577 973 3684 1033 per

2043 1038 2155 1117 pell
2169 1038 2324 1099 iceas
2338 1042 2567 1101 tunicas
2585 1041 3078 1120 intelligimusAt
3096 1043 3381 1106 Dominus
3403 1061 3543 1104 voce
3560 1046 3682 1107 Deo

2039 1126 2384 1203 dignissima
2416 1137 2818 1210 potestateque
2848 1130 3324 1208 plenamulieris
3342 1134 3514 1193 istius
3532 1150 3683 1193 mor-

2042 1213 2176 1273 bum
2202 1216 2380 1294 fugat.
2405 1216 2659 1296 Impouit
2681 1226 2877 1279 autem
2906 1219 2959 1280 ei
2986 1231 3047 1280 et
3070 1238 3279 1280 manus
3304 1229 3366 1281 ut
3385 1220 3685 1282 discamus

2039 1302 2195 1381 quod
2231 1304 2336 1365 Dei
2370 1324 2707 1366 sermonem
2744 1306 3141 1388 virtutemque
3173 1315 3231 1368 et
3279 1307 3682 1386 operationem

2038 1399 2238 1451 sancta
2270 1410 2404 1453 caro
2452 1393 2746 1456 habuerit.
2784 1397 2903 1457 Sua
2953 1395 3113 1456 enim
3165 1397 3403 1477 propria
3449 1403 3593 1469 erat,
3628 1404 3686 1457 et

2038 1497 2155 1538 non
2184 1480 2422 1542 alterius
2450 1484 2780 1561 cujuspiam
2808 1482 2921 1544 sibi
2937 1484 3296 1552 assistentis.
3328 1496 3390 1546 et
3420 1485 3685 1564 proprie-

2039 1574 2153 1627 tate
2175 1586 2442 1645 personae
2469 1571 2910 1649 separati,sicut
2933 1572 3010 1633 im
3021 1574 3114 1652 pio
3131 1570 3405 1635 Nestorio
3429 1572 3680 1636 videtur.

2038 1653 2220 1731 Igitur
2251 1666 2409 1717 tanta
2440 1658 2677 1738 quidem
2705 1659 2937 1721 Domini
2972 1660 3327 1739 benignitas,
3363 1669 3422 1720 ut
3446 1663 3682 1740 proprio

2041 1743 2319 1821 ﬁgmento
2360 1746 2697 1807 misericors
2727 1758 2904 1810 esset.
2940 1747 3185 1810 Satanas
3215 1767 3352 1809 vero
3375 1748 3473 1829 qui
3517 1748 3684 1828 prius

307 1841 472 1913 μόνας
541 1840 628 1894 καὶ
710 1834 1122 1900 ίδιοῦποστάτως
1200 1836 1628 1916 κεχωρισμένου,
1688 1838 1821 1893 καθὰ
1891 1835 1954 1903 δὴ

2050 1832 2348 1894 mulierem
2382 1834 2743 1915 alligaverat,
2773 1836 2963 1897 morbi
2997 1836 3354 1899 solutionem
3386 1837 3685 1911 dolens,et

308 1930 572 2001 Νεστορίῳ
627 1934 704 2001 τῷ
743 1923 987 1985 δυσσεϐεῖ
1047 1924 1219 1989 δοκεῖ,
1271 1918 1333 1983 Ἠ
1402 1926 1500 2001 μὲν
1544 1926 1633 1983 οὖν
1691 1925 1956 2005 ἆγαθότης

304 2026 397 2073 τοῦ
445 2015 637 2095 Κυρίου
686 2015 932 2094 τοιαύτη,
991 2016 1077 2071 καὶ
1150 2013 1288 2071 οῧτω
1341 2016 1403 2071 τὸ
1467 2016 1668 2071 οἰκεῖον
1739 2014 1965 2091 πλάσμα

306 2106 558 2173 ἠλέησεν.
622 2095 681 2161 Ὀ
737 2102 793 2159 δὲ
866 2103 918 2169 ἐξ
979 2106 1157 2183 ἀρχῆς
1227 2104 1326 2170 τὴν
1386 2117 1615 2182 γυναῖκα
1695 2101 1966 2183 δεσμήσας

307 2202 572 2269 Σατανᾶς,
637 2194 941 2273 ἀχθόμενος
998 2178 1297 2269 τῆξ-ταύτης
1328 2178 1503 2272 λύσει,
1536 2194 1631 2249 οἶα
1658 2178 1825 2250 θέλων
1883 2178 1968 2249 ἐπὶ

305 2286 496 2343 πλεῖον
556 2286 945 2363 κακουχεϊσθαι
994 2284 1180 2358 αὖτὴν,
1238 2282 1427 2358 δεσμεῖ
1458 2286 1549 2340 τὸν
1579 2284 1963 2364 ἀρχισυνάγω-

308 2400 402 2454 γον
476 2382 551 2449 τῷ
606 2374 802 2453 φθόνῳ,
862 2374 952 2431 καὶ
1002 2371 1087 2428 διὰ
1151 2373 1244 2430 τοῦ
1301 2374 1563 2449 στόματος
1616 2374 1804 2432 τούτου
1862 2374 1961 2430 ἐπ-

312 2463 523 2542 ηρεάζει
554 2468 631 2535 τῷ
656 2463 880 2537 θαύματι
914 2477 927 2490 ·
992 2460 1156 2525 οὕτως
1190 2460 1288 2539 Ξίρα
1319 2470 1598 2542 πανταχοῦ
1636 2476 1746 2527 τοῖς
1775 2462 1966 2526 καλοῖς

304 2554 618 2610 ἐπιτίθεται.
686 2550 1014 2627 Ἀγανακτεϊ
1057 2552 1146 2605 οὖν
1190 2548 1270 2606 ὅτι
1319 2549 1373 2606 ἐν
1421 2548 1676 2624 Σαϐϐάτῳ
1719 2554 1753 2619 ἡ
1806 2555 1965 2628 θερα-

307 2646 432 2697 πεία
492 2640 703 2719 γέγονε,
761 2639 819 2693 ὃν
883 2640 911 2693 6
976 2638 1162 2717 Κύριος
1220 2639 1562 2718 χαριεστάτῳ
1617 2638 1966 2717 ὑποδείγματι

303 2738 411 2786 τῶν
471 2728 679 2805 ἀλόγων
751 2727 900 2798 ζώων
971 2725 1187 2805 ἐλέγχει
1219 2743 1232 2756 ⁸
1296 2726 1413 2782 ὅθεν
1471 2729 1531 2784 ού
1587 2728 1748 2803 μόνος
1810 2729 1968 2791 αὐτὸς

303 2833 421 2880 τοῖς
480 2818 736 2881 τοιούτοις
790 2815 994 2896 λόγοις,
1048 2815 1186 2873 ἆλλᾶ
1236 2817 1325 2873 καὶ
1381 2816 1574 2879 πάντες
1620 2816 1844 2874 οίᾶλλοι
1878 2816 1967 2873 άν-

302 2909 591 2982 τιιιείμενοι
636 2911 712 2978 τῷ
767 2902 946 2972 Ἰησοῦ
992 2906 1096 2961 ἀπὸ
1146 2906 1251 2961 τῶν
1299 2906 1477 2982 λόγων
1535 2906 1963 2984 κατῃσχύνοντο·

313 2998 441 3054 ⁸Χίαν
522 2996 620 3075 γὰρ
696 2995 760 3062 ἧν
843 2994 1071 3061 ἀνόητον
1152 2996 1215 3050 τὸ
1284 2992 1511 3051 κωλύειν
1584 2990 1964 3071 θεραπευθῆναι

310 3086 586 3163 ἄνθρωπον
642 3083 697 3141 ἐν
755 3080 1037 3158 Σαϐϐάτῳ,
1098 3082 1182 3139 διὰ
1236 3085 1335 3149 τὴν
1407 3084 1591 3160 ἀγρίαν
1651 3080 1805 3149 δῆθεν
1862 3082 1962 3149 τήν

308 3178 412 3232 ὕπὸ
469 3176 564 3231 τοῦ
631 3174 795 3248 νόμου
867 3180 943 3247 τῷ
1017 3170 1278 3247 Καϐϐάτῳ
1344 3171 1835 3251 προστεταγμένην.
1906 3173 1963 3228 Οἱ

307 3268 407 3339 μὶν
451 3272 539 3321 οῦν
600 3262 951 3336 ἀντικείμενοι
996 3267 1073 3334 τῷ
1119 3261 1294 3329 Ἰησοῦ
1350 3261 1455 3317 ἀπὸ
1484 3266 1589 3317 τῶν
1621 3260 1795 3339 λόγων
1825 3282 1960 3316 κατ-

307 3354 635 3433 ῃσχύνοντο,
701 3352 749 3408 οἱ
806 3349 859 3406 δὲ
918 3348 1081 3430 ὄχλοι
1140 3350 1361 3430 ἔχαιρον
1393 3349 1479 3406 ἐπὶ
1506 3362 1624 3414 τοῖς
1658 3348 1857 3428 ἔργοις,
1896 3351 1969 3414 ὡς

309 3445 513 3500 ἐκεῖνοι
571 3462 632 3518 γε
681 3452 798 3505 τοῖς
845 3438 1017 3519 ἔργοις
1074 3441 1167 3498 οὔκ
1223 3438 1469 3519 ἔχαιρον,
1502 3437 1622 3495 ἀλλ’
1654 3438 1973 3509 ἒξετήκοντο

306 3538 830 3608 θαυματουργοῦντος
916 3531 1009 3585 τοῦ
1082 3535 1324 3607 Χριστοῦ.
1405 3530 1465 3585 Οἱ
1532 3527 1588 3584 δὲ
1645 3534 1738 3584 τοῦ
1799 3527 1974 3607 ὄχλου

308 3624 406 3678 υἷα
462 3618 823 3699 ὠφελούμενοι
883 3618 944 3676 ἐκ
984 3624 1089 3674 τῶν
1152 3618 1419 3695 σημείων,
1479 3616 1725 3697 ἔχαιρον,
1772 3618 1973 3703 ίάσεων

310 3709 695 3773 ἀπολαύοντες.
742 3714 917 3766 Ταῦτα
959 3705 1015 3763 δέ
1060 3731 1151 3783 μοι
1195 3705 1430 3783 λάμϐανε
1472 3708 1539 3762 τὰ
1589 3707 1830 3781 θαύματα
1873 3729 1961 3792 καὶ

305 3801 395 3856 επὶ
451 3799 541 3854 τὸν
586 3797 732 3861 ἐντὸς
793 3794 1064 3874 ἄνθρωπον
1104 3813 1116 3827 ⁸
1182 3796 1469 3875 συγκύπτει
1542 3795 1641 3874 γὰρ
1684 3797 1718 3863 ἡ
1782 3797 1969 3885 ψυχὴ,

310 3888 436 3944 ὅταν
491 3885 595 3942 ἐπὶΔ
634 3886 727 3950 τὰς
789 3890 990 3963 γηῖνας
1069 3884 1235 3961 μόνας
1323 3880 1598 3963 φροντίδας
1654 3884 1809 3960 νεύῃ,
1879 3880 1969 3953 mi

313 3975 477 4051 μηδὲν
531 3975 772 4053 οὖράνιον
815 3974 849 4042 ἢ
904 3980 1051 4030 θεῖον
1109 3971 1438 4054 φαντάζηται
1474 3990 1491 4009 ⁸
1551 3971 1632 4028 διὸ
1690 3976 1779 4029 καὶ
1832 3974 1974 4029 ὀκτὼ

311 4066 397 4121 καὶ
426 4063 549 4120 δέκα
581 4062 674 4130 ἔτη
707 4076 883 4120 νοσεῖν
940 4061 1173 4140 λέγεται,
1229 4060 1397 4119 ’Ὅταν
1446 4063 1543 4139 γὰρ
1574 4083 1655 4123 τις
1696 4063 1813 4138 περὶ
1872 4063 1972 4127 τὴν

312 4155 535 4232 τήρησιν
606 4158 713 4208 τῶν
770 4150 997 4207 ἐντολῶν
1054 4158 1147 4207 τοῦ
1201 4149 1339 4206 θείου
1384 4151 1568 4225 νόμου,
1617 4148 1819 4214 αῗτίνές
1871 4152 1968 4206 εἷθ’ι

309 4242 455 4316 δέκα,
517 4243 603 4297 καὶ
659 4242 776 4319 περὶ
834 4241 934 4307 τὴν
985 4239 1169 4296 ἐλπίδα
1199 4247 1291 4296 τοῦ
1318 4237 1503 4317 ὀγδόου
1529 4240 1717 4304 αἰῶνος
1748 4239 1966 4319 ἆώενῇ,

318 4329 442 4384 δέκα
498 4330 585 4385 καὶ
629 4330 772 4385 ὀκτὼ
800 4329 895 4395 ἔτη
927 4328 1245 4407 συγκύπτειν
1289 4326 1502 4406 λέγεται
1538 4345 1552 4358 '
1605 4327 1640 4395 ἢ
1674 4327 1778 4407 οὔχ
1834 4329 1862 4384 6
1901 4334 1968 4403 τῇ

2050 1938 2182 1991 eam
2214 1923 2464 2001 amplius
2487 1923 2750 2003 afﬂigere
2780 1924 3049 2004 cupiens,
3101 1925 3298 2005 alligat
3347 1925 3680 2006 principem

2050 2007 2373 2089 Synagogae
2401 2012 2634 2084 invidia,
2679 2022 2737 2075 et
2772 2032 2877 2093 per
2921 2032 2987 2074 os
3035 2014 3165 2093 ejus
3193 2014 3545 2078 miraculum
3578 2033 3682 2076 ca-

2050 2097 2406 2161 lumniatur:
2448 2117 2612 2165 more
2641 2102 2803 2162 enim
2835 2121 2941 2162 suo
2966 2101 3141 2165 bonis
3172 2102 3391 2184 ubique
3413 2102 3683 2184 imponit.

2050 2183 2389 2262 Indignatur
2419 2207 2557 2268 ergo
2595 2190 2753 2269 quod
2784 2190 2844 2251 in
2876 2190 3131 2254 Sabbato
3162 2183 3401 2253 sanatur
3445 2211 3459 2252 :
3505 2183 3687 2271 quem

2052 2278 2340 2338 Dominus
2372 2278 2789 2357 pulcherrimis
2811 2278 3101 2358 exemplis
3125 2278 3437 2341 brutorum
3458 2279 3688 2341 anima-

2050 2367 2191 2427 lium
2224 2368 2435 2445 arguit.
2461 2366 2632 2429 Unde
2655 2388 2771 2430 non
2806 2369 2935 2449 ipse
2952 2377 3173 2431 tantum
3208 2369 3425 2432 talibus
3454 2389 3686 2433 sermo-

2050 2454 2245 2528 nibus,
2283 2456 2387 2516 sed
2422 2464 2480 2517 et
2511 2475 2718 2517 omnes
2746 2457 2846 2518 alii
2896 2458 2998 2538 qui
3030 2459 3494 2521 adversabantur
3519 2458 3684 2534 Jesu,

2050 2544 2579 2606 confundebantur.
2608 2544 2826 2624 Magna:
2849 2548 3006 2608 enim
3032 2548 3297 2610 stultitia;
3316 2557 3461 2620 erat,
3492 2548 3693 2627 prohi-

2052 2633 2194 2693 bere
2238 2634 2537 2696 hominem
2590 2635 2785 2695 sanari
2834 2636 2893 2696 in
2926 2635 3183 2698 Sabbato
3216 2648 3458 2716 propter
3501 2636 3686 2700 otium

2055 2723 2205 2802 quod
2241 2722 2435 2801 aliqua
2469 2741 2535 2783 ex
2573 2733 2738 2803 parte
2770 2724 2830 2784 in
2868 2723 3126 2787 Sabbato
3162 2726 3253 2787 lex
3303 2735 3690 2806 praeceperat.

2060 2812 2238 2889 Igitur
2285 2810 2383 2890 qui
2432 2811 2898 2873 adversabantur
2940 2815 3104 2884 Jesu,
3155 2814 3688 2877 confundebantur.

2057 2899 2270 2960 Turba:
2317 2907 2509 2960 autem
2543 2899 2882 2977 gaudebant
2928 2901 2987 2961 in
3044 2903 3345 2980 operibus,
3397 2903 3551 2964 sicut
3606 2903 3693 2965 illi

2051 2986 2333 3067 operibus
2366 3006 2480 3047 non
2512 2988 2870 3066 gaudebant,
2904 2989 3008 3049 sed
3038 2990 3434 3065 iusaniebant,
3460 2990 3691 3054 Christo

2050 3076 2300 3137 faciente
2332 3076 2718 3138 miracula.At
2743 3076 2926 3139 turbae
2958 3096 3022 3138 ex
3060 3078 3361 3141 miraculis
3381 3080 3691 3143 utilitatem

2049 3164 2471 3245 percipientes,
2506 3164 2865 3242 gaudebant,
2892 3166 3145 3228 maxime
3177 3168 3331 3248 quod
3364 3169 3690 3231 sanationi-

2056 3252 2162 3313 bus
2192 3253 2551 3313 fruerentur.
2586 3252 2885 3332 Intelligas
2916 3263 3138 3328 autem,
3176 3275 3303 3331 oro,
3339 3255 3691 3319 miraculum

1990 3321 2029 3369 C
2060 3341 2216 3402 ismd
2250 3342 2424 3402 etiam
2458 3342 2531 3403 de
2564 3321 3085 3407 internovhomine.
3125 3344 3468 3407 Incurvatur
3496 3346 3694 3409 anima

2060 3434 2292 3521 quando
2323 3434 2393 3495 ad
2430 3442 2700 3496 terrenas
2735 3442 2958 3495 tantum
3005 3455 3179 3498 curas
3211 3437 3415 3516 vergit,
3454 3445 3513 3498 et
3543 3436 3691 3500 nihil

2057 3523 2305 3586 caeleste
2328 3522 2416 3584 vel
2436 3522 2692 3584 divinum
2718 3542 2917 3585 secum
2939 3525 3458 3605 concipit.ldcirco
3482 3526 3693 3588 decem

2058 3624 2113 3674 et
2142 3621 2273 3674 octo
2305 3612 2474 3672 annis
2503 3619 2788 3689 aegrotare
2829 3613 3066 3677 dicitur.
3098 3614 3343 3686 Quando
3371 3616 3526 3676 enim
3562 3616 3695 3695 quis

2052 3703 2111 3764 in
2131 3701 2542 3763 observatione
2567 3702 2976 3763 mandatorum
3001 3703 3218 3765 divina:
3236 3704 3535 3786 legisquze
3553 3717 3697 3768 sunt

2053 3792 2282 3859 decem,
2320 3796 2380 3853 et
2412 3789 2469 3850 in
2496 3809 2602 3870 spe
2633 3789 2825 3852 octavi
2853 3792 3053 3853 saeculi
3082 3793 3353 3855 inﬁrmus
3374 3793 3573 3868 fuerit,
3600 3794 3698 3855 de-

2056 3900 2184 3941 cem
2218 3886 2278 3940 et
2307 3888 2437 3940 octo
2460 3878 2631 3940 annis
2661 3878 2881 3941 dicitur
2907 3882 3221 3943 incurvari.
3250 3883 3461 3943 Annon
3493 3882 3697 3944 incur-

2054 3978 2222 4030 vatur
2250 3978 2305 4029 et
2340 3967 2707 4029 contrahitur
2737 3969 2835 4048 qui
2886 3972 3144 4034 terrenis
3175 3971 3444 4033 addictus
3493 3979 3699 4053 peccat

2056 4075 2319 4137 semper,
2353 4056 2625 4118 mandata
2655 4057 2955 4137 reprobat,
2997 4068 3054 4120 et
3102 4059 3363 4121 futurum
3415 4060 3695 4121 saeculum

2059 4166 2174 4207 non
2208 4144 2558 4222 exspectat?
2589 4144 2701 4205 Sed
2738 4145 3021 4207 Dominus
3052 4147 3110 4207 in
3134 4147 3389 4209 Sabbato
3422 4157 3479 4209 et
3510 4148 3698 4229 Syria:-

2050 4253 2196 4314 goga
2228 4242 2394 4295 sanat
2424 4235 2597 4293 talem
2644 4234 2926 4295 animam.
2973 4235 3218 4307 Quando
3268 4237 3428 4297 enim
3476 4238 3608 4317 quis
3637 4237 3697 4297 in

2051 4323 2248 4403 seipse
2300 4322 2525 4401 colligit
2574 4321 2966 4383 Confessionis
3015 4325 3403 4402 cogitationes
3451 4342 3463 4387 :
3513 4324 3697 4387 Judas

313 4424 382 4492 γῇ
437 4417 842 4492 προσκείμεννς,
894 4418 977 4472 καὶ
1036 4416 1353 4495 ἁμαρτάνων
1406 4416 1487 4472 ἀεὶ
1548 4416 1639 4477 τάς
1697 4437 1753 4471 τε
1814 4416 1962 4472 ἐντο-

2053 4411 2207 4472 enim
2268 4411 2557 4472 confessio
2604 4411 2841 4490 dicitur,
2895 4422 2950 4473 et
2995 4411 3315 4474 Sabbatum
3368 4422 3552 4494 tenet,
3588 4414 3698 4477 hoc

317 4506 410 4568 λας
446 4506 645 4585 ἀθετεῖ,
700 4507 789 4562 καὶ
835 4506 923 4561 τὸν
968 4504 1233 4581 μέλλοντα
1266 4506 1428 4561 αἰῶνα
1457 4505 1517 4563 όῦ
1559 4503 1913 4585 προσδέχεται
1950 4525 1962 4585 ς

2054 4510 2165 4577 est,
2200 4501 2442 4561 feriatur
2472 4520 2504 4560 a
2558 4500 2727 4561 malis
2760 4518 2772 4561 :
2814 4510 2951 4562 tunc
2983 4522 3116 4563 eum
3158 4513 3321 4564 sanat
3349 4505 3545 4579 Jesus,
3581 4522 3699 4564 non

316 4592 464 4651 Ἀλλ’
497 4597 524 4650 6
567 4594 758 4671 Κύριος
789 4595 844 4651 ἓν
900 4592 1159 4667 Σαϐϐάτῳ
1215 4596 1303 4651 καὶ
1348 4595 1644 4672 Συναγωγῆ
1691 4596 1962 4673 θεραπεύει

2059 4609 2335 4653 sermone
2364 4598 2586 4650 tantum
2616 4590 2822 4650 dicens
2845 4590 2897 4651 ei
2926 4612 2938 4653 :
2977 4590 3280 4653 Liberatus
3300 4601 3421 4652 esto
3444 4591 3519 4653 ab
3536 4592 3700 4652 inﬁr-

319 4686 416 4750 τὴν
472 4685 723 4751 τοιαύτην
770 4685 979 4763 ψυχήν.
1042 4674 1219 4741 υΟταν
1274 4685 1372 4761 γὰρ
1446 4682 1719 4761 συναγάγῃ
1776 4705 1853 4748 τις
1912 4684 1962 4740 ὲν

2054 4681 2251 4743 mitate
2286 4689 2379 4739 tua
2415 4698 2427 4741 :
2478 4681 2582 4739 sed
2628 4687 2685 4739 et
2719 4698 2928 4741 manus
2960 4679 3295 4760 imponens.
3332 4682 3495 4761 Opus
3537 4685 3697 4743 enim

322 4773 491 4846 ἑαυτῷ
548 4774 670 4836 τοὺς
724 4772 817 4840 τῆς
878 4771 1316 4851 ἐξομολογήσεως
1370 4770 1657 4849 λογισμούς
1692 4786 1707 4802 ⁸
1770 4770 1962 4835 Ἰούδας

2050 4780 2137 4830 est
2171 4768 2339 4829 nobis
2371 4777 2431 4828 ut
2461 4769 2533 4828 ad
2585 4768 2951 4849 operantium
3004 4788 3184 4849 opera
3229 4770 3457 4830 virtutis
3504 4770 3700 4831 susci~

322 4862 419 4939 γὰρ
490 4861 876 4940 ἐξομολόγησις
955 4861 1165 4940 λέγεται
1199 4881 1214 4897 ⁶
1296 4862 1384 4916 καὶ
1450 4858 1719 4916 Σάϐϐατον
1777 4863 1961 4941 σχοίη,

2052 4860 2278 4940 piamus
2312 4866 2369 4919 et
2396 4858 2726 4919 divinarum
2776 4876 3054 4918 manuum
3097 4860 3604 4939 cooperationem,
3641 4868 3699 4920 et

317 4950 581 5006 τουτέστιν
652 4952 835 5029 ἀγρίαν
908 4951 1014 5007 ἀπὸ
1070 4958 1176 5007 τῶν
1233 4950 1434 5020 κακῶν,
1495 4949 1614 5005 τότε
1692 4950 1962 5027 Θεραπεύει

2053 4968 2167 5009 non
2203 4966 2304 5027 per
2354 4947 2544 5008 solum
2595 4946 2838 5008 verbum
2888 4956 2945 5008 et
3004 4946 3425 5010 instructiones
3472 4948 3702 5010 erudiri

323 5042 477 5098 αὑτὸν
536 5044 562 5097 6
625 5039 856 5116 Ἰησοῦς,
891 5040 948 5098 οὒ
978 5038 1122 5118 λόγῳ
1153 5040 1301 5115 μόνῳ
1357 5038 1529 5117 λέγων
1561 5040 1701 5111 αὖτῴ
1731 5036 1962 5095 Ἀπολέ-

2050 5036 2334 5111 contenti,
2376 5045 2648 5117 putemus
2681 5055 2785 5097 nos
2817 5040 3125 5098 sanitatem
3160 5045 3533 5098 Consecutos.

322 5129 474 5185 λοισαι
504 5132 603 5196 τῆς
636 5131 903 5192 ἀσθενείας
937 5152 1050 5209 σου,
1082 5128 1220 5185 ἀλλὰ
1249 5129 1335 5184 καὶ
1365 5128 1458 5191 τὰς
1489 5142 1684 5206 χεῖρας
1728 5126 1921 5191 ἐπιθείς
1966 5126 2047 5183 δεῖ
2105 5129 2203 5205 γὰρ
2248 5129 2391 5201 ἡμᾶς
2433 5130 2517 5182 καὶ
2551 5128 2648 5193 τὴν
2682 5136 2784 5183 τῶν
2812 5128 2961 5183 Ἷείων
2997 5135 3190 5206 χειρῶν
3238 5128 3511 5205 συνεργίαν
3567 5129 3699 5205 πρὸς

318 5220 376 5275 τὸ
407 5219 655 5297 πράττειν
686 5222 749 5276 τα
780 5226 877 5288 τῆς
910 5219 1100 5299 ἀρετῆς
1157 5219 1285 5297 ἔργα
1337 5216 1599 5290 δέξασθαο,
1661 5218 1747 5272 καὶ
1805 5219 1882 5293 μὴ
1938 5216 2021 5273 διὰ
2079 5215 2237 5293 λόγον
2297 5217 2459 5292 μόνον
2517 5220 2604 5272 καὶ
2656 5218 3018 5295 κατηχήσεως
3049 5217 3145 5285 τὴν
3175 5218 3451 5290 θεραπείαν
3513 5214 3699 5273 λαϐεῖν

319 5307 596 5373 δοκοῦντας
629 5310 940 5387 ἀρκεσθῆναι
952 5357 965 5371 ,

406 5424 427 5449 ι
468 5397 679 5477 ’Ἔλεγε
721 5396 801 5473 δὲ,
833 5400 943 5457 Τίνι
977 5398 1134 5473 ὁμοία
1186 5397 1326 5454 ἐστιν
1358 5399 1392 5466 ἡ
1423 5395 1662 5473 βασιλεία
1693 5404 1785 5455 τοῦ
1814 5402 1966 5471 Θεοῦ,

320 5489 407 5543 καὶ
456 5489 554 5543 τίνι
613 5488 866 5561 ὁμοιώσω
926 5490 1139 5563 αὐττξν;
1203 5479 1390 5562 εΟμοία
1447 5485 1555 5542 ἐστὶ
1612 5485 1789 5557 κόκκῳ
1818 5485 1967 5540 σινά-

321 5599 487 5652 πεως,
535 5579 590 5632 ὃν
624 5574 800 5633 λαϐὼν
862 5575 1133 5657 ἅνθρωπος
1180 5575 1365 5633 ἔϐαλεν
1409 5577 1479 5641 εἰς
1530 5580 1704 5641 κῆπον
1761 5574 1966 5643 ἑαυτοῦ,

321 5668 406 5721 καὶ
476 5665 701 5743 ηὔξησε,
763 5668 850 5722 καὶ
907 5666 1118 5745 ἐγένετο
1167 5668 1240 5729 εἰς
1299 5664 1503 5743 δένδρον
1553 5664 1715 5740 μέγα,
1768 5665 1856 5718 καὶ
1908 5664 1974 5719 τὰ

322 5756 540 5810 πετεινὰ
585 5757 680 5812 τοῦ
744 5755 959 5832 ο-ἶρανοῦ
1009 5756 1420 5823 κατεσκήνωσαν
1479 5752 1531 5807 ἓν
1591 5764 1707 5813 τοῖς
1762 5749 1974 5814 κλάδοις

2138 5396 2317 5455 Vens.
2362 5395 2569 5456 l8-9‘2.
2616 5420 2639 5449 α
2679 5393 2924 5458 Dicebat
2960 5414 3097 5473 ergo
3137 5415 3150 5457 :
3204 5392 3310 5456 Cui
3360 5392 3557 5454 simile
3614 5401 3703 5455 est

2056 5500 2301 5563 regnum
2330 5483 2484 5547 Dei?
2515 5494 2569 5544 et
2597 5488 2687 5545 cui
2715 5482 2912 5545 simile
2933 5484 3138 5545 faciam
3175 5482 3359 5544 illud?
3382 5480 3585 5545 Simile
3613 5491 3704 5545 est

2057 5570 2453 5653 grano‘sinapi
2480 5574 2634 5655 quod
2660 5584 2969 5653 acceptum
2999 5574 3173 5635 homo
3198 5572 3359 5636 misit
3387 5574 3442 5634 in
3464 5572 3698 5635 hortum

2058 5680 2253 5740 suum,
2283 5672 2340 5723 et
2368 5667 2576 5743 crevit,
2608 5679 2665 5724 et
2691 5662 2874 5724 evasit
2911 5662 2969 5722 in
3003 5662 3276 5737 arborem
3317 5680 3609 5740 magnam,
3644 5670 3705 5723 et

2061 5750 2334 5811 volucres
2363 5753 2502 5812 588
2541 5752 2672 5813 ρωΙὶ
2705 5749 3124 5813 nidulabantur
3155 5751 3211 5813 in
3244 5752 3421 5813 ramis
3452 5752 3601 5831 ejus.
3636 5749 3704 5816 Et
