4132 6278
459 338 578 408 919
701 342 704 345 ’
1438 330 2027 406 THEOPHYLACTI
2072 336 2487 407 BULGARIE
2532 348 2885 410 ARCHIEP.
3736 350 3888 415 9‘20

461 488 675 551 iterum
709 484 858 547 dixit
891 503 904 547 :
940 484 1047 548 Cui
1080 486 1278 550 simile
1299 488 1511 552 faciam
1542 509 1790 573 regnum
1824 493 1975 555 Dei?
2005 487 2106 552 Si-

2193 472 2371 538 αὒτοῦ.
2424 477 2604 573 ,Πάλιν
2632 482 2758 537 εἶπε
2792 498 2808 516 ⁸
2842 481 2951 539 Τίνι
2982 484 3233 558 ὁμοιώσω
3276 487 3373 553 τὴν
3421 486 3696 561 βασιλείαν
3770 480 3886 539 του

462 575 603 637 mile
625 574 1211 656 est.farmento,quod
1230 586 1540 657 acceptum
1565 558 1778 642 m‘ulier
1790 580 2102 645 abscondit

2193 567 2366 657 θεούςΔ
2424 558 2611 643 Ὀμοία
2642 568 2750 626 ἐστὶ
2793 572 2956 647 ζύμῃ,
3017 571 3084 639 ἣν
3140 570 3373 631 λαϐοῦσα
3422 558 3558 651 γυνὴ
3620 565 3883 657 ἔκρυῲεῖ

460 665 527 726 in
570 663 777 725 farina;
808 671 933 725 sata
963 651 1095 735 tria,
1134 665 1323 727 donec
1363 651 1751 731 fermentatur
1786 680 1992 734 totum.
2033 668 2105 731 Et

2193 655 2262 716 εἷς
2319 654 2541 735 ἀλεύρου
2585 681 2718 716 σατα
2777 661 2915 737 τρία,
2975 660 3073 727 ἕως
3132 665 3191 719 οὗ
3246 663 3487 739 ἐζυμώθη
3544 651 3699 724 ὅλονξ
3764 651 3885 719 Καί

463 751 584 814 ibat
610 771 716 833 per
738 751 1007 813 civitates
1028 761 1086 814 et
1108 754 1350 816 castella
1389 755 1628 825 doccus.
1656 767 1715 819 et
1741 761 1855 821 iter
1882 760 2106 821 faciens

2193 739 2520 824 διεπορεύετο
2589 750 2725 804 κατὰ
2782 748 2966 807 πόλεις
3020 752 3105 806 καὶ
3158 753 3346 825 κώμας
3414 750 3701 826 διδάσκων,
3773 750 3879 805 καὶ

459 839 961 921 Hierosolymam.
1003 868 1026 900 ι
1064 844 1258 906 Grano
1291 844 1484 925 sinapi
1515 857 1822 927 comparat
1861 865 2105 926 regnum

463 933 594 997 Dei.
620 933 889 1013 Regnum
924 942 1116 996 autem
1141 934 1244 997 Dei
1280 936 1621 1016 praedicatio
1656 947 1763 1012 est,
1788 948 1845 999 et
1866 939 2109 1000 verbum

465 1022 714 1086 Dei.Per
736 1022 1219 1103 praedicationem
1247 1025 1408 1085 enim
1428 1027 1693 1105 regnavit
1718 1028 1776 1088 in
1800 1027 2112 1088 animabus

462 1110 801 1173 hominum.
832 1113 1156 1173 Enimvero
1190 1113 1343 1174 sicut
1384 1115 1571 1196 sinapi
1608 1115 1837 1177 videtur
1867 1117 2106 1195 quidem

466 1218 705 1278 parvum
742 1218 894 1273 esse,
932 1200 1176 1263 multam
1226 1211 1420 1264 autem
1471 1204 1647 1266 habet
1697 1206 1993 1275 virtutem,
2030 1206 2112 1264 ita

464 1297 524 1350 et
552 1306 750 1349 sermo
786 1287 1084 1367 Evangelii
1119 1292 1524 1351 contemnitur
1552 1293 1793 1370 quidem
1826 1313 1857 1354 a
1882 1293 2108 1372 multis,

465 1386 525 1438 et
554 1393 799 1458 apparet
830 1396 961 1438 esse
992 1378 1285 1440 stultitia:
1340 1400 1473 1441 cum
1521 1399 1655 1442 vero
1711 1382 1875 1442 illum
1934 1382 2112 1443 homo

464 1467 819 1547 susceperit,
847 1476 903 1528 et
934 1468 1160 1529 miserit
1180 1468 1237 1529 in
1275 1469 1510 1531 hortum
1546 1491 1667 1532 sua;
1698 1472 2111 1552 animae,arbo-

465 1574 593 1618 rem
628 1573 894 1633 magnam
929 1556 1086 1629 facit,
1126 1557 1201 1618 ita
1231 1567 1292 1619 ut
1323 1566 1380 1618 et
1409 1577 1606 1619 ramos
1637 1559 1860 1631 dilatet,
1908 1579 1973 1620 ac
2012 1578 2111 1617 vo-

465 1643 649 1706 latilia
673 1644 829 1715 coeli,
857 1645 967 1705 hoc
990 1654 1099 1716 est,
1127 1645 1396 1707 homines
1414 1649 1513 1727 qui
1544 1649 1601 1709 in
1636 1648 1891 1709 sublime
1912 1648 2113 1708 volare

2191 835 2411 910 πορείαν
2480 837 2794 911 ποιούμενος
2851 840 2925 902 εἷς
2988 830 3356 917 Ἰερουσαλήμ.
3412 863 3435 897 ο
3502 842 3697 912 Κόκκῳ
3770 861 3877 894 σι-

2193 921 2402 985 νάπεως
2451 923 2779 1002 παραϐάλλει
2838 928 2940 994 τὴν
2996 927 3266 1004 βασιλείαν
3322 939 3414 987 τοὺ
3445 937 3614 988 Θεοῦ³
3682 930 3874 1003 βασι-

2192 1006 2307 1064 λεία
2360 1009 2414 1065 δὲ
2473 1019 2603 1068 Θεοῦ
2650 1016 2678 1069 ὁ
2707 1012 2868 1092 λόγος
2915 1018 2999 1072 καὶ
3055 1020 3115 1072 τὸ
3170 1019 3441 1094 κήρυγμα,
3480 1021 3576 1075 Διά
3620 1020 3723 1095 γὰρ
3763 1025 3880 1071 τοῦ

2193 1100 2533 1185 κηρύγματος
2593 1100 2923 1159 ἐϐασίλευσεν
2980 1104 3064 1161 ἐπὶ
3119 1107 3211 1170 τὰς
3271 1109 3449 1185 ψυχὰς
3494 1115 3599 1162 τῶν
3632 1107 3873 1183 ἀνθρώ-

2193 1211 2329 1245 πων.
2382 1180 2599 1266 ΗΩσπερ
2649 1198 2736 1247 οὖν
2788 1194 2849 1248 τὸ
2893 1196 3073 1260 σίνηπι
3123 1192 3273 1251 δοκεῖ
3316 1197 3412 1261 μὲν
3459 1197 3601 1251 εἶναι
3626 1196 3870 1273 μικρὸν,

2193 1276 2402 1345 πολλὴν
2461 1276 2516 1333 δὲ
2568 1279 2668 1346 τὴν
2726 1278 2942 1357 δύναμιν
2987 1282 3129 1363 ἔχει,
3190 1283 3329 1340 οὕτω
3358 1286 3444 1341 καὶ
3489 1286 3515 1339 ὸ
3560 1283 3726 1361 λόγος
3760 1292 3875 1339 τοῦ

2198 1366 2520 1445 Εὔαγγελίου
2579 1384 2990 1449 καταφρονεῖται
3066 1373 3164 1447 μὲν
3242 1387 3358 1438 τοῖς
3427 1372 3682 1443 πολλοῖς,
3768 1375 3873 1427 καὶ

2196 1454 2344 1513 δοκεῖ
2403 1456 2571 1531 μωρία
2618 1471 2781 1533 εἴναι,
2839 1457 3015 1515 λαϐὼν
3072 1458 3126 1516 δὲ
3184 1462 3338 1518 αὐτὸν
3397 1460 3691 1540 ἅνθρωπος,
3761 1464 3867 1517 καὶ

2194 1544 2373 1622 βαλὼν
2433 1548 2506 1607 εἷς
2576 1551 2751 1613 κῆπον
2819 1550 2998 1621 αὺτοῦ,
3071 1548 3232 1627 ἤγουν
3287 1556 3354 1626 τῇ
3424 1552 3607 1610 ἑαυτοῦ
3660 1556 3865 1628 ψυχῇ,

2197 1634 2401 1714 δένδρον
2455 1635 2593 1714 μέγα
2647 1650 2816 1713 ποιεῖ,
2876 1638 3014 1694 ὥστε
3058 1636 3277 1703 κλάδους
3338 1641 3479 1713 αὐτῴ
3533 1654 3861 1718 προσεῖναι,

467 1733 753 1795 nituntur.
795 1732 967 1793 nidos
988 1734 1244 1795 habeant
1267 1735 1325 1796 in
1347 1725 1550 1799 ramis.
1576 1736 1683 1808 Qui
1716 1737 1873 1797 enim
1900 1753 2110 1815 super-

2198 1728 2284 1781 καὶ
2343 1725 2408 1779 τὰ
2458 1725 2671 1780 πετεινὰ
2741 1733 2833 1782 τού
2900 1729 3142 1804 οὖρανοῦ,
3229 1726 3357 1800 ὅπερ
3413 1727 3519 1784 ἔστι
3591 1730 3719 1793 τοὺς
3786 1731 3864 1783 τὰ

464 1822 653 1901 gressi
678 1832 817 1882 sunt
838 1822 1163 1893 terrestria,
1189 1823 1250 1886 in
1283 1824 1465 1885 ramis
1499 1824 1956 1905 praedicationis.
1980 1814 2047 1884 hi
2074 1843 2107 1886 c

2193 1816 2370 1895 ὕψηλά
2426 1814 2674 1877 θέλοντας
2750 1816 2994 1873 πέτεσθαι
3072 1816 3398 1895 ἀνθρώπους,
3470 1826 3864 1883 κατασκηνοὺν

466 1919 579 1986 est,
607 1909 859 1972 dilatatis
879 1910 1193 1972 sententiis
1210 1912 1526 1992 quiescunt
1554 1934 1568 1984 ;
1594 1921 1658 1974 ut
1691 1912 1946 1993 exempli
1970 1930 2113 1992 gra-

466 2003 547 2064 tia
575 2000 719 2083 quid
750 2000 986 2061 dicam:
1024 2004 1283 2064 Granum
1320 2003 1574 2084 sumpsit
1599 2004 1838 2084 Paulus,
1876 2022 2109 2085 parvam

465 2090 711 2153 Ananiae
729 2089 789 2138 6³
815 2091 1286 2159 instructionem,
1326 2092 1427 2153 sed
1464 2092 1796 2173 plantatum
1832 2094 1942 2155 hoc
1974 2111 2110 2171 gra-

467 2200 606 2242 num
640 2183 697 2242 in
731 2180 901 2240 horto
922 2178 1051 2257 ejus
1075 2180 1300 2259 pingui,
1332 2199 1529 2242 ramos
1560 2182 1721 2256 fecit,
1756 2182 1988 2261 multas,
2017 2181 2113 2241 in-

466 2288 669 2353 quam,
692 2279 752 2329 et
789 2267 974 2328 bonas
1005 2268 1303 2331 doctrinas
1351 2289 1419 2332 ac
1452 2271 1755 2351 epistolas,
1805 2271 1865 2331 in
1898 2271 2114 2351 quibus

469 2356 892 2420 nidulabantur
913 2374 1027 2415 non
1044 2355 1233 2418 solum
1256 2357 1430 2438 hiqui
1448 2367 1585 2420 tunc
1607 2358 1897 2420 sublimes
1916 2367 2116 2419 mente

468 2466 527 2510 et
558 2443 868 2526 sapientia,
911 2443 995 2505 uti
1022 2442 1337 2527 Corinthii,
1384 2447 1714 2528 Dionysius,
1758 2447 2115 2509 Hierotheus

470 2544 527 2598 et
556 2534 656 2596 alii
702 2532 968 2611 plurimi,
1023 2531 1127 2592 sed
1186 2542 1245 2594 et
1292 2535 1393 2615 qui
1425 2536 1669 2616 reliquis
1722 2536 2110 2614 temporibus.

469 2629 673 2689 Potest
703 2640 811 2702 per
856 2640 1107 2699 granum
1159 2622 1384 2704 sinapis
1428 2624 1670 2704 intelligi
1726 2634 1781 2685 el
1830 2624 2117 2686 Dominus

469 2715 621 2795 ipse,
652 2710 781 2774 vilis
802 2710 962 2771 enim
986 2710 1319 2784 videbatur,
1348 2733 1481 2774 nam
1507 2714 1655 2775 fabri
1683 2716 1860 2786 ﬁlius,
1894 2724 1948 2774 et
1975 2732 2114 2792 pau-

471 2802 793 2884 perrimus.
822 2799 893 2861 At
914 2798 1015 2861 ubi
1038 2800 1250 2861 cecidit
1272 2802 1330 2861 in
1356 2821 1459 2863 cor
1477 2811 1671 2883 terrae,
1693 2822 1825 2864 cum
1852 2818 2113 2863 mortuus

469 2899 650 2964 esset,
685 2898 742 2949 et
775 2887 1044 2968 sepultus
1089 2888 1146 2947 in
1183 2890 1375 2970 horto,
1412 2908 1608 2954 ramos
1649 2892 1927 2972 pulchros
1961 2909 2111 2971 apo-

2192 1916 2246 1971 ἐν
2315 1911 2521 1974 τούτοις
2573 1920 2694 1971 τοῒς
2738 1903 2968 1970 κλάδοις.
3021 1907 3078 1960 Οἱ
3134 1907 3232 1983 γὰρ
3289 1907 3392 1962 τῶν
3433 1910 3639 1984 γηίνων
3672 1910 3857 1985 ὓπερ-

2192 2003 2450 2076 κείμενοι,
2511 1998 2566 2053 ἐν
2608 2010 2723 2060 τοῖς
2768 1993 2980 2057 κλάδοις
3028 2001 3119 2050 τοῦ
3166 1995 3531 2072 κηρύγματος,
3569 1995 3689 2062 ἤτοι
3721 2010 3856 2058 τοῖς

2194 2088 2531 2164 ἡπλωμὲνοις
2592 2087 2854 2160 νοήμασιν
2928 2084 3324 2139 ἀναπαύονται·
3388 2085 3507 2140 οἶόν
3563 2086 3613 2140 τί
3669 2108 3849 2163 φημι,

2195 2181 2388 2236 κόκκον
2460 2172 2643 2232 ἔλαϐεν
2700 2176 2728 2229 ὁ
2780 2171 3009 2237 Παῦλος,
3075 2173 3169 2240 τὴν
3215 2173 3405 2251 μικρὰν
3447 2181 3538 2229 τοῦ
3594 2171 3853 2229 Ἀνανίου

2193 2269 2502 2346 κατήχησιν
2539 2286 2551 2299 ·
2603 2262 2739 2320 ἀλλά
2781 2262 3036 2341 φυτεύσας
3078 2269 3260 2318 τοῦτον
3292 2264 3382 2317 τὸν
3424 2263 3619 2319 κόκκον
3660 2262 3717 2319 ἐν
3762 2268 3853 2335 τῷ

2196 2358 2335 2413 πίονι
2390 2356 2547 2410 αὖτοῦ
2614 2354 2797 2430 κήπῳ,
2876 2348 3099 2413 κλάδους
3156 2351 3395 2424 ἐποίησε,
3454 2354 3548 2415 τας
3603 2352 3845 2422 πολλὰς,

2197 2468 2359 2525 φημι,
2419 2445 2506 2499 καὶ
2548 2440 2712 2503 καλάς
2760 2438 3115 2510 διδασκαλίας,
3162 2441 3251 2495 καὶ
3291 2439 3596 2509 ἐπιστολὰς,
3642 2440 3699 2496 ἐν
3744 2442 3847 2505 αἶς

2197 2533 2554 2601 κατεσκήνουν
2597 2534 2657 2587 οὒ
2714 2530 2874 2605 μόνον
2918 2531 2963 2585 οἱ
2994 2529 3112 2584 τότε
3141 2526 3335 2603 ὑψηλοὶ
3362 2531 3450 2584 καὶ
3509 2532 3657 2609 σοφοὶ
3703 2532 3847 2585 κατά

2200 2631 2317 2680 νούν
2372 2623 2459 2677 καὶ
2491 2621 2698 2701 σοφίαν,
2730 2620 2842 2676 οἶοι
2874 2620 2920 2674 οἱ
2955 2618 3237 2696 Κορίνθιοι,
3274 2620 3300 2673 ὁ
3335 2624 3635 2693 Διονύσιος,
3672 2623 3702 2675 ὁ
3738 2612 3839 2677 ἰε-

2200 2713 2375 2787 ρόθεος
2406 2711 2493 2765 καὶ
2550 2709 2702 2769 ἄλλοι
2759 2706 3029 2780 πλεῖστοι,
3061 2705 3197 2762 ἀλλά
3227 2708 3313 2762 καὶ
3347 2710 3391 2763 οἱ
3434 2709 3551 2764 καθ’
3584 2710 3845 2773 ἑκάστους

2193 2802 2402 2878 καιρούς
2480 2799 2701 2853 Δύναται
2734 2797 2927 2859 κόκκος
2983 2796 3244 2859 σινάπεως
3293 2800 3545 2863 νοηθῆναι
3603 2800 3692 2854 καὶ
3740 2799 3843 2855 ὠ-

2194 2892 2282 2952 τὸς
2329 2892 2355 2945 ε,
2431 2890 2635 2964 κύριος,
2698 2885 2910 2952 gazam;
2962 2884 3057 2956 μὲν
3101 2887 3160 2941 τὸ
3192 2886 3507 2964 φαινόμενον
3541 2905 3555 2918 ⁶
3594 2889 3841 2951 τέκτονος

468 2986 650 3080 stolos
680 2977 842 3050 fecit,
873 2978 931 3038 in
971 2977 1187 3080 quibus
1219 2979 1531 3080 quiescunt
1561 2998 1771 3057 omnes
1798 2980 1897 3078 qui
1949 3001 1960 3056 ι
1990 2979 2110 3040 rius

2195 2980 2294 3058 γὰρ
2344 2979 2477 3049 υἱὸς,
2511 2979 2598 3031 καὶ
2626 2974 2942 3037 πενέστατος
2978 2994 2990 3007 ’
3024 2976 3200 3030 πεσὼν
3230 2973 3284 3029 δὲ
3315 2975 3368 3031 ἐν
3399 2982 3466 3051 τῇ
3508 2975 3692 3056 καρδίᾳ
3738 2979 3841 3045 τῆς

2232 3072 2256 3080 -
2357 3064 2380 3080 ,ι
2417 3066 2427 3079 .
2566 3065 2590 3075 υ
2823 3067 2879 3080 λ-
3123 3064 3135 3080 ι
3186 3063 3199 3080 ς
3318 3070 3344 3080 ..
3467 3065 3477 3080 .
3764 3069 3776 3080 ι

467 3068 839 3150 agitabantur
867 3074 923 3127 et
947 3066 1309 3128 vexabantur
1329 3086 1361 3128 a
1382 3068 1592 3149 spiritu
1621 3067 1867 3139 erroris,
1894 3085 2110 3145 nempe

2194 3072 2295 3143 γῆς
2352 3064 2443 3123 διὰ
2502 3065 2593 3120 τοῦ
2652 3067 2999 3141 νεκρωθῆναι,
3054 3064 3139 3118 καὶ
3182 3063 3235 3118 ἐν
3279 3070 3355 3136 τῷ
3413 3065 3568 3137 κήπῳ
3625 3069 3836 3145 ταφεὶς,

467 3158 763 3240 gentiles;
797 3157 895 3237 qui
929 3156 1429 3236 comparabantur
1474 3157 1833 3232 volatilibus,
1872 3171 2112 3238 propter

471 3254 731 3310 mentem
765 3246 935 3307 facile
988 3245 1294 3319 mobilem,
1348 3255 1403 3307 et
1464 3247 1721 3307 illusioni
1772 3246 2111 3319 obnoxiam,

472 3354 817 3416 magnaque
850 3334 1121 3395 levitatis.
1164 3334 1339 3395 Tales
1385 3336 1549 3395 enim
1586 3344 1723 3396 sunt
1769 3354 1977 3395 omnes
2010 3334 2116 3415 qti

471 3434 700 3503 errant,
734 3421 1068 3485 volatilibus
1099 3424 1254 3503 coeli,
1285 3424 1395 3484 hoc
1425 3432 1518 3485 est
1547 3423 1725 3503 aeris,
1771 3424 2111 3490 assimilati,

471 3517 691 3579 lterum
723 3511 1081 3573 assimilatur
1112 3511 1404 3573 fermento
1438 3512 1674 3572 divinus
1705 3530 1925 3575 sermo.
1954 3511 2110 3591 quod

470 3610 773 3683 sumptum
808 3600 1043 3671 mulier,
1079 3601 1190 3661 hoc
1221 3610 1311 3661 est
1355 3600 1612 3663 humana
1642 3610 1869 3670 natura,
1906 3602 2110 3663 occul-

471 3692 613 3754 tavit
634 3692 692 3753 in
729 3688 933 3750 farina:
963 3698 1085 3749 sata
1122 3688 1254 3762 tria,
1282 3690 1394 3751 hoc
1425 3698 1537 3770 est,
1574 3690 1633 3749 in
1666 3707 1904 3768 corpus,
1934 3690 2115 3767 spiri-

468 3792 616 3862 tum,
649 3789 709 3842 et
754 3778 1036 3855 animam,
1088 3777 1166 3836 ita
1214 3786 1281 3838 ut
1328 3778 1413 3838 illi
1464 3776 1931 3859 Sanctiﬁcentur,
1963 3778 2114 3839 sicut

466 3869 615 3932 dicit
661 3868 869 3929 beatus
918 3865 1154 3939 Paulus,
1209 3867 1429 3948 ﬁatque
1478 3887 1594 3927 una
1641 3868 2111 3946 contemperatio

468 3956 891 4022 communione
916 3972 1049 4016 cum
1084 3952 1302 4034 Spiritu
1335 3965 1562 4017 sancto.
1601 3955 1872 4035 Intelligo
1911 3964 2107 4018 autem

467 4065 575 4130 per
606 4044 914 4106 mulierem
950 4041 1212 4104 animam
1242 4065 1254 4105 :
1292 4052 1415 4105 sata
1449 4063 1584 4105 vero
1618 4045 1728 4104 tria
1761 4053 1881 4104 tres
1921 4054 2113 4123 partes

466 4137 619 4214 ejus,
653 4131 1033 4209 rationalem,
1057 4132 1614 4211 concupiscibilem,
1642 4142 1699 4194 et
1728 4133 2110 4194 irascibilem.

2195 3154 2416 3216 κλάδου,
2480 3157 2698 3232 ὡραίους
2782 3153 2901 3217 τοὺς
2986 3151 3310 3214 ἀποστόλους

2732 3244 2925 3303 πάντες
3037 3244 3080 3296 οἳ

3396 3152 3666 3234 ἐποίησεν,
3747 3159 3840 3216 οἷς

2196 3245 2622 3301 ἐπαναπα”οκιται
2732 3244 2925 3303 πάντες
3037 3244 3080 3296 οἳ
3164 3244 3349 3318 πρώην
3432 3246 3839 3323 περιφερόμενοι

2196 3334 2352 3391 παντὶ
2402 3333 2658 3405 πνεύματι
2719 3336 2814 3395 τῆς
2873 3329 3100 3401 πλάνης,
3176 3330 3297 3387 οἷον
3347 3334 3392 3386 οἱ
3445 3330 3496 3396 ἐξ
3538 3332 3697 3388 ἐθνῶν
3743 3355 3836 3389 πε-

2192 3436 2389 3486 τεινοῖς
2447 3418 2907 3499 παραϐαλλόμενοι
2951 3418 3033 3474 διὰ
3094 3422 3154 3475 τὸ
3212 3420 3304 3475 τοῦ
3358 3419 3617 3497 λογισμοῦ
3670 3426 3826 3480 εὔπε-

2195 3512 2458 3590 ριάγωγον
2518 3510 2607 3564 καὶ
2650 3507 3059 3575 εὖεξαπάτητον,
3116 3510 3203 3563 καὶ
3258 3507 3463 3575 πολλῆς
3524 3510 3685 3587 γέμον
3714 3533 3822 3566 κου-

2195 3599 2448 3679 φότητος.
2512 3604 2753 3654 Τοιοῦτοι
2813 3598 2910 3673 γὰρ
2940 3597 3131 3661 πάντες
3163 3601 3209 3651 οἱ
3241 3596 3600 3679 πλανώμενοι,
3652 3621 3824 3655 πετει-

2196 3702 2311 3753 νοῖς
2368 3695 2461 3744 τοῦ
2517 3688 2755 3762 οὐρανοῦ,
2803 3686 3036 3741 τουτέστι
3080 3692 3171 3741 τοῦ
3215 3685 3363 3763 ἀέρος
3416 3687 3670 3753 ἐοικότες,
3716 3691 3826 3745 Πά-

2197 3778 2277 3833 λιν
2338 3778 2476 3833 ἒοικε
2533 3777 2669 3852 ζύμῃ
2726 3778 2753 3831 ὁ
2803 3778 2941 3836 θεῖος
3002 3773 3185 3852 λόγος,
3267 3775 3332 3842 ἢν
3387 3773 3619 3832 λαϐοῦσα
3676 3778 3827 3853 γυνὴ,

2195 3867 2461 3925 τουτέστιν
2520 3868 2555 3933 ἡ
2615 3866 2906 3943 ἀνθρωπεία
2952 3866 3126 3944 φύσις,
3186 3863 3406 3944 ἕκρτψεν
3484 3868 3557 3926 εἰς
3618 3865 3833 3945 ἀλεύρου

2194 3956 2328 4015 σάτα
2385 3954 2521 4033 τρία,
2599 3954 2868 4009 τουτέστιν
2926 3956 2995 4015 εἷς
3073 3960 3249 4027 σῶμα,
3338 3956 3544 4033 ψυχὴν,
3605 3965 3829 4031 πνεῦμα,

2194 4044 2332 4101 ὥστε
2386 4043 2697 4120 ἁγιασθῆναι
2782 4053 2967 4120 ταῦτα,
3044 4044 3175 4097 καθά
3260 4066 3420 4121 φησιν
3477 4047 3503 4099 ὁ
3577 4045 3831 4121 μακάριος

2198 4132 2426 4213 Παῦλος,
2487 4135 2575 4188 καὶ
2625 4133 2863 4207 γενέσθαι
2908 4131 2964 4186 ’ἐν
3021 4133 3229 4209 φύραμα
3272 4134 3336 4207 τῇ
3393 4135 3520 4211 πρὸς
3567 4136 3630 4189 τὸ
3686 4133 3832 4210 ἅγιον

466 4223 524 4287 Si
548 4224 682 4305 quis
703 4221 881 4300 igitur
903 4220 963 4280 in
993 4218 1183 4281 tribus
1206 4221 1325 4282 illis
1357 4221 1615 4301 partibus
1639 4240 1977 4283 sermonem
2007 4221 2109 4282 Dei

2199 4230 2408 4299 [Ινευμα
2466 4222 2729 4291 κοινωνία.
2770 4222 3001 4289 Νοτςσαις
3032 4218 3170 4276 δ”ἂν
3201 4236 3429 4299 γυναῖκα
3472 4223 3571 4288 τὴν
3621 4224 3825 4301 ψυχὴν,

465 4297 802 4384 occultarit,
834 4309 1010 4370 faciet
1058 4308 1215 4370 illam
1273 4297 1450 4371 totam
1503 4310 1892 4392 spiritualem,
1938 4311 2018 4370 ita
2050 4318 2110 4371 ut

2193 4313 2325 4368 σάτα
2383 4309 2438 4367 δὲ
2494 4311 2608 4387 τρία
2658 4312 2718 4365 τὸ
2745 4311 2983 4389 τριμερὲς
3042 4313 3224 4376 αὐτῆς.
3292 4310 3528 4387 λογικὸν,
3591 4314 3825 4388 θδμικὸν,

462 4401 773 4466 rationalis
792 4419 909 4460 non
933 4397 1161 4460 labatur
1182 4399 1242 4460 in
1264 4399 1774 4480 doctrinis,neque
1798 4399 2112 4462 irascibilis

465 4502 524 4553 et
540 4487 1023 4567 concupiscibilis
1046 4487 1271 4569 absque
1292 4489 1522 4549 ratione
1550 4489 1835 4561 ferantur,
1861 4490 1962 4550 sed
1990 4492 2109 4549 fer-

463 4587 807 4643 mententur
823 4586 880 4640 et
896 4576 1302 4639 assimileutur
1321 4578 1582 4638 sermoni
1600 4576 1704 4638 Dei
1737 4576 2112 4640 Perambula-

462 4668 562 4732 bat
582 4686 721 4729 vero
745 4666 919 4730 Jesus
942 4684 1049 4745 per
1074 4684 1253 4744 pagos
1277 4673 1335 4726 et
1357 4665 1618 4727 civitates
1641 4667 1885 4727 docens.
1908 4665 2113 4745 Neque

462 4758 614 4821 itain
634 4774 809 4838 parva
826 4756 987 4816 venit
1003 4755 1220 4836 oppida
1234 4766 1291 4817 et
1311 4764 1578 4837 pagos,ut
1595 4773 1833 4833 magnas
1847 4753 2111 4815 civitates

461 4846 789 4926 negligeret
814 4864 828 4905 :
865 4843 923 4905 id
958 4844 1115 4924 quod
1140 4843 1481 4924 facitntqui
1501 4844 1699 4904 volunt
1719 4843 2111 4923 simpliciores

460 4935 969 5017 decipere,neque
994 4938 1071 4994 ita
1095 4933 1253 4993 venit
1277 4934 1333 4993 in
1355 4934 1797 5013 civitates,589
1820 4942 1880 4993 ut
1902 4944 2106 4994 osten-

462 5034 613 5088 tator
645 5034 704 5087 et
747 5025 1043 5102 gloriosus
1076 5041 1281 5103 parvas
1328 5023 1631 5102 negligens
1663 5046 1675 5083 :
1713 5022 1814 5083 sed
1850 5030 1910 5082 ut
1937 5042 2105 5083 com-

459 5116 657 5177 munis
686 5113 998 5185 Dominus,
1034 5111 1154 5172 imo
1188 5119 1249 5172 ut
1282 5120 1447 5191 pater
1477 5112 1576 5191 qui
1605 5111 1868 5171 omnium
1903 5131 2102 5172 curam

455 5203 594 5285 agit,
622 5203 846 5285 ubique
868 5202 1099 5265 circuit.
1128 5201 1409 5283 Nunquid
1436 5211 1633 5263 autem
1661 5202 1739 5261 ita
1768 5202 1979 5265 transit
2002 5220 2105 5281 per

457 5303 736 5357 externas
762 5292 1056 5365 civitates,
1082 5291 1143 5352 in
1168 5290 1383 5371 quibus
1406 5310 1520 5351 non
1547 5299 1629 5351 tot
1652 5299 1816 5351 erant
1844 5291 2100 5371 legispe-

2192 4402 2284 4458 καί
2344 4401 2745 4476 ἐπιθυμητικόν,
2809 4402 2865 4456 Εἰ
2917 4410 3003 4459 οὖν
3059 4422 3138 4462 τις
3180 4403 3235 4455 ἒν
3280 4407 3353 4474 τῷ
3397 4415 3639 4478 τριμερεϊ
3669 4402 3831 4473 τούτῳ

2192 4492 2516 4569 κατακρύῴει
2572 4492 2664 4546 τὸν
2723 4489 2880 4566 λόγον
2922 4498 3016 4546 τοῦ
3056 4498 3209 4567 Θεου,
3242 4491 3465 4557 ποιήσαι
3517 4488 3642 4543 ὅλον
3685 4500 3829 4548 τοῦτο

2193 4582 2568 4654 πνευματικόν,
2632 4579 2769 4635 ὥστε
2828 4581 2963 4652 μήτε
3016 4580 3075 4634 τὸ
3128 4577 3427 4653 λογιστικὸν
3473 4577 3524 4632 ἐν
3570 4592 3685 4639 τοῖς
3716 4576 3826 4654 δόγ-

2195 4671 2323 4745 μάσι
2357 4668 2702 4749 σφάλλεσθαι,
2739 4670 2874 4742 μήτε
2917 4670 3080 4743 θυμὸν
3123 4670 3209 4723 καὶ
3255 4668 3529 4741 ἐπιθδμίαν
3581 4666 3825 4742 ἀλόγιστα

2195 4761 2463 4840 φέρεσται,
2549 4757 2687 4814 ἀλλά
2763 4762 3089 4832 ζυμωθῆναι,
3159 4760 3245 4813 καὶ
3303 4757 3683 4831 ἐξομοιωθῆναι
3760 4764 3827 4828 τῷ

2192 4848 2338 4927 λόγῳ
2395 4848 2485 4904 τοῦ
2530 4855 2683 4905 Θεοῦ.
2748 4849 3085 4925 Διεπορεύετο
3116 4846 3169 4903 δὲ
3222 4850 3249 4902 ὁ
3307 4847 3506 4912 Ἰησοῦς
3550 4848 3687 4901 καῖά
3727 4848 3823 4901 πό-

2191 4938 2301 5004 λεις
2362 4938 2451 4994 καί
2513 4938 2695 5011 κώμας
2738 4936 2995 4992 διδάσκων
3032 4954 3045 4967 ⁸
3083 4936 3201 4993 οῧτε
3248 4937 3345 5013 γαρ
3376 4943 3480 4989 των
3513 4942 3713 5009 μικρῶν
3737 4937 3824 5009 μὲν

2190 5025 2488 5100 ἐπέϐαινεν,
2551 5028 2666 5082 οἶαι
2726 5030 2775 5081 αἱ
2848 5029 3047 5100 κωμαι,
3091 5032 3194 5081 τὼν
3253 5023 3305 5079 δὲ
3361 5024 3569 5080 πόλεων
3619 5024 3821 5096 ἡμέλει,

2190 5116 2319 5194 ὅπερ
2381 5123 2622 5172 ποιοῦσιν
2668 5118 2710 5171 οἷ
2785 5116 2905 5176 τοὺς
2963 5113 3335 5193 ἀφελεσεέρους
3395 5113 3655 5185 ἐξαπιτᾷν
3708 5116 3823 5188 βου-

2188 5205 2430 5279 λόμενοι,
2468 5204 2582 5260 οὔτε
2618 5208 2721 5259 τῶν
2752 5202 2959 5259 πόλεων
3019 5200 3297 5259 ἐπιϐαίνων
3342 5204 3412 5261 ὡς
3471 5202 3822 5283 «glaciem-.1;

2185 5297 2272 5350 καὶ
2329 5293 2476 5373 φίλος
2521 5292 2701 5373 δόξης,
2748 5300 2852 5349 τῶν
2890 5299 3091 5371 μικρῶν
3140 5291 3352 5371 ἠμέλει,
3407 5291 3523 5348 ἀλλ’
3556 5295 3629 5356 ὡς
3662 5297 3823 5354 κοινὸς

454 5382 601 5446 riti:
646 5400 680 5443 a
709 5380 1035 5445 Jerusalem
1070 5388 1267 5441 autem
1313 5380 1478 5458 fugit,
1532 5387 1733 5460 utpote
1776 5379 2101 5441 formidans

2193 5383 2475 5458 δεσπὸτης,
2537 5381 2743 5458 μᾶλλον
2809 5381 2863 5437 δὲ
2922 5383 3098 5460 πατὴρ
3156 5383 3364 5438 πάντων
3450 5384 3822 5458 προνοούμενος

456 5471 816 5554 reprehendi
847 5489 880 5532 a
910 5469 1290 5551 legisperitis,
1330 5469 1413 5531 vel
1446 5474 1755 5550 suspicans
1804 5490 1878 5531 ne
1908 5471 1978 5536 ab
2012 5470 2101 5532 eis

2193 5480 2465 5553 πανταχοῦ
2534 5474 2767 5550 περιῄει.
2853 5462 2944 5551 Ἄρ
3003 5480 3091 5528 οὖν
3174 5473 3264 5533 τας
3328 5472 3425 5546 μὶν
3480 5471 3579 5536 ἔξω
3651 5472 3824 5535 πόλεις

531 5640 592 5692 ⁸³
637 5639 769 5704 Λα.
802 5655 882 5712 tx,
924 5639 1015 5720 11,
1053 5639 1148 5701 t2.
