4132 6298
252 396 364 459 991
964 400 1411 462 ENARRATIO
1461 400 1537 460 IN
1588 393 2093 459 EVANGELIUM
2141 395 2377 456 LUC/E.
2419 427 2497 438 —
2542 394 2705 457 CAP.
2756 396 2920 456 XIII.
3525 388 3641 453 9‘2?

247 532 601 610 περιήρχετο,
662 531 717 588 ἐν
787 537 875 595 αἶς
946 533 1006 588 οὗ
1072 539 1311 589 τοσοῦτοι
1368 532 1505 599 ἦσαν
1550 530 1896 604 νομομαθεῒς,

1987 519 2323 610 occidatur?
2350 520 2478 584 Non
2513 523 2736 585 esthoc
2765 522 3111 597 dicendum,
3147 522 3251 585 sed
3283 530 3345 585 et
3372 520 3514 595 iter,
3534 518 3632 610 in:

251 606 357 685 τὴν
525 606 873 700 Ἰερουσαλὴμ
931 618 1329 701 ἀπεδίδρασκεν,
1397 616 1487 676 ἅτε
1541 617 1720 680 δεδιὼς
1779 613 1896 675 τοὺς

1985 608 2132 688 quit,
2157 610 2382 672 faciens
2423 612 2483 672 in
2530 610 3017 693 Hierosolymam.
3060 612 3172 676 Ubi
3217 610 3374 674 enim
3434 606 3637 691 plures

258 709 403 787 παρα
473 710 579 766 τῶν
628 713 943 787 νομομαθῶν
1000 709 1283 790 ἐλεγχους,
1343 710 1377 777 ἢ
1460 711 1549 767 τὸν
1603 709 1664 765 ἐκ
1704 703 1896 762 τούτων

1986 707 2291 774 aegrotant,
2321 719 2393 762 eo
2427 702 2608 781 magis
2639 701 2873 790 festinat
2904 701 3198 765 medicus.

257 782 484 855 θάνατον
513 782 847 879 ὑφορώμενος
880 816 897 873 ;
934 798 1040 856 Οὖκ
1063 782 1209 854 ’ἔστιν
1241 782 1434 872 εἰπεῖν,
1468 796 1604 854 ἀλλὰ
1632 796 1720 853 καὶ
1749 790 1987 871 πορείαν,
2019 791 2167 866 φησί,
2235 791 2550 855 ποιούμενος
2582 793 2655 854 εἰς
2704 782 3048 870 Ἰερουσαλήμ
3082 811 3094 824 ·
3132 791 3252 848 ἔνθα
3281 790 3381 867 γὰρ
3423 787 3631 850 πλείους

259 887 310 942 οἱ
345 889 635 957 νοσοῦντες,
663 888 841 944 ἐκεῖσε
873 886 1076 963 μᾶλλον
1106 888 1387 962 εἰσωθείτω
1416 890 1443 944 6
1472 886 1671 965 ἰατρός,

352 1001 379 1030 α
431 982 566 1035 Εἴπε
623 974 679 1033 δέ
743 998 819 1041 τις
878 980 1040 1048 αὐτῷ·
1077 976 1252 1055 Κύριε,
1286 977 1330 1032 εἰ
1360 975 1528 1053 ὀλίγοι
1560 978 1607 1032 οἱ
1654 973 1898 1043 σωζόμε-

254 1090 337 1123 νοι
373 1089 389 1138 ς
427 1058 483 1124 ’0
514 1064 568 1121 δὲ
598 1066 724 1122 εἷπε
767 1066 895 1144 πρὸς
928 1066 1135 1127 αὐτοὺς·
1164 1062 1504 1142 Ἀγωνίζεσθε
1532 1062 1785 1120 εἰσελθεῖν
1815 1059 1898 1115 διὰ

245 1162 354 1223 τῆς
402 1156 591 1223 στενῆς
623 1152 818 1227 πύλης,
853 1153 933 1210 ὅτι
965 1152 1174 1227 πολλοὶ,
1230 1152 1374 1231 λέγω
1402 1154 1552 1229 ὑμῖν,
1578 1152 1897 1223 ζητήσουσιν

241 1244 533 1305 εἰσελθεῖν.
567 1245 655 1300 καὶ
698 1244 792 1299 οὒκ
834 1244 1164 1321 ἰσχύσουσιν,
1213 1240 1335 1322 Ἀφ’
1364 1242 1423 1299 οὗ
1451 1239 1496 1297 δ’
1536 1241 1723 1320 ἐγερθῇ
1754 1242 1781 1295 6
1811 1240 1893 1294 οἰ-

243 1332 607 1412 κοδεσ·-ιοτης,
677 1334 764 1388 καὶ
821 1332 1109 1408 ἀποκλείσῃ
1173 1332 1268 1399 τὴν
1311 1332 1488 1411 θύραν,
1537 1332 1622 1386 καὶ
1674 1329 1894 1408 ἄρξησθε

247 1424 356 1489 ἔξω
427 1422 661 1495 ἑστάναι,
738 1424 823 1477 καὶ
882 1422 1084 1500 κρούειν
1114 1424 1212 1488 την
1246 1422 1424 1498 θύραν,
1484 1419 1752 1498 λέγοντες·
1789 1418 1897 1476 Κύ-

255 1536 362 1593 ριε,
439 1512 616 1590 Κύριε,
676 1508 876 1576 ἄνοιξον
945 1511 1103 1583 ἡμῖν’
1151 1511 1237 1566 καὶ
1266 1510 1562 1589 ἀποκριθεὶς
1615 1509 1725 1586 ἐρεῖ
1771 1508 1899 1581 ὑμῖν

256 1602 371 1659 Οὔκ
428 1599 549 1657 οἶδα
597 1603 734 1674 ὖμᾶς
791 1600 947 1655 πόθεν
1038 1598 1177 1656 ἐστέ·
1263 1600 1382 1656 τότε
1438 1597 1645 1678 ἄρξεσθε
1700 1596 1893 1675 λέγειντ

256 1689 565 1769 Ἐφάγομεν
621 1686 846 1744 ἐνώπιόν
903 1710 1020 1762 σου,
1086 1689 1172 1745 καὶ
1227 1687 1468 1767 ἐπίομεν,
1537 1689 1623 1743 καὶ
1666 1686 1719 1741 ἐν
1775 1699 1899 1749 ταῖς

248 1779 529 1842 πλατείαις
586 1779 740 1852 ἡμῶν
810 1775 1058 1842 ἐδίδαξας.
1120 1778 1217 1835 Καὶ
1245 1776 1378 1855 ἐρεῖ,
1415 1776 1568 1855 Λέγω
1619 1777 1767 1850 ὑμῖν,
1805 1776 1899 1831 οὒκ

246 1868 383 1927 οἶδα
435 1871 569 1944 ὑμᾶς
614 1867 771 1924 πόθεν
797 1867 942 1944 ἐστὲ,
987 1866 1255 1933 ἀπόστητε
1296 1865 1387 1923 ἀπ’
1446 1867 1575 1940 ἐμοῦ
1617 1867 1812 1925 πάντες
1850 1866 1897 1921 οἱ

2062 966 2247 1029 Vens.
2278 966 2486 1029 23-30.
2522 967 2654 1029 «Ait
2681 970 2879 1028 autem
2912 968 2997 1028 illi
3032 968 3269 1048 quidam
3305 989 3318 1025 :
3352 964 3631 1036 Domine,

1980 1071 2055 1113 an
2088 1054 2258 1132 pauci
2289 1061 2426 1115 sunt
2451 1054 2553 1135 qui
2574 1054 2822 1116 salutem
2848 1054 3318 1136 consequuntur?
3357 1054 3463 1116 Ille
3493 1072 3629 1115 vero

1979 1141 2128 1204 dixit
2156 1141 2226 1202 ad
2251 1142 2766 1223 illos‘:Contendite
2799 1145 3020 1206 intrare
3051 1163 3156 1224 per
3170 1151 3473 1223 angustam
3500 1161 3631 1223 por-

1982 1240 2120 1311 tam,
2153 1232 2289 1313 quia
2342 1233 2536 1313 multi,
2565 1232 2697 1294 dico
2743 1232 2931 1307 vobis,
2965 1242 3232 1314 quarent
3278 1233 3529 1311 intrare,
3573 1238 3632 1293 et

1980 1339 2097 1380 non
2128 1323 2582 1397 poterunt.Cum
2603 1331 2801 1383 autem
2838 1332 3218 1402 experrectus
3239 1322 3630 1402 fueritpater-

1982 1408 2321 1480 familias,et
2342 1410 2619 1471 clauserit
2641 1411 2856 1473 ostium
2871 1419 2951 1479 ,et
2972 1410 3270 1492 cmperitis
3287 1410 3426 1471 foris
3450 1418 3629 1483 stare,

1982 1505 2039 1559 et
2074 1498 2308 1576 pulsare
2340 1499 2873 1566 ostium.dicentes:
2910 1498 3630 1577 Domine,Domine,aperi

1984 1585 2242 1649 nobis:et
2269 1587 2641 1668 respondens
2668 1588 2827 1649 dicet
2849 1589 3049 1650 vobis:
3078 1587 3288 1649 Nescio
3328 1606 3430 1647 vos
3472 1586 3632 1647 unde

1983 1674 2111 1735 sitis
2143 1692 2158 1737 :
2194 1683 2331 1737 tunc
2361 1675 2665 1757 incipietis
2700 1677 2935 1740 dicere:
2964 1676 3209 1738 Edimus
3229 1694 3427 1739 coram
3460 1684 3536 1749 te,
3574 1682 3629 1735 et

1981 1761 2327 1845 bibimus,et
2348 1765 2408 1824 in
2433 1764 2643 1845 plateis
2676 1766 2897 1827 nostris
2926 1765 3280 1828 docuisti.Et
3303 1763 3628 1825 dicetzDico

1980 1851 2380 1932 vobis,nescio
2411 1871 2511 1913 vos
2543 1853 2701 1914 unde
2732 1853 2860 1914 sitis
2893 1852 3191 1917 Discedite
3218 1870 3252 1913 a
3276 1871 3393 1926 me,
3419 1870 3629 1914 omnes

244 1939 478 2039 ἐργάταί
533 1961 630 2023 τῆς
672 1953 894 2019 ἀδικίας,
928 1939 1109 2012 ’Ἐκεῖ
1165 1953 1308 2011 ἔσται
1364 1958 1392 2011 ὁ
1436 1939 1719 2030 κλαυθμὸς,
1755 1956 1839 2010 καὶ
1869 1955 1896 2010 δ

1981 1940 2080 2039 qui
2104 1941 2343 2037 patratis
2374 1941 2769 2039 iniquitatem:
2795 1941 2916 2039 _Ibi_
2939 1941 3053 2004 erit
3080 1942 3275 2039 ﬂetus,
3323 1949 3381 2001 et
3409 1939 3629 2039 stridor

245 2050 491 2127 βρδγμὸς
541 2051 647 2103 τῶν
703 2043 949 2101 ὀδόντων·
1043 2046 1168 2100 ὃταν
1224 2042 1424 2118 ὄψησθε
1486 2042 1749 2124 Ἀϐραὰμ,
1810 2046 1897 2101 καὶ

247 2138 461 2211 Ἰσαὰκ,
521 2142 609 2194 καὶ
664 2132 877 2213 Ἰακὼϐ,
938 2135 1024 2189 καὶ
1078 2134 1279 2198 πάντας
1338 2134 1457 2197 τοὺς
1517 2135 1792 2215 προφήτας
1841 2134 1895 2191 ἐν

245 2236 324 2305 τῇ
394 2225 635 2305 βασιλείᾳ
702 2232 793 2280 τοῦ
849 2230 1002 2286 Θεοῦ,
1035 2225 1169 2297 ὑμᾶς
1218 2222 1272 2279 δὲ
1320 2221 1741 2298 ἐκϐαλλομένους
1774 2224 1895 2289 ἕξωο

244 2320 345 2375 καὶ
412 2315 620 2384 ἥξουσιν
688 2314 792 2369 ἀπὸ
866 2312 1163 2370 Ἀνατολῶν
1220 2315 1307 2370 καὶ
1369 2317 1614 2388 Δυσμῶν,
1660 2314 1748 2369 καὶ
1789 2314 1895 2370 ἀπὸ

251 2406 427 2485 Βοῤῥᾶ
482 2407 568 2462 καὶ
627 2403 816 2480 Νότου,
862 2402 952 2457 καὶ
982 2400 1419 2471 ἀνακλιθήσονται
1451 2402 1503 2457 ἐν
1534 2408 1600 2473 τῇ
1658 2401 1896 2479 βασιλείᾳ

244 2501 351 2555 τοῦ
408 2494 561 2557 Θεοῦ,
626 2494 721 2551 Καὶ
793 2490 900 2548 ἰδοὺ
958 2492 1084 2547 εἰσὶν
1139 2489 1360 2570 ἔσχατοι
1391 2491 1444 2547 οῗ
1508 2490 1712 2548 ἔσονται
1742 2493 1895 2570 πρῶ-

245 2610 365 2659 τοι,
443 2584 531 2641 καί
555 2585 653 2639 εἰσι
685 2587 883 2660 πρῶτοι
916 2579 971 2637 οἵ
1001 2579 1208 2636 ἔσονται
1258 2579 1504 2660 ἔσχατοι,
1555 2603 1582 2635 ι
1618 2578 1817 2658 Ὀλίγοι
1847 2580 1895 2635 οἱ

247 2674 546 2749 σωζόμενοι
603 2669 687 2726 διὰ
712 2671 772 2725 τὸ
802 2669 879 2744 μὴ
923 2667 1189 2746 ἐγχωρεῖν
1246 2667 1473 2732 πολλοὺς
1520 2667 1754 2734 δέξασθαι
1795 2670 1893 2735 τὴν

248 2765 468 2833 στενήν⁶
530 2758 685 2817 ἔστιν
725 2761 811 2815 οὗν
870 2761 897 2813 6
955 2754 1325 2823 οἰκοδεσπότης
1384 2760 1412 2813 ὁ
1441 2756 1656 2836 Κύριος⁹
1689 2779 1892 2835 συγχα-

252 2854 434 2910 λεῖται
493 2849 547 2906 δὲ
604 2849 804 2912 πάντας
876 2846 1177 2924 ἀνθρώπους
1234 2847 1306 2909 εἰς
1364 2847 1615 2921 ἑστίασιν,
1650 2846 1893 2902 καὶάπό-

252 2947 441 3005 λαυσιν
497 2948 602 2999 τῶν
671 2939 1019 3009 ἀδαπανήτων
1050 2938 1281 3016 ἀγαθῶν⁸
1317 2938 1429 2996 ὅσοι
1460 2940 1558 3013 μὲν
1606 2949 1693 2998 οόν
1723 2962 1891 2996 σπου-

255 3034 402 3092 δα“οι
474 3032 601 3111 ἄχρι
654 3032 741 3087 καὶ
791 3032 889 3096 τῆς
943 3035 1035 3084 τοῦ
1079 3027 1290 3105 ἀρίστου
1331 3027 1470 3105 ὥρας
1520 3027 1897 3099 σπουδάζουσιν

258 3122 540 3183 εἰσελθεῖν.
601 3118 773 3178 ’Ὅσοι
831 3116 885 3173 δὲ
942 3116 1303 3197 νωθρέστεροι,
1356 3120 1441 3174 καὶ
1472 3118 1605 3193 μετά
1666 3120 1766 3185 τὴν
1806 3121 1897 3175 τοῦ

256 3216 471 3294 ἀρίστου
522 3211 661 3290 ὥραν
709 3207 1014 3288 ἐρχόμενοι,
1075 3205 1463 3265 ἀπογλεὶονται.
1497 3207 1585 3270 Τίς
1629 3205 1683 3263 δέ
1715 3210 1749 3275 ἡ
1786 3210 1895 3285 ὥρα

254 3302 350 3360 τοῧ
406 3300 637 3381 ἀρίστου,
697 3296 733 3365 ἥ
801 3298 828 3352 6
898 3296 1074 3373 παρὼν
1116 3296 1227 3370 βίος
1256 3312 1271 3370 ;
1303 3298 1462 3362 Οὗτος
1507 3296 1607 3375 γὰρ
1654 3298 1815 3361 ὄντως
1868 3300 1895 3354 6

251 3392 438 3470 καιρὸς
508 3388 718 3467 ἄριστον
803 3387 875 3447 εἰς
918 3385 1017 3451 τὴν
1070 3384 1199 3462 πρὸς
1231 3386 1290 3439 τὸ
1322 3386 1625 3452 ἐστιαθῆναι
1655 3408 1897 3461 πνενμαο

249 3481 409 3548 τικὴν
460 3477 788 3553 ἐτοιμασίαν,
847 3472 968 3553 Ἀφ’
1024 3476 1082 3529 οὗ
1147 3472 1318 3531 τοίνυν
1372 3473 1558 3553 ἐγερθῇ
1609 3477 1636 3530 ὁ
1689 3473 1893 3531 οἰκοδε-

1981 2026 2414 2107 dentium,cum
2443 2028 2712 2090 videbitis
2741 2029 3130 2105 Abraham,et
3151 2031 3399 2101 lsaac,et
3416 2027 3624 2102 Jacob,

1981 2123 2040 2176 et
2068 2132 2278 2177 omnes
2310 2117 2629 2198 prephetas
2660 2118 2718 2179 in
2752 2137 2934 2196 regno
2970 2117 3096 2192 Dei,
3131 2137 3231 2179 vos
3287 2127 3484 2178 autem
3518 2136 3625 2179 ex-

1982 2202 2123 2283 pelli
2153 2204 2329 2265 l'oras.
2360 2204 2431 2266 Et
2453 2206 2691 2267 venient
2740 2206 2811 2268 ab
2842 2204 3087 2269 Oriente
3110 2215 3168 2267 et
3190 2205 3536 2285 Occidente,
3571 2216 3627 2267 et

1982 2293 2279 2372 Aquilone
2304 2300 2363 2354 et
2394 2300 2630 2367 Austro,
2661 2305 2719 2357 et
2743 2295 3099 2357 accumbent
3139 2296 3199 2356 in
3266 2314 3449 2373 regno
3492 2294 3622 2358 Dei.

1978 2379 2049 2441 Et
2080 2400 2221 2443 ecce
2271 2392 2407 2443 sunt
2454 2385 2761 2463 postremi,
2795 2385 2894 2465 qui
2923 2392 3098 2447 erunt
3154 2383 3370 2464 primi:
3404 2391 3463 2446 et
3489 2392 3630 2445 sunt

1980 2468 2183 2544 primi,
2216 2470 2315 2551 qui
2339 2481 2517 2533 erunt
2551 2475 2850 2552 postremi.
2869 2476 3083 2535 nPauci
3107 2486 3247 2534 sunt
3268 2473 3366 2553 qui
3392 2472 3625 2535 salvan-

1981 2566 2099 2634 tur,
2133 2578 2204 2620 eo
2225 2560 2380 2640 quod
2410 2571 2655 2642 augusta
2681 2562 2771 2624 via
2803 2562 3017 2623 multos
3066 2580 3184 2622 non
3216 2562 3486 2642 recipiat.
3524 2562 3630 2623 Est

1977 2655 2172 2709 autem
2196 2650 2483 2712 Dominus
2516 2652 2961 2732 paterfamilias,
2986 2651 3087 2731 qui
3110 2660 3392 2712 convocat
3420 2667 3628 2712 omnes

1977 2736 2250 2799 homines
2282 2738 2355 2799 ad
2408 2739 2719 2820 prandium
2777 2750 2834 2801 et
2882 2740 3229 2801 fruitionem
3262 2749 3623 2802 aeternorum

1976 2824 2291 2886 bonorum.
2330 2828 2554 2891 Omnes
2586 2829 2787 2909 itaque
2832 2828 3043 2889 virtute
3074 2828 3307 2909 praediti
3340 2847 3526 2908 usque
3550 2829 3622 2890 ad

1978 2915 2213 2995 prandii
2254 2925 2486 2996 tempus
2532 2918 2887 2979 studuerunt
2946 2918 3169 2979 intrare
3210 2938 3223 2977 :
3260 2935 3468 2981 omnes
3517 2936 3625 2979 au-

1981 3010 2099 3062 tem
2131 3003 2412 3065 desidiosi
2442 3013 2501 3068 et
2529 3006 2745 3085 ignavi,
2800 3006 2899 3086 qui
2941 3016 3076 3087 post
3125 3014 3358 3087 tempus
3390 3006 3622 3086 prandii

1978 3102 2292 3170 venerunt,
2321 3095 2737 3157 excluduntur.
2779 3096 2935 3157 Hora
2964 3104 3163 3156 autem
3203 3094 3431 3174 prandii
3464 3113 3616 3174 pra;-

1979 3198 2117 3241 sens
2145 3181 2261 3243 vita
2291 3191 2400 3245 est.
2451 3183 2576 3245 Hoc
2606 3184 2765 3245 enim
2796 3193 3029 3264 tempus
3062 3182 3263 3265 utique
3303 3184 3612 3264 prandium

1915 3262 1954 3313 ο
1979 3277 2059 3343 et,
2093 3290 2209 3346 quo
2235 3290 2635 3352 praeparamur
2663 3281 2727 3334 ut
2747 3262 3035 3353 spirituali
3065 3262 3331 3333 convivio
3362 3273 3616 3353 excipia-

1980 3377 2131 3420 mur.
2171 3359 2316 3421 Cum
2345 3370 2541 3422 autem
2575 3362 3018 3441 expergefactus
3064 3361 3242 3423 fuerit
3271 3362 3613 3442 paterfami-

1977 3447 2106 3534 lias,
2136 3449 2248 3508 hoc
2268 3458 2377 3524 est,
2408 3450 2483 3511 ad
2513 3450 2807 3530 judicium
2853 3451 3203 3524 surrexerit,
3236 3470 3305 3513 ac
3339 3452 3622 3513 clauserit

252 3570 486 3639 σπότης,
550 3564 842 3644 τουτέστιν,
914 3565 984 3626 εἰς
1044 3564 1213 3642 κρίσιν
1267 3560 1550 3639 ἐξαναστῇ,
1606 3565 1695 3620 καὶ
1751 3564 1893 3620 ἀπο-

1981 3536 2475 3617 ianuam,virtutis
2496 3539 2631 3601 dico
2664 3541 2836 3616 viam,
2863 3558 3034 3621 quam
3068 3539 3301 3620 ingredi
3332 3558 3448 3604 non
3482 3560 3622 3623 pos-

250 3657 444 3725 κλείση
500 3656 597 3723 τὴν
666 3657 842 3733 θύραν,
877 3654 976 3721 τὴν
1006 3654 1102 3719 τῆς
1134 3653 1348 3730 ἀρετῆς,
1380 3654 1543 3731 φημὶ,
1589 3650 1729 3725 ὁδὸν,
1779 3654 1896 3721 ἣτις

254 3747 393 3821 μετά
462 3746 561 3812 τὴν
619 3743 849 3800 ἐντεῦθεν
880 3739 1166 3797 ἀποὸίωσιν
1225 3739 1326 3799 οὐχ
1389 3738 1643 3797 ὁδεύεται⁶
1720 3742 1774 3797 ἐν
1826 3747 1901 3815 τῷ

251 3836 354 3913 βίῳ
403 3834 501 3912 γάρ
570 3835 717 3889 οὖσιν
786 3832 922 3906 ἡμῖν
951 3828 1181 3885 ὁδεύεται
1211 3830 1244 3896 ἡ
1276 3831 1374 3895 της
1402 3828 1591 3908 ἀρετῆς
1623 3826 1766 3892 ὁδός⁶
1802 3828 1902 3905 ἂρ-

256 3945 450 4004 χονται
511 3921 606 3997 μὲν
680 3924 727 3979 σὶ
777 3918 1127 3996 ἀμελέστερον
1158 3918 1374 3975 ἐνταῦθα
1426 3921 1680 3989 ζήσαντες
1738 3920 1898 3996 κρού-

254 4036 335 4069 ειν
386 4013 484 4079 τὴν
541 4011 716 4090 θύραν·
781 4009 900 4065 τότε
972 4009 1069 4085 γὰρ
1130 4006 1194 4074 δὴ
1225 4008 1345 4063 τότε
1389 4006 1472 4063 διά
1514 4012 1612 4075 τῆς
1644 4007 1897 4078 ἀνονήτου

254 4101 537 4177 μετανοίας
591 4100 688 4167 τὴν
755 4103 853 4165 τῆς
886 4098 1077 4175 ἀρετῆς
1137 4096 1254 4153 ὁδὸν
1335 4099 1646 4168 ἀναζητοῦσι
1714 4095 1896 4175 λόγοις

257 4190 469 4270 ψιλοῖς,
531 4190 650 4246 οἷόν
721 4210 832 4243 τισι
876 4188 1083 4265 κρότοις
1113 4188 1199 4243 καὶ
1231 4189 1445 4249 κτύποις
1478 4185 1895 4260 ἀνακαλούμενοι

256 4266 477 4346 ταύτην,
546 4285 652 4335 τῶν
687 4276 855 4357 ἔργων
884 4274 1147 4338 ἀπόντων,
1185 4266 1242 4333 Ὀ
1286 4273 1342 4330 δὲ
1370 4273 1747 4342 οἰκοδεσπότης
1794 4274 1896 4343 ήδη

258 4368 474 4433 δικαίως
545 4366 885 4439 ἀποκλείσας,
945 4378 1317 4443 προσποιεῖται
1392 4362 1527 4439 μηδὲ
1580 4362 1765 4420 εἰδέναι
1796 4365 1901 4420 πό·-

258 4464 347 4516 θεν
413 4457 561 4514 εἰσίν
637 4456 873 4521 εἰκότως,
944 4456 1040 4510 εἰεί
1071 4455 1169 4526 μὲν
1210 4454 1309 4532 γὰρ
1342 4453 1402 4509 ἐκ
1443 4460 1535 4509 τοῦ
1561 4449 1826 4525 διαϐόλου,
1873 4454 1901 4508 ὁ

260 4549 316 4605 δὲ
390 4549 574 4625 Κύριος
602 4545 722 4609 τοὺς
750 4543 904 4605 ὄντας
960 4543 1115 4598 αυτοῦ
1154 4543 1427 4620 γινώσκει.
1460 4543 1532 4599 Τὸ
1554 4540 1632 4612 δὲ,
1666 4540 1899 4620 Ἐφάγο-

1982 3644 2186 3688 sumus
2209 3636 2515 3709 postquam
2540 3630 2679 3691 hinc
2697 3629 3447 3711 emigraverimuszquando
3465 3630 3626 3692 enim

1983 3717 2180 3779 invita
2202 3720 2576 3800 sumus,iniri
2600 3729 2792 3801 potest
2809 3721 2900 3780 via
2920 3720 3624 3802 virtutiszincipiuntqui—

1984 3805 2120 3867 dem
2151 3816 2290 3868 tunc
2319 3807 2379 3868 hi
2411 3809 2511 3888 qui
2558 3808 2946 3889 negligentius
2970 3829 3030 3871 ιη
3064 3811 3172 3871 hac
3201 3809 3316 3870 vita
3345 3810 3621 3885 vixerint,

1986 3894 2222 3975 pulsare
2246 3896 2516 3974 januam,
2553 3906 2713 3973 tunc,
2748 3898 3014 3979 inquam,
3052 3907 3190 3959 tunc
3224 3917 3330 3979 per
3354 3898 3624 3960 inutilem

1982 3983 2391 4064 paenitentiam
2416 3985 2646 4047 virtutis
2669 3987 2818 4048 viam
2850 3987 3185 4067 requirunt,
3222 3985 3401 4047 nudis
3430 3985 3624 4047 verbis

1980 4073 2148 4155 quasi
2179 4073 2607 4151 pulsationibus
2638 4076 3057 4155 etstrepitibus
3075 4075 3427 4156 quibusdam
3450 4092 3625 4136 revo-

1980 4170 2184 4225 cantes
2236 4162 2434 4235 illam,
2496 4164 2781 4244 operibus
2839 4173 3039 4227 tamen
3094 4176 3390 4227 carentes.
3455 4163 3628 4226 Pater

1983 4270 2124 4314 vero
2150 4251 2398 4313 familias
2429 4271 2561 4313 cum
2588 4271 2690 4313 eos
2715 4256 2879 4331 juste
2920 4254 3262 4333 excluserit,
3293 4252 3631 4313 dissimulat

1984 4342 2140 4404 scire
2158 4340 2315 4402 unde
2344 4341 2485 4416 sint,
2519 4350 2577 4403 et
2602 4342 2813 4404 merito
2847 4362 2861 4403 :
2898 4350 3036 4403 sunt
3058 4343 3213 4403 enim
3247 4361 3316 4404 ex
3337 4340 3571 4403 diabolo
3612 4363 3625 4398 :

1984 4430 2275 4493 Dominus
2312 4444 2510 4491 autem
2554 4432 2857 4511 cognoscit
2886 4448 3050 4494 suos.
3084 4430 3211 4493 Hoc
3240 4443 3436 4494 autem
3469 4431 3626 4511 quod

1986 4522 2166 4585 dicit:
2200 4519 2579 4584 Comedimus
2617 4529 2675 4582 et
2706 4520 2967 4583 bibimus
2998 4539 3196 4582 coram
3232 4529 3377 4595 te,et
3405 4520 3465 4581 in
3497 4521 3627 4601 pla-

257 4659 357 4713 μεν
419 4637 506 4692 καὶ
580 4634 795 4709 ἐπίομεν
827 4633 1048 4689 ἐνώπιόν
1081 4654 1196 4705 σου,
1241 4632 1327 4687 καὶ
1371 4631 1424 4686 ἐν
1455 4643 1577 4693 ταῖς
1625 4628 1896 4696 πλατείαις

1985 4612 2094 4704 teis
2113 4609 2332 4670 nostris
2353 4609 2640 4673 docuisti:
2661 4611 3014 4691 simpliciter
3034 4610 3273 4690 quidem
3299 4610 3369 4670 ad
3388 4609 3625 4672 Israeli-

257 4729 414 4801 ἡμῶν
470 4722 723 4797 ἐδίδαξας,
797 4725 884 4777 καὶ
938 4721 1118 4785 ὑπὶῶς
1181 4722 1278 4795 μὲν
1347 4720 1512 4782 οὕτως
1579 4720 1709 4797 πρὸς
1778 4721 1899 4785 τοὺς

257 4813 310 4880 ἐξ
369 4813 583 4893 Ἰσραὴλ
640 4810 874 4889 λέγεται,
953 4812 1047 4867 Καὶ
1104 4811 1203 4887 γὰρ
1253 4809 1304 4875 ἐξ
1374 4812 1545 4866 αὐτῶν
1601 4809 1629 4863 ὀ
1677 4810 1898 4886 Χριστὸς

260 4904 395 4960 κατά
455 4903 644 4981 σάρκα,
705 4903 789 4956 καὶ
863 4902 1041 4961 αὖτοῖς
1119 4901 1361 4968 συνήσθιε
1435 4900 1522 4954 καὶ
1633 4896 1893 4959 συνέπινε,

261 4992 406 5060 Πλὴν
462 4991 597 5047 ἀλλὰ
638 4992 726 5047 καὶ
755 4987 1086 5064 ὑψηλότερον
1120 4986 1327 5043 δύναται
1359 4991 1618 5053 νοηθῆναι
1651 4988 1734 5064 τὸ,
1771 4986 1895 5042 Ἐν-

258 5083 427 5139 ώπιόν
494 5104 588 5137 σου
640 5080 902 5160 ἐφάγομεν
958 5080 1043 5134 καὶ
1114 5077 1347 5152 Ξπεόμεν·
1408 5079 1505 5144 τὴν
1548 5079 1647 5155 γάςι
1678 5081 1900 5153 νομικὴν

258 5168 536 5233 τελοῦντες
602 5168 874 5246 λατρεταν,
931 5168 1022 5223 καὶ
1093 5166 1531 5239 προσκομίζοντες
1561 5171 1638 5238 τῶ
1664 5171 1779 5239 Θεῷ
1806 5166 1901 5230 τὰς

259 5258 326 5316 δι’
370 5259 600 5334 α’ίματος
630 5258 827 5321 θυσίας,
861 5256 1043 5325 ἢσθιον
1092 5278 1178 5311 και
1231 5255 1599 5332 ηὗφραίνοντο,
1632 5253 1903 5331 ἠκροῶντο

259 5347 313 5404 δὲ
367 5347 455 5403 καὶ
484 5348 589 5403 τῶν
620 5348 768 5402 θείων
799 5342 994 5422 βίϐλων
1020 5346 1074 5400 ἒν
1121 5357 1243 5408 ταῖς
1289 5355 1646 5420 συναγωγαῖς.
1681 5343 1900 5409 Πάντως

259 5438 357 5515 γὰρ
414 5437 442 5493 ὁ
498 5436 685 5514 Κύριος
743 5432 946 5492 καὶδιά
996 5440 1098 5490 τῶν
1169 5437 1455 5513 προφητῶν
1504 5430 1788 5489 ἐδίδασκεν·
1842 5435 1901 5490 οὐ

260 5528 358 5604 γὰρ
428 5526 494 5581 τὰ
524 5527 723 5582 ἑαυτῶν
754 5527 801 5581 οἱ
830 5528 1095 5605 προφῆται
1143 5524 1497 5602 προετίθεσαν,
1545 5519 1680 5577 ἀλλά
1708 5522 1774 5577 τὰ
1808 5529 1900 5579 τοῦ

260 5622 389 5672 Θεοῦ
430 5614 782 5693 ὑπηγόρευον,
826 5611 907 5671 διὸ
932 5614 1020 5669 καὶ
1052 5611 1257 5689 ἔλεγον,
1291 5609 1422 5672 Τάδε
1491 5609 1641 5689 λέγει
1685 5612 1897 5689 Κύριος.

265 5704 459 5763 Οὔκουν
502 5702 693 5783 ἤρκεσε
762 5716 879 5767 τοῖς
924 5700 1189 5766 Ἰουδαίοις
1221 5702 1293 5765 εἰς
1352 5698 1621 5757 δικαίωσιν
1649 5701 1683 5767 ἡ
1717 5697 1787 5755 δι’
1816 5702 1894 5756 αἰ·

1985 4698 2070 4765 tas
2101 4700 2582 4764 dicitur.Etenim
2610 4703 2897 4766 Dominus
2918 4722 2989 4764 ex
3015 4703 3156 4764 590
3178 4702 3322 4782 ipsis
3346 4712 3519 4764 natus
3543 4712 3632 4763 est

1981 4793 2310 4856 secundum
2345 4804 2676 4869 carnem,et
2706 4814 2838 4857 cum
2873 4795 2964 4856 eis
2992 4795 3253 4856 comedit
3283 4813 3350 4856 ac
3382 4793 3633 4855 biluit.Et

1983 4890 2174 4962 potest
2202 4882 2375 4945 etiarn
2426 4883 2739 4945 sublimius
2783 4883 3309 4963 intelligizCoram
3339 4892 3395 4944 te
3425 4901 3628 4943 come-

1984 4972 2179 5033 dimus
2213 4980 2270 5032 et
2291 4971 2865 5053 bibimus.Legalem
2900 4974 3057 5035 enim
3093 4973 3469 5054 perﬁcientes
3501 4972 3630 5032 cul-

1986 5070 2130 5135 tum,
2166 5070 2224 5123 et
2252 5062 2570 5122 offerentes
2599 5065 2723 5125 Deo
2746 5071 2993 5124 cruenta
3008 5062 3321 5142 sacriﬁcia,
3344 5059 3631 5123 comede-

1982 5161 2121 5214 runt
2151 5160 2209 5212 et
2237 5149 2413 5212 laetati
2446 5152 2925 5214 suntzaudierunt
2954 5160 3150 5213 autem
3194 5151 3426 5212 divinos
3448 5148 3633 5210 libros

1985 5247 2044 5304 in
2074 5238 2665 5323 synagogisOmnino
2692 5241 2849 5302 enim
2883 5249 2943 5303 et
2974 5260 3078 5321 per
3100 5237 3628 5322 prophetasDomi-

1985 5352 2097 5394 nus
2110 5328 2539 5410 docuit.Neque
2552 5330 2710 5392 enim
2738 5331 3038 5411 propheta:
3058 5348 3162 5390 sua
3188 5329 3450 5410 ipsorum
3474 5328 3630 5389 dicta

1984 5418 2392 5503 proferebant,
2423 5419 2528 5480 sed
2555 5419 2754 5481 divina
2784 5418 3188 5501 praedicabant
3214 5441 3227 5482 :
3265 5425 3633 5499 quapropter

1984 5519 2045 5573 et
2065 5508 2506 5575 dicebantzliaac
2524 5509 2664 5573 dicit
2689 5509 2996 5572 Dominus.
3023 5508 3150 5571 Non
3166 5508 3348 5591 igitur
3368 5506 3631 5573 sufﬁcie-

1984 5599 2082 5662 bat
2099 5597 2324 5661 Judaais
2339 5596 2411 5659 ad
2424 5598 2911 5678 justiﬁcationem
2926 5598 3119 5662 cultus
3132 5599 3232 5662 ille
3250 5617 3356 5683 per
3381 5596 3629 5677 sangui-

1982 5693 2074 5757 nis
2109 5687 2482 5763 eﬂ'usionem,
2518 5707 2633 5751 non
2667 5689 2989 5755 accedente
3025 5688 3158 5765 fide,
3192 5708 3323 5772 qua
3345 5689 3629 5769 justiﬁcat
