  <div class='ocr_page' id='page_1' title='image "/cluster/home/n/w/nwhite01/storage/ocr_20150623/123/mdp.39015009359079/471.png"; bbox 0 0 4132 6298; ppageno 0'>
   <div class='ocr_carea' id='block_1_1' title="bbox 454 358 568 443">
    <p class='ocr_par' dir='ltr' id='par_1_1' title="bbox 454 358 568 443">
     <span class='ocr_line' id='line_1_1' title="bbox 454 358 568 443; baseline 0.018 -2"><span class='ocrx_word' id='word_1_1' title='bbox 454 358 568 443; x_wconf 66' lang='grc'><strong>927</strong></span> 
     </span>
    </p>
   </div>
   <div class='ocr_carea' id='block_1_2' title="bbox 1424 382 2864 452">
    <p class='ocr_par' dir='ltr' id='par_1_2' title="bbox 1424 382 2864 452">
     <span class='ocr_line' id='line_1_2' title="bbox 1424 382 2864 452; baseline 0.004 -5"><span class='ocrx_word' id='word_1_2' title='bbox 1424 382 2010 448; x_wconf 84' lang='lat' dir='ltr'><strong>THEOPHYLACTI</strong></span> <span class='ocrx_word' id='word_1_3' title='bbox 2057 383 2465 448; x_wconf 72' lang='lat' dir='ltr'><strong>BULGARI/E</strong></span> <span class='ocrx_word' id='word_1_4' title='bbox 2513 390 2864 452; x_wconf 81' lang='lat' dir='ltr'><strong>ARCHIEP.</strong></span> 
     </span>
    </p>
   </div>
   <div class='ocr_carea' id='block_1_3' title="bbox 3730 394 3859 458">
    <p class='ocr_par' dir='ltr' id='par_1_3' title="bbox 3730 394 3859 458">
     <span class='ocr_line' id='line_1_3' title="bbox 3730 394 3859 458; baseline 0 0"><span class='ocrx_word' id='word_1_5' title='bbox 3730 394 3859 458; x_wconf 72' lang='lat'><strong>928</strong></span> 
     </span>
    </p>
   </div>
   <div class='ocr_carea' id='block_1_4' title="bbox 456 514 2084 607">
    <p class='ocr_par' dir='ltr' id='par_1_4' title="bbox 456 515 2084 607">
     <span class='ocr_line' id='line_1_4' title="bbox 456 515 2084 607; baseline 0.002 -33"><span class='ocrx_word' id='word_1_6' title='bbox 456 531 565 576; x_wconf 87' lang='lat' dir='ltr'><strong>nes</strong></span> <span class='ocrx_word' id='word_1_7' title='bbox 587 515 723 607; x_wconf 89' lang='lat' dir='ltr'><strong>illos</strong></span> <span class='ocrx_word' id='word_1_8' title='bbox 753 517 1766 592; x_wconf 87' lang='lat' dir='ltr'><strong>habetDominus.Quemudmodnm</strong></span> <span class='ocrx_word' id='word_1_9' title='bbox 1787 516 1946 607; x_wconf 87' lang='lat' dir='ltr'><strong>enim</strong></span> <span class='ocrx_word' id='word_1_10' title='bbox 1962 533 2084 578; x_wconf 86' lang='lat' dir='ltr'><strong>ama</strong></span> 
     </span>
    </p>
   </div>
   <div class='ocr_carea' id='block_1_5' title="bbox 2180 514 3853 607">
    <p class='ocr_par' dir='ltr' id='par_1_5' title="bbox 2198 514 3853 607">
     <span class='ocr_line' id='line_1_5' title="bbox 2198 514 3853 607; baseline 0.01 -35"><span class='ocrx_word' id='word_1_11' title='bbox 2198 514 2297 607; x_wconf 77' lang='grc' dir='ltr'><strong>τῆν</strong></span> <span class='ocrx_word' id='word_1_12' title='bbox 2362 520 2612 598; x_wconf 78' lang='grc' dir='ltr'>στοργὴν,</span> <span class='ocrx_word' id='word_1_13' title='bbox 2686 521 2751 590; x_wconf 73' lang='grc' dir='ltr'>ἤν</span> <span class='ocrx_word' id='word_1_14' title='bbox 2815 523 2932 604; x_wconf 76' lang='grc' dir='ltr'>ἔχει</span> <span class='ocrx_word' id='word_1_15' title='bbox 2964 527 3079 605; x_wconf 84' lang='grc' dir='ltr'>περὶ</span> <span class='ocrx_word' id='word_1_16' title='bbox 3108 526 3295 591; x_wconf 71' lang='grc' dir='ltr'>αὖτοὺς</span> <span class='ocrx_word' id='word_1_17' title='bbox 3338 528 3367 584; x_wconf 81' lang='grc' dir='ltr'>ὁ</span> <span class='ocrx_word' id='word_1_18' title='bbox 3396 527 3611 607; x_wconf 86' lang='grc' dir='ltr'>Κύριος’</span> <span class='ocrx_word' id='word_1_19' title='bbox 3661 529 3853 590; x_wconf 80' lang='grc' dir='ltr'>ὥσπερ</span> 
     </span>
    </p>
   </div>
   <div class='ocr_carea' id='block_1_6' title="bbox 452 606 2106 689">
    <p class='ocr_par' dir='ltr' id='par_1_6' title="bbox 452 606 2106 689">
     <span class='ocr_line' id='line_1_6' title="bbox 452 606 2106 689; baseline 0.003 -28"><span class='ocrx_word' id='word_1_20' title='bbox 452 608 545 662; x_wconf 86' lang='lat' dir='ltr'><strong>tor</strong></span> <span class='ocrx_word' id='word_1_21' title='bbox 561 606 691 684; x_wconf 88' lang='lat' dir='ltr'><strong>quis</strong></span> <span class='ocrx_word' id='word_1_22' title='bbox 721 607 793 668; x_wconf 92' lang='lat' dir='ltr'><strong>ab</strong></span> <span class='ocrx_word' id='word_1_23' title='bbox 808 607 999 669; x_wconf 89' lang='lat' dir='ltr'><strong>amica</strong></span> <span class='ocrx_word' id='word_1_24' title='bbox 1020 609 1510 689; x_wconf 90' lang='lat' dir='ltr'><strong>contemptus,ita</strong></span> <span class='ocrx_word' id='word_1_25' title='bbox 1526 616 1761 671; x_wconf 78' lang='lat' dir='ltr'><strong>revocat</strong></span> <span class='ocrx_word' id='word_1_26' title='bbox 1774 606 2106 670; x_wconf 77' lang='lat' dir='ltr'><strong>adulteram</strong></span> 
     </span>
    </p>
   </div>
   <div class='ocr_carea' id='block_1_7' title="bbox 455 693 2102 775">
    <p class='ocr_par' dir='ltr' id='par_1_7' title="bbox 455 693 2102 775">
     <span class='ocr_line' id='line_1_7' title="bbox 455 693 2102 775; baseline 0.002 -22"><span class='ocrx_word' id='word_1_27' title='bbox 455 693 839 774; x_wconf 82' lang='lat' dir='ltr'><strong>Synagogam.</strong></span> <span class='ocrx_word' id='word_1_28' title='bbox 876 694 1150 758; x_wconf 90' lang='lat' dir='ltr'><strong>Ostendit</strong></span> <span class='ocrx_word' id='word_1_29' title='bbox 1206 698 1343 759; x_wconf 85' lang='lat' dir='ltr'><strong>item</strong></span> <span class='ocrx_word' id='word_1_30' title='bbox 1394 715 1559 759; x_wconf 88' lang='lat' dir='ltr'><strong>suam</strong></span> <span class='ocrx_word' id='word_1_31' title='bbox 1607 696 2102 775; x_wconf 87' lang='lat' dir='ltr'><strong>misericordiam,</strong></span> 
     </span>
    </p>
   </div>
   <div class='ocr_carea' id='block_1_8' title="bbox 452 784 2106 867">
    <p class='ocr_par' dir='ltr' id='par_1_8' title="bbox 452 784 2106 867">
     <span class='ocr_line' id='line_1_8' title="bbox 452 784 2106 867; baseline 0.003 -25"><span class='ocrx_word' id='word_1_32' title='bbox 452 784 605 860; x_wconf 89' lang='lat' dir='ltr'><strong>quod</strong></span> <span class='ocrx_word' id='word_1_33' title='bbox 624 803 1038 865; x_wconf 72' lang='lat' dir='ltr'><strong>saepenumero</strong></span> <span class='ocrx_word' id='word_1_34' title='bbox 1064 787 1319 848; x_wconf 86' lang='lat' dir='ltr'><strong>voluerit</strong></span> <span class='ocrx_word' id='word_1_35' title='bbox 1338 806 1699 867; x_wconf 79' lang='lat' dir='ltr'><strong>congregare</strong></span> <span class='ocrx_word' id='word_1_36' title='bbox 1728 787 1957 849; x_wconf 79' lang='lat' dir='ltr'><strong>illoszet</strong></span> <span class='ocrx_word' id='word_1_37' title='bbox 1979 784 2106 847; x_wconf 91' lang='lat' dir='ltr'><strong>illo-</strong></span> 
     </span>
    </p>
   </div>
   <div class='ocr_carea' id='block_1_9' title="bbox 452 874 2101 961">
    <p class='ocr_par' dir='ltr' id='par_1_9' title="bbox 452 874 2101 961">
     <span class='ocr_line' id='line_1_9' title="bbox 452 874 2101 961; baseline 0.003 -31"><span class='ocrx_word' id='word_1_38' title='bbox 452 888 583 961; x_wconf 82' lang='lat' dir='ltr'><strong>rum</strong></span> <span class='ocrx_word' id='word_1_39' title='bbox 606 874 895 953; x_wconf 82' lang='lat' dir='ltr'><strong>significat</strong></span> <span class='ocrx_word' id='word_1_40' title='bbox 922 876 1785 953; x_wconf 83' lang='lat' dir='ltr'><strong>arrogantiam,dicendo,Quia</strong></span> <span class='ocrx_word' id='word_1_41' title='bbox 1805 874 2101 961; x_wconf 46' lang='lat' dir='ltr'><strong>noluistis!</strong></span> 
     </span>
    </p>
   </div>
   <div class='ocr_carea' id='block_1_10' title="bbox 450 960 2102 1043">
    <p class='ocr_par' dir='ltr' id='par_1_10' title="bbox 450 960 2102 1043">
     <span class='ocr_line' id='line_1_10' title="bbox 450 960 2102 1043; baseline 0.002 -22"><span class='ocrx_word' id='word_1_42' title='bbox 450 960 725 1040; x_wconf 85' lang='lat' dir='ltr'><strong>relinquo</strong></span> <span class='ocrx_word' id='word_1_43' title='bbox 756 983 860 1025; x_wconf 88' lang='lat' dir='ltr'><strong>vos</strong></span> <span class='ocrx_word' id='word_1_44' title='bbox 891 980 1119 1043; x_wconf 72' lang='lat' dir='ltr'><strong>posma.</strong></span> <span class='ocrx_word' id='word_1_45' title='bbox 1161 964 1224 1025; x_wconf 89' lang='lat' dir='ltr'><strong>In</strong></span> <span class='ocrx_word' id='word_1_46' title='bbox 1260 974 1484 1027; x_wconf 90' lang='lat' dir='ltr'><strong>tantum</strong></span> <span class='ocrx_word' id='word_1_47' title='bbox 1520 965 1680 1027; x_wconf 92' lang='lat' dir='ltr'><strong>enim</strong></span> <span class='ocrx_word' id='word_1_48' title='bbox 1734 965 1871 1026; x_wconf 92' lang='lat' dir='ltr'><strong>odio</strong></span> <span class='ocrx_word' id='word_1_49' title='bbox 1925 960 2102 1026; x_wconf 76' lang='lat' dir='ltr'><strong>babul</strong></span> 
     </span>
    </p>
   </div>
   <div class='ocr_carea' id='block_1_11' title="bbox 453 1051 2099 1135">
    <p class='ocr_par' dir='ltr' id='par_1_11' title="bbox 453 1051 2099 1135">
     <span class='ocr_line' id='line_1_11' title="bbox 453 1051 2099 1135; baseline 0.003 -26"><span class='ocrx_word' id='word_1_50' title='bbox 453 1051 730 1114; x_wconf 88' lang='lat' dir='ltr'><strong>malitiam</strong></span> <span class='ocrx_word' id='word_1_51' title='bbox 753 1061 1312 1134; x_wconf 89' lang='lat' dir='ltr'><strong>vestram,utneque</strong></span> <span class='ocrx_word' id='word_1_52' title='bbox 1334 1056 1618 1135; x_wconf 87' lang='lat' dir='ltr'><strong>templum</strong></span> <span class='ocrx_word' id='word_1_53' title='bbox 1641 1054 1884 1115; x_wconf 91' lang='lat' dir='ltr'><strong>domum</strong></span> <span class='ocrx_word' id='word_1_54' title='bbox 1907 1071 2099 1114; x_wconf 88' lang='lat' dir='ltr'><strong>meam</strong></span> 
     </span>
    </p>
   </div>
   <div class='ocr_carea' id='block_1_12' title="bbox 452 1139 2100 1224">
    <p class='ocr_par' dir='ltr' id='par_1_12' title="bbox 452 1139 2100 1224">
     <span class='ocr_line' id='line_1_12' title="bbox 452 1139 2100 1224; baseline 0.002 -25"><span class='ocrx_word' id='word_1_55' title='bbox 452 1157 582 1200; x_wconf 90' lang='lat' dir='ltr'><strong>esse</strong></span> <span class='ocrx_word' id='word_1_56' title='bbox 610 1139 935 1217; x_wconf 90' lang='lat' dir='ltr'><strong>dicam,sed</strong></span> <span class='ocrx_word' id='word_1_57' title='bbox 957 1143 1197 1205; x_wconf 88' lang='lat' dir='ltr'><strong>domum</strong></span> <span class='ocrx_word' id='word_1_58' title='bbox 1218 1152 1499 1207; x_wconf 81' lang='lat' dir='ltr'><strong>vestram.</strong></span> <span class='ocrx_word' id='word_1_59' title='bbox 1525 1145 1675 1206; x_wconf 86' lang='lat' dir='ltr'><strong>Nam</strong></span> <span class='ocrx_word' id='word_1_60' title='bbox 1713 1142 1975 1224; x_wconf 89' lang='lat' dir='ltr'><strong>quandiu</strong></span> <span class='ocrx_word' id='word_1_61' title='bbox 2005 1144 2100 1205; x_wconf 92' lang='lat' dir='ltr'><strong>vi-</strong></span> 
     </span>
    </p>
   </div>
   <div class='ocr_carea' id='block_1_13' title="bbox 452 1232 2094 1313">
    <p class='ocr_par' dir='ltr' id='par_1_13' title="bbox 452 1232 2094 1313">
     <span class='ocr_line' id='line_1_13' title="bbox 452 1232 2094 1313; baseline 0.002 -25"><span class='ocrx_word' id='word_1_62' title='bbox 452 1236 567 1289; x_wconf 89' lang='lat' dir='ltr'><strong>tam</strong></span> <span class='ocrx_word' id='word_1_63' title='bbox 600 1240 851 1293; x_wconf 83' lang='lat' dir='ltr'><strong>vestram</strong></span> <span class='ocrx_word' id='word_1_64' title='bbox 891 1232 1045 1295; x_wconf 88' lang='lat' dir='ltr'><strong>bene</strong></span> <span class='ocrx_word' id='word_1_65' title='bbox 1092 1232 1411 1311; x_wconf 85' lang='lat' dir='ltr'><strong>gerebatis.</strong></span> <span class='ocrx_word' id='word_1_66' title='bbox 1450 1240 1506 1294; x_wconf 90' lang='lat' dir='ltr'><strong>et</strong></span> <span class='ocrx_word' id='word_1_67' title='bbox 1551 1232 1834 1313; x_wconf 89' lang='lat' dir='ltr'><strong>templum</strong></span> <span class='ocrx_word' id='word_1_68' title='bbox 1897 1250 2094 1293; x_wconf 89' lang='lat' dir='ltr'><strong>meum</strong></span> 
     </span>
    </p>
   </div>
   <div class='ocr_carea' id='block_1_14' title="bbox 451 1321 2096 1401">
    <p class='ocr_par' dir='ltr' id='par_1_14' title="bbox 451 1321 2096 1401">
     <span class='ocr_line' id='line_1_14' title="bbox 451 1321 2096 1401; baseline 0.002 -22"><span class='ocrx_word' id='word_1_69' title='bbox 451 1327 616 1381; x_wconf 89' lang='lat' dir='ltr'><strong>erat:</strong></span> <span class='ocrx_word' id='word_1_70' title='bbox 643 1322 779 1401; x_wconf 89' lang='lat' dir='ltr'><strong>quia</strong></span> <span class='ocrx_word' id='word_1_71' title='bbox 807 1330 1001 1383; x_wconf 88' lang='lat' dir='ltr'><strong>autem</strong></span> <span class='ocrx_word' id='word_1_72' title='bbox 1036 1322 1181 1383; x_wconf 86' lang='lat' dir='ltr'><strong>illud</strong></span> <span class='ocrx_word' id='word_1_73' title='bbox 1215 1321 1689 1396; x_wconf 77' lang='lat' dir='ltr'><strong>contaminastis,</strong></span> <span class='ocrx_word' id='word_1_74' title='bbox 1723 1330 1781 1384; x_wconf 87' lang='lat' dir='ltr'><strong>et</strong></span> <span class='ocrx_word' id='word_1_75' title='bbox 1827 1322 2096 1401; x_wconf 87' lang='lat' dir='ltr'><strong>negotia-</strong></span> 
     </span>
    </p>
   </div>
   <div class='ocr_carea' id='block_1_15' title="bbox 448 1407 2095 1491">
    <p class='ocr_par' dir='ltr' id='par_1_15' title="bbox 448 1407 2095 1491">
     <span class='ocr_line' id='line_1_15' title="bbox 448 1407 2095 1491; baseline 0.002 -24"><span class='ocrx_word' id='word_1_76' title='bbox 448 1407 625 1471; x_wconf 85' lang='lat' dir='ltr'><strong>tionis</strong></span> <span class='ocrx_word' id='word_1_77' title='bbox 683 1411 947 1491; x_wconf 85' lang='lat' dir='ltr'><strong>domum,</strong></span> <span class='ocrx_word' id='word_1_78' title='bbox 985 1419 1043 1472; x_wconf 89' lang='lat' dir='ltr'><strong>et</strong></span> <span class='ocrx_word' id='word_1_79' title='bbox 1092 1410 1436 1490; x_wconf 88' lang='lat' dir='ltr'><strong>speluncam</strong></span> <span class='ocrx_word' id='word_1_80' title='bbox 1482 1411 1777 1473; x_wconf 86' lang='lat' dir='ltr'><strong>latronum</strong></span> <span class='ocrx_word' id='word_1_81' title='bbox 1848 1410 2095 1486; x_wconf 85' lang='lat' dir='ltr'><strong>fecistis,</strong></span> 
     </span>
    </p>
   </div>
   <div class='ocr_carea' id='block_1_16' title="bbox 451 1498 2098 1579">
    <p class='ocr_par' dir='ltr' id='par_1_16' title="bbox 451 1498 2098 1579">
     <span class='ocr_line' id='line_1_16' title="bbox 451 1498 2098 1579; baseline 0.003 -22"><span class='ocrx_word' id='word_1_82' title='bbox 451 1498 742 1579; x_wconf 89' lang='lat' dir='ltr'><strong>variisque</strong></span> <span class='ocrx_word' id='word_1_83' title='bbox 792 1499 1288 1579; x_wconf 83' lang='lat' dir='ltr'><strong>negotiationibus</strong></span> <span class='ocrx_word' id='word_1_84' title='bbox 1317 1508 1374 1561; x_wconf 89' lang='lat' dir='ltr'><strong>et</strong></span> <span class='ocrx_word' id='word_1_85' title='bbox 1401 1500 1591 1562; x_wconf 89' lang='lat' dir='ltr'><strong>avaris</strong></span> <span class='ocrx_word' id='word_1_86' title='bbox 1626 1500 1839 1562; x_wconf 85' lang='lat' dir='ltr'><strong>vestris</strong></span> <span class='ocrx_word' id='word_1_87' title='bbox 1885 1499 2098 1562; x_wconf 92' lang='lat' dir='ltr'><strong>studiis</strong></span> 
     </span>
    </p>
   </div>
   <div class='ocr_carea' id='block_1_17' title="bbox 2187 605 3849 699">
    <p class='ocr_par' dir='ltr' id='par_1_17' title="bbox 2187 605 3849 699">
     <span class='ocr_line' id='line_1_17' title="bbox 2187 605 3849 699; baseline 0.01 -39"><span class='ocrx_word' id='word_1_88' title='bbox 2187 605 2287 684; x_wconf 83' lang='grc' dir='ltr'><strong>γάρ</strong></span> <span class='ocrx_word' id='word_1_89' title='bbox 2341 628 2421 673; x_wconf 85' lang='grc' dir='ltr'><strong>τις</strong></span> <span class='ocrx_word' id='word_1_90' title='bbox 2436 696 2458 699; x_wconf 34' lang='grc' dir='ltr'><strong>μ</strong></span> <span class='ocrx_word' id='word_1_91' title='bbox 2481 610 2702 687; x_wconf 77' lang='grc' dir='ltr'>ἐραστὴς</span> <span class='ocrx_word' id='word_1_92' title='bbox 2762 616 2901 691; x_wconf 81' lang='grc' dir='ltr'>παρὸ</span> <span class='ocrx_word' id='word_1_93' title='bbox 2954 620 3052 683; x_wconf 87' lang='grc' dir='ltr'><strong>τῆς</strong></span> <span class='ocrx_word' id='word_1_94' title='bbox 3128 615 3399 695; x_wconf 77' lang='grc' dir='ltr'><strong>ἐρωμένης</strong></span> <span class='ocrx_word' id='word_1_95' title='bbox 3469 605 3849 699; x_wconf 72' lang='grc' dir='ltr'>καταφρονού-</span> 
     </span>
    </p>
   </div>
   <div class='ocr_carea' id='block_1_18' title="bbox 2187 696 3837 786">
    <p class='ocr_par' dir='ltr' id='par_1_18' title="bbox 2187 696 3837 786">
     <span class='ocr_line' id='line_1_18' title="bbox 2187 696 3837 786; baseline 0.008 -35"><span class='ocrx_word' id='word_1_96' title='bbox 2187 716 2366 786; x_wconf 79' lang='grc' dir='ltr'>μενος,</span> <span class='ocrx_word' id='word_1_97' title='bbox 2401 696 2567 786; x_wconf 74' lang='grc' dir='ltr'>οὕτως</span> <span class='ocrx_word' id='word_1_98' title='bbox 2610 699 2957 758; x_wconf 77' lang='grc' dir='ltr'>ἀνακαλεῖται</span> <span class='ocrx_word' id='word_1_99' title='bbox 2987 704 3086 771; x_wconf 78' lang='grc' dir='ltr'><strong>τὴν</strong></span> <span class='ocrx_word' id='word_1_100' title='bbox 3130 704 3421 786; x_wconf 82' lang='grc' dir='ltr'>μοιχαλίδα</span> <span class='ocrx_word' id='word_1_101' title='bbox 3478 696 3837 786; x_wconf 70' lang='grc' dir='ltr'>Συναγωγῆν·</span> 
     </span>
    </p>
   </div>
   <div class='ocr_carea' id='block_1_19' title="bbox 2185 780 3845 873">
    <p class='ocr_par' dir='ltr' id='par_1_19' title="bbox 2185 780 3845 873">
     <span class='ocr_line' id='line_1_19' title="bbox 2185 780 3845 873; baseline 0.008 -35"><span class='ocrx_word' id='word_1_102' title='bbox 2185 780 2405 873; x_wconf 56' lang='grc' dir='ltr'>θείκνυσι</span> <span class='ocrx_word' id='word_1_103' title='bbox 2465 785 2518 841; x_wconf 83' lang='grc' dir='ltr'><em>δὲ</em></span> <span class='ocrx_word' id='word_1_104' title='bbox 2573 790 2659 844; x_wconf 87' lang='grc' dir='ltr'><strong>καὶ</strong></span> <span class='ocrx_word' id='word_1_105' title='bbox 2712 790 2810 858; x_wconf 83' lang='grc' dir='ltr'><strong>τὴν</strong></span> <span class='ocrx_word' id='word_1_106' title='bbox 2868 792 3061 849; x_wconf 75' lang='grc' dir='ltr'>οἰκείαν</span> <span class='ocrx_word' id='word_1_107' title='bbox 3112 780 3524 873; x_wconf 72' lang='grc' dir='ltr'>φιλανθρωπίαν,</span> <span class='ocrx_word' id='word_1_108' title='bbox 3581 780 3662 852; x_wconf 71' lang='grc' dir='ltr'><strong>ὅτι</strong></span> <span class='ocrx_word' id='word_1_109' title='bbox 3691 780 3845 852; x_wconf 78' lang='grc' dir='ltr'>πολ-</span> 
     </span>
    </p>
   </div>
   <div class='ocr_carea' id='block_1_20' title="bbox 2186 868 3837 961">
    <p class='ocr_par' dir='ltr' id='par_1_20' title="bbox 2186 868 3837 961">
     <span class='ocr_line' id='line_1_20' title="bbox 2186 868 3837 961; baseline 0.007 -34"><span class='ocrx_word' id='word_1_110' title='bbox 2186 868 2342 935; x_wconf 75' lang='grc' dir='ltr'>λάκις</span> <span class='ocrx_word' id='word_1_111' title='bbox 2396 873 2652 942; x_wconf 78' lang='grc' dir='ltr'>ἠθέλησεν</span> <span class='ocrx_word' id='word_1_112' title='bbox 2724 868 3135 959; x_wconf 68' lang='grc' dir='ltr'>ἐπισυναγαγεῖν</span> <span class='ocrx_word' id='word_1_113' title='bbox 3182 868 3395 961; x_wconf 71' lang='grc' dir='ltr'>αὖτοὺς,</span> <span class='ocrx_word' id='word_1_114' title='bbox 3440 868 3526 941; x_wconf 61' lang='grc' dir='ltr'><strong>καὶ</strong></span> <span class='ocrx_word' id='word_1_115' title='bbox 3556 885 3654 952; x_wconf 74' lang='grc' dir='ltr'>τὴν</span> <span class='ocrx_word' id='word_1_116' title='bbox 3683 884 3837 941; x_wconf 64' lang='grc' dir='ltr'>ἐκεί-</span> 
     </span>
    </p>
   </div>
   <div class='ocr_carea' id='block_1_21' title="bbox 2186 962 3840 1049">
    <p class='ocr_par' dir='ltr' id='par_1_21' title="bbox 2186 962 3840 1049">
     <span class='ocr_line' id='line_1_21' title="bbox 2186 962 3840 1049; baseline 0.008 -32"><span class='ocrx_word' id='word_1_117' title='bbox 2186 985 2288 1018; x_wconf 89' lang='grc' dir='ltr'><strong>νων</strong></span> <span class='ocrx_word' id='word_1_118' title='bbox 2339 962 2595 1020; x_wconf 82' lang='grc' dir='ltr'>ἀπόνοιαν</span> <span class='ocrx_word' id='word_1_119' title='bbox 2640 968 2909 1049; x_wconf 69' lang='grc' dir='ltr'>σημαίνει,</span> <span class='ocrx_word' id='word_1_120' title='bbox 2943 973 2999 1026; x_wconf 69' lang='grc' dir='ltr'>ἓν</span> <span class='ocrx_word' id='word_1_121' title='bbox 3027 977 3105 1045; x_wconf 80' lang='grc' dir='ltr'>τῷ</span> <span class='ocrx_word' id='word_1_122' title='bbox 3136 972 3329 1046; x_wconf 71' lang='grc' dir='ltr'>εἰπεῖν,</span> <span class='ocrx_word' id='word_1_123' title='bbox 3378 971 3461 1028; x_wconf 82' lang='grc' dir='ltr'><strong>ὅτι</strong></span> <span class='ocrx_word' id='word_1_124' title='bbox 3492 974 3597 1031; x_wconf 75' lang='grc' dir='ltr'><strong>Οὔκ</strong></span> <span class='ocrx_word' id='word_1_125' title='bbox 3628 972 3840 1042; x_wconf 76' lang='grc' dir='ltr'>ἠθελή-</span> 
     </span>
    </p>
   </div>
   <div class='ocr_carea' id='block_1_22' title="bbox 2186 1053 3841 1141">
    <p class='ocr_par' dir='ltr' id='par_1_22' title="bbox 2186 1053 3841 1141">
     <span class='ocr_line' id='line_1_22' title="bbox 2186 1053 3841 1141; baseline 0.006 -34"><span class='ocrx_word' id='word_1_126' title='bbox 2186 1068 2332 1109; x_wconf 85' lang='grc' dir='ltr'>σατε’</span> <span class='ocrx_word' id='word_1_127' title='bbox 2407 1053 2600 1131; x_wconf 79' lang='grc' dir='ltr'>ἀφίημι</span> <span class='ocrx_word' id='word_1_128' title='bbox 2661 1054 2848 1113; x_wconf 84' lang='grc' dir='ltr'>λοιπὸν</span> <span class='ocrx_word' id='word_1_129' title='bbox 2914 1061 3073 1134; x_wconf 82' lang='grc' dir='ltr'>ὑμᾶς.</span> <span class='ocrx_word' id='word_1_130' title='bbox 3134 1067 3389 1118; x_wconf 81' lang='grc' dir='ltr'>Τοσοῦτον</span> <span class='ocrx_word' id='word_1_131' title='bbox 3447 1062 3546 1141; x_wconf 77' lang='grc' dir='ltr'>γὰρ</span> <span class='ocrx_word' id='word_1_132' title='bbox 3599 1062 3841 1136; x_wconf 78' lang='grc' dir='ltr'><strong>ἐμίσησα</strong></span> 
     </span>
    </p>
   </div>
   <div class='ocr_carea' id='block_1_23' title="bbox 2182 1142 3841 1228">
    <p class='ocr_par' dir='ltr' id='par_1_23' title="bbox 2182 1142 3841 1228">
     <span class='ocr_line' id='line_1_23' title="bbox 2182 1142 3841 1228; baseline 0.004 -30"><span class='ocrx_word' id='word_1_133' title='bbox 2182 1142 2281 1204; x_wconf 76' lang='grc' dir='ltr'>τὴν</span> <span class='ocrx_word' id='word_1_134' title='bbox 2338 1144 2595 1221; x_wconf 77' lang='grc' dir='ltr'>πονηρίαν</span> <span class='ocrx_word' id='word_1_135' title='bbox 2654 1146 2826 1225; x_wconf 71' lang='grc' dir='ltr'>ὑμῶν,</span> <span class='ocrx_word' id='word_1_136' title='bbox 2888 1147 3024 1204; x_wconf 82' lang='grc' dir='ltr'>ὥστε</span> <span class='ocrx_word' id='word_1_137' title='bbox 3082 1147 3198 1205; x_wconf 75' lang='grc' dir='ltr'>οὐδὲ</span> <span class='ocrx_word' id='word_1_138' title='bbox 3230 1151 3321 1206; x_wconf 82' lang='grc' dir='ltr'>τὸν</span> <span class='ocrx_word' id='word_1_139' title='bbox 3350 1152 3474 1207; x_wconf 84' lang='grc' dir='ltr'>ναὸν</span> <span class='ocrx_word' id='word_1_140' title='bbox 3504 1149 3648 1228; x_wconf 85' lang='grc' dir='ltr'>λέγω</span> <span class='ocrx_word' id='word_1_141' title='bbox 3676 1152 3841 1207; x_wconf 84' lang='grc' dir='ltr'>οἶκόν</span> 
     </span>
    </p>
   </div>
   <div class='ocr_carea' id='block_1_24' title="bbox 2183 1231 3837 1318">
    <p class='ocr_par' dir='ltr' id='par_1_24' title="bbox 2183 1231 3837 1318">
     <span class='ocr_line' id='line_1_24' title="bbox 2183 1231 3837 1318; baseline 0.006 -33"><span class='ocrx_word' id='word_1_142' title='bbox 2183 1253 2283 1304; x_wconf 86' lang='grc' dir='ltr'><strong>μου</strong></span> <span class='ocrx_word' id='word_1_143' title='bbox 2340 1243 2501 1305; x_wconf 82' lang='grc' dir='ltr'>εῖναι,</span> <span class='ocrx_word' id='word_1_144' title='bbox 2558 1231 2677 1289; x_wconf 82' lang='grc' dir='ltr'>ἀλλ’</span> <span class='ocrx_word' id='word_1_145' title='bbox 2706 1236 2859 1291; x_wconf 74' lang='grc' dir='ltr'>οἶκον</span> <span class='ocrx_word' id='word_1_146' title='bbox 2890 1236 3060 1308; x_wconf 76' lang='grc' dir='ltr'>ῧμῶν⁶</span> <span class='ocrx_word' id='word_1_147' title='bbox 3109 1237 3237 1318; x_wconf 78' lang='grc' dir='ltr'>ἂχρι</span> <span class='ocrx_word' id='word_1_148' title='bbox 3283 1239 3381 1315; x_wconf 84' lang='grc' dir='ltr'><strong>γὰρ</strong></span> <span class='ocrx_word' id='word_1_149' title='bbox 3434 1237 3837 1296; x_wconf 79' lang='grc' dir='ltr'>ἐνεπολιτεύετο</span> 
     </span>
    </p>
   </div>
   <div class='ocr_carea' id='block_1_25' title="bbox 2180 1320 3838 1397">
    <p class='ocr_par' dir='ltr' id='par_1_25' title="bbox 2180 1320 3838 1397">
     <span class='ocr_line' id='line_1_25' title="bbox 2180 1320 3838 1397; baseline 0.005 -23"><span class='ocrx_word' id='word_1_150' title='bbox 2180 1320 2307 1394; x_wconf 78' lang='grc' dir='ltr'>ὑμῖν</span> <span class='ocrx_word' id='word_1_151' title='bbox 2364 1320 2397 1386; x_wconf 84' lang='grc' dir='ltr'>ἡ</span> <span class='ocrx_word' id='word_1_152' title='bbox 2432 1320 2614 1397; x_wconf 78' lang='grc' dir='ltr'>ἀρετὴ,</span> <span class='ocrx_word' id='word_1_153' title='bbox 2653 1324 2740 1378; x_wconf 83' lang='grc' dir='ltr'>καὶ</span> <span class='ocrx_word' id='word_1_154' title='bbox 2782 1326 2809 1379; x_wconf 79' lang='grc' dir='ltr'>ὃ</span> <span class='ocrx_word' id='word_1_155' title='bbox 2844 1327 2965 1388; x_wconf 83' lang='grc' dir='ltr'>ναὸς</span> <span class='ocrx_word' id='word_1_156' title='bbox 3011 1326 3137 1397; x_wconf 71' lang='grc' dir='ltr'>ἐμὸς</span> <span class='ocrx_word' id='word_1_157' title='bbox 3180 1327 3267 1394; x_wconf 77' lang='grc' dir='ltr'>ἧν·</span> <span class='ocrx_word' id='word_1_158' title='bbox 3302 1326 3414 1383; x_wconf 80' lang='grc' dir='ltr'>ἐπεὶ</span> <span class='ocrx_word' id='word_1_159' title='bbox 3444 1324 3497 1382; x_wconf 79' lang='grc' dir='ltr'><strong>δὲ</strong></span> <span class='ocrx_word' id='word_1_160' title='bbox 3528 1328 3615 1383; x_wconf 86' lang='grc' dir='ltr'>καὶ</span> <span class='ocrx_word' id='word_1_161' title='bbox 3674 1329 3838 1385; x_wconf 73' lang='grc' dir='ltr'>αὒτὸν</span> 
     </span>
    </p>
   </div>
   <div class='ocr_carea' id='block_1_26' title="bbox 2181 1410 3837 1491">
    <p class='ocr_par' dir='ltr' id='par_1_26' title="bbox 2181 1410 3837 1491">
     <span class='ocr_line' id='line_1_26' title="bbox 2181 1410 3837 1491; baseline 0.005 -27"><span class='ocrx_word' id='word_1_162' title='bbox 2181 1410 2450 1483; x_wconf 69' lang='grc' dir='ltr'>ὲμιάνατε,</span> <span class='ocrx_word' id='word_1_163' title='bbox 2516 1412 2602 1465; x_wconf 85' lang='grc' dir='ltr'><strong>καὶ</strong></span> <span class='ocrx_word' id='word_1_164' title='bbox 2654 1412 2910 1491; x_wconf 63' lang='grc' dir='ltr'>εμπόριον</span> <span class='ocrx_word' id='word_1_165' title='bbox 2982 1415 3068 1469; x_wconf 86' lang='grc' dir='ltr'>καὶ</span> <span class='ocrx_word' id='word_1_166' title='bbox 3121 1414 3383 1485; x_wconf 79' lang='grc' dir='ltr'>σπήλαιον</span> <span class='ocrx_word' id='word_1_167' title='bbox 3442 1414 3655 1491; x_wconf 69' lang='grc' dir='ltr'>λῃστῶν</span> <span class='ocrx_word' id='word_1_168' title='bbox 3724 1438 3837 1473; x_wconf 83' lang='grc' dir='ltr'>πε-</span> 
     </span>
    </p>
   </div>
   <div class='ocr_carea' id='block_1_27' title="bbox 2181 1499 3826 1585">
    <p class='ocr_par' dir='ltr' id='par_1_27' title="bbox 2181 1499 3826 1585">
     <span class='ocr_line' id='line_1_27' title="bbox 2181 1499 3826 1585; baseline 0.007 -33"><span class='ocrx_word' id='word_1_169' title='bbox 2181 1499 2443 1567; x_wconf 73' lang='grc' dir='ltr'>ποιήκατε</span> <span class='ocrx_word' id='word_1_170' title='bbox 2508 1511 2630 1561; x_wconf 74' lang='grc' dir='ltr'>ταῖς</span> <span class='ocrx_word' id='word_1_171' title='bbox 2671 1499 2904 1567; x_wconf 73' lang='grc' dir='ltr'>πολλαῖς</span> <span class='ocrx_word' id='word_1_172' title='bbox 2948 1502 3290 1579; x_wconf 68' lang='grc' dir='ltr'><strong>καπηλείαις,</strong></span> <span class='ocrx_word' id='word_1_173' title='bbox 3322 1506 3410 1561; x_wconf 85' lang='grc' dir='ltr'><strong>καὶ</strong></span> <span class='ocrx_word' id='word_1_174' title='bbox 3438 1511 3515 1579; x_wconf 87' lang='grc' dir='ltr'>τῷ</span> <span class='ocrx_word' id='word_1_175' title='bbox 3543 1502 3826 1585; x_wconf 74' lang='grc' dir='ltr'>φιλοχρη-</span> 
     </span>
    </p>
   </div>
   <div class='ocr_carea' id='block_1_28' title="bbox 452 1586 2084 1668">
    <p class='ocr_par' dir='ltr' id='par_1_28' title="bbox 452 1586 2084 1668">
     <span class='ocr_line' id='line_1_28' title="bbox 452 1586 2084 1668; baseline 0.002 -23"><span class='ocrx_word' id='word_1_176' title='bbox 452 1586 706 1649; x_wconf 85' lang='lat' dir='ltr'><strong>vicissim</strong></span> <span class='ocrx_word' id='word_1_177' title='bbox 738 1607 840 1650; x_wconf 85' lang='lat' dir='ltr'><strong>vos</strong></span> <span class='ocrx_word' id='word_1_178' title='bbox 889 1589 1259 1668; x_wconf 83' lang='lat' dir='ltr'><strong>exstinguitis</strong></span> <span class='ocrx_word' id='word_1_179' title='bbox 1305 1588 1651 1667; x_wconf 84' lang='lat' dir='ltr'><strong>(negotiatio</strong></span> <span class='ocrx_word' id='word_1_180' title='bbox 1677 1588 1834 1650; x_wconf 84' lang='lat' dir='ltr'><strong>enim</strong></span> <span class='ocrx_word' id='word_1_181' title='bbox 1867 1589 2084 1651; x_wconf 89' lang='lat' dir='ltr'><strong>latroci-</strong></span> 
     </span>
    </p>
   </div>
   <div class='ocr_carea' id='block_1_29' title="bbox 2180 1586 3828 1668">
    <p class='ocr_par' dir='ltr' id='par_1_29' title="bbox 2180 1586 3828 1664">
     <span class='ocr_line' id='line_1_29' title="bbox 2180 1586 3828 1664; baseline 0.007 -24"><span class='ocrx_word' id='word_1_182' title='bbox 2180 1590 2331 1661; x_wconf 74' lang='grc' dir='ltr'>μάτῳ</span> <span class='ocrx_word' id='word_1_183' title='bbox 2400 1586 2493 1654; x_wconf 86' lang='grc' dir='ltr'><strong>τῆς</strong></span> <span class='ocrx_word' id='word_1_184' title='bbox 2553 1588 2772 1664; x_wconf 83' lang='grc' dir='ltr'>γνώμης</span> <span class='ocrx_word' id='word_1_185' title='bbox 2830 1590 3098 1662; x_wconf 73' lang='grc' dir='ltr'>ἀλλήλους</span> <span class='ocrx_word' id='word_1_186' title='bbox 3173 1593 3634 1658; x_wconf 80' lang='grc' dir='ltr'>ἀποκτιννύοντες·</span> <span class='ocrx_word' id='word_1_187' title='bbox 3666 1605 3828 1655; x_wconf 79' lang='grc' dir='ltr'>τοῦτο</span> 
     </span>
    </p>
   </div>
   <div class='ocr_carea' id='block_1_30' title="bbox 450 1674 2084 1757">
    <p class='ocr_par' dir='ltr' id='par_1_30' title="bbox 450 1674 2084 1757">
     <span class='ocr_line' id='line_1_30' title="bbox 450 1674 2084 1757; baseline 0.001 -21"><span class='ocrx_word' id='word_1_188' title='bbox 450 1674 611 1737; x_wconf 88' lang='lat' dir='ltr'><strong>nium</strong></span> <span class='ocrx_word' id='word_1_189' title='bbox 645 1683 754 1749; x_wconf 89' lang='lat' dir='ltr'><strong>est,</strong></span> <span class='ocrx_word' id='word_1_190' title='bbox 792 1677 1174 1756; x_wconf 87' lang='lat' dir='ltr'><strong>supplantans</strong></span> <span class='ocrx_word' id='word_1_191' title='bbox 1205 1678 1505 1757; x_wconf 81' lang='lat' dir='ltr'><strong>fratres,et</strong></span> <span class='ocrx_word' id='word_1_192' title='bbox 1529 1677 1765 1757; x_wconf 86' lang='lat' dir='ltr'><strong>rapiens</strong></span> <span class='ocrx_word' id='word_1_193' title='bbox 1799 1696 1929 1757; x_wconf 70' lang='lat' dir='ltr'><strong>qua:</strong></span> <span class='ocrx_word' id='word_1_194' title='bbox 1957 1676 2084 1738; x_wconf 89' lang='lat' dir='ltr'><strong>illo-</strong></span> 
     </span>
    </p>
   </div>
   <div class='ocr_carea' id='block_1_31' title="bbox 2180 1674 3833 1757">
    <p class='ocr_par' dir='ltr' id='par_1_31' title="bbox 2180 1674 3833 1757">
     <span class='ocr_line' id='line_1_31' title="bbox 2180 1674 3833 1757; baseline 0.007 -28"><span class='ocrx_word' id='word_1_195' title='bbox 2180 1675 2275 1754; x_wconf 81' lang='grc' dir='ltr'><strong>γὰρ</strong></span> <span class='ocrx_word' id='word_1_196' title='bbox 2318 1674 2461 1730; x_wconf 82' lang='grc' dir='ltr'>ἐστιν</span> <span class='ocrx_word' id='word_1_197' title='bbox 2528 1677 2561 1743; x_wconf 81' lang='grc' dir='ltr'><strong>ἡ</strong></span> <span class='ocrx_word' id='word_1_198' title='bbox 2594 1680 2929 1756; x_wconf 80' lang='grc' dir='ltr'>πραγματεία</span> <span class='ocrx_word' id='word_1_199' title='bbox 2958 1686 3057 1747; x_wconf 89' lang='grc' dir='ltr'><strong>τῆς</strong></span> <span class='ocrx_word' id='word_1_200' title='bbox 3109 1680 3358 1757; x_wconf 80' lang='grc' dir='ltr'>λῃστείας</span> <span class='ocrx_word' id='word_1_201' title='bbox 3413 1681 3833 1755; x_wconf 73' lang='grc' dir='ltr'>ὑποσκελίζουσα</span> 
     </span>
    </p>
   </div>
   <div class='ocr_carea' id='block_1_32' title="bbox 447 1762 2084 1847">
    <p class='ocr_par' dir='ltr' id='par_1_32' title="bbox 447 1765 2084 1847">
     <span class='ocr_line' id='line_1_32' title="bbox 447 1765 2084 1847; baseline 0.001 -22"><span class='ocrx_word' id='word_1_202' title='bbox 447 1783 578 1825; x_wconf 89' lang='lat' dir='ltr'><strong>rum</strong></span> <span class='ocrx_word' id='word_1_203' title='bbox 616 1765 714 1828; x_wconf 91' lang='lat' dir='ltr'><strong>:id</strong></span> <span class='ocrx_word' id='word_1_204' title='bbox 748 1766 902 1847; x_wconf 91' lang='lat' dir='ltr'><strong>quod</strong></span> <span class='ocrx_word' id='word_1_205' title='bbox 938 1774 995 1827; x_wconf 85' lang='lat' dir='ltr'><strong>et</strong></span> <span class='ocrx_word' id='word_1_206' title='bbox 1018 1766 1279 1827; x_wconf 86' lang='lat' dir='ltr'><strong>latrones</strong></span> <span class='ocrx_word' id='word_1_207' title='bbox 1328 1766 1548 1827; x_wconf 82' lang='lat' dir='ltr'><strong>faciunt</strong></span> <span class='ocrx_word' id='word_1_208' title='bbox 1576 1785 1588 1828; x_wconf 92' lang='lat'>:</span> <span class='ocrx_word' id='word_1_209' title='bbox 1618 1766 1900 1827; x_wconf 85' lang='lat' dir='ltr'><strong>invadunt</strong></span> <span class='ocrx_word' id='word_1_210' title='bbox 1930 1768 2084 1828; x_wconf 90' lang='lat' dir='ltr'><strong>enim</strong></span> 
     </span>
    </p>
   </div>
   <div class='ocr_carea' id='block_1_33' title="bbox 2180 1762 3833 1847">
    <p class='ocr_par' dir='ltr' id='par_1_33' title="bbox 2180 1762 3833 1846">
     <span class='ocr_line' id='line_1_33' title="bbox 2180 1762 3833 1846; baseline 0.006 -27"><span class='ocrx_word' id='word_1_211' title='bbox 2180 1767 2262 1820; x_wconf 83' lang='grc' dir='ltr'>τὸν</span> <span class='ocrx_word' id='word_1_212' title='bbox 2323 1762 2546 1845; x_wconf 75' lang='grc' dir='ltr'>ἀδελφὸν</span> <span class='ocrx_word' id='word_1_213' title='bbox 2604 1788 2672 1821; x_wconf 91' lang='grc' dir='ltr'><strong>κα</strong></span> <span class='ocrx_word' id='word_1_214' title='bbox 2758 1769 3059 1846; x_wconf 77' lang='grc' dir='ltr'>ἁρπάζουσα</span> <span class='ocrx_word' id='word_1_215' title='bbox 3140 1771 3205 1827; x_wconf 82' lang='grc' dir='ltr'><strong>τὰ</strong></span> <span class='ocrx_word' id='word_1_216' title='bbox 3284 1770 3461 1828; x_wconf 71' lang='grc' dir='ltr'>αὐτοῦ·</span> <span class='ocrx_word' id='word_1_217' title='bbox 3534 1771 3562 1827; x_wconf 83' lang='grc' dir='ltr'>ὅ</span> <span class='ocrx_word' id='word_1_218' title='bbox 3620 1774 3709 1829; x_wconf 84' lang='grc' dir='ltr'><strong>καὶ</strong></span> <span class='ocrx_word' id='word_1_219' title='bbox 3778 1775 3833 1830; x_wconf 75' lang='grc' dir='ltr'>οἱ</span> 
     </span>
    </p>
   </div>
   <div class='ocr_carea' id='block_1_34' title="bbox 446 1841 2084 1939">
    <p class='ocr_par' dir='ltr' id='par_1_34' title="bbox 446 1841 2084 1936">
     <span class='ocr_line' id='line_1_34' title="bbox 446 1841 2084 1936; baseline 0.003 -24"><span class='ocrx_word' id='word_1_220' title='bbox 446 1853 721 1922; x_wconf 84' lang='lat' dir='ltr'><strong>viatores.</strong></span> <span class='ocrx_word' id='word_1_221' title='bbox 759 1841 824 1918; x_wconf 82' lang='lat' dir='ltr'><strong>ut</strong></span> <span class='ocrx_word' id='word_1_222' title='bbox 854 1854 1090 1916; x_wconf 91' lang='lat' dir='ltr'><strong>illorum</strong></span> <span class='ocrx_word' id='word_1_223' title='bbox 1113 1855 1269 1915; x_wconf 90' lang='lat' dir='ltr'><strong>bona</strong></span> <span class='ocrx_word' id='word_1_224' title='bbox 1289 1854 1629 1934; x_wconf 74' lang='lat' dir='ltr'><strong>rapiant),et</strong></span> <span class='ocrx_word' id='word_1_225' title='bbox 1650 1856 1927 1936; x_wconf 91' lang='lat' dir='ltr'><strong>quoniam</strong></span> <span class='ocrx_word' id='word_1_226' title='bbox 1954 1874 2084 1935; x_wconf 89' lang='lat' dir='ltr'><strong>spe-</strong></span> 
     </span>
    </p>
   </div>
   <div class='ocr_carea' id='block_1_35' title="bbox 2180 1841 3833 1939">
    <p class='ocr_par' dir='ltr' id='par_1_35' title="bbox 2180 1854 3833 1939">
     <span class='ocr_line' id='line_1_35' title="bbox 2180 1854 3833 1939; baseline 0.007 -30"><span class='ocrx_word' id='word_1_227' title='bbox 2180 1854 2361 1930; x_wconf 70' lang='grc' dir='ltr'>λῃσταὶ</span> <span class='ocrx_word' id='word_1_228' title='bbox 2430 1861 2660 1927; x_wconf 75' lang='grc' dir='ltr'>ποιοῦσι,</span> <span class='ocrx_word' id='word_1_229' title='bbox 2724 1856 3127 1933; x_wconf 67' lang='grc' dir='ltr'>συμποδίζοντες</span> <span class='ocrx_word' id='word_1_230' title='bbox 3194 1860 3294 1939; x_wconf 76' lang='grc' dir='ltr'><strong>γὰρ</strong></span> <span class='ocrx_word' id='word_1_231' title='bbox 3351 1861 3474 1925; x_wconf 83' lang='grc' dir='ltr'>τοὺς</span> <span class='ocrx_word' id='word_1_232' title='bbox 3507 1859 3703 1936; x_wconf 81' lang='grc' dir='ltr'>ὁδίτας,</span> <span class='ocrx_word' id='word_1_233' title='bbox 3738 1862 3833 1919; x_wconf 75' lang='grc' dir='ltr'>οὗ·</span> 
     </span>
    </p>
   </div>
   <div class='ocr_carea' id='block_1_36' title="bbox 446 1941 2084 2027">
    <p class='ocr_par' dir='ltr' id='par_1_36' title="bbox 446 1943 2084 2025">
     <span class='ocr_line' id='line_1_36' title="bbox 446 1943 2084 2025; baseline 0.002 -24"><span class='ocrx_word' id='word_1_234' title='bbox 446 1943 676 2004; x_wconf 90' lang='lat' dir='ltr'><strong>luncam</strong></span> <span class='ocrx_word' id='word_1_235' title='bbox 710 1944 1003 2005; x_wconf 86' lang='lat' dir='ltr'><strong>latronum</strong></span> <span class='ocrx_word' id='word_1_236' title='bbox 1035 1947 1318 2025; x_wconf 91' lang='lat' dir='ltr'><strong>templum</strong></span> <span class='ocrx_word' id='word_1_237' title='bbox 1349 1944 1571 2006; x_wconf 80' lang='lat' dir='ltr'><strong>fecistis</strong></span> <span class='ocrx_word' id='word_1_238' title='bbox 1603 1964 1707 2023; x_wconf 73' lang='lat' dir='ltr'><strong>per</strong></span> <span class='ocrx_word' id='word_1_239' title='bbox 1732 1944 2084 2023; x_wconf 86' lang='lat' dir='ltr'><strong>negotiatio-</strong></span> 
     </span>
    </p>
   </div>
   <div class='ocr_carea' id='block_1_37' title="bbox 2180 1941 3830 2027">
    <p class='ocr_par' dir='ltr' id='par_1_37' title="bbox 2180 1941 3830 2027">
     <span class='ocr_line' id='line_1_37' title="bbox 2180 1941 3830 2027; baseline 0.001 -22"><span class='ocrx_word' id='word_1_240' title='bbox 2180 1965 2272 2005; x_wconf 70' lang='grc' dir='ltr'><strong>τως</strong></span> <span class='ocrx_word' id='word_1_241' title='bbox 2337 1941 2439 2011; x_wconf 71' lang='grc' dir='ltr'>ἢδη</span> <span class='ocrx_word' id='word_1_242' title='bbox 2493 1942 2560 1998; x_wconf 71' lang='grc' dir='ltr'>τὰ</span> <span class='ocrx_word' id='word_1_243' title='bbox 2621 1947 2789 2001; x_wconf 65' lang='grc' dir='ltr'>ανότοῦν</span> <span class='ocrx_word' id='word_1_244' title='bbox 2843 1945 3205 2027; x_wconf 70' lang='grc' dir='ltr'>ἀφαιροῦνται·</span> <span class='ocrx_word' id='word_1_245' title='bbox 3266 1949 3378 2005; x_wconf 76' lang='grc' dir='ltr'>ἐπεὶ</span> <span class='ocrx_word' id='word_1_246' title='bbox 3407 1949 3495 2005; x_wconf 75' lang='grc' dir='ltr'><strong>οὖν</strong></span> <span class='ocrx_word' id='word_1_247' title='bbox 3556 1952 3647 2006; x_wconf 79' lang='grc' dir='ltr'><strong>τὸν</strong></span> <span class='ocrx_word' id='word_1_248' title='bbox 3698 1954 3830 2008; x_wconf 74' lang='grc' dir='ltr'>ναὸν</span> 
     </span>
    </p>
   </div>
   <div class='ocr_carea' id='block_1_38' title="bbox 444 2029 2084 2118">
    <p class='ocr_par' dir='ltr' id='par_1_38' title="bbox 444 2032 2084 2114">
     <span class='ocr_line' id='line_1_38' title="bbox 444 2032 2084 2114; baseline 0.001 -21"><span class='ocrx_word' id='word_1_249' title='bbox 444 2047 583 2093; x_wconf 89' lang='lat' dir='ltr'><strong>num</strong></span> <span class='ocrx_word' id='word_1_250' title='bbox 616 2033 878 2113; x_wconf 90' lang='lat' dir='ltr'><strong>speciem</strong></span> <span class='ocrx_word' id='word_1_251' title='bbox 904 2052 1049 2114; x_wconf 90' lang='lat' dir='ltr'><strong>quas</strong></span> <span class='ocrx_word' id='word_1_252' title='bbox 1081 2034 1140 2095; x_wconf 93' lang='lat' dir='ltr'><strong>in</strong></span> <span class='ocrx_word' id='word_1_253' title='bbox 1174 2032 1303 2114; x_wconf 88' lang='lat' dir='ltr'><strong>ipso</strong></span> <span class='ocrx_word' id='word_1_254' title='bbox 1328 2033 1615 2095; x_wconf 91' lang='lat' dir='ltr'><strong>orationis</strong></span> <span class='ocrx_word' id='word_1_255' title='bbox 1649 2033 1777 2094; x_wconf 86' lang='lat' dir='ltr'><strong>loco</strong></span> <span class='ocrx_word' id='word_1_256' title='bbox 1824 2033 2084 2096; x_wconf 81' lang='lat' dir='ltr'><strong>facieba-</strong></span> 
     </span>
    </p>
   </div>
   <div class='ocr_carea' id='block_1_39' title="bbox 2180 2029 3829 2118">
    <p class='ocr_par' dir='ltr' id='par_1_39' title="bbox 2180 2029 3829 2118">
     <span class='ocr_line' id='line_1_39' title="bbox 2180 2029 3829 2118; baseline 0.005 -30"><span class='ocrx_word' id='word_1_257' title='bbox 2180 2031 2433 2102; x_wconf 72' lang='grc' dir='ltr'>τπήλαιον</span> <span class='ocrx_word' id='word_1_258' title='bbox 2489 2029 2700 2107; x_wconf 78' lang='grc' dir='ltr'>λῃστῶν</span> <span class='ocrx_word' id='word_1_259' title='bbox 2760 2037 3087 2105; x_wconf 77' lang='grc' dir='ltr'>πεποιήκατε</span> <span class='ocrx_word' id='word_1_260' title='bbox 3137 2034 3221 2093; x_wconf 75' lang='grc' dir='ltr'>διὰ</span> <span class='ocrx_word' id='word_1_261' title='bbox 3288 2039 3350 2094; x_wconf 83' lang='grc' dir='ltr'>τὸ</span> <span class='ocrx_word' id='word_1_262' title='bbox 3404 2044 3511 2094; x_wconf 83' lang='grc' dir='ltr'><strong>τῶν</strong></span> <span class='ocrx_word' id='word_1_263' title='bbox 3566 2060 3829 2118; x_wconf 84' lang='grc' dir='ltr'>πραγμα-</span> 
     </span>
    </p>
   </div>
   <div class='ocr_carea' id='block_1_40' title="bbox 444 2118 2084 2206">
    <p class='ocr_par' dir='ltr' id='par_1_40' title="bbox 444 2119 2084 2196">
     <span class='ocr_line' id='line_1_40' title="bbox 444 2119 2084 2196; baseline 0.001 -14"><span class='ocrx_word' id='word_1_264' title='bbox 444 2119 626 2182; x_wconf 84' lang='lat' dir='ltr'><strong>batis:</strong></span> <span class='ocrx_word' id='word_1_265' title='bbox 656 2141 771 2183; x_wconf 89' lang='lat' dir='ltr'><strong>non</strong></span> <span class='ocrx_word' id='word_1_266' title='bbox 816 2123 968 2184; x_wconf 91' lang='lat' dir='ltr'><strong>ultra</strong></span> <span class='ocrx_word' id='word_1_267' title='bbox 999 2134 1130 2185; x_wconf 75' lang='lat' dir='ltr'><strong>mea</strong></span> <span class='ocrx_word' id='word_1_268' title='bbox 1170 2122 1283 2184; x_wconf 86' lang='lat' dir='ltr'><strong>erit</strong></span> <span class='ocrx_word' id='word_1_269' title='bbox 1311 2122 1546 2196; x_wconf 88' lang='lat' dir='ltr'><strong>domus,</strong></span> <span class='ocrx_word' id='word_1_270' title='bbox 1581 2122 1685 2185; x_wconf 91' lang='lat' dir='ltr'><strong>sed</strong></span> <span class='ocrx_word' id='word_1_271' title='bbox 1718 2131 1923 2184; x_wconf 88' lang='lat' dir='ltr'><strong>vestra.</strong></span> <span class='ocrx_word' id='word_1_272' title='bbox 1954 2122 2084 2184; x_wconf 86' lang='lat' dir='ltr'><strong>Non</strong></span> 
     </span>
    </p>
   </div>
   <div class='ocr_carea' id='block_1_41' title="bbox 2180 2118 3827 2206">
    <p class='ocr_par' dir='ltr' id='par_1_41' title="bbox 2180 2118 3827 2206">
     <span class='ocr_line' id='line_1_41' title="bbox 2180 2118 3827 2206; baseline 0.004 -29"><span class='ocrx_word' id='word_1_273' title='bbox 2180 2128 2322 2177; x_wconf 77' lang='grc' dir='ltr'>ιειῶν</span> <span class='ocrx_word' id='word_1_274' title='bbox 2392 2118 2557 2190; x_wconf 75' lang='grc' dir='ltr'>εἶδος,</span> <span class='ocrx_word' id='word_1_275' title='bbox 2619 2122 2682 2185; x_wconf 75' lang='grc' dir='ltr'>ἅς</span> <span class='ocrx_word' id='word_1_276' title='bbox 2754 2125 2810 2179; x_wconf 72' lang='grc' dir='ltr'>ὲν</span> <span class='ocrx_word' id='word_1_277' title='bbox 2878 2128 3020 2198; x_wconf 75' lang='grc' dir='ltr'>αὐτῷ</span> <span class='ocrx_word' id='word_1_278' title='bbox 3076 2129 3154 2201; x_wconf 78' lang='grc' dir='ltr'><strong>τῷ</strong></span> <span class='ocrx_word' id='word_1_279' title='bbox 3182 2128 3280 2192; x_wconf 74' lang='grc' dir='ltr'><strong>τῆς</strong></span> <span class='ocrx_word' id='word_1_280' title='bbox 3332 2131 3641 2206; x_wconf 73' lang='grc' dir='ltr'>προσευχῆς</span> <span class='ocrx_word' id='word_1_281' title='bbox 3683 2129 3827 2204; x_wconf 63' lang='grc' dir='ltr'>οτκῳ</span> 
     </span>
    </p>
   </div>
   <div class='ocr_carea' id='block_1_42' title="bbox 444 2208 2084 2293">
    <p class='ocr_par' dir='ltr' id='par_1_42' title="bbox 444 2211 2084 2292">
     <span class='ocr_line' id='line_1_42' title="bbox 444 2211 2084 2292; baseline 0 -21"><span class='ocrx_word' id='word_1_282' title='bbox 444 2211 633 2271; x_wconf 88' lang='lat' dir='ltr'><strong>solum</strong></span> <span class='ocrx_word' id='word_1_283' title='bbox 666 2220 864 2275; x_wconf 85' lang='lat' dir='ltr'><strong>autem</strong></span> <span class='ocrx_word' id='word_1_284' title='bbox 916 2213 1199 2292; x_wconf 88' lang='lat' dir='ltr'><strong>templum</strong></span> <span class='ocrx_word' id='word_1_285' title='bbox 1253 2212 1555 2289; x_wconf 85' lang='lat' dir='ltr'><strong>intelligas</strong></span> <span class='ocrx_word' id='word_1_286' title='bbox 1585 2211 1854 2285; x_wconf 90' lang='lat' dir='ltr'><strong>domum,</strong></span> <span class='ocrx_word' id='word_1_287' title='bbox 1888 2213 1993 2273; x_wconf 91' lang='lat' dir='ltr'><strong>sed</strong></span> <span class='ocrx_word' id='word_1_288' title='bbox 2027 2220 2084 2273; x_wconf 89' lang='lat' dir='ltr'><strong>et</strong></span> 
     </span>
    </p>
   </div>
   <div class='ocr_carea' id='block_1_43' title="bbox 2180 2208 3822 2293">
    <p class='ocr_par' dir='ltr' id='par_1_43' title="bbox 2180 2208 3822 2293">
     <span class='ocr_line' id='line_1_43' title="bbox 2180 2208 3822 2293; baseline -0.001 -27"><span class='ocrx_word' id='word_1_289' title='bbox 2180 2212 2426 2283; x_wconf 68' lang='grc' dir='ltr'>ἐποιεῖτε,</span> <span class='ocrx_word' id='word_1_290' title='bbox 2458 2208 2630 2267; x_wconf 68' lang='grc' dir='ltr'>οὐκέτι</span> <span class='ocrx_word' id='word_1_291' title='bbox 2661 2211 2789 2287; x_wconf 75' lang='grc' dir='ltr'>ἐμός</span> <span class='ocrx_word' id='word_1_292' title='bbox 2824 2212 2965 2269; x_wconf 78' lang='grc' dir='ltr'>ἐστιν</span> <span class='ocrx_word' id='word_1_293' title='bbox 3010 2215 3188 2289; x_wconf 74' lang='grc' dir='ltr'>οἶκος,</span> <span class='ocrx_word' id='word_1_294' title='bbox 3237 2214 3358 2271; x_wconf 88' lang='grc' dir='ltr'>ἀλλ’</span> <span class='ocrx_word' id='word_1_295' title='bbox 3401 2217 3571 2289; x_wconf 81' lang='grc' dir='ltr'>ὑμῶν’</span> <span class='ocrx_word' id='word_1_296' title='bbox 3608 2220 3680 2276; x_wconf 74' lang='grc' dir='ltr'><strong>Οὐ</strong></span> <span class='ocrx_word' id='word_1_297' title='bbox 3709 2220 3822 2293; x_wconf 82' lang='grc' dir='ltr'>μό-</span> 
     </span>
    </p>
   </div>
   <div class='ocr_carea' id='block_1_44' title="bbox 444 2297 2084 2385">
    <p class='ocr_par' dir='ltr' id='par_1_44' title="bbox 444 2299 2082 2380">
     <span class='ocr_line' id='line_1_44' title="bbox 444 2299 2082 2380; baseline 0.001 -21"><span class='ocrx_word' id='word_1_298' title='bbox 444 2318 682 2361; x_wconf 90' lang='lat' dir='ltr'><strong>omnem</strong></span> <span class='ocrx_word' id='word_1_299' title='bbox 708 2302 1152 2380; x_wconf 85' lang='lat' dir='ltr'><strong>generationem</strong></span> <span class='ocrx_word' id='word_1_300' title='bbox 1180 2299 1713 2363; x_wconf 68' lang='lat' dir='ltr'><strong>Judaaorum.Solet</strong></span> <span class='ocrx_word' id='word_1_301' title='bbox 1742 2302 1900 2362; x_wconf 87' lang='lat' dir='ltr'><strong>enim</strong></span> <span class='ocrx_word' id='word_1_302' title='bbox 1926 2300 2082 2363; x_wconf 86' lang='lat' dir='ltr'><strong>Scri-</strong></span> 
     </span>
    </p>
   </div>
   <div class='ocr_carea' id='block_1_45' title="bbox 2180 2297 3819 2385">
    <p class='ocr_par' dir='ltr' id='par_1_45' title="bbox 2180 2297 3819 2385">
     <span class='ocr_line' id='line_1_45' title="bbox 2180 2297 3819 2385; baseline 0.005 -31"><span class='ocrx_word' id='word_1_303' title='bbox 2180 2322 2253 2354; x_wconf 74' lang='grc' dir='ltr'>ρον</span> <span class='ocrx_word' id='word_1_304' title='bbox 2338 2297 2392 2354; x_wconf 77' lang='grc' dir='ltr'><strong>δὲ</strong></span> <span class='ocrx_word' id='word_1_305' title='bbox 2439 2298 2528 2353; x_wconf 81' lang='grc' dir='ltr'>τὸν</span> <span class='ocrx_word' id='word_1_306' title='bbox 2588 2300 2713 2355; x_wconf 84' lang='grc' dir='ltr'>ναὸν</span> <span class='ocrx_word' id='word_1_307' title='bbox 2745 2303 2954 2371; x_wconf 81' lang='grc' dir='ltr'>νοήσεις</span> <span class='ocrx_word' id='word_1_308' title='bbox 2990 2307 3166 2385; x_wconf 68' lang='grc' dir='ltr'>οἷκον,</span> <span class='ocrx_word' id='word_1_309' title='bbox 3199 2302 3335 2360; x_wconf 84' lang='grc' dir='ltr'><strong>ἀλλά</strong></span> <span class='ocrx_word' id='word_1_310' title='bbox 3362 2305 3451 2361; x_wconf 82' lang='grc' dir='ltr'>καὶ</span> <span class='ocrx_word' id='word_1_311' title='bbox 3481 2305 3578 2371; x_wconf 76' lang='grc' dir='ltr'><strong>τὴν</strong></span> <span class='ocrx_word' id='word_1_312' title='bbox 3604 2302 3819 2364; x_wconf 68' lang='grc' dir='ltr'>ἅπασαν</span> 
     </span>
    </p>
   </div>
   <div class='ocr_carea' id='block_1_46' title="bbox 440 2384 2084 2472">
    <p class='ocr_par' dir='ltr' id='par_1_46' title="bbox 440 2389 2079 2469">
     <span class='ocr_line' id='line_1_46' title="bbox 440 2389 2079 2469; baseline 0.002 -22"><span class='ocrx_word' id='word_1_313' title='bbox 440 2397 608 2464; x_wconf 85' lang='lat' dir='ltr'><strong>plura</strong></span> <span class='ocrx_word' id='word_1_314' title='bbox 667 2398 725 2450; x_wconf 91' lang='lat' dir='ltr'><strong>et</strong></span> <span class='ocrx_word' id='word_1_315' title='bbox 768 2409 953 2467; x_wconf 85' lang='lat' dir='ltr'><strong>genus</strong></span> <span class='ocrx_word' id='word_1_316' title='bbox 998 2392 1240 2451; x_wconf 90' lang='lat' dir='ltr'><strong>domum</strong></span> <span class='ocrx_word' id='word_1_317' title='bbox 1298 2390 1623 2469; x_wconf 76' lang='lat' dir='ltr'><strong>appellare,</strong></span> <span class='ocrx_word' id='word_1_318' title='bbox 1653 2398 1760 2452; x_wconf 88' lang='lat' dir='ltr'><strong>ut:</strong></span> <span class='ocrx_word' id='word_1_319' title='bbox 1803 2409 1834 2450; x_wconf 84' lang='grc'><strong>(</strong></span> <span class='ocrx_word' id='word_1_320' title='bbox 1863 2389 2079 2451; x_wconf 93' lang='lat' dir='ltr'><strong>Domus</strong></span> 
     </span>
    </p>
   </div>
   <div class='ocr_carea' id='block_1_47' title="bbox 2180 2384 3813 2472">
    <p class='ocr_par' dir='ltr' id='par_1_47' title="bbox 2180 2384 3813 2472">
     <span class='ocr_line' id='line_1_47' title="bbox 2180 2384 3813 2472; baseline 0.004 -29"><span class='ocrx_word' id='word_1_321' title='bbox 2180 2390 2345 2465; x_wconf 53' lang='grc' dir='ltr'>γενεὰν</span> <span class='ocrx_word' id='word_1_322' title='bbox 2414 2391 2518 2446; x_wconf 80' lang='grc' dir='ltr'><strong>τῶν</strong></span> <span class='ocrx_word' id='word_1_323' title='bbox 2590 2384 2877 2449; x_wconf 65' lang='grc' dir='ltr'>Ἰουδαίων·</span> <span class='ocrx_word' id='word_1_324' title='bbox 2925 2391 3040 2447; x_wconf 77' lang='grc' dir='ltr'>οἶδε</span> <span class='ocrx_word' id='word_1_325' title='bbox 3097 2394 3196 2471; x_wconf 79' lang='grc' dir='ltr'><strong>γὰρ</strong></span> <span class='ocrx_word' id='word_1_326' title='bbox 3225 2394 3260 2461; x_wconf 78' lang='grc' dir='ltr'><strong>ἡ</strong></span> <span class='ocrx_word' id='word_1_327' title='bbox 3292 2394 3474 2472; x_wconf 75' lang='grc' dir='ltr'>Γραφὴ</span> <span class='ocrx_word' id='word_1_328' title='bbox 3506 2392 3680 2449; x_wconf 82' lang='grc' dir='ltr'>καὶτὸ</span> <span class='ocrx_word' id='word_1_329' title='bbox 3711 2394 3813 2472; x_wconf 80' lang='grc' dir='ltr'><strong>γέ-</strong></span> 
     </span>
    </p>
   </div>
   <div class='ocr_carea' id='block_1_48' title="bbox 440 2476 2084 2561">
    <p class='ocr_par' dir='ltr' id='par_1_48' title="bbox 440 2476 2077 2558">
     <span class='ocr_line' id='line_1_48' title="bbox 440 2476 2077 2558; baseline 0.001 -21"><span class='ocrx_word' id='word_1_330' title='bbox 440 2476 599 2558; x_wconf 85' lang='lat' dir='ltr'><strong>Levi,</strong></span> <span class='ocrx_word' id='word_1_331' title='bbox 634 2478 968 2540; x_wconf 90' lang='lat' dir='ltr'><strong>benedicite</strong></span> <span class='ocrx_word' id='word_1_332' title='bbox 989 2480 1308 2541; x_wconf 90' lang='lat' dir='ltr'><strong>Dominum</strong></span> <span class='ocrx_word' id='word_1_333' title='bbox 1330 2479 1451 2541; x_wconf 75' lang='lat'><strong>63.»</strong></span> <span class='ocrx_word' id='word_1_334' title='bbox 1482 2482 1551 2541; x_wconf 77' lang='lat' dir='ltr'><strong>Et</strong></span> <span class='ocrx_word' id='word_1_335' title='bbox 1582 2480 1696 2539; x_wconf 93' lang='lat' dir='ltr'><strong>hoc</strong></span> <span class='ocrx_word' id='word_1_336' title='bbox 1726 2479 1856 2539; x_wconf 93' lang='lat' dir='ltr'><strong>loco</strong></span> <span class='ocrx_word' id='word_1_337' title='bbox 1888 2487 2077 2558; x_wconf 87' lang='lat' dir='ltr'><strong>potest</strong></span> 
     </span>
    </p>
   </div>
   <div class='ocr_carea' id='block_1_49' title="bbox 2180 2476 3797 2561">
    <p class='ocr_par' dir='ltr' id='par_1_49' title="bbox 2180 2478 3797 2561">
     <span class='ocr_line' id='line_1_49' title="bbox 2180 2478 3797 2561; baseline 0.003 -30"><span class='ocrx_word' id='word_1_338' title='bbox 2180 2498 2248 2541; x_wconf 69' lang='grc' dir='ltr'>νος</span> <span class='ocrx_word' id='word_1_339' title='bbox 2300 2479 2452 2536; x_wconf 79' lang='grc' dir='ltr'>οἶκον</span> <span class='ocrx_word' id='word_1_340' title='bbox 2509 2482 2808 2558; x_wconf 73' lang='grc' dir='ltr'>ὀνομάζειν·</span> <span class='ocrx_word' id='word_1_341' title='bbox 2869 2482 2941 2542; x_wconf 84' lang='grc' dir='ltr'>ὡς</span> <span class='ocrx_word' id='word_1_342' title='bbox 2973 2483 3057 2554; x_wconf 82' lang='grc' dir='ltr'><strong>τὸ,</strong></span> <span class='ocrx_word' id='word_1_343' title='bbox 3117 2504 3144 2535; x_wconf 70' lang='grc' dir='ltr'><strong>κ</strong></span> <span class='ocrx_word' id='word_1_344' title='bbox 3178 2482 3344 2547; x_wconf 81' lang='grc' dir='ltr'>Οἶκος</span> <span class='ocrx_word' id='word_1_345' title='bbox 3382 2483 3536 2554; x_wconf 62' lang='lat' dir='ltr'><strong>Aemi”,</strong></span> <span class='ocrx_word' id='word_1_346' title='bbox 3563 2478 3797 2561; x_wconf 74' lang='grc' dir='ltr'>εὐλογή-</span> 
     </span>
    </p>
   </div>
   <div class='ocr_carea' id='block_1_50' title="bbox 438 2565 2084 2651">
    <p class='ocr_par' dir='ltr' id='par_1_50' title="bbox 438 2565 2075 2650">
     <span class='ocr_line' id='line_1_50' title="bbox 438 2565 2075 2650; baseline 0.003 -25"><span class='ocrx_word' id='word_1_347' title='bbox 438 2565 942 2647; x_wconf 81' lang='lat' dir='ltr'><strong>intelligi,Domus</strong></span> <span class='ocrx_word' id='word_1_348' title='bbox 970 2578 1163 2630; x_wconf 89' lang='lat' dir='ltr'><strong>vestra</strong></span> <span class='ocrx_word' id='word_1_349' title='bbox 1192 2569 1569 2650; x_wconf 87' lang='lat' dir='ltr'><strong>relinquitur,</strong></span> <span class='ocrx_word' id='word_1_350' title='bbox 1602 2568 1718 2629; x_wconf 92' lang='lat' dir='ltr'><strong>hoc</strong></span> <span class='ocrx_word' id='word_1_351' title='bbox 1740 2574 1856 2642; x_wconf 90' lang='lat' dir='ltr'><strong>est,</strong></span> <span class='ocrx_word' id='word_1_352' title='bbox 1888 2586 2075 2645; x_wconf 89' lang='lat' dir='ltr'><strong>genus</strong></span> 
     </span>
    </p>
   </div>
   <div class='ocr_carea' id='block_1_51' title="bbox 2180 2565 3823 2651">
    <p class='ocr_par' dir='ltr' id='par_1_51' title="bbox 2180 2568 3823 2651">
     <span class='ocr_line' id='line_1_51' title="bbox 2180 2568 3823 2651; baseline 0.004 -29"><span class='ocrx_word' id='word_1_353' title='bbox 2180 2587 2275 2622; x_wconf 70' lang='lat' dir='ltr'><strong>rate</strong></span> <span class='ocrx_word' id='word_1_354' title='bbox 2335 2572 2426 2625; x_wconf 86' lang='grc' dir='ltr'>τὸν</span> <span class='ocrx_word' id='word_1_355' title='bbox 2488 2572 2697 2651; x_wconf 81' lang='grc' dir='ltr'>Κύριον,</span> <span class='ocrx_word' id='word_1_356' title='bbox 2779 2592 2802 2627; x_wconf 69' lang='grc' dir='ltr'>ι</span> <span class='ocrx_word' id='word_1_357' title='bbox 2864 2568 3143 2630; x_wconf 80' lang='grc' dir='ltr'>Κάνταῦθα</span> <span class='ocrx_word' id='word_1_358' title='bbox 3173 2573 3260 2628; x_wconf 74' lang='grc' dir='ltr'>οὖν</span> <span class='ocrx_word' id='word_1_359' title='bbox 3308 2570 3520 2627; x_wconf 84' lang='grc' dir='ltr'>δὺναται</span> <span class='ocrx_word' id='word_1_360' title='bbox 3551 2573 3823 2639; x_wconf 76' lang='grc' dir='ltr'><strong>νοηθῆναι</strong></span> 
     </span>
    </p>
   </div>
   <div class='ocr_carea' id='block_1_52' title="bbox 438 2656 2084 2739">
    <p class='ocr_par' dir='ltr' id='par_1_52' title="bbox 438 2657 2073 2739">
     <span class='ocr_line' id='line_1_52' title="bbox 438 2657 2073 2739; baseline 0.003 -28"><span class='ocrx_word' id='word_1_361' title='bbox 438 2665 701 2716; x_wconf 88' lang='lat' dir='ltr'><strong>vestrum</strong></span> <span class='ocrx_word' id='word_1_362' title='bbox 747 2657 1106 2739; x_wconf 82' lang='lat' dir='ltr'><strong>relinquitur</strong></span> <span class='ocrx_word' id='word_1_363' title='bbox 1133 2678 1166 2717; x_wconf 86' lang='lat' dir='ltr'><strong>a</strong></span> <span class='ocrx_word' id='word_1_364' title='bbox 1195 2679 1317 2720; x_wconf 86' lang='lat' dir='ltr'><strong>me:</strong></span> <span class='ocrx_word' id='word_1_365' title='bbox 1351 2658 1501 2720; x_wconf 80' lang='lat' dir='ltr'><strong>sicut</strong></span> <span class='ocrx_word' id='word_1_366' title='bbox 1519 2664 1575 2718; x_wconf 92' lang='lat' dir='ltr'><strong>et</strong></span> <span class='ocrx_word' id='word_1_367' title='bbox 1595 2675 1700 2737; x_wconf 83' lang='lat' dir='ltr'><strong>per</strong></span> <span class='ocrx_word' id='word_1_368' title='bbox 1721 2657 2073 2736; x_wconf 82' lang='lat' dir='ltr'><strong>prOphetam</strong></span> 
     </span>
    </p>
   </div>
   <div class='ocr_carea' id='block_1_53' title="bbox 2180 2656 3815 2739">
    <p class='ocr_par' dir='ltr' id='par_1_53' title="bbox 2180 2656 3815 2739">
     <span class='ocr_line' id='line_1_53' title="bbox 2180 2656 3815 2739; baseline 0.005 -29"><span class='ocrx_word' id='word_1_369' title='bbox 2180 2656 2238 2735; x_wconf 70' lang='grc' dir='ltr'><strong>τὸ,</strong></span> <span class='ocrx_word' id='word_1_370' title='bbox 2298 2659 2453 2722; x_wconf 78' lang='grc' dir='ltr'>οἶκος</span> <span class='ocrx_word' id='word_1_371' title='bbox 2511 2660 2624 2717; x_wconf 85' lang='grc' dir='ltr'>ἀντὶ</span> <span class='ocrx_word' id='word_1_372' title='bbox 2680 2659 2770 2716; x_wconf 81' lang='grc' dir='ltr'>τοῦ</span> <span class='ocrx_word' id='word_1_373' title='bbox 2798 2658 2859 2715; x_wconf 89' lang='grc' dir='ltr'><strong>τό</strong></span> <span class='ocrx_word' id='word_1_374' title='bbox 2888 2657 3037 2735; x_wconf 75' lang='grc' dir='ltr'>γένος</span> <span class='ocrx_word' id='word_1_375' title='bbox 3068 2659 3217 2733; x_wconf 82' lang='grc' dir='ltr'>ὑμῶν</span> <span class='ocrx_word' id='word_1_376' title='bbox 3242 2659 3447 2739; x_wconf 71' lang='grc' dir='ltr'>ἀφίεται</span> <span class='ocrx_word' id='word_1_377' title='bbox 3478 2658 3608 2736; x_wconf 81' lang='grc' dir='ltr'>παρ’</span> <span class='ocrx_word' id='word_1_378' title='bbox 3655 2664 3815 2739; x_wconf 70' lang='grc' dir='ltr'>εμοῦ,</span> 
     </span>
    </p>
   </div>
   <div class='ocr_carea' id='block_1_54' title="bbox 436 2740 2084 2831">
    <p class='ocr_par' dir='ltr' id='par_1_54' title="bbox 436 2742 2067 2828">
     <span class='ocr_line' id='line_1_54' title="bbox 436 2742 2067 2828; baseline 0.001 -23"><span class='ocrx_word' id='word_1_379' title='bbox 436 2742 574 2805; x_wconf 85' lang='lat' dir='ltr'><strong>alibi</strong></span> <span class='ocrx_word' id='word_1_380' title='bbox 604 2745 769 2819; x_wconf 88' lang='lat' dir='ltr'><strong>dicit,</strong></span> <span class='ocrx_word' id='word_1_381' title='bbox 800 2746 1097 2828; x_wconf 87' lang='lat' dir='ltr'><strong>Dereliqui</strong></span> <span class='ocrx_word' id='word_1_382' title='bbox 1130 2749 1369 2810; x_wconf 90' lang='lat' dir='ltr'><strong>domum</strong></span> <span class='ocrx_word' id='word_1_383' title='bbox 1404 2765 1620 2817; x_wconf 81' lang='lat' dir='ltr'><strong>meam.</strong></span> <span class='ocrx_word' id='word_1_384' title='bbox 1666 2746 2067 2808; x_wconf 84' lang='lat' dir='ltr'><strong>haereditatem</strong></span> 
     </span>
    </p>
   </div>
   <div class='ocr_carea' id='block_1_55' title="bbox 2180 2740 3823 2831">
    <p class='ocr_par' dir='ltr' id='par_1_55' title="bbox 2182 2740 3823 2831">
     <span class='ocr_line' id='line_1_55' title="bbox 2182 2740 3823 2831; baseline 0.004 -31"><span class='ocrx_word' id='word_1_385' title='bbox 2182 2746 2253 2810; x_wconf 81' lang='grc' dir='ltr'><strong>ὡς</strong></span> <span class='ocrx_word' id='word_1_386' title='bbox 2311 2748 2399 2803; x_wconf 85' lang='grc' dir='ltr'><strong>καὶ</strong></span> <span class='ocrx_word' id='word_1_387' title='bbox 2466 2745 2550 2807; x_wconf 70' lang='grc' dir='ltr'>διὰ</span> <span class='ocrx_word' id='word_1_388' title='bbox 2597 2756 2688 2806; x_wconf 85' lang='grc' dir='ltr'>τοῦ</span> <span class='ocrx_word' id='word_1_389' title='bbox 2731 2748 3003 2828; x_wconf 75' lang='grc' dir='ltr'>προφήτου</span> <span class='ocrx_word' id='word_1_390' title='bbox 3031 2745 3274 2827; x_wconf 73' lang='grc' dir='ltr'>ἀλλαχοῦ</span> <span class='ocrx_word' id='word_1_391' title='bbox 3329 2768 3513 2827; x_wconf 75' lang='grc' dir='ltr'>φησιν,</span> <span class='ocrx_word' id='word_1_392' title='bbox 3554 2740 3823 2831; x_wconf 76' lang='grc' dir='ltr'>Ἐγκατα-</span> 
     </span>
    </p>
   </div>
   <div class='ocr_carea' id='block_1_56' title="bbox 440 2831 2084 2918">
    <p class='ocr_par' dir='ltr' id='par_1_56' title="bbox 440 2834 2084 2918">
     <span class='ocr_line' id='line_1_56' title="bbox 440 2834 2084 2918; baseline 0.002 -26"><span class='ocrx_word' id='word_1_393' title='bbox 440 2851 630 2894; x_wconf 86' lang='lat' dir='ltr'><strong>meam</strong></span> <span class='ocrx_word' id='word_1_394' title='bbox 664 2838 899 2918; x_wconf 86' lang='lat' dir='ltr'><strong>reliqui.</strong></span> <span class='ocrx_word' id='word_1_395' title='bbox 936 2839 1185 2902; x_wconf 89' lang='lat' dir='ltr'><strong>Domum</strong></span> <span class='ocrx_word' id='word_1_396' title='bbox 1219 2839 1377 2899; x_wconf 79' lang='lat' dir='ltr'><strong>enim</strong></span> <span class='ocrx_word' id='word_1_397' title='bbox 1410 2838 1531 2899; x_wconf 90' lang='lat' dir='ltr'><strong>illic</strong></span> <span class='ocrx_word' id='word_1_398' title='bbox 1570 2836 1715 2898; x_wconf 90' lang='lat' dir='ltr'><strong>dicit</strong></span> <span class='ocrx_word' id='word_1_399' title='bbox 1770 2834 2084 2898; x_wconf 36' lang='lat' dir='ltr'><strong>lsraelitas‘</strong></span> 
     </span>
    </p>
   </div>
   <div class='ocr_carea' id='block_1_57' title="bbox 2180 2831 3818 2918">
    <p class='ocr_par' dir='ltr' id='par_1_57' title="bbox 2180 2831 3818 2916">
     <span class='ocr_line' id='line_1_57' title="bbox 2180 2831 3818 2916; baseline 0.004 -27"><span class='ocrx_word' id='word_1_400' title='bbox 2180 2831 2397 2892; x_wconf 75' lang='grc' dir='ltr'>λέλοιπα</span> <span class='ocrx_word' id='word_1_401' title='bbox 2467 2839 2555 2893; x_wconf 82' lang='grc' dir='ltr'><strong>τὸν</strong></span> <span class='ocrx_word' id='word_1_402' title='bbox 2599 2838 2752 2894; x_wconf 85' lang='grc' dir='ltr'>οἶκόν</span> <span class='ocrx_word' id='word_1_403' title='bbox 2783 2860 2907 2911; x_wconf 88' lang='grc' dir='ltr'>μου,</span> <span class='ocrx_word' id='word_1_404' title='bbox 2953 2835 3135 2915; x_wconf 69' lang='grc' dir='ltr'>ἀφῆκα</span> <span class='ocrx_word' id='word_1_405' title='bbox 3164 2836 3262 2904; x_wconf 63' lang='grc' dir='ltr'>τὴν</span> <span class='ocrx_word' id='word_1_406' title='bbox 3304 2835 3664 2915; x_wconf 81' lang='grc' dir='ltr'>κληρονομίαν</span> <span class='ocrx_word' id='word_1_407' title='bbox 3694 2856 3818 2916; x_wconf 61' lang='lat' dir='ltr'><strong>pou‘</strong></span> 
     </span>
    </p>
   </div>
   <div class='ocr_carea' id='block_1_58' title="bbox 439 2921 2084 3010">
    <p class='ocr_par' dir='ltr' id='par_1_58' title="bbox 439 2921 2084 3010">
     <span class='ocr_line' id='line_1_58' title="bbox 439 2921 2084 3010; baseline 0.001 -25"><span class='ocrx_word' id='word_1_408' title='bbox 439 2921 713 2986; x_wconf 91' lang='lat' dir='ltr'><strong>Ostendit</strong></span> <span class='ocrx_word' id='word_1_409' title='bbox 737 2938 932 2990; x_wconf 89' lang='lat' dir='ltr'><strong>autem</strong></span> <span class='ocrx_word' id='word_1_410' title='bbox 959 2930 1115 3010; x_wconf 90' lang='lat' dir='ltr'><strong>quod</strong></span> <span class='ocrx_word' id='word_1_411' title='bbox 1149 2938 1208 2991; x_wconf 91' lang='lat' dir='ltr'><strong>et</strong></span> <span class='ocrx_word' id='word_1_412' title='bbox 1246 2936 1382 2990; x_wconf 90' lang='lat' dir='ltr'><strong>ante</strong></span> <span class='ocrx_word' id='word_1_413' title='bbox 1407 2929 1518 2990; x_wconf 90' lang='lat' dir='ltr'><strong>hoc</strong></span> <span class='ocrx_word' id='word_1_414' title='bbox 1548 2928 1677 3007; x_wconf 87' lang='lat' dir='ltr'><strong>ipse</strong></span> <span class='ocrx_word' id='word_1_415' title='bbox 1711 2945 1817 2988; x_wconf 91' lang='lat' dir='ltr'><strong>eos</strong></span> <span class='ocrx_word' id='word_1_416' title='bbox 1848 2942 2084 2986; x_wconf 86' lang='lat' dir='ltr'><strong>conser.</strong></span> 
     </span>
    </p>
   </div>
   <div class='ocr_carea' id='block_1_59' title="bbox 2180 2921 3817 3010">
    <p class='ocr_par' dir='ltr' id='par_1_59' title="bbox 2180 2923 3817 3006">
     <span class='ocr_line' id='line_1_59' title="bbox 2180 2923 3817 3006; baseline 0.002 -27"><span class='ocrx_word' id='word_1_417' title='bbox 2180 2923 2330 2982; x_wconf 75' lang='grc' dir='ltr'>οἶκον</span> <span class='ocrx_word' id='word_1_418' title='bbox 2400 2927 2500 3003; x_wconf 82' lang='grc' dir='ltr'><strong>γὰρ</strong></span> <span class='ocrx_word' id='word_1_419' title='bbox 2556 2927 2671 2984; x_wconf 76' lang='grc' dir='ltr'>ἐκεῖ</span> <span class='ocrx_word' id='word_1_420' title='bbox 2739 2928 2858 2992; x_wconf 82' lang='grc' dir='ltr'>τοὺς</span> <span class='ocrx_word' id='word_1_421' title='bbox 2914 2924 3247 3005; x_wconf 81' lang='grc' dir='ltr'>Ἰσραηλίτας</span> <span class='ocrx_word' id='word_1_422' title='bbox 3292 2927 3444 3006; x_wconf 74' lang='grc' dir='ltr'>φησί’</span> <span class='ocrx_word' id='word_1_423' title='bbox 3490 2925 3710 2989; x_wconf 80' lang='grc' dir='ltr'>δείκνυσι</span> <span class='ocrx_word' id='word_1_424' title='bbox 3740 2927 3817 3005; x_wconf 70' lang='grc' dir='ltr'>δὲ,</span> 
     </span>
    </p>
   </div>
   <div class='ocr_carea' id='block_1_60' title="bbox 436 3012 2084 3096">
    <p class='ocr_par' dir='ltr' id='par_1_60' title="bbox 436 3013 2084 3096">
     <span class='ocr_line' id='line_1_60' title="bbox 436 3013 2084 3096; baseline 0.005 -27"><span class='ocrx_word' id='word_1_425' title='bbox 436 3013 606 3093; x_wconf 90' lang='lat' dir='ltr'><strong>varit,</strong></span> <span class='ocrx_word' id='word_1_426' title='bbox 652 3023 710 3077; x_wconf 89' lang='lat' dir='ltr'><strong>et</strong></span> <span class='ocrx_word' id='word_1_427' title='bbox 757 3017 829 3078; x_wconf 92' lang='lat' dir='ltr'><strong>ab</strong></span> <span class='ocrx_word' id='word_1_428' title='bbox 876 3018 1139 3080; x_wconf 85' lang='lat' dir='ltr'><strong>inimicis</strong></span> <span class='ocrx_word' id='word_1_429' title='bbox 1188 3018 1478 3080; x_wconf 90' lang='lat' dir='ltr'><strong>liberarit.</strong></span> <span class='ocrx_word' id='word_1_430' title='bbox 1513 3016 1786 3096; x_wconf 87' lang='lat' dir='ltr'><strong>Denique</strong></span> <span class='ocrx_word' id='word_1_431' title='bbox 1828 3014 2084 3078; x_wconf 89' lang='lat' dir='ltr'><strong>dicens:</strong></span> 
     </span>
    </p>
   </div>
   <div class='ocr_carea' id='block_1_61' title="bbox 2180 3012 3819 3096">
    <p class='ocr_par' dir='ltr' id='par_1_61' title="bbox 2180 3012 3819 3096">
     <span class='ocr_line' id='line_1_61' title="bbox 2180 3012 3819 3096; baseline 0.004 -29"><span class='ocrx_word' id='word_1_432' title='bbox 2180 3012 2252 3068; x_wconf 72' lang='grc' dir='ltr'>ὅτι</span> <span class='ocrx_word' id='word_1_433' title='bbox 2308 3016 2397 3070; x_wconf 87' lang='grc' dir='ltr'><strong>καὶ</strong></span> <span class='ocrx_word' id='word_1_434' title='bbox 2466 3017 2566 3092; x_wconf 81' lang='grc' dir='ltr'>πρὸ</span> <span class='ocrx_word' id='word_1_435' title='bbox 2617 3017 2798 3072; x_wconf 82' lang='grc' dir='ltr'>τούτου</span> <span class='ocrx_word' id='word_1_436' title='bbox 2857 3016 3012 3078; x_wconf 74' lang='grc' dir='ltr'>αὐτὸς</span> <span class='ocrx_word' id='word_1_437' title='bbox 3054 3015 3118 3082; x_wconf 82' lang='grc' dir='ltr'><strong>ἧν</strong></span> <span class='ocrx_word' id='word_1_438' title='bbox 3149 3017 3177 3071; x_wconf 76' lang='grc' dir='ltr'>ὁ</span> <span class='ocrx_word' id='word_1_439' title='bbox 3208 3016 3448 3096; x_wconf 79' lang='grc' dir='ltr'>συνέχων</span> <span class='ocrx_word' id='word_1_440' title='bbox 3489 3019 3699 3091; x_wconf 71' lang='grc' dir='ltr'>αὖτοὺς,</span> <span class='ocrx_word' id='word_1_441' title='bbox 3730 3020 3819 3074; x_wconf 80' lang='grc' dir='ltr'><strong>καὶ</strong></span> 
     </span>
    </p>
   </div>
   <div class='ocr_carea' id='block_1_62' title="bbox 439 3098 2084 3186">
    <p class='ocr_par' dir='ltr' id='par_1_62' title="bbox 439 3098 2083 3186">
     <span class='ocr_line' id='line_1_62' title="bbox 439 3098 2083 3186; baseline -0.001 -24"><span class='ocrx_word' id='word_1_442' title='bbox 439 3098 564 3162; x_wconf 90' lang='lat' dir='ltr'><strong>Non</strong></span> <span class='ocrx_word' id='word_1_443' title='bbox 600 3123 694 3165; x_wconf 91' lang='lat' dir='ltr'><strong>me</strong></span> <span class='ocrx_word' id='word_1_444' title='bbox 728 3106 998 3169; x_wconf 89' lang='lat' dir='ltr'><strong>videbitis</strong></span> <span class='ocrx_word' id='word_1_445' title='bbox 1046 3110 1239 3170; x_wconf 88' lang='lat' dir='ltr'><strong>donec</strong></span> <span class='ocrx_word' id='word_1_446' title='bbox 1293 3107 1530 3186; x_wconf 86' lang='lat' dir='ltr'><strong>dicatis,</strong></span> <span class='ocrx_word' id='word_1_447' title='bbox 1580 3104 1938 3169; x_wconf 90' lang='lat' dir='ltr'><strong>Benedictus</strong></span> <span class='ocrx_word' id='word_1_448' title='bbox 1982 3098 2083 3183; x_wconf 90' lang='lat' dir='ltr'><strong>qui</strong></span> 
     </span>
    </p>
   </div>
   <div class='ocr_carea' id='block_1_63' title="bbox 2180 3098 3810 3186">
    <p class='ocr_par' dir='ltr' id='par_1_63' title="bbox 2180 3101 3810 3186">
     <span class='ocr_line' id='line_1_63' title="bbox 2180 3101 3810 3186; baseline 0.002 -28"><span class='ocrx_word' id='word_1_449' title='bbox 2180 3108 2270 3158; x_wconf 74' lang='grc' dir='ltr'><strong>τῶν</strong></span> <span class='ocrx_word' id='word_1_450' title='bbox 2327 3102 2531 3183; x_wconf 78' lang='grc' dir='ltr'>ἐχθρῶν</span> <span class='ocrx_word' id='word_1_451' title='bbox 2561 3105 2835 3182; x_wconf 77' lang='grc' dir='ltr'><strong>ῥυόμενος⁹</strong></span> <span class='ocrx_word' id='word_1_452' title='bbox 2872 3105 2934 3159; x_wconf 82' lang='grc' dir='ltr'>τὸ</span> <span class='ocrx_word' id='word_1_453' title='bbox 2978 3101 3057 3177; x_wconf 78' lang='grc' dir='ltr'>δὲ,</span> <span class='ocrx_word' id='word_1_454' title='bbox 3093 3106 3166 3161; x_wconf 75' lang='grc' dir='ltr'><strong>Οὔ</strong></span> <span class='ocrx_word' id='word_1_455' title='bbox 3193 3106 3271 3179; x_wconf 84' lang='grc' dir='ltr'><strong>μή</strong></span> <span class='ocrx_word' id='word_1_456' title='bbox 3331 3115 3399 3177; x_wconf 87' lang='grc' dir='ltr'><strong>με</strong></span> <span class='ocrx_word' id='word_1_457' title='bbox 3455 3105 3610 3174; x_wconf 71' lang='grc' dir='ltr'>ἴδητε</span> <span class='ocrx_word' id='word_1_458' title='bbox 3652 3105 3810 3186; x_wconf 73' lang='grc' dir='ltr'>ἄχρις</span> 
     </span>
    </p>
   </div>
   <div class='ocr_carea' id='block_1_64' title="bbox 436 3189 2084 3274">
    <p class='ocr_par' dir='ltr' id='par_1_64' title="bbox 436 3191 2081 3274">
     <span class='ocr_line' id='line_1_64' title="bbox 436 3191 2081 3274; baseline 0.004 -27"><span class='ocrx_word' id='word_1_459' title='bbox 436 3191 595 3253; x_wconf 90' lang='lat' dir='ltr'><strong>venit</strong></span> <span class='ocrx_word' id='word_1_460' title='bbox 625 3193 683 3254; x_wconf 92' lang='lat' dir='ltr'><strong>in</strong></span> <span class='ocrx_word' id='word_1_461' title='bbox 708 3198 946 3258; x_wconf 89' lang='lat' dir='ltr'><strong>nomine</strong></span> <span class='ocrx_word' id='word_1_462' title='bbox 976 3197 1249 3260; x_wconf 89' lang='lat' dir='ltr'><strong>Domini:</strong></span> <span class='ocrx_word' id='word_1_463' title='bbox 1287 3195 1615 3259; x_wconf 89' lang='lat' dir='ltr'><strong>secundum</strong></span> <span class='ocrx_word' id='word_1_464' title='bbox 1633 3194 2081 3274; x_wconf 71' lang='lat' dir='ltr'><strong>signiﬁcat595</strong></span> 
     </span>
    </p>
   </div>
   <div class='ocr_carea' id='block_1_65' title="bbox 2180 3189 3817 3274">
    <p class='ocr_par' dir='ltr' id='par_1_65' title="bbox 2180 3189 3817 3273">
     <span class='ocr_line' id='line_1_65' title="bbox 2180 3189 3817 3273; baseline 0.004 -28"><span class='ocrx_word' id='word_1_465' title='bbox 2180 3189 2227 3245; x_wconf 73' lang='grc' dir='ltr'>ἕν</span> <span class='ocrx_word' id='word_1_466' title='bbox 2284 3190 2500 3273; x_wconf 70' lang='grc' dir='ltr'>εἴπητε,</span> <span class='ocrx_word' id='word_1_467' title='bbox 2538 3192 2905 3271; x_wconf 75' lang='grc' dir='ltr'>Εὒλογημὲνος</span> <span class='ocrx_word' id='word_1_468' title='bbox 2938 3194 2965 3248; x_wconf 86' lang='grc' dir='ltr'>ὁ</span> <span class='ocrx_word' id='word_1_469' title='bbox 3011 3192 3303 3273; x_wconf 79' lang='grc' dir='ltr'>ἐρχόμενος</span> <span class='ocrx_word' id='word_1_470' title='bbox 3348 3193 3403 3249; x_wconf 78' lang='grc' dir='ltr'><strong>ἐν</strong></span> <span class='ocrx_word' id='word_1_471' title='bbox 3431 3194 3650 3271; x_wconf 71' lang='grc' dir='ltr'>ὀνόματι</span> <span class='ocrx_word' id='word_1_472' title='bbox 3708 3203 3817 3254; x_wconf 83' lang='grc' dir='ltr'><strong>Κυ-</strong></span> 
     </span>
    </p>
   </div>
   <div class='ocr_carea' id='block_1_66' title="bbox 436 3278 2084 3362">
    <p class='ocr_par' dir='ltr' id='par_1_66' title="bbox 436 3278 2082 3359">
     <span class='ocr_line' id='line_1_66' title="bbox 436 3278 2082 3359; baseline 0.004 -21"><span class='ocrx_word' id='word_1_473' title='bbox 436 3278 783 3359; x_wconf 89' lang='lat' dir='ltr'><strong>adventum;</strong></span> <span class='ocrx_word' id='word_1_474' title='bbox 822 3284 1201 3349; x_wconf 89' lang='lat' dir='ltr'><strong>involuntarii</strong></span> <span class='ocrx_word' id='word_1_475' title='bbox 1258 3287 1417 3350; x_wconf 92' lang='lat' dir='ltr'><strong>enim</strong></span> <span class='ocrx_word' id='word_1_476' title='bbox 1449 3293 1589 3346; x_wconf 89' lang='lat' dir='ltr'><strong>tunc</strong></span> <span class='ocrx_word' id='word_1_477' title='bbox 1640 3281 2082 3344; x_wconf 85' lang='lat' dir='ltr'><strong>conﬁtebuntur</strong></span> 
     </span>
    </p>
   </div>
   <div class='ocr_carea' id='block_1_67' title="bbox 2180 3278 3815 3362">
    <p class='ocr_par' dir='ltr' id='par_1_67' title="bbox 2180 3281 3815 3362">
     <span class='ocr_line' id='line_1_67' title="bbox 2180 3281 3815 3362; baseline 0.002 -26"><span class='ocrx_word' id='word_1_478' title='bbox 2180 3281 2295 3337; x_wconf 65' lang='grc' dir='ltr'>ιίου·</span> <span class='ocrx_word' id='word_1_479' title='bbox 2368 3282 2467 3348; x_wconf 78' lang='grc' dir='ltr'>τὴν</span> <span class='ocrx_word' id='word_1_480' title='bbox 2526 3281 2769 3360; x_wconf 79' lang='grc' dir='ltr'>δευτέραν</span> <span class='ocrx_word' id='word_1_481' title='bbox 2828 3282 3072 3357; x_wconf 84' lang='grc' dir='ltr'>σημαίνει</span> <span class='ocrx_word' id='word_1_482' title='bbox 3139 3286 3448 3361; x_wconf 85' lang='grc' dir='ltr'>παρουσίαν.</span> <span class='ocrx_word' id='word_1_483' title='bbox 3537 3283 3666 3342; x_wconf 84' lang='grc' dir='ltr'>Τότε</span> <span class='ocrx_word' id='word_1_484' title='bbox 3716 3283 3815 3362; x_wconf 72' lang='grc' dir='ltr'><strong>γὰρ</strong></span> 
     </span>
    </p>
   </div>
   <div class='ocr_carea' id='block_1_68' title="bbox 437 3368 2084 3456">
    <p class='ocr_par' dir='ltr' id='par_1_68' title="bbox 437 3371 2077 3456">
     <span class='ocr_line' id='line_1_68' title="bbox 437 3371 2077 3456; baseline 0.002 -27"><span class='ocrx_word' id='word_1_485' title='bbox 437 3378 498 3431; x_wconf 89' lang='lat' dir='ltr'><strong>et</strong></span> <span class='ocrx_word' id='word_1_486' title='bbox 522 3371 880 3435; x_wconf 82' lang='lat' dir='ltr'><strong>Salvatorem</strong></span> <span class='ocrx_word' id='word_1_487' title='bbox 916 3375 1571 3456; x_wconf 81' lang='lat' dir='ltr'><strong>etDominum.quando</strong></span> <span class='ocrx_word' id='word_1_488' title='bbox 1607 3372 2077 3452; x_wconf 74' lang='lat' dir='ltr'><strong>ipsisnullainde</strong></span> 
     </span>
    </p>
   </div>
   <div class='ocr_carea' id='block_1_69' title="bbox 2180 3368 3815 3456">
    <p class='ocr_par' dir='ltr' id='par_1_69' title="bbox 2180 3368 3815 3448">
     <span class='ocr_line' id='line_1_69' title="bbox 2180 3368 3815 3448; baseline 0.002 -24"><span class='ocrx_word' id='word_1_489' title='bbox 2180 3371 2247 3424; x_wconf 77' lang='grc' dir='ltr'><strong>ιαὶ</strong></span> <span class='ocrx_word' id='word_1_490' title='bbox 2304 3368 2521 3434; x_wconf 71' lang='grc' dir='ltr'>ἄκοντες</span> <span class='ocrx_word' id='word_1_491' title='bbox 2579 3370 3006 3448; x_wconf 80' lang='grc' dir='ltr'>ὁμολογὴσουσιν</span> <span class='ocrx_word' id='word_1_492' title='bbox 3065 3370 3221 3426; x_wconf 78' lang='grc' dir='ltr'>αὐτὸν</span> <span class='ocrx_word' id='word_1_493' title='bbox 3271 3372 3497 3448; x_wconf 79' lang='grc' dir='ltr'>Σωτῆρα</span> <span class='ocrx_word' id='word_1_494' title='bbox 3540 3373 3628 3427; x_wconf 85' lang='grc' dir='ltr'>καὶ</span> <span class='ocrx_word' id='word_1_495' title='bbox 3700 3372 3815 3430; x_wconf 82' lang='grc' dir='ltr'><strong>Κύ-</strong></span> 
     </span>
    </p>
   </div>
   <div class='ocr_carea' id='block_1_70' title="bbox 438 3457 2084 3544">
    <p class='ocr_par' dir='ltr' id='par_1_70' title="bbox 438 3458 2077 3544">
     <span class='ocr_line' id='line_1_70' title="bbox 438 3458 2077 3544; baseline 0.001 -26"><span class='ocrx_word' id='word_1_496' title='bbox 438 3458 657 3521; x_wconf 88' lang='lat' dir='ltr'><strong>utilitas</strong></span> <span class='ocrx_word' id='word_1_497' title='bbox 688 3464 940 3531; x_wconf 72' lang='lat' dir='ltr'><strong>eveniet.</strong></span> <span class='ocrx_word' id='word_1_498' title='bbox 974 3465 1124 3538; x_wconf 86' lang='lat' dir='ltr'><strong>Quid</strong></span> <span class='ocrx_word' id='word_1_499' title='bbox 1156 3465 1366 3544; x_wconf 83' lang='lat' dir='ltr'><strong>igitur?</strong></span> <span class='ocrx_word' id='word_1_500' title='bbox 1396 3462 1521 3525; x_wconf 89' lang='lat' dir='ltr'><strong>Non</strong></span> <span class='ocrx_word' id='word_1_501' title='bbox 1551 3462 1824 3523; x_wconf 89' lang='lat' dir='ltr'><strong>viderunt</strong></span> <span class='ocrx_word' id='word_1_502' title='bbox 1854 3461 2015 3521; x_wconf 91' lang='lat' dir='ltr'><strong>illum</strong></span> <span class='ocrx_word' id='word_1_503' title='bbox 2044 3480 2077 3520; x_wconf 91' lang='lat' dir='ltr'><strong>a</strong></span> 
     </span>
    </p>
   </div>
   <div class='ocr_carea' id='block_1_71' title="bbox 2180 3457 3815 3544">
    <p class='ocr_par' dir='ltr' id='par_1_71' title="bbox 2180 3457 3815 3538">
     <span class='ocr_line' id='line_1_71' title="bbox 2180 3457 3815 3538; baseline 0.003 -27"><span class='ocrx_word' id='word_1_504' title='bbox 2180 3480 2292 3530; x_wconf 69' lang='grc' dir='ltr'><strong>»ιον⁸</strong></span> <span class='ocrx_word' id='word_1_505' title='bbox 2350 3457 2437 3514; x_wconf 75' lang='grc' dir='ltr'><strong>ὅτε</strong></span> <span class='ocrx_word' id='word_1_506' title='bbox 2471 3463 2651 3523; x_wconf 77' lang='grc' dir='ltr'>αὐτοῖς</span> <span class='ocrx_word' id='word_1_507' title='bbox 2713 3458 2858 3517; x_wconf 56' lang='grc' dir='ltr'>οωὲν</span> <span class='ocrx_word' id='word_1_508' title='bbox 2920 3457 3134 3538; x_wconf 61' lang='grc' dir='ltr'>ὀὶρελος.</span> <span class='ocrx_word' id='word_1_509' title='bbox 3207 3459 3267 3514; x_wconf 87' lang='grc' dir='ltr'>Τί</span> <span class='ocrx_word' id='word_1_510' title='bbox 3314 3458 3399 3514; x_wconf 85' lang='grc' dir='ltr'><strong>οὗν</strong></span> <span class='ocrx_word' id='word_1_511' title='bbox 3450 3480 3464 3534; x_wconf 71' lang='grc' dir='ltr'><strong>ς</strong></span> <span class='ocrx_word' id='word_1_512' title='bbox 3527 3461 3620 3515; x_wconf 73' lang='grc' dir='ltr'><strong>οὒκ</strong></span> <span class='ocrx_word' id='word_1_513' title='bbox 3662 3458 3815 3516; x_wconf 76' lang='grc' dir='ltr'>εἶδον</span> 
     </span>
    </p>
   </div>
   <div class='ocr_carea' id='block_1_72' title="bbox 435 3544 2084 3634">
    <p class='ocr_par' dir='ltr' id='par_1_72' title="bbox 435 3548 2072 3634">
     <span class='ocr_line' id='line_1_72' title="bbox 435 3548 2072 3634; baseline 0.002 -30"><span class='ocrx_word' id='word_1_514' title='bbox 435 3566 549 3627; x_wconf 91' lang='lat' dir='ltr'><strong>quo</strong></span> <span class='ocrx_word' id='word_1_515' title='bbox 582 3558 847 3632; x_wconf 87' lang='lat' dir='ltr'><strong>tempore</strong></span> <span class='ocrx_word' id='word_1_516' title='bbox 878 3554 1000 3616; x_wconf 56' lang='lat' dir='ltr'><strong>hac</strong></span> <span class='ocrx_word' id='word_1_517' title='bbox 1032 3555 1207 3616; x_wconf 78' lang='lat' dir='ltr'><strong>dixit?</strong></span> <span class='ocrx_word' id='word_1_518' title='bbox 1235 3553 1471 3634; x_wconf 87' lang='lat' dir='ltr'><strong>Utique.</strong></span> <span class='ocrx_word' id='word_1_519' title='bbox 1507 3551 1721 3613; x_wconf 91' lang='lat' dir='ltr'><strong>Dicens</strong></span> <span class='ocrx_word' id='word_1_520' title='bbox 1753 3548 2072 3610; x_wconf 90' lang='lat' dir='ltr'><strong>enim:Non</strong></span> 
     </span>
    </p>
   </div>
   <div class='ocr_carea' id='block_1_73' title="bbox 2180 3544 3811 3634">
    <p class='ocr_par' dir='ltr' id='par_1_73' title="bbox 2180 3544 3811 3626">
     <span class='ocr_line' id='line_1_73' title="bbox 2180 3544 3811 3626; baseline 0.001 -26"><span class='ocrx_word' id='word_1_521' title='bbox 2180 3548 2311 3603; x_wconf 74' lang='grc' dir='ltr'>ιῦτὸν</span> <span class='ocrx_word' id='word_1_522' title='bbox 2368 3547 2459 3624; x_wconf 82' lang='grc' dir='ltr'>ἀφ’</span> <span class='ocrx_word' id='word_1_523' title='bbox 2516 3551 2575 3605; x_wconf 80' lang='grc' dir='ltr'><strong>οὗ</strong></span> <span class='ocrx_word' id='word_1_524' title='bbox 2644 3557 2805 3606; x_wconf 83' lang='grc' dir='ltr'>ταῦτα</span> <span class='ocrx_word' id='word_1_525' title='bbox 2837 3553 2958 3604; x_wconf 87' lang='grc' dir='ltr'>εἰπε</span> <span class='ocrx_word' id='word_1_526' title='bbox 2997 3568 3013 3621; x_wconf 86' lang='grc'><strong>;</strong></span> <span class='ocrx_word' id='word_1_527' title='bbox 3055 3548 3153 3606; x_wconf 81' lang='grc' dir='ltr'>Καὶ</span> <span class='ocrx_word' id='word_1_528' title='bbox 3177 3544 3344 3621; x_wconf 67' lang='grc' dir='ltr'>μάλω</span> <span class='ocrx_word' id='word_1_529' title='bbox 3378 3545 3504 3602; x_wconf 83' lang='grc' dir='ltr'>ὅταν</span> <span class='ocrx_word' id='word_1_530' title='bbox 3533 3547 3619 3602; x_wconf 82' lang='grc' dir='ltr'>οὖν</span> <span class='ocrx_word' id='word_1_531' title='bbox 3650 3545 3811 3626; x_wconf 68' lang='grc' dir='ltr'><strong>λέγῃ⁹</strong></span> 
     </span>
    </p>
   </div>
   <div class='ocr_carea' id='block_1_74' title="bbox 437 3634 2084 3723">
    <p class='ocr_par' dir='ltr' id='par_1_74' title="bbox 437 3639 2073 3723">
     <span class='ocr_line' id='line_1_74' title="bbox 437 3639 2073 3723; baseline -0.001 -26"><span class='ocrx_word' id='word_1_532' title='bbox 437 3655 532 3697; x_wconf 89' lang='lat' dir='ltr'><strong>me</strong></span> <span class='ocrx_word' id='word_1_533' title='bbox 562 3639 834 3702; x_wconf 91' lang='lat' dir='ltr'><strong>videbitis</strong></span> <span class='ocrx_word' id='word_1_534' title='bbox 860 3662 929 3705; x_wconf 88' lang='lat' dir='ltr'><strong>ex</strong></span> <span class='ocrx_word' id='word_1_535' title='bbox 960 3643 1061 3704; x_wconf 80' lang='lat' dir='ltr'><strong>illo</strong></span> <span class='ocrx_word' id='word_1_536' title='bbox 1090 3652 1379 3723; x_wconf 90' lang='lat' dir='ltr'><strong>tempore,</strong></span> <span class='ocrx_word' id='word_1_537' title='bbox 1414 3660 1530 3702; x_wconf 92' lang='lat' dir='ltr'><strong>non</strong></span> <span class='ocrx_word' id='word_1_538' title='bbox 1557 3640 1762 3700; x_wconf 90' lang='lat' dir='ltr'><strong>horam</strong></span> <span class='ocrx_word' id='word_1_539' title='bbox 1783 3656 1914 3717; x_wconf 75' lang='lat' dir='ltr'><strong>quae</strong></span> <span class='ocrx_word' id='word_1_540' title='bbox 1935 3645 2073 3697; x_wconf 92' lang='lat' dir='ltr'><strong>tunc</strong></span> 
     </span>
    </p>
   </div>
   <div class='ocr_carea' id='block_1_75' title="bbox 2180 3634 3813 3723">
    <p class='ocr_par' dir='ltr' id='par_1_75' title="bbox 2180 3634 3813 3714">
     <span class='ocr_line' id='line_1_75' title="bbox 2180 3634 3813 3714; baseline 0.001 -26"><span class='ocrx_word' id='word_1_541' title='bbox 2180 3634 2236 3690; x_wconf 66' lang='lat' dir='ltr'><strong>ft:</strong></span> <span class='ocrx_word' id='word_1_542' title='bbox 2291 3635 2363 3692; x_wconf 63' lang='grc' dir='ltr'>Οὔ</span> <span class='ocrx_word' id='word_1_543' title='bbox 2421 3657 2487 3709; x_wconf 90' lang='grc' dir='ltr'><strong>με</strong></span> <span class='ocrx_word' id='word_1_544' title='bbox 2539 3635 2694 3703; x_wconf 73' lang='grc' dir='ltr'>’ίδητε</span> <span class='ocrx_word' id='word_1_545' title='bbox 2755 3637 2861 3693; x_wconf 82' lang='grc' dir='ltr'>ἀπὸ</span> <span class='ocrx_word' id='word_1_546' title='bbox 2917 3644 3008 3692; x_wconf 74' lang='grc' dir='ltr'><strong>τοῦ</strong></span> <span class='ocrx_word' id='word_1_547' title='bbox 3065 3641 3175 3707; x_wconf 83' lang='grc' dir='ltr'>νῦν,</span> <span class='ocrx_word' id='word_1_548' title='bbox 3210 3634 3332 3714; x_wconf 70' lang='grc' dir='ltr'>οὐχὶ</span> <span class='ocrx_word' id='word_1_549' title='bbox 3378 3635 3476 3701; x_wconf 77' lang='grc' dir='ltr'><strong>τὴν</strong></span> <span class='ocrx_word' id='word_1_550' title='bbox 3521 3635 3640 3692; x_wconf 88' lang='grc' dir='ltr'>τότε</span> <span class='ocrx_word' id='word_1_551' title='bbox 3669 3635 3813 3713; x_wconf 77' lang='grc' dir='ltr'>ὥραν</span> 
     </span>
    </p>
   </div>
   <div class='ocr_carea' id='block_1_76' title="bbox 435 3722 2084 3811">
    <p class='ocr_par' dir='ltr' id='par_1_76' title="bbox 435 3722 2075 3811">
     <span class='ocr_line' id='line_1_76' title="bbox 435 3722 2075 3811; baseline 0 -27"><span class='ocrx_word' id='word_1_552' title='bbox 435 3736 563 3788; x_wconf 84' lang='lat' dir='ltr'><strong>erat</strong></span> <span class='ocrx_word' id='word_1_553' title='bbox 594 3727 1015 3808; x_wconf 84' lang='lat' dir='ltr'><strong>signiﬁcat,sed</strong></span> <span class='ocrx_word' id='word_1_554' title='bbox 1041 3722 1273 3811; x_wconf 87' lang='lat' dir='ltr'><strong>tempus</strong></span> <span class='ocrx_word' id='word_1_555' title='bbox 1294 3729 1448 3811; x_wconf 90' lang='lat' dir='ltr'><strong>quod</strong></span> <span class='ocrx_word' id='word_1_556' title='bbox 1481 3734 1616 3806; x_wconf 90' lang='lat' dir='ltr'><strong>post</strong></span> <span class='ocrx_word' id='word_1_557' title='bbox 1647 3725 2075 3787; x_wconf 80' lang='lat' dir='ltr'><strong>crucemzsicut</strong></span> 
     </span>
    </p>
   </div>
   <div class='ocr_carea' id='block_1_77' title="bbox 2180 3722 3811 3811">
    <p class='ocr_par' dir='ltr' id='par_1_77' title="bbox 2180 3722 3811 3802">
     <span class='ocr_line' id='line_1_77' title="bbox 2180 3722 3811 3802; baseline 0.001 -23"><span class='ocrx_word' id='word_1_558' title='bbox 2180 3724 2423 3797; x_wconf 63' lang='grc' dir='ltr'>πημαίνει,</span> <span class='ocrx_word' id='word_1_559' title='bbox 2476 3722 2611 3782; x_wconf 81' lang='grc' dir='ltr'><strong>ἀλλά</strong></span> <span class='ocrx_word' id='word_1_560' title='bbox 2641 3728 2733 3781; x_wconf 85' lang='grc' dir='ltr'>τὸν</span> <span class='ocrx_word' id='word_1_561' title='bbox 2785 3725 2920 3799; x_wconf 84' lang='grc' dir='ltr'><strong>μετά</strong></span> <span class='ocrx_word' id='word_1_562' title='bbox 2961 3726 3053 3780; x_wconf 83' lang='grc' dir='ltr'><strong>τὸν</strong></span> <span class='ocrx_word' id='word_1_563' title='bbox 3098 3723 3319 3801; x_wconf 82' lang='grc' dir='ltr'>σταυρὸν</span> <span class='ocrx_word' id='word_1_564' title='bbox 3379 3726 3596 3802; x_wconf 71' lang='grc' dir='ltr'>χρὸνον·</span> <span class='ocrx_word' id='word_1_565' title='bbox 3631 3723 3811 3802; x_wconf 77' lang='grc' dir='ltr'>ὥσπερ</span> 
     </span>
    </p>
   </div>
   <div class='ocr_carea' id='block_1_78' title="bbox 435 3812 2072 3899">
    <p class='ocr_par' dir='ltr' id='par_1_78' title="bbox 435 3812 2072 3899">
     <span class='ocr_line' id='line_1_78' title="bbox 435 3812 2072 3899; baseline -0.002 -24"><span class='ocrx_word' id='word_1_566' title='bbox 435 3815 481 3875; x_wconf 90' lang='lat' dir='ltr'><strong>si</strong></span> <span class='ocrx_word' id='word_1_567' title='bbox 509 3814 751 3878; x_wconf 79' lang='lat' dir='ltr'><strong>dixisset</strong></span> <span class='ocrx_word' id='word_1_568' title='bbox 779 3838 792 3881; x_wconf 93' lang='lat'><strong>:</strong></span> <span class='ocrx_word' id='word_1_569' title='bbox 828 3818 873 3880; x_wconf 88' lang='lat' dir='ltr'><strong>A</strong></span> <span class='ocrx_word' id='word_1_570' title='bbox 904 3829 1172 3899; x_wconf 89' lang='lat' dir='ltr'><strong>tempore</strong></span> <span class='ocrx_word' id='word_1_571' title='bbox 1206 3838 1321 3899; x_wconf 92' lang='lat' dir='ltr'><strong>quo</strong></span> <span class='ocrx_word' id='word_1_572' title='bbox 1358 3835 1451 3877; x_wconf 93' lang='lat' dir='ltr'><strong>me</strong></span> <span class='ocrx_word' id='word_1_573' title='bbox 1482 3812 1919 3887; x_wconf 82' lang='lat' dir='ltr'><strong>cruciﬁxeritis,</strong></span> <span class='ocrx_word' id='word_1_574' title='bbox 1957 3831 2072 3873; x_wconf 94' lang='lat' dir='ltr'><strong>non</strong></span> 
     </span>
    </p>
   </div>
   <div class='ocr_carea' id='block_1_79' title="bbox 436 3904 1543 3987">
    <p class='ocr_par' dir='ltr' id='par_1_79' title="bbox 436 3904 1543 3987">
     <span class='ocr_line' id='line_1_79' title="bbox 436 3904 1543 3987; baseline 0 -22"><span class='ocrx_word' id='word_1_575' title='bbox 436 3904 587 3965; x_wconf 88' lang='lat' dir='ltr'><strong>ultra</strong></span> <span class='ocrx_word' id='word_1_576' title='bbox 614 3924 705 3966; x_wconf 90' lang='lat' dir='ltr'><strong>me</strong></span> <span class='ocrx_word' id='word_1_577' title='bbox 732 3905 1025 3987; x_wconf 83' lang='lat' dir='ltr'><strong>videbitis,</strong></span> <span class='ocrx_word' id='word_1_578' title='bbox 1061 3906 1249 3967; x_wconf 89' lang='lat' dir='ltr'><strong>donec</strong></span> <span class='ocrx_word' id='word_1_579' title='bbox 1279 3905 1543 3967; x_wconf 81' lang='lat' dir='ltr'><strong>redeam.</strong></span> 
     </span>
    </p>
   </div>
   <div class='ocr_carea' id='block_1_80' title="bbox 1070 3996 1502 4061">
    <p class='ocr_par' dir='ltr' id='par_1_80' title="bbox 1070 3996 1502 4061">
     <span class='ocr_line' id='line_1_80' title="bbox 1070 3996 1502 4061; baseline -0.007 0"><span class='ocrx_word' id='word_1_580' title='bbox 1070 3997 1310 4061; x_wconf 86' lang='lat' dir='ltr'><strong>CAPUT</strong></span> <span class='ocrx_word' id='word_1_581' title='bbox 1350 3996 1502 4059; x_wconf 86' lang='lat' dir='ltr'><strong>XIV.</strong></span> 
     </span>
    </p>
   </div>
   <div class='ocr_carea' id='block_1_81' title="bbox 438 4087 2078 4168">
    <p class='ocr_par' dir='ltr' id='par_1_81' title="bbox 438 4087 2078 4168">
     <span class='ocr_line' id='line_1_81' title="bbox 438 4087 2078 4168; baseline -0.002 -18"><span class='ocrx_word' id='word_1_582' title='bbox 438 4090 521 4150; x_wconf 82' lang='lat' dir='ltr'><strong>De</strong></span> <span class='ocrx_word' id='word_1_583' title='bbox 546 4088 894 4168; x_wconf 73' lang='lat' dir='ltr'><strong>hytlfOpiCO.</strong></span> <span class='ocrx_word' id='word_1_584' title='bbox 935 4090 1109 4164; x_wconf 81' lang='lat' dir='ltr'><strong>Quod</strong></span> <span class='ocrx_word' id='word_1_585' title='bbox 1161 4109 1287 4151; x_wconf 82' lang='lat' dir='ltr'><strong>non</strong></span> <span class='ocrx_word' id='word_1_586' title='bbox 1327 4089 1507 4151; x_wconf 76' lang='lat' dir='ltr'><strong>liceat</strong></span> <span class='ocrx_word' id='word_1_587' title='bbox 1556 4087 1816 4168; x_wconf 61' lang='lat' dir='ltr'><strong>ambire</strong></span> <span class='ocrx_word' id='word_1_588' title='bbox 1845 4091 2078 4166; x_wconf 77' lang='lat' dir='ltr'><strong>primos</strong></span> 
     </span>
    </p>
   </div>
   <div class='ocr_carea' id='block_1_82' title="bbox 513 4166 2078 4247">
    <p class='ocr_par' dir='ltr' id='par_1_82' title="bbox 513 4166 2078 4247">
     <span class='ocr_line' id='line_1_82' title="bbox 513 4166 2078 4247; baseline -0.001 -20"><span class='ocrx_word' id='word_1_589' title='bbox 513 4166 652 4230; x_wconf 71' lang='lat' dir='ltr'><strong>acim</strong></span> <span class='ocrx_word' id='word_1_590' title='bbox 664 4169 837 4230; x_wconf 81' lang='lat' dir='ltr'><strong>bitus.</strong></span> <span class='ocrx_word' id='word_1_591' title='bbox 858 4168 1026 4243; x_wconf 81' lang='lat' dir='ltr'><strong>Quod</strong></span> <span class='ocrx_word' id='word_1_592' title='bbox 1053 4173 1251 4233; x_wconf 80' lang='lat' dir='ltr'><strong>deceat</strong></span> <span class='ocrx_word' id='word_1_593' title='bbox 1279 4172 1469 4247; x_wconf 82' lang='lat' dir='ltr'><strong>magis</strong></span> <span class='ocrx_word' id='word_1_594' title='bbox 1499 4185 1716 4231; x_wconf 81' lang='lat' dir='ltr'><strong>vocare</strong></span> <span class='ocrx_word' id='word_1_595' title='bbox 1741 4166 1817 4228; x_wconf 82' lang='lat' dir='ltr'><strong>ad</strong></span> <span class='ocrx_word' id='word_1_596' title='bbox 1849 4184 2078 4229; x_wconf 69' lang='lat' dir='ltr'><strong>canam</strong></span> 
     </span>
    </p>
   </div>
   <div class='ocr_carea' id='block_1_83' title="bbox 511 4248 2073 4330">
    <p class='ocr_par' dir='ltr' id='par_1_83' title="bbox 511 4248 2073 4330">
     <span class='ocr_line' id='line_1_83' title="bbox 511 4248 2073 4330; baseline -0.001 -21"><span class='ocrx_word' id='word_1_597' title='bbox 511 4266 809 4330; x_wconf 74' lang='lat' dir='ltr'><strong>pauperes</strong></span> <span class='ocrx_word' id='word_1_598' title='bbox 838 4268 1025 4330; x_wconf 84' lang='lat' dir='ltr'><strong>quam</strong></span> <span class='ocrx_word' id='word_1_599' title='bbox 1050 4252 1299 4313; x_wconf 75' lang='lat' dir='ltr'><strong>amicos.</strong></span> <span class='ocrx_word' id='word_1_600' title='bbox 1339 4250 1424 4310; x_wconf 83' lang='lat' dir='ltr'><strong>De</strong></span> <span class='ocrx_word' id='word_1_601' title='bbox 1453 4254 1679 4310; x_wconf 78' lang='lat' dir='ltr'><strong>vocalia</strong></span> <span class='ocrx_word' id='word_1_602' title='bbox 1709 4248 1787 4309; x_wconf 81' lang='lat' dir='ltr'><strong>ad</strong></span> <span class='ocrx_word' id='word_1_603' title='bbox 1818 4264 2073 4309; x_wconf 66' lang='lat' dir='ltr'><strong>caenam.</strong></span> 
     </span>
    </p>
   </div>
   <div class='ocr_carea' id='block_1_84' title="bbox 518 4328 1468 4411">
    <p class='ocr_par' dir='ltr' id='par_1_84' title="bbox 518 4328 1468 4411">
     <span class='ocr_line' id='line_1_84' title="bbox 518 4328 1468 4411; baseline 0 -22"><span class='ocrx_word' id='word_1_604' title='bbox 518 4328 829 4392; x_wconf 77' lang='lat' dir='ltr'><strong>Parabola</strong></span> <span class='ocrx_word' id='word_1_605' title='bbox 853 4328 931 4392; x_wconf 57' lang='lat' dir='ltr'><strong>&#39;de</strong></span> <span class='ocrx_word' id='word_1_606' title='bbox 958 4332 1216 4411; x_wconf 69' lang='lat' dir='ltr'><strong>aediﬁcio</strong></span> <span class='ocrx_word' id='word_1_607' title='bbox 1255 4332 1468 4393; x_wconf 74' lang='lat' dir='ltr'><strong>turris.</strong></span> 
     </span>
    </p>
   </div>
   <div class='ocr_carea' id='block_1_85' title="bbox 516 4509 2077 4579">
    <p class='ocr_par' dir='ltr' id='par_1_85' title="bbox 516 4509 2077 4579">
     <span class='ocr_line' id='line_1_85' title="bbox 516 4509 2077 4579; baseline -0.003 -5"><span class='ocrx_word' id='word_1_608' title='bbox 516 4513 698 4574; x_wconf 64' lang='lat' dir='ltr'><strong>Vens.</strong></span> <span class='ocrx_word' id='word_1_609' title='bbox 732 4513 850 4577; x_wconf 76' lang='lat'><strong>1-6.</strong></span> <span class='ocrx_word' id='word_1_610' title='bbox 885 4539 910 4569; x_wconf 72' lang='grc' dir='ltr'><strong>α</strong></span> <span class='ocrx_word' id='word_1_611' title='bbox 948 4513 1016 4576; x_wconf 86' lang='grc' dir='ltr'>Ει</span> <span class='ocrx_word' id='word_1_612' title='bbox 1048 4515 1266 4579; x_wconf 79' lang='lat' dir='ltr'><strong>factum</strong></span> <span class='ocrx_word' id='word_1_613' title='bbox 1302 4524 1392 4576; x_wconf 90' lang='lat' dir='ltr'><strong>est</strong></span> <span class='ocrx_word' id='word_1_614' title='bbox 1420 4532 1552 4576; x_wconf 92' lang='lat' dir='ltr'><strong>cum</strong></span> <span class='ocrx_word' id='word_1_615' title='bbox 1584 4509 1933 4575; x_wconf 89' lang='lat' dir='ltr'><strong>introiretin</strong></span> <span class='ocrx_word' id='word_1_616' title='bbox 1964 4510 2077 4570; x_wconf 90' lang='lat' dir='ltr'><strong>do-</strong></span> 
     </span>
    </p>
   </div>
   <div class='ocr_carea' id='block_1_86' title="bbox 439 4597 2077 4685">
    <p class='ocr_par' dir='ltr' id='par_1_86' title="bbox 439 4597 2077 4685">
     <span class='ocr_line' id='line_1_86' title="bbox 439 4597 2077 4685; baseline -0.003 -22"><span class='ocrx_word' id='word_1_617' title='bbox 439 4622 597 4663; x_wconf 86' lang='lat' dir='ltr'><strong>mum</strong></span> <span class='ocrx_word' id='word_1_618' title='bbox 633 4604 938 4682; x_wconf 86' lang='lat' dir='ltr'><strong>cujusdam</strong></span> <span class='ocrx_word' id='word_1_619' title='bbox 954 4604 1242 4685; x_wconf 89' lang='lat' dir='ltr'><strong>principis</strong></span> <span class='ocrx_word' id='word_1_620' title='bbox 1271 4602 1699 4666; x_wconf 80' lang='lat' dir='ltr'><strong>Pharisaeorum</strong></span> <span class='ocrx_word' id='word_1_621' title='bbox 1734 4600 1986 4663; x_wconf 89' lang='lat' dir='ltr'><strong>Sabbato</strong></span> <span class='ocrx_word' id='word_1_622' title='bbox 2004 4597 2077 4658; x_wconf 91' lang='lat' dir='ltr'><strong>ad</strong></span> 
     </span>
    </p>
   </div>
   <div class='ocr_carea' id='block_1_87' title="bbox 434 4688 2079 4774">
    <p class='ocr_par' dir='ltr' id='par_1_87' title="bbox 434 4688 2079 4774">
     <span class='ocr_line' id='line_1_87' title="bbox 434 4688 2079 4774; baseline -0.001 -24"><span class='ocrx_word' id='word_1_623' title='bbox 434 4691 784 4770; x_wconf 83' lang='lat' dir='ltr'><strong>capiendum</strong></span> <span class='ocrx_word' id='word_1_624' title='bbox 818 4693 1108 4767; x_wconf 89' lang='lat' dir='ltr'><strong>cibum,et</strong></span> <span class='ocrx_word' id='word_1_625' title='bbox 1133 4694 1245 4774; x_wconf 90' lang='lat' dir='ltr'><strong>ipsi</strong></span> <span class='ocrx_word' id='word_1_626' title='bbox 1269 4692 1661 4753; x_wconf 88' lang='lat' dir='ltr'><strong>observabant</strong></span> <span class='ocrx_word' id='word_1_627' title='bbox 1681 4688 2079 4753; x_wconf 86' lang='lat' dir='ltr'><strong>eum.Etecce</strong></span> 
     </span>
    </p>
   </div>
   <div class='ocr_carea' id='block_1_88' title="bbox 435 4777 2077 4863">
    <p class='ocr_par' dir='ltr' id='par_1_88' title="bbox 435 4777 2077 4863">
     <span class='ocr_line' id='line_1_88' title="bbox 435 4777 2077 4863; baseline -0.002 -22"><span class='ocrx_word' id='word_1_628' title='bbox 435 4781 616 4841; x_wconf 88' lang='lat' dir='ltr'><strong>homo</strong></span> <span class='ocrx_word' id='word_1_629' title='bbox 647 4780 882 4861; x_wconf 90' lang='lat' dir='ltr'><strong>quidam</strong></span> <span class='ocrx_word' id='word_1_630' title='bbox 912 4782 1273 4863; x_wconf 77' lang='lat' dir='ltr'><strong>hydropicus</strong></span> <span class='ocrx_word' id='word_1_631' title='bbox 1321 4791 1446 4842; x_wconf 87' lang='lat' dir='ltr'><strong>erat</strong></span> <span class='ocrx_word' id='word_1_632' title='bbox 1487 4788 1622 4841; x_wconf 87' lang='lat' dir='ltr'><strong>ante</strong></span> <span class='ocrx_word' id='word_1_633' title='bbox 1652 4779 1843 4840; x_wconf 90' lang='lat' dir='ltr'><strong>illum.</strong></span> <span class='ocrx_word' id='word_1_634' title='bbox 1879 4777 1947 4837; x_wconf 91' lang='lat' dir='ltr'><strong>Et</strong></span> <span class='ocrx_word' id='word_1_635' title='bbox 1977 4794 2077 4838; x_wconf 87' lang='lat' dir='ltr'><strong>re—</strong></span> 
     </span>
    </p>
   </div>
   <div class='ocr_carea' id='block_1_89' title="bbox 433 4866 2075 4949">
    <p class='ocr_par' dir='ltr' id='par_1_89' title="bbox 433 4866 2075 4949">
     <span class='ocr_line' id='line_1_89' title="bbox 433 4866 2075 4949; baseline -0.004 -19"><span class='ocrx_word' id='word_1_636' title='bbox 433 4868 734 4947; x_wconf 83' lang='lat' dir='ltr'><strong>spondens</strong></span> <span class='ocrx_word' id='word_1_637' title='bbox 763 4872 935 4932; x_wconf 83' lang='lat' dir='ltr'><strong>Jesus</strong></span> <span class='ocrx_word' id='word_1_638' title='bbox 956 4870 1095 4931; x_wconf 85' lang='lat' dir='ltr'><strong>dixit</strong></span> <span class='ocrx_word' id='word_1_639' title='bbox 1130 4871 1199 4931; x_wconf 90' lang='lat' dir='ltr'><strong>ad</strong></span> <span class='ocrx_word' id='word_1_640' title='bbox 1236 4869 1607 4949; x_wconf 87' lang='lat' dir='ltr'><strong>legisperitos</strong></span> <span class='ocrx_word' id='word_1_641' title='bbox 1633 4876 1692 4929; x_wconf 91' lang='lat' dir='ltr'><strong>et</strong></span> <span class='ocrx_word' id='word_1_642' title='bbox 1724 4866 2075 4939; x_wconf 67' lang='lat' dir='ltr'><strong>Pharisazos,</strong></span> 
     </span>
    </p>
   </div>
   <div class='ocr_carea' id='block_1_90' title="bbox 430 4956 2070 5022">
    <p class='ocr_par' dir='ltr' id='par_1_90' title="bbox 430 4956 2070 5022">
     <span class='ocr_line' id='line_1_90' title="bbox 430 4956 2070 5022; baseline -0.001 -3"><span class='ocrx_word' id='word_1_643' title='bbox 430 4958 659 5021; x_wconf 86' lang='lat' dir='ltr'><strong>dicens:</strong></span> <span class='ocrx_word' id='word_1_644' title='bbox 681 4962 834 5022; x_wconf 88' lang='lat' dir='ltr'><strong>Num</strong></span> <span class='ocrx_word' id='word_1_645' title='bbox 858 4958 1265 5021; x_wconf 85' lang='lat' dir='ltr'><strong>licetSabbato</strong></span> <span class='ocrx_word' id='word_1_646' title='bbox 1291 4958 1605 5021; x_wconf 57' lang='lat' dir='ltr'><strong>sanare?!“</strong></span> <span class='ocrx_word' id='word_1_647' title='bbox 1636 4956 1719 5019; x_wconf 87' lang='lat' dir='ltr'><strong>illi</strong></span> <span class='ocrx_word' id='word_1_648' title='bbox 1744 4963 2070 5017; x_wconf 88' lang='lat' dir='ltr'><strong>tacuerunt.</strong></span> 
     </span>
    </p>
   </div>
   <div class='ocr_carea' id='block_1_91' title="bbox 432 5044 2069 5130">
    <p class='ocr_par' dir='ltr' id='par_1_91' title="bbox 432 5044 2069 5130">
     <span class='ocr_line' id='line_1_91' title="bbox 432 5044 2069 5130; baseline -0.002 -23"><span class='ocrx_word' id='word_1_649' title='bbox 432 5044 561 5125; x_wconf 87' lang='lat' dir='ltr'><strong>[pse</strong></span> <span class='ocrx_word' id='word_1_650' title='bbox 614 5067 750 5111; x_wconf 85' lang='lat' dir='ltr'><strong>vero</strong></span> <span class='ocrx_word' id='word_1_651' title='bbox 781 5052 1215 5130; x_wconf 88' lang='lat' dir='ltr'><strong>apprehensum</strong></span> <span class='ocrx_word' id='word_1_652' title='bbox 1250 5048 1476 5109; x_wconf 61' lang='lat' dir='ltr'><strong>sanavit</strong></span> <span class='ocrx_word' id='word_1_653' title='bbox 1524 5066 1683 5119; x_wconf 85' lang='lat' dir='ltr'><strong>eum,</strong></span> <span class='ocrx_word' id='word_1_654' title='bbox 1717 5065 1783 5108; x_wconf 92' lang='lat' dir='ltr'><strong>ac</strong></span> <span class='ocrx_word' id='word_1_655' title='bbox 1824 5044 2069 5105; x_wconf 85' lang='lat' dir='ltr'><strong>dimisit.</strong></span> 
     </span>
    </p>
   </div>
   <div class='ocr_carea' id='block_1_92' title="bbox 430 5132 2071 5216">
    <p class='ocr_par' dir='ltr' id='par_1_92' title="bbox 430 5132 2071 5216">
     <span class='ocr_line' id='line_1_92' title="bbox 430 5132 2071 5216; baseline -0.002 -17"><span class='ocrx_word' id='word_1_656' title='bbox 430 5137 503 5199; x_wconf 87' lang='lat' dir='ltr'><strong>Et</strong></span> <span class='ocrx_word' id='word_1_657' title='bbox 531 5138 904 5216; x_wconf 76' lang='lat' dir='ltr'><strong>reSpondens</strong></span> <span class='ocrx_word' id='word_1_658' title='bbox 933 5139 1003 5198; x_wconf 91' lang='lat' dir='ltr'><strong>ad</strong></span> <span class='ocrx_word' id='word_1_659' title='bbox 1038 5138 1168 5199; x_wconf 91' lang='lat' dir='ltr'><strong>illos</strong></span> <span class='ocrx_word' id='word_1_660' title='bbox 1198 5136 1557 5216; x_wconf 70' lang='lat' dir='ltr'><strong>dixitzﬂujus</strong></span> <span class='ocrx_word' id='word_1_661' title='bbox 1580 5144 1837 5197; x_wconf 90' lang='lat' dir='ltr'><strong>vestrum</strong></span> <span class='ocrx_word' id='word_1_662' title='bbox 1868 5132 2071 5195; x_wconf 83' lang='lat' dir='ltr'><strong>asinus</strong></span> 
     </span>
    </p>
   </div>
   <div class='ocr_carea' id='block_1_93' title="bbox 432 5224 2075 5307">
    <p class='ocr_par' dir='ltr' id='par_1_93' title="bbox 432 5224 2075 5307">
     <span class='ocr_line' id='line_1_93' title="bbox 432 5224 2075 5307; baseline -0.002 -20"><span class='ocrx_word' id='word_1_663' title='bbox 432 5236 530 5287; x_wconf 88' lang='lat' dir='ltr'><strong>aut</strong></span> <span class='ocrx_word' id='word_1_664' title='bbox 560 5226 667 5288; x_wconf 90' lang='lat' dir='ltr'><strong>bos</strong></span> <span class='ocrx_word' id='word_1_665' title='bbox 696 5228 753 5287; x_wconf 91' lang='lat' dir='ltr'><strong>in</strong></span> <span class='ocrx_word' id='word_1_666' title='bbox 789 5236 1027 5307; x_wconf 90' lang='lat' dir='ltr'><strong>puteum</strong></span> <span class='ocrx_word' id='word_1_667' title='bbox 1060 5227 1321 5301; x_wconf 89' lang='lat' dir='ltr'><strong>cadet,et</strong></span> <span class='ocrx_word' id='word_1_668' title='bbox 1351 5246 1469 5287; x_wconf 91' lang='lat' dir='ltr'><strong>non</strong></span> <span class='ocrx_word' id='word_1_669' title='bbox 1500 5225 1781 5288; x_wconf 91' lang='lat' dir='ltr'><strong>continuo</strong></span> <span class='ocrx_word' id='word_1_670' title='bbox 1804 5224 2075 5286; x_wconf 78' lang='lat' dir='ltr'><strong>extrahet</strong></span> 
     </span>
    </p>
   </div>
   <div class='ocr_carea' id='block_1_94' title="bbox 433 5314 2070 5396">
    <p class='ocr_par' dir='ltr' id='par_1_94' title="bbox 433 5314 2070 5396">
     <span class='ocr_line' id='line_1_94' title="bbox 433 5314 2070 5396; baseline -0.002 -20"><span class='ocrx_word' id='word_1_671' title='bbox 433 5316 597 5377; x_wconf 89' lang='lat' dir='ltr'><strong>illum</strong></span> <span class='ocrx_word' id='word_1_672' title='bbox 630 5317 691 5377; x_wconf 91' lang='lat' dir='ltr'><strong>in</strong></span> <span class='ocrx_word' id='word_1_673' title='bbox 717 5317 814 5377; x_wconf 81' lang='lat' dir='ltr'><strong>die</strong></span> <span class='ocrx_word' id='word_1_674' title='bbox 845 5315 1117 5378; x_wconf 82' lang='lat' dir='ltr'><strong>Sabbati‘?</strong></span> <span class='ocrx_word' id='word_1_675' title='bbox 1155 5315 1221 5377; x_wconf 92' lang='lat' dir='ltr'><strong>Et</strong></span> <span class='ocrx_word' id='word_1_676' title='bbox 1252 5335 1369 5377; x_wconf 92' lang='lat' dir='ltr'><strong>non</strong></span> <span class='ocrx_word' id='word_1_677' title='bbox 1405 5322 1674 5396; x_wconf 87' lang='lat' dir='ltr'><strong>poterant</strong></span> <span class='ocrx_word' id='word_1_678' title='bbox 1714 5314 1784 5376; x_wconf 88' lang='lat' dir='ltr'><strong>ad</strong></span> <span class='ocrx_word' id='word_1_679' title='bbox 1820 5314 1943 5375; x_wconf 66' lang='lat' dir='ltr'><strong>haec</strong></span> <span class='ocrx_word' id='word_1_680' title='bbox 1971 5331 2070 5374; x_wconf 88' lang='lat' dir='ltr'><strong>re-</strong></span> 
     </span>
    </p>
   </div>
   <div class='ocr_carea' id='block_1_95' title="bbox 431 5404 2072 5485">
    <p class='ocr_par' dir='ltr' id='par_1_95' title="bbox 431 5404 2072 5485">
     <span class='ocr_line' id='line_1_95' title="bbox 431 5404 2072 5485; baseline 0 -22"><span class='ocrx_word' id='word_1_681' title='bbox 431 5404 726 5485; x_wconf 76' lang='lat' dir='ltr'><strong>spondere</strong></span> <span class='ocrx_word' id='word_1_682' title='bbox 754 5405 1197 5469; x_wconf 73' lang='lat' dir='ltr'><strong>illi.»Dominus</strong></span> <span class='ocrx_word' id='word_1_683' title='bbox 1227 5406 1368 5467; x_wconf 78' lang='lat' dir='ltr'><strong>satis</strong></span> <span class='ocrx_word' id='word_1_684' title='bbox 1400 5404 1596 5468; x_wconf 85' lang='lat' dir='ltr'><strong>sciens</strong></span> <span class='ocrx_word' id='word_1_685' title='bbox 1643 5404 2072 5467; x_wconf 70' lang='lat' dir='ltr'><strong>Pharisaaorum</strong></span> 
     </span>
    </p>
   </div>
   <div class='ocr_carea' id='block_1_96' title="bbox 432 5493 2074 5572">
    <p class='ocr_par' dir='ltr' id='par_1_96' title="bbox 432 5493 2074 5572">
     <span class='ocr_line' id='line_1_96' title="bbox 432 5493 2074 5572; baseline 0 -19"><span class='ocrx_word' id='word_1_686' title='bbox 432 5495 859 5570; x_wconf 80' lang='lat' dir='ltr'><strong>morositatem,</strong></span> <span class='ocrx_word' id='word_1_687' title='bbox 894 5495 1228 5572; x_wconf 89' lang='lat' dir='ltr'><strong>ingreditur</strong></span> <span class='ocrx_word' id='word_1_688' title='bbox 1256 5494 1314 5557; x_wconf 89' lang='lat' dir='ltr'><strong>in</strong></span> <span class='ocrx_word' id='word_1_689' title='bbox 1367 5513 1571 5557; x_wconf 89' lang='lat' dir='ltr'><strong>eorum</strong></span> <span class='ocrx_word' id='word_1_690' title='bbox 1631 5493 1860 5555; x_wconf 89' lang='lat' dir='ltr'><strong>domos.</strong></span> <span class='ocrx_word' id='word_1_691' title='bbox 1908 5494 2074 5556; x_wconf 66' lang='lat' dir='ltr'><strong>Curae</strong></span> 
     </span>
    </p>
   </div>
   <div class='ocr_carea' id='block_1_97' title="bbox 509 5661 1197 5739">
    <p class='ocr_par' dir='ltr' id='par_1_97' title="bbox 509 5661 1197 5739">
     <span class='ocr_line' id='line_1_97' title="bbox 509 5661 1197 5739; baseline 0.006 -16"><span class='ocrx_word' id='word_1_692' title='bbox 509 5661 571 5711; x_wconf 68' lang='lat'><strong>63</strong></span> <span class='ocrx_word' id='word_1_693' title='bbox 630 5663 784 5725; x_wconf 87' lang='lat' dir='ltr'><strong>Psal.</strong></span> <span class='ocrx_word' id='word_1_694' title='bbox 831 5678 1060 5739; x_wconf 81' lang='lat' dir='ltr'><strong>cxxxlv,</strong></span> <span class='ocrx_word' id='word_1_695' title='bbox 1096 5662 1197 5727; x_wconf 73' lang='lat'><strong>20.</strong></span> 
     </span>
    </p>
   </div>
   <div class='ocr_carea' id='block_1_98' title="bbox 2105 4406 2542 4487">
    <p class='ocr_par' dir='ltr' id='par_1_98' title="bbox 2105 4406 2542 4487">
     <span class='ocr_line' id='line_1_98' title="bbox 2105 4406 2542 4487; baseline 0.002 -23"><span class='ocrx_word' id='word_1_696' title='bbox 2105 4419 2145 4467; x_wconf 91' lang='lat' dir='ltr'><strong>D</strong></span> <span class='ocrx_word' id='word_1_697' title='bbox 2245 4406 2518 4487; x_wconf 82' lang='grc' dir='ltr'>παραϐολή</span> <span class='ocrx_word' id='word_1_698' title='bbox 2529 4456 2542 4470; x_wconf 93' lang='grc'><strong>.</strong></span> 
     </span>
    </p>
   </div>
   <div class='ocr_carea' id='block_1_99' title="bbox 2157 3810 3812 3892">
    <p class='ocr_par' dir='ltr' id='par_1_99' title="bbox 2157 3810 3812 3892">
     <span class='ocr_line' id='line_1_99' title="bbox 2157 3810 3812 3892; baseline 0.004 -26"><span class='ocrx_word' id='word_1_699' title='bbox 2157 3810 2218 3866; x_wconf 78' lang='grc' dir='ltr'>ἄν</span> <span class='ocrx_word' id='word_1_700' title='bbox 2291 3813 2333 3867; x_wconf 89' lang='grc' dir='ltr'><strong>εἰ</strong></span> <span class='ocrx_word' id='word_1_701' title='bbox 2405 3813 2585 3886; x_wconf 79' lang='grc' dir='ltr'>εἶπεν,</span> <span class='ocrx_word' id='word_1_702' title='bbox 2660 3813 2782 3892; x_wconf 74' lang='grc' dir='ltr'><strong>Ἀφ’</strong></span> <span class='ocrx_word' id='word_1_703' title='bbox 2841 3812 2901 3869; x_wconf 73' lang='grc' dir='ltr'><strong>οὗ</strong></span> <span class='ocrx_word' id='word_1_704' title='bbox 2957 3834 3025 3887; x_wconf 90' lang='grc' dir='ltr'><strong>με</strong></span> <span class='ocrx_word' id='word_1_705' title='bbox 3057 3812 3410 3892; x_wconf 75' lang='grc' dir='ltr'>σταυρώσετε,</span> <span class='ocrx_word' id='word_1_706' title='bbox 3443 3813 3617 3872; x_wconf 75' lang='grc' dir='ltr'>οὖκέτι</span> <span class='ocrx_word' id='word_1_707' title='bbox 3647 3816 3706 3872; x_wconf 78' lang='grc' dir='ltr'>οὗ</span> <span class='ocrx_word' id='word_1_708' title='bbox 3733 3814 3812 3888; x_wconf 73' lang='grc' dir='ltr'>μὴ</span> 
     </span>
    </p>
   </div>
   <div class='ocr_carea' id='block_1_100' title="bbox 2160 3899 3103 3989">
    <p class='ocr_par' dir='ltr' id='par_1_100' title="bbox 2160 3899 3103 3989">
     <span class='ocr_line' id='line_1_100' title="bbox 2160 3899 3103 3989; baseline 0.004 -33"><span class='ocrx_word' id='word_1_709' title='bbox 2160 3900 2430 3989; x_wconf 42' lang='grc' dir='ltr'>με’-ἴδητε,</span> <span class='ocrx_word' id='word_1_710' title='bbox 2478 3899 2636 3981; x_wconf 74' lang='grc' dir='ltr'>ἄχρις</span> <span class='ocrx_word' id='word_1_711' title='bbox 2668 3900 2727 3960; x_wconf 66' lang='grc' dir='ltr'><strong>ἄν</strong></span> <span class='ocrx_word' id='word_1_712' title='bbox 2752 3901 2917 3960; x_wconf 76' lang='grc' dir='ltr'>πάλιν</span> <span class='ocrx_word' id='word_1_713' title='bbox 2944 3899 3103 3960; x_wconf 70' lang='grc' dir='ltr'>ἔλθω.</span> 
     </span>
    </p>
   </div>
   <div class='ocr_carea' id='block_1_101' title="bbox 2780 3996 3187 4059">
    <p class='ocr_par' dir='ltr' id='par_1_101' title="bbox 2780 3996 3187 4059">
     <span class='ocr_line' id='line_1_101' title="bbox 2780 3996 3187 4059; baseline -0.007 0"><span class='ocrx_word' id='word_1_714' title='bbox 2780 3996 3039 4059; x_wconf 72' lang='grc' dir='ltr'><strong>ΚΕΦΑΑ.</strong></span> <span class='ocrx_word' id='word_1_715' title='bbox 3072 3997 3187 4057; x_wconf 61' lang='grc' dir='ltr'>ιε’.</span> 
     </span>
    </p>
   </div>
   <div class='ocr_carea' id='block_1_102' title="bbox 2160 4085 3799 4166">
    <p class='ocr_par' dir='ltr' id='par_1_102' title="bbox 2160 4085 3799 4166">
     <span class='ocr_line' id='line_1_102' title="bbox 2160 4085 3799 4166; baseline 0 -22"><span class='ocrx_word' id='word_1_716' title='bbox 2160 4090 2281 4166; x_wconf 85' lang='grc' dir='ltr'>Περὶ</span> <span class='ocrx_word' id='word_1_717' title='bbox 2360 4095 2451 4145; x_wconf 82' lang='grc' dir='ltr'>τοῦ</span> <span class='ocrx_word' id='word_1_718' title='bbox 2540 4085 2859 4165; x_wconf 79' lang='grc' dir='ltr'>ὑδρωπικυῦ.</span> <span class='ocrx_word' id='word_1_719' title='bbox 2953 4089 3075 4166; x_wconf 84' lang='grc' dir='ltr'>Περὶ</span> <span class='ocrx_word' id='word_1_720' title='bbox 3148 4094 3241 4144; x_wconf 80' lang='grc' dir='ltr'>τοῦ</span> <span class='ocrx_word' id='word_1_721' title='bbox 3312 4088 3389 4161; x_wconf 80' lang='grc' dir='ltr'>μὴ</span> <span class='ocrx_word' id='word_1_722' title='bbox 3452 4087 3662 4166; x_wconf 81' lang='grc' dir='ltr'>ἀγαπᾷν</span> <span class='ocrx_word' id='word_1_723' title='bbox 3707 4088 3799 4151; x_wconf 77' lang='grc' dir='ltr'><strong>τὰς</strong></span> 
     </span>
    </p>
   </div>
   <div class='ocr_carea' id='block_1_103' title="bbox 2238 4166 3801 4246">
    <p class='ocr_par' dir='ltr' id='par_1_103' title="bbox 2238 4166 3801 4246">
     <span class='ocr_line' id='line_1_103' title="bbox 2238 4166 3801 4246; baseline -0.001 -21"><span class='ocrx_word' id='word_1_724' title='bbox 2238 4166 2648 4241; x_wconf 82' lang='grc' dir='ltr'>πρωτοκλισίας.</span> <span class='ocrx_word' id='word_1_725' title='bbox 2736 4169 2856 4246; x_wconf 80' lang='grc' dir='ltr'>Περὶ</span> <span class='ocrx_word' id='word_1_726' title='bbox 2942 4177 3033 4226; x_wconf 72' lang='grc' dir='ltr'>τοῦ</span> <span class='ocrx_word' id='word_1_727' title='bbox 3112 4169 3364 4246; x_wconf 78' lang='grc' dir='ltr'>πτωχοὺς</span> <span class='ocrx_word' id='word_1_728' title='bbox 3446 4166 3675 4246; x_wconf 4' lang='grc' dir='ltr'>μᾶλλον,</span> <span class='ocrx_word' id='word_1_729' title='bbox 3727 4169 3801 4231; x_wconf 77' lang='grc' dir='ltr'><strong>είς</strong></span> 
     </span>
    </p>
   </div>
   <div class='ocr_carea' id='block_1_104' title="bbox 2238 4245 3799 4329">
    <p class='ocr_par' dir='ltr' id='par_1_104' title="bbox 2238 4245 3799 4329">
     <span class='ocr_line' id='line_1_104' title="bbox 2238 4245 3799 4329; baseline -0.001 -25"><span class='ocrx_word' id='word_1_730' title='bbox 2238 4251 2300 4304; x_wconf 74' lang='grc' dir='ltr'><strong>τὸ</strong></span> <span class='ocrx_word' id='word_1_731' title='bbox 2370 4247 2586 4304; x_wconf 76' lang='grc' dir='ltr'>δεῖπνον</span> <span class='ocrx_word' id='word_1_732' title='bbox 2637 4245 2847 4323; x_wconf 70' lang='grc' dir='ltr'>καλεῖν,</span> <span class='ocrx_word' id='word_1_733' title='bbox 2909 4247 2943 4316; x_wconf 71' lang='grc' dir='ltr'><strong>ἢ</strong></span> <span class='ocrx_word' id='word_1_734' title='bbox 2997 4246 3175 4329; x_wconf 70' lang='grc' dir='ltr'>φίλους</span> <span class='ocrx_word' id='word_1_735' title='bbox 3265 4245 3394 4315; x_wconf 78' lang='grc' dir='ltr'>Περὶ</span> <span class='ocrx_word' id='word_1_736' title='bbox 3449 4254 3555 4304; x_wconf 84' lang='grc' dir='ltr'>τῶν</span> <span class='ocrx_word' id='word_1_737' title='bbox 3598 4245 3799 4304; x_wconf 87' lang='grc' dir='ltr'>καλου-</span> 
     </span>
    </p>
   </div>
   <div class='ocr_carea' id='block_1_105' title="bbox 2242 4326 3803 4406">
    <p class='ocr_par' dir='ltr' id='par_1_105' title="bbox 2242 4326 3803 4406">
     <span class='ocr_line' id='line_1_105' title="bbox 2242 4326 3803 4406; baseline -0.001 -22"><span class='ocrx_word' id='word_1_738' title='bbox 2242 4328 2413 4403; x_wconf 79' lang='grc' dir='ltr'>μένων</span> <span class='ocrx_word' id='word_1_739' title='bbox 2462 4328 2515 4384; x_wconf 78' lang='grc' dir='ltr'>ἐν</span> <span class='ocrx_word' id='word_1_740' title='bbox 2586 4336 2661 4403; x_wconf 82' lang='grc' dir='ltr'>τῷ</span> <span class='ocrx_word' id='word_1_741' title='bbox 2716 4327 2930 4402; x_wconf 80' lang='grc' dir='ltr'>δείπνῳ.</span> <span class='ocrx_word' id='word_1_742' title='bbox 3008 4326 3128 4404; x_wconf 86' lang='grc' dir='ltr'>Περὶ</span> <span class='ocrx_word' id='word_1_743' title='bbox 3247 4326 3532 4402; x_wconf 74' lang='grc' dir='ltr'>οἰκοδομῆς</span> <span class='ocrx_word' id='word_1_744' title='bbox 3606 4327 3803 4406; x_wconf 86' lang='grc' dir='ltr'>πύργου</span> 
     </span>
    </p>
   </div>
   <div class='ocr_carea' id='block_1_106' title="bbox 2249 4495 3801 4572">
    <p class='ocr_par' dir='ltr' id='par_1_106' title="bbox 2249 4495 3801 4572">
     <span class='ocr_line' id='line_1_106' title="bbox 2249 4495 3801 4572; baseline -0.001 -21"><span class='ocrx_word' id='word_1_745' title='bbox 2249 4521 2276 4551; x_wconf 75' lang='grc' dir='ltr'><strong>α</strong></span> <span class='ocrx_word' id='word_1_746' title='bbox 2341 4498 2434 4555; x_wconf 77' lang='grc' dir='ltr'><strong>Καὶ</strong></span> <span class='ocrx_word' id='word_1_747' title='bbox 2486 4495 2695 4572; x_wconf 77' lang='grc' dir='ltr'>ἐγένετο</span> <span class='ocrx_word' id='word_1_748' title='bbox 2731 4496 2785 4552; x_wconf 79' lang='grc' dir='ltr'>ἐν</span> <span class='ocrx_word' id='word_1_749' title='bbox 2828 4504 2905 4571; x_wconf 81' lang='grc' dir='ltr'>τῷ</span> <span class='ocrx_word' id='word_1_750' title='bbox 2934 4495 3188 4552; x_wconf 70' lang='grc' dir='ltr'>εἰσελθεῖν</span> <span class='ocrx_word' id='word_1_751' title='bbox 3222 4496 3375 4551; x_wconf 75' lang='grc' dir='ltr'>αὐτὸν</span> <span class='ocrx_word' id='word_1_752' title='bbox 3407 4496 3481 4559; x_wconf 72' lang='grc' dir='ltr'><strong>εἰς</strong></span> <span class='ocrx_word' id='word_1_753' title='bbox 3534 4496 3686 4551; x_wconf 55' lang='grc' dir='ltr'>οτκόηι</span> <span class='ocrx_word' id='word_1_754' title='bbox 3713 4516 3801 4550; x_wconf 90' lang='grc' dir='ltr'>τι-</span> 
     </span>
    </p>
   </div>
   <div class='ocr_carea' id='block_1_107' title="bbox 2163 4581 3802 4663">
    <p class='ocr_par' dir='ltr' id='par_1_107' title="bbox 2163 4581 3802 4663">
     <span class='ocr_line' id='line_1_107' title="bbox 2163 4581 3802 4663; baseline -0.001 -24"><span class='ocrx_word' id='word_1_755' title='bbox 2163 4608 2246 4649; x_wconf 80' lang='grc' dir='ltr'><strong>νος</strong></span> <span class='ocrx_word' id='word_1_756' title='bbox 2308 4591 2412 4641; x_wconf 81' lang='grc' dir='ltr'>τῶν</span> <span class='ocrx_word' id='word_1_757' title='bbox 2468 4584 2743 4663; x_wconf 80' lang='grc' dir='ltr'>ἀρχοντων</span> <span class='ocrx_word' id='word_1_758' title='bbox 2800 4589 2903 4640; x_wconf 82' lang='grc' dir='ltr'>τῶν</span> <span class='ocrx_word' id='word_1_759' title='bbox 2933 4585 3235 4663; x_wconf 81' lang='grc' dir='ltr'>Φαρισαίων</span> <span class='ocrx_word' id='word_1_760' title='bbox 3278 4581 3559 4656; x_wconf 75' lang='grc' dir='ltr'>Σαϐϐάτῳ,</span> <span class='ocrx_word' id='word_1_761' title='bbox 3609 4596 3802 4662; x_wconf 75' lang='grc' dir='ltr'>φαγεῖν</span> 
     </span>
    </p>
   </div>
   <div class='ocr_carea' id='block_1_108' title="bbox 2162 4672 3809 4752">
    <p class='ocr_par' dir='ltr' id='par_1_108' title="bbox 2162 4672 3809 4752">
     <span class='ocr_line' id='line_1_108' title="bbox 2162 4672 3809 4752; baseline -0.001 -24"><span class='ocrx_word' id='word_1_762' title='bbox 2162 4673 2339 4752; x_wconf 69' lang='grc' dir='ltr'>ἄρτον,</span> <span class='ocrx_word' id='word_1_763' title='bbox 2406 4674 2493 4728; x_wconf 85' lang='grc' dir='ltr'><strong>καὶ</strong></span> <span class='ocrx_word' id='word_1_764' title='bbox 2549 4674 2692 4728; x_wconf 83' lang='grc' dir='ltr'><strong>αὐτοὶ</strong></span> <span class='ocrx_word' id='word_1_765' title='bbox 2747 4674 2881 4741; x_wconf 79' lang='grc' dir='ltr'>ἦσαν</span> <span class='ocrx_word' id='word_1_766' title='bbox 2964 4675 3421 4752; x_wconf 79' lang='grc' dir='ltr'>παρατηρούμενοι</span> <span class='ocrx_word' id='word_1_767' title='bbox 3479 4672 3658 4734; x_wconf 76' lang='grc' dir='ltr'>αὐτόν,</span> <span class='ocrx_word' id='word_1_768' title='bbox 3709 4673 3809 4730; x_wconf 80' lang='grc' dir='ltr'><strong>Καὶ</strong></span> 
     </span>
    </p>
   </div>
   <div class='ocr_carea' id='block_1_109' title="bbox 2160 4760 3801 4840">
    <p class='ocr_par' dir='ltr' id='par_1_109' title="bbox 2160 4760 3801 4840">
     <span class='ocr_line' id='line_1_109' title="bbox 2160 4760 3801 4840; baseline 0.001 -21"><span class='ocrx_word' id='word_1_769' title='bbox 2160 4762 2266 4820; x_wconf 73' lang='grc' dir='ltr'>ἰδοὺ</span> <span class='ocrx_word' id='word_1_770' title='bbox 2316 4762 2584 4840; x_wconf 59' lang='grc' dir='ltr'>ἄνθρωπός</span> <span class='ocrx_word' id='word_1_771' title='bbox 2655 4783 2736 4824; x_wconf 90' lang='grc' dir='ltr'><strong>τις</strong></span> <span class='ocrx_word' id='word_1_772' title='bbox 2792 4766 2869 4828; x_wconf 86' lang='grc' dir='ltr'><strong>ῆν</strong></span> <span class='ocrx_word' id='word_1_773' title='bbox 2913 4760 3206 4840; x_wconf 80' lang='grc' dir='ltr'>ὑδρωπικὸς</span> <span class='ocrx_word' id='word_1_774' title='bbox 3271 4760 3562 4840; x_wconf 75' lang='grc' dir='ltr'>ἔμπροσθεν</span> <span class='ocrx_word' id='word_1_775' title='bbox 3621 4764 3801 4822; x_wconf 66' lang='grc' dir='ltr'>αὐτοῦ.</span> 
     </span>
    </p>
   </div>
   <div class='ocr_carea' id='block_1_110' title="bbox 2160 4848 3796 4930">
    <p class='ocr_par' dir='ltr' id='par_1_110' title="bbox 2160 4848 3796 4930">
     <span class='ocr_line' id='line_1_110' title="bbox 2160 4848 3796 4930; baseline -0.002 -22"><span class='ocrx_word' id='word_1_776' title='bbox 2160 4850 2263 4913; x_wconf 83' lang='grc' dir='ltr'><strong>Καὶ</strong></span> <span class='ocrx_word' id='word_1_777' title='bbox 2315 4852 2611 4930; x_wconf 81' lang='grc' dir='ltr'>ἀποκριθεὶς</span> <span class='ocrx_word' id='word_1_778' title='bbox 2668 4853 2696 4906; x_wconf 87' lang='grc' dir='ltr'><strong>ὁ</strong></span> <span class='ocrx_word' id='word_1_779' title='bbox 2750 4849 2953 4917; x_wconf 82' lang='grc' dir='ltr'>ἰησοῦς</span> <span class='ocrx_word' id='word_1_780' title='bbox 3014 4865 3135 4907; x_wconf 76' lang='grc' dir='ltr'>ετπε</span> <span class='ocrx_word' id='word_1_781' title='bbox 3169 4853 3299 4929; x_wconf 80' lang='grc' dir='ltr'>πρὸς</span> <span class='ocrx_word' id='word_1_782' title='bbox 3328 4851 3450 4914; x_wconf 87' lang='grc' dir='ltr'>τοὺς</span> <span class='ocrx_word' id='word_1_783' title='bbox 3481 4848 3796 4927; x_wconf 79' lang='grc' dir='ltr'>Φαρισαίους</span> 
     </span>
    </p>
   </div>
   <div class='ocr_carea' id='block_1_111' title="bbox 2157 4935 3796 5019">
    <p class='ocr_par' dir='ltr' id='par_1_111' title="bbox 2157 4935 3796 5019">
     <span class='ocr_line' id='line_1_111' title="bbox 2157 4935 3796 5019; baseline -0.004 -20"><span class='ocrx_word' id='word_1_784' title='bbox 2157 4945 2243 4999; x_wconf 80' lang='grc' dir='ltr'>καὶ</span> <span class='ocrx_word' id='word_1_785' title='bbox 2303 4941 2572 5015; x_wconf 67' lang='grc' dir='ltr'>νομικοὺς,</span> <span class='ocrx_word' id='word_1_786' title='bbox 2648 4939 2841 5018; x_wconf 82' lang='grc' dir='ltr'>λέγων·</span> <span class='ocrx_word' id='word_1_787' title='bbox 2891 4944 2947 4997; x_wconf 76' lang='lat' dir='ltr'><strong>Ei</strong></span> <span class='ocrx_word' id='word_1_788' title='bbox 3022 4939 3187 5005; x_wconf 74' lang='grc' dir='ltr'>ἔξεστι</span> <span class='ocrx_word' id='word_1_789' title='bbox 3216 4939 3517 5019; x_wconf 78' lang='grc' dir='ltr'>θεραπεύειν</span> <span class='ocrx_word' id='word_1_790' title='bbox 3562 4940 3616 4995; x_wconf 77' lang='grc' dir='ltr'>ἐν</span> <span class='ocrx_word' id='word_1_791' title='bbox 3649 4935 3796 4994; x_wconf 88' lang='grc' dir='ltr'>Σαϐ-</span> 
     </span>
    </p>
   </div>
   <div class='ocr_carea' id='block_1_112' title="bbox 2154 5027 3800 5110">
    <p class='ocr_par' dir='ltr' id='par_1_112' title="bbox 2154 5027 3800 5110">
     <span class='ocr_line' id='line_1_112' title="bbox 2154 5027 3800 5110; baseline -0.002 -23"><span class='ocrx_word' id='word_1_792' title='bbox 2154 5029 2344 5105; x_wconf 74' lang='grc' dir='ltr'>ϐατῳ;</span> <span class='ocrx_word' id='word_1_793' title='bbox 2410 5032 2469 5088; x_wconf 82' lang='grc' dir='ltr'><strong>Οἱ</strong></span> <span class='ocrx_word' id='word_1_794' title='bbox 2528 5028 2582 5085; x_wconf 78' lang='grc' dir='ltr'><strong>δὲ</strong></span> <span class='ocrx_word' id='word_1_795' title='bbox 2658 5028 2958 5110; x_wconf 64' lang='grc' dir='ltr'>ἤσύχασαιι·</span> <span class='ocrx_word' id='word_1_796' title='bbox 3023 5029 3129 5091; x_wconf 86' lang='grc' dir='ltr'><strong>Καὶ</strong></span> <span class='ocrx_word' id='word_1_797' title='bbox 3188 5027 3571 5105; x_wconf 82' lang='grc' dir='ltr'>ἐπιλαϐόμενος</span> <span class='ocrx_word' id='word_1_798' title='bbox 3613 5030 3800 5083; x_wconf 78' lang='grc' dir='ltr'>ἱάσατο</span> 
     </span>
    </p>
   </div>
   <div class='ocr_carea' id='block_1_113' title="bbox 2155 5117 3797 5198">
    <p class='ocr_par' dir='ltr' id='par_1_113' title="bbox 2155 5117 3797 5198">
     <span class='ocr_line' id='line_1_113' title="bbox 2155 5117 3797 5198; baseline 0 -20"><span class='ocrx_word' id='word_1_799' title='bbox 2155 5124 2333 5193; x_wconf 63' lang='grc' dir='ltr'>αὺτὸν,</span> <span class='ocrx_word' id='word_1_800' title='bbox 2395 5122 2482 5176; x_wconf 89' lang='grc' dir='ltr'>καὶ</span> <span class='ocrx_word' id='word_1_801' title='bbox 2547 5118 2802 5179; x_wconf 70' lang='grc' dir='ltr'>ἀπέλυσε.</span> <span class='ocrx_word' id='word_1_802' title='bbox 2879 5122 2973 5177; x_wconf 79' lang='grc' dir='ltr'>Καὶ</span> <span class='ocrx_word' id='word_1_803' title='bbox 3062 5118 3360 5198; x_wconf 83' lang='grc' dir='ltr'>ἀποκριθεὶς</span> <span class='ocrx_word' id='word_1_804' title='bbox 3428 5119 3558 5198; x_wconf 75' lang='grc' dir='ltr'>πρὸς</span> <span class='ocrx_word' id='word_1_805' title='bbox 3612 5117 3797 5178; x_wconf 75' lang='grc' dir='ltr'>αὐτοὺς</span> 
     </span>
    </p>
   </div>
   <div class='ocr_carea' id='block_1_114' title="bbox 2156 5209 3799 5289">
    <p class='ocr_par' dir='ltr' id='par_1_114' title="bbox 2156 5209 3799 5289">
     <span class='ocr_line' id='line_1_114' title="bbox 2156 5209 3799 5289; baseline -0.003 -22"><span class='ocrx_word' id='word_1_806' title='bbox 2156 5213 2301 5268; x_wconf 74' lang='grc' dir='ltr'>εἷπε·</span> <span class='ocrx_word' id='word_1_807' title='bbox 2353 5210 2502 5272; x_wconf 85' lang='grc' dir='ltr'>Τίνος</span> <span class='ocrx_word' id='word_1_808' title='bbox 2560 5210 2708 5284; x_wconf 82' lang='grc' dir='ltr'>ὑμῶν</span> <span class='ocrx_word' id='word_1_809' title='bbox 2750 5209 2867 5274; x_wconf 74' lang='grc' dir='ltr'>ὄνος</span> <span class='ocrx_word' id='word_1_810' title='bbox 2896 5209 2930 5277; x_wconf 75' lang='grc' dir='ltr'>ἣ</span> <span class='ocrx_word' id='word_1_811' title='bbox 2975 5211 3097 5285; x_wconf 81' lang='grc' dir='ltr'>βοῦς</span> <span class='ocrx_word' id='word_1_812' title='bbox 3129 5211 3201 5273; x_wconf 78' lang='grc' dir='ltr'><strong>εἰς</strong></span> <span class='ocrx_word' id='word_1_813' title='bbox 3246 5210 3407 5289; x_wconf 75' lang='grc' dir='ltr'>φρέαρ</span> <span class='ocrx_word' id='word_1_814' title='bbox 3458 5209 3799 5284; x_wconf 73' lang='grc' dir='ltr'>ἐμπεσεῖται,</span> 
     </span>
    </p>
   </div>
   <div class='ocr_carea' id='block_1_115' title="bbox 2156 5297 3806 5377">
    <p class='ocr_par' dir='ltr' id='par_1_115' title="bbox 2156 5297 3806 5377">
     <span class='ocr_line' id='line_1_115' title="bbox 2156 5297 3806 5377; baseline -0.004 -19"><span class='ocrx_word' id='word_1_815' title='bbox 2156 5304 2243 5358; x_wconf 80' lang='grc' dir='ltr'><strong>καὶ</strong></span> <span class='ocrx_word' id='word_1_816' title='bbox 2295 5302 2389 5358; x_wconf 74' lang='grc' dir='ltr'><strong>οὒκ</strong></span> <span class='ocrx_word' id='word_1_817' title='bbox 2446 5298 2632 5362; x_wconf 73' lang='grc' dir='ltr'>εὐθέως</span> <span class='ocrx_word' id='word_1_818' title='bbox 2690 5299 2983 5356; x_wconf 85' lang='grc' dir='ltr'>ἀνασπάσει</span> <span class='ocrx_word' id='word_1_819' title='bbox 3055 5300 3210 5357; x_wconf 72' lang='grc' dir='ltr'>αὖτὸν</span> <span class='ocrx_word' id='word_1_820' title='bbox 3260 5300 3314 5355; x_wconf 82' lang='grc' dir='ltr'>ἐν</span> <span class='ocrx_word' id='word_1_821' title='bbox 3360 5305 3429 5376; x_wconf 75' lang='grc' dir='ltr'><strong>τῇ</strong></span> <span class='ocrx_word' id='word_1_822' title='bbox 3489 5297 3663 5377; x_wconf 78' lang='grc' dir='ltr'>ἡμέρᾳ</span> <span class='ocrx_word' id='word_1_823' title='bbox 3711 5302 3806 5353; x_wconf 81' lang='grc' dir='ltr'>τοῦ</span> 
     </span>
    </p>
   </div>
   <div class='ocr_carea' id='block_1_116' title="bbox 2158 5385 3808 5469">
    <p class='ocr_par' dir='ltr' id='par_1_116' title="bbox 2158 5385 3808 5469">
     <span class='ocr_line' id='line_1_116' title="bbox 2158 5385 3808 5469; baseline -0.004 -22"><span class='ocrx_word' id='word_1_824' title='bbox 2158 5388 2479 5469; x_wconf 70' lang='grc' dir='ltr'>Σαϐϐἀτους</span> <span class='ocrx_word' id='word_1_825' title='bbox 2545 5390 2639 5446; x_wconf 81' lang='grc' dir='ltr'>Καὶ</span> <span class='ocrx_word' id='word_1_826' title='bbox 2709 5394 2804 5448; x_wconf 74' lang='grc' dir='ltr'><strong>οὒκ</strong></span> <span class='ocrx_word' id='word_1_827' title='bbox 2870 5391 3105 5469; x_wconf 66' lang='grc' dir='ltr'>’ἰσχηαν</span> <span class='ocrx_word' id='word_1_828' title='bbox 3168 5388 3608 5467; x_wconf 86' lang='grc' dir='ltr'>ἀνταποκριθῆναι</span> <span class='ocrx_word' id='word_1_829' title='bbox 3664 5385 3808 5459; x_wconf 75' lang='grc' dir='ltr'><strong>αὒτῷ</strong></span> 
     </span>
    </p>
   </div>
   <div class='ocr_carea' id='block_1_117' title="bbox 2161 5477 3807 5561">
    <p class='ocr_par' dir='ltr' id='par_1_117' title="bbox 2161 5477 3807 5561">
     <span class='ocr_line' id='line_1_117' title="bbox 2161 5477 3807 5561; baseline -0.004 -22"><span class='ocrx_word' id='word_1_830' title='bbox 2161 5484 2291 5561; x_wconf 77' lang='grc' dir='ltr'>πρὸς</span> <span class='ocrx_word' id='word_1_831' title='bbox 2340 5481 2524 5541; x_wconf 68' lang='grc' dir='ltr'>ταῦτα,</span> <span class='ocrx_word' id='word_1_832' title='bbox 2569 5502 2590 5533; x_wconf 75' lang='grc' dir='ltr'><strong><em>ι</em></strong></span> <span class='ocrx_word' id='word_1_833' title='bbox 2658 5479 2713 5535; x_wconf 80' lang='grc' dir='ltr'>Εἰ</span> <span class='ocrx_word' id='word_1_834' title='bbox 2770 5482 2857 5535; x_wconf 85' lang='grc' dir='ltr'>καὶ</span> <span class='ocrx_word' id='word_1_835' title='bbox 2930 5479 3192 5558; x_wconf 73' lang='grc' dir='ltr'>ἐγίνωσκε.</span> <span class='ocrx_word' id='word_1_836' title='bbox 3249 5482 3310 5536; x_wconf 81' lang='grc' dir='ltr'>τὸ</span> <span class='ocrx_word' id='word_1_837' title='bbox 3366 5477 3650 5556; x_wconf 82' lang='grc' dir='ltr'>δύστροπον</span> <span class='ocrx_word' id='word_1_838' title='bbox 3697 5483 3807 5533; x_wconf 80' lang='grc' dir='ltr'>τῶν</span> 
     </span>
    </p>
   </div>
  </div>
