4132 6298
211 275 327 347 929

911 277 1354 348 ENARRATIO
1400 282 1480 348 IN
1529 276 2036 347 EVANGELIUM
2083 272 2321 343 LUCzE.
2369 315 2445 327 —-
2486 278 2650 344 CAP.
2698 275 2860 345 XIV.

3467 282 3587 349 930

209 417 505 496 Φαρισαίων
562 414 596 473 6⁸
664 418 874 497 Κύριος,
946 417 1093 494 ὅμως
1117 419 1260 476 εἰσίει
1291 422 1364 484 είς
1388 420 1508 484 τοὺς
1540 418 1723 482 οἴκους
1756 418 1855 474 αὒ-

1954 414 2098 475 εηίιη
2124 416 2175 475 ei
2200 414 2671 476 eratanimarum
2693 413 3004 487 utilitas,et
3023 422 3335 494 propterea
3362 416 3586 491 ingres-

210 512 335 563 τῶν·
395 504 654 585 ὠφελείας
701 508 802 586 γὰρ
833 513 1025 587 ψυχῶν
1074 511 1363 589 ἐφρόντιζε,
1412 510 1498 566 καὶ
1558 506 1641 563 διὰ
1698 514 1852 565 τοῦτο

1954 522 2035 563 :us
2068 499 2529 565 est.Potuissent
2551 502 2707 564 enim
2742 502 2832 562 vel
2866 520 2935 562 ex
2967 502 3238 563 doctrina
3268 512 3325 563 et
3354 524 3581 565 sermo-

212 597 516 674 εἰσήρχετοο
584 594 618 663 ἥ
678 597 779 674 γὰρ
850 597 910 654 ἐκ
982 596 1143 675 λόγου
1173 600 1261 654 καὶ
1293 596 1654 669 διδασκαλίας,
1706 596 1741 663 ἧ
1797 595 1855 652 ἐκ

212 687 446 759 σημείων
521 681 815 749 ἐπιδείξεως
899 683 1116 742 δτνατὸν
1172 688 1237 755 ἦν
1283 688 1463 752 αὐτοῦς
1504 684 1851 765 ὠφελεῖσθαι,

212 772 329 850 εἴγε
377 768 687 840 ἠϐούλοντο.
737 772 1090 852 Παρελθόντος
1123 778 1211 831 οὖν
1267 778 1338 839 εἰς
1371 775 1534 851 μέσον
1562 785 1655 833 τοῦ
1682 772 1853 853 ὓδρω-

211 867 389 934 πικοῦ,
452 862 480 915 6
543 862 726 938 Κύριος
760 863 820 918 οὗ
849 869 1005 918 τοῦτο
1034 862 1360 937 ἐσκόπησεν,
1392 862 1537 926 ὅπως
1579 864 1656 938 μὴ
1685 884 1853 919 σκαν-

211 946 399 1025 δαλίσῃ
457 951 669 1024 αὐτοὺς,
716 950 839 1008 ἀλλ’
899 950 1044 1017 ὅπως
1087 952 1408 1032 εὖεργετήσῃ
1455 953 1541 1009 τὸν
1580 953 1855 1031 θεραπείας

212 1035 484 1110 δεόμενον.
562 1049 660 1095 Δεῖ
715 1041 813 1118 γὰρ
863 1043 1031 1116 ἡμᾶς,
1080 1040 1199 1098 ἔνθα
1275 1041 1504 1121 ὠφέλεια
1573 1042 1856 1097 ἆνακύπτει

214 1124 359 1201 μάλα
410 1126 611 1206 πολλὴ,
686 1129 764 1204 μὴ
814 1130 1103 1208 φροντίζειν
1133 1137 1241 1186 τῶν
1298 1131 1538 1201 ἀνοήτως
1583 1128 1861 1185 σκανδαλι-

212 1214 472 1289 ζομένων,
533 1216 783 1297 Ἐλέγχει
841 1215 894 1272 δὲ
946 1218 1044 1285 τὴν
1094 1218 1391 1298 ἆφροσύσιγ,ν
1449 1226 1552 1274 τῶν
1609 1216 1859 1295 ἐγκαλεῖν

212 1301 520 1377 μελλόντων
585 1305 749 1385 αύτῷ,
808 1304 888 1361 διὸ
955 1308 1041 1363 καὶ
1085 1306 1277 1387 ἐρωτᾷ,
1314 1310 1370 1364 Εἰ
1414 1306 1576 1373 ἔξεστι
1603 1313 1681 1380 τῷ
1710 1303 1857 1362 Σαϐ-

212 1389 359 1465 ϐάτῳ
424 1383 749 1471 θεραπεύειν,
817 1394 853 1463 ἣ
899 1395 958 1453 οὔ
1007 1418 1024 1465 ;
1085 1383 1218 1469 Ἆρα
1262 1383 1374 1476 ’γὰρ
1456 1400 1515 1454 ού
1580 1400 1859 1475 προφανῶς

211 1480 484 1559 καταγελᾷ
539 1482 712 1538 αὐτῶν
754 1487 828 1547 ὡς
870 1484 1110 1555 ἀνοήτων
1147 1505 1163 1558 ;
1194 1485 1309 1563 εἴγε
1338 1492 1431 1542 τοῦ
1464 1493 1594 1542 Θεοῦ
1620 1486 1681 1541 τὸ
1712 1482 1860 1539 Σάϐ-

211 1566 376 1627 ϐατον
437 1570 850 1650 εὖλογήσαντος,
924 1575 1067 1632 αὖτοὶ
1144 1573 1437 1631 κωλύουσιν
1517 1574 1859 1653 ἆγαθοποιεϊν

212 1659 272 1714 ἐν
330 1659 520 1739 τούτῳ,
570 1662 658 1717 καὶ
706 1667 945 1718 ποιοῦσιν
1006 1664 1130 1721 αὐτὸ
1189 1663 1401 1727 πάντως
1436 1661 1861 1737 ἐπικατᾶρατονς

215 1738 286 1803 Ἦ
335 1748 435 1826 γὰρ
475 1738 649 1827 ἡμέρα
715 1750 750 1818 ἡ
822 1749 987 1825 μηδὲν
1047 1750 1195 1830 ἔργον
1240 1751 1435 1829 ἀγαθὸν
1478 1750 1858 1831 ἐπιδεχομένη,

213 1840 317 1895 οὒκ
370 1835 727 1915 εὔλογημένη,
802 1836 954 1896 Ἀλλ’
1010 1841 1150 1896 οὗτοί
1180 1861 1241 1919 γε
1285 1841 1498 1918 γνόντες
1550 1840 1672 1897 ὅποι
1722 1841 1863 1919 φέρει

212 1927 283 1982 τὸ
338 1924 612 2003 ἐρώτημα,
670 1928 976 2008 ἡσύχασαν
1026 1930 1147 1986 τότε
1179 1930 1245 1997 δὴ
1277 1932 1304 1986 6
1338 1929 1545 1997 Ἰησοῦς
1577 1931 1635 1986 τὸ
1666 1930 1864 1985 οἰκεῖον

214 2027 392 2089 ποιεῖ,
450 2017 538 2071 καὶ
594 2014 678 2072 διὰ
745 2017 842 2085 τῆς
906 2018 1046 2096 ἁφῆς
1076 2019 1216 2075 ίᾶται
1249 2020 1341 2075 τὸν
1400 2018 1690 2096 ἄνθρωπον·
1741 2017 1864 2073 εἷτα

213 2106 310 2161 καὶ
363 2105 484 2167 τοὺς
548 2107 861 2183 Φαρισαίους
921 2106 1156 2185 ἐντρέπει
1186 2106 1270 2163 διὰ
1317 2109 1524 2189 τούτου,
1576 2108 1865 2186 μονονουχὶ

213 2201 437 2252 τοιαῦτα
465 2192 637 2272 λέγων
689 2196 895 2258 αὐτοῖς’
954 2197 1011 2253 Ei
1060 2195 1357 2252 κεκώλυκεν
1387 2199 1415 2253 6
1472 2199 1634 2272 νόμος
1692 2194 1864 2251 ἐλεεῖν

216 2281 276 2338 ἐν
338 2280 616 2357 Σαϐϐάτῳ,
677 2284 754 2359 μὴ
827 2286 1109 2365 φροντίσῃς
1196 2289 1305 2342 υἱοῦ
1373 2284 1757 2350 κινδυνεύοντος
1814 2285 1867 2341 ἐν

215 2368 483 2445 Σαϐϐάτῳ
533 2391 550 2445 ;
583 2373 678 2431 Καὶ
707 2374 757 2428 τί
785 2372 924 2452 λέγω
950 2378 1060 2431 υἱοῦ
1093 2397 1109 2447 ;
1142 2378 1271 2431 ὃπου
1316 2373 1430 2434 οὐδὲ
1461 2376 1583 2449 βοῦν
1624 2373 1865 2445 ἀϐοήθη-

215 2480 317 2516 ⁴εον
369 2460 708 2537 καταλείψεις
738 2464 782 2518 εί
839 2461 1197 2520 κινδυνεύεντα
1226 2464 1400 2539 dibu;
1453 2469 1571 2527 Πῶς
1627 2462 1715 2519 οῦν
1775 2468 1868 2522 οῦκ

214 2549 451 2616 ἆνόητον
503 2556 922 2629 παρατηρεῖσθαι
979 2556 1079 2619 τὴν
1119 2560 1212 2609 τοῦ
1266 2552 1560 2629 ὑδρωπικοῠ
1589 2554 1865 2631 θεραπείαν

214 2636 281 2692 ἔν
331 2634 639 2713 Σαϐϐάτῳ;
705 2631 1026 2719 ἰ’δρωπικός
1078 2645 1188 2697 ἐστι
1218 2642 1307 2698 καὶ
1362 2650 1466 2705 πᾶς
1533 2642 1587 2705 ὅς
1646 2640 1730 2697 διὰ
1773 2648 1866 2697 τοῦ

216 2725 505 2800 ἀνειμένου
572 2728 686 2804 βίου
766 2730 854 2785 καὶ
902 2730 1059 2808 ὑγροῦ
1108 2731 1246 2787 κατὰ
1276 2731 1461 2811 ψυχὴν
1504 2732 1733 2801 νοσήσας
1758 2729 1867 2786 δει-

217 2819 352 2894 νῶς,
414 2813 584 2872 δεῖται
644 2824 883 2896 Χριστοῦ,
918 2820 1101 2875 οὐκοῦν
1155 2822 1242 2900 καὶ
1312 2822 1777 2900 θεραπευθήσεται,
1820 2820 1865 2874 εί

219 2903 519 2981 ἶμπροσθεν
577 2912 802 2985 Χριστοῦ
858 2907 1101 2985 γένηται,
1170 2899 1227 2965 Ὀ
1284 2911 1384 2988 γὰρ
1415 2909 1706 2989 ἔμπροσθεν
1736 2915 1866 2965 Θεοῦ

221 2996 366 3049 εἶναι
423 2993 615 3051 ἐννοῶν
669 2996 770 3071 ἀεὶ,
827 2999 914 3053 καὶ
958 2995 1082 3076 παρ’
1126 2996 1283 3057 αὐτοῦ
1338 3000 1574 3078 ὁρᾶσθαι,
1606 2996 1867 3078 ἐλάχιστα

220 3081 587 3160 ἁμαρτήσεται
598 3132 613 3146 ,

320 3193 349 3225 α
418 3169 627 3250 ’Ἔλεγε
693 3170 746 3228 δὲ
787 3174 919 3252 πρὸς
961 3175 1082 3239 τοὺς
1125 3173 1485 3251 κεκλημένους
1532 3174 1926 3260 παραϐολὴν,ο

218 3258 445 3339 ἐπέχων
513 3266 629 3326 πῶς
690 3262 783 3343 τὰς
859 3262 1247 3341 πρωτοκλισίας
1324 3263 1648 3343 ἐξελέγοντο,
1699 3264 1868 3342 λέγων

220 3351 361 3427 πρὸς
420 3350 629 3414 αὐτοὺς·
693 3341 877 3408 εὈταν
933 3352 1134 3430 κληθῇς
1160 3354 1261 3410 ὑπό
1290 3376 1432 3419 τινος
1462 3341 1536 3419 είς
1566 3341 1869 3433 γάμον,μὴ

220 3436 551 3513 κατακλιθῇς
600 3440 670 3504 είς
699 3440 799 3507 τὴν
840 3440 1249 3520 πρωτοκλισίαν,
1283 3443 1489 3519 μήποτε
1535 3442 1869 3522 ιντιμότερός

221 3549 326 3585 σου
463 3526 790 3603 κεκλημένος
839 3527 928 3585 ὑπ’
987 3531 1164 3610 αῦτοῦ,
1196 3533 1285 3588 καὶ
1310 3530 1475 3588 ἐλθών
1507 3531 1533 3587 ὁ
1560 3531 1618 3587 σέ
1647 3532 1734 3588 καὶ
1768 3534 1870 3590 αὖ·

222 3618 322 3673 τὸν
381 3614 639 3695 καλέσας,
711 3617 823 3697 ἐρεῖ
878 3640 984 3698 σοι,
1047 3621 1147 3682 Δὸς
1209 3620 1379 3692 τούτῳ
1405 3620 1593 3693 τόπον,
1634 3622 1722 3676 καὶ
1750 3621 1869 3676 τότε

224 3704 363 3781 ἄρξῃ
417 3705 535 3781 μετ’
566 3708 824 3787 αἰσχύνης
857 3710 949 3764 τὸν
979 3706 1211 3787 ἔσχατον
1253 3709 1414 3765 τόπον
1443 3709 1717 3790 κατέχειν·
1751 3706 1871 3765 ἀλλ’

225 3794 360 3852 ὅταν
414 3793 644 3873 κληθῇς,
704 3797 971 3875 πορευθεὶς
1023 3797 1286 3854 ἀνάπεσον
1352 3800 1423 3862 είς
1482 3800 1571 3855 τὸν
1642 3797 1872 3878 ἔσχατον

225 3884 418 3957 τόπον,
449 3883 542 3940 ’ἵνα
568 3884 695 3941 ὅταν
736 3883 863 3961 ἔλθῃ
907 3886 935 3941 ό
972 3885 1250 3953 κεκληκώς
1281 3909 1362 3966 σε,
1418 3884 1549 3963 εἴπῃ
1580 3905 1683 3944 σοι’
1718 3886 1870 3963 Φίλε,

225 3971 595 4051 προσανάϐηθι
654 3973 936 4053 ἀνώτερον⁶
995 3974 1115 4030 τότε
1146 3973 1292 4032 ’έσται
1342 3998 1424 4032 σοι
1481 3973 1601 4040 δόξα
1653 3976 1877 4032 ἐνώπιον

227 4067 342 4118 τῶν
418 4061 871 4133 συνανακειμένων
942 4086 1050 4139 σοι,
1107 4062 1188 4120 ὅτι
1246 4069 1354 4134 πῆς
1412 4068 1440 4121 6
1494 4066 1641 4139 ὑψῶν
1695 4066 1877 4120 ἑαυτὸν

234 4152 723 4221 ταπεινωθήσεται.
758 4153 847 4208 καὶ
879 4153 906 4208 ό
928 4159 1190 4209 ταπεινῶν
1248 4154 1430 4210 ἑαυτὸν
1458 4154 1819 4230 ὑψωθήσεται.
1848 4175 1871 4209 ι

231 4240 395 4316 Ὀρᾷς
447 4241 514 4296 τὰ
596 4238 784 4298 δεῖπνα
854 4247 948 4297 υοῦ
1007 4245 1234 4321 Χριστοῦ
1286 4244 1418 4300 ποτά
1446 4242 1563 4299 τινά
1618 4244 1770 4322 εἰσιν,
1803 4245 1876 4306 είς

232 4328 497 4409 ὠφέλειαν
563 4334 779 4409 ψυχῶν,
830 4330 924 4388 οὒκ
977 4332 1051 4393 είς
1121 4331 1276 4412 κόρον
1306 4333 1531 4410 γαστρὸς
1580 4330 1881 4411 καταστρέ-

1937 610 2034 664 ne,
2059 592 2154 652 'vel
2188 610 2258 652 ex
2291 591 2632 653 ostensione
2660 590 3085 651 miraculorum
3118 592 3429 654 utilitatem
3456 613 3582 673 per-

1937 680 2245 759 cepisse,si
2264 681 2501 760 quidem
2526 678 3057 742 voluissent.Porro
3076 700 3210 740 cum
3230 681 3289 742 in
3322 684 3582 745 medium

1940 772 2194 830 venisset
2225 768 2608 848 hydropicus,
2646 787 2760 829 non
2802 768 2912 829 hoc
2944 769 3337 831 consideravit
3378 771 3584 834 Domi-

1940 876 2071 925 nus,
2100 858 2396 937 quomodo
2431 876 2543 918 non
2575 857 2906 918 offenderet
2936 857 3117 936 ipsos,
3153 859 3255 919 sed
3290 862 3585 939 quomodo

1939 956 2175 1007 sanaret
2204 965 2338 1007 eum
2373 947 2473 1026 qui
2509 965 2652 1007 cura
2684 964 2790 1006 sua
2818 945 3399 1026 iudigebat.0portet
3428 951 3584 1010 enim

1944 1054 2051 1095 nos
2082 1035 2181 1096 ubi
2214 1053 2422 1113 magna
2448 1042 2786 1115 prospectat
2814 1034 3041 1095 utilitas
3072 1055 3187 1096 non
3219 1055 3425 1098 curare
3447 1039 3589 1099 insi-

1943 1124 2170 1204 pientes
2212 1123 2313 1204 qui
2359 1122 2855 1185 scandulizantur.
2916 1123 3112 1201 Arguit
3174 1136 3371 1187 autem
3439 1127 3588 1187 insi-

1945 1213 2223 1293 pientiam
2258 1230 2461 1273 eorum
2494 1213 2595 1292 qui
2645 1212 3072 1291 reprehensuri
3107 1222 3297 1288 erant,
3332 1214 3586 1295 ideoque

1940 1302 2292 1379 interrogat:
2318 1301 2557 1361 Licetne
2591 1300 2845 1363 Sabbato
2897 1320 3105 1361 sanare
3143 1320 3217 1361 an
3241 1302 3393 1362 non?
3418 1305 3587 1365 Non-

1945 1408 2019 1450 ne
2060 1390 2369 1450 manifeste
2401 1390 2607 1450 irridet
2646 1409 2747 1450 eos
2785 1401 2843 1449 ut
2875 1391 3257 1470 insipientes?
3281 1391 3590 1472 Siquidem

1945 1496 2077 1539 cum
2105 1482 2260 1539 Deus
2283 1476 2601 1540 Sabbatum
2649 1478 3047 1555 benedixerit,
3090 1481 3198 1559 ipsi
3242 1480 3594 1544 benefacere

1948 1566 2265 1646 prohibent
2289 1568 2347 1628 in
2380 1588 2473 1635 eo,
2508 1579 2563 1627 et
2595 1586 2701 1648 per
2732 1569 2843 1629 hoc
2879 1568 3102 1629 faciunt
3124 1570 3367 1630 omnino
3398 1572 3589 1632 male-

1946 1657 2165 1717 dictum
2189 1663 2216 1718 ?
2247 1657 2376 1718 Non
2405 1658 2560 1717 enim
2587 1654 2936 1717 benedictus
2969 1668 3057 1718 est
3087 1657 3215 1718 dies
3257 1659 3318 1720 in
3350 1678 3463 1739 quo
3496 1662 3592 1720 ni-

1950 1747 2027 1806 hil
2081 1746 2220 1806 boni
2255 1746 2381 1806 fieri
2413 1745 2621 1806 soleat.
2668 1749 2739 1806 At
2770 1764 2901 1806 cum
2937 1745 2995 1806 hi
3024 1746 3281 1806 scientes
3307 1767 3423 1826 quo
3455 1758 3591 1809 ten-

1950 1834 2121 1895 deret
2172 1837 2573 1915 interrogatio,
2629 1834 2946 1907 siluerunt,
3010 1843 3147 1895 tunc
3193 1833 3369 1896 Jesus
3433 1837 3588 1916 quod

1946 1942 2116 1984 suum
2151 1933 2275 1985 erat
2306 1924 2528 2003 facit,et
2558 1931 2831 1984 contactu
2865 1932 3029 1983 sanat
3058 1923 3360 1985 hominem
3392 1924 3593 1987 :dein-

1946 2012 2022 2074 de
2050 2018 2226 2073 etiam
2284 2012 2613 2075 Pharisaeos
2649 2013 3009 2073 erubescere
3067 2013 3223 2088 facit,
3258 2015 3425 2094 quasi
3457 2015 3595 2077 talia

1947 2101 2173 2164 diceret
2194 2102 2301 2163 eis:
2335 2101 2395 2163 Si
2431 2101 2827 2182 prohibuisset
2848 2102 2942 2162 lex
2976 2101 3247 2179 misereri
3270 2103 3329 2163 in
3358 2102 3584 2165 Sabba-

1949 2199 2029 2263 to,
2057 2208 2172 2252 non
2202 2208 2360 2252 cura}
2393 2191 2500 2251 tibi
2531 2190 2738 2253 fuisset
2768 2191 2817 2251 si
2850 2190 3004 2251 ﬁlius
3046 2199 3178 2251 tuus
3231 2192 3592 2271 periclitatus

1949 2278 2156 2341 fuisset
2175 2280 2234 2339 in
2261 2278 2770 2359 Sabbato?thuid
2798 2278 2932 2340 dico
2957 2279 3137 2340 ﬁlius?
3167 2299 3358 2360 neque
3382 2282 3588 2343 bovem

1952 2368 2295 2448 reliquisses
2323 2368 2549 2448 absque
2590 2368 2906 2447 adjutorio,
2944 2367 2991 2428 si
3024 2367 3454 2448 periclitantem
3494 2371 3588 2432 vi-

1950 2456 2164 2519 disses.
2200 2458 2509 2529 Quomodo
2540 2456 2720 2535 igitur
2776 2476 2892 2516 non
2942 2458 3181 2517 stultum
3230 2457 3590 2540 fueritquod

1951 2543 2281 2606 observatis
2314 2545 2678 2606 sanationem
2719 2544 3020 2623 hydrOpici
3053 2545 3111 2604 in
3142 2544 3426 2606 Sabbato?
3455 2548 3593 2608 394

1947 2631 2317 2712 Hydropicus
2348 2642 2437 2693 est
2466 2632 2663 2693 omnis
2684 2633 2784 2712 qui
2819 2651 2925 2712 per
2955 2633 3300 2694 dissolutam
3325 2635 3502 2695 vitam
3534 2652 3594 2696 et

1948 2720 2237 2783 lubricam
2270 2721 2467 2782 anima
2497 2740 2601 2782 sua
2630 2722 2884 2799 graviter
2912 2724 3279 2801 aagrotat,qui
3308 2730 3369 2786 et
3399 2724 3592 2786 Chris-

1949 2819 2004 2869 to
2055 2810 2276 2888 indiget
2309 2831 2322 2873 :
2359 2819 2416 2871 et
2446 2810 2748 2871 sanabitur
2798 2810 2997 2889 plane,
3034 2811 3080 2871 si
3112 2821 3251 2872 ante
3291 2813 3590 2875 Christum

1948 2898 2147 2960 fuerit.
2175 2898 2318 2960 Nam
2341 2900 2443 2979 qui
2476 2917 2541 2960 se
2570 2907 2705 2959 ante
2736 2898 3035 2960 Christum
3070 2918 3201 2961 esse
3232 2902 3589 2977 considerat,

1949 2988 2214 3066 cogitans
2245 3006 2485 3067 semper
2512 2987 2811 3067 quomodo
2833 2987 2906 3048 ab
2933 2988 3061 3066 ipso
3115 2988 3587 3064 videatur,mini-

1954 3094 2047 3136 me
2079 3076 2372 3157 peccabit.

2030 3163 2215 3228 Vrsas.
2248 3168 2351 3227 7-1
2374 3164 2718 3230 l.«Dicebat
2738 3175 2931 3227 autem
2956 3166 3029 3226 ad
3060 3165 3329 3228 invitatos
3352 3168 3592 3248 parabo-

1951 3253 2068 3315 lam
2129 3254 2442 3334 intenden,
2476 3255 2776 3335 quomodo
2825 3255 3046 3335 primos
3071 3256 3379 3317 accubitus
3406 3257 3589 3337 elige-

1948 3354 2106 3417 rent,
2141 3343 2349 3406 dicens
2369 3344 2442 3406 ad
2464 3342 2772 3406 illos:Cuin
2802 3344 3076 3405 invitatus
3092 3343 3277 3406 fueris
3302 3346 3374 3406 ab
3392 3347 3592 3427 aliquo

1951 3434 2022 3494 ad
2058 3434 2311 3512 nuptias,
2366 3452 2441 3494 ne
2489 3434 2807 3494 accumbas
2836 3433 2899 3493 in
2932 3433 3122 3512 primo
3155 3433 3308 3507 loco,
3341 3453 3416 3496 ne
3442 3436 3594 3498 forte

1951 3520 2300 3582 honoratior
2331 3529 2386 3581 te
2406 3520 2480 3581 ab
2501 3520 2603 3580 illo
2636 3520 2711 3581 sit
2733 3520 3031 3596 invitatus,
3048 3530 3107 3583 et
3138 3523 3383 3584 veniens
3416 3524 3466 3584 is
3495 3530 3593 3605 qui

1953 3619 2011 3674 te
2041 3622 2098 3673 et
2126 3613 2291 3673 illum
2317 3612 2564 3686 vocavit,
2598 3612 2759 3675 dicat
2791 3613 2895 3675 tibi
2929 3631 2943 3675 ε
2982 3613 3067 3674 Da
3096 3613 3233 3675 huic
3265 3615 3460 3676 locum
3487 3634 3500 3679 :
3537 3627 3597 3681 et

1955 3709 2097 3762 tunc
2130 3700 2377 3782 incipias
2399 3720 2533 3763 cum
2568 3700 2787 3763 rubore
2829 3711 3159 3765 extremum
3192 3703 3389 3765 locum
3423 3713 3596 3766 tene-

1958 3809 2070 3851 re:
2108 3790 2246 3867 quin
2280 3790 2472 3869 potius
2504 3810 2637 3852 cum
2694 3804 2938 3852 vocatus
2996 3792 3200 3871 fueris,
3262 3794 3430 3868 vade,
3492 3813 3596 3857 ac-

1961 3879 2176 3939 cumbe
2228 3879 2285 3939 in
2340 3881 2658 3941 novissimo
2690 3881 2841 3961 loco,
2875 3889 2935 3941 ut
2963 3900 3096 3941 cum
3141 3882 3365 3943 venerit
3406 3884 3504 3963 qui
3536 3893 3598 3947 te

1960 3966 2244 4046 invitavit,
2305 3966 2463 4029 dicat
2512 3968 2617 4029 tibi
2652 3969 2925 4045 :Amice,
2970 3971 3229 4033 ascende
3273 3974 3593 4052 superius:

1958 4062 2105 4120 tunc
2136 4056 2245 4116 erit
2268 4055 2377 4116 tibi
2398 4057 2586 4135 gloria
2615 4076 2814 4120 coram
2835 4058 3012 4120 simul
3036 4060 3546 4125 discumbentibus
3579 4084 3593 4128 :

1959 4145 2101 4225 quia
2128 4146 2322 4205 omnis
2350 4146 2447 4226 qui
2479 4163 2544 4207 se
2574 4147 2819 4223 extollit,
2855 4147 3284 4223 humiliabitur,
3319 4158 3376 4210 et
3404 4155 3503 4230 qui
3533 4172 3599 4216 se

1959 4232 2257 4307 humiliat,
2281 4234 2619 4297 extolletur.
2658 4261 2683 4291 ι
2715 4236 2893 4297 Vides
2940 4254 3140 4299 comas
3188 4237 3402 4300 Christi
3446 4260 3597 4319 qua-

1959 4323 2049 4384 ies
2078 4321 2218 4391 sint.
2254 4340 2470 4403 nempe
2501 4322 2561 4383 in
2595 4323 2903 4385 utilitatem
2929 4324 3163 4396 animae,
3200 4336 3258 4387 et
3286 4328 3487 4388 nonin
3509 4348 3598 4391 sa-

236 4440 406 4500 φοντα
440 4439 458 4495 ;
492 4416 615 4475 "18c
670 4419 796 4499 γὰρ,
866 4419 1051 4476 ἰάσατο
1070 4420 1162 4476 τὸν
1190 4417 1504 4500 ὑδρωπικὸν,
1535 4418 1729 4485 ἐδίδαξε
1758 4421 1870 4485 τοὺς

1963 4413 2225 4473 tietatem
2251 4412 2479 4473 ventris
2508 4424 2835 4476 vertuntur.
2868 4412 3020 4476 Ecce
3049 4414 3209 4476 enim
3242 4415 3469 4477 sanavit
3497 4419 3601 4499 hy-

233 4508 577 4588 Φαρισαίους,
653 4506 734 4564 ὅτι
790 4506 952 4564 καλὸν
1025 4509 1086 4565 τὸ
1143 4507 1197 4563 ἐν
1253 4506 1510 4583 Σαϐϐάτῳ
1559 4510 1875 4588 εὑεργετεϊν,

236 4601 255 4629 ³
262 4599 390 4656 Επεὶ
461 4595 515 4653 δὲ
565 4595 705 4654 εἶδεν
775 4598 959 4661 αὐτούς
1015 4599 1102 4654 καὶ
1158 4601 1275 4677 περὶ
1328 4603 1428 4666 τῆς
1498 4598 1881 4673 πρωτοκλισίας

240 4684 672 4765 θορυϐουμένους,
737 4688 877 4743 ίᾶται
931 4688 1018 4743 καὶ
1094 4694 1247 4745 τοῦτο
1300 4690 1363 4744 τὸ
1411 4688 1574 4751 πάθος
1633 4687 1728 4744 οῦκ
1777 4686 1881 4744 ἀπὸ

240 4781 467 4853 σμικρᾶς
538 4775 839 4856 ἀρχόμενον
900 4776 1245 4854 προφάσεως,
1304 4775 1422 4833 ἀλλ’
1481 4777 1587 4832 ἀπὸ
1643 4775 1882 4855 μεγάλης

241 4863 332 4918 καὶ
390 4860 814 4944 δυσδιαφεύκτου,
866 4868 962 4930 τῆς
1022 4861 1313 4945 κενοδοξίας
1366 4866 1526 4944 φημί·
1558 4866 1647 4921 καὶ
1694 4866 1771 4940 μή
1806 4886 1882 4927 τις

244 4951 506 5027 νομιζέτω
560 4952 659 5019 τὴν
724 4953 839 5031 περὶ
893 4953 1077 5010 τούτου
1132 4951 1466 5011 διδασκαλίαν
1495 4954 1684 5032 μικρὰν
1714 4955 1880 5029 εἶναι,

244 5041 335 5096 καὶ
382 5038 593 5106 ἀναξίαν
662 5046 764 5108 τῆς
818 5063 912 5097 του
955 5049 1087 5101 Οεοῦ
1115 5041 1591 5122 μεγαλοπρεπείας
1653 5041 1884 5117 μάλιστα

245 5130 347 5205 μὶν
403 5131 503 5207 γὰρ
562 5127 678 5187 οῦδὲ
735 5131 909 5210 ἰατρὸν
991 5130 1357 5211 φιλάνθρωπον
1413 5130 1587 5194 εἴποις
1644 5131 1729 5212 ἄν,
1792 5134 1882 5188 τὸν

245 5216 514 5297 ποδάγρας
576 5219 675 5285 μὲν
724 5220 894 5276 ἰᾶσθαι
952 5219 1437 5300 ἐπαγγελλόμενον,
1511 5222 1600 5277 καὶ
1628 5220 1725 5278 ὅσα
1779 5222 1887 5278 τῶν

246 5307 568 5383 νοσημάτων
656 5306 928 5388 ἀξιόλογα,
1014 5307 1269 5369 δακτύλου
1362 5307 1417 5365 δὲ
1500 5311 1794 5390 σὺντριμμα
1846 5309 1886 5378 ἢ

246 5394 461 5459 ὀδόντος
504 5392 668 5475 ἄλγος
705 5398 784 5474 μὴ
813 5395 1105 5477 δεχόμενον
1130 5401 1456 5478 θεραπεύειν.
1493 5387 1728 5457 ’Ἔπειτα
1775 5406 1888 5464 πῶς

249 5486 438 5565 μικρὸν
492 5487 555 5541 τὸ
615 5486 709 5553 τῆς
777 5483 1072 5552 κενοδοξίας
1127 5489 1316 5565 πάθος,
1350 5486 1379 5543 8
1402 5486 1647 5567 ἦνώχλει
1676 5488 1889 5551 πάντως

250 5585 370 5639 τοῖς
420 5574 515 5638 τὰς
572 5573 960 5651 πρωτοκλισίας
1015 5582 1261 5646 ζητοῦσιν
1297 5596 1315 5654 ;
1346 5576 1555 5657 Ἐχρῆν
1581 5576 1692 5652 οὗν,
1721 5578 1888 5657 ἐχρῆν

1960 4501 2270 4581 dropicum
2306 4518 2320 4563 :
2355 4500 2553 4563 docuit
2598 4502 2925 4565 Pharisazos
2955 4504 3110 4584 quod
3144 4504 3361 4566 bonum
3417 4507 3492 4567 sit
3537 4512 3597 4573 in

1963 4588 2216 4652 Sabbato
2240 4587 2692 4653 benefacere.Et
2724 4601 2925 4672 postea
2948 4592 3160 4655 videns
3192 4615 3293 4658 eos
3308 4594 3382 4655 de
3404 4599 3597 4675 primo

1963 4678 2240 4742 accubitn
2260 4679 2803 4774 tulmu_tuari,sanat
2820 4691 2877 4774 et
2898 4682 3049 4774 hanc
3066 4684 3601 4774 afl'ectionem,quaa

1964 4788 2083 4831 non
2100 4787 2131 4830 a
2154 4769 2463 4848 parva,sed
2490 4788 2700 4849 magna
2725 4780 2783 4834 et
2803 4772 2890 4832 vix
2910 4772 3207 4851 eﬂ‘ugabili
3235 4795 3411 4842 causa
3441 4769 3600 4843 inci-

1958 4858 2238 4937 pit,inani
2258 4859 2493 4939 inquam
2517 4858 2798 4939 gloria.Et
2817 4879 2892 4923 ne
2912 4860 3043 4942 quis
3059 4863 3356 4931 existimet
3374 4871 3485 4932 hoc
3500 4871 3603 4933 do.

1963 4964 2101 5011 cere
2140 4948 2333 5009 minus
2355 4956 2412 5009 et
2434 4948 2739 5027 indignum
2787 4968 2921 5012 esse
2958 4950 3400 5031 magnificentia
3432 4960 3601 5022 verbi

1966 5036 2225 5112 Dei,imo
2251 5038 2668 5119 maximezquia
2690 5039 2959 5101 medicus
2976 5042 3075 5122 qui
3099 5046 3412 5124 pollicetur
3432 5066 3603 5111 sana-

1966 5146 2033 5191 re
2053 5128 2728 5216 podagram,omnesque
2762 5130 3000 5191 morbos
3036 5140 3365 5197 memoratu
3392 5136 3603 5216 dignos

1971 5234 2164 5299 neque
2184 5216 2498 5294 digitorum
2521 5215 2972 5289 attritiones,ve|
3001 5219 3198 5283 dentis
3226 5215 3490 5288 dolorem
3503 5244 3603 5289 sa-

1969 5325 2115 5369 nare
2144 5304 2687 5367 detractat.Deinde
2710 5307 3006 5393 quomodo
3038 5327 3248 5389 parvus
3277 5313 3470 5375 inanis
3482 5314 3603 5393 glu-

1970 5400 2074 5458 riaa
2092 5392 2353 5470 morbus,
2363 5412 2477 5474 quo
2495 5394 2737 5455 omnino
2758 5392 3064 5458 turbantur
3082 5399 3180 5479 qui
3194 5401 3413 5480 primos
3432 5392 3606 5467 accu-

1973 5485 2129 5547 bitus
2150 5481 2450 5563 quterunt?
2479 5482 2802 5563 Oportebat
2836 5483 3011 5563 igitur
3028 5486 3377 5553 humilitatis
3393 5492 3604 5555 docto—

1969 5593 2095 5637 rem
2113 5580 2171 5635 et
2191 5571 2518 5653 principem
2543 5580 2602 5635 et
2613 5583 3149 5639 consummatorem
3165 5574 3464 5645 Christum
3480 5601 3603 5645 om-
