  <div class='ocr_page' id='page_1' title='image "/cluster/home/n/w/nwhite01/storage/ocr_20150623/123/mdp.39015009359079/473.png"; bbox 0 0 4132 6278; ppageno 0'>
   <div class='ocr_carea' id='block_1_1' title="bbox 624 224 729 287">
    <p class='ocr_par' dir='ltr' id='par_1_1' title="bbox 624 224 729 287">
     <span class='ocr_line' id='line_1_1' title="bbox 624 224 729 287; baseline -0.01 -1"><span class='ocrx_word' id='word_1_1' title='bbox 624 224 729 287; x_wconf 77' lang='grc'><strong>931</strong></span> 
     </span>
    </p>
   </div>
   <div class='ocr_carea' id='block_1_2' title="bbox 1596 211 3036 286">
    <p class='ocr_par' dir='ltr' id='par_1_2' title="bbox 1596 211 3036 286">
     <span class='ocr_line' id='line_1_2' title="bbox 1596 211 3036 286; baseline -0.008 0"><span class='ocrx_word' id='word_1_2' title='bbox 1596 218 2179 286; x_wconf 77' lang='lat' dir='ltr'><strong>THEOPHYLACTI</strong></span> <span class='ocrx_word' id='word_1_3' title='bbox 2230 212 2635 278; x_wconf 63' lang='lat' dir='ltr'><strong>BULGARIAB</strong></span> <span class='ocrx_word' id='word_1_4' title='bbox 2677 211 3036 277; x_wconf 80' lang='lat' dir='ltr'><strong>ARCHIEP.</strong></span> 
     </span>
    </p>
   </div>
   <div class='ocr_carea' id='block_1_3' title="bbox 3964 222 4065 281">
    <p class='ocr_par' dir='ltr' id='par_1_3' title="bbox 3964 222 4065 281">
     <span class='ocr_line' id='line_1_3' title="bbox 3964 222 4065 281; baseline 0 0"><span class='ocrx_word' id='word_1_5' title='bbox 3964 222 4065 281; x_wconf 80' lang='lat'><strong>93</strong></span> 
     </span>
    </p>
   </div>
   <div class='ocr_carea' id='block_1_4' title="bbox 624 348 2257 435">
    <p class='ocr_par' dir='ltr' id='par_1_4' title="bbox 624 352 2257 433">
     <span class='ocr_line' id='line_1_4' title="bbox 624 352 2257 433; baseline 0 -18"><span class='ocrx_word' id='word_1_6' title='bbox 624 373 820 415; x_wconf 84' lang='lat' dir='ltr'><strong>ramos</strong></span> <span class='ocrx_word' id='word_1_7' title='bbox 852 354 1043 415; x_wconf 90' lang='lat' dir='ltr'><strong>inanis</strong></span> <span class='ocrx_word' id='word_1_8' title='bbox 1075 354 1277 430; x_wconf 61' lang='lat' dir='ltr'><strong>gloria;</strong></span> <span class='ocrx_word' id='word_1_9' title='bbox 1308 352 1716 433; x_wconf 84' lang='lat' dir='ltr'><strong>amputare.Et</strong></span> <span class='ocrx_word' id='word_1_10' title='bbox 1747 354 1858 413; x_wconf 90' lang='lat' dir='ltr'><strong>hoc</strong></span> <span class='ocrx_word' id='word_1_11' title='bbox 1893 370 2133 432; x_wconf 88' lang='lat' dir='ltr'><strong>quoque</strong></span> <span class='ocrx_word' id='word_1_12' title='bbox 2166 372 2257 415; x_wconf 81' lang='lat' dir='ltr'><strong>ex-</strong></span> 
     </span>
    </p>
   </div>
   <div class='ocr_carea' id='block_1_5' title="bbox 2338 348 4063 435">
    <p class='ocr_par' dir='ltr' id='par_1_5' title="bbox 2360 348 4063 435">
     <span class='ocr_line' id='line_1_5' title="bbox 2360 348 4063 435; baseline 0.004 -32"><span class='ocrx_word' id='word_1_13' title='bbox 2360 349 2447 403; x_wconf 81' lang='grc' dir='ltr'>τὸν</span> <span class='ocrx_word' id='word_1_14' title='bbox 2503 351 2599 416; x_wconf 76' lang='grc' dir='ltr'>τῆς</span> <span class='ocrx_word' id='word_1_15' title='bbox 2669 351 3039 413; x_wconf 74' lang='grc' dir='ltr'><strong>ταπεινώσεως</strong></span> <span class='ocrx_word' id='word_1_16' title='bbox 3082 348 3418 427; x_wconf 71' lang='grc' dir='ltr'>διδάσκαλον,</span> <span class='ocrx_word' id='word_1_17' title='bbox 3463 354 3550 409; x_wconf 88' lang='grc' dir='ltr'><strong>καὶ</strong></span> <span class='ocrx_word' id='word_1_18' title='bbox 3616 355 3953 435; x_wconf 73' lang='grc' dir='ltr'>ἀρχηγὸν,</span> <span class='ocrx_word' id='word_1_19' title='bbox 3995 380 4063 411; x_wconf 64' lang='lat' dir='ltr'><strong>xz</strong></span> 
     </span>
    </p>
   </div>
   <div class='ocr_carea' id='block_1_6' title="bbox 627 442 2269 520">
    <p class='ocr_par' dir='ltr' id='par_1_6' title="bbox 627 442 2269 520">
     <span class='ocr_line' id='line_1_6' title="bbox 627 442 2269 520; baseline 0.001 -19"><span class='ocrx_word' id='word_1_20' title='bbox 627 443 895 519; x_wconf 81' lang='lat' dir='ltr'><strong>peude,si</strong></span> <span class='ocrx_word' id='word_1_21' title='bbox 925 462 1041 502; x_wconf 89' lang='lat' dir='ltr'><strong>non</strong></span> <span class='ocrx_word' id='word_1_22' title='bbox 1074 442 1282 502; x_wconf 84' lang='lat' dir='ltr'><strong>fuisset</strong></span> <span class='ocrx_word' id='word_1_23' title='bbox 1309 452 1538 520; x_wconf 69' lang='lat' dir='ltr'><strong>tempus</strong></span> <span class='ocrx_word' id='word_1_24' title='bbox 1575 443 1983 513; x_wconf 67' lang='lat' dir='ltr'><strong>mensae,et.de</strong></span> <span class='ocrx_word' id='word_1_25' title='bbox 2012 442 2122 502; x_wconf 91' lang='lat' dir='ltr'><strong>hoc</strong></span> <span class='ocrx_word' id='word_1_26' title='bbox 2144 443 2269 503; x_wconf 91' lang='lat' dir='ltr'><strong>dis-</strong></span> 
     </span>
    </p>
   </div>
   <div class='ocr_carea' id='block_1_7' title="bbox 624 530 2269 611">
    <p class='ocr_par' dir='ltr' id='par_1_7' title="bbox 624 530 2269 611">
     <span class='ocr_line' id='line_1_7' title="bbox 624 530 2269 611; baseline -0.001 -22"><span class='ocrx_word' id='word_1_27' title='bbox 624 532 909 592; x_wconf 78' lang='lat' dir='ltr'><strong>seruisset</strong></span> <span class='ocrx_word' id='word_1_28' title='bbox 932 530 1216 591; x_wconf 87' lang='lat' dir='ltr'><strong>Dominus</strong></span> <span class='ocrx_word' id='word_1_29' title='bbox 1246 531 1452 591; x_wconf 89' lang='lat' dir='ltr'><strong>relicto</strong></span> <span class='ocrx_word' id='word_1_30' title='bbox 1484 530 1556 591; x_wconf 90' lang='lat' dir='ltr'><strong>de</strong></span> <span class='ocrx_word' id='word_1_31' title='bbox 1580 530 1710 590; x_wconf 85' lang='lat' dir='ltr'><strong>aliis</strong></span> <span class='ocrx_word' id='word_1_32' title='bbox 1746 530 1925 590; x_wconf 84' lang='lat' dir='ltr'><strong>rebus</strong></span> <span class='ocrx_word' id='word_1_33' title='bbox 1967 548 2269 611; x_wconf 76' lang='lat' dir='ltr'><strong>sermone,</strong></span> 
     </span>
    </p>
   </div>
   <div class='ocr_carea' id='block_1_8' title="bbox 623 619 2273 699">
    <p class='ocr_par' dir='ltr' id='par_1_8' title="bbox 623 619 2273 699">
     <span class='ocr_line' id='line_1_8' title="bbox 623 619 2273 699; baseline 0 -18"><span class='ocrx_word' id='word_1_34' title='bbox 623 629 778 681; x_wconf 83' lang='lat' dir='ltr'><strong>esset</strong></span> <span class='ocrx_word' id='word_1_35' title='bbox 808 619 960 680; x_wconf 79' lang='lat' dir='ltr'><strong>for!e</strong></span> <span class='ocrx_word' id='word_1_36' title='bbox 992 620 1447 697; x_wconf 71' lang='lat' dir='ltr'><strong>repielzensioni</strong></span> <span class='ocrx_word' id='word_1_37' title='bbox 1483 621 1642 679; x_wconf 69' lang='lat' dir='ltr'><strong>locus</strong></span> <span class='ocrx_word' id='word_1_38' title='bbox 1670 638 1682 681; x_wconf 89' lang='lat'>:</span> <span class='ocrx_word' id='word_1_39' title='bbox 1723 638 1879 680; x_wconf 92' lang='lat' dir='ltr'><strong>nunc</strong></span> <span class='ocrx_word' id='word_1_40' title='bbox 1904 628 2099 679; x_wconf 84' lang='lat' dir='ltr'><strong>autem</strong></span> <span class='ocrx_word' id='word_1_41' title='bbox 2137 622 2273 699; x_wconf 83' lang='lat' dir='ltr'><strong>quia</strong></span> 
     </span>
    </p>
   </div>
   <div class='ocr_carea' id='block_1_9' title="bbox 623 707 2270 771">
    <p class='ocr_par' dir='ltr' id='par_1_9' title="bbox 623 707 2270 771">
     <span class='ocr_line' id='line_1_9' title="bbox 623 707 2270 771; baseline 0.001 -2"><span class='ocrx_word' id='word_1_42' title='bbox 623 712 765 769; x_wconf 80' lang='lat' dir='ltr'><strong>liora</strong></span> <span class='ocrx_word' id='word_1_43' title='bbox 794 726 980 769; x_wconf 67' lang='lat' dir='ltr'><strong>caena:</strong></span> <span class='ocrx_word' id='word_1_44' title='bbox 1002 719 1056 769; x_wconf 89' lang='lat' dir='ltr'><strong>et</strong></span> <span class='ocrx_word' id='word_1_45' title='bbox 1093 708 1434 769; x_wconf 78' lang='lat' dir='ltr'><strong>ambitionis</strong></span> <span class='ocrx_word' id='word_1_46' title='bbox 1468 708 1709 770; x_wconf 82' lang='lat' dir='ltr'><strong>morbus</strong></span> <span class='ocrx_word' id='word_1_47' title='bbox 1744 712 1992 769; x_wconf 89' lang='lat' dir='ltr'><strong>miseros</strong></span> <span class='ocrx_word' id='word_1_48' title='bbox 2026 707 2270 771; x_wconf 69' lang='lat' dir='ltr'><strong>turbans</strong></span> 
     </span>
    </p>
   </div>
   <div class='ocr_carea' id='block_1_10' title="bbox 626 798 2271 877">
    <p class='ocr_par' dir='ltr' id='par_1_10' title="bbox 626 798 2271 877">
     <span class='ocr_line' id='line_1_10' title="bbox 626 798 2271 877; baseline 0.001 -20"><span class='ocrx_word' id='word_1_49' title='bbox 626 809 760 858; x_wconf 87' lang='lat' dir='ltr'><strong>ante</strong></span> <span class='ocrx_word' id='word_1_50' title='bbox 794 798 998 859; x_wconf 78' lang='lat' dir='ltr'><strong>oculos</strong></span> <span class='ocrx_word' id='word_1_51' title='bbox 1024 799 1345 859; x_wconf 79' lang='lat' dir='ltr'><strong>Salvatoris</strong></span> <span class='ocrx_word' id='word_1_52' title='bbox 1373 799 1737 868; x_wconf 81' lang='lat' dir='ltr'><strong>versabalur,</strong></span> <span class='ocrx_word' id='word_1_53' title='bbox 1776 806 2005 877; x_wconf 74' lang='lat' dir='ltr'><strong>le&#39;i:pus</strong></span> <span class='ocrx_word' id='word_1_54' title='bbox 2026 815 2143 857; x_wconf 72' lang='lat' dir='ltr'><strong>erat</strong></span> <span class='ocrx_word' id='word_1_55' title='bbox 2172 800 2271 859; x_wconf 92' lang='lat' dir='ltr'><strong>ad-</strong></span> 
     </span>
    </p>
   </div>
   <div class='ocr_carea' id='block_1_11' title="bbox 626 886 2269 966">
    <p class='ocr_par' dir='ltr' id='par_1_11' title="bbox 626 886 2269 966">
     <span class='ocr_line' id='line_1_11' title="bbox 626 886 2269 966; baseline 0.002 -21"><span class='ocrx_word' id='word_1_56' title='bbox 626 887 990 947; x_wconf 83' lang='lat' dir='ltr'><strong>monitionis.</strong></span> <span class='ocrx_word' id='word_1_57' title='bbox 1016 886 1166 947; x_wconf 82' lang='lat' dir='ltr'><strong>Vide</strong></span> <span class='ocrx_word' id='word_1_58' title='bbox 1207 886 1366 947; x_wconf 89' lang='lat' dir='ltr'><strong>enim</strong></span> <span class='ocrx_word' id='word_1_59' title='bbox 1402 897 1457 947; x_wconf 88' lang='lat' dir='ltr'><strong>et</strong></span> <span class='ocrx_word' id='word_1_60' title='bbox 1486 888 1658 947; x_wconf 78' lang='lat' dir='ltr'><strong>aliter</strong></span> <span class='ocrx_word' id='word_1_61' title='bbox 1708 887 2004 966; x_wconf 89' lang='lat' dir='ltr'><strong>quomodo</strong></span> <span class='ocrx_word' id='word_1_62' title='bbox 2034 905 2067 947; x_wconf 87' lang='lat' dir='ltr'><strong>a</strong></span> <span class='ocrx_word' id='word_1_63' title='bbox 2098 888 2269 965; x_wconf 80' lang='lat' dir='ltr'><strong>culpa</strong></span> 
     </span>
    </p>
   </div>
   <div class='ocr_carea' id='block_1_12' title="bbox 622 976 2261 1054">
    <p class='ocr_par' dir='ltr' id='par_1_12' title="bbox 622 976 2261 1054">
     <span class='ocr_line' id='line_1_12' title="bbox 622 976 2261 1054; baseline -0.001 -16"><span class='ocrx_word' id='word_1_64' title='bbox 622 977 923 1038; x_wconf 84' lang='lat' dir='ltr'><strong>hominem</strong></span> <span class='ocrx_word' id='word_1_65' title='bbox 950 976 1562 1054; x_wconf 86' lang='lat' dir='ltr'><strong>liberet,etquomodo</strong></span> <span class='ocrx_word' id='word_1_66' title='bbox 1594 976 1784 1054; x_wconf 91' lang='lat' dir='ltr'><strong>ipsum</strong></span> <span class='ocrx_word' id='word_1_67' title='bbox 1805 976 2037 1036; x_wconf 84' lang='lat' dir='ltr'><strong>civilem</strong></span> <span class='ocrx_word' id='word_1_68' title='bbox 2073 977 2261 1038; x_wconf 89' lang='lat' dir='ltr'><strong>faciat.</strong></span> 
     </span>
    </p>
   </div>
   <div class='ocr_carea' id='block_1_13' title="bbox 624 1064 2269 1145">
    <p class='ocr_par' dir='ltr' id='par_1_13' title="bbox 624 1064 2269 1145">
     <span class='ocr_line' id='line_1_13' title="bbox 624 1064 2269 1145; baseline 0 -20"><span class='ocrx_word' id='word_1_69' title='bbox 624 1066 850 1138; x_wconf 88' lang='lat' dir='ltr'><strong>Quanta</strong></span> <span class='ocrx_word' id='word_1_70' title='bbox 882 1064 1041 1125; x_wconf 90' lang='lat' dir='ltr'><strong>enim</strong></span> <span class='ocrx_word' id='word_1_71' title='bbox 1074 1065 1425 1126; x_wconf 83' lang='lat' dir='ltr'><strong>confusione</strong></span> <span class='ocrx_word' id='word_1_72' title='bbox 1461 1065 1691 1144; x_wconf 89' lang='lat' dir='ltr'><strong>plenus,</strong></span> <span class='ocrx_word' id='word_1_73' title='bbox 1721 1084 1854 1126; x_wconf 85' lang='lat' dir='ltr'><strong>cum</strong></span> <span class='ocrx_word' id='word_1_74' title='bbox 1887 1065 2269 1145; x_wconf 85' lang='lat' dir='ltr'><strong>requisiveris</strong></span> 
     </span>
    </p>
   </div>
   <div class='ocr_carea' id='block_1_14' title="bbox 625 1152 2270 1231">
    <p class='ocr_par' dir='ltr' id='par_1_14' title="bbox 625 1152 2270 1231">
     <span class='ocr_line' id='line_1_14' title="bbox 625 1152 2270 1231; baseline 0 -17"><span class='ocrx_word' id='word_1_75' title='bbox 625 1156 816 1214; x_wconf 84' lang='lat' dir='ltr'><strong>locum</strong></span> <span class='ocrx_word' id='word_1_76' title='bbox 853 1162 907 1213; x_wconf 86' lang='lat' dir='ltr'><strong>te</strong></span> <span class='ocrx_word' id='word_1_77' title='bbox 940 1152 1270 1231; x_wconf 75' lang='lat' dir='ltr'><strong>indignum,</strong></span> <span class='ocrx_word' id='word_1_78' title='bbox 1318 1162 1375 1213; x_wconf 92' lang='lat' dir='ltr'><strong>et</strong></span> <span class='ocrx_word' id='word_1_79' title='bbox 1426 1153 1641 1214; x_wconf 90' lang='lat' dir='ltr'><strong>deinde</strong></span> <span class='ocrx_word' id='word_1_80' title='bbox 1690 1172 1822 1213; x_wconf 92' lang='lat' dir='ltr'><strong>cum</strong></span> <span class='ocrx_word' id='word_1_81' title='bbox 1856 1155 2270 1231; x_wconf 79' lang='lat' dir='ltr'><strong>supervenerit</strong></span> 
     </span>
    </p>
   </div>
   <div class='ocr_carea' id='block_1_15' title="bbox 625 1241 2264 1322">
    <p class='ocr_par' dir='ltr' id='par_1_15' title="bbox 625 1241 2264 1322">
     <span class='ocr_line' id='line_1_15' title="bbox 625 1241 2264 1322; baseline 0.001 -20"><span class='ocrx_word' id='word_1_82' title='bbox 625 1242 941 1322; x_wconf 80' lang='lat' dir='ltr'><strong>dignior,is</strong></span> <span class='ocrx_word' id='word_1_83' title='bbox 961 1243 1059 1321; x_wconf 90' lang='lat' dir='ltr'><strong>qui</strong></span> <span class='ocrx_word' id='word_1_84' title='bbox 1092 1250 1147 1301; x_wconf 91' lang='lat' dir='ltr'><strong>te</strong></span> <span class='ocrx_word' id='word_1_85' title='bbox 1178 1242 1426 1313; x_wconf 85' lang='lat' dir='ltr'><strong>vocavit,</strong></span> <span class='ocrx_word' id='word_1_86' title='bbox 1458 1243 1651 1303; x_wconf 77' lang='lat' dir='ltr'><strong>dicat:</strong></span> <span class='ocrx_word' id='word_1_87' title='bbox 1681 1242 1763 1303; x_wconf 90' lang='lat' dir='ltr'><strong>Da</strong></span> <span class='ocrx_word' id='word_1_88' title='bbox 1791 1242 1925 1302; x_wconf 90' lang='lat' dir='ltr'><strong>huic</strong></span> <span class='ocrx_word' id='word_1_89' title='bbox 1953 1241 2083 1303; x_wconf 91' lang='lat' dir='ltr'><strong>locu</strong></span> <span class='ocrx_word' id='word_1_90' title='bbox 2113 1266 2171 1316; x_wconf 78' lang='grc' dir='ltr'><strong>ιι,</strong></span> <span class='ocrx_word' id='word_1_91' title='bbox 2207 1242 2264 1303; x_wconf 89' lang='lat' dir='ltr'><strong>id</strong></span> 
     </span>
    </p>
   </div>
   <div class='ocr_carea' id='block_1_16' title="bbox 625 1330 2263 1411">
    <p class='ocr_par' dir='ltr' id='par_1_16' title="bbox 625 1330 2263 1411">
     <span class='ocr_line' id='line_1_16' title="bbox 625 1330 2263 1411; baseline 0 -21"><span class='ocrx_word' id='word_1_92' title='bbox 625 1348 755 1409; x_wconf 61' lang='lat' dir='ltr'><strong>quae</strong></span> <span class='ocrx_word' id='word_1_93' title='bbox 779 1330 965 1410; x_wconf 67' lang='grc' dir='ltr'><strong>δωρεῖ</strong></span> <span class='ocrx_word' id='word_1_94' title='bbox 990 1332 1327 1392; x_wconf 77' lang='lat' dir='ltr'><strong>Descendes</strong></span> <span class='ocrx_word' id='word_1_95' title='bbox 1359 1332 1515 1390; x_wconf 83' lang='lat' dir='ltr'><strong>enim</strong></span> <span class='ocrx_word' id='word_1_96' title='bbox 1550 1340 1633 1411; x_wconf 91' lang='lat' dir='ltr'><strong>tu,</strong></span> <span class='ocrx_word' id='word_1_97' title='bbox 1664 1330 1746 1391; x_wconf 90' lang='lat' dir='ltr'><strong>illi</strong></span> <span class='ocrx_word' id='word_1_98' title='bbox 1779 1338 1971 1389; x_wconf 87' lang='lat' dir='ltr'><strong>autem</strong></span> <span class='ocrx_word' id='word_1_99' title='bbox 2008 1330 2263 1409; x_wconf 90' lang='lat' dir='ltr'><strong>primum</strong></span> 
     </span>
    </p>
   </div>
   <div class='ocr_carea' id='block_1_17' title="bbox 624 1418 2261 1499">
    <p class='ocr_par' dir='ltr' id='par_1_17' title="bbox 624 1418 2261 1499">
     <span class='ocr_line' id='line_1_17' title="bbox 624 1418 2261 1499; baseline 0.002 -21"><span class='ocrx_word' id='word_1_100' title='bbox 624 1420 817 1481; x_wconf 86' lang='lat' dir='ltr'><strong>locum</strong></span> <span class='ocrx_word' id='word_1_101' title='bbox 852 1419 1246 1497; x_wconf 84' lang='lat' dir='ltr'><strong>occupabunt.</strong></span> <span class='ocrx_word' id='word_1_102' title='bbox 1302 1418 1543 1489; x_wconf 82' lang='lat' dir='ltr'><strong>Contra,</strong></span> <span class='ocrx_word' id='word_1_103' title='bbox 1572 1429 1789 1499; x_wconf 87' lang='lat' dir='ltr'><strong>quanta</strong></span> <span class='ocrx_word' id='word_1_104' title='bbox 1823 1419 1996 1479; x_wconf 84' lang='lat' dir='ltr'><strong>laude</strong></span> <span class='ocrx_word' id='word_1_105' title='bbox 2026 1419 2261 1497; x_wconf 82' lang='lat' dir='ltr'><strong>(lignus,</strong></span> 
     </span>
    </p>
   </div>
   <div class='ocr_carea' id='block_1_18' title="bbox 623 1508 2263 1591">
    <p class='ocr_par' dir='ltr' id='par_1_18' title="bbox 623 1508 2263 1591">
     <span class='ocr_line' id='line_1_18' title="bbox 623 1508 2263 1591; baseline 0.001 -24"><span class='ocrx_word' id='word_1_106' title='bbox 623 1509 855 1591; x_wconf 82' lang='lat' dir='ltr'><strong>quando</strong></span> <span class='ocrx_word' id='word_1_107' title='bbox 890 1509 1079 1588; x_wconf 89' lang='lat' dir='ltr'><strong>prima</strong></span> <span class='ocrx_word' id='word_1_108' title='bbox 1106 1508 1253 1567; x_wconf 86' lang='lat' dir='ltr'><strong>sella</strong></span> <span class='ocrx_word' id='word_1_109' title='bbox 1274 1508 1510 1585; x_wconf 72' lang='lat' dir='ltr'><strong>«lignus,</strong></span> <span class='ocrx_word' id='word_1_110' title='bbox 1550 1509 1839 1587; x_wconf 81' lang='lat' dir='ltr'><strong>principio</strong></span> <span class='ocrx_word' id='word_1_111' title='bbox 1868 1509 2034 1568; x_wconf 88' lang='lat' dir='ltr'><strong>sedet</strong></span> <span class='ocrx_word' id='word_1_112' title='bbox 2064 1510 2121 1568; x_wconf 92' lang='lat' dir='ltr'><strong>in</strong></span> <span class='ocrx_word' id='word_1_113' title='bbox 2148 1509 2225 1569; x_wconf 91' lang='lat' dir='ltr'><strong>hu</strong></span> <span class='ocrx_word' id='word_1_114' title='bbox 2246 1543 2263 1553; x_wconf 85' lang='lat'><strong>-</strong></span> 
     </span>
    </p>
   </div>
   <div class='ocr_carea' id='block_1_19' title="bbox 624 1598 2325 1690">
    <p class='ocr_par' dir='ltr' id='par_1_19' title="bbox 624 1598 2325 1690">
     <span class='ocr_line' id='line_1_19' title="bbox 624 1598 2325 1690; baseline 0 -32"><span class='ocrx_word' id='word_1_115' title='bbox 624 1598 746 1659; x_wconf 92' lang='lat' dir='ltr'><strong>mili</strong></span> <span class='ocrx_word' id='word_1_116' title='bbox 773 1599 1027 1690; x_wconf 72' lang='lat' dir='ltr'><strong>loco,__et</strong></span> <span class='ocrx_word' id='word_1_117' title='bbox 1059 1606 1259 1676; x_wconf 87' lang='lat' dir='ltr'><strong>postea</strong></span> <span class='ocrx_word' id='word_1_118' title='bbox 1304 1615 1421 1675; x_wconf 63' lang='lat' dir='ltr'><strong>pra;</strong></span> <span class='ocrx_word' id='word_1_119' title='bbox 1453 1598 1582 1657; x_wconf 90' lang='lat' dir='ltr'><strong>aliis</strong></span> <span class='ocrx_word' id='word_1_120' title='bbox 1616 1598 1829 1658; x_wconf 85' lang='lat' dir='ltr'><strong>sedere</strong></span> <span class='ocrx_word' id='word_1_121' title='bbox 1878 1601 2260 1675; x_wconf 87' lang='lat' dir='ltr'><strong>comperitur,</strong></span> <span class='ocrx_word' id='word_1_122' title='bbox 2289 1641 2325 1690; x_wconf 74' lang='grc' dir='ltr'><strong>Β</strong></span> 
     </span>
    </p>
   </div>
   <div class='ocr_carea' id='block_1_20' title="bbox 622 1685 2265 1765">
    <p class='ocr_par' dir='ltr' id='par_1_20' title="bbox 622 1685 2265 1765">
     <span class='ocr_line' id='line_1_20' title="bbox 622 1685 2265 1765; baseline 0.002 -22"><span class='ocrx_word' id='word_1_123' title='bbox 622 1687 896 1747; x_wconf 82' lang='lat' dir='ltr'><strong>omnibus</strong></span> <span class='ocrx_word' id='word_1_124' title='bbox 929 1685 1008 1744; x_wconf 86' lang='lat' dir='ltr'><strong>illi</strong></span> <span class='ocrx_word' id='word_1_125' title='bbox 1042 1687 1231 1763; x_wconf 91' lang='lat' dir='ltr'><strong>primo</strong></span> <span class='ocrx_word' id='word_1_126' title='bbox 1286 1686 1412 1747; x_wconf 92' lang='lat' dir='ltr'><strong>loco</strong></span> <span class='ocrx_word' id='word_1_127' title='bbox 1459 1686 1847 1747; x_wconf 85' lang='lat' dir='ltr'><strong>cedentibus?</strong></span> <span class='ocrx_word' id='word_1_128' title='bbox 1900 1687 2048 1747; x_wconf 85' lang='lat' dir='ltr'><strong>Num</strong></span> <span class='ocrx_word' id='word_1_129' title='bbox 2095 1686 2265 1765; x_wconf 84' lang='lat' dir='ltr'><strong>igitu-</strong></span> 
     </span>
    </p>
   </div>
   <div class='ocr_carea' id='block_1_21' title="bbox 625 1773 2260 1856">
    <p class='ocr_par' dir='ltr' id='par_1_21' title="bbox 625 1773 2260 1856">
     <span class='ocr_line' id='line_1_21' title="bbox 625 1773 2260 1856; baseline -0.001 -19"><span class='ocrx_word' id='word_1_130' title='bbox 625 1794 797 1856; x_wconf 85' lang='lat' dir='ltr'><strong>parva</strong></span> <span class='ocrx_word' id='word_1_131' title='bbox 821 1774 924 1835; x_wconf 86' lang='lat' dir='ltr'><strong>tibi</strong></span> <span class='ocrx_word' id='word_1_132' title='bbox 943 1774 1170 1833; x_wconf 83' lang='lat' dir='ltr'><strong>videtur</strong></span> <span class='ocrx_word' id='word_1_133' title='bbox 1189 1773 1287 1834; x_wconf 87' lang='lat' dir='ltr'><strong>illa</strong></span> <span class='ocrx_word' id='word_1_134' title='bbox 1311 1774 1636 1835; x_wconf 78' lang='lat' dir='ltr'><strong>admonitio</strong></span> <span class='ocrx_word' id='word_1_135' title='bbox 1662 1775 2053 1855; x_wconf 72' lang='lat' dir='ltr'><strong>Domini,qu:e</strong></span> <span class='ocrx_word' id='word_1_136' title='bbox 2071 1777 2260 1836; x_wconf 80' lang='lat' dir='ltr'><strong>maxi-</strong></span> 
     </span>
    </p>
   </div>
   <div class='ocr_carea' id='block_1_22' title="bbox 624 1864 2261 1943">
    <p class='ocr_par' dir='ltr' id='par_1_22' title="bbox 624 1864 2261 1943">
     <span class='ocr_line' id='line_1_22' title="bbox 624 1864 2261 1943; baseline 0.001 -18"><span class='ocrx_word' id='word_1_137' title='bbox 624 1884 774 1925; x_wconf 92' lang='lat' dir='ltr'><strong>mam</strong></span> <span class='ocrx_word' id='word_1_138' title='bbox 808 1864 1085 1925; x_wconf 86' lang='lat' dir='ltr'><strong>virtutum</strong></span> <span class='ocrx_word' id='word_1_139' title='bbox 1122 1864 1511 1925; x_wconf 63' lang='lat' dir='ltr'><strong>humilitatem</strong></span> <span class='ocrx_word' id='word_1_140' title='bbox 1549 1866 1809 1943; x_wconf 71' lang='lat' dir='ltr'><strong>(locet,et</strong></span> <span class='ocrx_word' id='word_1_141' title='bbox 1839 1864 1896 1926; x_wconf 93' lang='lat' dir='ltr'><strong>in</strong></span> <span class='ocrx_word' id='word_1_142' title='bbox 1929 1865 2261 1927; x_wconf 90' lang='lat' dir='ltr'><strong>auditorum</strong></span> 
     </span>
    </p>
   </div>
   <div class='ocr_carea' id='block_1_23' title="bbox 618 1952 2263 2031">
    <p class='ocr_par' dir='ltr' id='par_1_23' title="bbox 618 1952 2263 2031">
     <span class='ocr_line' id='line_1_23' title="bbox 618 1952 2263 2031; baseline -0.001 -16"><span class='ocrx_word' id='word_1_143' title='bbox 618 1952 926 2015; x_wconf 79' lang='lat' dir='ltr'><strong>animabus</strong></span> <span class='ocrx_word' id='word_1_144' title='bbox 961 1952 1299 2031; x_wconf 86' lang='lat' dir='ltr'><strong>collocat,et</strong></span> <span class='ocrx_word' id='word_1_145' title='bbox 1328 1952 1397 2013; x_wconf 88' lang='lat' dir='ltr'><strong>ad</strong></span> <span class='ocrx_word' id='word_1_146' title='bbox 1427 1954 1728 2014; x_wconf 86' lang='lat' dir='ltr'><strong>honestam</strong></span> <span class='ocrx_word' id='word_1_147' title='bbox 1755 1952 2263 2015; x_wconf 69' lang='lat' dir='ltr'><strong>vitzeubservatio-</strong></span> 
     </span>
    </p>
   </div>
   <div class='ocr_carea' id='block_1_24' title="bbox 619 2040 2260 2123">
    <p class='ocr_par' dir='ltr' id='par_1_24' title="bbox 619 2040 2260 2123">
     <span class='ocr_line' id='line_1_24' title="bbox 619 2040 2260 2123; baseline -0.001 -18"><span class='ocrx_word' id='word_1_148' title='bbox 619 2063 755 2105; x_wconf 90' lang='lat' dir='ltr'><strong>nem</strong></span> <span class='ocrx_word' id='word_1_149' title='bbox 780 2041 920 2103; x_wconf 70' lang='lat'><strong>595</strong></span> <span class='ocrx_word' id='word_1_150' title='bbox 949 2040 1212 2101; x_wconf 73' lang='lat' dir='ltr'><strong>ducit?i«l</strong></span> <span class='ocrx_word' id='word_1_151' title='bbox 1247 2042 1399 2121; x_wconf 85' lang='lat' dir='ltr'><strong>quod</strong></span> <span class='ocrx_word' id='word_1_152' title='bbox 1425 2044 1640 2103; x_wconf 86' lang='lat' dir='ltr'><strong>Christi</strong></span> <span class='ocrx_word' id='word_1_153' title='bbox 1664 2042 1915 2103; x_wconf 87' lang='lat' dir='ltr'><strong>dilectus</strong></span> <span class='ocrx_word' id='word_1_154' title='bbox 1934 2042 2260 2123; x_wconf 79' lang='lat' dir='ltr'><strong>discipulus</strong></span> 
     </span>
    </p>
   </div>
   <div class='ocr_carea' id='block_1_25' title="bbox 619 2128 2258 2211">
    <p class='ocr_par' dir='ltr' id='par_1_25' title="bbox 619 2128 2258 2211">
     <span class='ocr_line' id='line_1_25' title="bbox 619 2128 2258 2211; baseline -0.001 -17"><span class='ocrx_word' id='word_1_155' title='bbox 619 2132 832 2196; x_wconf 88' lang='lat' dir='ltr'><strong>Paulus</strong></span> <span class='ocrx_word' id='word_1_156' title='bbox 864 2139 1061 2211; x_wconf 85' lang='lat' dir='ltr'><strong>postea</strong></span> <span class='ocrx_word' id='word_1_157' title='bbox 1094 2130 1276 2190; x_wconf 83' lang='lat' dir='ltr'><strong>dixit:</strong></span> <span class='ocrx_word' id='word_1_158' title='bbox 1308 2128 1552 2193; x_wconf 82' lang='lat' dir='ltr'><strong>«Omnia</strong></span> <span class='ocrx_word' id='word_1_159' title='bbox 1574 2132 1821 2191; x_wconf 88' lang='lat' dir='ltr'><strong>honeste</strong></span> <span class='ocrx_word' id='word_1_160' title='bbox 1853 2141 1909 2191; x_wconf 89' lang='lat' dir='ltr'><strong>et</strong></span> <span class='ocrx_word' id='word_1_161' title='bbox 1931 2132 2258 2193; x_wconf 89' lang='lat' dir='ltr'><strong>secundum</strong></span> 
     </span>
    </p>
   </div>
   <div class='ocr_carea' id='block_1_26' title="bbox 616 2218 2260 2299">
    <p class='ocr_par' dir='ltr' id='par_1_26' title="bbox 616 2218 2260 2299">
     <span class='ocr_line' id='line_1_26' title="bbox 616 2218 2260 2299; baseline -0.002 -18"><span class='ocrx_word' id='word_1_162' title='bbox 616 2221 910 2299; x_wconf 87' lang='lat' dir='ltr'><strong>ordinem,</strong></span> <span class='ocrx_word' id='word_1_163' title='bbox 946 2219 1157 2297; x_wconf 86' lang='lat' dir='ltr'><strong>inquit,</strong></span> <span class='ocrx_word' id='word_1_164' title='bbox 1188 2219 1328 2278; x_wconf 83' lang='lat' dir='ltr'><strong>ﬁant</strong></span> <span class='ocrx_word' id='word_1_165' title='bbox 1367 2218 1528 2290; x_wconf 68' lang='lat' dir='ltr'><strong>nQuo</strong></span> <span class='ocrx_word' id='word_1_166' title='bbox 1562 2228 1729 2299; x_wconf 81' lang='lat' dir='ltr'><strong>pacto</strong></span> <span class='ocrx_word' id='word_1_167' title='bbox 1762 2220 1939 2298; x_wconf 78' lang='lat' dir='ltr'><strong>igitur</strong></span> <span class='ocrx_word' id='word_1_168' title='bbox 1970 2222 2080 2281; x_wconf 91' lang='lat' dir='ltr'><strong>hoc</strong></span> <span class='ocrx_word' id='word_1_169' title='bbox 2113 2224 2260 2281; x_wconf 86' lang='lat' dir='ltr'><strong>liet?</strong></span> 
     </span>
    </p>
   </div>
   <div class='ocr_carea' id='block_1_27' title="bbox 617 2308 2258 2390">
    <p class='ocr_par' dir='ltr' id='par_1_27' title="bbox 617 2308 2258 2390">
     <span class='ocr_line' id='line_1_27' title="bbox 617 2308 2258 2390; baseline 0.001 -19"><span class='ocrx_word' id='word_1_170' title='bbox 617 2310 825 2373; x_wconf 88' lang='lat' dir='ltr'><strong>Nullus</strong></span> <span class='ocrx_word' id='word_1_171' title='bbox 838 2308 1221 2389; x_wconf 67' lang='lat' dir='ltr'><strong>qumratquod</strong></span> <span class='ocrx_word' id='word_1_172' title='bbox 1239 2327 1407 2367; x_wconf 91' lang='lat' dir='ltr'><strong>suum</strong></span> <span class='ocrx_word' id='word_1_173' title='bbox 1428 2317 1537 2380; x_wconf 89' lang='lat' dir='ltr'><strong>est,</strong></span> <span class='ocrx_word' id='word_1_174' title='bbox 1561 2308 1663 2368; x_wconf 91' lang='lat' dir='ltr'><strong>sed</strong></span> <span class='ocrx_word' id='word_1_175' title='bbox 1682 2310 2085 2389; x_wconf 85' lang='lat' dir='ltr'><strong>unusquisque</strong></span> <span class='ocrx_word' id='word_1_176' title='bbox 2101 2310 2258 2390; x_wconf 87' lang='lat' dir='ltr'><strong>quod</strong></span> 
     </span>
    </p>
   </div>
   <div class='ocr_carea' id='block_1_28' title="bbox 614 2395 2258 2478">
    <p class='ocr_par' dir='ltr' id='par_1_28' title="bbox 614 2395 2258 2478">
     <span class='ocr_line' id='line_1_28' title="bbox 614 2395 2258 2478; baseline -0.001 -18"><span class='ocrx_word' id='word_1_177' title='bbox 614 2398 879 2460; x_wconf 80' lang='lat' dir='ltr'><strong>alterius.</strong></span> <span class='ocrx_word' id='word_1_178' title='bbox 916 2395 1092 2458; x_wconf 87' lang='lat' dir='ltr'><strong>Vides</strong></span> <span class='ocrx_word' id='word_1_179' title='bbox 1125 2396 1475 2475; x_wconf 86' lang='lat' dir='ltr'><strong>discipulum</strong></span> <span class='ocrx_word' id='word_1_180' title='bbox 1512 2397 1716 2458; x_wconf 90' lang='lat' dir='ltr'><strong>eadem</strong></span> <span class='ocrx_word' id='word_1_181' title='bbox 1755 2398 1935 2478; x_wconf 83' lang='lat' dir='ltr'><strong>loqui,</strong></span> <span class='ocrx_word' id='word_1_182' title='bbox 1972 2418 2101 2478; x_wconf 63' lang='lat' dir='ltr'><strong>qua;</strong></span> <span class='ocrx_word' id='word_1_183' title='bbox 2142 2418 2258 2459; x_wconf 91' lang='lat' dir='ltr'><strong>ma-</strong></span> 
     </span>
    </p>
   </div>
   <div class='ocr_carea' id='block_1_29' title="bbox 614 2485 2254 2566">
    <p class='ocr_par' dir='ltr' id='par_1_29' title="bbox 614 2485 2254 2566">
     <span class='ocr_line' id='line_1_29' title="bbox 614 2485 2254 2566; baseline 0.001 -19"><span class='ocrx_word' id='word_1_184' title='bbox 614 2488 795 2565; x_wconf 80' lang='lat' dir='ltr'><strong>gister</strong></span> <span class='ocrx_word' id='word_1_185' title='bbox 842 2487 1003 2565; x_wconf 83' lang='lat' dir='ltr'><strong>ejus?</strong></span> <span class='ocrx_word' id='word_1_186' title='bbox 1062 2486 1218 2547; x_wconf 85' lang='lat' dir='ltr'><strong>Istud</strong></span> <span class='ocrx_word' id='word_1_187' title='bbox 1279 2504 1458 2547; x_wconf 87' lang='lat' dir='ltr'><strong>vero:</strong></span> <span class='ocrx_word' id='word_1_188' title='bbox 1520 2511 1543 2537; x_wconf 78' lang='grc' dir='ltr'><strong>α</strong></span> <span class='ocrx_word' id='word_1_189' title='bbox 1580 2485 1786 2547; x_wconf 91' lang='lat' dir='ltr'><strong>Omnis</strong></span> <span class='ocrx_word' id='word_1_190' title='bbox 1842 2487 1940 2566; x_wconf 90' lang='lat' dir='ltr'><strong>qui</strong></span> <span class='ocrx_word' id='word_1_191' title='bbox 1995 2488 2254 2566; x_wconf 90' lang='lat' dir='ltr'><strong>seipsum</strong></span> 
     </span>
    </p>
   </div>
   <div class='ocr_carea' id='block_1_30' title="bbox 615 2574 2257 2655">
    <p class='ocr_par' dir='ltr' id='par_1_30' title="bbox 615 2574 2257 2655">
     <span class='ocr_line' id='line_1_30' title="bbox 615 2574 2257 2655; baseline 0 -19"><span class='ocrx_word' id='word_1_192' title='bbox 615 2577 832 2636; x_wconf 76' lang='lat' dir='ltr'><strong>exultat</strong></span> <span class='ocrx_word' id='word_1_193' title='bbox 866 2574 1275 2634; x_wconf 76' lang='lat' dir='ltr'><strong>humiliabitur</strong></span> <span class='ocrx_word' id='word_1_194' title='bbox 1296 2574 1380 2646; x_wconf 73' lang='grc'><strong>64,</strong></span> <span class='ocrx_word' id='word_1_195' title='bbox 1421 2598 1442 2631; x_wconf 71' lang='grc' dir='ltr'><strong><em>ο</em></strong></span> <span class='ocrx_word' id='word_1_196' title='bbox 1480 2594 1594 2655; x_wconf 90' lang='lat' dir='ltr'><strong>quo</strong></span> <span class='ocrx_word' id='word_1_197' title='bbox 1618 2584 1784 2654; x_wconf 89' lang='lat' dir='ltr'><strong>pacto</strong></span> <span class='ocrx_word' id='word_1_198' title='bbox 1807 2575 2257 2654; x_wconf 76' lang='lat' dir='ltr'><strong>intelligam?Et-</strong></span> 
     </span>
    </p>
   </div>
   <div class='ocr_carea' id='block_1_31' title="bbox 616 2662 2257 2735">
    <p class='ocr_par' dir='ltr' id='par_1_31' title="bbox 616 2662 2257 2735">
     <span class='ocr_line' id='line_1_31' title="bbox 616 2662 2257 2735; baseline 0 -10"><span class='ocrx_word' id='word_1_199' title='bbox 616 2665 773 2725; x_wconf 90' lang='lat' dir='ltr'><strong>enim</strong></span> <span class='ocrx_word' id='word_1_200' title='bbox 809 2663 975 2723; x_wconf 89' lang='lat' dir='ltr'><strong>multi</strong></span> <span class='ocrx_word' id='word_1_201' title='bbox 1002 2662 1061 2722; x_wconf 92' lang='lat' dir='ltr'><strong>in</strong></span> <span class='ocrx_word' id='word_1_202' title='bbox 1098 2663 1211 2723; x_wconf 86' lang='lat' dir='ltr'><strong>vita</strong></span> <span class='ocrx_word' id='word_1_203' title='bbox 1238 2665 1346 2725; x_wconf 89' lang='lat' dir='ltr'><strong>hac</strong></span> <span class='ocrx_word' id='word_1_204' title='bbox 1366 2682 1429 2724; x_wconf 90' lang='lat' dir='ltr'><strong>se</strong></span> <span class='ocrx_word' id='word_1_205' title='bbox 1450 2663 2029 2735; x_wconf 74' lang='lat' dir='ltr'><strong>exultantes,bonore</strong></span> <span class='ocrx_word' id='word_1_206' title='bbox 2049 2663 2257 2725; x_wconf 85' lang='lat' dir='ltr'><strong>fruun-</strong></span> 
     </span>
    </p>
   </div>
   <div class='ocr_carea' id='block_1_32' title="bbox 616 2751 2256 2833">
    <p class='ocr_par' dir='ltr' id='par_1_32' title="bbox 616 2751 2256 2833">
     <span class='ocr_line' id='line_1_32' title="bbox 616 2751 2256 2833; baseline 0.001 -19"><span class='ocrx_word' id='word_1_207' title='bbox 616 2764 709 2814; x_wconf 90' lang='lat' dir='ltr'><strong>tur</strong></span> <span class='ocrx_word' id='word_1_208' title='bbox 764 2755 943 2830; x_wconf 87' lang='lat' dir='ltr'><strong>lgitur</strong></span> <span class='ocrx_word' id='word_1_209' title='bbox 974 2753 1084 2812; x_wconf 93' lang='lat' dir='ltr'><strong>hoc</strong></span> <span class='ocrx_word' id='word_1_210' title='bbox 1116 2751 1355 2831; x_wconf 90' lang='lat' dir='ltr'><strong>quidem</strong></span> <span class='ocrx_word' id='word_1_211' title='bbox 1393 2752 1692 2813; x_wconf 83' lang='lat' dir='ltr'><strong>humiliari</strong></span> <span class='ocrx_word' id='word_1_212' title='bbox 1735 2763 1824 2813; x_wconf 87' lang='lat' dir='ltr'><strong>est</strong></span> <span class='ocrx_word' id='word_1_213' title='bbox 1854 2753 2089 2831; x_wconf 88' lang='lat' dir='ltr'><strong>quando</strong></span> <span class='ocrx_word' id='word_1_214' title='bbox 2123 2755 2256 2833; x_wconf 85' lang='lat' dir='ltr'><strong>quis</strong></span> 
     </span>
    </p>
   </div>
   <div class='ocr_carea' id='block_1_33' title="bbox 613 2840 2255 2921">
    <p class='ocr_par' dir='ltr' id='par_1_33' title="bbox 613 2840 2255 2921">
     <span class='ocr_line' id='line_1_33' title="bbox 613 2840 2255 2921; baseline -0.001 -18"><span class='ocrx_word' id='word_1_215' title='bbox 613 2843 825 2903; x_wconf 80' lang='lat' dir='ltr'><strong>fruitur</strong></span> <span class='ocrx_word' id='word_1_216' title='bbox 853 2860 1061 2920; x_wconf 89' lang='lat' dir='ltr'><strong>magno</strong></span> <span class='ocrx_word' id='word_1_217' title='bbox 1096 2842 1322 2901; x_wconf 88' lang='lat' dir='ltr'><strong>honore</strong></span> <span class='ocrx_word' id='word_1_218' title='bbox 1351 2840 1409 2900; x_wconf 88' lang='lat' dir='ltr'><strong>in</strong></span> <span class='ocrx_word' id='word_1_219' title='bbox 1446 2840 1819 2921; x_wconf 84' lang='lat' dir='ltr'><strong>mundo,tum</strong></span> <span class='ocrx_word' id='word_1_220' title='bbox 1854 2840 2037 2902; x_wconf 90' lang='lat' dir='ltr'><strong>miser</strong></span> <span class='ocrx_word' id='word_1_221' title='bbox 2066 2851 2123 2901; x_wconf 91' lang='lat' dir='ltr'><strong>et</strong></span> <span class='ocrx_word' id='word_1_222' title='bbox 2150 2844 2255 2903; x_wconf 93' lang='lat' dir='ltr'><strong>hu-</strong></span> 
     </span>
    </p>
   </div>
   <div class='ocr_carea' id='block_1_34' title="bbox 614 2928 2311 3011">
    <p class='ocr_par' dir='ltr' id='par_1_34' title="bbox 614 2928 2311 3011">
     <span class='ocr_line' id='line_1_34' title="bbox 614 2928 2311 3011; baseline 0.002 -23"><span class='ocrx_word' id='word_1_223' title='bbox 614 2930 767 2991; x_wconf 88' lang='lat' dir='ltr'><strong>milis</strong></span> <span class='ocrx_word' id='word_1_224' title='bbox 799 2930 861 2990; x_wconf 77' lang='grc' dir='ltr'>ῆι</span> <span class='ocrx_word' id='word_1_225' title='bbox 889 2930 1041 3010; x_wconf 87' lang='lat' dir='ltr'><strong>apud</strong></span> <span class='ocrx_word' id='word_1_226' title='bbox 1077 2930 1286 2991; x_wconf 91' lang='lat' dir='ltr'><strong>Deum.</strong></span> <span class='ocrx_word' id='word_1_227' title='bbox 1316 2928 1562 3009; x_wconf 85' lang='lat' dir='ltr'><strong>insuper</strong></span> <span class='ocrx_word' id='word_1_228' title='bbox 1594 2948 1707 2990; x_wconf 91' lang='lat' dir='ltr'><strong>non</strong></span> <span class='ocrx_word' id='word_1_229' title='bbox 1731 2949 1919 3009; x_wconf 87' lang='lat' dir='ltr'><strong>usque</strong></span> <span class='ocrx_word' id='word_1_230' title='bbox 1949 2930 2017 2990; x_wconf 91' lang='lat' dir='ltr'><strong>ad</strong></span> <span class='ocrx_word' id='word_1_231' title='bbox 2046 2932 2249 3007; x_wconf 87' lang='lat' dir='ltr'><strong>ﬁnem,</strong></span> <span class='ocrx_word' id='word_1_232' title='bbox 2270 2960 2311 3011; x_wconf 71' lang='grc' dir='ltr'><em>ε</em></span> 
     </span>
    </p>
   </div>
   <div class='ocr_carea' id='block_1_35' title="bbox 609 3019 2247 3100">
    <p class='ocr_par' dir='ltr' id='par_1_35' title="bbox 609 3019 2247 3100">
     <span class='ocr_line' id='line_1_35' title="bbox 609 3019 2247 3100; baseline 0.001 -21"><span class='ocrx_word' id='word_1_233' title='bbox 609 3038 801 3100; x_wconf 88' lang='lat' dir='ltr'><strong>neque</strong></span> <span class='ocrx_word' id='word_1_234' title='bbox 829 3019 982 3098; x_wconf 82' lang='lat' dir='ltr'><strong>apud</strong></span> <span class='ocrx_word' id='word_1_235' title='bbox 1013 3038 1218 3079; x_wconf 90' lang='lat' dir='ltr'><strong>omnes</strong></span> <span class='ocrx_word' id='word_1_236' title='bbox 1252 3023 1306 3078; x_wconf 92' lang='lat' dir='ltr'><strong>in</strong></span> <span class='ocrx_word' id='word_1_237' title='bbox 1342 3019 1442 3080; x_wconf 88' lang='lat' dir='ltr'><strong>tali</strong></span> <span class='ocrx_word' id='word_1_238' title='bbox 1471 3020 1694 3079; x_wconf 88' lang='lat' dir='ltr'><strong>honore</strong></span> <span class='ocrx_word' id='word_1_239' title='bbox 1724 3020 1945 3090; x_wconf 88' lang='lat' dir='ltr'><strong>est,sed</strong></span> <span class='ocrx_word' id='word_1_240' title='bbox 1967 3028 2247 3098; x_wconf 75' lang='lat' dir='ltr'><strong>qitantum</strong></span> 
     </span>
    </p>
   </div>
   <div class='ocr_carea' id='block_1_36' title="bbox 606 3107 2244 3190">
    <p class='ocr_par' dir='ltr' id='par_1_36' title="bbox 606 3107 2244 3190">
     <span class='ocr_line' id='line_1_36' title="bbox 606 3107 2244 3190; baseline 0.001 -22"><span class='ocrx_word' id='word_1_241' title='bbox 606 3126 637 3168; x_wconf 92' lang='lat' dir='ltr'><strong>a</strong></span> <span class='ocrx_word' id='word_1_242' title='bbox 669 3107 1019 3186; x_wconf 88' lang='lat' dir='ltr'><strong>quibusdam</strong></span> <span class='ocrx_word' id='word_1_243' title='bbox 1046 3108 1416 3180; x_wconf 85' lang='lat' dir='ltr'><strong>observatur,</strong></span> <span class='ocrx_word' id='word_1_244' title='bbox 1440 3117 1661 3168; x_wconf 89' lang='lat' dir='ltr'><strong>tantum</strong></span> <span class='ocrx_word' id='word_1_245' title='bbox 1689 3107 1761 3168; x_wconf 90' lang='lat' dir='ltr'><strong>ab</strong></span> <span class='ocrx_word' id='word_1_246' title='bbox 1795 3107 1926 3167; x_wconf 90' lang='lat' dir='ltr'><strong>aliis</strong></span> <span class='ocrx_word' id='word_1_247' title='bbox 1946 3108 2244 3190; x_wconf 84' lang='lat' dir='ltr'><strong>irridetur,</strong></span> 
     </span>
    </p>
   </div>
   <div class='ocr_carea' id='block_1_37' title="bbox 608 3194 2249 3276">
    <p class='ocr_par' dir='ltr' id='par_1_37' title="bbox 608 3194 2249 3276">
     <span class='ocr_line' id='line_1_37' title="bbox 608 3194 2249 3276; baseline 0 -18"><span class='ocrx_word' id='word_1_248' title='bbox 608 3205 667 3258; x_wconf 88' lang='lat' dir='ltr'><strong>et</strong></span> <span class='ocrx_word' id='word_1_249' title='bbox 699 3216 1120 3276; x_wconf 88' lang='lat' dir='ltr'><strong>nonnunquam</strong></span> <span class='ocrx_word' id='word_1_250' title='bbox 1158 3196 1229 3256; x_wconf 90' lang='lat' dir='ltr'><strong>ab</strong></span> <span class='ocrx_word' id='word_1_251' title='bbox 1272 3197 1359 3256; x_wconf 87' lang='lat' dir='ltr'><strong>bis</strong></span> <span class='ocrx_word' id='word_1_252' title='bbox 1392 3215 1423 3257; x_wconf 89' lang='lat' dir='ltr'><strong>a</strong></span> <span class='ocrx_word' id='word_1_253' title='bbox 1455 3195 1671 3276; x_wconf 87' lang='lat' dir='ltr'><strong>quibus</strong></span> <span class='ocrx_word' id='word_1_254' title='bbox 1714 3197 2058 3258; x_wconf 89' lang='lat' dir='ltr'><strong>honoratur.</strong></span> <span class='ocrx_word' id='word_1_255' title='bbox 2096 3194 2249 3258; x_wconf 85' lang='lat' dir='ltr'><strong>Vera</strong></span> 
     </span>
    </p>
   </div>
   <div class='ocr_carea' id='block_1_38' title="bbox 606 3284 2245 3363">
    <p class='ocr_par' dir='ltr' id='par_1_38' title="bbox 606 3284 2245 3363">
     <span class='ocr_line' id='line_1_38' title="bbox 606 3284 2245 3363; baseline 0.002 -19"><span class='ocrx_word' id='word_1_256' title='bbox 606 3285 783 3363; x_wconf 82' lang='lat' dir='ltr'><strong>igitur</strong></span> <span class='ocrx_word' id='word_1_257' title='bbox 811 3294 903 3346; x_wconf 91' lang='lat' dir='ltr'><strong>est</strong></span> <span class='ocrx_word' id='word_1_258' title='bbox 933 3286 1247 3347; x_wconf 90' lang='lat' dir='ltr'><strong>sententia.</strong></span> <span class='ocrx_word' id='word_1_259' title='bbox 1285 3286 1355 3346; x_wconf 81' lang='lat' dir='ltr'><strong>Et</strong></span> <span class='ocrx_word' id='word_1_260' title='bbox 1386 3285 1580 3345; x_wconf 91' lang='lat' dir='ltr'><strong>omnis</strong></span> <span class='ocrx_word' id='word_1_261' title='bbox 1626 3284 1904 3362; x_wconf 76' lang='lat' dir='ltr'><strong>indignus</strong></span> <span class='ocrx_word' id='word_1_262' title='bbox 1958 3284 2110 3346; x_wconf 92' lang='lat' dir='ltr'><strong>hanc</strong></span> <span class='ocrx_word' id='word_1_263' title='bbox 2132 3286 2245 3347; x_wconf 89' lang='lat' dir='ltr'><strong>sibi</strong></span> 
     </span>
    </p>
   </div>
   <div class='ocr_carea' id='block_1_39' title="bbox 603 3373 2244 3453">
    <p class='ocr_par' dir='ltr' id='par_1_39' title="bbox 603 3373 2244 3453">
     <span class='ocr_line' id='line_1_39' title="bbox 603 3373 2244 3453; baseline 0.001 -20"><span class='ocrx_word' id='word_1_264' title='bbox 603 3373 1871 3453; x_wconf 81' lang='lat' dir='ltr'><strong>sublimitatemvindicans,humiliabitur,et</strong></span> <span class='ocrx_word' id='word_1_265' title='bbox 1896 3374 2043 3452; x_wconf 86' lang='lat' dir='ltr'><strong>apud</strong></span> <span class='ocrx_word' id='word_1_266' title='bbox 2062 3376 2244 3435; x_wconf 90' lang='lat' dir='ltr'><strong>Deum</strong></span> 
     </span>
    </p>
   </div>
   <div class='ocr_carea' id='block_1_40' title="bbox 603 3461 2247 3542">
    <p class='ocr_par' dir='ltr' id='par_1_40' title="bbox 603 3461 2247 3542">
     <span class='ocr_line' id='line_1_40' title="bbox 603 3461 2247 3542; baseline 0.002 -21"><span class='ocrx_word' id='word_1_267' title='bbox 603 3462 1110 3542; x_wconf 82' lang='lat' dir='ltr'><strong>quidem,quando</strong></span> <span class='ocrx_word' id='word_1_268' title='bbox 1134 3461 1404 3522; x_wconf 91' lang='lat' dir='ltr'><strong>ultimum</strong></span> <span class='ocrx_word' id='word_1_269' title='bbox 1421 3462 1737 3539; x_wconf 83' lang='lat' dir='ltr'><strong>judicium,</strong></span> <span class='ocrx_word' id='word_1_270' title='bbox 1756 3464 1816 3521; x_wconf 93' lang='lat' dir='ltr'><strong>in</strong></span> <span class='ocrx_word' id='word_1_271' title='bbox 1841 3462 1955 3521; x_wconf 90' lang='lat' dir='ltr'><strong>vita</strong></span> <span class='ocrx_word' id='word_1_272' title='bbox 1982 3480 2117 3525; x_wconf 86' lang='lat' dir='ltr'><strong>vero</strong></span> <span class='ocrx_word' id='word_1_273' title='bbox 2140 3464 2247 3524; x_wconf 91' lang='lat' dir='ltr'><strong>bac</strong></span> 
     </span>
    </p>
   </div>
   <div class='ocr_carea' id='block_1_41' title="bbox 606 3550 2245 3629">
    <p class='ocr_par' dir='ltr' id='par_1_41' title="bbox 606 3550 2245 3629">
     <span class='ocr_line' id='line_1_41' title="bbox 606 3550 2245 3629; baseline 0.001 -18"><span class='ocrx_word' id='word_1_274' title='bbox 606 3550 882 3612; x_wconf 73' lang='lat' dir='ltr'><strong>maxime.</strong></span> <span class='ocrx_word' id='word_1_275' title='bbox 916 3550 1130 3611; x_wconf 85' lang='lat' dir='ltr'><strong>Natura</strong></span> <span class='ocrx_word' id='word_1_276' title='bbox 1148 3552 1313 3613; x_wconf 89' lang='lat' dir='ltr'><strong>enim</strong></span> <span class='ocrx_word' id='word_1_277' title='bbox 1336 3551 1527 3610; x_wconf 91' lang='lat' dir='ltr'><strong>omnis</strong></span> <span class='ocrx_word' id='word_1_278' title='bbox 1562 3551 1737 3611; x_wconf 92' lang='lat' dir='ltr'><strong>homo</strong></span> <span class='ocrx_word' id='word_1_279' title='bbox 1772 3550 2046 3629; x_wconf 71' lang='lat' dir='ltr'><strong>indignus</strong></span> <span class='ocrx_word' id='word_1_280' title='bbox 2066 3551 2245 3612; x_wconf 89' lang='lat' dir='ltr'><strong>subli-</strong></span> 
     </span>
    </p>
   </div>
   <div class='ocr_carea' id='block_1_42' title="bbox 607 3639 2243 3718">
    <p class='ocr_par' dir='ltr' id='par_1_42' title="bbox 607 3639 2243 3718">
     <span class='ocr_line' id='line_1_42' title="bbox 607 3639 2243 3718; baseline 0.001 -19"><span class='ocrx_word' id='word_1_281' title='bbox 607 3640 1045 3702; x_wconf 87' lang='lat' dir='ltr'><strong>mitate.Nu|lus</strong></span> <span class='ocrx_word' id='word_1_282' title='bbox 1071 3639 1245 3718; x_wconf 78' lang='lat' dir='ltr'><strong>igitur</strong></span> <span class='ocrx_word' id='word_1_283' title='bbox 1275 3639 1611 3711; x_wconf 79' lang='lat' dir='ltr'><strong>extollatur,</strong></span> <span class='ocrx_word' id='word_1_284' title='bbox 1644 3648 1706 3699; x_wconf 89' lang='lat' dir='ltr'><strong>ut</strong></span> <span class='ocrx_word' id='word_1_285' title='bbox 1732 3656 1806 3699; x_wconf 89' lang='lat' dir='ltr'><strong>ne</strong></span> <span class='ocrx_word' id='word_1_286' title='bbox 1838 3646 2100 3701; x_wconf 82' lang='lat' dir='ltr'><strong>extreme</strong></span> <span class='ocrx_word' id='word_1_287' title='bbox 2127 3641 2243 3701; x_wconf 83' lang='lat' dir='ltr'><strong>bu-</strong></span> 
     </span>
    </p>
   </div>
   <div class='ocr_carea' id='block_1_43' title="bbox 608 3728 886 3793">
    <p class='ocr_par' dir='ltr' id='par_1_43' title="bbox 608 3728 886 3793">
     <span class='ocr_line' id='line_1_43' title="bbox 608 3728 886 3793; baseline 0.014 -4"><span class='ocrx_word' id='word_1_288' title='bbox 608 3728 886 3793; x_wconf 88' lang='lat' dir='ltr'><strong>milietur.</strong></span> 
     </span>
    </p>
   </div>
   <div class='ocr_carea' id='block_1_44' title="bbox 686 3905 2240 3989">
    <p class='ocr_par' dir='ltr' id='par_1_44' title="bbox 686 3905 2240 3989">
     <span class='ocr_line' id='line_1_44' title="bbox 686 3905 2240 3989; baseline 0.003 -22"><span class='ocrx_word' id='word_1_289' title='bbox 686 3905 860 3969; x_wconf 79' lang='lat' dir='ltr'><strong>VERS.</strong></span> <span class='ocrx_word' id='word_1_290' title='bbox 907 3906 1407 3971; x_wconf 69' lang='lat' dir='ltr'><strong>l9-l5.cDicebat</strong></span> <span class='ocrx_word' id='word_1_291' title='bbox 1437 3917 1630 3970; x_wconf 91' lang='lat' dir='ltr'><strong>autem</strong></span> <span class='ocrx_word' id='word_1_292' title='bbox 1664 3916 1723 3969; x_wconf 91' lang='lat' dir='ltr'><strong>et</strong></span> <span class='ocrx_word' id='word_1_293' title='bbox 1752 3908 1806 3969; x_wconf 91' lang='lat' dir='ltr'><strong>ei</strong></span> <span class='ocrx_word' id='word_1_294' title='bbox 1827 3908 1926 3989; x_wconf 91' lang='lat' dir='ltr'><strong>qui</strong></span> <span class='ocrx_word' id='word_1_295' title='bbox 1948 3927 2013 3970; x_wconf 91' lang='lat' dir='ltr'><strong>se</strong></span> <span class='ocrx_word' id='word_1_296' title='bbox 2034 3906 2240 3972; x_wconf 87' lang='lat' dir='ltr'><strong>invita-</strong></span> 
     </span>
    </p>
   </div>
   <div class='ocr_carea' id='block_1_45' title="bbox 598 3996 2239 4077">
    <p class='ocr_par' dir='ltr' id='par_1_45' title="bbox 598 3996 2239 4077">
     <span class='ocr_line' id='line_1_45' title="bbox 598 3996 2239 4077; baseline 0.002 -20"><span class='ocrx_word' id='word_1_297' title='bbox 598 3997 933 4059; x_wconf 87' lang='lat' dir='ltr'><strong>verat:Cum</strong></span> <span class='ocrx_word' id='word_1_298' title='bbox 963 3996 1108 4057; x_wconf 84' lang='lat' dir='ltr'><strong>facis</strong></span> <span class='ocrx_word' id='word_1_299' title='bbox 1145 3997 1456 4076; x_wconf 86' lang='lat' dir='ltr'><strong>prandium</strong></span> <span class='ocrx_word' id='word_1_300' title='bbox 1490 4005 1592 4058; x_wconf 87' lang='lat' dir='ltr'><strong>aut</strong></span> <span class='ocrx_word' id='word_1_301' title='bbox 1621 4014 1874 4077; x_wconf 77' lang='lat' dir='ltr'><strong>ccenam,</strong></span> <span class='ocrx_word' id='word_1_302' title='bbox 1894 4000 2012 4061; x_wconf 92' lang='lat' dir='ltr'><strong>noli</strong></span> <span class='ocrx_word' id='word_1_303' title='bbox 2031 4017 2239 4061; x_wconf 87' lang='lat' dir='ltr'><strong>vocare</strong></span> 
     </span>
    </p>
   </div>
   <div class='ocr_carea' id='block_1_46' title="bbox 2355 434 4057 521">
    <p class='ocr_par' dir='ltr' id='par_1_46' title="bbox 2355 434 4057 521">
     <span class='ocr_line' id='line_1_46' title="bbox 2355 434 4057 521; baseline 0.004 -32"><span class='ocrx_word' id='word_1_304' title='bbox 2355 434 2643 501; x_wconf 73' lang='grc' dir='ltr'>τελειωτὴν</span> <span class='ocrx_word' id='word_1_305' title='bbox 2714 436 2936 514; x_wconf 79' lang='grc' dir='ltr'>Χριστὸν</span> <span class='ocrx_word' id='word_1_306' title='bbox 2994 439 3167 496; x_wconf 73' lang='grc' dir='ltr'>πάντα</span> <span class='ocrx_word' id='word_1_307' title='bbox 3208 437 3400 495; x_wconf 78' lang='grc' dir='ltr'>κλάδον</span> <span class='ocrx_word' id='word_1_308' title='bbox 3433 445 3527 507; x_wconf 79' lang='grc' dir='ltr'><strong>τῆς</strong></span> <span class='ocrx_word' id='word_1_309' title='bbox 3581 434 3859 521; x_wconf 78' lang='grc' dir='ltr'>πονηρᾶς</span> 
     </span>
    </p>
   </div>
   <div class='ocr_carea' id='block_1_47' title="bbox 2354 522 4066 608">
    <p class='ocr_par' dir='ltr' id='par_1_47' title="bbox 2354 522 4066 608">
     <span class='ocr_line' id='line_1_47' title="bbox 2354 522 4066 608; baseline 0.006 -31"><span class='ocrx_word' id='word_1_310' title='bbox 2354 528 2453 589; x_wconf 79' lang='grc' dir='ltr'>τῆς</span> <span class='ocrx_word' id='word_1_311' title='bbox 2520 522 2811 589; x_wconf 69' lang='grc' dir='ltr'><strong>κενοδοξίας</strong></span> <span class='ocrx_word' id='word_1_312' title='bbox 2841 523 3132 599; x_wconf 79' lang='grc' dir='ltr'>ἐκτέμνειν.</span> <span class='ocrx_word' id='word_1_313' title='bbox 3220 530 3315 583; x_wconf 75' lang='grc' dir='ltr'>Καὶ</span> <span class='ocrx_word' id='word_1_314' title='bbox 3360 536 3511 586; x_wconf 79' lang='grc' dir='ltr'>τοῦτο</span> <span class='ocrx_word' id='word_1_315' title='bbox 3564 528 3620 586; x_wconf 81' lang='grc' dir='ltr'>δέ</span> <span class='ocrx_word' id='word_1_316' title='bbox 3653 555 3749 606; x_wconf 84' lang='grc' dir='ltr'><strong>μοι</strong></span> <span class='ocrx_word' id='word_1_317' title='bbox 3790 533 4066 608; x_wconf 75' lang='grc' dir='ltr'>προσλο-</span> 
     </span>
    </p>
   </div>
   <div class='ocr_carea' id='block_1_48' title="bbox 2354 611 4066 697">
    <p class='ocr_par' dir='ltr' id='par_1_48' title="bbox 2354 611 4066 697">
     <span class='ocr_line' id='line_1_48' title="bbox 2354 611 4066 697; baseline 0.005 -31"><span class='ocrx_word' id='word_1_318' title='bbox 2354 611 2520 688; x_wconf 71' lang='grc' dir='ltr'>γίζουσ</span> <span class='ocrx_word' id='word_1_319' title='bbox 2597 614 2641 667; x_wconf 83' lang='grc' dir='ltr'><strong>εί</strong></span> <span class='ocrx_word' id='word_1_320' title='bbox 2711 614 2809 686; x_wconf 78' lang='grc' dir='ltr'>μὲν</span> <span class='ocrx_word' id='word_1_321' title='bbox 2866 614 2954 670; x_wconf 69' lang='grc' dir='ltr'>οὖσι</span> <span class='ocrx_word' id='word_1_322' title='bbox 3013 618 3107 673; x_wconf 74' lang='grc' dir='ltr'><strong>οὒκ</strong></span> <span class='ocrx_word' id='word_1_323' title='bbox 3136 619 3203 683; x_wconf 74' lang='grc' dir='ltr'>ἦν</span> <span class='ocrx_word' id='word_1_324' title='bbox 3246 620 3428 695; x_wconf 84' lang='grc' dir='ltr'>καιρὸς</span> <span class='ocrx_word' id='word_1_325' title='bbox 3458 622 3756 697; x_wconf 76' lang='grc' dir='ltr'>τραπέζης,</span> <span class='ocrx_word' id='word_1_326' title='bbox 3803 624 3923 676; x_wconf 71' lang='grc' dir='ltr'>καὶ</span> <span class='ocrx_word' id='word_1_327' title='bbox 3992 622 4066 676; x_wconf 74' lang='grc' dir='ltr'><strong>ει-</strong></span> 
     </span>
    </p>
   </div>
   <div class='ocr_carea' id='block_1_49' title="bbox 2352 698 4065 787">
    <p class='ocr_par' dir='ltr' id='par_1_49' title="bbox 2352 698 4065 787">
     <span class='ocr_line' id='line_1_49' title="bbox 2352 698 4065 787; baseline 0.005 -34"><span class='ocrx_word' id='word_1_328' title='bbox 2352 698 2566 777; x_wconf 83' lang='grc' dir='ltr'>ελέγετο</span> <span class='ocrx_word' id='word_1_329' title='bbox 2593 702 2711 779; x_wconf 87' lang='grc' dir='ltr'>περὶ</span> <span class='ocrx_word' id='word_1_330' title='bbox 2765 702 2964 757; x_wconf 90' lang='grc' dir='ltr'>τούτων</span> <span class='ocrx_word' id='word_1_331' title='bbox 2995 704 3024 757; x_wconf 80' lang='grc' dir='ltr'>ὂ</span> <span class='ocrx_word' id='word_1_332' title='bbox 3056 708 3264 782; x_wconf 82' lang='grc' dir='ltr'>Κύριος,</span> <span class='ocrx_word' id='word_1_333' title='bbox 3318 705 3463 785; x_wconf 67' lang='grc' dir='ltr'>ἀφεὶς</span> <span class='ocrx_word' id='word_1_334' title='bbox 3510 709 3633 770; x_wconf 75' lang='grc' dir='ltr'>τοὺς</span> <span class='ocrx_word' id='word_1_335' title='bbox 3680 713 3822 787; x_wconf 79' lang='grc' dir='ltr'>περὶ</span> <span class='ocrx_word' id='word_1_336' title='bbox 3866 710 4065 764; x_wconf 69' lang='grc' dir='ltr'>ἄλλων</span> 
     </span>
    </p>
   </div>
   <div class='ocr_carea' id='block_1_50' title="bbox 2352 788 4066 869">
    <p class='ocr_par' dir='ltr' id='par_1_50' title="bbox 2352 788 4066 869">
     <span class='ocr_line' id='line_1_50' title="bbox 2352 788 4066 869; baseline 0.007 -27"><span class='ocrx_word' id='word_1_337' title='bbox 2352 788 2564 865; x_wconf 81' lang='grc' dir='ltr'>λόγους,</span> <span class='ocrx_word' id='word_1_338' title='bbox 2612 791 2771 869; x_wconf 76' lang='grc' dir='ltr'>εἶχεν</span> <span class='ocrx_word' id='word_1_339' title='bbox 2802 790 2861 846; x_wconf 73' lang='grc' dir='ltr'>ἄν</span> <span class='ocrx_word' id='word_1_340' title='bbox 2892 790 3050 868; x_wconf 91' lang='grc' dir='ltr'>λόγον</span> <span class='ocrx_word' id='word_1_341' title='bbox 3080 795 3112 859; x_wconf 83' lang='grc' dir='ltr'><strong>ἡ</strong></span> <span class='ocrx_word' id='word_1_342' title='bbox 3146 792 3374 868; x_wconf 79' lang='grc' dir='ltr'><strong>μέμψις,</strong></span> <span class='ocrx_word' id='word_1_343' title='bbox 3442 806 3527 853; x_wconf 80' lang='grc' dir='ltr'>νῦν</span> <span class='ocrx_word' id='word_1_344' title='bbox 3571 797 3628 852; x_wconf 80' lang='grc' dir='ltr'>δὲ</span> <span class='ocrx_word' id='word_1_345' title='bbox 3675 797 3939 854; x_wconf 78' lang='grc' dir='ltr'><strong>δείπνου</strong></span> <span class='ocrx_word' id='word_1_346' title='bbox 3975 799 4066 853; x_wconf 59' lang='grc' dir='ltr'><strong>ἄν·</strong></span> 
     </span>
    </p>
   </div>
   <div class='ocr_carea' id='block_1_51' title="bbox 2352 878 4065 965">
    <p class='ocr_par' dir='ltr' id='par_1_51' title="bbox 2352 878 4065 965">
     <span class='ocr_line' id='line_1_51' title="bbox 2352 878 4065 965; baseline 0.008 -35"><span class='ocrx_word' id='word_1_347' title='bbox 2352 898 2465 955; x_wconf 82' lang='grc' dir='ltr'>τος,</span> <span class='ocrx_word' id='word_1_348' title='bbox 2513 879 2600 933; x_wconf 82' lang='grc' dir='ltr'><strong>καί</strong></span> <span class='ocrx_word' id='word_1_349' title='bbox 2631 900 2722 936; x_wconf 88' lang='grc' dir='ltr'><strong>του</strong></span> <span class='ocrx_word' id='word_1_350' title='bbox 2765 884 2863 945; x_wconf 77' lang='grc' dir='ltr'>τῆς</span> <span class='ocrx_word' id='word_1_351' title='bbox 2896 878 3282 957; x_wconf 77' lang='grc' dir='ltr'>φιλοπρωτείας</span> <span class='ocrx_word' id='word_1_352' title='bbox 3336 884 3528 947; x_wconf 82' lang='grc' dir='ltr'>πάθους</span> <span class='ocrx_word' id='word_1_353' title='bbox 3562 887 3666 963; x_wconf 69' lang='grc' dir='ltr'><strong>πρὸ</strong></span> <span class='ocrx_word' id='word_1_354' title='bbox 3731 886 4065 965; x_wconf 61' lang='grc' dir='ltr'>ὀφθαλμῶν</span> 
     </span>
    </p>
   </div>
   <div class='ocr_carea' id='block_1_52' title="bbox 2350 968 4061 1054">
    <p class='ocr_par' dir='ltr' id='par_1_52' title="bbox 2350 968 4061 1054">
     <span class='ocr_line' id='line_1_52' title="bbox 2350 968 4061 1054; baseline 0.007 -35"><span class='ocrx_word' id='word_1_355' title='bbox 2350 972 2444 1020; x_wconf 80' lang='grc' dir='ltr'>τοῦ</span> <span class='ocrx_word' id='word_1_356' title='bbox 2499 970 2751 1044; x_wconf 77' lang='grc' dir='ltr'>Σωτῆρος</span> <span class='ocrx_word' id='word_1_357' title='bbox 2810 968 3157 1047; x_wconf 74' lang='grc' dir='ltr'>ἒνοχλοῦντος</span> <span class='ocrx_word' id='word_1_358' title='bbox 3210 985 3330 1035; x_wconf 83' lang='grc' dir='ltr'>τοϊς</span> <span class='ocrx_word' id='word_1_359' title='bbox 3388 971 3669 1053; x_wconf 77' lang='grc' dir='ltr'>ἐλεεινοῖς,</span> <span class='ocrx_word' id='word_1_360' title='bbox 3704 980 3937 1054; x_wconf 79' lang='grc' dir='ltr'>καιρὸν</span> <span class='ocrx_word' id='word_1_361' title='bbox 3972 979 4061 1031; x_wconf 77' lang='grc' dir='ltr'><strong>εἶ-</strong></span> 
     </span>
    </p>
   </div>
   <div class='ocr_carea' id='block_1_53' title="bbox 2351 1056 4059 1141">
    <p class='ocr_par' dir='ltr' id='par_1_53' title="bbox 2351 1056 4059 1141">
     <span class='ocr_line' id='line_1_53' title="bbox 2351 1056 4059 1141; baseline 0.009 -34"><span class='ocrx_word' id='word_1_362' title='bbox 2351 1074 2453 1131; x_wconf 88' lang='grc' dir='ltr'><strong>χεν</strong></span> <span class='ocrx_word' id='word_1_363' title='bbox 2498 1056 2532 1121; x_wconf 84' lang='grc' dir='ltr'><strong>ἡ</strong></span> <span class='ocrx_word' id='word_1_364' title='bbox 2606 1056 2929 1133; x_wconf 74' lang='grc' dir='ltr'><strong>παραίνεσις.</strong></span> <span class='ocrx_word' id='word_1_365' title='bbox 2987 1056 3089 1114; x_wconf 89' lang='grc' dir='ltr'>Ἰδε</span> <span class='ocrx_word' id='word_1_366' title='bbox 3120 1060 3223 1139; x_wconf 75' lang='grc' dir='ltr'><strong>γὴρ</strong></span> <span class='ocrx_word' id='word_1_367' title='bbox 3265 1062 3352 1116; x_wconf 85' lang='grc' dir='ltr'><strong>καὶ</strong></span> <span class='ocrx_word' id='word_1_368' title='bbox 3384 1061 3559 1125; x_wconf 77' lang='grc' dir='ltr'>ἄλλως</span> <span class='ocrx_word' id='word_1_369' title='bbox 3604 1065 3792 1120; x_wconf 81' lang='grc' dir='ltr'>πόσου</span> <span class='ocrx_word' id='word_1_370' title='bbox 3854 1068 4059 1141; x_wconf 62' lang='grc' dir='ltr'>μώμου</span> 
     </span>
    </p>
   </div>
   <div class='ocr_carea' id='block_1_54' title="bbox 2350 1144 4055 1229">
    <p class='ocr_par' dir='ltr' id='par_1_54' title="bbox 2350 1144 4055 1229">
     <span class='ocr_line' id='line_1_54' title="bbox 2350 1144 4055 1229; baseline 0.008 -33"><span class='ocrx_word' id='word_1_371' title='bbox 2350 1148 2439 1197; x_wconf 83' lang='grc' dir='ltr'>τὸν</span> <span class='ocrx_word' id='word_1_372' title='bbox 2512 1144 2785 1223; x_wconf 80' lang='grc' dir='ltr'>ἄνθρωπον</span> <span class='ocrx_word' id='word_1_373' title='bbox 2842 1145 3190 1228; x_wconf 88' lang='grc' dir='ltr'>ἀπαλλάττει,</span> <span class='ocrx_word' id='word_1_374' title='bbox 3242 1152 3329 1206; x_wconf 82' lang='grc' dir='ltr'>καὶ</span> <span class='ocrx_word' id='word_1_375' title='bbox 3378 1159 3494 1216; x_wconf 77' lang='grc' dir='ltr'>πῶς</span> <span class='ocrx_word' id='word_1_376' title='bbox 3553 1155 3798 1229; x_wconf 79' lang='grc' dir='ltr'>κόσμιον</span> <span class='ocrx_word' id='word_1_377' title='bbox 3893 1158 4055 1213; x_wconf 64' lang='grc' dir='ltr'>αὖτε»</span> 
     </span>
    </p>
   </div>
   <div class='ocr_carea' id='block_1_55' title="bbox 2350 1234 4049 1321">
    <p class='ocr_par' dir='ltr' id='par_1_55' title="bbox 2350 1234 4049 1321">
     <span class='ocr_line' id='line_1_55' title="bbox 2350 1234 4049 1321; baseline 0.006 -34"><span class='ocrx_word' id='word_1_378' title='bbox 2350 1244 2520 1293; x_wconf 75' lang='grc' dir='ltr'>ποιεῖ.</span> <span class='ocrx_word' id='word_1_379' title='bbox 2599 1234 2781 1300; x_wconf 83' lang='grc' dir='ltr'>Πόσης</span> <span class='ocrx_word' id='word_1_380' title='bbox 2837 1237 2936 1314; x_wconf 81' lang='grc' dir='ltr'><strong>γαρ</strong></span> <span class='ocrx_word' id='word_1_381' title='bbox 2990 1238 3249 1316; x_wconf 69' lang='grc' dir='ltr'>αἰσχύνης</span> <span class='ocrx_word' id='word_1_382' title='bbox 3282 1239 3599 1321; x_wconf 77' lang='grc' dir='ltr'>ἀνάμεστον,</span> <span class='ocrx_word' id='word_1_383' title='bbox 3630 1241 3767 1298; x_wconf 80' lang='grc' dir='ltr'>ὅταν</span> <span class='ocrx_word' id='word_1_384' title='bbox 3835 1248 3951 1300; x_wconf 79' lang='grc' dir='ltr'>τὸν</span> <span class='ocrx_word' id='word_1_385' title='bbox 3980 1249 4049 1319; x_wconf 67' lang='grc' dir='ltr'><strong>μή</strong></span> 
     </span>
    </p>
   </div>
   <div class='ocr_carea' id='block_1_56' title="bbox 2349 1323 4051 1402">
    <p class='ocr_par' dir='ltr' id='par_1_56' title="bbox 2349 1323 4051 1402">
     <span class='ocr_line' id='line_1_56' title="bbox 2349 1323 4051 1402; baseline 0.008 -26"><span class='ocrx_word' id='word_1_386' title='bbox 2349 1323 2614 1399; x_wconf 81' lang='grc' dir='ltr'>πρέποντά</span> <span class='ocrx_word' id='word_1_387' title='bbox 2669 1344 2751 1378; x_wconf 93' lang='grc' dir='ltr'><strong>σοι</strong></span> <span class='ocrx_word' id='word_1_388' title='bbox 2806 1325 2969 1381; x_wconf 83' lang='grc' dir='ltr'>τόπον</span> <span class='ocrx_word' id='word_1_389' title='bbox 3035 1328 3350 1402; x_wconf 72' lang='grc' dir='ltr'>ζητήσαντι,</span> <span class='ocrx_word' id='word_1_390' title='bbox 3413 1335 3532 1385; x_wconf 83' lang='grc' dir='ltr'>εἶτα</span> <span class='ocrx_word' id='word_1_391' title='bbox 3600 1331 3880 1398; x_wconf 78' lang='grc' dir='ltr'>ἐλθόντος</span> <span class='ocrx_word' id='word_1_392' title='bbox 3966 1344 4051 1391; x_wconf 67' lang='grc' dir='ltr'>τοῦ</span> 
     </span>
    </p>
   </div>
   <div class='ocr_carea' id='block_1_57' title="bbox 2350 1407 4042 1493">
    <p class='ocr_par' dir='ltr' id='par_1_57' title="bbox 2350 1407 4042 1493">
     <span class='ocr_line' id='line_1_57' title="bbox 2350 1407 4042 1493; baseline 0.007 -30"><span class='ocrx_word' id='word_1_393' title='bbox 2350 1407 2707 1490; x_wconf 71' lang='grc' dir='ltr'>ὶντιμοτᾶρου,</span> <span class='ocrx_word' id='word_1_394' title='bbox 2770 1414 2797 1467; x_wconf 75' lang='grc' dir='ltr'><strong>ὁ</strong></span> <span class='ocrx_word' id='word_1_395' title='bbox 2867 1412 3095 1477; x_wconf 80' lang='grc' dir='ltr'>καλέσας</span> <span class='ocrx_word' id='word_1_396' title='bbox 3152 1436 3209 1471; x_wconf 79' lang='grc' dir='ltr'><strong>σε</strong></span> <span class='ocrx_word' id='word_1_397' title='bbox 3268 1415 3422 1492; x_wconf 68' lang='grc' dir='ltr'>εἴπῃ·</span> <span class='ocrx_word' id='word_1_398' title='bbox 3462 1420 3563 1481; x_wconf 79' lang='grc' dir='ltr'>Δός</span> <span class='ocrx_word' id='word_1_399' title='bbox 3595 1421 3781 1493; x_wconf 59' lang='grc' dir='ltr'>τούτῳ</span> <span class='ocrx_word' id='word_1_400' title='bbox 3840 1424 4042 1485; x_wconf 70' lang='grc' dir='ltr'>τόπον,</span> 
     </span>
    </p>
   </div>
   <div class='ocr_carea' id='block_1_58' title="bbox 2350 1499 4043 1585">
    <p class='ocr_par' dir='ltr' id='par_1_58' title="bbox 2350 1499 4043 1585">
     <span class='ocr_line' id='line_1_58' title="bbox 2350 1499 4043 1585; baseline 0.007 -31"><span class='ocrx_word' id='word_1_401' title='bbox 2350 1499 2433 1554; x_wconf 85' lang='grc' dir='ltr'>καὶ</span> <span class='ocrx_word' id='word_1_402' title='bbox 2488 1509 2642 1557; x_wconf 82' lang='grc' dir='ltr'>τοῦτο</span> <span class='ocrx_word' id='word_1_403' title='bbox 2696 1500 2979 1576; x_wconf 68' lang='grc' dir='ltr'>πολλάκις,</span> <span class='ocrx_word' id='word_1_404' title='bbox 3042 1508 3131 1560; x_wconf 86' lang='grc' dir='ltr'>καὶ</span> <span class='ocrx_word' id='word_1_405' title='bbox 3186 1504 3474 1584; x_wconf 75' lang='grc' dir='ltr'>ύποϐαίνῃς</span> <span class='ocrx_word' id='word_1_406' title='bbox 3516 1511 3615 1583; x_wconf 75' lang='grc' dir='ltr'>μὲν</span> <span class='ocrx_word' id='word_1_407' title='bbox 3642 1513 3856 1585; x_wconf 70' lang='grc' dir='ltr'>αὐτὸς,</span> <span class='ocrx_word' id='word_1_408' title='bbox 3890 1513 4043 1567; x_wconf 71' lang='grc' dir='ltr'>ἰκετ-</span> 
     </span>
    </p>
   </div>
   <div class='ocr_carea' id='block_1_59' title="bbox 2350 1585 4044 1667">
    <p class='ocr_par' dir='ltr' id='par_1_59' title="bbox 2350 1585 4044 1667">
     <span class='ocr_line' id='line_1_59' title="bbox 2350 1585 4044 1667; baseline 0.008 -28"><span class='ocrx_word' id='word_1_409' title='bbox 2350 1608 2428 1643; x_wconf 93' lang='grc' dir='ltr'><strong>νοι</strong></span> <span class='ocrx_word' id='word_1_410' title='bbox 2485 1585 2539 1642; x_wconf 81' lang='grc' dir='ltr'>δὲ</span> <span class='ocrx_word' id='word_1_411' title='bbox 2610 1588 2959 1667; x_wconf 83' lang='grc' dir='ltr'>προεδρεύωσι</span> <span class='ocrx_word' id='word_1_412' title='bbox 3005 1608 3021 1665; x_wconf 84' lang='grc'><strong>;</strong></span> <span class='ocrx_word' id='word_1_413' title='bbox 3056 1593 3226 1649; x_wconf 85' lang='grc' dir='ltr'>Πόσου</span> <span class='ocrx_word' id='word_1_414' title='bbox 3254 1593 3308 1649; x_wconf 84' lang='grc' dir='ltr'>δὲ</span> <span class='ocrx_word' id='word_1_415' title='bbox 3354 1595 3565 1653; x_wconf 79' lang='grc' dir='ltr'>ἐπαίνου</span> <span class='ocrx_word' id='word_1_416' title='bbox 3608 1597 3759 1663; x_wconf 74' lang='grc' dir='ltr'>ἄξιον</span> <span class='ocrx_word' id='word_1_417' title='bbox 3799 1602 4044 1656; x_wconf 71' lang='grc' dir='ltr'>τούναν-</span> 
     </span>
    </p>
   </div>
   <div class='ocr_carea' id='block_1_60' title="bbox 2346 1675 4036 1761">
    <p class='ocr_par' dir='ltr' id='par_1_60' title="bbox 2346 1675 4036 1761">
     <span class='ocr_line' id='line_1_60' title="bbox 2346 1675 4036 1761; baseline 0.01 -32"><span class='ocrx_word' id='word_1_418' title='bbox 2346 1675 2477 1749; x_wconf 88' lang='grc' dir='ltr'>τίον,</span> <span class='ocrx_word' id='word_1_419' title='bbox 2547 1676 2671 1733; x_wconf 81' lang='grc' dir='ltr'>ὅταν</span> <span class='ocrx_word' id='word_1_420' title='bbox 2729 1681 2757 1734; x_wconf 81' lang='grc' dir='ltr'><strong>ὁ</strong></span> <span class='ocrx_word' id='word_1_421' title='bbox 2811 1680 2908 1747; x_wconf 77' lang='grc' dir='ltr'>τῆς</span> <span class='ocrx_word' id='word_1_422' title='bbox 2964 1682 3181 1759; x_wconf 82' lang='grc' dir='ltr'>πρώτης</span> <span class='ocrx_word' id='word_1_423' title='bbox 3211 1682 3461 1761; x_wconf 71' lang='grc' dir='ltr'>καθέδρας</span> <span class='ocrx_word' id='word_1_424' title='bbox 3498 1684 3667 1760; x_wconf 80' lang='grc' dir='ltr'>ἂξιος,</span> <span class='ocrx_word' id='word_1_425' title='bbox 3722 1687 3957 1750; x_wconf 78' lang='grc' dir='ltr'>ὓποεάς</span> 
     </span>
    </p>
   </div>
   <div class='ocr_carea' id='block_1_61' title="bbox 2346 1764 4035 1852">
    <p class='ocr_par' dir='ltr' id='par_1_61' title="bbox 2346 1764 4035 1852">
     <span class='ocr_line' id='line_1_61' title="bbox 2346 1764 4035 1852; baseline 0.008 -32"><span class='ocrx_word' id='word_1_426' title='bbox 2346 1764 2548 1844; x_wconf 84' lang='grc' dir='ltr'>ἀρχῆς,</span> <span class='ocrx_word' id='word_1_427' title='bbox 2622 1767 2746 1824; x_wconf 77' lang='grc' dir='ltr'>εἶτα</span> <span class='ocrx_word' id='word_1_428' title='bbox 2805 1768 3128 1848; x_wconf 67' lang='grc' dir='ltr'>προεδρεύων</span> <span class='ocrx_word' id='word_1_429' title='bbox 3186 1773 3390 1850; x_wconf 73' lang='grc' dir='ltr'>εὑρεθῇ,</span> <span class='ocrx_word' id='word_1_430' title='bbox 3447 1775 3662 1830; x_wconf 86' lang='grc' dir='ltr'>πάντων</span> <span class='ocrx_word' id='word_1_431' title='bbox 3726 1775 4035 1852; x_wconf 64' lang='grc' dir='ltr'>ἐξισταμέ-</span> 
     </span>
    </p>
   </div>
   <div class='ocr_carea' id='block_1_62' title="bbox 2347 1858 4029 1942">
    <p class='ocr_par' dir='ltr' id='par_1_62' title="bbox 2347 1858 4029 1942">
     <span class='ocr_line' id='line_1_62' title="bbox 2347 1858 4029 1942; baseline 0.008 -34"><span class='ocrx_word' id='word_1_432' title='bbox 2347 1877 2450 1909; x_wconf 90' lang='grc' dir='ltr'>νων</span> <span class='ocrx_word' id='word_1_433' title='bbox 2520 1858 2662 1929; x_wconf 56' lang='lat' dir='ltr'><strong>«sui»</strong></span> <span class='ocrx_word' id='word_1_434' title='bbox 2718 1864 2823 1914; x_wconf 82' lang='grc' dir='ltr'>τῶν</span> <span class='ocrx_word' id='word_1_435' title='bbox 2856 1861 3177 1936; x_wconf 71' lang='grc' dir='ltr'>πρωτείων,</span> <span class='ocrx_word' id='word_1_436' title='bbox 3254 1872 3363 1939; x_wconf 72' lang='lat' dir='ltr'><strong>Ap:</strong></span> <span class='ocrx_word' id='word_1_437' title='bbox 3420 1866 3582 1942; x_wconf 70' lang='grc' dir='ltr'>μικρά</span> <span class='ocrx_word' id='word_1_438' title='bbox 3625 1886 3717 1921; x_wconf 88' lang='grc' dir='ltr'><strong>σοι</strong></span> <span class='ocrx_word' id='word_1_439' title='bbox 3782 1864 3963 1923; x_wconf 78' lang='grc' dir='ltr'>δοκεῖ</span> <span class='ocrx_word' id='word_1_440' title='bbox 4004 1872 4029 1934; x_wconf 69' lang='grc' dir='ltr'>ἱ,</span> 
     </span>
    </p>
   </div>
   <div class='ocr_carea' id='block_1_63' title="bbox 2346 1946 4029 2031">
    <p class='ocr_par' dir='ltr' id='par_1_63' title="bbox 2346 1946 4029 2031">
     <span class='ocr_line' id='line_1_63' title="bbox 2346 1946 4029 2031; baseline 0.008 -34"><span class='ocrx_word' id='word_1_441' title='bbox 2346 1946 2564 2010; x_wconf 78' lang='grc' dir='ltr'>τοιαύτη</span> <span class='ocrx_word' id='word_1_442' title='bbox 2618 1952 2711 2001; x_wconf 80' lang='grc' dir='ltr'>τοῦ</span> <span class='ocrx_word' id='word_1_443' title='bbox 2776 1948 2957 2025; x_wconf 82' lang='grc' dir='ltr'>Κυρίου</span> <span class='ocrx_word' id='word_1_444' title='bbox 3020 1951 3346 2026; x_wconf 74' lang='grc' dir='ltr'>παραίνεσις,</span> <span class='ocrx_word' id='word_1_445' title='bbox 3406 1953 3501 2018; x_wconf 80' lang='grc' dir='ltr'>τὴν</span> <span class='ocrx_word' id='word_1_446' title='bbox 3561 1955 3848 2031; x_wconf 79' lang='grc' dir='ltr'>μεγίστην</span> <span class='ocrx_word' id='word_1_447' title='bbox 3928 1963 4029 2011; x_wconf 68' lang='lat' dir='ltr'><strong>tein</strong></span> 
     </span>
    </p>
   </div>
   <div class='ocr_carea' id='block_1_64' title="bbox 2342 2030 4025 2119">
    <p class='ocr_par' dir='ltr' id='par_1_64' title="bbox 2342 2030 4025 2119">
     <span class='ocr_line' id='line_1_64' title="bbox 2342 2030 4025 2119; baseline 0.01 -34"><span class='ocrx_word' id='word_1_448' title='bbox 2342 2030 2566 2108; x_wconf 77' lang='grc' dir='ltr'>ἀρετῶν,</span> <span class='ocrx_word' id='word_1_449' title='bbox 2639 2034 2737 2100; x_wconf 76' lang='grc' dir='ltr'>τὴν</span> <span class='ocrx_word' id='word_1_450' title='bbox 2808 2037 3123 2093; x_wconf 86' lang='grc' dir='ltr'>ταπείνωσιν</span> <span class='ocrx_word' id='word_1_451' title='bbox 3152 2039 3546 2119; x_wconf 69' lang='grc' dir='ltr'>ὑπογράφουσα,</span> <span class='ocrx_word' id='word_1_452' title='bbox 3612 2044 3708 2098; x_wconf 78' lang='grc' dir='ltr'><strong>καὶ</strong></span> <span class='ocrx_word' id='word_1_453' title='bbox 3742 2058 3890 2106; x_wconf 79' lang='grc' dir='ltr'>ταῖς</span> <span class='ocrx_word' id='word_1_454' title='bbox 3925 2047 4025 2101; x_wconf 62' lang='grc' dir='ltr'>τῶν</span> 
     </span>
    </p>
   </div>
   <div class='ocr_carea' id='block_1_65' title="bbox 2343 2119 4020 2208">
    <p class='ocr_par' dir='ltr' id='par_1_65' title="bbox 2343 2119 4020 2208">
     <span class='ocr_line' id='line_1_65' title="bbox 2343 2119 4020 2208; baseline 0.01 -35"><span class='ocrx_word' id='word_1_455' title='bbox 2343 2119 2697 2196; x_wconf 77' lang='grc' dir='ltr'>ἀκροωμένων</span> <span class='ocrx_word' id='word_1_456' title='bbox 2756 2128 2962 2203; x_wconf 78' lang='grc' dir='ltr'>ψυχαῖς</span> <span class='ocrx_word' id='word_1_457' title='bbox 3035 2124 3420 2208; x_wconf 58' lang='grc' dir='ltr'>ἐγκαθιστωσα,</span> <span class='ocrx_word' id='word_1_458' title='bbox 3453 2133 3537 2185; x_wconf 84' lang='grc' dir='ltr'>καὶ</span> <span class='ocrx_word' id='word_1_459' title='bbox 3591 2134 3729 2206; x_wconf 76' lang='grc' dir='ltr'>πρὸς</span> <span class='ocrx_word' id='word_1_460' title='bbox 3793 2136 3868 2188; x_wconf 79' lang='grc' dir='ltr'>τὸ</span> <span class='ocrx_word' id='word_1_461' title='bbox 3934 2136 4020 2189; x_wconf 69' lang='grc' dir='ltr'><strong>ὦ·</strong></span> 
     </span>
    </p>
   </div>
   <div class='ocr_carea' id='block_1_66' title="bbox 2343 2210 4019 2298">
    <p class='ocr_par' dir='ltr' id='par_1_66' title="bbox 2343 2210 4019 2298">
     <span class='ocr_line' id='line_1_66' title="bbox 2343 2210 4019 2298; baseline 0.008 -34"><span class='ocrx_word' id='word_1_462' title='bbox 2343 2230 2562 2287; x_wconf 85' lang='grc' dir='ltr'>σχημον</span> <span class='ocrx_word' id='word_1_463' title='bbox 2640 2210 2838 2290; x_wconf 77' lang='grc' dir='ltr'>ἄγουσα</span> <span class='ocrx_word' id='word_1_464' title='bbox 2898 2214 3051 2292; x_wconf 80' lang='grc' dir='ltr'>τόνγε</span> <span class='ocrx_word' id='word_1_465' title='bbox 3082 2217 3243 2282; x_wconf 71' lang='grc' dir='ltr'>αὐτῆς</span> <span class='ocrx_word' id='word_1_466' title='bbox 3276 2216 3527 2273; x_wconf 83' lang='grc' dir='ltr'>ἀκούοντα</span> <span class='ocrx_word' id='word_1_467' title='bbox 3561 2237 3575 2276; x_wconf 89' lang='lat'><strong>:</strong></span> <span class='ocrx_word' id='word_1_468' title='bbox 3626 2219 3766 2298; x_wconf 77' lang='grc' dir='ltr'>ὅπερ</span> <span class='ocrx_word' id='word_1_469' title='bbox 3806 2223 3909 2277; x_wconf 77' lang='grc' dir='ltr'>οὖν</span> <span class='ocrx_word' id='word_1_470' title='bbox 3943 2227 4019 2277; x_wconf 72' lang='lat' dir='ltr'><strong>x13</strong></span> 
     </span>
    </p>
   </div>
   <div class='ocr_carea' id='block_1_67' title="bbox 2343 2300 3993 2379">
    <p class='ocr_par' dir='ltr' id='par_1_67' title="bbox 2343 2300 3993 2379">
     <span class='ocr_line' id='line_1_67' title="bbox 2343 2300 3993 2379; baseline 0.008 -26"><span class='ocrx_word' id='word_1_471' title='bbox 2343 2300 2371 2352; x_wconf 85' lang='grc' dir='ltr'>ὁ</span> <span class='ocrx_word' id='word_1_472' title='bbox 2430 2306 2656 2376; x_wconf 77' lang='grc' dir='ltr'>Χριστοῦ</span> <span class='ocrx_word' id='word_1_473' title='bbox 2687 2302 2933 2369; x_wconf 68' lang='grc' dir='ltr'>μαθητὴς</span> <span class='ocrx_word' id='word_1_474' title='bbox 2965 2303 3169 2366; x_wconf 80' lang='grc' dir='ltr'>Παῦλος</span> <span class='ocrx_word' id='word_1_475' title='bbox 3194 2304 3407 2378; x_wconf 74' lang='grc' dir='ltr'>ὕστερον</span> <span class='ocrx_word' id='word_1_476' title='bbox 3435 2307 3586 2379; x_wconf 78' lang='grc' dir='ltr'>εἶπε,</span> <span class='ocrx_word' id='word_1_477' title='bbox 3623 2333 3654 2363; x_wconf 76' lang='grc' dir='ltr'>ι</span> <span class='ocrx_word' id='word_1_478' title='bbox 3693 2310 3894 2366; x_wconf 80' lang='grc' dir='ltr'>Πάντα</span> <span class='ocrx_word' id='word_1_479' title='bbox 3939 2316 3993 2367; x_wconf 66' lang='grc' dir='ltr'>εὖ</span> 
     </span>
    </p>
   </div>
   <div class='ocr_carea' id='block_1_68' title="bbox 2342 2390 4009 2471">
    <p class='ocr_par' dir='ltr' id='par_1_68' title="bbox 2342 2390 4009 2471">
     <span class='ocr_line' id='line_1_68' title="bbox 2342 2390 4009 2471; baseline 0.006 -30"><span class='ocrx_word' id='word_1_480' title='bbox 2342 2390 2637 2465; x_wconf 87' lang='grc' dir='ltr'>σχημόνως</span> <span class='ocrx_word' id='word_1_481' title='bbox 2712 2392 2796 2444; x_wconf 81' lang='grc' dir='ltr'><strong>καὶ</strong></span> <span class='ocrx_word' id='word_1_482' title='bbox 2828 2392 2963 2446; x_wconf 86' lang='grc' dir='ltr'><strong>κατά</strong></span> <span class='ocrx_word' id='word_1_483' title='bbox 2993 2391 3160 2471; x_wconf 79' lang='grc' dir='ltr'>τάξιν,</span> <span class='ocrx_word' id='word_1_484' title='bbox 3188 2395 3339 2471; x_wconf 71' lang='grc' dir='ltr'>φησὶ,</span> <span class='ocrx_word' id='word_1_485' title='bbox 3392 2396 3647 2470; x_wconf 77' lang='grc' dir='ltr'>γινέσθω.</span> <span class='ocrx_word' id='word_1_486' title='bbox 3688 2420 3719 2451; x_wconf 70' lang='grc' dir='ltr'><strong><em>ι</em></strong></span> <span class='ocrx_word' id='word_1_487' title='bbox 3757 2402 3896 2461; x_wconf 77' lang='grc' dir='ltr'><strong>Πῶς</strong></span> <span class='ocrx_word' id='word_1_488' title='bbox 3930 2404 4009 2455; x_wconf 69' lang='grc' dir='ltr'>οὖν</span> 
     </span>
    </p>
   </div>
   <div class='ocr_carea' id='block_1_69' title="bbox 2339 2478 4009 2559">
    <p class='ocr_par' dir='ltr' id='par_1_69' title="bbox 2339 2478 4009 2559">
     <span class='ocr_line' id='line_1_69' title="bbox 2339 2478 4009 2559; baseline 0.007 -30"><span class='ocrx_word' id='word_1_489' title='bbox 2339 2482 2492 2531; x_wconf 82' lang='grc' dir='ltr'>τοῦτο</span> <span class='ocrx_word' id='word_1_490' title='bbox 2550 2478 2831 2552; x_wconf 86' lang='grc' dir='ltr'>γενήσεται</span> <span class='ocrx_word' id='word_1_491' title='bbox 2864 2498 2879 2557; x_wconf 79' lang='grc'>;</span> <span class='ocrx_word' id='word_1_492' title='bbox 2939 2478 3130 2546; x_wconf 83' lang='grc' dir='ltr'>Μηδεὶς</span> <span class='ocrx_word' id='word_1_493' title='bbox 3168 2484 3228 2536; x_wconf 87' lang='grc' dir='ltr'>τὸ</span> <span class='ocrx_word' id='word_1_494' title='bbox 3260 2482 3445 2536; x_wconf 81' lang='grc' dir='ltr'>ἑαυτοῦ</span> <span class='ocrx_word' id='word_1_495' title='bbox 3486 2487 3740 2559; x_wconf 84' lang='grc' dir='ltr'>ζητείτω,</span> <span class='ocrx_word' id='word_1_496' title='bbox 3774 2484 3930 2543; x_wconf 76' lang='grc' dir='ltr'>ἆλλά</span> 
     </span>
    </p>
   </div>
   <div class='ocr_carea' id='block_1_70' title="bbox 2337 2559 4005 2649">
    <p class='ocr_par' dir='ltr' id='par_1_70' title="bbox 2337 2559 4005 2649">
     <span class='ocr_line' id='line_1_70' title="bbox 2337 2559 4005 2649; baseline 0.007 -28"><span class='ocrx_word' id='word_1_497' title='bbox 2337 2573 2430 2649; x_wconf 79' lang='grc' dir='ltr'>τοῦ</span> <span class='ocrx_word' id='word_1_498' title='bbox 2483 2563 2660 2643; x_wconf 69' lang='grc' dir='ltr'>ἐτέρου</span> <span class='ocrx_word' id='word_1_499' title='bbox 2732 2565 2979 2630; x_wconf 81' lang='grc' dir='ltr'>ἕκαστος,</span> <span class='ocrx_word' id='word_1_500' title='bbox 3032 2559 3182 2646; x_wconf 81' lang='grc' dir='ltr'><strong>Ὀρᾷς</strong></span> <span class='ocrx_word' id='word_1_501' title='bbox 3212 2571 3303 2625; x_wconf 84' lang='grc' dir='ltr'><strong>τὸν</strong></span> <span class='ocrx_word' id='word_1_502' title='bbox 3346 2573 3591 2641; x_wconf 73' lang='grc' dir='ltr'>μαθητὴν</span> <span class='ocrx_word' id='word_1_503' title='bbox 3623 2576 3690 2630; x_wconf 76' lang='grc' dir='ltr'><strong>τὰ</strong></span> <span class='ocrx_word' id='word_1_504' title='bbox 3734 2580 3882 2633; x_wconf 73' lang='grc' dir='ltr'>αὖτά</span> <span class='ocrx_word' id='word_1_505' title='bbox 3940 2582 4005 2649; x_wconf 65' lang='grc' dir='ltr'>τῷ</span> 
     </span>
    </p>
   </div>
   <div class='ocr_carea' id='block_1_71' title="bbox 2339 2648 4000 2738">
    <p class='ocr_par' dir='ltr' id='par_1_71' title="bbox 2339 2648 4000 2738">
     <span class='ocr_line' id='line_1_71' title="bbox 2339 2648 4000 2738; baseline 0.007 -33"><span class='ocrx_word' id='word_1_506' title='bbox 2339 2648 2635 2708; x_wconf 79' lang='grc' dir='ltr'>διδασκάλω</span> <span class='ocrx_word' id='word_1_507' title='bbox 2691 2655 3048 2733; x_wconf 77' lang='grc' dir='ltr'>φθεγγόμενον</span> <span class='ocrx_word' id='word_1_508' title='bbox 3091 2679 3108 2731; x_wconf 83' lang='lat'><strong>;</strong></span> <span class='ocrx_word' id='word_1_509' title='bbox 3142 2660 3211 2716; x_wconf 84' lang='grc' dir='ltr'>Τὸ</span> <span class='ocrx_word' id='word_1_510' title='bbox 3240 2656 3318 2738; x_wconf 82' lang='grc' dir='ltr'>δὲ,</span> <span class='ocrx_word' id='word_1_511' title='bbox 3358 2682 3385 2713; x_wconf 77' lang='grc' dir='ltr'><strong>α</strong></span> <span class='ocrx_word' id='word_1_512' title='bbox 3420 2666 3529 2723; x_wconf 88' lang='grc' dir='ltr'><strong>Πάς</strong></span> <span class='ocrx_word' id='word_1_513' title='bbox 3562 2665 3590 2717; x_wconf 79' lang='grc' dir='ltr'>ὁ</span> <span class='ocrx_word' id='word_1_514' title='bbox 3617 2664 3778 2736; x_wconf 60' lang='grc' dir='ltr'>ὑψῶν</span> <span class='ocrx_word' id='word_1_515' title='bbox 3824 2664 4000 2720; x_wconf 57' lang='grc' dir='ltr'>ἑαυτὸν</span> 
     </span>
    </p>
   </div>
   <div class='ocr_carea' id='block_1_72' title="bbox 2336 2743 3996 2829">
    <p class='ocr_par' dir='ltr' id='par_1_72' title="bbox 2336 2743 3996 2829">
     <span class='ocr_line' id='line_1_72' title="bbox 2336 2743 3996 2829; baseline 0.009 -33"><span class='ocrx_word' id='word_1_516' title='bbox 2336 2743 2813 2818; x_wconf 76' lang='grc' dir='ltr'>ταπεινωθήσεται,</span> <span class='ocrx_word' id='word_1_517' title='bbox 2853 2768 2876 2802; x_wconf 69' lang='grc' dir='ltr'><strong>υ</strong></span> <span class='ocrx_word' id='word_1_518' title='bbox 2939 2752 3052 2808; x_wconf 82' lang='grc' dir='ltr'>πῶς</span> <span class='ocrx_word' id='word_1_519' title='bbox 3077 2749 3336 2823; x_wconf 80' lang='grc' dir='ltr'>νοήσομεν</span> <span class='ocrx_word' id='word_1_520' title='bbox 3369 2768 3385 2829; x_wconf 67' lang='grc' dir='ltr'><strong>ς</strong></span> <span class='ocrx_word' id='word_1_521' title='bbox 3424 2752 3521 2806; x_wconf 77' lang='grc' dir='ltr'><strong>Καὶ</strong></span> <span class='ocrx_word' id='word_1_522' title='bbox 3550 2753 3650 2828; x_wconf 77' lang='grc' dir='ltr'>γὰρ</span> <span class='ocrx_word' id='word_1_523' title='bbox 3718 2753 3923 2811; x_wconf 72' lang='grc' dir='ltr'>πολλοὶ</span> <span class='ocrx_word' id='word_1_524' title='bbox 3951 2756 3996 2810; x_wconf 66' lang='grc' dir='ltr'>ἐν</span> 
     </span>
    </p>
   </div>
   <div class='ocr_carea' id='block_1_73' title="bbox 2335 2831 3992 2913">
    <p class='ocr_par' dir='ltr' id='par_1_73' title="bbox 2335 2831 3992 2913">
     <span class='ocr_line' id='line_1_73' title="bbox 2335 2831 3992 2913; baseline 0.009 -29"><span class='ocrx_word' id='word_1_525' title='bbox 2335 2835 2411 2902; x_wconf 83' lang='grc' dir='ltr'>τῷ</span> <span class='ocrx_word' id='word_1_526' title='bbox 2465 2831 2563 2906; x_wconf 85' lang='grc' dir='ltr'>βίῳ</span> <span class='ocrx_word' id='word_1_527' title='bbox 2631 2832 3072 2908; x_wconf 67' lang='grc' dir='ltr'>τούτῳῦψούνιες</span> <span class='ocrx_word' id='word_1_528' title='bbox 3144 2838 3381 2911; x_wconf 78' lang='grc' dir='ltr'>ἑαυτοὺς,</span> <span class='ocrx_word' id='word_1_529' title='bbox 3413 2843 3578 2913; x_wconf 81' lang='grc' dir='ltr'>τιμῆς</span> <span class='ocrx_word' id='word_1_530' title='bbox 3628 2840 3992 2899; x_wconf 66' lang='grc' dir='ltr'>ἀπολαύοντι·</span> 
     </span>
    </p>
   </div>
   <div class='ocr_carea' id='block_1_74' title="bbox 2335 2920 3990 3007">
    <p class='ocr_par' dir='ltr' id='par_1_74' title="bbox 2335 2920 3990 3007">
     <span class='ocr_line' id='line_1_74' title="bbox 2335 2920 3990 3007; baseline 0.008 -33"><span class='ocrx_word' id='word_1_531' title='bbox 2335 2927 2489 2975; x_wconf 87' lang='grc' dir='ltr'>τοῦτο</span> <span class='ocrx_word' id='word_1_532' title='bbox 2546 2920 2645 2994; x_wconf 84' lang='grc' dir='ltr'>μὲν</span> <span class='ocrx_word' id='word_1_533' title='bbox 2703 2922 2792 2977; x_wconf 73' lang='grc' dir='ltr'>οὖν</span> <span class='ocrx_word' id='word_1_534' title='bbox 2848 2922 2957 2979; x_wconf 82' lang='grc' dir='ltr'>ἔστι</span> <span class='ocrx_word' id='word_1_535' title='bbox 3017 2927 3076 2979; x_wconf 89' lang='grc' dir='ltr'>τὸ</span> <span class='ocrx_word' id='word_1_536' title='bbox 3123 2929 3513 3007; x_wconf 68' lang='grc' dir='ltr'>ταπεινοῦσθαι,</span> <span class='ocrx_word' id='word_1_537' title='bbox 3547 2926 3680 2983; x_wconf 79' lang='grc' dir='ltr'>ὅταν</span> <span class='ocrx_word' id='word_1_538' title='bbox 3708 2951 3792 2991; x_wconf 88' lang='grc' dir='ltr'><strong>τις</strong></span> <span class='ocrx_word' id='word_1_539' title='bbox 3858 2934 3990 2988; x_wconf 72' lang='grc' dir='ltr'>ἀπο-</span> 
     </span>
    </p>
   </div>
   <div class='ocr_carea' id='block_1_75' title="bbox 2335 3007 3987 3097">
    <p class='ocr_par' dir='ltr' id='par_1_75' title="bbox 2335 3007 3987 3097">
     <span class='ocr_line' id='line_1_75' title="bbox 2335 3007 3987 3097; baseline 0.008 -34"><span class='ocrx_word' id='word_1_540' title='bbox 2335 3007 2469 3085; x_wconf 80' lang='grc' dir='ltr'>λαύῃ</span> <span class='ocrx_word' id='word_1_541' title='bbox 2522 3007 2762 3075; x_wconf 85' lang='grc' dir='ltr'>πλείονος</span> <span class='ocrx_word' id='word_1_542' title='bbox 2822 3013 2980 3087; x_wconf 75' lang='grc' dir='ltr'>τιμῆς</span> <span class='ocrx_word' id='word_1_543' title='bbox 3054 3013 3105 3069; x_wconf 80' lang='grc' dir='ltr'>ἐν</span> <span class='ocrx_word' id='word_1_544' title='bbox 3148 3021 3225 3088; x_wconf 84' lang='grc' dir='ltr'>τῷ</span> <span class='ocrx_word' id='word_1_545' title='bbox 3252 3018 3457 3089; x_wconf 86' lang='grc' dir='ltr'>κόσμῳ·</span> <span class='ocrx_word' id='word_1_546' title='bbox 3505 3018 3625 3072; x_wconf 87' lang='grc' dir='ltr'>τότε</span> <span class='ocrx_word' id='word_1_547' title='bbox 3659 3021 3766 3097; x_wconf 75' lang='grc' dir='ltr'><strong>γὰρ</strong></span> <span class='ocrx_word' id='word_1_548' title='bbox 3816 3020 3987 3083; x_wconf 72' lang='grc' dir='ltr'>ἄθλιος</span> 
     </span>
    </p>
   </div>
   <div class='ocr_carea' id='block_1_76' title="bbox 2332 3099 3989 3187">
    <p class='ocr_par' dir='ltr' id='par_1_76' title="bbox 2332 3099 3989 3187">
     <span class='ocr_line' id='line_1_76' title="bbox 2332 3099 3989 3187; baseline 0.01 -35"><span class='ocrx_word' id='word_1_549' title='bbox 2332 3099 2419 3153; x_wconf 86' lang='grc' dir='ltr'><strong>καὶ</strong></span> <span class='ocrx_word' id='word_1_550' title='bbox 2474 3100 2719 3162; x_wconf 85' lang='grc' dir='ltr'>ταπεινὸς</span> <span class='ocrx_word' id='word_1_551' title='bbox 2778 3103 2918 3179; x_wconf 86' lang='grc' dir='ltr'><strong>παρά</strong></span> <span class='ocrx_word' id='word_1_552' title='bbox 2971 3110 3107 3175; x_wconf 85' lang='grc' dir='ltr'><strong>Θεῷ.</strong></span> <span class='ocrx_word' id='word_1_553' title='bbox 3144 3103 3158 3127; x_wconf 84' lang='grc'><strong>’</strong></span> <span class='ocrx_word' id='word_1_554' title='bbox 3184 3112 3383 3160; x_wconf 79' lang='grc' dir='ltr'>Επειτα</span> <span class='ocrx_word' id='word_1_555' title='bbox 3407 3103 3461 3160; x_wconf 70' lang='grc' dir='ltr'>δὲ</span> <span class='ocrx_word' id='word_1_556' title='bbox 3491 3110 3587 3164; x_wconf 67' lang='grc' dir='ltr'>οὐκ</span> <span class='ocrx_word' id='word_1_557' title='bbox 3615 3106 3752 3187; x_wconf 74' lang='grc' dir='ltr'>ἄχρι</span> <span class='ocrx_word' id='word_1_558' title='bbox 3780 3109 3989 3173; x_wconf 62' lang='grc' dir='ltr'>τέλους.</span> 
     </span>
    </p>
   </div>
   <div class='ocr_carea' id='block_1_77' title="bbox 2332 3185 3986 3275">
    <p class='ocr_par' dir='ltr' id='par_1_77' title="bbox 2332 3185 3986 3275">
     <span class='ocr_line' id='line_1_77' title="bbox 2332 3185 3986 3275; baseline 0.007 -32"><span class='ocrx_word' id='word_1_559' title='bbox 2332 3185 2447 3243; x_wconf 71' lang='grc' dir='ltr'>οὐδὲ</span> <span class='ocrx_word' id='word_1_560' title='bbox 2505 3190 2648 3266; x_wconf 80' lang='grc' dir='ltr'>παρὰ</span> <span class='ocrx_word' id='word_1_561' title='bbox 2729 3196 2892 3246; x_wconf 81' lang='grc' dir='ltr'>πᾶσιν</span> <span class='ocrx_word' id='word_1_562' title='bbox 2948 3192 2976 3247; x_wconf 86' lang='grc' dir='ltr'>ὁ</span> <span class='ocrx_word' id='word_1_563' title='bbox 3045 3201 3279 3256; x_wconf 83' lang='grc' dir='ltr'>τοιουτος</span> <span class='ocrx_word' id='word_1_564' title='bbox 3333 3200 3573 3275; x_wconf 82' lang='grc' dir='ltr'>τιμᾶται,</span> <span class='ocrx_word' id='word_1_565' title='bbox 3606 3185 3734 3251; x_wconf 77' lang='grc' dir='ltr'>ἀλλ’</span> <span class='ocrx_word' id='word_1_566' title='bbox 3767 3198 3830 3254; x_wconf 70' lang='grc' dir='ltr'>ἓν</span> <span class='ocrx_word' id='word_1_567' title='bbox 3890 3201 3986 3273; x_wconf 66' lang='lat' dir='ltr'><strong>Bap</strong></span> 
     </span>
    </p>
   </div>
   <div class='ocr_carea' id='block_1_78' title="bbox 2330 3278 3983 3364">
    <p class='ocr_par' dir='ltr' id='par_1_78' title="bbox 2330 3278 3983 3364">
     <span class='ocr_line' id='line_1_78' title="bbox 2330 3278 3983 3364; baseline 0.01 -33"><span class='ocrx_word' id='word_1_568' title='bbox 2330 3278 2533 3342; x_wconf 82' lang='grc' dir='ltr'>τούτοις</span> <span class='ocrx_word' id='word_1_569' title='bbox 2590 3284 2828 3359; x_wconf 83' lang='grc' dir='ltr'>τιμᾶται,</span> <span class='ocrx_word' id='word_1_570' title='bbox 2910 3280 3108 3339; x_wconf 76' lang='grc' dir='ltr'>ἐκεῖνοι</span> <span class='ocrx_word' id='word_1_571' title='bbox 3175 3281 3504 3364; x_wconf 82' lang='grc' dir='ltr'>διασύρουσιν</span> <span class='ocrx_word' id='word_1_572' title='bbox 3560 3288 3745 3360; x_wconf 76' lang='grc' dir='ltr'>αὐτὸν,</span> <span class='ocrx_word' id='word_1_573' title='bbox 3814 3288 3852 3355; x_wconf 74' lang='grc' dir='ltr'>ἦ</span> <span class='ocrx_word' id='word_1_574' title='bbox 3909 3302 3983 3346; x_wconf 68' lang='lat' dir='ltr'><strong>aui</strong></span> 
     </span>
    </p>
   </div>
   <div class='ocr_carea' id='block_1_79' title="bbox 2330 3364 3981 3442">
    <p class='ocr_par' dir='ltr' id='par_1_79' title="bbox 2330 3364 3981 3442">
     <span class='ocr_line' id='line_1_79' title="bbox 2330 3364 3981 3442; baseline 0.008 -23"><span class='ocrx_word' id='word_1_575' title='bbox 2330 3364 2476 3421; x_wconf 74' lang='grc' dir='ltr'>αὐτοὶ</span> <span class='ocrx_word' id='word_1_576' title='bbox 2518 3368 2565 3421; x_wconf 83' lang='grc' dir='ltr'>οἱ</span> <span class='ocrx_word' id='word_1_577' title='bbox 2607 3374 2887 3442; x_wconf 78' lang='grc' dir='ltr'>τιμίυντες,</span> <span class='ocrx_word' id='word_1_578' title='bbox 2924 3367 3154 3439; x_wconf 79' lang='grc' dir='ltr'>Ἀληθής</span> <span class='ocrx_word' id='word_1_579' title='bbox 3208 3372 3298 3428; x_wconf 74' lang='grc' dir='ltr'>οὖν</span> <span class='ocrx_word' id='word_1_580' title='bbox 3327 3376 3360 3440; x_wconf 82' lang='grc' dir='ltr'>ἡ</span> <span class='ocrx_word' id='word_1_581' title='bbox 3405 3377 3504 3439; x_wconf 80' lang='grc' dir='ltr'>τῆς</span> <span class='ocrx_word' id='word_1_582' title='bbox 3549 3372 3807 3441; x_wconf 81' lang='grc' dir='ltr'>ἀληθείας</span> <span class='ocrx_word' id='word_1_583' title='bbox 3844 3380 3981 3433; x_wconf 74' lang='grc' dir='ltr'>ἀπο-</span> 
     </span>
    </p>
   </div>
   <div class='ocr_carea' id='block_1_80' title="bbox 2329 3458 3983 3542">
    <p class='ocr_par' dir='ltr' id='par_1_80' title="bbox 2329 3458 3983 3542">
     <span class='ocr_line' id='line_1_80' title="bbox 2329 3458 3983 3542; baseline 0.008 -33"><span class='ocrx_word' id='word_1_584' title='bbox 2329 3474 2505 3532; x_wconf 71' lang='grc' dir='ltr'>φασις.</span> <span class='ocrx_word' id='word_1_585' title='bbox 2570 3458 2668 3514; x_wconf 80' lang='grc' dir='ltr'><strong>Καὶ</strong></span> <span class='ocrx_word' id='word_1_586' title='bbox 2733 3464 2838 3521; x_wconf 83' lang='grc' dir='ltr'>πᾶς</span> <span class='ocrx_word' id='word_1_587' title='bbox 2893 3458 2924 3514; x_wconf 77' lang='grc' dir='ltr'>ὅ</span> <span class='ocrx_word' id='word_1_588' title='bbox 3014 3459 3220 3527; x_wconf 78' lang='grc' dir='ltr'>ἀνάξιος</span> <span class='ocrx_word' id='word_1_589' title='bbox 3283 3460 3472 3536; x_wconf 76' lang='grc' dir='ltr'>ὕψους,</span> <span class='ocrx_word' id='word_1_590' title='bbox 3545 3468 3983 3542; x_wconf 65' lang='grc' dir='ltr'>σφετεριζόμενος</span> 
     </span>
    </p>
   </div>
   <div class='ocr_carea' id='block_1_81' title="bbox 2326 3543 3983 3629">
    <p class='ocr_par' dir='ltr' id='par_1_81' title="bbox 2326 3543 3983 3629">
     <span class='ocr_line' id='line_1_81' title="bbox 2326 3543 3983 3629; baseline 0.007 -31"><span class='ocrx_word' id='word_1_591' title='bbox 2326 3543 2505 3617; x_wconf 73' lang='grc' dir='ltr'>τοῦτο,</span> <span class='ocrx_word' id='word_1_592' title='bbox 2565 3548 3040 3627; x_wconf 81' lang='grc' dir='ltr'>ταπεινωθήσεται,</span> <span class='ocrx_word' id='word_1_593' title='bbox 3101 3551 3189 3606; x_wconf 87' lang='grc' dir='ltr'><strong>καὶ</strong></span> <span class='ocrx_word' id='word_1_594' title='bbox 3248 3552 3389 3629; x_wconf 86' lang='grc' dir='ltr'><strong>παρά</strong></span> <span class='ocrx_word' id='word_1_595' title='bbox 3443 3556 3521 3624; x_wconf 83' lang='grc' dir='ltr'>τῷ</span> <span class='ocrx_word' id='word_1_596' title='bbox 3567 3558 3682 3626; x_wconf 78' lang='grc' dir='ltr'><strong>Θεῷ</strong></span> <span class='ocrx_word' id='word_1_597' title='bbox 3708 3554 3834 3629; x_wconf 79' lang='grc' dir='ltr'>μὲν,</span> <span class='ocrx_word' id='word_1_598' title='bbox 3894 3557 3983 3612; x_wconf 78' lang='grc' dir='ltr'><strong>ὅτε</strong></span> 
     </span>
    </p>
   </div>
   <div class='ocr_carea' id='block_1_82' title="bbox 2326 3632 3981 3715">
    <p class='ocr_par' dir='ltr' id='par_1_82' title="bbox 2326 3632 3981 3715">
     <span class='ocr_line' id='line_1_82' title="bbox 2326 3632 3981 3715; baseline 0.007 -28"><span class='ocrx_word' id='word_1_599' title='bbox 2326 3633 2361 3699; x_wconf 77' lang='grc' dir='ltr'>ἡ</span> <span class='ocrx_word' id='word_1_600' title='bbox 2414 3632 2686 3691; x_wconf 85' lang='grc' dir='ltr'>τελευταία</span> <span class='ocrx_word' id='word_1_601' title='bbox 2768 3637 2957 3713; x_wconf 87' lang='grc' dir='ltr'>κρίσις,</span> <span class='ocrx_word' id='word_1_602' title='bbox 3033 3638 3129 3694; x_wconf 87' lang='grc' dir='ltr'><strong>κάν</strong></span> <span class='ocrx_word' id='word_1_603' title='bbox 3183 3643 3259 3711; x_wconf 84' lang='grc' dir='ltr'><strong>τῷ</strong></span> <span class='ocrx_word' id='word_1_604' title='bbox 3458 3637 3512 3694; x_wconf 79' lang='grc' dir='ltr'>δὲ</span> <span class='ocrx_word' id='word_1_605' title='bbox 3541 3642 3715 3713; x_wconf 79' lang='grc' dir='ltr'>τούτῳ</span> <span class='ocrx_word' id='word_1_606' title='bbox 3758 3644 3981 3701; x_wconf 69' lang='grc' dir='ltr'>πάντων</span> 
     </span>
    </p>
   </div>
   <div class='ocr_carea' id='block_1_83' title="bbox 2327 3718 3973 3807">
    <p class='ocr_par' dir='ltr' id='par_1_83' title="bbox 2327 3718 3973 3807">
     <span class='ocr_line' id='line_1_83' title="bbox 2327 3718 3973 3807; baseline 0.009 -32"><span class='ocrx_word' id='word_1_607' title='bbox 2327 3718 2580 3796; x_wconf 74' lang='grc' dir='ltr'>μάλιστα·</span> <span class='ocrx_word' id='word_1_608' title='bbox 2640 3725 2787 3802; x_wconf 71' lang='grc' dir='ltr'>φύσει</span> <span class='ocrx_word' id='word_1_609' title='bbox 2858 3723 2913 3780; x_wconf 77' lang='grc' dir='ltr'>δὲ</span> <span class='ocrx_word' id='word_1_610' title='bbox 2968 3731 3073 3788; x_wconf 83' lang='grc' dir='ltr'><strong>πᾶς</strong></span> <span class='ocrx_word' id='word_1_611' title='bbox 3148 3726 3418 3805; x_wconf 81' lang='grc' dir='ltr'>ἅνθρωπος</span> <span class='ocrx_word' id='word_1_612' title='bbox 3479 3728 3685 3794; x_wconf 80' lang='grc' dir='ltr'>ἀνάξιος</span> <span class='ocrx_word' id='word_1_613' title='bbox 3784 3731 3973 3807; x_wconf 69' lang='grc' dir='ltr'>ὕψους.</span> 
     </span>
    </p>
   </div>
   <div class='ocr_carea' id='block_1_84' title="bbox 2325 3809 3969 3899">
    <p class='ocr_par' dir='ltr' id='par_1_84' title="bbox 2325 3809 3969 3899">
     <span class='ocr_line' id='line_1_84' title="bbox 2325 3809 3969 3899; baseline 0.009 -35"><span class='ocrx_word' id='word_1_614' title='bbox 2325 3809 2521 3877; x_wconf 77' lang='grc' dir='ltr'>Μηδεὶς</span> <span class='ocrx_word' id='word_1_615' title='bbox 2593 3813 2683 3869; x_wconf 75' lang='grc' dir='ltr'>οὖν</span> <span class='ocrx_word' id='word_1_616' title='bbox 2735 3813 3052 3893; x_wconf 81' lang='grc' dir='ltr'>ἑπαιρέσθω,</span> <span class='ocrx_word' id='word_1_617' title='bbox 3106 3816 3198 3872; x_wconf 81' lang='grc' dir='ltr'>’ἱνα</span> <span class='ocrx_word' id='word_1_618' title='bbox 3256 3818 3333 3891; x_wconf 79' lang='grc' dir='ltr'><strong>μὴ</strong></span> <span class='ocrx_word' id='word_1_619' title='bbox 3361 3819 3609 3896; x_wconf 72' lang='grc' dir='ltr'>ἒσχάτως</span> <span class='ocrx_word' id='word_1_620' title='bbox 3640 3827 3969 3899; x_wconf 74' lang='grc' dir='ltr'>ταπεινωθῇ.</span> 
     </span>
    </p>
   </div>
   <div class='ocr_carea' id='block_1_85' title="bbox 2411 3900 3969 3989">
    <p class='ocr_par' dir='ltr' id='par_1_85' title="bbox 2411 3900 3969 3989">
     <span class='ocr_line' id='line_1_85' title="bbox 2411 3900 3969 3989; baseline 0.006 -34"><span class='ocrx_word' id='word_1_621' title='bbox 2411 3924 2434 3953; x_wconf 85' lang='grc' dir='ltr'><strong>ιι</strong></span> <span class='ocrx_word' id='word_1_622' title='bbox 2472 3900 2683 3989; x_wconf 75' lang='grc' dir='ltr'>’Ἔλεγε</span> <span class='ocrx_word' id='word_1_623' title='bbox 2712 3900 2766 3958; x_wconf 80' lang='grc' dir='ltr'>δὲ</span> <span class='ocrx_word' id='word_1_624' title='bbox 2796 3910 2873 3977; x_wconf 85' lang='grc' dir='ltr'>τῷ</span> <span class='ocrx_word' id='word_1_625' title='bbox 2916 3903 3201 3972; x_wconf 86' lang='grc' dir='ltr'>κεκληκότι</span> <span class='ocrx_word' id='word_1_626' title='bbox 3225 3908 3403 3981; x_wconf 68' lang='grc' dir='ltr'>αὐτὸν,</span> <span class='ocrx_word' id='word_1_627' title='bbox 3442 3902 3624 3963; x_wconf 76' lang='grc' dir='ltr'>’Ὅταν</span> <span class='ocrx_word' id='word_1_628' title='bbox 3656 3914 3819 3984; x_wconf 72' lang='grc' dir='ltr'>ποιῇς</span> <span class='ocrx_word' id='word_1_629' title='bbox 3855 3911 3969 3989; x_wconf 58' lang='lat' dir='ltr'><strong>Epic</strong></span> 
     </span>
    </p>
   </div>
   <div class='ocr_carea' id='block_1_86' title="bbox 2321 3988 3958 4075">
    <p class='ocr_par' dir='ltr' id='par_1_86' title="bbox 2321 3988 3958 4075">
     <span class='ocr_line' id='line_1_86' title="bbox 2321 3988 3958 4075; baseline 0.007 -30"><span class='ocrx_word' id='word_1_630' title='bbox 2321 4011 2445 4045; x_wconf 90' lang='grc' dir='ltr'>στον</span> <span class='ocrx_word' id='word_1_631' title='bbox 2500 3989 2533 4057; x_wconf 75' lang='grc' dir='ltr'><strong>ἤ</strong></span> <span class='ocrx_word' id='word_1_632' title='bbox 2587 3988 2822 4067; x_wconf 75' lang='grc' dir='ltr'>δεῖπνον,</span> <span class='ocrx_word' id='word_1_633' title='bbox 2883 3994 2960 4068; x_wconf 82' lang='grc' dir='ltr'>μὴ</span> <span class='ocrx_word' id='word_1_634' title='bbox 3017 3995 3177 4074; x_wconf 77' lang='grc' dir='ltr'>φώνει</span> <span class='ocrx_word' id='word_1_635' title='bbox 3246 3997 3367 4058; x_wconf 81' lang='grc' dir='ltr'>τοὺς</span> <span class='ocrx_word' id='word_1_636' title='bbox 3424 3995 3604 4075; x_wconf 76' lang='grc' dir='ltr'>φίλους</span> <span class='ocrx_word' id='word_1_637' title='bbox 3650 4019 3771 4075; x_wconf 81' lang='grc' dir='ltr'>σου,</span> <span class='ocrx_word' id='word_1_638' title='bbox 3830 3988 3958 4075; x_wconf 76' lang='grc' dir='ltr'>μηδὲ</span> 
     </span>
    </p>
   </div>
   <div class='ocr_carea' id='block_1_87' title="bbox 596 4078 2257 4168">
    <p class='ocr_par' dir='ltr' id='par_1_87' title="bbox 596 4086 2238 4168">
     <span class='ocr_line' id='line_1_87' title="bbox 596 4086 2238 4168; baseline 0.002 -22"><span class='ocrx_word' id='word_1_639' title='bbox 596 4086 821 4146; x_wconf 85' lang='lat' dir='ltr'><strong>amicos</strong></span> <span class='ocrx_word' id='word_1_640' title='bbox 871 4093 1026 4165; x_wconf 88' lang='lat' dir='ltr'><strong>tuos,</strong></span> <span class='ocrx_word' id='word_1_641' title='bbox 1082 4102 1274 4165; x_wconf 90' lang='lat' dir='ltr'><strong>neque</strong></span> <span class='ocrx_word' id='word_1_642' title='bbox 1301 4087 1512 4147; x_wconf 85' lang='lat' dir='ltr'><strong>fratres</strong></span> <span class='ocrx_word' id='word_1_643' title='bbox 1544 4094 1697 4157; x_wconf 90' lang='lat' dir='ltr'><strong>tuos,</strong></span> <span class='ocrx_word' id='word_1_644' title='bbox 1736 4103 1930 4165; x_wconf 87' lang='lat' dir='ltr'><strong>neque</strong></span> <span class='ocrx_word' id='word_1_645' title='bbox 1961 4099 2238 4168; x_wconf 86' lang='lat' dir='ltr'><strong>cognatos</strong></span> 
     </span>
    </p>
   </div>
   <div class='ocr_carea' id='block_1_88' title="bbox 2338 4078 3959 4168">
    <p class='ocr_par' dir='ltr' id='par_1_88' title="bbox 2338 4078 3959 4166">
     <span class='ocr_line' id='line_1_88' title="bbox 2338 4078 3959 4166; baseline 0.008 -32"><span class='ocrx_word' id='word_1_646' title='bbox 2338 4080 2437 4143; x_wconf 70' lang='grc' dir='ltr'>πούς</span> <span class='ocrx_word' id='word_1_647' title='bbox 2487 4078 2739 4160; x_wconf 72' lang='grc' dir='ltr'>ἀδελφούς</span> <span class='ocrx_word' id='word_1_648' title='bbox 2797 4103 2913 4157; x_wconf 86' lang='grc' dir='ltr'>σου,</span> <span class='ocrx_word' id='word_1_649' title='bbox 2959 4082 3095 4158; x_wconf 84' lang='grc' dir='ltr'>μηδὲ</span> <span class='ocrx_word' id='word_1_650' title='bbox 3156 4086 3275 4149; x_wconf 82' lang='grc' dir='ltr'>τοὺς</span> <span class='ocrx_word' id='word_1_651' title='bbox 3346 4100 3621 4164; x_wconf 76' lang='grc' dir='ltr'>συγγενεῖς</span> <span class='ocrx_word' id='word_1_652' title='bbox 3681 4110 3801 4164; x_wconf 82' lang='grc' dir='ltr'>σου,</span> <span class='ocrx_word' id='word_1_653' title='bbox 3835 4090 3959 4166; x_wconf 75' lang='grc' dir='ltr'>μηδὲ</span> 
     </span>
    </p>
   </div>
   <div class='ocr_carea' id='block_1_89' title="bbox 595 4174 2236 4256">
    <p class='ocr_par' dir='ltr' id='par_1_89' title="bbox 595 4174 2236 4256">
     <span class='ocr_line' id='line_1_89' title="bbox 595 4174 2236 4256; baseline 0.001 -21"><span class='ocrx_word' id='word_1_654' title='bbox 595 4186 751 4255; x_wconf 88' lang='lat' dir='ltr'><strong>tuos,</strong></span> <span class='ocrx_word' id='word_1_655' title='bbox 776 4193 968 4254; x_wconf 86' lang='lat' dir='ltr'><strong>neque</strong></span> <span class='ocrx_word' id='word_1_656' title='bbox 992 4174 1214 4234; x_wconf 85' lang='lat' dir='ltr'><strong>vicinos</strong></span> <span class='ocrx_word' id='word_1_657' title='bbox 1247 4174 1810 4254; x_wconf 87' lang='lat' dir='ltr'><strong>divites,nequando</strong></span> <span class='ocrx_word' id='word_1_658' title='bbox 1834 4182 1893 4234; x_wconf 89' lang='lat' dir='ltr'><strong>et</strong></span> <span class='ocrx_word' id='word_1_659' title='bbox 1923 4174 2034 4256; x_wconf 92' lang='lat' dir='ltr'><strong>ipsi</strong></span> <span class='ocrx_word' id='word_1_660' title='bbox 2070 4188 2124 4238; x_wconf 92' lang='lat' dir='ltr'><strong>te</strong></span> <span class='ocrx_word' id='word_1_661' title='bbox 2149 4179 2236 4239; x_wconf 90' lang='lat' dir='ltr'><strong>vi-</strong></span> 
     </span>
    </p>
   </div>
   <div class='ocr_carea' id='block_1_90' title="bbox 594 4252 2303 4341">
    <p class='ocr_par' dir='ltr' id='par_1_90' title="bbox 594 4252 2303 4341">
     <span class='ocr_line' id='line_1_90' title="bbox 594 4252 2303 4341; baseline 0.002 -16"><span class='ocrx_word' id='word_1_662' title='bbox 594 4252 793 4326; x_wconf 78' lang='lat' dir='ltr'><strong>cissim</strong></span> <span class='ocrx_word' id='word_1_663' title='bbox 823 4252 1173 4338; x_wconf 82' lang='lat' dir='ltr'><strong>invitent,ac</strong></span> <span class='ocrx_word' id='word_1_664' title='bbox 1204 4263 1562 4341; x_wconf 84' lang='lat' dir='ltr'><strong>rependatur</strong></span> <span class='ocrx_word' id='word_1_665' title='bbox 1592 4252 1698 4322; x_wconf 76' lang='lat' dir='ltr'><strong>tibi</strong></span> <span class='ocrx_word' id='word_1_666' title='bbox 1723 4252 2236 4329; x_wconf 64' lang='lat' dir='ltr'><strong>beneficiumlmo</strong></span> <span class='ocrx_word' id='word_1_667' title='bbox 2258 4252 2303 4303; x_wconf 73' lang='grc' dir='ltr'><strong>θ</strong></span> 
     </span>
    </p>
   </div>
   <div class='ocr_carea' id='block_1_91' title="bbox 2318 4168 3959 4248">
    <p class='ocr_par' dir='ltr' id='par_1_91' title="bbox 2318 4168 3959 4248">
     <span class='ocr_line' id='line_1_91' title="bbox 2318 4168 3959 4248; baseline 0.009 -26"><span class='ocrx_word' id='word_1_668' title='bbox 2318 4168 2555 4247; x_wconf 81' lang='grc' dir='ltr'>γείτονας</span> <span class='ocrx_word' id='word_1_669' title='bbox 2625 4169 2927 4246; x_wconf 79' lang='grc' dir='ltr'>πλουσίους,</span> <span class='ocrx_word' id='word_1_670' title='bbox 2986 4174 3195 4248; x_wconf 85' lang='grc' dir='ltr'>μήποτε</span> <span class='ocrx_word' id='word_1_671' title='bbox 3227 4177 3312 4230; x_wconf 84' lang='grc' dir='ltr'><strong>καὶ</strong></span> <span class='ocrx_word' id='word_1_672' title='bbox 3362 4176 3508 4233; x_wconf 74' lang='grc' dir='ltr'>αὐτοί</span> <span class='ocrx_word' id='word_1_673' title='bbox 3574 4196 3632 4231; x_wconf 84' lang='grc' dir='ltr'><strong>σε</strong></span> <span class='ocrx_word' id='word_1_674' title='bbox 3683 4179 3959 4235; x_wconf 81' lang='grc' dir='ltr'>ἀντικαλέ-</span> 
     </span>
    </p>
   </div>
   <div class='ocr_carea' id='block_1_92' title="bbox 2320 4260 3956 4345">
    <p class='ocr_par' dir='ltr' id='par_1_92' title="bbox 2320 4260 3956 4345">
     <span class='ocr_line' id='line_1_92' title="bbox 2320 4260 3956 4345; baseline 0.01 -33"><span class='ocrx_word' id='word_1_675' title='bbox 2320 4279 2474 4331; x_wconf 90' lang='grc' dir='ltr'>σωσι,</span> <span class='ocrx_word' id='word_1_676' title='bbox 2540 4260 2626 4314; x_wconf 86' lang='grc' dir='ltr'><strong>καὶ</strong></span> <span class='ocrx_word' id='word_1_677' title='bbox 2681 4262 2899 4337; x_wconf 79' lang='grc' dir='ltr'>γένηταί</span> <span class='ocrx_word' id='word_1_678' title='bbox 2954 4283 3035 4317; x_wconf 88' lang='grc' dir='ltr'><strong>σοι</strong></span> <span class='ocrx_word' id='word_1_679' title='bbox 3106 4262 3467 4340; x_wconf 85' lang='grc' dir='ltr'>ἀνταπόδομα,</span> <span class='ocrx_word' id='word_1_680' title='bbox 3497 4264 3618 4321; x_wconf 84' lang='grc' dir='ltr'>ἀλλ’</span> <span class='ocrx_word' id='word_1_681' title='bbox 3648 4267 3777 4323; x_wconf 81' lang='grc' dir='ltr'>ὅταν</span> <span class='ocrx_word' id='word_1_682' title='bbox 3812 4276 3956 4345; x_wconf 68' lang='grc' dir='ltr'>ποιῇς</span> 
     </span>
    </p>
   </div>
   <div class='ocr_carea' id='block_1_93' title="bbox 594 4347 2257 4435">
    <p class='ocr_par' dir='ltr' id='par_1_93' title="bbox 594 4351 2235 4435">
     <span class='ocr_line' id='line_1_93' title="bbox 594 4351 2235 4435; baseline 0.001 -20"><span class='ocrx_word' id='word_1_683' title='bbox 594 4373 727 4415; x_wconf 90' lang='lat' dir='ltr'><strong>cum</strong></span> <span class='ocrx_word' id='word_1_684' title='bbox 758 4353 899 4434; x_wconf 85' lang='lat' dir='ltr'><strong>facis</strong></span> <span class='ocrx_word' id='word_1_685' title='bbox 929 4351 1433 4431; x_wconf 88' lang='lat' dir='ltr'><strong>convivium,voca</strong></span> <span class='ocrx_word' id='word_1_686' title='bbox 1465 4369 1781 4431; x_wconf 88' lang='lat' dir='ltr'><strong>pauperes,</strong></span> <span class='ocrx_word' id='word_1_687' title='bbox 1807 4353 2235 4435; x_wconf 84' lang='lat' dir='ltr'><strong>debiles,clau-</strong></span> 
     </span>
    </p>
   </div>
   <div class='ocr_carea' id='block_1_94' title="bbox 2338 4347 3953 4435">
    <p class='ocr_par' dir='ltr' id='par_1_94' title="bbox 2338 4347 3953 4435">
     <span class='ocr_line' id='line_1_94' title="bbox 2338 4347 3953 4435; baseline 0.009 -34"><span class='ocrx_word' id='word_1_688' title='bbox 2338 4348 2516 4435; x_wconf 71' lang='grc' dir='ltr'>Ξοχὴν,</span> <span class='ocrx_word' id='word_1_689' title='bbox 2577 4347 2803 4405; x_wconf 85' lang='grc' dir='ltr'>κάλεσον</span> <span class='ocrx_word' id='word_1_690' title='bbox 2857 4352 3139 4430; x_wconf 77' lang='grc' dir='ltr'>πτωχοὺς,</span> <span class='ocrx_word' id='word_1_691' title='bbox 3210 4354 3536 4432; x_wconf 78' lang='grc' dir='ltr'>ἀναπήρους,</span> <span class='ocrx_word' id='word_1_692' title='bbox 3585 4356 3824 4434; x_wconf 76' lang='grc' dir='ltr'>χωλοὺς,</span> <span class='ocrx_word' id='word_1_693' title='bbox 3868 4381 3953 4417; x_wconf 60' lang='grc' dir='ltr'><strong>τδ-</strong></span> 
     </span>
    </p>
   </div>
   <div class='ocr_carea' id='block_1_95' title="bbox 592 4440 2236 4522">
    <p class='ocr_par' dir='ltr' id='par_1_95' title="bbox 592 4440 2236 4522">
     <span class='ocr_line' id='line_1_95' title="bbox 592 4440 2236 4522; baseline 0.002 -21"><span class='ocrx_word' id='word_1_694' title='bbox 592 4444 723 4522; x_wconf 88' lang='lat' dir='ltr'><strong>dus,</strong></span> <span class='ocrx_word' id='word_1_695' title='bbox 757 4460 964 4520; x_wconf 66' lang='lat' dir='ltr'><strong>caecos,</strong></span> <span class='ocrx_word' id='word_1_696' title='bbox 1002 4448 1060 4500; x_wconf 90' lang='lat' dir='ltr'><strong>et</strong></span> <span class='ocrx_word' id='word_1_697' title='bbox 1093 4441 1294 4501; x_wconf 86' lang='lat' dir='ltr'><strong>beatus</strong></span> <span class='ocrx_word' id='word_1_698' title='bbox 1327 4443 1444 4500; x_wconf 87' lang='lat' dir='ltr'><strong>eris</strong></span> <span class='ocrx_word' id='word_1_699' title='bbox 1478 4462 1491 4503; x_wconf 92' lang='lat'>:</span> <span class='ocrx_word' id='word_1_700' title='bbox 1534 4440 1671 4521; x_wconf 86' lang='lat' dir='ltr'><strong>quia</strong></span> <span class='ocrx_word' id='word_1_701' title='bbox 1703 4458 1819 4500; x_wconf 94' lang='lat' dir='ltr'><strong>non</strong></span> <span class='ocrx_word' id='word_1_702' title='bbox 1852 4452 2103 4521; x_wconf 89' lang='lat' dir='ltr'><strong>possunt</strong></span> <span class='ocrx_word' id='word_1_703' title='bbox 2136 4463 2236 4506; x_wconf 88' lang='lat' dir='ltr'><strong>re-</strong></span> 
     </span>
    </p>
   </div>
   <div class='ocr_carea' id='block_1_96' title="bbox 596 4528 2237 4610">
    <p class='ocr_par' dir='ltr' id='par_1_96' title="bbox 596 4528 2237 4610">
     <span class='ocr_line' id='line_1_96' title="bbox 596 4528 2237 4610; baseline 0.004 -21"><span class='ocrx_word' id='word_1_704' title='bbox 596 4531 857 4610; x_wconf 86' lang='lat' dir='ltr'><strong>pendere</strong></span> <span class='ocrx_word' id='word_1_705' title='bbox 888 4529 1385 4608; x_wconf 81' lang='lat' dir='ltr'><strong>tibizrependetur</strong></span> <span class='ocrx_word' id='word_1_706' title='bbox 1404 4529 1562 4589; x_wconf 81' lang='lat' dir='ltr'><strong>enim</strong></span> <span class='ocrx_word' id='word_1_707' title='bbox 1599 4529 1703 4588; x_wconf 90' lang='lat' dir='ltr'><strong>tibi</strong></span> <span class='ocrx_word' id='word_1_708' title='bbox 1727 4528 1785 4588; x_wconf 90' lang='lat' dir='ltr'><strong>in</strong></span> <span class='ocrx_word' id='word_1_709' title='bbox 1801 4533 2237 4595; x_wconf 85' lang='lat' dir='ltr'><strong>resurrectione</strong></span> 
     </span>
    </p>
   </div>
   <div class='ocr_carea' id='block_1_97' title="bbox 584 4615 2233 4699">
    <p class='ocr_par' dir='ltr' id='par_1_97' title="bbox 584 4615 2233 4699">
     <span class='ocr_line' id='line_1_97' title="bbox 584 4615 2233 4699; baseline 0.002 -20"><span class='ocrx_word' id='word_1_710' title='bbox 584 4623 900 4699; x_wconf 84' lang='lat' dir='ltr'><strong>justorum.</strong></span> <span class='ocrx_word' id='word_1_711' title='bbox 930 4621 1070 4680; x_wconf 64' lang='lat' dir='ltr'><strong>Haec</strong></span> <span class='ocrx_word' id='word_1_712' title='bbox 1101 4635 1233 4677; x_wconf 92' lang='lat' dir='ltr'><strong>cum</strong></span> <span class='ocrx_word' id='word_1_713' title='bbox 1266 4617 1527 4677; x_wconf 89' lang='lat' dir='ltr'><strong>audisset</strong></span> <span class='ocrx_word' id='word_1_714' title='bbox 1555 4615 1793 4696; x_wconf 89' lang='lat' dir='ltr'><strong>quidam</strong></span> <span class='ocrx_word' id='word_1_715' title='bbox 1827 4618 1899 4678; x_wconf 88' lang='lat' dir='ltr'><strong>de</strong></span> <span class='ocrx_word' id='word_1_716' title='bbox 1933 4618 2107 4683; x_wconf 89' lang='lat' dir='ltr'><strong>simul</strong></span> <span class='ocrx_word' id='word_1_717' title='bbox 2129 4641 2233 4683; x_wconf 91' lang='lat' dir='ltr'><strong>ac-</strong></span> 
     </span>
    </p>
   </div>
   <div class='ocr_carea' id='block_1_98' title="bbox 594 4705 2237 4786">
    <p class='ocr_par' dir='ltr' id='par_1_98' title="bbox 594 4705 2237 4786">
     <span class='ocr_line' id='line_1_98' title="bbox 594 4705 2237 4786; baseline -0.004 -17"><span class='ocrx_word' id='word_1_718' title='bbox 594 4706 1035 4786; x_wconf 87' lang='lat' dir='ltr'><strong>cumbentibus,</strong></span> <span class='ocrx_word' id='word_1_719' title='bbox 1070 4706 1217 4766; x_wconf 82' lang='lat' dir='ltr'><strong>dixit</strong></span> <span class='ocrx_word' id='word_1_720' title='bbox 1248 4705 1331 4767; x_wconf 90' lang='lat' dir='ltr'><strong>illi</strong></span> <span class='ocrx_word' id='word_1_721' title='bbox 1367 4727 1379 4766; x_wconf 90' lang='lat'><strong>:</strong></span> <span class='ocrx_word' id='word_1_722' title='bbox 1415 4707 1629 4766; x_wconf 88' lang='lat' dir='ltr'><strong>Beatus</strong></span> <span class='ocrx_word' id='word_1_723' title='bbox 1651 4705 1752 4785; x_wconf 92' lang='lat' dir='ltr'><strong>qui</strong></span> <span class='ocrx_word' id='word_1_724' title='bbox 1782 4708 2043 4768; x_wconf 90' lang='lat' dir='ltr'><strong>comedit</strong></span> <span class='ocrx_word' id='word_1_725' title='bbox 2065 4721 2237 4783; x_wconf 90' lang='lat' dir='ltr'><strong>pran-</strong></span> 
     </span>
    </p>
   </div>
   <div class='ocr_carea' id='block_1_99' title="bbox 592 4793 2235 4872">
    <p class='ocr_par' dir='ltr' id='par_1_99' title="bbox 592 4793 2235 4872">
     <span class='ocr_line' id='line_1_99' title="bbox 592 4793 2235 4872; baseline -0.003 -16"><span class='ocrx_word' id='word_1_726' title='bbox 592 4797 752 4856; x_wconf 90' lang='lat' dir='ltr'><strong>dium</strong></span> <span class='ocrx_word' id='word_1_727' title='bbox 773 4797 834 4857; x_wconf 91' lang='lat' dir='ltr'><strong>in</strong></span> <span class='ocrx_word' id='word_1_728' title='bbox 858 4811 1039 4871; x_wconf 79' lang='lat' dir='ltr'><strong>regno</strong></span> <span class='ocrx_word' id='word_1_729' title='bbox 1065 4794 1318 4857; x_wconf 81' lang='lat' dir='ltr'><strong>Dei.nEx</strong></span> <span class='ocrx_word' id='word_1_730' title='bbox 1343 4793 1575 4854; x_wconf 91' lang='lat' dir='ltr'><strong>duobus</strong></span> <span class='ocrx_word' id='word_1_731' title='bbox 1596 4795 1918 4872; x_wconf 82' lang='lat' dir='ltr'><strong>generibus</strong></span> <span class='ocrx_word' id='word_1_732' title='bbox 1931 4794 2235 4857; x_wconf 86' lang='lat' dir='ltr'><strong>constabat</strong></span> 
     </span>
    </p>
   </div>
   <div class='ocr_carea' id='block_1_100' title="bbox 591 4883 2235 4965">
    <p class='ocr_par' dir='ltr' id='par_1_100' title="bbox 591 4883 2235 4965">
     <span class='ocr_line' id='line_1_100' title="bbox 591 4883 2235 4965; baseline -0.002 -19"><span class='ocrx_word' id='word_1_733' title='bbox 591 4884 944 4965; x_wconf 84' lang='lat' dir='ltr'><strong>convivium,</strong></span> <span class='ocrx_word' id='word_1_734' title='bbox 970 4902 1039 4945; x_wconf 84' lang='lat' dir='ltr'><strong>ex</strong></span> <span class='ocrx_word' id='word_1_735' title='bbox 1062 4884 1302 4956; x_wconf 86' lang='lat' dir='ltr'><strong>vocatis,</strong></span> <span class='ocrx_word' id='word_1_736' title='bbox 1337 4892 1394 4944; x_wconf 91' lang='lat' dir='ltr'><strong>et</strong></span> <span class='ocrx_word' id='word_1_737' title='bbox 1424 4884 1514 4944; x_wconf 92' lang='lat' dir='ltr'><strong>his</strong></span> <span class='ocrx_word' id='word_1_738' title='bbox 1536 4884 1633 4963; x_wconf 89' lang='lat' dir='ltr'><strong>qui</strong></span> <span class='ocrx_word' id='word_1_739' title='bbox 1670 4883 2235 4947; x_wconf 79' lang='lat' dir='ltr'><strong>vocabant.Vocato-</strong></span> 
     </span>
    </p>
   </div>
   <div class='ocr_carea' id='block_1_101' title="bbox 590 4970 2229 5052">
    <p class='ocr_par' dir='ltr' id='par_1_101' title="bbox 590 4970 2229 5052">
     <span class='ocr_line' id='line_1_101' title="bbox 590 4970 2229 5052; baseline -0.002 -17"><span class='ocrx_word' id='word_1_740' title='bbox 590 4992 724 5035; x_wconf 90' lang='lat' dir='ltr'><strong>rum</strong></span> <span class='ocrx_word' id='word_1_741' title='bbox 756 4991 945 5052; x_wconf 81' lang='lat' dir='ltr'><strong>genus</strong></span> <span class='ocrx_word' id='word_1_742' title='bbox 962 4971 1598 5033; x_wconf 82' lang='lat' dir='ltr'><strong>salubriadmonitione</strong></span> <span class='ocrx_word' id='word_1_743' title='bbox 1620 4970 1691 5031; x_wconf 89' lang='lat' dir='ltr'><strong>ad</strong></span> <span class='ocrx_word' id='word_1_744' title='bbox 1716 4972 2107 5034; x_wconf 87' lang='lat' dir='ltr'><strong>humilitatem</strong></span> <span class='ocrx_word' id='word_1_745' title='bbox 2133 4972 2229 5032; x_wconf 88' lang='lat' dir='ltr'><strong>in-</strong></span> 
     </span>
    </p>
   </div>
   <div class='ocr_carea' id='block_1_102' title="bbox 2319 4433 3949 4523">
    <p class='ocr_par' dir='ltr' id='par_1_102' title="bbox 2319 4433 3949 4523">
     <span class='ocr_line' id='line_1_102' title="bbox 2319 4433 3949 4523; baseline 0.009 -33"><span class='ocrx_word' id='word_1_746' title='bbox 2319 4433 2507 4515; x_wconf 78' lang='grc' dir='ltr'>φλοὺς,</span> <span class='ocrx_word' id='word_1_747' title='bbox 2566 4439 2653 4492; x_wconf 88' lang='grc' dir='ltr'><strong>καὶ</strong></span> <span class='ocrx_word' id='word_1_748' title='bbox 2705 4439 2966 4517; x_wconf 84' lang='grc' dir='ltr'>μακάριος</span> <span class='ocrx_word' id='word_1_749' title='bbox 3022 4440 3141 4517; x_wconf 75' lang='grc' dir='ltr'>ἔσῃ,</span> <span class='ocrx_word' id='word_1_750' title='bbox 3201 4441 3283 4497; x_wconf 84' lang='grc' dir='ltr'>ὅτι</span> <span class='ocrx_word' id='word_1_751' title='bbox 3336 4445 3429 4499; x_wconf 74' lang='grc' dir='ltr'>οὒκ</span> <span class='ocrx_word' id='word_1_752' title='bbox 3472 4433 3689 4523; x_wconf 79' lang='grc' dir='ltr'>ἔχουσιν</span> <span class='ocrx_word' id='word_1_753' title='bbox 3720 4447 3949 4505; x_wconf 71' lang='grc' dir='ltr'>ἀνταποο</span> 
     </span>
    </p>
   </div>
   <div class='ocr_carea' id='block_1_103' title="bbox 2319 4522 3943 4610">
    <p class='ocr_par' dir='ltr' id='par_1_103' title="bbox 2319 4522 3943 4610">
     <span class='ocr_line' id='line_1_103' title="bbox 2319 4522 3943 4610; baseline 0.007 -31"><span class='ocrx_word' id='word_1_754' title='bbox 2319 4522 2490 4580; x_wconf 80' lang='grc' dir='ltr'>δοῦναί</span> <span class='ocrx_word' id='word_1_755' title='bbox 2557 4542 2666 4583; x_wconf 83' lang='grc' dir='ltr'>σοι’</span> <span class='ocrx_word' id='word_1_756' title='bbox 2722 4527 3202 4599; x_wconf 76' lang='grc' dir='ltr'>ἀνταποδοθήσεται</span> <span class='ocrx_word' id='word_1_757' title='bbox 3232 4533 3331 4610; x_wconf 76' lang='grc' dir='ltr'><strong>γὰρ</strong></span> <span class='ocrx_word' id='word_1_758' title='bbox 3362 4554 3444 4587; x_wconf 88' lang='grc' dir='ltr'><strong>σοι</strong></span> <span class='ocrx_word' id='word_1_759' title='bbox 3488 4522 3544 4588; x_wconf 64' lang='grc' dir='ltr'>ἐν</span> <span class='ocrx_word' id='word_1_760' title='bbox 3679 4536 3943 4595; x_wconf 63' lang='lat' dir='ltr'><strong>cinctam</strong></span> 
     </span>
    </p>
   </div>
   <div class='ocr_carea' id='block_1_104' title="bbox 2318 4611 3941 4702">
    <p class='ocr_par' dir='ltr' id='par_1_104' title="bbox 2318 4611 3941 4702">
     <span class='ocr_line' id='line_1_104' title="bbox 2318 4611 3941 4702; baseline 0.009 -33"><span class='ocrx_word' id='word_1_761' title='bbox 2318 4620 2424 4670; x_wconf 84' lang='grc' dir='ltr'><strong>τῶν</strong></span> <span class='ocrx_word' id='word_1_762' title='bbox 2480 4611 2720 4677; x_wconf 85' lang='grc' dir='ltr'>δικαίων.</span> <span class='ocrx_word' id='word_1_763' title='bbox 2786 4614 3042 4682; x_wconf 83' lang='grc' dir='ltr'>Ἀκούσας</span> <span class='ocrx_word' id='word_1_764' title='bbox 3095 4618 3149 4676; x_wconf 81' lang='grc' dir='ltr'>δέ</span> <span class='ocrx_word' id='word_1_765' title='bbox 3202 4644 3282 4685; x_wconf 91' lang='grc' dir='ltr'><strong>τις</strong></span> <span class='ocrx_word' id='word_1_766' title='bbox 3353 4628 3460 4677; x_wconf 82' lang='grc' dir='ltr'>τῶν</span> <span class='ocrx_word' id='word_1_767' title='bbox 3505 4630 3941 4702; x_wconf 68' lang='grc' dir='ltr'>συνανακείμενων</span> 
     </span>
    </p>
   </div>
   <div class='ocr_carea' id='block_1_105' title="bbox 2318 4704 3937 4795">
    <p class='ocr_par' dir='ltr' id='par_1_105' title="bbox 2318 4704 3937 4795">
     <span class='ocr_line' id='line_1_105' title="bbox 2318 4704 3937 4795; baseline 0.007 -36"><span class='ocrx_word' id='word_1_768' title='bbox 2318 4704 2473 4795; x_wconf 71' lang='grc' dir='ltr'>εἶπεν</span> <span class='ocrx_word' id='word_1_769' title='bbox 2524 4708 2687 4778; x_wconf 76' lang='grc' dir='ltr'>αὐτῷ’</span> <span class='ocrx_word' id='word_1_770' title='bbox 2721 4706 2995 4785; x_wconf 79' lang='grc' dir='ltr'>Μακάριος</span> <span class='ocrx_word' id='word_1_771' title='bbox 3064 4708 3121 4772; x_wconf 77' lang='grc' dir='ltr'><strong>ὅς</strong></span> <span class='ocrx_word' id='word_1_772' title='bbox 3152 4711 3373 4791; x_wconf 64' lang='grc' dir='ltr'>φάγεται</span> <span class='ocrx_word' id='word_1_773' title='bbox 3405 4711 3615 4793; x_wconf 73' lang='grc' dir='ltr'>ἄριστον</span> <span class='ocrx_word' id='word_1_774' title='bbox 3660 4714 3715 4770; x_wconf 86' lang='grc' dir='ltr'>ἐν</span> <span class='ocrx_word' id='word_1_775' title='bbox 3754 4724 3823 4794; x_wconf 76' lang='grc' dir='ltr'><strong>τῇ</strong></span> <span class='ocrx_word' id='word_1_776' title='bbox 3850 4719 3937 4795; x_wconf 76' lang='grc' dir='ltr'><strong>βα-</strong></span> 
     </span>
    </p>
   </div>
   <div class='ocr_carea' id='block_1_106' title="bbox 2317 4790 3937 4882">
    <p class='ocr_par' dir='ltr' id='par_1_106' title="bbox 2317 4790 3937 4882">
     <span class='ocr_line' id='line_1_106' title="bbox 2317 4790 3937 4882; baseline 0.009 -35"><span class='ocrx_word' id='word_1_777' title='bbox 2317 4790 2481 4882; x_wconf 79' lang='grc' dir='ltr'>σιλείᾳ</span> <span class='ocrx_word' id='word_1_778' title='bbox 2534 4800 2626 4850; x_wconf 85' lang='grc' dir='ltr'><strong>τοῦ</strong></span> <span class='ocrx_word' id='word_1_779' title='bbox 2684 4795 2838 4858; x_wconf 80' lang='grc' dir='ltr'><strong>Θεοῦ,</strong></span> <span class='ocrx_word' id='word_1_780' title='bbox 2875 4815 2906 4855; x_wconf 81' lang='grc'><strong>)</strong></span> <span class='ocrx_word' id='word_1_781' title='bbox 2954 4795 3047 4855; x_wconf 81' lang='grc' dir='ltr'>Ἐκ</span> <span class='ocrx_word' id='word_1_782' title='bbox 3086 4790 3232 4857; x_wconf 75' lang='grc' dir='ltr'>δυοῖν</span> <span class='ocrx_word' id='word_1_783' title='bbox 3280 4790 3467 4881; x_wconf 76' lang='grc' dir='ltr'>μεροῖν</span> <span class='ocrx_word' id='word_1_784' title='bbox 3496 4790 3937 4882; x_wconf 40' lang='grc' dir='ltr'>συγκειμένου-τιεί</span> 
     </span>
    </p>
   </div>
   <div class='ocr_carea' id='block_1_107' title="bbox 2315 4879 3933 4971">
    <p class='ocr_par' dir='ltr' id='par_1_107' title="bbox 2315 4879 3933 4971">
     <span class='ocr_line' id='line_1_107' title="bbox 2315 4879 3933 4971; baseline 0.011 -35"><span class='ocrx_word' id='word_1_785' title='bbox 2315 4879 2543 4962; x_wconf 79' lang='grc' dir='ltr'>δείπνου,</span> <span class='ocrx_word' id='word_1_786' title='bbox 2604 4890 2709 4939; x_wconf 79' lang='grc' dir='ltr'>τῶν</span> <span class='ocrx_word' id='word_1_787' title='bbox 2760 4905 2816 4940; x_wconf 91' lang='grc' dir='ltr'><strong>τε</strong></span> <span class='ocrx_word' id='word_1_788' title='bbox 2877 4888 3178 4943; x_wconf 86' lang='grc' dir='ltr'>καλούντων</span> <span class='ocrx_word' id='word_1_789' title='bbox 3205 4892 3294 4946; x_wconf 88' lang='grc' dir='ltr'>καὶ</span> <span class='ocrx_word' id='word_1_790' title='bbox 3323 4879 3429 4947; x_wconf 68' lang='grc' dir='ltr'>τῶν</span> <span class='ocrx_word' id='word_1_791' title='bbox 3500 4879 3862 4971; x_wconf 75' lang='grc' dir='ltr'>καλουμένων,</span> <span class='ocrx_word' id='word_1_792' title='bbox 3892 4902 3933 4952; x_wconf 75' lang='grc' dir='ltr'>τὲ</span> 
     </span>
    </p>
   </div>
   <div class='ocr_carea' id='block_1_108' title="bbox 2315 4972 3934 5063">
    <p class='ocr_par' dir='ltr' id='par_1_108' title="bbox 2315 4972 3934 5063">
     <span class='ocr_line' id='line_1_108' title="bbox 2315 4972 3934 5063; baseline 0.012 -39"><span class='ocrx_word' id='word_1_793' title='bbox 2315 4972 2411 5046; x_wconf 81' lang='grc' dir='ltr'>μὲν</span> <span class='ocrx_word' id='word_1_794' title='bbox 2480 4979 2587 5028; x_wconf 86' lang='grc' dir='ltr'>τῶν</span> <span class='ocrx_word' id='word_1_795' title='bbox 2656 4974 2999 5049; x_wconf 77' lang='grc' dir='ltr'>καλουμὲνων</span> <span class='ocrx_word' id='word_1_796' title='bbox 3054 4981 3209 5057; x_wconf 66' lang='grc' dir='ltr'>μερος</span> <span class='ocrx_word' id='word_1_797' title='bbox 3270 4979 3398 5060; x_wconf 69' lang='grc' dir='ltr'>ἔφθη</span> <span class='ocrx_word' id='word_1_798' title='bbox 3457 4980 3541 5038; x_wconf 79' lang='grc' dir='ltr'><strong>διὰ</strong></span> <span class='ocrx_word' id='word_1_799' title='bbox 3596 4987 3934 5063; x_wconf 78' lang='grc' dir='ltr'>παραινέσεως</span> 
     </span>
    </p>
   </div>
   <div class='ocr_carea' id='block_1_109' title="bbox 577 5059 2257 5152">
    <p class='ocr_par' dir='ltr' id='par_1_109' title="bbox 577 5059 2227 5141">
     <span class='ocr_line' id='line_1_109' title="bbox 577 5059 2227 5141; baseline -0.002 -16"><span class='ocrx_word' id='word_1_800' title='bbox 577 5067 848 5139; x_wconf 83' lang='lat' dir='ltr'><strong>duxerat,</strong></span> <span class='ocrx_word' id='word_1_801' title='bbox 883 5068 941 5123; x_wconf 89' lang='lat' dir='ltr'><strong>et</strong></span> <span class='ocrx_word' id='word_1_802' title='bbox 987 5061 1317 5124; x_wconf 87' lang='lat' dir='ltr'><strong>convivium</strong></span> <span class='ocrx_word' id='word_1_803' title='bbox 1371 5060 1614 5122; x_wconf 88' lang='lat' dir='ltr'><strong>minime</strong></span> <span class='ocrx_word' id='word_1_804' title='bbox 1664 5070 2074 5141; x_wconf 92' lang='lat' dir='ltr'><strong>sumptuosum</strong></span> <span class='ocrx_word' id='word_1_805' title='bbox 2108 5059 2227 5121; x_wconf 89' lang='lat' dir='ltr'><strong>illis</strong></span> 
     </span>
    </p>
   </div>
   <div class='ocr_carea' id='block_1_110' title="bbox 2338 5059 3931 5152">
    <p class='ocr_par' dir='ltr' id='par_1_110' title="bbox 2338 5059 3931 5152">
     <span class='ocr_line' id='line_1_110' title="bbox 2338 5059 3931 5152; baseline 0.011 -37"><span class='ocrx_word' id='word_1_806' title='bbox 2338 5063 2385 5126; x_wconf 84' lang='grc' dir='ltr'>ἶς</span> <span class='ocrx_word' id='word_1_807' title='bbox 2442 5062 2542 5152; x_wconf 70' lang='grc' dir='ltr'>τὴν</span> <span class='ocrx_word' id='word_1_808' title='bbox 2618 5067 2880 5142; x_wconf 79' lang='grc' dir='ltr'>σωτήριον</span> <span class='ocrx_word' id='word_1_809' title='bbox 2955 5059 3437 5149; x_wconf 77' lang='grc' dir='ltr'>ταπεινοφροσύνην</span> <span class='ocrx_word' id='word_1_810' title='bbox 3514 5059 3931 5152; x_wconf 67' lang='grc' dir='ltr'>χειραγωγήσας,</span> 
     </span>
    </p>
   </div>
   <div class='ocr_carea' id='block_1_111' title="bbox 580 5149 2257 5241">
    <p class='ocr_par' dir='ltr' id='par_1_111' title="bbox 580 5149 2227 5233">
     <span class='ocr_line' id='line_1_111' title="bbox 580 5149 2227 5233; baseline -0.002 -20"><span class='ocrx_word' id='word_1_811' title='bbox 580 5162 987 5233; x_wconf 77' lang='lat' dir='ltr'><strong>proposuerat.</strong></span> <span class='ocrx_word' id='word_1_812' title='bbox 1025 5150 1194 5213; x_wconf 88' lang='lat' dir='ltr'><strong>Nunc</strong></span> <span class='ocrx_word' id='word_1_813' title='bbox 1216 5150 1352 5210; x_wconf 90' lang='lat' dir='ltr'><strong>etin</strong></span> <span class='ocrx_word' id='word_1_814' title='bbox 1389 5168 1522 5210; x_wconf 90' lang='lat' dir='ltr'><strong>eum</strong></span> <span class='ocrx_word' id='word_1_815' title='bbox 1555 5149 1656 5230; x_wconf 88' lang='lat' dir='ltr'><strong>qui</strong></span> <span class='ocrx_word' id='word_1_816' title='bbox 1688 5161 2021 5225; x_wconf 88' lang='lat' dir='ltr'><strong>vocaverat,</strong></span> <span class='ocrx_word' id='word_1_817' title='bbox 2058 5150 2227 5211; x_wconf 87' lang='lat' dir='ltr'><strong>vicis-</strong></span> 
     </span>
    </p>
   </div>
   <div class='ocr_carea' id='block_1_112' title="bbox 2338 5149 3931 5241">
    <p class='ocr_par' dir='ltr' id='par_1_112' title="bbox 2338 5149 3931 5241">
     <span class='ocr_line' id='line_1_112' title="bbox 2338 5149 3931 5241; baseline 0.01 -36"><span class='ocrx_word' id='word_1_818' title='bbox 2338 5154 2396 5241; x_wconf 68' lang='lat' dir='ltr'><strong>.ai</strong></span> <span class='ocrx_word' id='word_1_819' title='bbox 2427 5150 2579 5241; x_wconf 17' lang='grc' dir='ltr'>,ὄψον</span> <span class='ocrx_word' id='word_1_820' title='bbox 2635 5152 2817 5219; x_wconf 74' lang='grc' dir='ltr'>αὐτοῖς</span> <span class='ocrx_word' id='word_1_821' title='bbox 2862 5153 3196 5225; x_wconf 86' lang='grc' dir='ltr'>ἀδαπάνητον</span> <span class='ocrx_word' id='word_1_822' title='bbox 3255 5149 3743 5241; x_wconf 60' lang='grc' dir='ltr'>παραθεὶςλοιπδν</span> <span class='ocrx_word' id='word_1_823' title='bbox 3770 5149 3829 5221; x_wconf 73' lang='grc' dir='ltr'>δὲ</span> <span class='ocrx_word' id='word_1_824' title='bbox 3859 5170 3931 5221; x_wconf 72' lang='grc' dir='ltr'>τὸν</span> 
     </span>
    </p>
   </div>
   <div class='ocr_carea' id='block_1_113' title="bbox 578 5238 2257 5333">
    <p class='ocr_par' dir='ltr' id='par_1_113' title="bbox 578 5238 2225 5333">
     <span class='ocr_line' id='line_1_113' title="bbox 578 5238 2225 5333; baseline -0.002 -31"><span class='ocrx_word' id='word_1_825' title='bbox 578 5241 1118 5303; x_wconf 89' lang='lat' dir='ltr'><strong>simliberalitatem</strong></span> <span class='ocrx_word' id='word_1_826' title='bbox 1135 5256 1300 5301; x_wconf 90' lang='lat' dir='ltr'><strong>suam</strong></span> <span class='ocrx_word' id='word_1_827' title='bbox 1323 5247 1649 5301; x_wconf 78' lang='lat' dir='ltr'><strong>exercetzet</strong></span> <span class='ocrx_word' id='word_1_828' title='bbox 1670 5239 2072 5301; x_wconf 87' lang='lat' dir='ltr'><strong>admonitione</strong></span> <span class='ocrx_word' id='word_1_829' title='bbox 2096 5238 2225 5333; x_wconf 52' lang='lat' dir='ltr'><strong>red:</strong></span> 
     </span>
    </p>
   </div>
   <div class='ocr_carea' id='block_1_114' title="bbox 2338 5238 3933 5333">
    <p class='ocr_par' dir='ltr' id='par_1_114' title="bbox 2338 5238 3933 5333">
     <span class='ocr_line' id='line_1_114' title="bbox 2338 5238 3933 5333; baseline 0.011 -38"><span class='ocrx_word' id='word_1_830' title='bbox 2338 5239 2602 5298; x_wconf 72' lang='grc' dir='ltr'>,αλέσαντα</span> <span class='ocrx_word' id='word_1_831' title='bbox 2693 5243 3201 5328; x_wconf 81' lang='grc' dir='ltr'>ἀντιφιλοτιμετται,</span> <span class='ocrx_word' id='word_1_832' title='bbox 3265 5250 3352 5305; x_wconf 83' lang='grc' dir='ltr'><strong>καὶ</strong></span> <span class='ocrx_word' id='word_1_833' title='bbox 3428 5238 3520 5307; x_wconf 82' lang='grc' dir='ltr'><strong>διά</strong></span> <span class='ocrx_word' id='word_1_834' title='bbox 3596 5257 3933 5333; x_wconf 71' lang='grc' dir='ltr'>παραινέσεως</span> 
     </span>
    </p>
   </div>
   <div class='ocr_carea' id='block_1_115' title="bbox 577 5324 2257 5425">
    <p class='ocr_par' dir='ltr' id='par_1_115' title="bbox 577 5324 2223 5404">
     <span class='ocr_line' id='line_1_115' title="bbox 577 5324 2223 5404; baseline -0.005 -11"><span class='ocrx_word' id='word_1_835' title='bbox 577 5330 1114 5404; x_wconf 79' lang='lat' dir='ltr'><strong>invitat,abducens</strong></span> <span class='ocrx_word' id='word_1_836' title='bbox 1134 5346 1269 5390; x_wconf 87' lang='lat' dir='ltr'><strong>eum</strong></span> <span class='ocrx_word' id='word_1_837' title='bbox 1304 5347 1380 5390; x_wconf 91' lang='lat' dir='ltr'><strong>ne</strong></span> <span class='ocrx_word' id='word_1_838' title='bbox 1402 5328 1668 5391; x_wconf 88' lang='lat' dir='ltr'><strong>convivia</strong></span> <span class='ocrx_word' id='word_1_839' title='bbox 1690 5329 1959 5392; x_wconf 88' lang='lat' dir='ltr'><strong>instituat</strong></span> <span class='ocrx_word' id='word_1_840' title='bbox 1980 5324 2223 5392; x_wconf 88' lang='lat' dir='ltr'><strong>humani</strong></span> 
     </span>
    </p>
   </div>
   <div class='ocr_carea' id='block_1_116' title="bbox 2338 5324 3937 5425">
    <p class='ocr_par' dir='ltr' id='par_1_116' title="bbox 2340 5324 3937 5425">
     <span class='ocr_line' id='line_1_116' title="bbox 2340 5324 3937 5425; baseline 0.009 -39"><span class='ocrx_word' id='word_1_841' title='bbox 2340 5333 2571 5406; x_wconf 80' lang='grc' dir='ltr'>νθεστιᾷ,</span> <span class='ocrx_word' id='word_1_842' title='bbox 2646 5333 2865 5413; x_wconf 84' lang='grc' dir='ltr'>ἀπάγων</span> <span class='ocrx_word' id='word_1_843' title='bbox 2926 5339 3081 5395; x_wconf 75' lang='grc' dir='ltr'>αὐτὸν</span> <span class='ocrx_word' id='word_1_844' title='bbox 3141 5324 3232 5395; x_wconf 83' lang='grc' dir='ltr'>τοῦ</span> <span class='ocrx_word' id='word_1_845' title='bbox 3286 5336 3371 5394; x_wconf 82' lang='grc' dir='ltr'>διὰ</span> <span class='ocrx_word' id='word_1_846' title='bbox 3399 5361 3513 5397; x_wconf 86' lang='grc' dir='ltr'>τινα</span> <span class='ocrx_word' id='word_1_847' title='bbox 3559 5324 3716 5422; x_wconf 77' lang='grc' dir='ltr'>χάρίν</span> <span class='ocrx_word' id='word_1_848' title='bbox 3744 5345 3937 5425; x_wconf 72' lang='grc' dir='ltr'>ἀνορωο</span> 
     </span>
    </p>
   </div>
   <div class='ocr_carea' id='block_1_117' title="bbox 653 5488 1237 5568">
    <p class='ocr_par' dir='ltr' id='par_1_117' title="bbox 653 5488 1237 5568">
     <span class='ocr_line' id='line_1_117' title="bbox 653 5488 1237 5568; baseline -0.007 -13"><span class='ocrx_word' id='word_1_849' title='bbox 653 5488 719 5542; x_wconf 69' lang='grc' dir='ltr'><strong>οι</strong></span> <span class='ocrx_word' id='word_1_850' title='bbox 766 5494 915 5557; x_wconf 85' lang='lat' dir='ltr'><strong>Luc.</strong></span> <span class='ocrx_word' id='word_1_851' title='bbox 951 5505 1113 5568; x_wconf 80' lang='lat' dir='ltr'><strong>xvm,</strong></span> <span class='ocrx_word' id='word_1_852' title='bbox 1149 5491 1237 5551; x_wconf 79' lang='grc'><strong>14.</strong></span> 
     </span>
    </p>
   </div>
  </div>
