4132 6298
187 289 238 351 9
249 288 333 349 33

947 278 1384 349 ΕΝΑΗΗΑΤΙΟ
1444 280 1523 346 IN
1570 284 1876 347 EVANGE

1959 285 2078 346 iUM
2126 280 2363 349 LUCE.
2417 322 2484 331 -—
2537 290 2702 353 CAP.
2753 290 2913 355 XVI.

3492 292 3606 357 934

202 425 376 490 πίνην
432 422 525 487 τας
565 421 871 482 ἐπιστάσεις
947 423 1233 495 ποιεῖσθαι,
1296 419 1384 475 καὶ
1439 418 1536 485 τὴν
1580 419 1869 496 παραυτίκα

1959 417 2164 509 favoris
2199 421 2284 482 vel
2322 425 2820 497 remunerationis
2843 446 2976 488 mox
3013 428 3606 509 recepiendzegratia.

216 512 556 587 ἀντιμισθίαν
616 508 947 588 ἐκδέχεσθαι,
1017 511 1076 566 Οἱ
1156 511 1255 589 γὰρ
1318 508 1644 587 μικρόψυχοι
1697 505 1877 586 φίλους

216 601 510 664 καλοῦντες
567 600 604 668 ἢ
637 612 913 677 συγγενεῖς
966 596 1049 653 διὰ
1093 597 1189 664 τὴν
1221 598 1275 653 ἐν
1318 604 1396 672 τῷ
1440 597 1665 675 παρευθὺ
1714 597 1876 675 χάριν

213 698 381 748 10610
438 696 671 760 ποιοῦσι,
730 687 828 743 κᾶν
885 687 962 763 μὴ
1022 686 1250 765 τύχωσι,
1309 684 1755 765 δυσχεραίνουσιν.
1818 681 1875 741 Οἱ

211 778 273 836 δὲ
335 777 715 856 μεγαλόψυχοι
781 778 841 833 τὸ
893 774 1087 852 μέλλον
1165 773 1519 849 ἀναμένοντες
1577 774 1719 852 παρὰ
1786 780 1876 829 106

213 868 375 931 ὄντος
431 867 702 941 πλουσίου,
771 867 865 929 τὰς
928 863 1153 941 ἀμοιϐὰς
1197 862 1531 944 ὶκδέχονται.
1594 871 1765 920 Ταῦτα
1822 860 1874 917 δὲ

214 958 398 1036 λέγων
453 960 480 1013 ὸ
544 957 750 1035 Κύριος,
812 959 872 1014 οὒ
929 960 1028 1021 τῆς
1093 956 1225 1032 πρὸς
1295 958 1414 1017 τοὺς
1474 951 1655 1031 φίλους
1716 956 1876 1027 τιμῆς

214 1047 465 1124 ἀπείργει
522 1044 690 1124 ἡμᾶς,
762 1044 900 1100 ἀλλὰ
969 1046 1046 1120 μὴ
1103 1044 1417 1117 πιπράσκειν
1473 1041 1571 1108 τὴν
1616 1040 1871 1121 φιλοφρο-

212 1137 386 1202 σύνην
444 1132 699 1195 παιδεύει,
747 1132 1004 1198 Ἀκούσας
1061 1131 1115 1187 δέ
1157 1154 1236 1195 τις
1269 1153 1455 1203 ταυτα,
1488 1133 1575 1187 καὶ
1631 1132 1872 1205 νομίσας,

212 1223 304 1280 ὅτι
368 1226 395 1279 ὁ
453 1225 583 1288 Θεὸς
640 1222 1192 1300 ἆντιφιλοτιμήσεται,
1248 1223 1335 1277 καὶ
1401 1221 1720 1277 ἆνθεστιάσει
1772 1241 1873 1275 σω-

214 1326 483 1388 ματικαῒς
526 1310 805 1389 τραπέζαις
861 1312 978 1375 τοὺς
1031 1308 1287 1382 δικαίους,
1350 1310 1505 1366 εἶπεν
1541 1327 1553 1339 ·
1609 1308 1689 1365 ὅτι
1755 1316 1875 1364 Μα-

213 1403 409 1482 κάριος
468 1402 613 1463 ὅστις
669 1401 892 1480 φάγεται
953 1400 1163 1479 ἄριστον
1224 1401 1278 1456 ἓν
1334 1405 1400 1475 τῇ
1488 1399 1730 1475 βασιλείᾳ
1785 1406 1877 1454 106

214 1498 379 1553 Θεοῦ,
428 1491 499 1547 0'3
556 1492 654 1568 γὰρ
711 1490 777 1557 ἦν
834 1490 1211 1564 πνευματικὸς,
1266 1488 1359 1544 ἵνα
1403 1490 1571 1564 νοήσῃ
1628 1489 1692 1543 τὰ
1749 1488 1878 1566 ὑπὲρ

262 1579 290 1604 ,ι
574 1581 588 1599 ,
670 1578 682 1599 .
1075 1581 1086 1594 .
1314 1577 1367 1611 _.
1546 1578 1558 1593 ,
1858 1599 1875 1609 ,

214 1585 503 1653 αισθησιν,
566 1578 667 1634 αλλ
747 1578 823 1635 ἔτι
896 1585 1155 1658 ψυχικος,
1218 1599 1487 1634 του.εστιν
1537 1578 1873 1656 ανθρωπίνοι.

216 1670 513 1746 λογισμοῖς
573 1667 935 1743 διοικουμένος
970 1689 984 1702 °
1046 1677 1280 1731 τοιοῦτος
1337 1668 1436 1746 γὰρ
1495 1670 1521 1724 ὁ
1562 1668 1793 1747 ψυχικὸς
1848 1668 1876 1722 ὁ

217 1757 396 1835 μηδὲν
444 1759 573 1838 ὑπὲρ
617 1759 770 1838 φύσιν
819 1758 1103 1837 πιστεύων,
1140 1755 1276 1813 ἀλλὰ
1306 1758 1477 1813 πάντα
1532 1758 1668 1813 κατὰ
1724 1757 1876 1835 φύσιν

219 1851 383 1909 νοῶν,
429 1858 585 1926 Τρεῖς
636 1847 736 1926 γάρ
781 1848 879 1902 εἰσι
939 1846 1315 1919 καταστάσεις,
1350 1846 1599 1924 σαρκικὴ,
1636 1845 1871 1925 ψυχικὴ,

216 1938 315 1994 καὶ
372 1938 729 2007 πνευματική,
804 1937 900 1994 Καὶ
970 1937 1197 2012 σαρκικη
1258 1934 1355 2009 μέν
1400 1934 1563 2010 ἐστιν,
1624 1934 1747 1991 ὅταν
1797 1956 1876 1997 τις

214 2024 437 2097 ἥδεσθαι
467 2024 745 2101 βούληται,
810 2026 899 2081 καὶ
957 2025 1165 2104 χαίρειν
1206 2025 1341 2098 μετὰ
1396 2031 1487 2081 106
1541 2024 1628 2080 καὶ
1689 2020 1876 2085 ἄλλους

219 2127 565 2190 κααοποιεϊν,
618 2112 736 2170 οἷόν
794 2112 906 2169 ἔστι
990 2114 1207 2171 πάντων
1264 2114 1325 2169 τὸ
1375 2117 1481 2168 τῶν
1540 2110 1873 2168 πλεονεκτῶν

221 2202 389 2284 φυλον
425 2220 438 2233 '
484 2205 693 2282 ψυχικὴ
724 2200 778 2258 δὲ
802 2202 1153 2280 κατάστασις,
1186 2200 1311 2258 ὅταν
1342 2223 1422 2262 τις
1455 2202 1591 2275 μήτε
1620 2200 1874 2277 βλάπτειν

224 2294 369 2366 μήτε
398 2292 721 2369 βλάπτεσθαι
782 2291 1027 2368 βούλοιτο
1063 2310 1077 2326 ”
1128 2296 1282 2346 τοῦτο
1334 2291 1432 2369 γὰρ
1461 2292 1522 2345 τὸ
1552 2290 1686 2345 κατὰ
1722 2290 1874 2369 φύσιν

221 2389 325 2455 ζῆν
356 2401 372 2420 ⁶
421 2384 534 2439 ἐπεὶ
564 2383 652 2439 καὶ
703 2384 737 2450 ἡ
782 2384 931 2461 φύσις
984 2383 1114 2449 αὕτη
1174 2388 1328 2438 τοῦτο
1357 2385 1493 2455 ἡμτν
1525 2383 1822 2458 εἰσηγεῖται
1860 2400 1871 2412 ·

223 2471 562 2548 πνευματικὴ
622 2468 702 2545 δὲ,
759 2469 884 2526 ὅταν
943 2493 1021 2535 τις
1080 2472 1169 2526 καὶ
1254 2469 1578 2546 βλάπτειθαι
1636 2468 1877 2545 βούλοιτο

223 2559 313 2617 διὰ
354 2562 414 2616 τὸ
471 2558 634 2616 καλὸν
691 2560 777 2617 καὶ
832 2562 1239 2639 κακουχεϊσθαι,
1302 2558 1499 2617 ’Ἔστιν
1550 2565 1638 2615 06v
1686 2560 1719 2626 ἡ
1782 2557 1877 2635 μὲν

230 2651 419 2729 πρώτη
478 2650 620 2719 παρὰ
678 2652 861 2729 φύσιν,
918 2653 953 2718 ἡ
1006 2648 1061 2706 δὲ
1126 2650 1267 2724 μέση
1332 2651 1467 2706 κατὰ
1511 2650 1683 2729 φύσιν,
1730 2651 1764 2716 ἡ
1822 2647 1877 2704 δὲ

224 2742 380 2819 τρίτη
436 2740 565 2815 ὑπὲρ
622 2740 796 2820 φύσιν,
845 2746 953 2802 Πᾶς
1006 2742 1090 2796 06v
1159 2740 1456 2817 ἀνθρώπινα
1500 2746 1724 2818 φρονῶν,
1785 2741 1871 2794 καὶ

229 2827 398 2904 μηδὲν
439 2833 545 2885 τῶν
614 2830 742 2908 ὑπὲρ
807 2829 953 2908 φύσιν
1009 2828 1290 2905 δυνάμενος
1351 2833 1562 2907 νοῆσαι»
1636 2829 1868 2907 ψυχικὸς

230 2918 465 2996 λέγεται,
504 2920 577 2981 ὡς
635 2924 790 2999 ψυχῇ
832 2921 920 2975 καὶ
974 2920 1233 2994 πνεύματι
1276 2917 1630 2992 διοικούμενος
1665 2933 1680 2949 ⁶
1744 2917 1868 2972 ὅταν

232 3005 285 3063 δέ
343 3029 422 3072 τις
478 3009 737 3068 πνεύματι
776 3007 992 3086 ἄγηται,
1040 3010 1126 3065 καὶ
1170 3008 1340 3065 οὒκὲτι
1370 3013 1436 3085 ζῇ
1496 3006 1671 3081 αυτὸς,
1705 3013 1771 3082 ζῇ
1814 2990 1928 3060 δὲο

231 3096 285 3151 ἰν
338 3096 478 3171 αὒτῷ
522 3099 764 3175 Χριστὸς,
814 3100 961 3163 οὗτος
1005 3096 1145 3154 ἐστιν
1186 3099 1214 3153 ὁ
1272 3097 1649 3174 πνευματικὸς,
1696 3098 1724 3150 ὁ
1773 3094 1872 3150 τὸ)

233 3185 384 3264 φύσιν
435 3183 765 3265 ὑπεραναὸάς
801 3203 813 3216 '
877 3188 1109 3267 ψυχικὸς
1170 3186 1259 3244 οὗν
1319 3187 1387 3253 ἦν
1446 3188 1473 3241 ὁ
1518 3183 1734 3255 νομίσας
1789 3185 1870 3239 αἱ-

230 3275 426 3341 σθητὰς
484 3272 689 3332 ἔσεσθαι
732 3277 825 3339 τὰς
873 3273 1097 3351 ἀμοιϐὰς
1140 3289 1257 3340 τοϊς
1317 3277 1509 3354 ἁγίοις,
1564 3274 1658 3329 οία
1708 3270 1870 3348 μηδὲν

228 3370 333 3420 τῶν
383 3365 511 3444 ὸπὲρ
566 3366 718 3444 φύσιν
747 3364 1029 3442 δυνάμενος
1061 3366 1268 3434 νοῆσαι.

319 3474 342 3508 α
382 3442 439 3511 Q0
468 3451 521 3510 δὲ
565 3442 721 3511 εἶπεν
751 3455 914 3527 αυτῷ,
951 3454 1277 3534 ’¹Ανθρωπὸς
1304 3476 1384 3517 τις
1415 3455 1629 3521 ἐποίησε
1658 3451 1871 3509 δεῖπνον

232 3542 393 3621 μέγα,
426 3545 513 3599 καὶ
555 3542 771 3601 ὲκάλεσε
802 3543 1056 3625 πολλοὺς,
1086 3546 1176 3601 καὶ
1219 3542 1500 3600 ἆπέστει).ε
1558 3545 1649 3599 τὸν
1690 3540 1871 3599 δοῦλον

231 3636 389 3691 αυτοῦ
442 3638 509 3709 τῇ
537 3632 647 3710 ὥρᾳ
675 3640 769 3690 τοῦ
797 3632 1027 3710 δείπνου,
1084 3636 1253 3691 εἰπεῖν
1309 3646 1427 3697 τοῖς
1470 3631 1818 3708 κεκλημένοις
1853 3650 1868 3667 ·

232 3722 505 3803 ’¹Εχεσθε,
564 3723 646 3781 ὅτι
703 3722 807 3792 ἤδη
854 3724 1044 3802 ἕτοιμά
1092 3725 1199 3781 ἑστι
1250 3726 1436 3787 πάντα.
1500 3725 1599 3782 Καὶ
1653 3722 1875 3799 ἤρξαντο

234 3813 338 3868 ἀπὸ
403 3819 528 3887 μιᾶς
603 3818 974 3892 παραιτεῖσθαι
1048 3814 1267 3878 πάντες,
1334 3805 1390 3871 Ὀ
1450 3819 1658 3892 πρῶτος
1725 3816 1876 3868 εἶπεν

234 3904 418 3973 cit-3163'
461 3901 655 3981 Ἀγρὸν
713 3902 977 3981 ἠγόρασα,
1025 3903 1113 3960 καὶ
1174 3902 1292 3983 ἔχω
1330 3902 1566 3980 ἀνάγκην
1626 3899 1877 3974 ἐξελθεῖν,

232 3990 317 4046 καὶ
374 3987 505 4047 ἰδεῖν
537 3990 714 4071 αὒτὸν,
749 3992 929 4067 ἐρωτῶ
958 4013 1039 4067 σε,
1075 3990 1170 4071 ’έχε
1200 4013 1267 4068 με
1318 3989 1719 4067 παρῃτημένοι,
1781 3995 1880 4049 Καὶ

232 4078 405 4157 ἕτερος
462 4083 582 4135 εἶπε
617 4095 632 4111 ⁶
682 4081 850 4159 Ζεύγη
912 4080 1050 4157 βοῶν
1127 4081 1367 4160 ἠγόρασα
1418 4079 1598 4153 πέντε,
1645 4080 1732 4135 καὶ
1774 4099 1879 4134 πο-

233 4165 447 4246 ρεύομαι
481 4164 758 4243 δοκιμάσαι
802 4170 956 4245 αὐτὰ,
1015 4169 1197 4248 ἐρωτῶ
1257 4189 1339 4243 σε,
1391 4167 1489 4247 ἔχε
1517 4188 1583 4243 με
1625 4187 1877 4245 παρῃτη-

234 4255 411 4331 μένον.
473 4258 571 4313 Καὶ
627 4256 803 4338 ἕτερος
867 4258 991 4315 εἶπε
1028 4275 1041 4289 ⁸
1103 4258 1339 4314 Γυναῖκα
1395 4256 1596 4335 ἔγημα,
1656 4256 1742 4311 καὶ
1796 4252 1878 4309 διὰ

233 4351 385 4403 τοῦτο
415 4348 474 4403 οὔ
515 4342 735 4423 δύναμαι
790 4350 991 4410 ἒλθεῐν.
1042 4371 1070 4402 ι
1137 4346 1241 4404 T06
1294 4344 1735 4420 συνανακειμένου
1794 4343 1874 4398 εί-

234 4437 450 4507 πόντος,
496 4435 576 4492 ὅτι
630 4438 887 4512 μακάριος
940 4438 999 4501 ὃς
1056 4437 1277 4516 φάγεται
1328 4434 1538 4515 ἄριστον
1570 4434 1624 4490 ἐν
1652 4434 1721 4501 τῇ
1778 4433 1880 4509 βα-

236 4522 401 4596 σιλείᾳ
443 4525 535 4580 106
579 4532 733 4599 Θεοῦ,
780 4528 808 4581 ὁ
856 4526 1040 4605 Κύριος
1112 4523 1341 4581 διδάσκει
1399 4525 1554 4582 αὐτὸν
1611 4522 1879 4579 πλατύτε-

239 4634 348 4690 ρον,
396 4620 509 4679 πῶς
539 4612 623 4671 δεῖ
652 4627 792 4671 νοεῖν
819 4617 964 4690 ἡμᾶς
995 4616 1090 4677 τὰς
1138 4621 1234 4671 106
1266 4620 1397 4670 Θεοῦ
1436 4611 1719 4675 ἑστιάσεις,
1783 4610 1881 4669 Καὶ

237 4702 300 4774 δή
348 4728 471 4784 φησ·
508 4705 816 4785 παραϐολὴν
874 4704 1107 4788 τοιάνδε,
1151 4704 1419 4788 ἄνθρωπον
1466 4704 1562 4778 μὲν
1612 4703 1882 4779 ὀνομάζων

235 4794 325 4848 τὸν
382 4794 745 4875 φιλάνθρωπον
805 4795 989 4874 αὐτοῦ⁴
1011 4787 1241 4867 Πατέρα.
1306 4787 1363 4852 Ὀ
1415 4795 1514 4873 γὰρ
1572 4795 1701 4856 Θεὸς
1759 4790 1884 4847 ὅταν

239 4883 334 4957 μὲν
405 4884 500 4951 τὴν
574 4884 944 4961 τιμωρητικήν
1035 4884 1192 4941 αἶ)τοῦ
1284 4881 1499 4958 δύναμιν
1570 4881 1881 4955 αἷνίττηται,

237 4972 373 5050 παρὰ
417 4972 483 5040 τῆ
533 4979 715 5053 Γραφῇ
755 4973 985 5051 πάνθηρ,
1049 4976 1136 5029 καὶ
1208 4970 1491 5051 πάρδαλις,
1550 4971 1640 5027 καὶ
1697 4969 1885 5047 ἄρκτος

237 5060 544 5134 ὀνομάζεται
579 5078 593 5094 ’

237 5148 429 5229 μέλλῃ,
492 5149 759 5229 ἅνθρωπος
832 5152 1117 5229 εἰσάγεται,
1179 5150 1357 5228 ὥσπερ
1407 5151 1492 5204 οὗν
1560 5149 1647 5204 καὶ
1728 5153 1815 5202 νῦν
1850 5162 1865 5177 ⁸

1962 507 2068 578 Qui
2105 511 2322 588 pusillo
2367 521 2504 573 sunt
2542 516 2765 588 animo,
2817 517 3045 577 amicos
3090 507 3177 578 vel
3216 507 3500 597 cognatos
3531 519 3605 579 ob

1962 599 2267 675 praesentis
2293 600 2422 662 \itze
2457 602 2812 665 beneﬁcium
2846 614 3059 667 vocant
3095 625 3107 668 :
3147 608 3299 687 quod
3335 607 3383 665 si
3419 607 3613 667 minus

1961 700 2420 770 consequantur,
2455 693 2736 770 gravatim
2781 694 2999 757 ferunt.
3045 695 3152 767 Qui
3188 704 3379 755 autem
3417 694 3609 772 magni

1966 784 2097 838 sunt
2126 780 2602 859 aniuei,futurum
2626 784 2930 860 praemium
2972 792 3446 864 exspectantes,a
3477 803 3613 846 vere

1963 866 2140 931 divite
2172 870 2682 931 renumerationes
2709 872 3173 953 accipiuntjltec
3196 882 3390 933 autem
3407 873 3613 934 dicens

1966 960 2399 1035 l)ominus,non
2424 960 2612 1019 nosah
2632 961 2840 1022 amicis
2870 965 3165 1035 arcet,sed
3185 963 3606 1039 benignitatem

1962 1066 2076 1107 non
2110 1068 2239 1111 esse
2269 1050 2637 1109 vendendam
2671 1053 2868 1112 docet.
2905 1049 3101 1131 Itaque
3137 1060 3442 1131 postquam
3486 1052 3608 1113 hazc

1959 1137 2197 1215 quidam
2246 1139 2527 1212 audisset,
2553 1146 2606 1199 et
2650 1138 2894 1199 sentiret
2928 1140 3081 1216 quod
3115 1138 3270 1200 Deus
3291 1139 3611 1219 corporali-

1945 1226 2195 1312 quidam
2230 1228 2512 1298 audisset,
2552 1236 2605 1288 et
2630 1227 2880 1288 sentiret
2915 1228 3073 1307 qued
3099 1228 3257 1289 Deus
3288 1229 3612 1307 corporali-

1961 1316 2067 1376 bus
2090 1318 2309 1379 mensis
2323 1326 2804 1378 renumeraretet
2821 1318 3606 1396 redinvitaretjustos.dixit:

1960 1404 2174 1468 Beatus
2205 1406 2304 1488 qui
2336 1404 2593 1467 comedit
2619 1424 2826 1486 panem
2856 1407 2909 1466 iu
2947 1426 3124 1485 regno
3163 1404 3425 1469 DeizNon
3449 1408 3606 1468 enim

1962 1497 2287 1577 spiritualis
2305 1504 2519 1576 crat,ut
2543 1495 2894 1575 intelligeret
2918 1515 2983 1557 ea
3001 1516 3132 1577 qua:
3145 1513 3320 1575 supra
3342 1514 3605 1557 sensum:

1960 1589 2063 1648 sed
2096 1586 2365 1649 animalis
2394 1586 2587 1646 adhuc
2616 1594 2765 1658 erat,
2791 1586 2899 1646 hoc
2931 1596 3042 1659 est,
3068 1586 3351 1646 humanas
3382 1587 3605 1663 cogita-

1902 1709 1937 1757 Β
1963 1678 2151 1739 tiones
2183 1675 2540 1737 sectabatur.
2574 1673 3034 1735 Animalisenim
3073 1682 3183 1743 est,
3221 1674 3317 1753 qui
3346 1673 3487 1732 nihil
3509 1692 3607 1732 su-

1963 1785 2068 1845 per
2100 1775 2363 1827 naturam
2397 1761 2723 1837 credit,sed
2757 1765 2954 1824 omnia
2976 1761 3310 1823 secundum
3339 1769 3605 1823 naturam

1962 1854 2228 1931 intelligit
2262 1853 2407 1914 Tres
2429 1853 2585 1913 enim
2609 1859 2744 1912 sunt
2761 1850 3606 1931 ordines,carnalium,anima-

1964 1945 2103 2006 lium
2120 1946 2259 2007 596
2275 1953 2331 2005 et
2355 1941 3049 2023 spiritualium.Carnalis
3085 1940 3325 2019 quidem
3352 1942 3470 2010 est,
3507 1942 3602 2021 qui

1962 2035 2083 2095 vult
2114 2035 2291 2095 laetari
2316 2043 2372 2093 et
2404 2029 2665 2111 gaudere
2696 2050 2829 2092 cum
2856 2030 2987 2091 aliis
3022 2029 3404 2092 malefecerit.
3431 2037 3490 2090 ut
3519 2041 3608 2092 est

1959 2142 2135 2185 omne
2151 2142 2338 2203 genus
2360 2139 2690 2182 avarorum.
2720 2120 3032 2193 Animalis,
3068 2118 3167 2199 qui
3200 2137 3393 2199 neque
3424 2118 3605 2180 furari

1961 2231 2153 2294 neque
2181 2229 2397 2273 nocere
2424 2210 2567 2278 vult,
2598 2209 2709 2269 hoc
2732 2217 2817 2269 est
2849 2209 3005 2268 enim
3026 2208 3194 2286 juxta
3215 2226 3484 2269 navuram
3518 2209 3603 2269 vi-

1959 2298 2610 2382 vere,quandoquidem
2642 2298 2750 2358 hoc
2779 2296 2947 2357 nobis
2968 2306 3177 2357 natura
3210 2297 3445 2357 indidit.
3464 2296 3601 2377 Spi-

1962 2392 2190 2452 ritualis
2214 2408 2379 2469 vero,
2418 2389 2514 2469 qui
2548 2395 2605 2448 et
2642 2386 2817 2465 aﬂligi
2855 2394 2912 2446 et
2958 2386 3239 2446 damnum
3290 2386 3446 2448 ferre
3486 2388 3607 2447 vult

1962 2488 2204 2561 propter
2233 2474 2637 2539 virtutem.Est
2667 2475 2843 2553 igitur
2867 2474 3091 2554 primus
3114 2482 3327 2554 praeter
3342 2475 3432 2535 vel
3455 2476 3602 2536 citra

1962 2565 2558 2632 naturamsecundus
2581 2565 2748 2644 juxta
2779 2563 3287 2643 naturam,tertius
3316 2582 3491 2644 supra
3508 2583 3604 2625 na-

1964 2655 2473 2720 naturam.0mnis
2503 2654 2681 2733 igitur
2705 2655 2801 2733 qui
2826 2654 3080 2713 humana
3105 2653 3347 2731 sapit,et
3370 2673 3483 2714 non
3511 2672 3603 2714 va-

1954 2748 2036 2811 let
2071 2747 2403 2825 iutelligere
2434 2764 2501 2805 ea
2523 2762 2654 2824 quae
2683 2761 2859 2821 supra
2894 2750 3188 2817 naturam,
3224 2743 3498 2804 animalis
3524 2745 3608 2804 di.

1953 2838 2224 2914 citur,uti
2258 2837 2352 2916 qui
2387 2835 2582 2897 anima
2614 2840 2672 2894 et
2697 2832 2905 2911 spiritu
2939 2832 3325 2910 gubernetur.
3360 2831 3604 2905 Quando

1952 2925 2315 3006 autem'quis
2336 2925 2542 3004 Spiritu
2574 2922 2783 3001 agitur,
2812 2928 2867 2982 et
2900 2940 3016 2981 non
3042 2921 3164 2999 jam
3200 2921 3603 3001 vivitipse,vi-

1954 3017 2036 3078 vit
2064 3023 2259 3078 autem
2294 3013 2353 3073 in
2382 3031 2452 3073 eo
2477 3011 2744 3073 Christus
2764 3010 2849 3085 65,
2884 3011 2978 3070 hic
3007 3019 3095 3070 est
3115 3009 3457 3088 spiritualis,
3489 3029 3598 3071 na-

1956 3113 2144 3166 turam
2179 3100 2924 3181 supergressus.Animalis'
2947 3099 3120 3177 igitur
3142 3107 3266 3158 erat
3288 3104 3348 3160 et
3373 3099 3602 3180 hic,qui

1956 3194 2194 3275 putabat
2242 3192 2367 3253 fore
2422 3189 2739 3251 sensibiles
2769 3196 3105 3251 sanctorum
3150 3187 3596 3264 retributiones,

1954 3285 2233 3365 quoniam
2268 3280 2416 3343 nihil
2445 3296 2625 3358 super
2659 3285 2925 3339 naturam
2961 3285 3187 3356 poterat
3208 3276 3559 3356 intelligere.

2037 3460 2218 3523 Vens.
2244 3458 2461 3522 16-20.
2505 3484 2527 3513 α
2563 3459 2637 3519 At
2683 3458 2811 3537 ipse
2833 3456 3054 3520 dixitei
3091 3479 3106 3519 :
3139 3458 3326 3520 Homo
3360 3458 3597 3538 quidam

1956 3564 2257 3633 paraverat
2289 3567 2517 3611 ccenam
2553 3565 2843 3624 magnam,
2880 3556 2938 3608 et
2972 3550 3208 3611 vocavit
3239 3548 3603 3624 multos,mi-

1958 3642 2033 3703 sit
2060 3656 2293 3702 servum
2342 3637 2510 3699 illum
2544 3654 2716 3696 suum
2764 3636 2907 3696 hora
2938 3654 3121 3698 coenae
3148 3646 3210 3698 ut
3251 3638 3476 3698 diceret
3506 3640 3601 3700 in-

1962 3733 2195 3795 vitatis:
2231 3729 2466 3809 Venite,
2520 3728 2658 3809 quia
2698 3730 2821 3807 jam
2874 3737 3075 3808 parata
3104 3737 3239 3791 sunt
3270 3730 3491 3793 omnia.
3530 3730 3606 3794 Et

1962 3828 2269 3901 coeperunt
2298 3819 2473 3880 simul
2506 3835 2714 3878 omnes
2745 3835 3049 3880 excusare.
3082 3819 3314 3881 Primus
3346 3818 3559 3881 dixitei
3586 3841 3602 3880 :v

1963 3909 2177 3973 Villam
2213 3909 2351 3983 emi,
2386 3917 2444 3969 et
2479 3924 2725 3968 necesse
2776 3914 2865 3967 est
2913 3906 3052 3968 mihi
3091 3908 3273 3985 exire,
3322 3917 3380 3970 et
3408 3909 3607 3971 videre

1966 3999 2124 4061 illam
2161 4016 2173 4059 :
2211 4015 2349 4075 rogo
2384 4004 2461 4069 te,
2496 3994 2649 4056 habe
2681 4014 2774 4055 me
2800 3998 3239 4058 excusatumEt
3269 3998 3417 4058 alter
3438 3997 3602 4061 dixit:

1959 4086 2106 4165 Juga
2143 4085 2364 4146 bonum
2393 4082 2966 4164 emiquinque,eteo
2987 4083 3059 4144 ad
3088 4084 3456 4164 probandum
3483 4087 3604 4147 illa:

1959 4192 2103 4253 rogo
2137 4172 2377 4248 te,habe
2410 4190 2503 4232 me
2526 4170 2979 4233 excusatum.Et
3001 4172 3147 4234 dixit
3174 4172 3604 4236 alius:Ux0rem

1899 4262 2123 4349 Dduxi,
2157 4271 2212 4325 et
2244 4260 2378 4349 ideo
2412 4278 2531 4349 non
2556 4278 2795 4349 possum
2827 4261 3087 4321 venire.»
3120 4261 3265 4322 Cum
3298 4261 3610 4323 dixissetis

1960 4350 2060 4431 qui
2117 4348 2295 4410 simul
2341 4348 2722 4422 accubuerat,
2774 4348 3007 4409 beatum
3058 4367 3191 4410 eum
3222 4351 3317 4431 qui
3350 4352 3607 4413 comedit

1960 4438 2273 4521 prandium
2307 4438 2365 4499 in
2400 4456 2582 4516 regno
2614 4435 2740 4511 Dei,
2761 4437 3047 4500 Dominus
3073 4437 3244 4500 docet
3267 4457 3401 4502 eum
3435 4440 3609 4503 latius

1963 4527 2263 4611 quomodo
2296 4536 2690 4608 oporteatnon
2714 4526 3046 4606 intelligere
3061 4528 3390 4591 convivium
3415 4532 3608 4604 Dei,et

1966 4616 2300 4700 parabolam
2326 4617 2478 4677 hanc
2500 4615 2642 4677 dicit
2667 4635 2680 4678 :
2708 4617 3009 4677 hominem
3031 4617 3269 4697 quidem
3295 4620 3608 4682 nominans

1968 4705 2420 4768 misericordem
2445 4723 2614 4766 suum
2648 4703 3150 4786 patrem.Quando
3170 4708 3326 4769 enim
3350 4709 3611 4772 vindica-

1969 4797 2141 4858 tivam
2163 4794 2268 4857 Dei
2283 4794 2558 4857 virtutem
2586 4793 2890 4875 Scriptura
2918 4794 3605 4877 signiﬁcat,pantheram,

1969 4896 2027 4949 et
2055 4904 2283 4966 ursum,
2312 4894 2369 4947 et
2392 4885 2636 4966 pardum
2673 4903 2808 4946 eum
2831 4886 3260 4965 vocat-,quando
3284 4896 3475 4949 autem
3502 4889 3605 4949 mi-

1970 4974 2297 5037 sericordia
2326 4975 2445 5034 vult
2476 4975 2801 5053 insinuare,
2832 4973 3134 5036 hominem
3159 4976 3386 5039 inducit
3417 4995 3430 5039 :
3459 4979 3610 5040 sicut

657 5063 781 5118 ὅταν
831 5060 883 5117 δὲ
940 5060 1332 5142 φιλανθρωπίαν
1402 5062 1519 5116 τινὰ
1563 5059 1872 5116 αἰνίττεσθαι

1959 5073 2016 5125 et
2033 5083 2192 5125 nunc
2214 5062 2825 5124 misericordissimam
2846 5063 2973 5142 ejus
2995 5063 3496 5143 dispensationem
3523 5070 3609 5128 in.

1960 5153 2258 5232 telligens,
2298 5170 2473 5232 quam
2520 5158 2802 5231 operatur
2831 5152 2889 5211 in
2930 5151 3124 5228 nobis,
3160 5172 3273 5233 qua
3323 5173 3430 5216 nos
3470 5156 3607 5219 facit

236 5235 418 5305 ἔπειδὴ
476 5242 590 5318 περὶ
649 5246 745 5308 τῆς
833 5239 1335 5321 φιλανθρωποτάτης
1400 5236 1697 5313 οἰκονομίας
1747 5234 1867 5291 δια-

1959 5241 2271 5323 participes
2301 5240 2499 5301 carnis
2534 5238 2667 5300 Filii
2700 5238 3125 5314 sui,hominem
3158 5259 3292 5303 eum
3316 5244 3604 5317 nominat.

238 5325 490 5404 λαμϐάνει
546 5331 581 5397 ἡ
638 5326 938 5409 παραϐολὴ,
998 5329 1065 5397 ἢν
1117 5328 1409 5409 ἐνήργησεν
1462 5327 1516 5383 ἐν
1558 5329 1715 5403 ἡμῖν,
1759 5348 1869 5382 κοι-

1959 5332 2190 5394 C(enam
2216 5329 2373 5391 enim
2390 5345 2656 5407 magnam
2675 5326 3407 5410 vocavitdispensationem
3429 5335 3605 5403 hanc.

239 5417 427 5481 νωνοὸς
485 5418 628 5493 ἡμᾶς
670 5420 900 5488 ποιήσας
957 5422 1056 5486 τῆς
1110 5421 1301 5499 σαρκὸς
1355 5425 1448 5475 τοῦ
1511 5421 1628 5475 Υἷοῦ
1687 5418 1863 5491 αὐτοῦ,

1959 5421 2053 5494 Cm
2064 5438 2197 5483 nam
2220 5418 2566 5500 quidem,eo
2588 5416 2742 5499 quod
2768 5417 2828 5479 in
2852 5417 3190 5482 novissimis
3208 5424 3611 5511 temporibus,

313 5574 378 5631 οδ
433 5576 623 5642 Galat.
656 5592 722 5654 ιι,
752 5576 853 5658 20.
