4132 6298
261 280 372 344 937

951 283 1395 348 ENARRATIO
1438 279 1518 346 IN
1565 277 2072 348 EVANGELIUM
2125 277 2364 346 LUCE.
2411 317 2487 329 -—
2533 285 2697 349 CAP.
2746 283 2908 350 XIV.

3519 286 3639 353 938

261 442 382 499 ριον.
449 417 642 498 Ἀγρὸς
685 422 785 496 μὲν
829 423 928 501 γάρ
973 424 1001 477 6
1045 427 1269 497 κόσμος,
1311 424 1399 480 καὶ
1442 424 1475 491 ἡ
1508 422 1659 503 φύσις
1691 417 1935 495 ἀπλῶς,ι

2018 421 2232 490 ινοβιθι·
2253 414 2448 476 villam
2469 415 2768 491 hanc,hoc
2787 419 3637 500 est,naturam,ignoraverunt

261 513 288 566 6
329 507 380 564 δὲ
425 510 521 576 τὴν
573 511 722 589 φύσιν
765 511 1002 588 βλέπων,
1063 513 1124 566 τὸ
1176 513 1304 590 ὑπὲρ
1364 512 1515 592 φύσιν
1563 511 1621 567 οὒ
1668 506 1902 588 παραδέ-

2018 522 2122 561 eum
2156 503 2256 583 qui
2287 504 2636 566 condiderat
2660 515 2718 568 et
2750 507 3058 570 innovarat
3087 519 3314 571 naturae
3337 507 3635 576 ordinem.

262 621 436 678 χεται.
472 596 617 655 Ἰδὼν
647 602 735 655 οῦν
767 604 794 657 6
851 609 1146 679 Φαρισαῖος
1189 602 1357 680 τυχὸν
1379 590 1490 657 τὸν
1544 600 1733 678 ἀγρὸν,
1759 619 1904 655 τουτ-

2021 609 2212 653 esum.
2243 595 2421 682 Porro
2453 595 2554 674 qui
2577 596 2720 675 juga
2750 596 2926 658 boum
2960 601 3223 679 quinque
3243 601 3390 664 emit
3414 608 3470 662 et
3495 621 3637 682 pro-

263 689 394 754 ἐστι,
440 689 571 764 πρὸς
629 691 751 752 τοῦς
792 696 890 757 τῆς
950 690 1153 769 φύσεως
1211 690 1403 765 νόμους
1461 688 1792 764 ἀποϐλέψας,
1848 689 1906 742 οῦ

265 774 578 855 παρεδέξατο
608 779 668 833 τὸ
726 794 903 835 τεκεῖν
958 778 1210 856 παρθένον
1269 780 1421 858 Θεὸν,
1481 780 1555 841 ὡς
1582 778 1712 855 ὑπὲρ
1756 777 1906 857 φύσιν

265 865 319 921 ὅν
353 882 365 894 ·
423 864 558 920 ἀλλά
602 870 688 923 καὶ
731 871 776 924 οἱ
805 869 873 936 τῆ
903 868 1002 934 ἔξω
1052 867 1208 946 σοφίᾳ
1253 866 1659 946 ὲγκαυχώμενοι
1689 866 1906 938 πὶντες,

267 953 348 1010 διά
401 956 494 1010 τὸν
549 956 710 1030 ἀγρὸν
764 964 970 1036 τοῦτον,
1031 955 1268 1012 τουτέστι
1298 958 1398 1023 τὴν
1430 957 1606 1037 φύσιν,
1641 956 1910 1033 ἠγνόησαν

270 1045 356 1098 τὸν
417 1047 880 1122 καινοτομήσαντα
936 1048 1033 1113 τὴν
1092 1045 1242 1125 φύσιν
1301 1043 1528 1112 Ἰησοῦν.
1582 1036 1639 1101 Ὀ
1668 1042 1722 1098 δὲ
1751 1043 1910 1119 ζεύγη

266 1133 402 1207 βοῶν
446 1133 710 1210 ἀγοράσας
765 1136 942 1209 πέντε,
1006 1136 1092 1190 καὶ
1149 1132 1453 1209 δοκιμάζων
1503 1135 1658 1201 αὒτά,
1698 1134 1910 1198 νοηθείη

266 1220 326 1275 ἂν
355 1223 440 1277 καὶ
485 1225 512 1278 6
543 1222 790 1302 φιλόϋλος
824 1223 1120 1303 ἅνθρωπος,
1169 1224 1226 1285 ὃς
1285 1223 1380 1286 τὰς
1412 1228 1566 1279 πέντε
1598 1223 1694 1290 τῆς
1727 1227 1911 1300 ψυχῆς

269 1311 542 1379 αἰσθήσεις
599 1326 720 1375 ταῖς
766 1325 1102 1388 σωματικαῖς
1155 1309 1440 1384 συνέζευξε,
1475 1313 1561 1367 καὶ
1602 1311 1702 1376 τὴν
1732 1310 1912 1388 ψυχὴν

269 1398 435 1476 σάρκα
489 1402 705 1466 εποίησε
741 1417 754 1432 ·
810 1399 893 1457 διὰ
936 1403 1089 1457 τοῦτο
1147 1401 1240 1456 οἷα
1295 1399 1360 1466 δὴ
1391 1401 1509 1468 περὶ
1538 1405 1640 1478 γῆν
1672 1399 1912 1478 ἔνησχο-

268 1488 524 1567 λημένος,
585 1495 644 1548 οὗ
700 1490 944 1566 βούλεται
1003 1497 1094 1546 τοῦ
1153 1489 1371 1567 λογικοῦ
1426 1488 1632 1544 δείπνου
1689 1487 1919 1563 μεταλα-

268 1576 410 1650 ϐεῖν,
443 1580 570 1656 φησὶ
608 1581 706 1656 γὰρ
736 1581 823 1634 καὶ
882 1581 1043 1658 σοφός
1079 1595 1092 1607 ⁸
1132 1599 1155 1633 (ι
1195 1577 1254 1635 Τί
1307 1579 1678 1658 σοφισθήσεται
1710 1579 1737 1632 ὁ
1786 1598 1916 1655 κρα-

1989 679 2086 739 bat
2119 699 2208 753 ea,
2259 681 2448 759 signat
2505 685 2808 746 carnalem
2858 686 3188 764 hominem,
3233 689 3331 770 qui
3376 679 3640 771 quinque

1993 787 2204 829 sensus
2238 771 2451 831 enimaa
2481 773 2891 851 corporalibus
2922 777 3061 836 598
3092 777 3403 856 conjunxit
3431 788 3487 839 et
3511 780 3639 840 ani-

1997 877 2152 918 mam
2187 877 2426 921 carnem
2461 861 2596 923 fecit
2635 885 2648 920 :
2703 873 2758 924 et
2791 873 3033 944 propter
3075 866 3207 941 hoc,
3243 875 3443 947 utpote
3483 869 3639 930 circa

1994 955 2231 1008 terrena
2263 946 2608 1027 Occupatus,
2646 971 2763 1012 non
2797 953 2915 1013 vult
2946 953 3272 1034 spiritualis
3304 946 3488 1018 cmnae
3510 975 3642 1037 par-

1997 1035 2184 1114 ticeps
2215 1054 2368 1098 esse.
2404 1037 2563 1098 Dicit
2616 1040 2778 1101 enim
2826 1042 3123 1120 Sapiens:
3167 1068 3188 1098 c
3253 1046 3315 1106 In
3366 1065 3481 1125 quo
3514 1035 3643 1107 ierit

1997 1125 2256 1205 sapiens,
2294 1128 2392 1205 qui
2428 1137 2590 1192 tenet
2632 1131 3024 1192 aratrum68‘!
3062 1159 3083 1188 ο
3139 1133 3210 1193 At
3259 1134 3358 1213 qui
3403 1144 3646 1216 propter

1998 1231 2239 1274 uxorem
2273 1216 3147 1302 excidit,voluptuariusutique
3165 1222 3648 1303 fuerit,quicarni

1999 1310 2060 1362 ut
2092 1305 2330 1383 conjugi
2363 1307 2577 1366 animae
2607 1307 2886 1383 alligatus
2916 1320 3024 1383 est,
3060 1319 3116 1372 et
3144 1331 3276 1372 cum
3311 1322 3401 1374 est
3430 1313 3489 1375 in
3522 1314 3645 1382 illa,

1999 1392 2167 1471 quasi
2202 1395 2252 1453 ei
2280 1395 2614 1474 adhaerens,
2651 1396 2773 1458 Deo
2801 1399 3034 1478 placere
3065 1419 3183 1461 non
3216 1409 3427 1481 potest.
3461 1401 3646 1465 Intel-

2002 1482 2147 1558 ligas
2177 1492 2375 1542 autem
2414 1485 2535 1544 hmc
2570 1489 2767 1548 omnia
2803 1497 2860 1548 et
2883 1490 3048 1568 juxta
3095 1489 3379 1551 litteram.
3413 1490 3645 1554 Etenim

2001 1570 2331 1661 excidimus
2362 1591 2394 1632 a
2425 1572 2547 1634 Deo
2580 1583 2637 1634 et
2664 1586 2905 1654 propter
2924 1578 3114 1653 villas,
3149 1587 3207 1639 et
3240 1589 3484 1661 propter
3507 1581 3652 1661 juga

266 1673 373 1722 τῶν
430 1668 646 1746 ἀρότρου
680 1685 695 1743 ς
732 1693 758 1722 ι)
811 1661 867 1726 Ὀ
930 1668 983 1723 δὲ
1027 1665 1111 1724 διὰ
1165 1667 1262 1734 τὴν
1308 1680 1535 1745 γυναῖκα
1567 1666 1858 1739 ἐκπίπτων,
1893 1667 1920 1720 6

2018 1678 2206 1734 ooum,
2243 1669 2300 1719 et
2332 1671 2572 1758 propter
2607 1666 2863 1758 nuptias.
2896 1666 3284 1758 Adbaerentcs
3314 1659 3472 1730 enim
3507 1659 3646 1742 illis,

269 1753 553 1836 φιλήδονος
598 1756 688 1822 εἴτ.
720 1758 806 1830 ἂν,
838 1759 894 1822 ὃς
1021 1759 1172 1834 σαρκὶ
1217 1757 1285 1832 τῇ
1334 1757 1538 1833 συζύγῳ
1585 1756 1683 1822 τῆς
1736 1759 1919 1833 ψυχῂς

2018 1755 2062 1809 et
2096 1755 2275 1840 totam
2309 1749 2485 1810 vitam
2541 1752 2596 1812 in
2647 1772 2716 1814 ea
2760 1752 3201 1835 impendentes,
3257 1766 3314 1819 et
3359 1778 3547 1840 usque
3576 1758 3648 1820 ad

269 1848 670 1919 προστετηκὼς,
734 1849 820 1903 καὶ
865 1848 918 1902 ἐν
962 1849 1094 1921 αὒτῇ
1151 1845 1246 1919 ὢν,
1309 1847 1383 1907 ὡς
1426 1844 1702 1912 κολληθεὶς
1760 1845 1915 1918 αιῖιτῇ,

2018 1837 2350 1916 sanguinem
2403 1842 2585 1901 vexati
2633 1852 2690 1902 et
2745 1821 3051 1925 excoriati,
3105 1847 3330 1909 nullum
3383 1821 3650 1909 divinum

271 1941 392 2008 Θεῳ
444 1935 624 2013 ἀρέσαι
677 1941 735 1994 οὒ
791 1935 1024 1998 δύναται,
1091 1937 1321 2004 Νοήσαις
1369 1934 1412 1990 δ’
1447 1933 1506 1989 ἂν
1537 1941 1700 1990 ταῦτα
1749 1933 1918 1988 πάντα

2018 1927 2091 1988 rel
2117 1912 2367 1987 sensqu
2395 1930 2482 1990 vel
2513 1930 2757 1992 verbum
2793 1912 3120 2010 cogitamus
3144 1937 3233 1997 vel
3265 1937 3651 2012 attendimus,

273 2025 366 2080 καὶ
393 2025 532 2080 κατὰ
562 2027 622 2080 τὸ
653 2026 811 2102 ῥητόν
851 2041 866 2059 ⁶
895 2028 981 2082 καὶ
1011 2026 1110 2102 γάρ
1153 2024 1477 2097 ἐκπίπτομεν
1503 2031 1596 2081 τοῦ
1634 2031 1766 2081 Θεοῦ
1793 2022 1883 2077 καὶ
1910 2018 1976 2074 δι’
2032 2018 2246 2096 ἀγροὺς,
2279 2023 2365 2073 καὶ
2395 2016 2478 2074 διὰ
2509 2022 2671 2099 ζεύγη
2703 2024 2865 2102 βοῶν,
2910 2028 2995 2080 καὶ
3029 2025 3113 2081 διά
3143 2028 3370 2107 γάμολς,
3403 2031 3652 2108 προσκεί-

273 2134 425 2186 μενοι
457 2112 553 2188 μὲν
579 2115 812 2194 τούτοις,
841 2115 930 2170 καὶ
952 2115 1043 2169 τὸν
1072 2112 1279 2168 ἅπαντα
1310 2113 1421 2188 βίον
1454 2115 1525 2176 εἰς
1557 2119 1721 2168 ταῦτα
1770 2107 2130 2179 δαπανῶντες,
2165 2108 2251 2162 καί
2284 2131 2385 2162 που
2437 2111 2524 2164 καὶ
2555 2108 2712 2189 ἄχρις
2745 2111 2980 2187 αἱμάτων
3013 2113 3096 2169 διὰ
3124 2123 3286 2171 ταῦτα
3317 2116 3651 2198 ἐκτραχηλι-

271 2202 485 2275 ζόμενοι
521 2221 534 2234 ⁸
568 2206 711 2258 θεῖον
742 2203 796 2258 δὲ
828 2201 992 2270 μηδὲν
1022 2202 1058 2270 ἢ
1091 2202 1266 2276 νόημα
1297 2203 1332 2269 ἢ
1363 2203 1510 2280 ῥῆμα
1540 2201 1928 2276 διανοούμενοι,
1961 2197 1997 2264 ἢ
2031 2197 2440 2274 μετερχόμενοι.

371 2313 394 2346 ε
456 2295 552 2350 Καὶ
610 2293 1037 2371 παραγενόμενος
1089 2295 1116 2346 6
1174 2291 1378 2370 δοῦλος,
1411 2290 1705 2369 ἀπήγγειλε
1734 2294 1810 2361 τῷ
1833 2311 1930 2343 κυ-

2095 2285 2277 2345 νΕιιε.
2305 2287 2554 2350 ‘21-‘24.«
2580 2287 2649 2348 Et
2670 2288 2915 2351 veniens
2943 2310 3147 2354 servus
3170 2294 3271 2355 ille
3297 2298 3657 2360 renuntiavit

277 2383 376 2458 ρίῳ
434 2381 590 2437 αὐτοῦ
645 2389 830 2441 ταῦτα.
920 2382 1050 2438 Τότε
1126 2382 1387 2458 ὀργισθεὶς
1445 2383 1473 2436 6
1529 2377 1928 2448 οἰκοδεσπότης,

2018 2373 2138 2432 haec
2170 2373 2412 2435 domino
2444 2395 2575 2441 suo.
2606 2379 2770 2439 Tunc
2821 2379 3008 2443 iratus
3056 2384 3481 2463 paterfamilias
3511 2387 3659 2449 dixit

347 2439 358 2454 .
819 2439 828 2441 ν
1158 2439 1167 2458 .
1203 2439 1214 2457 .
1375 2439 1384 2442 -

277 2439 410 2526 εἷπε
463 2475 538 2542 τῷ
589 2467 756 2542 δούλῳ
787 2470 944 2526 αὒτοῦ
978 2485 991 2499 ⁸
1027 2467 1262 2531 ’Ἔξελθε
1303 2468 1516 2547 ταχέως
1550 2469 1622 2531 εἷς
1665 2468 1758 2529 τάς
1788 2463 1931 2521 πλα-

2018 2477 2184 2523 servo
2212 2480 2318 2522 suo
2345 2483 2358 2527 :
2397 2466 2502 2526 Exi
2527 2467 2641 2526 cito
2665 2467 2724 2528 in
2749 2469 2970 2548 plateas
3002 2439 3256 2533 etrvicos
3296 2473 3566 2549 civitatis,
3602 2485 3660 2537 et

278 2559 449 2636 τείας,
487 2559 573 2614 καὶ
603 2558 769 2634 ῥύμας
811 2560 912 2624 τῆς
943 2557 1173 2626 πόλεως,
1235 2560 1323 2612 καὶ
1375 2556 1495 2617 τοὺς
1527 2556 1802 2634 πτωχοὺς,
1847 2553 1934 2608 καὶ

2018 2568 2308 2630 pauperes
2335 2571 2403 2613 ac
2424 2553 2679 2629 debiles,
2705 2557 3066 2638 claudosque
3095 2568 3152 2620 et
3179 2580 3365 2622 caecos
3383 2563 3658 2626 introduc

278 2648 612 2724 ἀναπήρους,
658 2649 744 2704 καὶ
796 2646 1036 2726 χωλοὺς,
1093 2647 1182 2701 καὶ
1230 2643 1452 2725 τυφλοὺς
1517 2645 1765 2722 εἰσάγαγε
1807 2639 1932 2734 ὦδε,

2020 2640 2154 2734 huc.
2190 2638 2258 2699 Et
2287 2640 2367 2734 ait
2395 2661 2635 2734 servus:
2675 2647 2948 2727 Domine,
2985 2648 3205 2710 factum
3241 2660 3328 2712 est
3359 2661 3422 2712 ut
3461 2653 3657 2734 impe-

284 2736 387 2793 Καὶ
417 2739 568 2790 εἶπεν
599 2737 627 2791 6
656 2733 838 2800 δοῦλος
874 2752 889 2768 ⁸
923 2745 1098 2813 Κύριε,
1145 2734 1359 2812 γέγονεν
1397 2735 1472 2796 ὡς
1515 2731 1790 2799 ἐπέταξας,
1839 2731 1924 2786 καὶ

2018 2727 2171 2797 rasti,
2202 2737 2259 2789 et
2287 2729 2482 2792 adhuc
2504 2732 2670 2794 locus
2691 2745 2800 2797 est.
2827 2737 2900 2798 Et
2920 2739 3000 2798 ait
3021 2737 3300 2800 dominus
3322 2759 3522 2805 servo:
3548 2727 3656 2814 Exi

279 2825 362 2881 ἔτι
391 2824 556 2886 τόπος
616 2825 725 2882 ἐστί
759 2842 772 2855 °
821 2826 908 2880 καὶ
951 2825 1104 2881 εἶπεν
1150 2826 1178 2880 6
1207 2824 1381 2902 κύριος
1412 2825 1542 2902 πρὸς
1572 2821 1662 2877 τ’ἶν
1691 2819 1870 2876 δοῦλον
1908 2841 1923 2855 ·

2018 2815 2069 2874 in
2104 2814 2222 2876 vias
2252 2823 2313 2879 et
2336 2837 2531 2898 sepes,
2559 2830 2617 2880 et
2642 2824 2932 2902 compelle
2974 2825 3222 2906 intrare,
3256 2837 3317 2889 ut
3345 2830 3658 2910 impleatur

284 2913 518 2980 ’Ἱῦξελθε
564 2917 635 2978 εἰς
687 2916 780 2977 τάς
817 2913 988 2993 ὁδοὺς,
1035 2915 1122 2969 καὶ
1172 2913 1469 2993 φραγμοὺς,
1516 2914 1603 2968 καὶ
1633 2911 1929 2987 ἀνάγκασον

2018 2903 2228 2965 domus
2261 2924 2414 2970 mea.
2443 2907 2584 2969 Dico
2604 2910 2763 2970 enim
2792 2913 2982 2994 vobis,
3015 2916 3169 2995 quod
3202 2903 3375 2979 nemo
3397 2903 3653 2980 virorum

289 3003 573 3076 εἰσελθεῖν,
619 3003 712 3060 ’ίνα
758 3005 981 3081 γεμισθῇ
1017 3005 1044 3058 6
1075 3002 1227 3064 οἶκός
1271 3023 1372 3077 μου
1408 3017 1421 3030 ⁸
1460 3001 1601 3079 λέγω
1646 3001 1745 3077 γὰρ
1776 3001 1927 3074 ὑμῖν,

290 3094 371 3149 ὅτι
437 3090 603 3157 οὒδεὶς
672 3099 776 3148 τῶν
861 3090 1058 3170 ἀνδρῶν
1143 3091 1354 3148 ἐκείνων
1435 3096 1540 3146 τῶν
1596 3087 1939 3163 κεκλημένων

293 3183 545 3259 γεύσεταί
602 3205 704 3253 μου
773 3182 866 3238 τοῦ
933 3179 1166 3241 δείπνου,
1216 3202 1240 3239 ο
1307 3178 1694 3259 Ἀπερρίφησαν
1752 3178 1846 3254 μὲν
1893 3179 1940 3232 οἱ

288 3272 550 3351 ἄρχοντες
609 3276 715 3326 τῶν
771 3268 1059 3350 Ἰουδαίων,
1119 3270 1204 3325 καὶ
1275 3267 1439 3332 οὐδεὶς
1482 3267 1543 3322 ἐκ
1593 3267 1788 3322 τούτων
1817 3267 1942 3322 επί-

291 3379 481 3417 στευσε
506 3363 583 3434 τῷ
629 3360 861 3438 Χριστῷ,
893 3361 965 3423 ὡς
995 3361 1082 3415 καὶ
1114 3360 1260 3414 αὐτοὶ
1310 3358 1674 3436 ἓνεκαυχῶντο
1723 3357 1790 3430 τῇ
1836 3377 1940 3411 κα-

294 3452 408 3522 κίᾳ,
476 3449 563 3516 Μὴ
605 3448 727 3527 γὰρ,
785 3450 935 3527 φησὶ,
993 3453 1099 3502 τῶν
1170 3447 1447 3526 ἀρχόντων
1503 3467 1584 3510 τις
1643 3445 1943 3501 ἐπίστευσεν

299 3541 372 3602 εἰς
442 3537 596 3593 αὐτόν
631 3553 648 3609 ;
706 3543 858 3593 Οὗτοι
891 3535 985 3610 μὲν
1040 3538 1127 3591 οὖν
1179 3539 1224 3591 οἱ
1268 3538 1616 3610 νομομαθεῖς,
1644 3535 1730 3590 καὶ
1763 3540 1943 3611 Γραμ-

293 3625 519 3702 ματεῖς,
579 3625 649 3688 ὥς
710 3647 872 3704 φησιν
938 3627 965 3680 6
1044 3626 1350 3703 προφήτης,
1417 3622 1774 3701 μωρανθέντες
1828 3620 1941 3686 ἑξέ-

296 3736 463 3772 πεσον
515 3719 614 3780 τῆς
676 3714 906 3792 χάριτος
941 3731 956 3747 ⁶
1003 3714 1049 3769 οἱ
1094 3711 1148 3768 δὲ
1192 3713 1251 3768 ἐκ
1291 3718 1397 3768 τῶν
1437 3709 1698 3768 Ἰουδαίων
1744 3709 1943 3767 ίδιῶται

299 3802 534 3883 χωλοῖς,
598 3804 688 3858 καὶ
734 3801 980 3881 τυφλοῖς,
1040 3803 1127 3858 καὶ
1177 3803 1465 3880 ἀναπήροις
1513 3801 1942 3880 ἀπεικαζόμενοι,

297 3873 362 3950 τά
428 3893 578 3969 μωρά
635 3898 728 3948 τοῦ
784 3893 1009 3968 κόσμου,
1066 3893 1152 3947 καὶ
1203 3894 1248 3946 οἱ
1297 3889 1720 3963 ἐξουδενωμένοι,
1802 3897 1944 3946 οὗτοι

300 3981 628 4051 ἐκλήθησαν.
681 3971 737 4038 Ὀ
794 3981 892 4060 γὰρ
947 3979 1112 4059 ἄλλος
1189 3979 1472 4055 ἐθαύμαζεν
1529 3978 1612 4034 ἐπὶ
1669 3993 1789 4042 τοῖς
1845 3977 1943 4034 λό-

300 4093 422 4148 γυις
483 4073 582 4135 τῆς
641 4070 862 4148 χάριτος
917 4081 1036 4132 τοῖς
1067 4068 1502 4144 ἐκπορευομένοις
1529 4066 1589 4122 ὲκ
1615 4073 1708 4123 τοῦ
1737 4068 1944 4141 στόμα-

298 4181 392 4222 τος
450 4166 541 4214 τοῦ
597 4156 794 4237 Ἰησοῦ,
842 4160 930 4214 καὶ
983 4157 1199 4238 ἔχαιρον
1249 4160 1316 4233 τῇ
1372 4155 1701 4229 διδασκαλίᾳ.
1738 4154 1862 4212 Μεθ’
1918 4158 1945 4212 ὃ

299 4247 353 4304 δὲ
416 4247 654 4314 εἰσῆλθον
702 4256 843 4303 ουτοι
901 4249 946 4304 οἱ
1007 4246 1058 4312 ἐξ
1130 4245 1368 4324 Ἰσραὴλ,
1427 4247 1463 4314 ἡ
1523 4244 1748 4325 ἐκλογὴ,
1779 4246 1942 4325 φημὶ,

1953 3043 1998 3099 c
2024 2993 2256 3053 illorum
2291 2998 2388 3073 qui
2441 2998 2625 3058 vocati
2658 3009 2792 3061 sunt
2821 2993 3074 3079 gustabit
3106 3023 3333 3066 coenam
3372 3026 3586 3072 meam.
3623 3034 3652 3066 ι

2022 3081 2250 3173 Abjecti
2272 3093 2410 3144 sunt
2441 3085 2740 3168 principes
2761 3089 3124 3173 Judaaorum,
3149 3103 3208 3155 et
3230 3095 3424 3157 nullus
3450 3115 3519 3158 ex
3543 3097 3662 3158 illis

2023 3171 2275 3267 credidit
2307 3173 2539 3267 Cbristo
2564 3177 2664 3267 qui
2692 3171 3197 3267 gloriabanturrin
3232 3184 3475 3247 malitia.
3508 3185 3659 3248 Nnm

2025 3260 2177 3339 quis,
2205 3259 2415 3340 inquit,
2445 3263 2779 3346 principum
2813 3259 3065 3331 credidit
3105 3271 3162 3332 in
3193 3274 3374 3334 eum?
3405 3276 3662 3337 Proinde

2025 3350 2183 3440 docti
2209 3349 2266 3410 in
2291 3352 2420 3429 lege
2437 3371 2504 3413 ac
2528 3353 2774 3430 Scriba},
2802 3367 2864 3418 ut
2900 3361 3183 3440 prapheta
3206 3363 3369 3438 dicit,
3396 3365 3664 3427 infamati

2025 3437 2272 3515 gratiam
2303 3441 2630 3504 amiserunt
2664 3466 2677 3502 :
2713 3437 2913 3509 idiotaé
2938 3437 3134 3510 autem
3178 3469 3247 3511 ex
3292 3451 3535 3529 Judzeis,
3567 3454 3667 3534 qui

2029 3527 2202 3618 caecis
2224 3535 2282 3589 et
2303 3531 2528 3591 claudis
2553 3540 2610 3594 et
2631 3532 2934 3596 debilibus
2963 3548 3481 3618 comparantur,et
3501 3527 3666 3606 stulti

2028 3627 2172 3714 sunt.
2188 3617 2363 3714 hujus
2381 3621 2845 3714 mundi,etymire
2865 3617 3280 3708 contempti,hi
3298 3632 3484 3692 vocati
3507 3640 3664 3714 sunt.

2029 3706 2246 3800 ’I‘urbaa
2269 3707 2426 3800 enim
2442 3709 2896 3800 admirabantur
2917 3706 3304 3795 super’gratia
3322 3739 3451 3800 quae
3470 3720 3544 3782 de
3564 3706 3669 3783 ore

2024 3792 2057 3854 J
2064 3813 2165 3856 esu
2180 3796 2629 3891 procedebat,et
2643 3802 2974 3878 gaudebant
2988 3792 3045 3864 in
3058 3792 3358 3868 doctrina.-
3358 3812 3668 3891 Postquam

2027 3895 2227 3980 autem
2253 3885 2620 3948 intraverunt
2642 3891 3146 3980 Israelitaetecti,
3164 3885 3583 3980 inquam,quos
3609 3899 3672 3960 in

2029 3974 2275 4051 gloriam
2307 3993 2473 4036 suam
2511 3979 2953 4055 praedestinarat
2983 3985 3162 4057 Deus,
3186 3974 3395 4065 quales
3432 3974 3674 4050 fuerunt

2030 4061 2235 4122 Petrus
2259 4071 2313 4122 et
2347 4065 2446 4122 tilii
2476 4064 2768 4140 Zebedaei,
2798 4077 2856 4129 et
2889 4071 3070 4132 multa
3103 4061 3220 4133 alia
3250 4076 3432 4135 millia
3463 4095 3669 4138 eorum

2030 4151 2142 4247 qui
2161 4151 2567 4247 crediderunt,
2605 4154 2939 4247 benignitas
2991 4159 3093 4220 Dei
3144 4163 3318 4244 etiam
3373 4164 3431 4224 in
3464 4173 3671 4247 gentes

2031 4239 2242 4300 ditl‘usa
2271 4244 2525 4332 est._Der
2546 4242 2654 4303 hos
2677 4245 2835 4304 enim
2869 4247 2966 4325 qui
2992 4247 3051 4307 in
3073 4249 3168 4310 via
3199 4242 3256 4312 et
3287 4253 3438 4330 apud
3469 4239 3667 4332 sepes,

301 4340 392 4400 οὓς
445 4339 473 4392 ὁ
529 4339 658 4398 Θεὸς
713 4337 1005 4415 προώρισεν
1036 4338 1108 4398 είς
1140 4321 1287 4400 δόξαν
1345 4339 1524 4408 αὐτοῦ,
1558 4337 1609 4390 οἳ
1666 4321 1806 4400 ἦσαν
1837 4334 1935 4389 Πέ-

2033 4337 2237 4405 gentes
2270 4328 2666 4408 intelligenda:
2698 4343 2858 4396 sunt.
2887 4321 3184 4399 'lsraelitae
3225 4321 3383 4400 enim
3435 4321 3673 4402 fuerunt

199 4463 203 4467 ρ
300 4448 450 4505 τρος,
511 4427 599 4481 καὶ
656 4427 702 4481 οἱ
759 4432 851 4481 τοῦ
908 4422 1204 4504 Ζεϐεδαίου,
1249 4424 1337 4480 καὶ
1392 4426 1443 4480 αἱ
1499 4422 1680 4481 λοιπαὶ
1706 4421 1949 4502 μυριάδες

310 4517 418 4571 τῶν
476 4513 895 4593 πιστευσάντων,
952 4516 986 4580 ἡ
1045 4513 1309 4592 ἀγαθότης
1363 4519 1456 4568 τοῦ
1511 4519 1641 4568 Θεοῦ
1669 4513 1755 4567 καὶ
1785 4515 1857 4575 εἱς
1888 4513 1951 4567 τά

305 4604 431 4670 ἔθνη
488 4605 869 4682 ὑπερεκχεῖται
902 4622 918 4639 ·
973 4604 1020 4658 οἱ
1079 4603 1178 4681 γάρ
1233 4601 1286 4656 ἐν
1334 4614 1458 4666 ταῖς
1505 4599 1673 4680 ὁδοῖς,
1719 4603 1951 4663 καὶτοῖς

306 4705 600 4772 φραγμοῖς,
659 4693 726 4748 τὰ
796 4691 919 4758 ἔθνη
969 4695 1234 4758 νοηθεῖεν.
1323 4692 1383 4748 Οἱ
1458 4691 1558 4764 μὲν
1620 4688 1949 4766 Ἰσραηλῖται

309 4781 455 4847 ἐντὸς
513 4781 648 4848 ἦσαν
702 4785 797 4848 τῆς
854 4779 1062 4843 πόλεως
1149 4777 1240 4837 ἅτε
1309 4780 1397 4834 καὶ
1455 4778 1768 4853 ναμοθεσίαν
1796 4775 1950 4842 δεξά-

310 4891 486 4945 μενοι,
532 4871 619 4926 καὶ
676 4868 1010 4946 ἀστειοτέραν
1083 4866 1353 4946 διαγωγὴν
1405 4867 1668 4947 λαχόντες
1709 4887 1724 4904 ο
1777 4868 1843 4926 τά
1898 4864 1952 4922 δὲ

309 4957 432 5026 ἔθνη
477 4957 594 5022 ξένα
641 4964 746 5014 τῶν
824 4955 1088 5023 διαθηκῶν
1145 4955 1294 5031 ὅντα,
1355 4958 1442 5013 καὶ
1501 4953 1952 5034 ἀπηλλοτριωμέ-

309 5069 387 5103 νοι
445 5052 543 5113 τῆς
600 5049 908 5122 νομοθεσίας
967 5052 1059 5102 τοῦ
1118 5050 1366 5124 Χριστοῦ,
1397 5045 1594 5120 καὶμὴ
1626 5043 1950 5116 συμπολῖται

310 5134 460 5198 ὄντες
517 5141 622 5191 τῶν
665 5135 827 5212 ἁγίων
885 5136 980 5190 οὐκ
1033 5132 1087 5189 ἐν
1118 5139 1215 5209 μιᾷ
1244 5131 1370 5208 ὁδῷ,
1403 5132 1539 5190 ἀλλά
1571 5132 1800 5198 πολλαῖς
1857 5139 1953 5200 τῆς

307 5224 530 5299 ἀνομίας
587 5226 674 5280 καὶ
733 5223 1006 5302 ἀγροικίας
1064 5219 1339 5301 διέτριϐον,
1398 5224 1486 5279 καὶ
1537 5221 1591 5277 ἒν
1648 5225 1766 5284 τοῖς
1814 5244 1952 5300 φρα-

309 5327 499 5393 γμοῖς,
557 5325 679 5377 ταῖς
729 5313 1030 5392 ἁμαρτίαις,
1079 5311 1218 5392 φημί
1247 5328 1260 5342 ·
1307 5314 1341 5380 ἡ
1395 5313 1494 5391 γάρ
1525 5311 1754 5390 ἁμαρτία
1784 5311 1951 5389 μέγας

308 5405 574 5481 φραγμὸς,
607 5404 694 5458 καὶ
726 5401 1045 5481 μεσότοιχον
1092 5400 1309 5458 δι’ίστῶν
1360 5403 1503 5476 ἡμᾶς
1536 5400 1640 5457 ἀπὸ
1671 5406 1763 5456 τοῦ
1793 5407 1948 5462 Θεοῦ,

390 5530 452 5582 66
483 5533 664 5597 Eccli.
700 5549 903 5614 χχχιιι,
935 5532 1034 5596 26.

630 5657 893 5718 ΡΑΤιιοι.
936 5656 1050 5717 Gn.
1097 5653 1368 5720 CXXIII.

2033 4418 2187 4477 intra
2208 4417 2525 4499 civitatem,
2550 4427 2613 4480 ut
2643 4421 2744 4500 qui
2775 4422 2961 4500 legem
2995 4437 3403 4509 susceperant,
3437 4429 3670 4490 civilio-

2033 4524 2158 4566 rem
2195 4506 2365 4568 vitam
2397 4509 2613 4572 sortiti.
2647 4512 2916 4574 Gentiles
2951 4531 3138 4576 veroa
3161 4506 3528 4580 testamentis
3559 4527 3618 4580 et
3641 4537 3675 4580 a

2035 4595 2166 4674 lege
2200 4597 2708 4673 Deialienierant,
2737 4609 2795 4661 et
2825 4621 2941 4662 non
2966 4602 3099 4664 facti
3133 4606 3672 4680 civessanctorum,

2036 4702 2145 4746 nec
2167 4685 2225 4745 in
2251 4705 2368 4746 una
2388 4687 2612 4760 via,sed
2633 4688 2692 4749 in
2713 4689 2912 4752 multis
2938 4691 3266 4772 iniquitatis
3289 4696 3396 4778 viis
3424 4709 3480 4757 et
3502 4697 3676 4758 rusti-

2035 4775 2230 4836 citatis
2262 4775 2648 4870 versabantur
2671 4797 2684 4810 ·
2722 4786 2780 4838 et
2809 4781 2961 4860 apud
2997 4800 3192 4864 sepes,
3221 4775 3461 4870 peccata
3491 4785 3625 4848 dico
3655 4806 3671 4847 :

2036 4875 2344 4943 peccatum
2378 4865 2535 4924 enim
2569 4882 2780 4942 magna
2826 4886 3000 4948 sepes
3033 4879 3146 4946 est,
3192 4883 3248 4934 et
3291 4867 3673 4935 interstitium

2035 4951 2308 5042 dividens
2330 4970 2438 5042 nos
2484 4970 2518 5011 a
2563 4952 2706 5015 Deo.
2761 4956 2870 5016 Per
2907 4957 3029 5020 vias
3087 4959 3306 5042 itaque,
3358 4961 3672 5042 pecuniam

2036 5039 2341 5117 gentilium
2366 5039 2537 5100 vitam
2571 5049 2628 5101 et
2658 5042 2717 5102 in
2748 5044 2958 5106 multas
2997 5039 3311 5110 dissectam
3359 5039 3676 5130 opiniones

2036 5129 2333 5208 intelligit:
2356 5149 2460 5210 per
2480 5148 2658 5209 sepes
2677 5134 3023 5208 vero,vitam
3046 5137 3282 5200 illorum
3306 5138 3366 5200 in
3391 5129 3672 5220 peccatis.

2037 5217 2163 5280 Non
2206 5219 2556 5298 simpliciter
2602 5229 2794 5281 autem
2837 5221 3010 5300 jubet
3057 5226 3189 5287 illos
3237 5217 3492 5291 vocare:
3542 5227 3676 5306 sed,

2036 5306 2362 5387 Compelle,
2392 5307 2619 5388 inquit:
2656 5310 2923 5389 quamvis
2946 5312 3340 5377 voluntarium
3373 5317 3450 5378 sit
3477 5317 3676 5379 omni-

2037 5397 2145 5458 bus
2173 5396 2440 5458 credere.
2475 5399 2771 5459 Czeterum
2812 5407 2874 5460 ut
2908 5400 3166 5465 sciamus
3196 5422 3422 5482 magna;
3451 5406 3679 5491 virtutis

3256 5660 3362 5727 30.
