4132 6298
462 316 581 382 939
1414 324 2024 392 ‘THEOPHYLACTI
2063 324 2473 391 BULGARIE
2515 326 2873 391 ARCHIEP.
3723 320 3852 388 940

462 453 571 518 Dei
603 475 738 519 esse
770 458 1097 520 credidisse
1119 470 1324 538 gentes
1346 461 1406 524 in
1432 470 1593 525 tanta
1614 474 1922 527 versantes
1951 465 2114 545 igno-

2203 462 2306 528 Τὴν
2337 459 2584 528 κτηνώδη
2639 460 2728 516 οὗν
2782 463 2890 516 τῶν
2950 459 3110 515 ἐθνῶν
3166 455 3464 536 διαγωγὴν,
3513 461 3599 514 καὶ
3638 458 3709 520 εἷς
3748 459 3844 519 τὰς

462 548 678 620 rantia,
723 547 855 608 ideo
895 548 1085 611 dixit:
1130 547 1459 630 Compelle.
1515 554 1643 616 Nisi
1693 554 1849 615 enim
1902 573 2112 634 magna

2203 548 2401 614 πολλὰς
2446 548 2595 616 δόξας
2642 548 3037 625 μεμερισμένην
3096 548 3378 605 αἰνίττεται
3428 546 3511 603 διὰ
3548 550 3652 604 τῶν
3681 545 3842 616 ὁδῶν,

468 636 607 697 398
637 635 843 696 fuisset
874 637 1003 717 ejus
1032 635 1134 718 qui
1158 640 1595 718 praedicabatur
1614 642 2115 719 virtus,etmagna

2203 639 2292 705 τὴν
2348 638 2404 695 δὲ
2448 639 2501 695 ἐν
2557 640 2835 715 ἁμαρτίαις
2881 640 3050 694 αὐτῶν
3095 638 3240 707 ζωὴν
3287 634 3372 692 διὰ
3399 644 3505 693 τῶν
3535 643 3791 717 φραγμῶν
3824 653 3838 665 ·

463 725 627 786 verbi
677 724 913 805 veritas,
951 727 1247 805 quomodo
1284 732 1551 809 persuasi
1601 740 1799 792 essent
1841 733 2114 795 homines

2203 732 2289 787 οὐκ
2339 728 2525 792 sum;
2581 727 2636 783 δὲ
2689 727 2891 784 κελεύει
2919 729 3135 790 τούτους
3166 726 3413 800 καλέσαι,
3444 725 3583 783 ἀλλὰ
3611 727 3845 805 ἀναγκά-

465 814 524 876 in
557 813 850 875 idolorum
887 815 1047 875 cultu
1076 814 1445 879 insanientes
1462 829 1520 881 et
1538 820 2113 902 ftedaoperantes,ut

2203 838 2305 892 ται,
2352 819 2520 873 καίτοι
2565 818 2932 896 προαιρετικὸν
2988 816 3159 872 ἅπασι
3216 819 3277 872 τὸ
3334 818 3596 873 πιστεύειν
3633 832 3646 845 ⁸
3718 814 3842 871 ἀλλ’

466 912 714 984 repente
744 913 1135 982 agnoscerent
1160 924 1359 967 verum
1397 906 1604 982 Deum,
1640 920 1698 971 et
1743 910 2107 990 spiritualem

2203 903 2283 960 ίνα
2340 906 2614 981 μάθωμεν,
2677 904 2757 962 ὅτι
2819 904 3061 983 μεγάλης
3119 913 3211 961 τοῦ
3270 908 3402 962 Θεοῦ
3431 902 3700 980 δυνάμεως
3731 928 3843 971 ση-

465 993 780 1071 diligerent
815 994 983 1054 vitam
1015 996 1044 1053 ‘?
1091 995 1271 1073 [gitur
1310 996 1723 1059 admirabilem
1774 1000 2105 1062 translatio-

2203 994 2347 1050 ,ιεῖόν
2406 997 2517 1051 ἔστι
2588 997 2650 1051 τὸ
2694 1001 2970 1051 πιστεῦσαι
3022 995 3088 1049 τὰ
3138 992 3261 1060 ἔθνη
3289 994 3547 1060 τοσαύτην
3576 994 3842 1073 ἀγνωσίαν

465 1102 600 1145 nem
647 1082 984 1162 signiﬁcare
1030 1081 1255 1158 volens,
1306 1087 1718 1149 necessitatem
1762 1088 2107 1171 nominavit,

2203 1080 2411 1162 ἔχοντα,
2431 1079 2515 1138 διὰ
2538 1091 2689 1139 τοῦτο
2705 1086 2882 1156 εἶπεν,
2908 1081 3259 1159 Ἀνάγκασον.
3288 1082 3345 1138 Εἰ
3368 1082 3446 1157 μὴ
3469 1082 3566 1160 γὰρ
3584 1079 3649 1148 ἦν
3664 1079 3843 1148 πολλὴ

465 1173 631 1253 quasi
660 1172 889 1233 diceret
909 1171 1041 1251 quis
1070 1192 1081 1233 :
1116 1172 1379 1234 Gentiles
1410 1177 1583 1236 etiam
1604 1176 1763 1237 idola
1781 1190 1838 1238 et
1866 1169 2110 1241 delicias

2203 1178 2279 1226 r03
2335 1172 2729 1250 κηρυττομένου
2798 1173 2833 1237 ἡ
2918 1169 3159 1245 δύναμις,
3246 1171 3337 1226 καὶ
3393 1169 3601 1248 μεγάλῃ
3660 1170 3695 1237 ἢ
3751 1169 3844 1227 τοῦ

462 1262 807 1343 relinquere
838 1262 1131 1341 nolentes,
1173 1280 1207 1322 a
1243 1264 1662 1342 praedicatione
1709 1275 1901 1329 tamen
1951 1270 2107 1331 veri-

2203 1260 2351 1337 ίιόγου
2417 1259 2663 1337 ἀλήθεια,
2725 1266 2838 1324 πῶς
2898 1259 2958 1314 ἂν
3017 1260 3335 1326 ἐπείσθησαν
3379 1258 3639 1334 ἅνθρωποι
3684 1258 3843 1315 εἰδω-

465 1354 599 1414 tatis
632 1371 700 1413 ea
727 1351 1067 1430 relinquere
1091 1352 1277 1413 coacti
1304 1364 1463 1416 sunt.
1497 1356 1603 1415 Vel
1635 1356 1809 1418 aliter
1844 1377 1857 1417 :
1905 1358 2111 1421 Virtus

2203 1350 2569 1429 touavoﬁwsq,
2629 1351 2714 1405 καὶ
2783 1349 3258 1428 αἰσχρουργοῦντες
3325 1348 3511 1427 ἀθρόον
3556 1348 3841 1427 ἐπιγνῶναι

465 1442 770 1521 signorum
792 1448 1066 1519 magnam
1086 1439 1369 1502 afferebat
1387 1445 1800 1507 necessitatem
1836 1455 1897 1507 ut
1923 1456 2110 1510 trans-

2203 1438 2281 1495 τὸν
2326 1437 2493 1502 ὅντως
2544 1440 2696 1511 Θεὸν,
2756 1438 2844 1493 καὶ
2884 1438 3242 1512 πνευματικὸν
3286 1438 3398 1512 βίον
3441 1436 3652 1495 τελέσαι
3688 1454 3704 1511 ;
3769 1440 3842 1495 Τὸ

464 1531 765 1592 ferrentur
791 1528 865 1589 ad
898 1527 1075 1589 fidem
1115 1528 1357 1591 Christi.
1392 1532 1467 1592 Et
1515 1534 1781 1612 quotidie
1814 1554 1983 1596 ccenn
2012 1537 2113 1599 illa

2203 1527 2359 1583 τοίνυν
2432 1524 2721 1606 παράδοξον
2774 1527 2869 1593 τὴς
2939 1526 3271 1602 μεταθέσεως
3330 1525 3495 1582 θέλων
3571 1525 3838 1606 δηλῶσαι,

466 1626 853 1701 praeparatur,
884 1625 942 1678 et
973 1635 1247 1678 vocamur
1277 1637 1484 1681 omnes
1534 1621 1606 1681 ad
1649 1642 1900 1699 regnum
1951 1626 2110 1705 quod

2203 1614 2429 1693 Ξνάγκην
2486 1619 2547 1672 τὸ
2605 1622 2821 1693 πρᾶγμα
2865 1614 3141 1689 ὠνόμασεν
3176 1634 3187 1646 ⁸
3224 1617 3296 1677 ὡς
3342 1614 3404 1669 ἂν
3448 1613 3595 1671 εἴποι
3626 1637 3733 1691 τις,
3760 1615 3842 1671 ὅτι

466 1707 622 1770 Deus
645 1706 993 1788 praeparavit
1022 1713 1158 1766 ante
1186 1706 1392 1767 mundi
1425 1708 1715 1787 originem
1742 1702 2106 1777 hominibus:

2203 1706 2284 1761 καὶ
2340 1705 2418 1780 μὴ
2474 1704 2787 1781 βουλόμενοι
2833 1707 2879 1761 οἱ
2924 1702 3207 1770 ’Ἕλληνες
3252 1703 3466 1783 ἀφεῖναι
3510 1705 3574 1760 τὰ
3618 1703 3843 1783 εἴδωλα,

462 1798 569 1876 sed
601 1797 698 1859 alii
750 1796 988 1876 quidem
1045 1803 1290 1875 prapter
1334 1798 1638 1877 sapientiae
1685 1800 2109 1878 curiositatem,

2203 1795 2286 1851 καὶ
2342 1796 2439 1861 τὴν
2482 1794 2705 1874 τρυφὴν,
2752 1791 2898 1868 ὅμως
2942 1794 3044 1850 ὑπὸ
3086 1794 3186 1859 τῆς
3238 1790 3487 1860 ἀληθείας
3540 1801 3631 1850 τοῦ
3672 1795 3846 1873 κηρύ-

465 1888 563 1951 alii
595 1906 732 1949 vero
761 1893 1004 1966 propter
1054 1903 1255 1945 rerum
1292 1892 1666 1949 terrenarum
1699 1891 2111 1969 cupiditatem,

2203 1906 2403 1962 γματος
2443 1883 2851 1962 ἠναγκάσθησαν
2900 1890 3062 1938 ταῦτα
3106 1895 3320 1960 φυγεῖν.
3382 1881 3615 1945 ’Ἄλλως
3640 1904 3699 1938 τε
3731 1885 3842 1958 καὶ,

466 1979 566 2041 alii
622 1986 817 2039 autem
882 1984 1123 2055 propter
1182 1976 1581 2039 carnalitatem
1643 1999 1760 2041 non
1816 1999 2115 2045 meremur

2203 1976 2233 2041 ἡ
2292 1971 2506 2048 δύναμις
2565 1979 2670 2028 τῶν
2728 1972 2964 2044 σημείων
3048 1970 3291 2048 μεγάλην
3352 1969 3550 2050 ἐπῆγεν
3606 1973 3846 2051 ἀνάγκην

458 2066 634 2130 illud.
670 2067 743 2128 At
778 2066 886 2129 Dei
940 2064 1353 2125 misericordia
1399 2066 1532 2127 aliis
1565 2070 1978 2147 peccatoribus
2003 2074 2115 2134 hoc

2203 2069 2290 2120 τοῦ
2346 2065 2699 2138 μετατεθῆναι
2761 2063 2833 2127 εἰς
2888 2062 2983 2129 τὴν
3040 2061 3134 2117 τοῦ
3214 2067 3437 2139 Χριστοῦ
3494 2063 3689 2124 πίστιν.
3746 2064 3845 2119 Καὶ

467 2155 732 2235 largitur,
765 2153 865 2236 qui
898 2153 1039 2215 caeci
1066 2153 1424 2216 mentalibus
1474 2155 1660 2217 oculis
1691 2167 1856 2240 sunt,
1890 2169 1948 2221 et
1997 2181 2115 2223 non

2203 2155 2528 2219 καθεκοίστην
2573 2150 2625 2206 δὲ
2670 2154 2697 2207 ὁ
2741 2148 2955 2214 δεῖπνος
3009 2151 3162 2213 οὗτος
3217 2151 3571 2226 ἒτοιμάζεται,
3625 2152 3711 2207 καὶ
3739 2172 3844 2208 κα-

464 2245 802 2324 intelligunt
845 2262 978 2323 qua:
1026 2244 1099 2303 sit
1140 2243 1408 2304 voluntas
1454 2244 1586 2320 Dei,
1638 2248 1726 2307 vel
1781 2238 2115 2329 intelligunt

2203 2242 2424 2315 λούμεθα
2478 2241 2669 2303 πάντες
2728 2242 2800 2305 εἷς
2856 2241 2951 2308 τὴν
2982 2238 3277 2316 βασιλείαν,
3324 2239 3391 2307 ἢν
3434 2241 3521 2295 καὶ
3550 2240 3651 2319 πρὸ
3679 2261 3845 2297 κατα-

464 2333 728 2415 quidem,
757 2332 859 2394 sed
886 2330 1080 2392 claudi
1111 2340 1269 2405 sunt,
1299 2340 1357 2393 ct
1383 2333 1455 2393 ad
1477 2337 1846 2414 operandum
1880 2339 2029 2399 tardi
2046 2357 2115 2401 ac

464 2422 825 2501 immobiles,
876 2430 935 2482 et
979 2420 1220 2482 omnino
1280 2421 1510 2484 debiles
1560 2442 1627 2485 ac
1682 2442 1992 2505 pauperes,
2042 2446 2113 2489 eo

465 2511 617 2592 quod
651 2528 907 2591 superna
935 2508 1127 2589 gloria
1156 2509 1708 2593 exciderint,neque
1739 2515 2110 2577 immaculata

467 2602 579 2663 vita
608 2598 916 2685 conspicui
948 2598 1186 2659 fuerint.
1236 2598 1359 2661 lllis
1390 2600 1566 2679 igitur
1615 2604 2020 2680 peccatoribus
2048 2604 2109 2666 in

467 2690 600 2754 latis
630 2708 699 2751 ac
720 2688 993 2770 spatiosis
1017 2696 1391 2768 peccatorum
1419 2688 1522 2749 viis
1553 2690 1913 2773 errantibus,
1936 2693 2113 2755 mittit

464 2779 636 2842 Pater
664 2777 874 2841 Filium
908 2796 1077 2839 suum
1110 2776 1182 2838 ad
1216 2795 1440 2838 caenam
1477 2778 1847 2861 invitantem,
1882 2783 1983 2862 qui
2012 2803 2110 2845 se-

464 2870 725 2932 cundum
758 2886 995 2929 carnem
1033 2884 1238 2928 servus
1269 2865 1520 2947 fuit,qui
1546 2886 1662 2929 non
1685 2868 1923 2931 venitut
1945 2882 2111 2935 vocet

2197 2328 2361 2405 βολῆς
2405 2329 2606 2405 κόσμου
2647 2330 2936 2405 ἡτοίμασεν
2968 2332 2994 2385 ὁ
3026 2330 3157 2393 Θεὸς
3186 2341 3304 2390 τοῖς
3329 2328 3625 2408 ἀνθρώποις
3659 2345 3673 2359 ⁶
3720 2328 3844 2385 ἀλλ’

2197 2422 2244 2474 οἱ
2287 2420 2384 2495 μὲν
2426 2417 2510 2477 διὰ
2554 2419 2738 2499 σοφίας
2792 2419 3115 2497 περιεργίαν,
3163 2421 3209 2473 οἱ
3240 2416 3422 2473 δὲ’διὰ
3451 2417 3750 2498 φιλουλίαν,
3795 2427 3844 2479 οἱ

2194 2506 2247 2563 δὲ
2288 2506 2372 2564 διὰ
2416 2507 2757 2588 φιλοσαρκίαν
2805 2509 2900 2563 οὐκ
2940 2504 3224 2581 ἆξιούμεθα
3286 2506 3508 2574 ταύτης·
3564 2510 3599 2575 ἡ
3645 2505 3699 2562 δὲ
3750 2508 3844 2563 τοῦ

2196 2605 2326 2654 Θεοῦ
2408 2596 2769 2676 φιλανθρωπία
2853 2595 3051 2673 ἑτέροις
3129 2594 3476 2673 ἁμαρτωλοῖς
3569 2598 3841 2675 χαρίζεται

2194 2687 2410 2760 ταύτην,
2468 2685 2691 2766 τυφλοῖς
2720 2686 2812 2747 τὰς
2845 2686 3039 2751 νοητὰς
3072 2682 3239 2758 ὄψεις,
3289 2684 3367 2758 μὴ
3414 2698 3638 2740 συνιεῖσι
3680 2686 3729 2740 τί
3780 2686 3844 2740 τὸ

2192 2773 2400 2851 θέλημα
2446 2782 2536 2830 τοῦ
2603 2781 2753 2845 Θεοῦ,
2814 2773 2849 2840 ἢ
2920 2784 3142 2827 συνιεῖσι
3202 2772 3322 2847 μὲν,
3372 2770 3584 2849 χωλοῖς
3614 2770 3667 2826 δὲ
3698 2772 3838 2844 οὖσι,

2196 2866 2279 2919 καὶ
2331 2864 2634 2931 ἁκινητοῦσι
2690 2864 2821 2941 πρὸς
2866 2862 2926 2917 τὸ
2954 2863 3202 2939 πράττειν
3236 2867 3388 2917 τοῦτο
3415 2875 3428 2888 ⁹
3481 2860 3569 2916 καὶ
3605 2860 3842 2923 συνόλως

458 2961 674 3040 justos,
708 2957 813 3019 sed
863 2964 1225 3036 peccatores,
1262 2946 1586 3036 invita’tque
1634 2976 1736 3020 eos
1783 2958 2112 3023 liberaliter

2203 2967 2441 3033 πτωχοῖς
2499 2952 2824 3010 ἀποπεσοὺσι
2882 2955 2979 3017 τῆς
3012 2948 3120 3005 ἅνω
3162 2946 3318 3016 δόξης
3355 2969 3367 2981 ·
3402 2949 3488 3003 καὶ
3519 2948 3839 3027 ἀναπήροις,

464 3037 586 3129 prae
611 3048 804 3140 doctis
826 3046 943 3107 illis
965 3053 1023 3107 et
1045 3042 1355 3140 divitibus,
1391 3054 1449 3140 et
1467 3045 2108 3140 carniindulgentibus.

2203 3040 2422 3119 Ξίμωμον
2477 3044 2569 3097 τὸν
2601 3042 2799 3097 ἑαυτῶν
2828 3040 2942 3117 βὲον
2971 3041 3049 3114 μὴ
3105 3037 3551 3111 ἐπιδεικνυμένοις
3587 3057 3601 3072 ο
3634 3037 3841 3099 τούτοις

464 3125 663 3202 Multis
692 3145 885 3198 autem
920 3134 1164 3195 morbos
1194 3142 1253 3195 et
1280 3134 1541 3213 pericula
1563 3125 2111 3214 immittendo,facit

2203 3139 2285 3188 οὖν
2327 3146 2445 3194 τοῖς
2501 3128 2842 3209 ἁμαρτωλοῖς
2899 3131 2970 3191 εἰς
3030 3128 3125 3191 τὰς
3167 3125 3442 3196 πλατείας,
3488 3127 3576 3182 καὶ
3609 3126 3843 3204 εὐρυχώ-

464 3247 565 3290 eos
600 3230 774 3289 etiam
807 3224 1230 3287 involuntarios
1254 3225 1598 3287 renuntiare
1628 3224 1766 3287 huic
1794 3226 1947 3308 vitae,
1972 3229 2108 3308 qui-

2203 3243 2314 3298 ρους
2373 3218 2523 3286 ὁδοὺς
2579 3223 2679 3286 τῆς
2738 3218 2994 3296 ἁμαρτίας
3054 3216 3422 3291 πλανωμένοις
3481 3214 3770 3289 ἐπιπέμπει
3814 3218 3842 3271 ὁ

462 3318 571 3379 bus
603 3317 758 3378 novit
784 3313 1121 3393 judiciis,et
1139 3312 1364 3374 inducit
1396 3313 1526 3374 illos
1555 3314 1625 3374 ad
1660 3333 1889 3376 comam
1915 3300 2105 3387 suam,

2203 3311 2374 3388 Πατὴρ
2430 3311 2518 3364 τὸν
2549 3306 2965 3383 δειπνοκλήτορα
3020 3304 3177 3362 αὐτοό
3227 3305 3370 3385 Υἱόν,
3421 3304 3512 3359 τὸν
3543 3304 3630 3359 καὶ
3657 3300 3839 3359 δοῦλον

461 3390 879 3469 necessitatem
909 3402 992 3463 eis
1023 3401 1244 3462 faciens
1275 3401 1769 3481 periclitationem
1800 3426 1815 3480 ;
1847 3414 1903 3465 et
1928 3406 2106 3484 hujus

2203 3400 2474 3477 γενόμενον
2530 3400 2665 3453 κατὰ
2719 3396 2909 3474 σάρκα,
2955 3396 3044 3449 τὸν
3088 3394 3166 3468 μή
3195 3391 3424 3456 δικαίους
3472 3390 3690 3448 ἐλθόντα
3732 3413 3837 3447 κα-

462 3495 734 3575 exempla
766 3493 946 3552 multa
979 3498 1137 3551 sunt.
1190 3479 1377 3550 Docet
1426 3497 1622 3551 autem
1683 3479 1808 3551 nos
1839 3479 2112 3571 parabola

2203 3487 2367 3561 λέσαι,
2429 3485 2565 3541 ἀλλὰ
2607 3481 2951 3561 ἁμαρτωλούς
2986 3498 2998 3512 ⁸
3063 3483 3149 3538 καὶ
3188 3480 3335 3553 ἑστιᾷ
3388 3482 3603 3544 τούτους
3632 3479 3839 3560 φιλοτί-

464 3586 589 3647 haec
639 3568 991 3661 simplicius,
1056 3576 1410 3657 pauperibus
1467 3587 1524 3639 et
1575 3568 1876 3642 debilibus
1922 3582 2113 3659 potius

2203 3597 2310 3650 μως
2367 3574 2482 3629 ἀντ’
2525 3574 2736 3630 ἐκείνων
2778 3578 2883 3628 τῶν
2925 3576 3232 3650 γνωστικῶν
3277 3571 3365 3627 καὶ
3415 3568 3703 3648 πλουσίων,
3750 3572 3838 3625 καὶ

464 3670 721 3733 dandum
754 3656 926 3747 quam
978 3656 1280 3740 divitibus,
1315 3666 1370 3725 id
1406 3665 1561 3745 quod
1607 3674 1666 3726 et
1720 3667 1892 3746 paulo
1922 3656 2114 3730 antea

2203 3670 2265 3740 τῇ
2318 3665 2468 3743 σαρκὶ
2520 3661 2909 3742 χαριζομένων.
2947 3657 3180 3723 Πολλοῖς
3234 3656 3289 3715 δὲ
3359 3661 3448 3717 καὶ
3504 3658 3687 3721 νόσους
3716 3658 3835 3714 ἑπιο

464 3760 888 3829 admonuerat,
950 3763 1264 3834 propterea
1320 3753 1476 3815 istud
1555 3754 1784 3815 videtur
1837 3756 2115 3835 parabola

468 3850 691 3927 dicere,
724 3863 830 3926 per
862 3846 968 3905 hoc
1000 3841 1349 3904 credibilius
1379 3841 1605 3903 faciens
1643 3861 1934 3924 pauperes
1963 3866 2113 3907 con-

468 3938 621 4000 vivio
652 3933 1057 4014 excipiendos.
1097 3931 1387 3992 Discimus
1437 3940 1495 3992 et
1539 3930 1722 4006 aliud,
1758 3932 1980 3995 debere
2010 3955 2118 3996 nos

471 4031 551 4091 ita
582 4044 714 4088 esse
748 4024 974 4085 alacres
1004 4030 1062 4083 et
1090 4020 1367 4083 liberales
1396 4021 1467 4080 ad
1502 4019 1746 4082 fratrum
1774 4023 2115 4104 susceptio-

2196 3753 2422 3827 πέμπων
2476 3753 2563 3808 καὶ
2633 3749 2921 3825 κινδύνους,
2996 3762 3146 3805 ποιεῖ
3202 3749 3390 3813 αὐτοὺς
3460 3750 3547 3805 καὶ
3617 3748 3840 3812 ἄκοντας

2196 3840 2551 3907 ἀποτάξασθαι
2597 3847 2673 3915 τῷ
2723 3841 2843 3917 βίῳ,
2907 3839 2997 3903 οἷς
3040 3838 3286 3917 κρίμασιν
3327 3836 3469 3913 οἶδε,
3514 3840 3602 3894 καὶ
3643 3839 3841 3915 εἰσάγει

2196 3931 2381 3993 αὐτοὺς
2441 3931 2510 3995 εἷς
2566 3931 2657 3986 τὸν
2699 3927 2913 3985 δεῖπνον
2958 3927 3137 4008 αὐτοῦ,
3182 3926 3418 4006 ἀνάγκην
3464 3930 3645 3989 αὐτοῖς
3702 3927 3840 3983 ἐπά-

2196 4041 2305 4098 γων
2357 4027 2455 4086 την
2513 4022 2615 4076 τῶν
2681 4017 2928 4074 κινδύνων
2971 4014 3226 4092 ἐπιφοράν
3261 4032 3275 4047 ·
3308 4017 3397 4072 καὶ
3424 4016 3611 4072 τούτου
3635 4016 3701 4072 τὰ
3727 4038 3840 4072 πα-

472 4136 633 4191 nem,
686 4132 752 4177 ut
802 4114 980 4175 etiam
1034 4111 1303 4172 nolentes
1359 4128 1637 4188 cogamus
1688 4118 1753 4172 ut
1802 4102 2115 4194 participes

2203 4106 2523 4188 ραδείγματα
2580 4106 2778 4166 πολλά.
2841 4104 3085 4162 Διδάσκει
3144 4102 3198 4160 δὲ
3253 4107 3397 4180 ἡμᾶς
3447 4106 3535 4161 καὶ
3593 4105 3729 4161 κατὰ
3782 4106 3845 4160 τὸ

474 4210 618 4270 flant
650 4212 985 4266 nostrorum
1018 4199 1334 4261 bonorum.
1370 4200 1491 4259 Hoc
1522 4207 1582 4259 et
1625 4199 1888 4279 magistri
1918 4192 2115 4263 admo-

2203 4195 2555 4275 ἁπλούστερον
2610 4198 2644 4264 ἡ
2702 4192 2981 4275 παραϐολὴ
3025 4207 3143 4258 τοῖς
3187 4192 3378 4260 πένησι
3429 4195 3516 4250 καὶ
3552 4193 3844 4271 ἀναπήροις

476 4304 751 4370 neantur,
785 4291 940 4372 quod
976 4306 1173 4370 operae
1204 4288 1459 4368 pretium
1491 4288 1566 4347 sit
1598 4288 1924 4370 discipulos
1941 4291 2115 4353 etiam

2203 4287 2506 4366 χαρίζεσθαι
2565 4284 2766 4361 μᾶλλον
2810 4284 2847 4353 ἢ
2901 4296 3020 4347 τοῖς
3080 4281 3372 4372 πλουσίοις,
3405 4284 3442 4372 ὃν
3479 4284 3562 4339 καὶ
3595 4281 3843 4372 πρὸ-όλί-

479 4386 751 4449 nolentes
779 4369 996 4443 docere
1020 4369 1092 4438 ea
1124 4396 1254 4457 qua:
1283 4377 1427 4455 ipsis
1458 4369 1833 4440 conveniant.

2203 4398 2297 4457 γου
2340 4376 2633 4454 παραινῶν,
2678 4373 2762 4429 διὰ
2814 4381 2966 4429 τοῦτο
3010 4374 3135 4430 αὐτὸ
3190 4369 3340 4429 δοκεῖ
3396 4371 3494 4438 τὴν
3537 4369 3845 4449 παραϐολὴν

479 4481 675 4549 εἰπεῖν,
710 4471 1055 4545 πιστούμενος
1088 4466 1170 4523 διὰ
1208 4467 1429 4544 ταύτης,
1463 4465 1542 4521 ὅτι
1575 4467 1693 4530 τοὺς
1723 4470 1972 4547 πτωχούς
2001 4467 2086 4524 δεῖ
2114 4468 2316 4539 ὲστιᾷν,
2379 4466 2475 4522 Καὶ
2522 4461 2653 4519 ἄλλο
2682 4460 2737 4518 δὲ
2765 4463 3122 4538 μανθάνομεν,
3154 4460 3216 4516 τὸ
3246 4457 3474 4539 ὀφείλειν
3505 4458 3672 4523 οὕτως
3702 4459 3845 4515 εἶναι

480 4546 759 4644 πρόθυμοι,
799 4563 884 4617 καὶ
907 4559 1176 4638 φιλότιμοι
1207 4557 1323 4634 περὶ
1354 4556 1448 4622 τὴν
1481 4555 1756 4635 ὅποδοχὴν
1786 4546 1889 4613 τῶν
1921 4556 2182 4637 ἀδελφῶν,
2216 4557 2351 4613 ὥστε
2382 4555 2471 4611 καὶ
2502 4553 2579 4629 μὴ
2610 4550 2855 4615 θέλοντας
2906 4550 3216 4630 ἀνργκάζειν
3245 4551 3378 4627 πρὸς
3409 4551 3470 4605 τὸ
3500 4546 3850 4625 μεταλαμϐά-

481 4635 584 4712 νειν
615 4635 719 4710 τῶν
749 4635 1024 4729 ἦμετὲρων
1053 4647 1285 4724 ἀγαθῶν.
1320 4652 1481 4701 Τοῦτο
1512 4646 1599 4700 καὶ
1627 4658 1743 4708 τοῖς
1777 4635 2073 4703 διδάσκουσί
2104 4645 2316 4725 μεγάλη
2347 4641 2601 4715 νουθεσία,
2634 4639 2770 4697 ὥστε
2798 4641 2891 4697 καὶ
2911 4637 3136 4703 ἄκοντος
3166 4636 3289 4701 τοὺς
3318 4640 3559 4713 μαθητὰς
3583 4635 3849 4695 παιδεύειν

477 4768 538 4801 το
567 4764 705 4802 οεον.

563 4830 746 4893 VEns.
780 4827 997 4888 95-27.
1037 4849 1061 4879 α
1107 4822 1276 4884 Ibant
1304 4829 1497 4883 autem
1541 4823 1729 4885 turba;
1758 4824 1957 4885 multa}
1985 4844 2117 4887 cum

483 4941 574 4997 eo,
613 4927 670 4980 et
700 4933 1019 4980 conversus
1049 4912 1203 4973 dixit
1232 4911 1303 4973 ad
1335 4911 1468 4971 illos
1510 4932 1522 4973 :
1575 4910 1633 4973 Si
1680 4912 1813 4992 quis
1858 4916 2020 4976 venit
2047 4914 2119 4976 ad

485 5030 601 5084 me,
640 5026 750 5070 nec
782 5005 903 5067 odit
934 5012 1156 5085 patrem
1184 5019 1354 5062 suum
1388 5018 1453 5064 ac
1484 5010 1756 5082 matrem,
1790 5011 1847 5064 et
1876 5022 2118 5065 uxorem

483 5118 552 5161 ac
584 5098 756 5168 tilios,
794 5102 853 5157 et
883 5094 1093 5154 fratres
1123 5098 1182 5150 et
1210 5106 1468 5167 sorores,
1519 5099 1805 5169 praeterea
1838 5103 2034 5154 autem
2065 5102 2123 5155 et

484 5188 739 5250 animam
771 5201 959 5263 suam,
993 5198 1111 5241 non
1151 5185 1342 5259 potest
1380 5196 1547 5238 meus
1579 5197 1712 5240 esse
1743 5181 2068 5261 discipulus
2100 5203 2114 5245 :

485 5288 542 5340 et
571 5273 838 5357 quisquis
857 5291 972 5333 non
1000 5268 1221 5349 bajulat
1250 5283 1487 5357 crucem
1511 5286 1675 5357 suam
1710 5277 1766 5329 et
1793 5269 1951 5331 venit
1995 5280 2125 5350 post

487 5356 605 5438 me,
640 5383 757 5426 non
789 5368 980 5443 potest
1009 5375 1176 5419 meus
1212 5373 1343 5418 esse
1381 5356 1732 5436 discipulus.
1766 5384 1793 5414 »
1830 5358 2119 5431 Quoniam

486 5456 655 5516 multi
674 5452 836 5515 ibant
856 5467 989 5511 cum
1006 5446 1173 5522 Jesu,
1197 5445 1299 5525 qui
1319 5462 1437 5506 nen
1462 5464 1601 5505 cum
1636 5450 1794 5509 omni
1817 5447 2120 5511 alacritate

483 5554 542 5604 et
567 5542 905 5604 obedientia
932 5535 1352 5617 sequebantur,
1383 5533 1485 5594 sed
1536 5535 1869 5614 frigidiores
1908 5546 2116 5608 erant;

485 5632 658 5693 docet
687 5648 788 5691 eos
819 5626 1054 5708 qualem
1091 5631 1357 5705 oporteat
1406 5623 1543 5683 400
1592 5642 1725 5687 esse
1762 5625 2117 5707 discipulum

2290 4846 2314 4881 ι
2350 4820 2765 4899 Συνεπορεύοντο
2806 4816 2861 4874 δὲ
2919 4820 3061 4892 αὐτῷ
3090 4817 3249 4899 ὄχλοι
3292 4815 3505 4898 πολλοὶ,
3552 4819 3641 4874 καὶ
3681 4838 3848 4896 στρα-

2203 4915 2331 4994 φεὶς
2373 4911 2500 4968 εἶπε
2544 4910 2673 4988 πρὸς
2706 4908 2893 4971 αὐτούς
2928 4926 2944 4944 ⁸
3009 4908 3076 4966 Εἴ
3119 4930 3199 4972 τις
3230 4906 3447 4988 ἔρχεται
3478 4907 3607 4987 πρός
3639 4927 3728 4986 με,
3760 4908 3847 4963 καὶ

2205 5006 2264 5061 οὖ
2306 5012 2458 5077 μισεῖ
2487 5000 2577 5054 τὸν
2606 4996 2806 5075 πατέρα
2836 4997 3016 5073 αὐτοῦ,
3070 4997 3157 5053 καὶ
3212 4996 3312 5063 τὴν
3354 4995 3558 5074 μητέρα
3613 4997 3701 5052 καὶ
3750 4995 3848 5063 τὴν

2204 5103 2455 5169 γυναῖκα,
2513 5088 2600 5142 καὶ
2642 5087 2708 5143 τὰ
2762 5085 2942 5167 τέκνα,
3002 5088 3089 5143 καὶ
3131 5086 3252 5148 τοὺς
3304 5080 3582 5165 ἀδελφοὺς,
3616 5086 3703 5141 καὶ
3754 5085 3847 5146 τὰς

2202 5177 2452 5258 ἀδελφὰς,
2514 5175 2588 5232 ἔτι
2632 5174 2687 5231 δὲ
2730 5175 2820 5231 καὶ
2874 5177 2969 5243 τὴν
3022 5175 3207 5232 ἑαυτοῦ
3276 5176 3485 5254 ψυχὴν,
3530 5190 3589 5232 ου
3641 5171 3849 5230 δύναταί

2202 5289 2304 5341 μου
2354 5266 2497 5322 ε’ίναι
2529 5264 2772 5340 μαθητής
2810 5282 2824 5297 ⁸
2872 5264 2960 5320 καὶ
2990 5262 3136 5328 ὅστις
3180 5262 3240 5318 ού
3269 5262 3516 5339 βαστάζει
3547 5264 3638 5321 τὸν
3680 5284 3847 5318 σταυ-

2202 5358 2290 5434 ρὸν
2350 5354 2531 5429 αὐτοῦ,
2577 5355 2665 5409 καὶ
2724 5351 2942 5431 ἔρχεται
2986 5352 3157 5408 ὀπίσω
3214 5372 3338 5427 μου,
3399 5352 3459 5408 ού
3498 5350 3709 5408 δύναταί
3748 5373 3849 5426 μου

2202 5446 2343 5503 εἶναι
2692 5466 2720 5498 ι
2780 5439 3000 5510 Ἐπειδὴ
3056 5439 3245 5498 πολλοὶ
3286 5444 3393 5497 τῶν
3440 5440 3847 5520 συμπορευομέ-

2203 5558 2304 5590 νων
2346 5534 2423 5607 τῷ
2467 5533 2666 5611 Ἰησοῦ,
2719 5533 2776 5589 ού
2812 5531 2903 5588 σὺν
2934 5532 3194 5610 προθυμίᾳ
3238 5529 3406 5605 πάσῃ,
3452 5531 3539 5585 καὶ
3597 5530 3845 5606 ἆποταγξ⁸

2201 5622 2538 5692 ἠκολούθουν,
2613 5620 2746 5677 ἀλλὰ
2820 5622 3151 5702 ψυχρότερον
3224 5617 3497 5699 διέκειντο,
3585 5617 3843 5676 διδάσκων
