4132 6278
226 320 343 388 941

953 322 1398 389 ENARRATIO
1441 324 1519 389 IN
1564 319 2069 390 EVANGELIUM
2108 322 2341 392 LUC/E.
2389 363 2468 375 —
2511 326 2678 391 CAP.
2726 326 2885 393 XIV.

3507 327 3627 392 942

235 459 426 524 αὖτοὺς
485 459 605 515 οἷον
649 458 732 516 δεῖ
760 460 851 515 τὸν
882 460 1130 535 μαθητὴν
1162 459 1321 518 αὖτοῦ
1351 459 1517 535 εἶναι,
1550 459 1887 539 ἀποφαίνεται

1979 476 2172 530 suum,
2208 479 2278 524 ac
2305 464 2481 526 veluti
2500 463 2779 525 int‘ormat
2808 473 2866 524 et
2885 463 3150 545 depingit
3179 485 3624 547 eum,asserens

234 549 359 627 περὶ
409 549 619 619 τούτου,
684 550 771 605 καὶ
824 549 945 605 οἷον
1003 547 1251 606 διατυποῖ
1296 550 1480 622 αὐτὸν,
1512 550 1600 605 καὶ
1629 556 1900 629 ζωγραφεῖ

235 638 622 716 εἰσηγούμενος
680 636 794 695 δεῖν
852 639 1010 695 αὐτὸν
1066 651 1246 713 μισεῖν
1302 639 1363 695 οὗ
1404 640 1565 714 μόνον
1612 640 1732 701 τοὺς
1768 637 1891 704 ἕξων

234 730 327 781 θεν
358 727 498 800 αὐτῷ
526 727 920 806 ῲκειωμένους,
966 725 1103 783 ἀλλὰ
1150 728 1236 783 καὶ
1293 728 1392 795 τὴν
1446 729 1628 783 ἑαυτοῦ
1687 730 1893 806 ψυχήν,

232 815 379 893 ’Ὅρα
411 813 465 870 δὲ
509 816 587 891 μὴ
642 820 1010 895 συναρπασθῖκ
1053 823 1129 890 τῷ
1179 816 1325 893 ῥητῷ
1366 814 1549 885 ἅπλῶς
1579 816 1747 879 οὕτως
1807 818 1895 873 καὶ

234 902 707 979 ἁιεπιστημόνως.
799 907 871 962 Οὗ
949 905 1048 982 γὰρ
1117 904 1492 981 ἀπανθρωπίαν
1562 901 1795 961 διδάσκει
1868 908 1895 960 ὁ

235 994 629 1074 φιλάνθρωπος,
689 993 806 1051 οὐδὲ
862 993 1267 1073 διαψειρίζεσθαι
1355 995 1570 1058 ἑαυτοὺς
1632 998 1892 1063 νουθετεῖ,

237 1082 381 1139 ἀλλὰ
425 1083 513 1139 τόν
570 1107 629 1162 γε
700 1085 921 1162 γνήσιον
968 1083 1122 1140 αὒτοῦ
1180 1085 1424 1158 μαθητήν
1485 1081 1732 1159 βούλεται
1777 1085 1897 1140 τότε

238 1185 425 1245 μισεῖν
468 1174 590 1236 τοὺς
631 1174 767 1228 κατὰ
808 1172 961 1251 γένος
1020 1173 1261 1245 οἰκείους,
1296 1171 1384 1228 ὅτε
1432 1174 1563 1249 πρὸς
1594 1170 1893 1229 θεοσέϐειαν

237 1262 385 1335 αὖτῷ
440 1260 769 1337 ἐμποδίζοιεν
810 1263 896 1318 καὶ
956 1260 1041 1318 διὰ
1093 1261 1192 1328 τὴν
1253 1262 1386 1339 πρὸς
1442 1261 1628 1323 αὖτοὺς
1706 1261 1896 1341 σχέσιν

235 1349 501 1406 κωλύοιτο
546 1352 701 1414 αὑτὸς
746 1352 807 1406 τὸ
848 1349 1014 1407 καλὸν
1060 1349 1302 1425 μετιέναι
1340 1367 1353 1380 ’
1388 1350 1502 1405 ἐπεὶ
1534 1352 1577 1405 εἰ
1608 1350 1685 1425 μὴ
1719 1350 1894 1425 ἐμπο-

236 1437 447 1510 δίζοιεν,
492 1445 652 1514 τιμᾷν
698 1438 900 1514 μᾶλ)ον
962 1439 1091 1519 ἄχρι
1137 1444 1234 1505 τῆς
1282 1437 1589 1502 τελευταίας
1622 1437 1895 1505 ἂναπνοῆς

235 1524 498 1591 διδάσκει,
563 1530 657 1585 Καὶ
715 1534 829 1592 πῶς
876 1525 1155 1599 διδάσκεις
1210 1528 1308 1583 Δια
1338 1532 1439 1594 τῆς
1473 1529 1712 1603 μείζονος
1757 1526 1897 1584 διδα-

235 1615 486 1688 σκαλίας,
540 1618 703 1697 φημὶ,
756 1616 823 1673 δι’
880 1619 954 1673 ὠν
1012 1616 1229 1694 ἔπραξεν
1276 1618 1431 1680 αὐτός
1464 1622 1481 1648 ‘
1536 1618 1623 1675 καὶ
1667 1619 1765 1697 γὰρ
1822 1624 1897 1692 τῷ

237 1704 462 1786 Ἰωσὴφ,
525 1708 696 1762 καίτοι
748 1706 864 1765 οὐδὲ
923 1708 1115 1784 κυρίως
1165 1708 1321 1762 αὒτοῦ
1376 1707 1534 1784 πατρὶ
1577 1704 1715 1785 ὄντι,
1760 1704 1896 1764 ἀλλᾶ

234 1795 595 1870 νομιζομένῳ,
682 1800 749 1863 ἧν
830 1796 1291 1874 ὑποτασσόμενος,
1374 1796 1463 1852 καὶ
1523 1799 1621 1861 τῆς
1680 1796 1892 1873 Μητρὸς

233 1886 504 1951 τοσαύτην
540 1888 775 1941 ἐποιεῖτο
806 1884 884 1941 ἀεὶ
914 1887 1012 1951 τὴν
1045 1884 1316 1962 πρόνοιαν,
1356 1883 1495 1940 ὥστε
1554 1881 1669 1940 οὐδὲ
1726 1905 1890 1942 σταυ-

236 1974 493 2050 ρούμενος
546 1972 788 2048 ἠμέλησε
828 1974 1054 2045 ταύτης,
1102 1970 1238 2028 ἀλλὰ
1292 1970 1564 2051 παρεδίδου
1620 1977 1699 2044 τῷ
1749 1972 1892 2050 ἠγα-

234 2061 469 2135 πημένῳ
526 2066 763 2139 μαθητῇ.
818 2068 939 2127 Πῶς
999 2065 1086 2119 οὗν
1139 2064 1166 2117 ὁ
1222 2068 1387 2118 ταῦτα
1441 2059 1647 2126 διδάξας
1678 2059 1761 2116 διὰ
1786 2067 1893 2117 τῶν

236 2151 433 2231 ἔργων,
494 2152 645 2231 ἓτερα
676 2151 760 2208 διὰ
812 2159 918 2209 τῶν
965 2151 1138 2230 λόγων
1182 2152 1507 2229 εἰσηγοῖτος
1554 2149 1705 2207 Ἀλλ’
1762 2149 1893 2228 ὅπερ

234 2242 397 2318 ἔφην,
452 2254 632 2315 μισεῖν
677 2243 820 2316 ἡμᾶς
863 2242 986 2303 τοὺς
1039 2253 1218 2319 γονεῖς
1263 2237 1595 2319 ἐντέλλεται,
1644 2239 1732 2296 ὅτε
1764 2240 1893 2303 Θεὸς

234 2332 301 2385 τὸ
359 2326 812 2404 κινδυνευόμενον.
876 2329 1007 2387 Τότε
1064 2329 1164 2407 γὰρ
1238 2329 1298 2384 οὒ
1355 2335 1538 2405 γονεῦς
1597 2327 1895 2403 λογίζονται

235 2416 358 2474 οὒδὲ
390 2420 602 2493 οἰκεῖοι,
639 2421 771 2498 πρὸς
802 2419 901 2486 τὴν
950 2418 1199 2484 τοιαύτην
1248 2415 1508 2496 ὠφέλειαν
1552 2418 1689 2491 ἡμῖν
1745 2417 1897 2473 ἀντι·-

234 2507 547 2572 πίπτοντες.
612 2508 898 2565 Κάντευθεν
942 2504 997 2562 δὲ
1051 2504 1241 2578 δῆλον,
1302 2506 1330 2561 ὅ
1388 2504 1642 2585 λέγομεν,
1702 2505 1763 2562 ἐκ
1804 2514 1899 2563 τοῦ

233 2598 329 2653 καὶ
388 2596 487 2664 τὴν
544 2598 730 2653 ἑαυτου
786 2597 971 2676 ψυχην
1025 2594 1357 2652 ἐντέλλεσθαι
1402 2596 1585 2670 μισεῖν
1622 2612 1635 2625 ⁸
1682 2597 1894 2661 πάντως

235 2687 342 2764 γὰρ
401 2685 458 2742 οὖ
503 2696 656 2744 τοῦτο
712 2684 1070 2742 διακελεύεται
1136 2687 1196 2741 τὸ
1242 2686 1454 2749 ἑαυτοὺς
1500 2684 1890 2761 ἀποκτιννύναι,

234 2773 377 2830 ἀλλὰ
433 2777 494 2832 τὸ
536 2789 658 2839 ταῖς
690 2774 989 2850 ἐπιθυμίαις
1018 2780 1117 2841 τῆς
1149 2778 1333 2853 ψυχῆς
1376 2788 1496 2839 ταῖς
1539 2775 1893 2853 χωριζούσαις

233 2868 382 2939 ἡμᾶς
439 2872 531 2921 τοῦ
576 2870 706 2920 Θεοῦ
735 2864 1123 2920 ἆποτάσσεσθαι
1159 2878 1172 2891 ·
1222 2864 1310 2919 καὶ
1340 2864 1384 2918 εί
1429 2865 1704 2942 πρόκειται
1750 2886 1892 2941 μαρ-

232 2956 442 3034 τύριον,
489 2956 568 3029 μὴ
612 2954 897 3034 φροντίζειν
954 2955 1050 3022 τῆς
1084 2953 1294 3033 ψυχῆς.
1330 2954 1490 3029 μόνον
1522 2951 1734 3032 κέρδους
1765 2976 1893 3031 προ-

1980 558 2255 628 oportere
2284 570 2421 613 eum
2449 553 2588 614 odio
2620 550 2843 613 habere
2870 571 2987 613 non
3030 554 3221 616 solum
3253 574 3356 617 eos
3383 556 3481 636 qui
3515 574 3621 619 ex-

1980 643 2148 699 terna
2183 640 2577 703 familiaritate
2601 640 2794 720 juncti
2826 650 2985 716 sunt,
3021 642 3122 704 sed
3156 651 3215 704 et
3243 662 3408 706 suam
3434 645 3626 726 ipsius

1979 727 2259 815 animam.
2296 728 2449 790 Vide
2478 737 2675 791 autem
2708 748 2783 790 ne
2824 730 3021 793 littera
3065 750 3308 812 prorsus
3349 735 3624 815 imperite

1982 814 2069 895 (a)
2087 815 2559 897 abripiaris.Non
2585 818 2746 880 enim
2773 818 3262 883 inhumanitatem
3293 837 3349 884 et
3371 814 3626 885 crudeli-

1978 912 2156 966 tatem
2174 901 2347 967 docet
2364 907 2927 987 misericors,neque
2940 908 3171 989 sibiipsi
3187 912 3361 973 docet
3383 931 3622 974 manum

1980 992 2222 1072 inferre,
2258 994 2360 1055 sed
2398 996 2700 1074 proprium
2734 1014 2906 1057 suum
2940 996 3299 1078 discipulum
3331 1002 3454 1062 vult
3485 1010 3625 1063 tunc

1981 1081 2119 1142 odio
2150 1082 2373 1144 habere
2400 1093 2678 1163 cognatos
2708 1102 2872 1165 suos,
2897 1085 3134 1166 quando
3165 1087 3238 1148 ad
3267 1088 3544 1167 pietatem
3568 1091 3624 1151 ei

1979 1168 2289 1231 obstaculo
2320 1180 2477 1251 sunt,
2510 1181 2570 1233 et
2600 1181 2841 1253 propter
2874 1174 3377 1239 necessitudinem
3402 1177 3628 1240 abonis

1979 1256 2259 1337 operibus
2293 1258 2696 1338 prohibetur:
2754 1260 3031 1341 quoniam
3081 1262 3191 1323 nisi
3240 1264 3623 1341 obsisterent,

1982 1346 2163 1436 magis
2193 1347 2573 1436 honorandos
2606 1348 2778 1409 docet
2809 1367 2995 1430 usque
3024 1351 3096 1412 ad
3144 1360 3471 1415 extremum
3502 1356 3624 1436 spi-

1978 1433 2182 1497 ritum.
2217 1435 2285 1496 Et
2333 1439 2632 1517 quomodo
2665 1437 2889 1501 docet?
2919 1437 3035 1502 Per
3063 1441 3353 1520 majorem
3402 1433 3625 1506 doctri-

1980 1542 2141 1605 nam,
2174 1525 2436 1605 inquam,
2473 1545 2689 1606 nempe
2740 1546 2847 1607 per
2898 1546 2967 1590 ea
3016 1548 3147 1609 quas
3190 1540 3468 1611 cperatus
3494 1542 3623 1612 est;

1981 1613 2104 1692 ipso
2136 1614 2296 1675 enim
2331 1623 2388 1676 et
2414 1616 2659 1696 Joseph,
2693 1617 2958 1696 quamvis
2989 1637 3107 1679 non
3148 1627 3305 1681 esset
3354 1622 3629 1703 proprius

1919 1748 1958 1797 Β
1981 1721 2217 1782 parens,
2252 1704 2357 1765 sed
2392 1704 2786 1797 existimatus,
2820 1705 3116 1769 obediens
3146 1708 3256 1770 fuit
3292 1728 3305 1773 :
3340 1718 3398 1772 et
3424 1712 3628 1775 Matris

1977 1809 2099 1852 suae
2132 1801 2349 1853 tantam
2382 1810 2624 1872 semper
2683 1793 2801 1872 egit
2850 1813 3075 1871 curam,
3126 1806 3187 1856 ut
3245 1815 3436 1878 neque
3492 1818 3624 1861 cum

1977 1881 2448 1960 crucifigeretur,
2483 1901 2612 1943 eam
2663 1883 3010 1965 negligeret,
3046 1886 3151 1947 sed
3192 1889 3630 1951 commendavit

1977 1969 2269 2059 discipulo
2300 1990 2489 2059 quem,
2513 1971 2820 2049 diligebat.
2868 1972 3174 2045 Quomodo
3218 1976 3396 2054 igitur
3446 1981 3493 2039 is
3526 1979 3628 2059 qui

1977 2058 2100 2120 hazc
2133 2077 2238 2139 per
2253 2077 2435 2139 opera
2462 2058 2682 2135 docuit,
2708 2061 2824 2137 alia
2844 2061 3220 2125 sermonibus
3240 2058 3628 2130 asseveravit?

1978 2146 2071 2223 At,
2100 2148 2253 2209 sicut
2282 2146 2423 2222 dixi,
2461 2148 2723 2229 praecipit
2762 2168 2870 2211 nos
2895 2150 3037 2213 odio
3068 2150 3292 2213 habere
3324 2164 3623 2233 parentes,

1978 2237 2213 2317 quando
2238 2237 2297 2297 in
2326 2237 2486 2298 cultu
2512 2237 2614 2298 Dei
2635 2237 2964 2318 periculum
2992 2247 3102 2302 est.
3126 2239 3293 2303 Tunc
3319 2243 3479 2303 enim
3509 2262 3626 2305 non

1982 2334 2257 2406 parentes
2303 2336 2643 2401 censentur,
2693 2346 2887 2407 neque
2920 2328 3268 2406 familiares,
3311 2332 3360 2393 si
3408 2332 3468 2393 in
3514 2334 3628 2395 hoc

1981 2414 2154 2476 nobis
2179 2414 2489 2477 obsistant.
2525 2418 2596 2478 Et
2614 2414 2752 2476 hinc
2775 2417 3151 2479 manifestum
3170 2418 3327 2500 quod
3346 2420 3625 2486 dicimus.

1980 2500 2123 2563 Nam
2155 2522 2288 2564 cum
2319 2511 2578 2564 nostram
2610 2504 2871 2565 animam
2916 2505 3051 2566 odio
3082 2506 3303 2569 habere
3336 2510 3625 2591 praecipit,

1980 2592 2222 2653 omnino
2255 2611 2374 2652 non
2409 2591 2697 2672 praecipit,
2743 2601 2803 2654 ut
2843 2591 3161 2675 nobisipsis
3191 2606 3444 2658 mortem
3475 2616 3625 2661 cou-

1976 2680 2322 2754 sciscamus,
2378 2680 2480 2741 sed
2535 2690 2597 2744 ut
2657 2681 3068 2745 renuntiemus
3120 2686 3629 2765 concupiscentiis

1976 2770 2209 2836 animas,
2231 2788 2363 2848 quae
2383 2788 2491 2829 nos
2513 2781 2785 2850 separant
2803 2790 2835 2831 a
2864 2770 2988 2832 Deo
3014 2792 3028 2846 ;
3065 2771 3293 2835 etiamsi
3312 2774 3622 2854 perferen-

1975 2860 2113 2921 dum
2168 2859 2537 2938 martyrium,
2591 2877 2708 2919 non
2762 2859 3026 2921 curanda
3078 2861 3297 2943 anima,
3344 2864 3622 2943 quoniam

1977 2955 2324 3027 perpetuum
2358 2946 2585 3007 lucrum
2620 2948 2990 3025 proponitur.
3028 2947 3152 3010 Hoc
3169 2951 3329 3011 enim
3356 2953 3620 3033 estquod

233 3045 483 3117 κειμένου
538 3045 772 3106 αἰωνίου.
838 3034 967 3103 ΗΟτι
1004 3042 1057 3098 δὲ
1101 3053 1257 3102 τοῦτο
1299 3041 1552 3117 διδάσκει,
1603 3044 1691 3098 καὶ
1729 3045 1789 3101 οὐ
1830 3044 1887 3099 τὸ

1978 3054 2083 3096 nos
2114 3035 2308 3111 docet,
2343 3044 2401 3095 et
2427 3054 2544 3096 non
2571 3035 2922 3115 simpliciter
2945 3045 3009 3100 ut
3027 3038 3163 3119 quis
3184 3039 3444 3120 seipsum
3467 3042 3621 3104 occi-

235 3134 422 3197 ἀπλῶς
481 3136 696 3198 ἑαυτοὺς
756 3133 1148 3207 ἀποκτιννύναι,
1209 3130 1434 3189 δείκνυσι
1523 3130 1682 3189 πάλιν
1738 3131 1896 3196 αὐτὸς

232 3223 290 3289 ἒξ
344 3226 416 3280 ὧν
466 3233 558 3282 τοῦ
599 3220 846 3281 διαϐόλου
900 3222 1238 3301 πειραζοντος
1297 3222 1476 3295 αὐτὸν,
1542 3220 1679 3277 ὥστε
1708 3218 1895 3296 βαλεῖν

236 3314 423 3372 ἑαυτὸν
473 3314 620 3369 κάτω
663 3313 768 3369 ἀπὸ
811 3323 903 3370 τοῦ
959 3313 1122 3392 ἱεροῦ,
1183 3310 1545 3389 ἀπεκρούσατο
1617 3311 1715 3375 τὴν
1756 3310 1891 3365 πεῖ-

231 3425 353 3482 ραν,
413 3405 499 3459 καὶ
558 3400 672 3459 οὐδὲ
724 3400 958 3458 ἐπεδίδου
1029 3401 1213 3457 ἑαυτὸν
1256 3412 1375 3464 τοῖς
1427 3396 1727 3478 Ἰουδαίοις,
1756 3397 1893 3454 ἀλλὰ

229 3494 320 3548 καὶ
378 3491 663 3570 ἀνεχώρει,
727 3493 814 3547 καὶ
885 3488 971 3546 διὰ
1051 3488 1214 3565 μέσου
1284 3490 1454 3546 αὐτῶν
1527 3487 1890 3570 ἀνερχόμενος

228 3582 354 3643 τοὺς
411 3566 711 3661 φωνούντας
898 3577 1197 3657 φονῶντας]
1242 3576 1627 3656 ἀπεκρύπτετο.
1693 3566 1889 3641 ’Ὀστις

227 3677 320 3727 οὖν
402 3669 771 3746 βλαπτόμενος
844 3669 917 3731 εἰς
994 3663 1303 3724 θεοσέϐειαν
1392 3665 1493 3721 ὑπό
1560 3686 1702 3728 τινος
1782 3671 1888 3721 τῶν

225 3760 459 3831 οἰκείων,
522 3756 728 3835 στέργει
783 3756 881 3823 τὴν
940 3756 1072 3835 πρὸς
1118 3755 1307 3817 αὐτοὺς
1367 3751 1585 3833 σχέσιν,
1631 3754 1719 3809 καὶ
1749 3775 1884 3831 προ-

226 3848 518 3922 τιμοτέραν
550 3847 746 3914 ταύτην
789 3858 1025 3902 ποιεῖται
1072 3849 1171 3911 τῆς
1201 3843 1332 3923 πρὸς
1378 3843 1469 3898 τὸν
1515 3843 1643 3899 Θεὸν
1698 3846 1883 3921 εὐαρε-

1977 3124 2096 3185 dat.
2131 3121 2515 3204 Ostenditque
2545 3123 2690 3185 illud
2724 3125 2939 3186 iterum
2976 3127 3102 3207 ipse
3136 3147 3244 3208 per
3274 3130 3387 3190 hoc
3422 3131 3617 3211 quod-

1975 3212 2210 3275 diabolo
2242 3214 2433 3294 ipsum
2468 3220 2733 3298 tentante
2760 3222 2823 3274 ut
2848 3233 2914 3276 se
2945 3215 3021 3277 de
3041 3216 3383 3280 summitate
3408 3221 3615 3300 templi

1974 3300 2286 3382 dejiceret,
2337 3304 2718 3362 Ientationem
2759 3302 2977 3383 repulit
3011 3325 3024 3366 :
3077 3314 3132 3365 et
3165 3325 3283 3367 non
3313 3325 3379 3368 se
3399 3308 3619 3371 Judaeis

1976 3393 2236 3466 tradidit,
2272 3391 2375 3453 sed
2417 3392 2681 3468 secessit,
2714 3400 2891 3472 atque
2940 3412 3045 3474 per
3098 3395 3360 3457 medium
3406 3417 3615 3460 eorum

1976 3482 2287 3553 transiens,
2320 3481 2393 3540 ab
2426 3480 2543 3540 illis
2575 3498 2639 3541 se
2683 3480 3021 3544 occultavit.
3069 3481 3251 3562 Igitur
3281 3484 3617 3566 cuicunque

1972 3569 2277 3631 domestici
2298 3576 2355 3630 et
2376 3568 2554 3630 amici
2581 3567 2820 3630 obstant
2841 3569 2901 3630 in
2935 3570 3176 3651 pietate,
3212 3581 3270 3633 et
3299 3574 3350 3635 is
3372 3572 3613 3638 illorum

1972 3658 2427 3722 familiaritatem
2451 3657 2597 3739 Deo,
2627 3657 2728 3720 cui
2750 3658 2986 3738 placere
3007 3658 3206 3736 debet,
3236 3662 3492 3741 praefert,
3521 3664 3612 3727 vel

1971 3749 2146 3812 etiam
2162 3766 2265 3829 pro
2274 3756 2402 3827 pter
2413 3765 2672 3807 amorem
2691 3745 2819 3807 vitae
2842 3748 3190 3812 imminente
3207 3752 3491 3829 martyrio
3509 3754 3612 3817 de-

1970 3839 2087 3901 [icit
2110 3846 2168 3901 ct
2189 3835 2490 3915 negat,ille
2508 3853 2623 3896 non
2649 3844 2842 3915 potest
2862 3855 2998 3899 esse
3015 3836 3341 3917 discipulus
3360 3838 3606 3904 Christi.

228 3939 499 4015 στήσεως,
534 3935 609 3992 ἔτι
636 3956 694 3993 τε
724 3936 815 3992 καὶ
845 3932 930 3989 διὰ
958 3933 1050 3990 τοῦ
1080 3931 1363 4015 φιλοζωεῖν
1394 3929 1654 3995 πολλάκις
1685 3933 1771 3987 καί
1803 3929 2084 4009 μαρτυρίου
2113 3927 2459 4006 προκειμένου
2493 3927 2565 3988 εἷς
2616 3923 2833 4002 ἄρνησιν
2865 3927 3330 4008 ἐκτραχηλίζεται,
3364 3932 3514 3997 οὗτος
3547 3933 3607 3990 οὔ

227 4026 441 4082 δύναται
471 4031 691 4104 Χριστοῦ
717 4027 856 4080 εἶναι
890 4023 1159 4098 μαθητής,

316 4137 344 4169 α
401 4115 489 4176 Τίς
547 4114 647 4192 γὰρ
704 4110 756 4180 ἐξ
798 4113 946 4187 ὑμῶν
998 4111 1165 4167 θέλων
1241 4111 1437 4189 πύργον
1503 4106 1876 4184 οἰκοδομῆσαι,

227 4205 353 4282 οὒχὶ
407 4208 615 4280 πρῶτον
657 4201 872 4265 καθίσας
904 4202 1118 4278 ψηφίζει
1147 4199 1247 4267 τὴν
1289 4196 1550 4272 δαπάνην,
1583 4199 1627 4254 εἰ
1651 4196 1769 4276 ἔχει
1814 4198 1880 4255 τὰ

2041 4102 2219 4168 VEns.
2254 4102 2470 4165 28-30.
2513 4126 2536 4158 ιι
2574 4102 2720 4174 Quis
2749 4104 2908 4164 enim
2959 4124 3027 4166 ex
3074 4106 3260 4186 vobis,
3314 4107 3415 4187 qui
3466 4109 3605 4173 velit

1961 4195 2167 4257 turrim
2198 4192 2512 4265 aediﬁcare,
2542 4190 2685 4271 quin
2706 4192 2868 4271 prius
2889 4193 3106 4255 sedens
3126 4203 3428 4277 computet
3450 4214 3603 4259 sum-

225 4279 702 4371 εἷς’ἂπαρτισμδν,
759 4289 852 4347 ’ίνα
883 4290 1136 4365 μήπωτε,
1164 4288 1345 4352 θέντος
1394 4289 1553 4345 αὐτοῦ
1604 4284 1871 4361 θεμέλιον,

1971 4292 2116 4366 ptus,
2150 4302 2223 4344 an
2258 4279 2872 4371 habeatquibusiopus
2901 4291 2990 4343 est
3016 4283 3088 4343 ad
3124 4285 3602 4363 perﬁciendum?

227 4384 314 4441 καὶ
359 4386 437 4458 μὴ
485 4382 766 4460 ἰσχύοντος
838 4377 1135 4458 ἐκτελέσαι,
1208 4378 1402 4443 πάντες
1458 4378 1506 4433 οἱ
1558 4379 1872 4454 θεωρουντες

225 4470 483 4551 ἄρξωνται
540 4469 812 4545 ἐμπαίζειν
858 4466 999 4542 αὖτῷ
1027 4466 1294 4546 λέγοντες,
1328 4466 1433 4541 ὅτι,
1488 4472 1651 4527 Οὗτος
1708 4467 1735 4519 ὁ
1780 4464 1872 4519 ἄν·

222 4566 431 4639 θρωπος
488 4556 680 4637 ἤρξατο
725 4554 1051 4633 οἰκοδομεῖν,
1105 4558 1194 4613 καὶ
1237 4560 1332 4617 οὐκ
1376 4556 1604 4635 ἴσχυσεν
1655 4552 1871 4610 ἐκτελέ-

224 4671 313 4705 σαι
352 4668 368 4728 ;
405 4672 432 4703 ι
472 4648 570 4703 Διὰ
598 4652 696 4714 τῆς
722 4654 817 4707 τοῦ
846 4647 1045 4724 πύργου
1092 4644 1405 4725 παραϐολῆς
1457 4642 1687 4701 διδάσκει
1730 4644 1873 4716 ἡμᾶς

226 4740 253 4794 ὁ
316 4738 502 4812 Κύριος
546 4734 683 4801 ἅπαξ
742 4732 1052 4792 ἀκολουθεῖν
1096 4737 1236 4809 αὐτῷ
1294 4733 1599 4813 ἑλομένους,
1654 4730 1873 4810 φυλάξαι

223 4828 321 4893 τὴν
384 4825 551 4893 αὐτὴν
605 4823 931 4904 προαίρεσιν,
989 4826 1077 4882 καὶ
1136 4824 1214 4899 μὴ
1266 4821 1508 4900 θεμέλιον
1554 4822 1651 4898 μὲν
1700 4842 1872 4878 κατα-

222 4914 499 4995 ϐαλέσθαι,
549 4913 667 4982 ἤτοι
721 4914 900 4993 ἀρχὴν
951 4912 1378 4992 ἂκολουθήσεως,
1425 4912 1549 4969 εἶτα
1605 4908 1753 4976 τέλος
1790 4910 1868 4985 μὴ

221 5005 510 5081 ἐπιθεῖναι,
554 5005 629 5068 ὡς
658 5002 737 5078 μὴ
795 5001 1022 5082 ἔχοντας
1070 5002 1331 5081 ἀρκοῦσαν
1377 5001 1475 5069 τὴν
1533 4999 1866 5079 παρασκευὴν

217 5100 319 5162 τῆς
348 5095 660 5173 προθυμίας.
693 5100 933 5151 Τοιοῦτοι
974 5092 1109 5159 ἦσαν
1158 5090 1380 5164 ἐκεῖνοι,
1429 5090 1546 5167 περὶ
1572 5091 1648 5143 ὧν
1677 5085 1864 5146 Ἰωάν-

214 5204 318 5250 νης
349 5185 377 5239 ὁ
420 5180 802 5261 εὖαγγελιστὴς
832 5180 935 5261 ἔφη
976 5199 989 5213 ⁸
1034 5178 1229 5237 Πολλοι
1260 5186 1347 5235 οὖν
1378 5178 1438 5234 ἐκ
1464 5184 1569 5233 τῶν
1614 5179 1864 5252 μαθητῶν

212 5273 380 5331 αὖτοῦ
433 5271 668 5341 ἀπῆλθον
734 5273 808 5335 εἷς
850 5271 916 5328 τὰ
951 5269 1137 5329 ὀπίσω.
1207 5268 1306 5326 Καὶ
1372 5272 1476 5331 πᾶς
1506 5264 1560 5322 δὲ
1593 5263 1864 5346 ἄνθρωπος

294 5431 361 5483 69
386 5432 553 5495 Joan.
583 5445 706 5505 xvi,
740 5427 816 5491 32

297 5594 377 5673 (ιι)
415 5591 514 5653 Ed.
558 5593 683 5654 Lut.
722 5607 839 5651 non
874 5587 1071 5659 habet,
1100 5605 1354 5668 prorsus
1384 5587 1675 5667 imperite.

1895 4353 1939 4404 Ι)

1958 4391 2032 4435 ne
2064 4379 2367 4452 postquam
2396 4370 2656 4449 posuerit
2690 4369 3163 4447 fundamentum,
3194 4392 3303 4435 nec
3345 4377 3600 4453 potuerit

1957 4462 2267 4543 perﬁcere,
2301 4477 2509 4520 omnes
2557 4458 2656 4539 qui
2707 4457 2960 4519 viderint
3009 4459 3299 4541 incipiant
3344 4463 3598 4527 illudere

1957 4550 2037 4625 ei,
2070 4549 2375 4613 dicentes:
2409 4546 2517 4608 Hic
2540 4546 2716 4608 homo
2734 4546 2914 4627 ccepit
2938 4548 3253 4626 aediﬁcare,
3283 4570 3390 4613 nec
3410 4553 3598 4632 potuit

1955 4656 2389 4702 consummare.
2425 4662 2451 4692 η
2489 4638 2600 4697 Per
2651 4634 2986 4715 parabolam
3039 4638 3219 4699 turris
3263 4640 3438 4702 docet
3485 4661 3595 4705 nos

1956 4726 2244 4791 Dominus
2276 4733 2337 4787 ut
2384 4724 2444 4785 hi
2476 4724 2577 4805 qui
2616 4723 2803 4785 semel
2852 4724 3185 4803 delegerint
3221 4748 3358 4791 eum
3398 4732 3591 4812 sequi,

1954 4816 2113 4879 idem
2142 4815 2501 4896 propositum
2531 4820 2767 4875 servent
2795 4833 2808 4875 :
2846 4831 2954 4875 nec
2986 4815 3175 4876 solum
3196 4817 3421 4897 jaciant
3450 4820 3591 4882 fun-

1951 4904 2315 4984 damentum,
2349 4902 2460 4964 hoc
2485 4909 2595 4982 est,
2630 4919 2705 4962 ne
2737 4900 3021 4981 incipiant
3052 4911 3276 4967 tantum
3309 4908 3499 4987 sequi,
3531 4919 3591 4972 et

1950 5002 2157 5076 postea
2186 4993 2365 5054 tinem
2400 5010 2518 5052 non
2546 4991 2876 5070 imponant,
2911 4998 2972 5052 ut
3000 4991 3061 5053 hi
3093 4993 3195 5074 qui
3221 5014 3339 5056 non
3369 4995 3591 5060 habent

1948 5083 2342 5145 sufﬁcientem
2373 5080 2693 5142 alacritatis
2722 5082 3230 5160 praeparationem.
3261 5084 3435 5148 Tales
3454 5086 3586 5149 lue-

1945 5181 2087 5235 runt
2116 5170 2178 5233 hi
2201 5172 2275 5232 de
2299 5169 2513 5251 quibus
2546 5169 2902 5246 evangelista
2928 5170 3058 5232 41H
3099 5172 3359 5236 Joannes
3390 5174 3537 5237 dicit
3567 5196 3583 5241 :

1947 5261 2115 5325 Multi
2127 5260 2303 5340 igitur
2320 5278 2392 5320 ex
2415 5257 2722 5340 discipulis
2738 5260 2869 5340 ejus
2884 5259 3584 5332 abieruntretrorsumﬂ.
