4132 6298
439 352 557 418 943
1408 352 2002 418 THEOPHYLACTI
2047 350 2071 412 Ι

2193 347 2455 411 ϐΑΗΙιΕ
2498 344 2855 412 ARCHIEP.
3698 340 3825 410 944

342 482 353 491 ’
443 486 513 546 Et
541 486 736 547 omnis
766 486 946 547 homo
978 488 1079 566 qui
1108 487 1379 548 virtutem
1404 487 1647 567 quidem
1680 487 1909 567 operari
1942 505 1973 545 v

2194 484 2420 558 πράττειν
2473 482 2571 558 μὲν
2626 483 2724 551 τὴν
2782 482 2977 561 ἀρετὴν
3036 480 3311 557 ἐλόμενος,
3361 482 3438 557 μὴ
3483 483 3685 559 φθάσας
3742 482 3826 560 δὲ,

445 585 503 636 et
535 594 653 636 non
697 594 771 637 eo
814 576 1105 656 pervenit,
1158 585 1221 637 ut
1273 584 1332 637 et
1380 576 1638 638 divinam
1689 576 2077 654 cognitionem

2190 573 2307 628 bats
2380 574 2466 629 xui
2517 572 2658 629 θείαν
2714 578 2908 651 γνῶσιν
2956 570 3309 650 προσλαϐεῖν,
3360 569 3443 625 διὰ
3498 572 3560 626 τὸ
3619 570 3822 625 ἀτελῶτ

444 664 719 745 accipiat,
768 684 839 725 eo
878 664 1037 745 quod
1092 666 1441 744 imperfecte
1495 674 1552 725 et
1607 665 1831 746 absque
1862 665 2076 727 rationi

2193 664 2259 717 ιαὶ
2315 660 2521 739 ἀλόγως
2577 661 2675 729 τῆς
2720 660 2911 740 ἀρετῆς
2942 659 3211 739 ἄρξασθαι,
3259 660 3459 723 ἀτελῶς
3492 659 3679 733 κτίζει,
3744 663 3825 734 μὴ

444 754 715 815 virtutem
745 754 997 827 orditur,
1030 754 1382 834 imperfecte
1418 755 1694 826 aediﬁcat,
1730 774 1845 814 non
1890 754 2076 814 valent

2186 750 2456 826 δυνάμενος
2502 750 2785 829 ἀπαρτίσαι
2838 751 2930 805 τὸν
2990 750 3185 828 πύργον
3242 754 3342 816 τῆς
3407 746 3621 823 ὒψηλῆς
3680 750 3818 825 γνώο

446 842 761 905 absolvere
783 847 989 903 turrim
1010 862 1257 903 summa;
1277 843 1651 923 cognitionis.
1682 841 1853 906 Unde
1873 851 1931 904 et
1950 842 2078 904 illu-

2191 862 2307 902 ιεως
2342 861 2355 875 ο
2402 838 2517 894 ὅθεν
2559 841 2646 895 καὶ
2676 838 2984 913 ἐμπαίζεται
3026 839 3128 893 ὑπὸ
3179 844 3284 893 τῶν
3330 837 3668 914 θεωρούντων
3722 837 3823 891 αὒ-

446 932 606 994 ditur
634 933 706 993 ab
740 933 832 994 liis
860 951 893 994 a
923 932 1141 1012 quibus
1166 933 1398 994 videtur
1428 942 1485 993 et
1516 932 1860 993 hominibus
1891 932 2078 992 etdia-

2190 932 2263 983 τὸν
2312 929 2399 983 καὶ
2456 928 2746 1007 ἀνθρώπων
2806 928 2892 983 καὶ
2922 924 3208 1001 δαιμόνων,
3259 928 3358 984 Καὶ
3412 923 3588 988 ἄλλως
3619 923 3698 997 δὲ,
3731 928 3822 980 θεο

446 1022 737 1083 bolis.Vel
760 1006 966 1085 aliter}
994 1039 1100 1102 per
1121 1022 1571 1083 fundamentum
1594 1021 1833 1101 quidem
1861 1020 2071 1082 intelli-

2197 1016 2361 1074 ιέλιον
2417 1018 2516 1093 μὲν
2555 1006 2781 1086 νοήσαις
2836 1018 2929 1073 τὸν
2985 1013 3361 1072 διδασκαλικὸν
3418 1014 3600 1093 λόγον.
3637 1006 3694 1071 Ὀ
3727 1015 3829 1092 γὰρ

447 1129 548 1189 gas
576 1128 913 1173 sermonem
963 1110 1246 1172 doctoris.
1301 1108 1513 1172 Sermo
1570 1111 1729 1171 enim
1782 1109 2079 1183 doctrinas,

2192 1110 2271 1175 γῆς
2341 1104 2676 1169 διδασκαλίας
2735 1104 2891 1183 λόγος
2972 1102 3368 1180 διαλαμϐάνων,
3447 1105 3570 1183 φέρε
3626 1103 3824 1168 εἰπεῖν,

448 1209 652 1278 utpote
682 1209 941 1261 tractans
971 1199 1047 1260 de
1087 1199 1472 1280 continentia,
1502 1200 1698 1279 jactus
1724 1200 1783 1260 in
1816 1197 2080 1279 discipuli

2195 1198 2292 1277 περὶ
2342 1197 2653 1275 ἔγκρατείας
2713 1194 2941 1271 θεμελίῳ
3002 1193 3142 1251 ἔοικε
3185 1192 3530 1261 καταϐληθεὶς
3585 1194 3674 1250 ἐπὶ
3726 1194 3827 1260 τὴν

447 1289 707 1349 animam
735 1289 1121 1349 fundamento
1153 1296 1551 1368 comparatur.
1583 1290 1745 1366 Opus
1767 1296 1856 1348 est
1894 1296 2079 1348 autem

2200 1293 2266 1342 τοῦ
2314 1285 2553 1361 μαθητοῦ
2604 1286 2811 1364 ψυχήν.
2850 1297 2946 1341 Δεῖ
2974 1286 3062 1340 οὖν
3092 1290 3168 1359 τῷ
3196 1282 3342 1361 λόγῳ
3384 1285 3577 1358 τούτῳ,
3609 1280 3727 1350 ἦτοι
3749 1288 3832 1354 τῷ

448 1377 714 1438 sermoni
747 1377 908 1452 huic,
945 1377 1058 1439 hoc
1090 1388 1179 1439 est
1216 1378 1624 1450 fundamento,
1651 1378 2080 1458 superaadiﬁca-

2189 1374 2427 1455 ὶεμελίῳ,
2482 1376 2571 1431 καὶ
2642 1372 3040 1453 ἐποικοδομετν,
3096 1376 3164 1430 τὰ
3206 1379 3303 1441 τῆς
3363 1372 3601 1452 πράξεως
3655 1372 3821 1451 λέγω·

449 1468 819 1546 tione,opere
839 1466 1069 1541 dico,ut
1092 1468 1271 1528 turris
1290 1475 1489 1527 nostra
1510 1467 1875 1527 fortitudinis
1890 1488 1920 1526 a
1946 1465 2081 1529 facit

2199 1469 2268 1523 να
2326 1468 2414 1521 καὶ
2461 1465 2655 1543 πύργος
2712 1466 2848 1539 ἡμῗν
2898 1464 3084 1543 ἰσχύος
3130 1464 3236 1519 ἀπὸ
3289 1462 3576 1541 προσώπου
3632 1462 3831 1541 ἐχθροῦ

445 1542 1267 1629 ιηὶωίοί-ιιιιεοιιιιιιβὶινίιίυε
1290 1555 1385 1616 illa
1400 1574 1575 1635 quam
1595 1556 2068 1635 proponebamus

2197 1557 2522 1633 ιπαρτισθείη
2620 1554 2782 1630 ἀρετὴ
2837 1542 3036 1627 ἐκείνη,
3082 1554 3149 1621 ἢν
3199 1551 3543 1631 προεθέμεθα.
3582 1542 3713 1608 ’Ὁτι
3772 1550 3829 1605 δὲ

448 1644 615 1717 Quod
629 1653 821 1705 autem
836 1644 1284 1706 fundamentum
1300 1645 1539 1725 quidem
1560 1649 1633 1704 sit
1646 1654 2080 1725 sermo,exstrut

2198 1643 2421 1719 θεμέλιος
2478 1642 2576 1718 μὲν
2615 1643 2642 1697 ὂ
2686 1640 2870 1721 λόγος,
2928 1641 3181 1717 οἰκοδομὴ
3208 1640 3263 1697 δὲ
3304 1644 3339 1710 ἡ
3393 1641 3601 1717 πρᾶξις,
3634 1641 3830 1702 ἱκανῶς

451 1735 569 1797 ctio
593 1744 786 1828 autem
808 1752 979 1814 opus,
1010 1733 1161 1828 satis
1174 1733 1543 1828 abundelios
1559 1734 1733 1795 docet
1756 1733 2083 1815 Apostolus:

2199 1740 2324 1808 λμᾶς
2377 1735 2404 1789 ὁ
2455 1730 2781 1794 Ἀπόστολος
2842 1730 3073 1788 διδάσκει
3126 1731 3319 1809 λέγων,
3385 1735 3464 1788 ὃτι
3499 1751 3528 1790 (
3571 1727 3831 1805 Θεμέλιον

460 1823 969 1886 ιιΕιιιιιίειωειιιιιιη
996 1823 1379 1904 posuiJesum
1403 1821 1886 1898 Christum,alius
1899 1834 2092 1885 autem

2201 1824 2387 1879 τέθεικα
2417 1820 2624 1889 Ἰησοῦν
2656 1823 2900 1901 Χριστὸν,
2934 1820 3094 1884 ἄλλος
3125 1819 3179 1876 δὲ
3234 1818 3579 1896 ἐποικοδομεῖ
3610 1838 3625 1852 ·
3666 1844 3689 1877 ι
3739 1818 3833 1874 καὶ

454 1912 1088 1993 superexstruit70,net
1108 1911 1302 1973 statim
1326 1921 1633 1973 enumerat
1656 1912 1812 1975 varia
1825 1912 2086 1987 aediﬁcia,

2196 1911 2303 1980 ἑξῆς
2360 1910 2642 1990 καταλέγει
2686 1912 2781 1975 -εάς
2837 1909 3116 1990 διαφόρους
3161 1907 3467 1986 οἰκοδομὰς,
3516 1908 3633 1977 ἤτοι
3665 1908 3828 1985 ἔργα·

453 2003 565 2064 hoc
598 2009 707 2073 est,
753 2001 1131 2081 operationes
1175 2000 1267 2062 vel
1318 2000 1609 2064 bonorum
1664 2002 1755 2063 vel
1806 2002 2085 2064 malorum

2195 2003 2299 2066 πίας
2352 2002 2388 2069 ἢ
2451 1999 2630 2057 καλῶν
2682 2001 2718 2070 ἢ
2776 2000 3023 2079 πονηρῶν
3079 1999 3247 2079 ’έργων
3282 2020 3295 2033 ’
3356 1996 3670 2080 φοϐηθῶμεν
3713 2000 3827 2074 οὖν,

455 2109 730 2172 operum.
763 2088 1105 2152 Timeamus
1136 2090 1311 2169 igitur
1346 2108 1419 2151 ne
1468 2090 1619 2151 forte
1649 2091 1899 2152 illudant
1929 2091 2087 2152 nobis

2200 2092 2394 2160 ιήποτε
2446 2089 2769 2165 ὲμπαίζωσιν
2812 2092 2949 2158 ἡμῖν
3007 2093 3052 2146 οἱ
3095 2088 3360 2165 δαίμονες,
3395 2090 3512 2165 περὶ
3535 2088 3609 2144 ὧν
3641 2089 3669 2143 ὃ
3698 2108 3832 2163 προ-

455 2179 863 2254 dtemones,de
879 2179 1094 2260 quibus
1115 2180 1574 2260 propheladicil:
1589 2179 1902 2241 «lllusores
1914 2178 2087 2240 domi

2193 2181 2360 2258 φήτης
2390 2182 2549 2259 φησὶν
2578 2177 2685 2261 ὅτι,
2727 2204 2750 2233 ιι
2789 2178 3120 2254 Ἐμπαϊκται
3170 2177 3521 2258 κυριεύσουσιν
3563 2176 3757 2254 αὐτῶν,
3796 2200 3825 2230 io

457 2269 756 2332 nabuntur
777 2268 884 2342 eis,
917 2293 940 2324 υ
965 2268 1056 2329 his
1086 2268 1314 2329 scilicet
1342 2268 1442 2349 qui
1472 2287 1505 2329 a
1536 2270 1656 2331 Deo
1689 2268 1914 2348 repulsi
1944 2276 2089 2330 sunt.

1689 2268 1914 2348 repulsi
1944 2276 2100 2331 sunt.
2184 2272 2290 2323 τῶν
2317 2269 2419 2349 ea?)
2447 2275 2539 2324 τοῦ
2570 2274 2702 2326 Θεοῦ
2729 2265 2936 2335 δηλαδή
2965 2267 3321 2343 ἀπυσμένων.

540 2356 727 2422 VEns.
757 2357 824 2418 31
837 2338 969 2420 ~33.
987 2383 1005 2413 ι
1037 2360 1156 2419 Aut
1176 2358 1308 2437 quis
1336 2338 1439 2419 rex
1460 2338 1843 2437 proﬁciscens
1864 2369 1925 2418 ut
1946 2376 2107 2418 com-

2272 2380 2300 2411 ι
2338 2338 2421 2413 ’,Β
2477 2358 2555 2420 τίς
2612 2355 2865 2432 βασιλεὺς
2912 2338 3269 2435 πορευόμενος
3326 2354 3620 2431 συμϐαλεῖν
3671 2353 3832 2431 ἑτέρῳ

460 2449 649 2509 mittat
694 2446 960 2527 praelium
1012 2446 1293 2508 adversus
1340 2447 1592 2507 alterum
1642 2464 1872 2527 regem,
1904 2463 2092 2506 nonne

2201 2444 2399 2502 Ξασιλεϊ
2452 2448 2526 2508 είς
2587 2444 2852 2523 πόλεμον,
2926 2447 3049 2524 οὐχὶ
3104 2446 3320 2508 καθίσας
3377 2452 3587 2524 πρῶτον
3616 2442 3833 2520 βουλεύ-

463 2537 683 2599 sedens
716 2536 882 2615 prius
912 2537 1124 2614 cogitat
1139 2553 1213 2596 an
1245 2535 1428 2614 possit
1452 2554 1584 2596 cum
1605 2536 1814 2596 decem
1844 2533 2095 2597 millibus

2202 2557 2324 2614 εται,
2360 2536 2401 2590 εἶ
2432 2532 2647 2597 δυνατός
2704 2533 2845 2589 ἐστιν
2896 2533 2950 2588 ἐν
2992 2533 3117 2590 δέκα
3146 2534 3386 2614 χιλιάσιν
3415 2534 3714 2600 ἀπαντῆσαι
3756 2537 3834 2604 τῷ

461 2642 779 2687 occurrere
814 2624 867 2686 ei
898 2624 1154 2705 quicum
1189 2623 1389 2701 viginti
1422 2623 1686 2684 millibus
1707 2622 1869 2685 venit
1897 2632 2093 2684 contra

2199 2624 2323 2679 εετά
2381 2621 2552 2678 εἴκοσι
2612 2620 2873 2701 χιλιάδων
2928 2621 3199 2701 ἐρχομένῃ
3243 2622 3374 2700 πρὸς
3410 2622 3563 2677 ιῦτόν
3597 2639 3611 2653 ⁸
3676 2624 3719 2677 εἰ
3776 2620 3831 2676 δὲ

464 2712 821 2793 se?alioquin
846 2713 1041 2774 adhuc
1064 2713 1163 2773 illo
1184 2712 1356 2790 longe
1373 2712 1906 2791 agente,legatione
1929 2712 2096 2771 missa

2199 2714 2331 2791 μήγε
2390 2711 2464 2766 ἔτι
2524 2709 2700 2788 πόῤῥω
2757 2712 2915 2767 αὐτοῦ
2975 2712 3148 2784 ὄντος,
3205 2708 3485 2789 πρεσϐείαν
3515 2709 3831 2774 ἀποστείλας

464 2803 609 2884 petit
628 2820 699 2864 ea
720 2820 850 2882 quas
872 2800 1034 2880 pacis
1055 2800 1220 2862 sunt?
1242 2799 1339 2862 Sic
1359 2816 1498 2878 ergo
1520 2800 1715 2861 omnis
1737 2818 1806 2861 ex
1828 2800 1989 2861 vobis
2005 2800 2096 2879 qui

2199 2802 2357 2881 ἐρωτᾷ
2386 2800 2452 2855 τά
2480 2802 2611 2879 πρὸς
2666 2800 2878 2877 εἰρήνην
2911 2815 2928 2873 ;
2975 2799 3154 2863 Οὕτως
3203 2801 3291 2855 ob:
3340 2804 3445 2861 πᾶς
3476 2799 3526 2863 ἐξ
3556 2801 3726 2877 ὑμῶν,
3773 2801 3831 2862 ὃς

464 2910 581 2953 non
614 2890 917 2951 renuntiat
947 2887 1222 2950 omnibus
1251 2907 1383 2968 qua;
1435 2888 1715 2970 possidet,
1768 2907 1887 2950 non
1919 2896 2096 2969 potest

2202 2891 2285 2946 ιῦκ
2338 2889 2692 2945 ἀποτάσσεται
2740 2894 2869 2944 πᾶσι
2921 2901 3041 2951 τοῖς
3112 2889 3302 2944 ἑαυτοῦ
3370 2888 3720 2966 ὑπάρχωσιν,
3771 2890 3834 2942 οὐ

466 2999 634 3043 meus
664 2999 796 3042 esse
824 2979 1174 3060 discipulus.
1214 2978 1439 3039 Bonum
1489 2986 1579 3039 est
1618 2980 1725 3040 sal.
1761 2977 1821 3041 Si
1856 2997 1989 3041 vero
2020 2977 2098 3037 sal

2202 2978 2401 3036 Βύναταί
2458 2999 2559 3053 μου
2608 2978 2750 3034 εἶναι
2782 2978 3052 3053 μαθητής.
3089 2976 3260 3035 Καλὸν
3289 2978 3350 3033 τὸ
3388 2975 3542 3040 ἅλας*
3573 2976 3666 3031 Ιιάν
3694 2973 3749 3030 δὲ
3770 2977 3834 3031 τὸ

464 3071 811 3133 infatuatum
846 3059 1042 3148 fuerit,
1078 3086 1186 3148 per
1217 3067 1371 3148 quod
1424 3068 1785 3131 condietur?
1815 3066 2017 3150 Neque
2048 3068 2096 3127 in

2200 3067 2322 3131 ἴλας
2381 3069 2652 3146 μωρανθῇ,
2711 3066 2766 3122 ἐν
2819 3068 2917 3122 τίνι
2965 3065 3358 3146 ἀρτυθήσεταις
3413 3064 3544 3122 Οὔτε
3575 3066 3647 3127 εἶς
3706 3062 3832 3143 γῆν,

471 3172 718 3233 terram,
756 3175 951 3238 neque
1001 3158 1062 3219 in
1108 3156 1547 3237 sterquilinium
1597 3157 1741 3218 utile
1773 3168 1910 3221 est:
1957 3157 2103 3217 foras

2197 3158 2310 3214 οὔτε
2369 3158 2441 3219 εἰς
2498 3156 2717 3235 κοπρίαν
2763 3153 2967 3211 εὔθετόν
3027 3153 3168 3211 ἐστιν
3210 3152 3310 3220 ἔξω
3356 3151 3637 3231 βάλλουσιν
3683 3153 3829 3211 αὐτό.

466 3248 798 3329 projiciunt
828 3248 997 3310 illud.
1038 3246 1148 3319 Qui
1192 3245 1371 3308 habet
1418 3264 1592 3307 aures
1620 3245 1691 3307 ad
1721 3246 2098 3323 audiendum,

2205 3238 2255 3304 ιΟ
2314 3244 2460 3326 ἔχων
2516 3246 2628 3301 ὦτα
2669 3244 2901 3319 ἀκούειν,
2935 3244 3189 3303 ἀκουέτω.
3227 3266 3255 3297 ι
3293 3244 3392 3300 Καὶ
3435 3243 3568 3309 αὕτη
3595 3244 3630 3309 ἡ
3661 3264 3837 3320 παρα-

467 3339 686 3400 audiat.
714 3361 736 3394 ιι
766 3338 837 3399 Ει
865 3337 989 3398 haec
1022 3334 1297 3416 parabole
1325 3338 1499 3395 docet
1540 3354 1646 3395 nos
1678 3354 1751 3396 ne
1780 3336 1966 3398 simus
1997 3339 2099 3399 du-

2206 3333 2330 3402 Ξολή
2372 3332 2601 3390 διδάσκει
2648 3334 2791 3408 ἡμᾶς
2835 3336 2913 3409 μὴ
2972 3331 3231 3413 διψύχους
3274 3332 3442 3412 εἶναι,
3502 3329 3637 3407 μηδὲ
3688 3332 3838 3409 σαρκῖ

474 3426 610 3507 plici
646 3425 872 3505 animo,
899 3443 1091 3504 neque
1122 3424 1286 3485 carni
1309 3433 1368 3483 et
1394 3427 1513 3486 Deo
1541 3424 1982 3487 adhaereamus:
2010 3426 2106 3486 sed

2206 3426 2284 3481 mi
2339 3430 2455 3497 Θεῷ
2496 3421 2871 3498 προσηλῶσθαι
2904 3437 2919 3452 ⁸
2984 3420 3105 3477 ἀλλ’
3155 3424 3199 3478 εἰ
3257 3420 3546 3498 μέλλοιμεν
3572 3423 3661 3477 τὸν
3705 3422 3838 3477 κατά

471 3514 521 3576 si
545 3514 818 3575 volumus
843 3514 1060 3575 bellum
1082 3522 1287 3573 contra
1310 3512 1597 3588 malignos
1617 3512 1918 3574 daemones
1934 3516 2103 3575 susci-

2208 3520 2302 3569 τῶν
2359 3516 2607 3590 πονηρῶν
2674 3509 2944 3587 δυνάμεων
3006 3511 3241 3587 πόλεμον
3299 3510 3541 3590 ἄρασθαι,
3602 3509 3840 3590 προσφέ-

476 3621 639 3685 pere,
685 3614 745 3661 ut
778 3604 1038 3663 feramur
1066 3602 1127 3662 in
1159 3618 1262 3661 eos
1316 3609 1592 3678 tanquam
1647 3600 1867 3681 hostes,
1911 3610 1969 3662 et
2000 3603 2108 3664 illis

2210 3602 2374 3677 aéollai
2418 3600 2603 3663 αὐτοῖς
2650 3602 2724 3663 ὡς
2783 3599 3025 3680 ἐχθροῖς,
3084 3601 3169 3679 κρὶ
3210 3598 3423 3667 ἀληθῶς
3454 3599 3842 3678 ἀντιπαρατάτ-

472 3709 607 3752 vere
629 3690 1004 3751 obluctemur
1035 3690 1157 3751 Rex
1179 3688 1358 3765 igitur
1369 3696 1455 3748 est
1470 3696 1525 3748 et
1540 3697 1841 3767 peccatum
1860 3707 2104 3769 regnan:

2205 3693 2375 3746 τεσθαι
2435 3690 2687 3752 Βασιλεὺς
2744 3689 2842 3764 μὶν
2891 3690 2980 3746 οὖν
3022 3688 3132 3746 ἐστι
3189 3690 3277 3745 καὶ
3333 3690 3370 3757 ἡ
3429 3688 3655 3768 ἁμαρτία
3683 3688 3837 3765 βασι-

474 3780 535 3840 in
560 3778 791 3840 mortali
812 3788 1018 3838 nostro
1042 3796 1318 3855 corpore,
1340 3776 1389 3835 si
1418 3775 1564 3837 illud
1585 3776 1968 3841 admittimus.
1999 3780 2106 3842 Re)

2209 3779 2423 3837 λεύουσα
2452 3779 2505 3835 ὲν
2535 3787 2612 3855 τῷ
2640 3780 2816 3853 θνητῴ
2845 3778 3051 3854 σώματι
3093 3780 3249 3854 ἡμῶν
3305 3784 3411 3834 τῶν
3462 3775 3841 3857 παραδεχομέ-

477 3868 653 3930 etiam
682 3876 740 3928 et
762 3866 997 3929 animus
1020 3874 1221 3926 noster
1242 3862 1514 3926 conditus
1536 3873 1647 3928 est.
1670 3868 1758 3929 Ne
1778 3866 2109 3944 igitur,cum

2211 3891 2307 3925 νων
2362 3870 2526 3940 αὐτήν
2558 3887 2578 3907 ο
2627 3867 2874 3945 βασιλεὺς
2923 3866 2977 3924 δὲ
3005 3869 3093 3927 καὶ
3127 3871 3155 3924 ὁ
3184 3870 3302 3931 νοῦς
3330 3869 3485 3943 ἡμῶν
3515 3867 3748 3934 ἐκτίσθη.
3786 3871 3843 3926 Εἰ

476 3956 881 4017 resistendum
908 3966 995 4016 est
1021 3953 1754 4034 peccato.pusillanimiter
1775 3956 1917 4019 illud
1934 3957 2108 4039 impu«

2212 3960 2376 4015 τοίνυν
2432 3958 2677 4034 μέλλοιεν
2733 3956 3038 4024 ἀντιστῆναι
3123 3963 3191 4034 τῇ
3248 3957 3497 4036 ἁμαρτίᾳ,
3557 3957 3844 4035 ὀλοψύχως

479 4053 640 4124 gnet.
664 4044 868 4108 Gravis
891 4044 1050 4105 enim
1079 4051 1135 4104 et
1154 4042 1441 4106 terribilis
1464 4052 1549 4103 est
1572 4044 1701 4122 eius
1725 4047 2043 4121 exercitus,
2069 4057 2111 4108 el

2214 4046 2506 4124 πολεμείτω
2559 4047 2713 4123 αὐτῇ.
2772 4049 2952 4111 Δεινὸς
2996 4047 3096 4127 γὰρ
3139 4050 3168 4102 ὁ
3223 4048 3444 4124 στρατὸς
3501 4046 3698 4111 ταύτης
3758 4047 3846 4101 καὶ

482 4134 672 4214 major
702 4144 757 4192 et
790 4132 1170 4193 numerosior
1224 4131 1461 4193 videtur
1509 4150 1683 4212 quam
1738 4152 1844 4195 nos
1893 4154 2114 4198 sumus.

2216 4134 2450 4217 poGspbc,
2483 4141 2570 4193 καὶ
2599 4136 2793 4211 μείζων
2835 4137 2922 4192 καὶ
2964 4134 3161 4192 πλείων
3202 4132 3352 4191 δοκεῖ
3399 4136 3551 4209 ἡμῶν
3586 4152 3600 4166 ⁸
3662 4137 3707 4190 οἱ
3748 4134 3848 4212 γὰρ

482 4223 713 4302 Quippe
733 4220 1037 4283 daemones
1050 4229 1184 4281 sunt
1202 4221 1418 4283 milites
1435 4221 1787 4301 peccati,qui
1807 4234 2114 4286 censentur

2210 4225 2452 4303 δαίμονες
2498 4230 2813 4305 στρατιῶται
2862 4226 2961 4292 τῆς
3010 4223 3292 4303 ἁμαρτίας,
3351 4225 3403 4280 οἳ
3457 4221 3698 4279 δοκοῦσιν
3754 4221 3842 4278 εἴ-

483 4311 683 4389 vingiti
708 4311 892 4373 millia
915 4319 1123 4372 contra
1146 4317 1347 4371 nostra
1369 4311 1576 4371 decem
1613 4311 1827 4374 millia.
1853 4315 1999 4375 Nam
2032 4314 2115 4375 in-

2214 4338 2327 4374 κοσι
2385 4314 2643 4396 χιλιάδων
2686 4315 2904 4394 ἀριθμὸν
2959 4312 3200 4393 ἐπέχειν,
3242 4313 3371 4391 πρὸς
3416 4309 3541 4368 δέκα
3598 4308 3846 4391 χιλιάδας

482 4399 760 4481 corporei
781 4408 1009 4474 sunt,et
1028 4407 1288 4479 pugnant
1308 4408 1515 4459 contra
1538 4418 1646 4460 nos
1668 4401 1770 4480 qui
1797 4400 1857 4461 in
1880 4420 2114 4483 corpore

2217 4405 2469 4484 ἡμετέρας
2505 4424 2520 4439 ⁸
2580 4404 2852 4480 ἀσώματοι
2894 4403 2995 4481 γὰρ
3049 4400 3218 4481 ὄντες,
3277 4402 3364 4457 καὶ
3420 4401 3550 4473 πρὸς
3594 4400 3713 4464 τοὺς
3760 4399 3849 4454 ἑν-

485 4507 711 4569 sumus,
763 4498 821 4549 et
876 4489 1161 4568 majorem
1214 4489 1486 4548 virtutem
1549 4487 1769 4550 habere
1823 4490 2117 4556 videntur.

2216 4496 2489 4571 σωμάτους
2546 4495 2692 4569 ἡμᾶς
2746 4491 3168 4572 συγκρινόμενοι,
3246 4488 3461 4546 πλείονα
3528 4489 3628 4556 τὴν
3694 4489 3848 4567 lcrva

485 4577 760 4651 Quamvis
777 4582 976 4639 autem
997 4576 1310 4638 videantur
1330 4576 1741 4649 fortiores,nos
1762 4586 1955 4640 tamen
1976 4582 2117 4642 resi-

2215 4585 2449 4641 δοκοῦσιν
2500 4584 2650 4662 ἔχειν
2686 4597 2701 4612 ·
2758 4603 2858 4659 κεν
2906 4580 2994 4638 οὖν
3042 4577 3266 4637 δοκῶσιν
3315 4580 3671 4658 ἰσχυρότεροι,
3729 4576 3847 4633 ἀλλ’

487 4677 651 4729 stere
677 4668 1025 4747 poterimus.
1040 4665 1141 4726 «In
1160 4665 1282 4727 Deo
1302 4666 2001 4748 enim,inquit,faciemus
2020 4671 2119 4731 Vir-

2215 4678 2374 4750 ἡμεῖς
2404 4672 2662 4749 δυνάμεθα
2694 4672 3254 4751 ἀντιπαρατάσσεσθαι·
3295 4692 3323 4725 α
3346 4666 3447 4726 Ἕν
3476 4676 3552 4744 τῷ
3582 4674 3697 4743 Θεῷ
3726 4669 3847 4746 γὰρ,

490 4764 670 4817 tutem
688 4754 741 4804 τί
769 4776 821 4836 ;»
848 4764 946 4845 et:
973 4779 999 4809 α
1028 4754 1317 4845 Dominus
1335 4754 1690 4845 illuminatio
1716 4774 1869 4837 mea,
1892 4768 1950 4818 et
1971 4759 2122 4820 salus

2219 4767 2363 4845 φησὶ,
2411 4764 2705 4838 ποιήσομεν
2746 4754 2964 4835 δύναμιν
2999 4777 3012 4793 ο
3052 4782 3077 4814 a
3111 4760 3200 4815 καί
3231 4774 3245 4789 ⁸
3286 4777 3317 4817 ε
3350 4759 3537 4837 Κύριος
3580 4758 3851 4837 φωτισμός

492 4862 643 4917 mea,
678 4862 855 4923 quem
891 4844 1111 4905 timebo
1134 4843 1164 4903 ἱ)
1191 4842 1252 4905 Si
1284 4842 1666 4905 constiterint
1694 4845 2009 4908 adversum
2036 4866 2124 4908 me

2219 4842 2316 4928 μου
2349 4842 2459 4908 καὶ
2516 4852 2705 4930 Σωτήρ
2736 4871 2864 4925 μου,
2895 4849 3012 4906 τίνα
3060 4845 3431 4928 φοϐηθήσομαι
3467 4867 3483 4928 ς
3520 4846 3643 4905 Ἐἀν
3676 4866 3851 4925 παρα-

489 4942 827 5007 castra,non
851 4933 1083 4993 timebit
1102 4949 1205 4995 cor
1229 4950 1427 4993 meum
1453 4931 1533 4992 72.
1550 4934 1720 4993 »402
1744 4932 1915 4996 Dedit
1935 4944 2121 4998 autem

2221 4940 2430 5009 τάξηται
2462 4939 2541 4997 ἐπ’
2581 4939 2677 5015 ἐμὲ
2721 4935 3055 5016 παρεμϐολὴ,
3082 4938 3141 4994 οὗ
3186 4934 3546 5017 φοϐηθήσεται
3586 4935 3617 5003 ἢ
3672 4933 3853 5015 καρδία

491 5022 665 5083 nobis
693 5023 875 5094 Deus,
903 5022 1004 5101 qui
1054 5031 1294 5102 propter
1325 5041 1432 5082 nos
1464 5023 1799 5084 incarnatus
1824 5030 1935 5098 est,
1968 5035 2123 5105 pote-

2218 5052 2341 5106 μου.
2395 5051 2421 5086 ε
2469 5028 2673 5085 Δέδωκε
2703 5025 2756 5082 δὲ
2787 5029 2923 5102 ἡμῖν
2964 5026 3177 5090 πάντως
3220 5028 3249 5081 ὁ
3280 5027 3566 5105 σαρκωθεὶς
3595 5023 3662 5081 δι’
3710 5025 3850 5100 ἡμᾶς

492 5120 699 5173 statam
726 5111 995 5172 calcandi
1018 5129 1203 5189 super
1231 5128 1468 5172 omnem
1505 5112 1776 5172 virtutem
1804 5111 2032 5176 inimici
2047 5116 2124 5181 75.

2222 5121 2347 5183 θεὸς
2400 5122 2593 5175 πατεῖν
2651 5116 2736 5174 ἰπὶ
2764 5122 2937 5173 πᾶσαν
2979 5115 3078 5183 τὴν
3121 5113 3338 5191 δύναμιν
3380 5124 3473 5174 τοῦ
3513 5114 3727 5195 ἐχθροῦ.
3765 5114 3854 5168 Διὸ

493 5200 723 5262 Idcirco
746 5212 802 5261 el
830 5202 1110 5279 quoniam
1135 5200 1195 5261 in
1221 5218 1399 5261 carne
1418 5200 1774 5261 exsistentes
1793 5220 1909 5262 non
1930 5221 2125 5266 carna-

2219 5210 2303 5265 καὶ
2357 5204 2541 5274 ἐπειδὴ
2584 5205 2637 5261 ἒν
2688 5206 2838 5284 σαρκὶ
2880 5202 3050 5284 ὄντες,
3084 5205 3141 5261 ού
3183 5204 3406 5279 σαρκικὰ
3448 5203 3587 5261 ὃπλα
3632 5203 3851 5283 ἔχομεν,

494 5291 572 5351 lia
592 5306 767 5351 arma
788 5289 1098 5362 habemus,
1118 5289 1351 5351 etiamsi
1373 5289 1581 5351 decem
1614 5289 1800 5350 millia
1828 5290 2126 5355 videamur

2221 5296 2315 5355 κᾶν
2369 5295 2495 5354 δέκα
2538 5292 2787 5377 χιλιάδας
2843 5291 3091 5373 δοχῶμεν
3136 5291 3309 5373 ἔχειν,
3353 5290 3437 5349 διὰ
3474 5294 3536 5349 τὸ
3567 5292 3621 5349 ἕν
3650 5292 3853 5367 σώματι

499 5379 739 5453 habere,
774 5395 844 5438 eo
875 5377 1034 5458 quod
1067 5378 1127 5439 in
1170 5396 1419 5458 corpore
1451 5396 1694 5454 sumus;
1728 5387 1786 5440 et
1817 5379 1900 5440 illi
1933 5382 2131 5462 viginti

2225 5388 2383 5461 εἶναι,
2446 5387 2659 5443 ἐκείνων
2717 5383 2891 5440 εἴκοσι
2939 5380 3199 5461 χιλιάδων
3244 5380 3410 5438 ὄντων
3440 5379 3524 5461 διὰ
3552 5383 3613 5437 τὸ
3642 5380 3857 5456 ἀσώμα-

500 5466 705 5540 millia,
738 5484 807 5527 eo
838 5466 994 5546 quod
1026 5468 1393 5549 incorporeaa
1423 5477 1647 5529 naturae
1675 5475 1811 5529 sunt
1838 5489 1851 5531 :
1876 5458 2132 5536 attamen

2226 5501 2308 5535 τον
2356 5458 2452 5544 τῆς
2511 5475 2739 5555 φύσεως,
2789 5458 3155 5548 ὅμως-’λέγειν
3211 5458 3521 5551 ὀφείλομενΔ
3552 5488 3583 5531 ε
3612 5470 3801 5548 Κύριος
3831 5470 3858 5524 ὃ

582 5628 643 5675 τυ
668 5626 691 5689 l
720 5626 855 5688 Cor.
884 5641 973 5705 ιιι,
1008 5629 1105 5689 ιι.
1192 5630 1241 5676 Ἡ
1286 5628 1437 5691 Psal.
1470 5646 1590 5704 ιιι,
1626 5632 1693 5692 14
1804 5630 1865 5681 7³
1904 5634 2053 5697 Psal.
2091 5654 2248 5715 xxvi,
2277 5648 2331 5701 l.
2421 5636 2483 5686 73
2514 5619 2743 5708 Lucis,
2778 5632 2875 5695 l9.
