4132 6298
299 428 426 492 945

1020 424 1460 497 ENARRATIO
1506 435 1586 496 IN
1633 432 2139 498 EVANGELIUM
2187 435 2424 496 LUC/It].
2473 465 2549 477 -—
2594 436 2755 498 CAP.
2806 437 2934 497 XV.

3564 430 3683 495 946

308 564 437 627 Θεός
472 585 595 639 μου,
627 563 836 640 δύναμίς
869 582 996 641 μου⁸
1040 589 1063 622 ι
1119 569 1204 622 καὶ
1265 565 1529 641 μηδέποτε
1575 569 1957 648 εἰρηνεύσωμεν

2055 573 2241 636 licere
2273 575 2603 638 debemus:
2649 604 2670 631 «
2723 578 3005 640 Dominus
3053 579 3212 642 Deus
3264 598 3454 658 meus,
3499 578 3680 638 virtus

313 655 443 731 πρὸς
486 655 584 719 τήν
623 655 908 731 ἁμαρτίαν,
940 654 1069 734 ὅπερ
1120 655 1229 712 ἐστὶ
1273 655 1596 725 δουλωθῆναι
1625 672 1743 720 τοῖς
1787 659 1955 714 πάθε-

313 763 398 796 σιν
429 757 442 770 ⁸
491 740 629 798 ἀλλά
681 743 886 816 μᾶλλον
944 744 1270 820 ἀντίστῶμεν
1323 746 1504 809 αὐτοῖς
1560 748 1647 803 καὶ
1702 745 1958 802 ἄσπονδον

311 844 472 905 μῖσος
519 833 649 910 πρὸς
694 832 826 888 αὗτά
885 831 1274 909 ἀναδεξώμεθα,
1325 833 1492 908 μηδὲν
1541 835 1780 898 θέλοντες
1815 834 1961 915 ἔχειν

311 928 419 976 τῶν
489 928 578 976 τοῦ
628 919 829 996 κόσμου
885 922 1158 1000 ἐμπαθῶν,
1205 921 1324 978 ἀλλ’
1378 925 1797 999 ἀποτασσόμενοι
1854 932 1962 980 πᾶ-

314 1031 398 1063 σιν
441 1024 454 1037 ⁸
519 1009 599 1064 ὅτι
655 1015 714 1069 0-3
773 1008 982 1066 δύναται
1039 1017 1261 1086 Χριστοῦ
1317 1012 1458 1069 εἶναι
1510 1015 1754 1088 μαθητὴς
1801 1017 1828 1069 ὂ
1887 1015 1962 1088 μὴ

319 1098 758 1174 ἀποτασσόμενος
814 1107 995 1174 πᾶσιν,
1043 1098 1162 1156 ἀλλ’
1205 1103 1483 1180 είρηνεύων
1523 1102 1653 1182 πρός
1700 1126 1815 1159 τινα
1858 1106 1962 1158 τῶν

317 1188 374 1244 ἐν
418 1190 495 1262 τῷ
538 1189 726 1265 κόσμῳ
781 1188 1164 1269 ψυχοόλαϐῶν.
1226 1182 1282 1248 Ὀ
1315 1192 1412 1270 γὰρ
1441 1199 1664 1269 Χριστοῦ
1694 1194 1958 1271 μαθητὴς,

315 1275 443 1341 ὅλας
502 1278 707 1358 ὀφείλει
767 1279 935 1352 εἶναι,
983 1280 1040 1336 οὗ
1091 1281 1251 1354 μόνον
1305 1282 1460 1346 αὐτὸς
1504 1281 1695 1359 ἀγαθὸς
1727 1281 1824 1354 ὢν,
1874 1283 1960 1336 καὶ

319 1367 508 1432 κακίας
538 1366 832 1448 ἀμέτοχος,
878 1366 1012 1424 ἀλλά
1070 1370 1157 1424 καὶ
1200 1366 1380 1433 ἄλλοις
1425 1368 1764 1444 μεταδοτικὸς
1822 1370 1958 1448 ἀγα-

311 1457 533 1522 θότητος
570 1475 584 1490 ·
634 1463 870 1513 τοιοῦτον
925 1457 1022 1534 γὰρ
1065 1457 1126 1512 τὸ
1181 1455 1310 1523 ἅλας
1344 1474 1358 1489 ⁸
1424 1458 1550 1516 αὐτό
1606 1478 1662 1513 τε
1723 1457 1961 1523 ἄσηπτον

315 1544 474 1617 μένον
529 1546 616 1600 καὶ
668 1542 920 1619 ἀϐλαϐὲς,
983 1546 1069 1601 καὶ
1122 1544 1273 1618 ἕτερα
1325 1543 1663 1626 διαφυλάττει
1723 1547 1956 1625 ἄσηπτα,

314 1631 404 1694 οἷς
456 1632 517 1686 ἃν
568 1632 778 1708 μεταδῷ
821 1639 919 1700 τῆς
973 1633 1286 1700 ποιότητος.
1328 1632 1452 1692 Ἐὰν
1480 1632 1623 1690 δὲτὸ
1664 1634 1794 1701 ἅλας
1822 1634 1959 1690 ἀπο-

314 1719 453 1798 ϐάλῃ
507 1723 604 1790 τὴν
657 1723 848 1778 οἰκείαν
907 1723 1083 1802 φύσιν,
1143 1723 1420 1801 ἄχρηστον
1489 1723 1664 1790 πάντη
1693 1795 1704 1803 _
1736 1726 1956 1803 γίνεται,

315 1795 437 1866 οὔτε
494 1813 566 1874 εἰς
612 1817 736 1889 γῆν,
783 1795 1002 1876 οὒτεεῖς
1045 1795 1266 1884 κοπρίαν
1318 1811 1520 1868 εὔθετον
1550 1811 1630 1874 ὅν,
1669 1795 1759 1870 "0‘
1788 1811 1842 1868 δὲ
1874 1795 1958 1868 λέί

315 1921 421 1978 γει,
482 1903 718 1957 τοιοῦτόν
801 1899 938 1957 ἐστιν
971 1916 987 1934 ⁸

322 1987 592 2068 ὠφέλιμον
647 1991 734 2044 καὶ
789 1990 1062 2067 ἀρτδτικὸν
1119 1989 1374 2066 βούλομαι
1445 1990 1608 2065 εἶναι,
1674 1990 1734 2046 οὗ
1804 1991 1964 2058 μόνον

321 2080 413 2133 τὸν
466 2076 802 2142 διδασκαλίας
850 2077 1086 2158 χάρισμα
1135 2078 1617 2159 ἑγκεχειρισμένον,
1663 2083 1770 2136 οἷοι
1827 2080 1963 2146 ἦσαν

320 2168 367 2222 οἱ
427 2165 738 2241 ἀπόστολοι,
812 2169 899 2223 καὶ
953 2165 1280 2248 διδάσκαλοι,
1354 2169 1442 2225 καὶ
1499 2167 1767 2242 ποιμένες,
1826 2166 1962 2223 ἀλλὰ

317 2257 406 2311 καὶ
449 2257 570 2319 τοὺς
614 2255 834 2320 λαῖίκοὺς
889 2255 1076 2322 αὐτοὺς
1140 2258 1462 2336 χρησίμους,
1522 2258 1609 2314 καὶ
1666 2255 1961 2337 ἐπωφελεῖς

319 2359 441 2407 τοῖς
473 2344 699 2412 πλησίον
730 2346 940 2402 ἀπαιτῶ
969 2348 1138 2406 εἶναι.
1173 2346 1296 2404 Ἐὰν
1327 2345 1381 2402 δὲ
1429 2349 1457 2403 6
1498 2346 1709 2420 μέλλων
1760 2347 1962 2425 ἐτέρους

321 2435 581 2515 ὠφελεῖν,
642 2438 797 2500 αὐτὸς
852 2436 1103 2513 ἀδόκιμος
1186 2439 1430 2517 γένηται,
1488 2441 1576 2496 καὶ
1642 2442 1804 2514 ἓκστῇ
1866 2445 1965 2505 τῆς

325 2526 698 2604 προσηκούσης
758 2533 834 2600 τῷ
890 2533 1183 2604 Χριστιανῷ
1229 2528 1622 2601 καταστάσεως,
1654 2528 1770 2584 οὒτε
1823 2529 1967 2607 ὠφε-

322 2614 508 2684 λῆσαι,
557 2613 674 2670 οὔτε
730 2613 1069 2692 ὠφεληθῆναι
1116 2613 1416 2686 δυνήσεται,
1479 2637 1503 2671 α
1554 2615 1682 2674 Οὔτε
1741 2618 1838 2694 γὰρ
1896 2619 1969 2678 εἰς

319 2704 445 2780 γῆν,
514 2704 695 2781 φησὶν,
743 2702 860 2760 οὔτε
891 2705 964 2768 εἰς
1007 2705 1228 2781 κοπρίαν
1287 2703 1492 2761 εὔθετόν
1521 2703 1686 2767 ἐστιν.
1727 2728 1749 2760 ι
1791 2707 1966 2761 Λὶνίτ-

320 2814 466 2847 τεται
510 2789 565 2847 δὲ
596 2789 681 2846 διὰ
725 2792 822 2866 μὲν
865 2791 962 2858 τῆς
992 2794 1095 2870 γῆς
1125 2795 1186 2848 τὸ
1215 2791 1605 2872 ὠφελούμενον,
1651 2790 1734 2849 διὰ
1773 2791 1826 2848 δὲ
1870 2799 1968 2861 της

329 2881 550 2958 κοπρίας
604 2883 664 2936 τὸ
719 2879 979 2960 ὠφελοῦν.
1043 2881 1135 2937 Διό
1193 2884 1265 2946 ὡς
1324 2884 1462 2957 μήτε
1516 2882 1758 2962 ὠφελῶν,
1831 2885 1968 2958 μήτε

325 2969 689 3048 ὠφελουμένος
760 2965 1063 3036 ἀπόϐλητος
1143 2971 1317 3038 πάντη
1399 2971 1486 3027 καὶ
1568 2970 1914 3049 ἀπορριπτέος
1949 2987 1964 3002 ⁸

325 3060 437 3115 ἐπεὶ
494 3057 549 3114 δὲ.
609 3061 877 3124 σκοτεινὸς
933 3061 1022 3115 καὶ
1078 3057 1435 3138 παραϐολικός
1465 3062 1493 3116 6
1523 3060 1679 3138 λόγος
1725 3063 1816 3133 ἦν,
1862 3059 1968 3114 διε-

1053 1900 1195 1978 Ἐγὼ
1249 1902 1347 1976 μὲν
1418 1901 1591 1960 πάντα
1650 1888 2019 1980 ΧριστιανὸνΒ

2041 682 2173 724 mea
2201 683 2213 726 :
2243 665 2623 745 anullamque
2649 686 2904 749 unquam
2924 687 3057 729 cum
3089 677 3330 748 peccato
3357 667 3680 730 habeamus

2045 774 2272 833 pacem,
2303 757 2358 817 id
2384 758 2538 837 quod
2564 759 2887 819 estservire
2907 759 3336 838 affectionibus,
3366 759 3472 820 sed
3493 757 3680 837 magis

2046 849 2396 906 rusistamus
2419 845 2596 927 eis,et
2628 849 3012 908 ostendamus
3036 848 3226 910 nullas
3251 867 3381 910 esse
3412 846 3680 908 inducias

2046 934 2314 995 odiorum
2350 953 2487 1013 erga
2523 935 2877 1015 illas,neque
2896 937 3114 998 habere
3131 937 3382 999 velimus
3405 936 3680 1016 concupi-

2045 1023 2274 1084 scibilia
2294 1025 2519 1098 mundi,
2542 1024 2644 1086 sed
2670 1027 3078 1086 renuntiemns
3110 1025 3678 1106 omnibus,’quando-

2046 1112 2285 1192 quidem
2317 1132 2432 1174 non
2467 1123 2659 1191 potest
2681 1114 3008 1193 discipulus
3029 1115 3246 1176 Christi
3277 1114 3538 1194 esse,qui
3563 1131 3680 1174 non

2046 1201 2346 1261 renuntiat
2363 1201 2776 1275 omnibus,sed
2797 1221 2996 1282 pacem
3014 1203 3189 1265 habet
3213 1222 3345 1264 cum
3369 1203 3603 1282 bisque:
3623 1203 3682 1262 in

2046 1289 2157 1349 hoc
2191 1290 2411 1350 mundo
2443 1291 2671 1350 animas
2711 1291 2927 1352 damno
2961 1292 3244 1354 afﬁciunt.
3295 1291 3509 1354 Christi
3545 1307 3686 1352 sane

2045 1375 2368 1456 discipulus
2409 1378 2491 1438 sal
2533 1397 2663 1438 esse
2694 1379 2892 1453 debet,
2938 1399 3054 1440 non
3095 1381 3286 1442 solum
3328 1381 3455 1457 ipse
3497 1380 3686 1441 bonus

2047 1467 2339 1525 exsistens
2363 1475 2420 1526 et
2443 1467 2681 1527 malitiae
2705 1485 2938 1547 expers,
2969 1470 3072 1530 sed
3108 1478 3165 1530 et
3187 1469 3317 1529 aliis
3353 1468 3683 1528 communi-

2047 1571 2186 1613 cans
2213 1553 2561 1616 bonitatem.
2588 1557 2669 1616 Ita
2690 1556 2848 1618 enim
2872 1575 2936 1617 se
2959 1557 3136 1619 habet
3159 1559 3264 1619 sal.
3292 1557 3488 1636 Ipsum
3522 1558 3679 1618 enim

2044 1660 2176 1701 cum
2205 1651 2438 1704 maneat
2460 1644 2707 1704 illaesum
2733 1653 2794 1706 et
2824 1644 3254 1726 incorruptum,
3297 1646 3410 1706 alia
3445 1661 3682 1725 quoque

2043 1748 2275 1791 servare
2309 1731 2460 1793 valet
2493 1751 2567 1794 ne
2585 1735 3282 1814 corrumpantur,quibus
3307 1753 3471 1794 suam
3495 1733 3682 1813 quali-

2044 1825 2220 1879 tatem
2247 1821 2667 1882 communicat.
2699 1823 2772 1882 At
2793 1824 2839 1882 si
2858 1831 3125 1884 naturam
3150 1842 3316 1885 suam
3341 1825 3424 1884 sal
3446 1822 3678 1900 abjece-

2047 1909 2138 1968 rit.
2166 1909 2407 1970 omnino
2432 1911 2640 1972 inutile
2660 1919 2770 1992 est,
2793 1930 2984 1992 nequc
3017 1922 3190 1974 terra;
3216 1931 3409 1993 neque
3429 1913 3678 1973 stercori

2046 1999 2773 2071 accomtnodquuando
2789 2009 2985 2062 autem
3009 2002 3258 2077 dicit,ita
3270 2021 3332 2064 se
3355 2000 3680 2078 habetzEgo

2046 2085 2284 2164 quidem
2313 2105 2550 2148 omnem
2583 2088 2976 2150 Christianum
3015 2090 3218 2151 utilem
3245 2099 3300 2151 et
3323 2089 3567 2151 condire
3588 2107 3683 2150 va-

2046 2174 2264 2234 lentem
2289 2192 2418 2236 esse
2439 2179 2591 2256 volo,
2613 2196 2727 2236 non
2761 2177 2952 2238 solum
2977 2197 3112 2239 eum
3147 2180 3237 2238 cui
3279 2177 3682 2240 concreditum

2047 2264 2298 2325 docendi
2330 2263 2788 2344 donum,quales
2818 2275 2951 2327 sunt
2972 2267 3220 2346 apostoli
3249 2274 3308 2329 et
3333 2267 3610 2328 doctores
3630 2273 3688 2326 et

2050 2354 2446 2430 pastores.sed
2474 2353 2646 2413 etiam
2669 2355 2836 2430 exigo
2862 2364 2924 2416 ut
2948 2355 3080 2416 laici
3101 2354 3214 2432 ipsi
3236 2355 3406 2416 bona:
3425 2353 3606 2431 frugis
3627 2362 3686 2414 et

2051 2440 2224 2501 utiles
2249 2441 2364 2500 sint
2387 2441 2693 2521 proximis.
2719 2441 2846 2505 Jam
2871 2443 2920 2503 si
2945 2443 3286 2522 profuturus
3314 2443 3445 2504 aliis
3474 2460 3685 2522 repro-

2054 2529 2162 2590 bus
2193 2530 2379 2604 ﬁat,et
2399 2549 2433 2589 a
2456 2530 2928 2592 Christianorum
2955 2533 3167 2596 ordine
3197 2533 3689 2612 ejiciatur,neque

2054 2618 2336 2696 prodesse
2361 2637 2551 2698 neque
2578 2620 2892 2681 utilitatem
2919 2640 3132 2702 capere
3156 2623 3395 2701 poterit.
3436 2647 3461 2676 α
3484 2623 3688 2701 Neque

2053 2708 2210 2768 enim
2231 2708 2286 2766 in
2314 2709 2990 2790 terram,inquit,neque
3012 2713 3071 2772 in
3087 2712 3521 2792 sterquilinium
3547 2711 3690 2773 utile

2053 2806 2164 2858 est.
2206 2821 2229 2852 υ
2263 2798 2600 2858 lnsinuatur
2621 2807 2815 2858 autem
2841 2817 2947 2878 per
2962 2808 3176 2861 terram
3199 2801 3353 2880 quod
3375 2800 3686 2861 utilitatem

2053 2886 2264 2964 capiat,
2289 2903 2393 2963 per
2422 2887 2862 2966 sterquilinium
2895 2897 3088 2949 autem
3127 2890 3284 2968 quod
3317 2890 3519 2968 prosit.
3550 2887 3687 2949 Ideo

2051 2972 2318 3052 rejicitur
2340 2982 2395 3035 et
2418 2975 2785 3052 rejiciendus
2807 2985 3203 3057 est,tanquam
3220 2978 3318 3057 qui
3345 2997 3453 3039 nec
3481 2978 3687 3057 prosit,

2053 3082 2161 3123 nec
2187 3062 2494 3122 utilitatem
2529 3061 2834 3142 percipiat.
2875 3067 2942 3124 Et
2977 3066 3254 3146 quoniam
3279 3066 3565 3128 obscurus
3593 3084 3690 3144 pa-

324 3150 510 3226 γείρων
566 3149 688 3210 τοὺς
760 3149 1018 3224 ἀκροατὰς
1082 3151 1110 3205 ὁ
1160 3150 1347 3227 Κύριος
1398 3152 1470 3213 είς
1524 3152 1586 3206 τὸ
1648 3151 1724 3225 μὴ
1785 3148 1965 3230 ἁπλῶς

2055 3150 2468 3230 rabolicusque
2497 3169 2695 3212 sermo
2747 3151 2850 3212 ille
2896 3153 3024 3226 fuit,
3081 3157 3342 3215 excitans
3389 3153 3690 3214 auditores

324 3236 702 3314 παραδέξασθαι
732 3239 793 3293 τὸ
821 3237 975 3315 ῥηθὲν
1008 3239 1124 3315 περὶ
1176 3245 1264 3294 τοῦ
1308 3238 1526 3318 ἅλατος,
1574 3238 1781 3318 φησίν)
1835 3257 1863 3296 (
1912 3229 1970 3295 Ὀ

325 3326 467 3405 ἔχων
520 3329 632 3381 ῶτα
685 3326 916 3400 ἀκούειν,
977 3325 1236 3403 ἀκουέτω,
1287 3349 1310 3384 ι
1349 3325 1492 3384 τοῦτ’
1537 3325 1698 3400 ἔστιν,
1737 3317 1794 3382 ²Ο
1827 3325 1970 3404 ἔχων

326 3416 526 3471 σύνεσιν
596 3413 818 3470 συνιέτω
850 3430 863 3444 ⁸
912 3415 1024 3471 ὦτα
1086 3416 1186 3493 γὰρ
1243 3414 1460 3472 ἐνταῦθα
1521 3416 1618 3483 τὴν
1661 3415 1971 3482 αἰσθητικὴν

325 3503 538 3579 δύναμιν
574 3505 674 3570 τῆς
731 3505 940 3583 ψυχῆς,
1006 3506 1092 3559 καὶ
1129 3508 1228 3572 τὴν
1260 3507 1392 3583 πρὸς
1421 3505 1483 3562 τὰ
1515 3505 1742 3562 συνιέναι
1775 3505 1970 3570 ἑπιτη-

325 3593 568 3658 δειότητα
639 3591 854 3660 νοητέον
885 3640 899 3656 ,
959 3593 1180 3656 ἕκαστος
1251 3594 1338 3650 οὖν
1394 3597 1548 3670 ἡμῶν
1604 3595 1709 3651 τῶν
1771 3600 1971 3650 πιστῶν

324 3682 454 3747 ἅλας
511 3683 671 3755 ἐστὶν,
709 3682 768 3738 ἐκ
798 3685 902 3738 τῶν
929 3683 1079 3740 θείων
1111 3682 1286 3761 λόγων
1328 3685 1415 3740 καὶ
1455 3684 1548 3751 τῆς
1605 3681 1800 3740 ἄνωθεν
1856 3683 1971 3761 χά-

326 3794 465 3850 ριτος
499 3772 689 3838 ταύτην
732 3773 834 3838 τὴν
869 3772 1130 3838 ποιότητα
1173 3770 1504 3849 δεδεγμένος”
1545 3763 1675 3830 ίὈτι
1707 3771 1760 3828 δὲ
1790 3774 1824 3840 ἦ
1859 3771 1970 3850 χά-

329 3885 405 3938 ρις
467 3860 598 3924 ἅλας
631 3861 793 3940 ἐστὶν,
838 3860 994 3918 ἄκουε
1023 3871 1116 3920 τοῦ
1173 3860 1377 3920 Παῦλου
1402 3877 1415 3891 ⁸
1474 3883 1497 3917 (ι
1537 3852 1592 3920 “Ο
1625 3860 1782 3939 λόγος
1825 3863 1970 3936 ὑμῶν

326 3950 464 4006 ἔστω
486 3950 540 4006 ἐν
583 3951 763 4028 ’χάριτι
806 3949 962 4006 ἅλατι
1006 3949 1338 4028 ἠρτυμμένος
1372 3968 1389 3986 ⁶
1434 3969 1459 4007 ι
1503 3952 1575 4014 ὡς
1602 3950 1727 4006 ὅταν
1757 3952 1784 4005 ὁ
1815 3949 1972 4026 λόγος

328 4039 420 4105 εἴη
479 4036 697 4119 ἄχαρις,
743 4036 934 4103 ἀναλος
979 4037 1190 4116 λέγοιτο
1233 4039 1314 4100 ἄν.
1367 4042 1425 4098 Εἰ
1479 4040 1649 4096 τοίνυν
1703 4059 1973 4118 καταφρο-

330 4131 564 4202 νήσομεν
608 4128 703 4196 τῆς
733 4131 838 4184 τῶν
868 4129 1018 4184 θείων
1050 4127 1225 4205 λόγων
1280 4129 1590 4208 ποιότητος,
1638 4128 1726 4185 καὶ
1781 4129 1840 4184 οὐ
1885 4126 1975 4182 δε-

327 4219 535 4296 χόμεθα
577 4217 774 4283 ταύτην
833 4219 905 4279 εἷς
958 4217 1170 4282 ἑαυτοὺς
1220 4219 1308 4274 καὶ
1362 4219 1651 4292 ποιούμεθα
1679 4215 1731 4282 ἒξ
1786 4216 1973 4290 αὐτῆς,

332 4309 445 4362 τότε
504 4307 672 4382 μωροὶ
728 4305 816 4362 καὶ
886 4305 1124 4362 ἀσύνετοι
1171 4307 1448 4384 γινόμεθα,
1495 4307 1583 4361 καὶ
1627 4304 1790 4367 ὅντως
1832 4307 1974 4379 ὶμωο

327 4395 485 4464 ράνθη
543 4396 602 4450 τὸ
658 4394 790 4457 ἅλας
851 4397 1032 4475 ἡμῶν,
1077 4396 1151 4458 ὠς
1197 4395 1277 4470 μὴ
1337 4395 1466 4475 ἔχον
1523 4396 1623 4462 τὴν
1652 4400 1752 4462 τῆς
1785 4394 1980 4452 ἀνωθεν

330 4483 546 4564 χάριτος
575 4484 860 4551 ποιότητα.

957 4583 1206 4640 ΚΕΦΑΛ.
1255 4576 1366 4638 1Ε’.

959 4668 1238 4748 προϐάτων
1315 4666 1619 4747 παραϐολή.
1690 4671 1810 4746 Περὶ
1889 4677 1981 4726 τοῦ

636 4748 1084 4819 ἀποδημήσαντος
1118 4751 1189 4815 εἰς
1223 4749 1406 4829 χώραν
1441 4749 1669 4827 μακράν,

415 4865 442 4895 α
476 4828 639 4900 Ἠσαν
684 4840 738 4898 δὲ
791 4842 1085 4920 ἐγγίζοντες
1157 4828 1301 4915 αὒτῷ
1357 4841 1548 4904 πάρτες
1623 4844 1671 4897 οἱ
1729 4840 1976 4920 τελῶναι,

332 4933 418 4986 καὶ
491 4933 538 4986 οἱ
627 4929 933 5007 ἁμαρτωλοὶ
1010 4931 1217 4987 ἀκούειν
1270 4931 1450 4987 αὐτοῦ’
1507 4931 1594 4985 καὶ
1646 4927 1979 5008 διεγόγγυζον

331 5022 380 5075 οἱ
437 5027 727 5098 Φαρισαῖοι
772 5021 861 5077 καὶ
905 5021 950 5076 οἱ
986 5025 1327 5098 Γραμματεϊς
1358 5015 1624 5096 λέγοντες,
1664 5017 1767 5097 ὅτι,
1820 5022 1979 5082 Οὗτος

335 5108 675 5184 ἁμαρτωλοὺς
734 5107 1092 5189 προσδέχεται
1152 5109 1240 5164 καὶ
1295 5109 1547 5164 συνεσθίει
1592 5111 1796 5170 αὐτοῖς.
1843 5109 1982 5165 Εἴπε

332 5197 384 5252 δὲ
445 5200 574 5276 πρὸς
640 5199 824 5262 αὐτοὺς
882 5199 980 5265 τὴν
1039 5194 1345 5276 παραϐολὴν
1406 5195 1604 5262 ταύτην
1659 5194 1853 5273 λέγων·
1895 5198 1983 5257 Τίς

335 5286 602 5362 ἄνθρωπος
659 5287 711 5352 ἐξ
764 5288 909 5362 ὑμῶν
955 5286 1099 5367 ἔχων
1149 5287 1338 5342 ἑκατὸν
1407 5281 1669 5362 πρόϐατα,
1715 5287 1801 5342 καὶ
1845 5285 1985 5342 ἀπο-

330 5375 488 5438 λέσας
520 5377 574 5432 ἓν
631 5374 682 5441 ἐξ
728 5377 921 5451 αὐτῶν,
967 5376 1027 5432 οὔ
1060 5373 1374 5432 καταλείπει
1427 5373 1493 5428 τὰ
1545 5371 1985 5440 ὲννενηκονταεν-

334 5464 426 5518 νέα
476 5464 528 5519 ἐν
573 5470 640 5540 τῇ
682 5465 888 5542 ἐρήμῳ,
947 5467 1039 5523 καὶ
1090 5465 1364 5535 πορεύεται
1423 5460 1510 5518 ἐπὶ
1563 5463 1625 5518 τὸ
1683 5461 1986 5536 ἀπολωλὸς,

333 4671 452 4748 Περὶ
503 4670 608 4726 τῶν
667 4671 858 4726 ἑκατὸν

419 5643 482 5694 ⁷4
505 5641 733 5706 Coloss.
759 5659 840 5721 tv,
879 5645 944 5712 6.

2003 4445 2044 4494 D

2055 3237 2340 3299 Dominus
2385 3249 2445 3299 ut
2475 3259 2591 3300 non
2624 3240 2976 3320 simpliciter
3005 3244 3327 3323 suscipiant
3366 3243 3586 3303 dictum
3615 3242 3690 3302 de

2055 3327 2376 3402 sale,dicit:
2393 3353 2410 3382 ι
2425 3327 2532 3399 Qui
2554 3328 2728 3389 habet
2748 3348 2922 3391 aures
2943 3332 3014 3392 ad
3036 3331 3645 3405 audiendum,audiat,
3661 3355 3684 3387 υ

2057 3416 2170 3477 hoc
2203 3423 2310 3490 est,
2346 3416 2453 3487 Qui
2485 3417 2663 3478 habet
2711 3418 3105 3500 intellectum,
3138 3420 3444 3499 intelligat.
3499 3423 3691 3480 Aures

2055 3507 2211 3564 enim
2238 3505 2348 3564 hoc
2375 3506 2504 3566 loco
2527 3505 2871 3567 sensitivam
2898 3508 3168 3569 virtutem
3187 3509 3486 3576 animas,et
3507 3508 3577 3568 ad
3604 3508 3688 3567 in-

2059 3593 2442 3671 telligendum
2466 3594 2855 3674 aptitudinem
2885 3597 3236 3676 signiﬁcant.
3252 3597 3474 3659 Omnes
3494 3597 3691 3676 itaque

2057 3683 2263 3743 ﬁdeles
2293 3683 2376 3743 sal
2399 3692 2556 3758 sunt,
2592 3702 2662 3744 ex
2683 3685 2895 3746 divinis
2938 3687 3312 3747 sermonibus
3345 3695 3404 3748 et
3439 3704 3694 3765 superna

2055 3771 2239 3848 gratia
2254 3771 2594 3851 qualitatem
2620 3774 2771 3835 hanc
2799 3775 3221 3854 suscipientes.
3243 3776 3313 3837 Et
3335 3777 3489 3856 quod
3512 3775 3697 3855 gratia

2057 3861 2140 3920 sal
2173 3859 2272 3940 sit,
2324 3860 2463 3920 audi
2511 3859 2756 3921 Paulum
2804 3862 3144 3926 dicentem:
3187 3889 3209 3920 α
3247 3865 3456 3926 Sermo
3504 3871 3696 3925 vester

2059 3949 2133 4008 sit
2153 3950 2210 4008 in
2233 3949 2416 4026 gratia
2435 3950 2555 4010 sale
2577 3951 2850 4012 conditus
2869 3951 2951 4013 74.
2980 3952 3085 4014 »Ει
3115 3955 3192 4015 ita
3222 3953 3270 4014 si
3303 3954 3480 4014 fuerit
3500 3969 3695 4014 sermo

2059 4037 2278 4116 ἄχαρις,
2305 4038 2416 4098 hoc
2429 4047 2537 4110 est,
2565 4038 2696 4100 sine
2717 4040 2932 4118 gratia,
2953 4041 3217 4104 insulsus
3249 4043 3484 4104 dicitur.
3519 4041 3699 4120 Igitur

2060 4127 2110 4185 si
2141 4126 2470 4186 divinorum
2503 4128 2870 4206 eloquiorum
2896 4129 3238 4207 qualitatem
3271 4130 3698 4210 contempseri-

2064 4225 2280 4293 mus,et
2303 4233 2418 4274 non
2449 4215 2890 4295 susceperimus
2913 4236 3040 4278 eam
3065 4220 3124 4278 in
3151 4219 3517 4298 nosejusque
3547 4237 3694 4297 qua-

2064 4303 2227 4365 litate
2253 4303 2604 4374 afﬁciamur,
2639 4312 2778 4366 tunc
2809 4308 2974 4366 stulti
3005 4315 3065 4368 et
3090 4307 3394 4368 intellectu
3427 4314 3697 4367 carentes

2064 4392 2379 4454 efﬁcimur.
2413 4391 2485 4452 Et
2513 4393 2772 4471 profecto
2795 4393 3142 4455 infamatum
3167 4403 3254 4454 est
3283 4394 3370 4456 sal
3404 4401 3693 4466 nostrum,

2063 4481 2112 4541 si
2147 4499 2263 4541 non
2291 4479 2564 4541 habuerit
2592 4501 2864 4561 superna;
2893 4483 3094 4560 gratiae
3126 4483 3494 4563 qualitatem.

2579 4573 2719 4632 4Οὸ
2754 4571 2992 4634 CAPUT
3045 4575 3176 4636 XV.

2067 4661 2361 4725 Parobola
2390 4664 2462 4724 dc
2491 4671 2730 4724 centum
2761 4662 2994 4724 ovibus.
3045 4663 3134 4724 De
3161 4681 3404 4742 peregre
3435 4667 3697 4745 profecto

2460 4745 2530 4803 in
2559 4748 2858 4818 regionem
2894 4745 3310 4823 longinquam.

2147 4836 2328 4898 Vens.
2367 4837 2582 4898 1-1Ο.«
2616 4835 3215 4897 Accedebantautem
3239 4837 3309 4897 ad
3342 4857 3476 4898 eum
3494 4855 3703 4899 omnes

2066 4925 2438 5006 publicaniet
2461 4932 2802 5004 peccatores
2835 4935 2894 4984 ut
2921 4925 3198 4986 audirent
3226 4925 3416 4993 illum.
3444 4934 3500 4986 et
3534 4944 3700 4987 mur-

2066 5014 2376 5076 murabant
2396 5013 2673 5077 Pharisaei
2698 5030 2768 5076 ac
2789 5012 3012 5074 Scribee
3029 5013 3327 5075 dicentes:
3358 5015 3463 5076 Hic
3488 5033 3699 5093 pecca-

2067 5111 2224 5164 tores
2255 5101 2491 5179 recipit,
2525 5120 2590 5162 ac
2641 5102 2837 5162 cibum
2873 5101 3030 5179 capit
3080 5121 3215 5162 cum
3270 5103 3408 5166 illis.
3462 5103 3705 5166 Dicebat

2066 5202 2261 5254 autem
2296 5190 2368 5250 ad
2401 5189 2532 5251 illos
2563 5190 2901 5269 parabolam
2949 5191 3129 5261 hanc,
3159 5191 3367 5254 dicens
3401 5215 3416 5253 :
3449 5192 3593 5264 Quis
3635 5212 3702 5253 ex

2069 5281 2233 5342 vobis
2265 5286 2353 5340 est
2375 5279 2550 5339 homo
2571 5279 2671 5358 qui
2691 5279 2869 5340 habet
2891 5287 3128 5340 centum
3151 5299 3312 5352 oves.
3337 5291 3393 5343 et
3420 5282 3468 5343 si
3503 5282 3703 5361 perdi-

2070 5370 2224 5431 derit
2255 5385 2428 5428 unam
2465 5384 2531 5426 ex
2559 5367 2696 5447 illis,
2727 5386 2925 5428 nonne
2951 5367 3234 5448 relinquit
3264 5372 3578 5450 nonaginta
3606 5390 3706 5431 no-

2073 5479 2200 5531 vein
2235 5460 2290 5519 in
2329 5457 2588 5531 deserto,
2625 5466 2683 5518 et
2713 5457 2868 5516 vadit
2919 5456 2989 5516 ad
3041 5456 3198 5532 illam
3251 5480 3381 5541 quae
3425 5462 3704 5541 perierat,
