4132 6298
465 432 581 496 947

471 665 724 746 imponit
781 669 841 730 in
903 670 1186 732 humeros
1245 689 1382 732 suos
1432 671 1718 750 gaudens,
1751 676 2117 752 veniensque

471 754 737 835 domum,
764 767 1045 820 convocat
1077 760 1302 820 amicos
1337 769 1394 820 et
1429 761 1680 837 vicinos,
1719 762 1924 824 dicens
1953 763 2070 824 illis
2099 787 2114 827 :

470 843 760 919 Gaudete,
811 866 1071 928 mecum,
1129 849 1266 930 quia
1317 849 1515 912 inveni
1565 871 1730 913 ovcm
1767 870 1956 914 meam
1989 871 2120 933 quae

475 934 759 1014 perierat.
794 935 936 999 Dico
978 937 1165 1011 vobis,
1219 939 1373 1018 quod
1437 940 1516 1002 ita
1564 941 1841 1020 gaudium
1893 943 2004 1003 erit
2057 943 2114 1001 in

471 1022 622 1086 cmlo
677 1043 858 1104 super
906 1044 1023 1086 uno
1087 1035 1400 1106 peccatore
1459 1029 1872 1110 resipisccnte,
1934 1030 2118 1109 magis

471 1129 646 1191 quam
681 1131 861 1192 super
895 1116 1212 1193 nonaginta
1242 1134 1452 1177 novem
1493 1118 1693 1196 justis,
1728 1120 1826 1198 qui
1869 1137 1984 1179 non
2018 1118 2115 1179 in-

471 1199 1067 1281 digentpcenitentia.
1103 1203 1225 1262 Ant
1276 1223 1405 1284 qua:
1456 1205 1668 1266 mulier
1717 1207 1943 1268 habens
1973 1208 2114 1268 dra-

471 1288 677 1349 chmas
727 1288 963 1359 decem,
1026 1291 1074 1350 si
1138 1292 1462 1371 perdiderit
1519 1295 1863 1356 drachmam
1912 1315 2113 1372 unam,

473 1394 673 1438 nonne
702 1378 973 1438 accendit
994 1378 1321 1452 lucernam,
1350 1389 1407 1440 et
1437 1384 1621 1443 verrit
1651 1382 1916 1456 domum,
1951 1402 2118 1464 qua-

472 1463 668 1545 ritque
698 1464 1021 1542 diligenter
1049 1467 1240 1529 donec
1264 1468 1568 1532 inveniat?
1599 1480 1656 1534 et
1687 1490 1820 1532 cum
1868 1463 2116 1547 invenit,

471 1563 753 1616 convocat
781 1555 1001 1616 amicas
1031 1574 1100 1616 ac
1128 1557 1372 1629 vicinas,
1409 1558 1615 1620 dicens
1649 1578 1662 1622 :
1701 1561 1964 1622 Gaudete
1989 1580 2116 1623 me-

471 1661 631 1730 cum,
684 1642 822 1722 quia
870 1645 1067 1705 inveni
1105 1645 1444 1707 drachmam
1490 1667 1664 1728 quam
1714 1650 2114 1730 perdideram.

469 1729 556 1792 Ita
584 1730 718 1791 dico
752 1730 937 1805 vobis,
990 1733 1262 1810 gaudium
1321 1734 1432 1794 erit
1475 1754 1672 1798 coram
1722 1729 1962 1816 angelis
2013 1732 2117 1799 Dei

1346 439 1939 504 THEOPHYLACTI
1983 432 2390 501 BULGARI/E
2415 438 2769 504 ARCHIEP.

471 576 662 640 donec
719 578 980 642 inveniat
1031 599 1161 644 eam
1209 588 1235 644 ?
1291 591 1348 644 et
1407 602 1543 644 cum
1602 585 1900 646 invenerit
1953 603 2106 658 eam,

2197 568 2294 634 ἕως
2351 574 2473 652 εῦρη
2533 575 2655 632 αῦτό
2689 592 2704 608 ⁹
2795 579 2880 632 καὶ

3721 435 3840 504 948

2960 577 3124 654 εὒριὶιν
3193 576 3481 640 ἐπιτίθησιν
3567 574 3652 629 ἐπὶ
3722 572 3840 632 τοὺς

2200 658 2377 735 ὤμους
2427 663 2586 720 αῦτοῦ
2629 663 2854 744 χαίρων,
2919 665 3007 722 καὶ
3050 664 3214 722 ἐλθὼν
3248 667 3318 729 εἷς
3347 664 3440 720 τὸν
3497 663 3649 719 οἶκον
3685 665 3844 719 αὐτοῦ

2199 751 2456 828 συγκαλεῖ
2482 755 2605 816 τοὺς
2650 752 2830 833 φίλους
2873 755 2964 810 καὶ
3005 755 3126 818 τοὺς
3157 755 3396 833 γείτονας
3427 751 3600 830 λέγων
3631 751 3839 809 αὖτοῒς⁸

2201 841 2521 920 Συγχάρητέ
2551 866 2664 923 μοι,
2713 843 2793 900 ὅτι
2839 851 2987 921 εῦρον
3029 845 3090 899 τὸ
3132 842 3393 923 πρόϐατόν
3458 865 3558 917 μου
3597 842 3657 898 τὸ
3700 840 3842 895 ἀπο-

2199 925 2421 1008 λωλός;
2483 931 2636 1008 Λέγω
2683 933 2834 1006 ὑμῖν,
2892 932 2972 987 ὅτι
3033 933 3169 991 οὕτω
3224 932 3367 1011 χαρά
3409 934 3464 986 ὶν
3507 937 3583 1003 τῷ
3640 929 3844 1005 οὖρανῷ

2199 1015 2344 1074 ἔσται
2389 1016 2473 1074 ἒπὶ
2526 1019 2604 1075 ἑνὶ
2650 1019 2952 1098 ἁμαρτωλῶ
2997 1025 3360 1096 μετανοοῦντι,
3410 1020 3444 1087 ἢ
3487 1021 3573 1074 επὶ
3623 1021 3844 1083 ἒννενη-

2196 1108 2510 1188 κονταεννέα
2553 1105 2795 1178 δικαίοις,
2845 1108 3043 1174 οἵτινες
3100 1112 3160 1166 οῦ
3213 1111 3397 1188 χρείαθ
3441 1108 3626 1187 ἔχουσι
3673 1128 3842 1181 μετα-

2199 1196 2362 1257 νοίας.
2425 1177 2511 1251 “n
2569 1196 2646 1260 τίς
2703 1199 2835 1275 γυνὴ
2878 1199 3123 1278 δραχμὰς
3169 1177 3368 1278 ἕέξυσα
3417 1177 3563 1275 δέῖα,
3596 1197 3684 1251 ἐὰν
3713 1196 3845 1250 ἀπο-

2200 1281 2328 1360 λέσῃ
2385 1283 2633 1364 δραχμὴν
2682 1287 2828 1362 μίαν,
2891 1287 3015 1366 οὒχὶ
3061 1290 3216 1344 ἅπτει
3274 1287 3494 1367 λύχνον,
3554 1286 3640 1341 καὶ
3685 1297 3845 1362 σαροῖ

2198 1372 2297 1438 τὴν
2357 1375 2545 1449 οἰκίαν,
2606 1377 2692 1431 καὶ
2735 1383 2891 1446 ζητεῖ
2947 1376 3239 1452 ἒπιμελῶς,
3277 1376 3378 1439 ἕως
3405 1376 3528 1431 ὅτου
3561 1374 3705 1452 εὕρῃ,
3753 1374 3845 1428 καὶ

2201 1463 2444 1539 εῦροῦσα,
2491 1462 2751 1538 συγκαλεῖ
2819 1466 2913 1529 τὰς
2972 1465 3124 1543 φίλας
3171 1466 3390 1527 καὶτὰς
3452 1463 3686 1541 γείτονας
3745 1460 3842 1516 λέ-

2200 1571 2366 1627 γουσα
2401 1566 2413 1579 ’
2491 1551 2807 1631 Συγχάρητε
2878 1575 2991 1628 μοι,
3052 1553 3132 1610 ὅτι
3191 1554 3337 1632 εῦρον
3394 1553 3492 1620 τὴν
3563 1551 3839 1630 δραχμὴν,

2203 1636 2264 1704 ἧν
2317 1637 2619 1713 ἀπώλεσας
2679 1641 2828 1698 Οὕτω
2884 1642 3024 1720 λέγω
3081 1643 3236 1718 ὑμῖν,
3283 1643 3426 1722 χαρὰ
3467 1642 3663 1719 γίνεται
3710 1640 3842 1696 ἑνώο

2200 1749 2321 1783 πιον
2383 1735 2488 1783 τῶν
2531 1729 2772 1808 ἀγγέλων
2813 1739 2906 1789 τοῦ
2962 1739 3093 1788 Θεοῦ
3122 1731 3206 1788 ἐπὶ
3238 1732 3311 1788 ἑνὶ
3344 1729 3626 1809 ἁμαρτολῷ
3668 1751 3841 1804 μετα-

471 1838 650 1900 super
681 1839 796 1880 uno
831 1831 1142 1900 peccatore
1173 1823 1586 1903 resipiscente.
1624 1850 1649 1880 ι
1676 1810 1960 1888 Dominus
1991 1829 2116 1909 qui-

2202 1826 2426 1880 νοοῦντι.
2493 1810 2549 1876 Ὀ
2595 1821 2692 1894 μὲν
2737 1823 2920 1900 Κύριος
2963 1822 3138 1878 έκεῖνο
3197 1821 3361 1879 ἐποίει
3407 1822 3466 1877 οῦ
3523 1819 3695 1876 ἕνεκεν
3753 1821 3842 1874 καὶ

471 1908 606 1970 dem
639 1908 784 1968 illud
835 1909 1112 1990 faciebat,
1161 1913 1330 1989 cujus
1381 1913 1565 1991 gratia
1613 1914 1954 1978 incarnatus
2003 1908 2114 1991 est,

469 1997 764 2060 accedens
792 1998 864 2058 ad
911 1999 1257 2078 publicanos
1307 2010 1366 2063 et
1417 2012 1789 2083 peccatores,
1840 2012 2114 2085 tanquam

471 2085 738 2148 medicus
767 2086 840 2147 ad
871 2086 1293 2160 infirmos.Qui
1316 2100 1517 2152 autem
1546 2110 1750 2153 revera
1773 2103 2118 2172 peccatores

469 2183 638 2237 erant
668 2175 975 2256 Pharisaei,
996 2176 1609 2240 obmurmurationem
1640 2189 1815 2243 tanta:
1847 2183 2118 2244 humani-

471 2263 572 2324 tati
602 2263 1035 2343 rependebant.
1087 2264 1535 2327 Abominabiles
1583 2271 1739 2328 enim
1793 2271 2118 2332 censebant

471 2351 838 2431 publicanos,
864 2351 974 2430 ipsi
1007 2361 1204 2413 autem
1236 2353 1449 2414 domos
1477 2354 1785 2417 viduarum
1806 2366 1864 2418 et
1891 2360 2113 2438 orpha-

471 2457 682 2500 norum
715 2439 1130 2500 comedebant.
1169 2440 1324 2511 Quid
1370 2441 1548 2519 igitur
1592 2446 1876 2506 Dominus
1900 2445 1924 2508 ἲ
1952 2448 2116 2509 Sicut

471 2527 814 2588 misericors
842 2536 966 2588 erat
1011 2545 1149 2604 erga
1183 2527 1550 2608 publicanos,
1585 2533 1664 2592 ita
1697 2543 1758 2595 et
1787 2552 1923 2612 erga
1955 2535 2110 2612 illos,

470 2615 567 2697 qui
582 2633 747 2675 suam
770 2615 1280 2677 calumniabantur
1298 2617 1790 2684 misericordiam.
1808 2624 1936 2684 Non
1955 2624 2114 2685 enim

469 2711 777 2766 aversatur
804 2722 911 2766 eos
947 2713 1224 2784 tanquam
1269 2707 1631 2770 insanabiles
1675 2719 1734 2771 et
1763 2711 2114 2775 obmurmu-

469 2799 693 2865 rantes,
730 2792 832 2854 sed
866 2801 1176 2854 mansuete
1226 2804 1416 2869 sanat,
1451 2797 1789 2875 parabolam
1841 2801 1992 2862 hanc
2039 2802 2115 2864 de

469 2879 675 2942 ovibus
706 2881 913 2943 dicens
945 2903 957 2942 :
993 2890 1052 2942 et
1078 2882 1152 2943 de
1199 2883 1526 2946 manifestis
1559 2894 1617 2947 et
1645 2889 1823 2949 certis
1853 2891 1941 2950 eis
1973 2909 2112 2969 per-

469 2970 700 3044 suadet,
755 2981 812 3032 et
854 2970 1117 3031 confutat
1170 2970 1273 3045 ita,
1330 2991 1405 3032 ne
1453 2991 1608 3052 agre
1664 2976 1852 3039 ferant
1896 2987 2111 3041 tantam

469 3057 750 3169 bonitatis
782 3058 1155 3169 effusionem.
1184 3058 1332 3159 l‘iam
1355 3062 1475 3122 siin
1497 3082 1607 3169 ove
1629 3065 2108 3165 unairrationali,
2132 3117 2171 3169 ε

470 3165 604 3227 quae
631 3147 703 3209 ad
736 3147 1059 3227 imaginem
1093 3147 1198 3210 Dei
1231 3167 1348 3210 non
1379 3160 1470 3211 est
1493 3152 1662 3227 facta,
1697 3153 1746 3213 si
1777 3173 1909 3215 cum
1943 3175 2112 3219 erra-

470 3236 638 3310 verit,
667 3236 842 3297 fuerit
861 3237 1120 3312 inventa,
1142 3238 1420 3316 gaudium
1445 3241 1507 3300 fit
1540 3249 1762 3303 tantum
1791 3263 1804 3305 :
1831 3256 2112 3324 quantum

474 3324 799 3386 verisimile
825 3333 918 3386 est
947 3325 1076 3387 fieri
1112 3326 1171 3385 in
1206 3327 1448 3388 homine
1478 3330 1748 3391 rationali
1778 3334 1850 3392 ad
1896 3334 2112 3414 imagi—

473 3431 608 3475 nem
639 3412 744 3474 Dei
775 3413 1057 3474 condito?
1110 3415 1414 3476 Manifesta
1453 3416 1632 3495 igitur
1673 3419 1949 3499 parabola
1990 3412 2115 3486 hac

461 3502 656 3580 justos
688 3501 834 3562 dicit
877 3519 983 3582 per
1029 3520 1168 3564 oves
1217 3503 1542 3580 nonaginta
1596 3526 1849 3584 novem;
1901 3519 1958 3571 et
2013 3530 2118 3590 per

469 3608 646 3651 unam
682 3600 1053 3667 peccatorem
1079 3593 1178 3672 qui
1203 3593 1480 3670 perierat.
1506 3594 1720 3657 Dicunt
1746 3605 1939 3658 autem
1973 3619 2116 3662 non-

471 3679 620 3740 nulli
649 3688 889 3741 centum
925 3698 1063 3741 oves
1085 3698 1324 3740 omnem
1358 3691 1688 3744 creaturam
1724 3686 2113 3751 rationalem:

473 3786 652 3829 unam
684 3775 882 3829 autem
934 3786 1124 3844 ovem,
1162 3769 1468 3832 rationalis
1513 3781 1736 3833 naturae
1783 3775 2111 3848 hominem,

472 3875 647 3936 quam
683 3863 983 3918 errantem
1029 3857 1338 3938 requisivit
1370 3858 1582 3922 Pastor
1633 3861 1844 3936 bonus,
1897 3865 2118 3928 relictis

473 3945 795 4023 nonaginta
819 3962 1028 4007 novem
1052 3944 1112 4006 in
1144 3945 1609 4027 solitudine,hoc
1638 3958 1745 4022 est,
1776 3951 1835 4012 in
1859 3970 2118 4032 superno

473 4034 603 4094 loco
628 4033 879 4096 ccelesti.
912 4033 1180 4096 Solitudo
1200 4035 1357 4096 enim
1386 4045 1477 4097 est
1496 4037 1733 4112 cmlum,
1765 4058 1798 4100 a
1821 4043 2117 4106 mundano

471 4123 726 4184 tumultu
758 4130 1218 4202 sequestratum,
1244 4133 1302 4185 et
1325 4125 1566 4205 plenum
1593 4129 1756 4188 omni
1785 4131 2116 4211 tranquilli-

471 4218 588 4272 tate
623 4229 691 4272 ac
725 4229 886 4291 pace.
932 4211 1220 4273 Dominus
1247 4230 1386 4273 vero
1431 4223 1494 4275 ut
1534 4214 1760 4277 invenit
1804 4219 1958 4279 illam
1990 4240 2121 4301 qua;

472 4308 794 4376 erraverat,
824 4299 1106 4380 imposuit
1134 4300 1196 4361 in
1227 4302 1532 4362 humeros.
1557 4302 1941 4369 Inﬁrmitates
1959 4299 2118 4370 enim

2198 1908 2498 1983 ὶσαρκώθη,
2600 1909 2942 1988 προσιέμενος
3037 1912 3157 1974 τοὺς
3240 1909 3472 1972 τελώνας
3555 1912 3640 1965 καὶ
3722 1908 3844 1972 τοὺς

2198 1996 2568 2075 ἁμαρτωλοὺς,
2656 1999 2727 2060 ὡς
2811 2000 2986 2076 ἰατρὸς
3069 2000 3190 2063 τοὺς
3264 2000 3627 2060 ἀσθενοῦντας·
3689 1999 3736 2052 οἱ
3787 1994 3843 2049 δὲ

2199 2084 2505 2163 ἁμαρτωλοὶ
2553 2092 2630 2159 τῷ
2686 2083 2793 2142 ὄντι
2846 2094 3129 2162 Φαρισαῖοι
3172 2093 3462 2166 γογγυσμῷ
3503 2087 3601 2153 τὴν
3658 2089 3844 2164 φιλαν-

2198 2174 2430 2250 θρωπίαν
2482 2174 2681 2238 ταύτην
2739 2173 3021 2249 ἧμεὶϐοντο
3056 2192 3070 2205 ·
3145 2175 3451 2251 βδελυκτοὺς
3519 2177 3617 2253 γὰρ
3668 2173 3839 2251 ἡγού-

2200 2282 2351 2334 μενοι
2405 2262 2525 2324 τοὺς
2583 2261 2842 2337 τελώνας,
2896 2268 3042 2322 αὐτοὶ
3070 2266 3163 2327 τὰς
3195 2265 3358 2328 οἰκίας
3390 2268 3493 2320 τῶν
3523 2263 3711 2343 χηρῷν
3754 2264 3841 2317 καὶ

2197 2353 2304 2402 τῶν
2361 2349 2605 2426 ὀρφανῶν
2648 2351 2957 2419 κατήσθιον,
3019 2352 3078 2409 Τί
3134 2353 3221 2408 οῦν
3264 2356 3291 2408 6
3339 2341 3534 2431 Κύριος
3552 2341 3576 2424 ﬁ;
3624 2341 3840 2431 υΩσττερ

2195 2437 2327 2513 πρὸς
2377 2438 2496 2498 τοὺς
2554 2435 2786 2500 τελώνας
2844 2439 3346 2517 ἐφιλανθρωπεύετο,
3406 2430 3542 2496 οὕτω
3612 2438 3677 2505 δὴ
3753 2430 3841 2494 καὶ

2198 2525 2330 2591 πρὸς
2387 2525 2600 2587 τούτους
2660 2525 2844 2590 αὐτοὺς
2876 2528 2998 2592 τοὺς
3049 2529 3148 2594 τὴν
3196 2529 3584 2608 φιλανθρωπίαν
3643 2528 3842 2592 ταύτην

2198 2609 2576 2676 διαϐάλλοντας
2612 2630 2627 2646 °
2707 2615 2766 2670 οὒ
2846 2616 2945 2694 γὰρ
3023 2616 3405 2698 ἀποστρέφεται
3469 2618 3680 2679 τούτους
3766 2616 3842 2677 ὡς

2198 2701 2440 2763 ἀνιάτους
2495 2701 2584 2781 (5)
2631 2703 2715 2758 καὶ
2758 2705 3076 2781 γογγυστὰς,
3124 2704 3260 2760 ἀλλὰ
3303 2705 3510 2784 πραέως
3567 2705 3841 2783 θεραπεύει

2198 2787 2506 2867 παραϐολὴ-ι
2577 2790 2763 2854 αὐτοῖς
2839 2791 3007 2871 λέγων
3057 2794 3155 2860 τὴν
3233 2801 3338 2850 τῶν
3391 2791 3689 2872 προϐάτων,
3751 2795 3841 2848 καὶ

2195 2878 2300 2934 ἀπὸ
2359 2885 2463 2934 τῶν
2522 2878 2756 2957 ἐναργῶν
2809 2883 2897 2936 καὶ
2965 2886 3199 2962 φανερῶν
3245 2883 3434 2938 πείθων
3483 2883 3690 2960 αὐτοὺς,
3747 2881 3840 2934 καὶ

2195 2967 2544 3041 ἐπιστομίζων
2602 2969 2677 3042 μὴ
2736 2966 3092 3049 δυσχεραίνειν
3153 2971 3238 3028 ἐπὶ
3307 2979 3382 3042 τῷ
3437 2971 3670 3041 τοσούτῳ
3734 2974 3836 3034 τῆς

2197 3056 2524 3135 ἂγαθότητος
2567 3059 2793 3136 χύματι.
2849 3061 3027 3116 Καίτοι
3059 3062 3100 3115 εἰ
3133 3062 3217 3116 επὶ
3241 3058 3486 3139 προϐάτῳ
3515 3059 3595 3114 ένί
3627 3057 3829 3135 ἁλογῳ,

2195 3148 2283 3203 καὶ
2336 3146 2413 3220 μὴ
2473 3146 2588 3201 κατ’
2652 3148 2826 3201 εἰκόνα
2871 3155 3002 3204 Θεοῦ
3028 3158 3399 3226 γεγεννημένῳ
3432 3148 3662 3213 τοσαύτη
3692 3148 3835 3226 χαρά

2195 3237 2394 3313 γίνεται
2452 3234 2702 3312 εὑρεθέντι
2748 3236 2881 3309 μετὰ
2938 3238 3000 3292 τὸ
3055 3237 3411 3311 πλανηθῆναι,
3472 3236 3645 3303 πόσην
3697 3237 3832 3298 είκός

2197 3325 2425 3401 γίνεσθαι
2485 3322 2570 3378 ἐπὶ
2627 3322 2880 3402 ἀνθρώπῳ
2923 3324 3123 3403 λογικῷ
3165 3323 3284 3381 κατ’
3329 3327 3502 3382 εἰκόνα
3557 3332 3687 3381 Θεοῦ
3741 3322 3832 3379 δε-

2197 3409 2702 3489 δημιουργημένῳ;
2791 3411 3073 3486 Προὸήλως
3145 3414 3243 3488 μὲν
3313 3415 3401 3470 οὗν
3467 3415 3501 3480 ἡ
3559 3409 3833 3491 παραϐολὴ

2199 3502 2318 3564 τοὺς
2380 3498 2608 3563 δικαίως
2669 3503 2796 3579 φησὶ
2864 3501 3100 3578 πρόϐατα
3162 3502 3678 3574 έννενηκονταεννέα,
3749 3502 3837 3556 καὶ

2199 3593 2252 3650 ἓν
2312 3594 2399 3647 τὸν
2444 3590 2734 3646 ἐκπεσόντα
2775 3591 3110 3669 ἁμαρτωλόν,
3169 3595 3304 3648 Φασὶ
3363 3593 3418 3649 δέ
3466 3615 3602 3649 τινες
3651 3590 3838 3645 ἑκατὸν

2243 3681 2258 3698 κ
2428 3677 2474 3698 ID
2677 3687 2701 3695 η-
2901 3681 2913 3699 \
3169 3682 3181 3701 ἱ
3519 3681 3539 3698 η
3632 3679 3646 3696 \
3785 3677 3796 3698 Ι

2198 3703 2295 3755 μεν
2339 3702 2575 3757 προοατα
2631 3702 2803 3736 πασαν
2860 3702 2958 3747 την
3005 3680 3227 3759 λογικην
3283 3683 3472 3760 κτίσιν,
3520 3702 3573 3737 εν
3602 3678 3656 3735 δε
3697 3700 3834 3756 προ-

2199 3773 2360 3846 βατον
2423 3774 2520 3834 τῆς
2580 3767 2803 3846 λογικῆς
2858 3771 3062 3849 φύσεως
3119 3773 3208 3826 τὸν
3240 3770 3531 3850 ἄνθρωπον,
3578 3773 3604 3826 6
3632 3767 3836 3834 πλανη-

2199 3860 2284 3917 θὲν
2345 3859 2665 3928 ἀνεζήτησεν
2723 3861 2750 3914 6
2802 3859 3026 3933 ποιμὴν,
3076 3860 3318 3934 ὁκαλὸς,
3351 3862 3510 3938 ἀφεὶς
3537 3861 3600 3916 τὰ
3631 3859 3837 3923 ἰννενη-

2200 3947 2513 4006 κονταενιέα
2570 3946 2624 4002 ἐν
2681 3954 2748 4023 τῇ
2831 3947 3034 4026 ἐρήμῳ,
3109 3950 3400 4030 τουτέστιν,
3488 3950 3541 4004 ἐν
3596 3949 3673 4021 τῷ
3730 3943 3837 4002 ἄνω

2199 4039 2347 4110 τόπῳ
2405 4039 2482 4109 τῷ
2527 4037 2766 4114 οὐρανίῳ.
2830 4033 3089 4115 ’Ἔρημος
3142 4040 3240 4116 γὰρ
3283 4036 3610 4116 πολυοχλίας
3639 4057 3836 4109 κοσμι-

2200 4132 2300 4193 κῆς
2358 4124 2726 4199 ἀπῳκισμένος
2785 4127 2812 4180 6
2882 4127 3120 4202 οὑρανὸς,
3207 4128 3293 4182 καὶ
3351 4124 3528 4191 πάσης
3596 4123 3836 4195 γαλήνης

2199 4216 2289 4271 καὶ
2377 4213 2586 4289 εἰρήνης
2643 4211 3078 4287 μεμεστωμένος.
3156 4215 3328 4292 Εὑρὼν
3410 4211 3464 4267 δὲ
3546 4215 3573 4267 6
3652 4210 3837 4287 Κύριος

2201 4306 2352 4360 τοῦτο
2405 4303 2465 4356 τὸ
2508 4299 2796 4375 πλανηθὲν,
2837 4300 3091 4368 ἐπέθηκεν
3135 4302 3219 4357 ἒπὶ
3273 4306 3393 4364 τούς
3446 4301 3622 4376 ὤμους
3653 4300 3829 4354 αὐτοῦ.

471 4397 702 4451 nostras
733 4397 792 4451 et
832 4397 1070 4469 peccata
1118 4398 1319 4452 nostra
1363 4391 1505 4452 404
1556 4394 1681 4473 ipse
1738 4397 2008 4474 portavit,
2055 4406 2116 4462 et

2198 4395 2300 4457 Τὰς
2351 4392 2450 4470 γὰρ
2518 4389 2784 4455 ἀσθενείας
2834 4390 3011 4465 ἡμῶν,
3071 4393 3158 4447 καὶ
3225 4393 3318 4451 τὰς
3377 4392 3632 4469 ἁμαρτίας
3681 4389 3834 4446 αὐτὸς

471 4479 673 4541 omnia
698 4496 883 4539 onera
914 4486 1115 4540 nostra
1164 4497 1282 4539 non
1331 4482 1608 4558 gravatim
1649 4483 1775 4564 ipse
1824 4487 2109 4567 suscepit,

2197 4480 2473 4552 ἐϐάστασε,
2533 4479 2620 4534 καὶ
2676 4479 2846 4535 πάντα
2905 4481 2971 4534 τὰ
3026 4480 3160 4558 βάρη
3211 4483 3363 4554 ἡμῶν
3418 4481 3571 4542 αὐτὸς
3626 4475 3832 4554 ἀϐαρῶς

471 4566 788 4646 persolutis
807 4567 1081 4628 omnibus
1105 4585 1238 4647 quae
1268 4567 1654 4645 debebamus,
1685 4580 1742 4633 et
1773 4591 1880 4633 nos
1902 4566 2113 4652 sponte

2197 4569 2469 4634 ἀνεδέξατο
2501 4583 2515 4598 ⁹
2575 4567 2748 4624 πάντα
2814 4567 2913 4624 ὅσα
2971 4568 3395 4648 ἐχρεωστοῦμεν,
3472 4571 3626 4630 αὐτὸς
3692 4568 3832 4624 ἀπο-

469 4674 538 4717 ac
570 4655 828 4718 libenter
870 4654 1123 4735 portavit
1163 4673 1350 4736 usque
1390 4660 1449 4717 in
1495 4657 1734 4721 domum
1767 4678 1957 4737 suam,
2004 4663 2113 4728 hoc

2199 4659 2429 4740 φλήσας,
2486 4656 2574 4711 καὶ
2623 4657 2768 4729 ἡμᾶς
2823 4655 3008 4732 ῥᾳδίως
3085 4660 3172 4713 καὶ
3216 4659 3421 4723 ἀπόνως
3475 4659 3648 4719 σώσας
3707 4655 3834 4735 ἄχρι

471 4743 651 4823 est,in
683 4744 1225 4806 coelum.Convocat
1249 4744 1471 4808 amicos
1502 4754 1560 4808 et
1577 4747 1826 4825 vicinos,
1849 4750 2116 4813 fortassis

469 4833 734 4913 angelos,
767 4851 916 4912 quos
947 4842 1007 4894 et
1035 4850 1175 4895 oves
1202 4832 1459 4896 diximus
1502 4853 1635 4897 esse
1659 4837 1827 4916 juxta
1853 4838 2024 4900 aliam
2059 4848 2117 4903 et

466 4923 642 4984 aliam
689 4920 1061 4984 relationem.
1127 4920 1273 4983 Nam
1333 4926 1657 4987 secundum
1708 4927 1862 5006 quod
1920 4929 2116 4991 omnis

468 5019 744 5074 creatnra
781 5010 1018 5073 condita
1044 5011 1118 5073 ad
1155 5011 1337 5073 Deum
1382 5014 1706 5086 confertur,
1743 5017 1990 5094 pecuina
2023 5026 2116 5080 est

466 5108 528 5163 ct
554 5100 748 5174 bruta,
784 5108 842 5163 et
871 5102 1210 5164 secundum
1255 5101 1370 5162 hoc
1416 5101 1633 5164 dicitur
1675 5105 1758 5183 (a)
1789 5105 1962 5165 etiam
2003 5125 2107 5168 su-

466 5207 668 5268 pernae
697 5189 944 5252 virtutes
973 5208 1152 5265 oves;
1184 5190 1246 5250 in
1288 5199 1568 5270 quantum
1603 5208 1737 5253 vero
1767 5193 2107 5268 rationales,

2197 4749 2285 4804 καὶ
2342 4752 2433 4802 τοῦ
2477 4742 2629 4800 οἴκου
2691 4748 2868 4814 αὐτοῦ,
2944 4745 3199 4819 τουτέστι,
3288 4755 3380 4803 τοῦ
3437 4749 3652 4823 οὐρανοῦ
3683 4764 3698 4779 ⁶
3752 4746 3839 4800 καὶ

2197 4832 2455 4913 συγκαλεῖ
2523 4832 2644 4895 τοὺς
2728 4831 2908 4911 φίλους
2993 4836 3080 4890 καὶ
3163 4837 3280 4897 τοὺς
3366 4836 3622 4913 γείτονας,
3697 4835 3841 4912 τάχα

2196 4925 2316 4987 τοὺς
2361 4919 2640 4999 ἀγγέλους,
2696 4923 2783 4985 οὓς
2838 4924 2925 4978 καὶ
2968 4921 3206 5001 πρόϐατα
3265 4937 3403 4980 εἶναι
3433 4922 3839 4996 ἀποδεδώκαμεν

2194 5012 2313 5070 κατ’
2363 5009 2532 5076 ἄλλην
2599 5010 2688 5065 καὶ
2737 5007 2906 5076 ἄλλην
2962 5009 3242 5080 ἐπιϐολήν,
3315 5012 3440 5071 Καθ’
3501 5015 3528 5068 ὃ
3585 5014 3682 5085 μὲν
3741 5012 3837 5087 γὰρ

2195 5108 2339 5159 πᾶσα
2395 5101 2587 5165 κτιστὴ
2638 5099 2788 5177 φύσις
2846 5101 2920 5162 ὡς
2980 5100 3111 5178 πρὸς
3171 5103 3298 5157 Θεὸν
3369 5100 3647 5168 κτηνώδης
3699 5101 3829 5168 ἐστὶ,

2190 5191 2326 5248 κατὰ
2369 5197 2523 5247 τοῦτο
2569 5184 2806 5265 πρόϐατα
2877 5186 3130 5246 καλοῖντο
3188 5189 3249 5245 ἂν
3304 5193 3355 5246 αἱ
3402 5189 3511 5245 ἄνω
3561 5189 3827 5264 δύναμεις,

464 5277 526 5338 id
559 5283 653 5342 est
697 5278 1154 5353 intellectuales,
1211 5287 1270 5340 et
1312 5288 1603 5360 quatenus
1650 5281 1780 5343 aliis
1827 5284 2111 5346 creaturis

2197 5281 2333 5338 Καθὸ
2389 5276 2443 5333 δὲ
2473 5276 2708 5354 λογικαὶ,
2749 5275 2910 5354 ἤγουν
2940 5280 3112 5358 νοεραὶ
3154 5281 3239 5336 καὶ
3297 5279 3670 5358 πλησιέστεραι
3723 5285 3827 5337 τῶν

465 5366 780 5431 viciniores
807 5369 1107 5445 videntur,
1141 5370 1473 5433 secundum
1505 5368 1619 5431 hoc
1649 5370 1824 5433 amici
1853 5383 1912 5432 et
1933 5373 2113 5434 vicini

2197 5367 2368 5424 ἄλλων
2426 5365 2728 5440 κτισμάτων
2795 5364 3062 5443 δοκοῦσαι,
3128 5369 3265 5425 κατά
3338 5376 3493 5425 τοῦτο
3548 5368 3686 5446 φίλοι
3741 5369 3830 5424 καὶ

1538 5529 1620 5591 Ex
1651 5530 1966 5594 collatione
1997 5530 2174 5597 codd.
2207 5525 2421 5591 Venet.
2455 5521 2517 5587 S.
2553 5524 2756 5587 Marci.

547 5659 630 5740 (5)
663 5657 806 5724 Cod.
835 5660 938 5742 26,
971 5661 1282 5736 Ἀνοήτους,
1325 5686 1352 5718 α
1385 5661 1716 5725 dementes.
1760 5687 1783 5721 ι

545 5780 629 5858 (a)
660 5776 816 5840 ldit.
846 5783 981 5844 Lut.
1008 5789 1068 5844 at
1096 5786 1154 5844 si
1181 5784 1261 5844 ad
1293 5781 1448 5845 alios
1472 5789 1784 5847 creaturas
1809 5785 2210 5864 conferuntur
2234 5775 2590 5858 rationales,
2611 5777 2917 5856 dicuntur,
2957 5783 3069 5841 etc.
