4132 6278
264 417 389 485 949

1018 428 1118 489 EN
1123 427 1461 491 ARRATIO
1504 428 1585 489 ΙΝ
1632 420 1917 488 EVANG]

2004 418 2137 485 [UM
2200 427 2441 489 LUC/E.
2489 462 2566 473 —
2607 433 2771 495 CAP.
2821 433 2952 493 XV.

3523 382 3655 497 95o

261 561 496 636 γείτονες
554 563 601 614 οἱ
652 567 758 616 τῶν
788 559 1088 639 ἁγγελικῶν
1141 560 1410 636 δυνάμεων
1459 562 1613 641 χοροὶ
1660 563 1917 625 νοηθεϊεν,

2012 555 2257 638 intelligi
2288 573 2531 643 possunt
2574 567 2971 643 angelicarum
3016 568 3287 631 virtutem
3341 570 3530 633 chori.
3566 572 3639 634 Et

264 652 365 706 Καὶ
423 663 654 726 γυναῖκα
711 648 766 705 δὲ
816 650 1060 730 νοήσαις,
1124 650 1219 717 τὴν
1286 651 1493 730 σοφίαν,
1555 651 1641 705 καὶ
1696 646 1911 721 δύναμιν

257 744 355 793 τοῦ
406 745 538 797 Θεοῦ
592 741 680 795 καὶ
740 740 943 818 [ἰατρὸς
1000 740 1090 795 τὸν
1138 741 1295 796 αὖτοῦ
1352 740 1493 811 Υἶὸν,
1540 740 1614 802 ὡς
1669 734 1913 793 ἀπώλεσε

258 826 386 899 μίαν
437 824 690 906 δραχμὴν
765 827 828 883 ἐκ
902 833 1009 883 τῶν
1064 826 1321 906 λογικῶν,
1376 830 1462 884 καὶ
1562 823 1678 883 κατ’
1739 820 1915 906 εἰκόνα

257 915 420 972 αὐτοῦ
509 915 823 973 κτισθέντων
910 917 1216 990 κτισμάτων
1285 917 1377 971 τὸν
1453 914 1745 995 ἄνθρωπον,
1827 904 1914 973 καιὶ

255 1004 415 1060 ἅπτει
469 1003 690 1085 λύχνον,
745 1007 844 1072 τὴν
901 1006 1087 1061 ἑαυτοῦ
1129 1005 1318 1083 σάρκα.
1384 994 1601 1082 ’Ὠσπερ
1630 994 1787 1082 γὰρὸ
1815 1003 1912 1060 λύ-

256 1116 392 1173 χνος
452 1093 512 1150 ἐκ
569 1099 671 1171 γῆς
714 1096 789 1151 ὢν
872 1096 938 1150 τὰ
991 1093 1343 1170 ἐσκοτισμὲνα
1399 1095 1610 1173 φωτίζει
1681 1091 1764 1148 διὰ
1820 1096 1912 1149 τοῦ

254 1184 462 1261 φωτὸς,
495 1185 555 1238 οὗ
583 1180 826 1263 δέχεται,
860 1182 998 1238 οὕτω
1027 1183 1115 1239 καὶ
1156 1184 1191 1250 ἡ
1237 1180 1362 1260 σὰρξ
1403 1184 1495 1238 τοῦ
1544 1182 1730 1260 Κυρίου
1773 1183 1907 1258 γήϊ-

255 1291 349 1332 νος
405 1270 554 1350 οὖσα,
614 1272 703 1328 καὶ
760 1273 919 1347 ὁμοία
974 1270 1137 1347 ἡμῖν,
1187 1278 1264 1345 τῷ
1323 1270 1456 1350 φωτὶ
1502 1275 1601 1337 τῆς
1630 1268 1906 1337 θεότητος,

252 1359 346 1437 ὑφ’
398 1360 464 1427 ἧς
523 1358 889 1441 προσελήφθη,
951 1359 1109 1439 ἔφανε
1136 1375 1150 1390 ⁶
1213 1360 1300 1415 καὶ
1357 1359 1463 1433 μὴν
1495 1357 1732 1437 ἐσαρώθη
1763 1360 1850 1414 καὶ
1880 1361 1906 1414 6

253 1448 437 1521 οἶκος,
496 1448 786 1519 τουτέστιν,
848 1448 991 1511 ἅπας
1050 1449 1077 1504 6
1136 1448 1334 1522 κόσμος
1408 1446 1744 1525 ἀπεκαθάρθη
1804 1452 1903 1513 τῆς

254 1537 537 1615 ἁμαρτίας.
603 1537 826 1608 Χριστὸς
889 1537 986 1616 γὰρ
1041 1539 1110 1602 ἦν
1167 1538 1195 1592 6
1252 1534 1419 1615 αἴρων
1476 1536 1575 1602 τὴν
1646 1533 1900 1614 ἁμαρτίαν

252 1634 349 1683 τοῦ
397 1626 621 1701 κόσμου,
684 1627 780 1684 Καὶ
836 1624 900 1692 δὴ
961 1624 1143 1703 εὑρέθη
1196 1626 1230 1693 ἡ
1285 1622 1376 1704 δρα
1383 1624 1528 1704 “ait,
1587 1628 1622 1694 ἡ
1654 1624 1902 1700 βασιλικὴ

253 1715 437 1795 εἰκὼν,
492 1716 577 1770 καὶ
635 1715 779 1795 χαρὰ
829 1716 1029 1793 γίνεται
1073 1714 1215 1787 αὐτῷ
1246 1734 1303 1769 τε
1335 1715 1412 1788 τῷ
1443 1713 1641 1790 εὑρόντι
1673 1719 1900 1788 Χριστῷ,

254 1805 345 1860 καὶ
391 1817 515 1868 ταῖς
572 1803 682 1860 ἅνω
737 1803 1038 1879 δυνάμεσιν,
1099 1804 1160 1858 αἳ
1202 1801 1347 1882 φίλαι
1400 1803 1541 1876 αὐτῷ
1596 1803 1684 1857 καὶ
1729 1802 1903 1880 γείτο-

252 1893 342 1955 νές
399 1895 496 1949 είσι
533 1910 549 1927 ⁸

253 1984 485 2059 γείτονες
540 1981 595 2037 δὲ
650 1984 724 2045 ὼς
774 1982 1075 2057 ἀσώματοι.
1139 1980 1293 2047 Ζητῶ
1350 1978 1404 2034 δὲ
1446 1980 1523 2054 μή
1582 2000 1709 2034 ποτε
1760 1978 1903 2057 φίλαι

254 2071 357 2145 μὲν
398 2071 559 2127 αὐτοῦ
602 2072 700 2126 εἶσι
744 2077 909 2127 πᾶσαι
955 2071 1003 2126 οἱ
1067 2068 1176 2124 ἄνω
1233 2066 1505 2143 δυνάμεις,
1566 2068 1794 2145 γείτονες
1851 2066 1905 2122 δὲ

256 2162 311 2216 αἱ
362 2160 767 2239 πλησιέστεραι,
812 2160 933 2217 οἷον
981 2159 1189 2238 Θρόνοι,
1240 2154 1552 2235 Χερουϐεὶμ,
1612 2157 1904 2237 Σεραφείμ,

257 2240 408 2323 UOps:
440 2250 539 2328 γὰρ
566 2251 663 2317 τὴν
694 2247 855 2315 λέξιν,
926 2271 955 2304 α
988 2250 1087 2307 Καὶ
1138 2244 1397 2324 συγκαλεῖ
1448 2246 1540 2309 τὰς
1596 2244 1746 2323 φίλας
1815 2247 1902 2301 καὶ

252 2340 353 2403 τὰς
400 2339 638 2416 γείτονας
671 2353 688 2372 ⁸
726 2358 754 2397 ι
785 2338 925 2394 ’έοικε
954 2338 1053 2416 γὰρ
1082 2334 1170 2392 δύο
1199 2335 1315 2391 τινὰ
1363 2333 1499 2410 μέρη
1542 2331 1900 2411 παραδηλοῦν,

253 2430 303 2484 εἷ
332 2429 419 2484 καὶ
446 2427 846 2506 περιεργότερον
887 2425 1047 2491 δόξει.

344 2541 372 2572 α
409 2525 543 2575 Ετπε
570 2516 626 2573 δέ
656 2535 674 2552 ⁸
705 2515 1009 2596 Ἀνθρωπός
1040 2535 1119 2576 τις
1148 2516 1274 2591 εἶχε
1304 2510 1391 2567 δύο
1418 2512 1582 2583 υἱοὺς,
1620 2512 1709 2568 καὶ
1753 2510 1906 2567 εἶπεν

257 2608 290 2662 ὃ
326 2607 577 2685 νεώτερος
610 2608 779 2663 αὐτῶν
832 2612 909 2680 τῷ
956 2603 1112 2681 πατρί
1144 2616 1158 2632 ⁸
1196 2601 1390 2681 Πάτεν,
1436 2599 1523 2663 δός
1553 2623 1641 2676 μοι
1671 2602 1732 2656 τὸ
1783 2599 1909 2656 ἐπι·-

256 2694 460 2752 ϐάλλον
516 2695 677 2775 μέρος
733 2699 830 2760 τῆς
886 2692 1062 2754 οὒσίας
1099 2710 1113 2725 ·
1180 2692 1270 2746 καὶ
1322 2687 1520 2745 διεῖλεν
1578 2693 1764 2752 αὐτοῖς
1822 2689 1910 2743 τὸν

257 2783 395 2859 βίον.
459 2784 557 2840 Καὶ
615 2781 734 2857 μετ’
778 2784 838 2840 οὐ
865 2777 1068 2844 πολλὰς
1097 2776 1298 2856 ἡμέρας
1342 2777 1653 2855 συναγαγὼν
1704 2775 1911 2832 ἅπαντα

261 2873 292 2927 ὁ
321 2872 572 2949 νεώτερος
615 2872 747 2942 υἱὸς,
807 2866 1151 2944 ἀπεδήμησεν
1193 2867 1267 2929 εἷς
1317 2866 1502 2945 χώραν
1534 2865 1765 2944 μακρὰν,
1824 2864 1912 2918 καὶ

260 2961 380 3017 ἐκεῖ
441 2959 773 3040 διεσκόρπισε
829 2958 929 3025 τὴν
1002 2956 1177 3015 οὐσίαν
1249 2954 1410 3011 αὐτοῦ
1477 2960 1580 3025 ζῶν
1641 2954 1861 3016 ἀσώτως
1895 2967 1910 2982 ⁸

260 3048 663 3119 δαπανήσαντος
694 3046 750 3103 δὲ
808 3046 966 3105 αἱ)τοῦ
1020 3046 1217 3123 πάντα,
1261 3042 1472 3123 ἐγένετο
1501 3043 1658 3119 λιμὸς
1689 3044 1912 3121 ἰσχυρὸς

2000 665 2105 738 per
2137 651 2445 713 mulierem
2498 654 2798 736 intelligas
2847 656 3201 738 sapientiam
3252 666 3309 719 et
3356 658 3632 721 virtutem

1998 734 2104 827 Dei
2145 747 2201 798 et
2232 740 2444 822 Patris,
2487 734 2951 824 Iesum—ipsum,
3002 747 3103 827 qui
3154 747 3413 827 perdidit
3459 768 3636 809 unam

1999 824 2363 903 drachmam,
2398 849 2464 891 ex
2518 833 2902 895 rationalibus
2948 824 3122 897 et'ad
3157 824 3485 915 imaginem
3529 837 3637 900 Dei

2000 915 2253 1003 conditis
2283 928 2638 996 creaturam,
2660 924 2987 993 hominem,
3015 926 3637 1003 inquam,etaccendit

1998 1001 2323 1080 lucernam,
2379 1026 2542 1069 suam
2592 1029 2855 1075 carnem.
2919 1001 3298 1074 Sicutﬁenim
3362 1006 3633 1090 lucerna,

1997 1094 2258 1173 quamvis
2284 1095 2360 1157 sit
2378 1115 2442 1158 ex
2467 1100 2951 1171 terra,illuminat
2973 1099 3289 1163 tenebrosa
3308 1120 3417 1182 per
3441 1104 3632 1165 lucem

1995 1200 2167 1262 quam
2200 1184 2453 1264 recipit;
2511 1187 2591 1248 ita
2635 1198 2692 1249 et
2741 1208 2879 1251 caro
2920 1189 3173 1259 Domini,
3210 1189 3351 1251 licet
3397 1196 3637 1254 terrena

1995 1279 2172 1343 esset,
2234 1271 2564 1355 similisque
2612 1275 2802 1350 nobis,
2862 1276 3087 1338 lumine
3144 1278 3380 1341 deitatis
3437 1298 3472 1341 a
3519 1300 3636 1361 qua

1990 1368 2287 1448 assumpta
2320 1370 2427 1435 est,
2466 1363 2662 1425 lumen
2712 1365 2998 1429 exhibuit.
3048 1365 3197 1438 Quin
3231 1368 3403 1429 etiam
3438 1368 3635 1448 scopis

1990 1447 2267 1509 mundata
2296 1458 2385 1511 est
2439 1451 2670 1532 domus,
2722 1453 2835 1514 hoc
2881 1460 2973 1517 est
3025 1454 3341 1516 universus
3376 1447 3634 1519 mundus

1986 1547 2337 1615 repurgatus
2369 1550 2456 1600 est
2486 1560 2520 1600 a
2552 1550 2816 1621 peccato.
2874 1544 3140 1606 Christus
3188 1544 3345 1604 enim
3397 1545 3635 1608 abstulit

1988 1633 2289 1701 peccatum
2341 1628 2568 1691 mundi.
2618 1627 2688 1688 Et
2736 1630 2910 1709 plane
2943 1633 3175 1692 inventa
3207 1638 3296 1692 est
3325 1632 3629 1706 drachma,

1986 1712 2148 1790 regia
2178 1714 2407 1777 scilicet
2453 1717 2646 1796 imago
2695 1726 2753 1780 et
2803 1719 3080 1795 gaudium
3138 1720 3245 1781 fuit
3294 1727 3351 1781 et
3398 1718 3632 1783 Christo

1988 1800 2281 1883 inventori
2313 1811 2370 1864 et
2413 1808 2687 1885 supernis
2723 1806 3063 1883 virtutibus,
3099 1826 3228 1888 quae
3266 1808 3474 1870 amicae
3503 1812 3634 1890 ejus

613 1894 757 1973 φίλαι
803 1895 901 1968 μὲν
945 1894 1018 1954 ὡς
1072 1892 1133 1946 τὸ
1188 1890 1397 1966 θέλημα
1440 1891 1598 1947 αὐτοῦ
1636 1898 1901 1970 ποιοῦσαι,

2004 1898 2047 1949 at
2077 1891 2285 1953 vicina
2315 1900 2457 1954 sunt
2491 1882 2509 1955 Ξ
2552 1895 2780 1956 Αῐηίεεε
2812 1882 3078 1975 quidem,
3110 1882 3246 1977 quia
3274 1882 3631 1960 voluntatem

1990 1982 2114 2053 eius
2144 1980 2364 2042 faciunt
2394 2004 2406 2045 :
2443 1983 2650 2045 vicinae
2688 2002 2850 2059 vero,
2886 1985 3024 2064 quia
3053 1986 3440 2067 incorporeze.
3482 1986 3633 2059 Quid

1987 2076 2181 2129 autem
2240 2070 2289 2131 si
2348 2070 2553 2133 amica;
2602 2073 2718 2133 sint
2768 2092 2974 2135 omnes
3024 2093 3299 2154 superna
3344 2074 3629 2148 Virtutes,

1989 2158 2198 2220 vicinae
2252 2170 2469 2235 autem,
2522 2182 2650 2242 quae
2699 2163 3006 2243 propiores
3054 2165 3131 2239 ei,
3190 2174 3255 2224 ut
3301 2163 3527 2225 Throni
3578 2178 3636 2229 et

1987 2247 2301 2310 Cherubim
2347 2259 2404 2311 et
2435 2250 2792 2332 Seraphim?
2826 2252 3087 2314 Dicendo
3119 2254 3281 2315 enim
3324 2255 3543 2317 amicas
3573 2258 3635 2315 et

1986 2336 2232 2411 vicinas,
2277 2338 2393 2400 duo
2433 2358 2650 2417 genera
2709 2341 3138 2417 manifestavit,
3203 2343 3466 2422 quamvis
3524 2344 3637 2405 hoc

1988 2428 2278 2491 curiosius
2321 2428 2609 2491 videatur.

2072 2515 2253 2580 Vens.
2284 2517 2490 2581 11-16.
2523 2543 2547 2572 α
2570 2518 2671 2581 Ait
2692 2525 2885 2581 autem
2914 2535 2926 2580 :
2958 2516 3148 2581 Homo
3174 2519 3411 2598 quidam
3436 2518 3642 2581 habuit

1994 2607 2142 2666 duos
2164 2606 2339 2679 ﬁlios,
2376 2616 2432 2668 et
2464 2607 2613 2668 dixit
2656 2607 3096 2669 adolescentior
3141 2607 3385 2669 illorum
3430 2609 3582 2688 patri
3624 2631 3636 2672 :

1993 2696 2186 2775 Pater,
2220 2696 2293 2757 da
2327 2697 2469 2756 mihi
2503 2697 2835 2776 portionem
2873 2698 3217 2759 substantia:
3256 2716 3388 2778 quae
3428 2697 3501 2760 ad
3548 2700 3644 2759 me

1995 2784 2167 2846 redit.
2193 2782 2265 2845 Et
2287 2785 2486 2846 divisit
2509 2784 2628 2847 illis
2654 2786 3070 2848 substantiam.
3103 2789 3179 2848 At
3210 2794 3337 2864 post
3368 2785 3496 2847 dies
3525 2805 3641 2850 non

1996 2876 2211 2935 multos
2233 2892 2366 2934 cum
2388 2874 2592 2936 omnia
2613 2874 3473 2947 contraxisset,adolescentior
3494 2874 3649 2936 tilius

1998 2979 2244 3040 peregre
2275 2961 2574 3040 profectus
2597 2970 2686 3022 est
2716 2962 2775 3022 in
2801 2962 3104 3040 regionem
3140 2960 3546 3041 longinquam,
3591 2970 3651 3025 et

1999 3050 2079 3111 ibi
2104 3050 2405 3129 dissipavit
2427 3051 2811 3112 substantiam
2835 3069 3000 3111 suam
3026 3050 3273 3112 vivendo
3304 3049 3603 3112 luxuriose
3630 3069 3644 3110 :

263 3139 401 3194 κατὰ
458 3140 557 3206 τὴν
616 3137 803 3218 χώραν
860 3134 1092 3207 ἐκείνην,
1152 3134 1242 3189 καὶ
1305 3132 1458 3196 αὐτὸς
1514 3130 1705 3210 ἤρξατο
1754 3134 1913 3186 ὓστε-

2004 3147 2059 3199 ει
2089 3147 2393 3219 postquam
2424 3138 2621 3199 omnia
2642 3139 3133 3218 consumpsisset,
3166 3140 3317 3198 t‘acta
3344 3146 3433 3199 est
3454 3138 3643 3200 fames

264 3230 496 3306 ρεϊσθαι,
575 3229 664 3283 καὶ
722 3226 989 3304 πορευθεὶς
1064 3219 1330 3290 ἐκολλήθη
1388 3221 1463 3277 ἐνὶ
1518 3227 1623 3276 τῶν
1682 3218 1915 3276 πολιτῶν

262 3322 370 3384 τῆς
429 3321 614 3395 χώρας
669 3314 876 3380 ἐκείνης
912 3328 926 3343 °
988 3314 1075 3368 καὶ
1132 3309 1372 3383 ἔπεμψεν
1444 3309 1599 3365 αὑτὸν
1656 3309 1727 3371 είς
1793 3308 1915 3370 τοὺς

263 3405 459 3484 ἀγροὺς
517 3404 673 3460 αὒτοῦ
714 3404 926 3479 βόσκειν
991 3401 1223 3480 χοίρως,
1308 3399 1395 3455 καὶ
1452 3397 1697 3472 ἐπεθύμει
1756 3396 1916 3484 γεμί-

265 3483 361 3550 σαι
419 3494 517 3558 τὴν
560 3490 763 3547 κοιλίαν
810 3492 969 3549 αὐτοῦ
1032 3489 1092 3546 ἐκ
1149 3496 1254 3547 τῶν
1303 3486 1559 3565 κερατίων
1601 3488 1675 3540 ὧν
1732 3483 1914 3551 ἤσθιον

267 3585 316 3640 οἱ
350 3593 557 3660 χοιροτ,
602 3584 690 3635 καί
731 3577 896 3642 οὒδεὶς
928 3576 1091 3634 ἐδίδου
1122 3579 1286 3653 αὑτῷ,
1323 3599 1350 3631 ι
1388 3576 1486 3633 Καὶ
1520 3573 1651 3640 αὕτη
1676 3574 1711 3640 ἢ
1738 3594 1915 3651 παρα-

269 3670 408 3738 ϐολή
455 3670 611 3744 ὁμοία
652 3674 748 3735 τῆς
782 3667 1164 3746 προλαϐοὗσαις
1196 3668 1334 3724 ἐστίν
1370 3681 1384 3697 ·
1444 3663 1643 3741 εἰσάγει
1689 3664 1789 3741 γὰρ
1833 3664 1919 3717 καὶ

272 3760 410 3826 αὕτη
457 3757 728 3836 ἄνθρωπον
783 3758 907 3837 μὲν,
948 3759 1039 3813 τὸν
1094 3759 1247 3837 Θεὸν,
1293 3757 1383 3812 τὸν
1428 3751 1579 3816 ὄντος
1621 3751 1920 3832 φιλάνθρω-

270 3873 372 3907 πον
406 3864 421 3879 ⁸
470 3848 613 3909 υἱοὺς
655 3845 768 3919 δύο,
813 3847 877 3902 τὰ
919 3844 1010 3903 δύο
1051 3845 1298 3925 τάγματα
1337 3849 1442 3899 τῶν
1485 3842 1793 3920 ἀνθρώπων,
1829 3838 1914 3895 δι-

273 3939 451 4001 καίους
508 3938 646 4016 φημὶ
695 3938 783 3992 καὶ
826 3934 1192 4012 ἁμαρτωλούς,
1248 3938 1381 3992 Εῖπς
1439 3930 1494 3987 δέ
1553 3933 1580 3986 6
1631 3929 1913 4016 νεώτερος·

277 4028 376 4092 Δός
431 4010 533 4099 μοι·
581 4010 642 4080 τὸ
690 4010 977 4081 ἐπιϐάλλον
1021 4024 1179 4103 μέρος
1234 4022 1331 4090 τῆς
1389 4019 1590 4084 οὖσίας.
1630 4010 1693 4075 Ἠ
1724 4015 1921 4072 δικαιο-

272 4117 404 4181 σύνη
476 4114 573 4189 μὲν
616 4113 849 4193 ἀρχαῖον
907 4112 1085 4180 κτῆμα
1154 4111 1248 4179 τῆς
1306 4108 1635 4188 ἀνθρωπίνης
1693 4106 1918 4193 φύσεως,

271 4204 353 4260 διὸ
413 4203 502 4258 καὶ
551 4204 579 4258 6
628 4190 975 4281 πρεσϐύτερος
1043 4202 1151 4264 υἱὸς
1210 4201 1299 4256 οὖν
1359 4199 1651 4274 ἀποσκιρτᾷ
1684 4211 1701 4230 ⁸
1761 4195 1795 4259 ἡ
1869 4190 1923 4247 δὲ

279 4293 509 4369 ἁμαρτία
564 4290 900 4368 ὑστερογενὶς
955 4290 1141 4368 κακὸν,
1189 4286 1268 4344 διὸ
1311 4288 1399 4344 καὶ
1429 4288 1457 4341 6
1488 4283 1739 4359 νεώτερος
1783 4281 1922 4336 ἀπο-

1998 3227 2188 3289 valida
2221 3228 2281 3287 in
2313 3228 2554 3306 regione
2591 3228 2713 3307 illa,
2737 3235 2793 3288 et
2817 3227 2944 3307 ipse
2965 3227 3144 3308 ccepit
3172 3244 3375 3305 egere.
3405 3226 3476 3288 Et
3504 3246 3643 3306 pro-

2001 3317 2192 3377 fectus
2221 3323 2327 3389 est,
2367 3326 2424 3376 et
2450 3315 2700 3377 adhaesit
2746 3315 2848 3377 uni
2882 3316 3099 3376 civium
3150 3314 3410 3394 regionis
3438 3315 3595 3375 illius
3630 3336 3642 3377 :

2000 3413 2173 3485 atque
2197 3404 2248 3464 is
2290 3404 2451 3466 misit
2485 3404 2648 3465 illum
2701 3404 2762 3465 in
2820 3404 3012 3466 villam
3059 3422 3222 3465 suam
3270 3410 3336 3464 ut
3381 3406 3650 3483 pasceret

2002 3511 2219 3574 porcos
2244 3512 2256 3555 :
2293 3494 2635 3575 etcupiebat
2653 3493 2905 3574 implere
2924 3500 3190 3555 ventrem
3222 3511 3396 3553 suum
3421 3492 3495 3553 de
3518 3491 3647 3553 sili-

2002 3583 2134 3662 quis
2164 3584 2379 3664 quibus
2412 3582 2577 3663 porci
2632 3582 3041 3656 vescebantur,
3075 3600 3186 3643 nec
3221 3582 3529 3661 quisquam
3562 3580 3648 3641 illi

2002 3672 2202 3735 dabat.
2231 3695 2258 3730 ο
2292 3676 2361 3736 Et
2393 3672 2519 3734 haec
2551 3671 2829 3752 parabola
2860 3670 3153 3751 superiori
3183 3668 3393 3730 similis
3412 3677 3521 3729 est.
3547 3668 3649 3730 ln-

2005 3762 2165 3823 ducit
2194 3762 2352 3823 enim
2387 3761 2590 3822 ethaac
2620 3760 2921 3821 hominem
2950 3758 3420 3840 quidem,Deum
3453 3757 3652 3819 videli—

2001 3858 2117 3927 cet,
2138 3870 2277 3913 vere
2311 3849 2757 3911 misericordem
2789 3869 2802 3909 :
2841 3849 2993 3910 ﬁlios
3019 3854 3214 3909 autem
3250 3846 3654 3927 duos,nempe

2004 3943 2245 4008 ordines
2279 3939 2589 4002 hominum
2636 3939 2938 4017 justorum
2985 3938 3118 3999 dico
3148 3945 3207 3996 et
3254 3944 3651 4015 peccatorum.

2007 4031 2163 4097 Dixit
2206 4036 2404 4090 autem
2438 4028 2641 4106 junior
2671 4048 2683 4085 :
2718 4026 2801 4088 Da
2846 4026 2992 4087 mihi
3036 4034 3259 4106 partem
3312 4022 3656 4084 substantia:

2006 4140 2138 4202 quae
2159 4118 2231 4179 ad
2259 4136 2355 4178 me
2375 4116 2654 4196 pertinet.
2676 4113 2831 4178 Olim
2865 4115 3136 4175 humanae
3165 4120 3386 4173 naturas
3418 4129 3653 4202 posses-

2008 4200 2099 4272 sio
2122 4215 2246 4270 erat
2257 4205 2521 4285 justitia;
2546 4203 2680 4265 ideo
2708 4213 2765 4264 et
2794 4204 2948 4264 ﬁlius
2966 4202 3168 4263 senior
3184 4218 3301 4263 non
3323 4200 3653 4262 insolescit.

2012 4302 2320 4359 Peccatum
2354 4300 2555 4374 postea
2589 4301 2789 4353 natum
2821 4300 2934 4368 est,
2971 4290 3109 4351 405
3153 4289 3311 4350 unde
3360 4296 3414 4349 et
3450 4286 3658 4374 junior

276 4386 490 4460 σκιρτᾷ,
570 4381 599 4435 6
669 4384 737 4455 τῇ
782 4378 1012 4457 ἁμαρτίᾳ
1079 4371 1283 4444 δηλαδῆ
1345 4380 1415 4452 τῇ
1470 4374 1682 4461 ὕστερον
1740 4370 1917 4461 ἐπεισ-

2010 4370 2473 4461 ἱηεοιεεείιξᾳυί
2497 4399 2629 4442 cum
2658 4388 2922 4459 peccato,
2956 4380 3111 4459 quod
3142 4373 3658 4457 posteaintroduc-

281 4458 509 4549 αχθείση
570 4464 925 4534 συναυξηθείς.
1000 4468 1098 4524 Καὶ
1167 4464 1345 4528 ἄλλως
1401 4461 1457 4518 δὲ
1507 4458 1760 4549 νεώτερος
1817 4459 1926 4549 υἷος

278 4546 492 4636 λέγεται
551 4559 578 4613 6
638 4553 976 4635 ἁμαρτωλὸς,
1025 4557 1095 4620 ὡς
1140 4552 1515 4632 νεωτεριστὴς,
1566 4549 1656 4606 καὶ
1684 4546 1925 4636 ἀποστά-

277 4670 378 4714 της
435 4648 523 4703 καὶ
597 4646 821 4717 ἀντάρας
876 4650 955 4718 τῷ
1010 4648 1250 4723 πατρικῷ
1318 4639 1601 4714 θελήματι,
1668 4656 1696 4695 (
1732 4635 1928 4713 Πάτερ,

279 4734 367 4800 δός
428 4758 521 4811 μοι
573 4736 634 4791 τὸ
692 4731 977 4790 ἐπιϐάλλον
1007 4732 1164 4810 μέρος
1206 4736 1306 4798 τῆς
1351 4729 1553 4792 οὐσίας.
1593 4748 1614 4782 ι
1651 4725 1813 4784 Οὒσία
1840 4730 1932 4779 τοῦ

280 4826 560 4903 ἀνθρώπου
619 4825 682 4879 τὸ
752 4822 967 4901 λογικόν
1038 4821 1199 4894 ἐστιν,
1262 4821 1308 4894 ᾧ
1375 4816 1667 4896 παρέπεται
1723 4814 1811 4903 καὶ
1874 4826 1936 4879 τὸ

283 4901 608 4980 αὐτεξούσιον
619 4959 638 4989 ,
698 4918 803 4968 πᾶν
858 4912 957 4990 γὰρ
1027 4909 1246 4988 λογικὸν
1304 4904 1657 4971 αὐτεξούσιον.
1718 4901 1937 4959 Δίδωσιν

284 5002 373 5059 οὖν
429 5003 565 5075 ἡμῖν
625 5003 654 5057 6
712 5000 899 5077 Κύριος
953 5000 1048 5055 τὸν
1090 4997 1277 5077 λόγον,
1322 4996 1416 5052 ἵνα
1447 4993 1778 5075 χρησώμεθα
1808 4993 1935 5077 αὖτ-

291 5088 542 5155 εξουσίως
586 5089 754 5163 τούτῳ
794 5076 883 5153 νὼς
935 5087 1082 5159 οὐσίᾳ
1122 5085 1233 5143 ὄντι
1264 5076 1547 5161 γὴμετέρᾳ,
1614 5077 1803 5135 Δίδοοσι
1885 5076 1939 5133 δὲ

288 5185 451 5235 πᾶσιν
511 5178 723 5248 ἐπίσης,
785 5178 979 5240 πάντες
1036 5176 1136 5253 γὰρ
1205 5173 1391 5238 ἐπίσης
1466 5169 1691 5247 λογικοὶ,
1753 5166 1940 5232 ἐπίσης

289 5265 607 5331 αὒτεξούσιοι
638 5285 654 5300 ο
719 5262 838 5320 ἀλλ’
898 5267 946 5321 οἱ
1003 5264 1102 5337 μὲν
1157 5262 1295 5318 κατὰ
1345 5258 1504 5337 λόγον
1563 5256 1819 5337 χρώμεθα
1873 5261 1942 5330 τῇ

290 5355 564 5436 φιλοτιμίᾳ
627 5353 821 5431 ταύτῃ,
856 5355 903 5408 οἱ
959 5350 1013 5408 δὲ
1069 5352 1156 5407 καὶ
1197 5350 1517 5436 ἀχρειοῦμεν
1568 5347 1636 5436 τὸ
1662 5347 1806 5436 θεῖον
1836 5340 1944 5436 δῷ-

291 5431 406 5522 ρον,
466 5444 567 5501 Καὶ
596 5442 769 5497 πάντα
798 5439 850 5496 δὲ
883 5438 1093 5514 ἁπλῶς,
1138 5436 1238 5494 ὅσα
1279 5434 1502 5493 δέδωκεν
1558 5433 1692 5508 ἡμῖν
1752 5433 1780 5486 6
1839 5431 1945 5488 Κύ-

1949 4442 1993 4493 1)

2014 4484 2134 4537 tum
2167 4480 2279 4540 est,
2302 4469 2505 4531 crevit.
2537 4466 2637 4530 Vel
2657 4466 2829 4528 aliter
2854 4488 2866 4529 :
2894 4466 3099 4547 junior
3120 4464 3337 4526 dicitur
3359 4469 3653 4547 peccator,

2010 4553 2151 4636 quia
2181 4557 2424 4612 novator
2452 4567 2650 4636 rerum
2686 4540 2977 4636 insolens_
2991 4554 3049 4607 et
3096 4540 3375 4636 apostata:
3395 4561 3472 4636 ac
3503 4540 3657 4604 deti-

2012 4631 2177 4705 cieus
2199 4658 2231 4700 a
2266 4646 2511 4719 paterna
2545 4635 2905 4697 voluntatea
2941 4633 3133 4707 Pater,
3159 4633 3233 4693 da
3264 4631 3409 4691 mihi
3434 4637 3656 4719 partem

2014 4718 2359 4794 substantiae
2379 4745 2512 4806 quae
2535 4727 2607 4785 ad
2634 4742 2726 4785 me
2758 4719 3388 4803 pertinet.»Rationale
3406 4719 3477 4780 ad
3503 4718 3660 4798 quod

2019 4816 2402 4897 subsequitur
2422 4814 2673 4875 liberum
2692 4808 3452 4897 arbitrium,substantiaest
3472 4806 3662 4897 homi-

2024 4909 2136 4969 nis.
2164 4893 2356 4970 Omne
2381 4910 2574 4964 autem
2605 4900 2914 4978 rationale,
2950 4899 3123 4961 liberi
3155 4896 3381 4978 arbitrii
3412 4903 3521 4956 est.
3557 4893 3665 4956 Dat

2022 4987 2198 5067 igitur
2230 4984 2399 5045 nobis
2430 4981 2715 5045 Dominus
2764 4976 3082 5051 rationem,
3111 4988 3172 5039 ut
3203 4996 3273 5039 ea
3303 4976 3495 5037 libere
3526 4987 3660 5067 uta-

2025 5060 2161 5137 mur
2182 5082 2457 5153 tanquam
2477 5078 2677 5134 nostra
2694 5069 3153 5131 substantia.Dat
3174 5073 3369 5153 autem
3392 5060 3668 5125 omnibus

2025 5184 2093 5226 ex
2125 5152 2318 5242 aequo.
2353 5159 2573 5223 Omnes
2598 5158 2756 5220 enim
2784 5176 2858 5219 ex
2884 5175 3052 5237 aequo
3082 5152 3400 5242 rationales
3421 5159 3581 5242 sunt,
3608 5159 3669 5213 et

2027 5237 2477 5332 aeque-liberum
2513 5245 2734 5308 habent
2778 5245 3137 5332 arbitriuma
3163 5243 3238 5305 At
3281 5237 3666 5332 aliiquidem

2029 5328 2249 5399 utimur
2266 5337 2375 5397 hac
2392 5335 2664 5396 libertate
2685 5332 3009 5395 secundum
3032 5328 3453 5402 rationem,alii
3472 5336 3668 5389 autem

2033 5425 2428 5505 dilapidamus
2449 5424 2666 5485 donum
2693 5420 2977 5483 divinum.
3003 5418 3073 5480 Et
3104 5417 3452 5497 simpliciter
3474 5416 3675 5477 omnia

293 5505 428 5614 ριος,
488 5532 636 5591 οὐσία
664 5530 826 5606 ἡμῶν
853 5505 1174 5608 λογισθείεν,
1205 5527 1325 5583 οἷον
1358 5523 1502 5604 λέγω
1532 5505 1771 5614 οθρα-οὸν,

2037 5533 2169 5596 quae
2184 5512 2348 5573 dedit
2368 5511 2537 5574 nobis
2564 5507 3206 5614 Domitius,substalntia
3228 5514 3428 5568 nostra
3441 5505 3674 5606 censeri

292 5597 479 5684 άπλως
537 5619 637 5688 τήν
690 5597 860 5676 κτίσιν
916 5597 1116 5693 πᾶσαν,
1159 5597 1366 5694 νόμον,
1416 5597 1716 5691 προφήτας.
1768 5605 1894 5665 Αλλ’

2040 5609 2283 5687 possunt
2310 5622 2322 5665 :
2360 5611 2424 5663 ut
2453 5600 2711 5680 exempli
2749 5598 2958 5694 gratia,
2983 5597 3194 5694 coelum
3227 5604 3284 5657 et
3313 5604 3495 5694 terra,
3525 5597 3676 5694 etin

295 5711 395 5785 μὲν
457 5712 712 5785 νεώτερος
766 5708 885 5775 ,υἱὸς
944 5704 1085 5764 εἶδεν
1159 5704 1399 5779 οὐρανὸν,
1461 5701 1546 5757 καὶ
1595 5697 1953 5770 ἐθεοποίησεν,

2024 5681 2272 5753 ’summa
2292 5698 2579 5751 creatura;
2601 5687 2953 5769 omnes,lex,
2973 5685 3296 5767 prophetae.
3324 5681 3499 5764 Atqui
3522 5681 3678 5745 ﬁlius
