4132 6298
408 339 518 406 951

1372 355 1970 423 THEOPHYLACTI
2014 358 2425 428 BULGARI/E
2469 369 2819 432 ARCHIEP.

3669 366 3786 434 95?

409 497 552 581 natu
592 487 789 550 minor
828 489 973 552 vidit
1011 493 1248 581 cmlum,
1287 504 1351 561 et
1393 500 1607 564 celum
1642 502 1781 566 fecit
1809 504 1996 567 Deum
2035 524 2049 569 :

2146 493 2251 552 εἶδε
2308 505 2432 579 γῆν,
2485 503 2574 558 καὶ
2631 501 2913 577 ἐσεϐάσθη,
2965 507 3052 562 καὶ
3104 506 3158 562 ἐν
3200 515 3276 580 τῷ
3319 508 3465 581 νόμῳ
3504 509 3662 564 αὐτοῦ
3697 505 3790 563 οὐκ

409 576 564 667 vidit
583 583 826 667 terram,
853 586 911 640 et
942 579 1124 643 coluit
1151 602 1306 648 eam.
1328 585 1394 649 In
1425 587 1556 667 lege
1583 589 1690 652 Dei
1712 591 1902 654 noluit
1920 611 2053 654 am-

409 665 636 742 bulare,
663 665 724 727 in
750 668 1056 748 prophetis
1079 672 1429 750 malignatus
1453 665 1563 740 est.
1589 679 1661 740 At
1680 681 1880 742 senior
1901 682 2054 743 ﬁlius

411 754 692 850 omnibus
732 755 826 816 his
864 760 923 850 in
963 758 1211 850 gloriam
1249 761 1358 825 Dei
1395 784 1543 828 usus
1573 777 1687 831 est.
1720 767 1921 850 Itaque
1951 771 2054 833 ille

414 845 511 926 qui
537 843 702 935 dedit
733 844 934 935 omnia
966 846 1090 909 hec
1124 869 1190 910 ex
1224 871 1394 932 aequo
1426 857 1697 935 permisit
1727 843 1916 920 libere
1955 859 2050 919 in-

411 932 601 1012 gredi.
653 934 898 997 Nullum
942 935 1101 997 enim
1146 941 1302 1018 cogit
1348 932 1465 1004 non
1513 945 1810 1008 volentem
1855 956 1918 1008 ut
1946 949 2059 1008 sibi

411 1022 648 1086 serviat.
676 1022 820 1085 Nam
845 1024 894 1084 si
917 1025 1200 1088 voluisset
1230 1047 1337 1090 nos
1354 1032 1508 1111 cogi,
1530 1053 1645 1095 non
1679 1034 1920 1098 fecisset
1952 1055 2060 1098 nos

415 1115 762 1188 rationales,
811 1122 866 1175 et
915 1112 1094 1203 liberi
1136 1116 1390 1182 arbitrii.
1443 1123 1625 1184 Porro
1667 1124 1820 1185 tilius
1859 1125 2064 1203 juniol'

414 1203 614 1266 omnia
631 1204 757 1265 hanc
775 1202 952 1264 simul
971 1202 1227 1268 decoxit.
1251 1205 1323 1268 Et
1341 1227 1472 1288 quas
1493 1229 1670 1272 causa
1691 1211 1720 1270 ?
1751 1202 2056 1275 Profectus

413 1302 502 1357 est
531 1293 594 1355 in
626 1301 845 1355 terram
879 1292 1286 1375 longinquam.
1309 1295 1454 1359 Nam
1485 1302 1722 1380 quando
1756 1302 2058 1381 egreditur

411 1383 639 1446 homoa
658 1382 782 1444 Deo
808 1390 865 1444 et
887 1401 951 1443 se
971 1401 1006 1443 a
1028 1384 1238 1445 timore
1254 1383 1360 1447 Dei
1379 1387 1842 1467 elongat,omnia
1861 1392 2057 1454 divina

413 1471 571 1533 dona
581 1471 1217 1553 expendit.Propinqui
1230 1472 1517 1537 enimDeo
1528 1478 2053 1551 exsistentes,nihil

413 1560 532 1622 tale
568 1559 722 1642 quod
766 1560 1005 1650 interitu
1052 1561 1296 1640 dignum
1335 1564 1604 1646 facimus,
1623 1567 1789 1646 juxta
1809 1569 1868 1630 id
1899 1571 2054 1650 quod

416 1651 634 1715 dicitur
659 1668 674 1714 :
722 1672 749 1710 ε
773 1649 1160 1712 Providebam
1182 1650 1572 1716 Dominumiu
1585 1666 1906 1738 conspectu
1921 1649 2054 1720 meo

418 1739 826 1822 semper,quia
852 1758 886 1800 s
910 1738 1134 1801 dextris
1161 1741 1312 1802 meis
1330 1749 1525 1816 est,ne
1547 1749 2054 1813 commovear75.s

2135 581 2408 673 ἠϐουλήθη
2464 591 2795 668 πορεύεσθαι,
2855 592 2910 648 iv
2953 607 3071 656 τοῖς
3127 596 3426 673 προφήταις
3492 594 3791 672 ὶπκνηρεύ-

2136 696 2286 762 σατο.
2346 667 2400 741 Ὀ
2452 678 2506 735 δὲ
2543 667 2903 762 ίπρεσϐὺτερος
2947 685 3057 748 υἱός
3113 667 3255 740 πάσι.
3285 685 3489 749 τούτοις
3550 687 3622 748 εἷς
3668 667 3786 739 ⁷δά·-

2137 761 2226 828 ξαν
2285 773 2416 823 Θεοῦ
2472 761 2846 849 ἀπεχρήσατο.
2883 773 3014 836 Δοὺς
3047 775 3135 829 οὗν
3163 775 3325 829 ταῦτα
3371 773 3558 840 ἐπίσης
3609 773 3789 828 εἴασεν

2139 853 2478 920 αὐτεξουσίως
2558 861 2889 938 πορεύεσθαι,
2969 860 3148 918 οὐδένα
3249 864 3348 941 γὰρ
3403 863 3638 938 βιάζεται
3715 862 3790 934 μὴ

2141 940 2398 1000 δουλεύειν
2455 948 2596 1021 αὖτῷ
2648 948 2993 1024 βουλόμενον.
3055 952 3112 1008 Εἰ
3161 940 3453 1028 γὰργῆθελε
3500 952 3789 1026 βιάζεσθαι,

2142 1029 2249 1087 οὐδ’
2305 1033 2368 1089 ἂν
2416 1033 2672 1116 ,λογικοὺς
2722 1039 2862 1112 ἡμᾶς
2933 1041 3022 1095 καὶ
3090 1038 3448 1104 αὐτεξουσίως
3483 1038 3790 1116 ’ὶδημιούρ-

2142 1142 2330 1198 γησεν.
2413 1112 2667 1182 ’Ἅπαντα
2732 1124 2787 1182 δὲ
2856 1135 3020 1184 ταῦτα
3070 1126 3371 1197 συλλήϐδην
3444 1131 3472 1185 ὁ
3535 1112 3790 1205 νεώτερος

2136 1211 2148 1230 9
2171 1207 2193 1226 ἢ
2816 1217 2830 1234 \
2922 1215 2944 1235 ’l
3162 1207 3174 1228 ε
3189 1206 3198 1224 Ι
3354 1217 3367 1238 9

2139 1211 2434 1278 εοαπάνησε
2470 1229 2484 1243 '
2546 1215 2634 1270 καὶ
2691 1217 2740 1271 τί
2781 1237 2842 1271 το
2883 1238 3057 1272 αιτιον
3091 1235 3107 1296 ς
3199 1226 3292 1274 Οτι
3345 1214 3688 1292 απεδήμησεν
3719 1217 3792 1278 εἰς

2138 1297 2324 1377 χώραν
2379 1303 2608 1380 μακράν,
2669 1302 2916 1361 Ἐπειδὰν
2985 1304 3085 1382 γὰρ
3170 1307 3197 1360 ὁ
3255 1302 3525 1384 ἅνθρωπος
3581 1306 3792 1379 ἀποστῇ

2138 1385 2243 1442 ἀπὸ
2304 1395 2457 1462 Θεοῦ,
2532 1391 2620 1446 καὶ
2705 1393 2912 1472 μακρὰν
2989 1391 3174 1449 ἕαυτὸν
3251 1395 3456 1470 ποιήσῃ
3513 1403 3605 1452 τοῦ
3656 1393 3796 1451 θείου

2138 1473 2324 1554 φόϐου,
2397 1479 2573 1535 πάντα
2613 1479 2679 1536 τὰ
2719 1484 2839 1538 θεῖα
2890 1479 3032 1560 δῶρα
3088 1478 3377 1554 ἐκδαπανᾷ.
3441 1483 3637 1560 Ἐγγὺς
3698 1480 3796 1556 μέν

2138 1561 2287 1630 ὄντες
2330 1575 2424 1624 τοῦ
2484 1575 2638 1648 Θεοῦ,
2692 1568 2836 1629 οὐδὲν
2889 1577 3124 1628 τοιοῦτον
3216 1579 3473 1647 ποιοῦμεν
3527 1569 3793 1633 ἀπωλείας

2139 1649 2307 1727 ἄξιον,
2341 1656 2476 1712 κατὰ
2515 1656 2575 1712 τό
2610 1672 2624 1686 ⁸
2666 1680 2694 1712 «
2728 1659 3070 1737 Προωρώμην
3102 1659 3194 1715 τὸν
3227 1660 3414 1738 Κύριον
3443 1660 3664 1716 ἐνώπιόν
3693 1680 3797 1733 μου

2140 1738 2452 1824 διαπαντὸς,
2483 1744 2563 1802 ὅτι
2594 1745 2655 1803 ἐκ
2682 1745 2860 1812 δεξιῶν
2903 1771 3005 1822 μου
3033 1747 3196 1819 ἐστὶν,
3229 1746 3320 1803 ἵνα
3352 1748 3429 1824 μὴ
3459 1746 3715 1807 σαλευθῶ.
3763 1766 3790 1800 ι

418 1831 526 1894 llio
547 1839 744 1892 autem
772 1828 946 1906 longe
970 1845 1003 1888 a
1034 1828 1204 1890 nobis
1222 1829 1790 1900 absente.efﬁcimur
1818 1846 2057 1917 aposta.

2146 1833 2360 1910 Μακρὰν
2403 1831 2457 1890 δὲ
2508 1836 2664 1892 αὐτοῦ
2719 1838 2806 1892 καὶ
2860 1835 3154 1892 ἀποστάται
3235 1836 3509 1912 γενόμενοι
3563 1836 3628 1891 τὰ
3682 1835 3798 1913 χεί-

418 1919 808 1995 ιω,ί“εεὶειιιεε
829 1927 887 1980 et
907 1917 1166 1979 ferentes
1183 1918 1444 1999 pessima
1467 1940 1714 2003 quasque
1731 1927 1897 2001 juxta
1917 1926 2061 1988 illud

418 2009 642 2072 dictum
673 2028 688 2071 :
722 2030 744 2065 α
771 2009 929 2071 Ecce
947 2006 1051 2086 qui
1073 2007 1349 2086 elongsnt
1376 2027 1442 2071 se
1467 2028 1501 2071 a
1532 2018 1612 2092 te,
1641 2013 1918 2091 peribunt
1936 2015 2058 2077 76.»

419 2096 733 2178 Dissipavit
752 2095 928 2174 igitur
962 2094 1355 2158 substantiam
1380 2116 1571 2160 suam.
1603 2101 1837 2164 Merito.
1870 2104 2064 2165 Virtus

420 2189 581 2250 enim
610 2186 931 2249 terminum
946 2204 1127 2245 unum
1143 2185 1410 2258 habet,et
1430 2207 1612 2249 unum
1632 2190 1928 2268 quoddam
1951 2201 2062 2254 est:

419 2284 478 2337 at
506 2273 730 2336 malitia
760 2273 1138 2336 multifariam
1179 2274 1367 2336 divisa
1399 2283 1512 2348 est,
1545 2294 1814 2338 errorum
1846 2280 2065 2340 multo-

420 2382 552 2425 rum
586 2380 784 2435 causa,
814 2370 876 2422 ut
902 2361 1159 2440 exempli
1189 2362 1375 2438 gratia
1403 2362 1765 2426 fortitudinis
1797 2385 1948 2428 unus
1978 2377 2067 2430 est

421 2452 616 2522 limes.
646 2461 706 2513 et
738 2450 977 2531 quando
1010 2457 1263 2529 oportet,
1292 2458 1351 2512 et
1393 2452 1689 2530 quomodo
1720 2464 1973 2535 oportet,
2009 2466 2068 2518 et

419 2558 559 2620 erga
575 2557 724 2620 quos
740 2544 973 2619 oportet
993 2536 1278 2599 irascibili
1302 2540 1387 2599 uti
1399 2538 1555 2601 .Vitii
1567 2551 1763 2602 autem
1789 2545 1920 2623 ejus
1937 2545 2066 2607 dum

417 2633 559 2692 sunt
581 2627 834 2709 species,
861 2627 1040 2688 timor
1066 2633 1125 2687 et
1151 2626 1418 2690 audacia.
1456 2627 1632 2691 Vides
1660 2634 1855 2711 Spargi
1876 2634 2067 2695 ratio-

417 2736 581 2794 nem,
617 2724 678 2780 et
721 2717 1005 2778 unitatem
1057 2713 1282 2776 virtutis
1324 2715 1665 2796 disperire?
1709 2719 2067 2802 Consumpta

417 2815 613 2870 autem
631 2803 962 2895 substantia
983 2803 1107 2877 illa,
1131 2803 1373 2869 homine
1393 2807 1720 2895 secundum
1743 2810 2062 2895 rationem,

417 2894 745 2960 naturalem
767 2892 904 2954 dico
924 2894 1140 2972 legem,
1159 2911 1277 2954 non
1299 2894 1555 2981 amplius
1572 2902 1843 2969 eunte,et
1866 2892 2058 2981 neque

412 2987 582 3067 juxta
611 2984 799 3064 legem
826 2981 1107 3063 scriptam
1138 2980 1479 3059 incedente,
1517 3003 1712 3065 neque
1743 2980 2061 3068 prophetas

418 3075 719 3155 audiente,
745 3073 933 3134 fames
959 3087 1172 3150 magna
1191 3070 1481 3133 estfacta:
1519 3090 1638 3133 non
1656 3073 1842 3136 fames
1865 3077 2056 3156 panis,

416 3165 521 3228 sed
544 3164 730 3225 fames
753 3158 1038 3222 audiendi
1059 3157 1302 3220 verbum
1324 3159 1586 3222 Domini.
1609 3161 1849 3224 Initium
1875 3165 1938 3226 fit
1962 3185 2064 3246 pe-

2144 1940 2296 1997 ριστα
2343 1921 2516 1978 πάντα
2571 1924 2659 1980 καὶ
2717 1931 2994 2000 ποιοῦμεν,
3055 1925 3141 1979 καὶ
3199 1925 3505 2004 πάσχομεν,
3543 1924 3678 1981 κατὰ
3707 1923 3792 1978 τό’

2151 2026 2176 2061 s
2209 2005 2340 2065 Ἰδοὺ
2383 2013 2427 2066 οἱ
2460 2013 2810 2089 μακρύνοντες
2842 2014 3058 2074 ἑαυτοὺς
3089 2013 3194 2068 ἀπὸ
3225 2019 3343 2092 σοῦ,
3375 2011 3726 2071 ἀπολοῦνται.
3755 2031 3788 2070 )

2151 2099 2494 2182 διεσκόρπισε
2551 2103 2721 2159 τοίνυν
2765 2125 2863 2170 την
2922 2103 3098 2159 οὐσίαν
3143 2101 3358 2165 εἰκότως
3388 2117 3402 2131 ⁸
3457 2104 3492 2169 η
3525 2102 3620 2165 μὲν
3691 2101 3794 2179 γὰρ

2147 2184 2310 2262 ἀρετὴ
2369 2185 2461 2243 ἕνα
2512 2187 2632 2268 ὅρον
2704 2190 2846 2270 ἔχει,
2906 2192 2994 2247 καὶ
3051 2189 3106 2246 ἓν
3165 2213 3215 2246 τι
3275 2190 3435 2246 ἐστίν’
3491 2193 3525 2258 ἡ
3556 2189 3797 2246 δὲκακία

2149 2272 2480 2354 πολυσχιδής
2530 2277 2666 2356 ἐστι,
2709 2280 2798 2334 καὶ
2827 2277 3030 2342 πλάνας
3061 2279 3355 2354 ἐμποιοῦσιν⁵
3382 2278 3612 2358 πολλὰς,
3645 2279 3791 2351 οἷον,

2149 2359 2310 2439 λόγου
2367 2364 2551 2443 χάριν,
2610 2367 2708 2431 τῆς
2770 2367 2868 2441 μὲν
2918 2365 3127 2445 ἀνδρίας
3160 2369 3246 2431 εἷς
3276 2369 3419 2424 ἐστιν
3449 2367 3591 2447 ὅρος,
3624 2369 3686 2423 τὸ
3739 2365 3797 2421 δὲ

2149 2447 2313 2524 ἔστιν,
2365 2450 2453 2507 ὅτε
2519 2451 2623 2526 δεῖ,
2683 2456 2770 2509 καὶ
2825 2455 2899 2517 ὡς
2955 2453 3061 2528 δεῖ,
3096 2459 3184 2511 καὶ
3211 2457 3343 2533 πρὸς
3370 2458 3455 2521 οὓς
3486 2455 3569 2512 δεῖ
3595 2463 3670 2530 τῷ
3698 2458 3794 2511 θυ-

2148 2544 2290 2611 μικῷ
2346 2542 2598 2618 χρᾶσθαι,
2641 2546 2752 2623 ςΓῆς
2811 2539 2865 2597 δὲ
2919 2545 3103 2607 κακίας
3165 2541 3252 2598 δύο
3302 2545 3368 2599 τὰ
3422 2543 3569 2623 εἴδη,
3629 2543 3797 2599 δειλία

2148 2626 2234 2681 καὶ
2291 2627 2569 2704 θρασύτης.
2639 2620 2793 2707 Ὀρᾷς
2875 2631 3286 2709 σκορπιζόμενον
3347 2633 3435 2687 τὸν
3479 2620 3660 2709 λόχον,
3707 2632 3798 2687 καὶ

2145 2715 2246 2781 τὴν
2303 2716 2528 2782 ἑνότητα
2559 2719 2656 2784 τῆς
2686 2719 2879 2797 ἀρετῆς
2916 2717 3290 2795 ἀπολλυμένην
3323 2738 3340 2799 ς
3393 2721 3797 2787 Δαπανηθείσης

2147 2803 2200 2859 δὲ
2256 2805 2355 2872 τῆς
2413 2805 2588 2871 οὐσίας
2643 2809 2866 2881 ταύτης,
2913 2809 3001 2864 καὶ
3044 2807 3238 2883 μηκέτι
3282 2809 3418 2864 κατὰ
3459 2806 3641 2885 λόγον,
3700 2808 3795 2862 τὸν

2147 2897 2362 2972 φυσικὸν
2447 2897 2608 2971 νόμον
2690 2899 2851 2976 φημὶ,
2915 2897 3269 2976 πορευομένου
3336 2899 3428 2953 τοῦ
3495 2896 3796 2971 ἀνθρώπου,

2144 2981 2280 3038 ἀλλὰ
2324 2982 2462 3058 μηδὲ
2509 2985 2656 3060 νόμῳ
2683 2994 3026 3065 στοιχοῦντος
3081 2991 3158 3058 τῷ
3205 2991 3446 3064 γραπτῷ,
3491 2984 3628 3059 μηδὲ
3658 3005 3799 3061 προ-

2143 3077 2326 3148 φητῶν
2371 3072 2678 3151 ἀκούοντος,
2741 3072 2897 3149 λιμὸς
2967 3076 3183 3153 ἰσχυρὸς
3240 3073 3466 3152 γίνεται,
3529 3075 3586 3128 οὐ
3642 3070 3798 3146 λιμὸς

2145 3157 2324 3236 ἄρτου,
2384 3159 2522 3218 ἀλλὰ
2576 3161 2731 3237 λιμὸς
2784 3171 2875 3219 τοῦ
2933 3163 3160 3222 ἀκοῦσαι
3217 3160 3377 3240 λόγον
3436 3161 3643 3239 Κυρίοδ.
3703 3157 3788 3219 Κα

417 3253 630 3327 nnriae,
664 3247 1143 3332 quandoquidem
1193 3265 1312 3308 non
1365 3246 1534 3310 timet
1579 3250 1921 3324 Dominum.
1958 3257 2060 3317 sed

2147 3247 2369 3328 ἄρχεται
2402 3251 2752 3328 ὑστερεῖσθαι,
2816 3252 2911 3308 οἷα
2968 3252 3046 3326 μὴ
3102 3248 3423 3330 φοϐούμενος
3465 3251 3555 3304 τὸν
3590 3248 3796 3327 Κύριον,

418 3344 592 3421 longe
619 3338 874 3401 discedit
895 3336 968 3426 ab
991 3335 1240 3426 eo.Nam
1267 3335 1338 3426 iis
1360 3336 1463 3416 qui
1487 3336 1699 3426 timent
1722 3337 2064 3426 Dominum,

417 3431 582 3493 nulla
605 3435 697 3492 est
721 3425 996 3508 penuria.
1018 3423 1324 3511 Quomodo
1346 3432 1543 3486 autem
1569 3425 1730 3487 nulla
1756 3438 1847 3489 est
1870 3423 2069 3511 inopia

419 3517 755 3582 timentium
781 3512 1100 3576 Dominum
1122 3509 1153 3569 Ἰ
1183 3509 1333 3582 Quia
1363 3510 1462 3590 qui
1495 3512 1661 3574 timet
1689 3515 1829 3574 406
1855 3509 2063 3579 Domi-

423 3604 658 3686 uum,in
681 3601 973 3664 mandatis
995 3601 1122 3680 ejus
1138 3597 1292 3660 volet
1315 3599 1514 3658 nimis:
1539 3615 1856 3679 propterea
1867 3613 1930 3667 et
1943 3613 2063 3684 gto.

420 3698 510 3760 ria
537 3704 597 3758 et
638 3693 859 3757 divitiae
887 3692 949 3752 in
991 3691 1168 3752 domo
1219 3689 1347 3768 ejus
1383 3709 1396 3750 :
1450 3689 1569 3751 imo
1616 3691 1894 3771 dispersit
1937 3696 2065 3775 ipse

421 3785 636 3868 potius,
668 3791 729 3848 et
758 3781 924 3844 dedit
967 3777 1324 3868 pauperibus
1346 3778 1406 3826 77
1449 3798 1464 3838 :
1520 3786 1744 3868 tantum
1789 3782 1957 3845 abest
2006 3794 2068 3847 ut

423 3867 614 3953 egeat.
641 3873 720 3934 At
740 3869 841 3953 qui
870 3870 1046 3948 longe
1067 3867 1365 3948 profectus
1388 3875 1476 3928 est
1505 3886 1538 3929 a
1561 3867 1838 3952 Domino,
1872 3882 1928 3934 et
1947 3894 2068 3936 non

423 3963 601 4027 habet
620 3969 758 4023 ante
777 3958 985 4020 oculos
1012 3953 1341 4018 terribilem
1362 3955 1828 4035 ejusfaciem,nil
1851 3961 2063 4024 mirum

421 4054 474 4117 si
503 4052 705 4133 inopia
729 4049 980 4124 laboret,
1007 4061 1283 4106 sermone
1317 4044 1516 4106 divino
1539 4045 1688 4107 nihil
1719 4047 1778 4109 in
1803 4049 1903 4112 illo
1922 4069 2069 4130 ope-

418 4149 612 4206 rante.
645 4139 716 4202 Et
743 4137 1044 4220 profectus
1071 4142 1180 4206 est.
1207 4133 1321 4194 hoc
1347 4141 1455 4213 est,
1483 4136 1771 4212 processit
1798 4145 1856 4198 et
1878 4138 2073 4218 profe-

420 4233 502 4296 cit
529 4231 592 4293 in
616 4228 858 4291 malitia.
899 4223 1166 4288 Adhaesit
1206 4220 1308 4284 uni
1352 4222 1566 4283 civium
1596 4224 1858 4302 regionis
1886 4227 2066 4289 illius.

419 4324 567 4387 Nam
613 4321 714 4403 qui
764 4319 1028 4382 adharet
1075 4315 1325 4377 Domino
1375 4333 1529 4376 unus
1574 4315 1816 4396 spiritus
1845 4319 1909 4380 ﬁt
1939 4338 2072 4380 cum

419 4413 523 4476 illo
554 4433 568 4472 :
608 4413 708 4490 qui
739 4427 879 4471 vero
909 4406 1180 4470 adhaeret
1210 4411 1427 4474 scorto.
1459 4410 1683 4467 natura:
1711 4407 2070 4488 daemonum,

420 4519 608 4564 unum
637 4517 856 4580 corpus
880 4498 1150 4578 ﬁt,atque
1181 4493 1244 4553 ﬁt
1269 4499 1427 4554 totus
1452 4510 1813 4574 caro,neque
1833 4497 2074 4576 spiritus

2149 3336 2286 3393 ἀλλὰ
2343 3341 2547 3416 μακρὰν
2594 3338 2811 3418 ἐπέχων
2870 3339 3047 3396 αὒτοῦ’
3100 3341 3171 3401 ὡς
3222 3351 3337 3402 τοῖς
3368 3359 3427 3416 γε
3457 3336 3796 3418 φοϐουμένοις

2149 3427 2238 3480 τὸν
2281 3427 2468 3505 Κύριον
2528 3426 2622 3484 οὐκ
2670 3427 2808 3483 ἔστιν
2864 3428 3156 3507 ὑστέρημα.
3219 3431 3339 3490 Πῶς
3397 3425 3452 3483 δὲ
3511 3431 3604 3484 οὐκ
3659 3425 3797 3481 ἔστιν

2148 3514 2420 3593 ὑστέρημα
2463 3528 2580 3580 τοῖς
2625 3514 2968 3595 φοϐουμένοις
3005 3537 3020 3593 ;
3077 3514 3221 3571 Διότι
3281 3519 3308 3572 ὁ
3356 3513 3678 3596 φοϐούμενος
3707 3515 3798 3568 τὸν

2151 3603 2335 3679 Κύριον
2388 3605 2444 3659 ἒν
2502 3617 2621 3667 ταῖς
2665 3603 2912 3669 εντολαῖς
2957 3607 3114 3661 αὐτοῦ
3174 3603 3386 3674 θελήσει
3430 3602 3648 3683 σφόδρα.
3700 3601 3798 3656 Δια

2147 3698 2300 3748 τοῦτο
2357 3689 2413 3747 δὲ
2471 3689 2592 3758 δόξα
2648 3695 2735 3749 καὶ
2785 3692 3010 3758 πλοῦτος
3066 3695 3123 3748 ‘sv
3161 3699 3238 3766 τῷ
3296 3693 3433 3766 οἴκῳ
3487 3694 3665 3761 αὐτοῦ,
3710 3688 3800 3746 καὶ

2147 3781 2428 3858 ἒσκόρπισε
2514 3781 2719 3855 μᾶλλον
2777 3783 2956 3861 αὐτὸς,
3037 3784 3124 3838 καὶ
3179 3779 3340 3837 ἔδωκε
3402 3794 3525 3861 τοῖς,
3579 3780 3795 3852 πένησι,

2149 3890 2392 3926 τοσουτον
2444 3870 2640 3950 ἀπέχει
2695 3873 2788 3927 τοῦ
2871 3871 3027 3933 αὐτὸς
3114 3872 3462 3949 ὑστερεῖσθαι.
3513 3859 3570 3927 ιΟ
3627 3870 3797 3927 τοίνυν

2153 3959 2360 4037 μακρὰν
2416 3958 2770 4034 ἀποδημήσας
2817 3967 2908 4015 τοῦ
2957 3966 3111 4034 Οεοῦ,
3144 3961 3230 4016 καὶ
3279 3959 3356 4034 μὴ
3386 3961 3486 4037 πρὸ
3515 3956 3798 4038 ὀφθαλμῶν

2154 4045 2298 4126 ἔχων
2356 4049 2418 4104 τὸ
2472 4045 2693 4129 φοϐερὸν
2753 4048 2909 4106 αὐτοῦ
2970 4049 3276 4127 πρόσωπον,
3325 4049 3620 4124 ὑστερεῖ-ται
3651 4047 3796 4102 εἰκό-

2154 4157 2284 4212 τως,
2358 4135 2562 4202 οῦδενὸς
2645 4139 2781 4194 θείου
2863 4138 3023 4216 λόγου
3097 4138 3150 4192 ὲν
3205 4137 3387 4210 ἐκείνῳ
3440 4136 3796 4214 ἐνεργοῦντος.

2158 4226 2255 4281 Καὶ
2312 4229 2598 4305 πορευθεὶς,
2644 4226 2909 4305 τουτέστι,
2969 4224 3307 4303 προοδεύσας,
3380 4225 3466 4280 καὶ
3523 4223 3798 4302 προκόψας

2156 4319 2224 4389 τῇ
2282 4315 2464 4388 κακίᾳ,
2543 4312 2807 4385 ἒκολλήθη
2864 4314 2938 4371 ὲνὶ
2991 4314 3096 4370 τῶν
3167 4312 3398 4370 πολιτῶν
3456 4317 3552 4380 τῆς
3613 4333 3798 4391 χωρας

2157 4400 2386 4469 ἐκείνης.
2475 4394 2532 4462 Ὀ
2604 4403 2700 4471 μὲν
2780 4404 2879 4481 γὰρ
2951 4401 3290 4479 κολλώμενος
3347 4409 3422 4476 τῷ
3493 4403 3681 4480 Κυρίῳ,
3744 4402 3798 4456 ἓν

2155 4489 2363 4566 πνεῦμα
2419 4492 2617 4569 γίνεται
2651 4507 2666 4522 ⁶
2715 4494 2743 4547 ὁ
2799 4489 2852 4547 δὲ
2917 4490 3252 4564 κολλώμενος
3309 4497 3376 4567 τῇ
3420 4492 3613 4569 πόρνῃ,
3649 4490 3799 4569 φύσει

424 4599 515 4653 est
549 4578 760 4670 capax,
793 4587 945 4648 sicut
985 4585 1046 4645 hi
1095 4581 1199 4670 qui
1239 4589 1510 4670 tempore
1540 4580 1763 4670 diluvii
1813 4585 2063 4646 fuerunt.

2159 4584 2266 4634 τῶν
2309 4579 2597 4656 δαιμόνων,
2645 4581 2699 4636 ἓν
2742 4587 2897 4655 σῶμα
2932 4581 3149 4658 γίνεται,
3202 4578 3326 4658 σὰρξ
3368 4579 3489 4642 ὅλος
3542 4580 3796 4670 καθιστά-

423 4679 595 4744 Cives
619 4669 897 4756 regiones
927 4672 1085 4734 illius
1109 4669 1212 4751 qui
1240 4687 1275 4730 a
1303 4670 1426 4732 Deo
1449 4669 1811 4756 defecerant,
1845 4673 2070 4734 daemo-

425 4786 534 4830 nes
563 4755 810 4828 omnino
845 4769 1002 4824 sunt.
1040 4762 1118 4822 At
1148 4759 1247 4838 qui
1304 4755 1556 4837 proﬁcit,
1605 4767 1664 4818 et
1712 4759 1770 4818 in
1815 4761 2072 4840 peccatis

421 4857 487 4919 ﬁt
520 4863 754 4936 potens,
800 4850 992 4931 pascit
1037 4863 1274 4929 porcos,
1321 4846 1434 4936 hoc
1466 4853 1598 4936 est,
1623 4855 1682 4907 et
1725 4847 1871 4910 alios
1899 4849 2073 4911 docet

424 4933 807 5017 malitiam,et
827 4939 1082 5002 lutosam
1106 4933 1539 5017 operationem.
1566 4933 1735 4997 Porci
1757 4936 1916 4998 enim
1935 4947 2072 4999 sunt

423 5052 633 5098 omnes
656 5031 758 5114 qui
771 5030 832 5092 in
855 5030 976 5091 luto
989 5025 1196 5088 vilium
1211 5032 1270 5086 et
1282 5022 1678 5114 materialium
1693 5025 2067 5088 affectionum

425 5110 782 5196 volutantur,
806 5135 942 5181 nam
970 5131 1286 5197 porcorum
1309 5110 1467 5174 oculi
1501 5131 1796 5193 nunquam
1827 5131 2073 5193 possunt

424 5228 662 5276 sursum
687 5215 980 5290 spectare,
1016 5203 1188 5267 aliam
1220 5199 1414 5263 sortiti
1445 5199 1881 5264 formationem.
1900 5201 2067 5266 Unde

419 5308 479 5362 θι
495 5315 812 5380 porcorum
835 5301 1101 5376 pastores
1117 5308 1254 5353 cum
1274 5306 1394 5380 D00
1420 5297 1664 5380 possunt
1683 5305 2065 5380 οοιῃρεεοθτθ

422 5375 667 5468 porcum
694 5375 1076 5460 clamantem,
1091 5375 1511 5468 resupinantes
1529 5375 1704 5468 illum
1720 5375 1983 5468 efﬁciunt
2001 5387 2066 5440 ut

422 5464 619 5538 minus
638 5468 1120 5536 clamet.Etenim
1137 5466 1304 5548 quasi
1319 5465 1383 5526 in
1407 5464 1812 5545 spectaculum
1829 5467 2064 5529 veniant

2156 4688 2340 4747 μενος,
2385 4671 2474 4725 καὶ
2532 4669 2610 4744 μὴ
2661 4669 2956 4742 πνεύματος
3011 4667 3254 4747 χώρησις
3312 4667 3366 4723 ἐν
3401 4668 3567 4739 ἑαυτῷ
3626 4666 3793 4745 ἔχων,

2155 4758 2228 4820 ὡς
2285 4760 2332 4813 οἱ
2390 4758 2475 4814 ἐπὶ
2511 4765 2602 4815 τοῦ
2652 4756 3043 4832 κατακλυσμοῦ,
3078 4755 3303 4814 Πολῖται
3343 4758 3442 4834 γὰρ
3471 4762 3568 4823 τῆς
3615 4757 3798 4835 χώρας

2154 4843 2359 4912 ἔκείνης
2401 4851 2500 4913 τῆς
2555 4846 2865 4925 ἀπεχούσης
2920 4853 3011 4902 τοῦ
3089 4853 3217 4902 Θεοῦ
3270 4846 3317 4899 οἱ
3373 4842 3614 4920 δαίμονες
3657 4843 3799 4900 πάν-

2153 4954 2258 5000 τως
2317 4936 2469 4998 είσίν.
2529 4938 2690 4997 Οὗτος
2736 4933 2789 4990 δὲ
2822 4934 3120 5013 προκόψας,
3153 4935 3242 4990 καὶ
3285 4931 3338 4990 ἐν
3385 4935 3543 5006 κακίᾳ
3584 4933 3796 4994 δυνατὸς

2151 5024 2384 5102 γεγονὼς
2443 5023 2630 5100 βόσκει
2675 5024 2914 5103 χοίρους,
2957 5023 3216 5103 τουτέστι,
3265 5025 3351 5080 καὶ
3411 5022 3590 5088 ἄλλοις
3648 5020 3797 5104 διδά-

2151 5112 2344 5177 σκαλος
2385 5115 2639 5180 πονηρίας
2712 5113 2907 5203 γίνεται
2967 5114 3053 5168 καὶ
3093 5111 3478 5203 ,βορϐορώδους
3528 5110 3793 5203 apag“,

2150 5204 2350 5266 Πάντες
2393 5203 2492 5281 γὰρ
2536 5205 2582 5259 οἱ
2625 5209 2702 5277 τῷ
2743 5199 2982 5280 βορϐόρῳ
3028 5202 3132 5259 τῶν
3183 5201 3382 5278 ἀτίμων
3415 5199 3681 5282 πράξεωνέ
3710 5201 3796 5254 καὶ

2148 5291 2342 5350 ὑλικῶν
2393 5296 2572 5349 παθῶν
2641 5290 2970 5366 ἐνηδόμενοι,
3033 5303 3213 5371 χοῖροι
3240 5306 3254 5321 °
3308 5298 3400 5348 τοῦ
3457 5292 3642 5371 χοίρου
3696 5291 3795 5367 γὰρ

2146 5383 2192 5438 οἱ
2251 5379 2509 5461 ὀφθαλμοὶ
2562 5377 2809 5438 οῦδέποτε
2867 5381 2934 5438 τὰ
2975 5377 3085 5437 ἅνω
3138 5377 3353 5461 βλέπειν
3405 5376 3668 5453 δύνανται,
3704 5374 3789 5431 ἁλ-

2143 5459 2367 5529 λοκοτου
2424 5467 2759 5532 διαπλάσεως
2803 5468 3086 5551 τυχόντες.
3151 5459 3323 5527 ’Ὅθεν
3365 5469 3453 5527 καὶ
3495 5471 3542 5526 οἱ
3598 5489 3792 5547 χοιρο-

498 5635 562 5687 7s
582 5632 739 5702 Psal.
759 5648 860 5711 xv,
891 5636 950 5694 8.
1036 5627 1101 5678 76
1129 5625 1286 5692 Psal.
1319 5639 1502 5698 sxw,
1539 5623 1639 5683 27.
1728 5622 1790 5672 ⁷7
1822 5626 1978 5690 Psal.
2013 5643 2141 5712 οιι,
2173 5629 2241 5702 9.
