4132 6298
316 382 443 449 953

1052 382 1499 445 ENABRATIO
1545 383 1625 445 ΙΝ
1673 381 2181 444 EVANGELIUM
2232 382 2471 444 LUCE.
2522 414 2594 426 —
2626 382 2797 444 CAP.
2850 384 2982 446 XV.

3598 380 3717 445 954

314 518 500 579 ϐοσκοὶ
526 516 737 578 ἐπειδᾶν
764 532 964 599 χοῖρον
994 518 1346 599 κατέχοντες,
1393 518 1453 576 ού
1491 517 1745 575 δύνωνται
1787 515 1975 573 παύειν

2065 520 2399 593 spectantes
2438 533 2569 596 qua!
2620 534 2920 597 nunquam
2977 517 3201 594 videre,
3261 527 3318 580 et
3358 517 3716 599 aspicientes

318 611 478 670 αὐτὸν
546 610 781 686 βοῶντα,
872 607 1296 688 ἀναστρέψαντες
1354 607 1561 672 ὕπτιον.
1625 605 1973 684 μετριώτερον

318 700 477 757 αὑτὸν
542 699 777 756 πείθουσι
839 699 991 775 βοᾷν.
1064 698 1235 756 Οἱονεὶ
1288 697 1389 777 γὰρ
1420 699 1495 762 εἷς
1525 695 1647 753 θέαν
1691 694 1855 752 ἐλθὼν
1896 696 1970 749 ὧν

324 792 421 847 οὐκ
476 785 591 845 εἶδέ
641 808 792 867 ποτε,
844 788 934 844 καὶ
988 787 1054 843 τὸ.
1082 785 1192 842 ἅνω
1223 785 1435 863 βλέπων
1465 785 1843 863 ἐκπλήττεται,
1885 782 1973 838 καὶ

324 882 470 955 σιγᾷ·
531 885 755 936 τοιοῦτοι
809 880 856 935 οἱ
908 874 1167 957 ὀφθαλμοὶ
1223 878 1328 932 τῶν
1385 876 1509 938 τοῖς
1539 873 1757 956 φαύλοις
1788 872 1972 951 ἐντρε-

326 965 595 1046 φομένων,
648 965 896 1024 οὐδέποτε
951 966 1019 1022 τὰ
1062 964 1171 1022 ἄνω
1200 967 1386 1043 ὁρῶσι.
1418 966 1645 1028 Γούτους
1675 966 1765 1021 οὖν
1790 960 1971 1038 βόσκει

326 1057 356 1111 ὁ
413 1053 625 1111 πολλῶν
694 1054 751 1111 ἰν
778 1055 937 1127 κακίᾳ
967 1054 1241 1134 προέχων,
1274 1054 1386 1111 οἶοι
1418 1055 1466 1110 οἱ
1494 1049 1866 1131 πορνοϐοσκοὶ,
1926 1052 1972 1107 οἱ

326 1142 673 1223 ἀρχιλῃσταὶ,
732 1145 780 1202 οἱ
842 1141 1224 1223 ἀρχιτελῶναι,
1278 1144 1473 1206 πάντες
1533 1142 1633 1221 γὰρ
1671 1142 1813 1197 οὗτοι
1843 1139 1968 1219 χοί-

328 1254 448 1312 ρους
517 1231 729 1309 βόσκειν
776 1231 1154 1313 λεχθήσονται.
1210 1232 1491 1308 Ἐπιθυμεϊ
1546 1230 1600 1288 δὲ
1665 1233 1694 1287 ὁ
1744 1228 1969 1291 ἐλεεινὸς

331 1327 483 1385 οὗτος
539 1321 852 1400 κορεσθῆναι
922 1322 1021 1391 τῆς
1094 1322 1377 1401 ἁμαρτίας,
1450 1322 1538 1377 καὶ
1593 1318 1756 1383 οὐδεὶς
1827 1322 1971 1391 αύτῷ

329 1407 508 1468 δίδωσι
563 1410 761 1478 ταύτης
831 1408 1009 1486 κόρον,
1065 1416 1180 1468 Τῶν
1251 1411 1350 1488 γὰρ
1392 1411 1572 1467 κακῶν
1623 1412 1684 1468 o6
1712 1405 1969 1482 λαμϐάνει

328 1499 509 1577 κόρον,
594 1500 622 1555 ὁ
678 1500 881 1564 τούτοις
935 1498 1233 1562 ἐνεθισθείς·
1300 1499 1378 1573 μὴ
1408 1499 1507 1578 γάρ
1535 1497 1683 1573 μένει
1714 1499 1748 1565 ἡ
1777 1493 1966 1575 ἡδονὴ,

329 1585 451 1643 ἀλλ’
507 1586 617 1663 ἅμα
667 1588 888 1667 γίνεται,
947 1590 1036 1645 καὶ
1096 1588 1425 1668 ἀπογίνεται,
1512 1588 1599 1645 καὶ
1681 1588 1972 1666 εὑρίσκεται

330 1675 492 1734 πάλιν
544 1678 695 1743 κενὸς
754 1680 782 1734 ὁ
852 1676 1108 1748 ἐλλεινὸς,
1184 1679 1444 1756 κερατίοις
1517 1678 1616 1756 γὰρ
1647 1673 1979 1755 παραϐάλλε-

2057 619 2321 675 sursum,
2381 611 2729 684 stupescunt
2777 612 2832 666 et
2876 605 3099 677 silent;
3158 607 3306 669 tales
3364 615 3502 669 sunt
3559 605 3717 667 oculi

2059 709 2265 752 eorum
2290 691 2390 772 qui
2422 695 2574 754 male
2605 693 2843 755 educati
2873 704 3049 757 sunt:
3089 716 3385 777 nunquam
3421 696 3619 758 vident
3648 715 3716 757 ea

2056 799 2186 859 quae
2215 800 2477 844 sursum.
2514 782 2687 844 Tales
2718 784 2905 863 pascit
2931 784 2981 845 is
3015 785 3115 864 qui
3149 786 3353 847 multis
3395 786 3451 846 in
3493 782 3714 846 malitia

2059 878 2294 948 prazest,
2318 881 2378 930 ut
2406 879 2545 932 sunt
2571 881 2901 934 scortorum
2931 874 3214 953 hospites,
3243 876 3333 937 vel
3370 873 3713 955 publicano-

2054 958 2311 1038 rum,vel
2338 960 2630 1021 latronum
2654 961 2957 1041 principes
2984 983 2997 1025 :
3033 963 3108 1023 de
3134 965 3411 1031 omnibus
3434 963 3593 1027 enim
3619 961 3711 1023 his

2054 1048 2374 1110 dicendum
2400 1050 2555 1129 quod
2582 1070 2794 1127 porcos
2818 1060 3077 1130 pascant.
3110 1056 3492 1133 Cupitautem
3511 1052 3693 1114 mise-

2054 1137 2262 1199 rabilis
2283 1138 2380 1199 ille
2398 1140 2649 1199 saturari
2671 1150 3005 1221 peccato,et
3030 1161 3202 1204 nemo
3227 1143 3279 1204 ei
3302 1143 3399 1204 dat
3421 1139 3692 1203 saturari.

2052 1226 2304 1287 Assueto
2326 1228 2486 1288 enim
2523 1227 2697 1289 malis
2724 1248 2896 1289 nemo
2918 1230 3015 1291 dat
3037 1230 3525 1293 satietatem.Non
3539 1228 3697 1292 enim

2056 1330 2253 1376 manet
2294 1316 2585 1396 voluptas,
2622 1318 2724 1379 sed
2760 1318 2937 1379 simul
2965 1327 3139 1400 atque
3168 1320 3474 1399 contingit,
3511 1318 3699 1400 proti-

2054 1423 2165 1466 nus
2199 1414 2257 1467 et
2303 1406 2456 1485 perit
2487 1407 2667 1487 ﬁtque
2700 1407 2913 1468 iterum
2952 1426 3160 1469 vacuus
3191 1409 3293 1471 ille
3323 1407 3697 1471 miserabilis.

2054 1493 2436 1557 Assimilatur
2478 1496 2636 1556 enim
2685 1496 2917 1576 siliquis
2966 1506 3272 1577 peccatum
3324 1497 3702 1559 dulcedinem

2060 1583 2287 1644 habens
2313 1593 2370 1644 et
2399 1585 2805 1663 asperitatem.
2841 1584 3104 1647 Delectat
3150 1587 3308 1648 enim
3341 1588 3412 1649 ad
3445 1598 3704 1666 tempus,

2062 1672 2285 1734 cruciat
2306 1691 2442 1733 vero
2465 1683 2769 1753 perpetuo.
2786 1674 3113 1755 Propterea
3136 1676 3330 1737 nullus
3352 1677 3449 1737 dat
3474 1676 3706 1737 satieta-

331 1788 421 1822 ται
488 1767 522 1833 ἡ
579 1766 827 1845 ἁμαρτία,
905 1765 1209 1844 γλυκύτητα
1257 1765 1459 1846 ἔχουσα
1524 1767 1612 1823 καὶ
1640 1765 1975 1856 τραχύτητα,

2066 1770 2183 1822 tem
2212 1761 2507 1822 malorum
2541 1762 2593 1822 ei
2626 1762 2727 1841 qui
2781 1762 2837 1822 in
2874 1761 2989 1823 illis
3023 1764 3380 1841 voluptatem
3413 1762 3703 1844 capiebat.

330 1854 504 1922 ἡδύνει
562 1856 658 1931 μὶν
715 1857 815 1934 γὰρ
872 1856 1187 1935 πρόσκαιρα,
1242 1855 1452 1927 κολάζει
1496 1854 1551 1911 δὲ
1580 1853 1750 1913 ἀίδια.
1807 1851 1980 1917 Οὒδεὶς

333 1952 420 2002 06v
473 1942 649 2001 δίδωσι
724 1948 1036 2025 κορεσθῆναι
1096 1950 1201 2000 τῶν
1258 1946 1440 2002 κακῶν
1495 1952 1573 2019 τῷ
1629 1944 1685 2000 ἐν
1772 1943 1981 2005 τούτοις

334 2034 619 2115 τρυφῶντι,
678 2034 766 2098 Τίς
821 2034 921 2113 γὰρ
987 2036 1073 2090 καὶ
1106 2032 1261 2091 δώσει
1328 2034 1471 2110 αύτῷ
1499 2034 1678 2114 κόρον,
1704 2034 1793 2090 καὶ
1836 2032 1980 2088 παύ-

333 2144 415 2179 σει
451 2140 468 2197 ;
524 2123 697 2199 Θεός;
757 2121 910 2179 Ἀλλ’
967 2121 1025 2180 οὗ
1056 2123 1303 2202 πάρεστι,
1335 2124 1541 2203 μακρὰν
1572 2124 1672 2201 γὰρ
1714 2131 1808 2181 106
1852 2127 1983 2178 Θεοῦ

2067 1849 2208 1921 Quis
2228 1849 2385 1910 enim
2411 1851 2667 1919 satiat,et
2692 1852 2998 1931 quiescere
3020 1852 3200 1914 facit?
3233 1854 3390 1916 Deus
3411 1852 3441 1912 ‘?
3462 1850 3565 1913 sed
3592 1870 3706 1911 non

2064 1938 2267 2000 adest:
2306 1958 2438 1999 nam
2461 1939 2560 2019 qui
2586 1939 2797 2000 talibus
2820 1941 3103 2021 vescitur,
3124 1942 3298 2021 longe
3319 1943 3487 2003 abest
3506 1960 3540 2003 a
3560 1943 3707 2005 Deo.

2066 2029 2157 2089 An
2192 2026 2539 2089 dmmones?
2570 2029 2640 2088 At
2674 2028 2732 2089 hi
2766 2028 2949 2089 multo
2984 2032 3169 2108 magis
3200 2030 3439 2090 solliciti
3470 2037 3605 2091 sunt
3641 2046 3713 2089 ne

2067 2135 2324 2197 unquam
2360 2117 2756 2197 quiescamus,
2793 2128 2851 2179 et
2889 2119 3113 2180 malitia
3147 2120 3390 2180 saturali
3423 2120 3629 2181 simus.

336 2209 609 2287 ἀποδημεῖ
659 2213 689 2269 ὁ
744 2220 909 2270 ταῦτα
956 2211 1160 2273 ἐσθίων,
1197 2211 1364 2269 Ἀλλά
1407 2211 1649 2289 δαίμονες
1685 2230 1701 2293 ς
1738 2212 1835 2270 Καὶ
1876 2215 1991 2275 πῶς
2022 2208 2143 2287 οἵγε
2176 2205 2380 2283 μᾶλλον
2426 2209 2578 2264 τοῦτο
2612 2206 2947 2287 σπεύδοντες,
2994 2211 3054 2265 τὸ
3087 2208 3353 2281 μηδέποτε
3386 2209 3589 2265 παῦλαν
3633 2210 3719 2263 καὶ

335 2302 426 2358 καὶ
456 2300 613 2378 κόρον
643 2300 882 2379 γενέσθαι
910 2306 1009 2367 τῆς
1041 2302 1227 2365 κακίας
1264 2321 1281 2377 ;

422 2412 451 2445 α
528 2390 616 2453 Εἰς
670 2390 854 2446 ἑαυτὸν
910 2388 965 2445 δξ
1016 2388 1205 2465 ἐλθὼν,
1270 2394 1414 2448 sine“
1475 2390 1638 2447 Πόσοι
1671 2391 1866 2467 μίσθιοι
1892 2396 1985 2446 106

339 2478 538 2558 πατρός
623 2499 725 2554 μου
777 2478 1174 2557 περισσεύονται
1258 2478 1430 2558 ἄρτων
1484 2500 1501 2553 ;
1560 2479 1668 2558 ἆγὼ
1723 2477 1777 2535 δὲ
1843 2478 1985 2555 λιμῷ

338 2566 666 2643 ἀπόλλυμαι,
724 2563 984 2630 Ἀναστὰς
1041 2568 1366 2646 πορεύσομαι
1454 2571 1585 2647 πρὸς
1643 2570 1735 2625 τὸν
1786 2570 1985 2649 πατέρα

346 2680 473 2733 μου,
544 2658 633 2713 καὶ
688 2654 792 2735 ὶρῶ
860 2658 1025 2730 αύτῷ.
1087 2658 1279 2736 Πάτερ,
1338 2656 1577 2736 ἥμαρτον
1599 2658 1672 2721 εἰς
1702 2659 1792 2714 τὸν
1823 2661 1984 2734 ούρα-

342 2749 431 2803 νὸν
479 2747 568 2803 καὶ
625 2743 850 2802 ἐνώπιόν
883 2767 997 2826 σου,
1032 2747 1118 2803 καὶ
1144 2750 1236 2805 οὐκ
1268 2746 1343 2803 ἔτι
1385 2747 1491 2819 εἰμὶ
1533 2744 1675 2812 ἄξιος
1723 2746 1986 2814 κληθῆναι

341 2836 448 2900 υἱός
506 2850 619 2895 σοο⁶
694 2834 917 2901 ποίησόν
974 2856 1041 2910 με
1071 2836 1143 2898 ὡς
1175 2834 1262 2891 ἕνα
1292 2843 1398 2893 τῶν
1449 2837 1666 2911 μισθίων
1712 2857 1828 2898 σου.
1889 2837 1988 2894 Καὶ

340 2924 570 2987 ἀναστὰς
625 2921 752 2991 ἦλθε
804 2924 935 3002 πρὸς
964 2925 1055 2979 τὸν
1084 2924 1285 3001 πατέρα
1329 2923 1534 2986 ἑαυτοῦ.
1565 2914 1699 2981 ’Ἐτι
1742 2922 1797 2979 δὲ
1828 2925 1986 2980 αὐτοῦ

341 3013 544 3092 μακρὰν
599 3011 922 3092 ἀπέχοντος,
982 3010 1127 3070 εἶδεν
1180 3014 1337 3069 αὐτὸν
1391 3016 1419 3070 ὁ
1463 3014 1642 3092 πατὴρ
1684 3016 1863 3093 αὐτοῦ,
1898 3014 1985 3069 καὶ

2150 2388 2308 2448 Vsus
2360 2384 2603 2447 17-21.«
2629 2384 2694 2447 In
2715 2403 2780 2450 se
2801 2394 2998 2446 autem
3030 2386 3503 2466 reversus,dixit:
3530 2384 3714 2457 Quam

2072 2475 2241 2539 multi
2269 2476 2625 2537 mercenarii
2648 2476 2830 2557 patris
2855 2476 2970 2537 mei
2995 2476 3298 2538 abundant
3318 2475 3717 2552 panibus?ego

2070 2585 2206 2628 vero
2240 2566 2391 2626 fame
2425 2583 2647 2644 pereo:
2682 2582 2919 2642 surgam
2942 2574 2998 2625 ct
3022 2565 3117 2628 ibo
3137 2566 3207 2626 ad
3235 2575 3461 2647 patrem
3494 2582 3717 2638 meum,

2072 2665 2130 2716 et
2160 2654 2354 2716 dicam
2385 2655 2440 2715 ei
2470 2675 2483 2717 :
2520 2657 2718 2736 Pater,
2740 2656 2977 2735 peccavi
3003 2655 3061 2715 in
3094 2656 3305 2717 caelum
3332 2665 3388 2717 et
3416 2662 3719 2726 coram'te;

2065 2746 2188 2824 jam
2207 2764 2321 2804 non
2342 2763 2474 2804 sum
2500 2743 2713 2822 dignus
2744 2745 2937 2806 vocari
2963 2746 3114 2808 [ilius
3140 2758 3296 2826 tuus,
3329 2745 3422 2806 fac
3448 2762 3541 2804 me
3565 2743 3721 2803 sicut

2070 2851 2256 2895 unum
2288 2834 2362 2895 de
2396 2834 2784 2895 mercenariis
2832 2835 2968 2895 tuis.
3027 2838 3095 2897 Et
3148 2851 3402 2911 surgens
3446 2832 3606 2893 venit
3642 2831 3713 2891 ad

2071 2932 2298 3001 patrem
2332 2940 2529 2985 suum.
2561 2924 2704 2982 Cum
2751 2933 2949 2984 autem
2983 2923 3176 2984 adhuc
3227 2923 3403 3001 longe
3449 2921 3711 2998 abesset,

2069 3010 2212 3070 vidit
2242 3010 2406 3071 illum
2437 3010 2829 3092 pateripsius,
2862 3022 2919 3073 et
2940 3011 3351 3072 misericordia
3384 3018 3577 3070 motus
3600 3015 3716 3081 est,

341 3101 795 3182 εὖσπλαγχνίσθη,
843 3102 929 3159 καὶ
976 3099 1189 3181 δραμὼν
1247 3100 1431 3158 ἔπεσεν
1459 3101 1545 3159 ἐπὶ
1590 3104 1681 3189 τον
1710 3100 1977 3182 τράχηλοι

2070 3106 2130 3161 et
2157 3116 2477 3160 accurrens
2508 3099 2628 3159 ruit
2675 3100 2734 3160 in
2768 3101 2984 3160 collum
3017 3099 3168 3179 ejus,
3204 3111 3263 3161 et
3296 3098 3594 3160 osculatus
3627 3106 3714 3157 est

343 3194 520 3271 αὐτοῦ,
578 3191 666 3247 καὶ
718 3188 1071 3270 κατεφίλησεν
1154 3192 1347 3256 αὐτὸν,
1424 3192 1565 3249 Εἷπε
1633 3188 1687 3246 δὲ

1770 3176 1912 3263 αύτῷ
1958 3193 1985 3247 ὁ
2005 3176 2044 3227 (³
2070 3206 2228 3249 eum.
2267 3186 2540 3266 Dixitque
2571 3190 2621 3249 ei
2648 3188 2803 3249 ﬁlius
2833 3209 2847 3251 :
2887 3176 3309 3267 Paterpeccavi
3334 3186 3393 3247 in
3416 3187 3633 3267 coelum
3661 3193 3722 3246 et

339 3280 471 3342 υἱόςο
504 3264 729 3357 ἹΙάτερ,
801 3264 1041 3358 ἥμαρτον
1092 3281 1165 3344 εἰς
1219 3280 1311 3335 τὸν
1366 3280 1585 3359 οὐρανὸν
1642 3280 1732 3335 καὶ
1760 3278 1977 3335 ἐνώπιόν

2071 3293 2269 3336 coram
2303 3284 2359 3336 te
2395 3296 2409 3335 :
2443 3264 2579 3335 407
2614 3295 2805 3355 neque
2838 3264 3089 3355 posthac
3110 3294 3239 3336 sum
3274 3275 3486 3353 dignus
3517 3264 3713 3334 Vocari

343 3391 463 3441 σου,
507 3369 598 3425 καὶ
646 3367 740 3424 οὒκ
785 3365 859 3423 ἔνι
903 3369 1010 3440 εἰμὶ
1040 3366 1189 3433 ἄξιος
1221 3367 1482 3435 κληθῆναι
1511 3369 1620 3433 υἱός
1664 3389 1780 3429 σου.
1839 3391 1863 3425 ι
1899 3369 1977 3432 Ei:

2075 3363 2228 3425 ﬁlius
2256 3372 2390 3424 tuus
2453 3390 2479 3419 ι)
2519 3364 3204 3445 Intemperatnstandem
3240 3364 3309 3425 ad
3337 3363 3596 3443 seipsum
3621 3380 3718 3423 re-

342 3457 527 3514 ἑαυτὸν
586 3454 743 3525 ἦλθεν
801 3458 829 3513 ὁ
909 3455 1038 3519 τέως
1090 3453 1318 3522 ἄσωτοςο
1352 3455 1453 3521 ἕως
1488 3458 1584 3532 μὲν
1640 3458 1736 3537 γὰρ
1769 3456 1977 3536 ἔπραττε

2073 3454 2204 3517 diit.
2238 3453 2508 3525 Quandiu
2562 3455 2713 3516 male
2757 3455 2989 3534 agebat,
3044 3464 3208 3515 extra
3256 3454 3517 3533 seipsum
3566 3459 3714 3514 erat.

341 3548 409 3603 τὰ
464 3544 661 3625 φαῦλα,
719 3544 819 3612 ἔξω
871 3546 1058 3602 ἑαυτοῦ
1085 3546 1176 3613 ἦν.
1215 3544 1663 3613 Καταδαπανῆσαι
1694 3546 1795 3625 γὰρ
1828 3545 1977 3625 λέγε-

2074 3546 2332 3605 Consum
2341 3542 2536 3622 psisse
2555 3544 2714 3605 enim
2745 3544 2963 3605 dicitur
2981 3542 3457 3623 substantiam,et
3481 3542 3716 3602 merito:

337 3657 428 3692 ται
472 3633 572 3701 τὴν
628 3634 828 3714 οὐσίαν,
888 3636 973 3690 καὶ
1039 3635 1282 3700 εἰκότωςο
1343 3633 1428 3694 διὰ
1454 3643 1608 3693 τοῦτο
1640 3634 1737 3701 ἔξω
1807 3635 1977 3694 ἐαυτοί

2076 3642 2320 3712 propter
2351 3632 2461 3694 hoc
2493 3642 2653 3694 extra
2680 3633 2943 3713 seipsum
2977 3642 3121 3695 erat.
3161 3631 3303 3693 Nam
3336 3631 3437 3713 qui
3466 3648 3584 3691 non
3609 3650 3721 3710 gu-

344 3723 509 3786 ἒστιν,
567 3713 625 3781 Ὀ
722 3713 822 3803 γὰρ
879 3724 957 3799 μὴ
1033 3721 1179 3803 λόγῳ
1235 3722 1654 3805 κυϐερνώμενος,
1714 3724 1851 3782 ἀλλά
1917 3727 1977 3788 ὡς

2074 3719 2358 3782 bernatur
2408 3721 2655 3802 ratione,
2707 3722 2807 3783 sed
2860 3731 3071 3802 printer
3118 3722 3408 3783 rationem
3460 3720 3620 3792 vivit,
3665 3726 3724 3781 et

343 3814 536 3891 ἄλογος
592 3819 721 3893 ζῶν,
779 3814 867 3869 καὶ
922 3812 1120 3891 ἑτέροις
1180 3813 1277 3880 τῆς
1328 3812 1548 3892 ἀλογίας
1596 3813 1861 3895 ἐξάρχων,
1894 3813 1977 3880 ἔξα

2075 3810 2335 3872 absurda
2365 3812 2482 3873 alia
2513 3812 2839 3892 exorditur,
2874 3819 3038 3873 extra
3070 3815 3333 3891 seipsum
3368 3818 3479 3879 est,
3516 3818 3573 3869 et
3603 3828 3721 3871 non

342 3903 530 3959 ἑαυτοῦ
574 3901 711 3975 ἐστι,
767 3902 856 3971 καὶ
913 3905 973 3959 οὗ
1031 3901 1179 3976 μένει
1236 3901 1322 3959 ἐπὶ
1388 3903 1489 3970 τῆς
1556 3904 1749 3967 οἰκείας
1791 3904 1977 3980 οὐσίας,

2079 3906 2275 3962 manet
2299 3899 2357 3961 in
2390 3919 2495 3961 sua
2524 3899 2869 3969 substantia,
2905 3902 3019 3961 hoc
3052 3908 3141 3961 est
3172 3900 3425 3961 ratione.
3472 3896 3722 3970 Quando

341 3990 607 4063 τουτέστι,
664 3996 757 4047 τοῦ
805 3988 987 4067 λόγου.
1048 3980 1232 4048 ’Ὅταν
1288 3989 1343 4046 δὲ
1397 3990 1777 4070 ἀναλογίσηται
1809 3993 1888 4056 τίς
1919 3992 1977 4049 ὥ*

2074 3998 2272 4050 autem
2315 3989 2447 4065 quis
2477 3990 2692 4067 cogitat
2726 3988 2786 4049 in
2818 3994 3098 4069 quantam
3131 3990 3365 4051 venerit
3394 3987 3721 4061 iniseriam,

342 4080 430 4136 ἰπὶ
498 4079 655 4136 ποίαν
725 4080 1059 4148 κατήντησεν
1131 4078 1439 4151 ἀθλιότητα,
1487 4080 1608 4137 τότε
1685 4081 1882 4159 γίνεται
1937 4084 1977 4137 ξη

2076 4087 2218 4140 tunc
2248 4079 2403 4139 redit
2432 4079 2504 4139 ad
2555 4079 2839 4158 seipsum,
2885 4078 3295 4149 considerans,
3344 4085 3402 4137 et
3431 4077 3487 4137 in
3527 4075 3720 4156 paeni-

343 4170 540 4243 ἐαυτῷ,
611 4167 976 4248 λογιζόμενος,
1038 4169 1127 4225 καὶ
1192 4170 1265 4230 εἰς
1357 4170 1640 4243 μετάνοιαν
1698 4170 1977 4247 ἐρχόμενος

2076 4168 2319 4228 tentiam
2350 4167 2595 4228 veniens
2624 4186 2656 4227 a
2675 4186 2781 4227 sua
2810 4166 3089 4227 exteriori
3118 4165 3510 4245 divagatione.
3541 4168 3720 4226 Porro

343 4256 451 4315 ἀπὸ
518 4263 617 4324 τῆς
677 4255 776 4322 ἔξω
858 4256 1316 4335 περιπλανήσεως.
1393 4259 1638 4321 Μισθίους
1694 4256 1750 4313 δὲ
1818 4256 1977 4335 λέγει

2078 4256 2479 4317 mercenarios
2502 4255 2646 4316 dicit
2668 4256 3155 4335 catechumenos,
3183 4255 3323 4334 quia
3355 4254 3616 4315 nondum
3651 4273 3720 4313 eo

342 4348 465 4405 οἷον
520 4347 641 4409 τοὺς
699 4344 1162 4425 κατηχουμὲνους,
1235 4345 1288 4401 οἵ
1323 4346 1470 4403 οὔπω
1499 4345 1725 4426 ἔφθασαν
1752 4345 1977 4424 γενέσθα1

2078 4354 2471 4422 pervenerant
2502 4352 2561 4406 ut
2587 4344 2931 4404 dicerentur
2948 4343 3076 4415 ﬁlii,
3106 4344 3242 4423 quia
3274 4341 3532 4403 nondum
3561 4350 3723 4403 recte

340 4438 464 4514 υἱοὶ,
520 4438 591 4501 ὡς
640 4458 808 4511 μηπω
867 4436 1236 4515 φωτισθέντες.
1301 4440 1518 4499 Πάντως
1548 4434 1603 4491 δὲ
1632 4438 1677 4492 οἱ
1709 4437 1977 4517 κατηχούε

2077 4432 2327 4496 illustrat
2342 4434 2355 4493 i
2387 4431 2641 4496 Omnino
2657 4442 2856 4495 autem
2871 4431 3286 4494 catechumcni
3301 4430 3717 4492 abundantiam

347 4491 464 4514 ""1
530 4491 591 4501 ί·
640 4491 716 4511 Γ·
881 4491 891 4515 1
1200 4491 1235 4498 "
1363 4491 1369 4493 ‘
1503 4491 1516 4499 '
1643 4491 1652 4492 ί
1713 4491 1947 4517 ""‘h"

346 4546 497 4600 μενοι
568 4524 870 4594 περισσείαν
929 4522 1114 4603 ἔχωσι
1173 4531 1279 4580 τῶν
1351 4523 1522 4604 ἄρτων
1577 4530 1685 4581 τῶν
1734 4524 1977 4603 λογικῶντ

2076 4524 2449 4585 rationalium
2486 4542 2701 4603 panum
2732 4520 2970 4593 habent,
3006 4521 3273 4601 quotidie
3304 4520 3593 4582 lectiones
3622 4537 3718 4580 au-

342 4604 460 4671 καθ’
519 4612 747 4679 ἑκάστην
832 4618 937 4668 τῶν
1020 4613 1457 4690 ἀναγνωσμάτων
1535 4612 1838 4677 ἀκούοντες.
1897 4616 1977 4673 κα

2075 4613 2333 4676 dientes.
2387 4614 2456 4672 Et
2488 4619 2549 4672 ut
2588 4611 2784 4673 discas
2830 4609 3224 4671 ditl‘erentiam
3277 4608 3632 4671 mercenarii
3667 4615 3725 4668 et

345 4702 437 4758 ’ίνα
492 4701 665 4776 μέθης
724 4699 974 4780 διαφορὰν
1030 4702 1235 4773 μισθίου
1291 4702 1380 4758 καὶ
1420 4701 1553 4775 υἱοῦ,
1600 4702 1782 4764 ἄκουε.
1837 4711 1977 4782 Τρεῖς

2078 4701 2206 4776 ﬁlii,
2235 4702 2397 4765 audi.
2429 4701 2576 4764 Tres
2600 4711 2737 4763 sunt
2768 4700 3007 4761 ordines
3029 4718 3232 4762 eorum
3267 4700 3363 4780 qui
3397 4699 3718 4760 salvantur.

346 4792 444 4848 είσι
514 4788 686 4855 τάξεις
742 4789 849 4845 τῶν
932 4790 1272 4863 σωζομένων·
1319 4791 1364 4846 οἱ
1417 4791 1513 4866 μὲν
1546 4792 1646 4871 γὰρ
1701 4793 1774 4852 ὡς
1820 4789 1972 4849 δοῦλο

2076 4791 2196 4854 Alii
2226 4793 2383 4854 enim
2419 4802 2477 4853 ut
2510 4792 2663 4853 servi
2705 4790 2927 4851 faciunt
2972 4790 3218 4863 bonum,
3256 4790 3532 4852 timentes
3554 4788 3721 4868 judi-

344 4880 554 4935 ποιοῦσι
618 4887 679 4933 τὸ
744 4875 906 4934 καλὸν
968 4876 1287 4957 φοϐύομενοι
1346 4879 1444 4947 τὴν
1504 4880 1696 4949 κρίσιν’
1762 4880 1791 4935 ὅ
1849 4882 1977 4937 καὶᾶ

2077 4879 2233 4942 cium
2264 4902 2277 4944 :
2313 4880 2467 4962 quod
2505 4889 2561 4941 et
2592 4880 2772 4943 David
2826 4878 3087 4940 insinuat
3125 4879 3377 4940 dicens:
3418 4903 3444 4933 α
3484 4877 3722 4954 Conﬁge

349 4965 518 5023 Δαυῖδ
576 4966 880 5023 αἰνίττεταιο
950 4989 976 5021 ε
1014 4964 1334 5036 Καθήλωσον
1364 4967 1423 5024 ἐκ
1450 4974 1544 5025 τοῦ
1575 4966 1737 5048 φόϐου
1768 4991 1860 5025 σου
1899 4968 1977 5026 τὰς

2081 4971 2294 5030 timore
2322 4978 2419 5030 tuo
2449 4987 2686 5030 carnem
2714 4987 2905 5028 meam
2941 4988 2956 5027 :
2989 4988 3020 5027 ει
3046 4968 3292 5047 judiciis
3318 4968 3475 5028 enim
3510 4966 3623 5026 tuis
3645 4966 3722 5024 ti-

344 5054 540 5133 σάρκας
602 5076 726 5134 μου,
788 5052 981 5133 λέγων·
1054 5054 1158 5110 ἀπὸ
1251 5056 1350 5134 γὰρ
1403 5062 1509 5113 τῶν
1567 5058 1841 5136 κριμάτων
1903 5080 1977 5115 σοι

2080 5057 2224 5120 mni.
2257 5083 2283 5113 ι
2314 5055 2820 5119 Mercenariivero
2835 5074 2968 5116 esse
2985 5055 3280 5131 videntur,
3304 5053 3723 5136 quidesiderio

345 5140 633 5223 ἐφοϐήθην.
674 5165 698 5200 ι
736 5145 796 5201 Οἱ
829 5142 885 5199 δὲ
930 5143 1126 5215 μίσθιοι
1172 5144 1315 5200 εἶναι
1345 5142 1585 5202 δοκοῦσιν
1615 5146 1861 5222 ἐπιθυμίᾳ
1887 5150 1977 5204 τῶι

2079 5145 2370 5207 bonorum
2407 5146 2559 5207 bene
2591 5146 2824 5225 placere.
2856 5146 2979 5206 Deo
3013 5145 3277 5226 cupiunt,
3316 5150 3468 5205 sicut
3498 5152 3555 5204 et
3597 5142 3725 5221 ipse

344 5233 557 5311 ἀγαθῶν
627 5232 933 5311 εὐαρεστεῖν
1015 5230 1328 5298 σπεύδοντες
1400 5240 1539 5313 Θεῷ,
1613 5236 1687 5299 ὡς
1746 5237 1774 5291 ὁ
1836 5237 1977 5313 αὐτὸς

2076 5234 2260 5297 David
2290 5234 2428 5295 dicit
2459 5252 2472 5296 :
2514 5260 2538 5289 ι
2574 5233 2848 5295 Inclinavi
2888 5252 2990 5293 cor
3044 5252 3238 5294 meum
3284 5233 3354 5293 ad
3386 5232 3722 5294 faciendum

345 5318 514 5376 Δαυῗδ
554 5335 737 5400 φησιν*
778 5343 807 5375 ε
835 5320 1057 5377 Ἐκκινα
1097 5320 1196 5387 τὴν
1246 5319 1462 5400 καρδίαν
1493 5311 1595 5397 μου
1635 5330 1731 5381 106
1772 5311 1972 5392 ποιῆσα

2074 5324 2524 5404 justiﬁcationes
2571 5331 2698 5384 tuas
2744 5322 2804 5383 in
2851 5331 3158 5397 aeternum,
3196 5331 3434 5402 propter
3462 5320 3724 5382 retribu-

342 5410 411 5466 τὰ
467 5406 804 5485 δικαιώματά
860 5430 954 5465 σου
1014 5411 1088 5474 εἰς
1134 5411 1227 5467 τὸν
1298 5416 1464 5486 αἰῶνα
1492 5409 1561 5467 δι’
1592 5411 1977 5489 ἀντὰμειῲινΑ

2084 5413 2459 5475 ιὶοηοηι.›Αι
2480 5412 2586 5473 ﬁlii
2615 5420 2747 5472 sunt
2771 5410 2870 5491 qui
2896 5419 3134 5491 propter
3150 5429 3412 5472 amorem
3429 5409 3493 5470 in
3512 5408 3721 5487 Deum,

346 5499 405 5556 Εἰ
461 5497 517 5555 δέ
572 5500 702 5555 εἰσιν
762 5499 888 5579 υἱοὶ,
919 5496 989 5555 δι’
1018 5498 1235 5577 ἀγάπην
1265 5500 1363 5567 τὴν
1392 5501 1525 5580 πρὸς
1557 5503 1687 5559 Θεὸν
1717 5511 1977 5561 ποιοῦντα

2083 5503 2358 5563 mandata
2386 5502 2698 5581 perﬁciunt
2725 5520 2739 5562 :
2770 5500 2927 5560 sicut
2953 5500 3170 5562 iterum
3214 5500 3393 5564 David
3432 5505 3720 5563 testatur:

341 5586 437 5651 τὰς
491 5586 709 5651 ὶντολάς
782 5590 962 5664 αὺτοῦ,
1033 5590 1108 5654 ὡς
1197 5590 1287 5645 καὶ
1364 5588 1522 5647 πάλιν
1564 5590 1591 5646 ὁ
1644 5593 1799 5655 αὐτὸς
1835 5597 1977 5649 Δαυΐ‹

2082 5590 2390 5666 Quomodo
2439 5591 2614 5653 dilexi
2674 5590 2865 5669 legem
2913 5595 3098 5666 tuam,
3145 5588 3422 5662 Domine,
3468 5597 3587 5650 tota
3627 5587 3727 5655 die

386 5702 392 5711 ’
424 5719 488 5770 ’⁷8
512 5715 669 5785 Prol.
693 5732 899 5797 amr,
925 5717 1033 5786 28.
