4132 6298
457 374 573 439 965

1420 380 2013 446 THEOPHYLACTI
2060 383 2467 449 BULGARI/E
2513 390 2863 453 ABGHIEP.
2912 410 2920 417 ·

3717 393 3848 457 956

459 526 761 588 meditatio
794 544 926 590 mea
953 535 1043 589 est
1058 528 1182 590 78.:
1212 528 1281 590 Et
1310 530 1527 592 iterum
1555 547 1567 591 :
1602 552 1625 586 α
1664 531 1870 594 Levavi
1904 550 2103 594 manus

2194 535 2476 598 μαρτυρεϊο
2538 544 2567 581 ‹
2631 512 2725 585 Ὠς
2808 524 3068 602 ἠγάπησα
3122 526 3213 582 τὸν
3283 528 3444 602 νόμον
3472 549 3592 602 σου,
3627 531 3836 607 Κύριαι

461 635 622 677 meas
650 616 721 677 ad
753 618 1029 679 mandata
1049 625 1169 692 tna,
1192 637 1323 699 qua;
1348 617 1549 691 dilexi,
1569 639 1742 695 mon,
1761 639 1893 701 quae
1916 620 2107 684 timui.

459 706 529 767 Et
560 704 773 767 iterum
804 726 859 765 τα
884 705 1182 770 Mirabilia
1205 706 1547 769 testimonia
1578 716 1697 784 tua,
1731 718 1788 770 et
1809 710 1950 787 quia
1970 719 2107 771 sunt

460 792 753 856 mirabilia
785 794 895 875 (α),
932 795 1066 857 ideo
1115 803 1370 858 scrutata
1420 815 1489 859 ea
1532 806 1620 859 est
1655 800 1852 860 anima
1884 817 2036 863 mea.
2074 822 2097 855 ιι

456 888 599 947 Cum
632 884 809 964 igitur
853 884 986 964 quis
1016 884 1196 946 fuerit
1226 886 1282 945 in
1337 886 1549 947 ordine
1581 887 1761 959 ﬁlius,
1798 896 1856 948 et
1885 887 2105 949 deinde

460 983 701 1055 propter
758 980 1067 1055 peccatum
1116 974 1448 1055 abdicatur,
1501 976 1773 1056 videtque
1814 977 1962 1039 alios
1990 976 2105 1038 frui

457 1064 670 1126 divinis
692 1063 887 1142 donis,
916 1070 975 1124 et
1003 1064 1514 1126 communicantes
1557 1064 1774 1126 divinis
1804 1066 2103 1146 mysteriis

456 1160 517 1214 et
545 1152 743 1213 divino
778 1170 965 1231 pane:
1001 1171 1119 1212 non
1153 1151 1311 1214 enim
1343 1154 1415 1214 de
1468 1154 1610 1214 solis
1656 1154 2101 1216 catechumenis

457 1240 700 1319 intelligi
725 1248 957 1322 oportet
987 1240 1141 1320 quod
1194 1241 1269 1302 de
1316 1243 1692 1305 mercenaria
1722 1243 1958 1324 dicitur,
1994 1243 2100 1306 sed

453 1338 513 1392 et
541 1331 617 1392 de
646 1332 721 1393 iis
752 1331 850 1411 qui
884 1338 1024 1392 sunt
1063 1332 1119 1391 in
1176 1329 1443 1393 Ecclesia
1492 1330 1848 1414 simpliciter
1880 1354 1996 1394 non
2040 1334 2103 1395 in

457 1420 647 1499 primo
681 1420 889 1483 ordine
922 1421 1001 1501 (ὑ)
1034 1442 1047 1501 ;
1085 1430 1224 1481 tunc
1271 1420 1370 1482 illa
1412 1422 1539 1483 haec
1569 1423 2104 1486 commiserationis

456 1507 634 1571 verba
681 1508 790 1570 sibi
841 1510 960 1589 ipsi
1010 1510 1211 1572 dicere
1264 1509 1485 1571 debet:
1537 1510 1689 1583 Quot
1747 1512 2106 1575 mercenarii

454 1600 644 1662 Patris
670 1599 784 1660 mei
807 1598 1109 1660 abundant
1134 1604 1319 1680 pane!
1360 1618 1466 1678 ego
1489 1609 1684 1663 autem
1716 1603 1871 1663 fame
1896 1620 2097 1682 pereo.

456 1687 567 1751 Sed
588 1708 835 1767 surgens
860 1687 939 1751 de
955 1689 1125 1750 ruina
1149 1688 1500 1767 peccati,ibo
1520 1690 1589 1750 ad
1625 1692 1853 1752 Patrem
1877 1711 2098 1767 meum,

455 1788 514 1839 et
545 1778 736 1840 dicam
765 1778 821 1839 ei
849 1799 863 1837 :
899 1777 1091 1853 Pater,
1119 1778 1357 1859 peccavi
1392 1780 1448 1839 iu
1476 1779 1688 1840 caelum
1723 1791 1778 1842 et
1799 1790 2096 1844 coramte.

2190 608 2321 689 ὅλην
2399 616 2496 678 την
2567 610 2767 687 ἡμέραν
2827 611 3028 688 μελέτη
3092 636 3195 689 μου
3234 615 3367 677 ὶστί.
3418 637 3443 674 υ
3502 619 3591 674 καὶ
3642 618 3836 680 πάλιν.

2197 721 2220 754 ε
2281 687 2413 779 Ἠρα
2481 701 2574 763 τὰς
2627 687 2837 780 χεῖράς
2876 724 2980 777 μου
3035 687 3167 783 πρὸς
3212 705 3304 770 τὰς
3334 703 3550 770 ἐντολάς
3594 729 3709 785 σου,
3769 709 3838 769 ἅς

2187 787 2468 866 ἠγάπησα,
2503 813 2533 845 π
2582 789 2687 870 οὺχ
2713 790 2776 854 ἅς
2805 789 3089 870 ἐφοϐὴθην·
3123 794 3210 849 καὶ
3250 792 3431 850 πάλινο
3480 815 3510 853 ι
3545 801 3838 873 Θαυμαστὰ

2186 878 2251 933 τὰ
2300 878 2554 958 μαρτυρία
2623 901 2742 954 σου,
2800 882 2889 937 καὶ
2947 880 3029 940 διὰ
3084 884 3146 938 τὸ
3205 883 3348 941 εἴναι
3394 886 3690 960 θαυμαστὰ,
3744 887 3836 945 διὰ

2185 974 2338 1026 τοῦτο
2398 967 2743 1049 ἐξηρεύνησεν
2771 971 2902 1029 αὐτὰ
2944 975 2979 1042 ἡ
3023 973 3178 1052 ψυχὴ
3222 995 3346 1049 μου.
3386 996 3410 1032 ι
3451 964 3628 1033 υΟταν
3657 979 3745 1034 οὗν
3775 979 3835 1036 ἐν

2184 1064 2251 1133 τῇ
2322 1054 2464 1123 τάξει
2522 1067 2614 1118 τοῦ
2685 1062 2797 1117 υἱοῦ
2863 1059 2937 1117 ὥν
2993 1082 3094 1136 τις,
3152 1066 3274 1119 εἶτα
3301 1060 3386 1119 διὰ
3415 1065 3513 1133 τὴν
3567 1066 3834 1147 ἁμαρτίαν

2183 1146 2631 1228 ἀποκηρυχθείη,
2670 1150 2758 1204 καὶ
2826 1150 2969 1228 ὁρῴη
3039 1149 3232 1216 ἄλλους
3301 1146 3689 1219 ἀπολαύοντας
3722 1165 3835 1215 τῶν

2182 1238 2335 1292 θείων
2434 1237 2809 1317 χαρισμάτων,
2902 1240 2990 1295 καὶ
3054 1242 3435 1306 κοινωνοῦντας
3505 1250 3610 1301 τῶν
3677 1249 3837 1305 θείων

2185 1325 2511 1401 μυστηρίων,
2582 1327 2669 1383 καὶ
2721 1328 2815 1384 τοῦ
2860 1327 3018 1407 ἄρτου
3087 1350 3180 1385 του
3260 1331 3421 1388 θείουο
3520 1332 3638 1391 οὐδὲ
3728 1338 3836 1415 γὰρ

2185 1417 2302 1493 περὶ
2357 1421 2465 1472 τῶν
2520 1417 2944 1497 κατηχουμένων
2987 1419 3148 1493 μόνον
3182 1420 3292 1499 χρὴ
3322 1434 3468 1478 νοεῖν
3497 1423 3572 1487 ὡς
3612 1426 3839 1500 μισθίων

2185 1503 2509 1584 λεγομένων,
2570 1504 2706 1562 ἀλλά
2756 1509 2844 1563 καὶ
2896 1513 3000 1564 τῶν
3072 1508 3125 1564 ἐν
3181 1515 3248 1585 τῇ
3308 1508 3601 1584 Ἐκκλησία
3644 1513 3835 1579 ἁπλῶς

2186 1597 2263 1671 μὴ
2333 1598 2431 1662 τῆς
2493 1595 2712 1675 πρώτης
2757 1595 2953 1664 τάξεως
3011 1596 3199 1654 ὄντων·
3277 1598 3400 1657 τότε
3442 1598 3508 1668 δὴ
3554 1604 3717 1659 ταῦτα
3761 1606 3835 1660 τὰ

2185 1686 2364 1761 οἰκτρὰ
2415 1683 2611 1765 ὀφείλει
2673 1684 2939 1763 ἓπιλέγειν
3004 1689 3199 1762 ἓαυτῷο
3258 1688 3422 1747 Πόσοι
3482 1691 3675 1765 μίσθιοι
3733 1700 3836 1751 τοῦ

2184 1774 2388 1853 Πατρός
2460 1796 2561 1849 μου
2614 1775 3006 1853 περισσεύουσιν
3083 1775 3275 1855 ἀρτων*
3363 1777 3471 1855 ἐγὼ
3558 1779 3615 1836 δέ
3684 1789 3833 1859 λιμῷ

453 1866 932 1948 Derelinquendo
964 1858 1131 1929 enim?
1157 1867 1441 1939 ccelestia,
1479 1870 1714 1948 peccavi
1739 1870 1799 1930 in
1826 1888 1913 1940 ea.
1945 1890 2099 1950 prae-

2186 1862 2511 1934 ἀπόλλυμαι.
2574 1860 2723 1920 Ἀλλ’
2780 1863 3030 1945 ἀναστὰς,
3093 1864 3384 1940 τουτέστιν,
3435 1863 3497 1923 ἐκ
3536 1875 3628 1926 τοῦ
3669 1872 3830 1928 πτώ-

453 1956 651 2019 ferens
672 1956 815 2035 ipsis
834 1957 1191 2038 voluptatem
1219 1957 1757 2038 contemptibilem,
1784 1969 1843 2020 et
1865 1961 2102 2041 praeeli-

452 2066 598 2125 gens
615 2047 837 2109 cmlesti
856 2046 1059 2127 patria;
1085 2065 1232 2107 meae
1249 2047 1549 2125 regionem
1582 2048 1774 2111 famis.
1799 2049 2101 2121 Quemad-

454 2136 692 2198 modum
722 2136 906 2206 enim,
926 2143 990 2195 ut
1018 2135 1271 2213 exempli
1296 2136 1479 2213 gratia
1507 2136 1863 2217 dicamus,in
1891 2158 2099 2201 aurum

450 2245 699 2306 peccare
729 2226 965 2304 dicitur,
1001 2225 1102 2304 qui
1135 2224 1221 2285 illi
1253 2225 1559 2304 plumbum
1610 2226 1845 2305 praefert
1879 2245 1892 2290 :
1931 2228 2013 2289 ita
2037 2228 2098 2289 in

449 2317 661 2377 caelum
704 2321 934 2393 peccat,
988 2312 1089 2392 qui
1132 2312 1219 2372 illi
1268 2320 1505 2373 terrena
1556 2316 1864 2394 prvponit.
1916 2315 2104 2378 Abest

449 2413 644 2466 autem
679 2403 972 2463 omninoa
993 2404 1082 2461 via
1108 2419 1236 2479 quae
1267 2400 1381 2461 fert
1417 2401 1474 2461 in
1509 2404 1746 2465 caelum.
1773 2402 1936 2464 Scias
1959 2406 2097 2465 item

451 2492 606 2573 quod
639 2489 877 2571 quando
910 2490 1193 2569 peccavit,
1230 2489 1397 2567 quasi
1428 2508 1543 2550 non
1576 2507 1775 2551 coram
1808 2490 1931 2552 Deo
1957 2510 2096 2572 epe-

2187 1975 2355 2029 ματος
2410 1959 2506 2020 τῆς
2565 1953 2849 2036 ἁμαρτίας,
2906 1955 3231 2033 πορεύσομαι
3260 1958 3390 2035 πρὸς
3457 1959 3549 2014 τὸν
3617 1961 3831 2040 Πατέρα

2185 2064 2309 2123 μου,
2377 2045 2463 2099 καὶ
2521 2043 2625 2122 ἐρῶ
2680 2042 2842 2118 αὐτῷ’
2906 2044 3099 2122 Πάτερ,
3153 2042 3390 2123 ἥμαρτον
3446 2048 3518 2110 εὶς
3549 2049 3639 2105 τὸν
3668 2051 3834 2127 ούρα-

2186 2134 2296 2205 νὸν,
2357 2134 2444 2188 καὶ
2503 2132 2729 2190 ἐνώπιόν
2786 2152 2903 2191 σουο
2955 2131 3262 2190 καταλιπὼν
3320 2136 3419 2214 γὰρ
3474 2137 3540 2195 τὰ
3590 2140 3831 2217 οῦράνια,

2184 2221 2421 2300 ἥμαρτοδ
2460 2225 2534 2286 εἷς
2589 2222 2776 2302 ταῦτα,
2848 2223 3179 2302 προτιμήσας
3213 2222 3387 2281 αὐτῶν
3413 2225 3512 2293 τὴν
3564 2229 3833 2285 κατάπτι-

2184 2332 2308 2367 στον
2348 2308 2564 2384 ἡδονὴν,
2618 2313 2706 2367 καὶ
2762 2312 2858 2379 τῆς
2917 2310 3160 2390 πατρίδος
3193 2335 3296 2388 μου
3339 2316 3557 2393 ούρανοῦ
3585 2317 3685 2385 τὴν
3735 2328 3833 2377 τοῦ

2183 2397 2343 2472 λιμοῦ
2397 2399 2580 2479 χώραν
2664 2401 2969 2478 προκρίνας,
3035 2394 3252 2481 ’Ὥσπερ
3335 2404 3435 2482 γὰρ
3503 2405 3827 2486 ἁμαρτάνειν

2181 2486 2415 2564 λέγεται,
2488 2487 2610 2567 φέρε
2669 2488 2840 2543 εἰπεῖν
2911 2489 2985 2552 είς
3041 2491 3265 2567 χρυσὸν,
3299 2492 3326 2544 ὁ
3356 2490 3607 2565 μόλιϐδον
3663 2495 3825 2550 αὑτοῦ

449 2600 589 2643 rans
620 2578 926 2657 peccavit;
976 2577 1211 2657 quando
1262 2586 1461 2639 autem
1514 2580 1850 2661 confitetur,
1891 2599 2093 2643 coram

2186 2582 2473 2656 προτιμῶν,
2530 2576 2693 2641 οὕτως
2750 2578 2824 2639 εἰς
2894 2578 3110 2655 οὐρανὸν
3174 2579 3486 2655 ἁμαρτάνει,
3548 2584 3576 2637 ὁ
3634 2584 3823 2639 τούτου

453 2672 576 2733 Deo
603 2688 667 2730 se
700 2685 982 2745 peccasse
1012 2667 1213 2730 sentit.
1269 2669 1452 2729 Porro
1499 2668 1638 2728 408
1666 2687 1914 2748 surgens
1939 2670 2097 2732 vadit

2186 2667 2511 2741 προτιμήσας
2567 2666 2632 2721 τὰ
2702 2666 2890 2743 γήϊνα.
2972 2662 3363 2745 Ἀποτυγχάνει
3447 2670 3548 2747 γὰρ
3603 2672 3818 2736 πάντως

451 2760 521 2821 ad
552 2757 783 2820 Patrem
831 2776 1027 2817 suum.
1061 2757 1190 2818 Non
1225 2756 1414 2816 solum
1449 2757 1607 2818 enim
1641 2759 2092 2821 consultandum

2186 2760 2277 2821 τῆς
2338 2758 2411 2819 εἱς
2480 2757 2571 2811 τὸν
2620 2756 2835 2835 οὐρανὸν
2894 2756 3151 2836 φερούσης
3204 2753 3344 2817 ὁδοῦ.
3377 2754 3703 2824 Ἐπίστησον
3732 2758 3816 2838 δὲ,

450 2855 541 2909 est
569 2848 644 2909 de
674 2845 766 2908 his
798 2865 929 2927 quae
951 2846 1188 2926 placent
1210 2848 1357 2919 Deo,
1386 2846 1489 2906 sed
1526 2863 1587 2907 et
1619 2866 1767 2927 opus
1798 2857 1886 2908 est
1917 2849 2093 2910 facto.

2186 2843 2284 2913 ὅτι,
2347 2844 2472 2901 ὅταν
2530 2844 2626 2919 μὲν
2682 2845 3007 2924 ἡμάρτανεν,
3077 2846 3151 2906 ὡς
3182 2844 3260 2920 μὴ
3284 2843 3508 2902 ἐνώπιον
3562 2852 3653 2902 τοῦ
3684 2852 3820 2902 Θεοῦ

449 2937 620 3001 Nunc
663 2935 1165 3017 quemadmodum
1218 2934 1416 2995 vidisti
1470 2935 1753 2997 fervidam
1800 2939 2097 3017 paeniten-

2186 2935 2425 3012 πράττων
2482 2935 2807 3014 ἡμάρτανεν,
2870 2932 2957 2990 ὅτε
3009 2932 3065 2989 δὲ
3122 2931 3546 3012 έξομολογεϊται,
3594 2934 3828 2990 ἐνώπιον

453 3026 617 3106 tiam,
652 3030 733 3087 ita
764 3033 821 3087 et
870 3023 1129 3090 celerem
1186 3022 1375 3085 Patris
1426 3024 1895 3088 misericordiam
1943 3028 2096 3088 vide.

2186 3032 2276 3081 τοῦ
2333 3031 2462 3081 Θεοῦ
2518 3024 2843 3103 ἡμαρτηκὼς
2906 3023 3225 3084 αἰσθάνεται.
3282 3022 3542 3086 Ἀναστὰς
3589 3021 3643 3077 δὲ
3698 3021 3829 3090 ἦλθε

451 3115 653 3196 Neque
686 3115 844 3175 enim
877 3114 1241 3194 exspectavit
1267 3113 1457 3175 donec
1480 3114 1636 3175 filius
1658 3114 1883 3176 veniret
1914 3116 1985 3176 ad
2010 3135 2099 3197 se,

2186 3116 2316 3193 πρὸς
2385 3116 2475 3170 τὸν
2546 3113 2745 3192 πατέρα
2801 3116 2981 3186 αὐτοῦ,
3042 3110 3126 3168 δεῖ
3181 3112 3280 3190 γὰρ
3336 3112 3479 3186 ἡμᾶς
3538 3111 3825 3209 μὴημόνον

452 3206 557 3268 sed
598 3203 879 3286 praevenit
912 3211 969 3263 et
996 3201 1377 3281 amplexatur
1405 3222 1419 3263 :
1456 3212 1621 3283 pater
1651 3204 1809 3265 enim
1836 3214 1922 3266 est
1944 3204 2103 3267 beni—

2188 3203 2465 3281 βούλεσθαι
2520 3204 2585 3260 τὰ
2626 3201 2750 3281 φίλα
2800 3206 2939 3277 Θεῷ,
3000 3200 3137 3257 ἀλλὰ
3177 3201 3266 3256 καὶ
3307 3200 3574 3279 πράττειν,
3609 3200 3827 3273 ’Ὠσπερ

454 3294 701 3373 gnitate.
736 3293 913 3353 etiam
948 3291 999 3352 si
1032 3305 1247 3352 natura
1278 3293 1438 3354 Deus
1469 3300 1579 3368 est,
1616 3305 1673 3353 et
1717 3300 1874 3354 totus
1918 3302 2103 3356 totum

454 3383 854 3462 amplectitur,
886 3389 953 3442 ut
980 3382 1380 3461 undequaque
1405 3381 1595 3459 ipsum
1622 3381 1692 3441 ad
1728 3400 1792 3441 se
1816 3384 2103 3444 constrin-

453 3481 569 3552 gat,
605 3471 759 3531 sicut
788 3470 1008 3530 dictum
1035 3478 1125 3530 est
1160 3491 1172 3532 :
1209 3490 1236 3527 α
1262 3467 1332 3529 Et
1360 3469 1547 3546 gloria
1578 3468 1679 3531 Dei
1715 3471 2103 3532 circumdabit

453 3571 569 3622 te.)
598 3558 749 3623 Olim
788 3558 1025 3631 quidem
1058 3558 1292 3638 quando
1317 3557 1630 3636 elongabat
1660 3577 1724 3618 se
1754 3559 1927 3638 filius,
1957 3569 2103 3620 tem-

457 3668 562 3730 pus
590 3656 717 3709 erat
745 3655 804 3706 et
838 3648 987 3708 Patri
1006 3655 1072 3708 ut
1091 3646 1163 3707 ab
1184 3647 1454 3727 amplexu
1487 3665 1551 3707 se
1578 3647 1879 3725 elongaret
1905 3669 1918 3710 :
1946 3668 2102 3711 nunc

453 3756 593 3798 vero
623 3755 754 3797 cum
787 3736 944 3797 redit
975 3736 1481 3816 etappropinquat
1513 3754 1621 3815 per
1650 3736 2097 3799 conversionem

453 3835 511 3888 et
539 3826 893 3897 orationem,
927 3832 1162 3903 tempus
1194 3833 1285 3885 est
1316 3824 1719 3904 amplexandi.
1758 3823 1895 3886 Ruit
1926 3827 2103 3906 igitur

453 3920 512 3979 in
543 3916 757 3978 collum
792 3915 944 3994 ejus,
979 3914 1306 3976 ostendens
1339 3933 1473 3976 eum
1520 3915 1620 3995 qui
1652 3915 1794 3977 olim
1826 3916 2099 3979 descive-

454 4014 565 4077 rat,
601 4023 760 4065 nunc
789 4002 1168 4065 obedientem
1216 4022 1348 4066 esse
1390 4004 1630 4065 factum.
1687 4003 1756 4066 Et
1800 4007 2102 4068 osculatur

452 4114 613 4176 eum,
645 4091 1193 4155 reconciliationem
1228 4092 1523 4167 indicans,
1556 4102 1615 4155 et
1645 4094 1813 4175 quasi
1846 4095 2101 4157 vestibu-

455 4185 573 4245 lum
605 4183 904 4265 quoddam
939 4199 1006 4243 os
1059 4182 1262 4262 polluti
1311 4184 1707 4259 sanctifu-ans,
1741 4201 1812 4245 ac
1853 4202 1962 4265 per
1990 4186 2100 4247 hoc

452 4274 523 4334 ad
559 4272 794 4335 interna
820 4272 1345 4334 sanctiﬁcationem
1384 4271 1731 4334 immittens.

2186 3292 2243 3349 δὲ
2301 3291 2439 3358 εἶδες
2496 3292 2695 3371 θερμὴν
2752 3292 2852 3358 τὴν
2880 3290 3185 3366 μετάνοιαν,
3221 3290 3409 3357 οὕτως,
3446 3290 3534 3345 καὶ
3591 3290 3689 3357 τὴν
3739 3291 3828 3347 εὖ·

2187 3380 2524 3462 σπλαγχνίαν
2576 3388 2667 3437 τοῦ
2723 3380 2920 3458 πατρὸς
2974 3380 3091 3459 δρα⁶
3169 3376 3298 3437 Οὐδὲ
3325 3379 3424 3458 γὰρ
3452 3379 3691 3456 ἀνέμεινε
3736 3380 3826 3435 τὸν

2184 3471 2293 3529 υἱὸν
2348 3468 2524 3526 non»;
2580 3467 2736 3548 ἅγρις
2810 3470 2982 3541 αὐτοῦ,
3031 3465 3167 3524 ἀλλά
3208 3468 3514 3547 προφθάνει,
3547 3468 3636 3524 καὶ
3667 3487 3822 3545 περι-

2183 3558 2459 3623 πλέκεται.
2529 3560 2709 3637 Πατὴρ
2765 3558 2869 3637 γὰρ
2921 3564 2987 3634 τῇ
3055 3556 3413 3637 χρηστότητι,
3446 3558 3488 3612 εἰ
3537 3556 3624 3612 καὶ
3673 3556 3822 3635 φύσει.

2185 3652 2341 3724 Θεὸς,
2398 3651 2485 3707 καὶ
2553 3648 2680 3713 ὅλος
2710 3648 2834 3706 ὅλον
2890 3648 3219 3729 περιφύεται,
3250 3650 3341 3705 ’ἱνα
3382 3648 3636 3705 πάντοθεν
3667 3646 3824 3703 αὒτὸν
3856 3652 3859 3653 ⁷

2183 3739 2313 3818 πρὸς
2372 3740 2556 3796 ἑαυτὸν
2586 3738 2865 3819 συσφίγξῃ,
2900 3739 3029 3794 καθὸ
3055 3736 3290 3816 ε’ίρηταν
3330 3759 3360 3792 σ
3392 3739 3491 3795 Καὶ
3519 3738 3553 3805 ἡ
3588 3734 3710 3802 δόξα
3733 3741 3826 3793 τοῦ

2185 3835 2316 3887 Θεοῦ
2372 3827 2679 3907 περιστελετ
2720 3849 2802 3886 σε.
2868 3850 2895 3882 ι
2932 3827 3031 3885 Καὶ
3072 3824 3237 3883 πάλαι
3269 3826 3367 3902 μὶν
3421 3825 3509 3883 ὅτε
3538 3824 3827 3905 ἒμάκρυνεν

2182 3916 2366 3974 ἑαυτὸν
2428 3920 2456 3973 ὁ
2510 3920 2649 3998 υἱὸς,
2707 3919 2889 3995 καιρὸς
2956 3917 3023 3985 ἦν
3052 3917 3142 3973 καὶ
3164 3921 3241 3990 τῷ
3263 3917 3419 3993 πατρὶ
3444 3922 3539 3972 τοῦ
3595 3936 3829 3994 μακρυν-

2181 4009 2333 4074 θῆναι
2401 4007 2507 4064 ἀπὸ
2577 4012 2675 4074 τῆς
2733 4004 3099 4085 περιληψεως·
3154 4004 3242 4061 ὅτε
3271 4003 3327 4061 δὲ
3378 4003 3567 4084 ἤγγισε
3617 4002 3705 4087 διὰ,
3730 4010 3829 4071 τῆς

2182 4097 2489 4178 προσευχῆς
2538 4098 2625 4154 καὶ
2680 4097 2781 4163 τῆς
2846 4094 3193 4176 ἐπιστροφῆς,
3247 4095 3429 4173 καιρὸς
3476 4093 3684 4173 ἐγένετο
3741 4094 3833 4152 τοῦ

2182 4185 2516 4267 περιλαϐεῖν.
2588 4184 2895 4244 Ἐπιπίπτει
2965 4184 3138 4242 τοίνυν
3193 4182 3281 4240 ἐπὶ
3349 4185 3442 4240 τὸν
3528 4181 3829 4263 τράχηλον,

2182 4277 2273 4333 τὸν
2330 4275 2728 4333 ἀποστατοῦντα
2811 4272 3020 4353 πρώην,
3092 4274 3363 4343 πειθήνιον
3437 4277 3525 4328 νῦν
3594 4270 3829 4349 γενέσθαι

469 4365 881 4439 ἐνδεικνύμενος.
920 4363 1016 4421 Καὶ
1046 4361 1332 4441 καταφιλετ
1375 4364 1555 4434 αὐτὸν,
1586 4364 1682 4431 τὴν
1738 4363 2080 4441 καταλλαγὴν
2139 4364 2409 4439 δεικνύων,
2455 4366 2542 4421 καὶ
2572 4363 2693 4421 οἶόν
2746 4385 2798 4419 τι
2836 4361 3159 4441 προπύλαιον
3193 4363 3256 4417 τὸ
3285 4361 3459 4437 στόμα
3487 4363 3695 4440 πρῶτον
3738 4367 3829 4417 τοῦ

452 4455 759 4533 μιανθέντος
802 4454 1057 4530 ἁγιάζων,
1094 4453 1217 4508 εἶτα
1247 4451 1331 4507 διὰ
1364 4452 1549 4508 τούτου
1581 4454 1667 4509 καὶ
1696 4454 1782 4509 επὶ
1816 4454 1879 4508 τα
1910 4452 2052 4510 ἔνδον
2082 4457 2173 4511 τὸν
2203 4455 2468 4535 ἆγιασμὸν
2498 4453 2832 4530 εἰσπέμπων,

535 4546 717 4606 Vnus.
743 4541 993 4602 22-24m
1024 4539 1182 4603 Dixit
1199 4547 1395 4601 autem
1422 4548 1586 4621 pater
1606 4541 1674 4602 ad
1700 4559 1901 4601 servos
1921 4560 2060 4603 suos
2086 4560 2100 4605 :

2275 4568 2299 4599 α
2378 4549 2513 4603 Εἷπε
2543 4540 2599 4599 δὲ
2643 4545 2671 4599 ὸ
2699 4543 2875 4621 πατὴρ
2904 4542 3035 4621 πρὸς
3063 4542 3185 4605 τοὺς
3214 4537 3433 4602 δούλους
3464 4543 3647 4599 αὺτοῦ*
3707 4535 3833 4602 Ἐξ-

454 4636 724 4697 Proferte
755 4629 965 4692 stolam
1015 4628 1291 4707 primam,
1347 4638 1404 4690 et
1458 4628 1683 4691 induite
1714 4629 1924 4691 illum:
1973 4630 2110 4692 date

453 4722 739 4784 annulum
783 4719 842 4780 in
880 4736 1119 4779 manum
1154 4719 1307 4798 ejus,
1360 4726 1417 4778 et
1453 4717 1856 4780 calceamenta
1904 4719 1964 4780 in
1996 4738 2109 4799 pe—

453 4811 601 4873 des:
637 4818 695 4871 et
722 4807 1001 4869 adducite
1031 4805 1272 4867 vitulum
1330 4806 1493 4867 illum
1546 4806 1898 4884 saginatum,
1934 4816 2109 4890 atque

455 4896 1112 4979 mactate,sumptisque
1134 4896 1324 4975 epulis
1352 4895 1642 4958 laetemur:
1669 4896 1810 4977 quia
1833 4897 1931 4958 hic
1952 4898 2107 4959 filius

457 5009 622 5051 meus
648 4996 918 5049 mortuus
940 4993 1095 5065 erat,
1120 4994 1176 5048 et.
1199 4986 1440 5059 revisit;
1468 4986 1723 5066 perierat
1752 4996 1809 5048 et
1836 4988 2106 5050 inventus

454 5088 567 5142 est.
600 5078 671 5141 Et
696 5084 1009 5157 cceperunt
1041 5076 1221 5136 laetari
1275 5099 1302 5131 ι
1345 5079 1460 5138 Per
1480 5094 1685 5136 servos
1722 5076 1986 5156 intellige
2017 5085 2107 5146 vel

452 5170 693 5248 angelos
726 5163 1182 5229 ministratorios
1229 5164 1498 5246 spiritus,
1543 5165 1649 5244 qui
1695 5166 2007 5228 mittuntur
2047 5166 2109 5226 in

457 5257 853 5321 ministerium
888 5262 1133 5336 propter
1162 5272 1268 5316 eos
1294 5255 1392 5336 qui
1424 5255 1615 5317 salute
1646 5255 1802 5335 digni
1830 5263 1989 5319 sunt.
2017 5256 2107 5320 Illi

454 5352 610 5411 enim
638 5346 896 5408 vestiunt
924 5364 958 5406 a
983 5352 1225 5426 peccato
1257 5353 1660 5409 revertentem
1706 5345 1854 5407 stola
1895 5346 2106 5426 prima,

455 5438 578 5500 sive
609 5434 1391 5518 prisca,quam,priusquam
1421 5435 2109 5517 peccaremus,gestaba-

458 5545 611 5609 mus,
641 5528 988 5588 indumento
1022 5524 1250 5586 scilicet
1276 5524 1743 5606 incorruptionis
1777 5546 1789 5582 :
1847 5525 1934 5586 vel
1971 5544 2110 5606 pre-

554 5686 639 5760 (a)
661 5685 825 5766 _Edit.
863 5690 1000 5766 Lut.
1038 5684 1275 5766 omittit,
1309 5693 1372 5747 et
1402 5686 1549 5766 quia
1586 5693 1733 5749 sunt
1778 5685 2114 5766 mirabilia.

556 5766 638 5845 (ὁ)
660 5763 726 5827 In
748 5765 980 5830 Ed.Lut
1008 5763 1523 5846 omittunturﬁon
1554 5768 1621 5827 in
1648 5769 1854 5847 primo
1880 5765 2115 5830 ordine.

2192 4633 2440 4713 ενέγκατε
2469 4633 2566 4701 τὴν
2597 4633 2792 4701 στολὴν
2820 4631 2921 4699 τὴν
2951 4631 3193 4710 πρώτην,
3245 4630 3334 4686 καὶ
3381 4626 3623 4685 ἐνδύσατε
3653 4626 3828 4701 αὐτὸν,

2190 4723 2280 4780 καὶ
2307 4721 2447 4780 δότε.
2508 4720 2783 4778 δακτύλιον
2824 4723 2899 4783 εἰς
2953 4721 3047 4788 τὴν
3092 4732 3256 4799 χεῖρα
3285 4717 3466 4791 αὺτοῦ,
3512 4717 3600 4773 καὶ
3628 4713 3831 4784 ὑποδή-

2193 4834 2336 4888 ματα
2394 4813 2466 4877 εἰς
2536 4812 2655 4877 τοὺς
2710 4808 2877 4872 πόδας
2932 4810 3109 4888 αύτοῦ,
3166 4810 3255 4865 καὶ
3309 4804 3672 4886 ὶξενέγκαδτες
3745 4805 3834 4861 τόν

2191 4902 2403 4982 μόσχον
2452 4902 2542 4958 τὸν
2602 4901 2839 4956 σιτευτὸν
2899 4899 3111 4974 θύσατε,
3174 4897 3263 4953 καὶ
3324 4895 3581 4977 φαγόντες
3612 4893 3833 4982 εὔφραν-

2188 4981 2389 5073 θῶμεν,
2448 4990 2528 5046 ὅτι
2588 4992 2616 5046 ὁ
2665 4990 2776 5053 υἱός
2807 5011 2908 5067 μου
2936 4987 3085 5051 οὗτος
3116 4985 3296 5066 νεκρός
3334 4989 3443 5073 ἦν,
3461 4985 3549 5039 καὶ
3587 4981 3829 5073 ἀνέζησε,

2190 5081 2278 5137 καὶ
2336 5071 2634 5141 ἀπολωλὼς
2700 5079 2789 5154 ἦν,
2849 5079 2938 5135 καὶ
2992 5076 3196 5155 εὑρέθη.
3230 5077 3328 5134 Καὶ
3355 5072 3576 5153 ἤρξαντο
3617 5071 3828 5149 εὔφραί-

2195 5172 2392 5228 νεσθαι.
2468 5188 2497 5228 ι
2577 5167 2800 5232 Δούλους
2868 5166 2903 5236 ἤ
2973 5167 3092 5232 τούς
3144 5162 3401 5243 ἀγγέλους
3462 5162 3704 5235 νοήσαις,
3766 5159 3828 5215 τὰ

2193 5256 2529 5337 λειτουργικὰ
2599 5258 2874 5334 πνεύματα
2927 5256 2992 5313 τὰ
3060 5252 3386 5329 στελλόμενα
3453 5251 3527 5315 εὶς
3570 5247 3828 5337 διακονίαν

2191 5347 2277 5403 διὰ
2330 5336 2450 5411 τούς
2509 5352 2775 5425 σωτηρίας
2832 5346 3025 5413 ἀξίους·
3092 5344 3307 5423 καὶγὰρ
3374 5347 3515 5399 οῦτοι
3547 5336 3831 5409 στολίζουσι

2192 5438 2285 5493 τὸν
2352 5437 2411 5494 ἐκ
2463 5438 2649 5503 κακίας
2705 5436 3084 5517 ἐπιστρέφοντα
3110 5434 3209 5502 τὴν
3244 5429 3441 5498 στσλὴν
3471 5429 3569 5497 τὴν
3596 5426 3831 5517 πρώτην,

2202 5524 2314 5592 ἦτοι
2381 5528 2478 5595 τὴν
2535 5528 2784 5608 ἀρχαίαν,
2831 5516 2896 5596 ἦν
2953 5526 3071 5605 πρὶν
3140 5521 3404 5602 ἁμαρτεῖν
3444 5518 3757 5599 ἔφοροῦμεν,
3783 5516 3841 5607 τὸ,

2201 5685 2428 5750 Caetera
2476 5693 2615 5751 sunt
2650 5707 2665 5751 :
2709 5704 2859 5752 sane
2906 5684 3016 5750 illa
3062 5679 3441 5748 miserabilia
3504 5681 3770 5763 oportet;
3792 5675 3842 5737 ei

2198 5783 2577 5832 εηιιηιενανο.
