4132 6278
382 422 507 494 957

1142 426 1583 490 ENARRATIO
1626 428 1709 490 IN
1755 425 2259 491 EVANGELIUM
2308 428 2546 489 LUCIE.
2598 461 2669 473 --
2715 430 2880 492 CAP.
2942 428 3072 493 XV.

3646 428 3764 497 958

382 561 579 637 ἔνδυμα
638 566 734 628 τῆς
792 560 1103 640 ἀφθαρσίας,
1161 558 1196 626 ἤ
1251 558 1349 626 τὴν
1406 560 1583 634 τιμίαν
1612 559 1707 626 τὴν
1766 559 1868 637 πρὸ
1925 559 2023 615 τῶν

2114 558 2261 648 tiosa
2290 581 2421 642 qua;
2450 561 2735 642 dignitate
2770 573 3003 642 praestat
3032 565 3162 627 aliis
3193 565 3498 648 omnibus,
3536 571 3602 629 ut
3624 565 3775 647 bap-

383 648 565 708 ἄλλων
621 648 831 718 πασῶν,
889 649 984 706 οἶά
1013 647 1153 706 ἐστιν
1196 648 1230 716 ἡ
1261 650 1355 705 106
1409 647 1798 724 βαπτίσματος.
1844 647 2037 726 Πρώτη

382 740 486 818 γὰρ
547 760 637 815 μοι
691 735 825 804 αὕτη
909 738 1250 816 περιτίθεται,
1308 738 1395 793 καὶ
1426 733 1553 815 παρ’
1580 738 1754 818 ,αὐτῆς
1784 732 2039 811 λαμϐάνω

383 814 486 895 τὴν
535 814 634 894 τῆς
693 826 1085 906 ἀσχημοσύνης
1150 823 1489 904 περιστολὴν.
1550 814 1635 881 ’Ἠ
1692 825 1863 881 τοίνυν
1915 826 2035 886 τοὺς

382 913 640 994 ἀγγέλους
702 915 917 984 νοήσαις
975 911 1214 986 δούλους,
1270 912 1391 976 τούς
1452 919 1580 968 πᾶσι
1608 924 1728 976 τοῖς
1776 910 1863 991 ὐφ’
1899 912 2035 986 ἡμῖν

381 1003 720 1080 τελουμένοις
790 1000 1255 1077 διακονουμένους,
1320 1003 1408 1057 καὶ
1463 998 1529 1056 δι’
1581 1003 1655 1055 ὧν
1712 999 2033 1077 ἁγιαζόμεθα

383 1093 587 1169 μέσων’
646 1092 681 1159 ἢ
754 1092 842 1147 καὶ
894 1091 1015 1153 τοὺς
1071 1093 1259 1169 ἱερεῖς,
1325 1091 1445 1152 τοὺς
1474 1090 1562 1146 καὶ
1592 1087 1676 1145 διὰ
1725 1090 2032 1165 βαπτίσμα-

378 1204 497 1263 τος,
533 1182 621 1238 καὶ
649 1180 810 1259 λόγου
853 1178 1228 1236 διδασκαλικοῦ
1258 1180 1347 1236 τὸν
1390 1178 1777 1259 ἐπιστρέφοντα
1826 1176 2031 1234 ἐνδύον-

378 1295 503 1353 τας,
564 1272 650 1329 καὶ
720 1267 915 1337 στολὴν
973 1274 1189 1347 πρωτην
1247 1270 1625 1349 περιτιθέντας,
1678 1270 1769 1324 τὸν
1810 1268 2033 1346 Χριστὸν

379 1362 539 1422 αὐτόν
605 1358 749 1440 (ὅσοι
801 1360 901 1438 γὰρ
959 1356 1350 1435 ἐϐαπτίσθημεν
1407 1360 1481 1424 είς
1513 1360 1760 1439 Χριστὸν.
1810 1358 2033 1436 Χριστὸν

381 1448 780 1531 ἐνεδυσάμεθα),
852 1450 940 1505 καὶ
994 1447 1268 1505 δακτύλιον
1296 1444 1526 1505 διδόασιν
1578 1450 1650 1511 είς
1694 1448 1790 1517 τῆν
1840 1459 2027 1527 χεῖρα,

377 1542 479 1608 τὴν
535 1540 800 1621 σφραγῖδα
869 1544 963 1595 106
1023 1544 1459 1617 Χριστιανισμοῦ,
1521 1536 1585 1604 ῆν
1617 1536 1701 1594 διὰ
1730 1544 1835 1594 τῶν
1864 1537 2031 1615 ’έργων

378 1628 608 1711 ἔχομεν’
672 1631 707 1697 ἡ
768 1628 866 1703 μὶν
938 1628 1037 1706 γὰρ
1095 1627 1217 1706 χείρ
1272 1628 1372 1692 τῆς
1401 1624 1640 1705 πράξεως
1685 1624 1972 1701 σύμϐολον,
2005 1624 2032 1678 ὂ

378 1718 436 1775 δὲ
492 1715 766 1779 δακτύλιος
827 1716 923 1783 τῆς
994 1714 1309 1795 σφραγῖδος·
1363 1718 1390 1772 6
1460 1715 1635 1771 τοίνυν
1705 1715 2032 1792 βαπτισθεὶς,

377 1803 468 1864 καὶ
516 1805 696 1869 ἅπλῶς
772 1808 800 1862 6
864 1805 971 1862 ἀπὸ
1026 1806 1212 1869 κακίας
1257 1804 1608 1884 ἐπιστρέφων,
1660 1803 1856 1885 ὀφείλει
1887 1804 2097 1900 Exi:th

378 1897 467 1953 ἰπὶ
535 1898 633 1962 τῆς
690 1896 898 1976 χειρὸς,
959 1894 1254 1968 τουτέστιν,
1339 1894 1426 1951 ἐπὶ
1499 1894 1677 1961 πάσης
1736 1899 2034 1971 πρακτικῆς

375 1984 668 2061 δυνάμεως,
727 1981 1018 2061 σφραγῖδα,
1082 1984 1193 2039 καὶ’
1230 1985 1511 2063 γνώρισμα
1570 1982 1906 2063 Χριστιανοῦ,
1942 1983 2035 2039 ἵνα

374 2072 633 2130 δεικνύναι
696 2072 851 2152 ἕχῃκ
882 2074 956 2137 ὡς
1016 2071 1138 2129 κατ’
1196 2072 1375 2129 είκόνα
1420 2082 1513 2131 106
1554 2072 1827 2134 κτίσαντος
1880 2074 2034 2129 αὖτὸν

376 2140 765 2230 ἁνεκαινίσθηῗ
807 2140 894 2217 ςὶΗ
958 2163 1046 2217 καὶ
1098 2159 1273 2224 ἄλλως
1344 2162 1562 2231 νοήσαις
1604 2162 1695 2217 τὸν
1730 2158 2029 2235 δακτύλιον,

377 2249 653 2331 ἀῤῥαϐιῦνα
703 2257 797 2308 τοῦ
862 2252 1192 2326 Πνεύματος’
1242 2250 1363 2306 οἷον
1415 2250 1465 2307 τί
1494 2268 1658 2329 φημι’
1711 2242 1768 2308 Ὀ
1800 2252 1929 2314 Θεὸς
1967 2252 2031 2306 τὰ

377 2342 478 2416 μὲν
532 2338 841 2396 τελειότατα
888 2340 1059 2417 ἀγαθὰ
1113 2340 1235 2395 τότε
1307 2337 1536 2419 δίδωσιν,
1563 2338 1651 2395 ὅτε
1673 2340 1873 2396 τούτων
1904 2361 2028 2395 και-

376 2432 492 2510 ρὸς,
544 2430 632 2485 καὶ
687 2434 774 2484 νῦν
831 2425 883 2484 δὲ
944 2428 1295 2502 πιστούμενος
1327 2424 1555 2507 δηλαδὴ,
1609 2426 1789 2483 ἐκεῖνα
1821 2425 2028 2483 δίδωσιν

374 2522 514 2596 ἡμῖν
570 2517 903 2598 χαρίσματα,
959 2517 1080 2574 οἷόν
1149 2538 1295 2582 τινας
1337 2515 1640 2595 ὰρῥαϐὦνας
1666 2521 1771 2571 τῶν
1794 2515 2025 2591 μελλόν-

374 2629 507 2681 των,
568 2619 689 2669 τοτς
749 2607 847 2681 μὲν
903 2606 1346 2684 θαυματουργίαν,
1404 2618 1522 2669 τοῖς
1553 2603 1606 2660 δὲ
1664 2603 2022 2677 διδασκαλίαν,

374 2709 499 2758 τοῖς
554 2694 609 2752 δὲ
680 2692 814 2751 ἄλλο
866 2715 940 2773 τι,
1012 2696 1102 2750 καὶ
1157 2693 1319 2750 ταῦτα
1364 2691 1647 2774 δεχόμενοι
1677 2693 1783 2749 ἀπὸ
1827 2694 2026 2751 τούτων

371 2787 465 2843 καὶ
520 2786 586 2844 τὰ
640 2781 940 2860 τελειότερα
998 2780 1221 2858 βεϐαίως
1288 2781 1589 2858 ἐλπίζομεν.
1681 2774 2025 2857 ’Υποδήματα

372 2876 449 2939 εἷς
494 2873 615 2937 τοὺς
674 2869 864 2947 πόδας,
934 2870 1029 2927 ’ίνα
1057 2869 1422 2950 φυλάττωνται
1453 2870 1557 2927 ἀπὸ
1587 2875 1692 2926 τῶν
1736 2871 2023 2949 σκορπίων,

374 2968 484 3019 τῶν
543 2967 748 3041 μικρῶν
805 2957 1010 3027 δηλαδή
1101 2957 1391 3016 δοκούντων
1467 2959 1888 3039 άμαρτημάτῶν,
1940 2954 2025 3015 καὶ

2124 646 2277 709 tismi
2306 650 2611 730 dignitate.
2650 652 2850 713 Prima
2904 652 3062 714 enim
3094 666 3201 715 nas
3241 654 3343 716 illa
3374 646 3568 727 vestit,
3602 662 3660 718 et
3702 646 3775 715 ab

2120 755 2189 798 ea
2214 739 2503 800 sumimus
2551 741 2884 802 honestatis
2931 741 3227 806 vestitum.
3271 742 3379 806 Vel
3428 762 3534 825 per
3570 762 3777 806 servos

2121 826 2382 906 intellige
2412 830 2783 910 angelos,qui
2821 830 3161 892 ministrant
3185 833 3462 894 omnibus
3495 852 3627 913 quae
3649 852 3777 913 pro-

2121 923 2249 993 pter
2270 936 2375 977 nos
2400 918 2641 997 ﬁunt,et
2661 917 2873 998 quibus
2894 918 3289 980 mediantibus
3315 922 3772 982 sanctificamur.

2118 1004 2225 1065 Vel
2257 1004 2431 1066 etiam
2463 1006 2828 1087 sacerdotes,
2857 1007 2957 1087 qui
3017 1027 3331 1069 conversos
3392 1028 3498 1089 per
3546 1010 3795 1088 baptis-

2118 1110 2277 1153 mum
2302 1094 2390 1154 vel
2417 1093 2659 1155 verbum
2690 1095 2741 1155 d1
2771 1095 2980 1156 ctrinae
3004 1095 3279 1169 induunt,
3309 1103 3365 1157 et
3399 1098 3655 1159 induunt
3675 1115 3777 1160 eos

2117 1181 2413 1243 Christum
2448 1183 2655 1244 stolam
2693 1184 2942 1263 primam
2982 1184 3345 1266 (quicunque
3391 1187 3545 1247 enim
3580 1186 3775 1266 bapti-

2115 1268 2226 1330 zati
2256 1288 2461 1331 sumus
2492 1271 2550 1331 in
2575 1272 2899 1345 Christum,
2934 1273 3125 1336 induti
3180 1294 3387 1335 sumus
3416 1276 3772 1356 Christum),

2117 1368 2173 1421 et
2194 1362 2475 1421 annulum
2512 1362 2611 1421 dat
2638 1359 2699 1422 in
2734 1380 2996 1435 manum,
3030 1362 3396 1440 signaculum
3422 1363 3773 1426 Christiani-

2115 1447 2413 1530 smi,quod
2442 1468 2543 1529 per
2569 1468 2750 1530 opera
2779 1449 3237 1514 habemus.Nam
3273 1472 3483 1513 manus
3514 1454 3757 1531 symbo-

2116 1535 2236 1597 lum
2271 1539 2634 1618 operationis
2667 1539 3042 1619 est,annulus
3074 1559 3209 1602 vero
3234 1540 3550 1620 signaculi.
3586 1541 3767 1620 igitur

2113 1624 2461 1710 baptizatus,
2503 1636 2561 1687 et
2604 1628 2797 1688 omnis
2846 1630 2943 1708 qui
2994 1647 3026 1688 a
3081 1638 3322 1709 peccato
3382 1630 3766 1709 convertitur,

2117 1715 2296 1776 debet
2326 1716 2546 1776 habere
2576 1716 2633 1777 in
2662 1736 2860 1792 manu,
2905 1719 3015 1778 hoc
3064 1726 3172 1791 est,
3205 1718 3500 1797 operativa
3530 1718 3766 1795 virtute,

2119 1804 2482 1883 signaculum
2515 1804 2852 1866 Christiani:
2880 1814 2941 1865 ut
2966 1806 3379 1869 demonstrare
3410 1817 3586 1887 queat
3607 1809 3765 1888 quod

2117 1901 2421 1954 recreatus
2451 1893 2525 1953 sit
2554 1894 2623 1953 ad
2646 1894 2962 1973 imaginem
2994 1895 3122 1975 ejus
3148 1896 3244 1970 qui
3273 1915 3339 1957 se
3366 1896 3767 1960 condidit.Vel

2117 1979 2426 2059 aliterzper
2442 1981 2724 2041 annulum
2751 1980 3459 2061 intelligcsarrbaboncm
3482 1984 3760 2065 Spiritus:

2118 2076 2181 2128 ut
2211 2070 2461 2148 exempli
2495 2071 2681 2133 uratia
2710 2071 2848 2150 quid
2885 2071 3103 2141 dicam,
3141 2074 3294 2133 Deus
3341 2074 3767 2151 perfectissima

2118 2155 2273 2217 bona
2309 2165 2445 2217 tunc
2479 2158 2599 2237 dat,
2624 2160 2857 2237 quando
2904 2178 3108 2219 eorum
3164 2170 3398 2240 tempus
3445 2162 3619 2222 fuerit
3656 2184 3668 2219 :
3704 2171 3764 2225 et

2116 2262 2271 2305 nunc
2302 2251 2367 2307 ut
2397 2245 2705 2306 credibilia
2730 2246 2874 2321 sint,
2900 2246 2999 2307 illa
3042 2246 3213 2309 nobis
3240 2249 3338 2309 dat
3382 2250 3759 2328 charismata,

2113 2341 2178 2394 ut
2198 2333 2591 2394 arrhabonem
2626 2335 3042 2398 futurorumzet
3068 2336 3200 2396 aliis
3224 2336 3441 2398 donum
3476 2340 3760 2418 oporandi

2114 2421 2565 2496 miracula,aliis
2597 2423 2876 2495 docendi,
2902 2418 3030 2484 aliis
3070 2442 3209 2485 vero
3232 2426 3388 2487 aliud
3411 2428 3551 2490 409
3581 2429 3761 2508 quid-

2111 2509 2245 2570 dam
2274 2532 2285 2568 :
2322 2518 2380 2572 et
2408 2527 2541 2573 cum
2576 2511 2674 2571 illa
2709 2511 3084 2590 suscipimus.
3140 2513 3391 2574 ﬁrmiter
3421 2524 3480 2577 et
3526 2518 3760 2596 perfec—

2110 2598 2260 2658 tiora
2291 2608 2670 2679 expectamus
2700 2598 2771 2658 Et
2829 2600 3063 2660 calceos
3101 2600 3171 2661 ad
3235 2602 3513 2683 pedes,ut
3556 2613 3761 2667 custo-

2109 2687 2351 2749 diantur
2379 2707 2411 2749 a
2441 2689 2718 2768 scorpiis,
2754 2689 3012 2767 peccatis
3060 2689 3292 2752 scilicet
3347 2694 3449 2772 qui
3485 2693 3763 2757 videntur

2111 2794 2288 2855 parva
2316 2784 2373 2837 et
2406 2776 2818 2837 occulta.sicut
2847 2778 3083 2839 dicebat
3110 2777 3582 2852 David,attamen
3608 2800 3762 2844 mor-

2115 2863 2302 2925 tiferis
2333 2873 2391 2925 et
2414 2865 2558 2943 ipsis
2591 2873 2804 2943 :atque
2835 2872 3011 2927 etiam
3040 2885 3074 2927 a
3105 2868 3508 2947 serpentibus,
3548 2871 3599 2932 id
3643 2879 3753 2943 est,

2112 2953 2370 3032 peccatis
2388 2972 2518 3034 qua:
2528 2953 2839 3017 manifeste
2853 2973 3068 3016 nocere
3085 2968 3425 3018 censentur.
3437 2959 3540 3019 Vel
3562 2959 3754 3022 aliter:

374 3051 631 3130 κρυφίων,
693 3051 764 3110 ὡς
824 3048 925 3128 ἔφη
983 3046 1169 3121 Δαυίδ,
1219 3046 1360 3115 πλὴν
1417 3046 1729 3104 θανατωδῶν
1783 3049 1871 3103 καὶ
1924 3047 2023 3103 αὖ-

2111 3042 2505 3103 calceamenta
2529 3042 2743 3103 dantur
2769 3043 2821 3103 ei
2851 3043 2947 3123 qui
2983 3044 3228 3122 primam
3276 3046 3485 3107 stolam
3512 3066 3754 3109 assecu-

376 3146 510 3198 τῶν·
572 3140 654 3195 ναὶ
683 3141 791 3214 μὴν
846 3139 934 3193 καὶ
963 3137 1069 3193 ἀπὸ
1113 3138 1283 3217 ὃφεων
1309 3143 1415 3192 τῶν
1445 3138 1721 3215 προφανῶς
1762 3135 2021 3212 βλάπτειν

2111 3138 2196 3190 tus
2220 3130 2593 3205 est,t'aciente
2619 3133 2737 3193 Deo
2764 3149 2901 3192 eum
2921 3140 3117 3211 aptum
3147 3141 3205 3192 ut
3227 3136 3537 3197 annuntiet
3560 3136 3753 3199 Evan-

372 3227 760 3307 νομιζομένων,
819 3227 955 3308 φημὶ
1019 3226 1312 3305 ἁμαρτιῶν.
1374 3227 1468 3283 Καὶ
1517 3223 1691 3287 ἄλλως
1741 3223 1821 3298 δὲ,
1882 3227 2019 3282 ὑπο-

370 3316 589 3394 δήματα
645 3314 870 3373 δίδονται
925 3322 1004 3390 τῷ
1055 3313 1321 3381 ἀξιωθέντι
1363 3320 1463 3381 τῆς
1546 3314 1764 3392 πρώτης
1797 3313 2016 3387 στολῆς,

368 3409 649 3468 ποιούντος
701 3412 794 3462 τοῦ
852 3412 984 3462 Θεοῦ
1044 3405 1198 3461 αὐτὸν
1256 3403 1470 3479 ἕτοιμον
1528 3408 1600 3469 είς
1630 3405 1691 3460 τὸ
1746 3401 2018 3481 εὐαγγελί-

367 3499 570 3574 ζεσθαι,
630 3496 717 3550 καὶ
769 3491 999 3574 ὠφελεῖν
1054 3491 1286 3571 ἐτέρους.
1349 3499 1514 3550 Τοῦτο
1570 3493 1727 3572 γᾶρὸ
1758 3500 2017 3572 Χριστια-

366 3586 461 3649 νὸς
552 3583 644 3640 τοῦ
702 3580 928 3649 πλησίον
957 3584 992 3649 ἠ
1021 3580 1280 3661 ὠφέλεια.
1316 3582 1538 3661 Μόσχος
1568 3579 1623 3637 δὲ
1655 3583 1891 3645 σιτευτὸς
1923 3581 2017 3638 οὒκ

366 3673 644 3751 ἀγνοεῖται
700 3673 779 3736 τίς
839 3670 1003 3744 ἐστιν,
1072 3673 1099 3726 6
1178 3669 1450 3745 θυόμενος,
1538 3672 1626 3726 καὶ
1683 3669 2011 3745 ἐσθιόμενος·

367 3762 582 3825 πάντως
636 3760 735 3839 γὰρ
798 3762 826 3816 6
881 3758 1084 3826 ἀληθὴς
1145 3760 1265 3821 Υἱὸς
1335 3766 1427 3814 106
1462 3766 1614 3833 Θεοῦ,
1646 3762 1776 3815 καθὸ
1811 3758 2015 3838 ἄνθρω-

2106 3218 2348 3300 gelium,
2385 3229 2557 3299 atque
2580 3219 2712 3307 aliis
2733 3219 2941 3301 prosit.
2964 3221 3278 3284 Christiani
3308 3224 3465 3284 enim
3500 3235 3587 3286 est
3609 3244 3751 3307 pro-

2104 3308 2278 3371 deSSe
2334 3309 2581 3388 proximi
2614 3306 2882 3371 .Vitulus
2930 3310 3225 3388 saginatus
3272 3331 3390 3373 non
3440 3306 3748 3391 ignoratur

2103 3397 2236 3479 quis
2268 3398 2361 3469 sit,
2396 3398 2495 3478 qui
2525 3398 2865 3458 immolatur
2895 3408 2953 3458 et
2980 3401 3332 3464 comeditur.
3366 3401 3507 3464 Nam
3542 3415 3631 3466 est
3653 3424 3750 3468 ve-

2102 3506 2204 3548 rus
2235 3486 2419 3548 Filius
2442 3487 2570 3568 Dei,
2601 3496 2658 3549 et
2679 3488 2759 3548 ita
2790 3489 2966 3549 homo
2988 3489 3087 3569 qui
3128 3509 3367 3552 carnem
3410 3494 3752 3574 assumpsit,

2103 3586 2311 3637 natura
2342 3575 2831 3649 irrationabilem,
2858 3589 2919 3639 et
2951 3577 3207 3654 brutam,
3240 3580 3523 3660 illamque
3553 3584 3750 3646 divino

2102 3667 2327 3728 honore
2358 3665 2643 3745 implevit:
2671 3675 2727 3727 et
2757 3667 3084 3728 secundum
3121 3671 3239 3735 hoc
3261 3671 3480 3733 vitulus
3512 3672 3747 3750 dicitur,

2102 3771 2219 3819 non
2244 3754 2401 3816 enim
2437 3766 2716 3835 expertus
2748 3756 3054 3835 estjugum
3090 3758 3237 3837 legis
3262 3761 3751 3841 peccati;sagina-

367 3869 494 3921 πος,
552 3849 641 3904 καὶ
705 3848 874 3927 σάρκα
959 3844 1175 3924 εἴληφε,
1252 3847 1351 3914 τὴν
1434 3845 1629 3926 ἄλογον
1699 3848 1871 3928 φύσει⁹
1930 3848 2018 3903 καὶ

2111 3854 2197 3906 Ius
2219 3863 2379 3917 vero,
2418 3844 2705 3905 secudum
2739 3847 2894 3925 quod
2929 3846 3003 3906 ad
3045 3849 3154 3908 hoc
3190 3850 3529 3928 mysterium
3580 3852 3751 3913 ordi-

365 3935 641 4011 κτηνώδη,
697 3935 795 3991 κᾶν
856 3937 1017 4003 αὐτὴν
1091 3941 1196 3991 τῶν
1250 3937 1454 3992 οἰκείων
1524 3938 1856 4016 αὐχημάτων
1911 3957 2014 3991 πε-

2111 3942 2274 3993 natus
2306 3943 2394 3994 est
2423 3940 2559 3997 ante
2588 3934 3070 3996 constitutionem
3109 3936 3311 3997 mundi
3377 3937 3446 3999 Et
3489 3940 3753 4002 fortassis

366 4025 647 4104 πλήρωκε.
717 4026 862 4083 Κατὰ
914 4031 1068 4082 τοῦτο
1126 4027 1336 4105 μόσχος
1394 4037 1618 4100 νοεῖται,
1672 4025 2013 4103 ἁπειρόζνγος

2111 4022 2391 4083 :uriosius
2420 4021 2717 4083 videbitur
2740 4023 2789 4083 si
2822 4023 3072 4099 dicatur,
3102 4026 3332 4087 dicetur
3352 4035 3570 4091 tamen.
3603 4030 3753 4103 Quia

368 4115 468 4191 μὲν
526 4122 620 4172 τοῦ
682 4122 845 4189 νόμου
901 4118 1001 4180 τῆς
1059 4116 1339 4193 ἁμαρτίας·
1405 4115 1639 4179 σιτευτὸς
1671 4113 1749 4192 δὲ,
1795 4117 1923 4171 καθὸ
1944 4116 2014 4180 εἰς

2111 4111 2265 4189 panis
2294 4129 2470 4191 quem
2502 4110 3188 4189 frangimus,sccundum
3209 4113 3446 4195 id’quod
3481 4129 3746 4199 apparot,

300 4216 309 4224 ’
362 4210 520 4260 10610
561 4206 623 4260 τὸ
694 4204 981 4283 μυστήριον
1026 4203 1286 4284 ἀφήριστο
1323 4204 1424 4281 πρὸ
1453 4200 1757 4269 καταϐολῆς
1786 4203 2011 4278 κόσμου,

2111 4218 2171 4262 ex
2207 4200 2401 4259 tritico
2426 4201 2731 4260 confectus
2751 4211 2860 4276 est,
2893 4201 3212 4281 saginatus,
3239 4213 3318 4277 et,
3344 4213 3404 4264 ut
3427 4208 3615 4268 Graeci
3648 4208 3745 4267 di-

371 4287 471 4352 Καὶ
542 4293 943 4372 περιεργότερον
1000 4290 1053 4347 δὲ
1103 4292 1238 4355 ἴσως
1310 4290 1443 4356 δόξει
1512 4292 1574 4347 τὸ
1624 4291 2022 4374 ῥηθησόμενονξ

2111 4296 2263 4361 cunt,
2297 4290 2558 4361 σιτευτὸς,
2590 4288 2885 4350 frumento
2921 4298 3118 4369 pastus
3150 4292 3437 4353 dicendus
3481 4303 3592 4354 est.
3637 4299 3749 4356 Se-

365 4379 515 4456 ὅμως
573 4383 880 4459 ῥηθήσεται·
956 4382 1035 4437 ὃτι
1090 4382 1117 4436 ό
1168 4379 1343 4459 ἄρτος,
1405 4379 1461 4436 ὅν
1518 4379 1732 4455 κλῶμεν
1774 4381 1910 4436 κατὰ
1957 4384 2018 4437 τὸ

2111 4377 2360 4439 cundum
2387 4377 2499 4437 hoc
2519 4378 2884 4458 autemquod
2915 4397 3018 4457 per
3039 4381 3201 4441 illum
3220 4381 3568 4457 intelligitur
3589 4386 3744 4465 quod

362 4468 688 4549 φαινόμενον
745 4469 865 4549 μὲν,
937 4469 996 4524 ἐκ
1054 4472 1196 4526 σίτου
1255 4470 1540 4546 συνεστὼς,
1609 4470 1844 4532 σιτευτὸς
1913 4469 2012 4544 ῥηι-

2111 4482 2239 4529 caro
2273 4473 2384 4546 est,
2416 4465 2633 4527 vitulus
2666 4465 2855 4529 dictus
2889 4475 2996 4529 est.
3036 4470 3106 4530 Et
3129 4469 3255 4549 ipse
3287 4468 3376 4531 est
3421 4472 3653 4546 vitulus,
3690 4480 3751 4536 et

365 4557 505 4624 θείη·
568 4557 703 4614 κατᾶ
746 4560 809 4616 τὸ
879 4559 1162 4634 νοούμενον
1217 4555 1273 4613 δὲ
1345 4556 1468 4637 σὰρξ
1537 4557 1635 4632 ὥν,
1691 4558 1900 4637 μόσχος
1958 4556 2019 4613 ἄν

2111 4553 2644 4634 saginatus.0mnis
2671 4554 2852 4633 igitur
2881 4556 2980 4636 qui
3016 4557 3427 4638 baptizatur,et
3463 4562 3616 4622 filius
3642 4561 3747 4623 Dei

363 4646 607 4725 λεχθείη.
680 4645 784 4708 Καὶ
827 4649 854 4703 6
885 4648 1035 4713 αὖτός
1080 4646 1192 4703 ἐστι
1227 4648 1456 4727 μόσχος,
1488 4649 1576 4703 καὶ
1606 4648 1865 4711 σιτευτός,
1907 4653 2017 4711 Πᾶς

2111 4642 2373 4724 afﬁcitur,
2407 4643 2525 4703 imo
2551 4642 2900 4717 restituitur,
2937 4654 2993 4705 et
3021 4646 3080 4705 in
3118 4666 3347 4709 summa
3372 4650 3565 4710 omnis
3596 4652 3748 4731 quia

361 4735 453 4792 οὖν
512 4736 921 4812 βαπτιζόμενος,
984 4738 1072 4792 καὶ
1135 4738 1242 4799 υἱὸς
1278 4744 1408 4795 Θεοῦ
1454 4737 1751 4815 γινόμενος,
1812 4735 2015 4812 μᾶλλον

362 4822 421 4880 δὲ
476 4825 985 4902 ἆποκαθιστάμενος,
1043 4826 1131 4882 καὶ
1162 4824 1346 4892 ἁπλῶς
1387 4832 1492 4889 πᾶς
1536 4829 1564 4882 6
1594 4827 1701 4882 ἀπὸ
1756 4827 2013 4904 ἆμαρτίας

361 4915 798 4993 καθαριζόμενος,
878 4922 971 4971 106
1057 4914 1267 4995 μόσχου
1363 4915 1548 4971 τούτου
1634 4925 1726 4974 106
1778 4920 2015 4971 σιτευτοῦ

359 5016 631 5079 κοινωνεῖ,
692 5005 780 5061 καὶ
834 5006 1152 5083 εὐφροσύνης
1211 5004 1382 5069 αἴτιος
1440 5007 1528 5061 καὶ
1577 5012 1652 5080 τῷ
1712 5006 1896 5084 Πατρὶ,
1927 5006 2012 5060 καὶ

358 5104 481 5155 τοῖς
538 5089 743 5156 δούλοις
802 5094 959 5151 αὐτοῦ
1005 5095 1335 5174 καθίσταται,
1410 5093 1661 5174 ἀγγέλοις
1710 5095 1798 5151 καὶ
1840 5098 2008 5172 ἱερεῦ-

358 5201 443 5237 σιν
492 5182 565 5244 ὡς
623 5181 685 5237 ἐκ
741 5182 1047 5252 νεκρώσεως
1104 5182 1398 5257 ἆνᾳζήσας,
1474 5188 1561 5241 καὶ
1632 5183 1683 5250 ἐξ
1741 5182 2008 5246 ἀπωλείας

358 5270 602 5348 εὑρεθεὶς·
666 5270 789 5328 ὅσον
863 5273 961 5347 μὲν
1013 5272 1112 5350 γὰρ
1168 5271 1255 5328 ἐπὶ
1332 5280 1401 5350 τῇ
1429 5279 1529 5341 τῆς
1559 5275 1744 5338 κακίας
1792 5293 2009 5351 περιου-

355 5358 446 5430 σίᾳ
502 5360 684 5432 νεκρὸς
746 5364 836 5436 ῆν,
898 5361 1307 5440 ἀπεγνωσμένος
1379 5361 1604 5431 δηλαδὴ·
1662 5363 1783 5420 ὅσον
1815 5360 1869 5417 δὲ
1924 5358 2011 5418 ἒπῖ

355 5452 426 5522 τῇ
505 5446 804 5525 ἀνθρωπίνῃ
903 5451 1051 5530 φύσει
1149 5457 1217 5525 τῇ
1272 5458 1495 5531 τρεπτῇ,
1565 5454 1654 5510 καὶ
1711 5453 1772 5509 ὲκ
1823 5451 2010 5514 κακίας

2102 4740 2342 4811 peccato
2394 4741 2675 4811 purgatur
2725 4734 3019 4812 particeps
3050 4738 3109 4795 ﬁt
3142 4737 3391 4815 saginati
3438 4738 3598 4800 illius
3644 4739 3746 4803 Vi-

2100 4822 2228 4895 tuli,
2267 4829 2325 4881 et
2354 4819 2569 4880 laetitia:
2590 4831 2798 4882 auctor
2826 4822 2889 4882 ﬁt
2922 4825 3071 4883 Patri
3105 4834 3160 4885 et
3189 4826 3372 4885 servis
3394 4828 3743 4905 ejus,ange-

2098 4910 2168 4971 lis
2198 4917 2255 4971 et
2278 4908 2708 4988 sacerdotibus,
2743 4917 3017 4989 tanquam
3050 4931 3118 4973 ex
3156 4922 3343 4974 morte
3384 4918 3744 4977 rrsurrexis-

2095 5007 2269 5073 set,et
2291 5007 2419 5078 post
2442 4997 2835 5076 perditionem
2860 4999 3067 5060 fuisset
3087 5001 3143 5061 iu
3159 5012 3366 5063 ventus
3398 5006 3545 5066 Nam
3567 5025 3747 5084 quan-

2098 5100 2217 5150 tum
2251 5087 2321 5148 ad
2350 5086 2586 5147 malitiae
2617 5088 3038 5149 abundantiam
3072 5100 3338 5153 mortuus
3372 5094 3742 5172 erat,etdes-

2096 5185 2333 5257 peratus
2366 5195 2380 5236 :
2413 5184 2696 5255 quantum
2725 5194 2858 5238 νε·Γο
2880 5178 2949 5238 ad
2974 5178 3285 5241 humanam
3312 5194 3745 5262 naturam,quaa

2096 5264 2385 5328 vertibilis
2409 5271 2499 5324 est
2530 5274 2585 5325 et
2608 5265 2760 5327 valet
2784 5287 2814 5324 ει
2850 5267 3071 5328 malitia
3093 5269 3162 5329 ad
3184 5268 3450 5331 virtutem
3482 5271 3736 5349 ingredi,

2097 5354 2358 5437 perditus
2386 5351 2900 5414 diciturJ’erditus
2926 5356 3081 5416 enim
3109 5357 3305 5420 mitius
3321 5358 3740 5439 dicitur,quam

2094 5452 2383 5506 mortuus.

356 5532 619 5611 δυναμένη
653 5540 725 5599 εἱς
750 5536 941 5617 ἀρετὴν
973 5554 1320 5622 μεταπεσεῖν,
1354 5540 1648 5606 ἀπολωλὼς
1681 5540 1915 5620 λέγεται⁶
1949 5537 1978 5595 ὅ
2007 5538 2107 5616 γὰρ
2138 5531 2837 5622 ἀπολωλὼς-,μξξριώτεροῃ
2886 5533 2921 5602 ἢ
2950 5537 2976 5590 ὃ
3008 5537 3209 5614 νεκρός.

443 5644 475 5683 ¢
554 5632 629 5683 Ην
683 5624 737 5683 δὲ
788 5631 817 5685 6
871 5631 980 5693 υἱὸς
1038 5634 1195 5690 αὐτοῦ
1252 5634 1280 5688 6
1324 5629 1667 5711 πρεσϐύτερος
1726 5632 1779 5688 ἐν
1828 5630 1997 5708 ἀγρῷ,

2164 5621 2346 5683 Vsus.
2383 5618 2593 5682 925-32.
2630 5644 2658 5676 α
2694 5623 2831 5683 Erat
2855 5631 3051 5693 autem
3087 5625 3243 5688 ﬁlius
3277 5627 3404 5708 ejus
3448 5628 3649 5691 senior
3684 5631 3739 5691 in

358 5714 445 5769 καὶ
506 5716 579 5779 ὡς
611 5716 903 5795 ερχόμενος
951 5718 1139 5800 ἤγγισε
1184 5727 1251 5796 τῇ
1282 5722 1441 5796 οἰκίᾳ,
1474 5720 1665 5789 ἤκουσε
1694 5718 1999 5801 συμφωνίας

2111 5733 2244 5795 ιετο,
2306 5722 2364 5775 ει
2421 5729 2556 5775 cum
2588 5714 2812 5777 veniret
2845 5725 2901 5777 et
2943 5717 3474 5800 appropinquasset
3500 5721 3735 5795 domui,
