4126 6282
425 393 543 457 959

1391 399 1493 461 TH
1509 398 1985 464 EOPHYLACTI
2036 394 2445 457 BULGARLE
2490 396 2847 459 ARCHIEP.

3698 399 3820 464 960

427 531 649 593 audivit
674 543 1024 598 concentum
1062 543 1118 597 et
1167 535 1404 609 choros,
1430 542 1486 596 et
1521 534 1741 597 vocavit
1786 552 1969 597 unum
1999 524 2077 588 d6

2172 525 2247 581 ιαὶ
2300 532 2505 606 χορῶν,
2574 528 2661 582 καὶ
2718 525 3223 604 προσκαλεσάμενος
3308 531 3401 589 ἓνα
3455 536 3563 588 τῶν
3619 530 3822 590 παίδων

428 621 634 699 pueris
657 624 869 697 servis,
901 633 961 686 et
992 622 1374 701 interrogavit
1397 622 1538 705 quid
1575 630 1772 685 essent
1804 622 2005 685 illa.At
2026 625 2080 685 is

433 709 579 771 dixit
608 710 690 772 illi
723 731 736 774 :
772 713 979 776 Frater
1012 722 1145 775 tuus
1170 712 1352 787 venit,
1387 720 1445 774 et
1475 712 1695 774 occidit
1749 720 1917 793 pater
1947 719 2080 775 tuus

429 799 676 861 vitulum
718 802 879 863 illum
933 801 1286 883 saginatum,
1323 800 1478 882 quod
1526 800 1887 864 incolumem
1910 800 2076 864 illum

430 890 751 968 receperit.
790 891 1131 970 Indignatus
1164 898 1255 953 est
1283 900 1505 970 autem,
1557 909 1669 953 nec
1722 891 1952 953 volebat
1980 890 2077 951 in-

432 978 635 1040 troire.
696 982 867 1041 Pater
915 998 1056 1059 ergo
1104 979 1265 1041 illius
1296 998 1573 1058 egressus
1601 979 1845 1059 rogabat
1884 980 2076 1041 illum.

428 1068 507 1129 At
538 1067 639 1129 ille
661 1069 1037 1150 respondens
1061 1069 1206 1130 dixit
1239 1068 1571 1149 patrizEcce
1595 1078 1678 1131 tot
1703 1070 1872 1131 annis
1886 1067 2077 1130 servio

431 1155 562 1229 tibi,
616 1177 727 1220 nec
769 1178 1028 1240 unquam
1064 1168 1425 1239 praeceptum
1473 1166 1635 1219 tuum
1677 1167 2080 1237 transgressus

429 1262 584 1317 sum,
620 1264 731 1307 nec
762 1266 1019 1329 unquam
1063 1247 1275 1309 dedisti
1327 1246 1473 1308 mihi
1531 1248 1767 1308 hzedum
1820 1256 1883 1308 ut
1938 1265 2079 1307 cum

432 1334 638 1395 amicis
668 1336 814 1397 meis
837 1336 1087 1399 laetarer:
1115 1337 1219 1398 sed
1247 1344 1553 1418 postquam
1596 1336 1753 1398 ﬁlius
1786 1345 1919 1398 tuus
1960 1335 2082 1419 hic,

431 1423 528 1503 qui
562 1423 862 1485 devoravit
884 1425 1275 1487 substantiam
1296 1435 1452 1486 tuam
1478 1445 1613 1487 cum
1636 1423 2080 1493 meretricibus,

434 1514 614 1580 venit.
650 1514 916 1576 occidisti
950 1514 1035 1575 illi
1056 1512 1304 1576 vitulum
1337 1513 1504 1575 illum
1522 1513 1960 1594 saginatum.At
1983 1512 2084 1574 ille

432 1598 580 1661 dixit
604 1602 694 1665 ei:
730 1604 866 1676 Fili,
900 1612 959 1665 tu
984 1621 1227 1684 semper
1262 1622 1494 1665 mecum
1527 1622 1614 1683 es,
1650 1612 1708 1665 et
1731 1603 1931 1665 omnia
1953 1620 2083 1664 mea

436 1695 533 1748 tria
555 1698 730 1753 sunt:
766 1692 952 1753 laetari
989 1701 1181 1752 autem
1216 1699 1274 1753 et
1303 1691 1562 1771 gaudere
1594 1690 1925 1771 oportebat,
1945 1689 2084 1771 quia

436 1776 616 1839 frater
638 1788 771 1841 tuus
802 1781 899 1843 hic
933 1789 1195 1842 mortuus
1236 1789 1379 1844 erat.
1430 1799 1497 1841 ac
1529 1781 1757 1854 revixit;
1793 1788 1850 1840 et
1880 1780 2082 1860 perie-

435 1875 612 1933 rat,et
631 1869 901 1931 inventus
922 1870 1346 1933 est.»4lOHoc
1378 1870 1506 1931 loco
1534 1869 1789 1931 celebris
1808 1882 2083 1930 movetur
2106 1868 2143 1917 Β
2164 1860 2313 1940 ρέθη.

434 1959 726 2036 quaestio:
763 1959 1071 2033 Quomodo
1129 1967 1407 2041 appareat
1457 1959 1612 2021 ﬁlius
1675 1959 1930 2031 invidus,
1991 1957 2087 2039 qui

436 2045 659 2127 alioqui
692 2047 833 2110 vixit
855 2057 912 2110 et
928 2050 1171 2111 servivit
1190 2048 1342 2129 patri
1368 2048 1520 2109 bene
1543 2046 1952 2128 placens?Qua3
1972 2046 2088 2108 sol-

436 2136 927 2218 velur,siquidem
964 2138 1303 2218 parabolam
1332 2137 1465 2218 quis
1498 2136 1879 2218 eXpenderit,
1903 2154 2085 2216 quare

435 2224 591 2287 dicta
611 2226 807 2288 fuerit.
857 2225 1112 2289 Omnino
1165 2227 1325 2288 enim
1384 2228 1523 2306 quia
1554 2224 2085 2287 obmurmurabant

437 2312 688 2375 Domino
721 2314 1289 2394 Pharismi,mundos
1316 2324 1376 2377 et
1394 2314 1589 2393 justos
1614 2332 1678 2375 se
1711 2322 2086 2393 putantes,eo

437 2403 590 2483 quod
608 2402 938 2483 susciperet
961 2402 1304 2464 meretrices
1327 2402 2089 2482 etpublicanos,propterea

441 2490 718 2569 parabola
748 2491 857 2552 ista
888 2509 1021 2551 cum
1054 2490 1147 2551 his
1175 2508 1305 2570 quas
1334 2495 1474 2552 ante
1526 2508 1652 2550 eam
1702 2489 1875 2550 dictas
1924 2496 2081 2568 sunt,

441 2578 826 2659 proponitur:
862 2578 1341 2659 quandoquidem
1385 2578 1560 2657 igitur
1609 2577 1769 2638 dicta
1815 2576 1912 2657 sit,
1943 2578 2084 2656 quia

442 2666 719 2729 Pharisaei
743 2667 844 2749 qui
866 2668 1347 2746 erant,justiores
1366 2666 1789 2746 publicanis,ut
1805 2664 2082 2728 videban-

440 2764 555 2823 tur,
587 2755 1152 2818 obmurmurabant:
1182 2756 1497 2818 considera
1519 2754 1674 2837 quod
1710 2773 1960 2834 persona
1979 2755 2084 2816 ﬁlii

442 2844 542 2925 qui
573 2842 882 2906 videbatur
903 2842 1357 2905 obmurmurare
1379 2844 1631 2904 sumitur
1646 2850 1852 2904 contra
1876 2861 2086 2904 omnes

441 2934 539 3014 qui
566 2933 1037 2995 scandalizantur
1060 2932 1120 2995 in
1152 2934 1460 3014 repentina
1492 2932 1770 2994 felicitate
1809 2940 1867 2994 et
1895 2932 2084 2994 salute

444 3025 962 3103 peccatorumzhoc
991 3030 1187 3084 autem
1210 3042 1327 3083 non
1360 3031 1448 3084 est
1466 3020 1834 3095 invidize,sed
1859 3040 2090 3101 magnae

2162 610 2388 696 δούλων,
2447 613 2760 673 ἐπυνθάνετο
2809 617 2862 672 τί
2910 614 3004 685 εἴη
3059 624 3245 677 ταῦτα·
3306 621 3335 676 6
3380 618 3435 677 δὲ
3466 624 3621 679 εἶπεν
3650 620 3818 696 αὐτῷ,

2162 701 2267 782 ὅτι,
2326 693 2383 761 Ὀ
2442 701 2665 783 ἀδελφός
2708 726 2801 761 σου
2839 703 2978 779 ἣκει,
3010 706 3099 763 καὶ
3128 706 3305 765 ἔθυσεν
3336 711 3365 766 6
3394 711 3572 788 πατὴρ
3602 733 3696 768 σου

2162 792 2373 872 μόσχον
2429 794 2520 850 τὸν
2584 794 2845 867 σιτευτόν,
2897 795 2978 851 ὃτι
3006 796 3307 874 ὑγιαίνοντα
3336 800 3493 859 αὐτὸν
3523 798 3837 861 ἀπέλαϐεν(

2161 880 2418 960 Ὠργίσθη
2488 879 2543 939 δὲ
2600 883 2687 940 καὶ
2747 886 2843 942 οὐκ
2898 881 3082 951 ἤθελεν
3113 886 3392 950 εἰσελθεῖν,
3431 878 3487 947 Ὀ
3520 888 3610 945 οὐν
3638 892 3816 969 πατὴρ

2162 971 2320 1028 αὐτοῦ
2389 970 2632 1052 ἐξελθὼν,
2681 971 2971 1052 παρεκάλει
3025 974 3204 1032 αὐτόν’
3282 979 3311 1034 6
3384 975 3438 1035 δί
3517 979 3816 1059 ἀποκριθεὶς

2163 1060 2289 1147 εἶπε
2360 1068 2438 1136 τῷ
2493 1061 2668 1140 πατρί’
2717 1060 2851 1120 Ἰδοὺ
2905 1068 3134 1121 τοσαῦτα
3171 1064 3263 1134 ἔτη
3306 1063 3533 1124 δουλεύω
3577 1089 3681 1147 σοι,
3729 1068 3817 1124 καὶ

2163 1146 2412 1206 οὐδέποτέ
2468 1172 2559 1207 σου
2624 1150 2847 1219 ἐντολὴν
2926 1150 3203 1234 παρεῖδον,
3250 1157 3339 1211 καὶ
3394 1155 3522 1232 ἐμοὶ
3566 1146 3815 1214 οὐδέποτε

2165 1236 2364 1301 ἔδωκας
2435 1237 2634 1318 ἔριφον,
2694 1238 2786 1296 ἴνα
2845 1241 2980 1316 μετὰ
3023 1242 3129 1298 τῶν
3160 1242 3326 1323 φίλων
3369 1266 3472 1321 μου
3521 1247 3812 1326 εὐφρανθῶ·

2166 1326 2254 1383 ὅτε
2307 1325 2362 1383 δέ
2416 1329 2444 1383 6
2493 1329 2602 1394 υἱὸς
2662 1350 2756 1386 σου
2804 1331 2979 1402 οὗτος,
3012 1333 3041 1388 6
3082 1334 3406 1413 καταφαγὼν
3466 1354 3560 1393 σου
3585 1325 3675 1392 τὸν
3703 1335 3817 1411 βίον

2168 1416 2304 1491 μετὰ
2354 1424 2584 1504 πορνῶν,
2656 1415 2843 1492 ἦλθεν,
2920 1418 3103 1484 ἔθτσας
3163 1420 3306 1496 αὐτῷ
3358 1424 3449 1479 τὸν
3480 1423 3693 1504 μόσχον
3721 1424 3813 1480 τὸν

2169 1506 2425 1569 σιτευτὸν.
2491 1496 2547 1565 Ὀ
2604 1505 2657 1562 δὲ
2716 1508 2873 1564 εἶπεν
2931 1510 3094 1579 αὐτῷ’
3183 1510 3399 1586 Τέκνον,
3471 1513 3533 1568 σὺ
3589 1512 3817 1570 πάντοτε

2164 1592 2282 1669 μετ’
2344 1594 2476 1668 ἐμοῦ
2523 1596 2603 1671 εἴ,
2679 1596 2765 1652 καὶ
2835 1596 3007 1653 πάντα
3063 1598 3127 1655 τὰ
3158 1597 3263 1674 ἐμὰ
3292 1601 3358 1656 σά
3387 1603 3551 1657 ὶστιν⁶
3588 1600 3815 1681 εὐφραν-

2163 1686 2317 1751 θῆναι
2372 1682 2428 1740 δέ
2482 1682 2607 1761 ἔδει,
2682 1686 2769 1742 καὶ
2827 1685 3084 1766 χαρῆναι,
3120 1689 3205 1765 ὃτι
3241 1690 3269 1744 6
3299 1686 3517 1770 ἀδελφός
3547 1712 3640 1747 σου
3666 1692 3816 1752 οὗτος

2163 1775 2345 1851 νεκρὸς
2410 1774 2476 1841 ἧν
2545 1775 2630 1830 καὶ
2691 1774 2938 1855 ἀνέζησε,
2991 1777 3077 1832 καὶ
3134 1776 3429 1843 ἀπολωλὼς
3473 1779 3563 1853 ἦν,
3596 1779 3685 1835 καὶ
3724 1780 3819 1836 εὐ-

2383 1884 2406 1912 η
2469 1860 2722 1920 Ἐνταῦθα
2785 1864 2847 1919 τὸ
2904 1861 3334 1944 πολυθρύλλητον
3404 1867 3643 1943 ζήτημα.
3696 1873 3817 1931 Πῶς

2172 1951 2199 2005 6
2254 1951 2363 2014 υίὸς
2420 1951 2656 2029 φαίνεται
2728 1953 2976 2031 φθονερὸς
3036 1955 3063 2009 6
3108 1953 3399 2032 εὐαρέστως
3428 1956 3594 2026 ζήσας
3621 1952 3817 2025 τᾶλλα,

2169 2041 2255 2094 καὶ
2324 2034 2672 2103 δεδουλευκὼς
2742 2046 2819 2113 τῷ
2874 2041 3083 2118 πατρίς
3143 2034 3227 2100 ’¹Ο
3257 2040 3563 2119 λυθήσεται,
3597 2043 3715 2123 εἴγε
3735 2066 3816 2107 τις

2166 2126 2265 2182 τὴν
2320 2126 2630 2207 παραϐολὴν
2688 2126 3086 2211 ἆναλογίσαιτο,
3146 2128 3230 2188 διὰ
3271 2133 3322 2188 τί
3367 2132 3571 2212 ἑῤῥὲθη·
3606 2134 3819 2196 πάντως

2175 2216 2272 2293 γὰρ
2337 2214 2467 2273 διότι
2525 2217 2809 2296 ἐγόγγυζον
2892 2220 2940 2276 οἱ
3018 2222 3259 2298 καθαροὶ,
3346 2224 3434 2279 καὶ
3500 2221 3821 2287 δικαιοῦντες

2174 2304 2387 2370 ἑαυτοὺς
2463 2313 2748 2384 Φαρισαῖοι
2831 2306 2917 2365 ἐπὶ
2994 2309 3071 2383 τῷ
3156 2312 3331 2389 Κυρίῳ
3410 2310 3822 2393 προσδεχομένῳ

2170 2393 2368 2471 πόρνας
2422 2395 2507 2449 καὶ
2560 2393 2818 2475 τελώνας,
2902 2394 2985 2451 διὰ
3042 2397 3196 2454 τοῦτο
3253 2400 3285 2466 ἡ
3345 2399 3627 2478 παραϐολὴ
3684 2399 3820 2466 αὕτη

2171 2482 2305 2556 μετᾶ
2345 2487 2451 2537 τῶν
2506 2484 2608 2561 πρὸ
2664 2483 2826 2551 αὐτῆς
2887 2484 3122 2562 εἴρηται⁶
3187 2485 3305 2544 ἐπεὶ
3347 2491 3435 2545 οὗν
3480 2487 3613 2547 διότι
3656 2488 3824 2569 ἒγόγ-

2165 2576 2319 2646 γυζον
2381 2572 2427 2626 οἱ
2484 2577 2797 2651 Φαρισαῖοι,
2855 2569 3044 2628 δίκαιοι
3073 2575 3223 2638 ὃντες
3248 2575 3380 2655 ὕπὲρ
3412 2577 3531 2643 τοὺς
3562 2577 3821 2649 τελώνας⁹

2163 2660 2236 2721 ὡς
2307 2655 2543 2731 ἐδόκουν,
2616 2658 2856 2737 εἴρηταιο
2932 2660 3121 2717 σκόπει
3178 2662 3259 2717 ὅτι
3303 2665 3365 2718 τὸ
3412 2664 3698 2743 πρόσωπον
3728 2672 3827 2723 τοῦ

2165 2745 2439 2811 δοκοῦντος
2509 2748 2786 2826 γογγύζειν
2863 2752 2973 2807 υἱοῦ
3057 2748 3383 2826 λαμϐάνεται
3465 2754 3538 2818 είς
3616 2755 3824 2817 πάντας

2166 2836 2285 2901 τοὺς
2337 2835 2841 2913 σκανδαλιζομένους
2892 2837 2978 2895 ἐπὶ
3027 2845 3096 2916 τῇ
3178 2839 3337 2917 ἀθρόᾳ
3393 2839 3670 2920 εὐπραγίᾳ,
3727 2843 3823 2897 καὶ

2169 2925 2404 3005 σωτηρίᾳ
2457 2926 2563 2983 τῶν
2630 2926 2985 3005 ἁμαρτωλῶν
3046 2935 3202 2986 τοῦτο
3256 2926 3311 2985 δὲ
3342 2930 3437 2986 οὐκ
3464 2929 3575 2986 ’ἐστι
3604 2930 3820 3011 φθόνος,

2170 3013 2289 3071 ἀλλ’
2348 3014 2636 3096 ὑπέρχυσις
2692 3016 2789 3084 τῆς
2846 3016 3235 3098 φίλανθρωπίας
3291 3021 3387 3077 τοῦ
3434 3026 3564 3077 Θεοῦ
3591 3019 3822 3098 ἀγνοου-

445 3111 822 3190 benignitatis
852 3111 1091 3188 divinae,
1118 3131 1291 3192 quam
1326 3130 1433 3173 nos
1463 3111 1831 3212 ignoramus,
1864 3118 1921 3171 et
1946 3127 2087 3211 pro-

2174 3103 2311 3179 μένη
2364 3106 2524 3184 ἡμῖν,
2584 3110 2671 3161 και
2715 3104 2800 3162 διὰ
2856 3109 3011 3165 τοῦτο
3072 3108 3322 3164 τίκτουσα
3373 3108 3462 3166 τὸν
3490 3106 3815 3188 γογγυσμόνο

2180 3193 2206 3212 ν
2371 3195 2383 3209 .
2494 3196 2506 3212 .
2585 3202 2596 3212 .
2684 3192 2738 3212 η
2829 3197 2843 3212 .
2972 3197 2986 3212 .
3041 3195 3053 3212 ,
3292 3196 3303 3212 .
3672 3195 3696 3212 κ
3732 3193 3752 3212 ς

448 3210 649 3281 pterea
682 3202 832 3281 parit
872 3201 1425 3264 murmurationem.
1467 3201 1680 3261 Annon
1710 3208 1766 3261 et
1789 3197 1967 3261 David
1993 3198 2091 3261 in-

444 3290 606 3350 ducit
657 3308 969 3366 personam
1023 3308 1155 3369 quze
1204 3288 1604 3349 oﬁ‘enditurin
1636 3307 1779 3368 pace
1812 3296 2090 3368 peccato-

441 3377 609 3439 rum?
631 3387 687 3439 et
716 3377 996 3441 similiter
1021 3376 1536 3450 .leremias,«Quid
1571 3377 1727 3457 quod
1761 3376 1852 3437 via
1882 3376 2094 3455 impio—

445 3485 574 3527 rum
610 3467 1313 3546 prosperatur,dicens,et
1340 3465 1748 3544 plantastieos,
1778 3474 1834 3526 et
1858 3465 2091 3527 radices

444 3557 805 3634 egerunt“)?
839 3581 865 3611 ιο
901 3555 1038 3617 Haec
1062 3554 1216 3615 enim
1245 3554 1445 3614 omnia
1468 3562 1605 3614 sunt
1638 3554 2005 3614 inﬁrmarum
2033 3562 2091 3614 et

447 3663 773 3724 pauperum
807 3642 1229 3722 cogitationum
1266 3641 2090 3722 hominum,quiacccendun-

442 3741 626 3799 tur,et
657 3733 977 3814 loquuntur
1003 3732 1061 3792 in
1078 3731 1468 3811 prosperitate
1498 3731 1786 3791 malorum
1820 3730 2085 3806 indigna.

448 3822 599 3885 Dicit
653 3821 832 3901 igitur
863 3840 968 3901 per
997 3828 1349 3901 praesentem
1410 3818 1747 3900 parabolam
1798 3819 2090 3882 Dominus

448 3910 754 3971 Pharisaiis
784 3911 947 3991 quasi
972 3910 1031 3970 in
1064 3910 1219 3970 hunc
1243 3907 1944 3987 inoduszsto,vosjnsti
1966 3908 2093 3969 sitis

442 3999 600 4062 sicut
633 3999 787 4062 ﬁlius
820 3999 919 4062 ille
941 4007 997 4061 et
1020 3997 1461 4078 beneplaceatis
1484 3998 1669 4061 Patri:
1707 3997 1961 4059 obsecro
1992 4016 2093 4059 vos

437 4090 630 4169 justas
670 4098 729 4151 et
774 4089 1049 4164 mundos,
1082 4107 1158 4149 ne
1207 4086 1676 4149 obmnrmuretis
1705 4088 1780 4149 ob
1830 4087 2090 4149 laetitiam

446 4197 620 4259 quam
650 4178 939 4240 habemus
970 4186 1209 4258 propter
1232 4177 1561 4258 peccatoris
1588 4177 1863 4257 salutem,
1896 4176 2089 4258 siqui-

445 4268 579 4329 dem
613 4268 711 4329 hic
740 4286 975 4347 quoque
998 4266 1153 4328 ﬁlius
1188 4265 1509 4347 est.ltaque
1535 4286 1649 4327 non
1674 4275 1920 4347 apparet
1950 4265 2094 4326 invi-

446 4355 675 4429 dia,sed
732 4355 1017 4417 Dominus
1080 4355 1515 4418 Pharisaeorum
1564 4363 1824 4418 mentem
1856 4355 2096 4417 instruit

2174 3193 2275 3272 ἆρα
2330 3195 2429 3273 γὰρ
2487 3196 2515 3250 6
2573 3192 2738 3250 Δαυίδ
2794 3197 2889 3252 οὐκ
2945 3195 3145 3274 εἰσάγει
3203 3196 3486 3276 πρόσωπον
3534 3193 3820 3255 σκανδαλι-

2172 3282 2396 3359 ζομὲνου
2441 3283 2526 3339 ἐπὶ
2556 3289 2626 3361 τῇ
2686 3285 2869 3362 εἰρήνῃ
2899 3291 3007 3342 τῶν
3049 3283 3380 3364 ἁμαρτωλῶν
3413 3306 3430 3363 ς
3461 3286 3552 3343 καὶ
3593 3287 3622 3342 6
3654 3284 3820 3364 Ἰερε-

2174 3372 2297 3448 μίας
2330 3372 2551 3448 ὁμοίως,
2589 3392 2614 3428 α
2664 3372 2726 3431 Τί
2754 3373 2833 3429 ὃτι
2861 3372 2980 3438 ὁδός
3010 3372 3214 3431 ἀσεϐῶν
3244 3374 3565 3451 εὐθηνετται,
3625 3373 3823 3455 λέγων,

2172 3463 2259 3518 καὶ
2344 3461 2627 3539 ἐφύτευσας
2678 3461 2890 3537 αὐτοὺς,
2971 3464 3059 3520 καὶ
3121 3461 3519 3543 ἐριζοϐόλησαν*
3575 3486 3600 3523 ι
3652 3465 3824 3522 Ταῦτα

2173 3551 2272 3631 γὰρ
2327 3552 2498 3608 πάντα
2555 3552 2652 3620 τῆς
2716 3552 2960 3617 ἀσθενους
3016 3553 3103 3609 καὶ
3174 3554 3404 3633 πτωχῖκ
3461 3551 3688 3616 διανοίας
3716 3554 3815 3609 εῐσὶ

2170 3646 2277 3696 τῶν
2342 3641 2631 3720 ἀνθρώπων
2687 3640 3130 3720 ἐμπυριζομένης,
3190 3644 3279 3699 καὶ
3335 3641 3677 3715 δισταζούσης
3734 3637 3823 3697 ἐπὶ

2171 3734 2239 3806 τῇ
2307 3727 2510 3804 imitri,
2573 3727 2726 3796 δῆθεν
2810 3730 3065 3809 εὐπραγίᾳ
3148 3736 3254 3786 τῶν
3329 3732 3602 3810 πονηρῶν.
3668 3726 3823 3806 Λέγει

2172 3819 2342 3876 τοίνυν
2424 3816 2508 3873 διὰ
2559 3817 2655 3886 τῆς
2689 3818 2963 3897 παρούσης
2992 3816 3302 3897 παραϐολῆς
3333 3822 3361 3876 6
3406 3820 3591 3899 Κύριος
3623 3838 3826 3894 μονον-

2176 3908 2301 3987 ουχὶ
2368 3914 2585 3964 τοιαῦτα
2641 3919 2759 3971 τοῖς
2818 3907 3151 3984 Φαρισαίοιςο
3192 3905 3407 3987 ”Εστω,
3449 3909 3607 3984 ὑμεῖς
3636 3904 3825 3963 δίκαιοι

2173 3997 2308 4052 κατᾶ
2354 3997 2443 4052 τὸν
2520 3997 2630 4052 υἱὸν
2689 3995 2918 4072 ἐκεῖνον,
2978 3997 3067 4053 καὶ
3139 3997 3406 4076 εὐάρεστοι
3477 4002 3555 4069 τῷ
3639 3995 3825 4072 Πατρὶ,

2174 4084 2466 4162 παρακαλῶ
2542 4086 2677 4160 ὑμᾶς
2749 4086 2870 4149 τοὺς
2935 4084 3163 4150 δικαίους
3222 4087 3309 4143 καὶ
3392 4085 3673 4165 καθαροὺς,
3749 4083 3829 4159 μὴ

2173 4175 2448 4253 γογγύζειν
2498 4175 2585 4231 επὶ
2639 4175 2707 4243 τῆ
2765 4174 3079 4255 εὐφροσύνῃ,
3137 4173 3203 4242 ἦν
3250 4175 3538 4251 ποιούμεθ»
3590 4171 3675 4231 διὰ
3726 4171 3827 4239 τὴν

2176 4266 2267 4319 τοῦ
2336 4262 2651 4341 ἁμαρτωλοῦ
2707 4265 2993 4344 σωτηρίαν’
3070 4267 3159 4321 καὶ
3226 4265 3327 4344 γὰρ
3381 4264 3469 4321 καὶ
3509 4265 3661 4328 οὗτος
3688 4262 3837 4325 υἱδςό

2178 4355 2250 4411 Οὐ
2310 4351 2479 4409 τοίνυν
2552 4352 2739 4432 φθόνος
2796 4353 3032 4411 ἐντεῦθεν
3061 4352 3394 4434 ἐμφαίνεται,
3428 4350 3567 4408 ἄλλά
3594 4350 3691 4418 τὴν
3720 4356 3827 4407 τῶν

448 4463 555 4524 per
578 4444 913 4525 parabolaltn
939 4444 1191 4517 illam,ut
1223 4443 1455 4505 etiamsi
1479 4444 1623 4521 justi
1656 4443 1771 4524 ipsi
1805 4452 2088 4515 essent,el

2176 4441 2478 4520 Φαρισαίων
2528 4442 2754 4518 γνώμην
2835 4439 3071 4499 παιδεύει
3128 4444 3157 4499 6
3230 4442 3419 4522 Κύριος
3474 4438 3559 4496 διὰ
3587 4441 3687 4506 τῆς
3718 4460 3828 4495 πα-

448 4534 650 4593 omnia
668 4532 942 4594 mandata
966 4531 1068 4594 Dei
1085 4530 1784 4613 perfecissent,gravatim
1802 4531 1956 4593 ferre
1980 4550 2094 4592 non

448 4621 740 4683 deberent
757 4620 978 4701 suscipi
1003 4621 1502 4702 peccatores.Nec
1525 4621 1740 4682 mirum
1768 4624 1920 4682 estsi
1942 4639 2097 4698 aegre

444 4710 705 4771 feramus
725 4728 904 4790 super
920 4710 1013 4770 his
1034 4729 1168 4789 qua:
1187 4709 1430 4789 indigne
1453 4710 1728 4771 videntur
1752 4708 2098 4771 ﬁeri.Tanta

450 4799 611 4859 enim
644 4798 749 4860 Dei
780 4808 867 4860 est
885 4797 1311 4878 henignitas,et
1325 4810 1438 4861 tam
1464 4798 1788 4861 liberaliter
1816 4818 1923 4861 sua
1946 4798 2098 4859 bona

448 4888 617 4950 nobis
647 4888 1139 4968 communicat,ut
1159 4896 1217 4950 et
1238 4887 1566 4968 indignatio
1598 4896 1656 4949 et
1685 4888 2095 4949 obmurmura-

447 4977 527 5037 tio
560 4977 701 5039 intle
733 4978 890 5037 nasci
931 4977 1218 5058 possetzid
1242 4978 1397 5058 quod
1421 4977 1481 5038 in
1502 4976 1773 5039 familiari
1804 4977 2102 5057 colloquio

446 5065 899 5147 dicimus.Saepe
920 5086 1052 5129 cum
1078 5066 1389 5129 beneﬁciis
1413 5066 1753 5147 quempiam
1770 5066 2100 5143 atl‘ccimus,

447 5156 736 5219 etdeinde
752 5156 969 5235 gratias
988 5175 1106 5218 non
1128 5155 2105 5237 egerit,dicimus:Reprehendunt

448 5264 543 5306 me
572 5266 781 5307 omnes
805 5246 963 5327 quod
1005 5254 1164 5307 tanta
1196 5249 1252 5305 in
1288 5254 1343 5306 te
1375 5245 1664 5307 beneﬁcia
1694 5245 2047 5307 contulerim
2086 5265 2099 5304 :

446 5336 718 5415 quamvis
769 5337 924 5399 forte
958 5353 1135 5398 nemo
1168 5354 1276 5396 nos
1324 5334 1788 5414 reprehenderit
1841 5344 2100 5397 attamen

454 5424 920 5501 magnitudinem
950 5424 1360 5486 beneﬁcentiae
1390 5423 1706 5485 ostendere
1728 5423 2100 5505 volentes,ita

448 5512 1083 5588 ﬁngintus.Videamus
1099 5518 1301 5576 autem
1328 5521 1385 5574 et
1409 5511 1805 5594 particulatim
1833 5522 1890 5574 et
1913 5513 2098 5575 brevi-

526 5678 589 5733 79
623 5682 851 5746 Jerem.
887 5698 995 5758 ιιι,
1030 5682 1092 5745 2.

2178 4529 2411 4610 ραϐολῆς
2468 4530 2688 4610 ταύτης,
2747 4530 2883 4588 ὥστε
2937 4533 2982 4587 εί
3023 4531 3109 4587 καὶ
3139 4528 3328 4588 δίκαιοι
3397 4529 3511 4586 εἶεΛ
3540 4528 3710 4602 αὐτοὶ,
3741 4529 3831 4584 καὶ

2178 4626 2351 4677 πᾶσαν
2409 4616 2631 4685 ἐντολὴν
2686 4624 2779 4676 τοῦ
2850 4618 2983 4676 θεοῦ
3026 4617 3466 4699 πεπληρωκότες,
3514 4617 3593 4694 μὴ
3624 4614 3827 4695 δυσχε-

2179 4708 2369 4787 ραίνειν
2460 4707 2545 4763 ἐπὶ
2622 4708 2689 4784 τῇ
2770 4706 3056 4788 παραδοχῇ
3115 4711 3221 4764 τῶν
3298 4704 3656 4785 αμαρτωλῶν.
3732 4704 3832 4763 Καὶ

2183 4795 2327 4856 οὐδὲν
2382 4797 2682 4871 θαυμαστὸν
2738 4797 2782 4851 εί
2847 4795 3256 4877 δυσχεραίνομεν
3303 4794 3390 4852 ἐπὶ
3442 4807 3562 4860 τοῖς
3608 4790 3831 4859 ἀναξίως

2183 4884 2389 4945 δοκοῦσι
2447 4886 2697 4963 γίνεσθαι,
2769 4885 3001 4953 τοσαύτη
3056 4886 3155 4965 γὰρ
3252 4884 3394 4942 ἔστιν
3461 4886 3497 4952 ἡ
3552 4889 3644 4940 τοῦ
3701 4886 3835 4938 Θεοῦ

2185 4974 2563 5054 φιλανθρωπία,
2640 4974 2729 5030 καὶ
2784 4973 2953 5038 οὕτως
3008 4974 3248 5055 ἀφθόνως
3294 4969 3648 5050 μεταδίδωσιν
3694 4972 3832 5046 ἡμῖν

2187 5072 2292 5121 τῶν
2364 5064 2568 5121 οἰκείων
2620 5063 2855 5141 ἀγαθῶν,
2914 5062 3053 5121 ὥστε
3095 5065 3183 5120 καὶ
3224 5063 3529 5142 γογγυσμὸν
3566 5060 3834 5117 τίκτεσθαι

2186 5156 2418 5209 ἐντεῦθεν
2468 5149 2734 5209 δύνασθαι⁶
2794 5150 2924 5231 ὅπερ
2993 5152 3081 5209 καὶ
3130 5149 3185 5207 ἐν
3233 5153 3301 5228 τῇ
3385 5150 3595 5219 συνήθει
3655 5144 3836 5224 ὁμιλίᾳ

2186 5242 2434 5321 λέγομεν,
2494 5239 2754 5306 Πολλάκις
2830 5241 2931 5319 γὰρ
3027 5238 3464 5320 εὐεργετήσαντές
3510 5258 3651 5311 τινα,
3709 5236 3834 5292 εἶτα

2186 5329 2634 5411 ἀχαριστηθείντες
2680 5326 2807 5408 παρ’
2877 5329 3036 5386 αὐτοῦ
3097 5327 3344 5408 λέγομεν,
3390 5326 3472 5384 ὅτι
3525 5322 3835 5404 Μέμφονταί

2187 5444 2280 5496 μοι
2352 5420 2571 5494 πάντες,
2628 5418 2711 5475 ὅτι
2767 5438 2826 5473 σε
2898 5417 3233 5499 εὐηργέτησα
3274 5423 3525 5476 τοσαῦτα⁶
3561 5413 3730 5470 καίτοι
3775 5432 3837 5490 γε

2186 5511 2323 5574 ἴσως
2381 5509 2478 5567 οὐκ
2533 5506 2813 5587 ἐμέμψατό
2863 5528 2941 5571 τις
2962 5512 3122 5584 ἡμῖν,
3154 5504 3290 5565 ἄλλᾶ
3321 5504 3468 5587 ὅμως
3495 5502 3589 5577 τῆς
3620 5500 3837 5583 εὐεργε-
