4126 6282
244 299 351 370 961

985 310 1426 377 ENARRATIO
1471 310 1551 375 IN
1600 306 2104 375 EVANGELIUM
2157 311 2393 376 LUCzE.
2446 347 2515 358 —
2562 316 2727 377 CAP.
2780 315 2917 379 XV.

3540 310 3656 376 96‘2

256 445 374 510 σίας
406 444 720 514 ἐνδείξασθαι
764 447 1078 527 βουλόμενοι
1133 450 1194 505 τὸ
1266 449 1511 529 μέγεθος,
1552 446 1707 505 τοῦτο
1736 443 1944 504 πλάτοι

2029 461 2091 503 er
2120 445 2479 523 parabolam.
2518 449 2581 507 In
2627 465 2765 525 agro
2796 448 3099 509 eratﬁlius
3130 449 3356 523 senior,
3399 449 3511 510 hoc
3547 457 3658 528 est,

255 557 442 610 τομεν,
504 533 747 613 ’Ίδωμεν
807 537 861 594 δὲ
916 539 1005 595 καὶ
1061 540 1198 595 κατὰ
1254 537 1413 618 μέρος
1445 539 1518 601 ὼς
1575 540 1631 592 ἓν
1688 534 1916 608 ἐπιτομῆ

254 626 357 692 τὴν
415 624 751 704 παραϐολὴν.
814 624 903 685 Ἐν
964 627 1109 705 ἀγρῷ
1134 629 1201 696 ἦν
1244 630 1273 684 6
1316 624 1668 705 πρεσϐύτερος
1696 627 1830 698 υἱὸς,
1858 626 1913 679 ἓν

255 718 336 789 τῷ
392 717 577 790 κόσμῳ
630 717 802 790 τούτῳ
870 716 1222 794 ἓργαζόμενος
1270 717 1371 784 τῆν
1416 714 1606 772 ἑαυτοῦ
1649 723 1773 793 γῆν,
1819 713 1918 779 τὴν

258 805 428 880 σάρκα
480 807 643 885 φημὶ,
696 806 789 861 ’ίνα
845 804 1131 882 ἐμπλησθῇ
1189 805 1381 885 ἄρτων,
1446 806 1533 861 καὶ
1564 806 1791 881 σπείρων
1864 801 1918 857 ἐν

259 891 532 973 δάκρυσιν,
596 894 688 949 ἵνα
744 893 799 949 ἐν
858 893 1172 973 ἀγαλλιάσει
1224 896 1426 974 θερίση,
1503 895 1696 950 Μαθὼν
1755 890 1810 947 δὲ
1859 893 1920 947 τὰ

260 982 589 1063 πραχθέντα,
651 984 746 1041 οὒκ
803 982 989 1051 ἤθελεν
1047 986 1121 1048 εἰς
1177 985 1277 1053 τὴν
1307 984 1492 1051 κοινὴν
1536 983 1710 1062 χαρὰν
1742 979 1921 1036 εἰσελ-

260 1062 409 1130 θεῖνξ
470 1062 528 1128 Ὀ
584 1070 639 1127 δὲ
689 1071 1054 1152 φιλάνθρωπος
1086 1075 1264 1151 πατὴρ
1311 1072 1490 1144 ἔξεισι,
1555 1073 1643 1127 καὶ
1672 1091 1923 1148 παρακα-

261 1160 375 1239 λεῖ,
434 1163 521 1217 καὶ
606 1159 938 1218 ἀναδιδάσκει
1020 1164 1177 1222 αὐτὸν
1233 1162 1332 1230 τὴν
1413 1164 1515 1230 τῆς
1604 1160 1923 1240 εὖφροσύνης

266 1252 460 1328 αἰτίαν,
512 1249 591 1306 ὅτι
664 1257 846 1330 νεκροῦ
915 1252 1057 1307 ἐστιν
1089 1253 1422 1323 ἆναζώωσις*
1486 1248 1571 1306 διὰ
1600 1250 1661 1305 τὸ
1710 1248 1924 1327 ἀγνοεῖν

264 1341 340 1401 ὡς
402 1336 672 1415 ἄνθρωπον
704 1338 1203 1414 σκανδαλιζόμενον,
1258 1342 1346 1398 καὶ
1391 1339 1713 1414 αἰτεώμενον
1743 1336 1922 1416 αὒτόν,

2000 532 2059 593 in
2092 538 2308 595 mundo
2340 537 2542 607 hoc,et
2570 537 2927 617 operabatur
2952 557 3116 599 suam
3154 546 3657 612 terram,carnem

2002 621 2158 692 dico,
2195 634 2258 683 ut
2282 625 2633 705 impleretur
2658 626 2994 705 panibus,et
3014 627 3253 689 serebat
3279 628 3334 687 in
3356 627 3654 708 lacrymis,

2004 720 2066 771 ut
2097 718 2350 774 meteret
2380 714 2440 774 in
2470 715 2852 776 exultatione.
2905 718 3086 779 Porro
3133 716 3232 777 ubi
3286 716 3494 779 didicit
3528 736 3660 798 quae

2002 799 2151 860 facta
2172 810 2359 875 erant,
2400 803 2585 864 noluit
2605 804 2674 863 ad
2712 822 3029 865 commune
3059 804 3337 884 gaudium
3372 805 3603 884 ingredi
3635 828 3648 870 :

2004 889 2106 949 sed
2149 890 2488 952 misericors
2520 906 2692 972 pater
2711 891 3041 968 egreditur,
3073 904 3129 953 et
3166 895 3529 974 obsecrat,et
3558 896 3663 957 do-

2006 987 2100 1039 cet
2132 979 2514 1047 eumJaetitiaz
2549 999 2782 1041 causam
2816 982 2948 1043 esse
2982 983 3193 1043 mortui
3245 984 3662 1045 reviviticatio-

2010 1086 2249 1128 nemzeo
2282 1069 2437 1148 quod
2498 1069 2779 1148 ignorans
2812 1070 3240 1132 scandalizatus
3272 1080 3429 1134 esset
3459 1074 3660 1147 homo,

2009 1165 2067 1216 et
2091 1165 2519 1235 arguerateum
2555 1158 2711 1238 quod
2746 1158 2860 1219 sibi
2887 1178 3081 1238 neque
3106 1161 3340 1221 haedum
3372 1161 3662 1237 dedisset,

2006 1245 2091 1304 4ι
2113 1247 2134 1302 ι
2154 1245 2548 1325 intemperato
2573 1256 2764 1307 autem
2792 1247 3121 1324 saginatum
3156 1248 3478 1311 occidisset
3508 1252 3663 1312 vitu-

2011 1333 2310 1406 lum.Quid
2342 1344 2541 1395 autem
2574 1344 2665 1397 est
2694 1336 2849 1415 quod
2886 1355 2989 1415 per
3013 1336 3249 1398 haadum
3277 1339 3671 1418 signiﬁcatur?

264 1430 339 1492 ὡς
397 1429 539 1501 αὖτῷ
590 1428 713 1505 μὲν,
769 1426 882 1486 οὗδέ
935 1428 1110 1510 ἔριφον
1166 1427 1430 1503 ἐδεδώκει,
1496 1436 1574 1502 τῷ
1619 1426 1677 1483 δὲ
1737 1426 1929 1499 ἀσώτῳ

2029 1421 2131 1484 ἑΙοε
2162 1424 2290 1484 loco
2320 1424 2723 1488 discezOmnis
2756 1428 2955 1484 [nodus
2982 1436 3037 1486 et
3061 1436 3335 1504 peccator
3355 1430 3664 1493 ordinatur

265 1518 360 1572 τὸν
443 1519 687 1573 σιτευτὸν
744 1519 1051 1575 καταθύσειε
1111 1520 1344 1599 μόσχον,
1406 1518 1466 1575 Τί
1495 1514 1547 1573 δὲ
1578 1519 1687 1572 εστι
1732 1516 1793 1570 τὸ
1844 1511 1928 1570 διὰ

2029 1512 2079 1570 nl
2115 1511 2415 1572 sinistram
2444 1511 2855 1592 partem.Dicit
2887 1515 3063 1589 igitur
3084 1515 3254 1576 bona
3274 1516 3458 1594 frugis
3481 1520 3659 1581 filius:

264 1612 362 1661 τοῦ
413 1605 589 1685 ἐρίφου
650 1604 1024 1687 δηλούμενον;
1084 1595 1303 1665 Ὧδε-ἃν
1335 1609 1545 1684 μάθοις·
1597 1611 1707 1667 Πᾶς
1752 1603 1929 1683 ἔριφος

2029 1599 2296 1678 [‘ransegi
2326 1600 2499 1661 vitam
2526 1602 2585 1662 in
2617 1602 2897 1662 omnibus
2928 1603 3254 1684 laboribus,
3290 1609 3657 1685 persecutio-

267 1703 371 1765 τῆς
428 1697 703 1776 ἀριστερᾶς
799 1701 889 1755 καὶ
971 1698 1288 1777 ἁμαρτωλοῦ
1381 1696 1587 1777 μερίδος
1658 1694 1923 1756 τάττεται,

2029 1707 2151 1748 nem
2194 1708 2397 1768 passus
2431 1701 2486 1750 et
2509 1691 2761 1752 afflictus
2793 1700 2848 1752 et
2874 1710 2908 1751 a
2934 1703 3198 1771 peccato:
3220 1694 3348 1755 ibus
3371 1707 3664 1776 passus,et

269 1786 442 1854 Φησίν
473 1789 561 1843 οὖν
588 1790 616 1842 6
646 1788 922 1866 εὐάρεστος
952 1789 1085 1863 υἱὸς,
1120 1787 1197 1845 ὅτι
1234 1779 1322 1846 Ἐν
1364 1795 1493 1845 πᾶσι
1525 1787 1709 1850 πόνοις
1741 1781 1922 1861 διῆγον

2029 1796 2310 1857 iunquam
2350 1779 2490 1839 mihi
2524 1780 3191 1855 occidistihaadumJioc
3216 1786 3665 1857 est,bumiliasti

269 1878 372 1943 τὴν
412 1876 578 1951 ζωὴν,
614 1874 959 1957 διωκόμενος,
992 1879 1415 1958 κακοχοὺμενος,
1448 1878 1551 1934 ὑπὸ
1578 1882 1685 1933 τῶν
1742 1876 1915 1952 ἀμαρ-

2029 1877 2469 1941 ieccatorem,ut
2498 1868 2821 1931 invenirem
2854 1872 2943 1931 vel
2965 1890 3194 1950 parvam
3214 1874 3475 1953 quietem
3501 1899 3514 1935 :
3537 1877 3660 1937 haz-

271 1967 461 2027 τωλῶν
529 1966 862 2045 θλιϐόμενος,
920 1954 1009 2028 καὶ
1064 1954 1314 2030 οὐδέποτε
1356 1972 1487 2049 ὑπὲρ
1542 1968 1669 2045 ἐμοῦ
1697 1962 1922 2045 ἔσφαξας

2029 1956 2117 2016 Ius
2140 1964 2267 2017 erat
2297 1954 2438 2049 Elize
2469 1957 3181 2049 At-lirab.P_ersequebatur
3203 1961 3361 2021 enim
3397 1966 3660 2044 prophe-

273 2059 364 2115 καὶ
420 2057 734 2123 ἀπέκτεινας
802 2058 1005 2140 ἔριφον,
1075 2060 1366 2134 τουτέστιν,
1426 2054 1741 2137 ἁμαρτωλὸν
1806 2051 1925 2109 θλί-

2032 2053 2220 2140 am,_et
2254 2064 2372 2105 non
2405 2046 2567 2106 dedit
2588 2047 2879 2140 Dominus
2907 2048 3138 2140 haedum
3171 2051 3366 2111 statim
3401 2053 3470 2113 ad
3491 2055 3661 2115 occi-

274 2145 437 2204 ϐοντά
494 2170 585 2224 με,
644 2150 714 2211 ὡς
776 2147 838 2204 ἂν
897 2147 1032 2226 εὕρω
1103 2150 1296 2229 μικρὰν
1327 2148 1525 2206 ἄνεσιν
1582 2146 1704 2202 οἷον
1749 2144 1923 2222 ἔριφος

2029 2132 2297 2208 lendum,
2341 2143 2401 2195 ut
2445 2154 2763 2216 parumper
2782 2135 3218 2199 refocillaretur
3236 2150 3293 2200 et
3323 2141 3663 2221 quiesceret

276 2239 344 2303 ἦν
397 2244 473 2312 τῷ
530 2235 711 2293 Ἦλιοῦ
780 2239 809 2294 ό
889 2228 1118 2319 Ἀχαὰϐ,
1181 2228 1426 2296 Ἐδίωκεν
1456 2237 1542 2294 οὖν
1574 2237 1663 2291 τὸν
1708 2232 1927 2311 προφήο

279 2349 403 2405 την,
470 2329 556 2383 καὶ
615 2330 710 2385 οὒκ.
767 2325 960 2384 ἔδωκεν
1022 2328 1049 2383 ὁ
1082 2329 1266 2408 Κύριος
1296 2334 1481 2385 τοῦτον
1509 2328 1599 2382 τὸν
1631 2324 1807 2403 ἔριφον
1836 2341 1929 2375 τα·-

281 2416 423 2493 γέως
493 2417 564 2480 εἷς
617 2416 851 2496 σφαγὴν,
912 2417 1006 2473 ’ίνα
1063 2419 1250 2497 μικρὸν
1320 2417 1515 2479 ἀνεθεὶς
1577 2413 1760 2469 ’Πλιοὺ
1805 2408 1940 2465 ἀνά-

280 2506 546 2572 παύσηται
601 2506 737 2580 μετὰ
808 2512 914 2563 τῶν
942 2506 1107 2585 φίλων
1150 2508 1307 2566 αὐτοῦ
1335 2513 1440 2563 τῶν
1500 2502 1806 2585 προφητῶν.
1848 2499 1941 2553 Διὸ

284 2602 371 2649 καί
430 2596 560 2675 φησὶ
614 2597 745 2674 πρὸς
808 2596 963 2653 Θεόν·
1036 2616 1091 2650 u'
1128 2599 1306 2677 Κύριε,
1364 2596 1486 2660 τοὺς
1529 2594 1806 2672 προφήτας
1849 2608 1944 2643 σου

288 2682 625 2765 ἀπέκτειναν,
676 2688 765 2741 καὶ
818 2686 884 2741 τὰ
966 2687 1311 2765 θυσιαστὴριά
1348 2707 1439 2741 σου
1494 2682 1863 2755 κατέσκαψαν.
1907 2700 1935 2730 ι

290 2761 524 2851 ’Ἔριφος
579 2761 657 2847 τῷ
730 2772 895 2830 Δαυίδ
949 2775 977 2830 ὀ
1006 2772 1197 2849 Ζαούλ,
1227 2761 1331 2831 -καὶ
1361 2775 1554 2836 πάντες
1587 2773 1633 2828 οἶ
1661 2765 1940 2826 ἐνδιαϐάλ-

295 2860 473 2927 λοντες
542 2864 720 2937 αὺτὸν,
783 2861 869 2926 οὕς
925 2863 1057 2942 ἐφίει
1109 2864 1137 2919 ὁ
1196 2863 1383 2941 Κύριος
1439 2862 1708 2941 πειράζειν
1761 2858 1941 2935 αὑτὸν,

292 2952 379 3008 καὶ
438 2951 532 3007 οὒκ
592 2950 866 3032 ἕσφαττεν,
918 2954 992 3017 ὼς
1048 2953 1111 3007 ἅν
1140 2953 1326 3020 ἡσθείη
1360 2948 1548 3008 Δαυῖδ*
1594 2948 1675 3005 διὸ
1704 2949 1791 3004 καὶ
1820 2945 1943 3002 ἒλε-

294 3058 408 3117 γενο
461 3064 488 3095 ι(
525 3034 682 3105 ’Ἕως
724 3042 854 3098 πότε
885 3041 1211 3119 ἁμαρτωλοὶ,
1260 3043 1435 3116 Κύριε,
1484 3039 1583 3102 ἕως
1614 3039 1743 3095 πότε
1771 3038 1944 3113 ἁμαρ-

295 3127 456 3186 τωλοὶ
508 3131 878 3210 καυχήσονται
918 3154 945 3185 )›
987 3150 1003 3200 ;

2020 2240 2154 2282 cum
2186 2222 2394 2283 amicis
2420 2225 2726 2304 prophetis
2757 2224 3171 2288 suis.Proinde
3194 2228 3335 2289 dicit
3359 2230 3429 2289 ad
3455 2230 3662 2295 Deum:

2029 2309 2331 2372 «Domine.
2363 2314 2679 2392 proohetas
2715 2322 2844 2374 tuos
2869 2316 3301 2391 oet-iderunt,et
3325 2319 3537 2381 altaria
3569 2330 3665 2381 tua

2023 2400 2721 2465 subverterunt.»deus
2745 2401 2943 2464 Davidi
2969 2415 3094 2466 erat
3115 2416 3171 2466 et
3192 2406 3355 2488 Saul,
3379 2419 3437 2470 et
3461 2429 3670 2473 omnes

2026 2489 2126 2569 qui
2156 2490 2679 2553 calumniabantur
2708 2510 2865 2569 eum,
2906 2494 3121 2576 quibus
3154 2496 3533 2576 permittebat
3559 2502 3674 2563 Do-

2030 2579 2225 2640 minus
2257 2588 2483 2641 tentare
2510 2600 2669 2662 enm,
2704 2590 2761 2644 et
2792 2603 2907 2644 non
2960 2585 3197 2660 occidit,
3257 2595 3321 2646 ut
3370 2588 3667 2652 laetaretur

2027 2668 2234 2746 David;
2271 2670 2405 2732 ideo
2439 2680 2497 2733 et
2526 2672 3148 2756 dicebatuUsquequo
3175 2680 3665 2758 peccatores,l)o—

2027 2760 2208 2834 mine,
2237 2780 2540 2842 usquequo
2574 2772 2915 2843 peccatores
2938 2766 3443 2844 gloriabunturto?
3475 2795 3499 2825 ι
3533 2768 3670 2832 Haec

2024 2849 2170 2910 dicit
2217 2850 2275 2910 in
2319 2852 2635 2932 Evangelio
2669 2863 2727 2914 et
2762 2854 2943 2935 ﬁlius,
2977 2875 3111 2917 cum
3157 2858 3213 2917 in
3247 2857 3446 2919 multis
3498 2871 3657 2921 esset

2026 2937 2355 3015 laboribus,
2384 2951 2441 3001 et
2467 2942 2686 3003 nullam
2714 2942 2920 3004 fuisset
2944 2954 3253 3007 assecutus
3295 2947 3661 3009 consolatio—

2028 3030 2405 3109 nemzNeque
2436 3030 2689 3112 aliquem
2719 3049 2791 3094 ex
2823 3034 3302 3112 persecutoribus
3322 3038 3468 3098 meis
3491 3036 3667 3097 morti

1075 3140 1247 3188 Ταῦτα
1305 3128 1448 3207 λέγει
1518 3129 1605 3184 καὶ
1661 3129 1689 3183 6
1743 3125 1797 3181 ἐν
1865 3130 1943 3199 τῷ

2029 3117 2345 3207 tradidisti,
2371 3138 2531 3181 nunc
2562 3127 2757 3181 autem
2792 3121 2872 3182 ita
2900 3121 3071 3184 facile
3091 3123 3294 3184 salvas
3324 3125 3667 3204 prodigum.

611 3190 686 3210 κ.
992 3190 1002 3200 .
1381 3190 1392 3207 .
1916 3190 1927 3199 .

298 3217 604 3296 Εὖαγγελίῳ
670 3219 804 3284 υἱόςο
861 3219 1093 3278 Πάντοτέ
1161 3241 1227 3295 με
1305 3219 1359 3274 ἐν
1428 3218 1613 3281 κόποις
1674 3214 1799 3271 ὄντα
1843 3215 1937 3271 οὒ-

2029 3203 2134 3266 Hic
2164 3190 2345 3284 igitur
2374 3218 2528 3269 totus
2550 3228 2763 3291 scopus
2782 3211 3075 3291 parabolaa
3096 3222 3185 3276 est
3203 3190 3447 3294 propter
3463 3190 3669 3276 Pbari-

297 3304 481 3381 δεμιᾶς
540 3308 869 3388 παραμυθίας
953 3306 1204 3380 ἠξίωσας,
1280 3305 1394 3364 οὐδὲ
1464 3309 1571 3363 τῶν
1655 3302 1941 3361 θλιϐόντων

299 3395 367 3453 ιιέ
431 3418 549 3453 τινα
620 3398 799 3479 σφαγῆ
872 3395 1206 3473 παρέδωκας,
1265 3405 1351 3453 νῦν
1436 3395 1489 3453 δὲ
1561 3395 1730 3459 οὸτως
1801 3393 1943 3450 ἀπό-

301 3508 405 3549 νως
474 3492 659 3557 σωζεις
728 3490 819 3543 τὸν
889 3487 1118 3549 ἄσωτον,
1192 3486 1353 3550 Οὗτος
1384 3487 1483 3564 μὲν
1512 3485 1599 3543 οὖν
1674 3488 1701 3541 6
1743 3483 1943 3544 σκοπὸς

293 3573 391 3641 τῆς
449 3572 756 3650 παραϐολῆς
828 3574 987 3656 ἅπας,
1044 3573 1129 3631 διὰ
1201 3576 1320 3639 τοὺς
1392 3576 1746 3655 γογγύζοντας
1776 3580 1945 3646 Φαρι-

296 3664 476 3726 σαίοιος
560 3663 644 3720 ἐπὶ
713 3678 832 3729 τοῖς
903 3666 1005 3721 ὑπὸ
1075 3668 1169 3721 τοῦ
1250 3665 1434 3745 Κυρίου
1532 3660 1946 3743 προσλαμϐανο-

301 3751 478 3826 μένοις
552 3753 895 3834 ἁμαρτωλοῖς
962 3754 1267 3835 λεχθείσης,
1316 3756 1403 3812 καὶ
1434 3751 1807 3827 παιδευούσης,
1852 3750 1952 3809 κᾶν

298 3843 444 3918 ὦμεν
500 3840 714 3925 δίκαιοι,
774 3845 851 3917 μὴ
929 3845 1051 3909 τοὺς
1142 3844 1488 3925 ἁμαρτωλοὺς
1588 3844 1947 3921 ἀποσείεσθαι,

302 3928 438 4005 μηδὲ
507 3931 933 4013 προσδεχομένου
977 3935 1163 3998 αὐτοὺς
1212 3941 1306 3991 τοῦ
1338 3936 1469 3990 Θεοῦ
1507 3932 1947 4011 καταγογγύζειν.

308 4023 423 4088 Υἱὸς
491 4024 664 4080 τοίνυν
693 4023 947 4103 νεώτερος
992 4027 1044 4080 αἱ
1088 4025 1305 4103 πόρναι,
1335 4026 1421 4081 καὶ
1453 4027 1500 4079 οἱ
1549 4022 1797 4080 τελῶναι·
1842 4023 1952 4103 υἱὸς

302 4107 650 4190 πρεσϐύτερος
707 4115 753 4168 οἱ
810 4100 1095 4193 Φαρισαῖοι
1156 4100 1245 4169 καὶ
1288 4100 1351 4171 οἱ
1421 4118 1788 4191 Γραμματεῖς,
1838 4100 1949 4165 καθ’

301 4201 546 4257 ὑπόθεσιν
594 4199 783 4259 δίκαιοι
842 4200 1262 4279 λαμϐανόμενοι,
1323 4203 1514 4260 ὡσανεὶ
1568 4200 1818 4279 λέγοντος
1864 4204 1958 4255 τοῦ

305 4290 459 4345 Θεοῦ’
522 4279 738 4369 "Eum,
799 4293 957 4367 ὑμεῖς
1028 4289 1217 4349 δίκαιοι
1279 4291 1514 4367 ἀληθῶς,
1569 4291 1656 4347 καὶ
1718 4287 1961 4364 οὐδεμίαν

305 4376 526 4447 ἰντολὴν
578 4378 1037 4457 παραϐεϐηκότες
1094 4383 1155 4439 ού
1209 4379 1294 4439 δεῖ
1377 4382 1466 4438 οὖν
1548 4375 1960 4455 προσλαμϐάνε-

2023 3314 2171 3357 seeos
2204 3295 2722 3361 obmurmurantes
2743 3301 2900 3381 quod
2935 3311 3280 3382 peccatores
3306 3303 3661 3383 susciperet:

2025 3403 2141 3465 qua
2164 3386 2595 3461 docet,etiamsi
2613 3390 3110 3472 justisinius,non
3136 3392 3516 3473 repellendos
3533 3411 3668 3473 pec-

2026 3483 2277 3549 catores,
2306 3495 2501 3558 neque
2532 3477 3125 3556 obmurmurandum,
3162 3481 3492 3563 recipiente
3543 3482 3675 3544 illos

2026 3563 2176 3626 Deo.
2200 3563 2569 3645 Filiusigitur
2591 3568 2818 3647 junior,
2847 3579 2983 3630 sunt
3013 3572 3357 3633 meretrices
3387 3580 3446 3634 et
3477 3572 3669 3652 publi-

2030 3654 2163 3715 cani
2189 3675 2205 3716 :
2241 3657 2444 3717 senior
2468 3674 2629 3733 vero,
2654 3659 2932 3721 Pharisaei
2963 3668 3021 3721 et
3048 3661 3270 3723 Scriba;
3301 3662 3425 3741 qui,
3456 3680 3675 3723 secun-

2034 3743 2175 3804 dum
2211 3743 2513 3806 materiam
2547 3747 2862 3829 parabolae,
2889 3749 3036 3828 justi
3065 3749 3674 3831 intelliguntur;quasi

2038 3832 2272 3893 dicente
2302 3834 2461 3897 Deo:
2491 3836 2652 3909 Esto,
2690 3855 2790 3896 vos
2816 3838 2941 3898 sitis
2970 3857 3107 3900 vere
3127 3840 3298 3920 justi,
3333 3840 3680 3919 nullumque

2035 3925 2388 4001 transgressi
2412 3924 2751 3987 mandatum
2779 3945 2792 3989 :
2828 3946 2943 3987 non
2967 3937 3201 4007 Oportet
3250 3929 3429 4006 igitur
3458 3928 3683 3989 assumi

2035 4030 2140 4073 eos
2169 4012 2268 4092 qui
2300 4031 2334 4073 a
2363 4013 2619 4095 peccatis
2657 4018 3114 4080 convertuntur?
3141 4016 3315 4079 Tales
3335 4018 3536 4099 itaque
3566 4017 3677 4079 ob-

2040 4110 2507 4163 murmuratores
2524 4102 2694 4165 docet
2720 4124 2823 4185 per
2835 4105 2986 4167 banc
3010 4106 3683 4187 parabolam.Nonigno-

2038 4210 2104 4252 ro
2137 4200 2329 4252 autem
2346 4192 2501 4271 quod
2523 4193 2763 4273 quidam
2788 4212 2896 4275 per
2918 4196 3216 4257 seniorem
3241 4198 3424 4259 tilium
3439 4200 3680 4276 angelos

2042 4287 2478 4362 exponunt,per
2503 4281 2805 4361 juniorem
2834 4292 3027 4345 autem
3054 4286 3370 4347 humanam
3390 4293 3683 4366 naturam,

2043 4388 2174 4450 qua;
2200 4370 2549 4431 tumultuata
2576 4378 2747 4445 est,et
2769 4381 2975 4433 contra
2991 4374 3192 4434 datum
3226 4374 3566 4437 mandatum
3590 4393 3685 4434 va-~

307 4470 425 4524 σθαι
478 4467 601 4534 τοὺς
660 4469 721 4526 ἐκ
778 4471 1036 4551 πονηρίας
1093 4469 1554 4552 ἒπιστρέφονταςς
1600 4470 1729 4533 Τοὺς
1774 4468 1944 4525 τοιού-

2040 4458 2436 4539 cuitdeliciis;
2460 4459 2559 4521 alii
2583 4478 2719 4522 vero
2742 4458 3038 4524 Israelitas
3070 4472 3129 4525 et
3148 4463 3427 4543 gentiles.
3461 4462 3684 4526 Verum

306 4576 426 4618 τους
501 4556 589 4613 οὗν
650 4559 945 4637 γογγυστᾶς
1015 4556 1250 4616 παιδεύει
1304 4558 1386 4615 διὰ
1462 4564 1562 4627 τῆς
1617 4554 1951 4633 παραϐολῆς.

309 4646 417 4702 Οὔκ
476 4645 654 4724 ἀγνοῶ
707 4644 786 4726 δὲ,
840 4647 921 4704 ὅτι
972 4649 1113 4713 τινὲς
1144 4650 1215 4714 εἷς
1270 4649 1393 4713 τοὺς
1436 4647 1695 4726 ἀγγέλους
1739 4646 1837 4722 μὲν
1865 4647 1957 4703 τὸν

308 4730 655 4815 πρεσϐύτερον
706 4738 841 4812 υἱὸν,
900 4738 990 4794 τὸν
1047 4734 1101 4792 δὲ
1185 4737 1438 4818 νεώτερον
1466 4738 1539 4797 εἷς
1597 4738 1696 4804 τὴν
1723 4742 1829 4792 τῶν
1857 4735 1957 4790 ἀν·-

312 4823 535 4901 θρώπιυν
586 4826 739 4906 φύσιν
792 4826 893 4895 τὴν
965 4827 1348 4906 νεωτερίσασαν
1402 4829 1538 4883 κατὰ
1595 4831 1695 4893 τῆς
1726 4822 1959 4891 δοθείσης

312 4912 531 4980 ἐντολῆς
617 4915 705 4971 καὶ
800 4912 1167 4996 ἀφηνιάσασαν
1253 4913 1580 4983 ὶξελάϐοντο·
1666 4912 1817 4971 ἄλλοι
1890 4915 1962 4977 εἷς

312 5003 435 5067 τοὺς
486 5002 820 5083 Ἰσραηλίτας
878 5005 966 5062 καὶ
1021 5005 1145 5069 τούς
1206 5004 1460 5069 ὲθνικούς.
1529 5002 1750 5071 Ἀληθὲς
1796 5001 1875 5083 δὲ,
1938 5002 1970 5057 6'

312 5092 540 5168 εἴπομεν
572 5094 756 5171 μόνον,
804 5091 885 5151 ὅτι
917 5095 991 5157 εἷς
1023 5095 1121 5169 μὲν
1149 5097 1256 5152 τῶν
1298 5092 1511 5151 δικαίων
1542 5095 1602 5149 τὸ
1654 5092 1960 5172 πρόσωπον,

314 5180 643 5258 λαμϐάνεται
675 5186 703 5240 6
732 5181 1081 5264 πρεσϐύτερος
1111 5186 1246 5260 υἱὸς,
1282 5186 1355 5247 εἰς
1397 5184 1460 5240 τὸ
1489 5188 1596 5240 τῶν
1636 5180 1969 5260 ἁμαρτωλῶν

317 5269 373 5325 δε
444 5273 532 5327 καὶ
588 5272 1030 5355 ἐπιστρεφόντων,
1106 5276 1134 5329 6
1165 5272 1439 5353 νεώτερος.
1471 5274 1543 5331 Τὸ
1573 5269 1627 5328 δὲ
1669 5270 1794 5330 ὅλον
1840 5270 1970 5351 ὕφος

317 5363 419 5426 τῆς
473 5358 782 5439 παραϐολῆς
838 5360 922 5419 διὰ
977 5362 1101 5427 τοὺς
1152 5363 1470 5438 Φαρισαίους
1514 5360 1763 5441 συνέστη,
1836 5383 1969 5417 παι-

318 5447 556 5513 δεύοντος
629 5446 814 5515 αὖτοὺς
885 5459 978 5510 τοῦ
1034 5450 1242 5531 Κυρίου,
1276 5452 1353 5528 μὴ
1385 5449 1747 5530 δυσχεραίνειν
1788 5449 1872 5506 ἐπί
1901 5451 1971 5526 τῇ

323 5536 609 5617 παριδοχῇ
678 5544 783 5594 τῶν
853 5539 1205 5617 ἁμαρτωλῶν,
1270 5538 1365 5600 κάν
1434 5536 1799 5598 αὗτοὶπδίκαιοι
1834 5539 1967 5599 εἷεν,

402 5697 467 5748 80
499 5698 661 5761 Psal.
695 5712 860 5781 xctu,
891 5698 952 5761 3.

2038 4557 2235 4612 autem
2269 4548 2381 4609 hoc
2409 4549 2732 4609 tenendum
2771 4558 2858 4611 est
2892 4552 3048 4633 quod
3083 4551 3502 4633 diximus,quia
3532 4552 3688 4615 ﬁlius

2040 4641 2245 4700 senior
2275 4655 2589 4718 personam
2618 4640 2768 4716 gerit
2787 4640 3317 4722 justorum,junior
3337 4654 3533 4707 autem
3558 4661 3693 4723 pec-

2041 4737 2302 4790 catorum
2323 4735 2379 4789 et
2405 4746 2472 4788 se
2491 4729 3170 4818 convertentium.Totus
3192 4742 3386 4795 autem
3412 4734 3692 4818 parabola

2046 4826 2353 4879 contextus
2385 4826 2631 4899 propter
2658 4816 2982 4882 Pharisaeos
3004 4830 3091 4883 est
3136 4823 3381 4902 positus,
3399 4816 3462 4888 ut
3481 4826 3692 4888 doceat

2049 4926 2149 4969 eos
2170 4907 2458 4970 Dominus
2489 4926 2741 4997 neaegre
2759 4909 2947 4973 ferant
2962 4914 3400 4993 susceptionem
3419 4925 3687 4997 peccato-

2048 4998 2439 5086 rum,etiamsi
2470 4996 2581 5077 ipsi
2605 4997 2751 5076 justi
2793 5008 3013 5063 essent.
3054 4999 3264 5064 Nullus
3295 4996 3434 5085 ergo
3460 5006 3688 5086 judicia

2048 5086 2156 5148 Dei
2186 5085 2466 5178 gravatim
2495 5086 2787 5178 ferat,sed
2807 5097 3035 5166 gratum
3058 5090 3134 5151 sit
3157 5091 3233 5167 ei,
3262 5092 3311 5153 si
3344 5094 3383 5155 ii
3413 5085 3513 5175 qui
3547 5114 3693 5178 pec-

2051 5184 2281 5237 catores
2308 5175 2601 5252 videntur,
2637 5174 2889 5241 feliciter
2923 5188 3098 5258 agant
3133 5189 3192 5242 et
3234 5174 3563 5249 salventur:
3585 5184 3699 5259 Qui

2054 5265 2214 5326 enim
2245 5264 2384 5338 scis,
2415 5265 2466 5326 si
2486 5263 2537 5355 is
2558 5284 2732 5345 quem
2754 5275 2811 5327 tu
2838 5276 3209 5348 peccatorem
3245 5288 3478 5347 censes,
3502 5277 3695 5355 pceni-

2057 5353 2297 5416 tentiam
2349 5352 2539 5432 egerit
2563 5360 2619 5415 et
2648 5363 2852 5433 gratus
2880 5356 3069 5419 factus
3113 5360 3217 5422 sit?
3247 5360 3395 5434 Quid
3447 5352 3615 5441 item,
3649 5368 3699 5428 si

2055 5444 2316 5508 occultas
2345 5443 2523 5504 habet
2553 5443 2821 5517 virtutes,
2855 5456 2912 5508 et
2944 5456 3259 5529 propterea
3289 5470 3321 5514 a
3367 5448 3487 5514 Deo
3522 5452 3699 5517 beni-

2049 5554 2169 5618 gne
2200 5532 2563 5615 respicitur?
