4132 6278
264 277 387 348 965

1018 285 1457 354 ENARBATIO
1496 286 1572 352 IN
1613 285 2115 356 EVANGELIUM
2160 285 2401 349 LUCzE.
2431 322 2505 332 -
2535 282 2700 352 CAP.
2748 286 2911 353 XVI.

3526 281 3644 352 966

264 414 720 493 ταχειριζόμενοι,
751 414 870 473 ἀλλ’
902 418 973 481 εἷς
1046 420 1239 484 οἰκείας
1269 418 1541 484 σπαταλας
1591 434 1705 485 τοῖς
1739 420 1938 486 δοθεῗο,

2022 418 2231 479 )omini
2268 432 2357 481 est
2385 422 2536 483 datis
2565 422 2644 483 uti
2677 422 2733 483 in
2768 440 2907 482 usus
2939 441 3389 497 conservorum,
3434 442 3553 484 non
3584 422 3643 483 in

269 525 355 559 σιν
431 504 836 585 ἀποχρώμενοι,
924 504 1326 585 διαϐεϐλημένοι
1406 511 1566 586 ἐσμὲν
1623 514 1914 587 οἰκονόμοι.

272 593 531 668 Βούλημα
557 595 656 672 γὰρ
691 601 783 652 τοῦ
816 596 1087 653 Δεσπότου
1118 597 1224 655 ἐστὶ
1258 602 1486 678 χρᾶσθαι
1527 613 1647 663 τοῖς
1690 598 1919 658 δοθεῖσιν

276 684 354 747 εἷς
405 683 499 745 τὰς
549 691 654 741 τῶν
723 684 1029 760 ὁμοδούλων
1072 689 1278 767 χρείας,
1312 693 1405 748 οῦκ
1434 692 1506 755 εἰς
1551 692 1744 753 οἰκείας
1794 714 1921 771 τρυ-

275 777 406 853 φάς
466 771 867 847 διαϐαλλόμενοι
936 774 991 831 δὲ
1060 779 1147 833 καὶ
1235 777 1521 853 μελλοντες
1592 783 1923 855 μεθίστασθαι

275 868 381 929 τῆς
439 863 737 938 οἰκονομίας
794 870 898 919 τῶν
950 867 1272 947 χρημάτων,
1305 867 1426 936 ἢτοι
1468 876 1560 926 τοῦ
1588 870 1702 945 βίου
1744 870 1924 926 τούτου

274 948 648 1025 ἒκκόπτεσθαι,
720 949 808 1007 ὅτε
870 948 1073 1020 δηλαδὴ
1124 955 1213 1010 καὶ
1284 954 1442 1033 λόγον
1531 956 1767 1032 δώσομεν
1825 961 1922 1024 τῆς

271 1039 577 1112 οἰκονομίας
631 1041 766 1114 μετὰ
821 1040 919 1108 τὴν
989 1041 1186 1099 ἐνθένδε
1246 1045 1589 1126 μετάστασιν,
1621 1047 1710 1102 ἐὰν
1738 1046 1922 1126 φρόνι-

267 1149 367 1201 μοι
439 1128 610 1207 ὦμεν,
672 1129 1090 1205 ἐπαισθανόμεθα
1159 1133 1259 1208 ὀψὲ
1289 1140 1412 1212 γοῦν
1443 1142 1537 1191 τοῦ
1575 1134 1804 1212 δέοντος,
1837 1137 1924 1191 καὶ

267 1222 530 1291 ποιοῦμεν
586 1219 723 1293 ἡμῖν
777 1219 991 1283 ἑαυτοῖς
1048 1221 1231 1300 φίλους
1288 1222 1348 1278 ἐκ
1412 1231 1518 1280 τῶν
1572 1227 1671 1292 τῆς
1714 1223 1916 1289 ἀδικίας

272 1306 601 1385 χρημάτων·
676 1305 877 1373 ἀδικίας
933 1307 988 1363 δὲ
1041 1311 1298 1389 χρήματα
1326 1312 1508 1370 ἐκεῖνα
1551 1314 1921 1390 ὀνομάζονται,

275 1416 379 1450 οσα
437 1396 620 1484 δλμὲν
675 1398 863 1475 Κύριος
931 1395 1154 1454 δέδωκεν
1224 1400 1597 1459 ἀναλίσκεσθαι
1628 1406 1700 1467 εἷς
1744 1405 1927 1484 χρείας

276 1490 390 1541 τῶν
448 1480 708 1562 ἀδελφῶν,
769 1486 857 1542 καὶ
915 1484 1241 1562 ὁμοδούλων,
1301 1488 1463 1565 ἤμετς
1492 1488 1548 1546 δὲ
1579 1480 1799 1556 ἑαυτοῒςν
1818 1515 1931 1549 πα-

281 1572 712 1653 ρακατέσχομεν.
774 1573 922 1632 Ἀλλ’
982 1576 1079 1652 ὀψὲ
1137 1588 1260 1657 γοῦν
1351 1581 1768 1662 συναισθώμεθα,
1836 1604 1935 1648 ποτ

283 1662 571 1741 φερόμεθα,
650 1666 736 1718 καὶ
792 1662 873 1719 ὅτι
931 1665 985 1721 ἐν
1014 1672 1082 1743 τῇ
1114 1666 1289 1745 ἡμέρᾳ
1318 1669 1493 1747 ἐκείνῃ
1542 1668 1658 1728 οὔτε
1712 1674 1934 1747 κάμνειν

280 1749 568 1826 δυνάμεθαο
641 1754 890 1831 ἓργασίας
954 1756 1055 1832 γὰρ
1113 1761 1207 1815 οὐκ
1262 1758 1373 1815 ἔστι
1432 1761 1550 1816 τότε
1580 1762 1783 1839 καιρός’
1817 1761 1932 1818 οὔτε

2002 512 2264 588 pmprias
2302 510 2586 575 delicias:
2622 530 2799 592 porro
2829 513 2927 592 qui
2959 521 3313 576 accusantur
3346 522 3405 573 et
3454 512 3643 573 desti-

2005 606 2248 658 tuuntur
2275 618 2308 660 ο
2334 599 2778 680 dispensatione
2809 600 3171 671 divitiarum,
3199 601 3260 662 hi
3289 611 3427 663 sunt
3446 603 3545 682 qui
3576 619 3648 662 ex

2004 687 2117 749 hac
2139 688 2252 749 vita
2273 689 2584 768 emigrant,
2611 692 2845 772 quando
2879 690 3119 753 scilicet
3136 700 3195 752 et
3224 692 3513 753 rationem
3546 692 3650 752 da-

2007 775 2204 838 bimus
2233 778 2307 839 de
2338 780 2947 857 dispensatione.cnm
2969 780 3237 842 destituti
3266 779 3648 844 fuerimus.Si

2005 864 2201 946 itaque
2223 868 2541 945 prudentes
2552 888 2743 931 essem
2756 870 2942 943 us,vel
2956 871 3123 933 tarde
3136 876 3491 932 sentiremus
3507 868 3646 951 quid

2006 954 2169 1016 facto
2207 968 2442 1034 opus,et
2479 958 2812 1020 faceremus
2858 958 3027 1019 nobis
3080 958 3303 1019 amicos
3336 978 3405 1020 ex
3434 958 3651 1019 divitiis

2006 1044 2632 1123 injustitiaa.Dicuntnr
2659 1056 2855 1108 autem
2887 1047 3111 1109 divitiae
3138 1047 3463 1125 injustitiaa,
3506 1064 3652 1127 quas

2007 1132 2180 1194 nobis
2208 1132 2566 1197 Dominusin
2592 1154 2734 1197 usus
2755 1136 2998 1197 fratrum
3022 1146 3079 1196 et
3103 1154 3522 1198 conservorum
3554 1137 3652 1196 in-

2006 1223 2325 1284 sumendas
2358 1225 2538 1295 dedit,
2575 1242 2683 1288 nos
2717 1234 2916 1286 autem
2950 1224 3120 1285 nobis
3159 1225 3457 1305 depositas
3486 1234 3655 1286 tene-

2010 1328 2164 1375 mus.
2203 1311 2416 1373 Verum
2445 1313 2533 1373 vel
2567 1313 2731 1374 tarde
2776 1313 3104 1374 sentiamus
3134 1333 3249 1393 quo
3282 1316 3567 1386 feramur,
3601 1322 3659 1375 et

2011 1404 2169 1480 quod
2201 1418 2336 1461 cum
2363 1401 2492 1463 dies
2523 1403 2621 1464 illa
2649 1402 2902 1483 venerit,
2939 1419 3133 1481 neque
3164 1403 3441 1463 laborare
3484 1408 3657 1483 pote-

2012 1488 2354 1551 rirr.u=.Non
2379 1491 2538 1551 enim
2572 1500 2710 1553 tunc
2741 1492 2854 1552 erit
2885 1490 3170 1570 operandi
3202 1499 3663 1571 tempus,neque

2019 1585 2157 1640 tunc
2180 1579 2492 1641 honestum
2544 1579 2656 1642 erit
2688 1580 3032 1644 mendicare
3068 1602 3081 1643 :
3123 1580 3319 1641 stultae
3345 1580 3504 1640 enim
3533 1581 3656 1639 vir-

2016 1668 2183 1746 gines
2215 1668 2449 1729 dicutur
2497 1688 2627 1749 qua:
2678 1669 3063 1731 mendicant:
3106 1668 3245 1749 quid
3290 1668 3465 1747 igitur
3511 1668 3657 1729 reli-

2017 1776 2220 1837 quum,
2252 1776 2427 1837 quam
2460 1767 2522 1818 nt
2554 1769 2758 1820 narum
2793 1758 3129 1819 divitiarum
3172 1757 3383 1818 fratres
3412 1757 3657 1837 partici-

274 1842 525 1896 ὶπαιτεῖν
580 1844 859 1920 εὐπρεπές·
926 1846 1096 1922 μωραὶ
1166 1847 1265 1926 γὰρ
1324 1851 1374 1904 αἱ
1405 1849 1646 1926 παρθένοι
1681 1852 1730 1906 αἶ
1775 1850 1932 1907 ἐπαι-

2022 1863 2124 1925 pes
2167 1846 2470 1927 faciamus,
2503 1857 2567 1908 nt
2614 1847 2850 1928 quando
2900 1846 3041 1909 hinc
3070 1846 3492 1920 defecerimns,
3548 1847 3661 1906 hoc

276 1931 509 1999 τήσασαι
560 1931 929 2007 ὀνομάζονται.
988 1934 1048 1991 Τί
1088 1934 1259 1992 τοίνυν
1302 1935 1536 2014 λοιπόν;
1597 1942 1668 1999 Τὸ
1719 1962 1932 2015 συμμε-

277 2019 466 2096 ριστᾶς
511 2020 737 2088 ποιῆσαι
769 2029 875 2078 τῶν
908 2024 1211 2103 χρημάτων
1257 2028 1455 2084 τούτων
1486 2029 1609 2092 τοὺς
1654 2027 1931 2108 ἀδελφοὺς,

275 2106 363 2162 τίν’
392 2107 516 2166 ὅταν
561 2108 864 2187 ἐκλίπωμεν
908 2112 1163 2177 ἐντεῦθεν,
1198 2116 1490 2197 τουτέστιν,
1537 2117 1643 2174 ἀπὸ
1685 2106 1934 2194 τοῦ-βίου

279 2195 471 2253 τούτου
539 2198 932 2279 ἀναχωρῶμεν,
989 2200 1235 2267 δέξωνται
1292 2207 1436 2281 ἡμᾶς
1476 2195 1553 2264 -οἱ
1602 2206 1826 2275 πένητες
1859 2209 1932 2271 εἷς

282 2288 384 2349 τὰς
444 2287 683 2352 αἰωνίους
738 2292 959 2358 σκηνάς
1008 2304 1123 2358 τοῖς
1166 2295 1268 2373 γὰρ
1297 2294 1349 2352 ἐν
1382 2304 1592 2375 Χριστῷ
1620 2298 1842 2364 πένησιν
1882 2298 1933 2352 αἱ

286 2375 497 2459 αἰώνιαι
548 2378 739 2443 σκηναὶ
797 2378 1280 2463 ἀπεκληρώθησαν,
1339 2386 1411 2448 είς
1469 2384 1530 2448 ἃς
1576 2384 1815 2442 δύνανται
1843 2384 1934 2441 δέ-

288 2463 474 2529 ξασθαι
505 2466 626 2529 τοὺς
656 2465 875 2525 ἐνταῦθα
903 2468 1086 2536 αὐτοῖς
1115 2470 1457 2550 φιλιάσαντας
1489 2472 1573 2530 διὰ
1604 2479 1702 2541 τῆς
1739 2474 1932 2538 δόσεως

287 2559 400 2609 τῶν
470 2555 792 2635 χρημάτων,
853 2556 886 2614 ἂ
918 2561 1216 2617 Δεσποτιιιᾶ
1260 2561 1384 2618 ὄντα
1413 2576 1532 2628 τοῖς
1579 2564 1800 2630 πένησιν
1828 2561 1930 2620 ἔδει

286 2641 346 2707 ἐξ
406 2643 586 2722 ἀρχῆς
640 2642 878 2732 δοθῆναι.
937 2649 1093 2706 Οὗτοι
1151 2650 1251 2729 γάρ
1308 2654 1353 2707 οἱ
1411 2657 1679 2732 χρεῶσται
1710 2653 1844 2709 κατὰ
1870 2656 1933 2711 τὸ

281 2732 585 2808 εἰρημένον·
625 2757 654 2789 α
684 2725 872 2804 ’Ὅλην
914 2738 1010 2806 τὴν
1032 2725 1233 2817 ἡμέραν
1257 2725 1538 2816 ἐλεεϊῖκαὶ
1568 2740 1784 2813 δανείζει
1815 2745 1841 2799 ὁ
1860 2740 1932 2798 δί-

280 2841 460 2884 καιος’
497 2842 527 2881 ι
575 2825 664 2880 καὶ
688 2821 869 2880 πάλινο
936 2849 963 2881 α
1000 2818 1056 2883 Ὀ
1114 2826 1277 2884 ἐλεῶν
1306 2831 1529 2910 πτωχὸν
1553 2828 1769 2902 δανείζει
1820 2839 1933 2905 Θεῷ

280 2908 437 2968 ’Ἔδει
503 2911 601 2988 μὶν
660 2913 746 2971 οὖν
803 2917 1215 2995 προηγουμένως
1302 2908 1474 2976 πάντα
1544 2919 1756 2989 δοθῆναι
1818 2934 1933 2984 τοῖς

288 2998 487 3066 καλοῖς
555 3003 762 3066 τούτοις
815 3004 1234 3084 χρεωφειλέταις
1263 3023 1382 3074 τοῖς
1424 3009 1936 3067 ἑκατονταπλασίονα

2016 1942 2104 1996 est
2136 1954 2203 1996 ex
2240 1936 2347 1996 hac
2370 1938 2486 1997 vita
2519 1939 2973 2017 excesserimus,
3003 1935 3301 2016 accipiant
3323 1953 3429 1997 nos
3447 1954 3661 2015 panpe—

2014 2042 2112 2086 res
2138 2026 2193 2087 in
2225 2035 2445 2086 interna
2476 2024 2887 2088 tabernacula?
2916 2024 3160 2086 IEterna
3189 2025 3347 2086 enim
3376 2024 3660 2086 taberna-

2016 2112 2145 2174 cula
2165 2114 2523 2193 pauperibus
2544 2114 2603 2175 in
2635 2114 2867 2179 Christo
2899 2113 3216 2175 constituta
3244 2121 3402 2187 sunt,
3440 2114 3499 2173 in
3529 2131 3663 2193 quae

2017 2203 2245 2281 possint
2265 2205 2533 2283 recipere
2561 2221 2663 2264 eos
2689 2203 2787 2284 qui
2823 2201 2919 2263 hic
2949 2203 3092 2282 ipsis
3146 2203 3336 2263 amice
3357 2202 3432 2262 de
3462 2201 3657 2281 bonis,

2017 2310 2147 2371 qua;
2179 2300 2317 2354 sunt
2346 2292 3050 2370 Dominica,largiuntnr.
3088 2290 3449 2373 Pauperibus
3498 2291 3657 2351 enim

2019 2380 2271 2459 primum
2310 2380 2676 2442 debebamus
2698 2381 2877 2442 dare:
2901 2399 3034 2442 nam
3070 2380 3153 2441 illi
3182 2379 3484 2440 debitores
3499 2387 3657 2454 sunt,

2017 2468 2346 2530 secundum
2381 2470 2492 2530 hoc
2515 2470 2670 2550 quod
2695 2469 2917 2531 dictum
2951 2478 3100 2531 est:«
3134 2468 3279 2529 Tota
3298 2467 3397 2528 die
3420 2467 3677 2528 misere--

2016 2564 2111 2618 tur
2131 2566 2188 2617 et
2207 2559 2545 2620 commodat
2552 2560 2752 2638 justus
2764 2559 2959 2635 8°;net
2979 2558 3218 2633 iterum,
3232 2555 3378 2629 «Qui
3408 2555 3661 2618 misere-

2017 2652 2112 2706 tur
2143 2647 2724 2727 panperi,feneratnr
2749 2645 3529 2727 De081.n0portebatigitnr
3549 2647 3665 2725 pri-

2016 2752 2176 2796 mum
2233 2736 2373 2797 dare
2432 2737 2602 2798 bonis
2659 2737 2774 2799 illis
2832 2735 3225 2810 debitoribus,
3258 2735 3355 2813 qui
3388 2734 3666 2814 centupla

2015 2824 2523 2886 reddunt.Verum
2541 2826 2680 2904 quia
2708 2827 3150 2906 dispensatores
3181 2822 3481 2901 injustitiaa
3505 2826 3666 2884 inve.

2017 2911 2240 2988 nimur,
2276 2914 2496 2993 injuste
2518 2915 2845 2976 retinentes
2877 2932 3008 2995 qua).
3034 2912 3170 2974 aliis
3209 2913 3472 2991 seposita
3497 2919 3663 2999 sunt,

2019 3017 2138 3061 non
2171 3020 2410 3083 semper
2441 3003 2799 3064 manendum
2829 3003 3017 3065 eritin
3043 3002 3153 3062 hac
3179 2999 3663 3073 inﬁdelitate,sed

296 3086 635 3183 ἀποδιδοῦσι.-
656 3091 831 3183 Αῌλὴν
878 3093 990 3151 ἐπεὶ
1043 3098 1308 3173 οἰκονόμοι
1379 3100 1477 3165 τῆς
1532 3097 1733 3163 ἀδικίας
1793 3100 1934 3177 εὑρι-

2023 3093 2588 3154 communicandnm
2620 3092 3067 3173 pauperibus,nt
3095 3090 3167 3151 ab
3200 3088 3345 3168 ipsis
3371 3089 3662 3170 suscipia-

300 3177 554 3259 σκόμεθα,
615 3178 806 3245 ἀδίκως
880 3184 1344 3265 παρακατὲχοντες
1389 3188 1422 3243 ἃ
1494 3186 1677 3251 ἄλλοις
1736 3187 1938 3267 ἀφώρι-

2026 3201 2160 3244 mur
2194 3182 2256 3242 in
2287 3190 2508 3244 aeterna
2538 3182 2919 3246 tabernacula
2948 3180 3047 3243 Sic
3077 3180 3254 3260 igitur
3286 3180 3457 3241 nobis
3478 3198 3665 3259 expo-

305 3286 450 3355 ῗίταίν
512 3268 591 3342 μὴ
659 3268 834 3337 πάντη
892 3272 1147 3346 μενητέον
1178 3272 1233 3329 ἒν
1260 3276 1428 3352 ταύτῃ
1479 3282 1549 3353 τῇ
1576 3276 1941 3355 ἀπανθρωπίᾳ,

304 3353 443 3410 ἀλλὰ
475 3357 788 3431 μεταδοτέον
842 3374 960 3427 τοῖς
1014 3363 1267 3439 πένησιν,
1311 3364 1404 3422 ’ίνα
1431 3363 1558 3445 παρ’
1600 3366 1773 3422 αὐτῶν
1805 3366 1942 3421 ὕπο-

300 3443 579 3524 δεχθῶμεν
636 3450 708 3512 εἰς
754 3451 847 3515 τὰς
878 3452 1111 3518 αἰωνίους
1142 3455 1364 3523 σκηνάς.
1414 3443 1590 3521 Οὕτως
1620 3454 1706 3512 οὗν
1736 3454 1944 3530 ἐκλαμ-

294 3530 543 3591 ϐάνουσιν
570 3538 705 3612 ἡμῖν
733 3541 833 3607 τὴν
875 3540 1205 3622 παραεολὴν,
1242 3543 1386 3604 οὐδὲν
1425 3548 1692 3625 περιττῗλν,
1724 3544 1760 3613 ἢ
1791 3546 1944 3624 περί·

295 3644 477 3713 εργον,
510 3625 546 3693 ἢ
581 3628 988 3709 ὃνειροκριτικὸν
1018 3639 1084 3708 τῇ
1134 3632 1391 3713 ὶξηγάσει
1430 3635 1745 3705 ἀπαντήσει,
1783 3643 1946 3691 Δοκεῖ

293 3710 351 3768 δὶ
396 3712 684 3773 ἀλλόκοτόν
753 3740 803 3775 τι
834 3720 1111 3794 σημαίνειν
1134 3723 1217 3778 τό·
1246 3710 1378 3780 ’Υἱοὶ
1410 3726 1503 3779 τοῦ
1543 3725 1730 3789 αἰῶνος
1762 3725 1947 3781 τούτου

299 3803 684 3884 φρονιμώτεροι
740 3808 867 3883 εἶσι,
916 3811 1004 3867 καὶ
1059 3811 1125 3867 τὰ
1156 3810 1302 3879 ἑξῆς.
1356 3814 1464 3870 Οὐκ
1520 3811 1711 3869 ἔστιδὲ
1740 3811 1945 3868 δυσπα-

302 3891 717 3971 ρακολούθητον,
775 3897 810 3965 ἢ
862 3896 1079 3973 ξενίζον.
1141 3902 1290 3966 Υἱοὺς
1376 3904 1476 3982 γὰρ
1556 3902 1744 3966 αἰῶνός
1815 3924 1945 3981 φησι

303 3982 519 4062 τούτου,
574 3984 695 4050 τοὺς
779 3986 1183 4067 ἒπινοουμὲνως
1245 3994 1416 4050 πάντα
1500 3993 1567 4049 τὰ
1646 3992 1706 4049 ἐκ
1753 3997 1822 4068 τῇ
1879 3996 1951 4069 γῇ

308 4072 494 4137 αὺτοῖς
549 4072 942 4135 λυσιτελοῦντα·
1001 4082 1141 4146 υἱοὺς
1221 4080 1276 4139 δὲ
1308 4084 1505 4162 φωτὸς,
1546 4082 1665 4145 τούς
1710 4079 1948 4160 ὀφεῖλον-

308 4182 407 4251 ταᾼς
474 4162 565 4218 τὸν
620 4168 976 4241 πνευματικὸν
1046 4169 1270 4229 πλοῦτον
1328 4171 1783 4251 μεταχειρίζεσθαι
1826 4172 1949 4225 θεο-

308 4247 503 4340 φιλῶς.
562 4260 725 4313 Τοῦτο
782 4264 869 4314 οῦν
922 4257 1090 4338 λέγει,
1143 4259 1223 4318 ὅτι
1281 4247 1340 4320 Οί
1394 4247 1657 4340 ἅνθρωποι
1685 4257 1952 4333 οἰκονόμοι

2027 3271 2307 3333 nentibns
2327 3271 2844 3354 parabolam,nibil
2865 3270 2953 3333 vel
2971 3268 3461 3351 superﬂuum,vel
3477 3268 3669 3329 curio-

2027 3360 2280 3436 sum,vel
2310 3362 2777 3422 somniculosum
2810 3359 3145 3422 enarranda
3164 3365 3458 3422 occurret.
3480 3355 3667 3419 Vide-

2029 3458 2129 3511 tur
2148 3458 2344 3510 autem
2369 3450 2707 3513 etalienum
2740 3449 3021 3531 quiddam
3053 3446 3404 3526 signiﬁcare.
3434 3446 3663 3509 dicens:

2024 3537 2157 3602 Filii
2176 3539 2276 3619 hnj
2288 3558 2352 3600 us
2382 3541 2584 3601 saeculi
2610 3540 3023 3621 prudentiores
3039 3533 3454 3616 sunt,etc.Non
3474 3543 3669 3597 autem

2028 3629 2182 3690 male
2212 3633 2490 3703 colimret,
2531 3648 2722 3710 neque
2752 3630 3014 3691 alienum
3039 3625 3345 3688 est.Fi|ios
3369 3624 3529 3685 enim
3555 3625 3672 3686 lin-

2021 3719 2121 3799 jus
2151 3718 2353 3780 saeculi
2374 3718 2518 3780 dicit
2535 3737 2637 3780 eos
2666 3721 2767 3800 qui
2787 3715 3243 3780 laudantomnia
3266 3731 3399 3795 quae
3427 3714 3489 3774 in
3512 3722 3675 3776 terra

2029 3808 2266 3869 lucrosa
2297 3815 2434 3869 sunt
2465 3808 2656 3871 :filios
2686 3826 2823 3870 vero
2854 3807 3023 3876 lucis,
3062 3822 3165 3866 eos
3193 3804 3296 3883 qui
3326 3802 3547 3864 debent
3577 3802 3674 3883 pie

2027 3895 2366 3976 Spirituales
2397 3896 2630 3958 divitias
2656 3896 3122 3958 communicare.
3146 3892 3268 3954 Hoc
3289 3892 3465 3969 igitur
3488 3893 3670 3954 dicit:

2028 3984 2315 4047 Homines
2345 3986 2621 4048 humanis
2650 3983 3190 4066 dispensationibns
3212 3981 3497 4062 praefecti,
3538 4000 3666 4042 om-

2031 4073 2209 4135 nibus
2259 4075 2450 4134 modis
2481 4093 2686 4136 curam
2728 4072 2946 4135 habent
2986 4080 3045 4133 et
3090 4068 3403 4152 provident
3452 4076 3675 4132 ntcnm

2036 4161 2301 4224 destituti
2327 4162 2546 4224 fuerint
2574 4185 2609 4224 a
2630 4160 3090 4242 dispensationis
3113 4176 3381 4236 munere,
3401 4160 3674 4220 consola-

2037 4251 2258 4313 tionem
2281 4252 2557 4332 habeant;
2592 4251 2693 4332 qni
2722 4259 2919 4312 autem
2959 4249 3063 4309 filii
3107 4247 3255 4308 lucis
3302 4247 3671 4326 ordinantur,

309 4338 411 4412 μὶν
496 4339 832 4420 ἀνθρωπίνων
923 4345 1238 4420 διοικήσεων
1319 4350 1688 4426 καθιστάμενοι
1779 4346 1938 4405 πάντα

2038 4339 2150 4401 hoc
2175 4347 2291 4423 est,
2324 4340 2540 4422 quibus
2569 4338 2909 4436 concredita
2930 4347 3022 4400 est
3048 4335 3371 4436 spiritualis
3403 4339 3678 4436 pecunia-

304 4447 508 4505 τροπον
563 4435 1047 4510 πραγματεύονται,
1110 4437 1254 4506 ὅπως
1313 4441 1448 4508 μετὰ
1488 4441 1549 4495 τὸ
1609 4439 1946 4514 μετασθαθῆ-

309 4537 395 4571 ναι
431 4516 518 4610 *ἐκ
568 4518 666 4587 τῆς
737 4524 1060 4602 οἰκονομίας,
1134 4527 1305 4610 ἔχωσι
1361 4533 1706 4610 παρηγορίαν·
1740 4526 1839 4583 υἱοὶ
1894 4521 1948 4579 δὲ

308 4607 485 4685 φωτὸς
552 4612 889 4689 ταττόμενοι,
960 4607 1220 4695 τουτέστι,
1283 4607 1647 4696 πνευματικήν
1690 4616 1949 4683 διοίκησιν

306 4697 607 4788 χρημάτων
650 4706 1037 4788 πιστευόμενοι,
1100 4707 1247 4768 οὐδὲν
1315 4710 1639 4770 ἐπινοοῦνται
1698 4730 1829 4787 προς
1885 4706 1948 4763 τὸ

313 4784 654 4864 ὠφεληθῆναι
713 4793 849 4865 μετὰ
902 4803 1091 4853 ταῦτα·
1148 4801 1244 4858 υἱοὶ
1301 4800 1390 4857 οὗν
1418 4808 1512 4857 τοῦ
1558 4800 1746 4863 αἰῶνος
1775 4796 1960 4854 τούτου

318 4877 365 4933 οἱ
423 4875 747 4956 ἀνθρωπίνας
803 4880 1088 4957 διοικήσεις
1141 4889 1572 4965 πεπιστευμένοι.
1632 4888 1719 4945 καὶ
1776 4885 1830 4941 ἒν
1890 4890 1961 4961 τῇ

319 4972 476 5059 γενεᾷ
532 4973 600 5044 τῇ
656 4970 881 5054 ἑαυτῶν,
938 4974 1228 5059 τουτέστιν,
1257 4978 1311 5037 ἐν
1367 4985 1445 5054 τῷ
1473 4979 1571 5056 βίῳ
1598 4978 1790 5057 τούτῳ,
1822 4998 1957 5056 φρο-

317 5056 483 5131 νίμως
541 5060 605 5115 τὰ
655 5060 771 5117 καθ’
835 5063 1048 5129 ἑαυτούς
1077 5056 1418 5132 διοικοῦντες,
1468 5069 1576 5125 Υἱοὶ
1604 5065 1660 5124 δὲ
1708 5068 1883 5147 φωτὸς
1914 5071 1962 5124 οἱ

315 5147 577 5225 χρήματα
642 5147 918 5228 λαϐόντες,
992 5154 1130 5212 ὥστε
1186 5153 1407 5215 διοικεῖν
1475 5156 1608 5213 αὐτὰ
1677 5155 1956 5237 θεοφιλῶς,

318 5236 676 5314 Εῦρισκόμεθα
727 5240 818 5297 οὖν
874 5242 930 5298 ἐν
980 5244 1078 5321 μὲν
1119 5259 1241 5310 ταῖς
1274 5246 1621 5326 ἀνθρωπίναις
1669 5236 1960 5317 διοικήσεσι

310 5326 578 5415 φρονίμως
646 5329 713 5388 τὰ
777 5331 976 5390 ἑαυτῶν
1040 5330 1381 5415 διοικοῦντες,
1442 5337 1528 5392 καὶ
1585 5336 1961 5415 πραγματευό-

320 5435 495 5497 μενοι,
540 5414 655 5492 ῗνα,
718 5420 762 5475 εἰ
815 5422 903 5477 καὶ
968 5421 1283 5500 ἐκπέσωμεν
1335 5414 1463 5482 ποτε
1512 5414 1957 5502 τῆςοὴονομίας,

404 5582 487 5645 80'
528 5579 1033 5665 Psal.xxxv1,26.
1118 5584 1173 5634 εί
1207 5586 1376 5649 Prov.
1410 5601 1534 5661 nx,
1574 5586 1666 5649 l7.

2030 4445 2163 4490 rum
2179 4431 2687 4512 dispensatio,non
2702 4425 3267 4508 cogitantqnomodo
3285 4433 3416 4504 post
3437 4428 3588 4489 banc
3603 4431 3680 4488 vi-

2031 4522 2146 4579 tam
2165 4520 2539 4586 commodum
2558 4515 3263 4602 percipiant.Filiiitaque
3273 4515 3678 4602 saeculihujus,

2031 4606 2072 4675 ii
2101 4621 2241 4673 sunt
2269 4610 2486 4694 quibus
2516 4612 2790 4672 humana:
2810 4608 3289 4689 dispensationes
3320 4609 3677 4672 concreditae

2030 4714 2194 4783 sunt,
2228 4714 2288 4768 et
2337 4702 2399 4763 in
2443 4701 2826 4781 generatione
2858 4718 2988 4779 sua,
3026 4700 3137 4759 hoc
3162 4706 3273 4778 est,
3308 4698 3366 4757 in
3392 4698 3506 4760 vita
3537 4699 3674 4773 hac,

2042 4797 2369 4871 prudenter
2386 4810 2485 4855 res
2504 4792 2645 4852 4M
2691 4808 2828 4853 snas
2856 4789 3227 4870 dispensant;
3261 4787 3367 4849 ﬁlii
3397 4806 3533 4851 vero
3583 4791 3678 4853 lu-

2042 4886 2150 4958 cis,
2200 4884 2300 4966 qui
2348 4883 2631 4964 pecunias
2676 4888 3039 4961 receperunt
3096 4886 3158 4939 nt
3217 4878 3351 4939 illas
3419 4877 3479 4940 in
3551 4882 3683 4960 pios

2041 4993 2183 5036 usus
2222 4975 2592 5056 dispensent.
2652 4971 2991 5033 lnvenimnr
3045 4969 3245 5049 itaque
3297 4970 3357 5029 in
3412 4969 3687 5031 humanis

2043 5062 2588 5145 dispensationibns
2619 5079 2715 5122 res
2745 5068 2974 5121 nostras
3005 5058 3331 5139 prudenter
3368 5058 3683 5140 dispensa-

2043 5160 2206 5230 re,nt
2226 5154 2401 5214 etiam
2434 5152 2485 5213 si
2502 5150 3015 5215 administratione
3034 5148 3684 5231 exciderimns,habea-

2045 5263 2176 5305 mus
2206 5242 2501 5323 quoddam
2540 5240 2836 5318 refugium
2871 5239 2996 5299 vitae
3022 5257 3036 5298 :
3064 5238 3126 5299 in
3156 5234 3250 5299 his
3278 5248 3472 5300 autem
3503 5239 3684 5301 rebus

2044 5351 2176 5414 quae
2215 5330 2436 5394 debent
2483 5331 2811 5392 secundum
2844 5328 3032 5390 Deum
3077 5327 3430 5408 dispensari,
3464 5329 3686 5391 nullam

2046 5422 2316 5484 videmur
2344 5439 2550 5501 gerere
2574 5438 2777 5484 curam
2808 5417 3103 5500 quomodo
3125 5417 3415 5481 rationem
3442 5420 3685 5500 dispen-
