4126 6282
476 299 593 368 967

1447 304 2041 373 THEOPHYLACTI
2085 306 2493 372 BULGARI/E
2533 304 2891 372 ARCHIEP.

3740 300 3860 371 968

474 440 715 501 sationis
740 438 1085 521 reddamus,
1110 460 1179 501 ex
1213 440 1320 503 hac
1353 442 1464 501 vita
1490 440 1709 519 educti,
1745 461 1819 502 ne
1852 442 2115 504 invenia-

2205 441 2427 521 ἕχοιμέν
2484 465 2535 498 τι
2595 443 2914 524 καταφύγων
2955 443 3048 500 τοῦ
3073 444 3189 520 βίου
3258 443 3313 500 ἐν
3334 442 3389 500 δὲ
3418 456 3539 506 τοῖς
3568 443 3707 499 κατὰ
3730 446 3871 500 Θεὸν

476 548 607 589 mur
627 528 698 589 ab
730 529 891 589 omni
924 530 1333 591 consolatione
1364 530 1632 592 destitu‘i
1707 531 1847 593 Ideo
1882 541 1939 592 et
1970 534 2120 594 insi-

474 620 705 695 pientes
739 636 1045 688 vocamur,
1075 637 1190 678 non
1222 618 1522 698 sapientes
1553 638 1618 679 ea
1644 638 1775 700 qua
1798 619 1970 681 nobis
1996 641 2126 700 pos-

474 707 605 767 thac
627 707 744 767 sint
778 706 1420 785 profutura.Faciamus
1442 708 1621 787 igitur
1643 707 1811 768 nobis
1835 728 1942 787 pan
1954 729 2127 789 peres

472 795 699 857 amicos
730 795 1191 858 communicatis
1239 796 1466 859 divitiis
1497 796 1819 876 injustitia,
1856 797 1969 859 hoc
2014 808 2121 874 est,

473 884 563 944 his
586 904 716 964 qua
729 886 877 946 data
898 885 1221 945 suntnobis
1242 903 1273 944 a
1302 888 1422 947 Deo
1449 894 1509 945 ut
1534 886 1652 945 siut
1677 887 2120 965 armajustitia,

470 975 572 1035 scd
602 993 634 1033 τι
662 974 832 1035 nobis
863 974 1228 1047 detinentur,
1248 982 1639 1054 etpropterea
1672 975 1741 1035 ad
1773 976 2120 1054 injustitiam

475 1063 797 1144 pertinent.
819 1062 880 1123 Si
899 1071 1095 1123 autem
1129 1063 1351 1124 divitia
1367 1064 1696 1143 quajustis
1724 1066 1921 1124 mo'tis
1945 1075 2130 1144 parta

477 1165 636 1224 sum,
670 1151 904 1232 quando
955 1170 1072 1211 non
1122 1151 1275 1211 bene
1326 1152 1743 1232 dispensantur
1771 1172 1881 1215 nec
1912 1153 2134 1217 dantur

480 1240 860 1321 pauperibus,
908 1240 1196 1319 injustitia
1247 1249 1299 1299 et
1347 1259 1684 1302 mammona
1724 1251 2124 1321 reputantur:

474 1349 604 1409 qua
637 1349 704 1389 cx
737 1329 1049 1408 injustitia,
1097 1329 1278 1389 multo
1343 1330 1526 1407 magis
1604 1329 1682 1390 Ex
1738 1330 1886 1408 ipsis
1951 1332 2129 1411 igitur

478 1420 759 1481 faciamus
804 1417 975 1478 nobis
1023 1418 1267 1489 amicos,
1322 1427 1381 1479 ut
1418 1421 1652 1498 quando
1697 1419 2121 1498 (lefecerimus,

2208 531 2471 612 ὀφείλουσι
2528 530 2839 589 διοικεῖσθαι
2894 533 3172 612 χρήμασιν
3229 533 3288 590 ού
3366 532 3658 611 φαινόμεθα
3723 532 3862 611 πρό-

2210 642 2356 677 νοιαν
2414 621 2746 696 ποιούμενοι,
2799 621 2996 695 μῆπως
3050 619 3211 700 λόγον
3265 619 3438 696 δῶμεν
3476 626 3576 687 τῆς
3645 623 3858 677 οἰκονο-

2211 709 2335 783 μίας
2392 711 2749 785 μεταστάντες
2806 709 2869 766 ἐκ
2935 708 3082 766 τοῦδε
3138 720 3232 768 τοὺ
3283 710 3420 786 βίου,
3448 711 3538 766 καὶ
3567 709 3862 789 εὒρεθῶμεν

2210 797 2389 864 πάσης
2471 800 2801 876 παραμυθίας
2884 798 3248 876 ἐστερημένοι.
3334 801 3429 855 Διὸ
3496 799 3585 855 καὶ
3641 796 3861 878 ἄφρονες

2208 884 2535 967 καλούμεθα,
2580 888 2658 962 μὴ
2709 894 3015 967 φρονοῦντες
3064 889 3129 942 τα
3196 888 3332 963 μετά
3388 893 3552 943 ταῦτα
3582 888 3719 962 ἡμῖν
3768 886 3861 944 λυ.

2209 974 2581 1056 σιτελήσοντα,
2642 974 2778 1031 ἀλλὰ
2832 977 3144 1051 ποιήσωμεν
3217 977 3430 1041 ἑαυτοῦς
3500 974 3681 1055 φίλους
3734 977 3854 1040 τοὺς

2211 1064 2468 1140 πένητας,
2532 1061 2898 1139 μεταδιδόντες
2934 1068 3118 1128 αὐτοῖς
3159 1071 3253 1121 τοῦ
3311 1065 3407 1133 τῆς
3442 1062 3645 1129 ἀδικίας
3686 1063 3856 1121 πλού-

2213 1175 2327 1233 του,
2382 1153 2646 1234 τουτέστι,
2703 1160 2797 1211 τοῦ
2867 1150 3104 1219 δοθέντος
3178 1154 3276 1229 μὶν
3326 1154 3467 1222 ἡμῖν
3516 1154 3659 1232 παρὰ
3705 1160 3860 1228 Θεοῦ,

2211 1242 2349 1299 ὥστε
2415 1241 2749 1309 δικαιοσύνης
2807 1240 2975 1300 ὅπλον
3057 1242 3320 1319 γενέσθαι,
3408 1241 3861 1319 ὑποκρατηθέντος

2209 1328 2263 1386 δὲ
2332 1329 2457 1408 παρ’
2527 1330 2708 1407 ἡμῶν,
2769 1330 2858 1387 καὶ
2888 1328 2977 1387 διὰ
3001 1338 3157 1388 τοῦτο
3187 1332 3261 1394 είς
3309 1328 3511 1387 ἀδικίαν
3558 1332 3859 1405 μεταστέν-

2207 1441 2320 1483 τος,
2373 1422 2431 1477 Εἰ
2490 1417 2544 1475 δὲ
2602 1422 2630 1476 ὁ
2687 1420 2747 1476 ἐκ
2790 1417 3007 1477 δικαίων
3036 1419 3193 1487 δῆθεν
3234 1420 3413 1499 πόρων
3444 1418 3701 1500 πλοῦτος,
3733 1419 3859 1478 ὅταν

479 1517 535 1569 et
580 1527 649 1568 ex
700 1508 810 1569 hac
860 1509 973 1568 vita
1019 1507 1531 1586 emigraverimus,
1576 1508 1664 1568 vel
1718 1508 1889 1569 etiam
1951 1510 2115 1573 alitel

2211 1509 2289 1582 μὴ
2346 1506 2524 1571 καλῶς
2579 1509 2927 1588 οἰκονομηθῆ,
2980 1511 3067 1565 καὶ
3136 1506 3261 1586 δοθῇ
3290 1509 3538 1589 πένησιν,
3569 1507 3742 1565 ἀδικία
3772 1510 3860 1566 καὶ

479 1597 713 1678 quando
748 1595 959 1675 pusillo
1007 1595 1204 1656 animo
1252 1615 1483 1674 sumus,
1526 1606 1585 1657 et
1629 1598 2115 1675 condemnamur,

2211 1603 2469 1673 μαμωνᾶς
2523 1595 2811 1675 λογίζεται,
2885 1600 2913 1654 ὁ
2969 1596 3020 1662 ἐξ
3075 1596 3307 1672 ἀδικίας,
3340 1598 3495 1672 πόσῳ
3526 1596 3731 1674 μᾶλλον
3757 1597 3861 1655 Ἐκ

482 1688 619 1748 illuc
643 1685 935 1765 accipiant
970 1703 1075 1746 nos
1108 1686 1164 1746 in
1197 1696 1416 1746 aterna
1454 1685 1862 1750 tabernacula.

2209 1688 2392 1745 τούτου
2419 1687 2508 1744 οὖν
2551 1689 2877 1763 ποιήσωμεμ
2905 1689 3041 1763 ἡμῖν
3071 1687 3276 1768 φίλους,
3306 1688 3421 1766 ἵνα,
3466 1677 3593 1745 ὅταν
3617 1686 3859 1745 ἐκλίπω-

482 1798 600 1851 μεν,
650 1778 735 1830 καὶ
767 1776 1135 1854 ἀναχωρῶμεν
1162 1778 1224 1831 ἒκ
1253 1782 1345 1831 τοῦ
1377 1777 1512 1854 βίον),
1548 1776 1582 1842 ἢ
1614 1778 1702 1832 καὶ
1754 1775 1949 1846 ἄλλως,
2004 1777 2130 1835 ὅταν
2161 1774 2581 1857 ὀλιγοψυχῶμεν
2634 1775 3099 1857 κατακρινόμενοι,
3132 1776 3306 1833 ἐκεῖσε
3336 1773 3582 1841 δέξωνται
3610 1778 3756 1852 ἡμᾶς
3786 1777 3857 1849 εἰς

479 1887 570 1930 11;
609 1887 843 1927 αιωνιους
888 1886 1106 1931 σκηνας,

567 1953 749 2018 Vens.
783 1955 986 2017 40-13.
1017 1976 1042 2006 α
1079 1952 1188 2024 Qui
1220 1952 1412 2015 ﬁdelis
1451 1962 1543 2016 est
1569 1954 1630 2015 in
1677 1953 1947 2033 minimo,
1988 1964 2045 2018 et
2066 1956 2115 2017 in

2296 1978 2325 2009 α
2406 1945 2463 2012 Ὀ
2532 1956 2719 2017 πιστὸς
2791 1959 2845 2011 έν
2899 1953 3193 2035 ἐλαχίστῳ,
3226 1955 3314 2012 καὶ
3341 1956 3396 2013 ἓν
3439 1953 3627 2030 πολλῷ
3668 1955 3856 2018 πιστός

484 2044 668 2105 multo
700 2043 892 2105 ﬁdelis
923 2049 1012 2103 est
1044 2059 1057 2104 :
1095 2049 1152 2104 et
1176 2043 1275 2122 qui
1310 2044 1368 2104 in
1399 2044 1643 2105 minimo
1674 2043 1915 2125 iniquus
1944 2056 2053 2118 est,
2076 2048 2115 2107 is

2208 2041 2373 2100 ἐστιν’
2452 2045 2482 2100 ὁ
2560 2042 2615 2100 δὲ
2646 2042 2917 2123 ἐλαχίστῳ
2942 2041 3143 2121 ἄδικος,
3193 2044 3281 2100 καὶ
3334 2043 3388 2100 ἐν
3456 2042 3640 2119 πολλῷ
3680 2041 3861 2108 ἄδικός

484 2143 542 2194 et
572 2133 630 2194 in
658 2134 837 2194 multo
860 2131 1098 2211 iniquus
1129 2132 1303 2193 εει.Βί
1337 2151 1475 2210 ergo
1502 2131 1776 2213 ininiquo
1790 2152 2115 2196 mammona

2208 2131 2372 2190 ἐστιν.
2462 2134 2518 2189 Εἰ
2574 2133 2662 2190 οὗν
2720 2136 2776 2189 ἓν
2806 2139 2885 2208 τῷ
2925 2129 3087 2207 ἀδίκῳ
3143 2138 3374 2209 μαμωνᾷ
3402 2132 3578 2190 πιστοὶ
3607 2134 3703 2190 οὐκ
3731 2132 3855 2211 ἐγέ-

482 2224 692 2285 ﬁdeles
735 2241 851 2282 non
902 2220 1113 2286 fuistis.
1171 2222 1329 2299 quod
1379 2240 1585 2283 verum
1618 2231 1706 2283 est
1754 2223 1885 2302 quis
1916 2224 2115 2285 credet

2207 2225 2380 2301 νεσθε,
2440 2222 2502 2277 τὸ
2572 2220 2825 2289 ἀληθινὸν
2874 2222 2951 2285 τίς
3022 2224 3152 2297 ὑμῖν
3221 2222 3489 2278 πιστεύσει
3536 2240 3554 2296 ;
3600 2223 3697 2279 Καὶ
3725 2222 3770 2276 εί
3800 2221 3853 2277 ἐν

482 2312 679 2375 vobis?
710 2309 773 2371 Et
808 2310 857 2372 si
882 2310 939 2370 in
971 2308 1165 2370 alieno
1194 2310 1401 2370 ﬁdeles
1430 2329 1547 2371 non
1583 2310 1964 2391 fuistis,quod
1988 2332 2115 2375 ves-

2205 2317 2281 2384 τῴ
2338 2309 2600 2389 ἀλλοτρίῳ
2659 2312 2838 2367 πιστοὶ
2896 2312 2991 2367 οὒκ
3041 2310 3304 2390 ἐγένεσθε,
3377 2313 3439 2367 τὸ
3482 2310 3732 2389 ὑμέτερον
3774 2310 3851 2372 τίς

482 2412 634 2464 trum
668 2410 781 2479 cst,
808 2400 940 2479 quis
979 2398 1143 2458 dabit
1175 2398 1371 2459 vobis?
1420 2404 1613 2463 Nemo
1664 2419 1872 2462 servus
1928 2411 2115 2481 potest

2202 2401 2331 2474 ὑμῖν
2390 2396 2547 2455 δώσει
2595 2418 2612 2479 ς
2687 2398 2863 2463 Οὐδεὶς
2935 2399 3144 2467 οἰκέτης
3224 2397 3437 2457 δύναται
3493 2397 3605 2456 δυσὶ
3651 2400 3852 2477 κυρίοις

479 2488 708 2550 duobus
731 2485 989 2547 dominis
1019 2484 1371 2567 servire;aut
1399 2487 1559 2549 enim
1586 2507 1765 2548 unum
1792 2490 1926 2549 odio
1948 2490 2115 2551 habe-

2204 2485 2489 2547 δουλεύειν·
2549 2486 2585 2554 ἦ
2643 2488 2741 2567 γὰρ
2798 2490 2891 2544 τὸν
2946 2487 3036 2543 ἕνα
3104 2489 3344 2563 μισήσει,
3405 2488 3495 2544 καὶ
3537 2488 3629 2544 τὸν
3672 2487 3845 2566 ἕτερον

482 2578 582 2651 bit,
617 2577 937 2639 etalterum
974 2575 1137 2636 illum
1160 2575 1401 2653 diliget:
1429 2585 1527 2637 aut
1551 2577 1652 2637 uni
1682 2577 2028 2653 adharebit,
2064 2590 2115 2642 el

2204 2576 2492 2655 ἀγαπήσει,
2559 2576 2594 2644 ἢ
2667 2577 2782 2639 ἑνὸς
2838 2576 3122 2654 ἀνθέξεται,
3180 2578 3268 2632 καὶ
3319 2586 3414 2635 τοῦ
3455 2576 3632 2655 ἑτέρου
3679 2598 3853 2633 καταε-

478 2667 725 2727 alterum
750 2664 918 2725 illum
950 2663 1450 2725 contemnet.Non
1477 2666 1721 2745 potestis
1744 2665 1866 2728 Deo
1896 2668 2115 2730 servire

2202 2668 2475 2745 ιρρονήσει·
2538 2666 2597 2722 οὔ
2650 2664 2861 2721 δύνασθε
2934 2670 3049 2738 Θεῷ
3101 2663 3370 2721 δουλεὺειν
3397 2666 3486 2722 καὶ
3527 2670 3783 2740 μαμωνᾷ,
3814 2688 3842 2719 ι

477 2763 534 2816 et
564 2772 916 2815 mammona
963 2776 984 2808 ι)
1023 2751 1233 2814 Adhuc
1264 2752 1439 2813 docet
1461 2744 1758 2834 quomodo
1783 2756 2115 2817 secundum

2205 2744 2335 2812 "E1:
2398 2757 2515 2832 περὶ
2542 2763 2635 2813 τοῦ
2662 2752 2774 2810 δεῖν
2802 2754 2939 2810 κατὰ
2969 2756 3099 2809 Θεὸν
3141 2754 3442 2828 οἰκονομεῖν
3470 2754 3560 2809 τὸν
3611 2750 3852 2810 πλούτον

472 2843 657 2905 Deum
705 2841 1124 2923 dispensanda
1159 2841 1277 2902 sint
1315 2840 1553 2904 divitia.
1595 2841 1704 2915 Qui
1731 2843 1889 2904 enim
1921 2844 2118 2907 ﬁdelis

472 2934 635 2994 estin
663 2931 929 3000 minimo,
958 2930 1069 2991 hoc
1092 2930 1310 3009 est,qui
1344 2931 1496 2992 bene
1525 2930 2117 3011 dispensaveritcon—

472 3022 729 3083 creditas
759 3020 868 3082 sibi
899 3019 1127 3080 divitias
1159 3021 1215 3079 in
1252 3021 1360 3080 hoc
1391 3020 1822 3093 mundo,etiam
1847 3020 1906 3081 in
1933 3022 2117 3084 multo

2201 2842 2455 2907 διδάσκει,
2520 2834 2576 2900 Ὀ
2648 2844 2749 2922 γὰρ
2803 2844 2991 2906 πιστὸς
3049 2841 3103 2897 ἐν
3157 2840 3451 2923 ἐλαχίστῳ,
3481 2840 3747 2897 τουτέστιν
3822 2844 3855 2897 ὁ

2200 2931 2473 3003 διοικήσας
2528 2932 2704 2997 καλῶς
2758 2932 2850 2988 τὸν
2919 2930 3326 3008 ἒμπιστευθέντα
3410 2934 3550 3004 αὖτῷ
3616 2927 3853 2985 πλοῦτον

2200 3021 2254 3078 ἐν
2312 3027 2389 3095 τῷ
2435 3022 2624 3097 κόσμῳ
2689 3022 2880 3095 τούτῳ,
2940 3022 3027 3077 καὶ
3095 3019 3149 3075 έν
3202 3018 3389 3094 πολλῴ
3457 3018 3645 3083 πιστός
3708 3017 3844 3091 ἑστι,

470 3111 665 3172 ﬁdelis
694 3110 923 3192 est,hoc
937 3108 1113 3191 est,in
1131 3107 1327 3169 futuro
1355 3109 1570 3169 saculo
1596 3110 1743 3170 veris
1774 3108 1992 3172 divitiis
2018 3111 2115 3171 di-

2199 3109 2461 3189 τουτέστι,
2516 3110 2605 3166 καὶ
2657 3108 2710 3166 ἐν
2740 3116 2817 3184 τῷ
2846 3107 3094 3185 μέλλοντι
3136 3110 3285 3165 αἰῶνι
3328 3113 3421 3164 τοῦ
3461 3106 3627 3172 όντως
3668 3105 3843 3163 πλοσ-

470 3220 620 3279 gnus
636 3200 1059 3261 est..\tinimum
1082 3197 1263 3276 igitur
1284 3207 1448 3259 vocat
1481 3206 1750 3260 terrenas
1780 3198 2038 3277 divitias,
2057 3211 2115 3263 ut

2199 3220 2291 3255 του
2360 3198 2502 3265 ἀξιός
2573 3197 2746 3261 ἐστιν.
2807 3196 3127 3278 Ἐλάχιστον
3184 3196 3274 3253 οὖν
3330 3194 3492 3253 καλεῖ
3516 3197 3606 3252 τὸν
3656 3197 3847 3274 γήϊνον

472 3308 678 3351 revera
708 3288 1061 3369 parvas,imo
1097 3306 1228 3367 qua
1258 3288 1400 3348 nihil
1438 3296 1597 3368 sunt,
1635 3287 2115 3369 quandoquidem

2200 3286 2447 3362 πλοῦτον,
2511 3296 2583 3350 ὼς
2634 3294 2713 3362 τῷ
2761 3286 2871 3343 ὄντι
2918 3288 3134 3367 μικρὸν,
3189 3284 3395 3362 μᾶλλον
3424 3283 3479 3341 δὲ
3509 3282 3653 3342 οὒδὲν
3695 3282 3844 3358 ὄντα,

471 3378 822 3440 transitoria
834 3376 1248 3439 sunt-multum
1271 3376 1950 3458 vero,calestes,utpote
1967 3396 2115 3440 sem-

2199 3378 2414 3455 ὶπείπερ
2470 3376 2710 3453 ρευστός’
2769 3374 2935 3433 πολὺν
2985 3369 3063 3450 δὲ,
3130 3377 3251 3458 τὸν⁸
3290 3374 3549 3454 οὐράνιον,
3608 3376 3683 3439 ὡς
3737 3373 3841 3451 μό-

472 3486 577 3547 per
590 3468 993 3545 duraturas,et
1012 3464 1228 3545 quibus
1246 3455 1488 3546 semper
1504 3455 1878 3538 accedit.Qui
1894 3486 2031 3528 vero
2056 3467 2115 3530 in

2199 3487 2356 3522 νοντα
2412 3464 2516 3544 ἀεὶ,
2588 3466 2677 3522 καὶ
2732 3464 3161 3543 προστιθέμενον.
3238 3455 3295 3521 ¹Ο
3352 3462 3408 3519 δὲ
3478 3462 3533 3519 ἐν
3561 3463 3729 3536 τούτῳ
3767 3466 3842 3534 τῷ

470 3556 562 3617 his
593 3558 847 3617 terrenis
877 3555 1096 3616 divitiis
1128 3554 1382 3632 injustus
1403 3555 1957 3634 apparuorit,etsibi
1981 3576 2119 3619 ven-

470 3646 627 3706 dicat
641 3664 771 3725 qua
788 3644 847 3704 in
865 3662 1241 3705 communem
1261 3662 1430 3704 usum
1455 3644 1700 3705 fratrum
1715 3653 1851 3706 sunt
1875 3664 2116 3709 conces-

468 3752 556 3814 sa,
575 3752 765 3813 neque
786 3734 883 3794 illo
910 3731 1091 3793 multo
1117 3731 1698 3810 dignusinvenietur,
1718 3734 1821 3795 sed
1846 3734 2110 3797 sicutin-

458 3825 654 3902 justus
672 3821 1103 3902 repudiabitur.
1138 3820 1544 3901 Interpretans
1566 3831 1763 3884 autem
1798 3824 1958 3904 quod
1980 3823 2073 3885 dic
2088 3859 2111 3872 -

468 3921 590 3972 tum
617 3921 728 3992 est,
751 3911 914 3972 addit
951 3932 964 3973 :
999 3908 1132 3972 Siin
1153 3910 1370 3989 injusto
1397 3929 1732 3973 mammona
1763 3912 1970 3974 ﬁdeles
1992 3932 2109 3974 non

2197 3557 2381 3633 γηλινῳ
2451 3551 2629 3617 ἄδικος
2687 3555 2889 3633 φανεὶς,
2961 3555 3049 3610 καὶ
3129 3551 3569 3633 σφετερισάμενος
3641 3552 3710 3606 τὰ
3765 3550 3840 3614 εἰς

2196 3643 2380 3710 κοινὴν
2448 3648 2554 3699 τῶν
2612 3640 2848 3722 ἀδελφῶν
2906 3642 3089 3723 χρείαν
3145 3640 3356 3699 δοθέντα
3414 3643 3556 3715 αὖτῷ
3584 3637 3711 3698 -οὗδέ
3751 3645 3844 3696 τοῦ

2196 3731 2397 3789 πολλοῦ
2450 3731 2648 3789 ἐκείνου
2718 3729 2857 3812 ἄξιος
2916 3732 3275 3812 εὑρεθήσεται,
3348 3728 3468 3787 ἀλλ’
3532 3731 3606 3793 ὡς
3662 3726 3841 3793 ἀδικος

2195 3817 2655 3887 ἀποϐληθὴσεται.
2718 3810 3054 3899 ιΕρμηνεύων
3102 3818 3157 3876 δὲ
3220 3810 3282 3878 τδ
3344 3818 3521 3898 ῥηθὲν,
3571 3816 3840 3898 ἑπιφέρειο

2196 3911 2254 3965 El
2325 3909 2380 3965 ἐν
2433 3915 2511 3983 τῷ
2566 3907 2728 3982 ἀδίκῳ
2782 3909 3012 3986 μαμωνᾷ
3066 3910 3242 3966 πιστοὶ
3308 3910 3404 3966 οὒκ
3442 3907 3708 3987 ἐγένεσθε,
3751 3908 3844 3964 τὸν

467 3989 841 4080 fuistis,quod
863 4016 1064 4061 verum
1091 4000 1343 4079 est,quis
1368 3999 1533 4060 vobis
1557 3999 1791 4062 credet?
1816 4002 2108 4081 Injustum

2199 3997 2440 4067 ἀληθινὸν
2496 4000 2577 4063 τίς
2633 3999 2762 4074 ὑμῖν
2832 3997 3099 4056 πιστεύσει
3134 4014 3151 4073 ;
3187 3989 3421 4055 ”Αδικον
3450 3998 3549 4073 μὲν
3577 4003 3842 4073 μαμωνᾶν

468 4108 803 4150 mammona
824 4088 1090 4149 nominat
1110 4088 1649 4171 divitiasquaapud
1673 4107 1780 4150 nos
1792 4104 1922 4151 sunt
1939 4091 2108 4153 .Nam

2199 4089 2283 4144 τὸν
2340 4089 2603 4167 προσόντα
2672 4086 2899 4145 πλούτον
2953 4089 3081 4163 ὑμῖν
3145 4088 3444 4163 ὠνόμασεν·
3502 4087 3546 4142 εἰ
3601 4087 3703 4166 γὰρ
3749 4089 3844 4144 οὐκ

466 4178 513 4237 si
540 4196 656 4238 non
676 4176 1356 4257 essentinjusta,neque
1373 4177 1530 4257 apud
1559 4196 1667 4238 nos
1701 4187 1917 4240 essent:
1955 4198 2111 4240 nunc

2199 4178 2260 4245 ἦν
2327 4176 2529 4253 ἄδικος,
2589 4180 2683 4236 οὐκ
2738 4177 2798 4234 ἄν
2868 4176 3094 4256 προσ-ἧν,
3154 4183 3244 4233 νῦν
3314 4175 3367 4232 δὲ
3416 4174 3530 4233 imi
3558 4175 3845 4255 πρόσεστιν

464 4274 662 4327 autem
690 4266 828 4347 quia
857 4264 1010 4345 apud
1033 4284 1139 4326 nos
1154 4264 1698 4342 sunt,manifestum
1729 4266 1885 4348 quod
1905 4275 2111 4330 tenen-

2199 4268 2351 4343 ἡμῖν,
2426 4265 2644 4334 εὔδηλον
2711 4265 2792 4322 ὅτι
2834 4268 3316 4346 ὑποκρατούμενος,
3359 4267 3556 4336 καὶμὴ
3587 4278 3840 4345 πτωχοῖς

467 4364 584 4429 tur,
608 4364 668 4418 et
695 4372 829 4416 cum
864 4353 1221 4435 pauperibus
1247 4373 1361 4415 non
1394 4354 1840 4425 distribuantur,
1877 4356 2114 4435 iniusta

2199 4354 2579 4431 διαδιδόμενος,
2665 4352 2842 4422 ἄδικός
2924 4354 3057 4412 ἐστι·
3141 4362 3298 4413 τοῦτο
3399 4353 3454 4411 δὲ
3547 4356 3840 4434 νοσφισμὸς

463 4443 628 4505 sint:
676 4444 786 4503 hoc
843 4451 1039 4503 autem
1075 4451 1165 4504 est
1198 4441 1504 4503 vindicare
1547 4441 1662 4503 sibi
1708 4461 1806 4504 res
1863 4441 2107 4513 alienas,

2199 4442 2485 4525 ἀλλοτρίων
2554 4444 2855 4524 χρημάτων
2909 4445 2999 4501 καὶ
3066 4451 3386 4525 πτωχικῶν,
3415 4450 3570 4502 τοῦτο
3597 4441 3652 4499 δὲ
3714 4442 3845 4500 ἀδι-

462 4534 602 4593 Alii
632 4541 809 4612 atque
855 4550 952 4591 eas
983 4550 1114 4611 qua
1148 4548 1471 4611 pauperum
1505 4542 1642 4592 sunt
1677 4551 1688 4562 '
1727 4531 1786 4591 id
1817 4531 1977 4610 quod
2011 4534 2103 4593 iu-

2199 4535 2302 4595 ιιία.
2373 4523 2480 4597 ”Ὀς
2527 4523 2618 4590 οὗν
2698 4535 2791 4589 τὸν
2864 4532 3091 4592 πλοῦτον
3181 4523 3336 4591 τοῦτο
3370 4523 3377 4525 ἡ
3413 4533 3593 4597 κακῶς
3650 4531 3843 4590 διοικεῖ

456 4622 699 4702 justitia
730 4629 838 4681 est.
866 4619 1064 4699 Itaque
1096 4621 1151 4680 ei
1178 4619 1279 4699 qui
1324 4618 1564 4680 divitias
1619 4619 1755 4681 illas
1788 4619 1943 4681 male
1976 4621 2104 4682 dis-

2199 4624 2276 4680 ιιαὶ
2331 4623 2589 4697 ἀπίστως,
2650 4626 2767 4686 πῶς
2835 4624 2925 4679 τὸν
2983 4622 3233 4690 ἀληθινὸν
3291 4622 3519 4681 πλοῦτον
3547 4623 3839 4690 πιστευθή-

466 4719 673 4791 pensat
702 4718 759 4771 et
787 4708 1128 4787 inﬁdeliter,
1162 4708 1458 4787 quomodo
1490 4727 1644 4771 vera
1664 4709 1986 4771 credentur
2008 4710 2105 4772 di-

460 4799 616 4861 vitia
646 4813 705 4861 et
734 4798 907 4860 nobis
937 4796 1035 4877 qui
1070 4796 1221 4858 male
1243 4798 1665 4878 dispensamus
1686 4798 1968 4871 alienum,
1998 4798 2109 4863 hoc

468 4899 578 4970 est,
605 4888 928 4969 pecunias:
964 4886 1175 4948 aliena
1205 4887 1361 4949 enim
1393 4893 1533 4948 sunt
1571 4887 1683 4960 ha,
1721 4895 1925 4967 utpote
1958 4906 2108 4968 pau-

470 4977 710 5057 peribus
740 4974 1183 5053 designata,vel
1213 4973 1407 5049 aliter,
1448 4987 1737 5055 quatenus
1779 4975 1926 5035 nihil
1948 4983 2107 5037 attu-

468 5067 709 5127 lerimus
735 5064 795 5126 in
824 5066 980 5125 hunc
1015 5064 1321 5141 mundum,
1356 5065 1622 5145 nudique
1651 5065 1710 5125 in
1751 5065 1909 5126 hunc
1939 5083 2113 5126 mun-

466 5155 604 5217 dum
620 5154 740 5216 nati
774 5151 1145 5233 simus:quod
1162 5162 1424 5213 nostrum
1440 5153 1676 5233 estquis
1690 5151 2114 5217 dabithostra

464 5252 660 5306 autem
685 5251 824 5305 sunt
861 5242 1082 5303 divitia
1133 5242 1405 5303 caelestes
1433 5251 1491 5302 et
1521 5241 1757 5316 divina,
1792 5242 1917 5303 illic
1950 5243 2109 5303 enim

466 5344 670 5396 noster
700 5331 1097 5413 municipatus
1128 5341 1303 5405 est;et
1326 5330 1981 5411 homiuiadimaginem
2002 5332 2109 5394 Dei

467 5424 616 5485 facto
640 5423 909 5505 pecunia
928 5421 1168 5503 quidem
1202 5427 1261 5481 et
1291 5420 1700 5502 possessiones
1715 5420 1926 5482 aliena
1944 5429 2103 5494 sunt,

468 5510 615 5572 nihil
648 5511 810 5572 enim
836 5510 1033 5571 simile
1056 5508 1143 5571 illi
1171 5526 1241 5569 ex
1274 5506 1744 5570 bis.Divinorum
1766 5516 1961 5569 autem
1993 5508 2105 5571 bo-

468 5617 680 5661 norum
732 5597 930 5661 fruitio
980 5605 1039 5658 et
1088 5596 1459 5678 participatio
1510 5597 1640 5676 Dei,
1687 5603 1890 5658 nostra
1944 5606 2100 5663 sunt.

2188 4733 2332 4767 σεται
2366 4730 2384 4792 ς
2444 4713 2530 4769 καὶ
2576 4724 2695 4776 τοῖς
2736 4712 2814 4787 μὴ
2837 4717 3039 4775 πιστῶς
3082 4710 3404 4777 διαθεπένοις
3432 4714 3571 4787 ἡμῖν
3600 4713 3664 4768 τὸ
3686 4710 3846 4769 ἀλλό-

2188 4822 2355 4880 τριον,
2427 4800 2694 4881 τουτέστι,
2741 4801 2807 4856 τὰ
2860 4801 3139 4879 χρήματα·
3174 4800 3429 4881 ἀλλότρια
3456 4800 3511 4857 δί
3559 4811 3721 4860 ταῦτα
3772 4803 3845 4868 ὡς

2189 4902 2308 4953 τοῖς
2362 4902 2612 4969 πτωχοῖς
2695 4888 3057 4968 ἀφωρισμένα,
3115 4891 3205 4947 καὶ
3261 4889 3461 4971 ἄλλως,
3547 4893 3677 4948 καθὸ
3748 4891 3843 4949 οὒκ

2194 4976 2577 5056 εἶσηνέγκαμέν
2605 5000 2656 5035 τι
2685 4979 2759 5042 εἰς
2788 4979 2879 5035 τὸν
2910 4978 3136 5058 κόσμον,
3167 4977 3306 5037 ἀλλά
3334 4981 3522 5058 γυμνοὶ
3578 4983 3833 5059 γεγεννή-

2195 5071 2349 5144 μεθα⁰
2395 5068 2456 5123 τὸ
2485 5068 2745 5149 ἡμέτερον
2774 5068 2853 5132 τὶς
2883 5066 3038 5125 δόσει
3071 5088 3088 5149 ;
3122 5061 3408 5150 Ἦμέτερον
3437 5067 3494 5126 δὲ
3525 5072 3553 5126 ὁ
3608 5069 3837 5131 πλοῦτος

2193 5158 2221 5213 ὁ
2279 5157 2514 5236 οὐράνιος
2558 5159 2646 5214 καὶ
2715 5161 2883 5238 θεῖος,
2954 5157 3071 5215 εκεῖ
3098 5159 3198 5238 γὰρ
3239 5160 3395 5235 ἡμῶν
3423 5160 3485 5215 τὸ
3515 5158 3843 5236 πολίτευμα,

2191 5246 2280 5303 καὶ
2332 5255 2426 5306 τοῦ
2475 5248 2595 5303 κατ’
2649 5247 2825 5305 εἰκόνα
2877 5254 3009 5305 Θεοῦ
3062 5244 3540 5327 δημιουργηθέντος
3568 5248 3847 5328 ἀνθρώπω

2190 5335 2451 5416 χρὴματα
2507 5336 2629 5412 μὲν,
2695 5338 2779 5393 κυὶ
2834 5337 3082 5412 κτήματα
3164 5335 3439 5417 ἀλλότρια,
3514 5335 3662 5395 οὐδὲν
3744 5339 3849 5418 γὰρ

2189 5423 2361 5482 ἔοικεν
2416 5424 2560 5501 αὒτῷ
2607 5427 2830 5484 τούτων.
2907 5425 3073 5482 Θείων
3127 5422 3183 5481 δὲ
3233 5426 3445 5506 ἀγαθῶν
3515 5425 3845 5505 ἀπόλαυσις,

2188 5513 2276 5569 καὶ
2339 5519 2472 5571 Θτοῦ
2528 5511 2755 5589 μέθεξις,
2809 5513 2966 5571 τοῦτό
2994 5511 3108 5569 ἔστι
3136 5515 3200 5570 τὸ
3220 5513 3501 5594 ἡμέτερον.
3535 5514 3712 5595 Μέχρι
3744 5516 3846 5591 μὲν

2187 5608 2274 5658 οὖν
2323 5602 2508 5659 τούτου
2561 5599 2785 5668 ἐδίδαξεν
2811 5602 2978 5679 ὴμᾶς,
3006 5608 3123 5668 πῶς
3153 5601 3238 5660 δεῖ
3267 5602 3490 5662 διοικεῖν
3520 5606 3613 5662 τὸν
3664 5603 3841 5662 πλοῦ-
