4126 6282
462 350 580 433 97‘s
1443 360 2035 440 THEOPHYLAC'I‘I
2087 370 2493 443 BULGABLE
2540 376 2871 441 ARCHIEP
3733 374 3850 441 976

463 518 561 597 qui
592 518 742 580 nihil
772 519 1029 581 sublime
1080 520 1346 602 nihilque
1397 524 1635 583 cteleste
1681 522 1950 601 cognovit
1995 540 2071 582 un

2167 510 2319 584 ,παρ’
2378 511 2620 591 ἀγγέλων
2692 510 3017 591 δορυφορίας,
3091 512 3312 569 ἀπέθανε
3375 513 3428 568 δὲ
3474 516 3558 569 καὶ
3603 518 3630 569 ὁ
3675 514 3833 569 πλούο

462 626 661 685 quam,
712 608 913 668 infimo
972 609 1101 669 loco
1146 600 1379 688 dignus.
1434 611 1698 673 Dicendo
1750 600 1906 671 enim
1958 631 2081 691 quot

2199 624 2335 676 σιος,
2400 604 2485 658 καὶ
2542 603 2733 681 ἐτάφη,
2798 610 2883 676 Τῷ
2942 600 3050 658 ὄντι
3103 604 3201 680 γὰρ
3254 605 3341 658 καὶ
3406 605 3599 673 ζῶντος
3656 625 3838 659 κατωο

462 695 730 773 sepultus
747 696 1107 775 sit,insinuat
1135 698 1329 759 obiter
1351 699 1638 761 Dominus
1662 700 1816 779 quod
1845 715 1894 759 et
1919 700 2075 760 anim

2199 691 2430 769 ρυγμένη
2491 695 2648 749 αὐτοῦ
2700 693 2768 757 ἦν
2818 694 2852 758 ἡ
2908 692 3085 770 ψυχὴ,
3147 694 3220 753 ὡς
3277 693 3443 771 τάφον
3496 691 3840 771 περιφέρουσα

462 784 594 862 ejus
628 782 821 844 locum
859 784 1127 845 inﬁmum
1160 795 1217 846 et
1254 787 1637 863 caliginosum
1672 788 1879 849 sortita
1910 787 2081 848 fuerit

2196 781 2295 847 τὴν
2351 781 2539 858 σάρκα,
2606 782 2697 835 Διὸ
2754 781 2840 836 καὶ
2924 781 3200 836 ἀποθανὼν
3270 783 3373 860 οὔχ
3439 782 3538 836 ὑπὸ
3598 780 3835 857 ἀγγέλωι

461 873 745 949 ἀπάγεται,
782 872 897 927 an:
933 876 1004 937 εἷς
1036 878 1125 929 τὸν
1158 874 1284 946 ᾅδην
1315 877 1626 953 κατάγεται.
1665 868 1721 933 ὀ
1753 880 1851 953 γὰρ
1884 875 2049 951 μηδὲν
2079 871 2286 948 ὕψηλὸν
2318 870 2585 948 φρονήσας
2608 869 2736 924 ποτὲ
2768 865 2895 941 μηδ’
2922 868 3180 946 οὒρᾶνιον,
3214 876 3305 925 τοῦ
3333 870 3638 925 κιτωτάεου
3670 871 3833 925 τόπου

460 961 625 1037 ἄξιος,
763 972 885 1038 γοῦν
918 965 1108 1034 εἰπεῖν,
1144 964 1222 1020 ὅτι
1256 963 1442 1043 ἐτὲφτη
1479 968 1631 1021 τοῦτο
1661 966 1983 1043 πχρηνίξχτο
2029 968 2055 1020 ὁ
2088 964 2298 1041 Κύριος,
2352 956 2431 1012 ὅτι
2487 957 2574 1012 καὶ
2625 959 2658 1023 ἡ
2691 956 2844 1034 ψυχὴ
2906 956 3064 1014 αὒτοὺ
3090 958 3180 1012 τὸν
3212 959 3505 1013 κατωτάτω
3532 962 3689 1014 τόπον
3742 963 3828 1013 καὶ

459 1049 669 1129 ζοφώδη
701 1051 916 1129 ἔλαχεν,

539 1136 722 1201 VERS.
748 1139 955 1204 23-26.
990 1167 1015 1196 ι
1054 1142 1243 1220 Atque
1274 1143 1332 1201 in
1363 1150 1579 1202 tartaro
1621 1142 1864 1203 sublatis
1893 1144 2101 1214 oettlis,

459 1247 592 1292 cum
626 1238 783 1289 esset
818 1235 874 1288 in
928 1231 1264 1302 tormentis,
1318 1230 1473 1291 videt
1504 1232 1799 1293 Abraham
1845 1231 2100 1303 eminus,

457 1326 512 1376 et
540 1316 818 1377 Lazarum
854 1318 912 1378 in
947 1319 1078 1378 sinu
1131 1320 1303 1398 ejus:
1343 1329 1401 1379 et
1438 1320 1563 1399 ipse
1610 1322 1871 1380 clamans
1914 1320 2052 1381 dixit

2186 1316 2392 1394 κρόθεν,
2456 1314 2543 1367 καὶ
2630 1312 2862 1388 Λάξαρον
2923 1313 2975 1366 ἐν
3043 1328 3159 1377 τοῖς
3230 1312 3449 1377 κολποις
3510 1316 3684 1393 αὐτοῦ,
3747 1318 3829 1370 καὶ

459 1407 629 1467 Pater
656 1405 973 1487 Abraham,
1011 1407 1297 1469 miserere
1320 1410 1463 1481 moi,
1505 1420 1561 1467 et
1594 1409 1758 1468 mitte
1788 1410 2069 1471 Lazarum

2187 1406 2343 1467 αὐτὸς
2399 1404 2651 1483 φωνήσας
2694 1402 2861 1457 εἶπε-’
2924 1403 3092 1480 Πάτερ
3154 1401 3417 1481 ⁹Λϐραὲιιμ,
3462 1400 3682 1468 ἐλέησόν
3738 1425 3823 1477 με,

454 1508 517 1554 ut
551 1494 800 1573 intingat
835 1505 1163 1556 extremum
1200 1496 1369 1574 digiti
1400 1497 1490 1557 sui
1522 1498 1580 1557 iu
1614 1516 1849 1574 aquam,
1899 1517 1967 1560 ac
1995 1517 2081 1558 re-

2182 1495 2268 1550 καὶ
2324 1492 2538 1569 πέμψον
2585 1493 2843 1569 Λάζαρον,
2891 1490 2980 1545 ’ἕνα
3038 1492 3186 1568 βάψῃ
3233 1494 3294 1547 τὸ
3332 1489 3491 1569 ἄκρον
3521 1500 3611 1548 τοὺ
3638 1489 3827 1547 δακτύ-

450 1583 694 1661 frigeret
723 1583 978 1662 linguam
1027 1602 1243 1657 meam,
1279 1586 1416 1665 quia
1462 1586 1695 1646 crucior
1743 1586 1804 1646 in
1860 1587 2081 1648 ﬂamma

2178 1581 2273 1639 λου
2316 1581 2476 1638 αύτοῦ
2517 1577 2725 1654 ὕδατος,
2772 1582 2859 1635 καὶ
2921 1580 3195 1656 καταψύξῃ
3254 1586 3353 1646 τὴν
3411 1577 3659 1657 γλῶσσάν
3702 1602 3824 1653 μου,

452 1672 583 1733 hac.
607 1671 760 1732 Dixit
798 1680 993 1733 autem
1043 1672 1339 1734 Abraham
1370 1693 1383 1737 :
1420 1673 1552 1754 Fili,
1588 1676 1905 1737 recordare
1935 1681 2081 1756 quod

2178 1671 2258 1728 ὅτι
2317 1669 2581 1745 ὀδυνῶμαι
2624 1671 2680 1723 ἓν
2710 1674 2777 1744 τῇ
2805 1668 2959 1746 φλογὶ
2991 1670 3175 1735 ταύτη,
3232 1671 3368 1725 Εἶπε
3424 1667 3476 1723 δὲ
3539 1666 3777 1745 Ἀϐραάμ
3811 1689 3823 1701 ’

448 1761 750 1840 receperis
772 1760 928 1822 bona
962 1770 1056 1822 tua
1105 1763 1162 1823 in
1196 1763 1311 1823 vita
1348 1771 1468 1836 tua,
1503 1772 1561 1824 et
1592 1765 1845 1826 Lazarus
1875 1765 2081 1827 simili-

2177 1761 2389 1831 Τέκνον,
2459 1760 2747 1833 μνήσθητι,
2807 1757 2887 1812 ὅτι
2960 1757 3220 1817 ἀπέλαϐες
3281 1759 3341 1815 σὺ
3384 1759 3447 1814 τά
3506 1758 3678 1835 ἀγαθὰ
3739 1780 3826 1812 σου

451 1859 541 1909 ter
570 1850 725 1910 mala
755 1869 772 1925 ;
807 1869 964 1910 nunc
995 1860 1190 1912 autem
1226 1851 1322 1911 hic
1354 1851 1563 1912 solatio
1592 1852 1831 1927 fruitur,
1868 1862 1925 1913 tu
1952 1870 2081 1915 vero

2179 1851 2231 1905 ἐν
2276 1855 2344 1925 τῇ
2386 1854 2498 1924 ζωῇ
2540 1869 2652 1919 σου,
2703 1848 2788 1902 καὶ
2833 1848 3064 1926 Λάζαρος
3097 1849 3290 1921 ὁμοίως
3320 1849 3384 1903 τὰ
3434 1848 3592 1919 κακά,
3630 1872 3715 1903 νυν
3774 1846 3823 1903 δὲ

448 1937 758 2000 cruciaris.
791 1936 861 1998 Et
903 1957 1084 2019 super
1129 1940 1255 2000 haec
1308 1940 1507 2001 omnia
1549 1940 1707 2001 inter
1759 1960 1865 2002 nos
1908 1951 1965 2003 et
1995 1962 2081 2003 vos

2176 1936 2260 1993 ὅδε
2320 1936 2693 2011 παρακλεῖται,
2785 1936 2843 1990 σύ
2927 1933 2980 1990 δὲ
3060 1933 3324 1993 ὀδυνᾶσαι.
3409 1938 3503 1993 Καὶ
3565 1936 3647 1992 ἐπὶ
3701 1943 3823 1992 πᾶσι

450 2026 642 2087 hiatus
682 2027 893 2103 ingens
943 2027 1207 2089 ﬁrmatus
1247 2038 1356 2101 est,
1393 2037 1454 2089 ut
1505 2028 1563 2089 Ιιί
1590 2028 1689 2108 qui
1720 2029 1920 2090 volunt
1955 2030 2081 2091 hinc

2174 2028 2378 2089 τούτοις
2448 2026 2635 2104 χάσμα
2704 2024 2841 2102 μέγα

450 2117 702 2177 transire
723 2116 794 2176 ad
820 2135 919 2176 vos
946 2136 1061 2177 non
1096 2117 1342 2196 possint,
1380 2137 1572 2197 neque
1605 2117 1743 2178 inde
1776 2127 2081 2182 transcen-

2178 2117 2189 2133 τ
2258 2116 2284 2126 ν
2392 2113 2417 2135 f'
2618 2117 2630 2133 α
2732 2114 2738 2126 '
2994 2112 3015 2132 Ἰ
3113 2114 3135 2124 ν
3284 2113 3309 2134 ,Ι
3590 2115 3599 2130 ε
3697 2117 3708 2133 ι’
3771 2121 3792 2131 ν

2174 2138 2343 2193 uumv,
2390 2137 2536 2177 οπως
2586 2138 2631 2168 οι
2689 2112 2924 2175 θελοντες
2989 2111 3226 2181 οιαϐηναι
3286 2118 3425 2169 ενθεν
3501 2136 3629 2189 προς
3692 2136 3823 2188 υμας

2277 1164 2301 1191 α
2342 1138 2435 1195 Καὶ
2477 1135 2528 1190 ἓν
2583 1142 2656 1205 τῷ
2709 1132 2807 1210 ᾅδῃ
2854 1134 3049 1210 ἐπάρας
3122 1138 3238 1199 τοὺς
3297 1135 3593 1214 ὀφθαλμοὺς
3652 1138 3827 1205 αὖτοῦ,

2187 1229 2444 1305 ὑπάρχων
2503 1223 2555 1278 ἓν
2617 1223 2890 1300 βασάνοις,
2964 1226 3056 1303 ὁρᾷ
3130 1228 3218 1280 τὸν
3277 1222 3513 1303 Ἀϐραὰμ
3574 1224 3677 1280 ἀπὸ
3720 1249 3828 1297 μα-

2922 2024 3221 2102 ὲστήρικται
3280 2023 3469 2099 μεταξζ
3528 2028 3682 2099 ἡμῶν
3743 2028 3823 2080 καὶ

446 2203 589 2264 dere
618 2204 689 2265 ad
724 2224 854 2269 nos.
895 2231 923 2260 ι
955 2204 1470 2276 Quemadmodum
1515 2205 1801 2268 Dominus
1833 2208 2088 2287 ejectum

447 2294 637 2355 Adam
668 2314 699 2355 e
725 2296 967 2373 regione
992 2295 1245 2374 paradisi
1270 2294 1674 2367 collocavit,ut
1701 2297 1980 2357 continuo
2002 2315 2091 2358 as-

447 2382 931 2461 pectans,clarius
952 2383 1197 2442 sentiret
1226 2401 1258 2442 a
1283 2384 1516 2463 quantis
1545 2382 1713 2443 bonis
1740 2384 2087 2450 excidisset:

445 2471 531 2531 sic
562 2481 620 2532 et
648 2470 813 2530 illum
846 2472 1265 2532 condemnavit
1320 2472 1376 2531 in
1421 2484 1741 2551 conspectu
1781 2475 1994 2544 Lazari,
2032 2484 2092 2535 ut

444 2557 649 2618 videns
681 2558 844 2618 illum
878 2560 937 2619 in
968 2558 1241 2639 qualibus
1274 2568 1451 2632 esset,
1501 2563 1750 2622 sentiret
1800 2563 1954 2623 unde
1986 2581 2093 2642 per

442 2646 929 2708 inhumanitatem
962 2648 1304 2709 excidisset.
1342 2648 1407 2708 Et
1442 2658 1753 2728 propterea
1787 2669 1901 2711 non
1933 2652 2087 2730 apud

441 2736 618 2795 alium
645 2735 960 2816 quemdam
989 2737 1243 2814 justum,
1274 2737 1375 2798 sed
1411 2737 1469 2797 in
1503 2737 1634 2797 sinu
1673 2737 1918 2800 Abrahae
1948 2739 2088 2799 vidit

2175 2206 2253 2280 μὴ
2301 2204 2575 2282 δύνωνται,
2651 2202 2783 2278 μηδέ
2843 2206 2885 2257 οἷ
2948 2204 3147 2259 ἐκεῖθεν
3228 2206 3358 2282 πρὸς
3434 2208 3580 2279 ημάς
3633 2204 3821 2261 διαπε-

2175 2316 2361 2371 ρωσιν,
2399 2318 2425 2349 ι
2467 2284 2690 2371 "deus?
2748 2295 2838 2347 τὸθ
2900 2290 3069 2367 ’Λὸἀμ
3101 2296 3128 2349 ὁ
3177 2293 3358 2371 Κύριος
3420 2290 3693 2349 ἐκϐάλλων
3736 2304 3823 2350 τοῦ

2175 2381 2487 2461 παραδείσου
2545 2381 2791 2437 ἀπέναντι
2850 2383 3004 2437 αύτοῦ
3059 2382 3375 2455 κατῴκισεν,
3437 2380 3529 2436 ’ἵνα
3562 2388 3627 2459 τῇ
3670 2405 3818 2439 σύνε-

2175 2485 2274 2549 χεῖ
2326 2472 2445 2547 ὄψει
2492 2472 2871 2546 ἀνανεούμενον
2927 2473 2988 2527 τὸ
3031 2472 3197 2533 πάθος
3257 2468 3626 2548 ἀκριϐεστέραν
3686 2474 3820 2545 αὑτῷ

2173 2562 2431 2640 παράσχῃ
2488 2561 2586 2627 τὴν
2645 2560 2897 2625 αῗσθησιν
2946 2565 3044 2626 τῆς
3093 2566 3201 2615 τῶν
3241 2558 3450 2636 ἀγαθῶν
3480 2560 3813 2639 ἐκπτώσεως,

2173 2649 2308 2705 οὕτω
2366 2652 2453 2706 καὶ
2495 2651 2679 2706 τοὺτον
2736 2650 3010 2705 κατέναντι
3073 2659 3160 2707 τοῦ
3192 2649 3426 2727 Λαζάρου
3455 2648 3811 2720 κατεδίκασεν,

2170 2736 2244 2792 ἵν’
2292 2741 2427 2817 ὁρῶν
2458 2740 2612 2796 αὐτὸν
2670 2738 2723 2793 ἐν
2782 2739 2919 2800 ο”οι,
2967 2738 3127 2809 ἐστὶν,
3176 2739 3475 2804 αἰσθάνηται
3508 2742 3579 2791 ὧν
3608 2737 3683 2791 διὰ
3712 2739 3811 2804 τὴν

441 2826 754 2892 Lazarum,
790 2825 1070 2904 quoniam
1106 2826 1419 2905 hOSpitalis
1450 2827 1643 2887 fuerat
1675 2825 1991 2890 Abraham.
2013 2826 2081 2890 Ut

2169 2826 2542 2906 ἀπανθρωπίαν
2612 2826 2947 2886 ἓκπέπτωκε.
3016 2828 3162 2881 Διατί
3242 2824 3294 2881 δὲ
3368 2828 3426 2882 οὗ
3494 2828 3613 2902 παρ’
3666 2825 3807 2900 ἄλλῳ

441 2912 619 2990 igitur
636 2914 1183 2992 reprehenderetur
1206 2914 1364 2974 illius
1389 2914 2081 2995 inhOSpitalitasprOpte-

2167 2917 2265 2972 τινὶ
2322 2922 2425 2971 τῶν
2482 2914 2720 2985 δικαίων,
2786 2913 2903 2969 ἀλλ’
2950 2915 3003 2970 ἐν
3032 2928 3148 2977 τοῖς
3181 2914 3401 2977 κόλποις
3432 2922 3521 2970 τοῦ
3575 2913 3813 2995 Ἀϐρααμ

438 3018 539 3062 rea
568 3001 730 3062 illum
764 3001 917 3081 apud
952 3002 1245 3063 Abraham
1285 3002 1460 3062 videt.
1499 3002 1603 3063 Ille
1637 3004 1812 3064 etiam
1850 2993 2081 3082 eos—qui

2167 3003 2279 3061 εἶδε
2338 3007 2428 3061 τὸν
2480 3005 2738 3082 Λάζαρον,
2772 3004 2886 3059 ἐπεὶ
2928 3002 3196 3083 φιλόξενος
3241 3005 3304 3071 ἦν
3335 3006 3361 3059 ὁ
3406 3001 3670 3082 Ἀϐραάμ.
3707 2993 3811 3060 ”ιν’

442 3089 845 3169 praeteribant,
882 3090 938 3150 in
971 3090 1210 3151 domum
1246 3109 1409 3152 suam
1446 3091 1737 3172 trahebat,
1762 3092 2081 3193 hic_autem

2168 3096 2255 3150 οὗν
2286 3093 2514 3173 ἔλεγχος
2556 3098 2656 3159 τῆς
2690 3091 2984 3167 μισοξενίας
3029 3097 3186 3151 αὐτοῦ
3235 3093 3476 3171 γένηται,
3524 3092 3606 3149 διὰ
3659 3100 3810 3149 τοῦτο

440 3178 579 3240 419
609 3179 786 3241 etiam
832 3182 983 3239 intra
1012 3181 1250 3240 domum
1289 3180 1557 3258 jacentes
1588 3180 1979 3261 despiciebat.
2008 3186 2084 3244 At

434 3286 540 3328 cur
571 3287 689 3328 non
741 3268 913 3327 vertit
968 3286 1306 3328 sermonem
1366 3269 1439 3328 ad
1500 3269 1804 3345 Lazarum,
1848 3271 1951 3329 sed
2007 3272 2081 3332 ad

433 3356 729 3417 Abraham
770 3358 797 3414 τ
846 3355 1337 3417 Confundebatur
1402 3358 1683 3428 fortassis,
1740 3359 2085 3421 existimans

436 3444 681 3506 forsitan
745 3444 1025 3505 Lazarum
1085 3444 1364 3505 vindicta:
1413 3446 1671 3519 avidum,
1726 3457 1783 3507 et
1830 3466 1905 3521 ex
1960 3448 2082 3509 suis

432 3532 959 3611 causisjudicabat
997 3532 1186 3593 illum.
1221 3534 1279 3594 Si
1305 3532 1461 3593 enim
1488 3553 1594 3610 ego
1620 3544 1776 3596 tanta
1806 3536 2081 3596 felicitate

435 3622 642 3680 fruens
673 3622 1001 3699 contempsi
1028 3621 1192 3680 illum
1220 3621 1395 3680 tantis
1419 3622 1585 3681 malis
1608 3632 2076 3704 coangustalum,

436 3719 493 3769 et
516 3728 708 3789 neque
732 3709 913 3769 micas
941 3708 994 3768 ei
1026 3710 1455 3769 communicavi
1485 3733 1496 3768 :
1536 3712 1717 3772 multo
1743 3713 1928 3790 magis
1953 3715 2080 3793 ipse

436 3805 811 3876 contemptus
835 3796 1241 3867 vindicabit,et
1268 3817 1381 3857 non
1407 3810 1627 3860 annuet
1653 3810 1713 3860 ut
1737 3801 1880 3861 mihi
1905 3802 2081 3863 bene-

437 3885 635 3946 ﬁcium
690 3886 1071 3946 concedatur.
1120 3885 1441 3962 Propterea
1471 3888 1542 3947 ad
1599 3888 1897 3950 Abraham
1946 3891 2081 3951 facit

439 3991 801 4035 sermonem.
855 3972 1100 4033 Putabat
1150 3975 1307 4034 enim
1365 3975 1642 4053 ignorare
1688 3979 2077 4057 patriarcham

438 4082 567 4142 quae
586 4062 992 4139 contigissent.
1020 4060 1169 4133 Quid
1197 4062 1375 4140 igitur
1396 4064 1551 4125 illae?
1572 4064 1698 4126 Non
1716 4065 1881 4130 dixit:
1909 4069 2084 4130 Inhu-

441 4171 613 4213 mane
663 4160 721 4213 et
769 4151 1052 4230 crudelis,
1106 4171 1221 4212 non
1264 4151 1623 4217 erubescis?
1655 4155 2080 4218 misericordia)

439 4258 595 4301 nunc
624 4238 989 4301 recordaris?
1009 4238 1114 4299 sed
1145 4240 1476 4319 quoiuodo?
1507 4243 1638 4305 Fili.
1674 4240 1819 4304 Vide
1844 4263 2076 4325 compa-

440 4330 682 4390 tientem
707 4338 765 4389 et
783 4337 1074 4389 sanctum.
1108 4328 1253 4391 Dicit
1278 4328 1437 4388 enim
1466 4339 1520 4391 et
1544 4330 1781 4409 sapiens
1803 4333 2071 4413 quidam,

437 4419 706 4479 Animam
736 4417 1102 4477 humiliatam
1148 4435 1223 4476 ne
1268 4416 1595 4479 turbaveris
1654 4418 1723 4479 Et
1763 4428 2074 4499 propterea

440 4507 615 4566 etiam
648 4508 778 4586 ipse
808 4506 973 4585 dicit,
1004 4504 1135 4582 Fili,
1168 4505 1477 4566 insinuans
1522 4524 1629 4584 per
1668 4507 1776 4567 hoc
1826 4518 2071 4570 eatenus

440 4595 553 4656 sibi
576 4595 779 4668 licere,
815 4606 1105 4673 quatenus
1155 4603 1267 4653 tam
1321 4595 1570 4672 benigne
1603 4596 1945 4676 alloquitur,
1975 4598 2079 4659 sed

444 4683 694 4744 ulterius
726 4683 876 4743 nihil
905 4683 1089 4743 licere
1140 4682 1218 4745 ei.
1274 4681 1441 4753 Quod
1496 4676 1762 4764 possum,
1811 4686 1922 4745 hoc
1977 4685 2082 4747 tibi

443 4773 843 4851 communico,
879 4771 1333 4850 compatientem
1366 4772 1831 4833 scilicetvocem.
1852 4775 2081 4835 Athinc

445 4862 587 4923 illuc
609 4863 859 4922 transire
884 4879 999 4920 non
1025 4869 1114 4923 est
1136 4869 1422 4919 nostrum:
1460 4862 1737 4922 conclusa
1763 4864 1921 4923 enim
1944 4871 2082 4924 sunt

444 4952 665 5013 omnia.
697 4954 764 5011 Et
790 4960 848 5010 tu
875 4949 1111 5029 quidem
1136 4948 1413 5028 recepisti
1436 4948 1589 5009 bona
1619 4960 1734 5025 tua,
1760 4950 1858 5011 ille
1881 4961 2075 5012 autem

445 5044 622 5101 mala.
648 5040 714 5101 Et
736 5058 917 5119 quare
942 5058 1057 5098 non
1084 5037 1253 5116 dixit,
1272 5038 1725 5118 Accepisti,sed,
1748 5040 2079 5121 Recepisti?

440 5128 732 5209 Recipere
750 5129 907 5188 enim
925 5128 999 5187 de
1023 5127 1113 5188 his
1131 5126 1333 5186 dicere
1355 5126 1614 5187 solemus
1636 5128 2079 5208 quisuscipiunt

446 5218 599 5299 quod
632 5218 717 5279 eis
751 5216 1100 5278 debebatur.
1164 5214 1454 5279 Discimus
1506 5216 1686 5293 igitur
1733 5217 1890 5297 quod
1940 5219 2079 5280 licet

443 5309 681 5388 quidam
714 5306 1027 5367 facinerosi
1045 5304 1162 5365 sint
1185 5315 1244 5366 et
1274 5304 1333 5364 in
1359 5313 1680 5366 extremam
1702 5308 2078 5386 pervenerint

444 5395 748 5475 malitiam,
775 5413 1197 5475 nonnunquam
1226 5402 1420 5455 tamen
1450 5413 1631 5456 unum
1656 5395 1955 5475 quoddam
1987 5397 2075 5458 vel

439 5489 556 5546 duo
587 5485 741 5544 bona
770 5501 954 5562 Opera
998 5484 1251 5555 faciunt;
1305 5482 1463 5545 unde
1512 5492 1569 5543 et
1628 5483 1744 5564 ipsi
1794 5484 2076 5546 habentes

440 5574 594 5635 bona
615 5575 905 5651 quaedam,
932 5591 1061 5651 quae
1097 5573 1155 5631 in
1198 5572 1505 5650 praesentis
1528 5572 1654 5632 vitae
1674 5572 2077 5653 prosperitate

443 5658 1584 5742 capiunt,reciperedicuntur.Similiter
1603 5672 1795 5723 autem
1814 5671 1870 5722 et
1892 5660 2072 5724 Laza-

2168 3183 2285 3255 μετ’
2344 3183 2542 3239 ἐκείνου
2618 3181 2824 3258 βλέπει.
2901 3179 3145 3246 Ἐκεῖνος
3229 3182 3316 3237 καὶ
3397 3183 3519 3246 τοὺς
3602 3182 3810 3259 παριόν-

2165 3294 2258 3334 τας
2308 3273 2380 3335 εἰς
2438 3272 2533 3339 τὴν
2588 3270 2752 3327 οἰκίαν
2813 3270 2964 3326 εἷλκε
3021 3271 3121 3338 τὴν
3181 3270 3389 3351 ἑαυτου,
3453 3270 3609 3334 αὐτὸς
3640 3268 3694 3326 δὲ
3724 3275 3807 3326 καὶ

2165 3362 2253 3417 τὸν
2311 3360 2415 3417 ἔσω
2483 3362 2726 3435 κείμενον
2776 3360 3045 3436 παρεώρα,
3110 3361 3259 3416 Διατί
3299 3359 3353 3415 δὲ
3398 3362 3474 3436 μὴ
3534 3362 3666 3438 πρὸς
3719 3363 3806 3416 τὸν

2163 3450 2399 3527 Λάζαρον
2483 3449 2743 3505 ἀποτείνει
2825 3449 2918 3505 τὸν
3001 3448 3181 3526 λόγον,
3288 3448 3423 3505 ἀλλά
3506 3451 3636 3525 πρὸς
3718 3451 3806 3504 τὸν
3836 3456 3846 3467 ⁹

2164 3534 2454 3615 ’Λϐραάμς
2516 3534 2811 3616 Ἠσχύνετο
2839 3538 2972 3601 ’ἴσως
3000 3557 3014 3570 ’
3072 3538 3278 3613 ἐνόμιζε
3334 3530 3435 3617 γὰρ
3490 3540 3657 3618 τυχὸν
3719 3540 3805 3593 καὶ

2163 3638 2518 3699 μνησικακεῖν
2561 3628 2651 3681 τὸν
2722 3628 2982 3706 Λάζαρον,
3043 3629 3129 3682 καὶ
3199 3627 3259 3683 ἐκ
3300 3629 3405 3683 τῶν
3447 3626 3561 3683 καθ’
3623 3627 3806 3685 ἑαυτὸν

2161 3711 2330 3790 ἔκρινε
2386 3715 2472 3770 καὶ
2528 3714 2591 3769 τὰ
2634 3714 2725 3771 τοῦ
2804 3717 3060 3791 Λαζάρου.
3120 3717 3178 3772 Εἰ
3234 3717 3333 3795 γὰρ
3389 3714 3495 3793 ἐγὼ
3541 3716 3803 3780 τοσαύτης

2161 3800 2441 3859 ἀπολαύων
2541 3804 2844 3883 εὐημερίας,
2930 3803 3219 3883 παρεώρων
3299 3806 3455 3860 αὑτὸν
3536 3804 3806 3867 τοσούτοις

2160 3904 2352 3954 κακοῖς
2406 3894 2926 3971 στενοχωρούμενον,
3012 3894 3098 3949 καὶ
3183 3891 3299 3949 οὒὸὲ
3356 3895 3562 3973 ψιχίων
3606 3891 3809 3967 μετεδί-

2163 3980 2301 4053 δουν,
2362 3979 2545 4054 πολλῴ
2603 3979 2807 4055 μᾶλλον
2865 3982 3018 4045 αὐτὸς
3063 3984 3091 4038 ὁ
3134 3982 3541 4060 καταφρονηθεὶς
3601 4004 3803 4047 μνησι-

2164 4071 2413 4149 κακήσει,
2472 4071 2559 4125 καὶ
2611 4071 2704 4126 οὒκ
2763 4070 3020 4127 ἐπινεύσει
3075 4068 3249 4127 δοῦναι
3304 4070 3403 4137 τὴν
3463 4071 3643 4150 χάριν.
3704 4071 3803 4124 Διὰ

2160 4165 2314 4214 τοῦτο
2373 4160 2502 4237 πρὸς
2586 4161 2676 4217 τὸν
2760 4155 2999 4236 Ἀϐρααμ
3081 4173 3316 4216 ποιεῖται
3399 4160 3518 4222 τοὺς
3588 4156 3803 4235 λόγους.

2161 4246 2405 4322 Ἐνόμιζε
2461 4248 2558 4325 γὰρ
2608 4247 2821 4325 ἀγνοεῖν
2876 4250 2968 4303 τὸν
3036 4248 3376 4327 πατριάρχην
3434 4248 3497 4302 τὰ
3566 4268 3804 4325 γεγενη-

2158 4332 2312 4406 μένα.
2377 4335 2435 4390 Τί
2489 4333 2578 4390 οὖν
2633 4334 2888 4413 sum“;
2942 4339 3034 4395 οὐκ
3090 4336 3246 4392 εἶπεν
3281 4352 3294 4366 ⁸
3342 4335 3687 4413 ’Λπάνθρωπε
3718 4344 3807 4396 καὶ

2156 4420 2294 4495 ὠμὲ,
2367 4422 2463 4478 οὒκ
2521 4423 2801 4502 αἰσχύνῃ,
2852 4421 3276 4503 ,φιλανθρωπίας
3335 4432 3422 4481 νῦν
3478 4422 3749 4499 μέμνησαι
3790 4471 3808 4495 ,

2163 4508 2299 4566 ἀλλά
2353 4513 2467 4574 πῶς
2496 4529 2511 4583 ;
2568 4512 2785 4574 Τέκνον.
2823 4502 2968 4589 ”Ορα
2997 4502 3246 4588 συμπαθῆ
3274 4514 3360 4569 καὶ
3390 4513 3539 4589 ἁγίαν
3567 4513 3749 4591 ψυχήν
3789 4528 3803 4542 ·

2163 4601 2291 4676 φησὶ
2334 4600 2434 4678 γὰρ
2462 4600 2551 4657 καί
2592 4622 2671 4663 τις
2720 4602 2906 4680 σοφός,
2944 4617 2958 4631 ⁸
3007 4601 3205 4681 Ψυχὴν
3234 4600 3683 4675 τεταπειδομένην
3726 4601 3809 4675 μὴ

2162 4684 2548 4765 προσταράξῃς,
2605 4689 2702 4745 Διά
2758 4689 2914 4746 τοῦτο
2968 4691 3056 4747 καὶ
3117 4690 3296 4765 αὐτὸς,
3356 4689 3564 4760 τέκνον,
3620 4689 3803 4769 φησὶν,

2164 4775 2520 4849 αἰνιττόμενος
2580 4774 2663 4833 διὰ
2704 4778 2913 4857 τούτου,
2972 4776 3052 4833 ὅτι
3086 4777 3212 4857 ἄχρι
3253 4769 3440 4835 τούτου
3483 4775 3619 4834 ἐστὶν
3662 4776 3808 4851 αὗτῷ

2162 4864 2197 4931 ἡ
2243 4861 2444 4929 ἐξουσία
2498 4872 2593 4921 τοῦ
2633 4866 2907 4941 ’ὀνομάσαι
2965 4866 3119 4923 αὐτὸν
3207 4866 3372 4929 οὕτως
3427 4865 3645 4944 ἱλαρῶς,
3704 4886 3809 4922 πε-

2160 4951 2383 5031 ραιτέρω
2443 4950 2495 5007 δὲ
2568 4950 2776 5016 οὐδενὸς
2819 4953 3132 5026 ἒξευσιάζει.
3180 4957 3253 5013 Οὗ
3305 4954 3420 5034 ἔχω
3472 4955 3658 5010 τούτου
3718 4976 3805 5010 σοι

2160 5038 2503 5119 μεταδίδωμι,
2550 5045 2851 5117 σδμπαθοῦς
2914 5044 3116 5122 φωνῆς,
3160 5047 3220 5100 τό
3291 5042 3344 5099 δὲ
3402 5043 3632 5101 ἐντεῦθεν
3682 5044 3804 5100 ἔχει

2158 5126 2490 5210 μεταϐαίνειν
2532 5129 2626 5186 οὒκ
2665 5131 2923 5210 ἡμέτερον
2958 5151 2970 5165 ·
3043 5132 3284 5200 ἐκλείσθη
3346 5134 3445 5213 γὰρ
3487 5134 3552 5189 τὰ
3608 5134 3803 5194 πάντα.

2162 5218 2259 5276 Καὶ
2302 5217 2364 5272 σὺ
2394 5218 2493 5293 μὲν
2552 5214 2816 5282 ἀπέλαϐες
2860 5220 2926 5275 τὰ
2981 5220 3149 5299 ἀγαθά
3208 5243 3324 5301 σου,
3371 5220 3577 5287 ἐκεῖνος
3626 5220 3681 5278 δὲ
3733 5222 3801 5277 τά

2157 5306 2319 5368 κακά.
2385 5308 2532 5371 Τίνος
2590 5304 2644 5362 δὲ
2702 5305 2878 5364 ἕνεκεν
2935 5314 3028 5369 οὐκ
3084 5310 3262 5384 εἶπεν,
3320 5307 3594 5391 ’¹Ελα6ες,
3652 5307 3797 5384 ἀλλ’,

2156 5392 2496 5475 Ἀπὲλαϐεςς
2544 5399 2615 5453 Τὸ
2659 5397 2758 5474 γὰρ
2805 5396 3098 5479 ἀπολαϐεῖν
3155 5398 3240 5456 ἰπὶ
3296 5405 3400 5455 τῶν
3458 5398 3796 5479 ὑποδεχομέ-

2158 5506 2260 5539 νων
2314 5484 2447 5564 ἅπερ
2482 5473 2918 5571 -ἐχρεωστοῦντο,
2977 5486 3151 5566 λέγειν
3228 5488 3505 5555 εἰώθαμεν.
3582 5473 3660 5546 Τί*
3697 5473 3797 5546 ⁷οὖν

2157 5562 2487 5650 μανθάνομεν
2516 5562 2725 5649 ;7Ἷ”οτι
2807 5562 2915 5630 κᾶν.
2956 5562 3137 5656 μιαροί
3210 5598 3349 5639 τινες
3402 5581 3535 5652 εἶεν,
3579 5578 3675 5635 κᾶν
3719 5578 3791 5640 εἷς

2155 5663 2386 5742 ἔσχατον
2444 5668 2629 5726 κακίας
2711 5661 3056 5740 ὶληλακότες,
3144 5664 3403 5729 πολλάκις
3474 5670 3527 5724 ἓν
3586 5690 3634 5725 τι
3704 5666 3791 5722 καὶ
