4132 6278
1091 355 1532 419 EXAHRATIU
1583 358 1658 418 ΙΝ
1721 354 2003 417 EVANGI

2092 353 2224 414 [UM
2281 355 2517 418 LUC/E.
2560 391 2634 402 —
2676 361 2842 422 CAP.
2873 363 3033 424 XVI.
3652 364 3769 427 973

371 483 462 544 δύο
517 488 824 566 εἰργάσαντο
887 489 1076 564 ἀγαθά.
1134 479 1300 546 ’Ὅθεν
1366 493 1446 546 ιιαὶ
1504 492 1658 556 αὐτὸς
1726 489 1871 570 ἔχων
1917 509 2003 542 τινι

2117 503 2218 544 rus
2246 487 2421 549 tttala.
2451 488 2738 552 Fortassis
2759 493 2920 556 enim
2939 503 2998 554 et
3017 494 3120 556 ille
3147 515 3329 556 unum
3357 498 3446 559 vel
3468 498 3586 559 duo
3611 501 3765 562 mala

371 574 543 650 ἀγαθὰ
585 574 668 632 διὰ
699 581 798 643 τῆς
829 575 880 631 ἐν
924 575 1058 650 τῷδε
1100 585 1178 651 τῷ
1221 578 1319 654 βίῳ
1373 577 1655 657 εὖημερίας
1715 581 1814 646 τὴν
1859 578 2003 653 ἀμοιι

2119 575 2520 660 commiserat,
2546 585 2603 639 et
2621 590 2933 659 propterea
2955 582 3222 644 dolorem
3245 583 3408 646 illum
3431 585 3759 660 sustinens,

368 659 472 729 δην
526 663 826 738 δεξάμενος,
904 663 1198 723 ἀπολαϐεῖν
1280 669 1443 723 ταῦτα
1502 666 1714 746 λέγεται
1751 681 1766 697 ’
1835 667 2001 742 ὁμοίω

2115 659 2367 752 dignam
2384 664 2552 725 factis
2577 668 2914 730 mercedem
2952 673 3197 752 recepit.
3223 670 3392 736 Unde
3414 659 3766 737 consolatio-

366 750 425 806 δὲ
485 755 570 809 καὶ
623 757 650 810 6
705 755 939 833 Λάζαρος
1001 756 1068 810 τὰ
1109 756 1272 817 κακά.
1335 747 1501 818 "toto;
1533 758 1630 835 γὰρ
1671 757 1760 813 καὶ
1795 755 2000 819 οὗτοςὲ

2113 765 2250 811 nem
2279 750 2456 813 habet
2486 753 2608 826 ille,
2645 765 2702 816 tu
2736 775 2868 818 vero
2898 747 3204 824 cruciaris.
3231 759 3412 822 Porro
3446 763 3642 825 hiatus
3674 765 3760 825 si-

366 839 746 898 r"?t
1047 843 1644 899 κ
1828 844 1962 900 τι

394 879 407 908 ι
454 861 540 897 ουο
599 865 708 920 ε;ργ
753 865 878 900 σατο
933 865 1094 914 κακα,
1144 865 1229 900 και
1306 867 1359 900 ια
1402 867 1497 910 τη,
1559 859 1769 913 οουνης,
1827 868 1890 912 ης
1966 868 2003 898 ν‹

2113 837 2353 914 gniﬁcat
2400 841 2736 905 distantiam
2797 855 2854 907 et
2900 847 3299 912 differentiam
3349 851 3643 928 justorum
3705 863 3760 916 et

365 933 532 988 ταῦθα
589 931 892 1006 ὑπέμεινεν,
956 931 1190 989 ἀπέλαϐε
1257 935 1354 1002 τὴν
1413 932 1557 998 ἀξίαν
1612 931 1844 1008 ἀμοιϐὴν
1906 934 2003 990 τού

2119 940 2523 1002 peccatorum.
2549 929 2694 992 Nam
2730 934 2883 996 sicut
2914 936 3243 999 voluntates
3273 958 3476 1000 eorum
3501 940 3760 1004 diversae

363 1042 496 1080 των,
563 1023 657 1077 Διὸ
705 1021 1060 1098 παρακλεϊται
1113 1023 1209 1097 μὲν
1258 1025 1432 1094 οὗτος,
1468 1021 1710 1082 ὀδυνᾶσαι
1744 1021 1797 1078 δὲ
1843 1023 1926 1084 σύ.
1962 1032 2002 1080 Τ

2114 1012 2461 1090 fuerunt,ita
2496 1028 2554 1079 et
2585 1021 2922 1085 mansiones
2955 1025 3201 1087 multum
3237 1026 3397 1089 inter
3425 1047 3489 1089 se
3513 1028 3753 1103 distant,

363 1106 422 1163 δὲ
480 1111 669 1186 χάσμα
725 1109 888 1176 δηλοῖ
920 1112 1016 1178 τὴν
1080 1118 1177 1166 τῶν
1235 1109 1448 1168 δικαίων
1508 1113 1637 1189 πρὸς
1697 1111 1817 1174 τοὺς
1851 1113 2003 1185 ἅιμαρ⁴

2114 1119 2471 1184 unoquoque
2505 1109 2828 1188 recipiente
2857 1129 2928 1172 ea
2950 1132 3081 1193 quae
3103 1114 3218 1174 vita
3258 1126 3314 1176 et
3340 1119 3614 1180 voluntati
3635 1137 3757 1181 suae

363 1195 568 1259 τωλοὺς
627 1197 899 1255 διάστασιν
941 1201 1027 1256 καὶ
1085 1197 1359 1280 διαφοράν.
1425 1190 1642 1278 ’Ὥσπερ
1697 1200 1795 1277 γὰρ
1842 1201 1931 1255 καὶ
1979 1223 2003 1256 α

2113 1203 2471 1286 congruunt.
2508 1194 2770 1259 Observa
2798 1190 2996 1262 autem
3030 1203 3142 1263 hoc
3173 1203 3302 1264 loco
3328 1213 3532 1266 contra
3552 1206 3755 1286 Orige—

363 1286 703 1364 προαιρέσεις
795 1293 964 1346 αὐτῶν
1049 1285 1288 1367 διάφοροι
1371 1289 1531 1362 ἦσαν,
1614 1286 1750 1344 οὕτω
1817 1289 1902 1343 καὶ
1975 1312 2003 1344 α

2113 1278 2292 1374 nistas
2341 1283 2611 1346 dicentes
2655 1289 2811 1365 quod
2867 1299 3099 1370 tempus
3147 1293 3260 1354 erit
3308 1313 3427 1374 quo
3474 1274 3758 1358 ﬁnieniur

362 1377 524 1448 μοναὶ
573 1375 779 1444 πολλὴν
855 1378 956 1444 τὴν
1025 1376 1318 1433 ἀπόστασιν
1373 1376 1616 1456 ἔχουσιν,
1695 1377 1918 1434 ἑκάστου
1960 1379 2003 1433 τέ

2111 1367 2428 1463 impiorum
2465 1375 2775 1452 supplicia,
2812 1385 2868 1438 et
2889 1367 3232 1457 peccatores
3258 1367 3391 1442 cu-m
3417 1383 3592 1463 justis
3615 1403 3756 1445 con-

361 1463 680 1532 κατάλληλα
731 1473 795 1520 τὶ.
859 1465 1161 1545 προαιρέσει
1233 1467 1319 1522 καὶ
1401 1472 1477 1539 τῷ
1545 1468 1643 1543 βίῳ
1700 1463 2003 1540 ἀπολαμϐα-

2100 1456 2446 1535 jungeutur,
2471 1463 2631 1522 etsic
2653 1464 2854 1525 omnia
2877 1456 2936 1526 in
2962 1469 3240 1529 omnibus
3267 1456 3571 1532 eritljeus.
3599 1473 3752 1534 Ecce

362 1575 571 1618 νοντος.
623 1555 934 1628 Σημείωσαι
995 1551 1049 1609 δὲ
1096 1553 1327 1612 ἐντεῦθεν
1382 1555 1616 1633 πόρισμά
1647 1576 1695 1610 τι
1738 1555 1874 1611 κατὰ
1916 1559 2003 1610 τῶ·

2106 1547 2269 1640 enim
2285 1547 2558 1640 audimus
2581 1551 2882 1614 Abraham
2917 1555 3213 1618 dicentem
3236 1559 3392 1638 quod
3427 1560 3484 1620 hi
3511 1561 3610 1640 qui
3646 1581 3748 1622 vo-

363 1642 777 1719 ἰὲριγενιαστῶν
836 1641 1126 1720 λεγόντων,
1175 1641 1256 1698 ὅτι
1299 1643 1452 1706 τέλος
1499 1643 1734 1724 ἐχούσης
1793 1649 1890 1710 τῆς
1924 1666 2003 1699 κο·

2103 1634 2230 1694 lunt
2255 1636 2392 1697 hinc
2413 1638 2484 1698 ad
2506 1657 2634 1712 vos,
2663 1641 2751 1701 vel
2770 1641 2933 1704 illinc
2957 1644 3028 1704 ad
3056 1663 3162 1704 nos
3184 1634 3583 1721 transiremdn
3609 1666 3748 1728 pos-

360 1730 574 1794 λασεως
607 1731 751 1788 ἕσται
809 1733 1016 1809 καιρὸς,
1085 1731 1171 1790 δα
1230 1734 1276 1789 οἱ
1327 1723 1635 1812 ἁμαρτωλοὶ
1667 1733 1998 1802 ἐνωθήσοντα

2104 1723 2238 1783 sint.
2277 1724 2441 1786 Sicut
2471 1726 2649 1805 igitur
2672 1729 3042 1809 impossibile
3071 1741 3161 1794 est
3189 1753 3258 1795 ex
3291 1723 3746 1816 martsionejus-

361 1833 481 1884 τοῖς
528 1819 771 1898 δικαίοις,
833 1822 920 1876 καὶ
977 1826 1053 1894 τῷ
1112 1827 1252 1894 Θεῷ,
1311 1823 1400 1877 καὶ
1463 1821 1629 1884 οὕτως
1675 1821 1739 1876 τὰ
1767 1822 1936 1876 πάντα
1966 1821 2003 1877 ἐε

2107 1818 2298 1904 torum
2331 1817 2668 1904 quempiam
2712 1820 2964 1882 transire
3008 1819 3068 1882 in
3114 1821 3310 1884 locum
3344 1834 3742 1904 peccatorum,

361 1916 493 1964 πᾶσι
565 1909 780 1988 γένηται
869 1912 896 1966 6
986 1911 1139 1974 Θεός.
1227 1909 1357 1966 Ἰδοὺ
1427 1911 1525 1988 γὰρ
1591 1911 1848 1985 ἀκούομεν
1928 1917 2003 1968 toi

2105 1899 2180 1959 ita
2204 1900 2572 1982 impossibile
2595 1915 2706 1987 est,
2733 1917 2796 1969 ut
2828 1928 2935 1971 nos
2955 1910 3130 1972 docet
3155 1899 3748 1988 Abraham,transire

375 351 489 414 977

363 1996 608 2075 Ἀβρααμ
666 1997 938 2076 λέγοντος,
1001 1997 1147 2063 ὅπως
1207 2000 1253 2054 οἱ
1304 1997 1617 2075 βουλόμενοι
1676 1999 1816 2056 ἔνθεν
1889 2001 2018 2076 πρὸς

358 2088 520 2160 ὄμᾶς,
581 2087 616 2154 ἢ
659 2087 860 2143 ἐκεῖθεν
917 2085 1160 2154 διαϐῆναι
1219 2089 1352 2165 πρὸς
1406 2091 1549 2162 ἡμᾶς
1601 2088 1680 2163 μὴ
1737 2086 2012 2150 δύνωνται,

361 2167 592 2253 ”ιὶσπερ
643 2176 731 2232 οὖν
776 2175 1029 2232 ἀδύνατον
1089 2177 1149 2233 ἐκ
1204 2182 1302 2245 τῆς
1381 2176 1582 2247 λήξεως
1641 2183 1748 2233 τῶν
1804 2175 2016 2233 δικαίων

357 2263 658 2339 μεταϐῆναί
685 2289 801 2322 τινα
836 2268 907 2327 εἰς
952 2269 1043 2323 τὸν
1072 2268 1232 2323 τόπον
1287 2273 1393 2322 τῶν
1451 2265 1805 2346 ἁμαρτωλῶν,
1851 2266 2017 2329 οὕτως

355 2353 636 2434 ἀδύνατον,
695 2357 836 2429 ἡμᾶς
882 2353 1112 2411 διδάσκει
1186 2353 1448 2434 Ἀϐραὰμ,
1501 2357 1564 2410 τὸ
1620 2351 1914 2430 μεταϐῆναι
1957 2357 2018 2410 ὲκ

355 2451 456 2498 του
499 2444 661 2499 τόπου
694 2448 792 2510 τῆς
837 2443 1109 2507 κολάσεως
1155 2445 1226 2507 εἱς
1271 2447 1361 2500 τὸν
1405 2445 1567 2501 τόπον
1610 2445 1714 2500 τῶν
1775 2441 2013 2510 δικαίων,

359 2528 608 2608 Ἀϐραὰμ
677 2529 731 2587 δέ
815 2531 1239 2611 ἀξιοπιστότερος
1317 2531 1485 2602 δήπου
1559 2531 1880 2612 Ὠριγένους.
1957 2530 2017 2589 Τί

357 2618 416 2674 δέ
463 2623 489 2676 6
547 2620 676 2692 ᾅδης
715 2639 731 2693 ;
778 2624 834 2678 Oi
880 2621 978 2696 μὲν
1021 2620 1176 2677 αὐτόν
1219 2644 1344 2700 φασι
1388 2627 1570 2701 χῶρον
1608 2622 1854 2699 ὑπόγειον
1884 2643 2012 2678 σκο-

360 2712 556 2781 τεινὸν,
619 2712 663 2766 0"
717 2710 770 2764 δὲ
827 2710 920 2778 τὴν
978 2710 1083 2766 ἀπὸ
1144 2717 1234 2766 τοῦ
1284 2710 1547 2790 ἐμφανοῦς
1599 2712 1670 2774 εἷς
1713 2711 1774 2765 τὸ
1823 2709 2017 2789 ἀφανὲς

356 2800 447 2854 καὶ
479 2795 643 2862 ἀειδὲς
675 2798 996 2872 μετάστασιν
1026 2803 1123 2865 τῆς
1168 2803 1352 2879 ψυχῆς
1383 2798 1516 2871 ᾅδην
1551 2798 1770 2879 ἔφασαν,
1833 2794 2016 2878 ’Ἄχρι

357 2888 458 2958 μὶν
521 2888 618 2963 γαρ
661 2889 715 2941 ἒν
747 2887 953 2960 σώματί
981 2887 1122 2942 ἐστιν
1158 2889 1192 2955 ἡ
1251 2889 1430 2967 ψυχὴ,
1477 2888 1709 2968 φαίνεται
1767 2884 1851 2943 διὰ
1907 2889 2012 2942 τῶν

357 2975 566 3030 οἶκείων
625 2981 922 3054 ἐνεργειῶν,
985 2982 1287 3036 μεταστᾶσα
1343 2975 1396 3031 δὲ
1451 2984 1541 3033 τοῦ
1598 2976 1842 3050 σώματος
1893 2975 2010 3028 ἀει-

357 3061 454 3127 δτά
517 3065 712 3140 γίνεται
749 3081 761 3093 '

2102 2005 2135 2082 a
2166 1989 2303 2082 loco
2323 2010 2512 2082 pinnas
2557 1993 2617 2055 in
2669 1995 2862 2058 locum
2889 1997 3213 2078 justorum.
3249 2000 3572 2082 Abraham,
3603 2021 3746 2065 sane

2102 2077 2218 2166 ﬁde
2249 2078 2485 2156 dignior
2513 2091 2624 2158 est,
2657 2103 2834 2164 quam
2879 2077 3186 2166 Origenes.
3235 2087 3388 2160 Quid
3428 2077 3624 2154 autem
3658 2103 3748 2155 est

2101 2165 2660 2241 infernusYQuidam
2686 2173 2888 2236 dicunt
2911 2165 3043 2238 esse
3065 2177 3260 2238 locum
3289 2177 3742 2243 subterraneum

2103 2257 2508 2322 tenebrosum.
2543 2260 2661 2321 Alii
2689 2272 2888 2324 autem
2921 2264 3230 2326 transitum
3255 2266 3472 2330 animae
3491 2286 3526 2329 a
3547 2268 3744 2331 lucido

2099 2341 2158 2402 in
2219 2343 2538 2406 obscurum
2599 2357 2657 2410 et
2712 2350 3096 2414 tenebrosum
3163 2354 3369 2415 dicunt
3417 2355 3742 2420 infernum.

2101 2429 2372 2501 Quandiu
2401 2435 2543 2494 420
2573 2437 2733 2527 enim
2767 2439 3104 2521 incorpore
3135 2450 3226 2504 est
3254 2443 3474 2518 anima,
3497 2456 3746 2527 apparet

2105 2530 2345 2600 propter
2373 2525 2753 2604 operationes
2776 2546 2912 2589 suas
2942 2550 2954 2587 :
2991 2539 3299 2611 postquam
3332 2543 3532 2594 autem
3563 2525 3597 2594 ὁ.
3617 2553 3744 2596 cor-

2103 2619 2247 2688 pore
2269 2613 2992 2691 emigraverit,invisibilis
3019 2618 3238 2681 ﬁtJ-loc
3267 2618 3445 2700 igitur
3469 2620 3746 2685 dixerunt

2103 2713 2235 2758 esse
2266 2700 2591 2762 infernum.
2629 2703 2808 2766 Sinus
2839 2714 3037 2767 autem
3070 2708 3323 2770 Abralm
3352 2716 3564 2770 vocant
3593 2730 3746 2772 con-

2106 2789 2410 2850 tinentiam
2445 2789 2737 2854 bonorum
2770 2813 2902 2874 quae
2948 2798 3206 2875 reposita
3235 2805 3371 2858 sunt
3413 2797 3614 2876 justis,
3648 2802 3746 2880 qui

2100 2895 2133 2936 a
2165 2886 2515 2956 tempestate
2547 2881 2726 2961 hujus
2773 2883 2954 2945 maris
3002 2885 3419 2964 ingrediuntur
3449 2887 3506 2946 in
3542 2898 3747 2964 portus

2097 2966 2408 3028 caelestes:
2443 2972 2723 3048 quoniam
2773 2981 2832 3031 et
2876 2971 2939 3033 in
2988 2973 3133 3033 mari
3179 2974 3344 3034 sinus
3372 2975 3744 3055 appellamus

823 3072 974 3120 τοῦτο
1043 3071 1166 3140 γοῦν
1224 3063 1418 3144 ἔφασαν
1495 3065 1637 3120 εἶναι
1698 3066 1787 3119 τὸν
1847 3061 2003 3136 ᾅδην.

2095 3053 2222 3144 lora
2255 3055 2540 3134 portubus
2567 3066 2624 3117 et
2653 3058 2838 3138 quieti
2870 3069 3024 3140 apta.
3078 3061 3334 3122 Attende
3365 3053 3468 3122 hic
3491 3063 3646 3143 quod
3679 3063 3741 3124 in

362 3151 598 3216 Κόλπους
657 3150 711 3206 δὲ
768 3151 1029 3231 ’Λϐραάμ,
1111 3154 1206 3221 τὴν
1277 3176 1542 3233 περιοχην
1618 3160 1722 3210 τῶν
1797 3151 2003 3228 ἀεαθὼν

2094 3143 2192 3233 die
2231 3145 2330 3205 illo
2361 3147 2458 3225 qui
2497 3145 2678 3206 alium
2729 3147 2947 3228 injuria
2993 3150 3213 3220 aﬁ'ecit,
3268 3142 3742 3230 videbitinjuria

359 3246 463 3294 τῶν
542 3241 906 3297 ἀποκειμένων
950 3256 1068 3304 τοτς
1124 3240 1363 3322 δικαίοις,
1410 3257 1529 3306 τοῖς
1581 3241 1686 3297 ἀπὸ
1728 3240 1894 3312 ζάλης
1936 3242 2007 3304 εἰς

358 3326 573 3400 λιμένας
630 3333 1018 3399 καταντήσασιν
1077 3333 1364 3409 οὖρανίους.
1432 3330 1582 3388 Ἐπεὶ
1642 3332 1730 3388 καὶ
1801 3329 1853 3385 ὲν
1911 3331 2007 3384 θα-

354 3416 529 3494 λάσσῃ
585 3418 816 3482 κόλπους
874 3421 1126 3494 εἰώθαμεν
1208 3419 1393 3476 καλεῖν
1479 3421 1597 3485 τοὺς
1655 3414 2009 3492 λιμενοειδετς

2093 3232 2370 3294 aﬁ‘ectum
2402 3233 2462 3294 in
2497 3234 2654 3315 quali
2705 3237 2896 3314 gloria
2930 3237 3027 3319 sit,
3063 3249 3120 3300 et
3169 3239 3266 3300 hic
3319 3238 3534 3299 iterum
3567 3238 3736 3302 illum

2093 3323 2149 3381 in
2182 3331 2400 3401 quanta
2428 3324 2980 3388 condemnatione':
3034 3327 3185 3389 sicut
3233 3327 3344 3388 hoc
3397 3329 3524 3387 loco
3575 3327 3740 3390 dives

2094 3418 2393 3484 Lazarum,
2433 3418 2493 3473 et
2522 3412 2779 3475 Lazarus
2809 3414 3076 3478 divitem.

353 3511 442 3562 καὶ
474 3509 890 3574 ἀναπαυτηοίους
922 3510 1137 3573 τόπους.
1171 3510 1477 3584 Σημείωσαι
1509 3507 1564 3564 δὲ
1593 3511 1682 3567 καὶ
1712 3510 1891 3577 τοῦτο,
1927 3505 2009 3560 ὅτι
2039 3503 2092 3559 ἐν
2120 3509 2188 3577 τῇ
2218 3503 2390 3580 ἡμέρα
2438 3503 2612 3578 ἐκείνῃ
2644 3507 2671 3558 ὁ
2703 3503 2895 3559 ἀδικῶν
2943 3508 3034 3562 τὸν
3063 3504 3400 3581 ἀδικούμενον
3438 3506 3650 3580 ὄψεται,
3683 3505 3737 3561 ὲν

351 3602 480 3667 ποία
509 3595 630 3674 δόξῃ
657 3573 787 3670 ἐστέ,
819 3600 906 3654 καὶ
933 3598 1078 3660 οὗτος
1111 3600 1175 3655 αὖ
1209 3598 1414 3655 ἐκεῖνον
1447 3597 1500 3655 ἐν
1531 3599 1652 3670 ποίᾳ
1685 3597 2016 3675 κατακρίσει,
2049 3593 2227 3668 ὥσπερ
2270 3592 2490 3649 ἐνταυθα
2520 3595 2548 3647 6
2579 3592 2830 3659 πλούσιος
2863 3597 2952 3652 τὸν
2986 3597 3243 3672 Λάζαρον,
3277 3597 3363 3651 καὶ
3395 3597 3545 3658 οὗτος
3575 3594 3736 3650 πάλιν

350 3688 443 3742 τὸν
470 3685 742 3745 πλούσιον.

439 3799 461 3829 α
501 3775 640 3832 Εἶπε
695 3774 750 3831 δέ
782 3793 796 3808 ⁶
859 3775 1074 3855 Ἐρωτῶ
1118 3777 1207 3841 οὖν
1250 3799 1329 3856 σε,
1381 3777 1566 3855 πάτερ,
1627 3778 1719 3832 ’ἕνα
1779 3777 2002 3853 πέμψῃς

351 3866 505 3920 αὺτὸν
556 3865 628 3927 εἰς
672 3866 763 3932 τὸν
809 3865 964 3922 οἷκον
1008 3875 1099 3923 τοῦ
1143 3867 1336 3943 πατρός
1380 3887 1482 3941 μου
1516 3881 1528 3894 ·
1567 3865 1684 3945 ’έχω
1718 3867 1816 3944 γὰρ
1847 3866 2003 3922 πέντε

345 3951 629 4031 ἀδελφοὺς,
690 3952 835 4017 ὅπως
885 3953 1300 4032 διαμαρτύρηται
1360 3959 1572 4033 αὐτοῖς,
1635 3954 1728 4010 ἵνα
1784 3963 1863 4029 μη
1919 3946 2006 4010 καὶ

353 4041 498 4098 αὖτοὶ
558 4040 776 4099 ἔλθωσιν
825 4044 897 4106 εἰς
968 4044 1059 4098 τὸν
1114 4043 1278 4100 τόπον
1354 4050 1541 4102 τοῦτον
1598 4049 1694 4110 τῆς
1749 4043 2001 4120 βασάνου.

354 4130 518 4206 Λέγει
564 4134 703 4206 αὐτῷ
747 4129 988 4209 Ἀϐραάμ
1022 4147 1035 4160 ⁸
1095 4130 1341 4210 ’Ἔχουσι
1382 4130 1573 4187 Μωσέα
1617 4133 1702 4188 καὶ
1728 4131 1848 4196 τοὺς
1881 4154 2004 4208 προ-

344 4222 547 4298 φήτας,
607 4221 983 4279 ἀκουσάτωσαν
1044 4222 1235 4277 αὐτῶν.
1318 4211 1374 4277 Ὀ
1449 4219 1503 4275 δὲ
1579 4220 1731 4276 εἶπεν
1767 4235 1780 4249 '
1839 4219 1996 4300 Οδχὶ,

346 4310 514 4386 πάτερ
575 4307 836 4388 Ἀϐραὰμ,
894 4306 1014 4364 ἀλλ’
1089 4309 1180 4364 ἐὰν
1267 4331 1342 4372 τις
1403 4310 1462 4367 ἐκ
1522 4314 1717 4386 νεγρῶν
1775 4313 2000 4389 πορευθῇ

351 4399 484 4475 πρὸς
547 4400 755 4466 αὖτοὺς,
832 4401 1266 4472 μετανοήσουσιν.
1341 4399 1480 4457 Eine
1552 4397 1605 4454 δὶ
1685 4400 1827 4471 ἀὒτῲ
1862 4413 1874 4425 ⁸
1941 4399 1997 4454 Εἰ

2171 3771 2349 3830 Vens.
2379 3771 2452 3830 Ἦ
2485 3773 2582 3832 3t.
2617 3799 2642 3826 «ι
2681 3773 2774 3836 Ait
2802 3780 2995 3834 autem
3024 3793 3037 3834 :
3074 3771 3232 3852 Rogo
3260 3790 3402 3852 ergo
3426 3781 3506 3850 te,
3541 3779 3731 3850 pater.

2091 3865 2152 3918 ut
2187 3858 2389 3919 mittas
2420 3876 2554 3918 eum
2580 3859 2639 3920 in
2672 3859 2914 3922 domum
2950 3862 3132 3941 patris
3164 3861 3320 3923 mei:
3356 3858 3544 3921 habeo
3569 3858 3729 3921 enim

2089 3947 2350 4027 quinque
2379 3948 2591 4010 fratres
2627 3992 2639 4005 .
2688 3958 2752 4011 ut
2790 3959 3042 4013 testetur
3069 3951 3211 4025 illis,
3246 3969 3322 4010 ne
3366 3957 3425 4010 et
3475 3947 3592 4028 ipsi
3623 3965 3730 4009 ve-

2093 4035 2254 4093 niant
2283 4038 2342 4095 in
2377 4036 2532 4097 hunc
2562 4037 2756 4099 locum
2788 4040 3100 4100 cruciatus.
3137 4040 3230 4100 Ait
3263 4039 3346 4099 illi
3378 4036 3674 4098 Abraham
3711 4054 3725 4098 :

2089 4121 2318 4184 Habent
2349 4127 2549 4187 Mosen
2581 4145 2650 4186 ac
2683 4129 3019 4207 prophetas,
3058 4129 3298 4188 audiant
3330 4127 3484 4188 illos.
3520 4126 3596 4186 At
3625 4124 3729 4187 ille

2085 4211 2230 4271 dixit
2257 4232 2271 4272 :
2307 4210 2456 4285 Non,
2483 4223 2646 4293 pater
2667 4215 2998 4292 Abraham,
3023 4217 3127 4278 sed
3154 4223 3200 4276 si
3227 4216 3358 4296 quis
3383 4235 3450 4275 ex
3475 4214 3729 4276 mortuis

2085 4299 2220 4359 ierit
2247 4299 2318 4359 ad
2352 4318 2480 4374 eos,
2511 4303 2869 4382 resipiscent
2923 4305 3018 4365 Ait
3044 4312 3238 4366 autem
3273 4303 3357 4364 illi
3393 4324 3404 4360 :
3440 4301 3503 4362 Si
3524 4301 3724 4363 Mosen

2081 4395 2138 4446 et
2173 4389 2486 4467 praphetas
2518 4409 2633 4450 non
2658 4393 3134 4473 audiunt,neque
3154 4394 3200 4454 si
3225 4391 3358 4473 quis
3380 4411 3450 4452 ex
3477 4390 3724 4452 mortuis

347 4485 581 4550 Μωσέως
643 4490 729 4543 καὶ
815 4494 919 4544 τῶν
979 4493 1263 4565 προφητῶν
1334 4491 1426 4546 οὐκ
1506 4487 1804 4564 ἀκούουσιν,
1879 4484 1994 4542 οὒδὲ

2092 4480 2400 4540 resurrexit
2422 4479 2821 4542 credent.»De
2847 4481 3024 4542 rebus
3050 4481 3172 4542 suis
3193 4481 3518 4561 deSperans
3543 4479 3726 4540 miser

341 4577 434 4632 ὲάν
485 4598 561 4640 τις
606 4575 664 4630 ἐκ
708 4578 902 4654 νεκροῦν
975 4576 1198 4655 ἀναστῇ,
1255 4579 1651 4645 πεισθήσονται,
1717 4601 1742 4630 n
1821 4575 1994 4632 Ἀπο-

346 4667 530 4744 τυχὼν
583 4671 688 4720 τῶν
746 4662 861 4721 καθ’
922 4665 1103 4720 ἑαυτὸν
1161 4669 1189 4721 6
1247 4665 1472 4731 ἐλεεινὸς
1536 4665 1810 4739 πλούσιος,
1867 4665 1996 4743 ὑπὲρ

345 4755 536 4829 ἑτέρων
592 4753 762 4820 τίθησι
824 4753 922 4819 τὴν
982 4754 1270 4833 ἱκετηρίαν,
1334 4745 1482 4833 ΗΟρα
1560 4759 1672 4816 πῶς
1727 4755 1828 4810 ὑπὸ
1897 4753 1994 4819 τῆς

350 4841 624 4905 κολάσεως
684 4844 757 4904 εἰς
796 4842 1131 4908 συναίσθησιν
1189 4841 1337 4917 ἦλθε,
1385 4845 1471 4899 καὶ
1527 4845 1553 4899 6
1613 4849 1703 4899 τοῦ
1762 4842 1998 4918 Λαζάρου

341 4933 467 5007 πρὶν
560 4936 901 5010 καταφρονῶν
972 4929 1025 4984 ἐν
1113 4933 1232 4986 ποσὶ
1299 4931 1564 5006 κειμένου,
1641 4938 1727 4986 νῦν
1803 4930 1996 4999 ἑτέρων

346 5019 594 5076 ἀπόντων
639 5019 921 5100 φροντίζει,
954 5020 1040 5075 καὶ
1070 5018 1370 5094 παρακαλεῖ
1399 5024 1702 5100 πεμφθῆναι
1752 5019 1839 5074 τὸν
1885 5019 1993 5074 Ai-

342 5118 500 5185 ζαρον
533 5109 592 5164 ἐκ
622 5115 726 5164 τῶν
759 5113 956 5186 νεκρῶν
987 5108 1058 5168 εἷς
1107 5109 1197 5163 τὸν
1251 5109 1404 5164 οἷκον
1436 5115 1527 5164 τοῦ
1571 5109 1768 5186 πατρὸς
1813 5106 1992 5168 αὐτοῦ.

347 5199 447 5254 Καὶ
493 5197 594 5276 οὔχ
642 5196 826 5259 ἁπλῶς
883 5194 973 5250 ἕνα
1010 5202 1113 5252 τῶν
1165 5203 1386 5275 νεκρῶν,
1432 5195 1567 5253 ἀλλὰ
1609 5199 1698 5253 τὸν
1736 5193 1992 5273 Λάζαρον,

342 5282 495 5348 ὅπως
557 5284 742 5342 ἴδωσιν
797 5285 952 5342 αὐτὸν
1014 5285 1406 5364 στεφανωθέντα
1483 5286 1570 5341 καὶ
1625 5285 1678 5341 ἐν
1732 5281 1854 5360 δόξῃ
1909 5284 1996 5340 καὶ

341 5376 511 5451 ζιγείᾳ,
545 5377 592 5430 οἱ
635 5371 828 5437 ἰδόντες
875 5374 1030 5431 αὖτόν
1087 5373 1140 5428 ἐν
1186 5372 1465 5452 ἀρρωστίᾳ,
1525 5377 1610 5430 καὶ
1641 5374 1847 5450 ἀτιμίᾳ,
1897 5373 1992 5429 καὶ

347 5467 393 5521 οἱ
453 5464 731 5541 γενόμενοι
787 5463 1041 5542 μάρτνξες
1085 5468 1183 5529 τῆς
1235 5463 1431 5546 πενίας,
1468 5465 1649 5543 αὐτοῦ,
1707 5464 1850 5521 αὐτοὶ
1907 5460 1992 5516 καὶ

341 5557 441 5619 τῆς
500 5550 654 5618 δόξης
716 5551 976 5630 γένωνται
1033 5553 1233 5613 θεαταί,
1311 5547 1580 5630 Πρόδηλον
1659 5551 1757 5629 γὰρ
1807 5552 1881 5612 ὡς
1929 5545 1991 5604 ’ἐν

2079 4567 2176 4628 ille
2207 4566 2370 4631 dives
2394 4587 2502 4648 pro
2533 4567 2664 4630 aliis
2692 4570 3010 4650 supplicat.
3040 4568 3190 4632 Vide
3207 4579 3398 4631 autem
3423 4568 3724 4649 quomodo

2077 4660 2133 4718 in
2164 4659 2475 4739 suppliciis
2507 4675 2746 4719 sensum
2777 4659 2988 4721 alienae
3038 4658 3402 4721 infelicitatis
3439 4657 3618 4736 capit.
3653 4656 3723 4718 Et

2079 4748 2237 4828 prius
2271 4749 2551 4809 Lazarum
2587 4747 2953 4826 despiciebat
2999 4755 3136 4810 ante
3184 4749 3366 4829 pedes
3389 4748 3718 4827 jacentem,

2079 4855 2236 4900 nunc
2265 4837 2516 4897 aliorum
2547 4834 2880 4897 absentium
2915 4855 3114 4899 curam
3141 4835 3321 4918 gerit,
3356 4847 3417 4899 et
3446 4835 3724 4896 obsecrat

2081 4932 2140 4986 ut
2173 4927 2418 4986 Lazarus
2451 4943 2517 4985 ex
2544 4925 2791 4984 mortuis
2821 4925 2879 4986 iu
2918 4927 3156 4988 domum
3189 4925 3372 5007 patris
3401 4925 3492 4986 sui
3518 4922 3719 4983 mitta-

2076 5021 2191 5075 tur.
2229 5013 2295 5074 Et
2327 5032 2440 5073 non
2482 5008 2832 5091 simpliciter
2863 5033 2934 5076 ex
2979 5016 3226 5077 mortuis
3257 5014 3579 5096 quispiam,
3611 5011 3717 5073 sed

2080 5104 2350 5182 Lazarus,
2387 5110 2448 5161 ut
2494 5101 2732 5162 videant
2763 5120 2898 5163 eum
2947 5113 3288 5166 coronatum
3341 5113 3399 5164 et
3447 5099 3632 5179 gloria
3661 5106 3720 5161 et

2078 5191 2501 5260 incolumitate,
2535 5189 2635 5268 qui
2665 5189 2934 5253 viderant
2963 5207 3100 5254 ante
3131 5193 3431 5254 inﬁrmum
3483 5201 3543 5251 et
3571 5208 3714 5250 con-

2077 5289 2400 5360 templum:
2429 5289 2489 5341 et
2517 5278 2619 5358 qui
2649 5287 2831 5340 testes
2851 5280 3086 5341 fuerunt
3117 5281 3476 5363 paupertatis
3505 5277 3715 5359 ipsius,

2077 5368 2186 5450 ipsi
2202 5371 2373 5429 etiam
2394 5368 2596 5446 glorize
2611 5369 2754 5432 ﬁant
2769 5371 3540 5450 spectatoresManifestum
3558 5371 3712 5432 enim

2078 5467 2183 5519 est.
2213 5457 2367 5537 quod
2397 5459 2453 5518 in
2479 5457 2667 5537 gloria
2684 5459 2798 5521 illis
2818 5469 2974 5522 essvt
3005 5462 3480 5542 conspiciendus,
3505 5459 3554 5522 si
3578 5460 3716 5542 qui-

2078 5546 2210 5607 dem
2234 5548 2427 5625 ipsum
2450 5547 2565 5608 ﬁde
2592 5547 2831 5630 dignum
2859 5569 3190 5630 prazconem
3224 5568 3358 5613 esse
3380 5550 3713 5632 oportebat.

341 5640 463 5717 δόξῃ
529 5641 748 5715 ἔμελλεν
809 5643 990 5703 αὖτοτς
1055 5640 1402 5720 ἒπιφανῆναι,
1483 5639 1598 5718 εἴγε
1688 5631 1988 5704 ἆξῑδπιστδν

2092 5633 2222 5707 Ibid
2287 5633 2466 5713 igitur
2524 5637 2867 5701 Abraham?
2891 5638 3126 5703 Habent
3182 5631 3588 5705 Mose'nfNou
3637 5640 3717 5702 ita
