4126 6282
462 364 583 442 983

1443 370 2033 445 THEOPHYLACTI
2080 372 2486 437 BULGAlil/E
2533 377 2884 439 ARCHIEP.

3759 359 3892 429 984

466 509 554 573 im
575 518 877 592 perquam
911 514 1245 584 veniuntdd
1269 520 1383 594 est,
1403 514 1491 574 llli
1523 513 1622 594 qui
1651 526 1719 574 ea
1739 511 1896 584 facit,
1918 507 2111 591 quale:

2206 528 2295 594 τος
2356 508 2441 563 καὶ
2496 507 2593 575 τῆς
2636 506 2885 574 ἀληθείας
2932 511 3201 584 εὑρεθῆναι,
3237 526 3250 542 ,
3288 508 3428 576 πλὴν
3461 471 3745 563 ἀλγοώαὶ
3814 504 3898 569 τῷ

468 607 608 660 sunt
625 601 935 683 Pharisaei,
961 604 1060 677 qui
1083 596 1393 665 offendunt
1415 611 1472 665 et
1493 601 1811 683 prohibent
1837 598 2126 679 praedica-

469 689 815 769 tionem.(a)
848 692 923 752 At
949 691 1221 771 plerique
1244 691 1665 754 addubitanles
1688 696 2124 770 qumant,num

470 782 717 839 necesse
743 778 843 851 sit,
871 781 1146 841 eveniant
1172 780 1473 852 scandala,
1504 778 2126 860 qumpraedicationem

470 884 715 947 prorsus
744 867 887 928 413
918 869 1272 949 impediunt.
1317 868 1511 941 Quare
1539 868 1719 948 igitur
1740 868 2125 941 condemnas,

472 955 747 1032 Domine,
772 965 830 1018 et
862 959 1116 1019 miseros
1147 957 1299 1019 dicis
1323 976 1426 1020 eos
1450 958 1549 1038 qui
1578 956 1855 1018 scandala
1880 952 2128 1015 faciunt?

473 1059 542 1105 ex
573 1045 926 1107 necessitate
957 1046 1115 1107 enim
1165 1046 1310 1107 tales
1341 1046 1479 1108 facti
1510 1054 1667 1106 sunt.
1708 1045 1901 1107 Omne
1930 1052 2122 1103 autem

472 1134 627 1213 quod
665 1134 1095 1208 necessarium,
1125 1135 1234 1196 hoc
1268 1144 1324 1195 et
1353 1136 1525 1195 venia
1545 1135 1815 1212 dignum.
1844 1131 1959 1192 Sed
1986 1130 2122 1192 audi

470 1221 626 1303 Quod
657 1223 983 1284 necessitas
1004 1224 1106 1284 illa
1120 1243 1189 1285 ex
1217 1225 1516 1284 voluntate
1543 1223 1723 1284 habet
1743 1221 1975 1281 initium
2002 1241 2017 1293 ;
2041 1226 2118 1280 et.

471 1317 536 1371 ut
566 1310 914 1392 explicatius
933 1312 1151 1383 dicam,
1176 1313 1464 1374 Dominus
1494 1311 1699 1372 videns
1722 1310 1999 1371 malitiam
2020 1308 2126 1368 ho-

472 1398 699 1461 minum
736 1400 833 1481 qui
861 1409 999 1462 tunc
1023 1411 1192 1464 erant
1220 1423 1232 1460 :
1270 1401 1441 1483 proni
1475 1401 1634 1462 enim
1658 1407 1831 1460 erant
1864 1398 1921 1458 in
1947 1415 2124 1456 omne

473 1486 716 1567 malum,
741 1489 1009 1570 nihilque
1042 1489 1177 1551 boni
1211 1490 1553 1568 eligebant:
1585 1488 1728 1551 dicit
1757 1488 1910 1566 quod
1943 1504 2126 1566 quan-

2208 593 2277 650 δι⁹
2334 599 2395 650 οὗ
2437 596 2709 676 ἔρχονται,
2744 604 2820 671 τῷ
2862 598 3063 675 ἐργάτῃ
3094 599 3319 670 τούτων,
3354 598 3463 654 οἶοι
3497 600 3545 651 οἱ
3574 602 3897 670 Φαρισαῖοι

2210 684 2660 766 σκανδαλίζοντες,
2718 688 2806 743 καὶ
2874 685 3170 751 κωλύοντες
3246 689 3307 743 τὸ
3365 690 3634 764 κηρυγμα.
3699 678 3897 736 ’.λλλᾶ

2209 783 2426 846 ζητοῦσι
2484 775 2675 834 πολλοὶ
2730 777 3142 856 ἐπαποροῦντες,
3201 780 3243 833 εἰ
3303 778 3508 855 ἀνάγκη
3567 773 3756 830 ἐλθε“ν
3822 769 3896 824 τά

2212 863 2501 938 σκάνδαλα,
2531 868 2618 921 καὶ
2660 864 2910 923 ἀδύνατον
2940 867 3016 941 μὴ
3059 864 3437 940 ἐμποδισθῆναι
3498 866 3558 919 τὸ
3583 864 3890 938 κήρυγμα,

2212 951 2295 1009 δια
2339 956 2388 1009 τί
2444 953 2632 1011 λοιπὸν
2676 956 3026 1031 κατακρίνεις,
3085 956 3130 1010 ὦ
3188 944 3363 1033 Κύριε,
3433 955 3520 1010 καὶ
3570 950 3895 1018 ταλανίζεκ

2210 1046 2332 1105 τοὺς
2388 1045 2494 1098 τῶν
2539 1041 2844 1098 σκανδάλων
2896 1042 3119 1120 ἐργάτας
3157 1042 3253 1114 ;ἐξ
3303 1043 3540 1119 ἀνάγκης
3578 1042 3676 1117 γὰρ
3744 1036 3889 1113 ἐγέ-

2212 1153 2361 1187 νοντο
2418 1141 2673 1212 τοιοῦτοι,
2732 1138 2838 1187 πᾶν
2894 1130 2946 1187 δὲ
3003 1132 3063 1188 τὸ
3138 1131 3522 1208 ἀναγκαστικὸν
3582 1130 3668 1183 καὶ
3729 1148 3886 1201 συγ-

2208 1220 2467 1296 γνωστόν,
2528 1219 2675 1277 Ἀλλ’
2726 1218 2882 1277 ἄκουε
2928 1220 3008 1276 ὅτι
3052 1223 3085 1288 ἡ
3150 1221 3355 1299 ἀνάγκη
3400 1220 3533 1285 αὕτη
3564 1217 3623 1274 ἐκ
3666 1237 3885 1293 προίει⁹

2207 1309 2401 1386 ρὲσεως
2454 1310 2570 1389 ἔχει
2628 1310 2723 1376 τὴν
2778 1310 2979 1388 ἀρχὴν,
3043 1308 3164 1365 οἶόν
3234 1331 3285 1365 τι
3343 1307 3504 1386 λέγω,
3581 1310 3609 1363 6
3673 1306 3888 1381 Κύριος

2208 1402 2344 1475 ὁρῶν
2396 1402 2494 1465 τὴν
2554 1399 2807 1475 πονηρίαν
2863 1405 2968 1454 τῶν
3027 1399 3148 1455 τότε
3204 1398 3513 1476 ἀνθρώπων,
3568 1395 3654 1452 καὶ
3713 1394 3885 1454 ὅπως

2207 1486 2468 1564 ἒγκεινται
2523 1489 2611 1543 ἐπὶ
2666 1489 2727 1542 τὸ
2776 1489 3029 1556 πονηρὸν,
3077 1488 3166 1544 καὶ
3210 1485 3355 1544 οὗδὲν
3398 1485 3606 1561 ἀγαθῶν
3668 1504 3885 1560 προαιο

472 1583 596 1637 tum
628 1576 700 1636 ad
734 1579 1218 1659 consequentiam
1251 1597 1457 1641 eorum
1511 1596 1642 1659 quae
1682 1577 1974 1649 videntur,
2011 1594 2111 1634 ne-

2205 1582 2437 1653 ροῦνται,
2500 1576 2679 1655 εἶπεν,
2744 1575 2824 1631 ὅτι
2881 1576 3005 1633 ὅσον
3061 1576 3167 1631 ἀπὸ
3224 1575 3318 1643 τῆς
3392 1573 3693 1659 ἀκολουθίας
3755 1572 3880 1627 τῶν

472 1679 642 1725 casse
673 1666 750 1725 sit
777 1652 979 1728 venire
1000 1668 1299 1730 scandala.
1325 1652 1547 1729 Malitia
1572 1666 1748 1742 igitur
1767 1662 1860 1724 cui
1885 1663 2111 1723 student

2205 1652 2488 1741 δρωμένων
2520 1652 2727 1742 ἀναγκη
2767 1667 2904 1721 ἐστὶν
2949 1663 3122 1721 ἐλθεῖν
3163 1665 3229 1720 τά
3287 1660 3573 1719 σκάνδαλα.
3641 1652 3702 1716 Ἠ
3766 1660 3879 1734 μὲν

474 1752 768 1827 homines,
803 1773 871 1817 ex
903 1756 1204 1817 voluntate
1246 1765 1357 1817 est.
1393 1755 1671 1836 Operatio
1699 1762 1892 1815 autem
1924 1752 2111 1833 ol'fen-

2204 1753 2293 1809 οὗν
2348 1754 2595 1832 πονηρία,
2668 1754 2735 1821 ἢν
2794 1752 3171 1821 ἐπετηδεύοντο
3213 1755 3260 1809 οἱ
3324 1751 3611 1831 ἅνθρωποι,
3645 1750 3705 1805 ἐκ
3734 1772 3877 1827 προ-

473 1840 803 1908 diCulorum
839 1846 1179 1906 necessario
1227 1845 1511 1906 malitiam
1559 1844 1877 1905 comitatur
1907 1857 1919 1902 :
1955 1848 2011 1900 et
2043 1840 2111 1901 ita

2204 1842 2479 1921 αιρέσεως,
2517 1844 2548 1909 ἡ
2596 1839 2651 1897 δὲ
2700 1849 2805 1899 τῶν
2860 1840 3165 1899 σκανδάλων
3222 1841 3437 1920 ἐργασία
3494 1839 3552 1895 ἐκ
3608 1839 3705 1905 τῆς
3754 1859 3875 1893 πο-

473 1940 718 2010 propter
744 1932 857 1994 hoc
886 1941 947 1994 et
977 1934 1263 2015 puniendi
1297 1940 1435 1995 sunt
1464 1931 1877 1995 scandalorum
1909 1938 2115 1990 aucto-

470 2023 591 2082 τῶ.
626 2020 700 2082 Ει
745 2038 859 2098 age
886 2021 1153 2083 dicamus
1186 2021 1483 2103 exempla.
1523 2019 1741 2083 Videns
1781 2017 2116 2099 quempiam

473 2108 742 2171 medicus
788 2111 998 2171 malam
1053 2112 1286 2172 diaetam
1335 2127 1569 2173 servare
1621 2117 1677 2170 et
1726 2105 2116 2168 insatiabilem

473 2204 631 2271 esse,
669 2198 813 2259 dicit
840 2219 855 2259 :
892 2200 1305 2262 Necessarium
1332 2206 1421 2260 est
1443 2199 1608 2259 illum
1634 2206 1939 2276 aegrotare.
1968 2196 2118 2255 Num

474 2287 653 2364 igitur
682 2286 927 2348 morbus
970 2288 1391 2349 necessarius?
1442 2287 1657 2361 Etiam,
1705 2294 2000 2364 quatenus
2047 2282 2116 2342 ad

475 2374 645 2435 malm
676 2376 866 2437 dime
905 2378 1413 2439 consecutionem.
1441 2378 1762 2456 Propterea
1791 2391 1874 2433 vae
1898 2372 1992 2434 his
2020 2371 2117 2448 qui

477 2462 964 2541 praedicationem
997 2465 1356 2545 impediunt,
1383 2483 1452 2526 eo
1472 2464 1629 2545 quod
1663 2464 1721 2524 in
1750 2470 1964 2523 tantam
1988 2478 2118 2539 per-

477 2560 761 2612 venerunt
792 2551 1100 2626 malitiam,
1137 2561 1199 2612 ut
1232 2552 1407 2613 etiam
1465 2551 1804 2613 net-essario
1851 2548 2120 2609 eveniant

474 2641 777 2701 scandala.
810 2641 887 2703 Et
920 2643 1226 2723 expediret
1259 2642 1443 2722 magis
1493 2642 1713 2702 homini
1760 2638 2033 2699 srandala
2062 2647 2120 2699 et

474 2729 835 2793 offendicula
863 2731 1101 2793 facienti
1140 2732 1353 2792 molam
1388 2732 1701 2793 asinariam
1729 2732 1788 2790 in
1815 2726 1965 2788 collo
1991 2728 2120 2805 ejus

472 2818 759 2899 appendi,
791 2828 849 2880 et
880 2820 1092 2899 pxojici
1127 2838 1263 2881 eum
1300 2821 1359 2881 in
1396 2838 1579 2892 mare,
1627 2837 1801 2900 quam
1834 2834 2015 2877 unum
2048 2833 2113 2877 ex

473 2905 706 2986 pusillis
726 2908 999 2970 fidelibus
1024 2908 1419 2971 scandalizari
1444 2917 1501 2969 et
1522 2908 1780 2970 subverti
1830 2905 1970 2968 ldeo
1993 2924 2116 2964 mu-

470 2994 559 3055 nit
588 2995 913 3077 discipulos
944 3017 1108 3078 suos,
1143 3007 1200 3059 et
1230 2998 1413 3061 dicit:
1447 2999 1662 3061 Cavete
1712 2996 1899 3057 vobis.
1935 2994 2112 3065 Ecce,

470 3083 685 3165 inquit,
708 3067 966 3166 praedico
998 3067 1165 3148 vobis
1195 3087 1352 3167 quod
1386 3087 1625 3147 venient
1659 3087 1831 3165 mala,
1865 3082 2111 3144 inexcu-

2198 3086 2387 3158 θητάς,
2450 3086 2537 3140 καί
2586 3067 2765 3163 quc-rt"

466 3173 686 3236 sabiles
707 3175 1286 3238 estis.Necessarium
1311 3176 1470 3237 enim
1508 3192 1569 3237 ut
1597 3176 1834 3238 veniant
1866 3179 2113 3251 illa,nun

473 3279 718 3325 necesse
746 3272 940 3324 autem
979 3282 1080 3324 vos
1126 3267 1342 3344 perire,
1394 3265 1440 3325 si
1477 3264 1717 3344 quidem
1750 3266 2115 3328 muniveritis

469 3360 529 3413 et
558 3352 932 3413 armaveritis
963 3370 1086 3412 vos.
1135 3352 1548 3414 Necessarium
1588 3354 1743 3414 enim
1777 3362 1868 3415 est
1912 3354 2116 3415 venire

471 3440 703 3520 lupum,
738 3442 840 3501 sed
872 3440 919 3501 si
944 3441 1269 3520 vigilaverit
1292 3449 1507 3521 pastor,
1550 3460 1585 3501 ῃ
1630 3461 1666 3502 ιι
1712 3443 2111 3504 necessarium

468 3536 559 3590 est
609 3528 805 3608 perire
850 3545 1010 3599 oves,
1063 3529 1165 3590 sed
1218 3529 1392 3609 lupus
1441 3531 1658 3591 frustra
1703 3531 1872 3591 hians
1902 3530 2110 3591 abibit.

466 3615 626 3679 Dixit
655 3617 834 3696 igitur
864 3618 988 3679 haec
1008 3618 1084 3678 de
1107 3617 1203 3678 his
1229 3618 1331 3698 qui
1361 3619 1693 3693 offendunt,
1728 3622 1840 3681 hoc
1871 3631 1981 3698 est,
2005 3621 2113 3680 im-

467 3705 713 3786 pediunt
741 3714 797 3765 et
828 3705 1063 3768 docent.
1098 3705 1386 3777 Quoniam
1424 3714 1619 3768 autem
1657 3707 1853 3769 multa:
1902 3710 2110 3769 horum

462 3792 867 3855 diﬂ'erentiie:
917 3812 1050 3855 nam
1098 3794 1198 3854 alii
1243 3795 1481 3876 quidem
1533 3805 1668 3855 sunt
1718 3796 2106 3875 incurabiles,

463 3882 667 3963 quales
698 3882 1000 3961 Pharisaei,
1036 3882 1133 3943 alii
1159 3902 1296 3943 vero
1319 3882 1644 3957 sanabiles,
1669 3886 1876 3964 quales
1897 3885 2107 3946 fratres

450 3970 700 4034 Domini
732 3989 875 4049 erga
925 3970 1237 4034 Dominum
1271 3972 1463 4052 ipsum
1502 3991 1515 4035 :
1569 3992 1700 4033 nam
1754 3992 1948 4054 neque
1994 3974 2104 4051 ipsi

459 4059 857 4122 credebantin
885 4077 1050 4121 eum:
1081 4062 1218 4139 quia
1240 4062 1419 4139 igitur
1443 4063 1639 4123 multa:
1658 4063 2101 4141 impedientium

458 4149 830 4222 diﬂ'erentiaa,
866 4148 1189 4211 verisimile
1241 4151 1416 4211 etiam
1465 4153 1748 4231 quosdam
1797 4152 1897 4232 qui
1943 4152 2100 4213 idem

456 4238 725 4319 credant,
750 4238 895 4299 tales
918 4257 1052 4300 esse
1080 4289 1095 4319 ,
1130 4248 1191 4301 et
1219 4249 1528 4319 propterea
1564 4240 1709 4302 dicit
1729 4241 1840 4319 {Si
1882 4259 2093 4320 pecca-

454 4326 601 4388 verit
630 4328 690 4387 in
723 4334 782 4389 te
811 4326 993 4388 frater
1018 4334 1174 4401 tuus,
1199 4346 1385 4406 argue»
1404 4346 1538 4389 eum
1566 4336 1626 4389 tu
1641 4330 1823 4403 solus,
1842 4339 1898 4390 et
1923 4348 2093 4389 seor-
2120 4365 2161 4414 υ

452 4435 622 4477 sum:
662 4423 721 4477 et
749 4415 1045 4496 siquidem
1081 4416 1336 4477 audierit
1372 4425 1450 4490 te,
1486 4417 1746 4479 lucratus
1784 4437 1847 4479 cs
1878 4418 2041 4478 illum
2080 4437 2094 4479 ;

450 4504 541 4567 εἰη
577 4504 797 4580 minus,
824 4503 1030 4584 accipe
1065 4512 1257 4567 tecum
1292 4525 1473 4566 unum
1509 4506 1595 4567 vel
1626 4506 1795 4581 duos,
1831 4516 1943 4569 etc.
1972 4526 2101 4587 quae

450 4594 566 4654 late
599 4596 843 4673 exponit
880 4593 1193 4656 Matthaeus
1229 4615 1241 4651 :
1300 4592 1485 4655 Lucas
1532 4605 1725 4656 autem
1774 4604 1835 4655 ut
1879 4596 2033 4656 dicta
2069 4616 2100 4655 τι

450 4673 725 4755 Matthteo
756 4673 992 4735 silentio
1025 4673 1333 4755 praeteriit.
1364 4677 1569 4755 Itaque
1594 4676 1690 4750 qui
1722 4675 1976 4736 audierit
2003 4676 2101 4735 in-

449 4752 889 4834 crepationem,
919 4752 1088 4834 venia
1119 4752 1332 4834 dignus
1354 4766 1443 4815 est
1461 4752 1606 4834 {qui
1632 4766 1826 4815 autem
1861 4774 1976 4815 non
2004 4774 2101 4815 au-

444 4831 645 4914 dierit,
675 4831 752 4914 sit
783 4831 890 4893 tibi
915 4833 1074 4893 velut
1093 4832 1367 4893 ethnicus
1390 4841 1448 4896 et
1471 4831 1965 4914 publicanus,hoc
1987 4843 2094 4907 est,

443 4910 518 4993 ab
555 4910 834 4993 omnibus
880 4919 1274 4993 contemptus,
1325 4920 1383 4973 et
1433 4910 1706 4993 indignus
1755 4922 1812 4973 ut
1859 4927 2100 4975 vocetur

439 4989 645 5074 frater.
686 4990 891 5074 Postea
936 4989 1137 5074 quasi'
1162 4993 1482 5074 interroget
1509 4992 1821 5074 quispiam
1859 5014 1871 5053 :
1924 4994 2091 5074 Esto,

438 5067 717 5156 Domine,
744 5072 867 5133 haec
899 5067 1139 5156 quidem
1162 5069 1316 5156 bene
1336 5067 1592 5156 dixeris:
1628 5067 1677 5133 si
1705 5081 1899 5134 autem
1932 5067 2087 5156 swpe

439 5151 667 5233 feniam
702 5160 1060 5233 consecutus
1095 5151 1291 5233 fuerit,
1328 5161 1386 5233 et
1416 5153 1642 5233 iterum
1682 5162 1917 5225 noceat,
1944 5151 2083 5233 quid

434 5229 768 5311 faciendum
802 5231 907 5292 ei?
937 5230 1119 5311 dicit:
1158 5229 1220 5311 Si
1248 5229 1542 5311 resipiscit
1574 5232 1811 5311 iterum,
1845 5229 2085 5311 remitte

435 5309 515 5370 ei.
536 5309 607 5371 Et
636 5312 851 5391 iterum
882 5328 895 5373 :
932 5309 995 5373 Si
1025 5310 1246 5391 septies
1268 5311 1326 5371 in
1359 5300 1461 5391 die
1488 5300 1815 5391 peccaverii
1845 5322 1902 5373 et
1931 5309 2081 5375 cen-

2196 5300 2324 5357 τάλιν
2380 5300 2617 5377 βλάπτῃ,
2664 5301 2713 5357 τί
2754 5302 3007 5369 ποιητέον
3038 5304 3180 5375 αὒτῷ
3212 5322 3227 5381 ;
3263 5305 3421 5382 φησίν
3452 5318 3465 5333 ·

2203 1932 2384 2007 νηρίας
2445 1931 2745 2008 ἀναγκαίως
2808 1930 3260 2004 ἐπηκολούθησεν,
3347 1930 3482 1987 ὥστε
3540 1927 3625 1984 διὰ
3707 1935 3877 1984 τιῦτο

2201 2022 2290 2075 καὶ
2346 2019 2626 2075 κολαστέοι
2668 2021 2715 2075 οἱ
2762 2024 2867 2076 τῶν
2926 2019 3235 2076 σκανδάλων
3279 2019 3517 2097 ἐργάται.
3572 2008 3690 2096 ⁹ιὶς,
3737 2016 3870 2096 φέρε

2203 2110 2375 2165 sinet:
2430 2109 2516 2165 ὶπὶ
2558 2107 2962 2185 ὑποδείγματος.
3024 2112 3199 2187 ἱατρὸς
3258 2112 3392 2187 ἱρῶν
3459 2129 3577 2163 τινα
3634 2110 3868 2185 μοχθη-

2204 2205 2307 2275 ρῶς
2379 2195 2751 2275 διαιτώμενον,
2813 2200 2901 2254 καὶ
2962 2197 3232 2269 ἀπληστίᾳ
3296 2197 3596 2274 χρώμενον,
3656 2194 3804 2251 εἴποι
3845 2210 3859 2221 ⁶

2205 2285 2527 2363 Ἀναγκαϊόν
2585 2285 2697 2342 ἐστι
2758 2293 2942 2344 τοῦτον
3004 2292 3249 2354 νοσῆσαι.
3311 2281 3422 2363 Ἆρ’
3479 2286 3567 2340 οὖν
3622 2286 3657 2350 ἡ
3702 2285 3861 2345 νόσος

2203 2374 2463 2450 ἀναγκαία
2497 2393 2512 2449 ;
2549 2377 2667 2449 Ναὶ,
2720 2375 2844 2431 ὅσον
2877 2376 2980 2432 ἀπὸ
3011 2382 3110 2442 τῆς
3165 2375 3475 2437 ἀκολουθίας
3505 2379 3603 2438 τῆς
3635 2377 3859 2452 μοχθη-

2203 2469 2292 2539 ρᾶς
2335 2461 2559 2529 διαίτης.
2628 2464 2722 2519 Διά
2799 2472 2952 2520 τοῦτο
3025 2466 3139 2521 οὖαὶ
3211 2464 3333 2528 τοῖς
3394 2461 3724 2536 ἐμποδίζουσι
3778 2467 3860 2533 τῷ

2202 2552 2524 2630 κηρύγματι,
2579 2549 2711 2608 διότι
2772 2553 2844 2617 εἰς
2901 2553 3151 2610 τοσοῦτον
3232 2554 3416 2615 κακίας
3473 2550 3653 2619 ἦλθον,
3716 2551 3852 2606 ὥστε

2200 2640 2437 2717 ἀνάγκην
2497 2640 2737 2718 γενέσθαι
2792 2652 2885 2701 τοῦ
2941 2642 3114 2699 ἐλθεῖν
3142 2644 3208 2698 τα
3262 2639 3527 2698 σκάνδαλα
3609 2640 3705 2695 Καὶ
3753 2640 3851 2714 γὰρ

2203 2728 2452 2809 συμφέρει
2516 2737 2593 2803 τῷ
2675 2730 2932 2808 ἀνθρώπῳ
3012 2737 3090 2803 τῷ
3148 2729 3410 2787 σκάνδαλα
3487 2729 3568 2784 καὶ
3620 2725 3845 2801 ἐμπόδια

2201 2825 2436 2874 ποιοῦντι
2514 2817 2680 2887 μύλον
2764 2820 2937 2875 ὀνικὸν
3025 2824 3386 2894 περιτεθῆναι,
3460 2818 3544 2872 καὶ
3587 2814 3837 2891 βληθῆναι

2203 2909 2274 2971 εἷς
2332 2908 2427 2973 τὴν
2477 2905 2769 2987 θάλασσαν,
2828 2907 2864 2975 ἣ
2909 2907 2998 2963 ἕνα
3055 2916 3159 2963 τῶν
3191 2909 3393 2985 μικρῶν
3452 2912 3650 2962 πιστῶν
3680 2925 3839 2958 σκαν-

2200 2994 2407 3051 δαλίσαι
2460 2998 2547 3052 καὶ
2606 3002 2938 3074 περιτρέψαι.
3008 2997 3099 3051 Διὰ
3170 2994 3506 3076 ἀσφαλίζεται
3564 2994 3684 3057 τοὺς
3735 3012 3830 3064 μα-

2833 3085 3131 3164 Προσεχετε
3191 3086 3418 3147 ἑαυτοῖς.
3495 3082 3649 3160 Ἰδοὺ,
3698 3083 3833 3159 ⁸ρῃσὶ,

2197 3172 2446 3251 προλέγω
2495 3176 2644 3248 ὑμῖν,
2681 3174 2759 3229 ὅτι
2794 3173 2901 3239 ἥξει
2948 3176 3011 3229 τὰ
3063 3176 3223 3244 κακα,
3258 3171 3652 3248 ἀναπολόγητοί
3704 3174 3838 3229 ἐστε.

2201 3262 2438 3339 Ἀνάγκη
2472 3264 2569 3336 μὲν
2629 3264 2727 3339 γὰρ
2791 3262 2930 3328 ἥξειν
2982 3264 3185 3333 ἐκεῖνα,
3248 3262 3342 3317 οὔκ
3392 3262 3598 3337 ἀνάγκη
3628 3258 3682 3314 δὲ
3712 3260 3841 3332 ὑμᾶς

2197 3349 2510 3423 ἀπολέσθαι,
2572 3350 2688 3428 εἴγε
2757 3350 3097 3429 ἀσφαλίζεσθε
3175 3350 3387 3412 ἑαυτοὺς
3444 3348 3531 3404 καὶ
3591 3345 3841 3429 καθοπλί-

2196 3448 2333 3510 ζετε.
2400 3438 2633 3517 Ἀνάγκη
2708 3440 2805 3513 μὲν
2862 3441 2961 3517 γὰρ
3031 3441 3119 3494 τὸν
3178 3437 3337 3495 λύκον
3367 3437 3560 3507 ἐλθεῖν,
3596 3426 3716 3490 ἀλλ’
3758 3433 3843 3489 ἐὰν

2196 3528 2481 3606 ἐγρήγορεν
2544 3531 2571 3583 6
2642 3529 2869 3603 ποιμὴν,
2930 3528 3025 3584 οὒκ
3080 3528 3285 3605 ἀνάγκη
3369 3525 3710 3605 διαφθαρῆναι
3780 3525 3844 3578 τά

2195 3615 2456 3695 πρόϐατα,
2507 3615 2644 3671 ἀλλά
2699 3619 2787 3672 τὸν
2841 3615 2997 3673 λύκον
3059 3617 3235 3692 μάτην
3291 3616 3527 3694 χανόντα
3568 3612 3839 3672 ἀπελθεῖν.

2198 3709 2371 3763 Εἰπὼν
2402 3710 2491 3761 οὖν
2520 3709 2684 3761 ταῦτα
2740 3708 2855 3785 περὶ
2910 3711 3013 3761 τῶν
3071 3704 3517 3776 σκανδαλιζόντων
3576 3706 3663 3759 καὶ
3703 3701 3837 3778 βλα-

2883 3793 3294 3871 ὲμποδιζόντων,
3392 3792 3579 3860 ἐπειδὴ
3650 3791 3839 3848 πολλαὶ

2844 3902 2853 3912 ’
2897 3885 3071 3957 οἱμὲν
3102 3885 3200 3960 γάρ
3259 3885 3387 3938 εἰσιν
3443 3882 3668 3953 ἀνίατοι,
3722 3884 3834 3935 οἷον

2197 3796 2459 3865 πτόντων,
2530 3796 2796 3851 τουτέστιν

2191 3882 2431 3964 διαφοραί
2473 3886 2571 3939 εἶσι
2598 3884 2796 3939 τούτων

2190 3976 2239 4029 σὶ
2295 3980 2602 4051 Φαρισαῖοι,
2662 3975 2708 4028 οἱ
2758 3970 2811 4026 δὲ
2866 3972 3089 4045 ἰάσιμοι,
3126 3972 3236 4027 οἶοι
3268 3975 3312 4027 οἱ
3342 3978 3430 4027 τοῦ
3476 3970 3660 4047 κυρίου
3689 3968 3831 4024 ἀδελ-

2189 4064 2274 4142 (poi
2331 4064 2461 4137 πρὸς
2520 4062 2674 4117 αὑτὸν
2731 4063 2821 4115 τὸν
2882 4062 3093 4139 Κύριον,
3154 4060 3267 4118 οῦδὲ
3346 4062 3443 4137 γάρ
3500 4062 3644 4117 αὑτοὶ
3716 4058 3833 4113 ἐπί-

2187 4171 2369 4206 στευον
2399 4152 2470 4215 εἰς
2514 4150 2668 4208 αὐτόν
2707 4165 2719 4178 ⁸
2755 4149 2869 4204 ἐπεὶ
2912 4149 2999 4204 οὖν
3042 4147 3235 4204 πολλαὶ
3290 4146 3529 4225 διαφοραὶ
3572 4154 3677 4203 τῶν
3730 4151 3827 4220 ἐμ-

2182 4237 2503 4309 ποδιζόντων
2538 4256 2549 4268 ·
2616 4239 2752 4301 εἰκὸς
2806 4238 2905 4316 γάρ
2960 4238 3101 4294 εἶναί
3166 4260 3311 4302 τινας
3373 4239 3455 4292 καὶ
3514 4236 3828 4311 ὁμοπίστους

2179 4328 2449 4392 τοιούτους
2478 4343 2490 4356 ·
2526 4326 2612 4382 διὰ
2663 4326 2816 4385 τοῦτό
2883 4349 3042 4405 φησιν
3078 4342 3092 4356 ’
3154 4325 3278 4382 Ἐὰν
3336 4327 3543 4403 ἁμάρτῃ
3580 4327 3652 4387 είς
3702 4325 3758 4379 σὲ
3802 4324 3827 4377 ὁ

2179 4414 2401 4496 ἀδελφός
2460 4437 2573 4487 σου,
2614 4414 2936 4488 ἐπιτίμησον
2998 4418 3138 4490 αὒτῴ
3191 4416 3251 4469 σὺ
3304 4416 3460 4487 μόνος
3512 4412 3629 4470 κατ’
3674 4412 3819 4482 ἰδίαν,

2180 4506 2265 4561 καὶ
2311 4504 2373 4559 ἂν
2418 4504 2515 4578 μὲν
2558 4503 2760 4578 ἀκούσῃ
2805 4524 2923 4575 σου,
2985 4501 3269 4579 ἐκέρδησας
3333 4503 3484 4560 αὐτόν
3521 4520 3533 4531 '
3572 4504 3613 4558 εἰ
3643 4501 3695 4556 δὲ
3728 4503 3825 4575 μὴ,

2182 4591 2454 4671 παράλαϐε
2511 4592 2644 4667 μετά
2702 4615 2794 4649 σου
2850 4591 2942 4648 ἕνα
2998 4593 3032 4659 ἢ
3085 4590 3195 4666 δύο,
3232 4595 3315 4648 καὶ
3372 4592 3491 4657 ἐξης
3530 4612 3541 4625 ·
3603 4592 3701 4648 ὅσα
3732 4592 3826 4667 μὲν

2186 4681 2429 4744 πλατέως
2487 4684 2513 4737 6
2564 4684 2832 4744 Ματθαῒος
2866 4680 3088 4753 ἐξέθετο,
3135 4683 3163 4737 6
3200 4679 3253 4736 ἂς
3300 4688 3498 4740 Λουκᾶς
3559 4679 3825 4758 ττιιρεσιώ⁹

2186 4792 2357 4838 πησεν
2412 4773 2486 4832 ὡς
2542 4776 2620 4843 τῷ
2676 4772 2922 4844 Ματθαίῳ
3005 4770 3247 4848 ῥηθέντα,
3325 4762 3380 4827 ’0
3463 4770 3559 4843 μὲν
3604 4769 3827 4828 ἀκούσας

2182 4866 2287 4915 τῶν
2338 4860 2724 4932 ἐπιτιμήσεων,
2784 4860 3106 4936 συγγνώμης
3164 4857 3330 4937 ἄξιος,
3365 4861 3391 4915 ἑ)
3443 4857 3611 4932 δὲμὴ
3665 4860 3824 4913 ἀκού-

2183 4970 2300 5020 σας,
2348 4947 2486 5003 ἔστω
2515 4969 2597 5003 σοι
2654 4949 2727 5011 ὡς
2774 4950 2801 5003 6
2848 4947 3048 5013 ἐθνικὸς
3097 4948 3183 5003 καὶ
3211 4950 3239 5004 6
3268 4948 3527 5021 τελώνης,
3587 4946 3823 5003 τουτέστι

2178 5035 2481 5116 βδελυκτὸς,
2556 5038 2643 5092 καὶ
2698 5036 2793 5093 οὐκ
2853 5035 2994 5102 ἄξιος
3050 5036 3327 5094 καλεῖσθαι
3378 5036 3621 5117 ἀδελφός.
3688 5037 3822 5093 Εἶτα

2169 5126 2348 5203 ὥσπερ
2392 5125 2630 5189 εἰπόντος
2675 5127 2840 5205 τινὸς,
2875 5125 2957 5181 ὅτι
3017 5124 3237 5199 "lieno,
3286 5128 3465 5198 Κύριε,
3516 5136 3677 5183 ταῦτα
3721 5126 3817 5199 μὲν

2168 5212 2343 5276 καλῶς
2393 5212 2613 5293 διεῖλες,
2673 5213 2764 5270 ἐὰν
2808 5213 2862 5269 δέ
2909 5213 3167 5279 πολλάκις
3214 5215 3535 5292 συγγνώμης
3580 5214 3811 5280 ἀξιωθεὶς

3532 5305 3587 5360 Εἰ
3642 5325 3811 5377 μετα-

431 5406 641 5453 versus
674 5389 873 5465 fuerit,
906 5388 1149 5453 remitte
1192 5389 1268 5452 ei.
1306 5388 1539 5472 Septies
1568 5401 1761 5452 autem
1799 5392 1911 5453 hoc
1941 5394 2079 5453 494

2196 5404 2280 5447 οεῖ
2335 5388 2521 5463 πάλιν,
2554 5389 2681 5471 ἄφες
2710 5392 2870 5466 αὐτῷ.
2902 5393 3001 5450 Καὶ
3030 5391 3188 5448 πάλιν
3226 5409 3237 5421 ·
3277 5392 3382 5451 Κᾶν
3440 5392 3659 5458 ἑπτάκις
3714 5398 3813 5461 τῆς

508 5548 781 5641 (alitem
812 5548 1080 5611 omittit:
1139 5550 1223 5611 At
1261 5552 1539 5641 plerique
1590 5550 2013 5641 adu'ubitantes
2058 5556 2364 5631 quarunt,
2418 5566 2567 5612 num
2622 5566 2867 5613 necesse
2915 5552 2994 5613 sit
3025 5553 3311 5614 eveniant
3340 5552 3656 5626 scandala,
3682 5570 3814 5633 qua

418 5627 928 5707 prbdkationem
969 5645 1222 5708 pronus
1256 5627 1629 5710 impediunt.
