4132 6278
325 365 456 449 985
1066 382 1617 444 ENARBATIOIN
1668 383 2167 445 EVANGELIUI
2225 384 2459 447 LEM}.
2507 421 2582 430 -
2630 389 2788 450 CAP.
2833 391 3009 451 xvn.
3599 378 3716 454 986-

321 519 529 598 ἧμέρας
583 515 902 592 ἐπιστρέψῃ.
979 514 1107 594 ἄφες
1162 516 1328 589 αὐτῷ.
1377 517 1447 574 Τὸ
1519 513 1575 571 δὲ
1619 513 1838 578 ἑπτάκις
1895 513 1960 570 ὲνι

2044 513 2202 576 .loco
2238 533 2342 595 pro
2375 520 2588 599 saepius
2620 521 2873 600 positum
2908 533 3020 599 est;
3042 524 3195 586 sicut
3225 532 3283 586 et
3312 531 3446 586 cum
3472 525 3709 588 dicitur:

322 608 492 666 ταῦθα
573 607 688 664 ἀντὶ
755 605 869 665 τοῦ.
930 603 1192 670 πολλακις
1251 618 1453 679 κεῖται,
1515 604 1696 683 ὥσπερ
1767 605 1855 660 καὶ
1896 604 1957 660 τὸ

2068 604 2296 667 Sterilis
2327 608 2557 688 peperit
2586 610 3087 688 seplcm.Quoties
3105 613 3281 691 igitur
3298 613 3707 693 paenitentiam

330 689 472 755 ’Ὅτι
503 708 689 775 στεῖρα
723 694 900 751 ἔτεκεν
946 694 1099 753 ἑπτά.
1140 685 1352 757 Ὀσάκις
1395 700 1484 751 οὖν
1529 703 1805 772 μετανοεῖ,
1851 715 1960 749 τοσ·

2067 694 2204 770 agit,
2241 685 2419 758 toties.
2461 685 2765 762 remittere
2818 709 3072 780 oportet,
3105 685 3232 763 Non
3287 685 3445 764 enim
3489 704 3711 782 cogites

326 786 542 850 αυτάκις
622 786 766 857 αὐτῷ
821 782 1034 862 ἀφιέναι
1092 781 1195 840 δεῖ.
1262 783 1350 850 Μὴ
1406 785 1506 863 γὰρ
1560 781 1625 850 δὴ
1674 782 1854 856 νόμιζε
1890 781 1960 873 ii":

2066 783 2222 862 quod
2274 784 2560 848 Dominus
2615 797 2791 867 ponat
2839 809 3148 852 numerum
3182 781 3707 873 remissionis,sed

324 877 546 953 ἀριθμὸν
599 875 806 941 τίθησιν
879 875 907 929 ὁ
985 873 1170 952 Κύριος
1225 878 1324 939 τῆς
1377 874 1800 952 συγχωρήσεως,
1855 868 1975 926 ἀλλ’

322 967 456 1044 ὅπερ
532 964 715 1042 εἷπον,
745 964 808 1019 τὸ
839 962 1088 1035 ἑπτάκις,
1119 961 1231 1018 ἀντὶ
1263 971 1378 1035 τοῦ,
1411 960 1701 1029 πολλάκις,
1735 961 1822 1016 καὶ
1851 960 1975 1015 ἀνα-

323 1058 556 1133 ρίθμητα
623 1053 754 1125 νόει,
815 1051 994 1128 ὥσπερ
1064 1052 1152 1106 καὶ
1205 1052 1266 1106 ἒν
1324 1057 1393 1126 τῇ
1426 1051 1636 1120 συνήθει
1669 1048 1850 1125 ὁμιλὶᾳ
1875 1047 1972 1105 λέ-

324 1165 516 1224 γομεν,
574 1138 883 1221 μυρίανδρος
917 1138 1098 1214 πόλις,
1132 1140 1234 1219 οὔχ
1265 1137 1346 1194 ὅτι
1379 1140 1591 1218 μυρίους
1634 1137 1778 1216 ἔχει,
1837 1137 1972 1202 ἴσως

323 1233 425 1310 γὰρ
477 1231 565 1286 καὶ
633 1227 870 1306 πλείους,
927 1225 1050 1310 ἀλλ’
1101 1227 1216 1284 ἀντὶ
1245 1233 1358 1302 τοῦ,
1395 1225 1738 1306 πολύανδρος,
1774 1227 1969 1303 εἰπεῖν,

323 1305 654 1398 μυρίανδρος,
730 1317 926 1398 φαμέν.
991 1305 1122 1374 “Ott
1165 1315 1219 1372 δὲ
1250 1323 1406 1374 τοῦτο
1439 1305 1822 1395 λέγει,δῆλον
1868 1315 1973 1372 ἀπὸ

323 1420 418 1468 τοῦ
477 1408 759 1464 Ματθαίου.
816 1407 968 1464 Ἐκεῖ
1025 1406 1126 1485 γὰρ
1178 1412 1255 1480 τῷ
1312 1404 1495 1484 Πέτρῳ
1547 1403 1768 1462 εἰπόντιο
1820 1399 1969 1483 Ἆρα,

329 1499 501 1576 Κύριε,
564 1496 663 1562 ἕως
715 1495 932 1558 ἑπτάκις
1012 1495 1353 1574 συγχωρήσω
1425 1495 1568 1569 αύτῷ
1640 1513 1658 1574 ;
1735 1494 1902 1550 Εἶπεν
1945 1496 1971 1548 ὁ

324 1587 537 1665 Κύριος¹
614 1585 772 1664 Οὐχὶ,
827 1581 946 1640 ἀλλ’
991 1581 1442 1659 ἑϐδομηκοντάκις
1476 1583 1632 1663 ἑπτὰ,
1677 1580 1762 1638 διὰ
1789 1582 1974 1639 τούτου

323 1678 384 1730 τό
413 1673 766 1747 ἃναρίθιιητον
793 1670 1101 1738 ὕποδηλῶν,

411 1787 438 1821 ε
496 1762 602 1826 Καὶ
669 1763 845 1852 εἶπον.
899 1765 945 1818 οἱ
989 1760 1289 1852 ,ᾇπόστολοι
1315 1851 1320 1852 7
1349 1768 1426 1836 τῷ
1479 1762 1670 1852 Κυρίῳ·
1745 1759 1972 1852 Πρόσθες
2000 1804 2034 1852 Β

2069 891 2172 963 per
2200 877 2422 963 septies
2455 876 2712 956 intellige
2740 879 3044 959 saepius,et
3073 882 3200 942 sine
3230 900 3711 963 numerozquem—

2057 959 2374 1049 admodum
2408 973 2464 1024 et
2505 964 2564 1025 in
2620 966 2890 1028 familiari
2951 969 3246 1049 colloquio
3293 959 3542 1030 dicimus
3601 991 3708 1031 ur-

2057 1044 2191 1107 bem
2224 1049 2430 1110 decem
2466 1051 2864 1128 millium,non
2888 1056 3046 1134 quod
3075 1044 3280 1116 decem
3317 1055 3706 1119 milliaetnon

2059 1134 2259 1212 plures
2288 1137 2445 1198 viros
2474 1139 2687 1201 habeat
2721 1159 2733 1203 :
2771 1161 2902 1202 nam
2947 1143 3216 1205 fortassis
3251 1144 3448 1222 plures
3480 1145 3658 1207 habet
3692 1167 3705 1207 :

2059 1225 2164 1286 sed
2201 1225 2356 1288 idem
2390 1227 2592 1290 dicere
2622 1230 2896 1292 volumus
2927 1250 2994 1292 ac
3035 1233 3085 1293 si
3116 1233 3444 1294 dicerimus
3485 1235 3707 1295 multo-

2055 1331 2186 1374 rum
2221 1314 2501 1379 virorum.
2533 1317 2603 1377 Et
2631 1319 2787 1398 quod
2833 1320 2945 1382 hoc
2999 1320 3157 1382 dicat
3206 1320 3584 1383 manifesmm
3619 1332 3705 1384 est

2056 1421 2126 1464 ex
2160 1402 2589 1468 MatthmoJllic
2622 1409 2779 1468 enim
2812 1427 2946 1470 cum
2982 1410 3223 1472 dixisset
3246 1414 3453 1472 Petrus
3490 1431 3503 1472 :
3542 1414 3703 1472 Nun-

2056 1491 2224 1572 quid,
2259 1492 2530 1566 Domine,
2571 1514 2758 1577 usque
2788 1498 3009 1577 septies
3044 1499 3337 1560 remittam
3365 1500 3416 1560 ei
3457 1501 3550 1560 85?
3580 1499 3702 1562 Do-

2059 1580 2252 1642 minus
2281 1582 2471 1645 dixit:
2508 1583 2658 1660 Non,
2696 1586 2797 1646 sed
2836 1589 3169 1666 septuagies
3201 1589 3442 1668 septies,
3482 1596 3539 1650 et
3599 1609 3706 1668 per

2057 1670 2170 1731 hoc
2196 1671 2651 1734 innumerabilia
2672 1675 2966 1753 designat.

2139 1757 2321 1822 Vnus.
2356 1762 2534 1822 5-10.
2577 1787 2602 1816 α
2637 1761 2706 1821 Ει
2747 1763 3022 1823 dixerunt
3075 1763 3328 1842 apostoli
3394 1762 3645 1826 Domino
3685 1781 3695 1824 :

323 1855 458 1927 ἡμῖν
511 1853 710 1912 πίστιν.
778 1849 914 1908 Εῗπε
984 1847 1037 1906 δὲ
1096 1853 1123 1906 ὁ
1197 1851 1405 1930 Κυρίος⁶
1455 1853 1510 1908 Εἴ
1569 1851 1754 1930 ε’ἰχετε
1796 1849 1960 1905 πίστις¹

2055 1845 2298 1926 Adauge
2330 1847 2503 1909 nobis
2535 1849 2733 1909 fidem.
2771 1852 2928 1912 Dixit
2949 1860 3143 1912 autem
3167 1850 3476 1912 Dominus:
3500 1851 3560 1914 Si
3592 1852 3699 1912 ha-

320 1945 396 2006 ὡς
477 1941 672 1998 κόκκον
765 1940 1061 2013 σϊνάπεως,
1144 1939 1356 2018 ἐλέγετε
1437 1939 1499 1995 ἂν
1566 1945 1635 2016 τῇ
1699 1939 1993 2012 συκαμίνῳ

321 2032 510 2107 ταύτῃο
598 2028 964 2104 Ἐκριζώθητι,
1053 2029 1139 2084 καὶ
1223 2029 1502 2107 φυτεύθητι
1587 2027 1642 2083 ἐν
1720 2026 1788 2102 τῇ
1867 2029 1968 2082 θα-

323 2121 520 2196 λάσσῃ,
578 2120 666 2175 καὶ
719 2117 1017 2185 ὑπήκουσεν
1088 2115 1150 2173 ἐίν
1237 2121 1386 2193 ὅμϊν.
1443 2118 1532 2182 Τίς
1603 2115 1658 2172 δὲ
1714 2115 1767 2182 ἐξ
1821 2118 1969 2189 ὑμῶν

322 2207 504 2266 δοῦλον
565 2208 712 2288 ἔχων
767 2207 1090 2287 ἀροτριῶντα
1138 2205 1173 2274 ἤ
1247 2206 1622 2281 ποιμαίνοντα,
1680 2204 1738 2268 ὅς
1784 2204 1956 2261 εἰσελ-

317 2299 460 2354 θόντι
516 2299 656 2370 αύτῷ
719 2296 778 2352 ἐκ
833 2301 926 2352 τοῦ
982 2297 1144 2374 ἀγροῦ
1214 2296 1349 2374 ἐρεῖ⁶
1431 2295 1635 2354 Εὐθέως
1690 2293 1962 2373 παρελθὼν

317 2387 600 2461 ἀνάπεσαι,
659 2382 778 2442 ἀλλ’
839 2385 962 2462 οὐχὶ
1035 2384 1149 2464 ἐρεῖ
1205 2385 1369 2460 αύτῷ·
1437 2375 1746 2459 Ἑτοίμασον
1775 2383 1826 2440 τί
1850 2382 1962 2438 δει-

317 2477 530 2549 πνήσω,
601 2476 689 2532 καὶ
743 2474 1171 2553 περιζωσάμενος
1226 2472 1454 2530 διακόνει
1500 2495 1613 2553 μοι,
1660 2471 1761 2532 ἕως
1812 2470 1964 2553 φάγω

316 2567 405 2620 καὶ
463 2567 590 2636 πίω,
647 2566 734 2621 καὶ
792 2564 926 2638 μετὰ
981 2563 1146 2619 ταῦτα
1203 2563 1431 2642 φάγεσαι
1487 2564 1576 2619 καὶ
1631 2563 1806 2618 πίεσαι
1857 2562 1959 2637 σύ;

320 2660 410 2720 Μὴ
480 2651 638 2733 χάριν
695 2651 813 2732 ἔχει
838 2656 916 2724 τῷ
945 2649 1113 2723 δούλῳ
1155 2650 1362 2725 ἐκείνῳ,
1395 2650 1476 2707 ὅτι
1508 2650 1726 2717 ἐποίησε
1755 2651 1822 2706 τὰ
1840 2649 1958 2707 δια-ι

316 2742 581 2822 ταχθέντα
644 2740 834 2820 αὖτῷς
894 2740 964 2796 Οὐ
1020 2739 1181 2797 δοκῶ.
1251 2739 1401 2796 Οὕτω
1455 2741 1544 2797 καὶ
1598 2741 1778 2818 ὑμεῖς,
1835 2739 1960 2796 ὅταν

315 2833 589 2901 ποιήσητε
661 2831 832 2886 πάντα
879 2829 944 2888 τὰ
998 2828 1350 2909 διαταχθέντα
1405 2831 1558 2904 ὒμϊν,
1617 2828 1824 2908 λέγετε,
1877 2829 1958 2886 ὅτι

315 2919 563 3000 Ἀχρετοι
620 2917 770 2976 δοῦλο
811 2919 991 2994 ἐσμεν,
1051 2917 1078 2973 ὅ
1111 2918 1404 2998 ὠφείλομεν
1447 2923 1693 2991 ποιῆσαι,
1723 2920 1955 2989 πεποιή-

317 3032 506 3085 καμεν.
591 3032 615 3064 ιι
681 3009 739 3065 Οἱ
793 3005 1082 3064 ἆπόστολοι
1140 3007 1412 3062 ἐπίστευον
1481 3006 1578 3082 μὲν
1628 3014 1704 3080 τῷ
1763 3008 1954 3086 Κυρίῳ,

316 3100 460 3166 πλὴν
508 3100 579 3162 εἷς
640 3098 975 3162 συναίσθησιν
1024 3102 1122 3162 τῆς
1174 3097 1438 3159 ἀσθενείας
1498 3097 1666 3151 αύτῶν
1695 3094 2016 3178 ἐλθόντες,(;

317 3189 407 3244 καὶ
499 3188 814 3251 ἀκούσαντες
885 3185 976 3241 τοῦ
1051 3183 1242 3264 Κυρίου
1316 3185 1434 3264 περὶ
1503 3183 1750 3262 μεγάλων
1801 3191 1957 3242 τινῶν

313 3276 548 3340 εἰπόντος
601 3278 808 3350 αὐτοῖς,
861 3276 948 3332 καὶ
1004 3278 1120 3355 περὶ
1191 3281 1281 3331 τοῦ
1333 3272 1568 3333 κινδύνου
1596 3273 1686 3331 τοῦ
1716 3274 1821 3331 ἀπὸ
1852 3281 1956 3330 τῶν

313 3363 644 3440 σκανδάλων,
698 3363 899 3421 δέονται
957 3366 1030 3428 ὡς
1089 3362 1150 3419 ἄν
1211 3363 1481 3438 πλεονάσῃ
1541 3363 1724 3428 αὐτοῖς
1765 3366 1801 3432 ἡ
1859 3369 1954 3430 τῆς

308 3457 540 3520 πίστεως
593 3453 832 3531 δύναμις,
906 3452 954 3510 δι
1010 3453 1076 3521 ἧς
1146 3451 1460 3522 δυνήσοντατ
1518 3460 1704 3528 ταῦτα,
1739 3451 1772 3508 ἃ
1801 3455 1952 3533 εἷπε,

304 3548 670 3622 κατορθῶσαι,
760 3544 827 3599 τὰ
904 3542 1022 3621 περὶ
1121 3543 1496 3617 ἆκτημοσύνης
1573 3543 1731 3622 φημί.
1796 3540 1954 3600 Ούδὲν

304 3636 410 3712 γὰρ
495 3634 633 3691 οὕτω
675 3637 928 3712 κατορθοῖ
989 3633 1385 3707 ἄκτημοσύνην,
1447 3633 1521 3696 ὡς
1568 3633 1627 3687 τὸ
1679 3638 1952 3688 πιστεῦσαι

303 3724 395 3779 καὶ
447 3721 699 3799 θαῤῥῆσαι
793 3728 928 3796 Θεῷ⁶
1025 3720 1203 3798 ὥσπερ
1260 3717 1406 3778 οὐδὲν
1462 3718 1600 3776 οὕτω
1652 3733 1804 3776 ποιεῖ
1855 3723 1954 3786 θηο

303 3811 586 3889 σαυρίζειν,
636 3812 710 3873 ὡς
765 3810 828 3866 τὸ
883 3810 961 3885 μή
1020 3810 1309 3879 πιστεύειν,
1371 3806 1452 3864 ὅτι
1505 3807 1673 3886 μέγας
1700 3809 1892 3897 ταμίας
1924 3811 1952 3866 δ

302 3901 462 3972 Θεὸς,
513 3900 598 3955 καὶ
654 3911 875 3974 ταμεῖον
905 3897 1171 3954 ἂκένωτον
1199 3900 1233 3964 ἡ
1274 3896 1538 3974 ἆγαθότης
1595 3901 1772 3956 αὺτοῦ.
1821 3896 1952 3954 ’ίΕτι

299 4008 362 4044 τε
413 3987 501 4044 καὶ
557 3988 686 4063 πρὸς
755 3987 821 4042 τὰ
877 3985 1141 4043 σκάνδαλα
1183 3984 1266 4040 διὰ
1335 3991 1434 4052 τῆς
1473 3987 1701 4049 πίστεως
1751 3985 1950 4052 ἕξουσιν

298 4079 634 4154 ἀντιστῆναι,
700 4072 779 4131 διὸ
835 4076 1256 4156 προσερχόμενοί
1311 4097 1462 4154 φασι.
1523 4075 1752 4153 Πρόσθες
1811 4076 1948 4149 ἡμῖν

298 4166 500 4238 πίστιν,
589 4163 944 4244 τελειστὲρυυς
1013 4163 1278 4230 ἀνάδειξον
1345 4166 1491 4239 ἡμᾶς
1547 4163 1602 4220 ἓν
1648 4170 1717 4240 τῇ
1773 4164 1946 4220 πίστει

296 4256 389 4310 καὶ
459 4252 849 4331 βεϐαιοτέρους.
911 4245 970 4311 Ὀ
1035 4251 1090 4308 δὲ
1153 4255 1338 4333 Κύριος
1433 4251 1680 4309 δεικνύων
1739 4253 1945 4331 αύτοτς,

294 4343 379 4399 ὅτι
435 4341 613 4404 καλῶς
663 4344 885 4412 αἰτοῦσι,
945 4345 1032 4398 καὶ
1093 4341 1171 4398 ὅτι
1217 4343 1411 4408 ταύτην
1440 4341 1540 4407 τὴν
1596 4340 1818 4419 γνώμην
1861 4338 1946 4397 δεῖ

2055 1933 2276 1997 berelis
2305 1937 2481 1997 ﬁdem
2515 1937 2665 1998 sicut
2690 1956 2938 2012 granum
2977 1939 3223 2019 sinapis,
3243 1939 3540 2001 dixissetis
3561 1940 3700 2001 huic

2053 2023 2248 2085 arbori
2312 2025 2638 2106 sycamino,
2685 2026 3004 2089 Eradicare
3062 2039 3119 2088 et
3175 2030 3607 2107 transplantare
3638 2029 3695 2089 in

2056 2133 2245 2190 mare,
2280 2125 2336 2175 et
2357 2113 2661 2176 obedisset
2689 2116 2877 2179 vobis.
2909 2118 3048 2188 Quis
3068 2125 3263 2177 autem
3294 2126 3552 2179 vestrum
3589 2119 3696 2178 ha-

2047 2201 2196 2264 bens
2225 2221 2459 2265 servum
2479 2212 2740 2264 arantem
2773 2214 2870 2265 aut
2897 2215 3258 2286 pascentem,
3293 2210 3390 2287 qui
3423 2225 3697 2286 regresso

2047 2290 2118 2351 ab
2151 2309 2290 2369 agro
2323 2292 2520 2355 dicat:
2560 2292 2768 2353 Statim
2801 2295 2983 2354 transi
3034 2305 3087 2354 et
3121 2295 3432 2368 accumbe;
3459 2314 3529 2356 ac
3579 2314 3693 2356 non

2050 2380 2242 2458 potius
2272 2381 2414 2444 dicit
2447 2381 2718 2444 illi:Para
2741 2382 2897 2463 quod
2932 2391 3253 2456 ctenem,et
3285 2384 3578 2464 praecinge
3613 2396 3694 2464 te,

2047 2485 2117 2531 ac
2149 2469 2422 2531 ministra
2454 2470 2596 2530 mihi
2630 2472 2821 2531 donec
2845 2473 3027 2532 edero
3050 2481 3106 2532 et
3127 2472 3424 2547 biberu,et
3448 2491 3551 2552 pos
3568 2474 3695 2535 haec

2049 2558 2205 2619 edito
2243 2567 2300 2619 et
2330 2558 2514 2619 bibito
2545 2561 2635 2619 tu?
2665 2559 2814 2620 Num
2847 2563 3091 2638 gratiam
3154 2561 3326 2621 habet
3374 2579 3546 2622 servo
3579 2563 3690 2635 illi,

2043 2649 2181 2727 quia
2213 2648 2347 2708 fecit
2368 2667 2498 2728 quae
2520 2649 2807 2728 imperata
2830 2649 3092 2710 fuerant?
3131 2651 3260 2715 Non
3321 2659 3478 2729 puto.
3517 2649 3613 2712 Sic
3638 2661 3699 2712 et

2041 2749 2147 2798 Vos
2185 2755 2319 2797 cum
2351 2738 2609 2800 feceritis
2639 2740 2838 2799 omnia
2867 2759 2999 2818 quae
3017 2749 3310 2820 praecepta
3335 2748 3474 2800 sunt
3503 2740 3689 2814 vobis,

2044 2825 2242 2887 dicite:
2269 2827 2433 2887 Servi
2467 2827 2708 2888 inutiles
2732 2848 2934 2888 sumus
2969 2846 2981 2890 :
3009 2828 3164 2908 qued
3197 2828 3515 2890 debuimus
3542 2830 3693 2891 face-

2042 2915 2479 2988 cere,fecimus.
2495 2916 3135 2995 »Apostolicredehant
3153 2916 3392 2995 quidem
3414 2919 3716 2997 Domino,.

2043 3020 2244 3063 verum
2279 3012 2473 3064 tamen
2503 3023 2636 3065 cum
2672 3007 2967 3066 venissent
2991 3005 3049 3065 in
3073 3005 3500 3067 conscientiam
3522 3007 3688 3067 inﬁr-

2045 3091 2259 3152 mitatis
2277 3102 2485 3167 suae,et
2503 3093 2864 3154 audivissent
2884 3093 3198 3156 Dominum
3226 3094 3301 3154 de
3320 3096 3544 3172 magnis
3565 3097 3683 3175 qui

2043 3179 2291 3241 busdam
2316 3181 2428 3242 sibi
2459 3183 2750 3244 dicentem
2781 3192 2836 3242 et
2858 3183 2932 3244 de
2966 3183 3230 3262 periculo
3261 3183 3334 3243 ab
3367 3183 3686 3244 offendicu-

2039 3267 2134 3338 lis,
2171 3278 2491 3349 precantur
2536 3277 2594 3330 et
2644 3280 2924 3350 augeatur
2948 3272 3005 3332 in
3030 3271 3114 3332 eis
3150 3272 3284 3332 ﬁdei
3339 3274 3544 3352 virtus,
3583 3292 3688 3352 per

2036 3375 2212 3439 quam
2241 3359 2467 3438 possint
2491 3360 2615 3420 haec
2636 3380 2766 3439 quae
2787 3361 2932 3420 dicit
2974 3361 3200 3440 perﬁci,
3235 3360 3309 3421 de
3342 3370 3686 3439 paupertate

2037 3446 2498 3509 videlicet.Nihil
2534 3449 2689 3508 enim
2720 3451 2867 3510 adeo
2920 3451 2992 3510 ad
3027 3457 3432 3530 paupertatem
3467 3452 3542 3511 de
3572 3469 3688 3530 qua

2037 3535 2318 3616 loquitur,
2355 3537 2775 3617 perficiendam
2810 3539 3116 3618 conducit,
3147 3549 3320 3618 atque
3351 3537 3601 3600 credere
3631 3550 3688 3600 ct

2037 3626 2342 3686 conﬁdere
2373 3625 2524 3688 Deo:
2562 3626 3060 3706 quemadmodum
3097 3628 3240 3688 nihil
3274 3627 3353 3688 ita
3377 3627 3517 3689 facit
3550 3629 3683 3689 the-

2036 3732 2240 3776 sauros
2260 3732 2574 3794 reponere,
2611 3726 2671 3776 ut
2703 3733 2820 3777 non
2857 3717 3107 3778 credere
3137 3716 3293 3796 quod
3327 3734 3572 3794 magnus
3605 3718 3689 3778 sit

2043 3805 2450 3867 tliesaurarius
2478 3799 2662 3878 Deus,
2693 3812 2752 3868 et
2781 3806 3193 3867 inexhaustum
3216 3805 3682 3885 promptuat‘ium

2039 3892 2273 3953 bonitas
2297 3893 2449 3973 ejus.
2484 3893 2734 3972 Insuiier
2757 3903 2819 3955 ut
2863 3904 2920 3955 et
2967 3893 3339 3955 olfendiculis
3370 3912 3476 3973 per
3504 3894 3681 3956 ﬁdem

2036 3980 2326 4042 obsistere
2373 3983 2619 4062 possint,
2650 3983 2784 4043 ideo
2843 3983 3196 4044 accedentes
3245 3981 3488 4043 dicunt:
3525 3987 3683 4062 Auge

2037 4068 2210 4129 nobis
2249 4070 2455 4141 ﬁdem,
2493 4071 2581 4130 fac
2635 4090 2740 4131 nos
2780 4070 3168 4151 perfectiores
3211 4078 3263 4130 et
3297 4070 3591 4132 ﬁrmiores
3624 4073 3680 4132 in

2033 4157 2167 4219 ﬁde.
2191 4158 2480 4219 Dominus
2509 4168 2705 4220 autem
2741 4161 3062 4220 ostendens
3092 4159 3176 4220 eis
3210 4158 3363 4238 quod
3399 4160 3549 4220 bene
3573 4179 3680 4242 pv-

2035 4252 2172 4306 tant.
2189 4255 2246 4307 et
2268 4247 2422 4326 quod
2450 4249 2602 4308 hanc
2626 4257 2883 4310 mentem
2909 4248 3157 4310 ﬁrmiter
3179 4246 3400 4308 habere
3422 4248 3682 4309 debeant

2030 4334 2105 4394 de
2125 4335 2243 4410 fide
2269 4342 2331 4395 ut
2355 4337 2604 4397 multum
2639 4336 2867 4396 eﬁicaci
2900 4335 3133 4397 dicit:Si
3153 4334 3453 4396 haberetis
3474 4336 3675 4410 ﬁdem,

294 4433 483 4494 αὖτοὺς
568 4429 715 4510 ἔχειν
787 4428 1000 4506 βεϐαίαν
1062 4433 1176 4508 περὶ
1232 4429 1329 4496 τῆς
1359 4429 1586 4493 πίστεως
1616 4431 1688 4493 ὡς
1735 4427 1941 4507 μεγάλα

2051 4431 2196 4483 stam
2246 4426 2609 4504 sycaminum
2660 4425 3355 4504 transplantassetis.Duo
3384 4433 3580 4484 autem
3617 4425 3672 4486 in

290 4519 613 4594 δυναμένης,
685 4521 864 4599 φησὶν,
901 4519 1006 4597 ὅτι,
1044 4521 1100 4576 Ei
1132 4518 1314 4598 εἴχετε
1359 4519 1558 4598 πίστιν,
1608 4520 1697 4574 καὶ
1746 4519 1944 4584 ταύτην

291 4608 358 4663 ἄν
412 4609 510 4676 τὴν
567 4609 854 4682 συκάμινον
926 4609 1330 4686 μετεφυτεύετε.
1387 4609 1487 4663 Δύο
1543 4605 1595 4662 δὲ
1655 4607 1709 4663 ἐν
1767 4607 1942 4681 ταύτῷ

290 4699 360 4754 τὰ
419 4696 652 4774 μεγάλα,
722 4697 782 4753 τό
827 4719 885 4752 τε
930 4701 1349 4771 μετακινηθῆναι
1388 4698 1450 4754 τὸ
1493 4697 1630 4753 κατὰ
1659 4701 1761 4774 γῆς
1799 4693 1942 4774 ἐῤῥι-

287 4786 549 4865 ζωμένον,
625 4787 822 4844 καὶτὸ
896 4789 951 4842 ὲν
1020 4791 1088 4852 τῆ
1172 4785 1411 4863 θαλάσσῃ
1468 4788 1936 4866 μεταφυτευθῇναι’

286 4876 348 4932 ἓν
400 4872 546 4931 ὕδατι
619 4877 719 4954 γὰρ
774 4876 825 4931 τί
854 4875 914 4934 ἄν
946 4877 1218 4952 φυτευθείη
1257 4894 1272 4948 ς
1324 4874 1500 4942 Δῆλον
1531 4874 1584 4930 δὲ
1629 4874 1709 4930 ὃτι
1739 4873 1823 4930 διὰ
1851 4874 1942 4931 τοῦ

283 4971 454 5021 ταῦτα
508 4966 700 5022 εἰπεῖν’
777 4966 877 5032 τὴν
931 4970 1027 5031 τῆς
1114 4965 1340 5028 πίστεως
1417 4962 1640 5020 δείκνυσι
1697 4961 1940 5037 δύναμιν,

285 5053 447 5132 Τάχα
478 5050 524 5109 δ’
557 5053 620 5109 ἄν
648 5076 728 5119 τις
761 5052 1074 5132 ἆλληγορῶν
1110 5055 1208 5120 τὴν
1258 5053 1570 5129 συκάμινον,
1620 5051 1766 5109 ε’ίποι
1798 5055 1936 5108 εἶναι

2029 4513 2139 4576 hoc
2174 4532 2382 4589 magna
2407 4522 2563 4586 sunt,
2599 4532 2818 4590 nempe
2880 4513 2938 4573 in
2986 4513 3166 4572 alium
3211 4513 3405 4573 locum
3454 4519 3675 4576 moveri

2026 4601 2348 4664 radicatam
2379 4602 2434 4662 in
2467 4615 2648 4682 terra,
2679 4610 2735 4664 et
2768 4601 3017 4683 plantari
3083 4601 3141 4661 in
3203 4601 3371 4662 mari.
3436 4604 3498 4664 In
3528 4620 3681 4683 aqua

2029 4690 2186 4753 enim
2214 4690 2492 4770 quidnam
2529 4689 3231 4770 plantatur?.\lanilestum
3261 4701 3457 4751 autem
3492 4693 3676 4771 quod,

2025 4781 2167 4841 dtim
2203 4780 2328 4840 haac
2360 4778 2522 4846 dicit.
2561 4780 2697 4841 ﬁdei
2734 4789 3018 4841 monstrat
3049 4779 3354 4840 virtutem.
3390 4781 3677 4842 Fortassis

2023 4877 2222 4932 autem
2258 4885 2364 4948 per
2389 4867 2730 4946 allegoriam
2764 4868 2894 4949 quis
2920 4866 3282 4948 sycaminmn
3319 4867 3677 4930 dixeritesse

2023 4955 2520 5036 diabolum,quorl
2547 4957 2717 5019 nobis
2743 4966 2946 5020 auctor
2969 4966 3029 5018 et
3052 4958 3329 5018 alumnus
3353 4959 3428 5019 sit
3463 4958 3676 5017 vermis

2023 5044 2508 5124 mterni,propter
2536 5046 2920 5124 cogitationes
2941 5064 3086 5126 quas
3117 5046 3217 5106 ille
3239 5055 3482 5125 generat
3514 5045 3676 5107 Folia

281 5143 378 5198 τὸν
436 5139 706 5216 διάϐολον,
778 5145 852 5208 ὡς
909 5153 1000 5202 τοῦ
1086 5144 1294 5198 αἰωνίου
1360 5141 1641 5208 σκώληκος
1686 5140 1935 5220 προξενον

2044 5137 2177 5198 enim
2209 5135 2491 5215 sycamini
2519 5153 2750 5196 vermes
2782 5146 3049 5216 pascunt,
3087 5137 3244 5196 unde
3275 5137 3422 5196 ﬁunt
3451 5135 3670 5198 serica.

281 5237 444 5307 ἡμῖν,
510 5237 596 5292 καὶ
651 5235 844 5316 τροφέα
902 5235 1178 5314 γινόμενον
1248 5233 1332 5290 διὰ
1385 5241 1491 5290 τῶν
1522 5233 1574 5300 ἐξ
1603 5238 1759 5293 αύτοῦ
1795 5256 1928 5313 φυο-

2044 5227 2182 5288 lanc
2216 5224 2393 5316 igitur
2419 5224 2788 5316 sycaminum
2846 5225 2993 5286 ﬁdes
3019 5225 3324 5316 eradicare
3353 5225 3492 5316 425
3523 5226 3674 5286 valet

280 5323 458 5384 μένων
511 5311 805 5403 λογισμῶν,
852 5311 950 5392 της
1006 5325 1104 5404 γὰρ
1136 5324 1423 5400 συκαμίνου
1450 5325 1516 5380 τὰ
1558 5322 1726 5405 φύλλα
1779 5311 1929 5378 σκώ-

2044 5336 2083 5377 ex
2109 5313 2289 5375 cordc
2321 5311 2603 5386 humano,
2641 5322 2699 5374 et
2746 5314 2804 5375 in
2857 5333 3018 5374 mare
3051 5313 3366 5392 projicere,
3413 5314 3525 5374 hoc
3559 5323 3670 5393 est,

280 5414 454 5480 ληκας
521 5399 788 5495 τρέφουσι,
849 5411 920 5470 δι’
976 5399 1051 5470 ὧν
1079 5399 1159 5472 ἰτὰ
1188 5399 1382 5493 σηρικὰ
1425 5399 1636 5490 νήματα
1668 5415 1922 5494 γίνονται.

2044 5427 2072 5467 n
2103 5403 2377 5495 abyssum
2405 5399 2762 5495 perdereEt
2786 5403 2922 5495 quia
2946 5404 3070 5486 hinc
3094 5402 3241 5495 dicit
3273 5403 3345 5495 d‘e
3377 5402 3671 5495 ﬁdeisub-

277 5502 490 5571 Ταύτην
697 5505 795 5572 τὴν
843 5505 1132 5581 συκάμινον
1181 5505 1215 5572 ἡ
1262 5488 1448 5567 πίστις
1496 5488 1714 5559 δύναται
1773 5501 1922 5578 ἐκρι-

2052 5488 2440 5556 itdoctrinam
2459 5489 2630 5552 aliam
2651 5492 2835 5573 magis
2859 5491 3491 5567 necessariamﬂualis
3506 5492 3668 5560 haec?

356 5663 418 5713 83
447 5663 662 5728 Matth.
698 5679 863 5746 xvm,
894 5661 994 5744 2t,
1026 5662 1127 5727 22.
