4126 6282
472 292 587 359 999
1453 290 1552 361 'l‘ll
1570 298 1755 363 EOPll
1770 288 2045 362 Yl..\CTI
2094 290 2492 362 BULGARLE
2540 288 2888 362 .ll’ttlliIEP.
3714 297 3873 364 1000

461 428 649 491 lantes
682 449 695 490 :
727 431 881 493 sicut
916 440 1255 511 peceatores
1286 448 1513 511 graves,
1548 431 1649 512 qui
1688 444 1746 493 et
1793 430 1944 492 int‘m
1997 451 2089 492 re-

2180 432 2470 509 τ)υτέστιν,
2529 432 2660 494 ὅπου
2704 437 2731 493 ὁ
2789 439 2911 500 Υἱὸς
2964 436 3057 494 τοῦ
3110 430 3407 516 ἀνθρώπου,
3474 435 3591 495 ἐκεῖ
3646 439 3874 507 πάντες

461 517 822 599 linquentur.
857 520 1002 581 Nam
1058 522 1209 581 sicut
1248 521 1491 599 jacente
1544 521 1851 595 cadavere,
1899 541 2089 583 omne:

2196 528 2246 581 οἱ
2302 525 2447 604 ἅγιοι
2502 529 2549 582 οἱ
2592 526 2776 606 κοῦφοι
2836 529 2924 584 καὶ
2953 529 3261 608 ὑψιπετεῖς,
3292 529 3364 594 ὡς
3397 526 3517 607 οἵγε
3550 520 3845 606 ἀμαρτωλο

460 609 783 671 carnivoraa
812 612 1077 672 volucres
1109 610 1383 671 advolant
1418 628 1430 670 :
1470 609 1547 670 ita
1580 618 1638 670 et
1668 609 1763 670 ubi
1802 611 1980 672 Filius
2003 611 2089 671 ho-

2190 616 2399 691 βαρεῖς,
2433 616 2513 671 διὸ
2544 618 2633 673 καὶ
2681 619 2831 674 κάτω
2891 618 3151 697 ἀφίενται,
3196 615 3404 697 ’Ὥσπερ
3456 619 3543 675 καὶ
3585 618 3837 697 σώματος

462 698 636 758 minis
660 710 901 778 propter
927 718 1033 760 nos
1068 708 1421 771 mortuus,et
1451 699 1508 758 in
1533 717 1731 759 casum
1760 699 2002 779 positus,
2033 700 2089 761 dt

2188 711 2373 781 νεκροῦ
2421 705 2695 786 κειμένου,
2752 695 2949 771 πάντες
3031 708 3078 763 οἱ
3154 695 3469 786 σαρκοϐόροι
3523 704 3689 784 ὄρνεις
3746 695 3844 761 ἔπ’

460 785 607 846 caelo
629 789 991 867 apparuerit,
1022 808 1230 849 omnes
1254 788 1445 850 sancii
1477 788 2011 864 congregabuntur,
2049 804 2089 850 ei

2194 792 2319 849 αὐτὸ
2363 792 2633 873 φέρονται,
2696 795 2835 852 οὕτω
2889 798 2978 852 καὶ
3030 802 3121 852 τοῦ
3159 800 3280 853 Υἱοὺ
3307 803 3400 854 τοῦ
3434 796 3707 876 ἀνθρώπου
3763 795 3864 851 τοῦ

461 874 568 952 ipsi
602 877 971 951 angeli.Cum
1008 877 1125 936 illis
1168 877 1366 938 veniet
1398 877 1454 935 in
1487 876 1680 954 gloria
1712 874 1925 951 Patris,
1959 884 2018 937 et
2046 876 2105 936 in

460 963 778 1043 Splendore
812 964 1101 1027 indirihili
1135 986 1147 1027 :
1175 966 1314 1027 licet
1346 966 1502 1025 enim
1533 974 1766 1043 tempus
1790 965 1933 1025 illud
1962 986 2104 1027 noc—

461 1063 577 1112 tem
612 1054 826 1127 vocari,
863 1073 934 1115 eo
967 1055 1119 1134 quod
1178 1055 1555 1133 repentinum
1602 1065 1661 1114 et
1711 1052 2102 1131 inopinatum,

462 1142 545 1200 vel
580 1145 716 1220 quia
769 1144 1033 1204 tenebris
1084 1143 1455 1203 involventur
1508 1153 1873 1220 pecca'ores,
1909 1141 2054 1202 dixit
2089 1165 2101 1205 :

456 1228 637 1290 Justis
671 1232 763 1291 lux
799 1233 1045 1304 orietur,
1082 1232 1201 1292 imo
1236 1244 1288 1290 et
1326 1231 1435 1311 ipsi
1465 1230 1771 1308 fulgebunt
1800 1231 1952 1293 sicut
1991 1233 2102 1293 sol.

2192 879 2259 937 δι’
2320 883 2465 956 ἡμᾶς
2488 952 2493 957 ἡ
2524 884 2894 963 νεκρωθέντος,
2949 886 3035 941 καὶ
3089 886 3162 947 εἰς
3207 893 3409 943 πτῶσιν
3450 885 3710 958 τεθέντος,
3757 881 3857 939 ἀπ’

2192 974 2426 1048 οὐρανῶν
2501 974 2778 1052 φανέντος,
2840 974 3032 1039 πάντες
3092 977 3141 1031 οἱ
3199 975 3340 1054 ἅγιοι
3398 977 3853 1054 συναχθήσονται,

2190 1061 2278 1115 καὶ
2338 1060 2483 1118 αύτοὶ
2543 1066 2589 1119 οἱ
2641 1061 2905 1142 ἄγγελοι·
2958 1064 3073 1139 μετ’
3134 1068 3305 1122 αὐτῶν
3362 1065 3462 1143 γὰρ
3514 1062 3623 1132 ἥξει
3689 1063 3743 1118 ἓν
3782 1062 3855 1128 τῖλ

2190 1146 2312 1225 δόξῃ
2371 1157 2464 1206 τοῦ
2523 1153 2753 1230 Πατρὸς,
2798 1155 2886 1208 καὶ
2929 1155 2982 1209 ἔν
3027 1151 3238 1231 ἀρρήτῳ
3288 1153 3483 1231 αἴγλῃ.
3521 1154 3575 1210 Ei
3604 1153 3703 1231 γὰρ
3765 1150 3855 1205 καὶ

2189 1238 2348 1293 νύκτα
2387 1239 2639 1314 ὠνόμασε
2672 1243 2766 1297 τὸν
2792 1241 2972 1319 καιρὸν
3005 1241 3234 1316 ἐκεῖνον,
3268 1240 3405 1297 ἀλλὰ
3435 1240 3518 1297 διὰ
3547 1243 3609 1297 τὸ
3654 1242 3856 1316 ἀπροσ-

456 1319 713 1397 δόκητον,
748 1322 833 1375 καὶ
866 1322 949 1376 διὰ
978 1324 1037 1376 τὸ
1072 1335 1179 1381 τοῖς
1217 1320 1559 1397 ἁμαρτωλοῖς
1595 1319 1790 1394 μέλλον
1822 1322 2200 1399 προσγενέσθαι
2232 1327 2443 1403 σκότος,
2480 1340 2633 1389 τοῦτο
2664 1329 2873 1410 εἴρηκε·
2909 1346 3028 1395 τοῖς
3057 1334 3155 1410 γὰρ
3183 1329 3403 1394 δικαίοις
3436 1332 3548 1411 φῶς
3572 1328 3851 1408 ἀναπλεῖ,

700 1368 713 1397 3

461 1409 664 1485 μᾶλλον
699 1407 751 1463 δὲ
788 1413 870 1465 καὶ
905 1413 1047 1466 αὐτοὶ
1080 1411 1442 1485 ἐκλάμψουσιν
1471 1413 1543 1472 ὡς
1578 1413 1603 1463 ὃ
1638 1408 1810 1475 ἥλιος,

1017 1513 1262 1577 CAPUT
1308 1514 1518 1579 XVIll.

2821 1537 3070 1592 ΚΕΦΑΛ,
3118 1530 3207 1586 ΙΗ¹
3225 1578 3237 1592 ,

456 1606 623 1703 Qupd
673 1606 912 1696 assidue
969 1607 1291 1703 orandum.
1356 1605 1444 1703 De
1503 1609 1987 1703 injustoiiudicc.
2021 1611 2089 1670 Πι

2192 1622 2326 1703 Περὶ,
2373 1623 2466 1703 τοῦ
2518 1623 2599 1679 ἀεὶ
2655 1624 3063 1702 προσεύχεσθαι.
3151 1629 3272 1703 Περί
3343 1630 3466 1703 τοῦ,
3505 1633 3684 1703 κριτοῦ
3751 1631 3847 1687 τῆς

537 1685 847 1745 lerisaeo
907 1694 966 1747 et
1013 1689 1361 1764 publicano.
1406 1690 1490 1747 De
1535 1689 1794 1765 puerilis
1845 1706 2104 1765 quorum
2133 1692 2167 1741 Β

526 1773 616 1825 est
639 1782 890 1844 regnum
931 1766 1060 1827 Dei.
1102 1766 1186 1827 De
1217 1767 1632 1845 interpellante
1667 1767 2002 1831 Christum.
2029 1769 2107 1831 De

535 1846 783 1924 leprow.

530 2025 842 2088 West-8.
879 2026 1156 2088 «Dicebat
1190 2043 1388 2089 autem
1425 2038 1482 2089 et
1515 2029 1853 2109 parabolam
1876 2031 1947 2091 ad
1969 2031 2101 2091 illos

2270 1699 2492 1782 ἀδικίας.
2545 1699 2827 1782 ,Περὶ-τοῦ
2857 1699 3183 1781 ’.Φαρισαίου
3228 1699 3325 1760 ⁷καὶ
3394 1701 3645 1782 τελώνου.
3723 1704 3847 1780 Περὶ

2269 1781 2375 1836 τῶν
2427 1780 2681 1857 παιδίων,
2742 1783 2822 1839 ὅτι
2886 1780 3055 1842 «eam
3137 1782 3277 1839 ἐστιν
3336 1784 3370 1851 ἡ
3450 1780 3688 1858 βασιλεία
3750 1791 3848 1839 τοῦ

2270 1867 2425 1921 Θεοῦ.
2506 1866 2630 1942 Περὶ
2715 1866 2808 1919 τοῦ
2900 1865 3334 1942 ἐπερωτήσαντος
3435 1864 3525 1918 τὸν
3608 1859 3835 1928 Ἰησοῦν.

2273 1943 2393 2014 Περὶ
2422 1942 2515 1998 τοῦ
2544 1941 2762 2021 λεπροῦ.

2280 2061 2301 2089 α
2341 2036 2554 2116 ’Ἔλεγε
2585 2036 2638 2094 δὲ
2693 2036 3004 2115 παραϐολὴν
3049 2039 3230 2101 αὐτοῖς
3264 2039 3392 2114 πρὸς
3422 2038 3480 2092 τὸ
3510 2034 3623 2093 δεῖν
3656 2037 3846 2097 αὐτοὺς

453 2119 565 2176 huc
599 2117 1159 2196 spectautem,quod
1191 2129 1493 2196 oporteret
1525 2138 1764 2198 semper
1794 2137 1970 2180 orare
1994 2137 2089 2179 net

2191 2126 2418 2182 πάντοτε
2484 2129 2891 2207 προσεύχεσθαι,
2961 2129 3049 2183 καὶ
3137 2127 3215 2205 μὴ
3276 2130 3549 2199 εκκακεῖν,
3621 2124 3791 2201 λέγων
3826 2145 3844 2159 ·

452 2204 786 2280 defatigari,
813 2204 1019 2265 dicens
1045 2227 1059 2265 :
1089 2203 1278 2265 Judex
1328 2207 1565 2285 quidam
1600 2217 1727 2267 erat
1760 2207 1815 2265 in
1851 2206 2089 2285 quadau

2191 2216 2370 2293 κριτής
2400 2237 2480 2280 τις
2511 2214 2576 2282 ἦν
2608 2215 2662 2271 ἕν
2708 2238 2810 2272 τινι
2874 2216 3032 2273 πόλει
3083 2219 3172 2272 τὸν
3225 2218 3352 2272 Θεὸν
3384 2216 3461 2290 μὴ
3495 2210 3846 2294 φοϐούμενος,

447 2294 704 2371 civitate,
728 2299 827 2375 qui
861 2295 1044 2356 Deum
1084 2316 1197 2355 non
1235 2294 1502 2371 timebat,
1534 2316 1644 2357 nec
1677 2297 1979 2357 hominem
2016 2316 2107 2358 re-

448 2381 986 2445 verehatur.Vidua
998 2391 1192 2444 autem
1210 2402 1243 2456 q
1257 2384 1479 2444 uaadam
1504 2395 1625 2446 erat
1641 2386 1698 2445 in
1716 2385 1949 2447 civitate
1965 2384 2087 2460 illa,

445 2484 503 2536 et
534 2475 802 2536 veniebat
824 2476 897 2535 ad
931 2494 1066 2535 eum
1098 2474 1339 2537 dicens:
1375 2477 1624 2539 \‘indira
1658 2495 1754 2537 me
1776 2478 1852 2538 de
1871 2476 2083 2538 adver-

444 2565 600 2624 sario
625 2583 780 2624 meo.
816 2563 883 2624 Et
912 2563 1147 2624 nolebat
1176 2564 1539 2642 aliquandiu.
1567 2568 1700 2625 Post
1731 2567 1857 2626 haec
1884 2575 2078 2626 autem

443 2652 590 2712 dixit
636 2652 789 2712 intra
825 2670 889 2713 se
924 2651 1313 2732 :Quanquam
1348 2652 1531 2716 Deum
1559 2672 1674 2713 non
1730 2654 1932 2734 timeo,
1968 2674 2077 2717 nec

442 2741 745 2801 hominem
774 2758 1070 2814 revereor,
1111 2749 1304 2800 tamen
1337 2744 1473 2820 quia
1507 2741 1752 2804 molesta
1802 2751 1890 2803 est
1941 2742 2085 2803 mihi

442 2830 567 2889 haec
599 2828 1105 2901 vidua,vindicabo
1139 2829 1407 2901 illam,ne
1442 2831 1683 2890 tandem
1712 2831 1959 2890 veniens
1995 2849 2089 2891 su-

441 2921 606 2997 gillet
629 2940 744 2983 me.
779 2920 873 2981 Ait
902 2929 1097 2981 autem
1126 2922 1411 2982 Dominus
1444 2942 1458 2981 :
1490 2923 1705 2984 Audite
1730 2923 1875 3003 quid
1899 2922 2089 3001 judex

364 3074 367 3075 ν
444 3009 849 3089 iniquusdicat
882 3011 1036 3071 Deus
1066 3021 1263 3070 autem
1293 3029 1409 3070 non
1434 3010 1606 3072 faciet
1636 3012 1950 3072 vindictam
1974 3012 2089 3073 ele-

2180 3024 2271 3087 τῆς
2323 3017 2525 3082 ἀδικίας
2579 3019 2722 3097 λέγει
2756 3037 2768 3050 ⁸

441 3109 670 3161 ctorqu
700 3117 939 3158 suorum
975 3098 1350 3160 clamantium
1380 3100 1449 3159 ad
1481 3118 1544 3160 se
1570 3101 1662 3160 die
1700 3119 1767 3161 ac
1811 3116 1987 3163 noete
2018 3120 2087 3162 e--

440 3189 576 3249 tiam
601 3207 733 3249 cum
760 3189 990 3268 patiens
1010 3189 1189 3249 fuerit
1211 3206 1391 3268 super
1414 3188 1565 3249 illis?
1584 3190 1723 3252 Dico
1747 3190 1911 3251 vobis
1928 3191 2085 3270 quod

438 3276 613 3339 faciet
635 3278 951 3338 vindictam
976 3278 1209 3338 illorum
1236 3277 1373 3337 cito.
1410 3280 1625 3339 Verum
1674 3288 1870 3340 tamen
1901 3279 2086 3340 Filius

440 3368 696 3428 hominis
718 3386 851 3427 cum
887 3368 1137 3442 venerit,
1186 3386 1262 3427 an
1312 3377 1659 3447 reperturus
1688 3378 1779 3428 est
1809 3369 1988 3429 ﬁdem
2022 3369 2083 3429 in

440 3456 660 3518 terra?»
696 3458 1012 3535 Postquam
1050 3456 1410 3519 mentionem
1442 3458 1584 3518 fecit
1607 3458 1995 3518 afflictionum
2028 3460 2089 3520 et

439 3545 860 3626 periculorum,
888 3563 1044 3604 nunc
1074 3544 1273 3604 subdit
1304 3545 1601 3624 quomodo
1635 3547 1695 3605 in
1742 3547 1856 3606 illis
1889 3546 2085 3607 salve-

439 3636 892 3695 inur.Curantur
923 3633 1081 3693 enim
1133 3634 1394 3693 oratione
1428 3643 1843 3712 perseverante
1871 3641 1928 3694 et
1957 3632 2082 3695 sol-

437 3724 615 3785 licita.
641 3721 784 3782 Nam
812 3730 1058 3782 ventura
1080 3730 1218 3781 sunt
1243 3722 1369 3781 hanc
1400 3722 1918 3785 omnia.Caaterum
1955 3741 2083 3783 ma-

436 3831 613 3889 gnum
637 3811 919 3873 auxilium
942 3810 999 3870 in
1035 3810 1127 3871 his
1148 3811 1261 3871 fert
1283 3812 1562 3891 precatio,
1592 3814 1767 3872 modo
1801 3828 2089 3891 perseve-

436 3919 570 3961 rans
598 3902 669 3960 sit
690 3908 750 3959 et
775 3901 1076 3962 continua.
1110 3897 1351 3978 Oportet
1374 3901 1532 3960 enim
1570 3920 1679 3962 nos
1700 3900 2087 3962 considerare

435 3989 730 4069 quomodo
758 3989 815 4048 in
815 3988 961 4069 justi
979 3988 1200 4066 iudicis
1222 3990 1604 4068 pertinaciam
1625 3991 1765 4051 452
1797 3989 2084 4051 sedulitas

435 4076 963 4157 viduaefregeritSi
987 4079 1143 4140 enim
1159 4078 1324 4138 illum
1341 4080 1502 4139 omni
1524 4081 1741 4141 malitia
1762 4079 2082 4159 repletum,

437 4187 627 4248 neque
656 4170 841 4230 Deum
875 4186 1066 4247 neque
1093 4167 1363 4228 homines
1380 4179 1771 4241 reverentem,
1797 4187 2083 4249 perseve-

2190 2304 2278 2358 καί
2323 2302 2591 2381 ἄνθρωπον
2661 2306 2739 2380 μὴ
2793 2304 3195 2383 ἐντρεπόμενος,
3243 2306 3392 2383 Χήρα
3443 2301 3497 2358 δέ
3540 2325 3619 2364 τις
3663 2306 3729 2370 ἦν
3791 2303 3847 2356 ἓν

2187 2393 2362 2467 εκείνη
2410 2393 2479 2468 τῇ
2532 2392 2707 2471 πόλει,
2766 2396 2852 2449 καὶ
2910 2392 3113 2472 ἤρχετο
3170 2395 3300 2473 πρὸς
3377 2393 3532 2451 αὐτὸν
3586 2391 3838 2469 λέγουσα,

2174 2476 2485 2548 Ἐκδίκησόν
2561 2504 2628 2556 με
2687 2482 2792 2538 ἀπὸ
2836 2485 2927 2538 τού
2988 2480 3249 2541 ἀντιδίκου
3302 2506 3425 2557 μου,
3460 2484 3555 2539 Καὶ
3585 2483 3678 2537 οὐκ
3707 2481 3838 2547 ὴθέ-

2166 2566 2332 2635 λησεν
2387 2570 2471 2627 ἐπὶ
2503 2572 2718 2651 χρόνον,
2756 2572 2899 2626 Μετὰ
2945 2568 2999 2625 δὲ
3029 2578 3193 2628 ταῦτα
3224 2572 3376 2627 εἶπεν
3408 2571 3462 2626 ἐν
3493 2571 3661 2644 ἑαυτῷ
3699 2589 3710 2602 ⁶
3760 2576 3819 2629 Εἰ

2167 2661 2256 2718 καὶ
2296 2662 2387 2716 τὸν
2418 2662 2546 2717 Θεὸν
2588 2665 2648 2720 οὗ
2691 2660 2974 2741 φοϐοῦμαι,
3041 2663 3128 2718 καὶ
3185 2661 3455 2739 ἄνθρωπον
3499 2663 3594 2717 οὒκ
3636 2659 3817 2739 ἐντρέ-

2169 2771 2360 2824 πομαι,
2394 2749 2477 2806 διαί
2522 2773 2581 2827 γε
2613 2752 2672 2806 τὸ
2702 2752 2959 2831 παρέχειν
3004 2774 3094 2827 μοι
3124 2753 3321 2813 κόπους
3352 2751 3450 2817 τὴν
3481 2752 3660 2829 χήραν
3690 2750 3819 2805 ταύ-

2170 2861 2291 2915 την,
2345 2836 2611 2910 ἐκδικήσω
2681 2841 2870 2915 αὐτὴν,
2929 2842 3020 2897 ἵνα
3078 2842 3155 2917 μὴ
3208 2841 3286 2906 εἷς
3342 2839 3492 2903 τέλος
3551 2839 3821 2919 ἐρχομένη

2169 2928 2428 3004 ὑποπιὲζῃ
2456 2950 2544 3004 με,
2580 2930 2722 2985 Εἶπε
2751 2927 2806 2984 δὲ
2836 2933 2863 2985 ὁ
2896 2931 3081 3001 Κύριος
3116 2952 3128 2963 ·
3182 2928 3471 2987 Ἀκούσατε
3499 2952 3549 2984 τι
3579 2932 3608 2985 ὁ
3638 2931 3821 3008 κριτὴς

2819 3022 2846 3076 ὀ
2877 3019 2933 3076 δὲ
2964 3023 3094 3085 Θεὸς
3127 3024 3186 3078 οὗ
3213 3020 3291 3096 μὴ
3322 3021 3525 3096 ποιήσῃ
3571 3020 3670 3086 τὴν
3729 3019 3820 3074 ἐκ·

2171 3106 2377 3175 δίκησιν
2430 3114 2538 3164 τῶν
2583 3104 2845 3165 ἐκλεκτῶν
2888 3111 3043 3166 αύτοῦ
3085 3115 3191 3164 τῶν
3246 3110 3493 3185 βοώντων
3538 3109 3665 3184 πρὸς
3724 3109 3821 3162 αὖ·

2168 3199 2258 3253 τὸν
2309 3197 2511 3277 ἡμέρας
2569 3200 2655 3254 καὶ
2688 3201 2899 3279 νυκτὸς,
2930 3201 3018 3255 καὶ
3051 3202 3399 3276 μακροθυμῶν
3453 3197 3537 3254 ἔπ’
3582 3200 3765 3258 αὐτοῖς
3802 3216 3818 3267 ;

2167 3285 2309 3364 λέγω
2364 3288 2517 3361 ὑμῖν,
2551 3287 2631 3342 ὅτι
2664 3290 2878 3357 ποιήσει
2908 3289 3007 3355 τὴν
3040 3286 3303 3354 ἐκδίκησιν
3336 3288 3499 3343 αὐτῶν
3527 3287 3582 3339 ἒν
3624 3286 3808 3360 τάχει,

2171 3374 2315 3442 Πλὴν
2376 3379 2402 3447 ὁ
2458 3378 2572 3438 Υἱὸς
2641 3384 2733 3433 τοὺ
2787 3377 3060 3456 ἀνθρώπου
3106 3376 3269 3433 ἐλθὼν
3324 3376 3419 3453 ἆρα
3472 3373 3675 3447 εὑρήσει
3708 3370 3808 3435 τὴν

2168 3465 2341 3520 πίστιν
2384 3464 2467 3521 ἐπὶ
2510 3466 2606 3532 τῆς
2650 3468 2752 3543 γῆς
2785 3484 2801 3545 ς
2839 3489 2865 3521 ι
2920 3464 3141 3533 Ἐπειδὴ
3198 3464 3427 3540 θλιψεων
3452 3460 3807 3537 ἐμνημόνευσε

2167 3554 2255 3609 καὶ
2311 3551 2585 3628 κινδύνων,
2646 3553 2877 3635 ἓπιιρέρει
2932 3558 3018 3611 καὶ
3088 3556 3186 3622 τὴν
3260 3552 3532 3631 θεραπείαν
3587 3549 3809 3622 τούτων,

2168 3643 2202 3708 ἡ
2263 3638 2315 3696 δέ
2372 3641 2513 3697 ἐστιν
2569 3644 2601 3708 ἡ
2665 3643 2965 3721 προσευχὴ,
3029 3646 3114 3699 καῖ
3148 3646 3241 3701 οὐκ
3286 3641 3469 3703 ἀπλῶς
3513 3640 3813 3717 προσευχὴ,

2169 3726 2289 3783 ἀλλ’
2371 3731 2620 3803 ἒπίμονος
2689 3731 2777 3785 καὶ
2846 3728 3310 3807 μεμεριμνημένη.
3384 3727 3647 3783 Μέλλουσι
3720 3728 3818 3801 μὲν

2167 3818 2288 3896 γὰρ,
2350 3819 2500 3897 φησὶ,
2547 3824 2711 3873 ταῦτα
2762 3819 2932 3873 πάντα
2985 3831 3101 3881 τοῖς
3132 3818 3249 3872 τότε
3295 3815 3622 3892 συμϐαίνειν,
3683 3815 3817 3872 ἀλλὰ

2172 3906 2339 3984 μέγας
2382 3908 2575 3983 βοηθὸς
2620 3908 2750 3985 πρὸς
2811 3917 2975 3966 ταῦτα
3019 3908 3053 3974 ὴ
3087 3906 3386 3985 προσευχὴ,
3421 3906 3489 3972 ἢν
3549 3904 3817 3980 ἐπιμόνως

2167 3996 2255 4053 καὶ
2298 4001 2539 4075 συνεχῶς
2597 3999 2866 4052 ποιεῖσθαι
2910 3995 2994 4053 δεῖ
3036 3998 3178 4072 ὴμῃς
3224 3994 3552 4073 ἐννοοῦντας,
3585 3994 3697 4059 πῶς
3725 3996 3817 4050 τὸν

2166 4086 2352 4163 κριτὴν
2408 4086 2504 4153 τῆς
2564 4084 2767 4149 ἀδικίας
2810 4087 2845 4153 ὴ
2904 4092 3001 4154 τῆς
3062 4088 3241 4165 χήρας
3298 4083 3603 4163 προσεδρεία
3649 4105 3815 4139 κατε-

2167 4171 2498 4241 δυσώπησεν.
2552 4177 2606 4231 Εἰ
2650 4175 2748 4253 γὰρ
2801 4178 2985 4232 τούτον
3033 4177 3123 4231 τὸν
3168 4176 3345 4240 πάσης
3378 4174 3565 4235 κακίας
3594 4170 3814 4238 πεπλη-

436 4257 621 4317 rantis
652 4257 838 4317 oratio
870 4255 1191 4316 demulsit:
1218 4265 1434 4335 quanto
1470 4260 1653 4337 magis
1711 4278 1817 4319 nos
1850 4263 2083 4318 Patrem

2180 4263 2427 4342 ›ωμένον,
2486 4265 2574 4320 καὶ
2628 4266 2758 4344 πρὸς
2818 4266 2948 4321 Θεὸν
3002 4265 3089 4321 καὶ
3146 4265 3277 4343 πρὸς
3343 4263 3642 4340 ἀνθρώπους
3700 4262 3809 4317 ὰπ-

437 4345 863 4407 misericordiae
892 4344 1078 4405 Deum
1110 4354 1164 4405 et
1197 4346 1639 4409 miserationem
1684 4346 2081 4420 movebimus,

2180 4349 2572 4427 ιναιδεσάμενον
2643 4355 2677 4421 ἡ
2748 4354 2994 4433 καρτερία
3064 4352 3315 4428 ἐμάλαξε,
3402 4353 3553 4435 πόσῳ
3610 4349 3813 4426 μᾶλλον

433 4436 667 4496 etiamsi
698 4444 1017 4497 cunctetur
1050 4434 1351 4498 nonnihil?
1401 4435 1552 4498 Vide
1611 4448 1805 4499 autem
1851 4438 2088 4517 majoris

2180 4443 2328 4516 ἡμεῖς
2384 4444 2474 4497 τὸν
2506 4440 2706 4520 πατέρα
2737 4449 2827 4499 τοῦ
2856 4441 3033 4507 ἐλέους
3065 4443 3194 4498 Θεὸν
3252 4443 3357 4519 οὐχ
3397 4434 3683 4515 ἑλκύσομεν
3739 4441 3812 4500 εἷς

438 4525 673 4585 malitiae
703 4524 989 4585 indicium
1026 4542 1184 4599 esse,
1223 4544 1420 4605 neque
1481 4527 1749 4587 homines
1794 4527 2084 4594 revereri.

2180 4531 2380 4609 οἶκτον,
2425 4530 2521 4587 κᾶν
2565 4519 2878 4610 μακροθυμῇ
2920 4532 3049 4610 πρὸς
3108 4534 3167 4587 τὸ
3210 4531 3421 4609 παρόνς
3474 4519 3618 4608 ΗΟρα
3646 4526 3699 4583 δὲ
3733 4525 3813 4584 ὅτι

436 4617 624 4677 Deum
659 4615 818 4675 enim
847 4614 1016 4675 multi
1047 4633 1164 4674 non
1200 4616 1389 4688 tinen,
1416 4624 1672 4677 attamen
1706 4617 1977 4678 homines
1998 4636 2089 4679 re-

441 4713 740 4776 verentur,
769 4704 903 4764 ideo
936 4713 995 4765 et
1025 4703 1222 4764 minus
1243 4712 1509 4782 peccant:
1534 4707 1772 4785 quando
1800 4715 1997 4767 autem
2030 4717 2089 4769 et

435 4795 588 4874 apud
621 4794 896 4855 homines
935 4793 1068 4873 quis
1120 4791 1438 4872 impudens
1485 4794 1683 4868 luerit,
1721 4804 1861 4855 tunc
1891 4796 2086 4856 omnis

434 4883 674 4946 malitiae
701 4892 894 4944 vertex
918 4879 1408 4943 videtur.Idcirco
1453 4890 1513 4943 et
1548 4882 1836 4944 Dominus
1880 4893 2084 4964 postea

436 4974 650 5052 posuit,
678 4990 871 5051 neque
893 4970 1176 5032 hominen
1208 4971 1687 5052 reverens,quasi
1715 4972 1827 5032 huc
1846 4972 2075 5053 dicens,

430 5059 619 5122 Judex
650 5072 781 5123 erat
823 5059 1009 5121 Deum
1044 5079 1161 5121 non
1195 5061 1432 5135 timens,
1475 5070 1533 5121 et
1586 5061 1728 5140 quid
1756 5060 1890 5123 dico
1918 5062 2076 5142 quod

434 5152 621 5213 Deum
656 5169 771 5210 non
803 5147 1092 5211 timuerit?
1127 5150 1316 5226 majus
1356 5148 1594 5209 malitiae
1644 5148 1931 5212 indicium
1965 5152 2077 5212 ha-

432 5239 578 5312 buit,
612 5238 753 5319 quia
780 5256 976 5319 neque
1000 5238 1304 5298 hominem
1327 5238 1923 5302 reverebatur.Porro
1952 5241 2078 5301 haec

431 5327 707 5406 parabole
732 5346 838 5388 nos
860 5325 1218 5407 docet,quod
1241 5344 1398 5407 saepe
1410 5327 1667 5389 dicimus
1689 5328 1843 5391 inter
1863 5330 2079 5391 exhor-

434 5418 698 5491 tandum,
734 5435 809 5478 ne
840 5416 1227 5493 defatigemur
1276 5416 1334 5476 in
1375 5418 1675 5497 precibus.
1731 5416 1886 5480 Sane
1927 5420 2083 5481 sicut

433 5505 571 5565 alibi
602 5506 745 5567 dicit
772 5531 784 5563 :
816 5505 959 5577 Quis
990 5514 1247 5566 vestrum
1272 5508 1529 5568 amicum
1564 5508 1814 5579 habens,
1849 5518 1907 5571 et
1939 5526 2077 5569 cum

435 5594 658 5655 venerit
703 5605 758 5656 et
804 5595 1121 5675 pulsaverit
1150 5603 1346 5673 nocte,
1402 5597 1565 5659 illum
1602 5598 1931 5680 rejecturus
1961 5603 2080 5660 est?

2170 4623 2231 4676 τὸ
2290 4618 2428 4697 μηδὲ
2512 4621 2814 4700 ἀνθρώπους
2886 4623 3221 4701 αἰσχύνεσθαι
3303 4621 3542 4700 χείρονος
3626 4620 3813 4682 κακίας

2169 4706 2367 4786 δεῖγμα
2395 4727 2413 4745 °
2458 4711 2550 4764 τὸν
2590 4709 2687 4786 μὲν
2730 4711 2829 4789 γὰρ
2861 4712 2989 4766 Θεὸν
3019 4708 3208 4767 πολλοὶ
3241 4712 3300 4766 ού
3328 4706 3631 4788 φοϐοῦνται,
3672 4705 3814 4774 πλὴν

2167 4795 2286 4852 ἀλλ’
2343 4796 2645 4871 ἀνθρώπους
2703 4798 3067 4877 αἰσχύνονται,
3127 4795 3205 4852 διὸ
3252 4798 3339 4853 καὶ
3372 4797 3524 4864 ἧττον
3566 4796 3809 4872 ἁμαρτά·-

2166 4904 2359 4943 νουσιν.
2424 4877 2600 4945 ιὈταν
2657 4884 2712 4942 δὲ
2763 4888 2851 4943 καὶ
2901 4891 3030 4964 πρὸς
3086 4886 3387 4964 ἀνθρώπους
3436 4885 3807 4963 ἀπαναισχυν-

2165 4976 2343 5043 τήσειε
2400 4998 2503 5049 τις,
2566 4976 2783 5033 ἐνταῦθα
2840 4973 2940 5043 ἤδη
2995 4981 3093 5042 τῆς
3139 4977 3322 5039 κακίας
3374 4977 3408 5041 ὴ
3448 4975 3675 5052 κορυφή.
3712 4975 3807 5028 Διὸ

2162 5066 2248 5120 καὶ
2308 5066 2334 5118 ὃ
2394 5066 2579 5143 Κύριος
2635 5064 2849 5145 ὕστερον
2905 5064 3103 5122 τέθεικε
3159 5066 3242 5140 τὸ,
3305 5062 3573 5142 ἄνθρωπον
3604 5064 3682 5138 μὴ
3711 5061 3802 5117 ἐν-

2159 5153 2506 5232 τρεπόμενος,
2566 5142 2772 5211 ὠσανεί
2814 5161 2969 5211 τοῦτο
3026 5153 3196 5232 λέγων
3232 5172 3246 5187 ⁸
3312 5142 3443 5209 υΟτι.
3500 5153 3685 5230 κριτὴς
3738 5151 3803 5218 ἦν

2162 5243 2250 5297 τὸν
2308 5244 2437 5299 Θεὸν
2482 5243 2560 5318 μὴ
2605 5241 2952 5323 φοϐούμενος,
3004 5244 3091 5299 καὶ
3133 5242 3183 5299 τί
3216 5240 3354 5318 λέγω
3383 5247 3559 5316 τοῦτο,
3595 5241 3675 5297 ὃτι
3712 5242 3806 5306 τὸν

2162 5334 2291 5390 Θεὸν
2340 5334 2433 5389 οὐκ
2475 5330 2722 5413 ἐφοϐεῖτο
2754 5353 2769 5403 ;
2800 5335 2862 5390 τὸ
2920 5340 3104 5409 μεῖζον
3155 5332 3283 5411 εἷχε
3325 5329 3520 5411 δεῖγμα
3564 5329 3661 5398 τῆς
3699 5354 3805 5387 κα-

2160 5422 2304 5496 κίας,
2363 5420 2443 5477 ὅτι
2489 5421 2603 5479 οὐδὲ
2633 5422 2907 5502 ἄνθρωπον
2949 5424 3238 5502 ᾐσχύνετο.
3298 5430 3472 5480 Ταῦτα
3494 5421 3598 5496 μὲν
3627 5421 3715 5477 οὖν
3772 5422 3807 5488 ἡ

2161 5506 2441 5588 παραϐολὴ
2491 5511 2634 5585 ἡμᾶς
2669 5509 2920 5584 διδάσκει,
2967 5513 3041 5574 ὡς
3089 5508 3349 5573 πολλάκις
3382 5508 3633 5585 εἴπομεν,
3679 5531 3809 5565 νου-

2160 5602 2380 5654 θετοῦσα
2432 5597 2511 5674 μὴ
2569 5597 2817 5655 ἔκκακεῖν
2861 5597 2913 5654 ἐν
2970 5604 3092 5662 ταῖς
3121 5610 3478 5677 προσευχαῖς,
3498 5596 3805 5675 ὧιωιρδῦν
